  <div class='ocr_page' id='page_1' title='image "/cluster/home/n/w/nwhite01/storage/ocr_20150623/34/coo.31924054869312/136.png"; bbox 0 0 4016 6490; ppageno 0'>
   <div class='ocr_carea' id='block_1_1' title="bbox 254 428 3599 517">
    <p class='ocr_par' dir='ltr' id='par_1_1' title="bbox 254 428 3599 517">
     <span class='ocr_line' id='line_1_1' title="bbox 254 428 3599 517; baseline 0.009 -32"><span class='ocrx_word' id='word_1_1' title='bbox 254 428 338 485; x_wconf 66' lang='grc' dir='ltr'><strong>ἓιῦ</strong></span> <span class='ocrx_word' id='word_1_2' title='bbox 1600 447 2239 506; x_wconf 80' lang='lat' dir='ltr'><strong>APOPIITHEGMATA.</strong></span> <span class='ocrx_word' id='word_1_3' title='bbox 3491 461 3599 517; x_wconf 60' lang='lat'><strong>246</strong></span> 
     </span>
    </p>
   </div>
   <div class='ocr_carea' id='block_1_2' title="bbox 255 552 1888 648">
    <p class='ocr_par' dir='ltr' id='par_1_2' title="bbox 255 552 1888 648">
     <span class='ocr_line' id='line_1_2' title="bbox 255 552 1888 648; baseline 0.01 -41"><span class='ocrx_word' id='word_1_4' title='bbox 255 568 393 648; x_wconf 44' lang='lat' dir='ltr'><strong>iis“</strong></span> <span class='ocrx_word' id='word_1_5' title='bbox 422 552 456 604; x_wconf 84' lang='grc' dir='ltr'><strong>ὁ</strong></span> <span class='ocrx_word' id='word_1_6' title='bbox 487 555 711 648; x_wconf 72' lang='grc' dir='ltr'>γέρων</span> <span class='ocrx_word' id='word_1_7' title='bbox 748 562 871 618; x_wconf 80' lang='grc' dir='ltr'><strong>τὸν</strong></span> <span class='ocrx_word' id='word_1_8' title='bbox 917 555 1115 638; x_wconf 82' lang='grc' dir='ltr'>νεκρὸν</span> <span class='ocrx_word' id='word_1_9' title='bbox 1147 566 1319 635; x_wconf 85' lang='grc' dir='ltr'>λέγων</span> <span class='ocrx_word' id='word_1_10' title='bbox 1339 580 1355 593; x_wconf 88' lang='grc'><strong>·</strong></span> <span class='ocrx_word' id='word_1_11' title='bbox 1403 568 1434 620; x_wconf 98' lang='lat'><strong>6</strong></span> <span class='ocrx_word' id='word_1_12' title='bbox 1473 569 1620 622; x_wconf 85' lang='grc' dir='ltr'>δεῖνα</span> <span class='ocrx_word' id='word_1_13' title='bbox 1645 569 1723 641; x_wconf 91' lang='lat' dir='ltr'><strong>(a)</strong></span> <span class='ocrx_word' id='word_1_14' title='bbox 1753 611 1768 635; x_wconf 91' lang='lat'><strong>,</strong></span> <span class='ocrx_word' id='word_1_15' title='bbox 1796 571 1888 624; x_wconf 83' lang='grc' dir='ltr'><strong>ποῖ</strong></span> 
     </span>
    </p>
   </div>
   <div class='ocr_carea' id='block_1_3' title="bbox 1994 552 3598 648">
    <p class='ocr_par' dir='ltr' id='par_1_3' title="bbox 2004 569 3598 644">
     <span class='ocr_line' id='line_1_3' title="bbox 2004 569 3598 644; baseline 0.003 -18"><span class='ocrx_word' id='word_1_16' title='bbox 2004 571 2084 626; x_wconf 90' lang='lat' dir='ltr'><strong>vit</strong></span> <span class='ocrx_word' id='word_1_17' title='bbox 2115 586 2282 627; x_wconf 80' lang='lat' dir='ltr'><strong>senex</strong></span> <span class='ocrx_word' id='word_1_18' title='bbox 2311 577 2589 627; x_wconf 89' lang='lat' dir='ltr'><strong>mortuum</strong></span> <span class='ocrx_word' id='word_1_19' title='bbox 2633 569 2720 626; x_wconf 88' lang='lat' dir='ltr'><strong>his</strong></span> <span class='ocrx_word' id='word_1_20' title='bbox 2773 571 2990 629; x_wconf 97' lang='lat' dir='ltr'><strong>verbis:</strong></span> <span class='ocrx_word' id='word_1_21' title='bbox 3044 573 3158 636; x_wconf 86' lang='lat' dir='ltr'><strong>ille,</strong></span> <span class='ocrx_word' id='word_1_22' title='bbox 3208 574 3304 629; x_wconf 90' lang='lat' dir='ltr'><strong>ubi</strong></span> <span class='ocrx_word' id='word_1_23' title='bbox 3358 577 3598 644; x_wconf 83' lang='lat' dir='ltr'><strong>posuisti</strong></span> 
     </span>
    </p>
   </div>
   <div class='ocr_carea' id='block_1_4' title="bbox 255 641 1888 733">
    <p class='ocr_par' dir='ltr' id='par_1_4' title="bbox 255 641 1888 733">
     <span class='ocr_line' id='line_1_4' title="bbox 255 641 1888 733; baseline 0.013 -42"><span class='ocrx_word' id='word_1_24' title='bbox 255 641 440 733; x_wconf 69' lang='grc' dir='ltr'>ἔθηκας</span> <span class='ocrx_word' id='word_1_25' title='bbox 483 645 604 717; x_wconf 79' lang='grc' dir='ltr'>τὴν</span> <span class='ocrx_word' id='word_1_26' title='bbox 638 650 993 728; x_wconf 78' lang='grc' dir='ltr'><strong>ἀλλοτρίαν</strong></span> <span class='ocrx_word' id='word_1_27' title='bbox 1039 657 1394 729; x_wconf 85' lang='grc' dir='ltr'>παραθήκην;</span> <span class='ocrx_word' id='word_1_28' title='bbox 1430 659 1458 712; x_wconf 89' lang='grc' dir='ltr'>ὁ</span> <span class='ocrx_word' id='word_1_29' title='bbox 1498 660 1554 713; x_wconf 86' lang='grc' dir='ltr'>δὲ</span> <span class='ocrx_word' id='word_1_30' title='bbox 1587 661 1888 733; x_wconf 63' lang='grc' dir='ltr'>ἀποκριθείη</span> 
     </span>
    </p>
   </div>
   <div class='ocr_carea' id='block_1_5' title="bbox 1994 641 3598 733">
    <p class='ocr_par' dir='ltr' id='par_1_5' title="bbox 2012 641 3598 732">
     <span class='ocr_line' id='line_1_5' title="bbox 2012 641 3598 732; baseline 0.004 -17"><span class='ocrx_word' id='word_1_31' title='bbox 2012 662 2249 718; x_wconf 89' lang='lat' dir='ltr'><strong>alienum</strong></span> <span class='ocrx_word' id='word_1_32' title='bbox 2277 662 2585 731; x_wconf 89' lang='lat' dir='ltr'><strong>depositum</strong></span> <span class='ocrx_word' id='word_1_33' title='bbox 2613 662 2636 715; x_wconf 91' lang='lat'><strong>?</strong></span> <span class='ocrx_word' id='word_1_34' title='bbox 2659 662 3002 732; x_wconf 80' lang='lat' dir='ltr'><strong>Responsum</strong></span> <span class='ocrx_word' id='word_1_35' title='bbox 3037 663 3186 720; x_wconf 89' lang='lat' dir='ltr'><strong>dedit</strong></span> <span class='ocrx_word' id='word_1_36' title='bbox 3219 641 3384 719; x_wconf 81' lang='lat' dir='ltr'><strong>homo</strong></span> <span class='ocrx_word' id='word_1_37' title='bbox 3412 681 3426 716; x_wconf 93' lang='lat'><strong>:</strong></span> <span class='ocrx_word' id='word_1_38' title='bbox 3452 666 3598 722; x_wconf 86' lang='lat' dir='ltr'><strong>Abs-</strong></span> 
     </span>
    </p>
   </div>
   <div class='ocr_carea' id='block_1_6' title="bbox 253 730 1888 827">
    <p class='ocr_par' dir='ltr' id='par_1_6' title="bbox 253 730 1888 827">
     <span class='ocr_line' id='line_1_6' title="bbox 253 730 1888 827; baseline 0.015 -43"><span class='ocrx_word' id='word_1_39' title='bbox 253 730 406 827; x_wconf 72' lang='grc' dir='ltr'>είπεν·</span> <span class='ocrx_word' id='word_1_40' title='bbox 438 738 531 802; x_wconf 79' lang='grc' dir='ltr'>εἰς</span> <span class='ocrx_word' id='word_1_41' title='bbox 568 740 684 795; x_wconf 79' lang='grc' dir='ltr'><strong>τὸν</strong></span> <span class='ocrx_word' id='word_1_42' title='bbox 716 741 904 803; x_wconf 73' lang='grc' dir='ltr'>οἶκόν</span> <span class='ocrx_word' id='word_1_43' title='bbox 937 768 1040 821; x_wconf 89' lang='grc' dir='ltr'><strong>μου</strong></span> <span class='ocrx_word' id='word_1_44' title='bbox 1071 751 1372 823; x_wconf 85' lang='grc' dir='ltr'><strong>κέκρυπται</strong></span> <span class='ocrx_word' id='word_1_45' title='bbox 1402 752 1506 805; x_wconf 78' lang='grc' dir='ltr'><strong>ὑπὸ</strong></span> <span class='ocrx_word' id='word_1_46' title='bbox 1536 753 1627 807; x_wconf 83' lang='grc' dir='ltr'><strong>τὸν</strong></span> <span class='ocrx_word' id='word_1_47' title='bbox 1653 730 1789 807; x_wconf 88' lang='grc' dir='ltr'>πόδα</span> <span class='ocrx_word' id='word_1_48' title='bbox 1809 757 1888 827; x_wconf 65' lang='grc' dir='ltr'>τῆς</span> 
     </span>
    </p>
   </div>
   <div class='ocr_carea' id='block_1_7' title="bbox 1994 730 3599 827">
    <p class='ocr_par' dir='ltr' id='par_1_7' title="bbox 2009 730 3599 825">
     <span class='ocr_line' id='line_1_7' title="bbox 2009 730 3599 825; baseline 0.004 -18"><span class='ocrx_word' id='word_1_49' title='bbox 2009 752 2289 807; x_wconf 89' lang='lat' dir='ltr'><strong>conditum</strong></span> <span class='ocrx_word' id='word_1_50' title='bbox 2321 730 2404 808; x_wconf 82' lang='lat' dir='ltr'><strong>est</strong></span> <span class='ocrx_word' id='word_1_51' title='bbox 2438 752 2495 808; x_wconf 91' lang='lat' dir='ltr'><strong>in</strong></span> <span class='ocrx_word' id='word_1_52' title='bbox 2530 753 2694 807; x_wconf 90' lang='lat' dir='ltr'><strong>domo</strong></span> <span class='ocrx_word' id='word_1_53' title='bbox 2728 730 2848 809; x_wconf 77' lang='lat' dir='ltr'><strong>mea</strong></span> <span class='ocrx_word' id='word_1_54' title='bbox 2886 756 2990 810; x_wconf 88' lang='lat' dir='ltr'><strong>sub</strong></span> <span class='ocrx_word' id='word_1_55' title='bbox 3036 755 3173 825; x_wconf 84' lang='lat' dir='ltr'><strong>pede</strong></span> <span class='ocrx_word' id='word_1_56' title='bbox 3226 757 3374 811; x_wconf 95' lang='lat' dir='ltr'><strong>lecti.</strong></span> <span class='ocrx_word' id='word_1_57' title='bbox 3419 757 3599 814; x_wconf 75' lang='lat' dir='ltr'><strong>Senex</strong></span> 
     </span>
    </p>
   </div>
   <div class='ocr_carea' id='block_1_8' title="bbox 253 823 1888 916">
    <p class='ocr_par' dir='ltr' id='par_1_8' title="bbox 253 823 1888 911">
     <span class='ocr_line' id='line_1_8' title="bbox 253 823 1888 911; baseline 0.013 -35"><span class='ocrx_word' id='word_1_58' title='bbox 253 823 445 897; x_wconf 76' lang='grc' dir='ltr'>κλίνης.</span> <span class='ocrx_word' id='word_1_59' title='bbox 493 831 607 883; x_wconf 73' lang='grc' dir='ltr'><strong>καὶ</strong></span> <span class='ocrx_word' id='word_1_60' title='bbox 660 833 852 904; x_wconf 81' lang='grc' dir='ltr'><strong>λέγει</strong></span> <span class='ocrx_word' id='word_1_61' title='bbox 903 840 1053 911; x_wconf 82' lang='grc' dir='ltr'>αὐτῷ</span> <span class='ocrx_word' id='word_1_62' title='bbox 1081 842 1110 893; x_wconf 92' lang='lat'><strong>6</strong></span> <span class='ocrx_word' id='word_1_63' title='bbox 1152 840 1348 910; x_wconf 86' lang='grc' dir='ltr'>γέρων·</span> <span class='ocrx_word' id='word_1_64' title='bbox 1385 841 1562 911; x_wconf 85' lang='grc' dir='ltr'>κοιμῶ</span> <span class='ocrx_word' id='word_1_65' title='bbox 1607 843 1769 896; x_wconf 87' lang='grc' dir='ltr'>πάλιν</span> <span class='ocrx_word' id='word_1_66' title='bbox 1801 823 1888 905; x_wconf 60' lang='grc' dir='ltr'><strong>ἕως</strong></span> 
     </span>
    </p>
   </div>
   <div class='ocr_carea' id='block_1_9' title="bbox 1994 823 3599 916">
    <p class='ocr_par' dir='ltr' id='par_1_9' title="bbox 2008 843 3599 916">
     <span class='ocr_line' id='line_1_9' title="bbox 2008 843 3599 916; baseline 0.006 -19"><span class='ocrx_word' id='word_1_67' title='bbox 2008 844 2077 898; x_wconf 88' lang='lat' dir='ltr'><strong>ad</strong></span> <span class='ocrx_word' id='word_1_68' title='bbox 2111 845 2287 914; x_wconf 90' lang='lat' dir='ltr'><strong>ipsum</strong></span> <span class='ocrx_word' id='word_1_69' title='bbox 2321 863 2333 898; x_wconf 88' lang='lat'><strong>:</strong></span> <span class='ocrx_word' id='word_1_70' title='bbox 2367 843 2566 900; x_wconf 88' lang='lat' dir='ltr'><strong>lterum</strong></span> <span class='ocrx_word' id='word_1_71' title='bbox 2604 845 2780 913; x_wconf 74' lang='lat' dir='ltr'><strong>dormi</strong></span> <span class='ocrx_word' id='word_1_72' title='bbox 2827 863 3002 916; x_wconf 90' lang='lat' dir='ltr'><strong>usque</strong></span> <span class='ocrx_word' id='word_1_73' title='bbox 3048 848 3116 901; x_wconf 87' lang='lat' dir='ltr'><strong>ad</strong></span> <span class='ocrx_word' id='word_1_74' title='bbox 3170 850 3599 906; x_wconf 75' lang='lat' dir='ltr'><strong>resurrectionis</strong></span> 
     </span>
    </p>
   </div>
   <div class='ocr_carea' id='block_1_10' title="bbox 257 917 1888 1007">
    <p class='ocr_par' dir='ltr' id='par_1_10' title="bbox 257 917 1888 1004">
     <span class='ocr_line' id='line_1_10' title="bbox 257 917 1888 1004; baseline 0.004 -23"><span class='ocrx_word' id='word_1_75' title='bbox 257 917 345 987; x_wconf 68' lang='grc' dir='ltr'>τῆς</span> <span class='ocrx_word' id='word_1_76' title='bbox 367 918 606 992; x_wconf 71' lang='grc' dir='ltr'>ἡμέρας</span> <span class='ocrx_word' id='word_1_77' title='bbox 650 927 781 998; x_wconf 81' lang='grc' dir='ltr'>τῆς</span> <span class='ocrx_word' id='word_1_78' title='bbox 821 931 1202 996; x_wconf 77' lang='grc' dir='ltr'>ἀναστάσεως.</span> <span class='ocrx_word' id='word_1_79' title='bbox 1254 933 1449 997; x_wconf 73' lang='grc' dir='ltr'>ἰδόντες</span> <span class='ocrx_word' id='word_1_80' title='bbox 1483 934 1540 986; x_wconf 90' lang='grc' dir='ltr'>δὲ</span> <span class='ocrx_word' id='word_1_81' title='bbox 1572 935 1621 987; x_wconf 90' lang='grc' dir='ltr'>οἱ</span> <span class='ocrx_word' id='word_1_82' title='bbox 1650 935 1888 1004; x_wconf 50' lang='grc' dir='ltr'><strong>ἀδελφοίἶ</strong></span> 
     </span>
    </p>
   </div>
   <div class='ocr_carea' id='block_1_11' title="bbox 1994 917 3598 1007">
    <p class='ocr_par' dir='ltr' id='par_1_11' title="bbox 2006 933 3598 1007">
     <span class='ocr_line' id='line_1_11' title="bbox 2006 933 3598 1007; baseline 0.003 -18"><span class='ocrx_word' id='word_1_83' title='bbox 2006 935 2172 990; x_wconf 91' lang='lat' dir='ltr'><strong>diem.</strong></span> <span class='ocrx_word' id='word_1_84' title='bbox 2204 933 2359 1001; x_wconf 85' lang='lat' dir='ltr'>Quod</span> <span class='ocrx_word' id='word_1_85' title='bbox 2404 937 2708 1006; x_wconf 91' lang='lat' dir='ltr'><strong>conspicati</strong></span> <span class='ocrx_word' id='word_1_86' title='bbox 2750 936 2950 992; x_wconf 80' lang='lat' dir='ltr'><strong>fratres</strong></span> <span class='ocrx_word' id='word_1_87' title='bbox 2991 953 3122 1007; x_wconf 80' lang='lat' dir='ltr'><strong>prae</strong></span> <span class='ocrx_word' id='word_1_88' title='bbox 3160 941 3355 994; x_wconf 80' lang='lat' dir='ltr'><strong>timore</strong></span> <span class='ocrx_word' id='word_1_89' title='bbox 3383 942 3598 995; x_wconf 79' lang='lat' dir='ltr'><strong>cecide-</strong></span> 
     </span>
    </p>
   </div>
   <div class='ocr_carea' id='block_1_12' title="bbox 267 1013 1888 1102">
    <p class='ocr_par' dir='ltr' id='par_1_12' title="bbox 267 1013 1888 1092">
     <span class='ocr_line' id='line_1_12' title="bbox 267 1013 1888 1092; baseline 0.013 -28"><span class='ocrx_word' id='word_1_90' title='bbox 267 1013 361 1066; x_wconf 69' lang='grc' dir='ltr'>ἀπὺ</span> <span class='ocrx_word' id='word_1_91' title='bbox 382 1013 470 1066; x_wconf 76' lang='grc' dir='ltr'>τοῦ</span> <span class='ocrx_word' id='word_1_92' title='bbox 507 1016 718 1086; x_wconf 77' lang='grc' dir='ltr'>φόϐου</span> <span class='ocrx_word' id='word_1_93' title='bbox 763 1023 979 1079; x_wconf 75' lang='grc' dir='ltr'>ἔπεσον</span> <span class='ocrx_word' id='word_1_94' title='bbox 1013 1029 1090 1090; x_wconf 88' lang='grc' dir='ltr'><strong>είς</strong></span> <span class='ocrx_word' id='word_1_95' title='bbox 1129 1029 1255 1090; x_wconf 79' lang='grc' dir='ltr'>τοὺς</span> <span class='ocrx_word' id='word_1_96' title='bbox 1287 1027 1456 1092; x_wconf 85' lang='grc' dir='ltr'>πόδας</span> <span class='ocrx_word' id='word_1_97' title='bbox 1481 1029 1667 1086; x_wconf 82' lang='grc' dir='ltr'>αὐτοῦ.</span> <span class='ocrx_word' id='word_1_98' title='bbox 1703 1032 1796 1084; x_wconf 75' lang='grc' dir='ltr'><strong>καὶ</strong></span> <span class='ocrx_word' id='word_1_99' title='bbox 1825 1028 1888 1085; x_wconf 79' lang='grc' dir='ltr'>εί-</span> 
     </span>
    </p>
   </div>
   <div class='ocr_carea' id='block_1_13' title="bbox 1994 1013 3596 1102">
    <p class='ocr_par' dir='ltr' id='par_1_13' title="bbox 2005 1027 3596 1102">
     <span class='ocr_line' id='line_1_13' title="bbox 2005 1027 3596 1102; baseline 0.004 -22"><span class='ocrx_word' id='word_1_100' title='bbox 2005 1034 2134 1081; x_wconf 87' lang='lat' dir='ltr'><strong>runt</strong></span> <span class='ocrx_word' id='word_1_101' title='bbox 2156 1027 2223 1082; x_wconf 89' lang='lat' dir='ltr'><strong>ad</strong></span> <span class='ocrx_word' id='word_1_102' title='bbox 2250 1028 2416 1097; x_wconf 87' lang='lat' dir='ltr'><strong>pedes</strong></span> <span class='ocrx_word' id='word_1_103' title='bbox 2447 1029 2586 1083; x_wconf 89' lang='lat' dir='ltr'><strong>eius.</strong></span> <span class='ocrx_word' id='word_1_104' title='bbox 2625 1027 2763 1082; x_wconf 88' lang='lat' dir='ltr'><strong>Tum</strong></span> <span class='ocrx_word' id='word_1_105' title='bbox 2801 1030 2868 1084; x_wconf 89' lang='lat' dir='ltr'><strong>iis</strong></span> <span class='ocrx_word' id='word_1_106' title='bbox 2905 1045 3070 1084; x_wconf 84' lang='lat' dir='ltr'><strong>senex</strong></span> <span class='ocrx_word' id='word_1_107' title='bbox 3124 1031 3242 1084; x_wconf 85' lang='lat' dir='ltr'><strong>ait:</strong></span> <span class='ocrx_word' id='word_1_108' title='bbox 3295 1032 3412 1086; x_wconf 78' lang='lat' dir='ltr'><strong>Non</strong></span> <span class='ocrx_word' id='word_1_109' title='bbox 3465 1049 3596 1102; x_wconf 90' lang='lat' dir='ltr'><strong>pro-</strong></span> 
     </span>
    </p>
   </div>
   <div class='ocr_carea' id='block_1_14' title="bbox 271 1106 1888 1195">
    <p class='ocr_par' dir='ltr' id='par_1_14' title="bbox 271 1106 1888 1190">
     <span class='ocr_line' id='line_1_14' title="bbox 271 1106 1888 1190; baseline 0.012 -35"><span class='ocrx_word' id='word_1_110' title='bbox 271 1121 356 1158; x_wconf 69' lang='grc' dir='ltr'><strong>πν</strong></span> <span class='ocrx_word' id='word_1_111' title='bbox 370 1106 558 1172; x_wconf 76' lang='grc' dir='ltr'>αὐτοῖς</span> <span class='ocrx_word' id='word_1_112' title='bbox 577 1112 612 1163; x_wconf 97' lang='lat'><strong>6</strong></span> <span class='ocrx_word' id='word_1_113' title='bbox 637 1114 722 1180; x_wconf 82' lang='grc' dir='ltr'><strong>γέ</strong></span> <span class='ocrx_word' id='word_1_114' title='bbox 731 1132 882 1186; x_wconf 83' lang='grc' dir='ltr'>ρων’</span> <span class='ocrx_word' id='word_1_115' title='bbox 898 1119 960 1171; x_wconf 80' lang='grc' dir='ltr'><strong>οὐ</strong></span> <span class='ocrx_word' id='word_1_116' title='bbox 977 1118 1134 1190; x_wconf 85' lang='grc'><strong>247</strong></span> <span class='ocrx_word' id='word_1_117' title='bbox 1147 1119 1212 1172; x_wconf 78' lang='grc' dir='ltr'>δι’</span> <span class='ocrx_word' id='word_1_118' title='bbox 1229 1121 1254 1171; x_wconf 84' lang='grc' dir='ltr'><strong>ὲ</strong></span> <span class='ocrx_word' id='word_1_119' title='bbox 1263 1120 1328 1190; x_wconf 87' lang='grc' dir='ltr'><strong>μὲ</strong></span> <span class='ocrx_word' id='word_1_120' title='bbox 1349 1121 1538 1189; x_wconf 87' lang='grc' dir='ltr'>γέγονε</span> <span class='ocrx_word' id='word_1_121' title='bbox 1559 1120 1733 1175; x_wconf 78' lang='grc' dir='ltr'>τοῦτο·</span> <span class='ocrx_word' id='word_1_122' title='bbox 1750 1123 1888 1175; x_wconf 63' lang='grc' dir='ltr'>οὐδὲι</span> 
     </span>
    </p>
   </div>
   <div class='ocr_carea' id='block_1_15' title="bbox 1994 1106 3595 1195">
    <p class='ocr_par' dir='ltr' id='par_1_15' title="bbox 2002 1119 3595 1195">
     <span class='ocr_line' id='line_1_15' title="bbox 2002 1119 3595 1195; baseline 0.004 -23"><span class='ocrx_word' id='word_1_123' title='bbox 2002 1127 2124 1189; x_wconf 88' lang='lat' dir='ltr'><strong>pter</strong></span> <span class='ocrx_word' id='word_1_124' title='bbox 2153 1134 2238 1174; x_wconf 88' lang='lat' dir='ltr'><strong>me</strong></span> <span class='ocrx_word' id='word_1_125' title='bbox 2276 1119 2329 1174; x_wconf 89' lang='lat' dir='ltr'><strong>id</strong></span> <span class='ocrx_word' id='word_1_126' title='bbox 2358 1121 2580 1186; x_wconf 89' lang='lat' dir='ltr'><strong>evenit;</strong></span> <span class='ocrx_word' id='word_1_127' title='bbox 2613 1121 2748 1174; x_wconf 86' lang='lat' dir='ltr'><strong>nihil</strong></span> <span class='ocrx_word' id='word_1_128' title='bbox 2774 1124 2976 1192; x_wconf 89' lang='lat' dir='ltr'><strong>quippe</strong></span> <span class='ocrx_word' id='word_1_129' title='bbox 3026 1139 3148 1178; x_wconf 91' lang='lat' dir='ltr'><strong>sum</strong></span> <span class='ocrx_word' id='word_1_130' title='bbox 3181 1143 3194 1178; x_wconf 94' lang='lat'><strong>:</strong></span> <span class='ocrx_word' id='word_1_131' title='bbox 3248 1125 3344 1179; x_wconf 92' lang='lat' dir='ltr'><strong>sed</strong></span> <span class='ocrx_word' id='word_1_132' title='bbox 3376 1135 3595 1195; x_wconf 87' lang='lat' dir='ltr'><strong>prepter</strong></span> 
     </span>
    </p>
   </div>
   <div class='ocr_carea' id='block_1_16' title="bbox 267 1196 1900 1285">
    <p class='ocr_par' dir='ltr' id='par_1_16' title="bbox 267 1196 1900 1285">
     <span class='ocr_line' id='line_1_16' title="bbox 267 1196 1900 1285; baseline 0.007 -29"><span class='ocrx_word' id='word_1_133' title='bbox 267 1196 360 1267; x_wconf 75' lang='grc' dir='ltr'><strong>γάρ</strong></span> <span class='ocrx_word' id='word_1_134' title='bbox 391 1201 513 1268; x_wconf 72' lang='grc' dir='ltr'>εἰμι</span> <span class='ocrx_word' id='word_1_135' title='bbox 536 1218 553 1231; x_wconf 86' lang='grc'><strong>⁹</strong></span> <span class='ocrx_word' id='word_1_136' title='bbox 599 1204 773 1259; x_wconf 80' lang='grc' dir='ltr'>ἀλλὰ</span> <span class='ocrx_word' id='word_1_137' title='bbox 809 1209 904 1263; x_wconf 77' lang='grc' dir='ltr'>διὰ</span> <span class='ocrx_word' id='word_1_138' title='bbox 932 1211 1030 1280; x_wconf 84' lang='grc' dir='ltr'><strong>τὴν</strong></span> <span class='ocrx_word' id='word_1_139' title='bbox 1067 1213 1240 1282; x_wconf 87' lang='grc' dir='ltr'>χήραν</span> <span class='ocrx_word' id='word_1_140' title='bbox 1266 1211 1361 1265; x_wconf 69' lang='grc' dir='ltr'>καὶ</span> <span class='ocrx_word' id='word_1_141' title='bbox 1384 1212 1451 1266; x_wconf 78' lang='grc' dir='ltr'>τὰ</span> <span class='ocrx_word' id='word_1_142' title='bbox 1470 1213 1679 1285; x_wconf 77' lang='grc' dir='ltr'>ὀρφανὰ</span> <span class='ocrx_word' id='word_1_143' title='bbox 1709 1215 1736 1266; x_wconf 91' lang='lat'><strong>6</strong></span> <span class='ocrx_word' id='word_1_144' title='bbox 1769 1214 1900 1279; x_wconf 85' lang='grc' dir='ltr'>Θεὸς</span> 
     </span>
    </p>
   </div>
   <div class='ocr_carea' id='block_1_17' title="bbox 265 1290 1899 1375">
    <p class='ocr_par' dir='ltr' id='par_1_17' title="bbox 265 1290 1899 1375">
     <span class='ocr_line' id='line_1_17' title="bbox 265 1290 1899 1375; baseline 0.013 -35"><span class='ocrx_word' id='word_1_145' title='bbox 265 1290 476 1361; x_wconf 72' lang='grc' dir='ltr'>ἐποίησε</span> <span class='ocrx_word' id='word_1_146' title='bbox 507 1295 582 1346; x_wconf 78' lang='grc' dir='ltr'><strong>τὸ</strong></span> <span class='ocrx_word' id='word_1_147' title='bbox 621 1301 920 1372; x_wconf 68' lang='grc' dir='ltr'>πρᾶγμα*</span> <span class='ocrx_word' id='word_1_148' title='bbox 951 1303 1106 1356; x_wconf 80' lang='grc' dir='ltr'>τοῦτο</span> <span class='ocrx_word' id='word_1_149' title='bbox 1143 1304 1200 1357; x_wconf 88' lang='grc' dir='ltr'><strong>δέ</strong></span> <span class='ocrx_word' id='word_1_150' title='bbox 1231 1307 1346 1359; x_wconf 78' lang='grc' dir='ltr'>ἐστι</span> <span class='ocrx_word' id='word_1_151' title='bbox 1374 1305 1434 1358; x_wconf 84' lang='grc' dir='ltr'><strong>τὸ</strong></span> <span class='ocrx_word' id='word_1_152' title='bbox 1480 1307 1643 1375; x_wconf 85' lang='grc' dir='ltr'>μέγα,</span> <span class='ocrx_word' id='word_1_153' title='bbox 1678 1307 1760 1359; x_wconf 83' lang='grc' dir='ltr'><strong>ὅτι</strong></span> <span class='ocrx_word' id='word_1_154' title='bbox 1802 1308 1899 1360; x_wconf 84' lang='grc' dir='ltr'><strong>ἀν-</strong></span> 
     </span>
    </p>
   </div>
   <div class='ocr_carea' id='block_1_18' title="bbox 263 1384 1896 1470">
    <p class='ocr_par' dir='ltr' id='par_1_18' title="bbox 263 1384 1896 1470">
     <span class='ocr_line' id='line_1_18' title="bbox 263 1384 1896 1470; baseline 0.012 -37"><span class='ocrx_word' id='word_1_155' title='bbox 263 1384 590 1456; x_wconf 78' lang='grc' dir='ltr'>αμάρτητον</span> <span class='ocrx_word' id='word_1_156' title='bbox 622 1387 799 1444; x_wconf 79' lang='grc' dir='ltr'>Θέλει</span> <span class='ocrx_word' id='word_1_157' title='bbox 835 1393 1009 1457; x_wconf 77' lang='grc' dir='ltr'>όΘεὸς</span> <span class='ocrx_word' id='word_1_158' title='bbox 1043 1394 1138 1466; x_wconf 84' lang='grc' dir='ltr'>τὴν</span> <span class='ocrx_word' id='word_1_159' title='bbox 1154 1395 1352 1466; x_wconf 68' lang='grc' dir='ltr'>ψυχήνο</span> <span class='ocrx_word' id='word_1_160' title='bbox 1376 1397 1468 1449; x_wconf 74' lang='grc' dir='ltr'><strong>καὶ</strong></span> <span class='ocrx_word' id='word_1_161' title='bbox 1486 1397 1541 1449; x_wconf 82' lang='grc' dir='ltr'><strong>εί</strong></span> <span class='ocrx_word' id='word_1_162' title='bbox 1564 1415 1614 1450; x_wconf 86' lang='grc' dir='ltr'><strong>τι</strong></span> <span class='ocrx_word' id='word_1_163' title='bbox 1644 1396 1710 1450; x_wconf 87' lang='grc' dir='ltr'>ἂν</span> <span class='ocrx_word' id='word_1_164' title='bbox 1741 1399 1896 1470; x_wconf 77' lang='grc' dir='ltr'>αἰτή-</span> 
     </span>
    </p>
   </div>
   <div class='ocr_carea' id='block_1_19' title="bbox 267 1478 1896 1561">
    <p class='ocr_par' dir='ltr' id='par_1_19' title="bbox 267 1478 1896 1561">
     <span class='ocr_line' id='line_1_19' title="bbox 267 1478 1896 1561; baseline 0.009 -33"><span class='ocrx_word' id='word_1_165' title='bbox 267 1492 449 1540; x_wconf 69' lang='grc' dir='ltr'>πται,</span> <span class='ocrx_word' id='word_1_166' title='bbox 497 1478 838 1546; x_wconf 70' lang='grc' dir='ltr'>λαμϐάνει.</span> <span class='ocrx_word' id='word_1_167' title='bbox 883 1486 1050 1541; x_wconf 76' lang='grc' dir='ltr'>ἐλθὼν</span> <span class='ocrx_word' id='word_1_168' title='bbox 1086 1487 1142 1540; x_wconf 85' lang='grc' dir='ltr'>δὲ</span> <span class='ocrx_word' id='word_1_169' title='bbox 1176 1488 1465 1559; x_wconf 79' lang='grc' dir='ltr'><strong>ἀνήγγειλε</strong></span> <span class='ocrx_word' id='word_1_170' title='bbox 1511 1493 1578 1561; x_wconf 82' lang='grc' dir='ltr'>τῇ</span> <span class='ocrx_word' id='word_1_171' title='bbox 1613 1491 1758 1561; x_wconf 78' lang='grc' dir='ltr'>χήρᾳ</span> <span class='ocrx_word' id='word_1_172' title='bbox 1791 1488 1896 1544; x_wconf 80' lang='grc' dir='ltr'>ποῦ</span> 
     </span>
    </p>
   </div>
   <div class='ocr_carea' id='block_1_20' title="bbox 259 1573 1896 1654">
    <p class='ocr_par' dir='ltr' id='par_1_20' title="bbox 259 1573 1896 1654">
     <span class='ocr_line' id='line_1_20' title="bbox 259 1573 1896 1654; baseline 0.01 -34"><span class='ocrx_word' id='word_1_173' title='bbox 259 1573 437 1624; x_wconf 75' lang='grc' dir='ltr'>κεῖται</span> <span class='ocrx_word' id='word_1_174' title='bbox 469 1573 507 1642; x_wconf 79' lang='grc' dir='ltr'>ὴ</span> <span class='ocrx_word' id='word_1_175' title='bbox 543 1576 889 1650; x_wconf 81' lang='grc' dir='ltr'>παραθήκη</span> <span class='ocrx_word' id='word_1_176' title='bbox 913 1597 927 1610; x_wconf 86' lang='grc'><strong>·</strong></span> <span class='ocrx_word' id='word_1_177' title='bbox 961 1584 994 1651; x_wconf 82' lang='grc' dir='ltr'>ἡ</span> <span class='ocrx_word' id='word_1_178' title='bbox 1041 1581 1098 1634; x_wconf 80' lang='grc' dir='ltr'>δὲ</span> <span class='ocrx_word' id='word_1_179' title='bbox 1125 1581 1364 1636; x_wconf 79' lang='grc' dir='ltr'>λαϐοῦσα</span> <span class='ocrx_word' id='word_1_180' title='bbox 1406 1583 1577 1652; x_wconf 81' lang='grc' dir='ltr'>αὐτὴν</span> <span class='ocrx_word' id='word_1_181' title='bbox 1619 1583 1786 1636; x_wconf 77' lang='grc' dir='ltr'>ἔδωκε</span> <span class='ocrx_word' id='word_1_182' title='bbox 1819 1582 1896 1654; x_wconf 82' lang='grc' dir='ltr'>τῷ</span> 
     </span>
    </p>
   </div>
   <div class='ocr_carea' id='block_1_21' title="bbox 262 1663 1894 1747">
    <p class='ocr_par' dir='ltr' id='par_1_21' title="bbox 262 1663 1894 1747">
     <span class='ocr_line' id='line_1_21' title="bbox 262 1663 1894 1747; baseline 0.01 -34"><span class='ocrx_word' id='word_1_183' title='bbox 262 1663 439 1733; x_wconf 80' lang='grc' dir='ltr'>κυρίῳ</span> <span class='ocrx_word' id='word_1_184' title='bbox 486 1667 712 1739; x_wconf 77' lang='grc' dir='ltr'>αὐτῆς,</span> <span class='ocrx_word' id='word_1_185' title='bbox 751 1672 853 1723; x_wconf 84' lang='grc' dir='ltr'><strong>καὶ</strong></span> <span class='ocrx_word' id='word_1_186' title='bbox 890 1673 1228 1744; x_wconf 77' lang='grc' dir='ltr'>ἠλευθέρωσε</span> <span class='ocrx_word' id='word_1_187' title='bbox 1257 1674 1327 1728; x_wconf 81' lang='grc' dir='ltr'><strong>τὰ</strong></span> <span class='ocrx_word' id='word_1_188' title='bbox 1359 1676 1525 1728; x_wconf 85' lang='grc' dir='ltr'>τέκνα</span> <span class='ocrx_word' id='word_1_189' title='bbox 1567 1675 1758 1747; x_wconf 79' lang='grc' dir='ltr'>αὐτῆς.</span> <span class='ocrx_word' id='word_1_190' title='bbox 1802 1676 1894 1729; x_wconf 82' lang='grc' dir='ltr'><strong>καὶ</strong></span> 
     </span>
    </p>
   </div>
   <div class='ocr_carea' id='block_1_22' title="bbox 258 1754 2353 1838">
    <p class='ocr_par' dir='ltr' id='par_1_22' title="bbox 258 1754 2353 1838">
     <span class='ocr_line' id='line_1_22' title="bbox 258 1754 2353 1838; baseline 0.013 -34"><span class='ocrx_word' id='word_1_191' title='bbox 258 1754 477 1819; x_wconf 78' lang='grc' dir='ltr'>πάντες</span> <span class='ocrx_word' id='word_1_192' title='bbox 512 1759 568 1810; x_wconf 77' lang='grc' dir='ltr'>οἱ</span> <span class='ocrx_word' id='word_1_193' title='bbox 612 1761 972 1826; x_wconf 80' lang='grc' dir='ltr'>ἀκούσαντες</span> <span class='ocrx_word' id='word_1_194' title='bbox 1025 1764 1283 1829; x_wconf 74' lang='grc' dir='ltr'>ἐδόξασαν</span> <span class='ocrx_word' id='word_1_195' title='bbox 1308 1766 1400 1819; x_wconf 84' lang='grc' dir='ltr'><strong>τὸν</strong></span> <span class='ocrx_word' id='word_1_196' title='bbox 1430 1766 1561 1819; x_wconf 87' lang='grc' dir='ltr'>Θεόν</span> <span class='ocrx_word' id='word_1_197' title='bbox 1595 1767 1695 1838; x_wconf 88' lang='lat' dir='ltr'><strong>(b).</strong></span> <span class='ocrx_word' id='word_1_198' title='bbox 1996 1762 2195 1818; x_wconf 64' lang='lat' dir='ltr'><strong>derum</strong></span> <span class='ocrx_word' id='word_1_199' title='bbox 2221 1765 2353 1821; x_wconf 74' lang='grc' dir='ltr'><strong>Πθοο</strong></span> 
     </span>
    </p>
   </div>
   <div class='ocr_carea' id='block_1_23' title="bbox 328 1845 1888 1928">
    <p class='ocr_par' dir='ltr' id='par_1_23' title="bbox 328 1845 1888 1928">
     <span class='ocr_line' id='line_1_23' title="bbox 328 1845 1888 1928; baseline 0.01 -29"><span class='ocrx_word' id='word_1_200' title='bbox 328 1845 386 1900; x_wconf 88' lang='grc'><strong>8.</strong></span> <span class='ocrx_word' id='word_1_201' title='bbox 435 1849 700 1919; x_wconf 82' lang='grc' dir='ltr'>Ἔλεγεν</span> <span class='ocrx_word' id='word_1_202' title='bbox 733 1855 764 1906; x_wconf 88' lang='lat'><strong>6</strong></span> <span class='ocrx_word' id='word_1_203' title='bbox 797 1854 975 1918; x_wconf 79' lang='grc' dir='ltr'>ἁϐϐἇς</span> <span class='ocrx_word' id='word_1_204' title='bbox 1002 1857 1208 1928; x_wconf 83' lang='grc' dir='ltr'>Πέτρος</span> <span class='ocrx_word' id='word_1_205' title='bbox 1230 1858 1361 1928; x_wconf 78' lang='grc' dir='ltr'>περὶ</span> <span class='ocrx_word' id='word_1_206' title='bbox 1393 1858 1486 1911; x_wconf 83' lang='grc' dir='ltr'>τοῦ</span> <span class='ocrx_word' id='word_1_207' title='bbox 1511 1859 1667 1928; x_wconf 81' lang='grc' dir='ltr'>ἁγίου</span> <span class='ocrx_word' id='word_1_208' title='bbox 1698 1860 1888 1915; x_wconf 81' lang='grc' dir='ltr'>Μακα-</span> 
     </span>
    </p>
   </div>
   <div class='ocr_carea' id='block_1_24' title="bbox 1994 1845 3574 1928">
    <p class='ocr_par' dir='ltr' id='par_1_24' title="bbox 2065 1854 3574 1925">
     <span class='ocr_line' id='line_1_24' title="bbox 2065 1854 3574 1925; baseline 0.003 -15"><span class='ocrx_word' id='word_1_209' title='bbox 2065 1854 2119 1910; x_wconf 91' lang='grc'><strong>8.</strong></span> <span class='ocrx_word' id='word_1_210' title='bbox 2157 1855 2354 1912; x_wconf 90' lang='lat' dir='ltr'><strong>Petrus</strong></span> <span class='ocrx_word' id='word_1_211' title='bbox 2395 1858 2565 1913; x_wconf 80' lang='lat' dir='ltr'><strong>abbas</strong></span> <span class='ocrx_word' id='word_1_212' title='bbox 2625 1862 2894 1925; x_wconf 84' lang='lat' dir='ltr'><strong>narravit,</strong></span> <span class='ocrx_word' id='word_1_213' title='bbox 2971 1860 3194 1915; x_wconf 85' lang='lat' dir='ltr'><strong>beatum</strong></span> <span class='ocrx_word' id='word_1_214' title='bbox 3246 1859 3574 1925; x_wconf 88' lang='lat' dir='ltr'><strong>Macarium,</strong></span> 
     </span>
    </p>
   </div>
   <div class='ocr_carea' id='block_1_25' title="bbox 259 1937 1888 2023">
    <p class='ocr_par' dir='ltr' id='par_1_25' title="bbox 259 1937 1888 2023">
     <span class='ocr_line' id='line_1_25' title="bbox 259 1937 1888 2023; baseline 0.01 -34"><span class='ocrx_word' id='word_1_215' title='bbox 259 1937 410 2008; x_wconf 75' lang='grc' dir='ltr'>ρίου,</span> <span class='ocrx_word' id='word_1_216' title='bbox 438 1940 534 1993; x_wconf 83' lang='grc' dir='ltr'>ὅτι.</span> <span class='ocrx_word' id='word_1_217' title='bbox 578 1947 1058 2016; x_wconf 77' lang='grc' dir='ltr'>παραγενόμενός</span> <span class='ocrx_word' id='word_1_218' title='bbox 1096 1965 1226 2001; x_wconf 85' lang='grc' dir='ltr'>ποτε</span> <span class='ocrx_word' id='word_1_219' title='bbox 1272 1949 1410 2020; x_wconf 89' lang='grc' dir='ltr'>πρός</span> <span class='ocrx_word' id='word_1_220' title='bbox 1439 1966 1562 2003; x_wconf 86' lang='grc' dir='ltr'>τινα</span> <span class='ocrx_word' id='word_1_221' title='bbox 1605 1951 1888 2023; x_wconf 82' lang='grc' dir='ltr'>ἀναχωρη-</span> 
     </span>
    </p>
   </div>
   <div class='ocr_carea' id='block_1_26' title="bbox 1994 1937 3577 2023">
    <p class='ocr_par' dir='ltr' id='par_1_26' title="bbox 1998 1946 3577 2021">
     <span class='ocr_line' id='line_1_26' title="bbox 1998 1946 3577 2021; baseline 0.004 -23"><span class='ocrx_word' id='word_1_222' title='bbox 1998 1961 2166 2016; x_wconf 92' lang='lat' dir='ltr'><strong>quum</strong></span> <span class='ocrx_word' id='word_1_223' title='bbox 2199 1946 2496 2016; x_wconf 86' lang='lat' dir='ltr'><strong>aliquando</strong></span> <span class='ocrx_word' id='word_1_224' title='bbox 2527 1951 2918 2006; x_wconf 87' lang='lat' dir='ltr'><strong>anachoretam</strong></span> <span class='ocrx_word' id='word_1_225' title='bbox 2945 1951 3237 2021; x_wconf 86' lang='lat' dir='ltr'><strong>quemdam</strong></span> <span class='ocrx_word' id='word_1_226' title='bbox 3269 1951 3577 2006; x_wconf 81' lang='lat' dir='ltr'><strong>invenisset</strong></span> 
     </span>
    </p>
   </div>
   <div class='ocr_carea' id='block_1_27' title="bbox 252 2031 1888 2113">
    <p class='ocr_par' dir='ltr' id='par_1_27' title="bbox 252 2031 1888 2112">
     <span class='ocr_line' id='line_1_27' title="bbox 252 2031 1888 2112; baseline 0.009 -30"><span class='ocrx_word' id='word_1_227' title='bbox 252 2031 392 2099; x_wconf 78' lang='grc' dir='ltr'>τήν,</span> <span class='ocrx_word' id='word_1_228' title='bbox 443 2034 801 2108; x_wconf 70' lang='grc' dir='ltr'>καὶ¹εὕρὼν</span> <span class='ocrx_word' id='word_1_229' title='bbox 852 2039 1014 2092; x_wconf 82' lang='grc' dir='ltr'>αὐτὸν</span> <span class='ocrx_word' id='word_1_230' title='bbox 1054 2041 1428 2112; x_wconf 78' lang='grc' dir='ltr'>κακούμενον,</span> <span class='ocrx_word' id='word_1_231' title='bbox 1474 2041 1806 2096; x_wconf 82' lang='grc' dir='ltr'>ἐπυνθάνετο</span> <span class='ocrx_word' id='word_1_232' title='bbox 1841 2045 1888 2096; x_wconf 76' lang='grc' dir='ltr'><strong>τί</strong></span> 
     </span>
    </p>
   </div>
   <div class='ocr_carea' id='block_1_28' title="bbox 1994 2031 3584 2113">
    <p class='ocr_par' dir='ltr' id='par_1_28' title="bbox 2004 2042 3584 2113">
     <span class='ocr_line' id='line_1_28' title="bbox 2004 2042 3584 2113; baseline 0.003 -21"><span class='ocrx_word' id='word_1_233' title='bbox 2004 2047 2400 2109; x_wconf 72' lang='lat' dir='ltr'><strong>aegrotantem,</strong></span> <span class='ocrx_word' id='word_1_234' title='bbox 2439 2042 2782 2096; x_wconf 89' lang='lat' dir='ltr'><strong>sciscitatum</strong></span> <span class='ocrx_word' id='word_1_235' title='bbox 2812 2059 2933 2098; x_wconf 89' lang='lat' dir='ltr'><strong>esse</strong></span> <span class='ocrx_word' id='word_1_236' title='bbox 2963 2059 3028 2098; x_wconf 81' lang='lat' dir='ltr'><strong>ex</strong></span> <span class='ocrx_word' id='word_1_237' title='bbox 3069 2059 3155 2108; x_wconf 89' lang='lat' dir='ltr'><strong>eo,</strong></span> <span class='ocrx_word' id='word_1_238' title='bbox 3189 2042 3450 2113; x_wconf 90' lang='lat' dir='ltr'><strong>quidnam</strong></span> <span class='ocrx_word' id='word_1_239' title='bbox 3474 2043 3584 2097; x_wconf 90' lang='lat' dir='ltr'><strong>cibi</strong></span> 
     </span>
    </p>
   </div>
   <div class='ocr_carea' id='block_1_29' title="bbox 263 2122 1888 2204">
    <p class='ocr_par' dir='ltr' id='par_1_29' title="bbox 263 2122 1888 2204">
     <span class='ocr_line' id='line_1_29' title="bbox 263 2122 1888 2204; baseline 0.007 -29"><span class='ocrx_word' id='word_1_240' title='bbox 263 2122 531 2193; x_wconf 72' lang='grc' dir='ltr'>βούλοιτο</span> <span class='ocrx_word' id='word_1_241' title='bbox 573 2129 873 2199; x_wconf 80' lang='grc' dir='ltr'>τραφῆναι</span> <span class='ocrx_word' id='word_1_242' title='bbox 911 2130 1120 2196; x_wconf 82' lang='grc' dir='ltr'>οὐδενὸς</span> <span class='ocrx_word' id='word_1_243' title='bbox 1160 2131 1311 2196; x_wconf 76' lang='grc' dir='ltr'>ὄντος</span> <span class='ocrx_word' id='word_1_244' title='bbox 1341 2133 1400 2186; x_wconf 82' lang='grc' dir='ltr'>ὲν</span> <span class='ocrx_word' id='word_1_245' title='bbox 1441 2133 1520 2203; x_wconf 83' lang='grc' dir='ltr'>τῷ</span> <span class='ocrx_word' id='word_1_246' title='bbox 1555 2132 1752 2204; x_wconf 84' lang='grc' dir='ltr'>κελλίῳ</span> <span class='ocrx_word' id='word_1_247' title='bbox 1794 2133 1888 2187; x_wconf 81' lang='grc' dir='ltr'>αὑ-</span> 
     </span>
    </p>
   </div>
   <div class='ocr_carea' id='block_1_30' title="bbox 1994 2122 3582 2204">
    <p class='ocr_par' dir='ltr' id='par_1_30' title="bbox 2001 2130 3582 2204">
     <span class='ocr_line' id='line_1_30' title="bbox 2001 2130 3582 2204; baseline 0.001 -18"><span class='ocrx_word' id='word_1_248' title='bbox 2001 2145 2223 2186; x_wconf 90' lang='lat' dir='ltr'><strong>sumere</strong></span> <span class='ocrx_word' id='word_1_249' title='bbox 2247 2131 2429 2186; x_wconf 84' lang='lat' dir='ltr'><strong>vellet.</strong></span> <span class='ocrx_word' id='word_1_250' title='bbox 2473 2130 2576 2197; x_wconf 86' lang='lat' dir='ltr'><strong>Qui</strong></span> <span class='ocrx_word' id='word_1_251' title='bbox 2611 2141 2902 2204; x_wconf 89' lang='lat' dir='ltr'><strong>postquam</strong></span> <span class='ocrx_word' id='word_1_252' title='bbox 2960 2135 3234 2204; x_wconf 90' lang='lat' dir='ltr'><strong>pastillum</strong></span> <span class='ocrx_word' id='word_1_253' title='bbox 3284 2135 3460 2204; x_wconf 88' lang='lat' dir='ltr'><strong>petiit,</strong></span> <span class='ocrx_word' id='word_1_254' title='bbox 3505 2134 3582 2188; x_wconf 69' lang='lat' dir='ltr'><strong>vi~</strong></span> 
     </span>
    </p>
   </div>
   <div class='ocr_carea' id='block_1_31' title="bbox 268 2212 1888 2296">
    <p class='ocr_par' dir='ltr' id='par_1_31' title="bbox 268 2216 1888 2296">
     <span class='ocr_line' id='line_1_31' title="bbox 268 2216 1888 2296; baseline 0.005 -27"><span class='ocrx_word' id='word_1_255' title='bbox 268 2216 397 2271; x_wconf 73' lang='grc' dir='ltr'>τοῦ.</span> <span class='ocrx_word' id='word_1_256' title='bbox 437 2220 547 2273; x_wconf 72' lang='grc' dir='ltr'><strong>καὶ</strong></span> <span class='ocrx_word' id='word_1_257' title='bbox 579 2223 874 2292; x_wconf 79' lang='grc' dir='ltr'>φήσαντος</span> <span class='ocrx_word' id='word_1_258' title='bbox 903 2224 1135 2286; x_wconf 80' lang='grc' dir='ltr'>ἐκείνου,</span> <span class='ocrx_word' id='word_1_259' title='bbox 1173 2223 1454 2290; x_wconf 88' lang='grc' dir='ltr'>πάστιλον,</span> <span class='ocrx_word' id='word_1_260' title='bbox 1493 2225 1572 2288; x_wconf 87' lang='grc' dir='ltr'><strong>είς</strong></span> <span class='ocrx_word' id='word_1_261' title='bbox 1609 2224 1708 2296; x_wconf 82' lang='grc' dir='ltr'><strong>τὴν</strong></span> <span class='ocrx_word' id='word_1_262' title='bbox 1742 2225 1888 2277; x_wconf 85' lang='grc' dir='ltr'>Ἀλε-</span> 
     </span>
    </p>
   </div>
   <div class='ocr_carea' id='block_1_32' title="bbox 1994 2212 3583 2296">
    <p class='ocr_par' dir='ltr' id='par_1_32' title="bbox 1999 2212 3583 2296">
     <span class='ocr_line' id='line_1_32' title="bbox 1999 2212 3583 2296; baseline 0.001 -18"><span class='ocrx_word' id='word_1_263' title='bbox 1999 2238 2122 2278; x_wconf 90' lang='lat' dir='ltr'><strong>rum</strong></span> <span class='ocrx_word' id='word_1_264' title='bbox 2159 2223 2373 2288; x_wconf 81' lang='lat' dir='ltr'><strong>fortem,</strong></span> <span class='ocrx_word' id='word_1_265' title='bbox 2413 2240 2580 2294; x_wconf 91' lang='lat' dir='ltr'><strong>quum</strong></span> <span class='ocrx_word' id='word_1_266' title='bbox 2623 2226 2762 2280; x_wconf 90' lang='lat' dir='ltr'><strong>nihil</strong></span> <span class='ocrx_word' id='word_1_267' title='bbox 2801 2226 2857 2280; x_wconf 91' lang='lat' dir='ltr'><strong>in</strong></span> <span class='ocrx_word' id='word_1_268' title='bbox 2910 2227 3046 2283; x_wconf 90' lang='lat' dir='ltr'><strong>cella</strong></span> <span class='ocrx_word' id='word_1_269' title='bbox 3094 2212 3583 2296; x_wconf 6' lang='lat' dir='ltr'><strong>esset,iproficisci</strong></span> 
     </span>
    </p>
   </div>
   <div class='ocr_carea' id='block_1_33' title="bbox 279 2309 1888 2387">
    <p class='ocr_par' dir='ltr' id='par_1_33' title="bbox 279 2309 1888 2387">
     <span class='ocr_line' id='line_1_33' title="bbox 279 2309 1888 2387; baseline 0.004 -25"><span class='ocrx_word' id='word_1_270' title='bbox 279 2309 568 2382; x_wconf 76' lang='grc' dir='ltr'>ξανδρέων</span> <span class='ocrx_word' id='word_1_271' title='bbox 596 2313 766 2368; x_wconf 87' lang='grc' dir='ltr'>πόλιν</span> <span class='ocrx_word' id='word_1_272' title='bbox 787 2316 886 2368; x_wconf 79' lang='grc' dir='ltr'>οὐκ</span> <span class='ocrx_word' id='word_1_273' title='bbox 908 2313 1153 2386; x_wconf 80' lang='grc' dir='ltr'>ὤκνησεν</span> <span class='ocrx_word' id='word_1_274' title='bbox 1176 2316 1203 2367; x_wconf 89' lang='lat'><strong>6</strong></span> <span class='ocrx_word' id='word_1_275' title='bbox 1224 2316 1468 2387; x_wconf 84' lang='grc' dir='ltr'>ἀνδρεῖος</span> <span class='ocrx_word' id='word_1_276' title='bbox 1486 2317 1888 2387; x_wconf 85' lang='grc' dir='ltr'>παραγενέσθαι</span> 
     </span>
    </p>
   </div>
   <div class='ocr_carea' id='block_1_34' title="bbox 1994 2309 3580 2387">
    <p class='ocr_par' dir='ltr' id='par_1_34' title="bbox 1998 2311 3580 2387">
     <span class='ocr_line' id='line_1_34' title="bbox 1998 2311 3580 2387; baseline 0.004 -23"><span class='ocrx_word' id='word_1_277' title='bbox 1998 2311 2386 2368; x_wconf 82' lang='lat' dir='ltr'><strong>Alexandriam</strong></span> <span class='ocrx_word' id='word_1_278' title='bbox 2425 2330 2534 2368; x_wconf 92' lang='lat' dir='ltr'><strong>non</strong></span> <span class='ocrx_word' id='word_1_279' title='bbox 2565 2315 2761 2385; x_wconf 85' lang='lat' dir='ltr'><strong>piguit,</strong></span> <span class='ocrx_word' id='word_1_280' title='bbox 2811 2322 2869 2369; x_wconf 93' lang='lat' dir='ltr'><strong>ut</strong></span> <span class='ocrx_word' id='word_1_281' title='bbox 2891 2331 3055 2386; x_wconf 86' lang='lat' dir='ltr'><strong>aegro</strong></span> <span class='ocrx_word' id='word_1_282' title='bbox 3096 2316 3351 2382; x_wconf 79' lang='lat' dir='ltr'><strong>afferret;</strong></span> <span class='ocrx_word' id='word_1_283' title='bbox 3398 2332 3580 2387; x_wconf 88' lang='lat' dir='ltr'><strong>neque</strong></span> 
     </span>
    </p>
   </div>
   <div class='ocr_carea' id='block_1_35' title="bbox 287 2402 1888 2480">
    <p class='ocr_par' dir='ltr' id='par_1_35' title="bbox 287 2402 1888 2480">
     <span class='ocr_line' id='line_1_35' title="bbox 287 2402 1888 2480; baseline 0.006 -28"><span class='ocrx_word' id='word_1_284' title='bbox 287 2403 382 2454; x_wconf 70' lang='grc' dir='ltr'><strong>καὶ</strong></span> <span class='ocrx_word' id='word_1_285' title='bbox 428 2402 639 2457; x_wconf 77' lang='grc' dir='ltr'>δοῦναι</span> <span class='ocrx_word' id='word_1_286' title='bbox 683 2405 765 2476; x_wconf 79' lang='grc' dir='ltr'>τῷ</span> <span class='ocrx_word' id='word_1_287' title='bbox 803 2407 1091 2477; x_wconf 80' lang='grc' dir='ltr'>κάμνοντι·</span> <span class='ocrx_word' id='word_1_288' title='bbox 1122 2407 1218 2460; x_wconf 80' lang='grc' dir='ltr'><strong>καὶ</strong></span> <span class='ocrx_word' id='word_1_289' title='bbox 1263 2406 1325 2460; x_wconf 82' lang='grc' dir='ltr'><strong>τὸ</strong></span> <span class='ocrx_word' id='word_1_290' title='bbox 1355 2407 1670 2480; x_wconf 85' lang='grc' dir='ltr'>θαυμαστὸν</span> <span class='ocrx_word' id='word_1_291' title='bbox 1702 2409 1888 2480; x_wconf 73' lang='grc' dir='ltr'>μηδενὶ</span> 
     </span>
    </p>
   </div>
   <div class='ocr_carea' id='block_1_36' title="bbox 1994 2402 3194 2480">
    <p class='ocr_par' dir='ltr' id='par_1_36' title="bbox 1997 2403 3194 2476">
     <span class='ocr_line' id='line_1_36' title="bbox 1997 2403 3194 2476; baseline 0.003 -20"><span class='ocrx_word' id='word_1_292' title='bbox 1997 2403 2138 2457; x_wconf 88' lang='lat' dir='ltr'><strong>mira</strong></span> <span class='ocrx_word' id='word_1_293' title='bbox 2179 2419 2266 2459; x_wconf 94' lang='lat' dir='ltr'><strong>res</strong></span> <span class='ocrx_word' id='word_1_294' title='bbox 2300 2405 2592 2460; x_wconf 88' lang='lat' dir='ltr'><strong>manifesta</strong></span> <span class='ocrx_word' id='word_1_295' title='bbox 2623 2407 2882 2476; x_wconf 86' lang='lat' dir='ltr'><strong>cuiquam</strong></span> <span class='ocrx_word' id='word_1_296' title='bbox 2909 2406 3054 2460; x_wconf 88' lang='lat' dir='ltr'><strong>facta</strong></span> <span class='ocrx_word' id='word_1_297' title='bbox 3088 2413 3194 2462; x_wconf 90' lang='lat' dir='ltr'><strong>est.</strong></span> 
     </span>
    </p>
   </div>
   <div class='ocr_carea' id='block_1_37' title="bbox 289 2495 1058 2571">
    <p class='ocr_par' dir='ltr' id='par_1_37' title="bbox 289 2495 1058 2571">
     <span class='ocr_line' id='line_1_37' title="bbox 289 2495 1058 2571; baseline 0.01 -25"><span class='ocrx_word' id='word_1_298' title='bbox 289 2495 604 2566; x_wconf 72' lang='grc' dir='ltr'>κατάδηλον</span> <span class='ocrx_word' id='word_1_299' title='bbox 635 2497 931 2569; x_wconf 84' lang='grc' dir='ltr'>γενόμενον</span> <span class='ocrx_word' id='word_1_300' title='bbox 967 2499 1058 2571; x_wconf 90' lang='lat' dir='ltr'><strong>(c).</strong></span> 
     </span>
    </p>
   </div>
   <div class='ocr_carea' id='block_1_38' title="bbox 2002 1213 3592 1284">
    <p class='ocr_par' dir='ltr' id='par_1_38' title="bbox 2002 1213 3592 1284">
     <span class='ocr_line' id='line_1_38' title="bbox 2002 1213 3592 1284; baseline 0.001 -16"><span class='ocrx_word' id='word_1_301' title='bbox 2002 1213 2222 1268; x_wconf 81' lang='lat' dir='ltr'><strong>viduam</strong></span> <span class='ocrx_word' id='word_1_302' title='bbox 2261 1222 2314 1268; x_wconf 89' lang='lat' dir='ltr'><strong>et</strong></span> <span class='ocrx_word' id='word_1_303' title='bbox 2352 1215 2587 1284; x_wconf 89' lang='lat' dir='ltr'><strong>pupillos</strong></span> <span class='ocrx_word' id='word_1_304' title='bbox 2618 1213 2760 1269; x_wconf 91' lang='lat' dir='ltr'><strong>Deus</strong></span> <span class='ocrx_word' id='word_1_305' title='bbox 2810 1231 2922 1269; x_wconf 86' lang='lat' dir='ltr'><strong>rem</strong></span> <span class='ocrx_word' id='word_1_306' title='bbox 2968 1214 3117 1270; x_wconf 88' lang='lat' dir='ltr'><strong>fecit.</strong></span> <span class='ocrx_word' id='word_1_307' title='bbox 3162 1216 3277 1270; x_wconf 83' lang='lat' dir='ltr'><strong>Hoc</strong></span> <span class='ocrx_word' id='word_1_308' title='bbox 3304 1233 3430 1271; x_wconf 88' lang='lat' dir='ltr'><strong>vero</strong></span> <span class='ocrx_word' id='word_1_309' title='bbox 3474 1231 3592 1270; x_wconf 87' lang='lat' dir='ltr'><strong>ma-</strong></span> 
     </span>
    </p>
   </div>
   <div class='ocr_carea' id='block_1_39' title="bbox 2000 1303 3636 1377">
    <p class='ocr_par' dir='ltr' id='par_1_39' title="bbox 2000 1303 3636 1377">
     <span class='ocr_line' id='line_1_39' title="bbox 2000 1303 3636 1377; baseline 0.005 -22"><span class='ocrx_word' id='word_1_310' title='bbox 2000 1317 2166 1373; x_wconf 90' lang='lat' dir='ltr'><strong>gnum</strong></span> <span class='ocrx_word' id='word_1_311' title='bbox 2207 1309 2312 1368; x_wconf 92' lang='lat' dir='ltr'><strong>est,</strong></span> <span class='ocrx_word' id='word_1_312' title='bbox 2361 1305 2503 1374; x_wconf 78' lang='lat' dir='ltr'><strong>quod</strong></span> <span class='ocrx_word' id='word_1_313' title='bbox 2534 1303 2678 1358; x_wconf 90' lang='lat' dir='ltr'><strong>Deus</strong></span> <span class='ocrx_word' id='word_1_314' title='bbox 2721 1304 2837 1357; x_wconf 87' lang='lat' dir='ltr'><strong>vult</strong></span> <span class='ocrx_word' id='word_1_315' title='bbox 2877 1306 3112 1359; x_wconf 86' lang='lat' dir='ltr'><strong>animam</strong></span> <span class='ocrx_word' id='word_1_316' title='bbox 3159 1323 3282 1362; x_wconf 89' lang='lat' dir='ltr'><strong>esse</strong></span> <span class='ocrx_word' id='word_1_317' title='bbox 3317 1308 3435 1363; x_wconf 88' lang='lat' dir='ltr'><strong>sine</strong></span> <span class='ocrx_word' id='word_1_318' title='bbox 3462 1324 3592 1377; x_wconf 86' lang='lat' dir='ltr'><strong>pec-</strong></span> <span class='ocrx_word' id='word_1_319' title='bbox 3634 1337 3636 1344; x_wconf 66' lang='grc' dir='ltr'><strong>τ</strong></span> 
     </span>
    </p>
   </div>
   <div class='ocr_carea' id='block_1_40' title="bbox 2001 1397 3590 1474">
    <p class='ocr_par' dir='ltr' id='par_1_40' title="bbox 2001 1397 3590 1474">
     <span class='ocr_line' id='line_1_40' title="bbox 2001 1397 3590 1474; baseline 0.006 -26"><span class='ocrx_word' id='word_1_320' title='bbox 2001 1402 2149 1461; x_wconf 87' lang='lat' dir='ltr'><strong>cato,</strong></span> <span class='ocrx_word' id='word_1_321' title='bbox 2185 1405 2239 1450; x_wconf 90' lang='lat' dir='ltr'><strong>et</strong></span> <span class='ocrx_word' id='word_1_322' title='bbox 2265 1397 2525 1468; x_wconf 91' lang='lat' dir='ltr'><strong>quicquid</strong></span> <span class='ocrx_word' id='word_1_323' title='bbox 2556 1398 2774 1468; x_wconf 89' lang='lat' dir='ltr'><strong>petierit</strong></span> <span class='ocrx_word' id='word_1_324' title='bbox 2804 1400 3053 1468; x_wconf 88' lang='lat' dir='ltr'><strong>accipiet.</strong></span> <span class='ocrx_word' id='word_1_325' title='bbox 3089 1399 3378 1457; x_wconf 81' lang='lat' dir='ltr'><strong>Profectus</strong></span> <span class='ocrx_word' id='word_1_326' title='bbox 3421 1404 3590 1474; x_wconf 84' lang='lat' dir='ltr'><strong>igitur</strong></span> 
     </span>
    </p>
   </div>
   <div class='ocr_carea' id='block_1_41' title="bbox 1999 1489 3588 1562">
    <p class='ocr_par' dir='ltr' id='par_1_41' title="bbox 1999 1489 3588 1562">
     <span class='ocr_line' id='line_1_41' title="bbox 1999 1489 3588 1562; baseline 0.006 -21"><span class='ocrx_word' id='word_1_327' title='bbox 1999 1489 2270 1542; x_wconf 81' lang='lat' dir='ltr'><strong>nuntiavit</strong></span> <span class='ocrx_word' id='word_1_328' title='bbox 2295 1490 2510 1558; x_wconf 88' lang='lat' dir='ltr'><strong>viduae,</strong></span> <span class='ocrx_word' id='word_1_329' title='bbox 2542 1491 2634 1545; x_wconf 90' lang='lat' dir='ltr'><strong>ubi</strong></span> <span class='ocrx_word' id='word_1_330' title='bbox 2659 1491 2866 1546; x_wconf 88' lang='lat' dir='ltr'><strong>iaceret</strong></span> <span class='ocrx_word' id='word_1_331' title='bbox 2901 1492 3232 1562; x_wconf 89' lang='lat' dir='ltr'><strong>depositum.</strong></span> <span class='ocrx_word' id='word_1_332' title='bbox 3256 1495 3406 1561; x_wconf 85' lang='lat' dir='ltr'><strong>Quae</strong></span> <span class='ocrx_word' id='word_1_333' title='bbox 3441 1498 3588 1552; x_wconf 90' lang='lat' dir='ltr'><strong>acci-</strong></span> 
     </span>
    </p>
   </div>
   <div class='ocr_carea' id='block_1_42' title="bbox 1998 1579 3586 1649">
    <p class='ocr_par' dir='ltr' id='par_1_42' title="bbox 1998 1579 3586 1649">
     <span class='ocr_line' id='line_1_42' title="bbox 1998 1579 3586 1649; baseline 0.007 -17"><span class='ocrx_word' id='word_1_334' title='bbox 1998 1579 2154 1649; x_wconf 91' lang='lat' dir='ltr'><strong>piens</strong></span> <span class='ocrx_word' id='word_1_335' title='bbox 2181 1581 2328 1636; x_wconf 90' lang='lat' dir='ltr'><strong>dedit</strong></span> <span class='ocrx_word' id='word_1_336' title='bbox 2348 1581 2588 1645; x_wconf 85' lang='lat' dir='ltr'><strong>domino,</strong></span> <span class='ocrx_word' id='word_1_337' title='bbox 2610 1584 3066 1640; x_wconf 89' lang='lat' dir='ltr'><strong>acinlibertatem</strong></span> <span class='ocrx_word' id='word_1_338' title='bbox 3094 1589 3330 1642; x_wconf 89' lang='lat' dir='ltr'><strong>asseruit</strong></span> <span class='ocrx_word' id='word_1_339' title='bbox 3358 1588 3586 1643; x_wconf 91' lang='lat' dir='ltr'><strong>liberos.</strong></span> 
     </span>
    </p>
   </div>
   <div class='ocr_carea' id='block_1_43' title="bbox 1997 1671 3590 1749">
    <p class='ocr_par' dir='ltr' id='par_1_43' title="bbox 1997 1671 3590 1749">
     <span class='ocr_line' id='line_1_43' title="bbox 1997 1671 3590 1749; baseline 0.007 -25"><span class='ocrx_word' id='word_1_340' title='bbox 1997 1671 2327 1741; x_wconf 86' lang='lat' dir='ltr'><strong>Omnesque,</strong></span> <span class='ocrx_word' id='word_1_341' title='bbox 2363 1675 2456 1743; x_wconf 89' lang='lat' dir='ltr'><strong>qui</strong></span> <span class='ocrx_word' id='word_1_342' title='bbox 2488 1675 2813 1729; x_wconf 89' lang='lat' dir='ltr'><strong>miraculum</strong></span> <span class='ocrx_word' id='word_1_343' title='bbox 2853 1675 3198 1744; x_wconf 86' lang='lat' dir='ltr'><strong>audiverunt,</strong></span> <span class='ocrx_word' id='word_1_344' title='bbox 3239 1679 3466 1749; x_wconf 80' lang='lat' dir='ltr'><strong>gloriam</strong></span> <span class='ocrx_word' id='word_1_345' title='bbox 3499 1680 3590 1736; x_wconf 87' lang='lat' dir='ltr'><strong>de-</strong></span> 
     </span>
    </p>
   </div>
   <div class='ocr_carea' id='block_1_44' title="bbox 2068 2578 3571 2650">
    <p class='ocr_par' dir='ltr' id='par_1_44' title="bbox 2068 2578 3571 2650">
     <span class='ocr_line' id='line_1_44' title="bbox 2068 2578 3571 2650; baseline -0.002 -16"><span class='ocrx_word' id='word_1_346' title='bbox 2068 2579 2122 2634; x_wconf 88' lang='lat'><strong>9.</strong></span> <span class='ocrx_word' id='word_1_347' title='bbox 2159 2578 2360 2633; x_wconf 86' lang='lat' dir='ltr'><strong>lterum</strong></span> <span class='ocrx_word' id='word_1_348' title='bbox 2390 2580 2716 2635; x_wconf 87' lang='lat' dir='ltr'><strong>memoravit</strong></span> <span class='ocrx_word' id='word_1_349' title='bbox 2742 2599 2754 2635; x_wconf 90' lang='lat'><strong>:</strong></span> <span class='ocrx_word' id='word_1_350' title='bbox 2783 2579 3025 2641; x_wconf 81' lang='lat' dir='ltr'><strong>Macario</strong></span> <span class='ocrx_word' id='word_1_351' title='bbox 3054 2580 3238 2635; x_wconf 85' lang='lat' dir='ltr'><strong>abbati</strong></span> <span class='ocrx_word' id='word_1_352' title='bbox 3267 2594 3399 2650; x_wconf 89' lang='lat' dir='ltr'><strong>prae</strong></span> <span class='ocrx_word' id='word_1_353' title='bbox 3427 2594 3571 2632; x_wconf 88' lang='lat' dir='ltr'><strong>cun-</strong></span> 
     </span>
    </p>
   </div>
   <div class='ocr_carea' id='block_1_45' title="bbox 1997 2667 3565 2741">
    <p class='ocr_par' dir='ltr' id='par_1_45' title="bbox 1997 2667 3565 2741">
     <span class='ocr_line' id='line_1_45' title="bbox 1997 2667 3565 2741; baseline -0.001 -16"><span class='ocrx_word' id='word_1_354' title='bbox 1997 2670 2104 2725; x_wconf 86' lang='lat' dir='ltr'><strong>ctis</strong></span> <span class='ocrx_word' id='word_1_355' title='bbox 2134 2672 2402 2724; x_wconf 76' lang='lat' dir='ltr'><strong>fratribus</strong></span> <span class='ocrx_word' id='word_1_356' title='bbox 2435 2671 2492 2725; x_wconf 91' lang='lat' dir='ltr'><strong>in</strong></span> <span class='ocrx_word' id='word_1_357' title='bbox 2527 2672 2880 2741; x_wconf 89' lang='lat' dir='ltr'><strong>simplicitate</strong></span> <span class='ocrx_word' id='word_1_358' title='bbox 2903 2671 3254 2726; x_wconf 90' lang='lat' dir='ltr'><strong>eonversanti</strong></span> <span class='ocrx_word' id='word_1_359' title='bbox 3296 2667 3522 2738; x_wconf 90' lang='lat' dir='ltr'><strong>quidam</strong></span> <span class='ocrx_word' id='word_1_360' title='bbox 3551 2688 3565 2724; x_wconf 91' lang='lat'><strong>:</strong></span> 
     </span>
    </p>
   </div>
   <div class='ocr_carea' id='block_1_46' title="bbox 1997 2759 3573 2832">
    <p class='ocr_par' dir='ltr' id='par_1_46' title="bbox 1997 2759 3573 2832">
     <span class='ocr_line' id='line_1_46' title="bbox 1997 2759 3573 2832; baseline -0.001 -16"><span class='ocrx_word' id='word_1_361' title='bbox 1997 2760 2130 2826; x_wconf 89' lang='lat' dir='ltr'><strong>Cur,</strong></span> <span class='ocrx_word' id='word_1_362' title='bbox 2169 2761 2450 2832; x_wconf 89' lang='lat' dir='ltr'><strong>inquiunt,</strong></span> <span class='ocrx_word' id='word_1_363' title='bbox 2481 2763 2645 2816; x_wconf 91' lang='lat' dir='ltr'><strong>talem</strong></span> <span class='ocrx_word' id='word_1_364' title='bbox 2693 2771 2745 2816; x_wconf 89' lang='lat' dir='ltr'><strong>te</strong></span> <span class='ocrx_word' id='word_1_365' title='bbox 2769 2762 3058 2832; x_wconf 73' lang='lat' dir='ltr'><strong>praebes?</strong></span> <span class='ocrx_word' id='word_1_366' title='bbox 3104 2759 3198 2814; x_wconf 91' lang='lat' dir='ltr'><strong>Ille</strong></span> <span class='ocrx_word' id='word_1_367' title='bbox 3237 2759 3524 2828; x_wconf 89' lang='lat' dir='ltr'><strong>respondit</strong></span> <span class='ocrx_word' id='word_1_368' title='bbox 3559 2778 3573 2814; x_wconf 95' lang='lat'><strong>:</strong></span> 
     </span>
    </p>
   </div>
   <div class='ocr_carea' id='block_1_47' title="bbox 1994 2851 3572 2916">
    <p class='ocr_par' dir='ltr' id='par_1_47' title="bbox 1994 2851 3572 2916">
     <span class='ocr_line' id='line_1_47' title="bbox 1994 2851 3572 2916; baseline -0.001 -9"><span class='ocrx_word' id='word_1_369' title='bbox 1994 2853 2295 2910; x_wconf 89' lang='lat' dir='ltr'><strong>Duodecim</strong></span> <span class='ocrx_word' id='word_1_370' title='bbox 2325 2855 2485 2909; x_wconf 90' lang='lat' dir='ltr'><strong>annis</strong></span> <span class='ocrx_word' id='word_1_371' title='bbox 2515 2855 2714 2910; x_wconf 88' lang='lat' dir='ltr'><strong>servivi</strong></span> <span class='ocrx_word' id='word_1_372' title='bbox 2753 2853 2984 2907; x_wconf 90' lang='lat' dir='ltr'><strong>Domino</strong></span> <span class='ocrx_word' id='word_1_373' title='bbox 3005 2869 3146 2916; x_wconf 92' lang='lat' dir='ltr'><strong>meo,</strong></span> <span class='ocrx_word' id='word_1_374' title='bbox 3182 2861 3239 2906; x_wconf 88' lang='lat' dir='ltr'><strong>ut</strong></span> <span class='ocrx_word' id='word_1_375' title='bbox 3270 2851 3402 2905; x_wconf 89' lang='lat' dir='ltr'><strong>mihi</strong></span> <span class='ocrx_word' id='word_1_376' title='bbox 3425 2851 3572 2907; x_wconf 91' lang='lat' dir='ltr'><strong>hane</strong></span> 
     </span>
    </p>
   </div>
   <div class='ocr_carea' id='block_1_48' title="bbox 1993 2941 3577 3018">
    <p class='ocr_par' dir='ltr' id='par_1_48' title="bbox 1993 2941 3577 3018">
     <span class='ocr_line' id='line_1_48' title="bbox 1993 2941 3577 3018; baseline -0.003 -18"><span class='ocrx_word' id='word_1_377' title='bbox 1993 2946 2292 3018; x_wconf 76' lang='lat' dir='ltr'><strong>largiretur</strong></span> <span class='ocrx_word' id='word_1_378' title='bbox 2331 2947 2588 3016; x_wconf 81' lang='lat' dir='ltr'><strong>gratiam,</strong></span> <span class='ocrx_word' id='word_1_379' title='bbox 2627 2956 2682 3002; x_wconf 89' lang='lat' dir='ltr'><strong>et</strong></span> <span class='ocrx_word' id='word_1_380' title='bbox 2724 2962 2823 3003; x_wconf 89' lang='lat' dir='ltr'><strong>vos</strong></span> <span class='ocrx_word' id='word_1_381' title='bbox 2863 2960 3055 3002; x_wconf 91' lang='lat' dir='ltr'><strong>omnes</strong></span> <span class='ocrx_word' id='word_1_382' title='bbox 3103 2945 3238 2999; x_wconf 90' lang='lat' dir='ltr'><strong>mihi</strong></span> <span class='ocrx_word' id='word_1_383' title='bbox 3279 2941 3577 2998; x_wconf 86' lang='lat' dir='ltr'><strong>consiliqu</strong></span> 
     </span>
    </p>
   </div>
   <div class='ocr_carea' id='block_1_49' title="bbox 361 2583 1889 2666">
    <p class='ocr_par' dir='ltr' id='par_1_49' title="bbox 361 2583 1889 2666">
     <span class='ocr_line' id='line_1_49' title="bbox 361 2583 1889 2666; baseline 0.004 -26"><span class='ocrx_word' id='word_1_384' title='bbox 361 2583 412 2640; x_wconf 83' lang='lat'><strong>9.</strong></span> <span class='ocrx_word' id='word_1_385' title='bbox 450 2583 609 2641; x_wconf 72' lang='grc' dir='ltr'>Εῐπε</span> <span class='ocrx_word' id='word_1_386' title='bbox 649 2588 835 2654; x_wconf 86' lang='grc' dir='ltr'>πάλιν,</span> <span class='ocrx_word' id='word_1_387' title='bbox 864 2591 947 2643; x_wconf 82' lang='grc' dir='ltr'><strong>ὅτι</strong></span> <span class='ocrx_word' id='word_1_388' title='bbox 969 2591 1027 2643; x_wconf 83' lang='grc' dir='ltr'>ὲν</span> <span class='ocrx_word' id='word_1_389' title='bbox 1063 2591 1271 2661; x_wconf 72' lang='grc' dir='ltr'>ἀκακία</span> <span class='ocrx_word' id='word_1_390' title='bbox 1300 2589 1394 2645; x_wconf 78' lang='grc' dir='ltr'>τοῦ</span> <span class='ocrx_word' id='word_1_391' title='bbox 1427 2591 1572 2646; x_wconf 68' lang='lat' dir='ltr'><strong>assa</strong></span> <span class='ocrx_word' id='word_1_392' title='bbox 1602 2592 1889 2666; x_wconf 84' lang='grc' dir='ltr'>Μακαρίου</span> 
     </span>
    </p>
   </div>
   <div class='ocr_carea' id='block_1_50' title="bbox 275 2679 1887 2754">
    <p class='ocr_par' dir='ltr' id='par_1_50' title="bbox 275 2679 1887 2754">
     <span class='ocr_line' id='line_1_50' title="bbox 275 2679 1887 2754; baseline 0.005 -25"><span class='ocrx_word' id='word_1_393' title='bbox 275 2679 735 2751; x_wconf 75' lang='grc' dir='ltr'>πολιτευομένου</span> <span class='ocrx_word' id='word_1_394' title='bbox 780 2680 918 2752; x_wconf 82' lang='grc' dir='ltr'>πρὸς</span> <span class='ocrx_word' id='word_1_395' title='bbox 972 2682 1136 2754; x_wconf 78' lang='grc'>248</span> <span class='ocrx_word' id='word_1_396' title='bbox 1176 2684 1385 2747; x_wconf 80' lang='grc' dir='ltr'>πάντας</span> <span class='ocrx_word' id='word_1_397' title='bbox 1421 2685 1550 2747; x_wconf 85' lang='grc' dir='ltr'>τοὺς</span> <span class='ocrx_word' id='word_1_398' title='bbox 1601 2683 1887 2752; x_wconf 82' lang='grc' dir='ltr'>ἀδελφοὺς,</span> 
     </span>
    </p>
   </div>
   <div class='ocr_carea' id='block_1_51' title="bbox 271 2766 1890 2841">
    <p class='ocr_par' dir='ltr' id='par_1_51' title="bbox 271 2766 1890 2841">
     <span class='ocr_line' id='line_1_51' title="bbox 271 2766 1890 2841; baseline 0.006 -22"><span class='ocrx_word' id='word_1_399' title='bbox 271 2766 508 2838; x_wconf 64' lang='grc' dir='ltr'>ἔφησαν</span> <span class='ocrx_word' id='word_1_400' title='bbox 539 2770 700 2841; x_wconf 83' lang='grc' dir='ltr'>αὑτῷ</span> <span class='ocrx_word' id='word_1_401' title='bbox 727 2788 870 2834; x_wconf 88' lang='grc' dir='ltr'>τινες</span> <span class='ocrx_word' id='word_1_402' title='bbox 887 2789 900 2801; x_wconf 88' lang='grc'>·</span> <span class='ocrx_word' id='word_1_403' title='bbox 935 2771 1026 2825; x_wconf 83' lang='grc' dir='ltr'>διὰ</span> <span class='ocrx_word' id='word_1_404' title='bbox 1046 2774 1100 2826; x_wconf 83' lang='grc' dir='ltr'><strong>τί</strong></span> <span class='ocrx_word' id='word_1_405' title='bbox 1127 2771 1302 2838; x_wconf 76' lang='grc' dir='ltr'>οὕτως</span> <span class='ocrx_word' id='word_1_406' title='bbox 1330 2773 1524 2827; x_wconf 80' lang='grc' dir='ltr'>ἑαυτὸν</span> <span class='ocrx_word' id='word_1_407' title='bbox 1542 2776 1747 2839; x_wconf 81' lang='grc' dir='ltr'>ποιεῖς;</span> <span class='ocrx_word' id='word_1_408' title='bbox 1781 2775 1810 2826; x_wconf 89' lang='lat'><strong>6</strong></span> <span class='ocrx_word' id='word_1_409' title='bbox 1833 2775 1890 2828; x_wconf 80' lang='grc' dir='ltr'>δὲ</span> 
     </span>
    </p>
   </div>
   <div class='ocr_carea' id='block_1_52' title="bbox 268 2853 1888 2936">
    <p class='ocr_par' dir='ltr' id='par_1_52' title="bbox 268 2853 1888 2936">
     <span class='ocr_line' id='line_1_52' title="bbox 268 2853 1888 2936; baseline 0.006 -28"><span class='ocrx_word' id='word_1_410' title='bbox 268 2853 442 2910; x_wconf 81' lang='grc' dir='ltr'>εἷπε·</span> <span class='ocrx_word' id='word_1_411' title='bbox 479 2859 702 2914; x_wconf 79' lang='grc' dir='ltr'>δώδεκα</span> <span class='ocrx_word' id='word_1_412' title='bbox 727 2861 821 2932; x_wconf 78' lang='grc' dir='ltr'><strong>ἔτη</strong></span> <span class='ocrx_word' id='word_1_413' title='bbox 856 2863 1149 2917; x_wconf 74' lang='grc' dir='ltr'>ἐδούλευσα</span> <span class='ocrx_word' id='word_1_414' title='bbox 1185 2863 1265 2934; x_wconf 86' lang='grc' dir='ltr'>τῷ</span> <span class='ocrx_word' id='word_1_415' title='bbox 1293 2864 1469 2935; x_wconf 85' lang='grc' dir='ltr'>κυρίῳ</span> <span class='ocrx_word' id='word_1_416' title='bbox 1500 2882 1626 2935; x_wconf 85' lang='grc' dir='ltr'>μου,</span> <span class='ocrx_word' id='word_1_417' title='bbox 1671 2865 1758 2919; x_wconf 78' lang='grc' dir='ltr'><strong>ἵνα</strong></span> <span class='ocrx_word' id='word_1_418' title='bbox 1799 2883 1888 2936; x_wconf 87' lang='grc' dir='ltr'><strong>μοι</strong></span> 
     </span>
    </p>
   </div>
   <div class='ocr_carea' id='block_1_53' title="bbox 269 2950 1889 3025">
    <p class='ocr_par' dir='ltr' id='par_1_53' title="bbox 269 2950 1889 3025">
     <span class='ocr_line' id='line_1_53' title="bbox 269 2950 1889 3025; baseline 0.004 -25"><span class='ocrx_word' id='word_1_419' title='bbox 269 2950 602 3020; x_wconf 76' lang='grc' dir='ltr'>χαρίσηται</span> <span class='ocrx_word' id='word_1_420' title='bbox 627 2952 688 3003; x_wconf 85' lang='grc' dir='ltr'><strong>τὸ</strong></span> <span class='ocrx_word' id='word_1_421' title='bbox 709 2953 953 3022; x_wconf 86' lang='grc' dir='ltr'>χάρισμα</span> <span class='ocrx_word' id='word_1_422' title='bbox 974 2950 1152 3018; x_wconf 81' lang='grc' dir='ltr'>τοῦτο,</span> <span class='ocrx_word' id='word_1_423' title='bbox 1186 2954 1279 3006; x_wconf 72' lang='grc' dir='ltr'><strong>καὶ</strong></span> <span class='ocrx_word' id='word_1_424' title='bbox 1308 2955 1510 3017; x_wconf 89' lang='grc' dir='ltr'>πάντες</span> <span class='ocrx_word' id='word_1_425' title='bbox 1543 2971 1632 3024; x_wconf 90' lang='grc' dir='ltr'><strong>μοι</strong></span> <span class='ocrx_word' id='word_1_426' title='bbox 1652 2954 1889 3025; x_wconf 76' lang='grc' dir='ltr'>συμϐου-</span> 
     </span>
    </p>
   </div>
   <div class='ocr_carea' id='block_1_54' title="bbox 269 3035 1888 3110">
    <p class='ocr_par' dir='ltr' id='par_1_54' title="bbox 269 3041 1027 3110">
     <span class='ocr_line' id='line_1_54' title="bbox 269 3041 1027 3110; baseline 0.008 -18"><span class='ocrx_word' id='word_1_427' title='bbox 269 3041 492 3094; x_wconf 79' lang='grc' dir='ltr'>λεύετε</span> <span class='ocrx_word' id='word_1_428' title='bbox 528 3041 836 3097; x_wconf 81' lang='grc' dir='ltr'>ἀποθέσθαι</span> <span class='ocrx_word' id='word_1_429' title='bbox 861 3044 992 3098; x_wconf 80' lang='grc' dir='ltr'>αὐτό</span> <span class='ocrx_word' id='word_1_430' title='bbox 1013 3062 1027 3110; x_wconf 89' lang='grc'>;</span> 
     </span>
    </p>
   </div>
   <div class='ocr_carea' id='block_1_55' title="bbox 1994 3035 2758 3110">
    <p class='ocr_par' dir='ltr' id='par_1_55' title="bbox 1994 3035 2758 3106">
     <span class='ocr_line' id='line_1_55' title="bbox 1994 3035 2758 3106; baseline 0.001 -16"><span class='ocrx_word' id='word_1_431' title='bbox 1994 3035 2157 3103; x_wconf 88' lang='lat' dir='ltr'><strong>datis,</strong></span> <span class='ocrx_word' id='word_1_432' title='bbox 2188 3044 2248 3091; x_wconf 92' lang='lat' dir='ltr'><strong>ut</strong></span> <span class='ocrx_word' id='word_1_433' title='bbox 2281 3037 2552 3106; x_wconf 88' lang='lat' dir='ltr'><strong>deponam</strong></span> <span class='ocrx_word' id='word_1_434' title='bbox 2593 3037 2758 3091; x_wconf 88' lang='lat' dir='ltr'><strong>eam?</strong></span> 
     </span>
    </p>
   </div>
   <div class='ocr_carea' id='block_1_56' title="bbox 353 3129 1888 3210">
    <p class='ocr_par' dir='ltr' id='par_1_56' title="bbox 353 3133 1888 3210">
     <span class='ocr_line' id='line_1_56' title="bbox 353 3133 1888 3210; baseline 0.005 -24"><span class='ocrx_word' id='word_1_435' title='bbox 353 3133 456 3187; x_wconf 87' lang='grc'><strong>10.</strong></span> <span class='ocrx_word' id='word_1_436' title='bbox 498 3133 731 3201; x_wconf 82' lang='grc' dir='ltr'>Ἔλεγον</span> <span class='ocrx_word' id='word_1_437' title='bbox 775 3136 903 3206; x_wconf 75' lang='grc' dir='ltr'>περὶ</span> <span class='ocrx_word' id='word_1_438' title='bbox 939 3135 1034 3190; x_wconf 79' lang='grc' dir='ltr'>τοῦ</span> <span class='ocrx_word' id='word_1_439' title='bbox 1071 3136 1218 3190; x_wconf 78' lang='grc' dir='ltr'>ἀδϐᾶ</span> <span class='ocrx_word' id='word_1_440' title='bbox 1249 3137 1558 3210; x_wconf 87' lang='grc' dir='ltr'>Μακαρίου,</span> <span class='ocrx_word' id='word_1_441' title='bbox 1600 3140 1682 3194; x_wconf 81' lang='grc' dir='ltr'><strong>ὅτι</strong></span> <span class='ocrx_word' id='word_1_442' title='bbox 1716 3142 1764 3194; x_wconf 85' lang='grc' dir='ltr'>εἰ</span> <span class='ocrx_word' id='word_1_443' title='bbox 1798 3141 1888 3194; x_wconf 78' lang='grc' dir='ltr'><strong>εὑ-</strong></span> 
     </span>
    </p>
   </div>
   <div class='ocr_carea' id='block_1_57' title="bbox 1994 3129 3576 3210">
    <p class='ocr_par' dir='ltr' id='par_1_57' title="bbox 2063 3129 3576 3200">
     <span class='ocr_line' id='line_1_57' title="bbox 2063 3129 3576 3200; baseline 0 -16"><span class='ocrx_word' id='word_1_444' title='bbox 2063 3129 2153 3184; x_wconf 81' lang='grc'><strong>10.</strong></span> <span class='ocrx_word' id='word_1_445' title='bbox 2195 3129 2461 3185; x_wconf 88' lang='lat' dir='ltr'><strong>Dicebant</strong></span> <span class='ocrx_word' id='word_1_446' title='bbox 2489 3131 2556 3186; x_wconf 93' lang='lat' dir='ltr'><strong>de</strong></span> <span class='ocrx_word' id='word_1_447' title='bbox 2572 3129 2812 3185; x_wconf 88' lang='lat' dir='ltr'><strong>Macario</strong></span> <span class='ocrx_word' id='word_1_448' title='bbox 2842 3129 3058 3196; x_wconf 85' lang='lat' dir='ltr'><strong>abbate,</strong></span> <span class='ocrx_word' id='word_1_449' title='bbox 3109 3130 3276 3200; x_wconf 90' lang='lat' dir='ltr'><strong>quod,</strong></span> <span class='ocrx_word' id='word_1_450' title='bbox 3296 3130 3342 3187; x_wconf 90' lang='lat' dir='ltr'><strong>si</strong></span> <span class='ocrx_word' id='word_1_451' title='bbox 3373 3144 3576 3184; x_wconf 87' lang='lat' dir='ltr'><strong>vacans</strong></span> 
     </span>
    </p>
   </div>
   <div class='ocr_carea' id='block_1_58' title="bbox 267 3218 1888 3302">
    <p class='ocr_par' dir='ltr' id='par_1_58' title="bbox 267 3218 1888 3302">
     <span class='ocr_line' id='line_1_58' title="bbox 267 3218 1888 3302; baseline 0.006 -26"><span class='ocrx_word' id='word_1_452' title='bbox 267 3223 538 3294; x_wconf 71' lang='grc' dir='ltr'>καίρησε</span> <span class='ocrx_word' id='word_1_453' title='bbox 586 3226 728 3296; x_wconf 79' lang='grc' dir='ltr'>μετὰ</span> <span class='ocrx_word' id='word_1_454' title='bbox 772 3227 1039 3296; x_wconf 70' lang='grc' dir='ltr'>ἀδελφῶν,</span> <span class='ocrx_word' id='word_1_455' title='bbox 1073 3228 1243 3282; x_wconf 77' lang='grc' dir='ltr'>ἐτίθει</span> <span class='ocrx_word' id='word_1_456' title='bbox 1277 3218 1642 3302; x_wconf 80' lang='grc' dir='ltr'>ὲαυτῷδρον·</span> <span class='ocrx_word' id='word_1_457' title='bbox 1678 3232 1761 3285; x_wconf 83' lang='grc' dir='ltr'><strong>ὅτι</strong></span> <span class='ocrx_word' id='word_1_458' title='bbox 1791 3233 1888 3286; x_wconf 79' lang='grc' dir='ltr'><strong>ἐὰν</strong></span> 
     </span>
    </p>
   </div>
   <div class='ocr_carea' id='block_1_59' title="bbox 1994 3218 3577 3302">
    <p class='ocr_par' dir='ltr' id='par_1_59' title="bbox 1994 3221 3577 3291">
     <span class='ocr_line' id='line_1_59' title="bbox 1994 3221 3577 3291; baseline 0.001 -18"><span class='ocrx_word' id='word_1_459' title='bbox 1994 3227 2308 3275; x_wconf 89' lang='lat' dir='ltr'><strong>versaretur</strong></span> <span class='ocrx_word' id='word_1_460' title='bbox 2331 3234 2456 3274; x_wconf 92' lang='lat' dir='ltr'><strong>cum</strong></span> <span class='ocrx_word' id='word_1_461' title='bbox 2499 3221 2788 3284; x_wconf 77' lang='lat' dir='ltr'><strong>fratribus,</strong></span> <span class='ocrx_word' id='word_1_462' title='bbox 2831 3221 2971 3275; x_wconf 90' lang='lat' dir='ltr'><strong>hanc</strong></span> <span class='ocrx_word' id='word_1_463' title='bbox 2999 3221 3104 3274; x_wconf 89' lang='lat' dir='ltr'><strong>sibi</strong></span> <span class='ocrx_word' id='word_1_464' title='bbox 3152 3221 3326 3291; x_wconf 81' lang='lat' dir='ltr'><strong>legem</strong></span> <span class='ocrx_word' id='word_1_465' title='bbox 3367 3223 3577 3276; x_wconf 86' lang='lat' dir='ltr'><strong>consti-</strong></span> 
     </span>
    </p>
   </div>
   <div class='ocr_carea' id='block_1_60' title="bbox 265 3299 1888 3389">
    <p class='ocr_par' dir='ltr' id='par_1_60' title="bbox 265 3299 1888 3389">
     <span class='ocr_line' id='line_1_60' title="bbox 265 3299 1888 3389; baseline 0.006 -22"><span class='ocrx_word' id='word_1_466' title='bbox 265 3316 499 3388; x_wconf 75' lang='grc' dir='ltr'>εὑρεθῇ</span> <span class='ocrx_word' id='word_1_467' title='bbox 531 3313 701 3381; x_wconf 82' lang='grc' dir='ltr'>οἶνος,</span> <span class='ocrx_word' id='word_1_468' title='bbox 739 3317 827 3371; x_wconf 78' lang='grc' dir='ltr'>διὰ</span> <span class='ocrx_word' id='word_1_469' title='bbox 854 3320 982 3382; x_wconf 77' lang='grc' dir='ltr'>τοὺς</span> <span class='ocrx_word' id='word_1_470' title='bbox 1010 3319 1274 3389; x_wconf 81' lang='grc' dir='ltr'>ἀδελφοὺς</span> <span class='ocrx_word' id='word_1_471' title='bbox 1315 3299 1460 3386; x_wconf 86' lang='grc' dir='ltr'>πίνε,</span> <span class='ocrx_word' id='word_1_472' title='bbox 1493 3299 1590 3375; x_wconf 79' lang='grc' dir='ltr'><strong>καὶ</strong></span> <span class='ocrx_word' id='word_1_473' title='bbox 1615 3323 1735 3376; x_wconf 78' lang='grc' dir='ltr'><strong>ἀντὶ</strong></span> <span class='ocrx_word' id='word_1_474' title='bbox 1769 3324 1888 3387; x_wconf 77' lang='grc' dir='ltr'>ἐνὸς</span> 
     </span>
    </p>
   </div>
   <div class='ocr_carea' id='block_1_61' title="bbox 1994 3299 3575 3389">
    <p class='ocr_par' dir='ltr' id='par_1_61' title="bbox 1994 3311 3575 3385">
     <span class='ocr_line' id='line_1_61' title="bbox 1994 3311 3575 3385; baseline 0.002 -19"><span class='ocrx_word' id='word_1_475' title='bbox 1994 3313 2179 3368; x_wconf 79' lang='lat' dir='ltr'><strong>luebat</strong></span> <span class='ocrx_word' id='word_1_476' title='bbox 2213 3330 2226 3366; x_wconf 91' lang='lat'><strong>:</strong></span> <span class='ocrx_word' id='word_1_477' title='bbox 2265 3311 2323 3367; x_wconf 91' lang='lat' dir='ltr'><strong>Si</strong></span> <span class='ocrx_word' id='word_1_478' title='bbox 2356 3314 2545 3368; x_wconf 90' lang='lat' dir='ltr'><strong>vinum</strong></span> <span class='ocrx_word' id='word_1_479' title='bbox 2592 3313 2853 3378; x_wconf 87' lang='lat' dir='ltr'><strong>adfuerit,</strong></span> <span class='ocrx_word' id='word_1_480' title='bbox 2905 3323 3132 3385; x_wconf 87' lang='lat' dir='ltr'><strong>propter</strong></span> <span class='ocrx_word' id='word_1_481' title='bbox 3185 3314 3388 3369; x_wconf 90' lang='lat' dir='ltr'><strong>fratres</strong></span> <span class='ocrx_word' id='word_1_482' title='bbox 3429 3315 3575 3380; x_wconf 88' lang='lat' dir='ltr'><strong>bibe,</strong></span> 
     </span>
    </p>
   </div>
   <div class='ocr_carea' id='block_1_62' title="bbox 267 3405 1888 3483">
    <p class='ocr_par' dir='ltr' id='par_1_62' title="bbox 267 3407 1887 3483">
     <span class='ocr_line' id='line_1_62' title="bbox 267 3407 1887 3483; baseline 0.004 -24"><span class='ocrx_word' id='word_1_483' title='bbox 267 3407 565 3478; x_wconf 69' lang='grc' dir='ltr'>ποτηρίου</span> <span class='ocrx_word' id='word_1_484' title='bbox 607 3407 748 3460; x_wconf 78' lang='grc' dir='ltr'>οἴνου</span> <span class='ocrx_word' id='word_1_485' title='bbox 811 3408 940 3478; x_wconf 85' lang='grc' dir='ltr'>μίαν</span> <span class='ocrx_word' id='word_1_486' title='bbox 982 3409 1195 3481; x_wconf 81' lang='grc' dir='ltr'>ἡμέραν</span> <span class='ocrx_word' id='word_1_487' title='bbox 1234 3409 1310 3482; x_wconf 82' lang='grc' dir='ltr'>μὴ</span> <span class='ocrx_word' id='word_1_488' title='bbox 1344 3411 1475 3483; x_wconf 85' lang='grc' dir='ltr'>πίῃς</span> <span class='ocrx_word' id='word_1_489' title='bbox 1505 3410 1650 3481; x_wconf 74' lang='grc' dir='ltr'>ὕδωρ</span> <span class='ocrx_word' id='word_1_490' title='bbox 1671 3427 1686 3442; x_wconf 91' lang='grc'><strong>·</strong></span> <span class='ocrx_word' id='word_1_491' title='bbox 1715 3412 1764 3464; x_wconf 83' lang='grc' dir='ltr'>οἱ</span> <span class='ocrx_word' id='word_1_492' title='bbox 1793 3407 1887 3465; x_wconf 80' lang='grc' dir='ltr'><strong>οὖν</strong></span> 
     </span>
    </p>
   </div>
   <div class='ocr_carea' id='block_1_63' title="bbox 1994 3405 3578 3483">
    <p class='ocr_par' dir='ltr' id='par_1_63' title="bbox 1994 3405 3578 3477">
     <span class='ocr_line' id='line_1_63' title="bbox 1994 3405 3578 3477; baseline 0 -16"><span class='ocrx_word' id='word_1_493' title='bbox 1994 3414 2044 3461; x_wconf 89' lang='lat' dir='ltr'><strong>et</strong></span> <span class='ocrx_word' id='word_1_494' title='bbox 2073 3421 2174 3477; x_wconf 90' lang='lat' dir='ltr'><strong>pro</strong></span> <span class='ocrx_word' id='word_1_495' title='bbox 2209 3421 2321 3461; x_wconf 93' lang='lat' dir='ltr'><strong>uno</strong></span> <span class='ocrx_word' id='word_1_496' title='bbox 2361 3405 2472 3460; x_wconf 90' lang='lat' dir='ltr'><strong>vini</strong></span> <span class='ocrx_word' id='word_1_497' title='bbox 2503 3407 2704 3476; x_wconf 93' lang='lat' dir='ltr'><strong>poculo</strong></span> <span class='ocrx_word' id='word_1_498' title='bbox 2744 3421 2840 3476; x_wconf 92' lang='lat' dir='ltr'><strong>per</strong></span> <span class='ocrx_word' id='word_1_499' title='bbox 2870 3422 3039 3460; x_wconf 88' lang='lat' dir='ltr'><strong>unum</strong></span> <span class='ocrx_word' id='word_1_500' title='bbox 3068 3406 3212 3461; x_wconf 90' lang='lat' dir='ltr'><strong>diem</strong></span> <span class='ocrx_word' id='word_1_501' title='bbox 3254 3421 3366 3460; x_wconf 87' lang='lat' dir='ltr'><strong>non</strong></span> <span class='ocrx_word' id='word_1_502' title='bbox 3418 3406 3578 3461; x_wconf 87' lang='lat' dir='ltr'><strong>bibas</strong></span> 
     </span>
    </p>
   </div>
   <div class='ocr_carea' id='block_1_64' title="bbox 271 3496 1888 3573">
    <p class='ocr_par' dir='ltr' id='par_1_64' title="bbox 271 3496 1886 3573">
     <span class='ocr_line' id='line_1_64' title="bbox 271 3496 1886 3573; baseline 0.003 -24"><span class='ocrx_word' id='word_1_503' title='bbox 271 3496 525 3565; x_wconf 69' lang='grc' dir='ltr'>ἀδελφοὶ</span> <span class='ocrx_word' id='word_1_504' title='bbox 553 3497 717 3568; x_wconf 83' lang='grc' dir='ltr'>χάριν</span> <span class='ocrx_word' id='word_1_505' title='bbox 748 3497 1109 3561; x_wconf 73' lang='grc' dir='ltr'>ἀναπαύσεως</span> <span class='ocrx_word' id='word_1_506' title='bbox 1135 3499 1340 3553; x_wconf 76' lang='grc' dir='ltr'>ἐδίδουν</span> <span class='ocrx_word' id='word_1_507' title='bbox 1370 3499 1549 3571; x_wconf 81' lang='grc' dir='ltr'>αὐτῷ’</span> <span class='ocrx_word' id='word_1_508' title='bbox 1572 3503 1601 3554; x_wconf 91' lang='lat'><strong>6</strong></span> <span class='ocrx_word' id='word_1_509' title='bbox 1623 3502 1681 3554; x_wconf 85' lang='grc' dir='ltr'>δὲ</span> <span class='ocrx_word' id='word_1_510' title='bbox 1708 3501 1886 3573; x_wconf 89' lang='grc' dir='ltr'>γέρων</span> 
     </span>
    </p>
   </div>
   <div class='ocr_carea' id='block_1_65' title="bbox 1994 3496 3577 3573">
    <p class='ocr_par' dir='ltr' id='par_1_65' title="bbox 1994 3497 3577 3569">
     <span class='ocr_line' id='line_1_65' title="bbox 1994 3497 3577 3569; baseline -0.001 -17"><span class='ocrx_word' id='word_1_511' title='bbox 1994 3513 2211 3569; x_wconf 88' lang='lat' dir='ltr'><strong>aquam.</strong></span> <span class='ocrx_word' id='word_1_512' title='bbox 2232 3497 2403 3566; x_wconf 84' lang='lat' dir='ltr'><strong>igitur</strong></span> <span class='ocrx_word' id='word_1_513' title='bbox 2420 3497 2642 3564; x_wconf 88' lang='lat' dir='ltr'><strong>fratres,</strong></span> <span class='ocrx_word' id='word_1_514' title='bbox 2663 3513 2788 3553; x_wconf 92' lang='lat' dir='ltr'><strong>eum</strong></span> <span class='ocrx_word' id='word_1_515' title='bbox 2807 3499 3032 3554; x_wconf 89' lang='lat' dir='ltr'><strong>reficere</strong></span> <span class='ocrx_word' id='word_1_516' title='bbox 3045 3499 3354 3568; x_wconf 84' lang='lat' dir='ltr'><strong>cupientes,</strong></span> <span class='ocrx_word' id='word_1_517' title='bbox 3373 3498 3577 3551; x_wconf 87' lang='lat' dir='ltr'><strong>dabant</strong></span> 
     </span>
    </p>
   </div>
   <div class='ocr_carea' id='block_1_66' title="bbox 279 3587 1888 3664">
    <p class='ocr_par' dir='ltr' id='par_1_66' title="bbox 279 3589 1886 3664">
     <span class='ocr_line' id='line_1_66' title="bbox 279 3589 1886 3664; baseline 0.004 -24"><span class='ocrx_word' id='word_1_518' title='bbox 279 3589 437 3659; x_wconf 77' lang='grc' dir='ltr'>μετὰ</span> <span class='ocrx_word' id='word_1_519' title='bbox 477 3591 657 3660; x_wconf 80' lang='grc' dir='ltr'>χαρᾶς</span> <span class='ocrx_word' id='word_1_520' title='bbox 695 3591 1023 3661; x_wconf 77' lang='grc' dir='ltr'>ἐλάμϐανεν,</span> <span class='ocrx_word' id='word_1_521' title='bbox 1070 3593 1159 3646; x_wconf 82' lang='grc' dir='ltr'><strong>ἵνα</strong></span> <span class='ocrx_word' id='word_1_522' title='bbox 1203 3592 1396 3645; x_wconf 80' lang='grc' dir='ltr'>ἑαυτὸν</span> <span class='ocrx_word' id='word_1_523' title='bbox 1431 3592 1728 3664; x_wconf 73' lang='grc' dir='ltr'>βασανίσῃ*</span> <span class='ocrx_word' id='word_1_524' title='bbox 1755 3596 1784 3648; x_wconf 90' lang='lat'><strong>6</strong></span> <span class='ocrx_word' id='word_1_525' title='bbox 1829 3594 1886 3647; x_wconf 86' lang='grc' dir='ltr'><strong>δὲ</strong></span> 
     </span>
    </p>
   </div>
   <div class='ocr_carea' id='block_1_67' title="bbox 1994 3587 3572 3664">
    <p class='ocr_par' dir='ltr' id='par_1_67' title="bbox 1994 3587 3572 3660">
     <span class='ocr_line' id='line_1_67' title="bbox 1994 3587 3572 3660; baseline -0.005 -13"><span class='ocrx_word' id='word_1_526' title='bbox 1994 3589 2252 3647; x_wconf 79' lang='lat' dir='ltr'><strong>ei.Senex</strong></span> <span class='ocrx_word' id='word_1_527' title='bbox 2276 3597 2459 3644; x_wconf 89' lang='lat' dir='ltr'><strong>autem</strong></span> <span class='ocrx_word' id='word_1_528' title='bbox 2482 3604 2607 3643; x_wconf 90' lang='lat' dir='ltr'><strong>cum</strong></span> <span class='ocrx_word' id='word_1_529' title='bbox 2630 3589 2832 3660; x_wconf 80' lang='lat' dir='ltr'><strong>gaudio</strong></span> <span class='ocrx_word' id='word_1_530' title='bbox 2852 3588 3195 3652; x_wconf 88' lang='lat' dir='ltr'><strong>admittebat,</strong></span> <span class='ocrx_word' id='word_1_531' title='bbox 3221 3597 3280 3642; x_wconf 89' lang='lat' dir='ltr'><strong>ut</strong></span> <span class='ocrx_word' id='word_1_532' title='bbox 3312 3604 3372 3642; x_wconf 87' lang='lat' dir='ltr'><strong>se</strong></span> <span class='ocrx_word' id='word_1_533' title='bbox 3391 3587 3572 3657; x_wconf 90' lang='lat' dir='ltr'><strong>ipsum</strong></span> 
     </span>
    </p>
   </div>
   <div class='ocr_carea' id='block_1_68' title="bbox 282 3680 1888 3754">
    <p class='ocr_par' dir='ltr' id='par_1_68' title="bbox 282 3680 1886 3754">
     <span class='ocr_line' id='line_1_68' title="bbox 282 3680 1886 3754; baseline 0.003 -21"><span class='ocrx_word' id='word_1_534' title='bbox 282 3680 576 3752; x_wconf 77' lang='grc' dir='ltr'>μαθητὴς,</span> <span class='ocrx_word' id='word_1_535' title='bbox 611 3681 767 3746; x_wconf 77' lang='grc' dir='ltr'>εἰδὼς</span> <span class='ocrx_word' id='word_1_536' title='bbox 796 3683 857 3735; x_wconf 81' lang='grc' dir='ltr'>τὸ</span> <span class='ocrx_word' id='word_1_537' title='bbox 884 3683 1138 3753; x_wconf 72' lang='grc' dir='ltr'>πρᾶγμα,</span> <span class='ocrx_word' id='word_1_538' title='bbox 1164 3682 1318 3752; x_wconf 74' lang='grc' dir='ltr'>ἔλεγε</span> <span class='ocrx_word' id='word_1_539' title='bbox 1346 3686 1462 3747; x_wconf 82' lang='grc' dir='ltr'>τοῖς</span> <span class='ocrx_word' id='word_1_540' title='bbox 1483 3684 1736 3754; x_wconf 86' lang='grc' dir='ltr'>ἀδελφοῖς</span> <span class='ocrx_word' id='word_1_541' title='bbox 1755 3700 1768 3714; x_wconf 88' lang='grc'><strong>·</strong></span> <span class='ocrx_word' id='word_1_542' title='bbox 1796 3684 1886 3739; x_wconf 84' lang='grc' dir='ltr'><strong>διὰ</strong></span> 
     </span>
    </p>
   </div>
   <div class='ocr_carea' id='block_1_69' title="bbox 1994 3680 3574 3754">
    <p class='ocr_par' dir='ltr' id='par_1_69' title="bbox 1994 3680 3574 3753">
     <span class='ocr_line' id='line_1_69' title="bbox 1994 3680 3574 3753; baseline -0.004 -16"><span class='ocrx_word' id='word_1_543' title='bbox 1994 3689 2294 3753; x_wconf 88' lang='lat' dir='ltr'><strong>torqueret.</strong></span> <span class='ocrx_word' id='word_1_544' title='bbox 2327 3681 2397 3736; x_wconf 85' lang='lat' dir='ltr'><strong>At</strong></span> <span class='ocrx_word' id='word_1_545' title='bbox 2432 3681 2739 3751; x_wconf 91' lang='lat' dir='ltr'><strong>discipulus</strong></span> <span class='ocrx_word' id='word_1_546' title='bbox 2776 3680 2920 3744; x_wconf 92' lang='lat' dir='ltr'><strong>eius,</strong></span> <span class='ocrx_word' id='word_1_547' title='bbox 2983 3681 3073 3734; x_wconf 93' lang='lat' dir='ltr'><strong>cui</strong></span> <span class='ocrx_word' id='word_1_548' title='bbox 3120 3694 3210 3734; x_wconf 90' lang='lat' dir='ltr'><strong>res</strong></span> <span class='ocrx_word' id='word_1_549' title='bbox 3261 3687 3390 3732; x_wconf 91' lang='lat' dir='ltr'><strong>nota</strong></span> <span class='ocrx_word' id='word_1_550' title='bbox 3434 3689 3574 3742; x_wconf 87' lang='lat' dir='ltr'><strong>erat,</strong></span> 
     </span>
    </p>
   </div>
   <div class='ocr_carea' id='block_1_70' title="bbox 286 3770 1888 3846">
    <p class='ocr_par' dir='ltr' id='par_1_70' title="bbox 286 3773 1885 3846">
     <span class='ocr_line' id='line_1_70' title="bbox 286 3773 1885 3846; baseline 0.004 -23"><span class='ocrx_word' id='word_1_551' title='bbox 286 3773 386 3825; x_wconf 77' lang='grc' dir='ltr'><strong>τδν</strong></span> <span class='ocrx_word' id='word_1_552' title='bbox 412 3773 631 3844; x_wconf 81' lang='grc' dir='ltr'>κόριον,</span> <span class='ocrx_word' id='word_1_553' title='bbox 667 3773 896 3845; x_wconf 84' lang='grc' dir='ltr'>μὴ-δῶτε</span> <span class='ocrx_word' id='word_1_554' title='bbox 926 3775 1092 3846; x_wconf 83' lang='grc' dir='ltr'>αὐτῷ·</span> <span class='ocrx_word' id='word_1_555' title='bbox 1125 3776 1173 3828; x_wconf 83' lang='grc' dir='ltr'><strong>εί</strong></span> <span class='ocrx_word' id='word_1_556' title='bbox 1200 3775 1255 3828; x_wconf 82' lang='grc' dir='ltr'><strong>δὲ</strong></span> <span class='ocrx_word' id='word_1_557' title='bbox 1285 3777 1446 3846; x_wconf 86' lang='grc' dir='ltr'>μήγε,</span> <span class='ocrx_word' id='word_1_558' title='bbox 1469 3777 1550 3840; x_wconf 80' lang='grc' dir='ltr'><strong>εἰς</strong></span> <span class='ocrx_word' id='word_1_559' title='bbox 1577 3775 1639 3829; x_wconf 82' lang='grc' dir='ltr'>τὺ</span> <span class='ocrx_word' id='word_1_560' title='bbox 1670 3777 1885 3831; x_wconf 88' lang='grc' dir='ltr'>κελλίον</span> 
     </span>
    </p>
   </div>
   <div class='ocr_carea' id='block_1_71' title="bbox 1994 3770 3576 3846">
    <p class='ocr_par' dir='ltr' id='par_1_71' title="bbox 1994 3770 3576 3840">
     <span class='ocr_line' id='line_1_71' title="bbox 1994 3770 3576 3840; baseline -0.002 -11"><span class='ocrx_word' id='word_1_561' title='bbox 1994 3773 2206 3829; x_wconf 85' lang='lat' dir='ltr'><strong>dicebat</strong></span> <span class='ocrx_word' id='word_1_562' title='bbox 2261 3773 2528 3828; x_wconf 90' lang='lat' dir='ltr'><strong>fratribus</strong></span> <span class='ocrx_word' id='word_1_563' title='bbox 2563 3793 2574 3828; x_wconf 95' lang='lat'><strong>:</strong></span> <span class='ocrx_word' id='word_1_564' title='bbox 2606 3773 2710 3828; x_wconf 91' lang='lat' dir='ltr'><strong>Per</strong></span> <span class='ocrx_word' id='word_1_565' title='bbox 2759 3771 3078 3836; x_wconf 92' lang='lat' dir='ltr'><strong>Dominum,</strong></span> <span class='ocrx_word' id='word_1_566' title='bbox 3131 3787 3202 3826; x_wconf 91' lang='lat' dir='ltr'><strong>ne</strong></span> <span class='ocrx_word' id='word_1_567' title='bbox 3265 3770 3576 3840; x_wconf 83' lang='lat' dir='ltr'><strong>praebeatis</strong></span> 
     </span>
    </p>
   </div>
   <div class='ocr_carea' id='block_1_72' title="bbox 297 3864 1884 3939">
    <p class='ocr_par' dir='ltr' id='par_1_72' title="bbox 297 3864 1884 3939">
     <span class='ocr_line' id='line_1_72' title="bbox 297 3864 1884 3939; baseline 0.004 -24"><span class='ocrx_word' id='word_1_568' title='bbox 297 3864 482 3932; x_wconf 73' lang='grc' dir='ltr'>μέλλει</span> <span class='ocrx_word' id='word_1_569' title='bbox 515 3866 714 3918; x_wconf 77' lang='grc' dir='ltr'>ἑαυτὸν</span> <span class='ocrx_word' id='word_1_570' title='bbox 747 3866 1034 3938; x_wconf 79' lang='grc' dir='ltr'>δαμάζειν.</span> <span class='ocrx_word' id='word_1_571' title='bbox 1097 3869 1193 3921; x_wconf 74' lang='grc' dir='ltr'><strong>καὶ</strong></span> <span class='ocrx_word' id='word_1_572' title='bbox 1245 3867 1513 3937; x_wconf 85' lang='grc' dir='ltr'>μαθόντες</span> <span class='ocrx_word' id='word_1_573' title='bbox 1563 3869 1613 3922; x_wconf 87' lang='grc' dir='ltr'><strong>οί</strong></span> <span class='ocrx_word' id='word_1_574' title='bbox 1665 3868 1884 3939; x_wconf 83' lang='grc' dir='ltr'>ἀδελφοὶ</span> 
     </span>
    </p>
   </div>
   <div class='ocr_carea' id='block_1_73' title="bbox 288 3956 1106 4029">
    <p class='ocr_par' dir='ltr' id='par_1_73' title="bbox 288 3956 1106 4029">
     <span class='ocr_line' id='line_1_73' title="bbox 288 3956 1106 4029; baseline 0.007 -21"><span class='ocrx_word' id='word_1_575' title='bbox 288 3957 394 4008; x_wconf 72' lang='grc' dir='ltr'>οὐκ</span> <span class='ocrx_word' id='word_1_576' title='bbox 420 3956 501 4008; x_wconf 74' lang='grc' dir='ltr'><strong>ἔτι</strong></span> <span class='ocrx_word' id='word_1_577' title='bbox 535 3957 689 4026; x_wconf 70' lang='grc' dir='ltr'>αὐτῷ</span> <span class='ocrx_word' id='word_1_578' title='bbox 712 3961 971 4029; x_wconf 81' lang='grc' dir='ltr'>παρεῖχον</span> <span class='ocrx_word' id='word_1_579' title='bbox 1003 3959 1106 4029; x_wconf 83' lang='lat' dir='ltr'><strong>(d).</strong></span> 
     </span>
    </p>
   </div>
   <div class='ocr_carea' id='block_1_74' title="bbox 359 4050 1882 4121">
    <p class='ocr_par' dir='ltr' id='par_1_74' title="bbox 359 4050 1882 4121">
     <span class='ocr_line' id='line_1_74' title="bbox 359 4050 1882 4121; baseline 0.003 -18"><span class='ocrx_word' id='word_1_580' title='bbox 359 4051 456 4103; x_wconf 77' lang='grc' dir='ltr'><strong>Η.</strong></span> <span class='ocrx_word' id='word_1_581' title='bbox 492 4050 914 4121; x_wconf 83' lang='grc' dir='ltr'>Παρερχόμενός</span> <span class='ocrx_word' id='word_1_582' title='bbox 942 4070 1071 4106; x_wconf 87' lang='grc' dir='ltr'>ποτε</span> <span class='ocrx_word' id='word_1_583' title='bbox 1102 4055 1209 4108; x_wconf 81' lang='grc' dir='ltr'><strong>ἀπὸ</strong></span> <span class='ocrx_word' id='word_1_584' title='bbox 1251 4053 1345 4108; x_wconf 79' lang='grc' dir='ltr'><strong>τοῦ</strong></span> <span class='ocrx_word' id='word_1_585' title='bbox 1376 4052 1532 4118; x_wconf 73' lang='grc' dir='ltr'>ἕλους</span> <span class='ocrx_word' id='word_1_586' title='bbox 1561 4056 1641 4118; x_wconf 84' lang='grc' dir='ltr'><strong>είς</strong></span> <span class='ocrx_word' id='word_1_587' title='bbox 1673 4057 1733 4107; x_wconf 76' lang='grc' dir='ltr'><strong>τὸ</strong></span> <span class='ocrx_word' id='word_1_588' title='bbox 1755 4054 1882 4108; x_wconf 91' lang='grc' dir='ltr'>κελ-</span> 
     </span>
    </p>
   </div>
   <div class='ocr_carea' id='block_1_75' title="bbox 281 4139 1880 4215">
    <p class='ocr_par' dir='ltr' id='par_1_75' title="bbox 281 4139 1880 4215">
     <span class='ocr_line' id='line_1_75' title="bbox 281 4139 1880 4215; baseline 0.006 -25"><span class='ocrx_word' id='word_1_589' title='bbox 281 4139 404 4195; x_wconf 80' lang='grc' dir='ltr'>λίον</span> <span class='ocrx_word' id='word_1_590' title='bbox 461 4141 658 4193; x_wconf 74' lang='grc' dir='ltr'>ἑαυτοῦ</span> <span class='ocrx_word' id='word_1_591' title='bbox 692 4143 720 4193; x_wconf 87' lang='lat'><strong>6</strong></span> <span class='ocrx_word' id='word_1_592' title='bbox 757 4143 933 4206; x_wconf 78' lang='grc' dir='ltr'><strong>άὸὅᾶς</strong></span> <span class='ocrx_word' id='word_1_593' title='bbox 988 4145 1297 4215; x_wconf 83' lang='grc' dir='ltr'>Μακάριος,</span> <span class='ocrx_word' id='word_1_594' title='bbox 1340 4143 1609 4209; x_wconf 78' lang='grc' dir='ltr'>ὲὸάσταζε</span> <span class='ocrx_word' id='word_1_595' title='bbox 1666 4145 1880 4211; x_wconf 84' lang='grc' dir='ltr'>Θαλλία,</span> 
     </span>
    </p>
   </div>
   <div class='ocr_carea' id='block_1_76' title="bbox 281 4233 1882 4311">
    <p class='ocr_par' dir='ltr' id='par_1_76' title="bbox 281 4233 1882 4311">
     <span class='ocr_line' id='line_1_76' title="bbox 281 4233 1882 4311; baseline 0.005 -27"><span class='ocrx_word' id='word_1_596' title='bbox 281 4233 386 4285; x_wconf 72' lang='grc' dir='ltr'><strong>καὶ</strong></span> <span class='ocrx_word' id='word_1_597' title='bbox 427 4233 540 4286; x_wconf 79' lang='grc' dir='ltr'>ἰδοὺ</span> <span class='ocrx_word' id='word_1_598' title='bbox 574 4234 885 4305; x_wconf 80' lang='grc' dir='ltr'>ὑπήντησεν</span> <span class='ocrx_word' id='word_1_599' title='bbox 921 4236 1068 4308; x_wconf 86' lang='grc' dir='ltr'>αὐτῷ</span> <span class='ocrx_word' id='word_1_600' title='bbox 1097 4239 1125 4290; x_wconf 87' lang='lat'><strong>6</strong></span> <span class='ocrx_word' id='word_1_601' title='bbox 1151 4237 1398 4302; x_wconf 76' lang='grc' dir='ltr'>διάϐολος</span> <span class='ocrx_word' id='word_1_602' title='bbox 1431 4238 1595 4310; x_wconf 77' lang='grc'>249</span> <span class='ocrx_word' id='word_1_603' title='bbox 1623 4238 1766 4292; x_wconf 77' lang='grc' dir='ltr'>κατὰ</span> <span class='ocrx_word' id='word_1_604' title='bbox 1783 4238 1882 4311; x_wconf 84' lang='grc' dir='ltr'><strong>τὴν</strong></span> 
     </span>
    </p>
   </div>
   <div class='ocr_carea' id='block_1_77' title="bbox 282 4324 1879 4402">
    <p class='ocr_par' dir='ltr' id='par_1_77' title="bbox 282 4324 1879 4402">
     <span class='ocr_line' id='line_1_77' title="bbox 282 4324 1879 4402; baseline 0.004 -25"><span class='ocrx_word' id='word_1_605' title='bbox 282 4324 413 4377; x_wconf 74' lang='grc' dir='ltr'>ὁδὸν</span> <span class='ocrx_word' id='word_1_606' title='bbox 451 4325 591 4394; x_wconf 77' lang='grc' dir='ltr'>μετὰ</span> <span class='ocrx_word' id='word_1_607' title='bbox 614 4325 902 4395; x_wconf 82' lang='grc' dir='ltr'>δρεπάνου.</span> <span class='ocrx_word' id='word_1_608' title='bbox 929 4329 1024 4381; x_wconf 68' lang='grc' dir='ltr'><strong>καὶ</strong></span> <span class='ocrx_word' id='word_1_609' title='bbox 1048 4329 1124 4392; x_wconf 86' lang='grc' dir='ltr'><strong>ὡς</strong></span> <span class='ocrx_word' id='word_1_610' title='bbox 1149 4328 1414 4399; x_wconf 71' lang='grc' dir='ltr'>ἠθέλησεν</span> <span class='ocrx_word' id='word_1_611' title='bbox 1437 4331 1600 4383; x_wconf 81' lang='grc' dir='ltr'>αὑτὸν</span> <span class='ocrx_word' id='word_1_612' title='bbox 1627 4330 1879 4402; x_wconf 81' lang='grc' dir='ltr'>κροῦσαι,</span> 
     </span>
    </p>
   </div>
   <div class='ocr_carea' id='block_1_78' title="bbox 283 4414 1915 4494">
    <p class='ocr_par' dir='ltr' id='par_1_78' title="bbox 283 4414 1915 4494">
     <span class='ocr_line' id='line_1_78' title="bbox 283 4414 1915 4494; baseline 0.008 -30"><span class='ocrx_word' id='word_1_613' title='bbox 283 4416 394 4467; x_wconf 66' lang='grc' dir='ltr'><strong>οὐκ</strong></span> <span class='ocrx_word' id='word_1_614' title='bbox 443 4414 657 4484; x_wconf 78' lang='grc' dir='ltr'>ἴσχυσε.</span> <span class='ocrx_word' id='word_1_615' title='bbox 710 4418 806 4470; x_wconf 77' lang='grc' dir='ltr'><strong>καὶ</strong></span> <span class='ocrx_word' id='word_1_616' title='bbox 851 4418 1001 4487; x_wconf 87' lang='grc' dir='ltr'>λέγει</span> <span class='ocrx_word' id='word_1_617' title='bbox 1055 4418 1232 4489; x_wconf 78' lang='grc' dir='ltr'>αὐτῷ·</span> <span class='ocrx_word' id='word_1_618' title='bbox 1269 4419 1440 4491; x_wconf 83' lang='grc' dir='ltr'>πολλὴ</span> <span class='ocrx_word' id='word_1_619' title='bbox 1473 4421 1562 4491; x_wconf 81' lang='grc' dir='ltr'><strong>βία</strong></span> <span class='ocrx_word' id='word_1_620' title='bbox 1617 4422 1727 4474; x_wconf 82' lang='grc' dir='ltr'>ἀπὸ</span> <span class='ocrx_word' id='word_1_621' title='bbox 1762 4421 1877 4486; x_wconf 84' lang='grc' dir='ltr'>σοῦ,</span> <span class='ocrx_word' id='word_1_622' title='bbox 1913 4491 1915 4494; x_wconf 7' lang='grc' dir='ltr'><strong>γ</strong></span> 
     </span>
    </p>
   </div>
   <div class='ocr_carea' id='block_1_79' title="bbox 282 4507 1879 4582">
    <p class='ocr_par' dir='ltr' id='par_1_79' title="bbox 282 4507 1879 4582">
     <span class='ocr_line' id='line_1_79' title="bbox 282 4507 1879 4582; baseline 0.005 -24"><span class='ocrx_word' id='word_1_623' title='bbox 282 4507 581 4577; x_wconf 82' lang='grc' dir='ltr'>Μακάριε,</span> <span class='ocrx_word' id='word_1_624' title='bbox 609 4508 691 4561; x_wconf 82' lang='grc' dir='ltr'><strong>ὅτι</strong></span> <span class='ocrx_word' id='word_1_625' title='bbox 719 4508 782 4560; x_wconf 78' lang='grc' dir='ltr'><strong>οὐ</strong></span> <span class='ocrx_word' id='word_1_626' title='bbox 816 4508 1052 4580; x_wconf 84' lang='grc' dir='ltr'>δύναμαι</span> <span class='ocrx_word' id='word_1_627' title='bbox 1083 4511 1219 4580; x_wconf 86' lang='grc' dir='ltr'>πρὸς</span> <span class='ocrx_word' id='word_1_628' title='bbox 1269 4511 1349 4564; x_wconf 87' lang='grc' dir='ltr'>σέ·</span> <span class='ocrx_word' id='word_1_629' title='bbox 1400 4512 1509 4565; x_wconf 84' lang='grc' dir='ltr'>ίδοὺ</span> <span class='ocrx_word' id='word_1_630' title='bbox 1560 4509 1691 4582; x_wconf 84' lang='grc' dir='ltr'>γάρ,</span> <span class='ocrx_word' id='word_1_631' title='bbox 1725 4513 1780 4568; x_wconf 87' lang='grc' dir='ltr'><strong>εῐ</strong></span> <span class='ocrx_word' id='word_1_632' title='bbox 1826 4530 1879 4566; x_wconf 89' lang='grc' dir='ltr'><strong>τι</strong></span> 
     </span>
    </p>
   </div>
   <div class='ocr_carea' id='block_1_80' title="bbox 1985 3863 3573 3933">
    <p class='ocr_par' dir='ltr' id='par_1_80' title="bbox 1985 3863 3573 3933">
     <span class='ocr_line' id='line_1_80' title="bbox 1985 3863 3573 3933; baseline -0.004 -12"><span class='ocrx_word' id='word_1_633' title='bbox 1985 3865 2106 3933; x_wconf 90' lang='lat' dir='ltr'><strong>illi;</strong></span> <span class='ocrx_word' id='word_1_634' title='bbox 2140 3865 2345 3933; x_wconf 90' lang='lat' dir='ltr'><strong>alioqui</strong></span> <span class='ocrx_word' id='word_1_635' title='bbox 2390 3865 2445 3918; x_wconf 89' lang='lat' dir='ltr'><strong>in</strong></span> <span class='ocrx_word' id='word_1_636' title='bbox 2479 3865 2616 3920; x_wconf 88' lang='lat' dir='ltr'><strong>cella</strong></span> <span class='ocrx_word' id='word_1_637' title='bbox 2651 3863 3008 3920; x_wconf 90' lang='lat' dir='ltr'><strong>confccturus</strong></span> <span class='ocrx_word' id='word_1_638' title='bbox 3037 3870 3121 3917; x_wconf 92' lang='lat' dir='ltr'><strong>est</strong></span> <span class='ocrx_word' id='word_1_639' title='bbox 3153 3879 3234 3918; x_wconf 91' lang='lat' dir='ltr'><strong>se.</strong></span> <span class='ocrx_word' id='word_1_640' title='bbox 3262 3863 3382 3927; x_wconf 87' lang='lat' dir='ltr'><strong>Quo</strong></span> <span class='ocrx_word' id='word_1_641' title='bbox 3417 3877 3573 3916; x_wconf 88' lang='lat' dir='ltr'><strong>com-</strong></span> 
     </span>
    </p>
   </div>
   <div class='ocr_carea' id='block_1_81' title="bbox 1983 3954 3268 4027">
    <p class='ocr_par' dir='ltr' id='par_1_81' title="bbox 1983 3954 3268 4027">
     <span class='ocr_line' id='line_1_81' title="bbox 1983 3954 3268 4027; baseline -0.003 -15"><span class='ocrx_word' id='word_1_642' title='bbox 1983 3966 2141 4027; x_wconf 86' lang='lat' dir='ltr'><strong>perto</strong></span> <span class='ocrx_word' id='word_1_643' title='bbox 2166 3957 2366 4011; x_wconf 88' lang='lat' dir='ltr'><strong>fratres</strong></span> <span class='ocrx_word' id='word_1_644' title='bbox 2393 3971 2504 4010; x_wconf 91' lang='lat' dir='ltr'><strong>non</strong></span> <span class='ocrx_word' id='word_1_645' title='bbox 2537 3956 2772 4025; x_wconf 88' lang='lat' dir='ltr'><strong>amplius</strong></span> <span class='ocrx_word' id='word_1_646' title='bbox 2807 3956 2858 4010; x_wconf 91' lang='lat' dir='ltr'><strong>ei</strong></span> <span class='ocrx_word' id='word_1_647' title='bbox 2893 3954 3268 4025; x_wconf 87' lang='lat' dir='ltr'><strong>porrigebant.</strong></span> 
     </span>
    </p>
   </div>
   <div class='ocr_carea' id='block_1_82' title="bbox 2057 4045 3566 4118">
    <p class='ocr_par' dir='ltr' id='par_1_82' title="bbox 2057 4045 3566 4118">
     <span class='ocr_line' id='line_1_82' title="bbox 2057 4045 3566 4118; baseline -0.001 -16"><span class='ocrx_word' id='word_1_648' title='bbox 2057 4049 2146 4102; x_wconf 78' lang='grc' dir='ltr'><strong>Η.</strong></span> <span class='ocrx_word' id='word_1_649' title='bbox 2187 4047 2555 4104; x_wconf 85' lang='lat' dir='ltr'><strong>Proﬁciscens</strong></span> <span class='ocrx_word' id='word_1_650' title='bbox 2573 4048 2868 4118; x_wconf 89' lang='lat' dir='ltr'><strong>aliquando</strong></span> <span class='ocrx_word' id='word_1_651' title='bbox 2899 4045 3173 4103; x_wconf 87' lang='lat' dir='ltr'><strong>Macarius</strong></span> <span class='ocrx_word' id='word_1_652' title='bbox 3204 4047 3374 4102; x_wconf 89' lang='lat' dir='ltr'><strong>abbas</strong></span> <span class='ocrx_word' id='word_1_653' title='bbox 3409 4062 3438 4100; x_wconf 89' lang='lat' dir='ltr'><strong>a</strong></span> <span class='ocrx_word' id='word_1_654' title='bbox 3468 4062 3566 4118; x_wconf 89' lang='lat' dir='ltr'><strong>pa-</strong></span> 
     </span>
    </p>
   </div>
   <div class='ocr_carea' id='block_1_83' title="bbox 1983 4139 3567 4210">
    <p class='ocr_par' dir='ltr' id='par_1_83' title="bbox 1983 4139 3567 4210">
     <span class='ocr_line' id='line_1_83' title="bbox 1983 4139 3567 4210; baseline 0 -17"><span class='ocrx_word' id='word_1_655' title='bbox 1983 4139 2110 4195; x_wconf 93' lang='lat' dir='ltr'><strong>lude</strong></span> <span class='ocrx_word' id='word_1_656' title='bbox 2143 4140 2199 4195; x_wconf 90' lang='lat' dir='ltr'><strong>in</strong></span> <span class='ocrx_word' id='word_1_657' title='bbox 2232 4141 2488 4194; x_wconf 90' lang='lat' dir='ltr'><strong>cellulam</strong></span> <span class='ocrx_word' id='word_1_658' title='bbox 2512 4155 2668 4196; x_wconf 88' lang='lat' dir='ltr'><strong>suam</strong></span> <span class='ocrx_word' id='word_1_659' title='bbox 2699 4140 2959 4210; x_wconf 87' lang='lat' dir='ltr'><strong>portabat</strong></span> <span class='ocrx_word' id='word_1_660' title='bbox 2993 4139 3300 4210; x_wconf 90' lang='lat' dir='ltr'><strong>palmarum</strong></span> <span class='ocrx_word' id='word_1_661' title='bbox 3344 4154 3567 4205; x_wconf 90' lang='lat' dir='ltr'><strong>ramos,</strong></span> 
     </span>
    </p>
   </div>
   <div class='ocr_carea' id='block_1_84' title="bbox 1983 4231 3558 4301">
    <p class='ocr_par' dir='ltr' id='par_1_84' title="bbox 1983 4231 3558 4301">
     <span class='ocr_line' id='line_1_84' title="bbox 1983 4231 3558 4301; baseline -0.002 -13"><span class='ocrx_word' id='word_1_662' title='bbox 1983 4240 2038 4288; x_wconf 92' lang='lat' dir='ltr'><strong>et</strong></span> <span class='ocrx_word' id='word_1_663' title='bbox 2067 4247 2198 4288; x_wconf 90' lang='lat' dir='ltr'><strong>ecce</strong></span> <span class='ocrx_word' id='word_1_664' title='bbox 2229 4233 2475 4287; x_wconf 87' lang='lat' dir='ltr'><strong>occurrit</strong></span> <span class='ocrx_word' id='word_1_665' title='bbox 2503 4233 2554 4288; x_wconf 91' lang='lat' dir='ltr'><strong>ei</strong></span> <span class='ocrx_word' id='word_1_666' title='bbox 2585 4233 2642 4287; x_wconf 86' lang='lat' dir='ltr'><strong>in</strong></span> <span class='ocrx_word' id='word_1_667' title='bbox 2674 4233 2762 4286; x_wconf 88' lang='lat' dir='ltr'><strong>via</strong></span> <span class='ocrx_word' id='word_1_668' title='bbox 2798 4231 3055 4286; x_wconf 88' lang='lat' dir='ltr'><strong>diabolus</strong></span> <span class='ocrx_word' id='word_1_669' title='bbox 3101 4231 3294 4286; x_wconf 87' lang='lat' dir='ltr'><strong>falcem</strong></span> <span class='ocrx_word' id='word_1_670' title='bbox 3338 4247 3558 4301; x_wconf 89' lang='lat' dir='ltr'><strong>gerens.</strong></span> 
     </span>
    </p>
   </div>
   <div class='ocr_carea' id='block_1_85' title="bbox 1984 4324 3564 4393">
    <p class='ocr_par' dir='ltr' id='par_1_85' title="bbox 1984 4324 3564 4393">
     <span class='ocr_line' id='line_1_85' title="bbox 1984 4324 3564 4393; baseline -0.001 -13"><span class='ocrx_word' id='word_1_671' title='bbox 1984 4324 2089 4392; x_wconf 85' lang='lat' dir='ltr'><strong>Qui</strong></span> <span class='ocrx_word' id='word_1_672' title='bbox 2152 4332 2211 4379; x_wconf 89' lang='lat' dir='ltr'><strong>ut</strong></span> <span class='ocrx_word' id='word_1_673' title='bbox 2264 4325 2437 4380; x_wconf 89' lang='lat' dir='ltr'><strong>voluit</strong></span> <span class='ocrx_word' id='word_1_674' title='bbox 2485 4341 2610 4381; x_wconf 91' lang='lat' dir='ltr'><strong>eum</strong></span> <span class='ocrx_word' id='word_1_675' title='bbox 2681 4324 2886 4390; x_wconf 87' lang='lat' dir='ltr'><strong>ferire,</strong></span> <span class='ocrx_word' id='word_1_676' title='bbox 2944 4340 3055 4379; x_wconf 87' lang='lat' dir='ltr'><strong>non</strong></span> <span class='ocrx_word' id='word_1_677' title='bbox 3121 4324 3314 4378; x_wconf 87' lang='lat' dir='ltr'><strong>valuit.</strong></span> <span class='ocrx_word' id='word_1_678' title='bbox 3381 4324 3564 4393; x_wconf 90' lang='lat' dir='ltr'><strong>Atque</strong></span> 
     </span>
    </p>
   </div>
   <div class='ocr_carea' id='block_1_86' title="bbox 1983 4415 3566 4488">
    <p class='ocr_par' dir='ltr' id='par_1_86' title="bbox 1983 4415 3566 4488">
     <span class='ocr_line' id='line_1_86' title="bbox 1983 4415 3566 4488; baseline -0.001 -15"><span class='ocrx_word' id='word_1_679' title='bbox 1983 4418 2034 4473; x_wconf 91' lang='lat' dir='ltr'><strong>ei</strong></span> <span class='ocrx_word' id='word_1_680' title='bbox 2064 4435 2078 4470; x_wconf 90' lang='lat'><strong>:</strong></span> <span class='ocrx_word' id='word_1_681' title='bbox 2110 4417 2302 4485; x_wconf 87' lang='lat' dir='ltr'><strong>Multa,</strong></span> <span class='ocrx_word' id='word_1_682' title='bbox 2342 4417 2546 4488; x_wconf 88' lang='lat' dir='ltr'><strong>inquit,</strong></span> <span class='ocrx_word' id='word_1_683' title='bbox 2567 4431 2599 4470; x_wconf 89' lang='lat' dir='ltr'><strong>a</strong></span> <span class='ocrx_word' id='word_1_684' title='bbox 2638 4424 2693 4472; x_wconf 90' lang='lat' dir='ltr'><strong>te</strong></span> <span class='ocrx_word' id='word_1_685' title='bbox 2722 4417 2828 4481; x_wconf 90' lang='lat' dir='ltr'><strong>vis,</strong></span> <span class='ocrx_word' id='word_1_686' title='bbox 2865 4415 3092 4479; x_wconf 77' lang='lat' dir='ltr'><strong>Macari,</strong></span> <span class='ocrx_word' id='word_1_687' title='bbox 3117 4417 3265 4487; x_wconf 92' lang='lat' dir='ltr'><strong>quod</strong></span> <span class='ocrx_word' id='word_1_688' title='bbox 3294 4416 3566 4472; x_wconf 85' lang='lat' dir='ltr'><strong>adversus</strong></span> 
     </span>
    </p>
   </div>
   <div class='ocr_carea' id='block_1_87' title="bbox 1982 4509 3567 4580">
    <p class='ocr_par' dir='ltr' id='par_1_87' title="bbox 1982 4509 3567 4580">
     <span class='ocr_line' id='line_1_87' title="bbox 1982 4509 3567 4580; baseline 0 -17"><span class='ocrx_word' id='word_1_689' title='bbox 1982 4516 2036 4564; x_wconf 89' lang='lat' dir='ltr'><strong>te</strong></span> <span class='ocrx_word' id='word_1_690' title='bbox 2074 4510 2211 4563; x_wconf 90' lang='lat' dir='ltr'><strong>nihil</strong></span> <span class='ocrx_word' id='word_1_691' title='bbox 2259 4525 2510 4580; x_wconf 91' lang='lat' dir='ltr'><strong>possum.</strong></span> <span class='ocrx_word' id='word_1_692' title='bbox 2539 4509 2622 4564; x_wconf 88' lang='lat' dir='ltr'><strong>En</strong></span> <span class='ocrx_word' id='word_1_693' title='bbox 2653 4511 2820 4576; x_wconf 88' lang='lat' dir='ltr'><strong>enim,</strong></span> <span class='ocrx_word' id='word_1_694' title='bbox 2865 4509 3132 4579; x_wconf 89' lang='lat' dir='ltr'><strong>quidquid</strong></span> <span class='ocrx_word' id='word_1_695' title='bbox 3173 4509 3334 4574; x_wconf 89' lang='lat' dir='ltr'><strong>facis,</strong></span> <span class='ocrx_word' id='word_1_696' title='bbox 3383 4518 3436 4564; x_wconf 88' lang='lat' dir='ltr'><strong>et</strong></span> <span class='ocrx_word' id='word_1_697' title='bbox 3464 4524 3567 4580; x_wconf 87' lang='lat' dir='ltr'><strong>ego</strong></span> 
     </span>
    </p>
   </div>
   <div class='ocr_carea' id='block_1_88' title="bbox 286 4599 1888 4688">
    <p class='ocr_par' dir='ltr' id='par_1_88' title="bbox 286 4599 1879 4676">
     <span class='ocr_line' id='line_1_88' title="bbox 286 4599 1879 4676; baseline 0.004 -24"><span class='ocrx_word' id='word_1_698' title='bbox 286 4601 494 4664; x_wconf 80' lang='grc' dir='ltr'>ποιεῖς,</span> <span class='ocrx_word' id='word_1_699' title='bbox 536 4599 692 4670; x_wconf 81' lang='grc' dir='ltr'><strong>κάγὼ</strong></span> <span class='ocrx_word' id='word_1_700' title='bbox 742 4601 903 4655; x_wconf 83' lang='grc' dir='ltr'>ποιῶ’</span> <span class='ocrx_word' id='word_1_701' title='bbox 940 4603 1004 4656; x_wconf 84' lang='grc' dir='ltr'><strong>σὺ</strong></span> <span class='ocrx_word' id='word_1_702' title='bbox 1052 4603 1370 4673; x_wconf 81' lang='grc' dir='ltr'>νηστεύεις’</span> <span class='ocrx_word' id='word_1_703' title='bbox 1414 4603 1571 4672; x_wconf 85' lang='grc' dir='ltr'><strong>κάγώ</strong></span> <span class='ocrx_word' id='word_1_704' title='bbox 1610 4605 1674 4637; x_wconf 77' lang='grc' dir='ltr'><strong>¹⁷σ</strong></span> <span class='ocrx_word' id='word_1_705' title='bbox 1703 4605 1879 4676; x_wconf 85' lang='grc' dir='ltr'>ἀγρυ-</span> 
     </span>
    </p>
   </div>
   <div class='ocr_carea' id='block_1_89' title="bbox 1994 4599 3566 4688">
    <p class='ocr_par' dir='ltr' id='par_1_89' title="bbox 1994 4599 3566 4672">
     <span class='ocr_line' id='line_1_89' title="bbox 1994 4599 3566 4672; baseline 0.001 -18"><span class='ocrx_word' id='word_1_706' title='bbox 1994 4599 2150 4654; x_wconf 82' lang='lat' dir='ltr'><strong>facio.</strong></span> <span class='ocrx_word' id='word_1_707' title='bbox 2183 4599 2266 4654; x_wconf 91' lang='lat' dir='ltr'><strong>Tu</strong></span> <span class='ocrx_word' id='word_1_708' title='bbox 2293 4600 2547 4670; x_wconf 86' lang='lat' dir='ltr'><strong>jejunas;</strong></span> <span class='ocrx_word' id='word_1_709' title='bbox 2597 4607 2651 4655; x_wconf 90' lang='lat' dir='ltr'><strong>et</strong></span> <span class='ocrx_word' id='word_1_710' title='bbox 2687 4615 2789 4671; x_wconf 86' lang='lat' dir='ltr'><strong>ego</strong></span> <span class='ocrx_word' id='word_1_711' title='bbox 2819 4619 2833 4654; x_wconf 92' lang='lat'><strong>:</strong></span> <span class='ocrx_word' id='word_1_712' title='bbox 2869 4599 3098 4670; x_wconf 81' lang='lat' dir='ltr'><strong>vigilas;</strong></span> <span class='ocrx_word' id='word_1_713' title='bbox 3125 4609 3179 4655; x_wconf 89' lang='lat' dir='ltr'><strong>et</strong></span> <span class='ocrx_word' id='word_1_714' title='bbox 3208 4617 3309 4672; x_wconf 89' lang='lat' dir='ltr'><strong>ego</strong></span> <span class='ocrx_word' id='word_1_715' title='bbox 3345 4601 3566 4670; x_wconf 86' lang='lat' dir='ltr'><strong>penitus</strong></span> 
     </span>
    </p>
   </div>
   <div class='ocr_carea' id='block_1_90' title="bbox 286 4689 1888 4768">
    <p class='ocr_par' dir='ltr' id='par_1_90' title="bbox 286 4692 1881 4768">
     <span class='ocr_line' id='line_1_90' title="bbox 286 4692 1881 4768; baseline 0.004 -25"><span class='ocrx_word' id='word_1_716' title='bbox 286 4694 481 4755; x_wconf 76' lang='grc' dir='ltr'>πνεῖς·</span> <span class='ocrx_word' id='word_1_717' title='bbox 515 4693 670 4762; x_wconf 79' lang='grc' dir='ltr'><strong>κάγὼ</strong></span> <span class='ocrx_word' id='word_1_718' title='bbox 698 4694 835 4760; x_wconf 79' lang='grc' dir='ltr'>ὅλως</span> <span class='ocrx_word' id='word_1_719' title='bbox 867 4697 929 4748; x_wconf 87' lang='grc' dir='ltr'><strong>οὐ</strong></span> <span class='ocrx_word' id='word_1_720' title='bbox 963 4697 1262 4768; x_wconf 85' lang='grc' dir='ltr'>κοιμῶμαι·</span> <span class='ocrx_word' id='word_1_721' title='bbox 1291 4697 1492 4751; x_wconf 75' lang='grc' dir='ltr'>ἔνεστι</span> <span class='ocrx_word' id='word_1_722' title='bbox 1528 4697 1717 4768; x_wconf 86' lang='grc' dir='ltr'>μόνον,</span> <span class='ocrx_word' id='word_1_723' title='bbox 1748 4698 1806 4750; x_wconf 78' lang='grc' dir='ltr'>ἐν</span> <span class='ocrx_word' id='word_1_724' title='bbox 1836 4692 1881 4766; x_wconf 79' lang='grc' dir='ltr'>ᾧ</span> 
     </span>
    </p>
   </div>
   <div class='ocr_carea' id='block_1_91' title="bbox 1994 4689 3558 4768">
    <p class='ocr_par' dir='ltr' id='par_1_91' title="bbox 1994 4689 3558 4760">
     <span class='ocr_line' id='line_1_91' title="bbox 1994 4689 3558 4760; baseline 0.001 -15"><span class='ocrx_word' id='word_1_725' title='bbox 1994 4707 2096 4745; x_wconf 89' lang='lat' dir='ltr'><strong>non</strong></span> <span class='ocrx_word' id='word_1_726' title='bbox 2147 4691 2384 4746; x_wconf 91' lang='lat' dir='ltr'><strong>dormio.</strong></span> <span class='ocrx_word' id='word_1_727' title='bbox 2428 4689 2610 4745; x_wconf 92' lang='lat' dir='ltr'><strong>Unum</strong></span> <span class='ocrx_word' id='word_1_728' title='bbox 2656 4691 2835 4745; x_wconf 84' lang='lat' dir='ltr'><strong>solum</strong></span> <span class='ocrx_word' id='word_1_729' title='bbox 2876 4699 2962 4744; x_wconf 93' lang='lat' dir='ltr'><strong>est</strong></span> <span class='ocrx_word' id='word_1_730' title='bbox 2991 4690 3178 4760; x_wconf 84' lang='lat' dir='ltr'><strong>inquo</strong></span> <span class='ocrx_word' id='word_1_731' title='bbox 3223 4692 3400 4746; x_wconf 88' lang='lat' dir='ltr'><strong>vincis</strong></span> <span class='ocrx_word' id='word_1_732' title='bbox 3452 4706 3558 4746; x_wconf 90' lang='lat' dir='ltr'><strong>me.</strong></span> 
     </span>
    </p>
   </div>
   <div class='ocr_carea' id='block_1_92' title="bbox 286 4786 1879 4862">
    <p class='ocr_par' dir='ltr' id='par_1_92' title="bbox 286 4786 1879 4862">
     <span class='ocr_line' id='line_1_92' title="bbox 286 4786 1879 4862; baseline 0.005 -26"><span class='ocrx_word' id='word_1_733' title='bbox 286 4786 454 4855; x_wconf 75' lang='grc' dir='ltr'>νικᾷς</span> <span class='ocrx_word' id='word_1_734' title='bbox 511 4803 601 4855; x_wconf 86' lang='grc' dir='ltr'>με.</span> <span class='ocrx_word' id='word_1_735' title='bbox 653 4787 800 4856; x_wconf 86' lang='grc' dir='ltr'>λέγει</span> <span class='ocrx_word' id='word_1_736' title='bbox 851 4787 997 4860; x_wconf 80' lang='grc' dir='ltr'><strong>αὐτῷ</strong></span> <span class='ocrx_word' id='word_1_737' title='bbox 1048 4791 1076 4842; x_wconf 90' lang='lat'><strong>6</strong></span> <span class='ocrx_word' id='word_1_738' title='bbox 1129 4789 1305 4854; x_wconf 78' lang='grc' dir='ltr'>ἁϐὅᾶς</span> <span class='ocrx_word' id='word_1_739' title='bbox 1351 4789 1671 4862; x_wconf 85' lang='grc' dir='ltr'>Μακάριος·</span> <span class='ocrx_word' id='word_1_740' title='bbox 1725 4793 1879 4846; x_wconf 84' lang='grc' dir='ltr'>ποῖον</span> 
     </span>
    </p>
   </div>
   <div class='ocr_carea' id='block_1_93' title="bbox 287 4878 1878 4953">
    <p class='ocr_par' dir='ltr' id='par_1_93' title="bbox 287 4878 1878 4953">
     <span class='ocr_line' id='line_1_93' title="bbox 287 4878 1878 4953; baseline 0.004 -24"><span class='ocrx_word' id='word_1_741' title='bbox 287 4878 484 4944; x_wconf 71' lang='grc' dir='ltr'>τοῦτο;</span> <span class='ocrx_word' id='word_1_742' title='bbox 521 4880 551 4930; x_wconf 90' lang='grc' dir='ltr'><strong>ό</strong></span> <span class='ocrx_word' id='word_1_743' title='bbox 582 4879 639 4932; x_wconf 78' lang='grc' dir='ltr'>δὲ</span> <span class='ocrx_word' id='word_1_744' title='bbox 688 4880 790 4951; x_wconf 68' lang='grc' dir='ltr'><strong>ἔφη</strong></span> <span class='ocrx_word' id='word_1_745' title='bbox 819 4897 832 4909; x_wconf 70' lang='grc'><strong><em>⁸</em></strong></span> <span class='ocrx_word' id='word_1_746' title='bbox 869 4883 901 4953; x_wconf 82' lang='grc' dir='ltr'><strong>ἡ</strong></span> <span class='ocrx_word' id='word_1_747' title='bbox 944 4882 1274 4945; x_wconf 85' lang='grc' dir='ltr'>ταπείνωσίς</span> <span class='ocrx_word' id='word_1_748' title='bbox 1305 4899 1420 4935; x_wconf 86' lang='grc' dir='ltr'>σου.</span> <span class='ocrx_word' id='word_1_749' title='bbox 1467 4883 1562 4935; x_wconf 61' lang='grc' dir='ltr'><strong>καὶ⁴</strong></span> <span class='ocrx_word' id='word_1_750' title='bbox 1599 4881 1688 4936; x_wconf 78' lang='grc' dir='ltr'><strong>διὰ</strong></span> <span class='ocrx_word' id='word_1_751' title='bbox 1717 4882 1878 4936; x_wconf 77' lang='grc' dir='ltr'>τοῦτο</span> 
     </span>
    </p>
   </div>
   <div class='ocr_carea' id='block_1_94' title="bbox 289 4969 914 5041">
    <p class='ocr_par' dir='ltr' id='par_1_94' title="bbox 289 4969 914 5041">
     <span class='ocr_line' id='line_1_94' title="bbox 289 4969 914 5041; baseline 0.008 -20"><span class='ocrx_word' id='word_1_752' title='bbox 289 4971 351 5021; x_wconf 73' lang='grc' dir='ltr'><strong>οὐ</strong></span> <span class='ocrx_word' id='word_1_753' title='bbox 386 4969 626 5040; x_wconf 76' lang='grc' dir='ltr'>δύναμαι</span> <span class='ocrx_word' id='word_1_754' title='bbox 660 4975 795 5041; x_wconf 77' lang='grc' dir='ltr'>πρὸς</span> <span class='ocrx_word' id='word_1_755' title='bbox 833 4974 914 5028; x_wconf 81' lang='grc' dir='ltr'>σέ.</span> 
     </span>
    </p>
   </div>
   <div class='ocr_carea' id='block_1_95' title="bbox 362 5059 1872 5140">
    <p class='ocr_par' dir='ltr' id='par_1_95' title="bbox 362 5059 1872 5140">
     <span class='ocr_line' id='line_1_95' title="bbox 362 5059 1872 5140; baseline 0.005 -27"><span class='ocrx_word' id='word_1_756' title='bbox 362 5059 451 5114; x_wconf 73' lang='grc'><strong>12.</strong></span> <span class='ocrx_word' id='word_1_757' title='bbox 491 5061 560 5130; x_wconf 87' lang='lat' dir='ltr'><strong>(e)</strong></span> <span class='ocrx_word' id='word_1_758' title='bbox 606 5063 923 5136; x_wconf 80' lang='grc' dir='ltr'>Ἦρώτησάν</span> <span class='ocrx_word' id='word_1_759' title='bbox 953 5083 1098 5130; x_wconf 86' lang='grc' dir='ltr'>τινες</span> <span class='ocrx_word' id='word_1_760' title='bbox 1143 5065 1254 5119; x_wconf 81' lang='grc' dir='ltr'><strong>τῶν</strong></span> <span class='ocrx_word' id='word_1_761' title='bbox 1278 5066 1532 5140; x_wconf 87' lang='grc' dir='ltr'>πατέρων</span> <span class='ocrx_word' id='word_1_762' title='bbox 1586 5068 1678 5122; x_wconf 85' lang='grc' dir='ltr'><strong>τὸν</strong></span> <span class='ocrx_word' id='word_1_763' title='bbox 1698 5067 1872 5121; x_wconf 79' lang='grc' dir='ltr'>ἀδδᾶν</span> 
     </span>
    </p>
   </div>
   <div class='ocr_carea' id='block_1_96' title="bbox 1981 4781 3564 4854">
    <p class='ocr_par' dir='ltr' id='par_1_96' title="bbox 1981 4781 3564 4854">
     <span class='ocr_line' id='line_1_96' title="bbox 1981 4781 3564 4854; baseline -0.002 -16"><span class='ocrx_word' id='word_1_764' title='bbox 1981 4783 2348 4854; x_wconf 83' lang='lat' dir='ltr'><strong>Interrogavit</strong></span> <span class='ocrx_word' id='word_1_765' title='bbox 2391 4782 2666 4837; x_wconf 79' lang='lat' dir='ltr'><strong>Macarius</strong></span> <span class='ocrx_word' id='word_1_766' title='bbox 2703 4782 2874 4837; x_wconf 87' lang='lat' dir='ltr'><strong>abbas</strong></span> <span class='ocrx_word' id='word_1_767' title='bbox 2907 4799 2923 4836; x_wconf 92' lang='lat'><strong>:</strong></span> <span class='ocrx_word' id='word_1_768' title='bbox 2956 4781 3229 4847; x_wconf 86' lang='lat' dir='ltr'><strong>Quidnam</strong></span> <span class='ocrx_word' id='word_1_769' title='bbox 3268 4791 3353 4836; x_wconf 91' lang='lat' dir='ltr'><strong>est</strong></span> <span class='ocrx_word' id='word_1_770' title='bbox 3389 4781 3564 4835; x_wconf 87' lang='lat' dir='ltr'><strong>illud?</strong></span> 
     </span>
    </p>
   </div>
   <div class='ocr_carea' id='block_1_97' title="bbox 1981 4873 3561 4948">
    <p class='ocr_par' dir='ltr' id='par_1_97' title="bbox 1981 4873 3561 4948">
     <span class='ocr_line' id='line_1_97' title="bbox 1981 4873 3561 4948; baseline -0.002 -17"><span class='ocrx_word' id='word_1_771' title='bbox 1981 4876 2287 4948; x_wconf 82' lang='lat' dir='ltr'><strong>Respondit</strong></span> <span class='ocrx_word' id='word_1_772' title='bbox 2319 4893 2333 4930; x_wconf 92' lang='lat'><strong>:</strong></span> <span class='ocrx_word' id='word_1_773' title='bbox 2366 4875 2658 4930; x_wconf 79' lang='lat' dir='ltr'><strong>Ilumilitas</strong></span> <span class='ocrx_word' id='word_1_774' title='bbox 2686 4880 2804 4929; x_wconf 90' lang='lat' dir='ltr'><strong>tua.</strong></span> <span class='ocrx_word' id='word_1_775' title='bbox 2835 4877 2915 4929; x_wconf 87' lang='lat' dir='ltr'><strong>Ac</strong></span> <span class='ocrx_word' id='word_1_776' title='bbox 2947 4881 3241 4945; x_wconf 89' lang='lat' dir='ltr'><strong>propterea</strong></span> <span class='ocrx_word' id='word_1_777' title='bbox 3290 4873 3561 4928; x_wconf 87' lang='lat' dir='ltr'><strong>adversus</strong></span> 
     </span>
    </p>
   </div>
   <div class='ocr_carea' id='block_1_98' title="bbox 1977 4972 2468 5041">
    <p class='ocr_par' dir='ltr' id='par_1_98' title="bbox 1977 4972 2468 5041">
     <span class='ocr_line' id='line_1_98' title="bbox 1977 4972 2468 5041; baseline -0.008 -15"><span class='ocrx_word' id='word_1_778' title='bbox 1977 4982 2031 5028; x_wconf 92' lang='lat' dir='ltr'><strong>te</strong></span> <span class='ocrx_word' id='word_1_779' title='bbox 2050 4972 2187 5026; x_wconf 90' lang='lat' dir='ltr'><strong>nihil</strong></span> <span class='ocrx_word' id='word_1_780' title='bbox 2217 4986 2468 5041; x_wconf 88' lang='lat' dir='ltr'><strong>possum.</strong></span> 
     </span>
    </p>
   </div>
   <div class='ocr_carea' id='block_1_99' title="bbox 2050 5055 3554 5130">
    <p class='ocr_par' dir='ltr' id='par_1_99' title="bbox 2050 5055 3554 5130">
     <span class='ocr_line' id='line_1_99' title="bbox 2050 5055 3554 5130; baseline -0.005 -14"><span class='ocrx_word' id='word_1_781' title='bbox 2050 5062 2138 5116; x_wconf 76' lang='grc'><strong>12.</strong></span> <span class='ocrx_word' id='word_1_782' title='bbox 2181 5059 2660 5130; x_wconf 86' lang='lat' dir='ltr'><strong>lnterrogaverunt</strong></span> <span class='ocrx_word' id='word_1_783' title='bbox 2680 5057 2902 5128; x_wconf 89' lang='lat' dir='ltr'><strong>quidam</strong></span> <span class='ocrx_word' id='word_1_784' title='bbox 2933 5073 2961 5112; x_wconf 90' lang='lat' dir='ltr'><strong>e</strong></span> <span class='ocrx_word' id='word_1_785' title='bbox 2989 5056 3237 5127; x_wconf 88' lang='lat' dir='ltr'><strong>patribus</strong></span> <span class='ocrx_word' id='word_1_786' title='bbox 3258 5055 3554 5109; x_wconf 82' lang='lat' dir='ltr'><strong>Macarium</strong></span> 
     </span>
    </p>
   </div>
   <div class='ocr_carea' id='block_1_100' title="bbox 294 5147 1888 5228">
    <p class='ocr_par' dir='ltr' id='par_1_100' title="bbox 294 5152 1871 5228">
     <span class='ocr_line' id='line_1_100' title="bbox 294 5152 1871 5228; baseline 0.006 -25"><span class='ocrx_word' id='word_1_787' title='bbox 294 5152 585 5222; x_wconf 77' lang='grc' dir='ltr'>Μακάρων</span> <span class='ocrx_word' id='word_1_788' title='bbox 617 5156 706 5208; x_wconf 80' lang='grc' dir='ltr'><strong>τὸν</strong></span> <span class='ocrx_word' id='word_1_789' title='bbox 725 5157 1041 5225; x_wconf 78' lang='grc' dir='ltr'>Αίγύπτιον,</span> <span class='ocrx_word' id='word_1_790' title='bbox 1074 5159 1360 5228; x_wconf 79' lang='grc' dir='ltr'>λέγοντες·</span> <span class='ocrx_word' id='word_1_791' title='bbox 1392 5160 1510 5224; x_wconf 83' lang='grc' dir='ltr'>πῶς</span> <span class='ocrx_word' id='word_1_792' title='bbox 1534 5161 1622 5214; x_wconf 83' lang='grc' dir='ltr'>ὅτε</span> <span class='ocrx_word' id='word_1_793' title='bbox 1669 5160 1871 5222; x_wconf 74' lang='grc' dir='ltr'>ἐσθίεις</span> 
     </span>
    </p>
   </div>
   <div class='ocr_carea' id='block_1_101' title="bbox 1994 5147 3559 5228">
    <p class='ocr_par' dir='ltr' id='par_1_101' title="bbox 1994 5147 3559 5224">
     <span class='ocr_line' id='line_1_101' title="bbox 1994 5147 3559 5224; baseline -0.004 -17"><span class='ocrx_word' id='word_1_794' title='bbox 1994 5153 2304 5224; x_wconf 48' lang='lat' dir='ltr'><strong>Aegyptium</strong></span> <span class='ocrx_word' id='word_1_795' title='bbox 2371 5151 2622 5206; x_wconf 88' lang='lat' dir='ltr'><strong>abbatem</strong></span> <span class='ocrx_word' id='word_1_796' title='bbox 2693 5150 2985 5204; x_wconf 87' lang='lat' dir='ltr'><strong>dicentes:</strong></span> <span class='ocrx_word' id='word_1_797' title='bbox 3051 5147 3158 5212; x_wconf 89' lang='lat' dir='ltr'><strong>Qui</strong></span> <span class='ocrx_word' id='word_1_798' title='bbox 3218 5148 3276 5201; x_wconf 89' lang='lat' dir='ltr'><strong>fit</strong></span> <span class='ocrx_word' id='word_1_799' title='bbox 3324 5155 3386 5201; x_wconf 91' lang='lat' dir='ltr'><strong>ut</strong></span> <span class='ocrx_word' id='word_1_800' title='bbox 3445 5147 3559 5201; x_wconf 85' lang='lat' dir='ltr'><strong>sive</strong></span> 
     </span>
    </p>
   </div>
   <div class='ocr_carea' id='block_1_102' title="bbox 304 5239 1888 5324">
    <p class='ocr_par' dir='ltr' id='par_1_102' title="bbox 304 5244 1870 5324">
     <span class='ocr_line' id='line_1_102' title="bbox 304 5244 1870 5324; baseline 0.005 -29"><span class='ocrx_word' id='word_1_801' title='bbox 304 5244 389 5295; x_wconf 76' lang='grc' dir='ltr'><strong>καὶ</strong></span> <span class='ocrx_word' id='word_1_802' title='bbox 415 5245 507 5298; x_wconf 78' lang='grc' dir='ltr'><strong>ὅτε</strong></span> <span class='ocrx_word' id='word_1_803' title='bbox 538 5247 819 5317; x_wconf 80' lang='grc' dir='ltr'>νηστεύεις</span> <span class='ocrx_word' id='word_1_804' title='bbox 843 5249 904 5301; x_wconf 81' lang='grc' dir='ltr'><strong>τὸ</strong></span> <span class='ocrx_word' id='word_1_805' title='bbox 931 5250 1093 5321; x_wconf 85' lang='grc' dir='ltr'>σῶμά</span> <span class='ocrx_word' id='word_1_806' title='bbox 1119 5269 1212 5305; x_wconf 87' lang='grc' dir='ltr'><strong>σου</strong></span> <span class='ocrx_word' id='word_1_807' title='bbox 1237 5252 1400 5324; x_wconf 79' lang='grc' dir='ltr'>ξηρόν</span> <span class='ocrx_word' id='word_1_808' title='bbox 1429 5255 1582 5320; x_wconf 58' lang='lat' dir='ltr'><strong>seu;</strong></span> <span class='ocrx_word' id='word_1_809' title='bbox 1608 5252 1703 5306; x_wconf 77' lang='grc' dir='ltr'><strong>καὶ</strong></span> <span class='ocrx_word' id='word_1_810' title='bbox 1723 5251 1870 5319; x_wconf 85' lang='grc' dir='ltr'>λέγει</span> 
     </span>
    </p>
   </div>
   <div class='ocr_carea' id='block_1_103' title="bbox 1994 5239 3562 5324">
    <p class='ocr_par' dir='ltr' id='par_1_103' title="bbox 1994 5239 3562 5308">
     <span class='ocr_line' id='line_1_103' title="bbox 1994 5239 3562 5308; baseline -0.001 -10"><span class='ocrx_word' id='word_1_811' title='bbox 1994 5242 2254 5307; x_wconf 86' lang='lat' dir='ltr'><strong>:omedas,</strong></span> <span class='ocrx_word' id='word_1_812' title='bbox 2308 5242 2422 5298; x_wconf 87' lang='lat' dir='ltr'><strong>sive</strong></span> <span class='ocrx_word' id='word_1_813' title='bbox 2464 5241 2698 5305; x_wconf 88' lang='lat' dir='ltr'><strong>ieiunes,</strong></span> <span class='ocrx_word' id='word_1_814' title='bbox 2751 5253 2953 5308; x_wconf 91' lang='lat' dir='ltr'><strong>corpus</strong></span> <span class='ocrx_word' id='word_1_815' title='bbox 2996 5246 3150 5293; x_wconf 90' lang='lat' dir='ltr'><strong>tuum</strong></span> <span class='ocrx_word' id='word_1_816' title='bbox 3187 5241 3396 5296; x_wconf 90' lang='lat' dir='ltr'><strong>siccum</strong></span> <span class='ocrx_word' id='word_1_817' title='bbox 3445 5239 3513 5295; x_wconf 89' lang='lat' dir='ltr'><strong>sit</strong></span> <span class='ocrx_word' id='word_1_818' title='bbox 3551 5261 3562 5296; x_wconf 90' lang='lat'><strong>:</strong></span> 
     </span>
    </p>
   </div>
   <div class='ocr_carea' id='block_1_104' title="bbox 1581 5375 2280 5440">
    <p class='ocr_par' dir='ltr' id='par_1_104' title="bbox 1581 5375 2280 5440">
     <span class='ocr_line' id='line_1_104' title="bbox 1581 5375 2280 5440; baseline -0.016 0"><span class='ocrx_word' id='word_1_819' title='bbox 1581 5384 1840 5440; x_wconf 78' lang='lat' dir='ltr'><strong>VARIAE</strong></span> <span class='ocrx_word' id='word_1_820' title='bbox 1872 5375 2280 5438; x_wconf 86' lang='lat' dir='ltr'><strong>LECTIONES.</strong></span> 
     </span>
    </p>
   </div>
   <div class='ocr_carea' id='block_1_105' title="bbox 363 5474 1302 5554">
    <p class='ocr_par' dir='ltr' id='par_1_105' title="bbox 363 5474 1302 5554">
     <span class='ocr_line' id='line_1_105' title="bbox 363 5474 1302 5554; baseline 0.009 -25"><span class='ocrx_word' id='word_1_821' title='bbox 363 5474 411 5508; x_wconf 68' lang='grc' dir='ltr'><strong>ι’</strong></span> <span class='ocrx_word' id='word_1_822' title='bbox 446 5477 537 5534; x_wconf 87' lang='lat' dir='ltr'><strong>Al.</strong></span> <span class='ocrx_word' id='word_1_823' title='bbox 567 5477 683 5547; x_wconf 78' lang='grc' dir='ltr'>ἐγὼ</span> <span class='ocrx_word' id='word_1_824' title='bbox 724 5479 867 5533; x_wconf 83' lang='grc' dir='ltr'>οὐδὲ</span> <span class='ocrx_word' id='word_1_825' title='bbox 900 5480 1054 5548; x_wconf 80' lang='grc' dir='ltr'>ὅλως</span> <span class='ocrx_word' id='word_1_826' title='bbox 1084 5481 1302 5554; x_wconf 75' lang='grc' dir='ltr'>τρώγω.</span> 
     </span>
    </p>
   </div>
   <div class='ocr_carea' id='block_1_106' title="bbox 1806 5585 2059 5643">
    <p class='ocr_par' dir='ltr' id='par_1_106' title="bbox 1806 5585 2059 5643">
     <span class='ocr_line' id='line_1_106' title="bbox 1806 5585 2059 5643; baseline -0.016 -1"><span class='ocrx_word' id='word_1_827' title='bbox 1806 5585 2059 5643; x_wconf 87' lang='lat' dir='ltr'><strong>NOTAE.</strong></span> 
     </span>
    </p>
   </div>
   <div class='ocr_carea' id='block_1_107' title="bbox 359 5731 1870 5815">
    <p class='ocr_par' dir='ltr' id='par_1_107' title="bbox 359 5731 1870 5815">
     <span class='ocr_line' id='line_1_107' title="bbox 359 5731 1870 5815; baseline 0.003 -25"><span class='ocrx_word' id='word_1_828' title='bbox 359 5731 708 5815; x_wconf 51' lang='grc' dir='ltr'>(αλᾏέγωνς</span> <span class='ocrx_word' id='word_1_829' title='bbox 750 5737 779 5789; x_wconf 87' lang='lat'><strong>6</strong></span> <span class='ocrx_word' id='word_1_830' title='bbox 807 5736 971 5802; x_wconf 83' lang='grc' dir='ltr'>δεῖνα,</span> <span class='ocrx_word' id='word_1_831' title='bbox 1007 5742 1062 5795; x_wconf 84' lang='grc' dir='ltr'><strong>ἱη</strong></span> <span class='ocrx_word' id='word_1_832' title='bbox 1091 5741 1231 5797; x_wconf 78' lang='lat' dir='ltr'><strong>Vitis</strong></span> <span class='ocrx_word' id='word_1_833' title='bbox 1264 5741 1523 5798; x_wconf 87' lang='lat' dir='ltr'><strong>Patrum:</strong></span> <span class='ocrx_word' id='word_1_834' title='bbox 1558 5741 1732 5797; x_wconf 84' lang='lat' dir='ltr'><strong>dicens</strong></span> <span class='ocrx_word' id='word_1_835' title='bbox 1770 5740 1870 5801; x_wconf 77' lang='lat' dir='ltr'><strong>illi,</strong></span> 
     </span>
    </p>
   </div>
   <div class='ocr_carea' id='block_1_108' title="bbox 293 5802 734 5879">
    <p class='ocr_par' dir='ltr' id='par_1_108' title="bbox 293 5802 734 5879">
     <span class='ocr_line' id='line_1_108' title="bbox 293 5802 734 5879; baseline -0.007 -18"><span class='ocrx_word' id='word_1_836' title='bbox 293 5821 398 5879; x_wconf 0' lang='lat' dir='ltr'><strong>pro,</strong></span> <span class='ocrx_word' id='word_1_837' title='bbox 413 5802 600 5879; x_wconf 52' lang='lat' dir='ltr'><strong>dicens</strong></span> <span class='ocrx_word' id='word_1_838' title='bbox 610 5804 734 5879; x_wconf 54' lang='lat' dir='ltr'><strong>ille.</strong></span> 
     </span>
    </p>
   </div>
   <div class='ocr_carea' id='block_1_109' title="bbox 359 5873 1724 5954">
    <p class='ocr_par' dir='ltr' id='par_1_109' title="bbox 359 5873 1724 5954">
     <span class='ocr_line' id='line_1_109' title="bbox 359 5873 1724 5954; baseline 0.008 -24"><span class='ocrx_word' id='word_1_839' title='bbox 359 5878 432 5954; x_wconf 49' lang='lat' dir='ltr'><strong>ib)</strong></span> <span class='ocrx_word' id='word_1_840' title='bbox 758 5874 1075 5954; x_wconf 33' lang='lat' dir='ltr'><strong>IfP_._‘li_o_sw.</strong></span> <span class='ocrx_word' id='word_1_841' title='bbox 1109 5882 1204 5954; x_wconf 77' lang='lat' dir='ltr'><strong>lib.</strong></span> <span class='ocrx_word' id='word_1_842' title='bbox 1251 5881 1318 5954; x_wconf 72' lang='grc' dir='ltr'>γι</span> <span class='ocrx_word' id='word_1_843' title='bbox 1373 5884 1540 5941; x_wconf 83' lang='lat' dir='ltr'><strong>libell.</strong></span> <span class='ocrx_word' id='word_1_844' title='bbox 1580 5887 1634 5954; x_wconf 71' lang='lat'><strong>‘2,</strong></span> <span class='ocrx_word' id='word_1_845' title='bbox 1673 5885 1724 5941; x_wconf 90' lang='lat'><strong>8.</strong></span> 
     </span>
    </p>
   </div>
   <div class='ocr_carea' id='block_1_110' title="bbox 355 5945 1418 6022">
    <p class='ocr_par' dir='ltr' id='par_1_110' title="bbox 355 5945 1418 6022">
     <span class='ocr_line' id='line_1_110' title="bbox 355 5945 1418 6022; baseline 0.002 -18"><span class='ocrx_word' id='word_1_846' title='bbox 355 5945 428 6022; x_wconf 78' lang='grc' dir='ltr'><strong>(ε)</strong></span> <span class='ocrx_word' id='word_1_847' title='bbox 470 5945 563 6004; x_wconf 80' lang='lat' dir='ltr'><strong>Cf.</strong></span> <span class='ocrx_word' id='word_1_848' title='bbox 597 5945 800 6003; x_wconf 73' lang='lat' dir='ltr'><strong>lladeri</strong></span> <span class='ocrx_word' id='word_1_849' title='bbox 831 5947 1062 6006; x_wconf 73' lang='lat' dir='ltr'><strong>Vir-idar.</strong></span> <span class='ocrx_word' id='word_1_850' title='bbox 1117 5950 1205 6018; x_wconf 79' lang='lat' dir='ltr'><strong>lli.</strong></span> <span class='ocrx_word' id='word_1_851' title='bbox 1239 5953 1293 6017; x_wconf 85' lang='lat'><em>6,</em></span> <span class='ocrx_word' id='word_1_852' title='bbox 1336 5954 1418 6010; x_wconf 81' lang='grc'><strong>19.</strong></span> 
     </span>
    </p>
   </div>
   <div class='ocr_carea' id='block_1_111' title="bbox 2004 5723 3553 5807">
    <p class='ocr_par' dir='ltr' id='par_1_111' title="bbox 2004 5723 3553 5807">
     <span class='ocr_line' id='line_1_111' title="bbox 2004 5723 3553 5807; baseline -0.004 -25"><span class='ocrx_word' id='word_1_853' title='bbox 2176 5723 2411 5807; x_wconf 33' lang='grc' dir='ltr'>ςιλιςν.</span> <span class='ocrx_word' id='word_1_854' title='bbox 2463 5723 2565 5780; x_wconf 89' lang='grc' dir='ltr'><strong>ΡΡ.</strong></span> <span class='ocrx_word' id='word_1_855' title='bbox 2609 5724 2794 5779; x_wconf 79' lang='lat' dir='ltr'><strong>Rosw.</strong></span> <span class='ocrx_word' id='word_1_856' title='bbox 2821 5726 2914 5780; x_wconf 90' lang='lat' dir='ltr'><strong>lib.</strong></span> <span class='ocrx_word' id='word_1_857' title='bbox 2950 5725 3014 5778; x_wconf 82' lang='lat' dir='ltr'><strong>ill</strong></span> <span class='ocrx_word' id='word_1_858' title='bbox 3076 5742 3200 5798; x_wconf 89' lang='lat' dir='ltr'><strong>cap.</strong></span> <span class='ocrx_word' id='word_1_859' title='bbox 3234 5727 3321 5790; x_wconf 77' lang='lat'><strong>53;</strong></span> <span class='ocrx_word' id='word_1_860' title='bbox 3373 5725 3464 5780; x_wconf 90' lang='lat' dir='ltr'><strong>lib.</strong></span> <span class='ocrx_word' id='word_1_861' title='bbox 3515 5724 3553 5776; x_wconf 69' lang='grc' dir='ltr'><strong>ν</strong></span> 
     </span>
    </p>
   </div>
   <div class='ocr_carea' id='block_1_112' title="bbox 1982 5795 3551 5938">
    <p class='ocr_par' dir='ltr' id='par_1_112' title="bbox 1982 5795 3551 5938">
     <span class='ocr_line' id='line_1_112' title="bbox 1982 5795 3161 5854; baseline -0.011 -4"><span class='ocrx_word' id='word_1_862' title='bbox 1982 5795 2150 5850; x_wconf 91' lang='lat' dir='ltr'><strong>libell.</strong></span> <span class='ocrx_word' id='word_1_863' title='bbox 2184 5797 2237 5854; x_wconf 72' lang='grc'><strong>4.</strong></span> <span class='ocrx_word' id='word_1_864' title='bbox 2269 5795 2358 5848; x_wconf 63' lang='lat'><strong>26.</strong></span> <span class='ocrx_word' id='word_1_865' title='bbox 3146 5795 3161 5798; x_wconf 71' lang='grc'><strong><em>“</em></strong></span> 
     </span>
     <span class='ocr_line' id='line_1_113' title="bbox 1982 5864 3551 5938; baseline 0.005 -22"><span class='ocrx_word' id='word_1_866' title='bbox 1982 5865 2121 5938; x_wconf 71' lang='lat' dir='ltr'><strong>___(e)_</strong></span> <span class='ocrx_word' id='word_1_867' title='bbox 2164 5865 2247 5938; x_wconf 45' lang='grc' dir='ltr'>(ξιξ,</span> <span class='ocrx_word' id='word_1_868' title='bbox 2281 5864 2394 5938; x_wconf 15' lang='grc' dir='ltr'>γέν.</span> <span class='ocrx_word' id='word_1_869' title='bbox 2548 5864 2729 5938; x_wconf 64' lang='lat' dir='ltr'><strong>Rosw.</strong></span> <span class='ocrx_word' id='word_1_870' title='bbox 2767 5865 2858 5918; x_wconf 90' lang='lat' dir='ltr'><strong>lib.</strong></span> <span class='ocrx_word' id='word_1_871' title='bbox 2897 5866 2984 5938; x_wconf 10' lang='lat' dir='ltr'><strong>illi</strong></span> <span class='ocrx_word' id='word_1_872' title='bbox 3023 5882 3145 5938; x_wconf 81' lang='lat' dir='ltr'><strong>cap.</strong></span> <span class='ocrx_word' id='word_1_873' title='bbox 3202 5867 3338 5934; x_wconf 53' lang='lat'><strong>19.11;</strong></span> <span class='ocrx_word' id='word_1_874' title='bbox 3375 5865 3475 5923; x_wconf 87' lang='lat' dir='ltr'><strong>lib.</strong></span> <span class='ocrx_word' id='word_1_875' title='bbox 3510 5864 3551 5924; x_wconf 78' lang='grc' dir='ltr'><strong>ν</strong></span> 
     </span>
    </p>
   </div>
   <div class='ocr_carea' id='block_1_113' title="bbox 1978 5935 3058 6006">
    <p class='ocr_par' dir='ltr' id='par_1_113' title="bbox 1978 5935 3058 6006">
     <span class='ocr_line' id='line_1_114' title="bbox 1978 5935 3058 6006; baseline 0 -16"><span class='ocrx_word' id='word_1_876' title='bbox 1978 5935 2144 5993; x_wconf 82' lang='lat' dir='ltr'><strong>libell.</strong></span> <span class='ocrx_word' id='word_1_877' title='bbox 2183 5935 2272 6003; x_wconf 76' lang='grc'><strong>15,</strong></span> <span class='ocrx_word' id='word_1_878' title='bbox 2313 5937 2420 6005; x_wconf 78' lang='grc'><strong>26;</strong></span> <span class='ocrx_word' id='word_1_879' title='bbox 2451 5937 2542 5992; x_wconf 84' lang='lat' dir='ltr'><strong>lib.</strong></span> <span class='ocrx_word' id='word_1_880' title='bbox 2581 5935 2666 5990; x_wconf 73' lang='lat' dir='ltr'><strong>Vll</strong></span> <span class='ocrx_word' id='word_1_881' title='bbox 2724 5951 2839 6006; x_wconf 83' lang='lat' dir='ltr'><strong>cap.</strong></span> <span class='ocrx_word' id='word_1_882' title='bbox 2888 5937 2973 6003; x_wconf 78' lang='grc'><strong>15,</strong></span> <span class='ocrx_word' id='word_1_883' title='bbox 3003 5938 3058 5990; x_wconf 83' lang='grc'><strong>6.</strong></span> 
     </span>
    </p>
   </div>
  </div>
