4016 6432
215 416 306 471 249

1567 396 2210 460 APOPHTHEGMATA.

3404 386 3510 444 ‘250

221 537 336 593 κεῖν
371 552 430 588 τι
481 533 836 604 δυνάμεθα
891 535 960 586 ²¹.
1001 529 1032 584 ὸ
1087 529 1299 596 Κύριος
1329 525 1585 579 ἔδωκενο
1618 525 1698 590 ὡς
1730 525 1838 576 αὑ-

1958 519 2082 573 ”ειί·ε
2111 515 2238 587 quid
2263 532 2566 585 possumus.
2603 514 2863 570 Dominus
2893 513 3075 578 dedit;
3108 514 3244 566 sicut
3282 512 3392 580 ipse
3423 527 3511 564 vo-

221 631 311 695 τὸς
338 626 704 695 ἠθέλησεν,
740 627 939 690 οὕτως
962 623 1058 677 καὶ
1083 620 1339 691 ἐγένετο.
1370 613 1697 688 εὐλογητὸς
1721 616 1838 670 Κύ-

223 739 342 792 ριος
370 720 475 773 ἐπὶ
512 718 736 773 πᾶσιν
763 721 871 787 (ιι).

286 816 370 869 19.
425 810 795 882 Ἰἰρώτησάν
826 825 973 872 τινες
1003 806 1093 859 τὸν
1123 803 1298 858 άὸδᾶν
1325 800 1630 871 Μακάριον,
1654 798 1839 866 λέγον-

228 923 344 970 τες·
376 905 503 968 πῶς
539 905 865 976 ὀφείλομεν
913 898 1342 973 προσεύχεσθαι;
1390 896 1539 964 λέγει
1594 895 1778 954 αὐτοῖς
1811 893 1839 944 6

239 1000 429 1070 γέρων·
464 997 584 1049 οὐκ
618 996 747 1048 ἐστι
780 995 941 1065 χρεία
971 991 1332 1062 βαττολογετν,
1362 987 1476 1041 ἀλλ’
1510 986 1772 1040 ἐκτείνειν
1793 984 1838 1014 ’⁸

248 1093 337 1153 τὰς
362 1090 583 1159 χεῖρας,
623 1089 729 1142 καὶ
755 1088 964 1155 λέγειν’
1004 1083 1183 1154 κύριε,
1214 1081 1288 1144 ώς
1314 1079 1486 1143 θέλεις
1528 1079 1621 1131 καὶ
1651 1075 1727 1138 ὡς
1755 1069 1837 1127 οἷ-

248 1185 335 1247 δας
377 1181 617 1251 ἐλέησον
670 1180 753 1210 ’³ο
791 1177 887 1231 ἐάν
927 1175 984 1229 δὲ
1029 1175 1300 1227 ἐπίκειται
1353 1170 1620 1240 πόλεμοςο
1654 1167 1833 1238 κύριε,

251 1277 425 1347 βοήθει
455 1274 510 1306 ³⁵
536 1291 551 1304 ·
601 1273 706 1326 καὶ
735 1271 898 1332 αὐτὸς
922 1265 1030 1322 οἶδε
1059 1265 1131 1320 τὰ
1168 1262 1541 1335 συμφέροντα,
1572 1261 1667 1315 καὶ
1695 1260 1842 1312 ποιεῖ

245 1370 363 1442 μεθ’
389 1367 560 1438 ἡμῶν
595 1365 754 1428 ἐλεος
787 1363 890 1435 (b).

317 1551 411 1605 20.
448 1546 630 1601 Εἶπεν
669 1547 699 1599 6
747 1544 918 1607 άδόἇς
963 1540 1284 1611 Μακάριοςο
1332 1539 1380 1590 εί
1411 1536 1633 1604 γέγονεν
1664 1535 1722 1588 ὲν
1758 1534 1840 1587 σοὶ

246 1645 283 1714 ἡ
323 1641 694 1708 ἐξουδένωσις
718 1637 793 1699 ὡς
818 1639 845 1689 6
871 1635 1110 1695 ἔπαινος,
1140 1632 1234 1684 καὶ
1259 1631 1293 1699 ἡ
1319 1627 1478 1682 πενία
1509 1627 1583 1690 ώς
1615 1629 1642 1678 6
1676 1625 1840 1678 πλοῦ-

243 1751 360 1797 τος,
410 1733 513 1786 καὶ
540 1733 577 1802 ἡ
625 1729 802 1782 ἔνδεια
830 1727 904 1790 ώς
937 1727 970 1796 ἡ
1003 1723 1276 1792 δαψίλεια,
1306 1720 1406 1772 οὐκ
1438 1719 1800 1788 ἀποθνήσκεις
1820 1734 1834 1746 ο

246 1828 543 1896 ἀμήχανον
571 1821 684 1891 γάρ
716 1823 833 1872 ἐστι
859 1818 949 1871 τὸν
987 1814 1170 1879 καλῶς
1194 1811 1542 1876 πιστεύοντα,
1567 1808 1724 1878 253
1747 1808 1841 1860 καὶ

242 1920 306 1971 ἐν
352 1916 623 1984 εὐσεϐείᾳ
662 1910 1048 1983 ἐργαζόμενον,
1095 1909 1358 1979 ἐμπεσεῖν
1392 1905 1472 1968 είς
1501 1900 1843 1972 ἀκαθαρσίαν

242 2009 451 2062 παθῶν
483 2007 582 2059 καί
617 2003 887 2073 δαιμόνων
923 2000 1133 2069 πλάνην
1163 1999 1260 2070 (c).

313 2094 412 2147 2|.
443 2092 703 2160 Ἔλεγον,
738 2091 821 2142 ὅτι
858 2087 1171 2157 ἐσφάλησαν
1204 2082 1299 2137 δύο
1328 2081 1548 2152 ἀδελφοὶ
1603 2081 1721 2153 [είς
1737 2079 1854 2154 ’⁵⁵]

235 2189 496 2257 Σκῆτιν·
532 2187 631 2238 καὶ
659 2182 920 2254 ἐχώρισεν
951 2180 1148 2242 αὐτοὺς
1196 2179 1224 2232 6
1271 2176 1448 2240 άὸὁᾶς
1492 2175 1784 2244 Μακάριος
1824 2176 1853 2227 6

250 2276 543 2339 πολιτικός
565 2292 582 2306 ·
618 2274 714 2327 καὶ
740 2268 904 2344 ἦλθόν
929 2287 1076 2334 τινες
1097 2309 1111 2334 ,
1142 2269 1238 2322 καὶ⁴
1263 2263 1414 2320 εἷπον
1449 2265 1528 2337 τῷ
1562 2264 1706 2335 ἀ66ᾷ
1734 2265 1857 2318 Μα-

257 2369 432 2438 mpii?
455 2366 538 2435 τῷ
566 2363 790 2436 μεγάλῳ
816 2362 892 2432 τῷ
913 2360 1218 2430 Αἰγυπτίῳ.
1235 2355 1293 2411 Ὀ
1317 2358 1373 2411 δὲ
1396 2353 1569 2409 εἶπεν·
1586 2356 1700 2408 Οὐκ
1720 2357 1858 2408 εἰσὶν

263 2461 318 2513 οἱ
349 2459 566 2530 ἀδελφοὶ
599 2454 1028 2528 κεχωρισμένοι,
1070 2452 1209 2508 ἀλλά
1233 2450 1520 2521 Μακάριός
1542 2451 1658 2501 ἐστι
1685 2466 1864 2518 κεχω-

278 2554 562 2625 ρισμένος·
614 2545 684 2618 ἦν
712 2548 824 2619 γάρ
849 2544 1076 2614 ἀγαπῶν
1119 2543 1301 2595 αὐτόν.
1348 2541 1582 2610 ἤκουσεν
1612 2538 1640 2589 6
1676 2534 1849 2598 6.6654

269 2645 586 2713 Μακάριος,
626 2641 707 2692 ὅτι
735 2636 1002 2708 ἐχωρίσθη
1030 2634 1135 2686 ὑπὸ
1162 2631 1257 2686 τοῦ
1284 2632 1560 2703 γέροντος,
1596 2629 1692 2681 καὶ¹
1721 2626 1851 2696 ἐφυ-

265 2757 365 2807 γεν
393 2740 477 2800 είς
507 2735 571 2788 τὸ
591 2733 736 2796 ἐλος.
766 2731 985 2802 ἐξῆλθεν
1009 2723 1100 2782 οὖν
1128 2730 1156 2780 6
1184 2726 1359 2786 666:1;
1381 2725 1666 2794 Μακάριος
1696 2721 1723 2772 6
1751 2719 1849 2789 μέ-

265 2847 400 2898 γας·
429 2827 531 2880 καὶ
560 2825 804 2895 εὑρίσκει
830 2821 992 2876 αὑτὸν
1010 2817 1443 2890 τιτρωσκόμενον
1473 2814 1578 2865 ὑπὸ
1602 2811 1710 2864 τῶν
1739 2829 1849 2863 κω-

268 2921 472 2973 νώπων
492 2939 506 2948 ·
525 2918 624 2971 καὶ
641 2915 790 2984 λέγει
818 2912 969 2983 αὕτῷ
987 2929 1002 2944 ·
1029 2911 1092 2963 σὺ
1124 2908 1390 2980 ἐχώρισας
1416 2906 1540 2967 τοὺς
1566 2903 1848 2972 ἀδελφούς,

267 3017 368 3069 καὶ
399 3013 516 3066 ἰδοὺ
545 3007 694 3080 εἶχον
717 3004 1068 3076 ἀναχωρῆσαι
1089 3005 1165 3064 είς
1198 3001 1296 3071 τὴν
1317 2997 1531 3068 κώμην.
1564 2995 1676 3064 ἐγὼ
1703 2995 1759 3047 δέ
1791 3011 1850 3046 σε

271 3106 543 3176 ἐχώρισα,
576 3101 672 3153 καὶ
700 3099 766 3151 σὺ
795 3097 870 3160 ὡς
893 3096 1031 3164 καλὴ
1061 3092 1329 3162 παρθένος
1363 3092 1444 3152 εἰς
1463 3087 1554 3140 τὸν
1585 3084 1850 3154 ἐσώτερον

1871 1865 1919 1925 Β

1941 612 2059 676 luit,
2079 611 2157 663 ita
2183 619 2232 662 et
2261 608 2462 676 factum
2486 617 2582 660 est.
2632 605 2945 660 Benedictus
2977 605 3234 658 Dominus
3261 604 3315 656 in
3342 603 3512 656 omni-

1941 705 2056 757 bus.

2013 795 2099 850 10.
2141 795 2621 862 Interrogaverunt
2649 791 2874 865 quidam
2907 789 3210 844 Macarium
3256 786 3511 841 abbatem

1940 889 2192 944 dicentes
2227 905 2239 940 :
2275 883 2562 950 Quomodo
2591 885 2853 937 debemus
2879 880 3078 935 orare?
3107 877 3411 948 Respondit
3445 877 3513 929 iis

1940 996 2148 1035 senex:
2181 976 2299 1031 Non
2347 992 2486 1046 opus
2530 985 2614 1031 est
2658 975 2809 1045 loqui
2852 974 3122 1037 multum,
3174 969 3270 1026 sed
3325 977 3514 1024 exten-

1940 1074 2148 1126 dendae
2181 1077 2308 1124 sunt
2343 1083 2540 1121 manus
2567 1077 2621 1122 et
2649 1066 2962 1122 dicendum:
2987 1064 3233 1126 Domine,
3256 1061 3398 1116 sicut
3431 1060 3515 1114 vis

1941 1172 1995 1216 et
2024 1169 2168 1216 sicut
2191 1160 2656 1223 nosti,miserere.
2710 1159 2767 1211 Si
2806 1165 2989 1212 autem
3023 1156 3292 1224 ingruerit
3331 1161 3514 1208 tenta-

1941 1254 2109 1308 tionis
2152 1250 2515 1322 impugnatio,
2549 1250 2637 1304 dic
2668 1267 2679 1302 :
2706 1248 2956 1313 Domine,
2986 1248 3205 1317 adjuva.
3252 1245 3372 1315 Ipse
3419 1261 3516 1298 au-

1941 1355 2053 1403 tem
2088 1347 2217 1410 scit,
2259 1359 2400 1415 quae
2445 1342 2756 1413 expediant,
2787 1352 2840 1398 et
2863 1341 2996 1396 facit
3022 1341 3310 1395 nobiscum
3347 1339 3516 1394 mise-

1942 1437 2261 1494 ricordiam.

2013 1530 2106 1584 20.
2150 1528 2298 1582 Dixit
2321 1525 2596 1582 Macarius
2625 1524 2796 1579 abbas
2828 1540 2842 1578 :
2871 1522 2927 1576 Si
2954 1521 3099 1592 apud
3142 1529 3197 1575 te
3242 1518 3519 1574 exstiterit

1945 1629 2304 1690 contemptus
2355 1621 2506 1675 velut
2543 1619 2686 1682 laus,
2737 1627 3032 1686 paupertas
3078 1625 3336 1683 tanquam
3379 1611 3520 1665 diri-

1943 1714 2069 1778 tiae,
2090 1711 2387 1782 indigentia
2416 1713 2556 1766 sicut
2581 1709 2936 1774 abundantia,
2957 1723 3064 1760 non
3095 1703 3518 1761 morieris.Fieri

1945 1806 2092 1859 enim
2122 1819 2233 1859 non
2261 1812 2464 1874 potest,
2499 1812 2575 1865 ut,
2608 1802 2701 1871 qui
2735 1809 2880 1856 recte
2904 1799 3099 1862 credit,
3144 1808 3198 1853 et
3231 1798 3284 1851 in
3318 1798 3520 1867 pietate

1948 1905 2230 1969 operatur,
2263 1895 2473 1952 incidat
2500 1896 2558 1950 in
2584 1895 2844 1950 vitiorum
2873 1893 3065 1948 sordes
3093 1907 3159 1946 ac
3190 1891 3520 1945 daemonum

1947 2005 2214 2047 errorem.

2017 2084 2108 2138 21.
2151 2081 2431 2137 Proditum
2485 2088 2571 2136 est
2662 2080 2802 2134 duos
2843 2078 3042 2132 fratres
3089 2077 3146 2132 in
3198 2075 3343 2132 Sceti
3381 2076 3520 2131 deli—

1949 2177 2160 2248 quisse.
2192 2174 2342 2240 Quos
2370 2191 2538 2244 quum
2587 2171 2863 2227 Macarius
2896 2171 3206 2236 πολιτικός
3235 2169 3404 2225 abbas
3439 2185 3524 2224 se-

1949 2275 2256 2340 gregasset,
2278 2267 2531 2321 nonnulli
2561 2265 2858 2319 Macarium
2907 2277 3165 2333 magnum
3196 2262 3526 2333 Aegyptium

1950 2360 2202 2413 abbatem
2222 2359 2486 2412 adeuntes
2507 2359 2609 2410 hoc
2626 2356 2968 2410 nuntiarunt.
2997 2355 3044 2409 Is
3061 2361 3261 2409 autem:
3278 2353 3417 2418 Non,
3439 2355 3524 2406 in-

1951 2451 2090 2521 quit,
2124 2449 2327 2504 fratres
2347 2455 2476 2503 sunt
2502 2448 2790 2518 segregati,
2816 2446 2911 2501 sed
2929 2446 3226 2513 Macarius;
3253 2462 3378 2500 nam
3401 2446 3528 2499 dili-

1951 2542 2113 2612 gebat
2145 2557 2292 2597 eum.
2310 2541 2583 2595 Macarius
2621 2547 2801 2594 autem
2829 2539 3022 2602 abbas,
3051 2554 3080 2592 a
3100 2554 3230 2595 sene
3261 2554 3320 2594 se
3340 2554 3526 2608 segre-

1951 2643 2138 2704 gatum
2169 2648 2293 2688 esse
2325 2633 2576 2694 audiens,-
2612 2631 2751 2700 fugit
2780 2631 2846 2684 ad
2892 2631 3184 2700 paludem;
3232 2644 3396 2700 atque
3437 2632 3530 2684 ille

1952 2725 2157 2794 reperit
2191 2740 2315 2780 eum
2351 2739 2380 2777 a
2409 2725 2680 2778 culicibus
2713 2723 3074 2792 perforatum.
3117 2723 3218 2778 Cui
3247 2742 3260 2776 :
3297 2723 3400 2786 Tu,
3447 2724 3531 2775 in-

1953 2818 2094 2887 quit,
2125 2816 2427 2884 segregasti
2469 2815 2694 2882 fratres,
2749 2815 2916 2885 iique,
2951 2831 3099 2881 ecce,
3134 2815 3396 2870 secedere
3431 2831 3530 2884 po-

1953 2919 2134 2963 terant
2168 2909 2222 2962 in
2253 2908 2455 2966 vicum.
2491 2906 2604 2977 Ego
2637 2923 2769 2962 vero
2799 2918 2848 2962 te
2878 2907 3183 2977 segregavi,
3236 2915 3404 2975 tuque
3441 2922 3531 2960 ve-

1956 3001 2034 3054 lut
2065 2998 2291 3070 pulchra
2316 2999 2470 3067 virgo
2506 2998 2561 3052 in
2591 2999 2824 3053 interius
2848 3000 3161 3053 cubiculum
3192 2999 3297 3052 huc
3318 2999 3526 3069 fugisti.

1953 3096 2023 3148 At
2066 3109 2166 3165 ego
2205 3094 2417 3150 vocatis
2463 3093 2726 3148 fratribus
2775 3091 2966 3156 didici,
3025 3092 3161 3145 nihil
3196 3091 3390 3144 horum
3448 3095 3531 3143 fa-

268 3197 513 3251 κοιτῶνα
543 3193 744 3262 ἔφυγες
786 3182 910 3242 ὧδε.
971 3184 1081 3254 ἐγὼ
1117 3183 1354 3244 καλέσας
1395 3180 1521 3241 τοὺς
1565 3176 1847 3245 ἀδελφοὺς,

1958 3197 2106 3243 ctum
2139 3204 2282 3244 esse.
2309 3187 2573 3256 Prospice
2603 3187 2769 3256 igitur
2799 3192 2852 3239 et
2889 3192 2967 3246 tu,
3000 3184 3190 3246 frater,
3226 3200 3294 3239 ne
3326 3200 3354 3236 a
3394 3184 3530 3237 dae-

264 3287 485 3360 ἐμαθον
519 3286 652 3353 παρ’
683 3280 860 3336 αὐτῶν
887 3279 981 3332 καὶ
997 3271 1147 3329 εἷπον
1175 3292 1187 3304 ·
1221 3274 1373 3327 οὐδὲν
1400 3270 1606 3324 τούτων
1634 3269 1846 3337 γέγονε.

267 3359 440 3453 βλέπε
477 3376 572 3432 οὖν
604 3378 700 3430 καὶ
732 3374 816 3437 σύ,
849 3370 1064 3439 ἀδελφέ,
1104 3368 1178 3439 μὴ
1209 3366 1314 3420 άπὸ
1339 3363 1608 3434 δαιμόνων
1634 3359 1856 3430 ἐχλευά-

269 3477 432 3546 σθης,
452 3473 614 3526 οὐδὲν
637 3470 745 3538 γάρ
771 3466 1039 3536 ἑώρακας·
1065 3459 1228 3531 254
1255 3457 1391 3512 ἀλλὰ
1414 3455 1542 3526 βάλε
1568 3453 1856 3524 μετάνοιαν

271 3571 418 3640 ὑπὲρ
449 3565 546 3619 τοῦ
579 3561 894 3633 σφάλματός
936 3575 1050 3612 σου.
1093 3557 1120 3607 ὁ
1149 3555 1206 3606 δὲ
1239 3548 1422 3604 εἴπεψ
1464 3551 1513 3601 εί
1548 3547 1722 3608 θέλεις
1770 3544 1858 3606 δός

279 3681 372 3733 μοι
403 3660 725 3732 μετάνοιαν.
755 3653 878 3707 ἰδὼν
906 3653 962 3706 δὲ
997 3654 1024 3704 ὁ
1059 3649 1234 3721 γέρων
1269 3647 1368 3715 τὴν
1389 3641 1719 3695 ταπείνωσιν
1756 3636 1857 3689 αὐ-

284 3755 405 3817 τοῦ,
429 3753 617 3818 ἔλεγεν
635 3766 649 3778 ·
686 3747 887 3814 ὕπαγε,
919 3743 1014 3797 καὶ
1039 3743 1332 3811 νήστευσον
1359 3735 1504 3806 τρεῖς
1535 3728 1855 3800 ἑϐδομάδας,

293 3845 434 3899 κατὰ
459 3841 732 3912 ὲὸδομάδα
773 3837 966 3890 ἐσθίων
985 3852 999 3864 ο
1029 3833 1166 3902 αὕτη
1197 3830 1305 3899 γάρ
1334 3823 1402 3897 ἦν
1435 3827 1469 3896 ὴ
1496 3821 1727 3893 ἐργασία
1757 3820 1856 3873 αύ-

288 3936 383 3990 τοῦ
408 3936 658 3995 πάντοτε,
690 3930 788 3993 τὰς
813 3927 1110 3997 ἑϐδομάδας
1145 3920 1443 3994 νηστεύειν.

359 4027 449 4080 2'2.
467 4021 654 4077 -Εἷπεν
682 4025 711 4076 6
737 4019 909 4081 ά66ἇς
938 4015 1179 4085 Μωῦσῆς
1201 4012 1279 4083 τῷ
1310 4011 1453 4080 ἀϐὗᾷ
1476 4007 1750 4078 Μακαρίῳ
1781 4007 1861 4067 είς

287 4120 495 4188 Σκῆτιν
513 4133 526 4145 ·
565 4113 703 4168 θέλω
727 4109 1019 4183 ήσυχάσαι,
1047 4107 1142 4160 καὶ
1169 4105 1269 4157 οὐκ
1299 4101 1515 4171 ἁφιοῦσί
1541 4117 1606 4169 με
1630 4099 1678 4150 οἱ
1707 4095 1860 4149 ἁδελ-

286 4216 400 4284 φοί.
436 4211 534 4265 καὶ
567 4207 716 4275 λέγει
750 4201 897 4272 αύτῷ
929 4203 957 4254 6
979 4199 1152 4260 άϐϐἄς
1178 4195 1496 4264 Μακάριος·
1531 4188 1742 4260 θεωρῶ,
1782 4188 1862 4238 ὅτι

284 4307 322 4374 ἡ
353 4302 522 4371 φύσις
557 4315 650 4350 σου
676 4294 854 4364 ἁπαλὴ
875 4293 1011 4353 ἐστι,
1045 4287 1141 4342 καὶ
1170 4285 1231 4338 οὐ
1263 4283 1485 4337 δύνασαι
1517 4275 1864 4350 ἀποστρέψαι

283 4365 520 4460 ἀδελφόν
543 4407 557 4422 ⁸
592 4387 706 4442 ἀλλ’
745 4386 839 4438 ἐὰν
875 4383 1035 4454 θέλῃς
1075 4377 1368 4448 ήσυχάσαι,
1418 4373 1592 4440 ὕπαγε
1645 4371 1724 4430 είς
1767 4365 1866 4460 τὴν

285 4458 506 4555 ἔρημον
552 4480 659 4533 ἔσω
696 4480 774 4540 εἰς
811 4475 906 4547 τὴν
947 4473 1172 4542 πέτραν,
1199 4469 1360 4522 κάκεῖ
1406 4462 1723 4536 ἡσυχάζεις.
1770 4458 1865 4512 καὶ

284 4575 452 4630 τοῦτο
491 4571 712 4641 ἐποίησε
737 4567 831 4620 καὶ
854 4563 1086 4634 άνεπάη.

355 4668 456 4721 9.3.
533 4640 786 4729 Ἀδελφὸς
833 4655 1108 4728 παρέϐαλε
1153 4651 1232 4722 τῷ
1281 4648 1426 4718 άϐὅᾷ.
1475 4644 1744 4714 Μακαρίῳ
1785 4640 1863 4711 τῷ

289 4760 606 4829 Αἰγυπτίῳ,
646 4757 741 4811 καὶ
793 4755 943 4820 λέγει
982 4748 1160 4819 αὐτῷ’
1211 4744 1370 4804 άϐὄᾶ,
1410 4740 1530 4794 εἰπέ
1577 4756 1666 4809 μοι
1714 4738 1864 4808 ῥῆμα

293 4853 410 4917 πῶς
444 4850 624 4904 σωθῶ.
670 4848 764 4900 καὶ
792 4843 1002 4913 λέγειὸ
1046 4840 1251 4910 γέρων·
1283 4834 1460 4901 ὕπαγε
1507 4833 1586 4894 εἰς
1628 4830 1689 4882 τὸ
1735 4846 1868 4899 μνη-

300 4949 471 5015 μεῖον,
527 4942 624 4996 καὶ
669 4939 892 5009 ὕϐρισον
941 4935 1065 4996 τοὺς
1119 4929 1362 4999 νεκρούς.
1421 4921 1669 4978 ἀπελθὼν
1718 4917 1810 4974 οὖν
1839 4921 1866 4972 6

302 5012 524 5102 αδελφὸς
557 5031 752 5100 ὕϐρισε
781 5029 876 5081 καὶ
926 5024 1137 5078 ἐλίθασε
1160 5039 1172 5050 ·
1219 5021 1313 5072 καὶ
1350 5015 1520 5069 ἐλθὼν
1564 5012 1867 5084 ἀπήγγειλε

305 5129 375 5198 τῷ
402 5127 643 5197 γέροντι.
701 5123 793 5175 καὶ
825 5119 971 5173 λένει
1011 5113 1188 5170 αὑτῶ·
1231 5110 1384 5164 οὐδέν
1442 5125 1523 5160 σοι
1565 5106 1866 5175 ἐλάλησαν;

1958 3281 2216 3334 monibus
2271 3281 2466 3333 illusus
2526 3278 2727 3344 fueris;
2789 3292 2912 3330 nam
2959 3276 3094 3330 nihil
3161 3275 3378 3342 vidisti;
3437 3277 3535 3331 sed

1958 3371 2357 3441 poenitentiam
2391 3387 2490 3439 age
2525 3386 2626 3438 pro
2667 3369 2867 3422 delicto
2912 3378 3024 3422 tuo.
3075 3369 3169 3424 llle
3205 3370 3487 3440 respondit
3518 3385 3532 3422 :

1960 3465 2018 3518 Si
2074 3464 2178 3526 vis,
2230 3461 2297 3515 da
2344 3462 2477 3514 mihi
2530 3460 2946 3530 poenitentiam.
2989 3459 3194 3515 Videns
3242 3463 3411 3531 igitur
3447 3477 3534 3516 sc-

1960 3570 2064 3607 nex
2094 3553 2455 3606 humilitatem
2485 3551 2641 3619 ejus:
2682 3549 2848 3613 Vade,
2894 3551 3090 3618 inquit,
3137 3552 3326 3619 jejuna
3359 3551 3537 3605 tribus

1960 3644 2342 3706 hebdomadis,
2374 3643 2539 3697 semel
2573 3642 2802 3709 singulis
2833 3641 3190 3696 hebdomadis
3220 3643 3534 3696 comedens.

1961 3737 2109 3789 Haec
2137 3736 2283 3788 enim
2315 3743 2433 3788 erat
2463 3733 2782 3787 exercitatio
2807 3732 2928 3803 ejus
2967 3743 3248 3804 perpetua,
3270 3749 3368 3802 per
3399 3735 3536 3788 lteb-

1962 3829 2226 3884 domadas
2259 3826 2531 3898 jejunare.

2032 4007 2122 4062 9.2.
2166 4004 2380 4075 Moyses
2440 4003 2612 4058 abbas
2675 4001 2916 4056 Macario
2980 3999 3164 4054 abbati
3236 4001 3291 4054 in
3344 3997 3536 4055 Seeti:

1964 4099 2126 4163 Volo,
2167 4097 2366 4168 inquit,
2416 4111 2542 4149 cum
2591 4095 2775 4164 quiete
2811 4109 2876 4148 ac
2918 4093 3140 4147 silentio
3186 4092 3394 4153 vivere,
3433 4109 3539 4146 nec

1965 4193 2153 4248 sinunt
2203 4204 2292 4243 me
2355 4188 2570 4242 fratres.
2618 4185 2716 4240 Cui
2768 4184 3037 4238 Macarius
3088 4184 3258 4239 abbas
3305 4201 3539 4254 respon-

1966 4286 2089 4340 dit:
2123 4281 2296 4336 Video
2347 4291 2398 4334 te
2448 4279 2647 4334 indolis
2700 4277 2971 4331 mollioris
3019 4292 3160 4340 esse,
3216 4292 3318 4330 nec
3380 4292 3545 4346 posse

1968 4377 2192 4431 fratrem
2227 4389 2257 4428 a
2283 4382 2337 4428 te
2367 4380 2646 4437 avertere;
2681 4370 2776 4425 sed
2805 4369 2850 4424 si
2879 4367 3163 4425 desideras
3193 4370 3435 4438 quietam
3463 4371 3547 4422 vi-

1971 4480 2102 4533 tam,
2130 4468 2481 4538 proficiscere
2510 4464 2577 4518 ad
2607 4478 2849 4519 eremum
2869 4463 3013 4516 intro
3032 4464 3086 4516 in
3113 4471 3348 4532 petram,
3384 4475 3438 4518 et
3469 4463 3543 4517 ibi

1895 4565 1936 4619 D
1966 4561 2148 4631 quiete
2173 4559 2356 4626 deges.
2386 4557 2537 4611 Fecit
2571 4555 2737 4624 igitur
2767 4555 2868 4609 hoc
2899 4563 2952 4608 et
2991 4555 3330 4623 conquievit.

2039 4653 2129 4705 25.
2166 4649 2358 4704 Frater
2389 4649 2647 4702 convenit
2688 4646 2985 4701 Macarium
3020 4647 3346 4717 Aegyptium
3387 4646 3546 4699 abba-

1971 4753 2104 4801 tem.
2160 4743 2248 4797 cui
2286 4741 2498 4804 :Abba,
2536 4739 2734 4810 inquit,
2786 4739 2876 4793 dic
2931 4739 3066 4792 mihi
3111 4739 3360 4802 verbum,
3406 4752 3549 4805 quo-
3591 4787 3595 4792 .
3696 4749 3706 4760 '

1974 4837 2138 4890 modo
2178 4835 2378 4890 salver.
2419 4834 2510 4886 Ait
2550 4848 2715 4887 senex
2749 4851 2761 4887 :
2790 4830 2942 4886 Vade
2983 4832 3038 4884 in
3079 4829 3452 4900 sepulchrum,
3492 4838 3546 4881 et

1974 4925 2280 4981 maledictis
2336 4932 2585 4977 mortuos
2635 4922 2856 4992 impete.
2904 4919 3112 4973 Abiens
3164 4917 3330 4987 igitur
3376 4916 3549 4969 frater

1975 5029 2071 5068 eos
2130 5012 2399 5067 conviciis
2451 5018 2504 5065 et
2561 5011 2834 5080 lapidibus
2874 5009 3123 5077 appetiit,
3180 5022 3552 5075 reversusque

1978 5104 2326 5158 annuntiavit
2353 5103 2493 5157 seni.
2516 5100 2622 5166 Qui
2649 5099 2718 5155 ab
2736 5115 2801 5154 eo
2831 5099 3078 5169 quaerit:
3099 5096 3314 5151 Nihilne
3337 5096 3434 5152 tibi
3471 5098 3552 5150 lo-

1563 5220 1823 5275 VARIAE
1852 5219 2257 5277 LECTIONES.

368 5350 406 5381 ²¹
444 5347 649 5414 δῆλον
672 5373 740 5382 -
764 5339 1202 5414 δυ’ζάμεθα-οιιι.
1230 5337 1300 5390 al.
1375 5336 1420 5365 "
1447 5333 1542 5414 _Al.
1575 5333 1739 5384 inser.
1771 5325 1990 5382 πυκνά.
2025 5327 2087 5381 L.
2115 5326 2368 5382 Dorothei
2402 5327 2574 5398 Epist.
2598 5327 2642 5380 1.
2721 5326 2764 5356 ³³
2793 5323 2872 5376 Al.
2912 5324 3036 5377 add.
3066 5343 3158 5393 με.
3239 5323 3286 5374 "ﬁ
3305 5321 3389 5375 Al.
3423 5319 3550 5373 add-

287 5439 402 5492 μοι.
469 5405 544 5450 ’δ’
581 5419 672 5479 εἰς
707 5428 816 5467 om.
845 5405 1004 5476 Ed'd.,
1027 5407 1208 5463 addidi
1241 5423 1307 5462 ex
1337 5405 1481 5459 coni.

1789 5489 2039 5544 NOTAE.

352 5632 487 5705 (all
520 5628 676 5683 Τίπη·
701 5621 801 5705 XL
833 5623 896 5705 ῖς.
919 5619 1021 5705 ³⁰ίὶ
1054 5621 1116 5705 .1:
1159 5615 1366 5705 6'39"
1393 5607 1875 5705 ἶνιΡΡίτῖξίὶδῇῩ

281 5679 644 5770 ιίδῖἰιιοὶίρ.
701 5679 804 5758 75;
842 5693 938 5745 lib.
977 5687 1020 5743 v
1052 5679 1216 5744 libell.
1248 5689 1337 5751 ιο,
1391 5685 1454 5752 6;
1498 5684 1592 5736 ιιι).
1632 5679 1722 5732 vn
1753 5694 1876 5748 cap.

279 5777 424 5918 5’6)
468 5842 564 5901 cr.
603 5834 726 5893 vv.
760 5830 868 5888 PP.
900 5829 1080 5885 Rosw.
1118 5828 1208 5884 lib.
1239 5826 1335 5890 ιιι,
1367 5839 1487 5894 cap.
1530 5820 1672 5888 207;
1704 5819 1796 5872 lib.
1831 5814 1875 5869 v

1976 5609 2141 5664 libell.
2177 5607 2263 5670 12,
2301 5607 2389 5660 10.
2832 5611 2836 5616 ”

2050 5681 2119 5747 (c)
2153 5679 2234 5732 Cf.
2269 5676 2378 5731 VV.
2429 5674 2544 5747 Pi)1
2576 5673 2759 5747 Rosw.
2803 5673 2896 5727 lib.
2928 5670 3017 5725 Vll
3052 5684 3172 5738 cap.
3206 5666 3294 5731 '58,
3331 5665 3387 5720 2.
3415 5669 3554 5724 Sena

1983 5745 2186 5806 tentiae
2211 5752 2437 5820 Aegypt.
2473 5745 2578 5802 PP.
2603 5746 2693 5798 ‘23.
