4016 6422
596 340 697 396 251

1412 339 1512 394 SS.
1554 336 2019 393 MACARIORUM
2058 338 2384 395 AEGYPTII
2424 341 2511 395 ET
2550 342 3018 399 ALEXANDRINI

3757 354 3856 411 23?.

592 463 703 516 cuti
736 462 898 517 sunt?
930 460 1023 515 llle
1059 480 1070 513 :
1110 459 1435 515 Nihil.Tum
1470 476 1637 516 senex
1669 460 1932 524 :lterum,
1963 460 2158 529 inquit,

2469 465 2498 516 6
2550 464 2607 517 δὲ
2642 464 2780 535 ἔφη·
2814 466 2955 535 οὐχί.
2988 464 3134 533 λέγει
3168 464 3316 535 αὐτῷ
3346 467 3373 520 ὁ
3410 466 3638 538 γέρων·
3689 468 3856 539 ὕπαγε

593 552 946 624 proﬁciscere
976 568 1125 615 cras,
1168 568 1374 622 eosque
1420 553 1675 607 laudibus
1722 551 1874 607 eﬂ‘er.
1929 549 2171 621 Pergens

591 640 779 710 itaque
823 640 993 695 frater
1043 642 1377 695 collaudavit
1424 657 1539 705 eos,
1585 657 1833 696 vocans:
1899 642 2168 711 Apostoli,

592 732 795 793 sancti,
819 732 982 799 justi.
1005 731 1145 786 Tum
1180 733 1316 786 adiit
1340 748 1527 788 senem
1558 733 1806 803 dixitque
1842 752 1855 786 :
1897 732 2166 788 Laudavi.

591 818 696 885 Qui
727 838 739 873 :
776 820 1020 884 Nihilne,
1074 822 1276 891 inquit,
1319 823 1419 876 tibi
1455 823 1893 892 responderunt?
1929 821 2122 879 Frater
2152 843 2165 878 :

594 912 765 967 Nihil.
818 912 975 967 Tunc
1009 930 1177 969 senex
1217 915 1377 970 inﬁt:
1412 914 1586 979 Nosti,
1633 916 1854 985 quantis
1890 932 1987 972 eos
2035 933 2169 971 con-

591 1005 837 1060 tumeliis
868 1003 1140 1070 aﬂ‘eceris,
1160 1022 1259 1060 nec
1289 1007 1586 1076 quidquam
1609 1009 2012 1077 responderunt
2035 1009 2167 1076 tibi;

592 1107 647 1151 et
682 1098 904 1167 quantis
930 1099 1149 1152 eosdem
1176 1099 1430 1153 laudibus
1459 1100 1771 1163 ornaveris,
1817 1101 2064 1170 nihilque
2097 1100 2166 1153 ad

592 1198 647 1243 te
675 1190 946 1259 prolocuti
983 1198 1133 1244 sunt.
1175 1190 1251 1243 Ita
1286 1199 1339 1243 et
1372 1198 1448 1250 tu,
1486 1190 1531 1243 si
1554 1190 1756 1245 salvari
1802 1192 1982 1261 cupis,
2023 1207 2171 1245 mor-

593 1290 723 1335 tuus
777 1282 897 1345 tias,
950 1296 1049 1336 nec
1088 1282 1322 1350 injurias
1358 1281 1663 1346 hominum,
1714 1296 1817 1337 nec
1853 1282 2045 1338 laudes
2082 1298 2174 1338 eo-

592 1389 714 1426 rum
739 1375 968 1444 cogites,
1005 1374 1180 1428 inslar
1224 1386 1571 1428 mortuorum
1610 1391 1624 1429 :
1656 1374 1738 1429 sic
1771 1376 1917 1429 enim
1962 1377 2169 1446 poteris

593 1464 781 1519 salvus
813 1466 950 1520 fieri.

659 1554 749 1607 24.
793 1554 1159 1609 Proficisccns
1197 1554 1492 1623 aliquando
1530 1552 1804 1609 Macarius
1839 1554 2007 1609 abbas
2037 1570 2163 1609 cum

592 1644 852 1703 fratribus
882 1656 983 1711 per
1006 1644 1304 1715 Aegyptum
1340 1660 1566 1714 puerum
1598 1646 1807 1701 audivit
1843 1646 2001 1699 matri
2039 1661 2170 1701 suae

592 1736 670 1789 ita
705 1737 1022 1807 loquentem
1057 1755 1069 1790 :
1100 1737 1291 1799 Mater,
1327 1736 1481 1792 dives
1512 1738 1737 1806 quidam
1771 1737 1951 1808 diligit
1979 1754 2089 1801 nte,
2116 1747 2171 1793 et

2280 555 2441 607 πάλιν
2490 554 2699 627 αὔριον,
2743 557 2836 609 καὶ
2877 556 3101 622 δόξασον
3142 557 3357 622 αὐτούς.
3406 558 3671 612 ἀπελθὼν
3716 558 3803 615 οὖν
3830 567 3857 616 ὁ

2276 644 2507 715 ἀδελφὸς
2538 644 2787 710 ἐδόξασεν
2841 647 3037 710 αὐτοὺς
3083 646 3255 714 λέγων
3280 664 3295 678 ·
3326 647 3652 712 ἀπόστολοι,
3702 651 3853 716 ἆγιοι,

2276 742 2373 794 καὶ
2412 742 2643 795 δίκαιον
2667 743 2762 795 καὶ
2790 738 2921 813 ἦλθε
2971 742 3105 812 πρὸς
3149 742 3241 795 τὸν
3287 742 3550 811 γέροντα,
3590 742 3683 794 καὶ
3714 737 3855 793 εἶπεν

2275 831 2425 902 αὐτῷ
2445 848 2459 863 ³
2494 833 2740 899 ἐδόξασα.
2766 835 2860 887 καὶ
2885 832 3032 900 λέγει
3064 833 3212 903 αὐτῷ
3232 852 3244 865 ο
3270 833 3425 885 οὐδέν
3451 850 3539 884 σοι
3565 831 3856 901 ἀπεκρίθη-

2278 942 2408 990 σαν;
2435 924 2536 994 ἔφη
2561 927 2589 977 6
2615 924 2839 993 ἀδελφός
2858 941 2870 953 ·
2906 925 3045 994 οὐχί.
3076 925 3224 992 λέγει
3253 924 3401 995 αὐτῷ
3425 929 3455 978 6
3478 925 3663 994 γέρων
3683 938 3694 949 ·
3724 918 3854 986 οἶδας

2279 1016 2421 1070 πόσα
2454 1016 2727 1087 ἠτίμασας
2754 1016 2971 1079 αὐτούς,
3010 1016 3103 1069 καὶ
3135 1016 3286 1069 οὐδὲν
3326 1015 3740 1085 ἀπεκρίθησαν,
3773 1014 3855 1066 καὶ

2278 1106 2421 1159 πόσα
2451 1106 2708 1170 ἐδόξασας
2748 1106 2968 1173 αὐτούς,
3003 1106 3096 1159 καὶ
3128 1106 3279 1159 οὐδέν
3314 1122 3397 1158 σοι
3434 1103 3732 1175 ἐλάλησαν.
3776 1103 3853 1154 οὖ-

2275 1214 2383 1260 τως
2410 1199 2503 1249 καὶ
2534 1200 2622 1261 σὺ,
2652 1197 2747 1250 ἐὰν
2773 1196 2930 1268 θέλῃς
2974 1198 3232 1267 σωθῆναι,
3261 1194 3416 1264 γενοῦ
3466 1197 3695 1264 νεκρός·
3730 1195 3850 1263 μήτε

2277 1286 2375 1355 τὴν
2407 1287 2622 1341 ἀδικίαν
2656 1287 2764 1340 τῶν
2799 1288 3123 1359 ἀνθρώπων,
3174 1287 3309 1357 μήτε
3350 1285 3456 1355 τὴν
3486 1283 3651 1347 δόξαν
3690 1283 3851 1335 αὐτῶν

2273 1376 2485 1447 λογίσῃ,
2514 1378 2589 1440 ὡς
2617 1380 2667 1431 οἱ
2694 1379 2912 1450 νεκροί·
2945 1379 3037 1432 καὶ
3062 1377 3287 1431 δύνασαι
3320 1376 3574 1445 σωθῆναι
3609 1374 3708 1445 (α).

2344 1555 2435 1609 24.
2481 1554 2896 1625 Παρερχόμενός
2941 1569 3068 1606 ποτε
3102 1555 3129 1606 6
3161 1552 3335 1615 ἀϐεᾶς
3386 1551 3684 1622 Μακάριος
3728 1552 3847 1621 μετά

2275 1645 2518 1713 ἀδελφῶν
2560 1645 2647 1697 διὰ
2686 1644 2784 1713 τῆς
2809 1644 3106 1712 Αἰγύπτου,
3136 1645 3333 1714 ἤκουσε
3361 1642 3587 1694 παιδίου
3619 1642 3847 1709 λέγοντος

2275 1741 2339 1808 τῇ
2372 1738 2539 1808 μητρὶ
2571 1736 2736 1789 αὑτοῦ
2758 1753 2772 1767 ⁸
2804 1738 2987 1807 ἀμμᾶ,
3021 1736 3272 1798 πλούσιός
3295 1752 3377 1797 τις
3416 1736 3619 1805 ἀγαπᾷ
3653 1752 3737 1803 με,
3765 1735 3844 1787 καὶ

591 1828 682 1882 odi
710 1844 864 1896 eum;
896 1845 1103 1899 pauper
1137 1844 1266 1884 vero
1297 1828 1414 1883 odit
1444 1845 1549 1892 me,
1595 1838 1649 1883 et
1674 1829 1842 1900 diligo
1872 1846 2018 1883 eum.
2047 1828 2169 1895 Quo

2281 1828 2423 1900 μισῶ
2450 1829 2640 1881 αὐτόν’
2675 1830 2765 1882 καὶ
2787 1828 2999 1898 πτωχὸς
3036 1830 3179 1898 μισεῖ
3205 1845 3291 1898 με,
3316 1827 3413 1879 καὶ
3446 1826 3656 1894 ἀγαπῶ
3681 1825 3841 1877 αὐτόν.

592 1920 783 1973 audito
807 1936 1059 1976 sermone
1081 1920 1348 1975 Macarius
1367 1921 1536 1977 abbas
1569 1922 1877 1975 admiratus
1896 1928 2000 1977 est.
2026 1920 2167 1976 Tum

591 2004 796 2068 fratres
830 2032 843 2067 :
882 2013 1048 2078 Quid,
1081 2014 1361 2084 inquiunt,
1401 2014 1505 2067 hoc
1528 2013 1681 2067 verbi
1698 2021 1802 2079 est,
1824 2022 1998 2083 pater,
2021 2013 2169 2083 quod

594 2103 922 2158 admireris?
957 2102 1134 2157 Senex
1171 2102 1453 2172 respondit
1483 2121 1494 2156 :
1523 2101 1732 2157 Revera
1774 2102 2038 2157 Dominus
2070 2118 2170 2155 no-

593 2206 707 2249 ster
735 2193 887 2249 dives
916 2202 1022 2257 est,
1045 2201 1097 2247 et
1132 2192 1310 2263 diligit
1350 2208 1475 2257 nos,
1531 2193 1635 2263 ipsi
1685 2201 1867 2247 autem
1908 2195 2168 2249 nolumus

592 2289 641 2341 ei
686 2287 1099 2356 obtemperare;
1160 2287 1419 2340 inimicus
1459 2295 1651 2340 contra
1693 2294 1881 2341 noster
1918 2286 2167 2341 diabolus

594 2394 803 2450 pauper
845 2387 950 2443 est,
974 2379 1198 2449 oditque
1230 2394 1352 2443 nos,
1378 2386 1432 2432 et
1464 2393 1567 2433 nos
1607 2378 1889 2450 diligimus
1930 2378 2168 2449 impuri-

594 2484 759 2528 tatem
791 2474 931 2542 ejus.

668 2568 759 2622 25.
803 2566 1028 2637 Rogans
1055 2565 1294 2621 Poemen
1338 2566 1507 2621 abbas
1536 2564 1768 2621 eundem
1814 2562 2004 2618 multis
2041 2576 2167 2617 cum

592 2660 845 2714 lacrimis
879 2678 891 2713 :
936 2659 1030 2713 Dic
1064 2658 1218 2721 mihi,
1255 2659 1456 2728 inquit,
1504 2657 1781 2727 quomodo
1819 2656 2019 2710 salver.
2066 2652 2166 2706 Cui

593 2766 758 2806 senex
790 2751 1076 2821 respondit
1108 2770 1120 2805 :
1150 2749 1323 2816 Quam
1365 2750 1586 2820 quaeris
1633 2764 1772 2816 rem,
1801 2748 1907 2802 iam
1934 2745 2168 2801 recessit

592 2858 624 2896 a
646 2844 952 2899 monachis.

664 2935 756 2988 26.
800 2935 1074 2989 Macarius
1118 2935 1289 2989 abbas
1336 2932 1636 3004 aliquando
1680 2935 1813 2989 adiit
1869 2935 2165 2990 Antonium

592 3029 865 3083 abbatem.
894 3028 1141 3093 Quocum
1173 3026 1515 3091 collocutus,
1564 3041 1688 3081 cum
1729 3028 1784 3081 in
1826 3026 2029 3083 Scetim
2076 3044 2165 3083 re-

593 3131 921 3189 verteretur,
949 3120 1214 3175 fratribus
1244 3119 1459 3173 obviam
1496 3119 1845 3174 venientibus
1875 3120 2019 3175 inter
2049 3136 2167 3175 ser-

592 3213 982 3267 mocinandum
1027 3229 1039 3263 :
1076 3211 1337 3271 Antonio,
1400 3210 1603 3279 inquit,
1653 3211 1839 3266 abbati
1881 3212 2017 3278 dixi,
2065 3228 2168 3268 nos

592 3320 704 3358 non
744 3302 947 3357 habere
976 3303 1031 3355 in
1060 3301 1181 3355 loco
1216 3308 1409 3355 nostro
1437 3300 1793 3354 oblationem.
1834 3299 1941 3356 Sed
1985 3310 2169 3369 patres

591 3396 721 3449 aliis
754 3394 823 3447 de
870 3393 1034 3447 rebus
1082 3391 1359 3445 disserere
1399 3397 1720 3459 coeperunt,
1768 3406 1871 3447 nec
1918 3393 2172 3463 quaesie-

592 3495 722 3540 runt
752 3485 985 3554 amplius
1022 3484 1237 3539 discere
1270 3499 1597 3554 responsum
1635 3485 1808 3549 senis,
1833 3500 2014 3555 neque
2054 3487 2172 3555 ipse

590 3577 909 3644 prolocutus
962 3582 1067 3629 est.
1125 3573 1240 3628 Hoc
1295 3574 1464 3644 igitur
1509 3574 1735 3643 quidam
1785 3590 1851 3628 ex
1920 3575 2170 3644 patribus

589 3669 729 3722 dixit
765 3686 778 3722 :
819 3666 876 3721 Si
910 3667 1150 3721 viderint
1180 3675 1436 3736 patres,e
1467 3666 1701 3719 fratrum
1727 3667 1991 3721 memoria
2012 3667 2165 3721 exci-

589 3760 743 3825 dere,
800 3767 861 3813 ut
906 3760 973 3814 de
1018 3774 1077 3813 re
1143 3759 1211 3812 iis
1261 3758 1379 3812 utili
1423 3758 1786 3827 interrogent,
1833 3758 2063 3828 adigunt
2112 3773 2171 3813 se

588 3855 764 3923 ipsos,
802 3859 863 3907 ut
891 3853 1225 3923 principium
1262 3852 1535 3906 sermonis
1567 3850 1887 3921 proferant;
1930 3850 2078 3921 quod
2121 3851 2169 3907 si

589 3961 719 4001 vero
740 3960 770 3999 a
804 3945 1063 4000 fratribus
1084 3960 1193 3998 non
1228 3944 1535 4015 adigantur,
1562 3959 1876 3999 sermonem
1914 3960 2027 3998 non
2044 3959 2170 4013 per-

591 4045 922 4106 sequuntur,
955 4045 1015 4089 ut
1050 4052 1123 4091 ne
1146 4036 1628 4106 deprehendantur
1659 4037 1826 4091 locuti
1856 4052 1965 4091 non
2000 4038 2171 4091 inter-

592 4129 792 4201 rogati,
839 4129 1203 4199 videaturque
1235 4128 1454 4198 loquela
1491 4128 1668 4183 oliosa
1706 4144 1850 4183 esse.

658 4326 750 4379 27.
797 4325 986 4380 Esaias
1031 4326 1202 4381 abbas
1252 4326 1602 4396 interrogans
1652 4324 1951 4380 Macarium
2000 4324 2168 4378 abha-

591 4429 699 4473 tetn
735 4436 749 4472 :
781 4417 974 4472 Profer
1020 4418 1176 4483 mihi,
1224 4418 1427 4487 inquit,
1465 4420 1814 4473 sententiam.
1859 4417 1958 4471 Cui
1998 4432 2165 4471 senex

590 4508 876 4578 respondit
926 4527 938 4561 :

587 4608 692 4665 cst,
729 4599 927 4668 inquit,
956 4598 1144 4668 fugere
1173 4599 1460 4656 homines?
1491 4598 1795 4671 Respondit
1819 4616 1985 4656 senex
2019 4619 2033 4655 :
2062 4598 2163 4655 Se-

588 4691 716 4747 dere
743 4693 797 4745 in
828 4691 963 4745 cella
993 4699 1084 4745 tua
1129 4699 1185 4746 et
1213 4692 1412 4748 deflere
1448 4702 1674 4763 peccata
1710 4702 1824 4747 tua.

658 4802 748 4857 28.
786 4802 1129 4873 Paphnutius
1157 4806 1347 4869 abbas,
1386 4806 1607 4861 Macarii
1657 4806 1874 4861 abbatis
1918 4806 2165 4875 discipu-

589 4895 695 4955 lus,
721 4895 825 4949 hoc
847 4897 1067 4950 retulit:
1092 4895 1337 4967 Rogavi,
1370 4900 1571 4968 inquit,
1611 4905 1820 4967 patrem
1864 4913 2066 4960 meum,
2105 4904 2164 4951 ttt

587 4986 722 5038 mihi
746 4986 953 5042 diceret
989 4989 1241 5044 verbum.
1276 4990 1327 5045 Is
1358 5000 1539 5045 autem
1570 5010 1583 5044 :
1612 4989 1919 5050 Neminem,
1957 4990 2161 5059 inquit,

2278 1922 2370 1975 καὶ
2398 1921 2636 1983 ἀκούσας
2656 1923 2683 1974 6
2708 1920 2882 1983 ἀ66ἄς
2904 1920 3189 1988 Μακάριος
3216 1918 3522 1985 ἐθαύμασε.
3553 1916 3648 1970 καὶ
3681 1915 3843 1982 λέγου-

2279 2032 2362 2067 σιν
2396 2014 2543 2084 αὑτῷ
2569 2015 2619 2066 οἱ
2652 2013 2904 2081 ἀδελφοί·
2936 2013 2988 2064 τί
3021 2014 3135 2063 ἐστι
3166 2011 3224 2063 τὸ
3264 2011 3420 2082 ῥῆμα
3446 2009 3631 2073 τοῦτο,
3664 2010 3840 2077 πάτερ,

2274 2107 2355 2159 ὅτι
2412 2105 2761 2176 ἐθαύμασαςς
2798 2103 2959 2174 256
3006 2103 3097 2156 ml.
3141 2103 3288 2170 λέγει
3334 2103 3527 2165 αὐτοῖς
3569 2101 3599 2152 6
3647 2100 3837 2169 γέρων·

2275 2197 2491 2268 ἀληθῶς
2525 2200 2552 2250 6
2604 2196 2789 2266 κύριος
2839 2196 2996 2266 ἡμῶν
3050 2193 3301 2257 πλούσιός
3342 2196 3463 2246 ἐστι
3517 2194 3616 2245 καὶ
3673 2192 3841 2259 ἀγαπᾷ.

2276 2292 2443 2362 ἡμᾶς,
2484 2290 2578 2342 καὶ
2606 2290 2665 2342 οὺ
2717 2288 2942 2357 θέλομεν
2976 2286 3138 2340 αὑτοῦ
3182 2285 3452 2339 ἀκοῦσαι·
3490 2284 3520 2335 6
3566 2283 3621 2335 δέ
3669 2281 3839 2352 ἐχθρὸς

2274 2385 2306 2451 ἡ
2317 2381 2431 2452 μῶν
2454 2380 2695 2443 διάϐολος
2722 2379 2935 2448 πτωχός
2963 2381 3080 2431 ἐστι
3111 2379 3204 2430 καὶ
3233 2380 3383 2447 μισεῖ
3406 2377 3581 2446 ἡμᾶς,
3605 2375 3697 2426 καὶ
3719 2374 3835 2439 ἀγα-

2276 2474 2465 2542 πῶμεν
2498 2471 2659 2524 αὑτοῦ
2692 2471 2790 2541 τὴν
2818 2469 3177 2540 ἀκαθαρσίαν.

2344 2564 2434 2620 25.
2489 2564 2867 2635 Παρεκάλεσεν
2914 2565 2941 2615 6
2997 2562 3171 2623 άϐὅᾶς
3220 2560 3435 2630 Ποιμὴν
3494 2558 3659 2613 αὐτὸν
3715 2553 3833 2626 μετά

2277 2657 2487 2710 πολλῶν
2521 2655 2769 2727 δακρύων
2794 2655 2968 2722 λέγων
2990 2672 3004 2684 ·
3050 2652 3170 2705 εἰπέ
3216 2670 3302 2722 μοι
3338 2653 3496 2722 ῤ’ἧμα
3529 2649 3645 2707 πῶς
3678 2645 3829 2700 σωθῶ.

2275 2741 2595 2813 ἀποκριθεὶς
2636 2740 2693 2792 δὲ
2724 2742 2752 2793 6
2796 2740 2974 2808 γέρων
3008 2733 3162 2790 εἶπεν
3211 2736 3399 2806 αὐτῷ·
3454 2736 3518 2789 τὸ
3571 2732 3827 2805 πρᾶγμαὸ

2275 2834 2477 2906 ζητεῖς,
2514 2832 2722 2903 ἀπῆλθε
2753 2831 2848 2885 νῦν
2880 2831 2988 2883 ἀπὸ
3020 2831 3127 2883 τῶν
3154 2826 3428 2899 μοναχῶν.

2344 2924 2433 2979 26.
2480 2922 2767 2994 Παρέῦαλέ
2819 2938 2949 2974 ποτε
2987 2924 3015 2974 6
3063 2919 3237 2983 ἀὸὗᾶς
3265 2918 3563 2989 Μακάριος
3588 2914 3664 2985 τῷ
3707 2910 3827 2977 ἀϐὁᾷ

2287 3016 2553 3084 Ἀντωνίῳ
2572 3031 2586 3045 ο
2624 3015 2719 3067 καὶ
2746 3013 2985 3083 λαλήσας
3014 3010 3163 3080 αὐτῷ
3220 3009 3571 3081 ὑπέστρεψεν
3604 3008 3681 3069 εἰς
3706 3002 3825 3070 Σκῆο

2273 3124 2357 3160 τιν
2379 3122 2392 3136 ·
2436 3105 2529 3158 καὶ
2560 3100 2723 3176 ἦλθον
2762 3105 2811 3157 οἱ
2836 3102 3070 3174 πατέρες
3093 3105 3175 3166 είς
3203 3101 3517 3171 ἀπάντησιν
3540 3096 3699 3153 αὐτοῦ
3716 3113 3729 3126 ο
3748 3092 3824 3147 καὶ

2272 3199 2348 3262 ὡς
2391 3197 2634 3261 ἐλάλουν,
2686 3193 2836 3249 εἶπεν
2866 3195 3049 3257 αὐτοῖς
3101 3194 3130 3246 6
3177 3193 3390 3264 γέρων·
3431 3192 3570 3261 ἔφην
3607 3189 3681 3259 τῷ
3707 3185 3825 3254 ἀὸὁᾷ

2283 3289 2571 3359 ’Δντωνίῳ,
2626 3288 2703 3351 ὡς
2736 3288 2837 3339 οὐκ
2874 3286 3067 3357 ἔχομεν
3114 3284 3435 3355 προσφορὰν
3482 3285 3542 3335 ἐν
3591 3280 3663 3350 τῷ
3700 3278 3824 3342 τόπῳ

2271 3381 2452 3453 ἡμῶν.
2489 3379 2583 3433 καὶ
2627 3379 2863 3452 ἧρξαντο
2896 3379 2945 3430 οἱ
2985 3377 3219 3448 πατέρες
3250 3375 3431 3427 λαλεῖν
3479 3374 3606 3443 περὶ
3654 3370 3821 3427 ἄλλων,

2271 3476 2366 3528 καὶ
2398 3476 2500 3527 οὐκ
2543 3472 2834 3544 ἠρώτησαν
2868 3470 2947 3522 ἔτι
2983 3470 3174 3540 μαθεῖν
3219 3469 3318 3539 τὴν
3362 3467 3652 3537 ἀπόκρισιν
3696 3456 3822 3527 παρὰ

2269 3567 2365 3619 τοῦ
2415 3566 2690 3637 γέροντος,
2726 3561 2849 3615 οὕτε
2882 3564 2910 3613 ὁ
2952 3561 3133 3632 γέρων
3166 3561 3351 3623 αὐτοῖς
3380 3557 3525 3612 εἷπε.
3562 3556 3711 3610 τοῦτο
3746 3546 3822 3602 οὖν

2270 3657 2426 3726 ἐλεγέ
2456 3674 2539 3719 τις
2570 3656 2679 3709 τῶν
2710 3654 2983 3723 πατέρων,
3022 3653 3104 3705 ὅτι
3150 3651 3246 3705 ἐὰν
3290 3652 3477 3704 ἴδωσιν
3518 3649 3567 3701 οἱ
3616 3642 3821 3713 πατέρες

2269 3750 2351 3803 ὅτι
2384 3747 2639 3801 λανθάνει
2684 3745 2808 3807 τοὺς
2859 3742 3123 3809 ἀδελφοὺς
3158 3741 3318 3810 257
3388 3741 3451 3793 τὸ
3500 3740 3548 3775 ³⁵
3578 3732 3816 3806 ἐρωτῆσαι

2270 3841 2400 3911 περὶ
2448 3839 2773 3907 πράγματος
2822 3833 3158 3903 ὠφελοῦντος
3193 3830 3413 3895 αὐτούς,
3454 3824 3817 3896 ἀναγκάζουσιν

2270 3931 2498 3994 ἑαυτοὺς
2520 3932 2695 3982 εἰπεῖν
2731 3926 2904 3996 ἀρχὴν
2935 3924 3028 3978 τοῦ
3056 3924 3216 3992 λόγου
3240 3940 3253 3953 ·
3283 3923 3379 3975 ἐὰν
3414 3923 3471 3975 δὲ
3509 3919 3582 3990 μὴ
3609 3919 3815 3979 ἀναγκα-

2273 4024 2442 4078 σθῶσι
2463 4022 2617 4093 παρὰ
2646 4020 2752 4074 τῶν
2776 4017 3040 4086 ἀδελφῶν,
3064 4016 3162 4069 οὐκ
3184 4015 3264 4067 ἔτι
3292 4014 3515 4067 λαλοῦσι
3541 4010 3631 4062 τὸν
3649 4005 3808 4071 λόγον·

2270 4119 2360 4171 ἵνα
2389 4116 2463 4187 μὴ
2493 4112 2792 4186 εὑρεθῶσιν
2824 4110 2899 4172 ὡς
2931 4109 3003 4179 μὴ
3039 4106 3458 4178 ἐπερωτώμενοι
3490 4102 3585 4157 καὶ
3617 4093 3807 4152 λαλοῦν-

2270 4229 2382 4274 τες,
2411 4211 2507 4263 καὶ
2534 4208 2609 4270 ὡς
2640 4203 2935 4275 ἀργολογία
2974 4202 3315 4273 εὑρίσκεται.

2340 4322 2430 4375 27.
2506 4317 2820 4389 Ἥρώτησεν
2863 4315 2892 4367 6
2918 4313 3091 4375 ἀδόἄς
3139 4310 3365 4372 Ἡσαΐας
3400 4309 3492 4361 τὸν
3529 4303 3693 4359 ἀϐϐἆν
3716 4296 3812 4389 Μα-

2272 4414 2465 4484 κάριον
2498 4385 2690 4479 λέγων·
2713 4385 2843 4460 εἰπέ
2890 4424 2977 4476 μοι
3010 4405 3182 4474 ῥῆμα.
3230 4403 3324 4455 καὶ
3348 4402 3496 4470 λέγει
3528 4393 3668 4463 αὐτῷ
3690 4385 3809 4484 6T6-

989 4478 1251 4564 Homincs
1301 4478 1454 4579 fuge.
1512 4508 1703 4564 Esaias
1757 4509 1926 4565 abbas
1972 4527 1984 4561 :
2023 4506 2165 4573 Quid

2275 4478 2412 4579 ρων·
2456 4478 2625 4573 φεῦγε
2669 4505 2792 4563 τοὺς
2840 4498 3179 4569 ἀνθρώπους.
3226 4495 3379 4562 ἔλεγε
3426 4488 3622 4559 αὑτῷὸ
3665 4478 3808 4579 ἀθεξξ

2285 4597 2531 4658 Ἡσαΐας
2561 4594 2614 4645 τί
2643 4595 2757 4644 ἐστι
2789 4591 2849 4644 τὸ
2896 4589 3117 4659 φεύγειν
3151 4590 3275 4649 τοὺς
3322 4582 3666 4656 ἀνθρώπους;
3710 4575 3733 4624 ὁ

2271 4689 2446 4758 γέρων
2472 4685 2623 4739 εἶπεν
2648 4682 2794 4752 αὐτῷ
2816 4700 2826 4709 ·
2850 4682 2909 4733 τὸ
2933 4680 3153 4733 καθίσαι
3174 4680 3253 4741 εἰς
3274 4677 3334 4729 τὸ
3367 4674 3573 4729 κελλίον
3605 4683 3708 4731 σου,
3732 4656 3809 4711 καὶ

2268 4780 2500 4834 κλαῦσαι
2530 4777 2628 4841 τὰς
2660 4775 2939 4846 ἁμαρτίας
2974 4790 3066 4825 σου
3098 4772 3193 4842 (b).

2337 4892 2426 4946 28.
2477 4890 2703 4957 Ἔλεγεν
2743 4889 2771 4939 ὁ
2810 4886 2985 4947 ἀὸϐἄς
3027 4882 3364 4951 Παφνούτιος
3398 4882 3425 4933 ὁ
3466 4869 3696 4948 μαθητὴς
3730 4874 3804 4910 του

2265 4982 2413 5037 acea
2457 4979 2769 5049 Μακαρίου,
2821 4978 2903 5029 ὃτι
2958 4974 3309 5045 παρεκάλεσα
3343 4970 3433 5023 τὸν
3474 4963 3670 5029 πατέρα
3701 4965 3801 5049 μου.

588 5075 838 5140 laeseris,
872 5094 975 5133 nec
1008 5095 1338 5150 quemquam
1371 5080 1853 5136 condemnaveris.
1890 5078 2037 5135 llaec
2058 5079 2161 5133 ob-

2274 5075 2467 5143 λὲγων’
2516 5046 2641 5125 εἰπέ
2669 5087 2757 5140 μοι
2798 5068 2975 5135 λόγον.
3010 5068 3039 5118 6
3066 5067 3121 5117 δὲ
3165 5066 3304 5134 ἔφη’
3353 5064 3426 5133 μὴ
3469 5046 3803 5150 κακοποιῗὶῖῐλς

589 5182 747 5221 serva
785 5176 839 5221 et
880 5171 1201 5227 salvaberis.

660 5257 750 5311 29.
791 5258 1060 5315 Macarius
1089 5263 1260 5318 abbas
1290 5263 1467 5317 dixit:
1500 5262 1621 5317 Noli
1661 5262 1902 5317 dormire
1930 5263 1987 5315 in
2020 5262 2157 5316 cella

592 5348 797 5414 fratris,
828 5368 989 5406 ouem
1025 5354 1167 5408 mala
1209 5354 1353 5409 fama
1391 5355 1568 5425 petiit.

2265 5167 2409 5227 τινά,
2443 5164 2577 5235 μηδέ
2624 5162 2960 5232 κατακρίνῃς
2987 5159 3138 5211 τινά·
3171 5157 3341 5209 ταῦτα
3370 5156 3523 5223 τήρει
3548 5145 3634 5235 ml.
3657 5137 3797 5235 σώιεξίο

2338 5224 2454 5311 9-9..
2484 5224 2649 5309 έῖπεν
2680 5257 2707 5307 6
2756 5224 2931 5315 ἀόὸἄς
2975 5250 3281 5320 Μακάριος
3337 5248 3409 5318 μὴ
3446 5234 3698 5310 κοιμηθῇς
3735 5224 3801 5280 είς

2270 5349 2476 5404 κελλίον
2508 5346 2737 5417 ἀδελφοῦ
2766 5346 2977 5417 ἔχοντος
3007 5343 3184 5412 κακὴν
3210 5344 3417 5411 φήμην.

1858 5448 2110 5504 VARIAE
2149 5445 2551 5502 LECTIONES.

658 5535 807 5587 "Al.
844 5536 946 5603 τῷ.

2100 5642 2357 5699 NOTAE.

590 5737 849 5859 “Sam”.
893 5741 1232 5865 llist.9l{3r:)us‘5
1258 5740 1481 5809 antiqua
1512 5741 1691 5795 versio
1742 5756 1861 5812 cap.
1906 5741 1958 5796 9.
1999 5738 2093 5794 νγ

680 5846 691 5858 .
779 5826 910 5864 osvv.
960 5828 1010 5865 υ.
1153 5853 1165 5865 .
1203 5846 1255 5863 υ.

680 5846 691 5858 .
733 5826 910 5864 nosvv.
960 5828 1010 5867 υ.
1042 5826 1165 5873 υυυ,
1200 5826 1255 5863 2.

2306 5737 2379 5808 (ὁ)
2419 5737 2503 5793 Cf.
2540 5736 2656 5792 VV.
2694 5737 2795 5793 PP.
2828 5740 2864 5790 ll
2895 5756 3008 5793 nsw.
3053 5740 3145 5792 lil‘.
3186 5737 3249 5792 lll
3281 5752 3399 5806 cap.
3445 5726 3558 5787 189.
