4016 6452
223 385 310 441 955
1626 384 2263 441 APOPHTHEGMATA.

3445 389 3554 445 ειεςι

276 500 359 556 ὅθ.
399 501 789 573 Παρὲὁαλόν
850 525 984 562 ποτε
1018 507 1092 578 τῷ
1133 506 1276 577 άϐϐᾅ
1317 506 1592 578 Μακαρίῳ
1643 507 1863 575 ἀδελφοὶ

2016 507 2129 585 50.
2172 505 2255 558 Ad
2312 504 2612 559 Macarium
2658 506 2910 560 abbatem
2968 504 3023 559 in
3068 503 3231 559 Scete
3274 505 3551 572 quondam

223 597 289 658 εἰς
319 592 500 664 258
539 598 818 668 Σκῆτιν,
850 601 950 653 καί
976 601 1070 670 οὐχ
1100 592 1258 671 εὖρον
1288 600 1345 651 ὲν
1372 598 1449 669 τῷ
1472 599 1668 669 κελλίῳ
1699 597 1865 651 αὐτοῦ

225 685 458 749 οὐδὲνβὶ
489 688 579 759 μὴ
610 690 791 763 ὕδωρ
822 693 1055 764 σαπρόν,
1081 693 1175 745 καὶ
1197 691 1448 761 λέγουσιν
1476 691 1644 763 αὐτῷ·
1698 688 1863 756 ἀϐϐᾶ,

232 780 379 851 δεῦρο
402 780 531 835 ἂνω
576 785 675 847 εἰς
708 786 824 857 τὴν
860 785 1073 856 κώμην,
1103 785 1199 837 καὶ
1226 784 1581 855 άναπαύομέν
1614 802 1695 837 σε.
1718 783 1867 851 λέγει

242 876 409 938 αὺτοῖς
434 876 466 929 6
496 877 716 947 γέρων
740 895 757 909 ’
804 880 1007 941 οἴδατε,
1052 879 1289 948 ἀδελφοί,
1315 879 1375 931 τὸ
1406 879 1757 949 ὰρτοκοπεῖον
1775 876 1866 930 τοῦ

251 969 407 1029 δεῖνος
441 969 528 1030 είς
560 968 679 1038 τὴν
723 968 960 1040 κώμην;
984 970 1074 1021 καὶ
1096 968 1347 1036 λέγουσιν
1372 967 1519 1038 αὐτῷ
1537 985 1549 997 ·
1575 966 1683 1022 ναί.
1722 967 1868 1036 λέγει

261 1060 424 1121 agni;
448 1060 476 1110 ὁ
520 1059 738 1127 γέρων
764 1076 774 1087 ·
827 1059 982 1128 κάγὼ
1014 1055 1129 1111 οἶδα
1159 1059 1311 1112 αὐτό.
1351 1058 1526 1110 οἴδατε
1555 1059 1648 1110 καὶ
1673 1058 1732 1109 τὸ
1758 1076 1868 1127 χω·-

265 1152 371 1223 ρίον
414 1150 512 1203 τοῦ
553 1151 754 1214 δεῖνος
802 1153 939 1205 ὅπου
980 1154 1007 1204 6
1056 1151 1302 1221 ποταμὸς
1345 1150 1569 1221 κρούει;
1620 1149 1869 1217 λέγουσιν

261 1244 399 1313 αὐτῷ
423 1262 437 1273 ’
466 1245 591 1296 ναί.
628 1244 794 1312 λέγει
845 1246 1025 1307 αὐτοῖς
1047 1248 1075 1298 6
1115 1245 1293 1317 γέρων
1314 1260 1327 1274 ⁸
1361 1244 1517 1311 κάγὼ
1560 1240 1675 1295 οῖδα
1706 1241 1865 1295 αὐτό·

260 1340 345 1390 ὅτε
389 1332 483 1388 οὖν
535 1336 718 1405 θέλω,
770 1338 834 1389 οὐ
885 1338 1074 1407 χρείαν
1115 1337 1270 1407 ὑμῶν
1313 1335 1443 1406 ἔχω,
1492 1334 1605 1388 ἀλλ’
1647 1333 1870 1405 ἐμαυτῷ

252 1427 528 1491 ἁναδὰζω
559 1428 637 1481 ’⁸.

329 1539 422 1592 5i.
460 1538 710 1605 Ἔλεγον
737 1537 980 1609 περὶτοῦ
1007 1537 1152 1591 ἀϐϐἄ
1166 1538 1479 1610 Μακαρίου,
1509 1538 1593 1590 ὅτι
1628 1536 1677 1589 εἱ
1708 1553 1871 1607 προσ·

254 1634 472 1701 ἦρχετο
512 1631 675 1700 αὑτῴ
710 1632 937 1699 ἁδελφὸς
978 1630 1052 1694 ὡς
1076 1632 1219 1700 ἁγίῳ
1266 1630 1480 1701 γέροντι
1526 1629 1621 1683 καὶ
1653 1627 1871 1699 μεγάλῳ

255 1723 403 1793 μετὰ
453 1724 662 1791 φόϐου,
704 1724 858 1776 οὐδὲν
888 1723 1067 1779 ἐλάλει
1102 1724 1269 1793 αὐτῷ.
1312 1725 1362 1775 εἰ
1403 1722 1461 1775 δὲ
1498 1722 1684 1789 ἔλεγεν
1723 1721 1871 1791 αὐτῴ

1971 606 2324 653 accesserunt
2353 597 2577 662 fratres,
2625 613 2729 652 nec
2774 598 3075 667 quidquam
3120 598 3453 650 invenerunt
3497 598 3555 649 in

1971 691 2110 745 cella
2133 690 2253 761 ejus
2291 691 2401 744 nisi
2424 706 2621 760 aquam
2672 690 2967 758 putridam.
3015 688 3205 759 Itaque
3236 689 3285 743 ei
3323 707 3338 743 :
3374 688 3552 752 Abba,

1970 784 2254 853 inquiunt,
2285 784 2522 839 ascende
2559 786 2614 836 in
2649 798 2874 852 pagum,
2899 789 2953 835 et
2976 781 3287 835 reficiemus
3318 791 3388 835 te.
3418 779 3554 845 Qui-

1972 875 2078 930 bus
2112 891 2279 931 senex
2320 876 2610 945 respondit
2648 891 2663 931 :
2714 874 2923 939 Nostis,
2980 874 3203 936 fratres,
3254 873 3553 943 pistrinum

1971 967 2123 1023 illius
2175 967 2419 1022 hominis
2452 968 2505 1021 in
2549 966 2735 1038 pago?
2786 965 2987 1021 Dicunt
3032 984 3046 1021 :
3090 964 3287 1019 Etiam.
3346 962 3555 1018 Deinde

1971 1074 2137 1113 senex
2169 1078 2181 1113 :
2221 1060 2337 1129 Ego
2366 1074 2585 1130 quoque
2619 1060 2765 1114 novi.
2798 1058 2990 1114 Nostis
3008 1065 3063 1113 et
3092 1057 3381 1129 praedium
3403 1057 3553 1110 illius

1971 1149 2230 1213 hominis,
2270 1151 2363 1205 ubi
2413 1151 2613 1205 fluvius
2647 1151 2820 1206 salit?
2864 1151 3035 1204 Aiunt
3073 1149 3404 1204 :Novimus.
3449 1147 3553 1204 Sc-

1970 1255 2122 1296 nex:
2162 1240 2230 1294 Et
2256 1258 2380 1312 ego,
2433 1242 2635 1312 inquit,
2679 1242 2827 1296 novi.
2866 1242 3095 1308 Quando
3143 1241 3309 1311 igitur
3351 1242 3552 1310 placet,

1970 1333 2130 1389 vobis
2166 1333 2299 1387 mihi
2335 1349 2473 1403 opus
2508 1349 2618 1389 non
2645 1342 2753 1399 est,
2802 1334 2899 1389 sed
2927 1336 3046 1404 ipse
3090 1334 3225 1387 mihi
3267 1333 3519 1402 adporto.

2042 1533 2132 1586 5i.
2175 1532 2412 1587 Aiebant
2447 1532 2513 1587 de
2540 1532 2779 1587 Macario
2810 1534 3029 1597 abbate,
3050 1533 3222 1603 quod,
3260 1533 3305 1587 si
3333 1533 3399 1586 ad
3427 1549 3551 1587 eum

1972 1626 2259 1680 accederet
2283 1625 2450 1680 frater
2472 1641 2600 1680 cum
2638 1626 2855 1689 timore,
2898 1633 3161 1695 tanquam
3195 1624 3259 1678 ad
3297 1631 3551 1679 sanctum

1974 1726 2029 1774 et
2067 1735 2325 1789 magnum
2368 1735 2577 1786 senem,
2622 1719 2763 1773 nihil
2814 1719 2864 1774 ei
2906 1718 3253 1788 loquebatur.
3306 1716 3364 1770 Si
3423 1732 3553 1769 vero

244 1834 343 1879 τις
383 1816 501 1868 τῶν
550 1815 807 1885 ἀδελφῶν
855 1815 929 1878 ὼς
956 1814 1251 1881 ἐξουθενῶν
1301 1815 1494 1866 αὐτόν·
1537 1814 1702 1878 ἀϐϐἄ,
1761 1813 1867 1884 ἄρα

1976 1809 2207 1863 fratrum
2231 1810 2506 1879 quispiam
2555 1817 2819 1880 tanquam
2848 1810 3008 1863 nihili
3051 1824 3174 1863 eum
3221 1807 3431 1861 faciens
3471 1807 3556 1860 di-

247 1911 394 1961 ὅταν
422 1904 496 1978 ἧς
525 1908 848 1977 καμηλίτης
888 1910 983 1960 καὶ
1011 1907 1269 1969 ἔκλεπτες
1301 1906 1481 1976 νίτρον
1514 1907 1608 1959 καὶ
1641 1907 1869 1970 ἐπώλεις

246 2000 418 2059 αὐτό,
438 2001 547 2052 οὐκ
572 1999 763 2070 ἔδερόν
792 2016 848 2051 σε
880 2002 927 2051 οἱ
958 1999 1191 2070 τηρηταί
1216 1999 1284 2064 ²⁷;
1309 2000 1356 2050 εί
1380 1998 1555 2051 ταῦτά
1576 2016 1659 2062 τις
1686 1999 1871 2065 ἔλεγεν

252 2092 445 2162 αὐτῷ,
482 2092 674 2145 ἐλάλει
695 2091 843 2161 αὑτῷ
863 2092 1002 2162 μετὰ
1027 2093 1223 2162 χαρᾶς,
1249 2094 1300 2144 εῑ
1326 2109 1379 2144 τι
1408 2090 1867 2161 αὑτὸνὴρώτα(α).

346 2356 432 2412 32.
471 2356 714 2424 Ἔλεγον
760 2357 887 2427 περὶ
914 2354 1010 2409 τοῦ
1050 2357 1194 2410 ἀϐὁᾶ
1218 2357 1508 2428 Μακαρίου
1543 2356 1637 2410 τοῦ
1696 2360 1869 2427 μεγά-

279 2450 402 2513 λου,
424 2450 507 2501 ὅτι
541 2449 766 2516 γέγονε,
795 2447 974 2511 καθώς
992 2450 1107 2500 ἐστι
1130 2450 1534 2519 γεγραμμένον,
1565 2448 1684 2511 θεὸς
1707 2448 1870 2517 259

280 2542 525 2608 ἐπίγειος
554 2541 663 2610 (ὸ)’
690 2542 771 2592 ὅτι
804 2540 990 2611 ὥσπερ
1034 2541 1180 2593 ἐστὶν
1226 2544 1253 2595 ὁ
1284 2540 1416 2604 Θεὸς
1468 2540 1753 2604 σκεπάζων
1777 2541 1869 2592 τὸν

276 2626 480 2702 κόσμον
506 2674 519 2696 ,
541 2632 726 2694 οὕτως
761 2632 982 2699 γέγονεν
1005 2634 1033 2684 6
1062 2632 1236 2696 άϐϐἄς
1265 2632 1552 2702 Μακάριος
1580 2631 1868 2694 σκεπάζων

267 2722 343 2775 τὰ
390 2720 785 2791 ἐλαττώματα,
830 2721 865 2773 ἆ
918 2721 1145 2775 ἔϐλεπεν
1185 2722 1258 2784 ὡς
1308 2723 1382 2794 μὴ
1418 2722 1649 2791 βλέπων,
1693 2721 1807 2801 καὶῆ
1832 2721 1869 2775 ἃ

264 2812 475 2881 ἤκουεν
514 2811 596 2873 ὡς
641 2811 718 2881 μὴ
742 2811 954 2864 ἁκούων

344 2906 434 2959 55.
455 2905 776 2974 Διηγήσατο
802 2905 829 2955 ὁ
852 2905 1025 2967 ἀ66ᾶς
1043 2905 1303 2974 Βιτίμιος,
1326 2904 1407 2956 ὅτι
1435 2903 1617 2971 ἔλεγεν
1642 2906 1669 2957 ὁ
1693 2904 1868 2969 άϐϐἅς

266 2998 592 3067 Μακάριος·
635 2995 948 3067 καθημένου
981 2995 1084 3066 μοὺ
1104 3014 1235 3049 ποτε
1263 2999 1342 3059 είς
1371 2996 1592 3066 Σκῆτιν,
1632 2998 1869 3068 κατέϐη-

268 3107 374 3142 σαν
422 3089 524 3141 δύο
568 3088 829 3159 νεώτεροι
880 3087 1079 3153 ξενικοὶ
1122 3090 1272 3142 ὲκεῖ’
1307 3090 1403 3142 καὶ
1435 3090 1463 3142 6
1498 3089 1597 3158 μὲν
1625 3083 1707 3151 εἷς
1750 3085 1865 3157 εἶχε

1972 1910 2119 1958 ceret
2143 1904 2193 1957 ei
2219 1904 2425 1965 :Abba,
2456 1903 2678 1971 quando
2707 1918 2832 1957 eras
2875 1902 3205 1956 camelarius
3248 1909 3303 1955 et
3346 1902 3551 1953 nitrum

1969 1991 2245 2047 furabaris
2289 2008 2353 2047 ac
2392 1992 2692 2054 vendebas,
2728 2008 2913 2047 nonne
2955 1992 3324 2046 verberabant
3372 2000 3424 2045 te
3453 2008 3554 2044 cu-

1966 2084 2189 2139 stodes?
2230 2083 2290 2138 Si
2335 2085 2466 2138 talia
2504 2087 2629 2155 quis
2670 2092 2816 2140 esset
2860 2084 2910 2139 ei
2957 2084 3198 2149 locutus,
3251 2083 3379 2136 huic
3424 2097 3552 2136 cum

1969 2173 2189 2243 gaudio,
2255 2174 2304 2230 si
2356 2174 2488 2244 quid
2540 2190 2666 2229 eum
2733 2174 3150 2245 interrogasset,
3223 2188 3554 2243 responsum

1968 2263 2154 2318 dabaL

2037 2357 2127 2411 '52.
2170 2354 2246 2409 De
2273 2354 2514 2411 Macario
2547 2371 2747 2427 magno
2781 2355 2979 2411 abbate
3034 2354 3379 2420 asserebant,
3404 2355 3551 2423 quod

1966 2447 2260 2511 exstiterit,
2288 2447 2431 2502 sicut
2455 2447 2724 2517 scriptum
2748 2454 2831 2502 est
2851 2487 2866 2511 ,
2915 2446 3052 2501 deus
3083 2447 3387 2509 terrestris,
3419 2448 3551 2515 quia

1967 2538 2429 2606 quemadmodum
2475 2539 2621 2594 Deus
2667 2540 2929 2593 mundum
2966 2539 3119 2610 tegit,
3157 2539 3233 2593 ita
3280 2538 3555 2593 Macarius

1969 2631 2141 2685 abbas
2165 2631 2366 2685 delicta
2398 2632 2706 2701 obtegebat,
2737 2646 2879 2700 quae
2905 2631 3122 2686 viderat
3146 2631 3308 2701 quasi
3333 2646 3443 2686 non
3470 2633 3554 2686 vi-

1967 2723 2161 2788 disset,
2186 2737 2329 2793 quae
2357 2722 2608 2777 audierat
2639 2721 2800 2791 quasi
2829 2736 2942 2775 non
2981 2721 3312 2778 audivisset.

2037 2899 2126 2953 35.
2158 2898 2419 2955 Vitimius
2457 2898 2629 2954 abbas
2672 2898 2918 2953 narravit
2957 2898 3256 2954 Macarium
3301 2900 3550 2956 abbatem

1967 2990 2045 3045 ita
2109 2991 2410 3047 retulisse:
2474 2990 2711 3045 Sedente
2766 3006 2853 3046 me
2918 2992 3215 3062 aliquando
3268 2993 3324 3047 in
3369 2993 3553 3058 Sceti,

1968 3088 2101 3141 illuc
2145 3086 2548 3142 descenderunt
2616 3085 2726 3139 duo
2776 3086 3004 3143 iuvenes
3058 3088 3364 3158 peregrini;
3412 3105 3554 3158 quo.

264 3182 513 3249 γένειον,
548 3183 577 3233 ό
606 3181 663 3233 δὲ
692 3180 848 3243 ἄλλος
876 3180 1049 3250 ἀρχὴν
1078 3180 1287 3249 βάλλων
1313 3180 1547 3247 γενείου.
1578 3181 1676 3232 καὶ
1702 3174 1865 3249 ἦλθον

1975 3193 2089 3231 rum
2111 3193 2255 3232 unus
2282 3177 2507 3231 barbam
2534 3178 2777 3247 gerebat,
2814 3178 2951 3232 alter
2974 3192 3105 3231 vero
3126 3178 3361 3247 primam
3393 3179 3555 3231 emit-

262 3273 409 3343 πρῲ
443 3292 518 3343 με
552 3272 809 3341 λέγοντες
830 3288 843 3301 ·
877 3270 981 3323 ποῦ
1014 3273 1160 3324 ἐστιν
1195 3274 1226 3342 ἡ
1270 3272 1433 3324 κέλλα
1457 3270 1550 3323 τοῦ
1576 3271 1720 3324 assa
1744 3272 1866 3325 Μα-

260 3367 473 3435 καρία)
498 3383 513 3429 ;
550 3363 709 3432 κάγὼ
746 3360 920 3415 εἷπον·
948 3363 999 3414 τί
1030 3362 1212 3415 Θέλετε
1237 3364 1432 3429 αὑτόν;
1459 3363 1554 3417 καὶ
1571 3363 1825 3431 λέγουσιν
1848 3380 1863 3394 ·

255 3456 575 3517 ἀκούοντες
605 3454 675 3506 τὰ
729 3453 859 3523 περὶ
896 3453 1061 3506 αὑτοῦ
1095 3455 1189 3508 καὶ
1221 3454 1323 3524 τῆς
1354 3456 1607 3525 Σκήτεως
1630 3455 1866 3526 ἤλθομεν

264 3547 406 3599 ἰδεῖν
435 3546 629 3598 αὐτόν.
666 3544 808 3612 λέγω
839 3545 1057 3607 αὐτοῖς·
1092 3544 1205 3613 ἐγώ
1244 3547 1379 3615 εἰμι.
1419 3546 1515 3598 καὶ
1542 3544 1734 3599 ἔϐαλον
1773 3563 1868 3617 με-

262 3638 527 3697 τάνοιαν,
557 3635 813 3702 λέγοντες
840 3649 852 3661 °
887 3627 989 3687 ὦδε
1026 3634 1255 3705 θέλομεν
1282 3638 1483 3705 μεῖναι.
1511 3635 1621 3705 ἐγὼ
1651 3637 1709 3689 δὲ
1742 3636 1867 3707 βλέ-

274 3746 397 3781 πων
429 3728 640 3789 αὐτοὺς
668 3727 975 3796 τρυφεροὺς
1012 3729 1105 3781 καὶ
1146 3728 1221 3792 ὡς
1251 3728 1361 3780 ἀπὸ
1400 3728 1638 3782 πλούτου
1661 3769 1675 3792 ,
1721 3729 1867 3797 λέγω

284 3821 501 3882 αὐτοῖς’
540 3820 606 3871 οὐ
642 3817 875 3871 δύνασθε
903 3817 1126 3871 καθίσαι
1151 3812 1274 3872 ὧδε.
1313 3819 1407 3871 καὶ
1433 3818 1586 3886 λέγει
1619 3821 1647 3872 ὁ
1682 3819 1866 3889 μειζό-

288 3926 474 3981 τερος·
504 3911 603 3963 ἐὰν
638 3910 713 3979 μὴ
743 3906 1025 3979 δυνώμεθα
1049 3909 1271 3963 καθίσαι
1304 3903 1427 3975 ὦδε,
1454 3910 1739 3980 ὑπάγομεν
1770 3910 1867 3964 άλ-

286 4002 474 4072 λαχοῦ.
531 4003 681 4069 λέγω
725 4001 837 4070 ἐγὼ
888 4000 965 4073 τῷ
1018 4002 1263 4075 λογισμῷ
1305 4020 1430 4074 μου·
1472 4002 1561 4056 διὰ
1598 4002 1652 4056 τί
1690 4001 1868 4056 διώκω

285 4098 485 4158 αὐτοὺς
522 4098 619 4148 καὶ
643 4095 1085 4159 σκανδαλίζονται
1109 4113 1124 4160 ;
1152 4098 1179 4148 6
1208 4096 1375 4159 κόπος
1406 4099 1551 4149 ποιεῖ
1580 4095 1775 4157 αὐτοὺς
1797 4094 1866 4147 δι’

283 4188 452 4258 260
504 4188 715 4241 ἑαυτῶν
778 4190 990 4257 φυγεῖν.
1042 4188 1140 4241 καὶ⁵
1188 4188 1330 4255 λέγω
1396 4188 1613 4251 αὐτοῖς’
1678 4186 1865 4251 δεῦτε,

282 4281 556 4347 ποιήσατε
589 4279 798 4342 ἑαυτοῖς
839 4278 1049 4332 κελλίον
1087 4280 1137 4331 εί
1182 4278 1433 4331 δύνασθε.
1470 4279 1563 4332 καὶ
1605 4278 1864 4347 λέγουσι·

283 4370 465 4435 δεῖξον
500 4372 632 4438 ἡμῖν
666 4370 849 4432 τόπον,
888 4369 983 4423 καὶ
1031 4368 1315 4439 ποιοῦμεν.
1359 4368 1529 4422 ἔδωκε
1580 4369 1637 4421 δὲ
1686 4369 1870 4432 αὐτοῖς

282 4465 313 4514 ὀ
341 4463 529 4531 γέρων
558 4461 791 4513 πέλεκυν
821 4463 865 4493 ³⁸
884 4461 978 4513 καὶ
1010 4461 1317 4515 ἁναόολίδιν
1342 4463 1387 4493 ⁸⁵
1421 4461 1617 4530 μεστὸν
1644 4460 1871 4530 ψωμίων

1966 3271 2117 3325 tebat
2155 3271 2490 3339 lanuginem.
2525 3270 2626 3335 Qui
2671 3279 2942 3324 venerunt
2999 3270 3069 3325 ad
3118 3286 3205 3325 me
3249 3278 3551 3340 rogantes:

1966 3363 2071 3419 Ubi
2104 3372 2191 3419 est
2214 3364 2350 3419 cella
2381 3363 2607 3417 Macarii
2649 3364 2902 3418 abbatis?
2932 3361 3045 3433 Ego
3079 3382 3092 3417 :
3122 3362 3261 3417 Num
3292 3364 3444 3434 quid,
3476 3366 3559 3418 in-

1966 3471 2154 3526 quam,
2185 3471 2310 3511 eum
2343 3456 2548 3511 vultis?
2573 3456 2741 3510 Aiunt
2768 3475 2780 3510 :
2811 3457 3012 3511 Audita
3043 3458 3162 3511 eius
3209 3472 3274 3512 ac
3330 3456 3556 3513 Sceteos

1967 3545 2111 3599 fama
2136 3546 2401 3609 venimus,
2437 3556 2494 3599 ut
2515 3545 2797 3601 videamus
2817 3562 2963 3600 cum.
2984 3545 3115 3600 Dico
3134 3547 3202 3601 iis
3229 3564 3243 3601 :
3266 3546 3377 3616 Ego
3409 3562 3555 3603 sum.

1965 3638 2242 3708 Factaque
2271 3639 2517 3707 corporis
2572 3638 3059 3693 inclinationezﬂic
3081 3680 3095 3705 ,
3130 3639 3421 3708 inquiunt,
3459 3655 3557 3694 cu-

1966 3729 2150 3799 pimus
2190 3743 2433 3783 manere.
2492 3728 2603 3799 Ego
2646 3743 2774 3783 vero
2822 3728 3015 3783 videns
3053 3745 3148 3785 eos
3188 3731 3452 3787 delicatos
3502 3741 3557 3787 et

1967 3820 2115 3873 velut
2148 3820 2201 3873 in
2225 3818 2436 3873 divitiis
2466 3820 2728 3874 educatos
2769 3819 2856 3873 aio
2878 3819 3027 3874 :Non
3056 3822 3286 3889 potestis
3316 3822 3556 3878 residere

1967 3912 2077 3968 hic.
2118 3912 2288 3966 Maior
2316 3910 2649 3981 respondet:
2694 3911 2756 3965 Si
2794 3927 2903 3966 non
2933 3928 3225 3981 possumus
3269 3929 3555 3970 remanere

1967 4005 2081 4070 hic,
2110 4006 2177 4060 ad
2205 4005 2371 4058 alium
2396 4019 2687 4074 pergemus
2719 4005 2919 4057 locum.
2943 4003 3079 4057 Tum
3108 4020 3228 4074 ego,
3260 4007 3402 4075 apud
3428 4024 3513 4062 me
3539 4027 3551 4061 :

1968 4096 2101 4161 Cur,
2138 4096 2394 4166 inquam,
2433 4096 2575 4165 pello
2601 4111 2726 4160 eos,
2768 4103 2824 4150 et
2870 4096 3190 4151 scandalum
3240 4100 3556 4166 patientur?

1969 4184 2148 4239 Labor
2184 4184 2401 4249 efficiet,
2437 4194 2496 4238 ut
2540 4194 2733 4254 sponte
2765 4184 2997 4254 fugiant.
3040 4185 3227 4256 Itaque
3273 4186 3398 4243 dico
3441 4190 3550 4245 iis:

1971 4277 2182 4343 Venite,
2215 4278 2523 4335 construite
2562 4279 2719 4333 vobis
2753 4279 3027 4343 cellulam,
3059 4279 3106 4334 si
3145 4282 3397 4350 potestis.
3434 4284 3550 4337 Illi:

1970 4369 2209 4425 Ostende
2241 4369 2399 4424 nobis
2426 4370 2606 4424 locum
2641 4378 2695 4424 et
2728 4378 3134 4425 construemus.
3182 4371 3340 4426 Dedit
3372 4385 3552 4429 autem

1973 4463 2041 4517 iis
2090 4476 2257 4517 senex
2305 4462 2565 4525 securim,
2607 4477 2903 4532 peramque
2946 4463 3161 4533 plenam
3207 4467 3459 4533 panibus,
3502 4478 3555 4521 et

283 4556 381 4607 καὶ
406 4554 568 4615 ἃλας.
599 4553 764 4618 ἔδειξε
787 4552 843 4604 δὲ
882 4553 1063 4615 αὐτοῖς
1090 4555 1118 4605 ό
1141 4552 1319 4623 γέρων
1348 4554 1443 4606 καὶ
1476 4552 1682 4624 πέτραν
1707 4554 1867 4624 σκλη-

1976 4554 2078 4609 sal.
2120 4553 2483 4623 Ostenditque
2521 4563 2730 4624 petram
2773 4555 2965 4610 duram
3013 4572 3278 4613 monens:
3322 4560 3554 4629 Lapides

286 4647 390 4714 ραν
411 4644 593 4711 λέγων
611 4660 623 4672 ·
654 4643 994 4713 λατομήσατε
1026 4638 1148 4707 ὦδε,
1181 4643 1275 4695 καὶ
1306 4642 1501 4713 φέρετε
1529 4645 1713 4706 αὐτοῖς
1740 4642 1871 4707 ξύλα

284 4738 350 4787 ἐκ
380 4735 483 4786 τοῦ
527 4733 681 4797 ἕλους
708 4773 722 4796 ,
752 4735 845 4787 καὶ
893 4734 1257 4802 στεγάσαντες
1296 4734 1575 4789 καθίσατε.
1621 4737 1872 4807 ἐνόμιζον

286 4828 341 4879 δὲ
358 4826 498 4893 ἐγώ,
515 4826 699 4895 φησιν,
718 4826 800 4878 ὅτι
820 4825 1073 4895 μέλλουσι
1093 4826 1179 4879 διὰ
1195 4827 1287 4879 τὸν
1300 4827 1469 4879 κόπον
1485 4826 1787 4897 ἀναχωρεῖν
1804 4830 1868 4883 ³⁰.

288 4920 586 4988 ἠρώτησαν
619 4918 678 4970 δέ
722 4935 788 4988 με
808 4956 823 4981 ,
853 4918 906 4970 τί
938 4916 1280 4988 ἐργάζωνται
1318 4912 1440 4972 ὧδε.
1470 4918 1615 4986 λέγω
1648 4922 1830 4984 αὐτοῖς
1855 4935 1868 4950 ⁶

296 5014 387 5079 τὴν
425 5010 651 5080 σειρόιν⁸
693 5011 787 5062 καὶ
834 5009 1095 5079 λαμϐάνω
1129 5010 1256 5080 βαΐα
1308 5012 1375 5063 ὲκ
1418 5010 1512 5063 τοῦ
1549 5011 1724 5076 ἕλους,
1770 5014 1865 5067 καὶ

300 5098 519 5151 δεικνύω
544 5098 731 5161 αὐτοῖς
767 5098 864 5169 τὴν
896 5098 1069 5170 ἀρχὴν
1101 5100 1201 5169 τῆς
1242 5100 1453 5170 σειρᾶς,
1502 5102 1596 5154 καὶ
1626 5102 1741 5165 πῶς
1770 5102 1867 5173 ρά-

303 5206 449 5241 πτειν
480 5190 581 5252 δεῖ,
633 5190 728 5241 καὶ
766 5185 954 5243 εἷπον’
1003 5193 1206 5243 ποιεῖτε
1244 5190 1542 5261 σπυρίδας,
1579 5194 1674 5246 καὶ
1722 5211 1862 5264 παρ-

302 5277 446 5350 ἔχετε
466 5284 580 5343 τοῖς
608 5279 839 5347 φύλαξι,
872 5281 965 5333 καὶ
992 5281 1250 5351 φέρουσιν
1282 5283 1415 5351 ὑμῖν
1441 5282 1651 5353 ψωμία.
1683 5284 1868 5339 λοιπὸν

293 5367 385 5424 οὖν
413 5370 523 5439 ἐγὼ
565 5370 911 5443 ἀνεχώρησα.
954 5372 1107 5426 αὐτοὶ
1147 5373 1198 5425 δὲ
1235 5373 1353 5442 μεθ’
1387 5374 1669 5445 ὑπομονῆς
1696 5380 1873 5432 πάντα

1978 4646 2069 4699 hic
2111 4644 2353 4709 incidite,
2389 4653 2551 4715 atque
2592 4654 2808 4715 portate
2848 4646 3005 4701 vobis
3054 4647 3198 4717 ligna
3237 4665 3303 4703 ex
3336 4651 3553 4718 palude,

1978 4745 2233 4807 tectoque
2279 4736 2535 4807 imposito
2578 4736 2834 4793 residete.
2890 4738 3159 4794 Putabam
3208 4749 3421 4802 autem,
3471 4743 3559 4794 in-
3601 4760 3610 4811 ρ

1978 4830 2119 4900 quit,
2151 4845 2247 4885 eos
2280 4838 2502 4899 propter
2547 4829 2790 4885 laborem
2833 4845 3152 4887 recessuros
3182 4847 3323 4887 esse.
3382 4832 3557 4885 Porro

1980 4923 2254 4993 petierunt
2285 4937 2311 4974 a
2338 4937 2446 4983 me,
2471 4920 2601 4990 quid
2626 4936 2692 4975 eo
2732 4921 2836 4974 loci
2863 4922 3139 4991 Operaturi
3174 4929 3381 4976 essent.
3447 4920 3555 4978 Re-
3606 4948 3619 4979 ι

1973 5018 2247 5087 spondeo:
2286 5015 2519 5069 Plcctam
2569 5012 2749 5068 facite.
2783 5011 3130 5081 Sumptisque
3162 5012 3307 5066 foliis
3351 5015 3560 5083 palma.

1974 5123 2096 5161 rum
2140 5122 2170 5161 e
2197 5106 2424 5176 palude,
2471 5104 2706 5159 ostendo
2741 5104 2807 5158 iis
2855 5104 3068 5173 plectae
3114 5104 3471 5175 principium,
3504 5120 3559 5162 et

1974 5198 2252 5269 quomodo
2292 5211 2561 5251 censuere
2605 5203 2877 5265 oporteat,
2908 5202 2999 5249 et:
3053 5195 3272 5261 Facite,
3312 5198 3555 5267 inquam,

1979 5299 2218 5361 sportas,
2260 5304 2397 5357 quas
2434 5287 2661 5341 tradetis
2695 5287 3039 5351 custodibus,
3088 5289 3124 5342 ii
3163 5306 3291 5345 vero
3331 5291 3558 5346 afferent

1982 5382 2137 5434 vobis
2171 5395 2361 5448 panes.
2391 5378 2595 5432 Deinde
2617 5378 2879 5433 abscessi.
2901 5380 2968 5434 At
2994 5381 3070 5434 illi
3096 5384 3366 5452 patienter
3395 5399 3558 5455 quae-

1568 5512 1823 5569 VARIAE
1876 5515 2291 5573 LECTlONES.

355 5605 406 5638 ³⁸
443 5605 538 5663 Sic
571 5621 671 5678 pro
692 5604 1033 5666 ἀναϐιϐάζω.

1119 5608 1164 5638 ’⁷
1201 5606 1286 5662 ΑΙ.
1319 5608 1536 5677 κριταί.
1612 5611 2026 5669 ¹⁸Λ1.πέλυκα.
2102 5615 2148 5645 ¹⁹
2188 5614 2271 5666 Al.
2307 5612 2710 5666 ἀναϐολίὸιον.
2789 5612 2833 5644 ³⁰
2870 5613 2957 5668 Al.
2997 5614 3259 5684 φεύγειν.

1794 5724 2046 5783 NOTAE.

353 5812 432 5955 3a;
458 5810 549 5867 Cf.
591 5810 703 5869 νγ.
740 5812 850 5895 PP.
882 5812 1065 5867 Rosw.
1104 5814 1200 5870 lib.
1230 5815 1317 5869 VII
1358 5833 1475 5887 cap.
1522 5816 1611 5879 12,
1643 5816 1695 5870 2.

378 5881 408 5937 6
470 5882 568 5940 Cf.
610 5884 849 5941 Constit.
900 5884 1089 5953 Apost.
1129 5884 1200 5953 ll,
1268 5887 1338 5940 26
1381 5887 1618 5944 Cotelcr.
1682 5887 1695 5941 l

378 5881 431 5953 ό)
470 5882 568 5940 Cf.
610 5884 849 5941 Constit.
900 5884 1089 5953 Apost.
1129 5884 1200 5953 ll,
1268 5887 1338 5940 26
1381 5881 1618 5944 Cotelcr.
1682 5887 1870 5945 Patres

1980 5821 2172 5891 Apost.
2210 5820 2365 5875 Tom.
2391 5821 2410 5874 l
2440 5838 2492 5891 p.
2530 5823 2657 5879 239.

2053 5893 2122 5961 (ε)
2151 5890 2235 5947 Cf.
2275 5889 2589 5949 Sententiae
2619 5894 2848 5964 Acgypt.
2886 5889 2990 5947 PP.
3024 5891 3148 5948 107.
