4016 6448
498 407 612 465 9.55

1323 403 1422 458 SS.
1462 401 1927 458 MACARIORUM
1959 399 2288 457 AEGYP'I'II
2334 399 2418 454 ET
2455 396 2928 453 ALEXANDRlNl

3687 405 3792 458 256

500 535 716 592 cunque
750 518 1134 574 mandaveram
1178 519 1426 572 exsecuti
1481 526 1631 582 sunt,
1683 535 1783 571 nec
1823 525 2092 579 venerunt

2201 517 2480 585 ἐποίησαν,
2515 515 2616 568 ὅσα
2664 511 2816 567 εἷπον
2843 515 3026 576 αὐτοῖς
3053 529 3066 542 °
3097 513 3190 565 καὶ
3231 513 3292 566 ού
3338 514 3667 585 παρέϐαλόν
3700 536 3787 588 μοι

504 615 571 668 ad
601 628 686 667 mc
716 611 894 666 tribus
930 611 1111 665 annis.
1155 609 1268 679 Ego
1315 624 1442 662 vero
1479 611 1700 663 assidue
1736 624 1859 661 emn
1905 611 2091 663 animo

504 720 627 758 meo
649 704 1009 766 colluctabar,
1043 710 1334 772 reputans:
1366 701 1586 770 Ecquae
1620 711 1702 755 est
1735 717 1923 754 eorum
1957 717 2091 771 0pc-

506 795 666 860 ratio,
704 793 846 863 quod
885 808 997 846 non
1032 793 1364 850 accesserint
1409 792 1796 860 interrogaturi
1833 791 1899 844 de
1931 791 2086 860 cogi-

505 886 753 941 tatione?
799 885 901 951 Qui
950 886 1143 956 procul
1187 885 1454 944 habitant,
1502 884 1725 936 veniunt
1751 882 1816 935 ad
1863 899 1947 936 me
1983 903 1995 936 :
2036 889 2093 935 et

507 979 599 1033 isti
650 995 771 1032 cum
829 978 1120 1048 propinqui
1177 977 1304 1037 sint,
1345 990 1451 1028 non
1489 981 1859 1039 accrsserunt,
1893 989 1991 1026 nec
2024 974 2092 1026 ad

507 1071 644 1122 alios
668 1069 898 1139 profecti
932 1078 1094 1122 sunt:
1120 1065 1403 1119 dumtaxat
1434 1072 1668 1134 pergunt
1698 1063 1765 1117 ad
1802 1065 2091 1118 ecclesiam

505 1162 684 1223 taciti,
711 1172 770 1215 ut
803 1161 1076 1230 accipiant
1105 1159 1455 1212 oblationem.
1499 1159 1679 1228 Atque
1711 1159 1864 1212 oravi
1911 1157 2094 1211 Domi-

506 1270 660 1314 num,
703 1255 955 1307 ieiunans
992 1268 1099 1305 ttna
1135 1251 1493 1312 hebdomade,
1526 1258 1584 1304 ut
1617 1251 1940 1321 dignaretur
1987 1252 2090 1304 mi-

506 1345 562 1398 hi
609 1345 899 1399 ostendere
941 1344 1314 1412 operationem
1366 1357 1577 1395 eorum.
1620 1339 1750 1396 Post
1799 1343 2094 1397 hebdoma--

507 1438 630 1491 dem
679 1453 808 1491 vero
845 1452 1076 1506 surgens
1128 1437 1195 1490 ad
1229 1451 1324 1489 eos
1377 1437 1508 1497 abii,
1547 1444 1608 1489 ut
1652 1437 1916 1500 intuerer,
1960 1453 2096 1505 quo-

508 1527 670 1581 modo
689 1534 932 1595 agerent.
955 1527 1020 1579 Et
1048 1541 1171 1579 cum
1193 1526 1500 1593 pulsassem
1528 1533 1878 1594 aperuerunt,
1905 1541 2099 1595 meque

509 1620 826 1673 salutarunt
858 1634 980 1672 cum
1019 1618 1260 1672 silentio.
1300 1616 1423 1671 Feci
1464 1617 1792 1682 orationem,
1850 1627 1904 1673 et
1956 1618 2093 1673 sedi.

509 1711 684 1765 Maior
717 1712 894 1763 innuit
936 1710 1155 1773 minori,
1193 1715 1253 1762 ut
1283 1709 1651 1778 egrederetur,
1704 1711 1927 1779 ipseque
1957 1710 2098 1763 sedit

510 1803 576 1855 ad
607 1801 1002 1855 conﬁciendam
1027 1801 1280 1869 plectam.
1308 1814 1406 1853 nec
1425 1801 1721 1870 quidquam
1747 1799 2092 1869 loquebatur.

511 1891 596 1945 Ad
635 1893 825 1946 horam
853 1907 983 1945 vero
1017 1906 1218 1944 nonam
1251 1891 1537 1960 strepitum
1571 1891 1763 1947 edidit.
1816 1889 1976 1944 Venit
2012 1890 2089 1942 iu-
2127 1878 2168 1931 Β

509 1983 656 2046 nior,
674 1983 800 2037 fecit
822 1983 1042 2051 paulum
1063 1982 1402 2051 polentae,ac
1421 1981 1625 2036 maiore
1644 1982 1904 2035 iunuente
1923 1982 1986 2033 ad
1997 1997 2093 2050 po-

510 2074 621 2127 suit
657 2087 920 2135 mensam,
961 2086 1196 2140 eumque
1237 2087 1403 2140 super
1445 2087 1565 2125 eam
1624 2082 1737 2125 tres
1791 2071 2093 2140 paximates

511 2165 810 2235 posuisset,
836 2163 984 2217 stetit
1013 2170 1221 2217 tacens.
1244 2161 1357 2232 Ego
1383 2179 1511 2217 vero
1551 2163 1695 2216 dixi:
1727 2162 1968 2232 Surgite,
2000 2177 2095 2215 co-

513 2255 814 2310 medamus.
834 2254 1313 2322 Etconsurgentes
1347 2255 1528 2307 cibum
1555 2255 1909 2322 sumpsimus.
1946 2254 2096 2306 Attu-

521 2350 589 2402 lit
629 2349 878 2412 baucale,
908 2362 972 2400 ac
995 2348 1250 2402 bibimus.
1286 2345 1356 2400 Ut
1380 2355 1558 2401 autem
1592 2347 1808 2400 advenit
1842 2361 2092 2416 vespera,

519 2439 712 2493 dicunt
746 2439 878 2493 mihi
909 2437 1285 2495 :Recedisne?
1328 2439 1602 2508 Respondi
1637 2438 1830 2501 :Non,
1867 2439 1962 2493 sed
2006 2439 2095 2492 bic

519 2531 754 2586 dormio.
794 2529 950 2585 Unde
977 2531 1429 2601 posueruntmilti
1464 2537 1699 2584 stoream
1727 2546 1790 2583 ex
1836 2538 2009 2599 parte,
2041 2536 2118 2583 et

515 2623 621 2678 sibi
657 2622 725 2674 ad
765 2623 1024 2691 angulum
1071 2637 1136 2676 ex
1170 2630 1347 2692 parte,
1400 2629 1455 2675 et
1503 2621 1883 2690 deposuerunt
1928 2635 2096 2695 zonas

515 2729 647 2770 suas
676 2721 729 2766 et
761 2712 1154 2775 suceinctoria,
1197 2712 1468 2780 simulque
1500 2712 1906 2765 collocaverunt
1941 2726 1998 2764 se
2039 2712 2095 2764 in

515 2813 683 2859 matta
721 2813 847 2858 ante
893 2819 1000 2858 me.
1046 2804 1298 2858 Ceterum
1341 2811 1628 2871 postquam
1671 2811 2096 2870 composuerunt

516 2913 596 2960 se,
625 2898 775 2951 oravi
808 2895 997 2957 Deum,
1029 2903 1089 2948 ut
1123 2896 1252 2948 mihi
1289 2895 1659 2963 operationem
1703 2910 1893 2948 eorum
1940 2911 2096 2950 reve-

515 2989 673 3043 laret.
713 2987 868 3042 Tunc
916 2995 1164 3057 apertum
1207 2994 1291 3039 est
1334 2994 1562 3049 tectum,
1611 2992 1840 3054 ortaque
1879 2994 1964 3040 est
2005 2987 2098 3039 lux

514 3079 666 3131 velut
697 3091 792 3145 per
819 3077 998 3130 diem:
1037 3075 1139 3142 ipsi
1181 3083 1361 3127 autem
1413 3089 1522 3126 non
1559 3075 1858 3127 cernebant
1898 3074 2093 3127 lucem.

516 3168 654 3223 Cum
692 3183 819 3221 vero
861 3167 1241 3220 existimarent
1294 3165 1539 3218 dormire
1597 3179 1702 3227 me,
1743 3166 1941 3218 maiori
1964 3166 2098 3218 fodit

2195 610 2289 660 ἐπὶ
2323 608 2450 676 τρία
2491 606 2608 677 ἐτη.
2649 607 2743 659 καὶ
2780 606 2970 676 ἔμεινα
3015 605 3265 674 πολεμῶν
3309 609 3430 668 τοῖς
3480 607 3786 679 λογισμοῖς,

2194 700 2368 767 λέγων
2392 714 2405 727 ·
2439 699 2525 762 τίς
2556 700 2662 770 ἄρα
2691 698 2836 752 ἐστὶν
2868 700 2900 768 ἡ
2932 697 3161 768 ἐργασία
3194 697 3400 760 αὐτῶν,
3431 699 3524 750 ὅτι
3556 700 3659 751 οὐκ
3695 695 3791 770 ἦλ-

2196 793 2287 846 θον
2317 792 2592 862 ἐρωτῆσαι
2624 777 2920 861 λογισμόν;
2960 792 3008 844 οἱ
3035 791 3144 844 ἀπὸ
3185 790 3428 861 μήκοθεν
3459 792 3503 821 ³³
3535 791 3790 861 ἔρχονται

2195 884 2332 955 πρός
2368 901 2469 954 με·
2503 885 2598 936 καὶ
2626 876 2773 936 οὗτοι
2810 885 2859 935 οἱ
2890 885 3053 952 ἐγγὺς
3089 884 3188 936 οὐκ
3231 879 3423 954 ἦλθον,
3459 882 3628 952 261
3669 882 3790 935 οὗτε

2194 974 2250 1027 δέ
2277 975 2412 1046 πρὸς
2441 975 2633 1038 ἄλλους
2661 975 2871 1045 ὑπῆγον
2894 990 2908 1002 ·
2941 975 2989 1026 εἰ
3033 973 3106 1044 μὴ
3140 975 3299 1044 μόνον
3324 977 3408 1037 εἰς
3447 974 3553 1044 τὴν
3593 974 3794 1042 ἐκκλη-

2198 1060 2317 1114 σίαν
2349 1062 2680 1126 σιωπῶντες,
2703 1062 2886 1115 λαϐεῖν
2912 1064 3010 1133 τὴν
3036 1064 3374 1133 προσφοράν.
3404 1064 3510 1114 καὶ
3534 1063 3792 1133 ηὐξάμην

2195 1152 2273 1224 τῷ
2302 1154 2421 1224 Θεῷ
2455 1155 2756 1226 νηστεύσας
2800 1155 2897 1224 τὴν
2929 1156 3218 1225 ἐϐδομάδα,
3257 1155 3345 1211 ἵνα
3373 1155 3538 1227 δείξῃ
3573 1173 3666 1224 μοι
3694 1157 3791 1224 τὴν

2197 1247 2464 1317 ἐργασίαν
2509 1247 2710 1301 αὐτῶν.
2756 1247 2994 1309 ἀναστὰς
3039 1247 3095 1299 δέ
3145 1246 3283 1316 μετὰ
3319 1246 3424 1316 τὴν
3470 1245 3789 1314 ἑϐδομάδα,

2197 1339 2438 1409 ἀπῆλθον
2469 1341 2606 1408 πρὸς
2636 1341 2833 1403 αὐτοὺς
2856 1341 3004 1403 ἰδεῖν,
3036 1339 3154 1402 πῶς
3182 1338 3480 1408 κάθηνται⁸
3510 1339 3607 1390 καὶ
3633 1336 3794 1409 κρού-

2199 1431 2391 1493 σαντός
2425 1447 2524 1500 μου
2560 1429 2818 1500 ἀνέῳξαν,
2849 1431 2944 1483 καὶ
2971 1429 3286 1498 ἡσπάσαντό
3325 1447 3395 1498 με
3430 1429 3788 1492 σιωπῶντες

2197 1523 2292 1573 καὶ
2320 1523 2553 1591 ποιήσας
2600 1523 2764 1591 εὐχὴν
2797 1521 3048 1574 ἐκάθισα.
3081 1521 3278 1585 νεύσας
3307 1522 3363 1573 δέ
3395 1524 3426 1574 6
3473 1521 3686 1590 μείζων
3715 1522 3792 1590 τῷ

2201 1614 2512 1686 μικροτέρῳ
2546 1614 2803 1679 ἐξελθεῖν,
2852 1615 3073 1666 ἐκάθισε
3123 1613 3342 1665 πλέκειν
3373 1613 3422 1643 ³⁸
3470 1613 3576 1681 τὴν
3605 1611 3790 1681 σειρὰν

2197 1707 2434 1778 λαλήσας
2463 1709 2650 1778 μηδέν.
2681 1709 2776 1760 καὶ
2803 1710 2867 1777 τῇ
2901 1707 3021 1777 ὥρα
3045 1707 3145 1774 τῆς
3173 1705 3370 1776 ἐνάτης
3406 1705 3673 1775 ἔκρουσε.
3700 1705 3790 1757 καὶ

2196 1795 2358 1870 ἦλθεν
2387 1801 2416 1851 6
2442 1799 2704 1870 νεώτερος
2735 1800 2800 1862 ³³,
2839 1802 2932 1852 καὶ
2962 1799 3182 1868 ἐποίησε
3215 1797 3412 1868 μικρὸν
3445 1800 3666 1867 ἕψημα,
3702 1796 3789 1850 καὶ

2198 1890 2480 1961 παρέθηκε
2504 1892 2802 1960 τράπεζαν,
2829 1889 3117 1952 νεύσαντος
3141 1889 3288 1958 αὐτῷ
3306 1888 3403 1940 τοῦ
3428 1888 3783 1959 μειζοτέρου·

2199 1984 2294 2035 κα)⁸
2320 1983 2514 2053 ἔθηκεν
2541 1986 2621 2046 εἰς
2646 1984 2814 2054 αὐτὴν
2835 1987 2983 2054 τρεῖς
3009 1983 3348 2048 παξαμάδας,
3376 1983 3477 2034 καὶ
3505 1982 3638 2050 ἔστη
3668 1997 3790 2032 σιω-

2200 2075 2337 2127 πῶν.
2369 2075 2480 2142 ἐγὼ
2507 2075 2564 2127 δέ
2599 2071 2752 2128 εἷπον
2778 2091 2792 2105 °
2843 2075 3146 2146 ἐγείρεσθε,
3196 2074 3489 2144 φάγωμεν.
3535 2072 3634 2125 καὶ
3661 2072 3788 2124 ἀνα-

2201 2166 2423 2230 στάντες
2463 2168 2758 2238 ἐφάγομεν.
2819 2168 2913 2220 καὶ
2959 2168 3156 2237 ἤνεγκε
3204 2166 3266 2218 τὸ
3319 2165 3645 2234 βαυκάλιον,
3693 2162 3787 2216 καὶ

2200 2258 2446 2327 ἐπίομεν.
2479 2257 2554 2320 ώς
2585 2258 2642 2310 δέ
2690 2258 2908 2324 ἐγένετο
2943 2257 3176 2327 ἐσπέρα,
3228 2254 3452 2323 λέγουσί
3499 2270 3630 2324 μοι·
3683 2253 3784 2306 ὑπ-

2201 2349 2388 2417 άγεις;
2417 2348 2528 2416 ἐγὼ
2553 2349 2610 2401 δὲ
2648 2345 2828 2401 εἷπονο
2873 2349 3015 2416 οὐχί,
3053 2347 3168 2401 ἀλλ’
3195 2340 3295 2399 ὧδε
3328 2346 3646 2416 κοιμῶμαι.
3693 2345 3782 2398 καὶ

2199 2440 2402 2512 ἔθηκαν
2436 2459 2525 2510 μοι
2554 2440 2771 2509 ψιάθιον
2803 2439 2954 2511 παρὰ
2988 2439 3155 2510 μέρος
3177 2479 3190 2502 ,
3216 2440 3310 2492 καὶ
3337 2441 3564 2501 ἑαυτοῖς
3585 2441 3665 2500 εἰς
3690 2438 3782 2506 τὴν

2199 2535 2403 2602 γωνίαν
2439 2535 2483 2564 ³⁸
2525 2533 2676 2603 παρὰ
2720 2533 2901 2603 μέρος.
2949 2533 3042 2585 καὶ
3095 2527 3235 2602 ἦραν
3265 2533 3434 2601 262
3475 2533 3576 2593 τὰς
3617 2530 3779 2594 ζώνας

2201 2625 2380 2679 αὐτῶν
2429 2625 2524 2678 καὶ
2577 2627 2704 2688 τοὺς
2747 2624 3086 2688 ἀναλάϐους,
3136 2624 3230 2676 καὶ
3285 2623 3500 2694 ἔθηκαν
3555 2624 3775 2685 ἑαυτοὺς

2199 2717 2336 2786 ὁμοῦ
2365 2719 2442 2780 εἰς
2472 2717 2532 2769 τὸ
2573 2716 2790 2785 ψιάθιον
2827 2715 3137 2787 ἔμπροσθέν
3177 2733 3299 2785 μου.
3354 2716 3435 2778 ὡς
3479 2715 3539 2767 δὲ
3586 2715 3778 2784 ἔθηκαν

2203 2806 2447 2869 ἑαυτούς,
2480 2806 2733 2876 ηὐξάμην
2779 2805 2858 2874 τῷ
2893 2804 3030 2873 Θεῷ,
3060 2806 3147 2857 ἵνα
3181 2822 3269 2873 μοι
3309 2803 3648 2875 ἀποκαλύψῃ
3689 2801 3780 2870 τὴν

2202 2899 2462 2970 ἐργασίαν
2496 2897 2697 2950 αὐτῶν.
2738 2897 2833 2950 καὶ
2862 2896 3111 2967 ἠνεῴχθη
3143 2899 3174 2965 ή
3208 2897 3403 2966 στέγη,
3453 2897 3551 2949 καὶ
3575 2895 3777 2964 ἐγένετο

2203 2989 2320 3059 φῶς
2341 2990 2418 3051 ὡς
2445 2992 2629 3059 ἡμέρα
2656 2990 2722 3020 ³³·
2752 2989 2903 3041 αὐτοὶ
2929 2989 2983 3039 δέ
3012 2990 3110 3041 οὐκ
3139 2988 3414 3057 ἐθεώρουν
3442 2989 3506 3040 τὸ
3540 2989 3672 3056 φῶς.
3695 2986 3776 3038 καὶ

2202 3080 2278 3143 ὡς
2303 3080 2550 3149 ἐνόμιζον
2589 3081 2672 3132 ὅτι
2721 3079 3027 3149 κοιμῶμαι,
3071 3081 3258 3132 νύσσεε
3287 3083 3313 3132 6
3345 3079 3558 3149 μείζων
3583 3079 3671 3132 τὸν
3699 3095 3776 3147 μι-

2201 3171 2458 3240 κρότερον
2486 3173 2564 3233 εἰς
2601 3172 2699 3241 τὴν
2732 3172 3002 3242 πλευράν,
3039 3172 3133 3224 καὶ
3160 3171 3500 3241 ἐγείρονται,
3536 3170 3630 3224 καὶ
3657 3170 3778 3234 ζων-

516 3257 748 3310 minoris
779 3257 941 3309 latus.
967 3254 1336 3321 Consurgunt,
1369 3253 1598 3320 cingunt
1627 3267 1686 3306 se
1714 3261 1767 3305 et
1786 3253 2103 3322 expandunt

2203 3264 2263 3314 νῦ
2277 3279 2360 3313 σιν
2389 3261 2434 3291 ³⁸
2469 3262 2696 3325 ἑαυτούς
2722 3303 2736 3326 ,
2781 3265 2875 3315 καὶ
2903 3264 3202 3316 ἐκτείνουσι
3231 3263 3330 3327 τὰς
3372 3268 3568 3335 χεῖρας
3593 3264 3669 3326 είς
3694 3262 3775 3314 τὸν

517 3363 716 3402 manus
758 3347 824 3400 ad
857 3346 1093 3400 coelum.
1137 3341 1305 3397 Porro
1348 3359 1451 3413 ego
1490 3343 1778 3397 cernebam
1817 3359 1949 3410 eos;
1998 3345 2101 3413 ipsi

517 3454 630 3494 non
653 3438 918 3492 videbant
943 3452 1050 3490 me.
1082 3435 1259 3502 Atque
1288 3433 1396 3486 vidi
1431 3433 1728 3488 daemones
1759 3433 1934 3488 instar
1960 3450 2105 3490 mus-

519 3546 733 3591 carum,
758 3529 1039 3584 venientes
1069 3542 1233 3596 super
1264 3527 1569 3590 minorem;
1617 3541 1852 3596 quorum
1886 3527 1978 3580 alii
2007 3542 2102 3581 ac-

519 3623 810 3685 cedebant,
844 3630 906 3672 ut
940 3619 1196 3673 sederent
1258 3619 1314 3670 in
1349 3613 1443 3671 ore
1483 3617 1630 3680 eius,
1678 3619 1768 3671 alii
1812 3617 1866 3671 in
1906 3620 2101 3674 oculis.

521 3712 695 3769 Simul
737 3712 1000 3782 conspexi
1031 3711 1282 3780 angelum
1309 3709 1524 3763 Domini
1561 3720 1829 3764 tenentem
1863 3711 2102 3780 gladium

521 3807 687 3876 ignis,
738 3805 1242 3859 circumvallantem
1291 3818 1439 3868 eum,
1472 3803 1875 3873 daemonesque
1913 3805 1981 3858 ab
2038 3820 2104 3859 eo

519 3899 938 3969 propellentem.
988 3898 1057 3949 At
1101 3895 1294 3948 maiori
1343 3911 1453 3948 non
1511 3903 1762 3964 poterant
1809 3899 2102 3965 appropin-

521 4005 716 4060 quare.
757 3990 914 4043 Circa
947 3987 1275 4040 matutinum
1300 4001 1430 4040 vero
1469 3996 1682 4056 tempus
1704 3989 2100 4043 recubuerunt:

523 4089 688 4150 atque
707 4095 806 4150 ego
820 4077 1115 4132 assimilavi
1141 4092 1228 4130 me
1256 4092 1380 4129 mox
1402 4077 1872 4144 expergefactum;
1892 4079 2105 4148 ipsique

525 4171 800 4227 similiter.
859 4168 974 4222 Hoc
1015 4177 1195 4221 autem
1230 4167 1514 4220 dumtaxat
1560 4168 1691 4219 mihi
1722 4168 1970 4224 elocutus
2021 4177 2104 4224 est

525 4263 755 4315 verbum
786 4259 1001 4327 major:
1050 4257 1143 4332 Vis
1181 4259 1478 4312 recitemus
1506 4257 1792 4312 duodecim
1829 4261 2106 4328 psalmos?

527 4355 628 4408 Aio
653 4371 667 4405 :
708 4351 903 4405 Etiam.
925 4351 1062 4404 Tum
1094 4352 1280 4420 psallit
1312 4351 1490 4404 minor
1515 4351 1757 4420 quinque
1787 4352 2048 4420 psalmos,
2075 4369 2104 4406 a

529 4462 623 4500 sex
645 4445 918 4507 versibus,
937 4452 991 4496 et
1018 4459 1185 4496 unum
1209 4441 1444 4507 alleluia,
1460 4451 1620 4511 atque
1641 4442 1708 4495 ad
1739 4458 2105 4513 unumquem-

2202 3351 2450 3424 οὐρανόν.
2477 3351 2572 3404 καὶ
2602 3351 2870 3423 ἐθεώρουν
2893 3353 3108 3416 αύτούς·
3139 3354 3292 3406 αὐτοὶ
3312 3354 3379 3406 δὲ
3402 3357 3503 3408 οὐκ
3525 3352 3777 3423 ἐθεώρουν

2206 3459 2293 3513 με·
2311 3444 2404 3496 καὶ
2432 3440 2570 3495 εἶδον
2599 3444 2724 3506 τοὺς
2754 3443 3012 3513 δαίμονας
3043 3446 3382 3515 ἐρχομένους
3416 3446 3605 3515 ὥσπερ
3629 3444 3776 3513 μυίας

2202 3533 2296 3586 ἐπὶ
2331 3533 2421 3585 τὸν
2454 3533 2808 3603 μικρότερον·
2843 3535 2936 3586 καὶ
2975 3536 3023 3586 οἱ
3056 3535 3153 3604 μὲν
3179 3534 3424 3606 ἤρχοντο
3458 3536 3678 3589 καθίσαι
3706 3532 3776 3593 εἰς

2202 3625 2262 3678 τὸ
2289 3624 2461 3695 στόμα
2490 3625 2676 3690 αὐτοῦ,
2704 3626 2753 3677 οἱ
2789 3625 2844 3677 δέ
2874 3629 2953 3688 εἰς
2972 3628 3096 3688 τοὺς
3119 3628 3445 3696 ὀφθαλμοὺς
3475 3629 3656 3683 αὐτοῦ.
3690 3627 3773 3680 καὶ

2205 3716 2341 3772 εἶδον
2374 3719 2603 3786 ἄγγελον
2627 3719 2816 3787 κυρίου
2846 3719 3142 3787 κατέχοντα
3165 3720 3383 3789 ρομφαξ
3387 3738 3452 3774 αν
3480 3720 3668 3791 πυρός,
3691 3717 3775 3770 καὶ

2205 3811 2678 3883 περιχαρακοῦντα
2717 3812 2877 3865 αὐτὸν
2919 3811 3012 3863 καὶ
3051 3809 3316 3862 διώκοντα
3350 3813 3494 3875 τοὺς
3535 3811 3776 3880 δαίμονας

2203 3899 2298 3950 ἀπ’
2325 3899 2509 3953 αὑτοῦ.
2542 3899 2622 3970 τῷ
2651 3900 2709 3951 δέ
2739 3900 3037 3970 μειζοτέρῳ
3063 3900 3161 3952 οὐκ
3189 3899 3457 3954 ἐδύναντο
3501 3897 3776 3971 προσεγγί-

2206 4007 2317 4045 σαι.
2347 3990 2442 4042 καὶ
2471 3991 2547 4052 ὡς
2579 3991 2707 4060 περὶ
2735 3989 2833 4060 τὴν
2858 3990 3069 4059 πρωῒαν
3099 3989 3302 4059 ἐθηκαν
3333 3991 3574 4054 ἑαυτούς
3593 4007 3605 4018 ·
3638 3985 3776 4055 κάγὼ

2206 4081 2440 4151 ἐποίησα
2470 4082 2706 4150 ἐμαυτὸν
2736 4082 2817 4135 ὅτι
2840 4081 3178 4151 διυπνίσθην,
3200 4082 3293 4135 καὶ
3318 4083 3485 4137 αὐτοὶ
3505 4082 3768 4141 ὡσαύτως.

2205 4167 2324 4223 εἷπε
2348 4171 2406 4223 δέ
2438 4189 2528 4240 μοι
2557 4174 2584 4224 6
2613 4171 2815 4241 μείζων
2847 4172 2938 4224 τὸν
2968 4173 3125 4241 λόγον
3155 4172 3346 4227 τοῦτον
3377 4177 3538 4246 μόνον
3563 4193 3576 4206 ο
3608 4172 3767 4232 θέλεις

2208 4261 2456 4331 βάλωμεν
2489 4264 2614 4326 τοὺς
2641 4263 2844 4316 δώδεκα
2865 4265 3023 4334 263
3045 4265 3291 4334 ψαλμούς
3314 4284 3328 4331 ;
3366 4268 3530 4335 λέγω·
3556 4265 3659 4319 ναί·
3682 4261 3766 4315 καὶ

2203 4351 2396 4420 ψάλλει
2425 4353 2454 4405 6
2497 4353 2819 4422 μικρότερος
2864 4355 3022 4406 πέντε
3052 4355 3300 4426 ψαλμοὺς
3342 4358 3452 4410 ἀπὸ
3490 4356 3550 4421 ἒξ
3587 4355 3766 4422 στίχων

2207 4442 2300 4495 καὶ
2334 4441 2392 4495 ἓν
2421 4441 2734 4512 ἀλληλούια.
2775 4443 2868 4496 καὶ
2895 4447 3034 4496 κατὰ
3061 4445 3240 4515 στίχον
3267 4447 3531 4517 ἐξήρχετο
3557 4441 3765 4514 λαμπὰς

529 4552 634 4606 que
659 4550 877 4589 versum
919 4536 1104 4589 exibat
1142 4535 1286 4604 ignis
1332 4535 1540 4603 lampas
1580 4549 1648 4587 ex
1686 4548 1782 4587 ore
1817 4533 1958 4604 ejus,
2005 4535 2102 4588 ad-

2208 4533 2377 4603 πυρὸς
2403 4535 2466 4586 ἐκ
2494 4533 2586 4585 τοῦ
2617 4534 2881 4603 στόματος
2911 4536 3098 4600 αὐτοῦ,
3131 4536 3224 4589 καὶ
3255 4537 3538 4590 ἀνέϐαινεν
3571 4537 3647 4596 είς
3683 4531 3765 4584 τὸν

529 4627 934 4695 scendebatque
983 4628 1039 4680 in
1086 4628 1318 4680 coelum.
1363 4625 1486 4678 Pari
1519 4625 1681 4679 modo
1714 4627 1880 4680 etiam
1929 4628 2105 4695 major

528 4720 749 4792 quando
779 4719 1057 4788 aperiebat
1087 4735 1148 4773 os
1179 4733 1335 4773 suum
1365 4718 1664 4788 psallendo,
1689 4727 1945 4789 tanquam
1967 4720 2108 4773 funi-

529 4814 690 4867 culus
719 4810 862 4880 ignis
910 4810 1311 4876 egrediebatur,
1347 4818 1401 4860 et
1450 4807 1794 4876 pertingebat
1841 4823 2016 4876 usque
2048 4811 2103 4863 in

530 4906 762 4960 coelum.
803 4904 975 4957 Etiam
1013 4917 1114 4970 ego
1150 4915 1440 4969 parumper
1472 4916 1536 4953 ex
1585 4908 1806 4968 pectore
1857 4901 2102 4956 recitavi.

532 4998 661 5052 Dein
683 4997 872 5050 exiens
892 4994 1002 5047 dixi
1025 5013 1036 5045 :
1063 4992 1227 5046 Orate
1254 5007 1352 5060 pro
1389 5007 1490 5045 me.
1531 4989 1638 5060 Ipsi
1668 4998 1846 5044 autem
1870 4992 2099 5046 inclina-

535 5097 726 5143 verunt
752 5103 812 5142 se
845 5096 898 5141 et
934 5093 1242 5140 tacuerunt.
1269 5082 1523 5151 Comperi
1566 5098 1716 5152 ergo,
1745 5082 1888 5150 quod
1924 5083 2098 5152 major

535 5179 805 5250 perfectus
843 5186 1007 5242 esset,
1053 5177 1318 5228 minorem
1359 5188 1489 5225 vero
1532 5172 1712 5226 adhuc
1756 5173 2099 5242 impugnaret

533 5271 808 5326 inimicus.
855 5270 1106 5322 Ceterum
1159 5276 1280 5336 post
1343 5279 1547 5334 paucos
1600 5265 1718 5317 dies
1767 5264 2099 5316 obdormivit

2204 4623 2448 4692 οὐρανόν.
2476 4623 2735 4686 ὡσαύτως
2757 4625 2852 4676 καὶ
2884 4627 2912 4676 6
2951 4626 3153 4694 μείζων
3183 4627 3270 4678 ὅτε
3297 4628 3481 4697 ἤνοιγε
3513 4627 3576 4679 τὸ
3603 4623 3763 4690 στόμα

2204 4712 2369 4766 αὐτοῦ
2408 4712 2648 4781 ψάλλων,
2677 4715 2750 4775 ὡς
2790 4714 3020 4783 σχοινίον
3053 4715 3222 4784 πυρὸς
3261 4716 3336 4784 (α)
3371 4717 3646 4785 ἐξήρχετο,
3677 4707 3764 4762 καὶ

2204 4806 2432 4873 ἔφθανεν
2471 4805 2578 4867 ἓως
2609 4806 2702 4857 τοῦ
2746 4805 2990 4876 ούρανοῦ.
3046 4805 3199 4874 κάγὼ
3226 4803 3379 4860 εἶπον
3433 4805 3623 4877 μικρὸν
3664 4797 3762 4853 ἀπὸ

2208 4898 2458 4967 στήθους.
2496 4897 2590 4949 καὶ
2619 4897 2850 4958 ἐξελθὼν
2886 4900 3026 4965 λέγω
3052 4915 3067 4929 ·
3121 4897 3350 4962 εὔξασθε
3381 4899 3511 4968 περὶ
3537 4897 3579 4928 ³⁷
3613 4888 3757 4962 ἐμοῦ.

2205 4991 2357 5044 αὐτοὶ
2391 4989 2448 5042 δὲ
2487 4988 2677 5041 ἔϐαλον
2730 4991 3016 5058 μετάνοιαν
3063 4990 3396 5054 σιωπῶντες.
3445 4985 3640 5058 ἔμαθον
3674 4978 3762 5032 οὖν

2203 5085 2282 5136 ὅτι
2322 5086 2350 5136 ὁ
2400 5082 2599 5152 μείζων
2625 5082 2826 5144 τέλειός
2861 5085 2994 5147 ἐστι,
3029 5083 3105 5153 τῷ
3136 5083 3192 5136 δὲ
3240 5083 3546 5154 μικροτέρῳ
3590 5073 3760 5144 ἀκμὴν

2203 5174 2462 5243 ἐπολέμει
2508 5177 2537 5226 6
2578 5174 2790 5243 ἐχθρός.
2828 5175 2963 5242 μετὰ
3005 5174 3061 5226 δέ
3120 5175 3323 5244 μικρὰς
3355 5174 3566 5242 ἡμέρας
3628 5168 3758 5216 ἐκοι-

2208 5264 2350 5334 μήθη
2391 5266 2418 5316 6
2456 5262 2656 5334 μείζων
2681 5263 2938 5332 ἁδελφός,
2967 5281 3062 5317 και
3095 5265 3161 5336 τῇ
3203 5266 3361 5337 τρίτῃ
3388 5264 3570 5334 ἡμέρα
3603 5258 3632 5310 6
3677 5271 3746 5324 μι-

1790 5373 2046 5427 VARIAE
2081 5373 2481 5428 LECTIONES.

602 5490 641 5520 "
683 5487 770 5542 Al.
799 5489 1115 5556 μακρόθεν.
1231 5489 1272 5519 ⁸⁸
1308 5488 1390 5539 Al.
1433 5486 1692 5540 πλέκων.

555 5558 577 5588 ⁸
613 5555 1052 5624 Corr.,Coteler.
1078 5557 1396 5620 ζώφνουσηπ
1425 5559 1488 5611 al.
1531 5555 1872 5618 ζων-νύουσι.

1805 5488 1850 5518 ³³
1887 5488 1970 5540 AI.
2006 5491 2371 5556 μικρότερος.

1805 5574 1872 5610 γι.
1951 5557 1992 5587 ³⁷
2033 5559 2116 5612 Al.
2168 5558 2336 5612 ὑπὲρ.

2487 5488 2531 5520 ἰ
2569 5488 2656 5543 Al.
2695 5489 3113 5558 inser.c‘i.t.1nr.
3220 5491 3265 5524 ευ
3316 5491 3399 5542 Al.
3460 5485 3527 5537 έυν
3553 5479 3744 5549 ἡμέρᾳ-

2015 5671 2264 5726 NOTAE.

604 5763 680 5831 (α)
708 5763 982 5832 ἕχοινίον
1015 5764 1221 5829 πυρός,
1255 5763 1517 5829 funiculus
1542 5764 1677 5832 ignis
1713 5762 1912 5816 Ruﬁno
1939 5764 2104 5817 inter-

537 5829 688 5904 prete
716 5829 856 5903 [νγ.
899 5833 1000 5886 PP.
1034 5833 1216 5888 liosw.
1251 5835 1343 5887 lib.
1387 5835 1454 5888 ιιι
1488 5829 1604 5904 cap.
1644 5833 1782 5905 195].
1830 5833 1998 5889 Porro
2032 5834 2099 5888 ad

2207 5764 2435 5818 Joannis
2479 5765 2782 5819 versionem
2834 5767 2886 5819 in
2937 5767 3124 5821 iisdem
3149 5771 3288 5825 Vitis
3321 5770 3535 5823 Patrum
3583 5762 3739 5829 fumus

2209 5836 2450 5904 irrepsit,
2481 5851 2547 5891 ex
2577 5837 2957 5891 abbreviatura
2987 5838 3136 5895 vocis
3169 5840 3459 5910 funiculus.
3492 5835 3737 5890 Comum.
