4016 6488
201 415 295 474 ὶΞἹ

1536 398 2176 463 ΛΡΟΡΠΤΠΕΕΜΛΤΑ.

3403 406 3512 470 238

214 535 485 609 κρότερος.
508 533 611 586 καὶ
632 532 729 585 ὅτε
759 531 1071 604 παρέϐαλόν
1093 548 1234 593 τινες
1258 530 1366 582 τῶν
1391 530 1646 601 πατέριον
1676 526 1815 598 πρὸς

1943 527 2096 581 naior
2119 527 2308 590 frater,
2352 545 2417 586 ac
2461 530 2621 586 tertia
2651 530 2738 587 die
2763 530 2962 586 minor.
2998 531 3246 602 Cumque
3273 547 3304 588 e
3334 531 3513 589 Patri-

217 630 302 682 τὸν
328 626 503 680 άϐῦᾶν
532 625 859 697 Μακάριόν,
888 623 1192 693 ἐλάμϐανεν
1215 621 1415 683 αὐτοὺς
1440 622 1522 683 εἰς
1553 620 1652 690 τὴν
1681 618 1814 671 κέλ-

217 721 314 773 λαν
355 718 535 772 αὐτῶν
583 717 801 786 λέγων·
854 715 1031 780 δεῦτε,
1067 715 1206 769 ἴδετε
1254 716 1315 768 τὸ
1359 711 1661 785 μαρτύριον
1704 709 1817 763 τῶν

222 813 435 887 μικρῶν
468 812 634 879 ξένων
655 815 758 881 (α).

291 906 384 959 54.
443 901 809 956 Ἀπέστειλάν
852 917 981 953 ποτε
1022 898 1159 971 πρὸς
1190 897 1281 951 τὸν
1326 896 1501 951 ἁὸὃᾶν
1531 894 1819 967 Μακάριον

226 1000 287 1052 ἐν
319 996 481 1067 264
504 999 572 1065 τῇ
612 996 815 1064 Σκήτει
850 994 899 1046 oi
923 994 1183 1064 γέροντες
1217 990 1313 1043 τοῦ
1348 990 1532 1061 ὄρους,
1561 1005 1819 1060 παρακα-

230 1091 446 1152 λοῦντες
474 1088 635 1141 αὐτόν
662 1105 674 1117 ·
710 1087 803 1139 καί
830 1102 962 1155 φασι
997 1083 1135 1155 πρὸς
1169 1083 1333 1137 αὐτόν
1354 1096 1370 1111 ⁸
1407 1082 1496 1136 ἵνα
1527 1082 1601 1152 μὴ
1647 1081 1819 1152 σκυλῇ

238 1185 345 1245 πᾶς
366 1186 391 1235 6
416 1182 541 1243 λαὸς
564 1181 701 1251 apii;
731 1178 816 1241 σέ,
842 1176 1103 1248 ἀξιοῦμέν
1131 1193 1188 1229 σε
1235 1174 1647 1247 παραγενέσθαι
1683 1174 1821 1245 πρὸς

234 1276 381 1344 ἡμᾶς
402 1314 417 1336 ,
444 1274 593 1334 ὅπως
633 1268 962 1340 θεασώμεθα
993 1267 1100 1338 πρὸ
1122 1266 1217 1321 τοῦ
1249 1284 1308 1320 σε
1338 1268 1652 1338 ἐκδημῆσαι
1684 1267 1823 1337 πρὸς

230 1367 439 1436 κύριον.
487 1362 935 1434 παραγενομένου
982 1358 1147 1415 αὐτοῦ
1184 1360 1243 1412 ὲν
1281 1360 1360 1429 τῷ
1398 1360 1535 1431 ὄρει,
1578 1357 1820 1429 συνήχθη

226 1462 337 1522 πᾶς
377 1459 406 1510 6
447 1456 574 1520 λαὸς
614 1453 750 1525 πρὸς
795 1454 984 1506 αὐτόν⁸
1032 1453 1127 1506 καὶ
1176 1452 1526 1525 παρεκάλουν
1568 1451 1734 1505 αὐτὸν
1772 1452 1823 1504 οἱ

230 1552 497 1623 γέροντες
542 1550 715 1601 εἰπεῖν
746 1545 903 1614 λόγον
946 1548 1061 1608 τοῖς
1098 1544 1367 1614 ἀδελφοῖς.
1415 1546 1443 1598 6
1481 1544 1540 1597 δὲ
1580 1542 1825 1607 ἀκούσας

231 1646 382 1715 ἔφη’
429 1641 774 1711 κλαύσωμεν,
815 1638 1060 1708 ἀδελφοί,
1110 1639 1206 1691 καὶ
1254 1636 1722 1706 καταγαγέτωσαν
1772 1638 1823 1690 οἱ

220 1734 505 1805 ὀξθαλμοὶ
544 1732 705 1802 ἡμῶν
762 1730 1003 1802 δάκρυα,
1043 1728 1149 1799 πρὸ
1187 1725 1283 1781 τοῦ
1330 1729 1480 1799 ἡμᾶς
1528 1727 1819 1780 ἀπελθεῖν,

220 1830 364 1881 ὅπου
384 1826 452 1879 τὰ
478 1827 513 1896 ἡ
524 1825 638 1895 μῶν
664 1823 877 1894 δάκρυα
908 1819 1248 1874 κατακαύσει
1275 1818 1347 1872 τὰ
1375 1818 1607 1889 σώματα
1631 1820 1663 1889 ἡ
1674 1818 1821 1889 μῶν.

222 1921 326 1975 καὶ
365 1919 635 1972 ἔκλαυσαν
671 1916 904 1979 πάντες,
940 1915 1035 1967 καί⁵
1057 1914 1253 1966 ἔπεσον
1277 1913 1372 1966 ἐπὶΙ
1403 1913 1695 1984 πρόσωπον
1724 1912 1824 1966 αὐ-

222 2016 337 2068 τῶν
366 2013 465 2066 καὶ
497 2007 678 2063 εἷπον·
710 2009 908 2078 πάτερ,
939 2004 1092 2073 εὖξαι
1122 2006 1265 2078 ὑπὲρ
1293 2008 1325 2075 ή
1336 2005 1454 2076 μῶν
1472 2005 1570 2074 (b).

300 2108 396 2161 55.
441 2104 668 2156 Ἀλλοτε
711 2101 876 2155 πάλιν
926 2099 1136 2170 δαίμων
1176 2098 1381 2169 ἐπέστη
1419 2098 1496 2167 τῷ
1529 2097 1675 2169 ἀὸϐᾷ
1702 2098 1826 2152 Μα-

227 2193 410 2264 καρίῳ
435 2191 572 2261 μετὰ
606 2188 924 2260 μαχαιρίου,
950 2187 1127 2241 θέλων
1145 2188 1237 2241 τὸν
1268 2187 1406 2240 πόδα
1436 2187 1601 2240 αὐτοῦ
1629 2188 1820 2257 κόψαι·

233 2286 330 2340 καὶ
380 2285 467 2338 διὰ
510 2284 607 2353 τὴν
652 2279 1157 2352 ταπεινοφροσύνην
1204 2279 1373 2332 αὑτοῦ
1439 2280 1514 2349 μὴ
1563 2279 1821 2349 δυνηθεὶς

237 2379 390 2446 λέγει
428 2377 572 2447 αύτῷ
597 2392 609 2404 ·
640 2377 739 2429 ὃσα
784 2374 959 2445 ἔχετε,
996 2373 1092 2427 καὶ
1116 2374 1279 2444 ἡμεῖς
1308 2372 1535 2441 ἔχομεν·
1578 2371 1715 2444 μόνῃ
1756 2374 1823 2443 τῇ

240 2468 704 2540 ταπεινοφροσύνῃ
752 2466 1040 2536 διαφέρετε
1087 2465 1269 2536 ἡμῶν,
1305 2464 1402 2518 καὶ⁹
1444 2466 1701 2534 κρατεῖτε
1730 2461 1822 2533 (c).

307 2644 468 2716 265
499 2644 587 2697 56.
626 2639 793 2696 Εἶπεν
829 2644 859 2695 6
886 2641 1061 2704 άδὸᾶς
1095 2640 1379 2712 Μακάριος
1399 2657 1412 2671 ·
1445 2638 1542 2695 ἐὰν
1574 2638 1828 2711 μνησθῶ-

236 2756 340 2808 μεν
384 2738 494 2789 τῶν
539 2736 644 2789 ὑπὸ
683 2735 793 2787 τῶν
822 2732 1127 2805 ἀνθρώπων
1166 2732 1520 2802 ἐπαγομένων
1565 2734 1697 2802 ἡμῖν
1728 2748 1829 2785 κα-

231 2830 371 2895 κῶν,
406 2827 739 2898 ἀναιροῦμεν
766 2827 865 2897 τὴν
888 2826 1121 2896 δύναμιν
1151 2825 1253 2894 τῆς
1284 2824 1381 2877 τοῦ
1412 2822 1548 2877 Θεοῦ
1581 2825 1826 2895 μνήμης

231 2922 333 2975 ἐὰν
356 2922 413 2974 δὲ
436 2920 767 2991 μνησθῶμεν
786 2919 896 2972 τῶν
924 2918 1109 2972 κακῶν
1137 2918 1245 2971 τῶν
1271 2917 1563 2987 δαιμόνων,
1588 2915 1828 2987 ἐσόμεθα

231 3016 476 3085 ἄτρωτοι
512 3013 611 3083 (ά).

306 3108 401 3162 '57.
437 3103 605 3159 Εἶπεν
629 3107 658 3159 6
686 3105 859 3169 ἀὸὄᾶς
888 3102 1266 3172 Παφνούτιοςὸ
1295 3102 1543 3174 μαθητὴς
1565 3102 1661 3156 τοῦ
1684 3103 1831 3157 άὸὄᾶ

230 3199 554 3270 Μακαρίου,
588 3198 874 3266 ᾱιὲλεγεν
912 3200 940 3250 6
971 3197 1170 3268 γέρων,
1190 3198 1272 3249 ὅτι
1297 3198 1386 3249 ὅτε
1412 3197 1563 3267 ήμην
1592 3196 1826 3259 παιδίον,

238 3294 386 3365 μετὰ
408 3293 517 3345 τῶν
551 3291 725 3344 ἄλλων
759 3290 986 3343 παιδίων
1017 3289 1241 3341 ἔϐοσκον
1274 3288 1447 3358 βοΐδια
1468 3306 1481 3318 ·
1515 3289 1610 3340 καὶ
1654 3286 1832 3358 ἀπῆλ-

235 3386 331 3439 θον
360 3384 563 3453 κλέψαι
603 3384 815 3437 συκίδια
837 3400 850 3413 ’
885 3384 978 3436 καὶ
1006 3384 1083 3445 ὡς
1106 3382 1419 3452 τρέχουσιν,
1462 3380 1659 3433 ἔπεσεν
1682 3379 1740 3434 ἐν
1772 3381 1832 3445 ἐξ

240 3477 448 3543 αὐτῶν,
479 3477 576 3530 καὶ
614 3476 793 3531 λαϐὼν
819 3476 1021 3545 ἔφαγον
1055 3475 1217 3528 αὐτό·
1254 3474 1350 3527 καὶ
1382 3475 1473 3527 ὅτε
1506 3470 1834 3544 μνημονεύω

241 3571 437 3635 αὑτοῦ,
471 3570 717 3641 κάθημαι
748 3570 970 3623 κλαίων.

319 3664 413 3718 '58.
452 3660 620 3717 Εἶπεν
649 3664 676 3715 ὁ
700 3662 874 3725 ἀϐϐᾶς
896 3662 1183 3732 Μακάριος
1204 3699 1219 3723 ,
1248 3660 1329 3713 ὅτι
1358 3656 1677 3728 περιπατῶν
1704 3672 1836 3709 ποτε

256 3761 336 3821 εἰς
364 3759 461 3827 τὴν
491 3758 713 3829 ἔρημον,
752 3752 910 3828 εὗρον
938 3756 1164 3826 κρανίον
1194 3756 1274 3817 εἰς
1309 3754 1369 3807 τὸ
1410 3751 1607 3819 ἔδαφος
1638 3748 1835 3821 νεκροῦ

257 3850 626 3920 ἐρριμμένον
678 3849 775 3902 καὶ
825 3846 1093 3907 σαλεύσας
1137 3846 1269 3899 αὐτὸ
1311 3847 1376 3915 τῇ
1426 3843 1582 3913 βαῖνῃ
1633 3842 1835 3913 ῥάϐδῳ,

251 3941 491 4011 nam:
526 3959 609 4011 μοι
639 3941 700 3993 τὸ
735 3938 986 4010 κρανίονο
1026 3939 1119 3993 καὶ⁵
1142 3938 1283 4006 λέγω
1312 3937 1494 4007 αὐτῷ·
1539 3938 1603 3989 σὺ
1633 3936 1716 3998 τίς
1746 3931 1795 3988 εἷ
1821 3952 1834 3999 ;

247 4034 529 4103 ἀπεκρίθη
561 4052 648 4104 μοι
689 4035 750 4085 τὸ
786 4033 1005 4102 κρανίον
1027 4049 1038 4061 ·
1074 4031 1184 4099 ἐγὼ
1224 4031 1372 4101 ἥμην
1406 4030 1698 4100 ἀρχιερεὺς
1729 4026 1840 4079 τῶν

248 4127 510 4189 εἰδώλων,
539 4128 631 4179 καὶ
651 4125 757 4178 τῶν
793 4125 1092 4196 μεινάντων
1129 4124 1398 4193 Ἐλλήνων
1426 4122 1471 4154 ³⁸
1501 4124 1559 4175 ἐν
1584 4120 1663 4191 τῷ
1690 4122 1842 4191 τόπῳ

248 4222 465 4290 ταύτην
497 4221 561 4272 σὺ
589 4220 646 4271 δὲ
684 4214 734 4271 sl
772 4218 1060 4289 Μακάριος
1108 4218 1136 4269 6
1174 4215 1653 4285 πνευματοφόροςο
1720 4215 1842 4268 οἵαν

1852 1879 1901 1938 Β

1919 624 2025 679 bus
2064 619 2317 678 nonnulli
2361 621 2578 679 adirent
2617 623 2913 678 Macariam
2944 625 3229 689 abbatem,
3280 626 3516 682 ducebat

1918 730 2014 772 eos
2048 716 2102 770 in
2127 714 2321 769 cellam
2356 730 2544 770 eorum
2582 715 2771 770 dicens
2812 735 2825 771 :
2875 715 3103 781 Venite,
3145 717 3328 773 videte
3368 734 3514 773 mar-

1920 806 2123 877 tyrium
2151 806 2423 859 minorum
2449 808 2888 876 peregrinorum.

1992 898 2085 953 ⁸54.
2134 897 2401 953 Miserum
2448 898 2745 968 aliquando
2789 900 2856 953 ad
2914 899 3212 955 Macarium
3260 901 3513 956 abbatem

1924 991 1979 1045 in
2010 991 2159 1045 Sceti
2195 1006 2357 1046 senes
2402 992 2626 1056 montis,
2660 1003 2948 1062 precantes
2971 1009 3095 1048 eum
3138 1010 3203 1049 ac
3228 994 3513 1050 dicentes:

1923 1080 2002 1137 Ne
2034 1082 2293 1137 universa
2342 1083 2635 1136 multitudo
2679 1082 2747 1135 ad
2799 1091 2854 1137 te
2890 1084 3161 1139 veniendo
3207 1085 3470 1155 fatigetur
3499 1124 3516 1149 ,

1923 1188 2235 1243 precamur,
2264 1178 2325 1225 ut
2364 1173 2596 1227 accedas
2621 1173 2685 1227 ad
2712 1188 2835 1237 nos,
2877 1183 3042 1243 teque
3078 1174 3381 1235 videamus,
3421 1189 3521 1226 an-

1927 1272 2148 1333 tequam
2172 1263 2414 1333 emigres
2444 1263 2512 1317 ad
2548 1263 2864 1318 Dominum.
2890 1264 2995 1330 Qui
3024 1281 3149 1319 cum
3175 1264 3445 1321 adfuisset
3463 1266 3521 1320 in

1925 1363 2132 1421 monte,
2164 1363 2497 1426 congregata
2549 1364 2633 1411 est
2681 1357 2863 1411 omnis
2915 1358 3210 1413 multitudo
3261 1360 3327 1413 ad
3370 1377 3518 1417 eum.

1927 1444 2101 1501 Senes
2125 1462 2258 1503 vero
2280 1456 2636 1519 rogaverunt,
2673 1458 2732 1502 ut
2782 1450 2848 1503 ad
2890 1450 3091 1506 fratres
3134 1452 3361 1506 haberet
3406 1470 3523 1509 ser-

1925 1552 2166 1591 monem.
2218 1535 2313 1593 Ille
2346 1538 2555 1608 igitur:
2591 1537 2897 1605 Ploremus,
2942 1541 3141 1611 inquit,
3201 1542 3423 1609 fratres,
3466 1552 3524 1599 et

1925 1629 2071 1684 oculi
2121 1631 2299 1685 nostri
2360 1630 2698 1699 profundant
2748 1633 3043 1699 lacrimas,
3106 1644 3399 1704 antequam
3456 1652 3523 1691 eo

1927 1724 2225 1787 abeamus,
2263 1724 2356 1778 ubi
2399 1724 2661 1780 lacrimae
2702 1735 2926 1781 nostrae
2962 1727 3350 1783 combusturac
3393 1737 3525 1784 sunt

1928 1831 2160 1886 corpora
2199 1823 2409 1870 nostra.
2449 1814 2513 1869 Et
2547 1816 2901 1886 ploraverunt
2940 1818 3148 1882 cuncti,
3181 1820 3525 1874 ceciderunt-

1927 1924 2035 1978 que
2064 1922 2230 1979 Super
2262 1908 2463 1963 faciem
2497 1923 2653 1963 suam
2684 1916 2739 1963 et
2763 1909 3018 1964 dixerunt
3043 1928 3056 1965 :
3092 1908 3275 1975 Pater,
3305 1928 3399 1967 ora
3424 1929 3524 1983 pro

1925 2000 2106 2056 nobis.

1996 2093 2085 2149 55.
2120 2093 2241 2147 Alia
2270 2093 2470 2149 iterum
2495 2094 2615 2149 vice
2653 2094 2887 2150 daemon
2922 2094 3187 2152 adversus
3224 2095 3524 2152 Macarium

1927 2184 2177 2238 abbatem
2222 2184 2522 2239 insnrrexit
2557 2201 2681 2239 cum
2721 2181 2978 2254 gladiolo,
3015 2188 3135 2241 eius
3171 2187 3363 2257 pedem
3417 2206 3527 2243 am-

1926 2288 2243 2347 putaturus.
2278 2276 2435 2343 Quod
2460 2294 2585 2332 cum
2619 2286 2844 2348 propter
2874 2278 3239 2333 humilitatem
3270 2281 3390 2336 eius
3415 2297 3525 2336 non

1926 2370 2218 2438 potuisset,
2265 2369 2353 2423 ei:
2403 2368 2778 2440 Quaecunque
2828 2371 3065 2435 habetis,
3111 2372 3313 2442 inquit,
3355 2376 3528 2430 babe-

1927 2476 2051 2515 mus
2091 2467 2145 2514 et.
2174 2475 2317 2526 nos;
2372 2460 2488 2515 sola
2534 2459 2846 2514 humilitate
2891 2474 2922 2512 a
2960 2460 3126 2516 nobis
3175 2460 3438 2525 differtis,
3472 2471 3528 2517 et

1928 2552 2277 2621 praevaletis.

1998 2640 2087 2695 '56.
2126 2641 2272 2696 Dixit
2304 2640 2579 2698 Macarius
2620 2643 2828 2724 abbas:
2883 2642 2940 2698 Si
2981 2646 3377 2701 retinuerimus
3415 2664 3530 2703 me-

1928 2732 2160 2787 moriam
2194 2735 2465 2788 malorum
2509 2734 2577 2789 ab
2609 2736 2929 2792 hominibus
2973 2739 3133 2792 nobis
3172 2739 3527 2805 iullictorum,

1930 2828 2215 2883 abolemus
2248 2828 2358 2881 vim
2385 2827 2789 2883 recordationis
2820 2829 2951 2885 Dei:
2984 2831 3032 2885 si
3076 2847 3206 2886 vero
3240 2831 3520 2888 recordati

1932 2920 2203 2976 fuerimus
2234 2922 2528 2987 malorum,
2552 2938 2694 2992 quae
2718 2938 2816 2993 per
2839 2923 3138 2979 daemones
3179 2925 3526 2997 contingunt,

1930 3016 2140 3070 erimus
2176 3014 2536 3069 invulnerati.

2002 3108 2091 3161 57.
2132 3106 2479 3177 Paphnutius
2506 3107 2698 3171 abbas,
2748 3108 2973 3163 Macarii
3024 3110 3238 3165 abbatis
3285 3112 3533 3182 discipu-

1933 3200 2041 3265 lus,
2075 3201 2283 3266 retulit,
2311 3216 2498 3255 senem
2525 3201 2768 3257 dixisse:
2804 3202 3038 3267 Quando
3070 3218 3206 3273 puer
3238 3219 3408 3266 eram,
3438 3205 3535 3260 bu‘

1934 3294 2088 3348 culas
2129 3308 2254 3347 cum
2295 3292 2419 3347 aliis
2460 3294 2648 3361 pueris
2683 3296 2998 3364 pasceham,
3037 3295 3132 3364 qui
3172 3302 3537 3367 perrexerunt

1936 3388 2179 3442 furatum
2211 3388 2370 3443 licus.
2404 3386 2655 3458 Dumque
2690 3397 2947 3450 currunt,
2979 3404 3086 3444 una
3113 3405 3180 3444 ex
3204 3391 3272 3445 iis
3305 3389 3535 3455 cecidit,

1936 3495 2100 3549 quam
2134 3480 2334 3534 tollens
2362 3479 2604 3535 comedi.
2631 3479 2859 3546 Quoties
2886 3481 3055 3553 igitur
3081 3483 3160 3536 rei
3190 3484 3310 3537 eius
3330 3497 3538 3537 memo-

1938 3573 2019 3625 ria
2059 3572 2216 3637 redit,
2249 3573 2475 3642 plorans
2504 3572 2689 3628 sedeo.

2008 3662 2098 3718 58.
2158 3662 2413 3718 Narravit
2461 3664 2735 3721 Macarius
2792 3665 3000 3721 abbas:
3057 3664 3164 3721 Iter
3219 3682 3385 3737 agens
3438 3668 3539 3721 ali-

1940 3756 2163 3827 quando
2214 3773 2313 3827 per
2362 3773 2628 3822 eremum,
2672 3758 2857 3814 inveni
2899 3759 3196 3813 calvariam
3232 3762 3430 3814 mortui
3470 3760 3537 3815 ad

1942 3849 2119 3903 solum
2150 3850 2416 3904 iacentem
2446 3867 2459 3917 ;
2502 3866 2667 3921 quam
2690 3866 2814 3905 cum
2842 3851 3039 3906 baculo
3078 3853 3293 3921 palmeo
3333 3854 3542 3909 movis-

1944 3956 2080 4002 sem.
2128 3942 2311 3996 locuta
2364 3950 2450 3997 est
2496 3942 2629 3996 mihi
2688 3944 2949 3997 calvaria.
2996 3943 3128 3997 Dico
3161 3944 3249 3998 ei:
3280 3942 3360 3997 Tu
3414 3947 3541 4015 quis

1944 4036 2046 4089 es?
2092 4033 2396 4105 Respondit
2430 4035 2561 4089 mihi
2612 4037 2896 4091 calvaria:
2933 4036 3047 4107 Ego
3085 4052 3235 4091 eram
3292 4037 3541 4107 pontifex

1946 4128 2241 4193 idolorum,
2285 4144 2587 4198 eorumque
2634 4129 2952 4199 gentilium,
3004 4130 3097 4198 qui
3154 4130 3208 4183 in
3263 4128 3367 4183 huc
3418 4131 3542 4184 loco

1948 4220 2223 4291 degebant
2254 4239 2268 4274 :
2317 4228 2376 4274 tu
2409 4236 2539 4276 vero
2577 4236 2636 4275 es
2671 4220 2946 4276 Macarius
2983 4219 3193 4289 Spiritu
3234 4220 3421 4274 divino
3454 4236 3544 4275 re-

250 4314 409 4384 ὡραν
441 4312 606 4382 266
641 4309 1052 4380 σπλαγχνισθῇς
1101 4308 1228 4370 τοὺς
1262 4309 1320 4360 ἐν
1350 4308 1416 4378 τῇ
1464 4305 1719 4369 κολάσει,
1748 4305 1830 4359 καλ

1947 4312 2163 4381 pletus;
2227 4328 2561 4383 quacunque
2601 4312 2737 4367 hora
2782 4322 3093 4368 commotus
3122 4311 3293 4367 fueris
3328 4312 3547 4368 miseri-

254 4409 393 4476 εὔχῃ
429 4406 556 4476 περὶ
578 4404 779 4464 αὐτῶν,
820 4400 1274 4473 παραμυθοῦνται
1294 4400 1491 4467 ὀλίγον.
1519 4399 1667 4467 λέγει
1696 4395 1830 4467 αὐτᾷ

1949 4407 2138 4461 cordia
2170 4422 2298 4477 erga
2331 4423 2448 4471 eos,
2491 4407 2582 4476 qui
2616 4406 2674 4460 in
2705 4406 2997 4461 tormentis
3031 4414 3179 4472 sunt,
3211 4412 3266 4459 et
3295 4405 3543 4459 oraveris

256 4502 287 4551 ὀ
306 4500 509 4570 γέρων·
534 4496 661 4549 ποία
687 4495 834 4548 ἐστὶν
859 4495 893 4563 ἡ
921 4492 1266 4565 παραμυθία,
1296 4493 1392 4544 καὶ
1411 4491 1497 4554 τίς
1522 4493 1555 4561 ἡ
1581 4490 1840 4554 κόλασις;

1951 4514 2052 4568 pro
2095 4499 2184 4563 iis,
2212 4499 2493 4569 paululum
2517 4499 2761 4554 sentiunt
2794 4499 2997 4552 solatii.
3020 4498 3109 4551 Ait
3134 4514 3300 4553 senex
3325 4516 3337 4551 :
3358 4497 3545 4564 Quod-

256 4594 413 4658 ὶ.ἐγει
442 4588 590 4659 αὐτῷ
609 4608 621 4620 ·
654 4590 778 4642 ὅσον
802 4589 995 4658 ἀπέχει
1023 4588 1051 4638 6
1085 4586 1313 4657 οὐρανὸς
1340 4584 1449 4637 ἀπὸ
1473 4584 1574 4654 τῆς
1600 4584 1723 4653 γῆς,
1758 4600 1830 4635 το-

1951 4601 2076 4639 nam
2114 4592 2199 4639 est
2240 4586 2530 4649 solatium,
2567 4594 2622 4641 et
2662 4586 2939 4656 quodnam
2989 4588 3372 4641 tormentum?
3418 4588 3542 4641 Illa:

259 4685 459 4739 σοῦτόν
493 4685 641 4735 ἐστιν
671 4681 784 4751 πῦρ
814 4678 1169 4732 ὑποκάτωθεν
1197 4679 1229 4748 ἡ
1240 4676 1378 4747 μῶν,
1405 4676 1514 4729 ἀπὸ
1546 4674 1720 4728 ποδῶν
1742 4674 1849 4737 ἕως

257 4775 509 4845 κεφαλῆς
538 4773 847 4842 ἑστηκότων
878 4770 1036 4842 ὴμῶν
1069 4771 1230 4842 μέσον
1262 4769 1358 4822 τοῦ
1390 4768 1560 4839 πυρός
1582 4784 1595 4797 ο
1629 4766 1722 4819 καὶ
1750 4766 1850 4819 ούκ

259 4871 379 4923 ἔστι
412 4868 705 4939 πρόσωπον
732 4864 868 4936 πρὸς
899 4864 1190 4935 πρόσωπον
1216 4860 1511 4915 θεάσασθαί
1540 4878 1682 4921 τινα,
1714 4858 1851 4912 ἀλλὰ

260 4964 324 5015 τὸ
356 4960 650 5031 πρόσωπον
684 4958 915 5010 ἑκάστου
949 4956 992 4987 ³³
1026 4954 1163 5024 πρὸς
1196 4953 1289 5006 τὸν
1330 4952 1517 5022 ἐτέρου
1552 4950 1722 5003 νῶτον
1758 4966 1851 5002 κε-

260 5054 550 5123 κόλληται.
596 5052 673 5113 ὼς
716 5045 809 5103 οῦν
854 5047 990 5119 εῦχῃ
1038 5045 1178 5115 ὑπὲρ
1209 5043 1397 5116 ἡμῶν,
1431 5045 1496 5095 ἐκ
1530 5042 1731 5113 μέρους
1766 5056 1852 5103 τις

258 5147 465 5214 Οεωρεῖ
495 5140 557 5196 τὸ
599 5142 894 5213 πρόσωπον
931 5139 1025 5192 τοῦ
1060 5137 1250 5209 ἐτέρου
1272 5153 1283 5164 ·
1330 5135 1469 5206 αὕτη
1497 5136 1644 5187 ἐστὶν
1677 5136 1710 5205 ὴ
1744 5151 1850 5186 πα-

1956 4678 2254 4743 Quantum,
2280 4679 2479 4749 inquit,
2516 4694 2544 4730 a
2571 4689 2715 4733 terra
2746 4679 2915 4735 distat
2947 4680 3185 4744 coelum,
3214 4688 3427 4733 tantum
3460 4686 3547 4733 est

1958 4770 2099 4840 ignis
2120 4766 2263 4824 infra
2298 4786 2419 4833 nos,
2459 4786 2489 4824 a
2515 4771 2743 4841 pedibus
2774 4787 2947 4838 usque
2985 4772 3051 4826 ad
3076 4780 3242 4842 caput
3272 4771 3547 4825 stantibus

1960 4860 2120 4916 nobis
2150 4861 2206 4915 in
2234 4862 2415 4916 medio
2442 4862 2609 4932 ignis,
2656 4878 2758 4916 nec
2786 4862 2915 4916 licet
2966 4862 3106 4916 facie
3144 4863 3209 4915 ad
3242 4861 3434 4915 faciem
3469 4860 3549 4913 vi-

1960 4953 2091 5007 dere
2116 4967 2469 5023 quemquam,
2507 4952 2602 5008 sed
2628 4953 2897 5022 cujusque
2929 4952 3097 5007 facies
3129 4953 3297 5007 dorso
3323 4950 3550 5005 alterius

1962 5046 2244 5101 adhaeret.
2292 5044 2523 5112 Quando
2570 5046 2737 5117 igitur
2771 5062 2900 5100 oras
2944 5060 3045 5115 pro
3082 5045 3272 5107 nobis,
3305 5059 3451 5098 unus
3483 5060 3547 5097 ex

1963 5149 2119 5208 parte
2143 5146 2355 5208 spectat
2389 5138 2583 5192 faciem
2629 5139 2878 5193 alterius.
2907 5136 3020 5192 lloc
3048 5143 3132 5193 est
3172 5137 3453 5191 solatium.
3489 5136 3554 5191 Et

1546 5290 1804 5345 VARIAE
1844 5291 2244 5350 LECTIONES.

342 5417 391 5447 ³⁸
432 5415 516 5468 Al.
554 5412 742 5482 ἱερεὺς
780 5409 899 5463 τῶν
932 5407 1241 5473 Ἑλλήνων
1272 5405 1390 5459 τῶν
1408 5404 1759 5475 μεινάντων.
1840 5407 1883 5440 ³³
1917 5407 1999 5461 Al.
2035 5406 2171 5461 ἀλλὰ
2202 5406 2392 5475 ’νῶτος
2418 5405 2671 5459 ἑκάστου.

1764 5520 1997 5577 NOTAE
2008 5559 2023 5576 .

344 5662 421 5733 (a)
461 5659 547 5733 Cf.
572 5656 697 5733 AW.
733 5656 837 5714 PP.
888 5656 1073 5713 Rosw.
1114 5655 1212 5711 lib.
1250 5651 1315 5708 III
1346 5668 1468 5723 cap.
1511 5650 1633 5716 I95;
1668 5651 1763 5706 lib.
1794 5649 1865 5706 VI

276 5731 445 5787 ltbell.
483 5732 539 5796 ’5,
561 5731 617 5784 2.

346 5804 422 5874 (ὁ)
458 5791 543 5874 or;
577 5800 690 5855 vv.
718 5792 1257 5874 PP._Ro_sw_.._I'ibL_Y
1283 5793 1450 5874 libell.
1483 5791 1629 5874 σξιο.

350 5861 417 5941 {c5
446 5873 533 5929 cr.
567 5886 737 5939 supra
767 5864 1476 5941 subii;_VY._PP._Iiosw.
1509 5863 1602 5941 np.
1629 5861 1693 5941 tu
1730 5877 1853 5933 cap.

282 5933 520 6013 nam).
563 5943 600 5997 ν
636 5933 805 5996 libell.
836 5939 923 6006 ts,
956 5939 1060 6003 26;
1098 5937 1191 5991 lib.
1225 5934 1315 5988 vn
1351 5951 1473 6006 cap.
1506 5935 1590 6000 ιδ,
1625 5933 1677 5988 6.

604 6040 881 6099 Ρηιιοι..
942 6034 1059 6095 Gn.
1091 6030 1392 6092 XXXIV.

2047 5656 2133 5729 (ά)
2157 5656 2245 5729 Cf.
2274 5656 2467 5729 Evagr.
2504 5656 2695 5729 Capita
2720 5658 2962 5729 practica
2994 5654 3404 5729 ad_A_nat_oIiur_n
3430 5667 3553 5723 cap.

1975 5726 2178 5794 XCIII;
2214 5726 2369 5783 Socr.
2391 5724 2557 5783 'llist.
2585 5724 2763 5781 'Eccl.
2799 5726 2891 5789 IV,
2922 5729 3025 5795 25;
3070 5726 3183 5779 νγ.
3220 5725 3323 5779 ΡΡ.
3368 5724 3554 5779 lies-vv.

1964 5798 2059 5851 lih.
2089 5797 2131 5850 ν
2161 5799 2328 5871 libell.
2364 5799 2447 5871 ιο,
2480 5799 2587 5866 54;
2620 5799 2715 5853 lib.
2756 5798 2842 5853 \‘II
2875 5814 2997 5871 cap.
3030 5798 3123 5867 37,
3151 5798 3222 5865 4;
3253 5797 3556 5853 sentcntiae

1966 5872 2193 5942 Aegypt.
2219 5868 2323 5923 PP.
2359 5869 2446 5926 15.

3195 6022 3235 6082 9
