4016 6426
267 324 377 382 Ξεῆ

1629 322 2240 380 APOPHTHEGMATA
2251 365 2265 379 .

3463 318 3571 373 262

279 447 466 503 αὐτοῦ·
501 445 602 501 καὶ
635 448 806 504 πάλιν
836 448 1070 512 ἐκάθισε,
1094 447 1187 502 καὶ
1202 447 1312 521 οὐκ
1346 448 1568 519 ἀνέστη,
1612 448 1723 512 ἕως
1768 449 1874 503 ἀπ·

2016 465 2157 521 eque
2188 440 2525 511 exsurrexit,
2557 446 2733 502 donec
2762 444 3151 515 deposuissent
3184 448 3445 498 cunctam
3473 456 3569 496 su-

288 542 556 613 εγέμισαν
589 542 692 596 ὅλα
716 542 786 596 τὰ
812 541 1003 614 σκεύη·
1041 544 1135 596 καὶ
1155 530 1330 605 οὕτως
1363 541 1604 613 ἀπῆλθεν
1631 543 1731 613 (α).

360 636 453 691 41.
516 637 577 687 ’0
614 630 795 699 ἀϐϐᾶς
845 632 973 688 ’Ᾱῖὼ
1003 634 1255 708 ἠρώτησε
1298 634 1392 687 τὸν
1448 633 1623 687 άϐϐἆν
1676 634 1875 688 Μακά-

294 746 412 801 ριον
454 727 664 797 λέγων·
713 728 836 781 εἰπέ
885 746 975 798 μοι
1020 728 1191 799 ῥῆμα.
1238 727 1387 795 λέγει
1430 724 1580 797 αὐτῷ
1626 727 1656 780 6
1702 727 1879 792 ἀ66ἅς

291 820 616 893 Μακάριοςδ
654 816 825 890 φεῦγε
861 820 988 882 τοὺς
1025 818 1351 892 ἀνθρώπους
1373 836 1387 851 ·
1435 820 1662 875 κάθισον
1704 822 1786 885 εἰς
1816 820 1879 874 τὸ

297 913 513 968 κελλίον
543 931 658 978 σου,
691 910 787 967 καὶ
822 910 1053 967 κλαῦσον
1080 912 1180 976 τὰς
1210 912 1487 991 ἁμαρτίᾳς
1518 930 1635 979 σουν
1671 914 1765 967 καὶ
1802 911 1879 984 μὴ

306 1007 596 1080 ἀγαπήσῃς
618 1005 810 1061 λαλιὰν
833 1002 1168 1078 ἀνθρώτὶων⁴
1201 1005 1296 1059 καὶ
1327 1004 1474 1077 σώζῃ
1505 1004 1603 1076 (b).

1982 542 2331 612 pellectilem.
2356 540 2511 595 Tunc
2525 539 2745 594 demum
2773 538 2928 592 abiit.

2053 634 2144 689 41.
2196 634 2300 688 Aio
2337 633 2507 688 abbas
2545 618 2908 701 interrogavit
2954 628 3252 707 Macarium
3313 616 3567 701 abbatem
3617 654 3631 665 ο

1983 736 2076 783 et:
2119 726 2313 781 Profer
2356 723 2517 788 mihi,
2565 714 2767 793 inquit,
2801 722 3153 795 sententiam.
3180 719 3496 790 Respondet
3516 720 3568 774 ei

1987 818 2259 874 Macarius
2287 818 2492 873 abbas:
2524 798 2676 885 Fuge
2706 815 2987 884 homines,
3014 813 3143 871 sede
3172 813 3228 867 in
3259 811 3454 867 eellula
3478 818 3573 883 tua

1985 898 2041 967 et
2065 898 2203 966 deﬂe
2224 904 2449 980 peccata
2478 916 2593 974 tua,
2614 901 2790 978 neque
2810 907 3070 963 dilexeris
3096 904 3369 977 loquelam
3396 890 3573 957 hemie

1987 1018 2145 1072 num,
2184 998 2446 1072 salusque
2476 981 2573 1055 tibi
2600 986 2867 1071 obtinget.

1805 1155 2057 1215 NOTAE.

383 1323 457 1393 (a)
489 1320 775 1393 Cf._supra
799 1320 906 1378 sub
926 1321 1016 1387 18,
1041 1320 1155 1377 νγ.
1188 1320 1294 1379 ΡΡ.
1318 1319 1505 1378 Rosw.
1534 1319 1631 1377 lib.
1660 1322 1733 1376 III
1759 1335 1879 1391 cap.

302 1391 398 1459 73,
426 1393 523 1449 lib.
555 1391 649 1448 vu
676 1391 797 1464 cap.
824 1396 880 1459 δ,
917 1394 970 1447 1.

2068 1321 2146 1393 (b)
2188 1321 2275 1377 cr.
2310 1318 2426 1374 vv.
2459 1319 2567 1375 PP.
2604 1319 2790 1375 nosw.
2814 1316 2908 1373 lib.
2946 1290 3018 1371 ui
3053 1330 3179 1386 cap.
3211 1290 3334 1368 l89‘.

1895 1741 2005 1801 IV.

1099 1910 1289 1972 ALIA
1332 1900 1619 1973 SANCTI
1661 1903 2005 1971 MACARII
2049 1888 2777 1970 APOPHTHEGMATA

1469 2092 1499 2128 Α
1534 2088 1617 2130 JO.
1676 2090 1830 2130 BAPT.
1870 2084 2172 2130 COTELERIO
2224 2082 2404 2129 EDITA.

310 2245 331 2281 ι
355 2230 651 2285 Sanctorum
675 2236 854 2282 senum
878 2227 1302 2294 Apopbthegmata
1330 2245 1348 2280 ι
1376 2244 1424 2295 εΔ
1441 2242 1521 2295 vv.
1563 2228 1809 2295 Agatlzon,
1826 2214 2116 2295 Zacharias,
2152 2198 2807 2295 _Tl_‘[teqd_oru§_1_Pltemwnsis
2851 2200 2979 2287 apud
3005 2224 3075 2273 Io.
3104 2209 3245 2285 Bapt.
3278 2200 3584 2272 Coteleriuiﬁ

1387 2291 1521 2344 Eccl.
1568 2286 1739 2344 Gi‘aec.
1766 2286 1893 2342 Eon.
1919 2291 1980 2342 T.
2015 2293 2055 2353 l,
2079 2304 2127 2353 p.
2151 2290 2262 2339 572.
2286 2289 2397 2339 443.
2421 2286 2531 2339 451.

383 2566 434 2621 1.
462 2563 634 2619 Εἶπεν
657 2568 687 2620 6
722 2564 897 2631 ἀϐσᾶς
923 2567 1130 2640 Πέτρος
1171 2568 1199 2622 6
1231 2567 1326 2623 τοῦ
1357 2569 1502 2624 ἀδὸᾶ
1537 2571 1663 2626 Λώτ
1681 2612 1696 2637 ,
1723 2572 1805 2627 ὅτι
1834 2573 1893 2626 ὲν

2068 2571 2120 2627 1.
2155 2569 2352 2625 Petrus
2381 2554 2573 2628 abbas,
2606 2559 2916 2630 discipulus
2956 2558 3061 2612 Lot
3104 2555 3362 2613 abbatis:
3396 2546 3583 2640 Eram,

310 2656 392 2727 τῷ
421 2656 620 2727 κελλίῳ
643 2656 737 2711 τοῦ
765 2658 909 2712 ἀδεᾶ
946 2658 1252 2727 Ἀγάθωνος
1277 2660 1427 2731 ήμην
1457 2660 1611 2725 ποτέ,
1641 2663 1736 2716 καὶ
1759 2658 1893 2734 ἦλθε

312 2749 453 2822 πρὸς
508 2751 671 2804 αὐτὸν
731 2751 960 2821 ἀδελφὸς
1011 2752 1217 2821 λέγων·
1276 2752 1414 2807 θέλω
1481 2754 1701 2824 οἰκῆσαι
1757 2756 1896 2825 μετὰ

310 2844 591 2913 ἀδελφῶν*
624 2842 775 2899 εἶπόν
818 2864 907 2916 μοι
946 2846 1063 2911 πῶς
1104 2850 1222 2919 μετ’
1254 2847 1434 2902 αὐτῶν
1464 2849 1692 2920 οἰκήσω.
1745 2849 1895 2919 λέγει

312 2934 469 3007 αὐτῷ
499 2938 528 2988 6
564 2936 771 3008 yépmv;
810 2938 886 3002 ὡς
912 2941 970 2993 έν
999 2941 1064 3010 τῇ
1105 2937 1301 3010 πρώτῃ
1335 2937 1522 3012 ἡμέρᾳ
1548 2940 1637 2992 ὅτε
1670 2941 1894 3012 εἰσέρχῃ

314 3028 456 3099 πρὸς
482 3026 697 3093 αὐτούς,
731 3028 903 3094 οὕτως
935 3029 1169 3099 φύλαξον
1196 3031 1296 3102 τὴν
1342 3030 1606 3095 ξενιτείαν
1648 3048 1741 3085 σου
1789 3033 1895 3085 πά-

316 3136 422 3185 σας
446 3122 547 3185 τὰς
573 3122 783 3195 ἡμέρας
808 3124 909 3193 τῆς
929 3122 1072 3195 ζωῆς
1103 3141 1222 3188 σου,
1254 3124 1345 3178 ἴνα
1370 3123 1444 3195 μὴ
1472 3124 1897 3196 παρῤησιασθῇς

320 3214 444 3286 μετ’
474 3216 671 3271 αὐτῶν.
701 3216 851 3284 λέγει
891 3216 1040 3287 αὐτῷ
1072 3218 1100 3270 ὁ
1140 3216 1314 3279 assa;
1345 3217 1629 3288 Μακάριος
1654 3235 1667 3248 ·
1694 3217 1747 3270 τί
1787 3216 1899 3287 γὰρ

315 3308 467 3362 ποιεί
511 3308 544 3378 ή
588 3308 899 3379 παρῤησία;
946 3307 1096 3377 λέγει
1142 3307 1291 3375 αὐτῷ
1320 3308 1349 3359 6
1393 3306 1606 3379 γέρων*
1652 3306 1829 3360 ἔοικεν
1863 3309 1899 3379 ἡ

317 3397 605 3471 παρρησία
632 3398 871 3452 καύσωνι
901 3398 1122 3469 μεγάλῳ
1147 3415 1161 3428 ·
1195 3399 1253 3462 ὂς
1277 3399 1404 3452 ὅταν
1428 3398 1668 3469 γίνηται,
1697 3399 1901 3462 πάντες

320 3490 618 3560 φεύγουσιν
669 3490 777 3544 ἀπὸ
810 3490 1104 3562 προσώπου
1138 3490 1303 3544 αὐτοῦ
1326 3528 1341 3553 ,
1390 3492 1485 3543 καὶ
1527 3489 1636 3544 τῶν
1668 3490 1902 3561 δένδρων

322 3583 417 3635 τὸν
451 3583 662 3654 καρπὸν
698 3582 1015 3655 διαφθείρει.
1049 3582 1199 3652 λέγει
1231 3581 1381 3652 αὐτῷ
1416 3583 1445 3633 6
1482 3582 1656 3646 άὸϐᾶς
1699 3582 1900 3637 Μακά-

332 3691 480 3747 ριος·
511 3675 683 3737 οὕτως
710 3675 921 3748 χαλεπή
957 3677 1105 3730 ἐστιν
1139 3677 1172 3747 ή
1210 3675 1529 3747 naM-nota;
1561 3676 1655 3728 καὶ
1686 3670 1839 3728 εἶπεν
1874 3675 1902 3726 6

335 3764 503 3828 ἀῦὸἇς
538 3765 807 3835 Ἀγάθωνο
839 3766 938 3820 οὐκ
970 3766 1117 3820 ἔστιν
1155 3766 1343 3837 ἕτερον
1387 3765 1557 3827 πάθος
1594 3763 1903 3835 χαλεπώτε-

339 3873 431 3926 ρον
458 3858 547 3927 τῆς
571 3857 905 3929 παρρησίας·
932 3856 1223 3927 γεννήερια
1249 3856 1359 3927 γάρ
1399 3857 1516 3907 ἐστι
1545 3855 1763 3909 πάντων
1793 3854 1902 3907 τῶν

332 3906 545 4003 ἔπαθε,έῖ
578 3906 778 4019 πρὲξτὲι
814 3906 882 4002 δι’
906 3906 993 4020 τὶῖξ
1008 3906 1015 3909 “
1033 3906 1238 4022 έρέὲιζέ,
1261 3906 1364 4019 ’μὴ
1402 3906 1902 4019 παρρῇέηάςέσοαι,
1930 3906 1973 3965 (³

326 4041 434 4094 κᾶν
477 4040 636 4110 μόνος
755 4041 814 4093 ὲν
857 4040 935 4111 τῷ
980 4042 1194 4112 κελλίῳ.
1240 4036 1357 4094 οῖδα
1399 4040 1507 4112 γὰρ
1550 4041 1633 4093 ὅτι
1679 4038 1904 4107 ἁδελφὸς

324 4140 562 4208 ποιήσας
589 4137 778 4209 χρόνον
802 4137 860 4187 ὲν
882 4135 960 4207 τῷ
985 4135 1181 4207 κελλίῳ
1207 4135 1393 4203 οἰκῶν,
1411 4134 1549 4205 έχων
1566 4153 1618 4188 τι
1645 4134 1907 4188 κοιτωνά-

328 4248 469 4303 ριον,
510 4227 693 4297 εἶπεν,
737 4231 821 4283 ὅτι
857 4228 1090 4301 μετέϐην
1124 4229 1189 4282 ἐκ
1218 4228 1314 4281 τοῦ
1344 4227 1578 4292 κελλίου,
1631 4226 1708 4298 μὴ
1745 4228 1908 4295 γνοὺς

324 4323 463 4376 αὐτὸ
487 4322 550 4375 τὺ
570 4322 942 4392 κοιτωνάριον,
969 4324 1019 4374 εί
1049 4320 1123 4392 μὴ
1151 4319 1338 4391 ἕτερός
1369 4337 1459 4390 μοι
1486 4314 1660 4373 εἶπεν.
1684 4321 1712 4372 6
1733 4317 1909 4371 τοιοῦ-

324 4432 422 4478 τος
452 4415 689 4486 ἐργάτης
720 4414 837 4468 ἐστὶ
861 4414 953 4468 καὶ
982 4413 1317 4484 πολεμιστής
1348 4414 1447 4482 (a).

402 4506 458 4559 2.
503 4503 671 4560 Εῐπεν
707 4505 737 4557 6
775 4504 949 4567 ἀϐϐᾶς
990 4505 1279 4574 Μακάριος
1326 4503 1404 4575 τῷ
1445 4501 1589 4575 ὰϐϐᾷ
1628 4500 1906 4573 Ζαχαρίᾳο

328 4600 457 4654 εἰπέ
478 4617 567 4671 μοι
590 4599 654 4653 τὸ
681 4598 841 4670 ἔργον
868 4597 961 4651 τοῦ
993 4596 1247 4669 μοναχοῦ.
1284 4596 1431 4664 λέγει
1454 4595 1621 4665 αὐτῷ·
1652 4595 1753 4665 ἐμὲ
1769 4597 1908 4664 ἐρω-

328 4692 454 4763 τᾷς,
490 4692 693 4763 πάτερ;
735 4691 829 4744 καὶ
870 4689 1021 4758 λέγει
1063 4689 1093 4741 6
1126 4688 1300 4751 ἀὸὁᾶς
1348 4687 1663 4759 Μακάρων
1712 4686 1914 4757 πληρο-

331 4784 608 4857 φοροῦμαι
639 4785 716 4846 εἰς
747 4784 827 4845 σὲ,
846 4783 1033 4836 τέκνον
1063 4781 1328 4851 Ζαχαρία·
1363 4780 1478 4834 ἐστι
1511 4779 1620 4850 γὰρ
1644 4780 1674 4832 6
1701 4778 1912 4833 νύσσων

334 4897 407 4949 με
433 4877 527 4931 τοῦ
553 4877 825 4948 ἐρωτῆσαί
853 4893 932 4929 σε.
957 4874 1104 4944 λέγει
1128 4874 1278 4944 αὐτῷ
1302 4876 1331 4927 ὁ
1360 4872 1641 4943 Ζαχαρίας
1661 4887 1674 4903 ·
1701 4871 1763 4924 τὸ
1790 4872 1911 4925 κατ’

329 4970 456 5040 ἐμὲ,
492 4968 688 5038 πάτερ.
723 4966 784 5020 τὸ
830 4966 1023 5019 ἑαυτὸν
1072 4962 1351 5035 βιάζεσθαι
1390 4958 1471 5026 εἰς
1505 4962 1719 5027 πάντα,
1760 4955 1915 5024 οὗτός

334 5064 483 5115 ἐστιν
506 5062 535 5114 6
568 5056 797 5129 μοναχός
826 5057 923 5129 (b).

408 5156 462 5209 ὃ.
516 5155 575 5207 '0
619 5152 791 5216 ἀϐϐᾶς
838 5150 1111 5221 Θεόδωρος
1163 5150 1192 5201 6
1235 5147 1344 5219 τῆς.
1373 5147 1594 5219 Φέρμης
1649 5146 1917 5215 ἐκτήσατο

1997 2664 2197 2734 inquit,
2230 2656 2531 2729 aliquando
2580 2653 2635 2707 in
2676 2652 2875 2707 cellula
2911 2648 3216 2727 Agathonis
3248 2644 3484 2734 abbatis,
3516 2634 3587 2734 ad

1996 2728 2158 2826 quem
2191 2728 2340 2807 venit
2367 2747 2538 2803 frater
2565 2744 2754 2799 dicens
2778 2761 2793 2797 :
2820 2735 2960 2795 Volo
2984 2736 3236 2794 habitare
3253 2751 3378 2793 cum
3403 2728 3591 2789 fratri-

1996 2820 2099 2902 bus
2120 2860 2135 2913 ;
2160 2844 2295 2899 doce
2321 2855 2409 2895 me
2437 2848 2546 2909 quo
2568 2848 2729 2907 pacto
2750 2848 2875 2887 cum
2908 2832 2976 2888 iis
2997 2836 3273 2886 maneam.
3295 2827 3394 2883 Cui
3418 2820 3593 2882 senet

1997 2935 2279 3008 respondit
2327 2950 2341 2987 :
2422 2927 2893 2996 Quemadmodum
2954 2923 3133 2995 primo
3181 2921 3269 2975 die
3310 2921 3593 2988 ingreSsus

1998 3031 2101 3099 tui,
2152 3029 2235 3084 sic
2283 3023 2563 3081 custodito
2615 3019 2919 3090 hospitium
2977 3024 3135 3069 tuum
3190 3009 3592 3082 peregrinatio-

1999 3136 2234 3193 nemque
2261 3116 2477 3174 cunctis
2499 3114 2697 3169 diebus
2724 3111 2873 3165 vitae
2904 3115 3055 3172 tuae,
3107 3105 3182 3160 ita
3221 3110 3281 3157 ut
3315 3116 3444 3173 erga
3469 3098 3594 3193 illos

2001 3228 2111 3268 non
2140 3186 2317 3266 utaris
2347 3207 2568 3263 ﬁducia.
2622 3203 2715 3257 Ait
2760 3202 2811 3257 ei
2858 3198 3134 3253 Macarius
3178 3195 3353 3249 abbas
3393 3210 3406 3246 :
3450 3186 3596 3256 Quid

2000 3302 2146 3358 enim
2170 3299 2338 3356 efﬁcit
2370 3295 2605 3351 ﬁducia?
2637 3293 2742 3346 Cui
2773 3306 2941 3347 senex
2969 3310 2981 3345 :
3011 3286 3222 3343 Similis
3252 3292 3359 3349 est,
3392 3281 3593 3351 inquit,

2004 3393 2201 3451 ﬁducia
2225 3392 2401 3447 aestui
2427 3403 2642 3459 magno,
2667 3386 2763 3457 qui
2789 3383 3013 3457 quando
3043 3377 3359 3449 contigerit,
3376 3374 3598 3445 fugiunt

2002 3503 2195 3545 omnes
2234 3501 2266 3540 a
2304 3483 2444 3538 facie
2476 3483 2618 3549 eius,
2642 3481 2849 3551 quique
2906 3477 3164 3532 arborum
3206 3470 3420 3525 fructus
3469 3480 3596 3521 cor-

2003 3577 2230 3647 rumpit.
2293 3574 2440 3627 Dicit
2505 3571 2781 3627 Macarius
2825 3568 3056 3623 abbas:
3128 3563 3353 3618 Adeone
3423 3554 3599 3612 saevit

2005 3671 2245 3726 ﬁducia?
2277 3668 2489 3739 Agatho
2516 3665 2687 3720 abbas
2714 3683 2727 3719 :
2765 3656 2962 3716 Nullus
2996 3666 3103 3724 est,
3141 3650 3340 3725 inquit,
3365 3649 3596 3705 aifeCtus

2004 3763 2219 3818 saevior
2269 3759 2490 3815 ﬁducia.
2551 3756 2809 3812 Omnium
2865 3752 3073 3823 quippe
3114 3743 3596 3820 perturbationum

2006 3861 2181 3910 mater
2216 3859 2320 3907 est.
2375 3850 2541 3905 Decet
2584 3855 2764 3903 autem
2807 3845 3071 3901 cultorem
3129 3840 3215 3897 sui
3263 3835 3464 3891 ﬁducia
3500 3847 3597 3888 cas

2006 3960 2151 4014 rere,
2182 3945 2400 4001 etiamsi
2449 3943 2603 3999 solus
2636 3941 2692 3995 in
2741 3940 2880 3996 cella
2906 3943 3176 3993 versetur.
3222 3930 3360 3985 Novi
3392 3926 3597 3985 etenim

2007 4040 2255 4105 fratrem,
2294 4037 2388 4108 qui
2432 4036 2526 4091 diu
2560 4036 2615 4090 in
2658 4032 2861 4089 cellula
2900 4018 3599 4100 perseveraverat'habens

2008 4135 2289 4196 lectulum,
2339 4131 2546 4187 dixisse
2578 4143 2592 4181 :
2623 4125 2667 4180 E
2705 4125 2846 4180 cella
2879 4120 3263 4190 cmigrassem,
3313 4116 3425 4169 non
3472 4124 3601 4179 per-

2008 4234 2167 4297 cepto
2206 4226 2299 4281 illo
2332 4223 2555 4287 lectulo,
2602 4219 2709 4274 nisi
2757 4216 2897 4272 alius
2944 4210 3251 4267 monuisset
3293 4212 3401 4261 me.
3449 4200 3599 4256 Talis

2011 4330 2192 4375 autem
2222 4332 2350 4373 vere
2377 4323 2461 4371 est
2489 4311 2779 4385 operarius
2808 4315 2864 4365 et
2900 4306 3155 4363 bellator.

2079 4504 2135 4557 2.
2172 4499 2451 4555 Macarius
2478 4497 2650 4553 abbas
2680 4490 2986 4548 Zachariae
3023 4488 3206 4544 abbati
3243 4505 3257 4540 :
3301 4485 3399 4538 Die
3442 4479 3601 4544 mihi,

2013 4594 2210 4666 inquit,
2240 4609 2381 4664 opus
2413 4588 2689 4646 monachi.
2713 4578 2805 4640 Ait
2826 4585 2875 4641 ei
2916 4601 2931 4639 :
2968 4582 3125 4637 Tune
3154 4595 3241 4635 me
3274 4578 3603 4645 interrogas,

2014 4665 2206 4760 pater?
2244 4687 2384 4740 Tum
2418 4682 2694 4737 Macarius
2733 4680 2906 4735 abbas
2946 4688 2960 4733 ξ
3004 4674 3081 4731 De
3110 4678 3185 4736 te,
3233 4671 3432 4741 inquit,
3469 4665 3603 4760 mihi

2013 4759 2338 4851 persuasum
2360 4786 2465 4843 est,
2495 4775 2567 4830 ﬁli
2588 4773 2875 4829 Zacharia.
2900 4770 2997 4825 Est
3016 4769 3160 4824 enim
3180 4764 3271 4836 qui
3299 4778 3386 4818 me
3403 4759 3600 4832 pulsat,-

2015 4879 2078 4925 ut
2125 4870 2454 4940 interrogem
2490 4876 2565 4922 tc.
2609 4863 3082 4920 Zachariusbanc
3116 4855 3345 4929 protulit
3383 4860 3607 4907 senten-

2017 4963 2148 5017 tiam
2183 4981 2196 5016 :
2232 4960 2509 5028 Quantum
2534 4964 2637 5029 ego
2683 4958 2905 5029 quidem
2950 4952 3241 5012 existimo,
3272 4954 3462 5019 pater,
3505 4944 3601 5015 qui

2019 5070 2079 5110 sc
2103 5055 2282 5125 ipsum
2316 5053 2462 5121 cogit
2500 5052 2567 5106 ad
2592 5051 2800 5115 omnia,
2838 5049 2887 5103 is
2914 5054 2999 5102 est
3032 5040 3337 5099 monachus
3363 5037 3461 5110 (b).

2092 5148 2145 5199 3.
2179 5143 2509 5199 Theodorus
2551 5142 2720 5197 abbas
2746 5141 3015 5194 Phel‘mae
3060 5143 3173 5190 tres
3212 5134 3388 5189 bonos
3434 5128 3605 5183 libros

336 5247 465 5316 τρία
492 5245 671 5316 βιϐλία
697 5243 869 5298 καλά’
902 5244 996 5297 καὶ
1026 5240 1303 5312 παρέϐαλε
1332 5238 1411 5310 τῷ
1445 5239 1589 5309 ἀ66ᾷ
1616 5238 1903 5309 Μακαρίῳ¹

2014 5236 2309 5308 possidens
2342 5234 2409 5289 ad
2448 5234 2755 5289 Macarium
2800 5231 3052 5285 abbatem
3082 5228 3256 5289 venit,
3298 5232 3354 5280 et
3386 5222 3603 5282 :‘Tres,

341 5339 435 5393 καὶ
460 5338 605 5407 λέγει
634 5335 801 5407 αὐτῷ,
834 5336 915 5389 ὅτι
942 5335 1050 5405 ἔχω
1080 5334 1206 5405 τρία
1241 5332 1419 5403 βιϐλία
1453 5332 1615 5391 καλά.
1647 5332 1740 5385 καὶ
1768 5330 1913 5398 ὡφε-

333 5428 532 5501 λοῦμαι
572 5428 631 5496 ἐξ
658 5426 866 5494 αὐτῶν,
906 5427 999 5480 καὶ
1044 5428 1092 5479 οἱ
1147 5423 1368 5493 ἀδελφοὶ
1429 5422 1725 5493 κιχρῶνται
1775 5419 1917 5473 αὐτὰ

2019 5329 2222 5399 inquit,
2272 5329 2406 5382 mihi
2454 5335 2584 5382 sunt
2631 5324 2758 5381 libri
2803 5322 3093 5393 praeclari,
3142 5336 3207 5375 ex
3254 5331 3487 5389 quorum
3527 5314 3607 5368 le-

2024 5420 2209 5478 ctione
2228 5420 2467 5476 fructum
2490 5419 2683 5490 capio;
2710 5416 2909 5472 fratres
2940 5429 3159 5487 quoque
3188 5412 3258 5468 iis
3283 5414 3533 5472 utuntur,-
3553 5413 3604 5461 et

1862 5582 2113 5641 NOTAE.

408 5750 485 5818 (a)
515 5749 600 5805 Cf.
626 5746 744 5804 νγ.
776 5743 881 5801 PP.
920 5744 1106 5803 Rosw.
1137 5747 1235 5803 lib.
1265 5744 1332 5818 ili
1371 5760 1490 5815 cap.
1519 5741 1683 5818 J98:
1714 5745 1810 5803 lib.
1866 5749 1907 5804 ν

340 5811 500 5879 hbe".
532 5822 625 5890 l0,
660 5821 692 5875 8
719 5819 852 5889 ;iib.
879 5818 968 5875 Ἧι
995 5834 1115 5889 cap.
1144 5820 1232 5873 42.
1260 5811 1484 5873 Dorotu.
1519 5811 1703 5868 Doclr.
1735 5818 1789 5873 4.

2092 5744 2165 5817 (b)
2202 5742 2286 5799 cr.
2325 5739 2437 5797 vv.
2472 5728 2577 5797 PP.
2611 5738 2796 5796 nosw.
2826 5737 2923 5793 lib.
2950 5722 2995 5788 ν
3026 5734 3135 5800 1,6

2712 5917 2753 5926 ..Α
