  <div class='ocr_page' id='page_1' title='image "/cluster/home/n/w/nwhite01/storage/ocr_20150623/34/coo.31924054869312/145.png"; bbox 0 0 4016 6436; ppageno 0'>
   <div class='ocr_carea' id='block_1_1' title="bbox 440 371 3709 438">
    <p class='ocr_par' dir='ltr' id='par_1_1' title="bbox 440 371 3709 438">
     <span class='ocr_line' id='line_1_1' title="bbox 440 371 3709 438; baseline -0.001 -3"><span class='ocrx_word' id='word_1_1' title='bbox 440 381 546 438; x_wconf 71' lang='grc'><strong>268</strong></span> <span class='ocrx_word' id='word_1_2' title='bbox 1703 375 1797 432; x_wconf 85' lang='lat' dir='ltr'><strong>JO.</strong></span> <span class='ocrx_word' id='word_1_3' title='bbox 1836 375 1981 430; x_wconf 85' lang='lat' dir='ltr'><strong>SAL.</strong></span> <span class='ocrx_word' id='word_1_4' title='bbox 2024 374 2386 433; x_wconf 80' lang='lat' dir='ltr'><strong>SEMLERUS</strong></span> <span class='ocrx_word' id='word_1_5' title='bbox 3606 371 3709 432; x_wconf 66' lang='lat'><strong>265</strong></span> 
     </span>
    </p>
   </div>
   <div class='ocr_carea' id='block_1_2' title="bbox 443 488 2053 568">
    <p class='ocr_par' dir='ltr' id='par_1_2' title="bbox 443 489 2053 568">
     <span class='ocr_line' id='line_1_2' title="bbox 443 489 2053 568; baseline -0.003 -21"><span class='ocrx_word' id='word_1_6' title='bbox 443 496 652 568; x_wconf 78' lang='lat' dir='ltr'><strong>pariter</strong></span> <span class='ocrx_word' id='word_1_7' title='bbox 671 492 985 564; x_wconf 80' lang='lat' dir='ltr'><strong>proﬁciunt.</strong></span> <span class='ocrx_word' id='word_1_8' title='bbox 1027 489 1206 546; x_wconf 82' lang='lat' dir='ltr'><strong>Eﬂ&#39;are</strong></span> <span class='ocrx_word' id='word_1_9' title='bbox 1237 492 1404 561; x_wconf 85' lang='lat' dir='ltr'><strong>igitur</strong></span> <span class='ocrx_word' id='word_1_10' title='bbox 1431 490 1590 558; x_wconf 83' lang='lat' dir='ltr'><strong>mihi,</strong></span> <span class='ocrx_word' id='word_1_11' title='bbox 1621 490 1754 560; x_wconf 87' lang='lat' dir='ltr'><strong>quid</strong></span> <span class='ocrx_word' id='word_1_12' title='bbox 1788 490 2013 546; x_wconf 83' lang='lat' dir='ltr'><strong>debeam</strong></span> <span class='ocrx_word' id='word_1_13' title='bbox 2044 544 2053 565; x_wconf 30' lang='grc' dir='ltr'><em>ἐ</em></span> 
     </span>
    </p>
   </div>
   <div class='ocr_carea' id='block_1_3' title="bbox 2156 488 3708 568">
    <p class='ocr_par' dir='ltr' id='par_1_3' title="bbox 2156 488 3708 563">
     <span class='ocr_line' id='line_1_3' title="bbox 2156 488 3708 563; baseline 0.001 -20"><span class='ocrx_word' id='word_1_14' title='bbox 2156 493 2213 545; x_wconf 72' lang='grc' dir='ltr'>αἱ</span> <span class='ocrx_word' id='word_1_15' title='bbox 2250 490 2603 561; x_wconf 72' lang='grc' dir='ltr'>ὠφελοῦνται.</span> <span class='ocrx_word' id='word_1_16' title='bbox 2639 489 2761 544; x_wconf 78' lang='grc' dir='ltr'><strong>εἰπέ</strong></span> <span class='ocrx_word' id='word_1_17' title='bbox 2796 488 2889 546; x_wconf 78' lang='grc' dir='ltr'>οὖν</span> <span class='ocrx_word' id='word_1_18' title='bbox 2934 509 3045 563; x_wconf 85' lang='grc' dir='ltr'>μοι,</span> <span class='ocrx_word' id='word_1_19' title='bbox 3076 491 3129 544; x_wconf 84' lang='grc' dir='ltr'><strong>τί</strong></span> <span class='ocrx_word' id='word_1_20' title='bbox 3172 490 3403 559; x_wconf 72' lang='grc' dir='ltr'>ὤφειλον</span> <span class='ocrx_word' id='word_1_21' title='bbox 3435 490 3708 561; x_wconf 80' lang='grc' dir='ltr'><strong>ποιῆσαι·;</strong></span> 
     </span>
    </p>
   </div>
   <div class='ocr_carea' id='block_1_4' title="bbox 447 582 2053 654">
    <p class='ocr_par' dir='ltr' id='par_1_4' title="bbox 447 582 2022 652">
     <span class='ocr_line' id='line_1_4' title="bbox 447 582 2022 652; baseline -0.001 -12"><span class='ocrx_word' id='word_1_22' title='bbox 447 588 662 652; x_wconf 84' lang='lat' dir='ltr'><strong>facere;</strong></span> <span class='ocrx_word' id='word_1_23' title='bbox 708 600 839 639; x_wconf 89' lang='lat' dir='ltr'><strong>num</strong></span> <span class='ocrx_word' id='word_1_24' title='bbox 878 585 944 637; x_wconf 87' lang='lat' dir='ltr'><strong>ad</strong></span> <span class='ocrx_word' id='word_1_25' title='bbox 974 599 1149 637; x_wconf 86' lang='lat' dir='ltr'><strong>meam</strong></span> <span class='ocrx_word' id='word_1_26' title='bbox 1206 582 1550 652; x_wconf 87' lang='lat' dir='ltr'><strong>fratrumque</strong></span> <span class='ocrx_word' id='word_1_27' title='bbox 1583 584 1875 638; x_wconf 90' lang='lat' dir='ltr'><strong>utilitatem</strong></span> <span class='ocrx_word' id='word_1_28' title='bbox 1925 599 2022 639; x_wconf 90' lang='lat' dir='ltr'><strong>eos</strong></span> 
     </span>
    </p>
   </div>
   <div class='ocr_carea' id='block_1_5' title="bbox 2156 582 3708 654">
    <p class='ocr_par' dir='ltr' id='par_1_5' title="bbox 2157 582 3708 654">
     <span class='ocr_line' id='line_1_5' title="bbox 2157 582 3708 654; baseline 0.002 -19"><span class='ocrx_word' id='word_1_29' title='bbox 2157 582 2378 653; x_wconf 87' lang='grc' dir='ltr'>ατάσχω</span> <span class='ocrx_word' id='word_1_30' title='bbox 2413 583 2551 636; x_wconf 71' lang='grc' dir='ltr'>αὐτὰ</span> <span class='ocrx_word' id='word_1_31' title='bbox 2602 584 2681 646; x_wconf 89' lang='grc' dir='ltr'>εἰς</span> <span class='ocrx_word' id='word_1_32' title='bbox 2724 582 2821 653; x_wconf 79' lang='grc' dir='ltr'>τὴν</span> <span class='ocrx_word' id='word_1_33' title='bbox 2870 583 3010 654; x_wconf 79' lang='grc' dir='ltr'>ἐμὴν</span> <span class='ocrx_word' id='word_1_34' title='bbox 3050 584 3144 636; x_wconf 74' lang='grc' dir='ltr'>καὶ</span> <span class='ocrx_word' id='word_1_35' title='bbox 3174 583 3274 652; x_wconf 85' lang='grc' dir='ltr'><strong>τὴν</strong></span> <span class='ocrx_word' id='word_1_36' title='bbox 3309 583 3423 636; x_wconf 84' lang='grc' dir='ltr'><strong>τῶν</strong></span> <span class='ocrx_word' id='word_1_37' title='bbox 3457 582 3708 651; x_wconf 67' lang='grc' dir='ltr'>ἀδελφῶν</span> 
     </span>
    </p>
   </div>
   <div class='ocr_carea' id='block_1_6' title="bbox 447 672 2053 747">
    <p class='ocr_par' dir='ltr' id='par_1_6' title="bbox 447 672 2023 744">
     <span class='ocr_line' id='line_1_6' title="bbox 447 672 2023 744; baseline -0.001 -15"><span class='ocrx_word' id='word_1_38' title='bbox 447 676 738 739; x_wconf 80' lang='lat' dir='ltr'><strong>retineam,</strong></span> <span class='ocrx_word' id='word_1_39' title='bbox 778 690 846 727; x_wconf 91' lang='lat' dir='ltr'><strong>an</strong></span> <span class='ocrx_word' id='word_1_40' title='bbox 880 672 1109 728; x_wconf 80' lang='lat' dir='ltr'><strong>vendam</strong></span> <span class='ocrx_word' id='word_1_41' title='bbox 1154 672 1388 743; x_wconf 92' lang='lat' dir='ltr'><strong>demque</strong></span> <span class='ocrx_word' id='word_1_42' title='bbox 1430 675 1798 744; x_wconf 84' lang='lat' dir='ltr'><strong>pauperibus?</strong></span> <span class='ocrx_word' id='word_1_43' title='bbox 1844 672 2023 729; x_wconf 77' lang='lat' dir='ltr'><strong>Senex</strong></span> 
     </span>
    </p>
   </div>
   <div class='ocr_carea' id='block_1_7' title="bbox 2156 672 3711 747">
    <p class='ocr_par' dir='ltr' id='par_1_7' title="bbox 2156 674 3711 747">
     <span class='ocr_line' id='line_1_7' title="bbox 2156 674 3711 747; baseline 0.003 -21"><span class='ocrx_word' id='word_1_44' title='bbox 2156 674 2412 743; x_wconf 68' lang='grc' dir='ltr'><strong>›φέλειαν,</strong></span> <span class='ocrx_word' id='word_1_45' title='bbox 2451 674 2484 745; x_wconf 84' lang='grc' dir='ltr'>ἢ</span> <span class='ocrx_word' id='word_1_46' title='bbox 2535 674 2776 747; x_wconf 83' lang='grc' dir='ltr'>πωλήσω</span> <span class='ocrx_word' id='word_1_47' title='bbox 2819 675 2959 728; x_wconf 73' lang='grc' dir='ltr'><strong>αὐτὰ</strong></span> <span class='ocrx_word' id='word_1_48' title='bbox 3003 676 3096 729; x_wconf 75' lang='grc' dir='ltr'><strong>καὶ</strong></span> <span class='ocrx_word' id='word_1_49' title='bbox 3125 674 3281 728; x_wconf 85' lang='grc' dir='ltr'><strong>δώσω</strong></span> <span class='ocrx_word' id='word_1_50' title='bbox 3310 677 3590 744; x_wconf 83' lang='grc' dir='ltr'>πτωχοῖς;</span> <span class='ocrx_word' id='word_1_51' title='bbox 3618 678 3711 730; x_wconf 72' lang='grc' dir='ltr'>καὶ</span> 
     </span>
    </p>
   </div>
   <div class='ocr_carea' id='block_1_8' title="bbox 447 763 2053 839">
    <p class='ocr_par' dir='ltr' id='par_1_8' title="bbox 447 766 2027 838">
     <span class='ocr_line' id='line_1_8' title="bbox 447 766 2027 838; baseline -0.001 -15"><span class='ocrx_word' id='word_1_52' title='bbox 447 768 733 838; x_wconf 81' lang='lat' dir='ltr'><strong>respondit</strong></span> <span class='ocrx_word' id='word_1_53' title='bbox 790 786 802 821; x_wconf 95' lang='lat'><strong>:</strong></span> <span class='ocrx_word' id='word_1_54' title='bbox 848 766 1120 821; x_wconf 84' lang='lat' dir='ltr'><strong>Pulchrae</strong></span> <span class='ocrx_word' id='word_1_55' title='bbox 1171 768 1391 835; x_wconf 82' lang='lat' dir='ltr'><strong>quidem</strong></span> <span class='ocrx_word' id='word_1_56' title='bbox 1433 769 1680 823; x_wconf 85' lang='lat' dir='ltr'><strong>actiones</strong></span> <span class='ocrx_word' id='word_1_57' title='bbox 1725 776 1877 831; x_wconf 91' lang='lat' dir='ltr'><strong>sunt,</strong></span> <span class='ocrx_word' id='word_1_58' title='bbox 1928 767 2027 823; x_wconf 91' lang='lat' dir='ltr'><strong>sed</strong></span> 
     </span>
    </p>
   </div>
   <div class='ocr_carea' id='block_1_9' title="bbox 2156 763 3714 839">
    <p class='ocr_par' dir='ltr' id='par_1_9' title="bbox 2156 763 3714 839">
     <span class='ocr_line' id='line_1_9' title="bbox 2156 763 3714 839; baseline 0.003 -20"><span class='ocrx_word' id='word_1_59' title='bbox 2156 768 2445 838; x_wconf 70' lang='grc' dir='ltr'>ιποκριῦεὶς</span> <span class='ocrx_word' id='word_1_60' title='bbox 2472 770 2499 821; x_wconf 99' lang='lat'><strong>6</strong></span> <span class='ocrx_word' id='word_1_61' title='bbox 2518 768 2694 839; x_wconf 82' lang='grc' dir='ltr'>γέρων</span> <span class='ocrx_word' id='word_1_62' title='bbox 2722 763 2865 820; x_wconf 77' lang='grc' dir='ltr'>εἶπε·</span> <span class='ocrx_word' id='word_1_63' title='bbox 2892 768 3055 821; x_wconf 72' lang='grc' dir='ltr'>καλαὶ</span> <span class='ocrx_word' id='word_1_64' title='bbox 3091 766 3191 839; x_wconf 76' lang='grc' dir='ltr'><strong>μὲν</strong></span> <span class='ocrx_word' id='word_1_65' title='bbox 3211 768 3267 819; x_wconf 89' lang='grc' dir='ltr'><strong>αἱ</strong></span> <span class='ocrx_word' id='word_1_66' title='bbox 3297 767 3556 838; x_wconf 81' lang='grc' dir='ltr'>πράξεις,</span> <span class='ocrx_word' id='word_1_67' title='bbox 3580 768 3714 825; x_wconf 82' lang='grc' dir='ltr'>ἀλλὰ</span> 
     </span>
    </p>
   </div>
   <div class='ocr_carea' id='block_1_10' title="bbox 448 858 2053 933">
    <p class='ocr_par' dir='ltr' id='par_1_10' title="bbox 448 858 2027 929">
     <span class='ocr_line' id='line_1_10' title="bbox 448 858 2027 929; baseline 0.001 -16"><span class='ocrx_word' id='word_1_68' title='bbox 448 860 639 913; x_wconf 87' lang='lat' dir='ltr'><strong>melior</strong></span> <span class='ocrx_word' id='word_1_69' title='bbox 662 859 919 913; x_wconf 90' lang='lat' dir='ltr'><strong>omnibus</strong></span> <span class='ocrx_word' id='word_1_70' title='bbox 951 869 1036 914; x_wconf 92' lang='lat' dir='ltr'><strong>est</strong></span> <span class='ocrx_word' id='word_1_71' title='bbox 1058 866 1371 929; x_wconf 86' lang='lat' dir='ltr'><strong>paupertas.</strong></span> <span class='ocrx_word' id='word_1_72' title='bbox 1404 858 1524 925; x_wconf 84' lang='lat' dir='ltr'><strong>Quo</strong></span> <span class='ocrx_word' id='word_1_73' title='bbox 1542 860 1727 914; x_wconf 91' lang='lat' dir='ltr'><strong>audito</strong></span> <span class='ocrx_word' id='word_1_74' title='bbox 1748 859 2027 924; x_wconf 87' lang='lat' dir='ltr'><strong>discessit,</strong></span> 
     </span>
    </p>
   </div>
   <div class='ocr_carea' id='block_1_11' title="bbox 2156 858 3715 933">
    <p class='ocr_par' dir='ltr' id='par_1_11' title="bbox 2156 859 3715 933">
     <span class='ocr_line' id='line_1_11' title="bbox 2156 859 3715 933; baseline 0.001 -22"><span class='ocrx_word' id='word_1_75' title='bbox 2156 860 2333 925; x_wconf 75' lang='grc' dir='ltr'>ιείζων</span> <span class='ocrx_word' id='word_1_76' title='bbox 2364 860 2579 913; x_wconf 79' lang='grc' dir='ltr'>πάντων</span> <span class='ocrx_word' id='word_1_77' title='bbox 2608 862 2642 931; x_wconf 79' lang='grc' dir='ltr'><strong>ἡ</strong></span> <span class='ocrx_word' id='word_1_78' title='bbox 2671 860 3023 933; x_wconf 83' lang='grc' dir='ltr'><strong>ἀκτημοσύνη</strong></span> <span class='ocrx_word' id='word_1_79' title='bbox 3056 859 3191 913; x_wconf 75' lang='grc' dir='ltr'>ἐστί.</span> <span class='ocrx_word' id='word_1_80' title='bbox 3225 860 3316 912; x_wconf 81' lang='grc' dir='ltr'>καὶ</span> <span class='ocrx_word' id='word_1_81' title='bbox 3362 860 3528 913; x_wconf 82' lang='grc' dir='ltr'>τοῦτο</span> <span class='ocrx_word' id='word_1_82' title='bbox 3556 860 3715 913; x_wconf 77' lang='grc' dir='ltr'>ἀκού-</span> 
     </span>
    </p>
   </div>
   <div class='ocr_carea' id='block_1_12' title="bbox 446 949 2053 1022">
    <p class='ocr_par' dir='ltr' id='par_1_12' title="bbox 446 952 2025 1022">
     <span class='ocr_line' id='line_1_12' title="bbox 446 952 2025 1022; baseline -0.001 -16"><span class='ocrx_word' id='word_1_83' title='bbox 446 966 654 1022; x_wconf 88' lang='lat' dir='ltr'><strong>eosque</strong></span> <span class='ocrx_word' id='word_1_84' title='bbox 686 952 957 1014; x_wconf 81' lang='lat' dir='ltr'><strong>vendidit,</strong></span> <span class='ocrx_word' id='word_1_85' title='bbox 1012 958 1069 1007; x_wconf 82' lang='lat' dir='ltr'><strong>et</strong></span> <span class='ocrx_word' id='word_1_86' title='bbox 1126 952 1416 1022; x_wconf 86' lang='lat' dir='ltr'><strong>pecuniam</strong></span> <span class='ocrx_word' id='word_1_87' title='bbox 1462 952 1614 1007; x_wconf 90' lang='lat' dir='ltr'><strong>dedit</strong></span> <span class='ocrx_word' id='word_1_88' title='bbox 1668 952 2025 1021; x_wconf 88' lang='lat' dir='ltr'><strong>pauperibus.</strong></span> 
     </span>
    </p>
   </div>
   <div class='ocr_carea' id='block_1_13' title="bbox 2156 949 3710 1022">
    <p class='ocr_par' dir='ltr' id='par_1_13' title="bbox 2156 949 3710 1022">
     <span class='ocr_line' id='line_1_13' title="bbox 2156 949 3710 1022; baseline 0.003 -22"><span class='ocrx_word' id='word_1_89' title='bbox 2156 967 2252 1014; x_wconf 70' lang='grc' dir='ltr'>τας,</span> <span class='ocrx_word' id='word_1_90' title='bbox 2286 949 2537 1004; x_wconf 83' lang='grc' dir='ltr'>ἀπελθὼν</span> <span class='ocrx_word' id='word_1_91' title='bbox 2570 949 2849 1021; x_wconf 68' lang='grc' dir='ltr'><strong>ἐπώλησεν</strong></span> <span class='ocrx_word' id='word_1_92' title='bbox 2878 952 3036 1015; x_wconf 75' lang='grc' dir='ltr'><strong>αὐτὰ,</strong></span> <span class='ocrx_word' id='word_1_93' title='bbox 3080 951 3172 1005; x_wconf 74' lang='grc' dir='ltr'>καὶ</span> <span class='ocrx_word' id='word_1_94' title='bbox 3201 951 3425 1005; x_wconf 77' lang='grc' dir='ltr'><strong>διέδωκε</strong></span> <span class='ocrx_word' id='word_1_95' title='bbox 3455 954 3710 1022; x_wconf 81' lang='grc' dir='ltr'><strong>πτωχοῖς.</strong></span> 
     </span>
    </p>
   </div>
   <div class='ocr_carea' id='block_1_14' title="bbox 466 1107 793 1127">
    <p class='ocr_par' dir='ltr' id='par_1_14' title="bbox 466 1107 793 1127">
     <span class='ocr_line' id='line_1_14' title="bbox 466 1107 793 1127; baseline -0.009 0"><span class='ocrx_word' id='word_1_96' title='bbox 466 1107 793 1127; x_wconf 69' lang='lat'><strong><em>—</em></strong></span> 
     </span>
    </p>
   </div>
   <div class='ocr_carea' id='block_1_15' title="bbox 2036 1214 2109 1274">
    <p class='ocr_par' dir='ltr' id='par_1_15' title="bbox 2036 1214 2109 1274">
     <span class='ocr_line' id='line_1_15' title="bbox 2036 1214 2109 1274; baseline -0.014 0"><span class='ocrx_word' id='word_1_97' title='bbox 2036 1214 2109 1274; x_wconf 87' lang='lat' dir='ltr'><strong>V.</strong></span> 
     </span>
    </p>
   </div>
   <div class='ocr_carea' id='block_1_16' title="bbox 1129 1334 3044 1401">
    <p class='ocr_par' dir='ltr' id='par_1_16' title="bbox 1129 1334 3044 1401">
     <span class='ocr_line' id='line_1_16' title="bbox 1129 1334 3044 1401; baseline -0.004 -1"><span class='ocrx_word' id='word_1_98' title='bbox 1129 1339 1807 1401; x_wconf 84' lang='lat' dir='ltr'><strong>APOPHTHEGMATA</strong></span> <span class='ocrx_word' id='word_1_99' title='bbox 1848 1338 2118 1399; x_wconf 86' lang='lat' dir='ltr'><strong>SANCTI</strong></span> <span class='ocrx_word' id='word_1_100' title='bbox 2161 1336 2477 1396; x_wconf 76' lang='lat' dir='ltr'><strong>MACARII</strong></span> <span class='ocrx_word' id='word_1_101' title='bbox 2520 1334 3044 1395; x_wconf 78' lang='lat' dir='ltr'><strong>ALEXANDRINI</strong></span> 
     </span>
    </p>
   </div>
   <div class='ocr_carea' id='block_1_17' title="bbox 1650 1474 2523 1515">
    <p class='ocr_par' dir='ltr' id='par_1_17' title="bbox 1650 1474 2523 1515">
     <span class='ocr_line' id='line_1_17' title="bbox 1650 1474 2523 1515; baseline -0.005 0"><span class='ocrx_word' id='word_1_102' title='bbox 1650 1480 1680 1515; x_wconf 78' lang='grc' dir='ltr'><strong>Α</strong></span> <span class='ocrx_word' id='word_1_103' title='bbox 1716 1477 1792 1515; x_wconf 73' lang='lat'><strong>10.</strong></span> <span class='ocrx_word' id='word_1_104' title='bbox 1834 1477 1981 1514; x_wconf 80' lang='lat' dir='ltr'><strong>BAPT.</strong></span> <span class='ocrx_word' id='word_1_105' title='bbox 2024 1474 2313 1514; x_wconf 76' lang='lat' dir='ltr'><strong>COTELERIO</strong></span> <span class='ocrx_word' id='word_1_106' title='bbox 2352 1474 2523 1511; x_wconf 78' lang='lat' dir='ltr'><strong>EDITA.</strong></span> 
     </span>
    </p>
   </div>
   <div class='ocr_carea' id='block_1_18' title="bbox 457 1567 3715 1635">
    <p class='ocr_par' dir='ltr' id='par_1_18' title="bbox 457 1567 3715 1635">
     <span class='ocr_line' id='line_1_18' title="bbox 457 1567 3715 1635; baseline -0 -11"><span class='ocrx_word' id='word_1_107' title='bbox 457 1572 793 1624; x_wconf 61' lang='lat' dir='ltr'><strong>(Sanctorum</strong></span> <span class='ocrx_word' id='word_1_108' title='bbox 836 1585 1013 1621; x_wconf 90' lang='lat' dir='ltr'><strong>senum</strong></span> <span class='ocrx_word' id='word_1_109' title='bbox 1058 1573 1487 1635; x_wconf 81' lang='lat' dir='ltr'><strong>Apophthegmata</strong></span> <span class='ocrx_word' id='word_1_110' title='bbox 1518 1588 1536 1620; x_wconf 74' lang='grc' dir='ltr'><strong>ι</strong></span> <span class='ocrx_word' id='word_1_111' title='bbox 1580 1586 1622 1621; x_wconf 88' lang='lat' dir='ltr'><strong>s.</strong></span> <span class='ocrx_word' id='word_1_112' title='bbox 1664 1586 1711 1621; x_wconf 86' lang='lat' dir='ltr'><strong>v.</strong></span> <span class='ocrx_word' id='word_1_113' title='bbox 1738 1568 1986 1621; x_wconf 75' lang='lat' dir='ltr'><strong>Macarius</strong></span> <span class='ocrx_word' id='word_1_114' title='bbox 2025 1567 2221 1619; x_wconf 75' lang='lat' dir='ltr'><strong>urbicus</strong></span> <span class='ocrx_word' id='word_1_115' title='bbox 2264 1568 2394 1631; x_wconf 87' lang='lat' dir='ltr'><strong>apud</strong></span> <span class='ocrx_word' id='word_1_116' title='bbox 2429 1570 2506 1619; x_wconf 86' lang='lat' dir='ltr'><strong>Jo.</strong></span> <span class='ocrx_word' id='word_1_117' title='bbox 2549 1570 2688 1631; x_wconf 87' lang='lat' dir='ltr'><strong>Bapt.</strong></span> <span class='ocrx_word' id='word_1_118' title='bbox 2726 1568 3031 1619; x_wconf 81' lang='lat' dir='ltr'><strong>Cotelerium</strong></span> <span class='ocrx_word' id='word_1_119' title='bbox 3070 1568 3203 1619; x_wconf 85' lang='lat' dir='ltr'><strong>Eccl.</strong></span> <span class='ocrx_word' id='word_1_120' title='bbox 3227 1568 3403 1619; x_wconf 77' lang='lat' dir='ltr'><strong>Graec.</strong></span> <span class='ocrx_word' id='word_1_121' title='bbox 3450 1568 3583 1619; x_wconf 68' lang='lat' dir='ltr'><strong>lion.</strong></span> <span class='ocrx_word' id='word_1_122' title='bbox 3613 1575 3649 1621; x_wconf 92' lang='lat' dir='ltr'><strong>t.</strong></span> <span class='ocrx_word' id='word_1_123' title='bbox 3673 1571 3715 1634; x_wconf 86' lang='grc' dir='ltr'>ι,</span> 
     </span>
    </p>
   </div>
   <div class='ocr_carea' id='block_1_19' title="bbox 1940 1656 2210 1719">
    <p class='ocr_par' dir='ltr' id='par_1_19' title="bbox 1940 1656 2210 1719">
     <span class='ocr_line' id='line_1_19' title="bbox 1940 1656 2210 1719; baseline -0.004 -14"><span class='ocrx_word' id='word_1_124' title='bbox 1940 1671 1989 1719; x_wconf 93' lang='lat' dir='ltr'><strong>p.</strong></span> <span class='ocrx_word' id='word_1_125' title='bbox 2020 1656 2114 1706; x_wconf 75' lang='lat'><strong>572</strong></span> <span class='ocrx_word' id='word_1_126' title='bbox 2138 1670 2210 1717; x_wconf 81' lang='lat' dir='ltr'><strong>sq.</strong></span> 
     </span>
    </p>
   </div>
   <div class='ocr_carea' id='block_1_20' title="bbox 2282 1873 3585 1947">
    <p class='ocr_par' dir='ltr' id='par_1_20' title="bbox 2282 1873 3585 1947">
     <span class='ocr_line' id='line_1_20' title="bbox 2282 1873 3585 1947; baseline -0.004 -13"><span class='ocrx_word' id='word_1_127' title='bbox 2282 1878 2423 1947; x_wconf 79' lang='grc' dir='ltr'><strong>Περὶ</strong></span> <span class='ocrx_word' id='word_1_128' title='bbox 2448 1877 2553 1931; x_wconf 83' lang='grc' dir='ltr'><strong>τοῦ</strong></span> <span class='ocrx_word' id='word_1_129' title='bbox 2580 1873 2731 1933; x_wconf 80' lang='grc' dir='ltr'><strong>ἁϐὄᾶ</strong></span> <span class='ocrx_word' id='word_1_130' title='bbox 2757 1875 3065 1944; x_wconf 69' lang='grc' dir='ltr'>Μακαρίω</span> <span class='ocrx_word' id='word_1_131' title='bbox 3103 1876 3210 1929; x_wconf 84' lang='grc' dir='ltr'><strong>τοῦ</strong></span> <span class='ocrx_word' id='word_1_132' title='bbox 3240 1876 3585 1930; x_wconf 72' lang='grc' dir='ltr'><strong>πολιτικοῦ.</strong></span> 
     </span>
    </p>
   </div>
   <div class='ocr_carea' id='block_1_21' title="bbox 527 1988 2053 2062">
    <p class='ocr_par' dir='ltr' id='par_1_21' title="bbox 527 1991 2028 2062">
     <span class='ocr_line' id='line_1_21' title="bbox 527 1991 2028 2062; baseline 0.001 -17"><span class='ocrx_word' id='word_1_133' title='bbox 527 1992 579 2045; x_wconf 77' lang='grc'><strong>1.</strong></span> <span class='ocrx_word' id='word_1_134' title='bbox 608 1991 874 2047; x_wconf 81' lang='lat' dir='ltr'><strong>Macarius</strong></span> <span class='ocrx_word' id='word_1_135' title='bbox 896 1993 1166 2057; x_wconf 82' lang='grc' dir='ltr'>πολιτικός</span> <span class='ocrx_word' id='word_1_136' title='bbox 1197 1994 1289 2047; x_wconf 92' lang='lat' dir='ltr'><strong>ille</strong></span> <span class='ocrx_word' id='word_1_137' title='bbox 1323 1994 1493 2048; x_wconf 87' lang='lat' dir='ltr'><strong>abbas</strong></span> <span class='ocrx_word' id='word_1_138' title='bbox 1522 1992 1817 2062; x_wconf 88' lang='lat' dir='ltr'><strong>aliquando</strong></span> <span class='ocrx_word' id='word_1_139' title='bbox 1842 1994 1909 2048; x_wconf 90' lang='lat' dir='ltr'><strong>ad</strong></span> <span class='ocrx_word' id='word_1_140' title='bbox 1939 2009 2028 2047; x_wconf 90' lang='lat' dir='ltr'><strong>se-</strong></span> 
     </span>
    </p>
   </div>
   <div class='ocr_carea' id='block_1_22' title="bbox 2156 1988 3720 2062">
    <p class='ocr_par' dir='ltr' id='par_1_22' title="bbox 2204 1988 3720 2060">
     <span class='ocr_line' id='line_1_22' title="bbox 2204 1988 3720 2060; baseline -0.005 -12"><span class='ocrx_word' id='word_1_141' title='bbox 2204 1995 2257 2048; x_wconf 72' lang='lat' dir='ltr'><strong>l.</strong></span> <span class='ocrx_word' id='word_1_142' title='bbox 2311 1988 2547 2060; x_wconf 82' lang='grc' dir='ltr'><strong>Ἀπῆλθέ</strong></span> <span class='ocrx_word' id='word_1_143' title='bbox 2587 2005 2716 2041; x_wconf 82' lang='grc' dir='ltr'>ποτε</span> <span class='ocrx_word' id='word_1_144' title='bbox 2753 1990 2781 2041; x_wconf 93' lang='lat'><strong>6</strong></span> <span class='ocrx_word' id='word_1_145' title='bbox 2818 1988 2992 2051; x_wconf 78' lang='grc' dir='ltr'>άσὸᾶς</span> <span class='ocrx_word' id='word_1_146' title='bbox 3024 1988 3311 2057; x_wconf 80' lang='grc' dir='ltr'><strong>Μακάριος</strong></span> <span class='ocrx_word' id='word_1_147' title='bbox 3355 1990 3386 2042; x_wconf 89' lang='lat'><strong>6</strong></span> <span class='ocrx_word' id='word_1_148' title='bbox 3446 1988 3720 2053; x_wconf 75' lang='grc' dir='ltr'>πολιτικὸς</span> 
     </span>
    </p>
   </div>
   <div class='ocr_carea' id='block_1_23' title="bbox 454 2078 2053 2158">
    <p class='ocr_par' dir='ltr' id='par_1_23' title="bbox 454 2083 2034 2155">
     <span class='ocr_line' id='line_1_23' title="bbox 454 2083 2034 2155; baseline 0.001 -18"><span class='ocrx_word' id='word_1_149' title='bbox 454 2083 660 2138; x_wconf 86' lang='lat' dir='ltr'><strong>candos</strong></span> <span class='ocrx_word' id='word_1_150' title='bbox 680 2083 983 2152; x_wconf 89' lang='lat' dir='ltr'><strong>palmarum</strong></span> <span class='ocrx_word' id='word_1_151' title='bbox 1006 2099 1188 2139; x_wconf 90' lang='lat' dir='ltr'><strong>ramos</strong></span> <span class='ocrx_word' id='word_1_152' title='bbox 1221 2085 1373 2149; x_wconf 81' lang='lat' dir='ltr'><strong>exiit,</strong></span> <span class='ocrx_word' id='word_1_153' title='bbox 1420 2085 1684 2139; x_wconf 80' lang='lat' dir='ltr'><strong>fratribus</strong></span> <span class='ocrx_word' id='word_1_154' title='bbox 1716 2084 1896 2155; x_wconf 90' lang='lat' dir='ltr'><strong>ipsum</strong></span> <span class='ocrx_word' id='word_1_155' title='bbox 1943 2099 2034 2139; x_wconf 91' lang='lat' dir='ltr'><strong>co-</strong></span> 
     </span>
    </p>
   </div>
   <div class='ocr_carea' id='block_1_24' title="bbox 2156 2078 3720 2158">
    <p class='ocr_par' dir='ltr' id='par_1_24' title="bbox 2156 2078 3720 2158">
     <span class='ocr_line' id='line_1_24' title="bbox 2156 2078 3720 2158; baseline -0.007 -16"><span class='ocrx_word' id='word_1_156' title='bbox 2156 2088 2297 2158; x_wconf 77' lang='grc' dir='ltr'>ιόψαι</span> <span class='ocrx_word' id='word_1_157' title='bbox 2322 2084 2511 2138; x_wconf 80' lang='grc' dir='ltr'>θαλλία</span> <span class='ocrx_word' id='word_1_158' title='bbox 2540 2081 2634 2135; x_wconf 74' lang='grc' dir='ltr'><strong>καὶ</strong></span> <span class='ocrx_word' id='word_1_159' title='bbox 2660 2082 2709 2133; x_wconf 80' lang='grc' dir='ltr'>οἱ</span> <span class='ocrx_word' id='word_1_160' title='bbox 2741 2079 2961 2148; x_wconf 77' lang='grc' dir='ltr'>ἀδελφοὶ</span> <span class='ocrx_word' id='word_1_161' title='bbox 2986 2080 3100 2149; x_wconf 80' lang='grc' dir='ltr'><strong>μετ’</strong></span> <span class='ocrx_word' id='word_1_162' title='bbox 3121 2078 3309 2134; x_wconf 79' lang='grc' dir='ltr'><strong>αὐτοῦ.</strong></span> <span class='ocrx_word' id='word_1_163' title='bbox 3342 2080 3441 2134; x_wconf 73' lang='grc' dir='ltr'>καὶ</span> <span class='ocrx_word' id='word_1_164' title='bbox 3474 2080 3720 2148; x_wconf 82' lang='grc' dir='ltr'>λέγουσιν</span> 
     </span>
    </p>
   </div>
   <div class='ocr_carea' id='block_1_25' title="bbox 455 2170 2053 2249">
    <p class='ocr_par' dir='ltr' id='par_1_25' title="bbox 455 2174 2031 2247">
     <span class='ocr_line' id='line_1_25' title="bbox 455 2174 2031 2247; baseline 0.001 -20"><span class='ocrx_word' id='word_1_165' title='bbox 455 2175 796 2229; x_wconf 86' lang='lat' dir='ltr'><strong>mitantibus.</strong></span> <span class='ocrx_word' id='word_1_166' title='bbox 825 2174 928 2240; x_wconf 87' lang='lat' dir='ltr'><strong>Qui</strong></span> <span class='ocrx_word' id='word_1_167' title='bbox 953 2176 1132 2245; x_wconf 91' lang='lat' dir='ltr'><strong>primo</strong></span> <span class='ocrx_word' id='word_1_168' title='bbox 1156 2175 1245 2229; x_wconf 89' lang='lat' dir='ltr'><strong>die</strong></span> <span class='ocrx_word' id='word_1_169' title='bbox 1271 2176 1322 2229; x_wconf 91' lang='lat' dir='ltr'><strong>ei</strong></span> <span class='ocrx_word' id='word_1_170' title='bbox 1346 2193 1358 2229; x_wconf 88' lang='lat'><strong>:</strong></span> <span class='ocrx_word' id='word_1_171' title='bbox 1386 2176 1542 2240; x_wconf 79' lang='lat' dir='ltr'><strong>Veni,</strong></span> <span class='ocrx_word' id='word_1_172' title='bbox 1564 2176 1838 2246; x_wconf 89' lang='lat' dir='ltr'><strong>inquiunt,</strong></span> <span class='ocrx_word' id='word_1_173' title='bbox 1855 2184 2031 2247; x_wconf 90' lang='lat' dir='ltr'><strong>pater,</strong></span> 
     </span>
    </p>
   </div>
   <div class='ocr_carea' id='block_1_26' title="bbox 2156 2170 3719 2249">
    <p class='ocr_par' dir='ltr' id='par_1_26' title="bbox 2156 2170 3719 2249">
     <span class='ocr_line' id='line_1_26' title="bbox 2156 2170 3719 2249; baseline -0.001 -22"><span class='ocrx_word' id='word_1_174' title='bbox 2156 2180 2286 2249; x_wconf 85' lang='grc' dir='ltr'><strong>ιύτῷ</strong></span> <span class='ocrx_word' id='word_1_175' title='bbox 2314 2176 2411 2248; x_wconf 80' lang='grc' dir='ltr'><strong>τὴν</strong></span> <span class='ocrx_word' id='word_1_176' title='bbox 2444 2172 2669 2245; x_wconf 82' lang='grc' dir='ltr'><strong>πρώτην</strong></span> <span class='ocrx_word' id='word_1_177' title='bbox 2712 2172 2946 2242; x_wconf 73' lang='grc' dir='ltr'><strong>ἡμέρανο</strong></span> <span class='ocrx_word' id='word_1_178' title='bbox 2982 2170 3172 2240; x_wconf 81' lang='grc' dir='ltr'>δεῦρο,</span> <span class='ocrx_word' id='word_1_179' title='bbox 3210 2171 3354 2240; x_wconf 82' lang='grc' dir='ltr'>φάγε</span> <span class='ocrx_word' id='word_1_180' title='bbox 3400 2170 3521 2242; x_wconf 84' lang='grc' dir='ltr'>μεθ’</span> <span class='ocrx_word' id='word_1_181' title='bbox 3546 2172 3719 2242; x_wconf 74' lang='grc' dir='ltr'><strong>ἡμῶν,</strong></span> 
     </span>
    </p>
   </div>
   <div class='ocr_carea' id='block_1_27' title="bbox 455 2258 2053 2337">
    <p class='ocr_par' dir='ltr' id='par_1_27' title="bbox 455 2263 2034 2337">
     <span class='ocr_line' id='line_1_27' title="bbox 455 2263 2034 2337; baseline 0.003 -19"><span class='ocrx_word' id='word_1_182' title='bbox 455 2263 745 2319; x_wconf 88' lang='lat' dir='ltr'><strong>nobiscum</strong></span> <span class='ocrx_word' id='word_1_183' title='bbox 772 2265 999 2319; x_wconf 92' lang='lat' dir='ltr'><strong>comede</strong></span> <span class='ocrx_word' id='word_1_184' title='bbox 1026 2267 1039 2318; x_wconf 79' lang='grc' dir='ltr'><strong>ι</strong></span> <span class='ocrx_word' id='word_1_185' title='bbox 1070 2265 1311 2320; x_wconf 82' lang='lat' dir='ltr'><strong>Accessit</strong></span> <span class='ocrx_word' id='word_1_186' title='bbox 1334 2266 1500 2337; x_wconf 79' lang='lat' dir='ltr'><strong>igitur</strong></span> <span class='ocrx_word' id='word_1_187' title='bbox 1538 2268 1628 2322; x_wconf 90' lang='lat' dir='ltr'><strong>ille</strong></span> <span class='ocrx_word' id='word_1_188' title='bbox 1671 2276 1727 2322; x_wconf 90' lang='lat' dir='ltr'><strong>et</strong></span> <span class='ocrx_word' id='word_1_189' title='bbox 1774 2268 2034 2322; x_wconf 88' lang='lat' dir='ltr'><strong>comedit.</strong></span> 
     </span>
    </p>
   </div>
   <div class='ocr_carea' id='block_1_28' title="bbox 2156 2258 3719 2337">
    <p class='ocr_par' dir='ltr' id='par_1_28' title="bbox 2156 2258 3719 2337">
     <span class='ocr_line' id='line_1_28' title="bbox 2156 2258 3719 2337; baseline -0.008 -15"><span class='ocrx_word' id='word_1_190' title='bbox 2156 2270 2328 2337; x_wconf 82' lang='grc' dir='ltr'>τάτερ.</span> <span class='ocrx_word' id='word_1_191' title='bbox 2362 2267 2391 2319; x_wconf 93' lang='lat'><strong>6</strong></span> <span class='ocrx_word' id='word_1_192' title='bbox 2436 2264 2494 2317; x_wconf 80' lang='grc' dir='ltr'>δὲ</span> <span class='ocrx_word' id='word_1_193' title='bbox 2538 2260 2748 2331; x_wconf 80' lang='grc' dir='ltr'>ἀπῆλθε</span> <span class='ocrx_word' id='word_1_194' title='bbox 2783 2261 2878 2312; x_wconf 74' lang='grc' dir='ltr'><strong>καὶ</strong></span> <span class='ocrx_word' id='word_1_195' title='bbox 2926 2258 3117 2327; x_wconf 75' lang='grc' dir='ltr'><strong>ἔφαγε.</strong></span> <span class='ocrx_word' id='word_1_196' title='bbox 3150 2260 3243 2311; x_wconf 73' lang='grc' dir='ltr'><strong>καὶ</strong></span> <span class='ocrx_word' id='word_1_197' title='bbox 3283 2259 3448 2312; x_wconf 74' lang='grc' dir='ltr'>πάλιν</span> <span class='ocrx_word' id='word_1_198' title='bbox 3482 2262 3547 2330; x_wconf 78' lang='grc' dir='ltr'><strong>τῇ</strong></span> <span class='ocrx_word' id='word_1_199' title='bbox 3592 2258 3719 2329; x_wconf 77' lang='grc' dir='ltr'>ἄλλῃ</span> 
     </span>
    </p>
   </div>
   <div class='ocr_carea' id='block_1_29' title="bbox 871 1882 2128 1940">
    <p class='ocr_par' dir='ltr' id='par_1_29' title="bbox 871 1882 2128 1940">
     <span class='ocr_line' id='line_1_29' title="bbox 871 1882 2128 1940; baseline -0.005 -4"><span class='ocrx_word' id='word_1_200' title='bbox 871 1882 948 1936; x_wconf 83' lang='lat' dir='ltr'><strong>De</strong></span> <span class='ocrx_word' id='word_1_201' title='bbox 969 1884 1153 1937; x_wconf 85' lang='lat' dir='ltr'><strong>abbate</strong></span> <span class='ocrx_word' id='word_1_202' title='bbox 1174 1882 1409 1937; x_wconf 84' lang='lat' dir='ltr'><strong>Macario</strong></span> <span class='ocrx_word' id='word_1_203' title='bbox 1439 1882 1635 1935; x_wconf 86' lang='lat' dir='ltr'><strong>urbico.</strong></span> <span class='ocrx_word' id='word_1_204' title='bbox 2086 1885 2128 1940; x_wconf 83' lang='grc' dir='ltr'>Β</span> 
     </span>
    </p>
   </div>
   <div class='ocr_carea' id='block_1_30' title="bbox 456 2356 2039 2427">
    <p class='ocr_par' dir='ltr' id='par_1_30' title="bbox 456 2356 2039 2427">
     <span class='ocr_line' id='line_1_30' title="bbox 456 2356 2039 2427; baseline 0.003 -17"><span class='ocrx_word' id='word_1_205' title='bbox 456 2356 645 2411; x_wconf 85' lang='lat' dir='ltr'><strong>Altero</strong></span> <span class='ocrx_word' id='word_1_206' title='bbox 670 2372 795 2410; x_wconf 90' lang='lat' dir='ltr'><strong>eum</strong></span> <span class='ocrx_word' id='word_1_207' title='bbox 820 2356 909 2410; x_wconf 89' lang='lat' dir='ltr'><strong>die</strong></span> <span class='ocrx_word' id='word_1_208' title='bbox 934 2357 1132 2411; x_wconf 83' lang='lat' dir='ltr'><strong>iterum</strong></span> <span class='ocrx_word' id='word_1_209' title='bbox 1158 2366 1369 2427; x_wconf 86' lang='lat' dir='ltr'><strong>rogant,</strong></span> <span class='ocrx_word' id='word_1_210' title='bbox 1401 2367 1461 2412; x_wconf 89' lang='lat' dir='ltr'><strong>ut</strong></span> <span class='ocrx_word' id='word_1_211' title='bbox 1485 2359 1754 2413; x_wconf 86' lang='lat' dir='ltr'><strong>comedat.</strong></span> <span class='ocrx_word' id='word_1_212' title='bbox 1779 2359 1850 2414; x_wconf 83' lang='lat' dir='ltr'><strong>At</strong></span> <span class='ocrx_word' id='word_1_213' title='bbox 1882 2361 1928 2415; x_wconf 82' lang='lat' dir='ltr'><strong>is</strong></span> <span class='ocrx_word' id='word_1_214' title='bbox 1954 2374 2039 2414; x_wconf 90' lang='lat' dir='ltr'><strong>re-</strong></span> 
     </span>
    </p>
   </div>
   <div class='ocr_carea' id='block_1_31' title="bbox 456 2450 2040 2519">
    <p class='ocr_par' dir='ltr' id='par_1_31' title="bbox 456 2450 2040 2519">
     <span class='ocr_line' id='line_1_31' title="bbox 456 2450 2040 2519; baseline 0.003 -16"><span class='ocrx_word' id='word_1_215' title='bbox 456 2465 667 2504; x_wconf 86' lang='lat' dir='ltr'><strong>nuens:</strong></span> <span class='ocrx_word' id='word_1_216' title='bbox 711 2450 841 2513; x_wconf 72' lang='lat' dir='ltr'><strong>Vos,</strong></span> <span class='ocrx_word' id='word_1_217' title='bbox 888 2450 1087 2519; x_wconf 88' lang='lat' dir='ltr'><strong>inquit,</strong></span> <span class='ocrx_word' id='word_1_218' title='bbox 1138 2450 1255 2515; x_wconf 87' lang='lat' dir='ltr'><strong>ﬁlii,</strong></span> <span class='ocrx_word' id='word_1_219' title='bbox 1304 2450 1489 2505; x_wconf 90' lang='lat' dir='ltr'><strong>cibum</strong></span> <span class='ocrx_word' id='word_1_220' title='bbox 1542 2453 1773 2506; x_wconf 89' lang='lat' dir='ltr'><strong>sumatis</strong></span> <span class='ocrx_word' id='word_1_221' title='bbox 1815 2466 2040 2507; x_wconf 87' lang='lat' dir='ltr'><strong>necesse</strong></span> 
     </span>
    </p>
   </div>
   <div class='ocr_carea' id='block_1_32' title="bbox 459 2541 2042 2615">
    <p class='ocr_par' dir='ltr' id='par_1_32' title="bbox 459 2541 2042 2615">
     <span class='ocr_line' id='line_1_32' title="bbox 459 2541 2042 2615; baseline 0.004 -21"><span class='ocrx_word' id='word_1_222' title='bbox 459 2550 576 2607; x_wconf 90' lang='lat' dir='ltr'><strong>est;</strong></span> <span class='ocrx_word' id='word_1_223' title='bbox 605 2541 783 2595; x_wconf 90' lang='lat' dir='ltr'><strong>adhuc</strong></span> <span class='ocrx_word' id='word_1_224' title='bbox 818 2541 965 2596; x_wconf 86' lang='lat' dir='ltr'><strong>enim</strong></span> <span class='ocrx_word' id='word_1_225' title='bbox 1009 2558 1139 2597; x_wconf 90' lang='lat' dir='ltr'><strong>caro</strong></span> <span class='ocrx_word' id='word_1_226' title='bbox 1179 2544 1351 2610; x_wconf 89' lang='lat' dir='ltr'><strong>estis;</strong></span> <span class='ocrx_word' id='word_1_227' title='bbox 1399 2559 1501 2615; x_wconf 89' lang='lat' dir='ltr'><strong>ego</strong></span> <span class='ocrx_word' id='word_1_228' title='bbox 1551 2560 1682 2600; x_wconf 85' lang='lat' dir='ltr'><strong>vero</strong></span> <span class='ocrx_word' id='word_1_229' title='bbox 1725 2561 1875 2601; x_wconf 88' lang='lat' dir='ltr'><strong>nunc</strong></span> <span class='ocrx_word' id='word_1_230' title='bbox 1915 2546 2042 2601; x_wconf 90' lang='lat' dir='ltr'><strong>nolo</strong></span> 
     </span>
    </p>
   </div>
   <div class='ocr_carea' id='block_1_33' title="bbox 452 2634 819 2689">
    <p class='ocr_par' dir='ltr' id='par_1_33' title="bbox 452 2634 819 2689">
     <span class='ocr_line' id='line_1_33' title="bbox 452 2634 819 2689; baseline 0 -1"><span class='ocrx_word' id='word_1_231' title='bbox 452 2634 819 2689; x_wconf 85' lang='lat' dir='ltr'><strong>manducare.</strong></span> 
     </span>
    </p>
   </div>
   <div class='ocr_carea' id='block_1_34' title="bbox 531 2725 2045 2785">
    <p class='ocr_par' dir='ltr' id='par_1_34' title="bbox 531 2725 2045 2785">
     <span class='ocr_line' id='line_1_34' title="bbox 531 2725 2045 2785; baseline 0.003 -6"><span class='ocrx_word' id='word_1_232' title='bbox 531 2726 584 2779; x_wconf 72' lang='lat'><strong>2.</strong></span> <span class='ocrx_word' id='word_1_233' title='bbox 625 2725 892 2781; x_wconf 88' lang='lat' dir='ltr'><strong>Macarius</strong></span> <span class='ocrx_word' id='word_1_234' title='bbox 917 2726 1087 2782; x_wconf 87' lang='lat' dir='ltr'><strong>abbas</strong></span> <span class='ocrx_word' id='word_1_235' title='bbox 1110 2728 1367 2782; x_wconf 75' lang='lat' dir='ltr'><strong>convenit</strong></span> <span class='ocrx_word' id='word_1_236' title='bbox 1408 2728 1764 2785; x_wconf 88' lang='lat' dir='ltr'><strong>Pacbomium</strong></span> <span class='ocrx_word' id='word_1_237' title='bbox 1789 2729 2045 2784; x_wconf 80' lang='lat' dir='ltr'><strong>abbatem</strong></span> 
     </span>
    </p>
   </div>
   <div class='ocr_carea' id='block_1_35' title="bbox 465 2814 2042 2891">
    <p class='ocr_par' dir='ltr' id='par_1_35' title="bbox 465 2814 2042 2891">
     <span class='ocr_line' id='line_1_35' title="bbox 465 2814 2042 2891; baseline 0.004 -23"><span class='ocrx_word' id='word_1_238' title='bbox 465 2814 1014 2871; x_wconf 89' lang='lat' dir='ltr'><strong>Tabennesiotarum.</strong></span> <span class='ocrx_word' id='word_1_239' title='bbox 1062 2817 1236 2884; x_wconf 82' lang='lat' dir='ltr'><strong>Quem</strong></span> <span class='ocrx_word' id='word_1_240' title='bbox 1284 2818 1612 2875; x_wconf 88' lang='lat' dir='ltr'><strong>Pacbomius</strong></span> <span class='ocrx_word' id='word_1_241' title='bbox 1660 2819 2042 2891; x_wconf 87' lang='lat' dir='ltr'><strong>interrogans:</strong></span> 
     </span>
    </p>
   </div>
   <div class='ocr_carea' id='block_1_36' title="bbox 474 2904 2044 2979">
    <p class='ocr_par' dir='ltr' id='par_1_36' title="bbox 474 2904 2044 2979">
     <span class='ocr_line' id='line_1_36' title="bbox 474 2904 2044 2979; baseline 0.003 -18"><span class='ocrx_word' id='word_1_242' title='bbox 474 2904 556 2973; x_wconf 75' lang='lat' dir='ltr'><strong>Si,</strong></span> <span class='ocrx_word' id='word_1_243' title='bbox 585 2908 784 2977; x_wconf 88' lang='lat' dir='ltr'><strong>inquit,</strong></span> <span class='ocrx_word' id='word_1_244' title='bbox 811 2908 1014 2963; x_wconf 81' lang='lat' dir='ltr'><strong>fratres</strong></span> <span class='ocrx_word' id='word_1_245' title='bbox 1040 2909 1363 2979; x_wconf 86' lang='lat' dir='ltr'><strong>disciplinae</strong></span> <span class='ocrx_word' id='word_1_246' title='bbox 1387 2910 1640 2966; x_wconf 88' lang='lat' dir='ltr'><strong>ordinem</strong></span> <span class='ocrx_word' id='word_1_247' title='bbox 1666 2927 1776 2965; x_wconf 90' lang='lat' dir='ltr'><strong>non</strong></span> <span class='ocrx_word' id='word_1_248' title='bbox 1801 2922 2044 2977; x_wconf 89' lang='lat' dir='ltr'><strong>servant,</strong></span> 
     </span>
    </p>
   </div>
   <div class='ocr_carea' id='block_1_37' title="bbox 470 3002 2051 3073">
    <p class='ocr_par' dir='ltr' id='par_1_37' title="bbox 470 3002 2051 3073">
     <span class='ocr_line' id='line_1_37' title="bbox 470 3002 2051 3073; baseline 0.003 -18"><span class='ocrx_word' id='word_1_249' title='bbox 470 3002 749 3057; x_wconf 72' lang='lat' dir='ltr'><strong>Honumne</strong></span> <span class='ocrx_word' id='word_1_250' title='bbox 774 3010 859 3056; x_wconf 89' lang='lat' dir='ltr'><strong>est</strong></span> <span class='ocrx_word' id='word_1_251' title='bbox 882 3002 1163 3073; x_wconf 86' lang='lat' dir='ltr'><strong>corripere</strong></span> <span class='ocrx_word' id='word_1_252' title='bbox 1188 3005 1322 3057; x_wconf 90' lang='lat' dir='ltr'><strong>eos?</strong></span> <span class='ocrx_word' id='word_1_253' title='bbox 1344 3005 1647 3073; x_wconf 82' lang='lat' dir='ltr'><strong>Respondit</strong></span> <span class='ocrx_word' id='word_1_254' title='bbox 1670 3005 1940 3060; x_wconf 83' lang='lat' dir='ltr'><strong>Macarius</strong></span> <span class='ocrx_word' id='word_1_255' title='bbox 1954 3006 2051 3059; x_wconf 84' lang='lat' dir='ltr'><strong>ab-</strong></span> 
     </span>
    </p>
   </div>
   <div class='ocr_carea' id='block_1_38' title="bbox 472 3092 2053 3165">
    <p class='ocr_par' dir='ltr' id='par_1_38' title="bbox 472 3092 2053 3165">
     <span class='ocr_line' id='line_1_38' title="bbox 472 3092 2053 3165; baseline 0.001 -17"><span class='ocrx_word' id='word_1_256' title='bbox 472 3094 603 3148; x_wconf 90' lang='lat' dir='ltr'><strong>bas:</strong></span> <span class='ocrx_word' id='word_1_257' title='bbox 636 3092 853 3165; x_wconf 84' lang='lat' dir='ltr'><strong>Castiga</strong></span> <span class='ocrx_word' id='word_1_258' title='bbox 875 3101 931 3148; x_wconf 89' lang='lat' dir='ltr'><strong>et</strong></span> <span class='ocrx_word' id='word_1_259' title='bbox 954 3093 1096 3148; x_wconf 86' lang='lat' dir='ltr'><strong>iuste</strong></span> <span class='ocrx_word' id='word_1_260' title='bbox 1126 3109 1221 3148; x_wconf 90' lang='lat' dir='ltr'><strong>eos</strong></span> <span class='ocrx_word' id='word_1_261' title='bbox 1244 3094 1446 3159; x_wconf 89' lang='lat' dir='ltr'><strong>iudica,</strong></span> <span class='ocrx_word' id='word_1_262' title='bbox 1468 3096 1563 3164; x_wconf 91' lang='lat' dir='ltr'><strong>qui</strong></span> <span class='ocrx_word' id='word_1_263' title='bbox 1606 3096 1704 3149; x_wconf 88' lang='lat' dir='ltr'><strong>tibi</strong></span> <span class='ocrx_word' id='word_1_264' title='bbox 1750 3095 2053 3152; x_wconf 89' lang='lat' dir='ltr'><strong>subiiciun-</strong></span> 
     </span>
    </p>
   </div>
   <div class='ocr_carea' id='block_1_39' title="bbox 476 3185 2055 3252">
    <p class='ocr_par' dir='ltr' id='par_1_39' title="bbox 476 3185 2055 3252">
     <span class='ocr_line' id='line_1_39' title="bbox 476 3185 2055 3252; baseline 0.001 -12"><span class='ocrx_word' id='word_1_265' title='bbox 476 3194 604 3250; x_wconf 90' lang='lat' dir='ltr'><strong>tur;</strong></span> <span class='ocrx_word' id='word_1_266' title='bbox 641 3193 797 3238; x_wconf 83' lang='lat' dir='ltr'><strong>extra</strong></span> <span class='ocrx_word' id='word_1_267' title='bbox 834 3200 966 3239; x_wconf 90' lang='lat' dir='ltr'><strong>vero</strong></span> <span class='ocrx_word' id='word_1_268' title='bbox 1014 3185 1346 3240; x_wconf 89' lang='lat' dir='ltr'><strong>iudicaveris</strong></span> <span class='ocrx_word' id='word_1_269' title='bbox 1384 3188 1696 3252; x_wconf 89' lang='lat' dir='ltr'><strong>neminem;</strong></span> <span class='ocrx_word' id='word_1_270' title='bbox 1742 3202 1869 3242; x_wconf 90' lang='lat' dir='ltr'><strong>nam</strong></span> <span class='ocrx_word' id='word_1_271' title='bbox 1919 3188 2055 3243; x_wconf 86' lang='lat' dir='ltr'><strong>scri—</strong></span> 
     </span>
    </p>
   </div>
   <div class='ocr_carea' id='block_1_40' title="bbox 476 3268 2119 3350">
    <p class='ocr_par' dir='ltr' id='par_1_40' title="bbox 476 3268 2119 3350">
     <span class='ocr_line' id='line_1_40' title="bbox 476 3268 2119 3350; baseline 0.002 -20"><span class='ocrx_word' id='word_1_272' title='bbox 476 3286 633 3350; x_wconf 89' lang='lat' dir='ltr'><strong>ptum</strong></span> <span class='ocrx_word' id='word_1_273' title='bbox 656 3286 772 3333; x_wconf 88' lang='lat' dir='ltr'><strong>est:</strong></span> <span class='ocrx_word' id='word_1_274' title='bbox 801 3276 987 3332; x_wconf 85' lang='lat' dir='ltr'><strong>Nonne</strong></span> <span class='ocrx_word' id='word_1_275' title='bbox 1009 3277 1071 3331; x_wconf 87' lang='lat' dir='ltr'><strong>de</strong></span> <span class='ocrx_word' id='word_1_276' title='bbox 1084 3277 1168 3343; x_wconf 85' lang='lat' dir='ltr'><strong>iis,</strong></span> <span class='ocrx_word' id='word_1_277' title='bbox 1193 3280 1284 3349; x_wconf 88' lang='lat' dir='ltr'><strong>qui</strong></span> <span class='ocrx_word' id='word_1_278' title='bbox 1306 3279 1447 3332; x_wconf 76' lang='lat' dir='ltr'><strong>intus</strong></span> <span class='ocrx_word' id='word_1_279' title='bbox 1464 3288 1606 3345; x_wconf 76' lang='lat' dir='ltr'><strong>sunt,</strong></span> <span class='ocrx_word' id='word_1_280' title='bbox 1632 3296 1721 3334; x_wconf 77' lang='lat' dir='ltr'><strong>vos</strong></span> <span class='ocrx_word' id='word_1_281' title='bbox 1762 3280 2007 3335; x_wconf 79' lang='lat' dir='ltr'><strong>iudicatis</strong></span> <span class='ocrx_word' id='word_1_282' title='bbox 2027 3282 2052 3334; x_wconf 75' lang='grc' dir='ltr'><strong>ἱ)</strong></span> <span class='ocrx_word' id='word_1_283' title='bbox 2079 3268 2119 3324; x_wconf 79' lang='lat' dir='ltr'>C</span> 
     </span>
    </p>
   </div>
   <div class='ocr_carea' id='block_1_41' title="bbox 476 3367 1758 3442">
    <p class='ocr_par' dir='ltr' id='par_1_41' title="bbox 476 3367 1758 3442">
     <span class='ocr_line' id='line_1_41' title="bbox 476 3367 1758 3442; baseline -0.001 -18"><span class='ocrx_word' id='word_1_284' title='bbox 476 3367 620 3424; x_wconf 89' lang='lat' dir='ltr'><strong>Nam</strong></span> <span class='ocrx_word' id='word_1_285' title='bbox 645 3384 750 3432; x_wconf 74' lang='lat' dir='ltr'><strong>eos,</strong></span> <span class='ocrx_word' id='word_1_286' title='bbox 771 3369 861 3437; x_wconf 85' lang='lat' dir='ltr'><strong>qui</strong></span> <span class='ocrx_word' id='word_1_287' title='bbox 894 3367 1018 3437; x_wconf 74' lang='lat' dir='ltr'><strong>{oris</strong></span> <span class='ocrx_word' id='word_1_288' title='bbox 1042 3376 1188 3431; x_wconf 80' lang='lat' dir='ltr'><strong>sunt,</strong></span> <span class='ocrx_word' id='word_1_289' title='bbox 1211 3368 1347 3423; x_wconf 80' lang='lat' dir='ltr'><strong>Deus</strong></span> <span class='ocrx_word' id='word_1_290' title='bbox 1370 3369 1622 3423; x_wconf 79' lang='lat' dir='ltr'><strong>iudicabit</strong></span> <span class='ocrx_word' id='word_1_291' title='bbox 1659 3368 1758 3442; x_wconf 89' lang='lat' dir='ltr'><strong>(a).</strong></span> 
     </span>
    </p>
   </div>
   <div class='ocr_carea' id='block_1_42' title="bbox 550 3457 2056 3531">
    <p class='ocr_par' dir='ltr' id='par_1_42' title="bbox 550 3457 2056 3531">
     <span class='ocr_line' id='line_1_42' title="bbox 550 3457 2056 3531; baseline 0.001 -17"><span class='ocrx_word' id='word_1_292' title='bbox 550 3458 603 3514; x_wconf 77' lang='lat'><strong>5.</strong></span> <span class='ocrx_word' id='word_1_293' title='bbox 642 3459 911 3513; x_wconf 82' lang='lat' dir='ltr'><strong>Macarius</strong></span> <span class='ocrx_word' id='word_1_294' title='bbox 933 3457 1102 3513; x_wconf 90' lang='lat' dir='ltr'><strong>abbas</strong></span> <span class='ocrx_word' id='word_1_295' title='bbox 1119 3458 1415 3528; x_wconf 89' lang='lat' dir='ltr'><strong>aliquando</strong></span> <span class='ocrx_word' id='word_1_296' title='bbox 1439 3476 1537 3530; x_wconf 91' lang='lat' dir='ltr'><strong>per</strong></span> <span class='ocrx_word' id='word_1_297' title='bbox 1559 3470 1795 3530; x_wconf 86' lang='lat' dir='ltr'><strong>quatuor</strong></span> <span class='ocrx_word' id='word_1_298' title='bbox 1813 3460 2056 3531; x_wconf 89' lang='lat' dir='ltr'><strong>integros</strong></span> 
     </span>
    </p>
   </div>
   <div class='ocr_carea' id='block_1_43' title="bbox 479 3552 2052 3625">
    <p class='ocr_par' dir='ltr' id='par_1_43' title="bbox 479 3552 2052 3625">
     <span class='ocr_line' id='line_1_43' title="bbox 479 3552 2052 3625; baseline 0.002 -20"><span class='ocrx_word' id='word_1_299' title='bbox 479 3566 721 3606; x_wconf 45' lang='lat' dir='ltr'><strong>menses.</strong></span> <span class='ocrx_word' id='word_1_300' title='bbox 780 3552 1027 3621; x_wconf 88' lang='lat' dir='ltr'><strong>quotidie</strong></span> <span class='ocrx_word' id='word_1_301' title='bbox 1101 3552 1358 3607; x_wconf 88' lang='lat' dir='ltr'><strong>visitabat</strong></span> <span class='ocrx_word' id='word_1_302' title='bbox 1422 3552 1650 3607; x_wconf 82' lang='lat' dir='ltr'><strong>fratrem</strong></span> <span class='ocrx_word' id='word_1_303' title='bbox 1729 3553 2000 3625; x_wconf 86' lang='lat' dir='ltr'><strong>quendam</strong></span> <span class='ocrx_word' id='word_1_304' title='bbox 2037 3594 2052 3616; x_wconf 95' lang='lat'><strong>,</strong></span> 
     </span>
    </p>
   </div>
   <div class='ocr_carea' id='block_1_44' title="bbox 482 3640 2056 3711">
    <p class='ocr_par' dir='ltr' id='par_1_44' title="bbox 482 3640 2056 3711">
     <span class='ocr_line' id='line_1_44' title="bbox 482 3640 2056 3711; baseline -0.001 -17"><span class='ocrx_word' id='word_1_305' title='bbox 482 3655 659 3710; x_wconf 89' lang='lat' dir='ltr'><strong>neque</strong></span> <span class='ocrx_word' id='word_1_306' title='bbox 710 3655 975 3710; x_wconf 89' lang='lat' dir='ltr'><strong>unquam,</strong></span> <span class='ocrx_word' id='word_1_307' title='bbox 1020 3655 1089 3695; x_wconf 90' lang='lat' dir='ltr'><strong>ne</strong></span> <span class='ocrx_word' id='word_1_308' title='bbox 1139 3642 1307 3696; x_wconf 88' lang='lat' dir='ltr'><strong>semel</strong></span> <span class='ocrx_word' id='word_1_309' title='bbox 1354 3641 1600 3711; x_wconf 89' lang='lat' dir='ltr'><strong>quidem,</strong></span> <span class='ocrx_word' id='word_1_310' title='bbox 1660 3640 1870 3696; x_wconf 88' lang='lat' dir='ltr'><strong>invenit</strong></span> <span class='ocrx_word' id='word_1_311' title='bbox 1928 3656 2056 3697; x_wconf 89' lang='lat' dir='ltr'><strong>eum</strong></span> 
     </span>
    </p>
   </div>
   <div class='ocr_carea' id='block_1_45' title="bbox 480 3731 2049 3804">
    <p class='ocr_par' dir='ltr' id='par_1_45' title="bbox 480 3731 2049 3804">
     <span class='ocr_line' id='line_1_45' title="bbox 480 3731 2049 3804; baseline -0.001 -18"><span class='ocrx_word' id='word_1_312' title='bbox 480 3732 765 3787; x_wconf 78' lang='lat' dir='ltr'><strong>vacantem</strong></span> <span class='ocrx_word' id='word_1_313' title='bbox 813 3731 881 3787; x_wconf 88' lang='lat' dir='ltr'><strong>ab</strong></span> <span class='ocrx_word' id='word_1_314' title='bbox 928 3733 1198 3788; x_wconf 91' lang='lat' dir='ltr'><strong>oratione.</strong></span> <span class='ocrx_word' id='word_1_315' title='bbox 1270 3734 1587 3790; x_wconf 83' lang='lat' dir='ltr'><strong>Admiratus</strong></span> <span class='ocrx_word' id='word_1_316' title='bbox 1649 3732 1817 3804; x_wconf 79' lang='lat' dir='ltr'><strong>igitur</strong></span> <span class='ocrx_word' id='word_1_317' title='bbox 1872 3732 2049 3789; x_wconf 79' lang='lat' dir='ltr'><strong>dixit:</strong></span> 
     </span>
    </p>
   </div>
   <div class='ocr_carea' id='block_1_46' title="bbox 482 3823 1207 3895">
    <p class='ocr_par' dir='ltr' id='par_1_46' title="bbox 482 3823 1207 3895">
     <span class='ocr_line' id='line_1_46' title="bbox 482 3823 1207 3895; baseline 0 -17"><span class='ocrx_word' id='word_1_318' title='bbox 482 3823 621 3878; x_wconf 83' lang='lat' dir='ltr'><strong>Ecce</strong></span> <span class='ocrx_word' id='word_1_319' title='bbox 647 3825 925 3880; x_wconf 89' lang='lat' dir='ltr'><strong>terrestris</strong></span> <span class='ocrx_word' id='word_1_320' title='bbox 947 3825 1207 3895; x_wconf 83' lang='lat' dir='ltr'><strong>angelus!</strong></span> 
     </span>
    </p>
   </div>
   <div class='ocr_carea' id='block_1_47' title="bbox 2137 2350 3721 2429">
    <p class='ocr_par' dir='ltr' id='par_1_47' title="bbox 2137 2350 3721 2429">
     <span class='ocr_line' id='line_1_47' title="bbox 2137 2350 3721 2429; baseline -0.008 -15"><span class='ocrx_word' id='word_1_321' title='bbox 2137 2360 2387 2429; x_wconf 81' lang='grc' dir='ltr'>λέγουσιν</span> <span class='ocrx_word' id='word_1_322' title='bbox 2424 2353 2572 2423; x_wconf 74' lang='grc' dir='ltr'><strong>αὐτῷ</strong></span> <span class='ocrx_word' id='word_1_323' title='bbox 2604 2354 2815 2421; x_wconf 84' lang='grc' dir='ltr'><strong>φαγεῖν.</strong></span> <span class='ocrx_word' id='word_1_324' title='bbox 2856 2352 2885 2403; x_wconf 91' lang='lat'><strong>6</strong></span> <span class='ocrx_word' id='word_1_325' title='bbox 2920 2352 2976 2404; x_wconf 80' lang='grc' dir='ltr'>δὲ</span> <span class='ocrx_word' id='word_1_326' title='bbox 3002 2351 3102 2403; x_wconf 76' lang='grc' dir='ltr'>οὐκ</span> <span class='ocrx_word' id='word_1_327' title='bbox 3141 2350 3355 2421; x_wconf 69' lang='grc' dir='ltr'><strong>ἢθελεν,</strong></span> <span class='ocrx_word' id='word_1_328' title='bbox 3391 2351 3508 2404; x_wconf 81' lang='grc' dir='ltr'>ἀλλ’</span> <span class='ocrx_word' id='word_1_329' title='bbox 3539 2350 3721 2419; x_wconf 59' lang='grc' dir='ltr'>ἔλεγεν</span> 
     </span>
    </p>
   </div>
   <div class='ocr_carea' id='block_1_48' title="bbox 2139 2444 3724 2519">
    <p class='ocr_par' dir='ltr' id='par_1_48' title="bbox 2139 2444 3724 2519">
     <span class='ocr_line' id='line_1_48' title="bbox 2139 2444 3724 2519; baseline -0.006 -13"><span class='ocrx_word' id='word_1_330' title='bbox 2139 2453 2339 2515; x_wconf 71' lang='grc' dir='ltr'><strong>αὐτοῖς’</strong></span> <span class='ocrx_word' id='word_1_331' title='bbox 2363 2449 2521 2519; x_wconf 81' lang='grc' dir='ltr'>ὑμεῖς</span> <span class='ocrx_word' id='word_1_332' title='bbox 2541 2445 2729 2517; x_wconf 77' lang='grc' dir='ltr'><strong>χρείαν</strong></span> <span class='ocrx_word' id='word_1_333' title='bbox 2768 2445 2919 2515; x_wconf 80' lang='grc' dir='ltr'><strong>ἔχετε</strong></span> <span class='ocrx_word' id='word_1_334' title='bbox 2946 2446 3159 2512; x_wconf 82' lang='grc' dir='ltr'><strong>φαγεῖν,</strong></span> <span class='ocrx_word' id='word_1_335' title='bbox 3187 2444 3375 2497; x_wconf 75' lang='grc' dir='ltr'><strong>τέκναο</strong></span> <span class='ocrx_word' id='word_1_336' title='bbox 3406 2445 3593 2517; x_wconf 75' lang='grc' dir='ltr'><strong>ἀκμὴν</strong></span> <span class='ocrx_word' id='word_1_337' title='bbox 3620 2444 3724 2516; x_wconf 76' lang='grc' dir='ltr'><strong>γὰρ</strong></span> 
     </span>
    </p>
   </div>
   <div class='ocr_carea' id='block_1_49' title="bbox 2144 2535 3306 2616">
    <p class='ocr_par' dir='ltr' id='par_1_49' title="bbox 2144 2535 3306 2616">
     <span class='ocr_line' id='line_1_49' title="bbox 2144 2535 3306 2616; baseline -0.007 -17"><span class='ocrx_word' id='word_1_338' title='bbox 2144 2543 2282 2616; x_wconf 76' lang='grc' dir='ltr'>σάρξ</span> <span class='ocrx_word' id='word_1_339' title='bbox 2304 2544 2448 2596; x_wconf 66' lang='grc' dir='ltr'><strong>ἐστε·</strong></span> <span class='ocrx_word' id='word_1_340' title='bbox 2481 2536 2591 2606; x_wconf 71' lang='grc' dir='ltr'><strong>ἐγὼ</strong></span> <span class='ocrx_word' id='word_1_341' title='bbox 2621 2538 2678 2591; x_wconf 84' lang='grc' dir='ltr'>δὲ</span> <span class='ocrx_word' id='word_1_342' title='bbox 2705 2536 2799 2590; x_wconf 73' lang='grc' dir='ltr'><strong>νῦν</strong></span> <span class='ocrx_word' id='word_1_343' title='bbox 2825 2537 2887 2589; x_wconf 85' lang='grc' dir='ltr'>οὐ</span> <span class='ocrx_word' id='word_1_344' title='bbox 2918 2535 3055 2589; x_wconf 85' lang='grc' dir='ltr'><strong>Θέλω</strong></span> <span class='ocrx_word' id='word_1_345' title='bbox 3088 2539 3306 2606; x_wconf 79' lang='grc' dir='ltr'>φαγεῖν.</span> 
     </span>
    </p>
   </div>
   <div class='ocr_carea' id='block_1_50' title="bbox 2214 2730 3724 2811">
    <p class='ocr_par' dir='ltr' id='par_1_50' title="bbox 2214 2730 3724 2811">
     <span class='ocr_line' id='line_1_50' title="bbox 2214 2730 3724 2811; baseline -0.009 -17"><span class='ocrx_word' id='word_1_346' title='bbox 2214 2739 2271 2794; x_wconf 76' lang='lat'><strong>2.</strong></span> <span class='ocrx_word' id='word_1_347' title='bbox 2314 2735 2629 2811; x_wconf 77' lang='grc' dir='ltr'>Παρέὁαλεν</span> <span class='ocrx_word' id='word_1_348' title='bbox 2666 2734 2695 2786; x_wconf 93' lang='lat'><strong>6</strong></span> <span class='ocrx_word' id='word_1_349' title='bbox 2733 2733 2907 2797; x_wconf 80' lang='grc' dir='ltr'><strong>ἀϐδᾶς</strong></span> <span class='ocrx_word' id='word_1_350' title='bbox 2936 2732 3220 2801; x_wconf 81' lang='grc' dir='ltr'><strong>Μακάριος</strong></span> <span class='ocrx_word' id='word_1_351' title='bbox 3270 2732 3412 2803; x_wconf 83' lang='grc' dir='ltr'>πρὸς</span> <span class='ocrx_word' id='word_1_352' title='bbox 3439 2731 3533 2784; x_wconf 79' lang='grc' dir='ltr'>τὸν</span> <span class='ocrx_word' id='word_1_353' title='bbox 3557 2730 3724 2785; x_wconf 74' lang='grc' dir='ltr'><strong>ἁϐδᾶν</strong></span> 
     </span>
    </p>
   </div>
   <div class='ocr_carea' id='block_1_51' title="bbox 2148 2819 3726 2903">
    <p class='ocr_par' dir='ltr' id='par_1_51' title="bbox 2148 2819 3726 2903">
     <span class='ocr_line' id='line_1_51' title="bbox 2148 2819 3726 2903; baseline -0.008 -17"><span class='ocrx_word' id='word_1_354' title='bbox 2148 2830 2440 2903; x_wconf 86' lang='grc' dir='ltr'>Παχώμιον</span> <span class='ocrx_word' id='word_1_355' title='bbox 2463 2827 2572 2880; x_wconf 84' lang='grc' dir='ltr'>τῶν</span> <span class='ocrx_word' id='word_1_356' title='bbox 2595 2822 3070 2894; x_wconf 72' lang='grc' dir='ltr'><strong>Ταὸεννησιωτῶνο</strong></span> <span class='ocrx_word' id='word_1_357' title='bbox 3096 2824 3125 2875; x_wconf 86' lang='lat'><strong>6</strong></span> <span class='ocrx_word' id='word_1_358' title='bbox 3146 2822 3200 2875; x_wconf 83' lang='grc' dir='ltr'>δὲ</span> <span class='ocrx_word' id='word_1_359' title='bbox 3222 2822 3520 2891; x_wconf 85' lang='grc' dir='ltr'>Παχώμιος</span> <span class='ocrx_word' id='word_1_360' title='bbox 3548 2819 3726 2890; x_wconf 77' lang='grc' dir='ltr'><strong>ἠρώτα</strong></span> 
     </span>
    </p>
   </div>
   <div class='ocr_carea' id='block_1_52' title="bbox 2150 2914 3723 2989">
    <p class='ocr_par' dir='ltr' id='par_1_52' title="bbox 2150 2914 3723 2989">
     <span class='ocr_line' id='line_1_52' title="bbox 2150 2914 3723 2989; baseline -0.009 -12"><span class='ocrx_word' id='word_1_361' title='bbox 2150 2924 2310 2978; x_wconf 79' lang='grc' dir='ltr'>αὑτὸν</span> <span class='ocrx_word' id='word_1_362' title='bbox 2358 2921 2551 2989; x_wconf 79' lang='grc' dir='ltr'>λέγων·</span> <span class='ocrx_word' id='word_1_363' title='bbox 2587 2919 2675 2972; x_wconf 82' lang='grc' dir='ltr'><strong>ὅτε</strong></span> <span class='ocrx_word' id='word_1_364' title='bbox 2704 2917 2843 2969; x_wconf 71' lang='grc' dir='ltr'>εἰσὶν</span> <span class='ocrx_word' id='word_1_365' title='bbox 2874 2915 3097 2983; x_wconf 74' lang='grc' dir='ltr'>ἀδελφοὶ</span> <span class='ocrx_word' id='word_1_366' title='bbox 3125 2915 3355 2969; x_wconf 77' lang='grc' dir='ltr'>ἄτακτοι</span> <span class='ocrx_word' id='word_1_367' title='bbox 3374 2955 3390 2980; x_wconf 88' lang='grc'><em>,</em></span> <span class='ocrx_word' id='word_1_368' title='bbox 3424 2914 3585 2967; x_wconf 84' lang='grc' dir='ltr'>καλόν</span> <span class='ocrx_word' id='word_1_369' title='bbox 3616 2914 3723 2964; x_wconf 77' lang='grc' dir='ltr'><strong>ἐστι</strong></span> 
     </span>
    </p>
   </div>
   <div class='ocr_carea' id='block_1_53' title="bbox 2152 3004 3723 3077">
    <p class='ocr_par' dir='ltr' id='par_1_53' title="bbox 2152 3004 3723 3077">
     <span class='ocr_line' id='line_1_53' title="bbox 2152 3004 3723 3077; baseline -0.01 -7"><span class='ocrx_word' id='word_1_370' title='bbox 2152 3013 2440 3070; x_wconf 80' lang='grc' dir='ltr'>παιδεῦσαι</span> <span class='ocrx_word' id='word_1_371' title='bbox 2476 3011 2709 3074; x_wconf 51' lang='grc' dir='ltr'><strong>αὐτούς</strong></span> <span class='ocrx_word' id='word_1_372' title='bbox 2751 3008 2900 3077; x_wconf 83' lang='grc' dir='ltr'>λέγει</span> <span class='ocrx_word' id='word_1_373' title='bbox 2939 3007 3088 3077; x_wconf 74' lang='grc' dir='ltr'><strong>αὐτῷ</strong></span> <span class='ocrx_word' id='word_1_374' title='bbox 3127 3007 3156 3057; x_wconf 91' lang='lat'><strong>6</strong></span> <span class='ocrx_word' id='word_1_375' title='bbox 3194 3005 3373 3069; x_wconf 74' lang='grc' dir='ltr'>άϐϐᾶς</span> <span class='ocrx_word' id='word_1_376' title='bbox 3426 3004 3723 3073; x_wconf 54' lang='grc' dir='ltr'>Μακάριος</span> 
     </span>
    </p>
   </div>
   <div class='ocr_carea' id='block_1_54' title="bbox 2153 3090 3726 3169">
    <p class='ocr_par' dir='ltr' id='par_1_54' title="bbox 2153 3090 3726 3169">
     <span class='ocr_line' id='line_1_54' title="bbox 2153 3090 3726 3169; baseline -0.01 -12"><span class='ocrx_word' id='word_1_377' title='bbox 2153 3103 2463 3165; x_wconf 80' lang='grc' dir='ltr'><strong>παίδευσον,</strong></span> <span class='ocrx_word' id='word_1_378' title='bbox 2506 3099 2602 3152; x_wconf 76' lang='grc' dir='ltr'>καὶ</span> <span class='ocrx_word' id='word_1_379' title='bbox 2642 3100 2826 3169; x_wconf 88' lang='grc' dir='ltr'>κρῖνον</span> <span class='ocrx_word' id='word_1_380' title='bbox 2864 3095 3087 3156; x_wconf 79' lang='grc' dir='ltr'>δικαίως</span> <span class='ocrx_word' id='word_1_381' title='bbox 3114 3094 3241 3158; x_wconf 79' lang='grc' dir='ltr'>τοὺς</span> <span class='ocrx_word' id='word_1_382' title='bbox 3271 3094 3382 3147; x_wconf 81' lang='grc' dir='ltr'>ὑπὸ</span> <span class='ocrx_word' id='word_1_383' title='bbox 3420 3093 3499 3145; x_wconf 81' lang='grc' dir='ltr'><strong>σέ·</strong></span> <span class='ocrx_word' id='word_1_384' title='bbox 3532 3092 3634 3159; x_wconf 77' lang='grc' dir='ltr'><strong>ἔξω</strong></span> <span class='ocrx_word' id='word_1_385' title='bbox 3674 3090 3726 3143; x_wconf 70' lang='grc' dir='ltr'>δὲ</span> 
     </span>
    </p>
   </div>
   <div class='ocr_carea' id='block_1_55' title="bbox 2159 3183 3727 3267">
    <p class='ocr_par' dir='ltr' id='par_1_55' title="bbox 2159 3183 3727 3267">
     <span class='ocr_line' id='line_1_55' title="bbox 2159 3183 3727 3267; baseline -0.011 -17"><span class='ocrx_word' id='word_1_386' title='bbox 2159 3197 2234 3267; x_wconf 83' lang='grc' dir='ltr'>μὴ</span> <span class='ocrx_word' id='word_1_387' title='bbox 2270 3194 2461 3267; x_wconf 81' lang='grc' dir='ltr'><strong>κρίνῃς</strong></span> <span class='ocrx_word' id='word_1_388' title='bbox 2508 3193 2681 3255; x_wconf 80' lang='grc' dir='ltr'>τινάς.</span> <span class='ocrx_word' id='word_1_389' title='bbox 2734 3189 3038 3259; x_wconf 78' lang='grc' dir='ltr'>γέγραπται</span> <span class='ocrx_word' id='word_1_390' title='bbox 3071 3186 3212 3257; x_wconf 74' lang='grc' dir='ltr'>γάρ’</span> <span class='ocrx_word' id='word_1_391' title='bbox 3262 3186 3403 3254; x_wconf 73' lang='grc' dir='ltr'>οὺχλ</span> <span class='ocrx_word' id='word_1_392' title='bbox 3450 3183 3591 3250; x_wconf 81' lang='grc' dir='ltr'>τοὺς</span> <span class='ocrx_word' id='word_1_393' title='bbox 3615 3183 3727 3236; x_wconf 75' lang='grc' dir='ltr'><strong>ἔσω</strong></span> 
     </span>
    </p>
   </div>
   <div class='ocr_carea' id='block_1_56' title="bbox 2153 3276 3519 3359">
    <p class='ocr_par' dir='ltr' id='par_1_56' title="bbox 2153 3276 3519 3359">
     <span class='ocr_line' id='line_1_56' title="bbox 2153 3276 3519 3359; baseline -0.01 -16"><span class='ocrx_word' id='word_1_394' title='bbox 2153 3289 2322 3359; x_wconf 81' lang='grc' dir='ltr'><strong>ὑμεῖς</strong></span> <span class='ocrx_word' id='word_1_395' title='bbox 2354 3287 2624 3355; x_wconf 79' lang='grc' dir='ltr'><strong>κρίνετε;</strong></span> <span class='ocrx_word' id='word_1_396' title='bbox 2658 3282 2800 3348; x_wconf 83' lang='grc' dir='ltr'>τοὺς</span> <span class='ocrx_word' id='word_1_397' title='bbox 2830 3281 2898 3333; x_wconf 80' lang='grc' dir='ltr'>δὲ</span> <span class='ocrx_word' id='word_1_398' title='bbox 2922 3280 3038 3345; x_wconf 81' lang='grc' dir='ltr'><strong>ἔξω</strong></span> <span class='ocrx_word' id='word_1_399' title='bbox 3069 3282 3101 3333; x_wconf 85' lang='grc' dir='ltr'><strong><em>ό</em></strong></span> <span class='ocrx_word' id='word_1_400' title='bbox 3133 3277 3278 3343; x_wconf 85' lang='grc' dir='ltr'><strong>Θεὸς</strong></span> <span class='ocrx_word' id='word_1_401' title='bbox 3305 3276 3519 3347; x_wconf 78' lang='grc' dir='ltr'>κρινεῖ.</span> 
     </span>
    </p>
   </div>
   <div class='ocr_carea' id='block_1_57' title="bbox 2223 3453 3727 3530">
    <p class='ocr_par' dir='ltr' id='par_1_57' title="bbox 2223 3453 3727 3530">
     <span class='ocr_line' id='line_1_57' title="bbox 2223 3453 3727 3530; baseline -0.009 -13"><span class='ocrx_word' id='word_1_402' title='bbox 2223 3466 2277 3519; x_wconf 82' lang='lat'><strong>5.</strong></span> <span class='ocrx_word' id='word_1_403' title='bbox 2320 3460 2573 3530; x_wconf 77' lang='grc' dir='ltr'><strong>Ἐποίησὲ</strong></span> <span class='ocrx_word' id='word_1_404' title='bbox 2607 3476 2735 3513; x_wconf 87' lang='grc' dir='ltr'>ποτε</span> <span class='ocrx_word' id='word_1_405' title='bbox 2769 3460 2797 3511; x_wconf 95' lang='lat'><strong>6</strong></span> <span class='ocrx_word' id='word_1_406' title='bbox 2826 3457 2999 3521; x_wconf 79' lang='grc' dir='ltr'>άδΰᾶς</span> <span class='ocrx_word' id='word_1_407' title='bbox 3030 3455 3323 3526; x_wconf 77' lang='grc' dir='ltr'>Μακάριος</span> <span class='ocrx_word' id='word_1_408' title='bbox 3374 3453 3727 3525; x_wconf 80' lang='grc' dir='ltr'><strong>τετράμηνον,</strong></span> 
     </span>
    </p>
   </div>
   <div class='ocr_carea' id='block_1_58' title="bbox 2155 3536 3732 3625">
    <p class='ocr_par' dir='ltr' id='par_1_58' title="bbox 2155 3536 3732 3625">
     <span class='ocr_line' id='line_1_58' title="bbox 2155 3536 3732 3625; baseline -0.01 -18"><span class='ocrx_word' id='word_1_409' title='bbox 2155 3551 2520 3625; x_wconf 76' lang='grc' dir='ltr'>παραϐάλλων</span> <span class='ocrx_word' id='word_1_410' title='bbox 2553 3551 2660 3603; x_wconf 79' lang='grc' dir='ltr'>τινὶ</span> <span class='ocrx_word' id='word_1_411' title='bbox 2693 3548 2907 3617; x_wconf 79' lang='grc' dir='ltr'>ἀδελφῷ</span> <span class='ocrx_word' id='word_1_412' title='bbox 2934 3546 3285 3619; x_wconf 83' lang='grc' dir='ltr'>ήμερούσιον·</span> <span class='ocrx_word' id='word_1_413' title='bbox 3329 3545 3425 3600; x_wconf 77' lang='grc' dir='ltr'><strong>καὶ</strong></span> <span class='ocrx_word' id='word_1_414' title='bbox 3458 3546 3555 3613; x_wconf 83' lang='grc' dir='ltr'><strong>οὐχ</strong></span> <span class='ocrx_word' id='word_1_415' title='bbox 3585 3536 3732 3613; x_wconf 75' lang='grc' dir='ltr'>εὗρεν</span> 
     </span>
    </p>
   </div>
   <div class='ocr_carea' id='block_1_59' title="bbox 2154 3630 3729 3714">
    <p class='ocr_par' dir='ltr' id='par_1_59' title="bbox 2154 3630 3729 3714">
     <span class='ocr_line' id='line_1_59' title="bbox 2154 3630 3729 3714; baseline -0.007 -17"><span class='ocrx_word' id='word_1_416' title='bbox 2154 3644 2319 3697; x_wconf 83' lang='grc' dir='ltr'>αὑτὸν</span> <span class='ocrx_word' id='word_1_417' title='bbox 2350 3641 2713 3714; x_wconf 82' lang='grc' dir='ltr'>εὐκαιροῦντα</span> <span class='ocrx_word' id='word_1_418' title='bbox 2728 3640 2793 3712; x_wconf 64' lang='grc'><strong>⁸⁸)</strong></span> <span class='ocrx_word' id='word_1_419' title='bbox 2828 3640 2934 3693; x_wconf 78' lang='grc' dir='ltr'><strong>ἀπὸ</strong></span> <span class='ocrx_word' id='word_1_420' title='bbox 2957 3640 3054 3709; x_wconf 86' lang='grc' dir='ltr'><strong>τῆς</strong></span> <span class='ocrx_word' id='word_1_421' title='bbox 3086 3638 3406 3709; x_wconf 74' lang='grc' dir='ltr'>προσευχῆς</span> <span class='ocrx_word' id='word_1_422' title='bbox 3432 3636 3553 3689; x_wconf 80' lang='grc' dir='ltr'>οὐδὲ</span> <span class='ocrx_word' id='word_1_423' title='bbox 3574 3630 3729 3696; x_wconf 76' lang='grc' dir='ltr'>ἅπαξ.</span> 
     </span>
    </p>
   </div>
   <div class='ocr_carea' id='block_1_60' title="bbox 2162 3730 3521 3807">
    <p class='ocr_par' dir='ltr' id='par_1_60' title="bbox 2162 3730 3521 3807">
     <span class='ocr_line' id='line_1_60' title="bbox 2162 3730 3521 3807; baseline -0.007 -16"><span class='ocrx_word' id='word_1_424' title='bbox 2162 3737 2257 3791; x_wconf 75' lang='grc' dir='ltr'>καὶ</span> <span class='ocrx_word' id='word_1_425' title='bbox 2285 3736 2572 3807; x_wconf 80' lang='grc' dir='ltr'>θαυμάσας</span> <span class='ocrx_word' id='word_1_426' title='bbox 2611 3735 2815 3803; x_wconf 73' lang='grc' dir='ltr'>ἔλεγεν·</span> <span class='ocrx_word' id='word_1_427' title='bbox 2854 3730 2960 3786; x_wconf 78' lang='grc' dir='ltr'>ἰδοὺ</span> <span class='ocrx_word' id='word_1_428' title='bbox 2990 3731 3232 3798; x_wconf 77' lang='grc' dir='ltr'><strong>ἐπίγειος</strong></span> <span class='ocrx_word' id='word_1_429' title='bbox 3262 3730 3521 3799; x_wconf 76' lang='grc' dir='ltr'>ἄγγελος.</span> 
     </span>
    </p>
   </div>
   <div class='ocr_carea' id='block_1_61' title="bbox 1768 3918 2469 3977">
    <p class='ocr_par' dir='ltr' id='par_1_61' title="bbox 1768 3918 2469 3977">
     <span class='ocr_line' id='line_1_61' title="bbox 1768 3918 2469 3977; baseline -0.004 -1"><span class='ocrx_word' id='word_1_430' title='bbox 1768 3921 2025 3977; x_wconf 79' lang='lat' dir='ltr'><strong>VARIAE</strong></span> <span class='ocrx_word' id='word_1_431' title='bbox 2062 3918 2469 3975; x_wconf 84' lang='lat' dir='ltr'><strong>LECTIONES.</strong></span> 
     </span>
    </p>
   </div>
   <div class='ocr_carea' id='block_1_62' title="bbox 1991 4060 2244 4118">
    <p class='ocr_par' dir='ltr' id='par_1_62' title="bbox 1991 4060 2244 4118">
     <span class='ocr_line' id='line_1_62' title="bbox 1991 4060 2244 4118; baseline -0.02 0"><span class='ocrx_word' id='word_1_432' title='bbox 1991 4060 2244 4118; x_wconf 85' lang='lat' dir='ltr'><strong>NOTAE.</strong></span> 
     </span>
    </p>
   </div>
   <div class='ocr_carea' id='block_1_63' title="bbox 553 3985 1083 4057">
    <p class='ocr_par' dir='ltr' id='par_1_63' title="bbox 553 3985 1083 4057">
     <span class='ocr_line' id='line_1_63' title="bbox 553 3985 1083 4057; baseline 0.002 -18"><span class='ocrx_word' id='word_1_433' title='bbox 553 3985 600 4017; x_wconf 77' lang='lat'><strong>“</strong></span> <span class='ocrx_word' id='word_1_434' title='bbox 630 3986 717 4040; x_wconf 89' lang='lat' dir='ltr'><strong>Al.</strong></span> <span class='ocrx_word' id='word_1_435' title='bbox 759 3987 1083 4057; x_wconf 86' lang='grc' dir='ltr'><strong>ἀμελοῦντα.</strong></span> 
     </span>
    </p>
   </div>
   <div class='ocr_carea' id='block_1_64' title="bbox 551 4123 1168 4196">
    <p class='ocr_par' dir='ltr' id='par_1_64' title="bbox 551 4123 1168 4196">
     <span class='ocr_line' id='line_1_64' title="bbox 551 4123 1168 4196; baseline 0 -16"><span class='ocrx_word' id='word_1_436' title='bbox 551 4123 639 4196; x_wconf 91' lang='lat' dir='ltr'><strong>(a)</strong></span> <span class='ocrx_word' id='word_1_437' title='bbox 667 4124 689 4179; x_wconf 84' lang='lat'>1</span> <span class='ocrx_word' id='word_1_438' title='bbox 713 4124 841 4181; x_wconf 88' lang='lat' dir='ltr'><strong>Cor.</strong></span> <span class='ocrx_word' id='word_1_439' title='bbox 875 4143 929 4191; x_wconf 79' lang='grc' dir='ltr'><strong>ν,</strong></span> <span class='ocrx_word' id='word_1_440' title='bbox 962 4125 1051 4191; x_wconf 72' lang='lat' dir='ltr'><strong>ia,</strong></span> <span class='ocrx_word' id='word_1_441' title='bbox 1080 4126 1168 4180; x_wconf 70' lang='grc' dir='ltr'><strong>ιδ.</strong></span> 
     </span>
    </p>
   </div>
   <div class='ocr_carea' id='block_1_65' title="bbox 516 4302 3713 4351">
    <p class='ocr_par' dir='ltr' id='par_1_65' title="bbox 516 4302 3713 4351">
     <span class='ocr_line' id='line_1_65' title="bbox 516 4302 3713 4351; baseline 0 -4"><span class='ocrx_word' id='word_1_442' title='bbox 516 4302 3713 4351; x_wconf 58' lang='lat' dir='ltr'>W</span> 
     </span>
    </p>
   </div>
   <div class='ocr_carea' id='block_1_66' title="bbox 1271 4486 2060 4601">
    <p class='ocr_par' dir='ltr' id='par_1_66' title="bbox 1271 4486 2060 4601">
     <span class='ocr_line' id='line_1_66' title="bbox 1271 4486 2060 4601; baseline -0.013 0"><span class='ocrx_word' id='word_1_443' title='bbox 1271 4486 1556 4601; x_wconf 74' lang='lat' dir='ltr'><strong>J0.</strong></span> <span class='ocrx_word' id='word_1_444' title='bbox 1663 4486 2060 4598; x_wconf 74' lang='grc' dir='ltr'><strong>εΔι.</strong></span> 
     </span>
    </p>
   </div>
   <div class='ocr_carea' id='block_1_67' title="bbox 2179 4484 2978 4599">
    <p class='ocr_par' dir='ltr' id='par_1_67' title="bbox 2179 4484 2978 4599">
     <span class='ocr_line' id='line_1_67' title="bbox 2179 4484 2978 4599; baseline 0 -2"><span class='ocrx_word' id='word_1_445' title='bbox 2179 4484 2978 4599; x_wconf 67' lang='grc' dir='ltr'>εειιιιῑιιι</span> 
     </span>
    </p>
   </div>
   <div class='ocr_carea' id='block_1_68' title="bbox 968 4675 3258 4743">
    <p class='ocr_par' dir='ltr' id='par_1_68' title="bbox 968 4675 3258 4743">
     <span class='ocr_line' id='line_1_68' title="bbox 968 4675 3258 4743; baseline -0.002 -2"><span class='ocrx_word' id='word_1_446' title='bbox 968 4681 1615 4743; x_wconf 82' lang='lat' dir='ltr'><strong>DISSERTATIONES</strong></span> <span class='ocrx_word' id='word_1_447' title='bbox 1655 4682 1857 4742; x_wconf 88' lang='lat' dir='ltr'><strong>DUAE</strong></span> <span class='ocrx_word' id='word_1_448' title='bbox 1899 4681 1997 4742; x_wconf 88' lang='lat' dir='ltr'><strong>DE</strong></span> <span class='ocrx_word' id='word_1_449' title='bbox 2038 4680 2379 4740; x_wconf 83' lang='lat' dir='ltr'><strong>SCRIPTIS</strong></span> <span class='ocrx_word' id='word_1_450' title='bbox 2419 4681 2482 4741; x_wconf 91' lang='lat' dir='ltr'><strong>S.</strong></span> <span class='ocrx_word' id='word_1_451' title='bbox 2526 4680 2842 4740; x_wconf 83' lang='lat' dir='ltr'><strong>MACARII</strong></span> <span class='ocrx_word' id='word_1_452' title='bbox 2882 4675 3258 4737; x_wconf 84' lang='lat' dir='ltr'><strong>AEGYPTII.</strong></span> 
     </span>
    </p>
   </div>
   <div class='ocr_carea' id='block_1_69' title="bbox 1459 4902 2784 4995">
    <p class='ocr_par' dir='ltr' id='par_1_69' title="bbox 1459 4902 2784 4995">
     <span class='ocr_line' id='line_1_69' title="bbox 1459 4902 2784 4995; baseline -0.001 -3"><span class='ocrx_word' id='word_1_453' title='bbox 1459 4902 2257 4995; x_wconf 78' lang='lat' dir='ltr'><strong>DISSERTATIO</strong></span> <span class='ocrx_word' id='word_1_454' title='bbox 2364 4902 2784 4995; x_wconf 81' lang='lat' dir='ltr'><strong>PRIOR.</strong></span> 
     </span>
    </p>
   </div>
   <div class='ocr_carea' id='block_1_70' title="bbox 492 5049 3729 5139">
    <p class='ocr_par' dir='ltr' id='par_1_70' title="bbox 492 5049 3729 5139">
     <span class='ocr_line' id='line_1_70' title="bbox 492 5049 3729 5139; baseline 0.004 -28"><span class='ocrx_word' id='word_1_455' title='bbox 492 5052 1044 5139; x_wconf 40' lang='lat' dir='ltr'><strong>Specimennexaminis</strong></span> <span class='ocrx_word' id='word_1_456' title='bbox 1076 5061 1242 5139; x_wconf 79' lang='lat' dir='ltr'><strong>critici</strong></span> <span class='ocrx_word' id='word_1_457' title='bbox 1272 5058 1503 5139; x_wconf 69' lang='lat' dir='ltr'><strong>Operun:</strong></span> <span class='ocrx_word' id='word_1_458' title='bbox 1524 5078 1665 5139; x_wconf 67' lang='lat' dir='ltr'><strong>quae</strong></span> <span class='ocrx_word' id='word_1_459' title='bbox 1696 5060 1774 5114; x_wconf 83' lang='lat' dir='ltr'><strong>ita</strong></span> <span class='ocrx_word' id='word_1_460' title='bbox 1806 5059 2317 5139; x_wconf 57' lang='lat' dir='ltr'><strong>feruntiir_Mgcgrii,</strong></span> <span class='ocrx_word' id='word_1_461' title='bbox 2345 5061 3062 5139; x_wconf 49' lang='lat' dir='ltr'><strong>sybjactissingosfcstosque</strong></span> <span class='ocrx_word' id='word_1_462' title='bbox 3086 5068 3205 5139; x_wconf 68' lang='lat' dir='ltr'><strong>dies</strong></span> <span class='ocrx_word' id='word_1_463' title='bbox 3222 5064 3428 5139; x_wconf 61' lang='lat' dir='ltr'><strong>Christo</strong></span> <span class='ocrx_word' id='word_1_464' title='bbox 3456 5058 3518 5139; x_wconf 52' lang='lat' dir='ltr'><strong>ab</strong></span> <span class='ocrx_word' id='word_1_465' title='bbox 3560 5049 3729 5139; x_wconf 51' lang='grc' dir='ltr'><strong>ίηίθξξε</strong></span> 
     </span>
    </p>
   </div>
   <div class='ocr_carea' id='block_1_71' title="bbox 562 5126 3723 5209">
    <p class='ocr_par' dir='ltr' id='par_1_71' title="bbox 562 5126 3723 5209">
     <span class='ocr_line' id='line_1_71' title="bbox 562 5126 3723 5209; baseline 0.002 -28"><span class='ocrx_word' id='word_1_466' title='bbox 562 5126 1105 5209; x_wconf 56' lang='lat' dir='ltr'><strong>magniﬁccfegcunti</strong></span> <span class='ocrx_word' id='word_1_467' title='bbox 1130 5126 1329 5209; x_wconf 59' lang='lat' dir='ltr'><strong>sacros,</strong></span> <span class='ocrx_word' id='word_1_468' title='bbox 1359 5131 1479 5209; x_wconf 68' lang='lat' dir='ltr'><strong>boni</strong></span> <span class='ocrx_word' id='word_1_469' title='bbox 1504 5126 2097 5209; x_wconf 38' lang='grc' dir='ltr'><strong>ρὶηὶῃὶδ-οαιιεεςμλθέίξιέξε</strong></span> <span class='ocrx_word' id='word_1_470' title='bbox 2112 5130 2166 5209; x_wconf 87' lang='grc'><strong>.</strong></span> <span class='ocrx_word' id='word_1_471' title='bbox 2352 5130 2467 5187; x_wconf 82' lang='lat' dir='ltr'><strong>Sal.</strong></span> <span class='ocrx_word' id='word_1_472' title='bbox 2493 5134 2651 5190; x_wconf 87' lang='lat' dir='ltr'><strong>Thur.</strong></span> <span class='ocrx_word' id='word_1_473' title='bbox 2681 5133 2739 5190; x_wconf 88' lang='lat' dir='ltr'><strong>S.</strong></span> <span class='ocrx_word' id='word_1_474' title='bbox 2771 5126 2875 5192; x_wconf 71' lang='lat' dir='ltr'><strong>EL.</strong></span> <span class='ocrx_word' id='word_1_475' title='bbox 2904 5126 3165 5193; x_wconf 58' lang='lat' dir='ltr'><strong>S.&#39;Halae</strong></span> <span class='ocrx_word' id='word_1_476' title='bbox 3182 5130 3619 5209; x_wconf 53' lang='lat' dir='ltr'><strong>Magdcburgicaei</strong></span> <span class='ocrx_word' id='word_1_477' title='bbox 3650 5128 3723 5187; x_wconf 70' lang='grc' dir='ltr'><strong>ιν·</strong></span> 
     </span>
    </p>
   </div>
   <div class='ocr_carea' id='block_1_72' title="bbox 559 5195 2288 5273">
    <p class='ocr_par' dir='ltr' id='par_1_72' title="bbox 559 5195 2288 5273">
     <span class='ocr_line' id='line_1_72' title="bbox 559 5195 2288 5273; baseline 0.005 -27"><span class='ocrx_word' id='word_1_478' title='bbox 559 5195 641 5262; x_wconf 74' lang='lat' dir='ltr'><strong>pia</strong></span> <span class='ocrx_word' id='word_1_479' title='bbox 668 5195 890 5253; x_wconf 77' lang='lat' dir='ltr'><strong>Joannis</strong></span> <span class='ocrx_word' id='word_1_480' title='bbox 914 5197 1201 5254; x_wconf 80' lang='lat' dir='ltr'><strong>Christiani</strong></span> <span class='ocrx_word' id='word_1_481' title='bbox 1225 5200 1463 5255; x_wconf 82' lang='lat' dir='ltr'><strong>Hendelii</strong></span> <span class='ocrx_word' id='word_1_482' title='bbox 1486 5202 1650 5256; x_wconf 85' lang='lat' dir='ltr'><strong>Acad.</strong></span> <span class='ocrx_word' id='word_1_483' title='bbox 1677 5203 1804 5273; x_wconf 84' lang='lat' dir='ltr'><strong>Typ.</strong></span> <span class='ocrx_word' id='word_1_484' title='bbox 1830 5199 2152 5257; x_wconf 83' lang='lat' dir='ltr'><strong>MDCCXLV</strong></span> <span class='ocrx_word' id='word_1_485' title='bbox 2187 5201 2288 5273; x_wconf 91' lang='lat' dir='ltr'><strong>(a).</strong></span> 
     </span>
    </p>
   </div>
   <div class='ocr_carea' id='block_1_73' title="bbox 2068 5322 2139 5331">
    <p class='ocr_par' dir='ltr' id='par_1_73' title="bbox 2068 5322 2139 5331">
     <span class='ocr_line' id='line_1_73' title="bbox 2068 5322 2139 5331; baseline -0.028 0"><span class='ocrx_word' id='word_1_486' title='bbox 2068 5322 2139 5331; x_wconf 75' lang='grc'><strong>..-</strong></span> 
     </span>
    </p>
   </div>
   <div class='ocr_carea' id='block_1_74' title="bbox 564 5362 3719 5453">
    <p class='ocr_par' dir='ltr' id='par_1_74' title="bbox 564 5362 3719 5453">
     <span class='ocr_line' id='line_1_74' title="bbox 564 5362 3719 5453; baseline 0.002 -29"><span class='ocrx_word' id='word_1_487' title='bbox 564 5370 717 5442; x_wconf 79' lang='lat' dir='ltr'><strong>[Pag.</strong></span> <span class='ocrx_word' id='word_1_488' title='bbox 753 5371 810 5444; x_wconf 82' lang='lat'><strong>&#39;5]</strong></span> <span class='ocrx_word' id='word_1_489' title='bbox 840 5372 960 5426; x_wconf 82' lang='lat' dir='ltr'><strong>Viro</strong></span> <span class='ocrx_word' id='word_1_490' title='bbox 976 5391 1175 5430; x_wconf 82' lang='lat' dir='ltr'><strong>summe</strong></span> <span class='ocrx_word' id='word_1_491' title='bbox 1196 5378 1497 5443; x_wconf 77' lang='lat' dir='ltr'><strong>reverenda,</strong></span> <span class='ocrx_word' id='word_1_492' title='bbox 1532 5379 1878 5450; x_wconf 85' lang='lat' dir='ltr'><strong>amplissimo,</strong></span> <span class='ocrx_word' id='word_1_493' title='bbox 1912 5381 2213 5436; x_wconf 84' lang='lat' dir='ltr'><strong>doctissimo</strong></span> <span class='ocrx_word' id='word_1_494' title='bbox 2241 5382 2309 5435; x_wconf 90' lang='lat' dir='ltr'><strong>D.</strong></span> <span class='ocrx_word' id='word_1_495' title='bbox 2336 5382 2512 5437; x_wconf 84' lang='lat' dir='ltr'><strong>Gotth.</strong></span> <span class='ocrx_word' id='word_1_496' title='bbox 2556 5382 2794 5453; x_wconf 83' lang='lat' dir='ltr'><strong>Augusto</strong></span> <span class='ocrx_word' id='word_1_497' title='bbox 2820 5383 3100 5449; x_wconf 76' lang='lat' dir='ltr'><strong>Franckio,</strong></span> <span class='ocrx_word' id='word_1_498' title='bbox 3132 5382 3257 5438; x_wconf 84' lang='lat' dir='ltr'><strong>Fac.</strong></span> <span class='ocrx_word' id='word_1_499' title='bbox 3287 5378 3458 5437; x_wconf 77' lang='lat' dir='ltr'><strong>Theol.</strong></span> <span class='ocrx_word' id='word_1_500' title='bbox 3487 5370 3604 5430; x_wconf 75' lang='lat' dir='ltr'><strong>Hal.</strong></span> <span class='ocrx_word' id='word_1_501' title='bbox 3636 5362 3719 5422; x_wconf 68' lang='grc' dir='ltr'><strong>δι’</strong></span> 
     </span>
    </p>
   </div>
   <div class='ocr_carea' id='block_1_75' title="bbox 497 5460 3721 5545">
    <p class='ocr_par' dir='ltr' id='par_1_75' title="bbox 497 5460 3721 5545">
     <span class='ocr_line' id='line_1_75' title="bbox 497 5460 3721 5545; baseline -0.002 -31"><span class='ocrx_word' id='word_1_502' title='bbox 497 5461 653 5527; x_wconf 81' lang='lat' dir='ltr'><strong>niori,</strong></span> <span class='ocrx_word' id='word_1_503' title='bbox 681 5470 906 5533; x_wconf 80' lang='lat' dir='ltr'><strong>patrono</strong></span> <span class='ocrx_word' id='word_1_504' title='bbox 942 5480 1036 5518; x_wconf 79' lang='lat' dir='ltr'><strong>suo</strong></span> <span class='ocrx_word' id='word_1_505' title='bbox 1069 5481 1394 5537; x_wconf 79' lang='lat' dir='ltr'><strong>summopere</strong></span> <span class='ocrx_word' id='word_1_506' title='bbox 1422 5470 1743 5523; x_wconf 81' lang='lat' dir='ltr'><strong>venerando.</strong></span> <span class='ocrx_word' id='word_1_507' title='bbox 1779 5469 1930 5541; x_wconf 84' lang='lat' dir='ltr'><strong>[Pag.</strong></span> <span class='ocrx_word' id='word_1_508' title='bbox 1958 5470 2165 5543; x_wconf 76' lang='grc' dir='ltr'><strong>4.]γὶτο</strong></span> <span class='ocrx_word' id='word_1_509' title='bbox 2195 5489 2398 5527; x_wconf 81' lang='lat' dir='ltr'><strong>summe</strong></span> <span class='ocrx_word' id='word_1_510' title='bbox 2424 5474 2729 5541; x_wconf 81' lang='lat' dir='ltr'><strong>reverenda,</strong></span> <span class='ocrx_word' id='word_1_511' title='bbox 2757 5474 3105 5545; x_wconf 73' lang='lat' dir='ltr'><strong>amplissimo,</strong></span> <span class='ocrx_word' id='word_1_512' title='bbox 3136 5472 3428 5529; x_wconf 76' lang='lat' dir='ltr'><strong>doctissimo</strong></span> <span class='ocrx_word' id='word_1_513' title='bbox 3448 5467 3511 5522; x_wconf 87' lang='lat' dir='ltr'><strong>D.</strong></span> <span class='ocrx_word' id='word_1_514' title='bbox 3530 5460 3721 5531; x_wconf 84' lang='lat' dir='ltr'><strong>Sigism.</strong></span> 
     </span>
    </p>
   </div>
   <div class='ocr_carea' id='block_1_76' title="bbox 2008 5587 2263 5644">
    <p class='ocr_par' dir='ltr' id='par_1_76' title="bbox 2008 5587 2263 5644">
     <span class='ocr_line' id='line_1_76' title="bbox 2008 5587 2263 5644; baseline 0.012 -3"><span class='ocrx_word' id='word_1_515' title='bbox 2008 5587 2263 5644; x_wconf 83' lang='lat' dir='ltr'><strong>NOTAE.</strong></span> 
     </span>
    </p>
   </div>
   <div class='ocr_carea' id='block_1_77' title="bbox 572 5667 3721 5759">
    <p class='ocr_par' dir='ltr' id='par_1_77' title="bbox 572 5667 3721 5759">
     <span class='ocr_line' id='line_1_77' title="bbox 572 5667 3721 5759; baseline 0.003 -32"><span class='ocrx_word' id='word_1_516' title='bbox 572 5667 650 5739; x_wconf 90' lang='lat' dir='ltr'><strong>(a)</strong></span> <span class='ocrx_word' id='word_1_517' title='bbox 688 5671 910 5729; x_wconf 86' lang='lat' dir='ltr'><strong>Constat</strong></span> <span class='ocrx_word' id='word_1_518' title='bbox 932 5675 1141 5745; x_wconf 82' lang='lat' dir='ltr'><strong>paginis</strong></span> <span class='ocrx_word' id='word_1_519' title='bbox 1174 5676 1243 5729; x_wconf 71' lang='grc'><strong>24</strong></span> <span class='ocrx_word' id='word_1_520' title='bbox 1277 5677 1417 5732; x_wconf 76' lang='grc' dir='ltr'><strong>ἰη-4.</strong></span> <span class='ocrx_word' id='word_1_521' title='bbox 1441 5679 1516 5733; x_wconf 92' lang='lat' dir='ltr'><strong>De</strong></span> <span class='ocrx_word' id='word_1_522' title='bbox 1548 5680 1781 5736; x_wconf 82' lang='lat' dir='ltr'><strong>Macario</strong></span> <span class='ocrx_word' id='word_1_523' title='bbox 1809 5698 1979 5753; x_wconf 87' lang='lat' dir='ltr'><strong>usque</strong></span> <span class='ocrx_word' id='word_1_524' title='bbox 2013 5686 2079 5740; x_wconf 87' lang='lat' dir='ltr'><strong>ad</strong></span> <span class='ocrx_word' id='word_1_525' title='bbox 2118 5702 2239 5758; x_wconf 80' lang='lat' dir='ltr'><strong>pag.</strong></span> <span class='ocrx_word' id='word_1_526' title='bbox 2280 5686 2341 5741; x_wconf 73' lang='lat'><strong>21</strong></span> <span class='ocrx_word' id='word_1_527' title='bbox 2370 5686 2571 5758; x_wconf 82' lang='lat' dir='ltr'><strong>agitur,</strong></span> <span class='ocrx_word' id='word_1_528' title='bbox 2596 5687 2720 5743; x_wconf 91' lang='lat' dir='ltr'><strong>dein</strong></span> <span class='ocrx_word' id='word_1_529' title='bbox 2762 5703 2883 5759; x_wconf 83' lang='lat' dir='ltr'><strong>pag.</strong></span> <span class='ocrx_word' id='word_1_530' title='bbox 2915 5688 3081 5744; x_wconf 66' lang='lat'><strong>21-24</strong></span> <span class='ocrx_word' id='word_1_531' title='bbox 3118 5688 3187 5744; x_wconf 87' lang='lat' dir='ltr'><strong>de</strong></span> <span class='ocrx_word' id='word_1_532' title='bbox 3242 5674 3551 5743; x_wconf 83' lang='lat' dir='ltr'><strong>Tertulliani</strong></span> <span class='ocrx_word' id='word_1_533' title='bbox 3588 5672 3721 5737; x_wconf 72' lang='lat' dir='ltr'><strong>APO‘</strong></span> 
     </span>
    </p>
   </div>
  </div>
