4016 6478
254 436 363 496 ἳὸεἱ
1346 442 1434 496 DE
1474 441 1784 497 SCRIPTIS
1820 441 1878 496 S.
1922 441 2207 498 MACARII
2247 442 2592 498 AEGYPTII.
3467 448 3574 505 266

274 576 459 636 Iacobo
491 577 899 652 Baumgarten,
930 579 1069 635 Sem.
1114 577 1292 633 Theol.
1332 578 1597 641 directori,
1631 585 1857 647 patrono
1884 592 1980 630 suo
2016 593 2349 647 summopere
2389 578 2708 631 venerando.
2746 577 2875 633 Leve
2899 580 2993 632 hoc
3029 590 3077 634 et
3124 587 3274 634 tenue
3315 583 3570 653 scriptum

282 672 601 727 reverentiae
622 689 761 727 suae
790 676 1159 727 documentum
1186 668 1366 724 multis
1395 669 1685 738 faustisque
1722 668 1779 720 in
1814 666 1969 735 festos
1992 667 2083 720 hos
2109 667 2218 720 dies
2250 666 2509 720 ominibus
2548 674 2598 720 et
2628 667 3014 738 precationibus
3037 669 3184 740 offert
3206 678 3414 724 auctor.

352 768 505 840 [Pag.
532 767 588 838 5]
614 768 774 823 Bella
801 776 932 822 sunt
951 767 1140 829 verba,
1166 765 1271 820 viri
1293 779 1504 819 summe
1530 762 1842 829 reverendi,
1871 778 2013 833 quae
2045 762 2321 818 habentur
2348 764 2405 817 in
2428 761 2666 818 Homilia
2706 767 2851 819 inter
2894 764 3118 819 Macarii
3147 766 3310 836 vulgo
3334 766 3575 822 creditas

290 860 332 915 Υ
349 868 391 899 ια
422 858 499 929 (a)
530 858 559 929 §
580 858 636 923 9,
658 858 922 912 omnibus
945 856 1090 911 veris
1114 854 1445 910 Christianis
1492 853 1828 908 Xanthicum
1857 868 2125 918 mensem,
2152 854 2268 907 sive
2283 853 2547 923 Aprilem,
2567 870 2679 909 non
2704 855 2910 911 iniuria
2936 855 3113 911 fausta
3135 874 3384 928 quaeque
3410 858 3573 928 polli-

294 950 421 1002 ceri.
453 950 555 1004 HIC
594 950 770 1014 enim,
796 947 1259 1019 quemadmodum
1304 954 1533 1001 renovat
1569 946 1728 1016 quasi
1754 946 1944 1016 frigidi
1970 954 2027 1000 et
2055 946 2267 1001 inimici
2291 947 2425 1001 olim
2446 950 2585 1002 caeli
2614 959 2890 1014 naturam,
2916 959 2973 1004 et
3000 951 3319 1005 calidiorem
3348 953 3455 1006 iam
3482 952 3569 1005 iu-

298 1044 641 1111 cundamque
666 1042 871 1107 reddit,
888 1042 962 1096 ita
986 1042 1143 1095 beata
1169 1039 1479 1095 recordatio
1503 1055 1719 1104 eorum,
1748 1054 1889 1109 quae
1915 1039 2018 1093 sub
2044 1039 2151 1094 hoc
2174 1039 2290 1094 fere
2314 1040 2462 1094 idem
2487 1048 2705 1111 tempus
2724 1044 2786 1096 in
2810 1058 2911 1097 nos
2936 1059 3128 1099 omnes
3150 1061 3249 1114 per
3275 1040 3571 1102 Salvatoris

298 1157 489 1197 novam
514 1143 675 1211 quasi
698 1142 869 1197 vitam
896 1140 1297 1205 redundarunt,
1330 1154 1442 1193 non
1465 1144 1650 1208 potest
1671 1154 1784 1192 non
1806 1138 1976 1192 animi
2013 1139 2327 1208 opprimere
2359 1139 2664 1204 tristitiam,
2710 1148 3061 1211 mentemque
3110 1143 3294 1197 divina
3335 1145 3570 1213 quadam

291 1233 627 1303 perfundere
667 1234 901 1289 laetitia.
944 1234 1100 1290 Unde
1139 1249 1239 1289 oro
1268 1241 1434 1303 atque
1458 1232 1711 1296 obsecro,
1736 1231 1845 1287 viri
1872 1244 2084 1285 summe
2113 1232 2421 1295 rcverendi,
2450 1249 2551 1302 pro
2575 1234 2775 1288 eximia
2805 1244 2990 1290 vestra
3033 1236 3415 1292 benevolentia
3459 1240 3569 1295 cle-
3610 1246 3619 1251 ’

290 1337 508 1383 menter
544 1326 1007 1397 interpretamini,
1032 1326 1180 1396 quod
1206 1323 1470 1381 sollemne
1494 1325 1602 1380 hoc
1624 1324 1940 1381 Christiano
1972 1326 2093 1379 orbi
2122 1332 2336 1396 tempus
2360 1326 2517 1380 vobis
2543 1342 2610 1380 cx
2634 1327 2802 1381 animi
2831 1330 3105 1383 sententia
3121 1331 3382 1400 gratulari
3402 1333 3570 1388 susti-

288 1438 416 1486 neo,
435 1423 605 1491 inque
620 1437 741 1475 eam
760 1436 880 1476 rem
897 1422 1017 1476 leve
1038 1421 1143 1475 hoc
1157 1420 1317 1475 vobis
1331 1420 1503 1475 offero
1521 1422 1809 1491 scriptum.
1832 1420 1987 1487 Quod
2007 1422 2229 1491 quidem
2251 1422 2367 1492 ipse
2395 1423 2527 1476 satis
2549 1423 2791 1493 intelligo
2816 1424 2889 1478 ita
2908 1440 3028 1480 esse
3053 1434 3450 1495 comparatum,
3479 1444 3575 1483 ve-

288 1514 636 1570 nerabilibus
656 1522 716 1568 ut
737 1514 993 1584 personis
1013 1514 1216 1569 vestris
1235 1513 1461 1584 dignum
1485 1513 1663 1569 videri
1687 1513 1779 1568 vix
1802 1515 1996 1584 possit.
2022 1514 2201 1580 Quare
2228 1521 2285 1568 et
2308 1514 2426 1584 ipse
2450 1530 2558 1568 non
2581 1515 2935 1571 mediocriter
2961 1517 3303 1583 dubitabam,
3332 1536 3401 1572 an
3426 1536 3576 1575 sum-

289 1611 399 1665 mis
422 1610 746 1665 nominibus
768 1609 970 1664 vestris
996 1608 1301 1664 inscribere
1326 1607 1462 1662 illud
1486 1607 1772 1662 commode
1798 1609 2025 1678 possim.
2049 1608 2119 1662 At
2140 1607 2370 1661 videbar
2405 1607 2542 1661 mihi
2589 1609 2723 1663 satis
2766 1609 3086 1679 cognovisse
3133 1608 3189 1663 in
3242 1611 3419 1675 vobis,
3465 1613 3575 1667 viri

290 1720 509 1760 summe
540 1703 851 1769 reverendi,
870 1702 1020 1776 [Pag.
1044 1702 1100 1774 6]
1123 1719 1243 1759 eam
1266 1703 1550 1767 virtutem,
1572 1718 1700 1772 qua,
1728 1711 1791 1756 ut
1814 1702 2045 1772 potestis
2068 1701 2324 1765 maxime,
2352 1701 2537 1755 omnia
2561 1700 3078 1758 benevolentissime
3100 1702 3156 1756 in
3184 1719 3302 1757 eam
3324 1704 3582 1775 accipere-

288 1798 486 1852 soletis
508 1806 722 1866 partem
746 1812 889 1867 quae
922 1804 1007 1851 est
1024 1796 1223 1851 lenior.
1247 1794 1451 1862 Quidni
1477 1809 1610 1865 ergo
1633 1794 1827 1848 eodem
1855 1810 1941 1849 me
1967 1792 2235 1848 beneﬁcio
2263 1791 2563 1846 fruiturum
2592 1808 2832 1862 sperem,
2862 1792 2994 1846 dum
3020 1808 3267 1847 meorum
3305 1795 3582 1849 rationem

287 1896 450 1950 vobis
475 1895 785 1950 studiorum
813 1894 901 1948 his
927 1893 1161 1948 reddere
1188 1892 1353 1947 volo?
1374 1891 1514 1946 Tum
1535 1907 1605 1946 ne
1633 1891 1767 1945 mihi
1798 1891 1899 1961 ipsi
1923 1891 2145 1961 quidem
2173 1888 2435 1953 satisfeci,
2464 1888 2560 1943 sed
2599 1890 2773 1942 multa
2818 1889 3000 1944 adhuc
3045 1891 3411 1960 reprehendo.
3460 1891 3577 1947 Hoc

287 1996 500 2050 tamen,
528 1986 658 2040 licet
680 1984 823 2039 forte
851 1986 1096 2050 unicum,
1126 2000 1240 2038 non
1271 1985 1498 2039 omnino
1525 1998 1715 2037 carere
1742 1998 1840 2037 sua
1866 1997 2195 2052 quacunque
2223 1981 2459 2036 utilitate
2485 1981 2623 2035 mihi
2662 1981 2979 2047 videbatur,
3002 1983 3151 2052 quod
3188 1984 3301 2054 jam
3340 1984 3577 2057 intelligi

286 2087 494 2148 potest,
520 2094 589 2133 ex
610 2094 668 2134 se
700 2079 819 2149 ipso
844 2078 1161 2141 Macarium,
1190 2078 1237 2133 si
1263 2077 1558 2148 diligenter
1582 2077 1857 2141 volvatur,
1890 2092 2052 2146 posse
2076 2076 2132 2130 in
2170 2076 2360 2130 multis
2392 2074 2616 2144 corrigi,
2645 2074 2794 2144 quod
2819 2075 3005 2129 omnia
3026 2074 3114 2131 bis
3140 2085 3237 2130 aut
3261 2085 3344 2131 ter
3377 2093 3574 2133 occur-

288 2180 438 2233 runt,
472 2178 531 2227 et
556 2172 911 2226 librariorum
939 2170 1066 2226 inde
1110 2186 1334 2225 errores
1384 2169 1627 2240 abstergi
1654 2169 1860 2239 optime
1886 2178 2139 2239 possunt.
2182 2164 2339 2235 Quod
2376 2169 2508 2223 licet
2550 2184 2782 2239 parvum
2824 2168 3079 2224 utilitatis
3123 2180 3462 2225 momentum
3528 2172 3577 2227 si

287 2265 447 2319 vob‘is
479 2280 592 2319 non
620 2265 845 2335 penitus
868 2264 1168 2335 improbari
1200 2264 1549 2329 intellexero,
1576 2262 1682 2317 viri
1710 2278 1924 2317 summe
1956 2262 2267 2329 reverendi,
2299 2262 2530 2318 videbor
2561 2262 2700 2316 mihi
2730 2279 2843 2318 non
2870 2262 3146 2319 inutiliter
3178 2264 3321 2320 hanc
3350 2281 3577 2336 parvam

291 2376 514 2430 operam
540 2362 930 2418 consumsisse.
961 2362 1151 2418 Valete
1180 2370 1239 2417 et
1262 2361 1648 2417 benevolentia
1667 2369 1872 2426 vestra,
1898 2360 2014 2417 nisi
2032 2358 2290 2430 indignus
2312 2360 2563 2427 videbor,
2600 2376 2766 2431 porro
2804 2375 2895 2416 me
2926 2360 3340 2431 amplectimini.
3370 2361 3577 2417 Dabam

298 2457 452 2513 llalae
469 2458 578 2513 sub
608 2458 757 2529 ipsos
777 2457 948 2513 festos
976 2458 1116 2513 dies.

936 2636 1087 2710 [Pag.
1120 2636 1175 2709 7]
1208 2636 1235 2710 §
1275 2637 1316 2692 Ι.
1908 2656 1953 2708 Α
1984 2638 2237 2695 codicum
2260 2637 2410 2692 MSS.
2444 2644 2550 2703 est,
2588 2640 2825 2692 alterum
2864 2654 2932 2694 ex
2974 2639 3107 2709 ipsis
3142 2647 3394 2694 veterum
3434 2641 3574 2695 seri-

355 2729 509 2797 Quae
533 2728 759 2783 Macarii
789 2728 1259 2783 circumferuntur
1305 2727 1601 2798 Opuscula,
1647 2737 1705 2783 ut
1748 2728 1876 2784 dili-

286 2824 436 2891 genti
467 2821 705 2876 lectione
751 2836 862 2874 non
908 2821 1131 2875 omnino
1170 2821 1394 2890 indigna
1450 2828 1602 2883 sunt,
1654 2819 1730 2873 ita
1776 2835 1881 2874 nec

284 2918 428 2970 forte
456 2916 563 2969 hoc
592 2914 863 2978 examine,
895 2914 1120 2969 Macarii
1154 2928 1225 2967 an
1248 2928 1451 2967 nomen
1482 2914 1606 2983 jure
1654 2929 1784 2983 prae
1822 2928 1881 2967 se

286 3010 471 3062 ferant
504 3016 559 3061 et
588 3022 775 3061 revera
805 3006 874 3059 ab
911 3020 977 3059 eo
1015 3005 1145 3059 sint.
1188 3005 1367 3075 Atque
1403 3004 1495 3059 hic
1541 3020 1650 3058 non
1690 3004 1883 3058 dubito

286 3101 408 3154 fore
438 3099 734 3170 plerosque
765 3097 862 3169 qui
887 3098 1183 3163 mirentur,
1209 3098 1342 3168 quid
1377 3097 1449 3151 sit
1472 3096 1619 3165 quod
1651 3112 1750 3167 ego
1782 3112 1881 3165 po-

287 3195 567 3248 tissimum
592 3193 839 3247 dubitem
866 3193 933 3247 de
982 3208 1063 3256 re,
1115 3191 1183 3246 de
1233 3206 1341 3261 qua
1384 3189 1593 3244 nemini
1638 3203 1882 3258 unquam

288 3287 405 3341 fere
434 3285 492 3338 in
518 3292 757 3338 mentem
792 3284 964 3338 venit.
987 3283 1132 3350 Quin
1162 3292 1218 3337 et
1253 3284 1369 3353 ipse
1412 3282 1754 3351 aliquantum
1810 3284 1882 3337 ti-

287 3377 508 3433 midum
542 3392 629 3431 me
661 3390 781 3431 esse
816 3391 928 3430 non
956 3390 1118 3446 nego.
1155 3375 1445 3444 Utcunque
1470 3388 1602 3428 vero
1654 3389 1742 3428 res
1790 3388 1883 3429 ce-

291 3471 515 3534 ciderit,
546 3469 758 3540 juvabit
784 3476 965 3523 tamen
986 3467 1185 3531 errori,
1217 3483 1381 3537 quem
1416 3482 1538 3521 esse
1576 3466 1886 3537 suspicatus

294 3580 441 3629 sum,
474 3578 562 3617 me
585 3563 761 3631 ipsum
782 3576 884 3631 pro
917 3560 1067 3615 virili
1092 3567 1247 3630 parte
1276 3558 1581 3615 obstitisse.

1026 3693 1055 3765 ς
1085 3693 1151 3748 ιι.

374 3799 524 3865 Quod
552 3808 713 3855 antea
739 3799 850 3869 jam
883 3797 1060 3869 tetigi,
1089 3812 1251 3866 posse
1283 3794 1419 3849 mihi
1465 3794 1607 3850 forte
1654 3795 1886 3849 aliorum

308 3890 520 3947 obstare
540 3892 941 3955 auctoritatem,
971 3890 1067 3959 qui
1092 3890 1229 3943 nihil
1265 3888 1373 3943 tale
1414 3887 1678 3959 suspicati
1736 3896 1883 3952 sunt,

304 3985 362 4041 id
416 3986 591 4041 adhuc
632 3984 906 4039 contendo
946 3983 1085 4037 vitio
1130 3981 1269 4035 mihi
1317 3980 1461 4034 verti
1522 3980 1676 4033 nullo
1724 3979 1886 4033 modo

301 4076 452 4150 [Pag.
485 4076 539 4149 8]
600 4091 780 4145 posse.
829 4076 908 4129 Ita
951 4074 1101 4129 enim
1154 4073 1211 4126 in
1254 4072 1343 4127 his
1376 4070 1577 4125 studiis
1608 4069 1745 4124 mihi
1774 4070 1886 4140 jam

298 4171 395 4225 diu
421 4170 717 4223 multorum
750 4164 1173 4221 auctoritatibus
1198 4162 1345 4218 suasi
1383 4176 1505 4217 esse
1528 4160 1884 4225 versandum,

301 4269 366 4315 ut
392 4270 599 4315 temere
624 4259 783 4321 nihil,
814 4273 919 4311 nec
964 4256 1086 4311 sine
1134 4253 1445 4309 rationibus
1487 4251 1647 4307 facile
1694 4251 1888 4306 crede-

302 4369 445 4409 rem.
476 4353 662 4422 Neque
689 4352 794 4407 hoc
816 4364 1001 4406 meum
1036 4363 1267 4402 examen
1312 4346 1424 4400 ulla
1467 4345 1524 4399 in
1571 4361 1629 4399 re
1678 4343 1889 4398 nomini

304 4457 628 4512 magnorum
650 4442 895 4495 virorum
917 4439 1184 4508 derogare
1225 4434 1432 4505 aliquid
1475 4442 1675 4505 potest.
1705 4432 1891 4487 Mirari

304 4538 455 4591 enim
480 4550 642 4590 nemo
669 4534 777 4589 erit
796 4534 891 4603 qui
914 4540 1082 4597 vetet,
1113 4545 1212 4585 cur
1232 4530 1378 4583 hanc
1411 4540 1578 4582 nemo
1617 4526 1893 4596 quaestio-

306 4644 435 4683 nem
462 4627 713 4680 moverit.
736 4626 854 4682 Nisi
881 4624 1005 4695 quis
1046 4639 1113 4677 eo
1158 4622 1301 4676 forte
1344 4620 1546 4674 referat
1587 4618 1889 4680 Possinum,

306 4722 405 4791 qui
444 4720 501 4774 in
526 4719 808 4774 Thesauro
837 4735 938 4774 suo
960 4715 1195 4771 ascetico
1224 4712 1294 4767 de
1324 4712 1486 4766 tertio
1513 4710 1749 4764 Macario
1770 4708 1895 4762 ideo

306 4815 535 4887 cogitat,
562 4812 708 4883 quod
741 4813 941 4867 horum
965 4810 1202 4865 duorum
1231 4806 1418 4862 neutri
1441 4812 1691 4859 veterum
1736 4802 1893 4858 testi-

307 4910 560 4964 monium
601 4914 797 4960 exstet.
837 4905 1011 4972 Quam
1070 4901 1295 4972 quidem
1345 4899 1498 4953 litem
1547 4896 1711 4952 simul
1759 4910 1893 4950 con-

308 5006 518 5066 fecero,
543 5000 589 5055 si
614 4999 756 5053 hanc
772 5007 1023 5068 potuero,
1050 5010 1215 5065 quam
1242 4993 1360 5063 ipse
1387 4990 1610 5059 incipio.

1094 5128 1185 5182 ΙΙΙ.

1094 5128 1185 5182 lll.

388 5228 559 5295 Atque
585 5225 870 5279 videamus
918 5127 1058 5293 jam,5
1097 5220 1298 5291 quibus
1346 5217 1682 5287 argumentis
1732 5214 1893 5268 fidem

318 5319 509 5371 haberi
544 5318 718 5371 velint
754 5323 848 5369 aut
883 5314 1021 5367 velle
1052 5312 1284 5381 possint,
1318 5308 1412 5379 qui
1462 5307 1717 5371 Macario,
1769 5306 1894 5375 qui-

1985 2732 2094 2801 ptis
2114 2730 2346 2800 petitum
2369 2737 2425 2785 et
2460 2730 2810 2788 testimoniis.
2843 2730 3001 2797 Quod
3048 2731 3094 2785 si
3141 2746 3272 2802 ergo
3314 2741 3574 2787 neutrum

1986 2824 2181 2878 stabile
2234 2832 2291 2877 et
2330 2822 2552 2877 ﬁrmum
2599 2822 2691 2887 sit,
2736 2839 2849 2877 non
2893 2832 3100 2879 temere
3161 2823 3419 2881 dubitare
3474 2841 3576 2897 ego

1984 2915 2236 2969 videbor.
2264 2912 2443 2982 Atque
2470 2912 2527 2967 id
2549 2913 2728 2987 ipsum
2752 2930 2853 2985 ego
2875 2930 3081 2970 assero.

2056 3017 2302 3071 Primum
2325 3017 2477 3071 enim
2503 3017 2650 3087 quod
2677 3019 2879 3073 attinet
2906 3018 2973 3073 ad
3007 3018 3182 3085 MSS,
3221 3021 3289 3075 ad
3334 3036 3473 3091 quae
3518 3023 3578 3079 in

1988 3104 2075 3159 bis
2100 3106 2267 3159 rebus
2290 3121 2595 3175 provocare
2620 3121 2732 3160 non
2757 3107 3017 3177 exiguum
3055 3116 3142 3163 est
3176 3110 3574 3177 testimonium,

1986 3197 2161 3251 multa
2185 3204 2353 3251 erunt
2385 3197 2909 3267 circumspicienda.
2955 3199 3130 3265 Quam
3173 3203 3385 3272 antiqui
3441 3205 3579 3259 tales

1988 3287 2210 3343 codices
2234 3288 2364 3352 sint,
2397 3288 2491 3359 qui
2515 3289 2814 3344 Macarium
2852 3299 3137 3347 auctorem
3169 3293 3433 3363 produnt,
3464 3304 3577 3351 sta-

1990 3388 2149 3433 tuere
2174 3380 2267 3433 vix
2288 3395 2535 3450 possum,
2563 3380 2695 3450 quia
2716 3397 2911 3437 eorum
2935 3383 2992 3437 in
3024 3384 3111 3439 his
3157 3386 3339 3453 terris,
3385 3394 3447 3441 ut
3496 3388 3575 3452 fit,

1987 3470 2139 3524 nulla
2167 3479 2262 3525 aut
2281 3472 2479 3541 exigua
2508 3480 2593 3526 est
2616 3472 2832 3527 notitia.
2860 3475 2932 3527 At
2970 3476 3307 3532 contendere
3345 3477 3438 3532 vix
3478 3496 3575 3535 ve-

1989 3577 2136 3627 reor,
2160 3578 2271 3617 non
2294 3564 2439 3617 ultra
2478 3564 2758 3618 saeculum
2804 3581 2877 3619 xu
2933 3574 3028 3620 aut
3081 3583 3176 3622 xm
3224 3583 3345 3624 esse
3392 3584 3575 3638 posse.

1989 3653 2139 3722 quia,
2167 3661 2226 3706 ut
2276 3654 2633 3709 ostendemus
2674 3662 2885 3724 postea,
2932 3671 3094 3712 nemo
3136 3658 3251 3713 fere
3298 3669 3424 3715 ante
3473 3661 3585 3727 ista

1990 3754 2239 3814 tempora
2270 3746 2499 3799 istorum
2529 3760 2760 3815 Operum
2779 3747 3006 3801 Macarii
3028 3749 3131 3802 sub
3157 3752 3379 3807 nomine
3417 3769 3578 3808 men-

1992 3838 2198 3892 tionem
2225 3838 2372 3893 facit.
2400 3839 2515 3893 lloc
2555 3855 2688 3910 ergo
2736 3856 2868 3896 sane
2920 3857 3033 3895 non
3076 3843 3313 3897 multum
3361 3845 3580 3901 roboris

1980 3929 2221 3993 habebit
2265 3940 2673 4000 argumentum.
2723 3931 2874 4004 [Pag.
2901 3932 2957 4005 9]
2996 3933 3244 3998 Accedit,
3296 3936 3407 3991 sint
3449 3936 3581 3991 licet

1922 4021 1962 4075 Β
1986 4019 2138 4075 MSS.
2163 4021 2343 4086 multi,
2372 4030 2604 4092 possunt
2646 4022 2716 4078 ab
2760 4038 2873 4077 uno
2917 4038 3112 4080 omnes
3154 4025 3387 4095 profecti
3433 4041 3576 4094 esse,

1991 4120 2154 4183 atque
2176 4129 2307 4185 ergo
2329 4116 2678 4170 auctoritatis
2702 4116 2887 4170 adhuc
2907 4115 3162 4172 minoris.
3192 4118 3353 4183 Tum,
3397 4119 3445 4174 si
3490 4122 3579 4175 vel

1989 4204 2225 4258 maxime
2251 4205 2318 4260 de
2343 4206 2671 4260 auctoritate
2693 4205 2846 4260 MSS.
2872 4214 3172 4273 constaret,
3200 4208 3268 4264 iis
3290 4219 3471 4265 tamen
3512 4228 3580 4267 ex

1990 4311 2057 4349 eo
2076 4304 2289 4351 tantum
2307 4296 2485 4365 capite
2512 4297 2717 4367 aliquid
2738 4297 2979 4352 dandum
2996 4308 3164 4362 esset,
3187 4300 3334 4368 quod
3352 4302 3582 4357 rationi-

1990 4388 2094 4443 bus
2110 4388 2385 4443 contraria
2402 4406 2511 4443 non
2530 4389 2740 4443 dicunt.
2762 4388 2879 4443 Jam
2901 4406 3035 4445 vero
3052 4391 3171 4447 ﬁeri
3190 4394 3281 4448 vix
3300 4404 3500 4464 potest,
3520 4405 3583 4451 ut

1992 4488 2184 4534 auctor
2207 4481 2497 4545 ascetieus,
2527 4480 2707 4550 qualis
2736 4490 2821 4535 est
2843 4480 3130 4547 Macarius.
3157 4492 3263 4537 tam
3313 4485 3407 4540 diu
3457 4502 3579 4541 mo—

1993 4572 2185 4626 nachis
2213 4572 2496 4642 ignoratus
2518 4572 2589 4625 sit
2616 4586 2714 4642 per
2741 4588 2777 4626 x
2800 4582 2856 4627 et
2875 4574 3033 4643 plura
3054 4575 3293 4641 saecula,
3330 4586 3391 4632 ut
3414 4594 3577 4633 nemo

1992 4662 2111 4731 ejus
2137 4662 2473 4715 meminerit.
2504 4662 2680 4727 Adde,
2712 4664 2860 4732 quod
2906 4665 3065 4718 multi
3113 4666 3243 4720 talia
3286 4676 3576 4737 praecepta

1992 4753 2339 4824 scripserint,
2371 4764 2433 4809 ut
2460 4755 2567 4809 hoc
2590 4756 2834 4812 studium
2860 4756 3155 4828 ἀσκητικὸν
3198 4758 3312 4813 fere
3362 4774 3581 4830 semper

1996 4845 2255 4915 viguerit.
2282 4845 2363 4900 lta
2383 4847 2489 4902 hoc
2510 4847 2847 4919 eodemjure
2871 4848 3096 4912 Caveas,
3126 4851 3266 4906 liist.
3294 4852 3399 4905 Lit.
3438 4854 3498 4907 Ρ.
3538 4870 3577 4918 ι,

1994 4938 2221 4993 Macarii
2242 4948 2405 5009 negat
2454 4955 2577 4995 esse
2626 4941 2955 5011 opusculum
2998 4944 3220 5012 aliquod
3269 4944 3337 4998 de
3380 4944 3579 4999 exodio

1997 5031 2213 5084 animae
2258 5030 2531 5099 justorum
2582 5040 2639 5085 et
2690 5032 3007 5103 impiorum,
3054 5035 3235 5101 quod,
3294 5035 3423 5089 licet
3464 5036 3576 5089 MS.

1995 5120 2269 5190 praeferat
2305 5120 2525 5174 Macarii
2559 5137 2781 5186 nomen,
2826 5129 3007 5177 tamen
3050 5123 3192 5176 ratio
3237 5124 3581 5179 tractationis

1996 5212 2203 5266 absona
2225 5221 2281 5265 et
2306 5228 2417 5266 non
2444 5213 2779 5268 conveniens
2811 5214 2899 5266 sit.
2928 5214 2996 5267 Et
3030 5215 3295 5283 profecto,
3344 5216 3389 5270 si
3450 5218 3581 5271 licet

1997 5303 2331 5373 conjecturis
2351 5302 2658 5373 indulgere,
2684 5320 2795 5359 non
2821 5305 3034 5370 dubito,
3054 5313 3241 5361 nostra
3264 5308 3445 5361 omnia
3457 5307 3577 5362 Ma-

317 5426 533 5480 cunque
558 5411 604 5465 is
634 5410 726 5473 sit,
766 5408 867 5461 ista
902 5405 1244 5460 adscribunt.
1294 5402 1453 5456 Nulla
1502 5408 1649 5455 certe
1690 5399 1893 5454 habere
1921 5374 1968 5434 δ
2000 5396 2221 5448 cariana
2246 5390 2521 5464 Opuscula
2545 5405 2788 5466 tempore
2810 5399 3003 5453 eodem
3037 5414 3160 5453 cum
3197 5400 3302 5453 hoc
3326 5401 3430 5454 isto
3451 5409 3578 5455 nata

314 5501 421 5555 alia
448 5509 697 5571 possunt,
727 5514 889 5568 quam
918 5496 1143 5551 omnino
1178 5494 1309 5549 duo.
1359 5492 1603 5560 Quorum
1656 5491 1892 5545 alterum

2002 5495 2058 5542 et
2085 5487 2461 5542 consarcinata
2496 5487 2682 5543 fuisse.

1838 5665 2089 5721 NOTAE.

316 5806 553 5877 logetico
581 5802 882 5877 disputatio
927 5801 1149 5877 additur
1176 5800 1363 5877 brevis
1390 5801 1497 5855 hoc
1525 5801 1705 5877 indice
1739 5820 1749 5853 :
1785 5802 1890 5877 Ex-

315 5871 492 5946 ρίἔηάὶ
506 5871 901 5948 δραιὶἷσαιιδδα,
933 5873 1067 5944 quod
1090 5889 1169 5928 me
1197 5872 1403 5950 fefellit)
1428 5871 1694 5944 pauculas
1716 5874 1889 5952 anim-

2000 5800 2333 5875 aduersiones
2357 5802 2409 5854 in
2429 5801 2753 5875 fer-tulliani
2770 5804 2809 5857 Α
2819 5804 3165 5875 pologcticum
3200 5805 3385 5873 prodo.
3415 5805 3570 5863 Εωτ.

2000 5918 2033 5961 ,δ’
2076 5870 2155 5945 (α)
2178 5872 2384 5961 hCorr.,
2406 5872 2703 5960 VScmlerus
2727 5870 2869 5933 faléo
2903 5870 3122 5946 scripsit
3146 5870 3294 5931 Χίηε.
3319 5876 3395 5931 In.
