4016 6456
292 359 404 420 259

1385 379 1471 434 DE
1510 379 1818 435 SCRIPTIS
1857 378 1913 435 S.
1957 376 2242 433 MACABll
2279 377 2619 433 AEGYPTll.

3503 377 3612 434 270

317 497 447 548 sunt
463 492 678 561 libelli,
715 497 961 552 alienam
998 514 1116 556 esse
1138 514 1248 553 non
1274 499 1450 554 solum
1475 515 1505 553 a
1535 501 1796 564 Macario,
1832 487 2003 556 sed}
2036 496 2180 550 idem
2218 496 2498 562 traditur;
2537 505 2598 550 ut
2628 495 2754 550 inde
2797 494 2970 550 ferme
3015 503 3292 566 appareat,
3328 493 3608 550 consarci-

327 598 359 638 a
393 584 596 654 quovis
622 586 740 644 alio
777 598 1009 643 auctore
1049 588 1340 643 contendo.
1381 589 1552 643 Eccui
1603 589 1752 643 enim
1783 587 1923 642 illud

332 677 624 751 probabile
672 679 930 744 videtur,
985 681 1053 735 ab
1094 681 1278 750 aliquo
1324 690 1550 735 auctore
1600 681 1686 736 bis
1737 689 1796 736 et
1840 689 1925 734 ter

338 770 528 827 eadem
552 777 609 824 et
637 771 812 824 verba
841 770 1164 840 easdemque
1185 771 1483 825 sententias
1536 769 1755 826 diversa
1798 786 1924 823 συν-

341 861 536 933 αφείᾳ,
567 862 625 916 in
647 877 822 932 parva
846 861 1173 932 scriptorum
1191 863 1353 926 mole,
1371 878 1472 932 pro
1489 861 1716 932 integris
1734 868 1790 915 et
1805 860 1928 916 aliis

346 953 626 1024 opusculis
670 952 851 1022 repeti
884 960 942 1007 et
977 953 1244 1007 obtrudi?
1269 953 1340 1007 At
1370 953 1426 1008 id
1457 953 1812 1008 ostendemus
1848 952 1926 1008 ita

352 1047 410 1100 in
441 1045 522 1098 his
558 1044 782 1100 Macarii
830 1061 974 1110 esse,
1021 1045 1100 1100 ita
1131 1054 1335 1112 tamen,
1375 1053 1439 1101 ut
1476 1046 1637 1100 simul
1665 1060 1924 1100 nonnun-

350 1153 510 1207 quam
538 1137 646 1191 alia
676 1152 916 1207 quoque,
962 1152 1136 1207 pauca
1181 1147 1362 1191 tamen
1403 1152 1742 1202 moneamus,
1783 1150 1924 1206 quae

346 1229 414 1284 ad
439 1228 715 1283 diversam
743 1229 1075 1299 scripturam
1113 1237 1170 1284 et
1198 1229 1492 1284 lectionem
1528 1229 1806 1299 pertinere
1842 1229 1925 1282 vi-

343 1319 647 1375 dehuntur.

1021 1411 1049 1479 ᾗ
1092 1411 1206 1465 vn.

413 1502 668 1573 Exempli
703 1503 825 1558 loco
868 1518 1205 1573 apponemus
1246 1518 1331 1568 ea,
1378 1517 1517 1572 quae
1561 1503 1629 1558 de
1678 1518 1798 1573 cap.
1857 1503 1924 1558 15

337 1593 609 1662 Opusculi
642 1592 704 1645 de
742 1591 993 1647 Custodia
1036 1593 1205 1645 cordis
1246 1608 1300 1662 p.
1363 1592 1433 1644 22
1476 1591 1612 1646 edit.
1649 1592 1924 1647 Pritianae

339 1684 500 1755 [Pag.
535 1682 626 1755 M]
660 1684 992 1739 notavimus.
1025 1683 1104 1738 Ex
1130 1684 1235 1738 isto
1265 1684 1476 1754 integra
1512 1681 1748 1737 Homilia
1788 1698 1923 1738 con-

337 1774 486 1828 fecta
507 1783 611 1838 est,
639 1773 830 1828 iisdem
868 1773 1052 1828 verbis
1110 1785 1166 1828 et
1211 1774 1518 1839 sententiis,
1544 1787 1666 1828 ιιχι
1713 1775 1925 1829 scilicet

336 1882 396 1936 p.
432 1866 559 1920 287.
584 1865 702 1932 Quo
721 1865 917 1920 addam
944 1866 1181 1937 denique
1203 1865 1539 1936 Opusculum
1568 1867 1630 1918 de
1658 1865 1921 1920 Libertate
1957 1844 1998 1898 Β

336 1959 537 2011 mentis
587 1973 706 2028 cap.
758 1957 846 2023 18,
883 1966 940 2012 et
984 1958 1380 2028 Apophthegma
1423 1959 1660 2028 primum
1709 1973 1763 2027 p.
1794 1958 1917 2012 251.

413 2048 476 2102 In
505 2047 780 2118 Opusculo
799 2049 861 2102 de
885 2047 1134 2104 Custodia
1157 2050 1326 2103 cordis
1348 2065 1404 2119 p.
1422 2049 1492 2104 22
1510 2049 1585 2102 ita
1613 2047 1880 2103 habemus
1905 2067 1917 2102 :

337 2142 376 2195 δ
423 2142 804 2210 ,ϐουλόμενος
845 2140 1208 2210 προσελθεῖν
1252 2141 1330 2205 τῷ
1377 2142 1590 2210 Κυρίῳ,
1631 2141 1731 2194 καὶ
1773 2139 1918 2208 ζωῆς

338 2231 587 2285 αιωνίου
619 2232 1079 2301 καταξιωθῆναι,
1127 2233 1226 2287 καὶ
1275 2231 1731 2302 κατοικητήριον
1774 2231 1920 2287 Θεοῦ

344 2321 658 2390 γενέσθαι,
702 2322 802 2376 καὶ
845 2324 1188 2392 πνεύματος
1237 2325 1410 2393 ἁγίου
1460 2323 1918 2393 καταξιωθῆναι,

347 2410 446 2463 ἵνα
467 2412 608 2476 τοὺς
655 2413 924 2479 καρποὺς
946 2413 1136 2468 αὐτοῦ
1183 2415 1332 2468 κατὰ
1362 2415 1466 2481 τὰς
1509 2416 1764 2482 ἐντολὰς
1812 2416 1920 2470 τοῦ

344 2504 566 2570 Κυρίου
592 2502 827 2573 δυνηθῇ
864 2503 1116 2574 ἁμώμως
1145 2507 1245 2559 καὶ
1279 2508 1550 2576 καθαρῶς
1581 2509 1795 2575 ποιεῖν,
1823 2509 1921 2562 οὔ-

341 2611 455 2660 τως
502 2595 735 2663 ὀφείλει
785 2596 1174 2665 ἐνάρξασθαι.
1224 2598 1371 2654 Haec
1425 2600 1688 2671 periodus
1744 2601 1920 2671 prima

337 2685 505 2754 primi
557 2684 817 2756 Opusculi
849 2688 948 2760 (a).
993 2690 1061 2744 Et
1092 2691 1350 2747 similiter
1397 2694 1588 2747 eadem
1637 2695 1806 2748 verba
1863 2694 1920 2748 in

337 2776 612 2832 Homiliae
645 2779 876 2848 periodo
911 2779 1112 2850 prima,
1139 2782 1245 2837 nisi
1264 2783 1411 2853 quod
1439 2800 1540 2854 pro
1557 2785 1690 2838 Θεοῦ
1718 2786 1920 2857 legitur

335 2867 437 2920 τοῦ
488 2869 722 2938 Χριστοῦ
749 2870 846 2942 (b),
893 2889 994 2942 pro
1044 2874 1488 2945 καταξιωθῆναι,
1544 2876 1917 2948 πληρωθῆναι,

335 2959 489 3030 quod
537 2959 680 3016 forte
727 2961 956 3030 factum,
1008 2982 1079 3022 ne
1127 2967 1273 3021 idem
1314 2967 1547 3022 verbum
1599 2968 1783 3023 statim
1833 2970 1920 3024 his

336 3063 690 3121 occurreret;
717 3069 819 3124 pro
851 3059 1097 3128 καρποὺς
1127 3058 1294 3112 αὐτοῦ
1325 3059 1529 3129 legitur
1553 3063 1801 3130 καρποὺς
1823 3060 1918 3114 τοῦ

335 3141 673 3212 πνεύματος,
697 3145 816 3209 ubi,
844 3145 970 3215 quis
987 3147 1147 3211 αὐτὸς
1167 3148 1258 3211 sit,
1283 3148 1612 3218 exprimitur
1627 3166 1642 3214 ;
1657 3165 1757 3219 pro
1777 3152 1919 3204 κατὰ

334 3234 439 3298 τὰς
462 3234 680 3298 ἐντολὰς
718 3235 813 3288 τοῦ
847 3237 1054 3308 Κυρίου
1085 3239 1287 3309 legitur
1317 3241 1411 3292 καὶ
1449 3240 1549 3304 τὰς
1581 3240 1801 3305 ἐντολὰς
1826 3241 1920 3294 τοῦ

333 3324 601 3395 Χριστοῦ.
640 3326 750 3380 Καὶ
771 3328 1230 3398 ειιιιεζρετριιιοοις
1261 3330 1513 3386 Christus
1537 3348 1638 3402 pro
1665 3333 1918 3399 Domino,

335 3416 474 3486 quia
507 3417 565 3470 in
593 3417 818 3472 Patrum
867 3420 1088 3491 scriptis
1133 3421 1398 3476 Dominus
1429 3430 1486 3477 et
1525 3423 1778 3480 Christus
1820 3441 1922 3495 pro

336 3509 540 3564 eodem
568 3518 671 3564 est.
706 3510 846 3565 Tum
872 3526 974 3581 pro
1009 3511 1256 3583 ἀμώμως
1285 3516 1378 3567 καὶ
1408 3513 1664 3586 καθαρῶς
1690 3516 1922 3587 legimus

339 3601 600 3670 καθαρῶς
621 3601 716 3655 καὶ
733 3602 1000 3674 ἀμώμως,
1018 3603 1127 3659 levi
1155 3605 1492 3672 mutatione;
1524 3615 1581 3661 et
1601 3623 1702 3677 pro
1725 3612 1918 3675 ποιεῖν,

343 3696 591 3766 ποιῆσαι,
617 3713 727 3751 non
749 3697 913 3763 male,
937 3697 1068 3767 quia
1081 3697 1189 3753 hoc
1205 3706 1421 3769 tempus
1443 3714 1606 3769 saepe
1633 3701 1916 3771 sequitur;

2029 597 2156 642 nata
2198 589 2424 643 aliunde
2456 588 2592 643 haec
2636 603 2778 642 esse.
2817 586 2973 653 Quod
3006 602 3138 642 vero
3187 587 3253 640 ad
3288 588 3610 640 varietatem

2027 681 2336 751 scripturae
2368 681 2656 738 allatorum
2697 679 2993 734 verborum
3036 693 3206 749 porro
3240 680 3455 745 attinet,
3486 694 3612 749 pos--

2027 773 2140 828 sint
2180 772 2286 828 ista
2320 773 2615 844 conjuncta
2651 772 2822 830 fuisse
2860 771 3076 827 videri:
3105 773 3199 824 καὶ
3224 771 3298 842 μὴ
3330 769 3608 840 ἀπογινώ-

2028 882 2199 927 σκειν,
2248 865 2365 918 ἀλλ’
2409 867 2464 918 ὲν
2495 865 2676 919 πίστει
2706 872 2838 929 cet.,
2871 873 2965 919 aut
2990 863 3151 919 facile
3189 863 3258 918 ab
3294 863 3478 932 aliquo
3509 862 3608 917 ad-

2026 959 2144 1014 dita
2175 966 2322 1013 sunt.
2348 957 2538 1027 Neque
2559 956 2707 1011 enim
2742 956 2956 1020 dubito,
2983 955 3131 1026 quod
3154 970 3223 1009 ex
3249 953 3611 1024 sequentibus

2025 1048 2312 1120 apparebit
2336 1047 2558 1112 melius,
2585 1047 2835 1101 diversos
2859 1046 3052 1110 fuisse,
3074 1046 3169 1115 qui
3194 1046 3299 1100 ista
3329 1059 3397 1099 ex
3420 1045 3608 1099 diver-

2028 1141 2104 1195 sis
2143 1139 2265 1193 aliis
2290 1137 2686 1208 congesserint.
2707 1137 2815 1193 Sed
2843 1138 2935 1192 vix
2964 1138 3202 1208 placent,
3237 1152 3376 1206 quae
3402 1136 3608 1192 ibidem

2027 1237 2160 1285 sunt
2195 1247 2208 1282 :
2241 1228 2335 1282 τὸν
2366 1229 2574 1282 σκοπὸν
2614 1229 2707 1282 τοῦ
2745 1229 2867 1292 νοὸς
2899 1227 3065 1282 αὑτοῦ
3098 1229 3178 1292 εἰς
3219 1229 3378 1281 τοῦτο
3420 1229 3611 1298 ἔχοντα

2025 1319 2112 1402 διὰ
2140 1320 2364 1383 παντός.
2401 1319 2591 1390 Neque
2634 1321 2781 1374 enim
2814 1320 2956 1374 seire
2993 1319 3155 1375 facile
3189 1327 3295 1384 est,
3335 1319 3468 1390 quid
3506 1318 3612 1377 ista

2028 1412 2363 1484 signiﬁcent.
2403 1412 2474 1467 Et
2511 1428 2636 1467 eum
2674 1427 2786 1466 non
2819 1412 2895 1466 ita
2935 1413 3108 1466 multo
3145 1419 3271 1482 post
3297 1420 3559 1481 sequatur
3591 1431 3604 1465 :

2031 1506 2190 1578 μόνον
2225 1506 2316 1560 τὸν
2358 1505 2564 1577 Κύριον
2600 1505 2687 1558 ἀεὶ
2720 1505 2827 1575 πρὸ
2859 1505 3151 1575 ὀφθαλμῶν
3191 1504 3337 1574 ἔχειν
3376 1505 3470 1558 καὶ
3510 1502 3611 1570 τὰς

2033 1594 2254 1659 ἐντολὰς
2282 1595 2466 1657 αὐτοῦ,
2491 1609 2686 1665 parum
2714 1594 2871 1648 abest
2891 1594 3025 1664 quin
3062 1594 3266 1664 legam:
3294 1594 3384 1648 τόν
3406 1611 3462 1646 τε
3485 1611 3611 1648 σκο-

2028 1687 2129 1740 πὸν
2149 1686 2242 1740 τοῦ
2269 1686 2390 1749 νοὸς
2420 1684 2586 1739 αὑτοῦ
2610 1686 2690 1748 είς
2717 1685 2904 1738 τοῦτον
2938 1683 3048 1757 [τὸν
3085 1683 3312 1754 Κύριον]
3347 1683 3490 1753 ἔχειν
3520 1685 3610 1742 διὰ

2027 1776 2248 1841 παντός.
2283 1775 2440 1831 Licet
2467 1775 2616 1831 enim
2641 1775 2853 1846 liquido
2886 1776 3214 1846 intelligere,
3252 1777 3436 1832 omnia
3463 1777 3609 1832 inter

2023 1885 2104 1935 se,
2133 1869 2180 1925 si
2209 1869 2498 1923 materiam
2541 1869 2716 1938 ipsam
2747 1877 2982 1939 spectes,
3019 1869 3249 1923 confusa
3267 1883 3404 1922 esse.
3429 1867 3607 1938 Atque

2025 1961 2132 2016 hoc
2186 1962 2388 2031 ipsum,
2444 1967 2506 2015 ut
2549 1959 2836 2015 Christum
2891 1958 3016 2029 quis
3070 1959 3370 2024 intueatur,
3421 1967 3609 2013 monet

2025 2049 2361 2121 Opusculum
2400 2049 2463 2103 de
2509 2049 2774 2104 Libertate
2829 2065 2948 2120 cap.
2982 2050 3050 2105 16
3088 2059 3145 2104 et
3190 2051 3277 2115 17,
3323 2051 3469 2104 unde
3515 2050 3610 2104 vix

2023 2142 2216 2197 dubito
2239 2143 2378 2197 haec
2411 2157 2533 2196 esse
2573 2151 2854 2210 excerpta.
2892 2142 3004 2195 Nec
3033 2149 3118 2195 est
3149 2139 3294 2211 quod
3329 2141 3452 2210 quis
3482 2139 3606 2193 ideo

2021 2233 2240 2290 dubitet
2286 2235 2355 2290 de
2410 2235 2514 2288 hac
2561 2234 2898 2304 conjectura,
2947 2233 3095 2302 quod
3150 2233 3423 2302 scriptura
3472 2233 3608 2285 haec

2021 2327 2214 2381 eadem
2243 2327 2315 2382 sit
2353 2327 2408 2381 in
2439 2325 2698 2380 Homilia.
2731 2325 3055 2381 Videbimus
3087 2325 3236 2379 enim
3282 2325 3606 2379 alterutrum

2020 2426 2210 2473 natum
2237 2427 2293 2472 et
2321 2417 2522 2473 factum
2553 2433 2676 2473 esse
2707 2417 3005 2488 posterius,
3057 2415 3206 2488 [Pag.
3248 2414 3339 2486 16]
3373 2423 3429 2469 et
3467 2415 3605 2469 adeo

2022 2514 2336 2578 corruptam
2389 2515 2484 2562 aut
2535 2508 2737 2562 bonam
2780 2506 3010 2560 alterius
3059 2508 3388 2575 scripturam
3445 2520 3602 2558 acce-

2020 2599 2190 2669 pisse.

2093 2689 2354 2759 Sequitur
2387 2704 2553 2759 porro
2584 2689 2642 2743 in
2671 2689 2734 2742 de
2775 2687 3026 2743 Custodia
3071 2704 3090 2742 :
3127 2684 3252 2742 εἷτα
3292 2687 3602 2753 ,βιάζεσθαι

2020 2781 2137 2852 χρὴ
2167 2781 2257 2835 ἀεὶ
2278 2783 2365 2847 είς
2391 2780 2515 2836 πᾶν
2538 2781 2788 2851 ἀγαθὸν,
2831 2781 2929 2834 καὶ
2960 2782 3046 2846 είς
3071 2779 3275 2845 πάσας
3299 2780 3405 2845 τὰς
3437 2780 3602 2832 ἐντος

2019 2871 2135 2937 λὰς
2173 2870 2277 2925 τοῦ
2316 2870 2557 2938 Κυρίου,
2594 2870 2712 2923 κᾶν
2746 2869 2833 2938 μὴ
2880 2871 3178 2936 θελούσης
3204 2868 3314 2936 τῆς
3353 2867 3606 2937 καρδίας

2020 2960 2116 3014 διὰ
2162 2961 2278 3029 τὴν
2335 2962 2655 3016 συνοῦσαν
2699 2961 2853 3030 αὐτῇ
2905 2963 3219 3032 ἁμαρτίαν.
3260 2962 3321 3015 ln
3371 2961 3604 3015 llomilia

2020 3052 2293 3107 omittitur
2338 3053 2445 3118 ἀεὶ,
2495 3069 2600 3108 nec
2638 3053 2694 3107 id
2741 3054 2918 3120 male;
2974 3053 3199 3108 additur
3244 3068 3380 3108 vero
3427 3055 3606 3121 ἔργον

2023 3141 2246 3212 ἀγαθόν,
2272 3144 2405 3199 item
2449 3159 2563 3201 non
2589 3146 2767 3212 male;
2800 3145 3076 3200 omittitur
3106 3145 3236 3199 item
3270 3145 3372 3198 κᾶν
3408 3144 3481 3216 μὴ
3514 3144 3602 3201 Οε-

2023 3235 2221 3306 λούσης
2267 3237 2367 3308 τῆς
2396 3236 2644 3308 καρδίας,
2682 3251 2794 3290 non
2847 3236 3008 3291 bene.
3053 3236 3115 3291 In
3141 3233 3419 3306 Opusculo
3458 3234 3604 3288 enim

2023 3327 2086 3380 de
2119 3327 2384 3382 Libertate
2414 3329 2602 3382 mentis
2652 3343 2771 3399 cap.
2811 3328 2878 3384 15
2908 3329 2964 3384 id
3011 3327 3254 3394 additur,
3288 3326 3438 3398 quod
3477 3341 3604 3381 mox

2021 3420 2276 3490 pluribus
2302 3419 2636 3474 videbimus.

2092 3509 2152 3564 ln
2180 3509 2456 3582 Opusculo
2495 3511 2676 3582 primo
2709 3510 2785 3565 ita
2812 3509 3064 3581 procedit
3099 3527 3113 3563 :
3146 3503 3276 3563 οἷον
3296 3506 3602 3572 βιάζεσθαι

2019 3601 2241 3658 ἑαυτὸν
2281 3604 2370 3668 είς
2406 3601 2472 3655 τὸ
2528 3600 3021 3670 ταπεινοφρονεῖν
3059 3599 3317 3654 ἐνώπιον
3363 3597 3604 3651 πάντων

2019 3691 2366 3761 ἀνθρώπων,
2405 3692 2506 3746 καὶ
2541 3693 2765 3749 ἑαυτὸν
2811 3693 3056 3746 πάντων
3104 3690 3331 3745 ἐλάττω
3358 3690 3454 3743 καὶ
3481 3689 3601 3758 χεί-

347 3801 449 3856 pro
476 3787 663 3854 οὕτως,
687 3783 862 3854 οὗτος,
896 3789 1060 3853 male,
1091 3805 1221 3844 nam
1247 3790 1539 3861 legendum
1583 3790 1789 3858 οὓτως;
1817 3808 1919 3864 pro

2027 3800 2168 3849 ρονα
2206 3783 2502 3853 ἡγεῖσθαι,
2524 3785 2610 3854 μὴ
2643 3783 2828 3853 ζητῶν
2864 3783 3045 3854 τιμὴν
3070 3781 3109 3851 ἢ
3138 3783 3388 3836 ἔπαινον
3420 3781 3459 3849 ἢ
3502 3781 3602 3834 δό-

349 3878 688 3948 ὲνάρξασθαι,
727 3877 1011 3950 ἄρξεσθαι,
1058 3881 1207 3952 quod
1252 3881 1450 3940 melius
1490 3880 1776 3954 ἄρξασθαι.
1812 3885 1918 3940 Pe-

344 3967 531 4025 riodus
562 3971 739 4025 altera
779 3971 886 4026 levi
919 3972 1224 4027 mutatione
1257 3972 1463 4027 differt.

409 4061 471 4115 In
507 4060 782 4133 Opusculo
816 4064 880 4118 de
921 4064 1174 4120 Custodia
1204 4065 1458 4134 sequitur
1492 4083 1506 4120 :
1543 4067 1643 4120 καὶ
1672 4069 1753 4135 είς
1803 4068 1919 4136 τὴν

335 4151 531 4222 εὐχὴν
573 4153 833 4209 πάντοτε
892 4157 1366 4225 προσκαρτερεῖν
1410 4160 1600 4213 αὐτόν
1620 4176 1632 4188 ·
1677 4159 1776 4214 καὶ
1827 4161 1914 4230 μὴ

333 4244 774 4311 ἀπογινώσκειν
830 4245 1314 4315 προσδεχόμενος
1373 4249 1481 4303 τοῦ
1531 4250 1754 4317 Κυρίου
1801 4249 1917 4318 τὴν

333 4334 664 4403 ἐπίσκεψιν
698 4334 799 4388 καὶ
845 4336 961 4402 τὴν
979 4337 1273 4404 ,βοήθειαν
1315 4337 1595 4405 πάντοτε,
1629 4341 1736 4393 τὸν
1767 4354 1914 4394 σκο-

334 4425 458 4478 πὸν
496 4425 603 4479 τοῦ
631 4425 773 4492 νοὸς
809 4428 996 4481 αὐτοῦ
1024 4431 1111 4494 είς
1138 4429 1318 4483 τοῦτο
1341 4431 1498 4499 ἔχων
1529 4431 1628 4486 διὰ
1665 4433 1911 4498 παντός.

2019 3875 2135 3940 ξαν
2161 3875 2320 3943 παρά
2351 3893 2536 3940 τινος,
2582 3875 2775 3942 καθὼς
2805 3875 2876 3928 ἐν
2905 3873 2985 3939 τῷ
3009 3873 3352 3943 Εὐαγγελίῳ
3397 3871 3604 3947 τέτρα-

2018 3981 2179 4022 πται.
2218 3969 2276 4022 In
2316 3967 2553 4023 Homilia
2586 3985 2687 4039 pro
2728 3967 3013 4038 βιάζεσθαι
3042 3974 3126 4022 est
3171 3965 3463 4036 βιαζέσθω,
3491 3982 3602 4020 non

2017 4060 2180 4125 male,
2224 4060 2372 4129 quod
2407 4060 2770 4131 imperativus
2800 4075 2964 4130 saepe
2998 4059 3270 4129 sequitur,
3299 4065 3358 4113 et
3395 4057 3601 4127 ubique

2015 4150 2158 4205 forte
2186 4150 2534 4221 reponendus
2565 4150 2655 4206 sit.
2691 4150 2829 4205 Nam
2861 4149 3112 4219 sequitur
3140 4165 3152 4200 :
3191 4149 3264 4219 μὴ
3305 4147 3487 4218 ζητῶν
3518 4165 3603 4200 τι-

2020 4241 2127 4312 μὴν
2180 4250 2313 4307 cet.,
2363 4241 2510 4310 quod
2561 4257 2672 4295 non
2721 4250 2870 4295 stare
2918 4248 3102 4310 potest
3146 4254 3271 4300 cum
3320 4238 3602 4309 βιάζεσοαι

2018 4327 2192 4404 [χρὴ1,
2242 4329 2338 4385 sed
2378 4345 2538 4384 casus
2576 4338 2809 4400 quartus
2853 4345 2975 4384 esse
3035 4329 3291 4384 debebat.
3346 4327 3598 4394 Omissis,

2015 4439 2155 4492 quae
2185 4439 2297 4476 non
2331 4424 2567 4477 multum
2598 4422 2886 4487 differunt,
2907 4437 3009 4494 pro
3037 4423 3190 4492 παρὰ
3233 4439 3378 4483 τινος
3405 4430 3492 4475 est
3512 4421 3599 4474 δό-

333 4516 399 4571 In
429 4517 665 4571 Homilia
682 4518 1021 4586 aliquantum
1045 4519 1205 4575 aliter
1233 4537 1248 4573 ε
1277 4496 1470 4585 miti;
1500 4521 1596 4593 τὴν
1624 4524 1786 4595 εὐχὴν
1805 4496 1911 4594 χρὴ

2027 4516 2113 4582 Ξαν
2136 4512 2463 4583 ἀνθρώπων
2482 4517 2635 4586 παρά
2656 4531 2818 4578 τινος,
2833 4496 2980 4586 quOd
3005 4521 3192 4583 putem
3215 4510 3599 4566 invertendum

335 4609 502 4664 αὐτὸν
531 4607 680 4680 [Pag.
717 4608 805 4680 15]
833 4609 1066 4662 πάντοτε
1114 4615 1566 4684 προσκαρτερεῖν,
1594 4620 1651 4668 et
1681 4615 1757 4669 ita
1789 4616 1914 4684 qui-

336 4700 464 4754 dem
503 4708 684 4766 reete;
712 4716 838 4755 nam
871 4702 976 4775 χρὴ
1001 4711 1097 4758 aut
1127 4703 1568 4774 exprimendum,
1609 4704 1757 4775 quod
1798 4721 1916 4762 ma-

333 4791 455 4857 lim,
482 4800 579 4846 aut
617 4793 1160 4865 subintelligendum.
1195 4795 1304 4851 Sed
1341 4810 1509 4867 porro
1538 4797 1614 4851 ita
1644 4797 1778 4868 legit
1815 4815 1828 4852 :
1860 4799 1918 4851 ὲν

333 4884 522 4936 πίστει
544 4883 871 4954 προσδοκίας
887 4885 980 4938 τοῦ
1003 4887 1210 4958 Κυρίου
1234 4888 1334 4959 τὴν
1355 4889 1644 4960 ἐπίσκεψιν
1666 4889 1771 4953 καὶ,
1786 4889 1916 4963 βοὴτ

334 4976 493 5027 θειαν
517 4973 706 5027 ,αὐτοῦ
744 4975 977 5028 πάντοτε
1022 4977 1398 5048 ἐκδεχόμενον,
1441 4979 1535 5040 τὸν
1578 4981 1778 5034 σκοπὸν
1819 4980 1915 5034 τοῦ

334 5066 459 5128 νοὸς
487 5065 655 5119 αὑτοῦ
677 5067 757 5131 είς
767 5067 926 5121 τοῦτο
947 5068 1141 5140 ἔχοντα
1168 5071 1256 5124 διὰ
1279 5071 1498 5134 παντός.
1518 5071 1670 5139 Quae
1688 5073 1911 5138 docent,

336 5171 627 5236 perperam
670 5159 727 5212 in
780 5159 1017 5230 vulgatis
1062 5161 1222 5226 istius
1267 5159 1529 5232 Opusculi
1577 5164 1917 5224 editionibus

340 5261 463 5301 esse
498 5249 932 5320 προσδεχόμενος
960 5259 1018 5306 et
1064 5251 1225 5322 ἔχων,
1255 5267 1380 5306 cum
1419 5256 1692 5310 sermonis
1739 5256 1914 5310 series

341 5338 631 5395 manifesto
664 5341 912 5410 requirat
942 5357 1130 5397 casum
1175 5353 1454 5413 quartum.
1503 5345 1634 5412 Ista,
1684 5346 1753 5401 de
1799 5363 1911 5402 non

339 5427 703 5499 desperando,
732 5448 845 5486 non
869 5434 1154 5488 commode
1183 5435 1276 5491 hic
1305 5443 1454 5501 sunt,
1473 5445 1529 5492 et
1551 5437 1608 5492 in
1636 5437 1914 5508 Opusculo

336 5522 405 5574 de
431 5521 691 5578 Libertate
730 5527 918 5579 mentis
952 5541 1068 5607 cap.
1108 5526 1186 5582 16‘
1206 5535 1261 5582 et
1291 5528 1355 5582 17
1394 5527 1613 5586 meliori
1651 5514 1914 5602 σῦναφείᾳ

2011 4606 2166 4674 δόξαν
2189 4607 2342 4679 παρά
2369 4625 2512 4671 τινος
2547 4604 2877 4680 ἀνθρώπων.

2084 4699 2144 4754 In
2174 4697 2452 4778 Opusculo
2485 4712 2650 4769 porro
2678 4705 2762 4752 est
2789 4715 2802 4750 :
2845 4695 3005 4750 ἀλλὰ
3027 4696 3222 4765 μόνον
3252 4694 3357 4748 τὸν
3384 4692 3601 4760 Κύριον

2011 4790 2102 4844 ἀεὶ
2131 4791 2245 4859 πρὸ
2277 4791 2600 4861 ὀφθαλμῶν
2623 4791 2808 4860 ἔχειν,
2834 4789 2932 4843 καὶ
2961 4790 3068 4855 τὰς
3095 4787 3350 4850 ἐντολὰς
3387 4781 3599 4851 αὑτοῦ,

2013 4881 2175 4949 αὐτῷ
2213 4885 2381 4952 μόνῳ
2406 4883 2788 4951 βουλόμενος
2828 4881 3063 4950 ἀρέσαι.
3106 4879 3165 4934 1η
3215 4875 3448 4932 Homilia
3498 4889 3599 4943 pro

2013 4971 2158 5049 ἔχειν
2216 4982 2300 5028 est
2349 4972 2511 5043 ἔχων,
2572 4971 2738 5041 idque
2790 4977 2964 5026 recte.
3016 4965 3394 5038 Supplendum
3447 4963 3598 5019 enim

2015 5065 2285 5137 βιαζέσθω
2309 5077 2412 5130 cet.
2440 5065 2598 5136 ἔχων.
2632 5065 2837 5120 Cetera
2867 5077 3062 5134 parum
3088 5061 3311 5114 distant.

2087 5159 2162 5212 De
2205 5157 2457 5222 Custodia
2505 5171 2672 5227 porro
2715 5157 2847 5220 εεὶς
2894 5152 3008 5226 τὴν
3046 5151 3351 5220 πραότητα
3382 5149 3598 5220 ὁμοίως

2011 5250 2232 5305 ἑαυτὸν
2265 5248 2544 5317 βιαζέτω,
2590 5247 2689 5302 καὶ
2715 5248 2800 5318 μὴ
2837 5247 3136 5313 θελούσης
3173 5242 3284 5312 τῆς
3322 5241 3593 5310 καρδίας,

2011 5342 2094 5408 ὥς
2122 5358 2314 5411 φησιν
2343 5345 2376 5396 ό
2402 5343 2616 5410 Κύριος
2637 5357 2650 5370 ο
2678 5339 2895 5408 μάθετε
2921 5336 3192 5408 άπ,”ἐμοῦ
3218 5342 3323 5391 cet.
3360 5332 3596 5388 Homilia

2010 5437 2162 5492 addit
2209 5437 2289 5500 si;
2355 5436 2454 5506 τὴν
2495 5435 2778 5507 πραότητα
2817 5433 2930 5502 τῆς
2975 5433 3243 5502 καρδιάς,
3284 5437 3341 5484 et
3391 5427 3598 5482 omittit

2016 5527 2270 5600 βιαζέτω,
2315 5527 2463 5598 quod
2502 5543 2532 5582 a
2585 5526 2881 5597 glossatore
2934 5533 3067 5596 puto
3104 5540 3171 5579 ex
3216 5520 3596 5593 superioribus

1835 5663 2087 5719 NOTAE.

403 5749 493 5831 (ιι).
664 5750 975 5831 semierus;
1028 5751 1188 5831 lege":
1231 5753 1374 5809 Haec
1427 5754 1682 5826 periodus
1722 5755 1896 5825 prima

330 5822 518 5893 capitis
554 5822 616 5876 15
645 5821 810 5891 primi
849 5819 1113 5891 Opusculi.
1139 5822 1285 5879 Eon.

2078 5756 2152 5827 (b)
2181 5757 2364 5819 Corn,
2389 5758 2666 5815 Semlerus
2698 5757 2870 5812 habet
2904 5774 2916 5808 :
2950 5771 3049 5824 pro
3084 5755 3188 5809 τοῦ
3225 5751 3360 5807 Θεοῦ
3389 5750 3592 5822 legitur

2008 5828 2287 5896 Χριστοῦ.
2321 5829 2395 5884 lD.
