4016 6426
500 317 563 374 71
1741 312 1832 369 10.
1874 312 2019 368 SAL.
2064 311 2426 368 SEMLERUS

3596 313 3694 371 272

452 435 749 505 repetitum
771 450 909 499 esse.
935 432 1070 489 Nam
1092 432 1331 488 abfuisse
1354 431 1516 487 docet
1551 431 1625 495 id,
1649 430 1794 499 quod
1817 445 1925 483 non
1951 430 2033 482 in-

2144 431 2380 501 ejusdem
2430 429 2693 500 Opusculi
2729 446 2740 481 :
2784 426 3215 495 προσδοκῶντα
3260 427 3357 481 διὰ
3388 427 3606 494 παντὸς
3633 430 3697 482 ἐν

453 527 686 581 tercedit
709 526 923 597 signum
946 524 1325 587 connexiouis,
1351 523 1445 578 sed
1464 531 1740 593 tamquam
1764 529 2036 593 perpetuo

455 618 605 690 [Pag.
633 616 721 689 l7]
748 633 998 672 sermone
1026 618 1276 687 junctum
1308 624 1410 670 est.

522 708 583 761 In
615 706 861 761 Custodia
884 723 1048 777 porro
1074 726 1086 760 :
1115 707 1327 775 ὁμοίως
1353 708 1439 770 είς
1456 704 1519 757 τὸ
1543 698 1696 757 εἶναι
1715 702 2035 771 ἐλεήμονα,

455 797 744 864 χρηστὸν,
789 798 1241 867 εὖσπλαγχνον,
1292 796 1536 867 ἀγαθὸν,
1588 795 1703 862 ὅση
1752 794 2035 863 δύναμις,

456 886 673 940 ἑαυτὸν
704 886 915 948 ἐθίζειν
959 889 1110 957 μετὰ
1145 888 1312 953 βίας,
1366 886 1445 952 ὣς
1479 902 1670 953 φησιν
1719 887 1751 936 ό
1786 884 2032 951 Κύριος’

454 982 697 1047 γίνεσθε
728 988 837 1035 cet.
880 980 941 1035 In
975 980 1212 1035 Ilomilia
1244 996 1343 1050 pro
1381 978 1652 1032 inﬁnitivo
1684 975 1880 1030 melius
1922 975 2035 1029 ὲθι-

457 1071 620 1135 ζέτω,
651 1073 855 1127 omisso
890 1072 1027 1143 μετά
1064 1072 1203 1142 βίας,
1240 1070 1383 1141 quod
1416 1070 1637 1124 nollem.

529 1161 680 1229 Quae
711 1180 877 1234 porro
921 1171 1250 1233 sequuntur,
1299 1177 1410 1215 non
1468 1160 1703 1217 multum
1751 1157 2036 1222 differunt,

456 1255 563 1309 nisi
592 1255 738 1324 quod
789 1255 845 1309 in
890 1254 1123 1309 Homilia
1162 1270 1262 1323 pro
1295 1252 1515 1323 vulgato
1561 1251 1743 1322 legere
1794 1250 2034 1304 vellem:

457 1344 646 1414 ὥσπερ
688 1345 1051 1415 ὑπογραμμὸν
1088 1344 1202 1413 πρὸ
1232 1341 1555 1412 ὀφθαλμῶν
1580 1340 1765 1410 ἐχέτω
1794 1341 1851 1393 ὲν
1888 1341 2041 1411 πάσῃ

461 1434 650 1503 μνήμῃ
696 1432 880 1487 αὑτοῦ
926 1431 1312 1503 ἀληθαργήτῳ,
1346 1430 1474 1500 quia
1516 1430 1676 1484 aliter
1707 1429 1809 1483 ista
1848 1428 2039 1483 ultima

457 1537 567 1575 non
617 1522 758 1577 bene
808 1523 1187 1587 cohaererent,
1246 1530 1303 1576 et
1346 1537 1401 1592 p.
1444 1520 1515 1575 25
1581 1521 1637 1575 in
1666 1519 1941 1590 Opusculo
1977 1519 2041 1572 de

457 1610 707 1667 Custodia
742 1612 879 1667 haec
918 1612 1033 1668 fere
1071 1620 1400 1682 repetuntur
1434 1629 1445 1664 :
1480 1611 1601 1664 τότε
1634 1610 1855 1681 θεωρῶν
1876 1610 1904 1661 ὁ
1929 1610 2041 1663 Κύ-

458 1719 590 1774 ριος.
621 1745 633 1757 .
667 1746 679 1757 .
718 1746 730 1758 .
761 1703 877 1766 πῶς
906 1702 1077 1772 βιάζει
1112 1703 1303 1757 ἑαυτὸν
1326 1704 1554 1756 πάντοτε
1582 1703 1663 1781 εἰς
1694 1702 1794 1772 τὴν
1820 1702 2039 1773 μνήμην

2138 520 2337 573 πίστει
2370 519 2707 583 ἁδιστάκτῳ
2736 516 2802 570 τί)
2832 518 3002 584 ἔλεος
3032 516 3239 581 αὐτοῦ.
3277 518 3374 571 καί
3403 517 3698 581 βιάζεσθαι

2138 609 2353 663 ἑαυτὸν
2384 610 2471 675 είς
2517 609 2581 661 τὸ
2623 608 2933 673 οἰκτείρειν
2970 615 3102 671 cet.,
3132 622 3231 676 pro
3261 623 3371 677 quo
3406 600 3615 663 auctius
3646 611 3698 665 in

2140 698 2402 765 Ilomilia,
2432 699 2815 769 προσδοκῶντα.
2842 698 2930 751 διὰ
2960 698 3161 761 παντὸς
3190 699 3248 749 ὲν
3279 699 3461 751 πίστει
3490 698 3698 754 ἁδισὶτά-

2139 809 2252 861 κτῳ
2293 791 2353 844 τὸ
2384 792 2528 854 ἔλεος
2562 790 2751 856 αὑτοῦ,
2802 791 2898 844 καὶ
2950 789 3230 859 βιάζεσθαι
3270 790 3459 843 ἑαυτὸν
3506 792 3583 853 είς
3610 792 3700 863 τὴν

2138 883 2378 953 ἀγάπην,
2423 883 2497 953 μὴ
2552 883 2743 953 ἔχοντα
2798 884 3050 952 ἀγάπην
3112 882 3393 951 βιάζεσθαι
3459 894 3593 949 cet.;
3650 894 3701 939 ct

2140 975 2346 1030 rectius
2373 975 2595 1045 quidem
2636 975 2731 1038 ita,
2770 974 2915 1045 quod
2960 974 3123 1029 docet
3166 974 3503 1044 Opusculum
3536 978 3595 1029 de
3624 978 3704 1031 Li-

2139 1065 2339 1120 bertate
2383 1082 2432 1121 c.
2495 1066 2603 1121 18:
2650 1067 2785 1137 πρὸς
2827 1067 3066 1135 ἀγάπην,
3111 1067 3186 1137 μὴ
3220 1067 3444 1136 ἔχοντας
3473 1058 3699 1140 ἀγάπην.

2138 1157 2257 1213 Jam
2288 1160 2558 1227 scriptura
2588 1158 2643 1211 in
2675 1158 2906 1211 Homilia
2930 1166 2986 1212 et
3018 1156 3295 1228 Opusculo
3332 1158 3429 1212 Imo
3464 1160 3702 1229 aliquan-

2140 1251 2316 1303 tulum
2347 1249 2550 1313 diﬂ’ert,
2585 1249 2729 1303 unde
2782 1248 2915 1319 quid
2945 1255 3271 1313 statuamus,
3324 1266 3394 1304 ex
3437 1252 3701 1321 scriptura

2139 1340 2401 1409 Opusculi
2440 1340 2503 1394 de
2541 1340 2806 1395 Libertate
2851 1355 3207 1409 exponemus.
3241 1340 3391 1406 Quae
3420 1341 3543 1397 talis
3578 1352 3657 1397 est
3690 1363 3701 1397 :

2142 1431 2475 1504 [συνωθεῖν]
2522 1432 2656 1502 πρὸς
2699 1431 2760 1483 τὸ
2815 1429 3105 1501 ἀνέχεσθαι
3154 1422 3379 1502 ἀτιμίας
3435 1436 3529 1486 καὶ
3574 1451 3704 1504 παρ-

2140 1523 2381 1593 οράσεως
2425 1522 2521 1575 καὶ
2557 1524 2667 1582 τοῖς
2700 1520 3170 1591 ὲξουθενουμένοις
3200 1524 3579 1592 ἐγκαρτερεῖν,
3614 1539 3706 1592 pro

2140 1630 2251 1686 quo
2295 1616 2413 1686 lege
2467 1630 2597 1670 casu
2651 1622 2848 1685 quarto
2900 1616 3024 1677 τοὺς
3075 1614 3556 1685 ὲξουθενουμένους
3595 1618 3703 1671 scil.

2140 1705 2307 1774 ἡμᾶς,
2340 1703 2377 1757 i.
2422 1718 2471 1758 e.
2514 1711 2576 1757 ut
2620 1702 2677 1757 in
2723 1702 2960 1758 Homilia
2990 1711 3168 1757 exstat
3195 1721 3207 1756 :
3234 1705 3313 1767 εἰς
3347 1704 3431 1759 τὸ.
3468 1745 3481 1757 .
3521 1744 3535 1758 .
3567 1703 3708 1769 ἐξου.

455 1793 619 1847 αὑτοῦ
651 1802 796 1861 cet.;
837 1794 969 1849 hinc
1014 1794 1261 1849 additum
1304 1794 1501 1851 vellem
1546 1791 1732 1859 αὐτοῦ,
1765 1791 1884 1847 scil.
1941 1792 2036 1844 τοῦ

2144 1793 2514 1863 θενούμενονῆ
2558 1793 2961 1865 ἀτιμαζόμενον
2995 1793 3071 1864 μὴ
3126 1794 3459 1862 ἀγανακτεῖν
3486 1803 3591 1849 cet.

454 1888 717 1958 Χριστοῦ.

527 1977 587 2031 In
620 1977 683 2030 de
704 1976 955 2032 Custodia
981 1994 1036 2048 p.
1066 1978 1136 2031 24
1183 1978 1435 2048 sequitur
1470 1996 1483 2033 ;
1514 1977 1614 2032 καὶ
1637 1979 1753 2048 ὅση
1783 1979 2038 2049 δύναμις

450 2067 746 2140 1βιιιζέἓσθω
782 2068 910 2135 ταῖς
939 2069 1146 2139 εὐχαῖς
1173 2070 1658 2139 προσκαρτερεῖν,
1685 2071 1782 2125 διὰ
1810 2072 2039 2137 παντὸς

456 2158 739 2229 δεόμενος
762 2160 859 2213 καὶ
893 2161 1215 2215 πιστεύων.
1248 2162 1307 2215 In
1349 2160 1585 2217 Homilia
1614 2162 1884 2217 omittitur
1916 2164 2037 2233 βια-

457 2251 634 2317 ζέσθω
656 2261 713 2308 et
740 2253 1004 2307 scribitur
1042 2254 1544 2330 προσκαρτερείτω.

528 2342 793 2413 Sequitur
838 2360 1006 2415 porro
1049 2344 1274 2410 ibidem,
1305 2346 1526 2401 omissis
1568 2361 1708 2415 quae
1750 2346 1887 2402 nihil
1924 2346 2040 2403 fere

455 2442 674 2501 mutant
706 2452 719 2488 :
753 2436 849 2488 καί
880 2436 1068 2502 οὕτως
1099 2434 1138 2490 d
1182 2436 1299 2490 νῦν
1320 2437 1470 2505 μετὰ
1502 2437 1648 2502 ,βίας
1690 2438 1787 2491 καὶ
1834 2438 1919 2507 μὴ
1951 2441 2042 2493 θε-

456 2528 694 2595 ,ἳούσης
743 2525 855 2594 τῆς
892 2525 1144 2594 καρδίας
1194 2527 1369 2591 ποιεῖ,
1423 2525 1633 2586 ἐθίζειν
1675 2526 1895 2581 ἑαυτὸν
1945 2527 2042 2583 διὰ

456 2619 686 2684 παντὸς
725 2620 812 2683 είς
844 2618 908 2672 τὸ
937 2618 1181 2687 ἀγαθὸν,
1236 2617 1468 2671 καὶτοῦ
1507 2618 1730 2685 Κυρίου
1772 2620 1864 2673 ἀεὶ
1892 2638 2044 2689 μνη-

451 2711 757 2783 μονεύειν,
796 2710 897 2764 καὶ
953 2707 1304 2779 προσδοκᾶν
1341 2710 1529 2763 αὑτὸν
1570 2708 1668 2762 διὰ
1708 2711 1937 2779 παντὸς
1973 2714 2045 2766 ἐν

458 2800 665 2869 πολλῇ
690 2801 1012 2870 ἀγαθότητι
1054 2801 1154 2854 καί
1188 2800 1413 2870 ἀγάπῃ.
1451 2802 1511 2856 ln
1550 2800 1786 2859 Homilia
1819 2819 1920 2873 pro
1968 2803 2045 2875 μὴ

460 2891 721 2962 θελούσης
754 2900 861 2946 cet.
893 2901 978 2946 est
1006 2892 1247 2961 ἀκούσης
1282 2892 1383 2961 τῆς
1421 2893 1647 2965 καρδίας
1689 2898 1854 2957 ποιεῖ,
1890 2896 2047 2948 ἑκου-

462 2984 593 3046 σίως
619 2981 697 3054 (α)
720 2982 914 3053 πράξει
937 2982 1083 3046 ποτέ,
1108 2981 1334 3046 Ἐθίζων
1356 2991 1485 3049 cet.,
1510 2983 1700 3047 ἐθίζων
1720 3000 1938 3054 quoque
1964 2986 2044 3040 le-

459 3073 699 3147 gendum
742 3080 827 3126 est
862 3072 919 3125 in
950 3070 1244 3140 Opusculo.
1283 3072 1421 3127 Nam
1455 3072 1654 3137 ἐθίζειν
1688 3089 1800 3128 non
1840 3074 2037 3143 placet,

460 3162 609 3233 quod
638 3163 852 3217 librarii
877 3163 951 3216 ita
973 3162 1242 3228 fecerunt,
1273 3171 1337 3217 ut
1364 3164 1648 3218 videretur
1678 3165 2038 3231 constructio,

460 3270 603 3325 quae
631 3263 813 3311 tamen
836 3255 984 3309 nulla
1006 3263 1109 3309 est.
1133 3255 1349 3311 Mallem
1378 3264 1561 3311 tamen
1588 3265 1836 3311 ceterum
1860 3257 2043 3327 legere

462 3347 739 3410 ἀκουσίως
781 3349 875 3399 καὶ
906 3346 982 3417 μὴ
1026 3346 1287 3418 θελούσης
1308 3347 1406 3418 τῆς
1430 3346 1678 3418 καρδίας,
1710 3349 1839 3420 quia
1866 3348 2046 3417 sequi-

463 3447 555 3493 tur
577 3437 839 3499 ἑκουσίως
866 3456 879 3491 ;
908 3445 965 3491 et
989 3444 1139 3491 certe
1171 3436 1247 3491 ita
1276 3436 1443 3492 credo
1472 3437 1663 3492 fuisse.

534 3529 708 3582 Porro
757 3527 814 3581 in
845 3525 1122 3598 Opusculo
1150 3526 1345 3580 eodem
1372 3558 1443 3567 -——
1475 3528 1669 3582 omitto
1705 3545 1814 3583 non
1849 3545 2043 3599 pauca,

464 3620 595 3690 quia
655 3619 762 3674 hoc
810 3619 1091 3690 specimen
1145 3618 1313 3674 breve
1347 3635 1467 3673 esse
1518 3619 1684 3673 debet
1714 3650 1783 3659 -—
1822 3637 1876 3690 p.
1934 3622 2042 3678 26:

463 3711 564 3766 ὅτε
623 3711 991 3780 καρποφορεῖ
1026 3710 1329 3780 καθαρῶς,
1391 3725 1491 3782 pro
1526 3726 1635 3791 quo
1690 3726 1760 3765 ex
1812 3712 2047 3769 Homilia

462 3816 520 3874 p.
548 3800 653 3856 9.90
685 3801 1039 3856 scribendum
1068 3804 1201 3855 τότε
1232 3805 1578 3872 καρποφορεῖ
1623 3802 1903 3873 καθαρῶς.
1934 3803 2045 3857 lbi-

464 3893 591 3948 dem
626 3910 640 3946 :
666 3892 783 3962 χρὴ
816 3892 884 3946 δὲ
908 3894 1213 3961 πρότερον.
1254 3934 1268 3948 .
1301 3935 1313 3949 .
1348 3894 1535 3959 οὕτως
1556 3892 1785 3961 ,βιάζειν
1811 3896 1908 3951 καί
1938 3897 2046 3948 αὺ-

463 3986 593 4049 τόν,
615 4000 716 4056 pro
737 4001 847 4056 quo
877 3986 933 4039 in
963 3986 1198 4040 Homilia
1225 3984 1305 4055 §5
1329 3986 1609 4055 βιάζεσθαι
1632 3988 1823 4041 ἑαυτὸν
1845 3997 2043 4047 exstat.

465 4075 537 4129 Et
574 4074 723 4146 [Pag.
767 4073 858 4146 18]
908 4074 963 4127 id
1002 4075 1201 4146 placet,
1259 4076 1388 4145 quia
1433 4075 1708 4137 divulsum
1764 4077 2048 4147 βιάζεσθαι

465 4167 745 4240 peperisse
780 4166 1000 4220 videtur
1031 4165 1427 4227 diversitatem.
1462 4167 1581 4227 1am
1613 4184 1745 4223 vero
1778 4169 1915 4223 haec
1942 4169 2049 4240 χρὴ

466 4260 734 4327 πρότερον
788 4265 895 4311 cet.
939 4257 1163 4310 tertium
1206 4265 1506 4311 occurrunt
1558 4258 1613 4311 in
1670 4257 1948 4329 Opusculo
1987 4258 2051 4311 de

467 4348 732 4404 Libertate
760 4349 945 4402 mentis
970 4364 1090 4419 cap,
1122 4348 1208 4402 18.
1240 4348 1321 4405 lbi
1369 4350 1516 4403 enim
1555 4350 1738 4404 omnia
1786 4350 1855 4405 ab
1889 4350 2049 4421 initio

467 4441 807 4501 conveniunt
828 4440 1253 4499 cuinﬂomiliae
1286 4442 1579 4512 scriptura,
1608 4443 1711 4497 nisi
1730 4444 1877 4513 quod
1912 4444 2047 4501 haec
2078 4464 2123 4520 ι)

468 4533 671 4589 melius
730 4533 897 4588 habet
959 4532 1347 4604 προσελθόντα.
1415 4532 1564 4600 Quae
1620 4542 1925 4604 sequuntur
1990 4535 2046 4589 in

469 4622 663 4676 eodem
694 4622 756 4675 de
787 4622 1051 4676 Libertate
1065 4621 1339 4692 Opusculo
1372 4641 1385 4676 :
1424 4622 1618 4695 βιαστὴ
1650 4626 1781 4695 γὰρ,
1824 4626 1990 4695 φησὶν
2019 4627 2048 4679 ὁ

470 4721 600 4776 cet.,
633 4720 782 4767 recte
812 4711 960 4765 hunc
987 4712 1171 4765 locum
1205 4719 1507 4782 occupant;
1561 4712 1618 4766 in
1650 4712 1886 4767 Homilia
1914 4728 2048 4768 vero

469 4813 527 4860 et
559 4804 836 4875 Opusculo
881 4804 903 4859 1
940 4819 1047 4857 non
1079 4802 1286 4881 optimo
1310 4803 1461 4877 loco
1489 4810 1726 4858 exstant.
1774 4803 2046 4873 Corrupta

469 4909 602 4949 vero
642 4903 795 4957 sunt,
827 4908 967 4963 quae
1001 4908 1129 4947 mox
1162 4892 1217 4945 in
1256 4889 1533 4962 Opusculo
1566 4893 1628 4945 de
1654 4891 1915 4945 Libertate
1964 4909 2050 4947 se-

471 4995 737 5056 quuntur.
784 4986 957 5057 Vulgo
989 4985 1134 5039 enim
1178 4984 1253 5039 ita
1284 4994 1449 5038 sunt:
1492 4983 1853 5052 ὰγωνίζεσθαι
1886 4978 2049 5039 πάλιν

472 5078 634 5130 αὑτὸν
663 5078 922 5131 εἰσελθεῖν
964 5078 1052 5131 διὰ
1084 5078 1182 5149 τῆς
1213 5080 1406 5147 στενῆς
1434 5077 1626 5149 θύρας,
1661 5092 1801 5147 quae
1835 5084 1892 5129 et
1920 5077 2047 5133 lati-

473 5184 607 5221 num
639 5168 994 5237 interpretem
1039 5169 1397 5240 deceperunt.
1428 5169 1595 5224 Certo
1646 5177 1831 5225 autem
1862 5171 2049 5241 legen-

475 5258 605 5312 dum
632 5265 747 5313 est:
775 5259 867 5311 καὶ
899 5260 1060 5313 πάλιν
1084 5260 1463 5333 [γέγραπται]
1492 5280 1504 5292 ·
1531 5262 1893 5331 ἀγωνίζεσθαι
1916 5270 2048 5329 cet.,

476 5356 539 5402 ut
574 5349 688 5404 fere
714 5358 892 5404 exstat
924 5351 980 5404 in
1009 5352 1071 5405 de
1099 5352 1347 5407 Custodia
1378 5369 1432 5423 p.
1463 5354 1552 5406 2i.

545 5438 749 5494 Omitto
775 5440 1022 5510 judicare
1060 5442 1127 5496 de
1159 5443 1244 5507 iis,
1277 5460 1415 5513 quae
1441 5444 1497 5498 in
1532 5444 1766 5499 Homilia
1796 5454 1851 5497 et
1880 5445 2054 5517 Opus-

479 5527 603 5582 culo
636 5530 660 5583 Ι
696 5530 983 5601 interjecta
1044 5540 1193 5597 sunt,
1245 5543 1302 5588 et
1347 5550 1516 5605 pergo
1564 5534 1631 5589 ad
1676 5551 1732 5606 p.
1786 5536 1855 5592 26
1891 5538 2055 5609 hujus

2209 1885 2470 1955 Sequitur
2507 1899 2674 1955 porro
2724 1884 2780 1938 in
2810 1884 2872 1938 de
2924 1883 3176 1939 Cuttodia
3223 1901 3241 1939 :
3292 1885 3605 1949 βιάζεσθαί
3650 1904 3709 1940 τε

2137 1980 2355 2035 ἑαυτὸν
2382 1981 2469 2043 είς
2494 1977 2608 2045 τὴν
2628 1976 2843 2046 εὐχὴν,
2866 1975 3047 2047 μήπω
3073 1976 3293 2044 ἔχοντα
3320 1979 3516 2045 εὐχὴν
3540 1980 3709 2031 πνεύ-

2132 2084 2340 2138 ματος.
2379 2066 2618 2121 Iiomilia
2655 2080 2851 2136 parum
2889 2064 3095 2130 ditl‘ert,
3136 2073 3192 2119 et
3223 2067 3563 2138 corrigemus
3589 2068 3711 2124 hinc

2140 2159 2289 2233 [Pag.
2319 2156 2410 2229 l9]
2437 2158 2619 2213 locum
2674 2157 2732 2212 in
2778 2157 2841 2211 de
2888 2155 3170 2224 Libertate,
3223 2159 3321 2213 ubi
3374 2160 3450 2215 ita
3497 2170 3706 2215 exstat:

2139 2252 2292 2305 οὔπω
2326 2250 2532 2321 ταύτην
2556 2251 2855 2321 ἐσχηκότας
2883 2249 2981 2319 τὴν
3006 2250 3119 2314 ἕξιν
3150 2251 3288 2323 πρὸς
3325 2252 3510 2323 εὐχὴν,
3554 2254 3721 2322 μήπω

2140 2342 2451 2412 πνεύματος
2497 2342 2660 2413 εὐχὴν
2706 2343 3101 2413 κεκτημένους,
3150 2358 3253 2412 pro
3283 2342 3488 2413 quibus
3532 2343 3709 2414 legen-

2141 2434 2273 2491 dum
2316 2436 2453 2507 πρὸς
2501 2434 2667 2507 εὐχὴν
2712 2434 2865 2506 (scil.
2913 2434 3225 2504 συνωθεῖν),
3284 2438 3457 2507 μήπω
3519 2435 3711 2505 ταύτης

2142 2525 2442 2596 ἐσχηκότας
2474 2524 2571 2595 τὴν
2599 2525 2735 2592 ἕξιν,
2760 2527 2854 2579 καὶ
2883 2527 3047 2596 μήπω
3085 2535 3190 2580 cet.

2832 2615 2859 2686 §
2897 2616 3035 2671 vui.

2215 2707 2322 2762 Sed
2368 2715 2429 2761 ut
2457 2708 2569 2778 jam
2619 2707 2940 2778 perveniam
2986 2706 3056 2761 ad
3103 2706 3180 2771 id,
3232 2708 3395 2778 cujus
3444 2708 3523 2762 rei
3560 2721 3713 2763 causa

2146 2798 2285 2853 haec
2316 2798 2532 2869 scripsi,
2564 2798 2815 2852 omittam
2843 2797 3111 2852 orationis
3156 2798 3211 2852 in
3235 2798 3476 2852 Macario
3508 2799 3712 2862 seriem,

2145 2898 2201 2945 et
2226 2890 2530 2954 ostendam,
2559 2888 2847 2960 probabile
2876 2905 3018 2955 esse,
3054 2889 3189 2943 haec
3217 2890 3405 2943 omnia
3434 2905 3464 2944 a
3493 2889 3713 2943 Macario

2146 2999 2256 3037 non
2287 2983 2489 3053 scripta
2530 2998 2671 3047 esse,
2719 2983 2817 3037 sed
2857 2982 3135 3038 celebrata
3183 2990 3399 3036 tantum
3453 2996 3710 3044 sermone,

2148 3074 2216 3128 ab
2260 3074 2382 3128 aliis
2418 3073 2620 3129 deinde
2654 3074 2786 3128 talia
2830 3075 3293 3144 apophthegmata
3347 3074 3575 3129 subinde
3608 3073 3712 3128 col-

2146 3165 2287 3219 lecta
2319 3171 2375 3219 et
2424 3172 2605 3229 aucta,
2654 3173 2711 3218 et
2767 3164 2987 3219 tandem
3024 3166 3080 3219 in
3119 3166 3254 3221 haec
3302 3182 3475 3237 Opera
3521 3166 3716 3235 digesta

2145 3271 2287 3310 esse.
2326 3255 2572 3325 Subjeeit
2603 3256 2809 3310 Pritius
2840 3256 3071 3310 editioni
3097 3271 3228 3311 suae
3256 3257 3716 3327 Apophthegmata

2147 3348 2415 3418 quaedam
2464 3348 2709 3413 Macarii,
2744 3364 2977 3418 quorum
3009 3349 3247 3419 primum
3285 3358 3468 3405 exstat
3509 3366 3561 3419 p.
3598 3346 3714 3410 251,

2146 3439 2294 3510 quod
2339 3439 2385 3493 si
2416 3440 2541 3508 quis
2583 3440 2736 3509 legit,
2775 3448 2832 3495 et
2868 3441 3013 3511 leget
3050 3450 3243 3512 postea
3286 3457 3378 3507 ea,
3429 3442 3496 3497 de
3528 3440 3716 3510 quibus

2147 3530 2490 3601 scripsimus,
2522 3530 2765 3585 offendet
2800 3530 2992 3585 eadem
3048 3547 3109 3586 re
3145 3532 3261 3600 ipsa
3297 3531 3518 3587 diversa
3545 3529 3717 3584 verbis

2146 3634 2269 3675 esse
2298 3628 2354 3674 et
2382 3619 2687 3675 sententiis.
2716 3620 2777 3675 In
2801 3620 2917 3690 ipsa
2937 3630 3118 3676 tamen
3133 3621 3225 3674 illa
3255 3624 3527 3692 scriptura
3546 3620 3715 3675 malim

2147 3727 2250 3782 pro
2285 3712 2381 3765 καὶ
2412 3714 2487 3782 μὴ
2519 3716 2759 3784 μετρεῖν,
2785 3702 2892 3766 τοῦ
2927 3712 3003 3784 μὴ
3036 3722 3168 3779 cet.,
3218 3714 3477 3769 similiter
3511 3728 3609 3784 pro
3634 3711 3719 3763 καὶ

2149 3804 2215 3856 τὸ
2265 3802 2339 3873 μὴ
2381 3806 2585 3874 κρῖναι,
2631 3804 2725 3857 καὶ
2753 3804 2861 3858 τοῦ
2892 3805 2967 3875 μὴ
3003 3815 3138 3869 cet.,
3186 3814 3243 3859 et
3267 3809 3369 3859 καὶ
3397 3806 3502 3859 τοῦ
3534 3802 3720 3871 ὑποφέ-

2152 3912 2287 3966 ρειν,
2317 3904 2374 3950 et
2400 3897 2493 3949 ml.
2518 3896 2624 3950 τοῦ
2653 3897 3035 3968 ἀπορρίπτειν,
3062 3905 3119 3952 et
3150 3897 3389 3968 βιαστῶν
3412 3900 3540 3952 ἐστι
3579 3896 3719 3967 βασι-

2150 3984 2266 4037 λεία
2296 3999 2396 4053 pro
2422 3985 2541 4039 ἐπί.
2574 3984 2732 4052 Quod
2765 4002 2895 4057 ergo
2925 3986 3131 4043 diversi
3182 3990 3421 4044 diversis
3451 3988 3582 4043 locis
3622 3986 3717 4040 ista

2149 4075 2366 4145 egregia
2396 4075 2638 4131 hominis
2690 4077 2835 4131 dicta
2876 4079 3249 4149 collegerunt,
3276 4090 3334 4135 at
3365 4080 3472 4135 alio
3503 4080 3593 4134 alii
3631 4093 3714 4131 or-

2150 4164 2279 4218 dine
2311 4164 2676 4235 digesserunt,
2718 4168 2845 4223 inde
2880 4171 3053 4234 venit,
3087 4171 3235 4240 quod
3283 4172 3422 4227 haec
3458 4168 3715 4241 Opuscula

2150 4264 2277 4310 nata
2305 4266 2454 4321 sunt,
2506 4267 2562 4313 et
2605 4259 2775 4315 multa
2801 4268 2897 4314 aut
2925 4260 3187 4331 pleraque
3217 4264 3402 4318 omnia
3427 4263 3512 4317 bis
3545 4270 3601 4316 et
3640 4267 3716 4313 ter

2151 4354 2467 4401 occurrunt.

2854 4442 2880 4514 ς
2918 4443 3007 4497 IX.

2224 4531 2332 4587 Sed
2361 4532 2497 4587 mihi
2527 4534 2751 4587 omnino
2778 4533 3099 4602 videndum,
3128 4552 3197 4591 ne
3226 4537 3442 4593 desinat
3470 4537 3573 4590 hoc
3604 4545 3715 4588 esse

2152 4625 2451 4694 specimen.
2510 4624 2755 4681 Suiiiciat
2832 4628 3140 4681 ostendisse
3204 4630 3387 4683 omnia
3434 4627 3598 4682 verba
3648 4624 3716 4676 ita

2149 4727 2271 4765 esse
2294 4713 2547 4782 repetita,
2590 4724 2653 4768 ut
2696 4715 2787 4768 vix
2834 4715 3091 4769 diiIerant
3132 4717 3238 4772 levi
3277 4717 3593 4772 traiectione
3628 4719 3712 4765 aut

2148 4804 2360 4875 aliquot
2412 4803 2608 4859 literis.
2644 4804 2901 4860 Ceterum
2936 4807 3207 4876 spondere
3264 4808 3464 4870 ausim,
3503 4820 3587 4860 me
3615 4801 3715 4856 alio

2148 4894 2291 4948 forte
2335 4900 2581 4964 tempore
2633 4906 3006 4961 ostensurum,
3057 4900 3147 4952 vix
3187 4900 3469 4953 minimam
3517 4903 3714 4966 partem

2150 4986 2319 5040 semel
2340 4985 2469 5051 dici,
2498 4986 2593 5041 sed
2619 4988 2798 5043 omnia
2827 4988 2941 5044 fere
2967 4990 3073 5054 bis,
3104 4992 3276 5045 multa
3305 5000 3389 5045 ter
3414 4998 3710 5044 occurrere.

2152 5078 2302 5151 [Pag.
2360 5077 2451 5150 20]
2494 5080 2690 5135 Paucis
2742 5080 2924 5136 adhuc
2975 5082 3259 5153 attingam,
3312 5097 3450 5153 quae
3502 5076 3713 5132 uberius

2152 5172 2284 5225 olim
2342 5173 2667 5240 exponenda
2716 5175 2846 5229 sint.
2887 5176 3154 5241 Primum,
3190 5177 3335 5232 male
3385 5172 3562 5227 omnia
3620 5168 3712 5220 ista

2147 5275 2269 5314 esse
2318 5264 2639 5331 composita,
2681 5274 2763 5329 ut,
2817 5283 2942 5321 eum
2996 5267 3068 5321 sit
3115 5267 3336 5338 aliquod
3394 5258 3711 5334 Opusculum

2151 5354 2213 5406 de
2244 5352 2515 5419 Oratione,
2550 5358 2720 5411 multa
2752 5358 2807 5412 in
2838 5376 2905 5414 eo
2935 5360 3065 5426 sint,
3095 5376 3235 5430 quae
3269 5360 3395 5423 alio,
3431 5364 3485 5409 et
3517 5354 3568 5407 in
3598 5347 3710 5402 aliis

2150 5446 2333 5513 plura,
2378 5462 2519 5516 quae
2564 5464 2631 5503 eo
2662 5451 3032 5519 pertinebant.
3087 5452 3295 5506 Deinde
3334 5446 3615 5521 praecipue
3657 5438 3709 5491 in

2154 5535 2406 5593 Homiliis
2451 5540 2630 5595 oratio
2676 5556 2788 5596 non
2825 5541 3132 5615 interrupta
3186 5541 3363 5596 solum
3406 5531 3705 5610 quaestiun-

1884 5636 1899 5641 “
1994 5644 2247 5707 NOTAE.

556 5726 633 5797 (α)
672 5727 853 5797 Corn,
882 5730 1166 5786 Semlerus
1190 5730 1439 5800 ἑκούσης.
1476 5731 1621 5807 Eutr.
