4016 6462
211 341 313 399 2T5

228 546 614 618 responsiones
655 545 808 600 haud
849 561 972 600 raro
1005 545 1245 615 ineptae,
1278 555 1339 599 ut
1381 556 1640 615 appareat
1699 559 1811 599 non

229 655 342 693 esse
380 637 802 707 responsiones,
854 644 909 692 et
943 652 1053 691 non
1098 653 1256 706 posse
1293 652 1323 690 a
1361 637 1542 705 primo
1587 643 1813 690 auctore

230 741 383 785 natas
402 745 548 784 esse.
571 729 716 783 Nolo
745 730 933 783 multis
954 729 1042 782 bis
1063 729 1364 783 immorari.
1399 729 1587 799 Legat,
1612 729 1657 784 si
1689 729 1816 798 quis

228 824 397 885 volet,
420 836 562 891 quae
591 830 721 874 sunt
751 819 810 874 in
846 821 1078 874 Ilomilia
1104 837 1195 875 Vill
1226 820 1280 874 in
1308 823 1413 875 line
1442 820 1469 891 §
1498 822 1550 886 4,
1575 829 1631 876 et
1652 820 1818 875 addat

232 913 570 984 Opusculum
612 912 676 964 de
721 910 992 966 Charitate
1017 927 1135 980 cap.
1187 909 1252 963 l0
1302 918 1566 965 extremo.
1618 910 1820 980 Jungat

240 1020 401 1076 porro
423 1004 586 1058 istius
613 1003 882 1058 Homiliae
904 1001 930 1073 §
955 1003 988 1057 5
1014 1011 1069 1056 et
1093 1003 1239 1056 illius
1268 1003 1528 1072 Opusculi
1579 1017 1698 1072 cap.
1728 1001 1816 1066 12,

246 1098 339 1151 ubi
377 1098 650 1165 integrum
709 1104 874 1165 caput
936 1095 1218 1159 inseritur,
1272 1094 1418 1164 quod
1469 1111 1537 1149 ex
1584 1093 1820 1148 Homilia

245 1189 410 1242 abest.
444 1187 588 1240 Tum
638 1202 771 1240 vero
818 1187 1062 1240 omnium
1093 1187 1326 1240 maxime
1353 1202 1410 1240 se
1449 1186 1600 1240 fraus
1636 1185 1823 1256 prodit

243 1278 510 1334 Homiliae
539 1277 784 1348 ejusdem
818 1277 845 1348 §
880 1278 912 1332 6
942 1294 1039 1348 per
1075 1277 1350 1348 egregiam
1383 1277 1820 1348 responsionem.

238 1371 565 1438 Quaesitum
591 1379 728 1435 erat,
754 1371 811 1424 in
852 1370 1054 1441 quibus
1083 1370 1346 1441 gradibus
1382 1369 1738 1439 perfectionis
1764 1377 1824 1422 tu

237 1465 334 1519 es?
360 1473 417 1518 et
443 1463 806 1536 respondetur
837 1481 851 1517 :
880 1463 1016 1534 μετὰ
1035 1463 1093 1515 τὸ
1113 1465 1337 1536 σημεῖον
1358 1463 1449 1515 τοῦ
1471 1460 1707 1532 σταυροῦ
1727 1460 1823 1515 νῦν

236 1558 272 1625 ἡ
293 1557 457 1626 χάρις
490 1555 658 1617 οὕτως
683 1557 913 1626 ἐνεργεῖ,
944 1555 1039 1608 καὶ
1066 1553 1334 1626 εῑρηνεύει
1359 1553 1455 1607 ὅλα
1483 1553 1549 1606 τὰ
1577 1552 1711 1622 μέλη
1731 1551 1827 1604 καὶ

235 1651 341 1719 τὴν
384 1647 634 1719 καρδίαν,
671 1647 812 1700 ὥστε
847 1647 944 1718 τὴν
973 1647 1149 1719 ψυχὴν
1184 1649 1250 1701 ἐκ
1279 1649 1377 1718 τῆς
1421 1645 1622 1715 πολλῆς
1652 1647 1827 1715 χαρᾶς

236 1741 316 1806 ὡς
346 1740 558 1795 παιδίον
580 1739 784 1792 ἄκακον
819 1740 1129 1809 φαίνεσθαι,
1163 1740 1260 1794 καὶ
1285 1738 1383 1791 οὐκ
1403 1737 1483 1790 ἔτι
1506 1735 1826 1807 κατακρίνει

1257 341 1347 396 DE
1382 338 1691 396 SCRIPTIS
1729 340 1787 396 S.
1827 337 2110 396 MACARII
2139 337 2477 394 AEGYPTI].

223 455 373 518 culis.
404 454 509 510 sed
560 463 622 509 et
671 455 786 510 hae
816 455 962 525 ipsae
989 453 1122 509 satis
1151 453 1547 524 incompositae
1584 462 1733 519 sunt,
1761 462 1819 508 et
1846 461 1894 516 Α

3385 334 3494 394 274

2651 452 2783 522 sx.

1985 543 2190 601 Ultimo
2211 544 2332 600 loco
2365 544 2506 599 addo
2534 543 2670 598 illud
2698 543 2899 606 adhuc,
2924 559 3025 612 pro
3049 558 3169 597 mea
3199 543 3494 609 sententia,

1914 637 2128 692 nescire
2144 653 2252 702 me,
2276 636 2410 707 quid
2433 636 2539 691 sibi
2559 635 2692 690 velit
2717 635 2848 688 illud
2877 633 3024 702 quod
3049 649 3211 702 saepe
3256 635 3500 688 occurrit

1915 729 2128 800 φησιν.
2169 729 2299 783 Tale
2339 744 2440 799 ego
2473 744 2693 798 semper
2725 726 2891 782 credo
2928 742 3048 781 esse
3091 727 3365 781 narrantis
3401 728 3499 781 ali-

1917 820 2052 891 quid
2081 819 2150 875 de
2191 820 2386 885 altero,
2417 835 2528 874 non
2558 835 2690 874 vero
2719 818 3014 874 scribentis
3056 834 3173 872 sua.
3205 819 3276 872 At
3320 828 3500 873 exstat

1920 927 2040 982 cap.
2089 910 2175 974 10,
2222 927 2342 980 cap.
2388 911 2442 975 9,
2486 925 2606 980 cap.
2655 909 2688 963 8
2718 909 2780 963 de
2828 909 3120 964 Charitate.
3152 909 3232 962 lta
3280 924 3500 978 quoque

1921 1019 2040 1074 cap.
2068 1003 2101 1057 9
2135 1002 2210 1056 ita
2229 1002 2490 1056 scribitur
2515 1019 2528 1055 :
2555 1002 2639 1056 Ad
2661 1003 3096 1072 interrogantem,
3123 1020 3193 1056 an
3225 1002 3376 1073 [Pag.
3406 1001 3501 1076 21]

1922 1099 2082 1168 possit
2118 1099 2269 1150 homo
2301 1096 2358 1149 in
2405 1111 2463 1148 eo
2496 1112 2698 1166 semper
2720 1103 2867 1149 statu
2929 1097 3142 1159 durare,
3177 1098 3252 1150 sic
3289 1113 3507 1167 respon-

1923 1189 2149 1242 dendum
2183 1197 2255 1242 est
2303 1194 2408 1241 cet.
2440 1187 2500 1240 ln
2530 1187 2764 1242 Homilia
2790 1202 2922 1241 vero
2951 1196 3140 1242 octava
3166 1186 3192 1256 ᾗ
3217 1187 3251 1240 2
3273 1188 3507 1243 habetur
3542 1200 3546 1234 ξ

1923 1290 1981 1336 et
2023 1280 2273 1350 quaestio
2304 1287 2360 1334 et
2408 1279 2712 1348 responsio,
2747 1279 2966 1333 omissis
3005 1279 3125 1332 istis
3164 1279 3244 1332 ita
3288 1296 3506 1349 respon-
3542 1261 3547 1283 ⁵

1927 1372 2156 1426 dendum
2183 1381 2277 1424 est.
2310 1370 2492 1424 Facile
2532 1377 2758 1439 apparet
2805 1369 3014 1423 dictum
3043 1369 3267 1438 aliquod
3299 1379 3356 1424 et
3387 1385 3508 1424 me-

1926 1471 2198 1519 moratum
2239 1470 2430 1531 postea
2469 1476 2790 1530 responsum
2845 1459 3063 1519 Macarii
3119 1460 3186 1514 ad
3231 1461 3337 1514 tale
3375 1460 3509 1529 quid

1928 1564 2210 1625 rogantem
2237 1553 2295 1607 in
2318 1553 2460 1607 hanc
2482 1553 2724 1622 regulam
2761 1567 3085 1606 conversum
3113 1565 3254 1606 esse.
3283 1552 3507 1606 Possem

1929 1647 2108 1717 plura.
2144 1645 2251 1699 Sed
2272 1645 2339 1698 de
2368 1644 2454 1698 his
2475 1652 2529 1698 et
2558 1643 2700 1708 aliis,
2734 1643 2876 1698 unde
2895 1654 2952 1699 et
2973 1643 3191 1712 quando
3218 1643 3320 1696 ista
3341 1658 3510 1712 opera

1930 1733 2152 1787 Macarii
2190 1733 2569 1788 consarcinata
2611 1732 2925 1797 vidcantur,
2977 1733 3023 1787 si
3063 1733 3208 1786 Deus
3251 1732 3508 1797 voluerit,

237 1835 270 1885 ὁ
299 1805 588 1900 ἄνθρωπος
605 1805 843 1900 Ἕλληνα
865 1830 898 1899 ἢ
928 1830 1198 1883 Ἰουδαῖον.
1224 1828 1373 1894 Quae
1401 1842 1563 1896 quam
1590 1805 1826 1880 absurde

1939 1836 1985 1881 et
2022 1827 2159 1882 haec
2180 1842 2292 1880 non
2314 1825 2736 1896 displicuerunt,
2762 1824 3056 1894 aliquando
3087 1824 3314 1879 uberius
3340 1839 3511 1894 expo-

240 1923 592 1984 cohaereant,
641 1921 829 1976 dicere
869 1938 975 1975 non
1017 1921 1231 1976 attinet.
1262 1920 1531 1990 Jungatur
1575 1917 1825 1988 Opuscu-

239 2013 362 2068 lum
388 2012 451 2066 de
474 2009 742 2065 Charitate
771 2027 892 2081 cap.
930 2011 1014 2065 l2.

1930 1934 2148 1974 nemus.

291 2200 3496 2226 Μ

1175 2385 1972 2479 DISSERTATIO
2072 2387 2580 2474 ALTERA.

252 2609 523 2683 Specimen
563 2608 1164 2683 animadversionarnin
1193 2607 1394 2683 aliquot
1418 2605 1682 2683 quscula
1728 2606 1930 2663 Graeca
1953 2607 2199 2683 Macarii,
2233 2614 2286 2666 in
2313 2613 2549 2666 natalem
2589 2615 2723 2668 diem
2757 2615 2857 2667 viri
2882 2629 3083 2683 summe
3116 2617 3400 2678 reverendi,
3425 2630 3522 2669 ea;—

323 2682 706 2753 eellerttissiirti,
734 2680 1020 2753 doctissimi
1055 2677 1377 2753 Sigismundi
1405 2677 2131 2753 Jacobi_Baumgarten,_SS._
2157 2682 2328 2753 Theol.
2363 2683 2512 2736 Doct.
2547 2693 2594 2737 et
2635 2685 2781 2753 Prof.
2820 2682 2974 2737 Publ.
3017 2684 3222 2750 Ordin.,
3254 2677 3518 2739 Seminar.

324 2752 500 2805 Theol.
525 2751 835 2814 Directoris,
862 2747 1518 2821 patronie'tpraeceptoris
1539 2749 1918 2821 ofﬁciosissime
1947 2747 2172 2821 colendi,
2206 2752 2331 2806 bene
2367 2747 2754 2809 ominabundus
2778 2754 2938 2808 edidit
2970 2754 3053 2809 Jo.
3081 2747 3520 2817 SalfSemlerus,

320 2821 563 2892 Salfelda
587 2821 837 2889 Thuring.
862 2815 1040 2874 Halae
1062 2815 1272 2874 Salicae
1313 2815 1495 2872 Literis
1523 2815 1746 2873 Joannis
1777 2815 2062 2874 Christiani
2091 2821 2351 2877 Hendelii.
2392 2823 2545 2878 1746.
2577 2824 2653 2897 (a)

319 3056 477 3128 [Pag.
505 3053 560 3125 5]
587 3053 674 3108 Vir
693 3069 895 3107 summe
924 3052 1217 3117 reverenda,
1243 3049 1690 3113 excellentissime,
1724 3051 2038 3115 doctissime,
2065 3049 2266 3104 Fautor
2294 3059 2344 3104 et
2375 3059 2600 3122 patrone
2628 3053 3131 3108 benevolentissime.

319 3151 384 3205 ln
405 3148 683 3205 communi
716 3147 1042 3202 Academiae
1069 3148 1234 3201 huius
1262 3146 1492 3210 laetitia,
1521 3161 1628 3215 qua
1661 3145 1892 3216 insignis
1919 3146 2010 3200 hic
2047 3145 2170 3200 dies
2201 3161 2395 3201 omnes
2434 3145 2712 3201 Musarum
2747 3147 3031 3216 perfundit
3055 3149 3307 3214 ordines,
3337 3157 3526 3220 patere

244 3251 306 3296 et
344 3257 434 3295 me
457 3240 706 3294 sollemni
734 3240 865 3294 huic
899 3239 1008 3294 luci
1049 3239 1310 3309 gaudium
1349 3246 1405 3292 et
1434 3247 1561 3294 vota
1589 3254 1688 3309 per
1725 3254 1994 3293 summam
2041 3239 2304 3309 pietatem
2340 3240 2660 3294 decernere.
2704 3240 2788 3295 Ad
2833 3257 2920 3295 me
2956 3241 3103 3295 enim
3148 3241 3253 3296 hoc
3289 3243 3528 3296 ofﬁcium

249 3348 430 3386 unum
454 3332 700 3386 omnium
723 3330 959 3385 maxime
986 3331 1208 3386 videtur
1233 3331 1532 3401 pertinere,
1569 3331 1625 3385 in
1651 3348 1816 3402 quem
1851 3339 1931 3386 tot
1958 3349 2087 3388 sane
2119 3341 2176 3388 et
2209 3340 2360 3388 tanta
2388 3342 2608 3388 exstant
2645 3334 2760 3388 Tua
2793 3334 3056 3389 beneﬁcia
3087 3342 3143 3389 et
3172 3335 3402 3391 eximiae
3431 3338 3529 3392 bc-

245 3422 600 3479 nevolentiae
623 3421 971 3485 documenta,
1001 3429 1079 3486 ut,
1114 3437 1278 3506 quem
1315 3422 1698 3492 Praeceptoris
1731 3423 1909 3477 Tuum
1947 3439 2154 3478 numen
2183 3425 2643 3480 venerabundum
2669 3426 2948 3491 eﬂecerat,
2972 3429 3084 3498 jam
3122 3425 3270 3498 [Pag.
3294 3428 3351 3500 4]
3386 3431 3529 3484 Fau~

253 3517 398 3571 toris
428 3512 790 3568 beneficentia
818 3523 928 3568 tam
952 3512 1257 3567 reddiderit
1279 3528 1462 3577 suum,
1494 3522 1558 3567 ut
1580 3513 1871 3584 diligenter
1895 3529 2090 3584 negem
2119 3515 2255 3568 mihi
2289 3530 2622 3584 quemquam
2647 3516 2703 3569 in
2729 3515 2919 3571 ciliciis
2947 3532 3074 3587 erga
3114 3517 3190 3572 Te
3216 3533 3335 3574 esse
3366 3535 3530 3589 supe-

253 3613 486 3666 riorem.
521 3610 708 3680 Neque
736 3625 890 3674 vero,
917 3610 1047 3665 licet
1079 3610 1374 3680 praecipua
1403 3612 1522 3682 ejus
1547 3627 1674 3682 pars
1700 3626 1822 3665 mea
1863 3613 1954 3676 sit,
1987 3627 2110 3666 mea
2157 3613 2324 3665 unius
2350 3620 2435 3666 est
2464 3612 2602 3666 haec
2636 3611 2851 3681 pietas;
2884 3628 3075 3666 omnes
3101 3611 3252 3677 boni,
3286 3620 3346 3666 ut
3383 3615 3533 3668 hunc

259 3707 412 3761 diem
435 3707 611 3760 Tuum
649 3707 907 3777 gaudent,
933 3707 1009 3760 ita
1037 3706 1253 3761 felicem
1278 3709 1399 3777 ejus
1437 3707 1677 3761 reditum
1703 3708 1846 3762 votis
1877 3707 2266 3775 ominibusque
2301 3707 2523 3775 optimis
2557 3715 2878 3776 precantur.
2913 3705 3125 3772 Quibus
3164 3707 3387 3775 quidem
3427 3708 3532 3761 rite

266 3802 531 3870 susceptis
557 3803 702 3856 votis
742 3809 854 3856 tam
887 3801 1216 3856 confidimus
1250 3804 1424 3857 Deum
1469 3818 1884 3872 responsurum,
1933 3817 2097 3871 quam
2144 3812 2298 3855 certo
2330 3801 2568 3865 scimus,
2606 3800 2703 3856 Dei
2744 3800 2820 3854 Te
2865 3800 3129 3870 singulari
3170 3800 3439 3855 beneficio
3476 3801 3533 3854 in

265 3895 602 3949 uberrimum
643 3895 943 3949 multorum
976 3897 1411 3951 emolumentum
1437 3897 1580 3951 hanc
1617 3897 1796 3951 lucem
1834 3896 2172 3965 adspexisse.
2208 3895 2465 3950 Ceterum
2509 3895 2835 3964 clementem
2866 3895 2962 3960 Te,
2999 3895 3084 3947 vir
3120 3910 3332 3948 summe
3375 3909 3533 3948 reve-

259 3987 454 4052 rende,
486 3988 617 4044 huic
653 3989 761 4043 levi
785 3990 992 4060 scripto
1027 3999 1157 4061 opto
1193 3992 1576 4061 interpretem,
1609 3991 1756 4061 quod
1788 4001 1845 4046 et
1875 3991 2266 4046 brevissimum
2296 3999 2380 4046 est
2403 4031 2417 4055 ,
2440 3990 2567 4059 quia
2595 3990 2709 4044 scio
2738 3990 2911 4044 otium
2947 3989 3117 4044 ferme
3139 3990 3270 4044 Tuis
3303 3991 3536 4062 negotiis

255 4081 474 4147 deesse,
504 4085 706 4138 nedum
737 4084 824 4139 his
864 4085 1196 4141 iuvenilibus
1226 4087 1425 4151 rebus,
1455 4097 1511 4142 et
1544 4087 1904 4153 levissimum,
1939 4087 2088 4157 quod
2122 4087 2286 4158 hujus
2314 4086 2422 4141 diei
2450 4086 2659 4141 laetitia
2699 4087 3032 4141 severiorem
3063 4087 3385 4157 gravitatem
3421 4087 3535 4159 pati

256 4190 371 4233 non
419 4176 730 4232 videbatur.
763 4177 844 4232 Tu
874 4195 1029 4243 vero,
1052 4180 1137 4233 vir
1173 4195 1386 4234 summe
1415 4180 1742 4246 reverende,
1769 4195 1927 4235 serva
1959 4180 2034 4235 sis
2066 4181 2201 4234 mihi
2243 4179 2487 4235 favorem
2519 4188 2577 4234 et
2610 4179 3072 4235 benevolentiam.
3103 4179 3256 4235 Vale.

331 4269 460 4323 Dies
482 4269 622 4324 Xllll
656 4270 837 4325 Martii
867 4271 1122 4328 feliciter.
1157 4271 1532 4329 MDCCXLV].

436 4528 486 4581 g.
524 4516 580 4588 5]
613 4511 750 4565 Cum
778 4526 808 4564 a
837 4510 1080 4577 nemine,
1137 4511 1285 4582 quod
1329 4513 1520 4578 sciam,
1549 4514 1850 4584 peculiaris
1877 4524 1919 4581 α
2022 4515 2106 4571 Ad
2131 4516 2451 4572 OPUSCULUM
2488 4533 2708 4581 paruum,
2744 4517 2891 4586 quod
2933 4525 3018 4571 est
3063 4517 3205 4586 Περὶ
3253 4517 3537 4587 φυλακῆς

263 4618 404 4657 cura
432 4604 489 4656 in
527 4602 750 4656 Macarii
778 4602 959 4673 Opera
986 4605 1168 4659 adhuc
1205 4612 1462 4673 suscepta
1504 4606 1596 4670 sit,
1624 4605 1717 4662 hic
1746 4621 1848 4660 au-

266 4706 378 4749 tem
419 4694 564 4749 idem
603 4694 774 4749 fatum
817 4697 1147 4751 sustinuerit
1191 4712 1256 4751 ac
1304 4697 1397 4751 alii
1431 4697 1732 4768 scriptores
1756 4715 1852 4753 ve-

265 4801 436 4853 teres,
465 4789 534 4843 ad
563 4804 703 4858 quos
742 4797 797 4843 et
827 4790 1098 4843 lectorum
1137 4788 1416 4859 imperitia
1449 4797 1505 4844 et
1541 4797 1851 4859 temporum

267 4881 470 4952 injuria
509 4881 740 4934 multum
771 4881 1086 4944 valuerunt,
1126 4879 1453 4934 brevissime
1492 4889 1707 4935 tantum
1751 4895 1852 4950 per

269 4974 478 5042 aliquot
517 4971 794 5043 Opuscula
837 4970 1140 5026 Macariana
1187 4970 1495 5036 ostendam,
1549 4987 1614 5025 ea
1657 4988 1853 5042 exspe-

266 5075 422 5120 ctare
447 5065 631 5119 adhuc
659 5065 943 5118 meliorem
961 5063 1268 5134 scripturae
1291 5078 1502 5116 curam.
1521 5063 1648 5128 Ubi,
1678 5064 1850 5118 omis-

268 5155 348 5209 sis
397 5164 510 5208 tum
543 5153 949 5225 typographicis
979 5161 1094 5207 tum
1115 5151 1383 5208 versionis
1432 5152 1602 5218 vitiis,
1633 5153 1851 5222 potiora

270 5246 538 5316 quaedam
598 5244 904 5315 scripturae
966 5243 1164 5298 menda
1217 5243 1495 5298 sublatum
1547 5242 1660 5307 ibo,
1709 5257 1852 5312 quae

273 5341 424 5394 inter
453 5339 742 5410 legendum
781 5336 1060 5391 annotavi.
1110 5337 1256 5394 Usus
1303 5352 1424 5392 sum
1455 5335 1700 5391 editione
1729 5335 1850 5390 Pri—

273 5432 357 5488 tii.
396 5432 510 5487 Jam

1956 4608 2229 4678 καρδίας,
2267 4610 2406 4664 haec
2428 4609 2544 4664 fere
2575 4617 2781 4665 annoto
2807 4627 2820 4662 :

2020 4785 2146 4843 CAP.
2179 4787 2239 4842 I:
2268 4787 2328 4839 οὐ
2363 4786 2470 4858 γὰρ
2504 4789 2536 4858 ἡ
2568 4787 2746 4859 ἀποχὴ
2763 4786 2871 4840 τῶν
2904 4784 3089 4839 κακῶν
3119 4787 3313 4855 ἐστινὴ
3333 4786 3536 4858 κάθαρ-

1953 4895 2057 4941 σις,
2094 4875 2210 4930 ἀλλ’
2251 4878 2283 4947 ή
2319 4876 2460 4929 κατὰ
2491 4877 2794 4946 συνείδησιν
2824 4874 3003 4928 τελεία
3045 4873 3341 4945 κάθαρσις,
3373 4891 3538 4945 neque

1952 4969 2090 5022 enim
2142 4969 2463 5022 abstinentia
2505 4985 2539 5021 ιι
2591 4967 2963 5039 grandioribus
3009 4967 3146 5019 vitiis
3197 4973 3272 5018 est
3308 4967 3534 5036 paritas,

1954 5061 2046 5114 sed
2088 5061 2315 5132 perfecta
2365 5062 2710 5114 conscientiae
2741 5060 3071 5130 expurgatio.
3133 5057 3336 5113 Sensus
3379 5059 3539 5129 paul-

1957 5151 2072 5204 lum
2124 5151 2523 5206 iucommodus.
2573 5151 2635 5204 In
2683 5149 2962 5220 Opusculo
3007 5147 3154 5202 enim
3212 5150 3341 5215 νιο,
3403 5152 3541 5211 Περὶ

1960 5243 2221 5312 ὑψώσεως
2255 5223 2488 5315 [Ροςδϐ]
2521 5242 2615 5295 τοῦ
2664 5242 2802 5307 νοός,
2833 5256 2956 5310 cap.
2983 5240 3054 5296 20
3083 5249 3330 5297 extremo
3379 5239 3543 5298 aliter

1961 5336 2239 5392 habetur:
2280 5337 2377 5390 καὶ
2431 5335 2542 5408 γὰρ
2588 5334 2688 5406 οὐχ
2731 5335 2764 5405 ἠ
2807 5331 2916 5387 τῶν
2964 5334 3303 5404 φαινομένων
3353 5336 3553 5393 κακῶν,

1787 5600 2040 5657 NOTAE.

343 5778 419 5850 ια)
445 5778 677 5835 Constat
698 5777 916 5854 paginis
938 5776 1006 5832 20
1035 5775 1198 5832 iri-4°.
1223 5774 1380 5835 Ευιτ.
