4016 6430
538 357 647 413 275

1832 352 1927 409 J0.
1970 352 2117 408 SAL.
2160 354 2529 415 SEMLERUS

3680 356 3778 414 976

538 468 720 539 ἀποχὴ
748 467 1024 532 τελείωσίς
1055 468 1226 535 ἐστιν,
1262 467 1376 522 ἀλλ’
1411 469 1445 538 ή
1475 466 1615 521 κατὰ
1637 467 1879 521 διάνοιαν
1909 468 2121 540 κάθαρ-

2241 476 2373 528 :nim
2401 474 2677 545 dependet
2706 472 3069 529 constructio.
3115 472 3309 525 Latina
3336 469 3520 524 versio
3545 470 3777 527 similiter

541 578 645 627 σις,
679 560 817 631 αὕτη
848 560 1046 614 τελεία.
1090 561 1160 615 Ει
1189 561 1243 615 in
1266 560 1502 616 Homilia
1537 577 1645 614 xvn
1672 559 1699 630 §
1732 560 1828 615 15:
1860 561 1920 613 οὐ
1952 560 2059 631 γὰρ
2088 563 2122 631 ή

538 652 719 722 ἀποχὴ
735 651 846 704 τῶν
872 652 1079 717 κακῶν,
1105 651 1244 723 αὕτη
1267 654 1413 705 ἐστὶν
1452 656 1485 723 ἡ
1514 652 1817 717 τελείωσις,
1844 653 1959 706 ἀλλ’
1988 660 2119 719 cet.,

543 740 637 795 ubi
677 742 903 811 paulum
930 742 1127 796 variat.
1159 743 1413 797 Planiora
1444 744 1518 797 ita
1550 753 1736 798 essent
1752 744 1808 798 in
1841 743 2038 814 Opusc.
2077 746 2119 810 1,

541 832 588 885 si
612 847 711 901 pro
742 833 923 903 primo
978 833 1242 904 κάθαρσις
1297 844 1444 889 esset
1490 836 1785 899 τελείωσις,
1816 846 1879 891 ιιι
1912 839 1968 890 in
2001 837 2123 892 aliis

540 922 698 988 locis,
735 923 865 977 licet
891 925 1184 994 inscriptis
1212 924 1548 980 Graecorum
1601 927 1855 982 asceticis
1907 928 2124 981 τελείω-

542 1032 629 1078 σις
659 1022 716 1070 et
752 1016 1022 1088 κάθαρσις
1079 1017 1227 1072 idem
1262 1018 1378 1072 fere
1418 1018 1510 1071 sit.
1580 1019 1784 1074 Ultima
1818 1021 1989 1075 verba
2024 1037 2118 1076 ea-

542 1107 673 1177 pitis
700 1108 865 1179 hujus
902 1109 994 1163 Ιυιὶ
1046 1109 1183 1163 haec
1210 1110 1375 1180 vulgo
1400 1118 1559 1165 sunt:
1592 1114 1640 1164 εί
1683 1112 1740 1165 δὲ
1788 1111 1882 1183 μὴ,
1937 1130 2126 1166 ταπει-

542 1199 736 1263 νωθεὶς
769 1201 845 1263 ὠς
884 1201 1070 1270 ἐνδεὴς
1095 1201 1190 1253 καί⁵
1207 1201 1530 1272 ἁμαρτωλὸς
1560 1203 1700 1273 ὑπὲρ
1730 1202 1839 1256 τῶν
1868 1205 2116 1274 κρυφίων

543 1309 639 1345 σου
661 1292 913 1362 δεόμενος
939 1292 1034 1345 τοῦ
1062 1293 1217 1349 Θεοῦ.
1253 1294 1359 1349 Ubi
1395 1293 1553 1349 deest
1609 1296 1844 1351 verbum
1871 1297 1939 1351 ad
1973 1298 2122 1368 quod

544 1384 649 1439 ista
682 1384 970 1454 participia
1009 1384 1307 1454 pertinent.
1343 1385 1501 1451 Quod
1549 1388 1915 1457 supplendum
1949 1398 2126 1443 estex

542 1476 746 1547 Opusc.
764 1477 807 1532 ν
825 1476 1022 1547 0³931
1047 1494 1060 1531 :
1102 1479 1405 1546 πρόσελθε
1446 1479 1588 1551 ὑπὲρ
1615 1480 1724 1533 τῶν
1754 1482 2001 1552 κρυφίων
2014 1488 2121 1536 cet.

614 1567 697 1623 Ad
728 1584 842 1623 CAP.
876 1568 923 1623 II
960 1569 1029 1625 de
1055 1570 1244 1624 verbis
1301 1570 1511 1625 ultimis
1559 1588 1881 1627 monemus:
1904 1573 1983 1627 διὸ
2030 1574 2126 1627 καὶ

542 1656 711 1710 ὕπνον
739 1657 971 1728 λέγομεν
1014 1658 1114 1729 τὴν
1145 1659 1403 1731 κοίμησιν
1449 1661 1559 1714 τῶν
1588 1661 1778 1729 ἁγίων.
1828 1664 2022 1719 Melius
2054 1681 2123 1720 ex

543 1746 785 1803 Homilia
810 1748 914 1804 ista
946 1748 1065 1820 xv§
1095 1750 1163 1805 39
1213 1750 1320 1821 legi
1350 1770 1362 1804 :
1401 1751 1569 1806 ὕπνον
1602 1748 1694 1807 οὖν
1737 1754 1969 1825 λέγομεν
2032 1755 2125 1809 καὶ

2224 576 2393 631 errat,
2433 584 2573 636 quae
2603 568 2746 622 solet
2770 580 3166 635 nonnunquam
3198 564 3328 617 satis
3349 565 3490 617 mala
3519 578 3653 617 esse.

2293 659 2417 714 CAP.
2451 659 2524 714 IX
2552 668 2677 731 post
2708 658 2985 714 medium:
3042 657 3204 710 καλόν
3234 658 3381 708 ἐστιν
3413 657 3446 724 ἡ
3487 655 3721 725 νηστεία,
3749 658 3778 726 ἡ

2223 753 2519 824 ἀγρυπνία,
2562 751 2885 824 ηξενιτεία·
2920 750 3055 803 ἀλλὰ
3104 748 3276 802 ταῦτα
3328 748 3482 817 ἀκμὴ
3530 745 3781 811 πολιτείας

2223 846 2371 898 ἐστὶν
2396 844 2627 915 ἀγαθῆς·
2669 844 2806 915 πλὴν
2842 845 2874 912 ἡ
2921 840 3074 906 τάξις
3102 840 3211 893 τῶν
3267 838 3605 909 Χριστιανῶν
3642 837 3777 909 [Pag

2223 929 2277 1001 8]
2317 932 2561 1001 ὲσωτέρα
2600 931 2715 983 ἐστὶ
2740 926 2949 983 τούτων
2976 938 3084 983 cet.
3118 928 3310 982 Latina
3330 927 3510 981 versio
3548 927 3665 980 talis
3689 935 3777 980 est:

2224 1021 2326 1077 Sed
2350 1024 2476 1076 haec
2497 1026 2593 1093 ﬂos
2627 1025 2738 1093 ipse
2764 1040 2826 1076 ac
2861 1024 3009 1095 vigor
3037 1031 3158 1075 sunt
3180 1020 3590 1073 conversationis
3614 1018 3778 1071 bonae.

2224 1112 2470 1168 Ceterum
2493 1114 2621 1166 ordo
2649 1112 3072 1167 Christianorum
3100 1111 3318 1163 interior
3341 1116 3416 1161 est
3442 1107 3521 1161 his
3570 1113 3669 1160 cet.
3700 1105 3785 1158 Ilic

2225 1205 2405 1275 qualis
2437 1204 2669 1259 sensus?
2694 1204 2749 1259 Si
2790 1203 2998 1272 aliquid
3028 1209 3113 1257 est
3151 1200 3512 1271 praecipuum
3534 1199 3587 1251 in
3625 1197 3785 1265 aliqua

2224 1294 2569 1358 rc,curillud
2603 1304 2710 1349 tam
2730 1294 2886 1363 parvi
2917 1294 3182 1347 ducatur?
3210 1292 3269 1345 In
3296 1289 3574 1361 Opusculo
3592 1288 3658 1341 V'I
3682 1304 3783 1357 cap.

2225 1388 2293 1442 50
2328 1388 2463 1443 haec
2492 1387 2565 1441 ita
2597 1387 2903 1441 habentur:
2942 1384 3165 1456 καλδνὴ
3198 1383 3516 1455 νηστεία,...
3549 1381 3640 1433 καὶ
3667 1397 3785 1451 προ-

2224 1480 2377 1551 οίμια
2403 1479 2577 1533 ταῦτα
2615 1479 2890 1541 πολιτείας
2918 1476 3217 1544 θεοφιλοῦς·
3250 1476 3537 1543 ἀλόγιστον
3573 1473 3627 1526 δέ
3690 1474 3788 1525 ἀτε-

2226 1572 2367 1642 χνῶς
2416 1572 2475 1624 τὸ
2500 1571 2685 1634 ἁπλῶς
2724 1573 2837 1633 τοῖς
2894 1569 3153 1631 τοιούτοις
3196 1567 3533 1638 ἐπιθαρρεἶν.
3579 1563 3787 1618 Reddita

2226 1673 2391 1719 sunt:
2424 1665 2551 1719 haec
2577 1665 2844 1734 prooemia
2861 1672 2983 1717 sunt
3007 1660 3419 1715 conversationis
3442 1658 3609 1712 Deum
3625 1672 3785 1709 aman-

2230 1757 2381 1821 tium,
2439 1772 2603 1811 sensu
2654 1770 2767 1810 non
2813 1752 3182 1817 incommodo,
3233 1752 3328 1806 sed
3380 1751 3491 1806 huc
3544 1765 3651 1803 non
3677 1763 3785 1817 per-

545 1841 804 1912 κοίμησιν
849 1842 959 1894 τῶν
998 1843 1172 1910 ἁγίων
1222 1845 1314 1898 τὸν
1367 1844 1619 1899 θάνατον.
1668 1847 1804 1901 Nam
1849 1848 2012 1913 ὕπνος
2071 1856 2128 1902 et

2241 1848 2472 1902 tincntc.
2498 1847 2640 1917 Lege
2670 1865 2681 1899 :
2722 1846 2818 1899 καὶ
2849 1846 3128 1917 παρόμοια
3154 1843 3323 1897 ταῦτα
3376 1841 3649 1902 πολιτείας
3698 1839 3789 1890 θεο-

546 1931 805 2001 κοίμησις
834 1932 979 1986 idem
1005 1933 1299 2004 signiﬁcat.

629 2021 866 2077 Omissis
894 2024 1111 2093 aliquot
1132 2027 1407 2096 capitibus
1442 2028 1751 2098 leviterque
1779 2031 2126 2087 variantibus

547 2113 840 2184 scripturis
862 2114 930 2168 ad
963 2132 1077 2170 CAP.
1120 2118 1188 2172 VI
1220 2119 1493 2173 venimus.
1520 2120 1599 2173 Ibi
1626 2121 1700 2174 ita
1736 2131 1915 2177 exstat
1943 2140 1954 2175 :
1987 2122 2131 2176 οὕτω

547 2208 646 2261 καὶ
675 2207 1123 2280 ὁπροὸλεπτικὺς
1156 2210 1283 2275 νοῦς
1338 2213 1639 2284 προὸλέπει
1690 2218 1857 2284 ταχὺς
1905 2216 1981 2271 ῶν
2026 2217 2129 2287 τῆς

547 2301 933 2373 ἀντικειμένης
959 2302 1242 2374 δυνάμεως
1272 2304 1371 2367 τὰς
1404 2306 1597 2376 τέχνας
1622 2305 1997 2362 cetJIIomilia
2035 2325 2131 2362 au-

548 2403 663 2450 tem
690 2411 765 2450 vn
796 2394 823 2465 §
862 2395 934 2449 8:
971 2394 1115 2449 οὓτω
1138 2396 1234 2451 καὶ
1264 2399 1292 2451 ὁ
1345 2397 1468 2461 νοῦς
1515 2397 1813 2469 προόλέπει
1859 2400 2123 2472 γοργόρος

547 2486 627 2542 ὢν
664 2486 1343 2558 θεμισεεθηᾶιιωγοργός,
1399 2504 1511 2543 non
1574 2491 1873 2562 γοργόροςε
1943 2500 2000 2547 et
2027 2492 2133 2548 ista

547 2594 656 2633 vox
678 2594 840 2649 saepe
866 2580 1110 2634 occurrit
1138 2579 1194 2633 in
1220 2579 1458 2634 Homilia
1495 2596 1594 2635 nn.
1626 2581 1929 2653 Hesychius
1952 2601 1965 2636 :
1996 2601 2133 2653 γορ-

547 2674 677 2741 τός,
722 2672 1039 2743 εὐκίνητος,
1090 2672 1280 2744 ταχύς,
1318 2674 1575 2745 σκληρός,
1630 2674 1883 2745 λιπαρός,
1936 2677 2133 2747 εὐτρα-

549 2764 678 2834 φής.
715 2762 867 2819 Adeo
898 2766 1068 2835 ταχὺς
1107 2764 1163 2818 in
1192 2764 1394 2835 Opusc.
1428 2766 1451 2821 Ι
1482 2782 1603 2837 cap.
1636 2767 1775 2822 Gest
1812 2768 1992 2839 glossa
2036 2770 2130 2823 τοῦ

478 2904 479 2907 η
550 2856 785 2925 γοργόςο

621 2946 748 3002 CAP.
776 2947 869 3003 VII
898 2962 1000 3017 pro
1028 2947 1123 3001 τοῦ
1172 2946 1265 3001 νοῦ
1286 2950 1318 3017 ἡ
1329 2948 1447 3019 μῶν
1471 2951 1952 3022 προσκαλουμένου
1985 2950 2131 3023 μετά

549 3037 646 3091 τοῦ
675 3038 884 3109 Κυρίου
911 3040 1139 3094 πάντοτε
1167 3040 1286 3110 lege
1313 3059 1325 3093 :
1353 3042 1836 3113 προσκολλωμένου
1893 3043 1971 3115 τῷ
2022 3046 2133 3097 Ku-

554 3128 660 3201 ρίῳ
709 3139 843 3196 cet.;
903 3131 979 3186 ita
1011 3139 1190 3186 exstat
1248 3133 1307 3186 in
1356 3132 1555 3203 Opusc.
1588 3133 1634 3189 II
1658 3150 1778 3205 cap.
1837 3136 1904 3189 15
1930 3154 1943 3189 :
1974 3138 2002 3189 ὁ
2026 3135 2135 3207 γὰρ
2162 3180 2204 3237 C

552 3221 681 3285 νοῦς
711 3221 870 3293 ἡμῶν
902 3221 1044 3276 οὕτω
1076 3224 1367 3289 διαπαντὸς
1390 3226 1469 3296 τῷ
1488 3226 1608 3297 Θεῷ
1644 3226 2132 3296 προσκολλώμενος

554 3323 663 3369 cet.
690 3316 980 3370 Praeterea
1010 3328 1344 3385 provocatur
1368 3318 1436 3372 ad
1466 3318 1488 3372 Ι
1514 3318 1641 3374 Cor.
1667 3335 1742 3383 vi,
1779 3319 1867 3384 l7,
1910 3319 2005 3373 ubi
2030 3320 2139 3375 hoc

556 3405 709 3480 [Pag.
743 3406 797 3479 7]
834 3408 1066 3463 verbum
1098 3410 1230 3463 item
1280 3418 1476 3464 exstat.
1531 3411 1760 3481 Vulgata
1796 3411 1959 3466 lectio
2018 3411 2137 3466 sine

553 3515 745 3565 sensu,
776 3508 841 3555 ut
863 3500 1026 3557 docet
1059 3503 1245 3557 versio
1274 3503 1468 3557 latina.
1507 3502 1773 3573 Sequitur
1801 3503 1877 3558 ibi
1914 3503 2135 3558 statim:

555 3588 825 3643 τοῦτονδέ
875 3589 969 3645 τὸν
1013 3591 1258 3662 κρυπτὸν
1289 3592 1478 3659 ἀγῶνα
1524 3593 1620 3645 καὶ
1662 3592 1893 3663 μελέτην
1930 3592 2138 3664 Κυρίου

554 3682 654 3736 καὶ
680 3681 843 3736 πόνον
884 3682 1079 3746 νυκτὸς
1115 3683 1209 3737 καὶ
1262 3683 1481 3755 ἡμέρας
1528 3683 1673 3754 ἐχειν
1702 3685 1850 3754 ἡμᾶς
1898 3685 2005 3757 χρὴ
2058 3685 2141 3749 είς

555 3774 742 3826 πᾶσαν
770 3774 1119 3843 ἐπιτήδευσιν
1175 3775 1419 3844 ἐντολῆς,
1487 3775 1600 3828 εἴτε
1643 3775 1975 3847 εὐχομένων,
2030 3776 2140 3829 είτε

556 3864 871 3930 ἐσθιόντων,
898 3865 930 3935 ἢ
976 3865 1389 3931 διακονούντων,
1422 3867 1455 3939 ἢ
1482 3868 1770 3931 πινόντων,
1804 3868 1837 3939 ἢ
1878 3867 2065 3939 ἕτερόν
2088 3885 2141 3922 τι

556 3953 877 4010 ποιούντων.
900 3955 1006 4011 Ubi
1037 3958 1378 4012 constructio
1412 3974 1607 4029 graeca
1639 3958 1963 4013 claudieata
2011 3974 2140 4013 ver-

558 4046 633 4102 bo
689 4047 796 4117 χρὴ
850 4045 1119 4115 pendens.
1182 4048 1505 4119 Legendum
1557 4065 1626 4103 ex
1684 4050 1879 4104 eodem
1932 4049 2136 4120 Opusc.

448 4150 451 4161 ‘
558 4136 607 4192 II
638 4137 842 4206 ubique
864 4153 993 4191 casu
1012 4146 1248 4206 quarto:
1285 4139 1395 4190 εἴτε
1422 4139 1773 4209 εὐχομένους,
1812 4142 1926 4193 εἴτε
1967 4140 2146 4194 διακο·

560 4228 804 4292 νοῦντας,
831 4228 862 4298 ἣ
891 4228 1191 4295 ἐσθίοντας,
1224 4228 1257 4296 ἢ
1277 4230 1549 4293 πίνοντας,
1581 4230 1613 4300 ἢ
1640 4230 1827 4301 ἕτερόν
1851 4249 1903 4283 τι
1925 4231 2143 4284 ποιοῦν-

559 4337 681 4387 τας,
732 4328 942 4375 mutato
972 4321 1135 4375 simul
1170 4320 1369 4376 ordine
1404 4322 1633 4377 secundi
1676 4329 1733 4376 et
1773 4322 1924 4377 tertii
1959 4323 2138 4377 verbi.

633 4430 763 4488 CAP.
790 4433 907 4488 VIII
935 4433 1185 4495 occurrit
1202 4434 1450 4504 phrasis:
1487 4435 1541 4487 τί
1565 4435 1609 4488 δ’
1643 4436 1771 4491 ἄλλο
1801 4436 1891 4490 διά
1925 4436 2135 4491 τούτων

2234 1939 2441 2009 φιλοῦς,
2474 1948 2523 1992 et
2547 1937 2746 1992 similia
2771 1936 2905 1991 talia
2960 1937 3233 1990 exercitia.
3295 1934 3388 1988 Sic
3416 1940 3471 1987 et
3525 1932 3577 1985 in
3610 1930 3787 2000 Opusc.

2235 2031 2257 2085 Ι
2282 2031 2386 2101 legi
2417 2031 2581 2085 velim
2612 2031 2737 2083 ικαὶ
2765 2030 2898 2084 ἀλλα
2926 2029 3096 2081 ταῦτα
3136 2029 3229 2079 καὶ
3256 2028 3442 2097 ὅμοια,
3476 2024 3511 2077 ἃ
3535 2024 3788 2083 πολιτείας

2238 2124 2386 2176 ἐστὶν
2442 2122 2670 2193 ἀγαθῆς·
2726 2122 2867 2192 πλὴν
2905 2118 3093 2191 ὴάξία
3142 2118 3251 2171 τῶν
3308 2116 3649 2189 Χριστιανῶν
3677 2122 3789 2175 cet.,

2232 2216 2469 2286 dignitas
2488 2230 2669 2268 eorum
2710 2213 2873 2268 altior
2900 2223 2994 2267 est.
3032 2212 3196 2275 Τάξις
3219 2220 3403 2264 tamen
3435 2217 3616 2279 potest
3658 2206 3791 2268 ferri,

2232 2304 2540 2377 signiﬁcatu
2585 2305 2809 2359 rariori.

2306 2397 2432 2454 CAP.
2473 2397 2524 2452 Χ
2556 2415 2568 2451 :
2610 2397 2686 2469 μὴ
2715 2398 2913 2469 νομίσῃ
2944 2396 3138 2450 ἑαυτὸν
3170 2392 3563 2464 κατειληφέναι
3594 2408 3665 2455 τι,
3713 2388 3792 2441 καὶ

2237 2491 2396 2561 οἰηθῇ
2429 2484 2569 2544 εἷναί
2616 2508 2719 2555 τις,
2746 2491 2839 2543 καὶ
2864 2491 3097 2561 ἄρξηται
3143 2489 3440 2542 διδάσκειν.
3499 2484 3637 2551 Quid
3676 2481 3795 2535 διδά-

2235 2600 2386 2637 σκειν
2402 2583 2495 2638 hie
2521 2583 2679 2648 velit,
2713 2599 2824 2637 non
2848 2582 3092 2645 invenio,
3123 2597 3249 2636 eum
3274 2580 3329 2633 in
3362 2577 3707 2647 sequentibus
3724 2572 3792 2626 di-

2233 2683 2390 2728 catur
2426 2673 2494 2728 de
2523 2674 2616 2729 siti
2647 2674 2910 2728 ulteriore
2949 2674 3177 2743 gratiae.
3218 2670 3472 2735 Accedit,
3512 2668 3566 2722 in
3618 2666 3791 2735 Opusc.

2234 2771 2301 2825 VI
2336 2785 2456 2839 cap.
2486 2769 2554 2823 50
2582 2768 2689 2823 ﬁne
2722 2783 2823 2838 pro
2849 2767 2936 2821 his
2975 2767 3178 2837 legitur
3215 2783 3227 2818 :
3281 2763 3362 2835 μὴ
3398 2763 3613 2832 νομίσαι
3641 2776 3795 2811 κατει-

2233 2866 2483 2938 ληφέναι,
2547 2861 2681 2933 μηδέ
2726 2860 3047 2930 κατακόρως
3110 2859 3274 2928 ἔχειν.
3317 2857 3480 2912 Unde
3528 2854 3661 2908 forte
3714 2864 3795 2920 pro

2238 2955 2509 3009 διδάσκειν
2537 2949 2829 3022 legendum
2849 2950 3111 3020 διαρκεῖν,
3143 2948 3289 3018 quod
3323 2946 3688 3002 celerantibus
3727 2941 3794 2995 ni-

2234 3047 2342 3101 mis
2406 3044 2583 3099 oculis
2638 3057 2740 3113 pro
2799 3041 3073 3095 διδάσκειν
3137 3048 3426 3110 acceptum
3492 3048 3591 3094 est.
3648 3034 3792 3090 Paulo

2246 3143 2408 3205 post:
2451 3134 2541 3187 ἵνα
2579 3131 2675 3203 ἔχῃ
2697 3131 2789 3184 τὸν
2838 3130 3019 3195 πόνον,
3076 3129 3177 3200 τὴν
3222 3129 3407 3198 δίψαν,
3461 3143 3561 3199 pro
3603 3140 3703 3195 quo
3748 3121 3792 3175 in

2245 3225 2447 3295 Opusc.
2485 3223 2554 3279 VI
2578 3240 2592 3277 :
2624 3222 2761 3275 ἀλλά
2794 3223 2984 3293 πεινᾷν
3007 3221 3129 3273 τότε
3159 3220 3254 3273 καὶ
3273 3220 3458 3291 διψᾷν.
3490 3217 3640 3277 Unde
3661 3214 3793 3267 πόνον

2245 3317 2339 3370 vix
2372 3323 2525 3369 recte
2566 3313 2752 3368 habet.
2787 3312 3051 3382 Legerem
3090 3310 3188 3381 τὴν
3239 3314 3457 3375 πεῖναν,
3502 3308 3606 3363 nisi
3657 3302 3793 3376 paulo

2249 3405 2582 3461 insolentior
2606 3419 2716 3459 vox
2741 3412 2907 3458 esset.
2940 3403 3105 3457 Forte
3139 3400 3243 3454 fuit
3272 3418 3285 3453 :
3326 3395 3468 3472 ἵναῇ
3529 3397 3644 3450 τότε
3691 3410 3793 3445 πει-

2247 3498 2355 3553 νῶν
2388 3499 2483 3551 ml.
2505 3496 2676 3567 διψῶν
2705 3504 2813 3551 cet.
2851 3495 3062 3550 Ibidem
3094 3493 3352 3563 sequitur
3381 3512 3394 3546 :
3443 3492 3538 3545 καὶ
3567 3490 3659 3561 ἔχῃ
3700 3483 3794 3537 υἱὸν

2251 3589 2517 3663 μονογενῆ
2578 3589 2676 3643 καὶ
2706 3588 2987 3642 παιδεύσει
3015 3586 3177 3640 αὐτόν
3207 3594 3316 3640 cet.
3339 3585 3445 3642 Ubi
3474 3582 3654 3638 nescio
3683 3575 3794 3649 quid

2247 3678 2315 3733 ad
2348 3693 2591 3733 amorem
2628 3686 2686 3732 et
2719 3676 2788 3732 ad
2849 3685 3209 3747 augmentum
3254 3675 3441 3731 luctus
3484 3672 3707 3734 intersit,
3756 3665 3795 3720 si

2249 3768 2423 3824 illium
2473 3768 2760 3839 castigavit
2807 3776 3003 3822 mater.
3046 3767 3239 3821 Potius
3296 3781 3427 3820 cum
3488 3764 3543 3818 in
3588 3756 3796 3817 Homilia
3869 3751 3874 3759 ’

2250 3860 2404 3934 [Pag.
2432 3858 2488 3932 9]
2510 3858 2643 3930 xvi§
2679 3859 2740 3914 Η
2770 3859 2907 3913 haec
2940 3858 3132 3913 eadem
3177 3864 3494 3921 occurrant,
3524 3864 3579 3910 et
3605 3867 3698 3923 pro
3724 3848 3795 3903 his

2249 3953 2476 4007 vocibus
2526 3953 2740 4022 legatur
2784 3951 2861 4005 ibi
2927 3950 3339 4015 εὑειδέστατον,
3400 3946 3664 4002 rescribo:
3719 3938 3795 3992 καὶ

2250 4043 2415 4096 παῖδα
2445 4043 2837 4108 εὑειδέστατον,
2871 4050 2920 4096 et
2960 4058 3079 4095 eum
3107 4040 3257 4096 vultu
3309 4039 3664 4096 honestissimo
3692 4029 3793 4103 ραι-

2252 4137 2636 4206 cherrimoque.
2702 4136 2805 4190 Hic
2867 4134 3017 4189 enim
3057 4135 3106 4189 si
3168 4134 3450 4197 moritur,
3508 4130 3573 4186 ad
3616 4130 3795 4183 luctum

2258 4227 2496 4280 multum
2550 4226 2704 4292 facit,
2746 4227 2876 4296 quia
2919 4226 3097 4281 forma
3128 4234 3238 4281 tam
3274 4222 3591 4288 excellenti,
3617 4227 3669 4275 et
3706 4228 3799 4270 non

2253 4318 2431 4373 solum
2460 4318 2657 4372 unicus
2691 4317 2816 4372 fuit.

2323 4432 2451 4488 CAP.
2492 4431 2565 4486 XI
2593 4449 2607 4485 :
2642 4431 2717 4503 μὴ
2748 4430 3068 4503 νομίσωσιν,
3092 4433 3174 4487 ὅτι
3205 4431 3457 4504 είσῆλθον
3487 4430 3565 4494 εἰς
3596 4426 3689 4497 τὴν
3712 4437 3796 4476 κα-

562 4522 864 4576 αίνίττεται
892 4522 954 4575 τὸ
998 4521 1217 4594 πνεῦμα
1237 4563 1252 4588 ,
1288 4523 1404 4577 ἀλλ’
1454 4524 1486 4594 ἢ
1528 4524 1867 4595 ὑψηλοτέραν
1914 4524 2146 4596 θεωρίαν
2180 4539 2227 4597 ι)
2258 4525 2554 4588 τάπαυσιν,
2576 4523 2652 4587 ὼς
2681 4523 2740 4576 δὲ
2769 4524 2956 4595 ἀκμὴν
2981 4526 3063 4588 είς
3110 4524 3181 4578 τὰ
3212 4525 3465 4596 πρόθυρα
3499 4524 3591 4576 καὶ
3620 4521 3692 4581 εἰς
3716 4514 3798 4574 τὰς

562 4612 844 4683 ἐμφαίνων
875 4618 982 4666 cet.
1003 4611 1154 4677 Quae
1194 4613 1388 4669 ultima
1431 4613 1604 4668 verba
1644 4614 1827 4668 lucem
1867 4614 2145 4683 quandam

563 4700 844 4772 accipiunt
869 4717 938 4756 ex
974 4701 1225 4759 Andreae
1250 4703 1623 4760 Caesariensis
1655 4705 1888 4776 Prologo
1911 4705 1967 4759 in
1996 4721 2150 4761 com-

565 4796 899 4850 mentarium
962 4811 1125 4849 suum
1164 4796 1221 4850 in
1260 4797 1645 4869 Apocalypsin.
1704 4797 1809 4864 Qui
1860 4807 2150 4868 postquam

565 4895 860 4940 monuerat
877 4885 946 4941 de
967 4885 1169 4955 triplici
1195 4902 1360 4941 sensu
1392 4895 1488 4940 aut
1511 4886 1783 4943 divisione
1808 4886 2149 4958 Scripturae,

568 4985 635 5032 ut
664 4977 721 5031 in
746 4993 853 5047 qua
883 4978 1041 5048 quasi
1077 4993 1281 5047 corpus
1311 4978 1424 5043 sit,
1458 4986 1515 5033 et
1552 4978 1772 5049 πνεῦμα
1805 4986 1864 5032 ct
1905 4978 2052 5049 ψυχή
2081 4979 2150 5035 de

570 5069 749 5124 altero
798 5070 875 5126 ita
904 5071 1117 5141 pergit:
1169 5070 1423 5143 καθάπερ
1458 5070 1516 5123 δὲ
1550 5070 1823 5142 πνεῦμαὴ
1867 5071 1977 5124 τῶν
2023 5072 2154 5142 μελ-

568 5162 773 5215 λόντων
826 5164 924 5216 καλ⁸
973 5163 1325 5234 ὑψηλοτέρων
1384 5163 1652 5234 ἀγαγωγὴ
1679 5163 1774 5217 καὶ
1814 5162 2020 5235 θεωρία
2058 5162 2155 5217 πέο

570 5270 761 5325 φηνεν.
785 5253 889 5308 Ubi
922 5254 1068 5308 idem
1096 5264 1182 5311 est
1227 5254 1432 5326 θεωρία
1459 5254 1808 5326 ὑψηλοτέρων
1835 5270 1901 5310 ac
1950 5254 2171 5332 minim.

575 5346 732 5415 τέρα.
762 5344 879 5399 Nisi
916 5345 1056 5399 forte
1079 5347 1137 5400 in
1175 5347 1414 5401 Macario
1459 5363 1561 5417 pro
1593 5347 1931 5420 ὑψηλοτέραν
1962 5348 2153 5420 legen-

572 5435 703 5491 dum
742 5443 827 5489 est
851 5433 1216 5505 ὑψηλοτέρων.
1259 5436 1541 5491 Ibidem...
1578 5438 1827 5509 κομίζειν
1876 5438 1988 5491 δεῖν
2020 5439 2155 5492 πάν-

572 5539 697 5574 τοτε
724 5523 825 5591 τὴν
858 5522 959 5591 τῆς
1005 5522 1233 5594 καρδίας
1275 5524 1424 5595 ίεράν
1486 5525 1697 5579 θυσίαν·
1723 5526 1791 5580 τὰ
1840 5529 2149 5599 ἀκροθίνια,

575 5612 671 5664 καὶ
692 5611 760 5663 τὰ
782 5610 928 5682 ἄκρα
959 5611 1067 5665 τῶν
1084 5612 1303 5679 ἀγαθῶν
1333 5613 1675 5684 λογισμῶν...
1695 5618 2153 5687 ἀπασχολοῢντος.

577 5702 656 5759 Ita
683 5704 862 5759 adhuc
881 5705 1001 5760 sine
1023 5720 1189 5759 sensu
1227 5707 1447 5776 legitur.
1489 5709 1594 5761 Pro
1627 5725 1759 5777 quo-
1789 5725 1917 5763 casu
1952 5722 2151 5779 quarto

578 5790 928 5848 Scribendum
960 5793 1424 5875 ἀπαρχολ.οῦκκτας,
1451 5796 1568 5852 scil.
1599 5798 1679 5851 δεῖ
1700 5798 1948 5881 κομίζειν
1982 5817 1995 5855 :
2022 5799 2152 5857 inde

2254 4614 2425 4677 αὑλάς
2453 4615 2817 4685 εἰσέρχονται.
2853 4615 2913 4669 In
2938 4613 3216 4685 Opusculo
3237 4616 3307 4671 VI
3335 4632 3454 4685 cap.
3486 4614 3545 4668 5i
3578 4631 3589 4666 :
3629 4610 3695 4681 μὴ
3725 4622 3798 4659 νο·

2257 4706 2565 4777 μιζέτωσαν
2599 4707 2703 4778 ἤδη
2751 4706 2847 4760 τοῦ
2876 4707 3064 4772 τέλους
3123 4709 3217 4761 καὶ
3278 4708 3379 4778 τῆς
3438 4702 3799 4761 καταπαύσεως

2258 4799 2546 4869 ἐπιϐῆναι·
2573 4799 2776 4864 πόθεν;
2809 4798 2890 4852 ἔτι
2924 4798 3034 4871 γὰρ
3088 4800 3273 4862 αὐτοῖς
3322 4800 3452 4869 περὶ
3483 4798 3550 4851 τὰ
3579 4792 3800 4865 πρόθυρα

2252 4888 2467 4953 καὶτὰς
2494 4888 2666 4952 αὐλὰς
2690 4891 2723 4959 ή
2762 4889 3101 4960 ἀναστροφή.
3154 4890 3309 4946 Unde
3365 4889 3508 4944 forte
3553 4887 3607 4941 in
3643 4882 3799 4951 Opusc

2252 4983 2379 5038 culo
2426 4983 2450 5038 l
2500 4983 2834 5055 legendum:
2877 4984 2995 5048 πῶς
3018 5002 3119 5052 γες
3178 4985 3365 5058 ἀκμὴν
3430 4982 3537 5051 γὰρ
3587 4980 3661 5039 εἰς
3685 4982 3798 5035 CCL;

2252 5075 2413 5129 aliter
2434 5090 2629 5146 graeca
2666 5076 2947 5145 languent.
2998 5074 3261 5146 Sequitur
3302 5076 3358 5130 in
3397 5073 3573 5145 Opusc
3610 5070 3664 5124 I:
3693 5061 3800 5118 εἰδὲ

2253 5164 2348 5218 καὶ
2373 5164 2597 5237 χάριτος
2651 5165 2878 5235 μέτοχος
2929 5165 3181 5236 γένηται,
3221 5164 3473 5235 οἰηθῆναι
3533 5161 3605 5223 ὡς
3647 5168 3799 5209 κατα-

2253 5255 2459 5321 λαϐὼν,
2496 5257 2552 5312 in
2583 5256 2787 5327 Opusc.
2816 5257 2885 5312 VI
2918 5276 2929 5311 :
2964 5258 3068 5311 κᾶν
3101 5258 3322 5330 χάριτός
3349 5274 3492 5319 τινος
3532 5261 3802 5318 πνευματι·

2254 5351 2358 5419 κῆς
2382 5348 2716 5419 ἠξιώθησαν·
2752 5350 2890 5420 μηδέ
2929 5349 3091 5403 τοῦτο
3147 5350 3311 5405 πάλιν
3340 5349 3533 5409 αὑτοὺς
3563 5337 3798 5397 ἀπατάτω

2253 5446 2361 5494 eet.
2403 5439 2733 5494 Addendum
2758 5456 2889 5512 ergo
2917 5441 2974 5496 in
3010 5440 3212 5512 Opusc.
3250 5442 3271 5496 I
3303 5441 3423 5507 Μὴ,
3446 5437 3530 5509 μὴ
3556 5431 3797 5504 οίηοῆναιν

2252 5529 2399 5599 quod
2431 5538 2609 5584 exstat
2656 5531 2881 5599 quidem
2942 5532 2999 5585 in
3043 5534 3319 5597 versione,
3363 5531 3457 5586 scd
3490 5530 3557 5583 ob
3601 5530 3797 5578 sensum

2252 5628 2466 5674 tantum
2492 5638 2506 5687 ;
2536 5638 2791 5691 graecum
2832 5623 3028 5677 vitium
3060 5625 3281 5679 mansit.
3316 5625 3489 5680 Porro
3523 5619 3707 5687 Opusc.
3740 5608 3794 5663 I:

2250 5712 2353 5764 οὐκ
2410 5712 2617 5781 ὀφείλει
2651 5716 2881 5786 ἐρευνᾷν
2916 5716 3169 5780 ἕκαστον,
3216 5718 3265 5770 εί
3308 5709 3466 5784 εὗρεν
3518 5713 3569 5763 ἐν
3597 5704 3675 5774 τῷ.
3714 5700 3808 5791 (⁵σῇ

2256 5805 2705 5891 τρακίνῳπσκεὺει
2729 5808 2820 5892 τὸν
2843 5809 3118 5881 θησαυρόν
3152 5820 3263 5868 cet.
3287 5808 3475 5865 Latina
3496 5798 3691 5859 versio:
3718 5806 3795 5846 1W
