4016 6478
270 400 377 458 ΤΠ
1341 413 1429 469 DE
1461 413 1769 472 SCRIPTIS
1803 415 1861 472 S.
1900 415 2187 477 MACARII
2224 424 2565 481 AEGYPTII.
3464 438 3571 493 278

276 529 519 575 conuenit
562 528 822 580 scrutari
850 544 1291 600 unumquemque,
1316 548 1443 586 num
1469 534 1603 603 forte
1626 535 1881 597 inveniat,
1913 538 1958 593 A
1987 551 2098 591 non
2148 540 2310 609 plane
2343 543 2529 597 nullus
2563 545 2635 597 sit
2671 558 2885 609 sensus,
2921 554 3103 602 tamen
3138 562 3206 601 ex
3240 547 3476 605 Homilia
3515 561 3573 608 et

286 624 415 679 cet.;
458 614 638 685 impio
674 633 883 687 sensu;
920 622 1064 691 quod
1092 623 1310 680 mireris
1339 634 1617 680 servatum
1644 641 1783 681 esse.
1825 626 1886 680 In
2000 627 2280 699 Opusculo
2310 632 2401 686 VII
2434 634 2808 689 restituendus
2840 643 2927 689 est
2955 636 3261 691 inﬁnitivus
3288 638 3572 707 βιάζεσθαι

286 705 486 776 Opusc.
514 708 620 763 VI:
652 711 749 781 ὲρε
762 714 900 783 υνᾷν
916 709 1008 767 οὖν
1038 715 1338 784 προσῆκεν,
1372 730 1522 772 recte
1553 733 1706 772 vero.
1741 717 1862 788 Legg

1992 722 2087 775 καὶ
2125 722 2331 792 ἄγχειν.
2378 723 2588 779 Ibidem
2645 741 2746 795 pro
2804 744 2817 779 :
2868 729 3011 779 κατὰ
3052 728 3113 780 τὺ
3158 705 3574 800 γεγραμμένον,

285 812 419 867 ergo
444 814 457 849 :
480 798 697 865 ὀφείλει
728 796 826 854 οὖν
854 804 1099 874 ἐρευνᾷν.
1120 803 1330 859 Ibidem
1356 823 1368 858 :
1393 805 1510 859 ἐστι
1538 806 1699 877 γάρή
1722 805 1862 877 χάρι‹

1992 813 2139 882 quod
2185 814 2354 869 etiam
2386 816 2443 870 in
2483 816 2718 871 Homilia
2775 818 2850 872 ita
2904 820 3128 889 legitur,
3163 796 3572 876 restituendum

285 891 553 954 πολλάκις
622 894 929 965 ὲνεργοῦσα
982 895 1369 966 ἀδιαλείπτως,
1419 898 1477 953 in
1521 897 1723 970 Opusc.
1764 898 1834 953 VI

1988 907 2208 961 videtur
2260 909 2399 961 κατά
2438 909 2498 961 τὸ
2528 910 2838 981 εἰρημένον,
2865 912 2993 980 quia
3032 913 3089 967 in
3128 920 3241 968 toto
3276 914 3340 968 N.
3375 915 3439 967 T.
3468 917 3575 970 tale

290 985 415 1038 ὲνδν
458 985 591 1058 γὰρ,
633 986 711 1052 ὡς
764 989 1025 1054 πολλάκις
1051 990 1368 1061 δεδήλωται,
1419 993 1512 1047 κα)⁸
1560 993 1659 1063 τὴν
1711 992 1862 1063 χάριη

1988 997 2122 1067 quid
2177 1013 2288 1053 non
2319 1007 2515 1065 exstat,
2548 1010 2605 1055 et
2642 1001 2699 1055 in
2748 1000 2950 1072 Opusc.
2989 1003 3082 1059 VII
3104 1005 3305 1075 legitur
3340 1007 3477 1077 πρὸς
3504 1008 3575 1061 τὰ

296 1077 655 1143 ἀδιαλείπτως
693 1081 960 1152 ἐνεργεῖν,
1017 1097 1184 1137 sensu
1227 1085 1405 1140 multo
1445 1085 1699 1140 meliore.
1730 1085 1862 1155 Lege

1988 1091 2276 1163 εἰρημένα,
2317 1093 2463 1148 unde
2518 1093 2704 1159 ﬁdem,
2744 1096 2932 1161 credo,
2963 1095 3197 1151 fecimus
3225 1100 3575 1170 conjecturae

292 1185 459 1239 ergo:
494 1170 742 1243 ἔστιγὰρ
762 1174 796 1243 ὴ
825 1175 1005 1245 χάρις,
1035 1175 1111 1238 ὡς
1141 1176 1407 1239 πολλάκις
1443 1177 1681 1249 εἴρηται,
1718 1180 1862 1248 ὲνερ·

1985 1193 2228 1241 nostrae.
2285 1186 2533 1257 Denique
2568 1205 2582 1240 :
2619 1187 2679 1241 τὸ
2705 1188 2891 1243 λοιπὸν
2916 1188 3027 1260 γὰρ
3068 1189 3238 1243 ἐλθὼν
3270 1194 3298 1243 ὁ
3340 1190 3570 1262 Κύριος,

282 1261 465 1330 γοῦσα
490 1263 876 1328 ἀδιαλείπτως.
909 1266 1208 1337 Corruptio
1246 1276 1341 1322 aut
1377 1269 1573 1324 lacuna
1614 1270 1721 1324 ista
1774 1284 1862 1324 ne-

1983 1275 2154 1331 ὲλθὼν
2209 1278 2304 1331 καὶ
2337 1278 2632 1350 γενόμενος
2661 1279 2720 1333 ὲν
2752 1280 2922 1351 αὐτῷ.
2974 1279 3086 1337 Aut
3126 1282 3361 1337 alterum
3398 1261 3573 1336 ἐλθὼν

278 1357 404 1410 scio
458 1356 607 1413 unde
665 1359 907 1428 accidit;
961 1361 1230 1417 accidisse
1267 1377 1336 1417 ex
1367 1361 1571 1433 Opusc.
1611 1363 1682 1419 Vl
1750 1378 1862 1418 cer-

1983 1366 2338 1434 eiiciendum,
2369 1378 2464 1424 aut
2490 1369 2784 1440 legendum
2824 1372 2853 1423 ὀ
2885 1371 3091 1442 Κύριος
3110 1372 3252 1426 κατὰ
3280 1373 3379 1443 τὴν
3406 1374 3576 1443 ἐπαγ-

282 1456 410 1501 tum
441 1456 552 1503 est.

1980 1460 2187 1529 γελίαν,
2228 1461 2324 1514 καὶ
2351 1461 2643 1531 γενόμενος
2673 1469 2803 1525 cet.,
2834 1469 2894 1517 ut
2919 1471 3096 1518 exstat
3129 1464 3187 1517 in
3219 1462 3421 1534 Opusc.
3453 1465 3569 1533 VII;

349 1538 488 1594 Car.
529 1540 626 1595 XII
673 1550 798 1611 post
845 1542 1131 1599 medium:
1167 1543 1355 1618 ἐπειδὴ
1389 1541 1486 1600 οὖν
1523 1545 1677 1619 [Pag.
1716 1545 1805 1620 10]
1839 1548 1862 1619 ἦ

1978 1562 2035 1608 et
2078 1554 2362 1623 corruptio
2390 1554 2611 1624 quidem
2644 1553 2839 1609 facilis.

270 1630 514 1685 ἐναντία
549 1632 775 1703 δύναμις
824 1638 1198 1709 προτρεπτική
1240 1638 1424 1703 ἐστιν,
1485 1639 1585 1693 οὐκ
1632 1640 1873 1709 ἀναγκα-
2048 1643 2323 1700 ΟΑΡ.ΧΙΙΙΙ
2340 1646 2505 1715 paulo
2538 1653 2663 1715 post
2682 1646 2899 1700 initium
2918 1646 3570 1719 ριοῆάπόλειτὴνχάριν,

270 1723 476 1794 στικὴ,
522 1725 618 1778 καὶ
667 1726 786 1780 θεία
821 1727 983 1798 χάρις
1033 1731 1410 1800 προτρεπτική
1445 1730 1586 1783 ἐστι.
1617 1728 1766 1801 Lego
1798 1730 1869 1785 ob
1976 1732 2835 1806 ἥλαμὸάνεικαὶπίπτειιεςεεῆν
2856 1735 3035 1799 ἔλαϐε,
3062 1737 3156 1790 καὶ
3175 1736 3566 1806 πίπτενῆςεει.

268 1816 582 1871 meliorem
616 1820 1018 1875 connexionem
1057 1837 1070 1874 :
1107 1821 1292 1892 ἐπειδὴ
1320 1817 1434 1887 οὖν,
1466 1822 1543 1886 ὼς
1571 1823 1605 1892 ἡ
1648 1822 1862 1877 ἐναντία

1975 1823 2044 1879 Et
2067 1825 2232 1894 paulo
2249 1834 2400 1894 post:
2421 1824 2726 1894 ὀφείλουσιν
2744 1822 2838 1880 οὖν
2872 1826 3184 1897 βουλόμενοι
3216 1827 3276 1891 ἐξ
3302 1827 3569 1897 ἀληθείας

264 1904 539 1975 δύναμις,
574 1909 665 1960 καὶ
698 1909 730 1977 ἡ
763 1907 884 1961 θεία
910 1910 1065 1979 χάρις
1111 1913 1482 1983 προτρεπτική
1528 1913 1666 1975 ἐστι,
1703 1912 1793 1965 διὰ
1814 1913 1874 1966 τὸ
1907 1899 1948 1956 Β
1979 1915 2338 1987 εὐαρεστῆσαι
2367 1916 2447 1987 τῷ
2474 1915 2649 1987 θεῷ...
2671 1919 2765 1971 καὶ
2782 1918 3062 1989 βιάζεσθαι
3096 1920 3311 1989 πρῶτον
3334 1920 3524 1972 ἑαυτόν
3550 1938 3565 1972 :

266 2000 630 2064 αὐτεξούσιον
663 2002 755 2053 καὶ
787 2001 934 2054 λιτὸν
964 2002 1062 2071 τῆς
1103 2002 1340 2071 φύσεως,
1375 2004 1563 2057 λοιπὸν
1615 2006 1711 2059 ἐάν
1745 2014 1853 2061 cet.

268 2092 358 2147 Ita
402 2094 591 2147 omnia
642 2095 957 2149 cohaerent.
1022 2096 1129 2151 Pro
1174 2096 1317 2149 λιτὸν
1349 2099 1535 2151 malim
1576 2098 1871 2163 αὐταίτιον,

271 2185 434 2255 quod
471 2185 617 2240 idem
653 2185 766 2241 fere
794 2196 880 2241 est
929 2202 994 2242 ac
1026 2188 1391 2254 αὐτεξούσιον,
1428 2200 1628 2245 notans
1652 2192 1875 2247 Iiberta-

276 2286 395 2331 tem
430 2277 731 2331 arbitrandi
758 2286 813 2331 et
838 2278 1190 2334 decernendi.
1217 2280 1324 2335 Pro
1358 2297 1468 2350 quo
1493 2282 1548 2336 in
1571 2281 1772 2352 Opusc.
1799 2299 1872 2339 vn

282 2383 409 2438 cap.
466 2369 499 2424 5
549 2377 634 2424 est
674 2370 957 2442 ἐλεύθερον
1000 2373 1093 2425 καὶ
1118 2373 1479 2437 αὐτεξούσιον.
1509 2375 1710 2430 Aﬂines
1743 2384 1873 2431 sunt

276 2460 473 2516 literae
501 2463 548 2513 A
570 2470 628 2517 et
654 2463 697 2514 Λ
724 2478 983 2531 graecae;
1019 2464 1144 2517 inde
1171 2481 1345 2531 error,
1368 2482 1467 2536 per
1484 2468 1869 2539 compendium

272 2552 560 2607 scribendi
609 2552 851 2623 adjutus.
894 2553 964 2607 Et
992 2554 1247 2611 similiter
1285 2566 1530 2612 erratum
1561 2575 1681 2614 esse
1711 2559 1872 2614 vide-

270 2650 369 2696 tur
404 2645 572 2713 paulo
622 2652 745 2714 post
778 2644 833 2699 in
867 2646 1061 2701 eodem
1119 2645 1319 2717 Opusc.
1360 2648 1381 2702 Ι
1426 2668 1438 2702 :
1476 2651 1662 2721 ἐπειδὴ
1693 2650 1871 2721 ἐαυτῷ

266 2735 491 2804 ἐγίνετο
533 2739 562 2789 ὁ
591 2736 877 2807 ἄνθρωπος
915 2738 1085 2801 αἴτιος
1128 2740 1224 2792 τοῦ
1264 2740 1471 2808 ἀγαθοῦ
1496 2758 1509 2773 ·
1540 2742 1716 2812 αὐτῆς
1760 2743 1869 2813 γάρ

265 2824 395 2877 ἐστι
439 2826 541 2896 τῆς
568 2825 781 2895 φύσεως
813 2822 983 2891 οὗτος.
1007 2829 1114 2885 Pro
1150 2831 1352 2900 quibus
1377 2832 1670 2903 legendum
1695 2842 1865 2903 puto:

265 2915 630 2980 αὐτεξουσίου
669 2919 778 2989 γάρ
835 2921 954 2972 ἐστι
1020 2920 1118 2991 τῆς
1169 2921 1404 2989 φύσεως.
1464 2924 1600 2978 Nam
1647 2926 1869 2995 vulgata

266 3008 552 3078 scriptura
593 3010 833 3065 obscuro
885 3026 1067 3066 sensu.
1102 3014 1169 3068 Et
1206 3015 1391 3084 priora
1438 3015 1660 3085 quidem
1699 3018 1868 3073 verba

266 3115 386 3154 non
416 3109 623 3157 temere
654 3101 972 3173 accipienda
1029 3112 1178 3171 sunt,
1227 3121 1298 3161 ne
1338 3107 1522 3162 minus
1555 3109 1867 3180 pelagizare

264 3190 591 3246 videantur.

339 3303 470 3360 CAP.
516 3305 635 3361 XIII
683 3326 697 3362 :
746 3310 839 3361 καὶ
887 3307 1060 3372 οὕτως
1118 3308 1155 3363 ἃ
1194 3307 1290 3363 νῦν
1339 3309 1478 3380 μετὰ
1511 3310 1631 3381 βίας
1659 3311 1865 3384 καὶμὴ

268 3396 540 3468 θελούσης
594 3400 691 3470 τῆς
732 3401 959 3471 καρδίας
1026 3403 1211 3465 ποιεί,
1264 3400 1464 3465 ἐθίζειν
1515 3403 1709 3457 ἑαυτὸν
1771 3402 1862 3457 διὰ

270 3488 482 3552 παντὸς
531 3490 611 3552 είς
657 3489 718 3542 τὸ
768 3490 969 3559 ἀγαθὸν
999 3493 1095 3546 καὶ
1142 3492 1237 3546 τοῦ
1283 3494 1488 3565 Κυρίου
1528 3495 1615 3547 ἀεὶ
1656 3510 1869 3566 μνημο-

274 3579 475 3643 νεύειν,
508 3584 600 3634 mi.
622 3583 925 3654 προσδοκᾷν
942 3584 1106 3638 αὑτὸν
1124 3584 1214 3638 διὰ
1238 3586 1438 3649 παντὸς
1463 3587 1521 3638 ὲν
1542 3587 1711 3658 πολλῇ
1738 3588 1869 3656 ἀγα-

274 3670 459 3737 θότητι
498 3673 589 3725 καὶ
613 3674 821 3746 ἀγάπῃ.
843 3676 1034 3732 Versio
1058 3696 1071 3731 :
1104 3677 1175 3731 Et
1205 3678 1277 3731 sic
1300 3694 1437 3748 quae
1463 3695 1603 3732 nunc
1638 3696 1731 3749 per
1758 3682 1862 3733 vim

283 3769 334 3814 et
387 3765 531 3816 corde
562 3766 727 3819 invito
779 3767 926 3837 facit,
980 3768 1339 3838 adsuefacient
1392 3770 1565 3840 ipsum
1619 3772 1675 3823 in
1716 3787 1869 3824 omne

283 3860 487 3923 tempus
523 3856 589 3908 ad
631 3856 845 3923 bonum,
885 3868 934 3911 et
969 3859 1039 3913 ad
1084 3876 1288 3929 semper
1328 3860 1502 3912 vivam
1530 3859 1628 3913 Dei
1665 3876 1866 3913 memo-

276 3947 421 4001 riam
462 3948 795 4015 habendam,
841 3958 889 4004 et
926 3953 1333 4022 exspectandum
1383 3970 1503 4006 eum
1555 3969 1761 4023 semper
1808 3954 1866 4009 in

271 4036 445 4092 multa
484 4038 715 4094 bonitate
758 4049 807 4095 et
840 4045 1084 4097 caritate.
1136 4043 1241 4099 Ubi
1289 4060 1483 4099 sensus
1521 4052 1605 4099 sat
1655 4045 1859 4111 bonus,

272 4130 439 4185 modo
467 4146 593 4186 eum
625 4149 819 4203 graeca
857 4144 1198 4204 paterentur.
1223 4135 1359 4191 Nam
1390 4135 1601 4207 integra
1630 4144 1859 4192 senten-

272 4221 350 4275 tia
382 4222 583 4276 omissa
608 4232 693 4278 est
724 4240 791 4278 ex
814 4226 1353 4291 oscitantialihrarii,
1385 4243 1453 4282 ex
1484 4228 1719 4284 Homilia
1748 4248 1857 4295 xrx,

273 4309 371 4362 ubi
409 4312 589 4368 omnia
639 4312 833 4367 eadem
880 4313 1155 4367 habentur
1207 4315 1310 4384 §2,
1343 4317 1641 4385 repetenda
1676 4328 1731 4373 et
1770 4335 1859 4374 re-

274 4399 569 4457 Stituenda.
612 4401 837 4472 Legitur
873 4405 1023 4460 enim
1061 4404 1137 4458 ibi
1191 4404 1266 4461 ita
1316 4423 1329 4459 :
1371 4408 1465 4459 καὶ
1492 4407 1665 4472 οὕτως
1694 4408 1730 4463 ἃ
1764 4408 1859 4464 νῦν

279 4492 418 4563 μετά
463 4492 586 4563 βίας
631 4494 872 4565 ἀκούσης
926 4497 1028 4566 τῆς
1089 4498 1317 4567 καρδίας
1368 4501 1548 4565 ποιεῖ,
1592 4501 1856 4565 ἑκουσίως

274 4583 477 4653 πράξει
516 4586 666 4651 ποτὲ,
698 4586 889 4650 ἐθίζων
920 4586 1070 4659 [Pag.
1098 4587 1189 4660 11]
1212 4589 1404 4642 ἑαυτὸν
1435 4590 1521 4644 διὰ
1555 4592 1755 4655 παντὸς
1776 4595 1855 4657 είς
1887 4621 1928 4674 D

274 4674 336 4727 τδ
365 4674 590 4743 ἀγαθὸν,
630 4677 723 4728 καλ⁵
771 4677 865 4730 τοῦ
901 4679 1102 4749 Κυρίου
1160 4680 1515 4752 μνημονεύων
1564 4692 1671 4737 cet.
1710 4683 1851 4739 Hinc

278 4766 331 4835 in
363 4766 565 4839 Opusc.
598 4768 617 4821 Ι
653 4770 945 4840 legendum
977 4788 991 4825 :
1137 4774 1235 4843 τῆς
1262 4774 1488 4844 καρδίας
1513 4779 1676 4841 ποιεῖ,
1699 4778 1855 4830 ἑκου-

279 4856 407 4926 σίως
441 4856 636 4927 πράξει
669 4859 821 4925 ποτὲ,
844 4860 1128 4923 esteem...
1174 4864 1530 4934 μνημονεύων
1559 4866 1654 4918 καὶ
1684 4884 1854 4936 προσ-

274 4945 448 4999 δοκῶν
500 4955 606 5003 cet.
663 4948 742 5003 Ita
802 4957 951 5004 recte
1004 4952 1117 5022 jam
1170 4953 1394 5008 habent.
1442 4955 1610 5009 Paulo
1665 4965 1789 5027 post
1837 4974 1851 5011 :

284 5042 485 5113 μᾶλλον
520 5043 578 5096 δὲ
619 5045 648 5098 ὁ
684 5043 888 5116 Κύριος
931 5050 1079 5099 ποιεῖ
1106 5048 1164 5103 ὲν
1203 5048 1352 5120 αύτῷ
1390 5049 1488 5113 τὰς
1519 5050 1656 5114 ἰδίας
1688 5050 1854 5106 αὐτοῦ

280 5132 502 5196 ἐντολὰς
529 5173 543 5197 ,
610 5133 705 5187 καὶ
750 5136 879 5198 τοὺς
934 5138 1182 5207 καρποὺς
1228 5138 1323 5191 τοῦ
1365 5138 1714 5209 πνεύματος,
1767 5142 1856 5194 ὅτε

283 5230 621 5300 καρποφορεῖ
662 5227 938 5298 καθαρῶς.
973 5228 1293 5300 chendum
1331 5233 1463 5285 τότε
1488 5236 1854 5305 καρποφορεῖ,

286 5331 475 5385 nempe
510 5318 632 5388 talis
662 5319 835 5389 homo.
877 5318 955 5373 Ita
984 5336 1095 5373 non
1135 5321 1315 5375 solum
1355 5322 1409 5375 in
1443 5322 1679 5378 Homilia
1710 5325 1857 5379 exci-

284 5416 391 5461 tata
427 5410 643 5479 legitur,
695 5410 791 5464 sed
836 5417 893 5464 et
926 5411 1043 5479 ipsa
1094 5413 1365 5467 connexio
1390 5414 1566 5484 jubet.
1617 5415 1789 5471 Porro
1834 5434 1848 5469 :

282 5500 375 5553 καὶ
408 5500 747 5565 ἁπαξαπλῶς
785 5507 943 5575 τηρεῖ
994 5504 1144 5573 αὐτῷ
1182 5504 1273 5557 τὸν
1305 5505 1515 5575 καρπὸν
1539 5506 1634 5558 τοῦ
1686 5507 1852 5560 πνεύ-

285 5608 465 5661 ματος.
525 5592 843 5664 Legendum
895 5611 962 5650 ex
1029 5595 1263 5650 Homilia
1324 5605 1381 5651 et
1452 5594 1730 5666 Opusculo
1762 5599 1856 5653 VII

282 5667 400 5752 cap.
446 5683 513 5737 l8
551 5702 565 5737 :
616 5684 817 5755 πληροῖ
850 5686 1011 5739 αὐτὸν
1040 5687 1147 5738 τῶν
1181 5686 1427 5756 καρπῶν.
1461 5688 1665 5741 Vitium
1694 5705 1723 5742 a
1771 5689 1827 5743 di

284 5783 458 5830 eunte
492 5777 667 5830 venit.
729 5777 859 5830 Post
891 5794 991 5847 pro
1030 5796 1041 5830 :
1079 5778 1184 5848 χρὴ
1220 5777 1327 5848 γάρ
1373 5778 1624 5842 ἕκαστον,
1672 5780 1860 5853 ὥσπερ

286 5868 357 5943 εἰς
374 5867 470 5940 τὴν
524 5866 693 5938 εὐχὴν
734 5867 978 5938 βιάζεται
1022 5868 1210 5924 ἑαυτὸν
1240 5870 1331 5926 καὶ
1370 5870 1527 5943 ἄγχει
1560 5881 1690 5942 cet.,
1728 5873 1857 5931 licet

1981 2006 2103 2061 dele
2150 2008 2245 2060 καὶ
2291 2014 2417 2062 ante
2450 2007 2772 2076 βιάζεσθαι,
2810 2018 2865 2063 et
2892 2025 3032 2079 pone
3063 2026 3165 2079 pro
3196 2025 3263 2064 eo
3291 2011 3472 2074 colon,
3508 2017 3566 2063 et

1978 2111 2081 2165 pro
2119 2095 2310 2149 ἑαυτὸν
2347 2095 2498 2167 [Pag.
2529 2096 2618 2168 12]
2651 2099 2771 2168 lege
2798 2099 3056 2163 ἑαυτούς;
3087 2116 3212 2153 nam
3238 2102 3569 2170 pertinetad

1982 2188 2317 2259 βουλόμενοι.
2354 2190 2617 2260 Sequitur
2650 2198 2839 2260 postea
2873 2209 2886 2244 :
2917 2191 3125 2261 μεγάλη
3164 2191 3370 2262 ὖψωςις
3406 2196 3438 2264 ἡ
3474 2212 3570 2249 τα-

1978 2279 2270 2343 πείνωσιςο
2309 2280 2405 2333 καὶ
2435 2280 2687 2351 τιμιότης
2738 2281 2831 2333 καὶ
2866 2281 3084 2351 ἀξίωμα
3130 2283 3163 2352 ἡ
3208 2299 3571 2353 ταπεινοφρο-

1979 2371 2134 2442 σύνη.
2161 2371 2269 2426 Pro
2297 2386 2407 2441 quo
2435 2371 2491 2425 in
2522 2370 2760 2426 Homilia
2793 2370 2956 2426 citata
2981 2372 3163 2444 [llom.
3203 2390 3291 2426 xxx
3330 2374 3356 2444 §
3398 2373 3452 2445 8']
3483 2375 3569 2428 le-

1978 2464 2123 2533 gitur
2167 2481 2181 2517 :
2228 2462 2440 2533 μεγάλη
2487 2463 2818 2527 ταπείνωσις
2871 2465 2906 2534 ἡ
2961 2464 3413 2535 ὑψηλοφροσύνη·
3471 2464 3568 2517 καὶ

1980 2558 2192 2628 μεγάλη
2229 2556 2440 2626 ὕψωσις
2478 2558 2575 2609 καὶ
2630 2558 2881 2628 τιμιότης
2926 2558 3022 2610 καὶ
3071 2556 3287 2627 ἀξίωμα
3320 2559 3353 2628 ἡ
3381 2575 3570 2610 ταπει-

1976 2648 2279 2719 νοφροσύνη
2307 2666 2320 2702 :
2367 2648 2624 2703 similiter
2668 2657 2846 2704 exstat
2871 2651 2926 2703 in
2964 2647 3167 2719 Opusc.
3197 2650 3291 2704 VII
3325 2665 3443 2718 cap.
3474 2649 3562 2704 i9.

1975 2740 2153 2809 Atque
2188 2740 2296 2795 hoc
2323 2742 2526 2796 melius
2566 2757 2690 2796 esse
2720 2742 2960 2795 videtur.
3002 2742 3071 2795 Et
3106 2741 3170 2795 ad
3201 2741 3362 2794 finem
3400 2755 3566 2810 porro

1975 2831 2177 2901 legitur
2206 2849 2219 2883 :
2244 2832 2339 2884 καὶ
2376 2830 2551 2894 οὕτως
2577 2830 2685 2884 τῶν
2718 2831 2952 2884 ἐντολῶν
2981 2831 3074 2883 τοῦ
3108 2831 3313 2899 Κυρίου
3346 2830 3565 2901 πληρωο

1976 2922 2171 2976 θεισῶν
2218 2922 2303 2992 ἐφ’
2340 2923 2494 2993 ἡμῖν.
2543 2923 2653 2977 Pro
2691 2939 2802 2992 quo
2842 2921 3139 2992 legendum
3169 2921 3258 2988 ὑφ’
3291 2920 3467 2990 ἡμῶν,
3502 2930 3564 2975 ut

1973 3013 2137 3068 etiam
2183 3012 2240 3066 in
2288 3011 2527 3067 Homilia
2576 3021 2771 3068 exstat.
2817 3012 2965 3067 Haec
3009 3011 3253 3066 breviter
3311 3010 3380 3064 ad
3425 3011 3563 3064 lmum

1974 3102 2335 3174 Opusculum.

2046 3194 2124 3248 An
2181 3209 2455 3248 SECUNDUM
2503 3192 2857 3259 Opuscuwn,
2912 3193 3053 3261 Περὶ
3085 3193 3456 3259 τελειότητος
3494 3190 3567 3244 ἐν

1972 3285 2286 3353 πνεύματι,
2324 3301 2497 3356 pauca
2535 3293 2593 3339 et
2621 3284 2769 3340 levia
2814 3285 2946 3340 item
2986 3285 3165 3340 habeo
3200 3300 3341 3354 quae
3376 3281 3562 3353 profe-

1972 3395 2111 3435 ram.

2040 3489 2167 3545 CAP.
2222 3490 2266 3546 V
2320 3490 2523 3561 legitur
2565 3489 2730 3559 vulgo
2766 3497 2822 3543 et
2856 3488 3220 3560 distinguitur
3250 3504 3262 3540 :
3289 3482 3396 3541 οἶδε
3428 3484 3559 3558 γάρ,

1970 3584 2134 3654 φησὶν
2168 3583 2201 3655 ἡ
2242 3581 2448 3653 γραιξὴ,
2483 3581 2553 3633 τὰ
2589 3579 2800 3652 κρύφια
2850 3578 3023 3632 ταῦτα
3045 3581 3145 3649 τῆς
3181 3578 3360 3648 ψυχῆς
3377 3578 3560 3648 ἁμαρ-

1967 3675 2185 3743 τήματα
2240 3674 2298 3725 ὲν
2346 3674 2449 3743 ἴσῳ
2496 3675 2608 3734 τοῖς
2668 3672 2823 3735 ἐκτὸς
2878 3670 3147 3735 τίθεσθαι,
3192 3687 3259 3725 ex
3302 3670 3559 3723 versione

1965 3763 2178 3832 vulgari
2230 3762 2305 3816 ita
2352 3762 2484 3817 item
2527 3761 2786 3816 distincta
2829 3760 3033 3814 :Novit
3085 3762 3245 3824 enim,
3279 3760 3355 3813 ait
3409 3756 3559 3812 Scri-

1967 3862 2146 3925 ptura,
2178 3852 2383 3906 occulta
2417 3854 2544 3907 haec
2585 3854 2799 3906 animae
2845 3861 3059 3922 peccata
3108 3853 3229 3923 pari
3285 3850 3396 3904 loco
3437 3867 3557 3905 cum

1966 3945 2195 3998 externis
2236 3943 2492 3997 Dominus
2525 3960 2755 3998 censere.
2788 3943 2893 3999 Ubi
2944 3942 3084 3997 adeo
3113 3940 3318 4012 Κύριος
3344 3942 3487 3995 male
3517 3957 3550 3995 a

1977 4034 2348 4105 sequentibus
2371 4034 2666 4106 abruptum
2692 4044 2749 4090 et
2777 4035 2886 4088 huc
2910 4040 3147 4087 tractum
3164 4042 3267 4098 est,
3295 4033 3424 4102 quia
3456 4032 3559 4087 ali-

1967 4134 2053 4181 ter
2098 4127 2288 4182 deerat
2345 4127 2656 4198 subjectum
2711 4127 2769 4180 in
2823 4125 3058 4180 ratione.
3094 4123 3200 4178 Sed
3240 4138 3552 4193 perperam.

1962 4222 2082 4276 Vox
2114 4222 2247 4291 φησὶ
2294 4221 2523 4275 minime
2567 4220 2635 4274 ad
2684 4220 2871 4291 γραφὴ
2906 4219 3179 4288 pertinet,
3214 4216 3311 4270 sed
3340 4224 3423 4269 est
3458 4215 3555 4269 illa

1962 4314 2245 4368 sollemnis
2302 4312 2360 4368 in
2414 4314 2503 4368 his
2556 4311 2847 4383 Opusculis
2903 4310 3159 4374 formula,
3213 4325 3320 4378 qua
3367 4307 3551 4363 scriba

1961 4415 2057 4460 aut
2087 4398 2352 4459 collector
2386 4405 2585 4457 horum
2621 4404 3055 4457 Macarianorum
3103 4402 3314 4467 innuit,
3366 4401 3549 4456 Maca-

1960 4498 2104 4550 rium
2146 4497 2252 4551 hoc
2282 4496 2417 4550 illud
2448 4511 2700 4550 sermone
2731 4495 3059 4549 celebrasse.
3102 4494 3387 4563 Distingue
3417 4507 3551 4563 ergo

1960 4587 2034 4641 ita
2067 4604 2080 4640 :
2117 4582 2223 4640 οἶδε
2250 4586 2382 4657 γὰρ,
2420 4587 2584 4655 φησὶν
2619 4584 2970 4659 [Μακάριος],
3014 4587 3047 4653 ἡ
3077 4585 3265 4657 γραφὴ
3303 4585 3372 4637 τὰ
3410 4584 3547 4651 κρύ-

1958 4696 2124 4747 φια...
2158 4676 2427 4738 τίθεσθαι,
2492 4679 2634 4731 novit
2681 4678 2822 4730 enim
2855 4674 3134 4747 Scriptura
3174 4677 3301 4730 haec
3338 4674 3545 4731 occulta

1956 4772 2167 4824 animae
2212 4771 2342 4824 vitia
2371 4772 2492 4841 pari
2521 4776 2577 4824 in
2615 4771 2806 4841 pretio,
2843 4787 2906 4823 ac
2936 4769 3037 4823 illa
3078 4777 3297 4823 externa
3328 4784 3542 4839 ponere.

1960 4860 2261 4931 Sequentia
2309 4862 2532 4925 docent,
2570 4862 2721 4915 hunc
2757 4877 2879 4915 esse
2912 4876 3107 4916 verum
3146 4876 3369 4915 sensum
3392 4900 3406 4923 ,
3440 4857 3539 4913 ubi

1960 4950 2255 5021 alligantur
2292 4951 2506 5022 aliquot
2544 4951 2790 5004 carmina
2829 4950 3146 5019 Scripturae
3183 4948 3251 5002 de
3306 4947 3543 5003 occultis

1960 5041 2162 5096 talibus
2198 5041 2350 5096 vitiis
2388 5040 2540 5113 [Pag.
2589 5040 2679 5113 15]
2711 5039 3147 5112 pronuntiantia.
3185 5039 3381 5093 Statim
3416 5046 3542 5109 post

1957 5134 2064 5189 ista
2123 5136 2373 5206 sequitur
2428 5143 2726 5205 corruptus
2779 5135 2910 5189 item
2948 5134 3106 5187 locus
3139 5149 3152 5185 :
3187 5132 3415 5185 καὶτῶν
3442 5133 3542 5187 λα-

1958 5228 2195 5281 λούντων
2218 5229 2440 5300 ειρήνην
2494 5228 2632 5299 μετὰ
2670 5227 2779 5281 τῶν
2832 5226 3062 5296 πλησίον
3107 5226 3309 5290 αὐτῶν,
3348 5227 3445 5280 καὶ
3472 5226 3543 5280 τὰ

1958 5321 2085 5390 ἑξῆς
2104 5339 2118 5352 ο
2150 5321 2244 5373 καὶ
2274 5320 2438 5373 πάλιν
2465 5336 2478 5352 ·
2525 5319 2617 5373 καὶ¹
2648 5319 2756 5389 γὰρ
2796 5320 2852 5372 ἐν
2883 5317 3081 5389 καρδία
3113 5317 3341 5388 ἀνομίας
3372 5316 3540 5388 ἐργά-

1961 5413 2148 5477 ζεσθαι
2184 5413 2241 5466 ἐν
2270 5414 2336 5483 τῇ
2367 5414 2457 5483 γῇ.
2499 5410 2603 5465 Ubi
2628 5411 2867 5481 primum
2901 5426 3095 5465 sensus
3133 5426 3244 5464 non
3272 5407 3541 5479 exprimi-

1961 5516 2072 5570 tur,
2118 5504 2212 5575 qui
2262 5504 2319 5559 in
2357 5504 2571 5558 Psalmo
2618 5510 2723 5569 est,
2760 5503 2970 5558 scilicet
3016 5518 3134 5568 eos,
3175 5503 3269 5572 qui
3299 5500 3447 5561 aliud
3490 5506 3544 5559 in

1960 5608 2202 5668 pectore,
2236 5612 2398 5666 quam
2435 5596 2489 5650 in
2523 5596 2708 5666 lingua
2747 5596 3005 5661 habeant,
3041 5613 3072 5651 a
3102 5596 3216 5650 Deo
3251 5594 3541 5663 insigniter

1961 5691 2165 5761 puniri,
2201 5698 2261 5743 ut
2299 5690 2437 5743 alios
2468 5697 2656 5759 aperte
2692 5699 3031 5758 peceatores.
3064 5680 3270 5742 Deinde
3300 5686 3539 5741 efﬁcitur

1962 5781 2117 5852 quasi
2164 5780 2305 5835 alius
2337 5781 2492 5835 locus
2534 5798 2545 5831 :
2585 5781 2643 5833 ἐν
2697 5780 2893 5850 καρδίᾳ
2935 5779 3164 5846 ἀνομίας
3204 5776 3538 5850 ἐργάζεσθαι

1964 5876 2022 5930 ὲν
2055 5877 2122 5949 τῇ
2159 5877 2250 5949 γῇ,
2285 5890 2449 5946 quem
2484 5881 2539 5930 et
2568 5872 2750 5929 versio
2794 5872 2964 5929 latina
2992 5872 3068 5929 ita
3096 5870 3381 5945 exprimit,
3410 5884 3539 5927 cum
