4016 6428
187 361 274 420 ἣδὶ
1235 361 1326 417 DE
1362 359 1672 418 SCRIPTIS
1707 361 1764 418 S.
1797 359 2081 416 MACARJI
2119 359 2461 416 AEGYPTH.

3349 361 3460 415 28?.

204 485 287 537 tus,
317 473 781 542 quemadmodum
832 490 927 544 per
958 470 1165 544 dyaboli
1200 479 1370 526 artem
1403 472 1780 543 interpretatus
1807 479 1857 534 Α
1882 471 1986 537 Qui
2028 471 2366 542 signiﬁcatus
2404 471 2570 540 hujus
2604 470 2758 525 verbi
2800 465 3025 526 Graecis
3064 485 3176 526 non
3221 470 3463 527 insolens

206 568 361 637 fuerat
388 561 684 635 eiSymon.
718 567 828 622 Hic
867 567 975 637 jam
1005 566 1129 620 ﬁnis
1163 565 1431 636 evangelii
1468 575 1592 636 post
1620 567 1779 621 addi-

207 670 300 715 tam
325 657 700 728 doxologiam.
738 659 892 724 Quae
916 659 1098 712 omnia
1124 665 1181 712 et
1208 658 1387 712 multa.
1410 666 1537 712 ante
1560 659 1696 712 haec
1723 659 1782 712 in

203 752 410 822 vulgato
436 751 734 820 evangelio
761 750 907 820 apud
931 751 1241 805 Fabricium
1271 750 1492 804 absunt.
1529 749 1585 804 Si
1610 767 1782 820 quan-

205 840 268 893 do
291 839 464 892 otium
486 838 836 907 suppeditat,
872 838 1139 908 polliceor
1177 838 1309 892 huic
1338 839 1450 893 MS.
1483 855 1607 893 cum
1631 839 1781 893 edito

206 929 354 1002 [Pag.
391 927 479 999 17]
510 928 855 983 conferendo
878 945 1051 984 meam
1081 930 1513 1000 qualemcunque
1535 938 1778 1000 operam.

211 1023 325 1076 lam
351 1019 413 1074 ad
442 1020 749 1075 Macarium
791 1022 976 1076 redeo.

281 1110 398 1164 Car.
416 1111 531 1164 IIII.
554 1106 782 1162 Καθαπε
793 1112 874 1183 ρεὶ
895 1112 1313 1184 τεκμηράμενον
1341 1111 1438 1183 τὴν
1466 1111 1568 1181 τῆς
1587 1111 1782 1164 ἑαυτοῦ

216 1202 483 1270 βασιλείας
523 1203 868 1275 καθαίρεσιν,
913 1220 1014 1274 pro
1077 1220 1188 1274 quo
1232 1203 1452 1258 videtur
1491 1203 1783 1274 legendum

209 1307 322 1346 esse
351 1293 792 1364 τεκμαιρόμενον
806 1294 892 1349 vel
916 1293 1214 1365 τεκμηριού
1225 1311 1405 1363 μενον,
1433 1311 1464 1348 a
1487 1293 1782 1365 τεκμαίρο-

207 1401 301 1453 μαι
343 1393 444 1438 aut
475 1385 821 1455 τεκμηριόωί
859 1385 1012 1439 Istud
1048 1386 1327 1456 vulgatum
1358 1384 1662 1455 cujusmodi
1689 1385 1780 1449 sit,

203 1490 311 1529 non
361 1475 722 1545 interpretor.
775 1476 836 1530 In
879 1476 1071 1530 eodem
1121 1476 1301 1529 adhuc
1340 1475 1519 1546 capite
1552 1492 1564 1527 :
1599 1476 1690 1528 ἐπὶ
1728 1476 1785 1529 δὲ

196 1564 293 1616 τοῦ
337 1566 551 1635 Κυρίου
587 1566 724 1636 πρὸς
761 1566 1022 1636 ἀλήθειαν
1060 1566 1219 1619 τοῦτο
1248 1565 1460 1630 παθεῖν,
1493 1566 1674 1620 reddit
1697 1567 1783 1620 in-

195 1668 423 1726 terpres
461 1675 496 1710 a
532 1657 792 1722 Domino,
836 1657 985 1727 quod
1024 1658 1224 1712 melius
1267 1657 1600 1712 reddidisset
1625 1658 1783 1711 adve-

195 1751 380 1802 niente
410 1749 658 1802 Domino.
703 1749 1060 1804 Notissimum
1114 1751 1262 1805 enim
1317 1758 1431 1816 est,
1471 1748 1564 1802 ἐπὶ
1607 1749 1664 1804 in
1697 1749 1784 1804 his

193 1847 427 1906 tempus
459 1846 674 1892 notare.

265 1928 402 1984 Car.
430 1929 569 1984 Vlll.
601 1929 734 1984 ltem
772 1938 923 1984 errat
957 1930 1140 1986 versio
1172 1949 1186 1985 :
1215 1933 1310 1985 καὶ
1331 1932 1443 2003 γὰρ
1466 1933 1496 1986 ὁ
1518 1932 1780 1998 τοιοῦτος,

193 2023 256 2074 ἓν
286 2022 585 2092 λεπτότητι
629 2021 716 2075 διὰ
759 2023 859 2093 τῆς
895 2021 1128 2087 πίστεώς
1172 2042 1335 2096 φημι,
1372 2025 1468 2078 καὶ
1508 2025 1610 2094 τῆς
1651 2042 1784 2094 προ·-

198 2110 428 2179 θυμίας,
459 2111 561 2181 ήδη
595 2112 841 2164 κοινωνεῖ
878 2110 956 2182 τῷ
979 2110 1118 2180 Θεῷ.
1154 2111 1349 2168 Latina
1389 2112 1594 2166 habent
1624 2125 1639 2165 :
1680 2110 1783 2164 Et-

200 2205 342 2256 enim
369 2203 496 2257 talis
542 2204 625 2272 (in
663 2204 917 2258 tenuitate
965 2221 1079 2259 mea
1109 2221 1202 2276 per
1233 2204 1393 2274 fidem
1432 2214 1481 2259 et
1520 2203 1787 2273 conﬁden-

210 2297 340 2348 tiam
367 2295 479 2365 aio)
504 2294 630 2348 talis
669 2297 889 2368 inquam
919 2299 1040 2368 jam
1066 2299 1176 2352 Deo
1203 2299 1592 2363 communicat;
1625 2297 1783 2367 quasi

209 2396 397 2442 essent
419 2389 590 2443 verba
617 2389 860 2444 auctoris
883 2389 951 2444 de
976 2405 1032 2443 se
1062 2391 1357 2458 loquentis.
1395 2389 1573 2444 Minus
1598 2397 1783 2443 autem

204 2491 378 2535 recte.
396 2480 726 2535 Vertendum
748 2489 863 2535 est:
892 2483 946 2535 in
979 2483 1188 2551 exiguo,
1217 2481 1252 2535 i.
1276 2497 1327 2536 e.
1350 2480 1780 2550 quodammodo,

203 2571 334 2625 talis
351 2572 474 2641 jam
511 2571 787 2626 κοινωνεῖ
819 2571 898 2636 τῷ
943 2571 1063 2636 Θεῷ
1103 2581 1316 2644 propter
1348 2572 1507 2641 ﬁdem
1557 2580 1607 2624 et
1650 2573 1785 2626 desi-

199 2665 411 2718 derium
440 2680 536 2718 seu
582 2671 883 2735 promptum
927 2666 1186 2720 animum.
1239 2665 1446 2720 Auctor
1474 2665 1611 2729 vult,
1641 2665 1786 2720 hanc

201 2753 371 2808 animi
411 2753 692 2809 credentis
725 2754 1287 2824 dispositionem,qua
1315 2763 1536 2824 exoptat
1561 2755 1786 2824 conjun-

199 2847 445 2900 ctionem
475 2861 604 2900 cum
652 2847 784 2912 Deo,
823 2848 933 2917 jam
972 2862 1092 2901 esse
1121 2846 1406 2900 κοινωνίαν
1464 2845 1778 2914 aliqualem,

201 2953 318 3001 seu,
353 2945 421 2991 ut
447 2937 632 2990 statim
677 2936 910 2991 inferius
957 2937 1127 3003 dicit,
1183 2937 1348 2991 talem
1394 2937 1644 3005 καθάπερ
1682 2937 1784 3008 ἤδη

202 3030 456 3080 κοινωνεῖ
480 3029 556 3097 τῷ
579 3029 714 3098 Θεῷ.
747 3029 902 3095 Quod
932 3029 1172 3084 ostendit
1203 3030 1271 3083 ab
1309 3029 1560 3098 exemplo
1591 3029 1780 3082 Matth.

199 3136 251 3183 τ,
301 3119 410 3183 9.8,
464 3120 561 3173 ubi
599 3120 798 3190 cupido
850 3120 1104 3175 adulterii
1156 3137 1188 3174 a
1223 3122 1335 3175 Deo
1368 3129 1654 3190 reputetur
1683 3137 1783 3190 pro

1877 568 1982 616 est.
2028 561 2237 616 Ibidem
2266 562 2431 630 paulo
2457 569 2584 614 ante
2615 559 2780 612 linem
2807 577 2820 613 :
2855 559 3015 621 εὐθὺς
3043 560 3119 623 ὡς
3146 556 3259 628 εἶχε
3283 560 3462 613 ποδῶν

1879 656 2159 723 ἐκφυγεῖν,
2193 655 2269 724 μὴ
2317 653 2557 723 μελῆσαν
2597 650 2746 720 αὺτῷ
2772 650 2880 704 τῶν
2915 652 3158 721 μηδενός,
3212 666 3312 720 pro
3353 666 3464 720 quo

1878 747 2022 801 forte
2056 745 2413 799 scribendum
2450 761 2464 796 :
2498 743 2572 814 μὴ
2620 742 2953 812 μελήσαντος
2982 742 3131 812 αὑτῷ
3160 743 3266 795 τῶν
3297 742 3462 795 αὐτοῦ

1883 838 2129 908 μηδενός.
2147 836 2287 903 Quia
2307 836 2553 891 breviter
2586 842 2801 889 tantum
2822 834 3065 888 delibare
3078 835 3170 890 hic
3189 834 3264 888 ibi
3290 850 3461 904 quae-

1881 929 2006 984 dam
2038 929 2326 993 constitui,
2349 938 2503 983 verto
2535 943 2623 982 me
2644 928 2756 999 jam
2785 926 2877 982 ad.

1951 1019 2268 1076 OPUSCULUM
2295 1019 2360 1084 ν,
2395 1018 2474 1072 De
2504 1018 2813 1073 Elevatione
2846 1020 3055 1073 mentis.

1955 1115 2082 1172 CAP.
2108 1115 2150 1170 Ι.
2179 1115 2282 1168 Hic
2314 1113 2498 1169 statim
2527 1112 2707 1184 primo
2744 1113 2803 1167 in
2837 1114 3017 1182 capite
3039 1112 3175 1168 levis
3204 1127 3362 1167 error
3405 1111 3462 1166 in

1882 1209 2093 1280 graecis
2138 1207 2206 1260 ab
2241 1206 2544 1276 interprete
2576 1220 2687 1259 non
2729 1212 2922 1259 cautus
2965 1213 3090 1258 est:
3128 1206 3286 1273 ὑμεῖς
3329 1203 3460 1274 γὰρ,

1885 1301 2069 1371 φησὶν,
2096 1338 2109 1351 .
2142 1337 2156 1351 .
2190 1336 2204 1350 .
2232 1295 2711 1365 κατοπτριζόμεθα
2732 1304 2837 1349 cet.
2867 1296 3008 1350 Sunt
3033 1295 3266 1349 excitata
3294 1296 3464 1349 verba

1883 1405 1951 1442 ex
1977 1386 2221 1456 Epistola
2259 1386 2408 1455 [Pag.
2438 1383 2528 1455 i9]
2560 1384 2714 1438 Pauli
2750 1385 2992 1438 secunda
3023 1385 3088 1438 ad
3118 1384 3368 1439 Corinth.
3410 1399 3460 1438 c.

1883 1495 1960 1545 III,
1992 1479 2079 1532 18.
2121 1477 2224 1533 Ubi
2246 1477 2518 1547 interpres
2542 1491 2641 1546 per
2664 1476 3009 1530 oscitantiam
3039 1477 3131 1530 vix
3158 1477 3466 1531 condonan-

1883 1570 2008 1624 dam
2035 1567 2310 1622 reddidit:
2344 1565 2506 1619 Vos...
2539 1566 2904 1635 speculantes,
2935 1580 3059 1618 cum
3086 1571 3194 1618 tam
3237 1581 3305 1620 ex
3338 1583 3464 1619 συν-

1885 1659 2050 1731 αφείᾳ
2069 1659 2365 1722 luculenta,
2390 1673 2555 1729 quam
2580 1673 2648 1712 ex
2671 1657 2791 1712 loco
2811 1657 2974 1712 allato
2995 1657 3137 1712 scire
3181 1657 3463 1712 debuisset

1884 1749 2178 1821 legendum
2197 1763 2318 1802 esse
2351 1749 2530 1818 ἡμεῖς,
2573 1763 2689 1800 nos.

1819 1835 1862 1890 Β
1955 1843 2163 1898 Omitto
2192 1843 2480 1913 quaedam,
2512 1848 2568 1896 et
2596 1841 2653 1895 in
2681 1857 2795 1896 CAP.
2837 1841 2955 1896 VIII
2988 1857 3002 1895 :
3038 1839 3180 1893 οὕτω
3209 1839 3342 1910 φησὶ
3371 1839 3468 1893 καὶ

1887 1936 2104 2004 ἑκάστῳ
2134 1934 2242 1987 τῶν
2289 1934 2478 2006 ἱερέων
2525 1932 2620 1986 καὶ
2663 1932 2833 1998 ἁγίων
2857 1932 2885 1983 ὁ
2910 1929 3040 1993 Θεὸς
3069 1928 3228 1997 ὤφθη
3283 1929 3468 1983 scribo

1887 2027 1994 2080 τῶν
2033 2026 2304 2095 πατέρων
2335 2026 2429 2079 καὶ
2458 2025 2649 2093 ἁγίων.
2678 2024 2814 2078 Nam
2838 2021 2905 2076 de
2927 2020 3306 2075 sacerdotibus
3329 2021 3470 2075 nihil

1887 2120 1995 2174 tale
2029 2119 2280 2189 legimus,
2307 2125 2364 2172 et
2379 2116 2474 2186 qui
2502 2122 2807 2185 sequuntur
2830 2129 2941 2168 non
2970 2120 3099 2166 sunt
3133 2112 3467 2166 sacerdotes.

1886 2211 1965 2265 Ne
1992 2210 2117 2280 quis
2169 2209 2404 2273 dubitet,
2439 2208 2573 2278 legit
2611 2207 2776 2261 etiam
2820 2204 3057 2260 Homilia
3103 2209 3209 2273 Iv§
3253 2203 3321 2259 15
3361 2203 3471 2258 τῶν

1885 2303 2059 2371 ἁγίων
2099 2302 2372 2372 πατέρων.
2438 2299 2648 2355 Ibidem
2699 2303 3025 2351 recensetur
3081 2295 3274 2349 Daniel
3325 2294 3470 2349 inter

1885 2393 2058 2448 Noam
2088 2401 2144 2446 et
2177 2392 2383 2455 Mosen,
2421 2407 2522 2461 pro
2550 2405 2659 2460 quo
2694 2388 2986 2459 legendum
3019 2386 3303 2456 Σαμουήλ;
3343 2401 3472 2440 nam

1887 2483 2077 2537 Daniel
2095 2482 2335 2552 pertinet
2357 2480 2421 2534 ad
2446 2480 2764 2550 prophetas,
2786 2477 2853 2532 de
2877 2477 3079 2548 quibus
3093 2475 3277 2530 statim
3297 2474 3467 2531 dicit:

1888 2575 1984 2627 καὶ
2015 2574 2232 2642 ἑκάστῳ
2264 2572 2374 2625 τῶν
2409 2571 2724 2641 προφητῶν.

1960 2664 2020 2719 In
2053 2663 2162 2717 ﬁne
2194 2678 2390 2718 CAPITIS
2420 2661 2494 2715 IX
2529 2661 2659 2714 item
2693 2659 2889 2712 vitium
2939 2667 3023 2713 est
3056 2675 3068 2710 :
3121 2657 3282 2727 σχολῇ
3323 2657 3374 2724 γ’
3403 2655 3470 2708 ἂν

1887 2756 1938 2809 οἱ
1976 2755 2167 2826 ἐκείνῳ
2206 2754 2282 2824 τῷ
2320 2753 2518 2806 ἀπαθεῖ
2545 2751 2850 2822 βληθέντες,
2894 2749 3057 2818 ἔρωτί
3109 2767 3209 2800 τινι
3237 2748 3345 2799 τῶν
3374 2745 3468 2799 τοῦ

1889 2850 2097 2919 κόσμου
2133 2847 2388 2900 καθεκτοὶ
2418 2847 2678 2914 γένοιντο.
2710 2842 2815 2898 Ubi
2846 2858 2903 2898 se
2936 2843 3076 2895 male
3124 2846 3346 2910 torquet
3387 2839 3470 2891 in-

1891 2949 2104 3012 terpres
2139 2941 2254 2996 :An
2275 2955 2430 3010 segne
2459 2939 2625 2990 otium
2657 2936 2754 2988 erit
2785 2935 3039 2989 desiderio
3061 2931 3470 3004 perturbationis

1891 3033 2059 3086 cumis
2087 3032 2313 3085 immuni
2334 3029 2598 3101 permissis
2630 3042 2865 3082 amorem
2894 3024 3124 3095 aliquem
3155 3023 3337 3076 mundi
3367 3038 3472 3074 non

1891 3123 2199 3179 cohibendi?
2247 3122 2393 3192 Lego
2437 3139 2449 3174 :
2497 3121 2607 3190 ὅσῳ
2640 3118 2839 3190 μᾶλλον
2878 3117 2925 3168 οἱ
2971 3116 3163 3185 ἐκείνῳ
3195 3115 3276 3184 τῷ
3321 3113 3472 3183 πόθῳ

199 3209 322 3280 ipso
375 3209 670 3264 adulterio.
729 3211 798 3264 Et
852 3219 936 3265 est
978 3212 1085 3266 hoc
1134 3212 1354 3282 elegans
1408 3213 1782 3268 testimonium

1892 3216 2184 3288 βληθέντες
2218 3214 2380 3287 ἒρωτί
2409 3231 2490 3276 τε,
2531 3212 2640 3266 τῶν
2683 3211 2777 3265 τοῦ
2823 3217 2930 3265 cet.
2983 3209 3063 3263 lla
3115 3208 3308 3263 suadet
3342 3223 3475 3262 con-

199 3302 554 3372 antiquitatis
584 3302 652 3356 de
680 3303 895 3358 ratione
931 3302 1080 3357 ﬁdei.

264 3393 428 3447 Falsa
459 3393 662 3463 legitur
689 3395 961 3449 sententia
990 3412 1102 3449 car.
1136 3395 1208 3450 XI
1235 3414 1249 3450 :
1297 3396 1392 3450 καὶ
1430 3395 1539 3469 γὰρ
1566 3437 1580 3451 .
1613 3439 1628 3453 .
1657 3438 1671 3452 .
1703 3436 1718 3452 .
1751 3398 1787 3469 ἡ

203 3484 293 3538 διὰ
323 3484 421 3538 τοῦ
452 3486 760 3557 πνεύματος
781 3487 938 3555 ἁγίου
969 3486 1218 3555 γέννησις
1245 3486 1428 3540 εἰκόνα
1451 3488 1788 3559 τελειότητος

206 3577 321 3645 ἔχει
373 3575 430 3628 εν
474 3593 533 3628 τε
588 3579 653 3648 τῇ
695 3580 876 3648 μορφῇ
906 3579 998 3630 καὶ
1029 3581 1141 3653 τοῖς
1195 3579 1444 3649 μέλεσιν·
1479 3580 1539 3632 οὐ
1605 3580 1788 3650 μέντοι

209 3665 456 3735 δυνάμει,
502 3667 533 3737 ἢ
567 3667 663 3738 νῷ,
697 3667 730 3738 ἢ
765 3669 986 3740 ἀνδρείᾳ
1013 3710 1026 3733 ,
1061 3686 1167 3723 non
1209 3677 1388 3724 tamen
1432 3672 1644 3736 virtute,
1695 3677 1789 3724 aut

216 3765 513 3821 mente,aut
537 3759 863 3829 fortitudine.
889 3760 1205 3833 Legendum
1233 3779 1245 3814 :
1281 3803 1294 3815 .
1319 3803 1331 3815 .
1365 3802 1379 3815 .
1407 3760 1644 3832 μέλεσιν,
1671 3761 1704 3833 ἢ
1730 3764 1789 3814 ὲν

209 3849 281 3917 τῇ
317 3847 530 3918 δυνάμει
558 3858 666 3906 cet.

281 3956 490 4016 Vitium
519 3965 776 4020 similiter
803 3981 925 4022 esse
962 3967 1185 4023 videtur
1218 3984 1332 4024 CAP.
1373 3967 1545 4025 XXIII
1579 3966 1637 4022 in
1667 3983 1791 4022 ver-

203 4053 296 4108 bis
338 4053 448 4108 :6z‘
481 4055 598 4118 ἐνὸς
625 4056 682 4108 δὲ
726 4057 1127 4127 ὑποδείγματος
1171 4058 1462 4130 γνώρισμα
1505 4057 1655 4129 [Pag.
1695 4056 1785 4129 18]

204 4145 362 4197 ἔσται
406 4144 486 4215 τῷ
517 4146 656 4218 μετὰ
688 4150 897 4219 χεῖρας,
943 4149 1038 4204 ubi
1071 4166 1266 4221 graeca
1306 4151 1585 4222 languent.
1621 4150 1792 4222 Lege-

205 4250 347 4292 rem.
377 4278 392 4291 .
421 4278 436 4291 .
460 4278 474 4291 .
503 4239 841 4310 γνωρίσομεν
871 4241 1061 4316 ταῦτα,
1092 4243 1118 4296 ὅ
1147 4245 1262 4296 ἐστι
1297 4242 1436 4314 μετὰ
1460 4245 1670 4314 χεῖρας.

277 4329 341 4383 ln
380 4343 498 4382 ur.
541 4329 688 4384 XXV
722 4331 854 4386 item
897 4333 1158 4388 mendosa
1195 4342 1280 4390 est
1311 4334 1478 4389 lectio
1531 4352 1544 4388 :
1577 4335 1637 4388 τὸ
1683 4334 1792 4406 γὰρ

207 4421 428 4475 ἔκδοτον
456 4423 646 4476 ἑαυτὸν
689 4428 989 4496 παρασχεῖν
1014 4428 1091 4499 τῷ
1118 4427 1290 4497 φίλων
1329 4427 1478 4499 αὐτῷ
1516 4427 1789 4497 φαίνεται,

1889 3324 2073 3363 ΠΘΧΙΟ.

1952 3399 2147 3456 Statim
2171 3397 2246 3452 ab
2261 3396 2418 3450 initio
2445 3411 2560 3450 cu».
2589 3393 2710 3447 Xlll
2737 3399 2820 3446 est
2845 3391 3045 3445 vitium
3088 3389 3320 3444 duarum
3347 3388 3475 3443 lite-

1889 3509 2115 3548 rarum:
2152 3490 2286 3543 εἰτὸ
2312 3487 2565 3541 σύνθετον
2609 3487 2785 3539 ἐκεῖνο
2828 3484 3006 3536 ἔλαιον
3049 3481 3322 3552 τοσαύτην
3361 3481 3475 3556 ἔχει

1887 3586 1986 3656 τὴν
2006 3584 2255 3652 δύναμιν,
2276 3582 2351 3644 ὡς
2370 3582 2495 3642 τοὺς
2524 3577 2908 3649 χρησαμένους
2943 3574 3115 3644 αὐτῷ.
3150 3574 3294 3644 Lege
3322 3591 3476 3644 χριο-

1889 3675 2083 3745 μένους
2106 3689 2175 3726 ex
2195 3670 2430 3726 Homilia
2451 3684 2578 3732 χιιι,
2605 3668 2701 3722 ubi
2757 3667 2894 3721 haec
2931 3664 3117 3719 omnia
3149 3672 3472 3718 occurrunt.

1889 3765 1952 3819 In
1992 3763 2186 3818 eodem
2231 3761 2410 3831 capite
2451 3759 2697 3814 occurrit
2725 3774 2832 3812 vox
2865 3757 3042 3811 rarior
3078 3757 3276 3825 τρανός
3303 3776 3315 3810 :
3344 3773 3478 3826 τρα-

1889 3857 2000 3921 νοῖς
2029 3857 2120 3908 καὶ
2143 3852 2573 3915 ἀνεπικωλύτως
2593 3851 2916 3921 ὀφθαλμοῖς.
2947 3851 3054 3904 Pro
3074 3865 3180 3918 qua
3205 3848 3260 3902 in
3287 3848 3477 3903 Homi-

1890 3949 1964 4005 lia
1998 3957 2084 4004 est
2125 3949 2269 4003 bona
2297 3949 2477 4019 glossa
2508 3947 2792 4017 καθαροῖς,
2818 3960 2960 4014 quae
3005 3944 3332 4016 signiﬁcatio
3374 3961 3478 4000 nec

1891 4039 2038 4110 apud
2082 4046 2300 4094 veteres
2341 4045 2427 4092 est
2461 4035 2921 4107 Lexicographos.
2978 4035 3283 4106 Hesychius
3327 4034 3476 4088 enim

1890 4128 2129 4196 τρανός,
2185 4128 2382 4198 σαφής,
2419 4127 2647 4197 ἀληθής.
2683 4126 2873 4198 Cyrilli
2909 4124 3297 4181 Onomasticon
3340 4142 3477 4194 τρα-

1889 4217 2031 4286 νῶς,
2063 4234 2341 4290 expresse.
2366 4219 2515 4274 Haec
2546 4217 2684 4272 adeo
2713 4232 2824 4272 vox
2853 4217 3135 4288 eleganter
3163 4215 3480 4270 declaratur

1890 4326 1990 4382 per
2025 4310 2264 4382 καθαρός
2292 4319 2349 4364 et
2371 4307 2792 4370 ἀνεπικώλυτος.

1963 4425 2285 4481 Opuscuwu
2309 4423 2399 4489 Vl,
2430 4422 2506 4477 De
2545 4420 2838 4477 Charitate.

205 4516 399 4586 ἕτερος
425 4517 640 4587 ὁμιλίας
669 4520 727 4582 ὲς
751 4519 904 4572 οὐδὲν
923 4520 1058 4573 δέον.
1084 4520 1235 4588 Quae
1275 4520 1550 4592 interpres
1581 4522 1656 4577 ita
1693 4538 1786 4577 ex-

1963 4513 2210 4568 Primum
2237 4528 2401 4567 carur
2429 4509 2674 4565 ostendit
2699 4510 2973 4574 lacunam,
3002 4509 3150 4563 unde
3179 4518 3237 4564 et
3269 4508 3480 4563 Pritius

206 4607 379 4676 plevit
412 4625 425 4660 :
464 4625 594 4662 nam
625 4610 923 4680 impendere
952 4628 1008 4666 se
1035 4614 1208 4683 ipsum
1242 4614 1424 4667 amicis
1463 4614 1790 4668 vindicandis

211 4697 327 4751 laus
363 4699 466 4768 ipsi
492 4699 728 4765 videtur;
757 4700 852 4754 alii
879 4702 1150 4772 jucundae
1179 4712 1302 4758 sunt
1340 4703 1791 4774 confabulationes

209 4789 416 4859 facetae
457 4789 523 4844 de
562 4794 715 4862 nugis
786 4793 1116 4849 scurrilibus.
1164 4795 1338 4863 Quem
1390 4810 1610 4850 sensum
1657 4795 1793 4850 haec

209 4901 403 4955 graeca
447 4887 562 4957 pati
600 4904 708 4943 non
741 4899 990 4960 possunt.
1039 4892 1335 4948 Tentarem
1380 4891 1673 4947 restituere
1715 4907 1730 4944 :
1764 4891 1794 4944 ὁ

206 4977 395 5048 ἔτερος
429 4978 646 5033 ἔκδοτον
688 4982 880 5034 ἑαυτὸν
927 4981 1223 5052 παρασχὼν
1259 4981 1368 5035 τῶν
1417 4981 1586 5050 φίλων
1620 4978 1790 5050 αὐτῷ,

203 5071 462 5138 φαίνεται
495 5073 689 5142 ἑτέρας
717 5073 931 5143 ὁμιλίας
947 5077 1004 5140 ἐς
1025 5077 1178 5128 οὐδὲν
1207 5074 1481 5145 δεόμενος,
1514 5082 1578 5129 ut
1602 5082 1794 5128 auctor

202 5163 410 5232 ἑτέραν
437 5164 658 5232 ὁμιλίαν
693 5165 961 5237 intelligat
996 5166 1456 5222 consuetudinem
1495 5181 1620 5220 cum
1658 5166 1790 5230 Deo,

203 5251 376 5320 cujus
404 5251 506 5306 ista
546 5268 673 5308 cum
700 5255 826 5310 aliis
857 5255 1122 5326 improbis
1158 5255 1399 5310 amicitia
1433 5253 1795 5323 impedimen-

209 5353 334 5398 tum
354 5341 445 5397 sit.

281 5435 400 5489 Nec
427 5435 627 5493 desunt
651 5439 786 5494 nodi
815 5439 1117 5510 scripturae
1140 5442 1198 5495 in
1229 5457 1343 5496 esp.
1360 5439 1532 5494 XXVI
1566 5456 1579 5493 :
1607 5439 1683 5502 ὼς
1699 5437 1794 5490 τοῦ

213 5524 549 5596 ἔμπρησμοῦ
578 5527 802 5598 ᾔσθετο,
826 5531 1030 5600 γυμνὸς
1054 5530 1386 5600 ἐκπέφευγε,
1410 5530 1626 5582 πάντων
1655 5529 1795 5598 ἀμε-

216 5609 405 5680 λήσεις,
450 5615 543 5667 καὶ
574 5615 678 5685 τῆς
707 5617 902 5670 ἑαυτοῦ
945 5619 1112 5688 μόνης
1141 5619 1320 5688 ψυχῆς
1359 5618 1671 5688 γενόμενος.
1693 5617 1795 5673 Ubi

221 5705 504 5776 γενόμενος
535 5707 658 5764 sine
692 5723 861 5762 sensu
889 5718 992 5764 est.
1019 5711 1136 5765 Nisi
1163 5711 1369 5781 aliquid
1395 5709 1684 5773 exciderit,
1715 5710 1797 5764 le-

229 5807 396 5863 :Brem
427 5799 768 5874 ἡγουμένης,
796 5800 864 5855 da
892 5803 1000 5856 illm
1025 5803 1136 5857 sein
1155 5802 1322 5858 Leben
1349 5804 1475 5858 uber
1497 5801 1628 5858 alles
1651 5802 1794 5873 ging.

1891 4613 1989 4661 aut
2013 4606 2285 4674 interpres
2315 4605 2372 4658 in
2405 4603 2652 4674 margine
2683 4611 2836 4657 notat
2875 4621 2893 4653 ι
2924 4611 3222 4672 corruptus
3254 4601 3479 4656 videtur

1892 4699 2063 4754 locus.
2091 4718 2110 4749 ι
2147 4697 2322 4752 Habet
2354 4697 2466 4751 ita:
2491 4696 2606 4749 ἀλλ’
2636 4696 2694 4747 ὲν
2720 4698 2787 4766 τῇ
2822 4693 2916 4746 τοῦ
2941 4693 3175 4764 σταυροῦ
3209 4693 3469 4762 δυνάμει⁶

1891 4789 2101 4853 τούτοις
2136 4788 2527 4860 ὲνεργούμενος
2557 4789 2614 4840 ἐν
2645 4787 2927 4858 ὑποστὰσῃ
2952 4789 3060 4849 τοῖς
3089 4784 3469 4851 καταξιωθεῖσι

1892 4881 2099 4953 ταύτην
2160 4883 2486 4953 κτήσασθαι.
2535 4880 2777 4936 Videbar
2847 4879 2985 4934 mihi
3047 4879 3233 4947 itaque
3317 4878 3480 4933 resti-
3549 4905 3552 4908 λ

1894 4982 2071 5030 tuere.
2094 5014 2108 5028 .
2130 5013 2146 5028 .
2167 5014 2182 5028 .
2202 4973 2429 5044 δυνάμει
2445 4991 2459 5004 ·
2502 4971 2674 5034 οὕτως
2696 4970 3089 5042 ἑνεργούμενός
3109 4971 3258 5021 ἐστιν
3296 4970 3324 5022 ὁ
3348 4971 3479 5040 περὶ

1896 5063 2131 5136 σταυροῦ
2184 5064 2343 5133 λόγος
2398 5065 2508 5125 τοῖς
2555 5059 2943 5124 καταξιωθεῖσι
2985 5059 3192 5128 ταύτην
3233 5057 3478 5131 [σοφίαν]

1895 5157 2224 5229 κτήσασθαι,
2269 5155 2358 5210 vel
2390 5156 2448 5208 ὲν
2481 5156 2593 5216 τοῖς
2636 5150 3044 5217 καταξιωθεῖσι,
3092 5149 3178 5204 vel
3222 5148 3474 5221 δύναμιν.

1895 5247 2191 5318 Corruptio
2211 5263 2279 5302 ex
2303 5242 2642 5314 compendiis
2663 5239 2944 5295 scribendi
2964 5239 3136 5293 venit.

1973 5339 2102 5395 CAP.
2130 5338 2199 5392 Ill
2231 5337 2300 5391 ab
2329 5336 2524 5390 initio:
2553 5331 2704 5386 οὔπω
2735 5329 2993 5402 διακορὴς
3019 5330 3249 5398 γίνεται,
3276 5328 3476 5400 μᾶλλον

1895 5431 1998 5502 τῆς
2025 5429 2337 5500 ἐπιθυμίας.
2375 5427 2606 5481 Videtur
2631 5423 2900 5480 excidisse
2923 5423 3130 5492 γίνεται
3158 5421 3216 5475 δὲ
3253 5420 3477 5492 μᾶλλον,

1898 5534 1960 5580 ιιι
1979 5524 2191 5592 γίνεται
2221 5521 2307 5576 bis
2327 5527 2603 5574 occurrat.

1967 5613 2094 5669 CAP.
2122 5613 2166 5669 ν
2188 5610 2430 5668 occurrit
2449 5625 2554 5665 vox
2574 5607 2757 5681 μυχοί,
2787 5608 2843 5662 in
2863 5623 2971 5678 qua
2995 5606 3297 5678 Hesychius
3315 5605 3479 5661 vitio-

1901 5723 1996 5762 sus
2027 5713 2132 5770 est,
2157 5701 2363 5774 μυχοὶ,
2387 5704 2442 5756 αἱ
2470 5699 2812 5763 καταδύσεις,
2853 5703 2902 5752 οἱ
2932 5700 3199 5754 ὲνδότατοι
3225 5699 3318 5753 καὶ
3342 5699 3478 5752 ἁπό-

1902 5816 2102 5870 κρυφοι
2141 5796 2320 5866 τόποι,
2362 5793 2602 5867 λιμένες,
2642 5791 2973 5862 κοιλότητες,
3023 5790 3224 5862 ἔσχατα
3264 5792 3357 5846 καὶ
3408 5791 3476 5846 τὰ
