4016 6476
276 389 375 448 285
1060 392 1150 446 AD
1188 391 1583 447 VERSIONEM
1620 393 1779 451 LAT.
1821 394 1997 451 llOM.
2030 395 2087 452 S.
2126 395 2410 453 MACARII
2445 396 2786 454 AEGYPTII.
3427 402 3534 460 236

281 502 427 577 μιτδν
450 502 593 573 αὑτῇ
619 502 880 574 θεωρεῖν,
903 505 1207 575 ἱερουργίας
1227 507 1285 559 ἐν
1311 508 1472 577 νοερᾷ
1502 508 1512 578 |
1546 507 1750 579 θεωρίᾳ
1777 510 1870 562 καὶ
1903 509 2158 582 κοινωνίᾳ
2191 511 2559 582 γεγενημένη,
2578 513 2673 565 καὶ
2689 514 2809 575 ταῖς
2829 511 2937 567 τῶν
2968 514 3239 587 ίεραρχῶν
3254 516 3530 570 τελειωτι-

278 601 393 662 mi;
415 598 734 667 δυνάμεσιν
757 598 1186 672 ἐγχειριζομένη.
1213 603 1308 655 καὶ
1323 606 1442 666 ταῖς
1459 604 1665 667 ἐνθέοις
1682 605 1864 658 αὐτῶν
1885 605 2183 676 ἐλλάμψεσι
2202 607 2303 661 ικαὶ
2341 608 2680 678 ἱεραρχικαῖς
2713 608 3075 679 παραδόσεσιν
3104 609 3529 679 ἐκδιδασκομένη

275 692 366 754 τὰς
388 690 840 754 ἐποπτευθείσας
868 691 973 745 τῶν
1010 693 1130 745 κατ’
1159 693 1328 765 αὐτὴν
1349 692 1509 765 ἱερῶν
1548 696 1781 750 τελετῶν
1812 698 2145 770 ἱερουργίας,
2176 700 2433 772 καὶπρὸς
2470 701 2571 773 τῆς
2612 703 2763 769 ἱερᾶς
2791 703 2968 757 αὐτῶν
2996 704 3306 774 ἐπιστήμης
3341 700 3533 755 ἀναλό-

276 805 376 855 γως
404 789 485 850 εἱς
540 787 906 859 τελειοτάτην
950 787 1262 859 ἀναγομένη
1305 790 1606 845 τελείωσιν.
1638 792 1791 846 ἐνθεν
1849 779 1922 845 οἱ’
1952 793 2085 848 θεῖοι
2126 794 2503 865 καθηγεμόνες
2548 778 2708 867 ἡμῶν
2756 795 3083 867 ἐπωνυμιῶν
3126 796 3323 859 αὐτοὺς
3371 793 3531 865 ἱερῶν

275 880 522 951 ἠξίωσαν,
562 882 619 933 οἱ
658 882 766 951 μὲν
791 882 1151 953 θεραπευτάς,
1205 885 1256 937 οἱ
1293 882 1351 936 δέ
1391 885 1659 955 μοναχοὺς
1686 885 2073 956 ὀνομάσαντες,
2104 890 2170 942 ἐκ
2213 889 2313 959 τῆς
2340 888 2436 942 τοῦ
2477 888 2611 942 Θεοῦ
2642 890 2887 963 καθαρᾶς
2917 891 3221 962 ὑπηρεσίας
3249 889 3343 943 καὶ
3365 889 3531 960 θερα-

282 976 441 1038 πείας,
477 974 580 1027 καὶ
629 977 743 1046 τῆς
772 977 1067 1048 ἀμερίστου
1114 979 1210 1033 καὶ
1241 977 1447 1042 ἐνιαίας
1475 977 1651 1050 ζωῆς,
1689 983 1767 1046 ὡς
1799 982 2152 1055 ἐνοποιούσης
2180 984 2377 1048 αὐτοὺς
2404 985 2461 1038 ἐν
2486 986 2605 1049 ταῖς
2637 985 2743 1041 τῶν
2768 983 3048 1054 διαιρετῶν
3081 983 3253 1055 ἱεραῖς
3280 980 3531 1053 συμπτύ-

286 1069 425 1133 ξεσιν,
456 1070 540 1130 εἱς
568 1068 790 1140 θεοειδῆ
823 1069 1025 1140 μονάδα
1048 1072 1144 1125 καὶ
1166 1072 1411 1140 φιλόθεον
1430 1073 1730 1130 τελείωσιν.
1756 1074 1823 1127 δι’
1859 1075 1887 1128 6
1917 1075 2012 1129 καὶ
2037 1076 2353 1147 τελεστικὴν
2388 1076 2572 1141 αὐτοῖς
2602 1077 2913 1149 ἐδωρήσατο
2932 1074 3091 1146 χάριν
3114 1077 3147 1146 ή
3180 1073 3305 1145 ἱερά
3332 1074 3532 1144 θεσμο-

284 1161 434 1223 θεσία,
472 1160 573 1212 καί
604 1178 763 1224 τινος
787 1163 984 1227 αὐτοὺς
1019 1163 1253 1234 ἠξίωσεν
1285 1165 1660 1237 ἀφιερωτικῆς
1698 1167 2042 1239 ἐπικλήσεως
2066 1169 2165 1240 οὐχ
2199 1170 2544 1243 ἱεραρχικῆς,
2574 1171 2756 1241 ἐκείνη
2802 1169 2909 1241 γάρ
2942 1170 3034 1223 ἐπὶ⁴
3066 1168 3257 1238 μόναις
3284 1168 3532 1237 γίγνεται

276 1254 378 1313 ταῖς
409 1253 739 1323 ἱερατικαῖς
762 1256 1004 1323 τάξεσιν,
1026 1256 1143 1312 ἀλλ’
1189 1259 1566 1331 ἱερουργικῆς,
1587 1260 1694 1314 ὑπὸ
1713 1260 1824 1315 τῶν
1846 1261 2009 1315 ὁσίων
2034 1261 2227 1333 ἱερέων
2250 1266 2318 1335 τῇ
2347 1264 2633 1336 ἱεραρχικῇ
2656 1263 3006 1336 τελετουργίᾳ
3022 1263 3285 1335 δευτέρως
3313 1264 3530 1335 ἱερουρ-

276 1362 356 1412 γου
362 1345 556 1416 μένης.

1329 1444 1682 1510 Μυστήριον
1714 1443 2051 1515 μοναχικῆς
2082 1446 2465 1514 τελειώσεως.

338 1555 395 1607 '0
422 1554 525 1623 μὲν
550 1554 746 1624 ἱερεὺς
770 1555 1000 1625 ἔστηκεν
1027 1556 1325 1627 ἐπίπροσθε
1360 1557 1455 1610 τοῦ
1481 1557 1627 1611 θείου
1659 1557 2066 1632 θυσιαστηρίου,
2098 1561 2198 1633 τὴν
2231 1559 2530 1631 μοναχικὴν
2555 1560 2841 1633 ἐπίκλησιν
2862 1561 3169 1645 ἱερσλογῶν·
3196 1564 3225 1615 ὀ
3250 1562 3309 1616 δέ
3336 1560 3526 1615 τελού-

272 1662 423 1714 μενος
444 1646 633 1697 ὀπίσω
669 1645 766 1697 τοῦ
796 1647 984 1716 ἱερέως
1004 1646 1254 1718 ἕστηκεν,
1281 1650 1383 1701 οὐκ
1408 1650 1575 1720 ἄμφω
1599 1649 1678 1702 τὼ
1706 1652 1831 1704 πόδε
1860 1653 2079 1716 κλίνων,
2115 1654 2214 1724 οὐχ
2238 1653 2334 1706 ἓνα
2370 1655 2485 1705 τοῖν
2526 1653 2727 1719 ποδοῖν,
2756 1655 2857 1707 οὐκ
2897 1654 2990 1707 ἐπὶ
3018 1654 3259 1724 κεφαλῆς
3290 1654 3430 1724 ἔχων
3456 1656 3527 1705 τά

263 1739 637 1807 θεοπαράδοτα
670 1738 851 1806 λόγια,
886 1740 1047 1809 μόνον
1075 1741 1131 1792 δέ
1158 1741 1236 1811 τῷ
1262 1742 1397 1812 ἱερεῖ
1421 1740 1706 1813 παρεστὼς
1737 1743 2098 1816 ἱερολογοῦντι
2131 1746 2231 1816 τὴν
2255 1745 2341 1798 ἐπ’
2366 1743 2517 1815 αὐτῷ
2566 1746 2837 1816 μυστικὴν
2864 1747 3166 1817 ἐπίκλησιν.
3212 1746 3434 1811 τελέσας
3465 1748 3525 1801 δὲ

261 1829 419 1900 αὐτὴν
448 1830 476 1881 6
506 1830 722 1900 ἱερεὺς,
748 1831 842 1881 ἐπὶ
871 1830 964 1882 τὸν
988 1830 1313 1902 τελούμενον
1341 1833 1529 1899 ἐλθὼν,
1562 1836 1815 1906 ἐπερωτᾷ
1841 1836 2058 1907 πρῶτον
2083 1838 2267 1903 αὐτὸν,
2296 1839 2344 1890 εἱ
2366 1835 2569 1899 πάσαις
2592 1837 2959 1892 ἀποτάσσεται
2988 1842 3108 1902 ταῖς
3133 1839 3432 1910 διαιρεταῖς
3459 1842 3521 1894 οὐ

268 1926 415 1993 μόνον
442 1924 646 1988 ζωαῖς,
671 1924 808 1977 ἀλλά
840 1926 935 1977 καὶ
972 1925 1315 1994 φαντασίαις.
1342 1924 1460 1984 εἶτα
1478 1928 1577 1999 τὴν
1600 1929 1944 2000 τελειοτάτην
1974 1930 2123 2001 αὐτῷ
2156 1930 2299 2002 ζωὴν
2339 1930 2653 2001 ὑφηγεῖται,
2686 1931 3157 2003 μαρτυρούμενος,
3186 1932 3267 1985 ὅτι
3302 1932 3407 2005 χρὴ
3422 1936 3525 2005 τῆς

268 2018 429 2088 μέσης
454 2018 629 2071 αὑτὸν
686 2020 1211 2092 ὑπερανεστηκέναι.
1254 2022 1425 2076 ταῦτα
1472 2023 1529 2077 δὲ
1558 2027 1733 2081 πάντα
1762 2025 1857 2079 τοῦ
1890 2024 2213 2095 τελουμένου
2263 2025 2545 2097 προσεχῶς
2590 2024 3045 2095 ὁμολογήσαντος,
3070 2024 3150 2096 τῷ
3194 2026 3526 2097 σταυροειδεῖ

267 2111 407 2178 τύπῳ
432 2111 893 2181 σφραγισάμενος
923 2112 1083 2165 αὐτὸν
1111 2114 1139 2165 6
1173 2114 1372 2185 ἱερεὺς,
1404 2115 1712 2186 ἀποκείρει,
1743 2117 1843 2186 τὴν
1868 2114 2096 2188 τρισσὴν
2123 2116 2226 2185 τῆς
2250 2115 2403 2179 θείας
2438 2116 2839 2187 μακαριότητος
2866 2115 3167 2186 ἐπιὸοήσας
3200 2116 3522 2183 ὑπόστασιν,

269 2200 352 2253 καὶ
374 2201 467 2270 τὴν
503 2202 726 2272 ἐσθῆτα
755 2205 937 2256 πᾶσαν
967 2205 1221 2275 ἀπαμφιέ
1252 2206 1263 2277 |
1297 2222 1416 2269 σας,
1454 2208 1649 2279 ἑτέραν
1676 2209 2024 2278 ἀμφιέννυσι,
2055 2208 2149 2261 καὶ
2177 2207 2316 2279 μετὰ
2341 2207 2448 2261 τῶν
2475 2207 2649 2262 ἄλλων
2681 2207 2839 2277 ἱερῶν
2865 2207 3073 2277 ἀνδρῶν
3098 2209 3214 2261 ὅσοι
3242 2208 3519 2280 πάρεισιν,

278 2295 680 2366 ἀσπασάμενος,
712 2297 877 2351 αὐτὸν
906 2299 1160 2351 κοινωνὸν
1188 2299 1443 2353 ἀποτελεῖ
1496 2300 1606 2354 τῶν
1649 2300 1956 2373 θεαρχικῶν
2008 2300 2346 2371 μυστηρίων.
2398 2298 2460 2352 τὸ
2509 2298 2712 2368 μηδένα
2757 2300 2869 2351 τοῖν
2910 2298 3091 2351 ποδοῖν
3119 2299 3342 2366 κλίνειν,
3386 2299 3524 2371 μηδὲ

278 2388 356 2439 ἐπὶ
390 2388 639 2461 κεφαλῆς
696 2388 841 2459 ἔχειν
884 2389 955 2442 τά
984 2388 1356 2460 θεοπαράδοτα
1384 2390 1561 2459 λόγια,
1593 2392 1931 2465 παρεστάναι
1961 2391 2020 2445 δὲ
2057 2390 2135 2462 τῷ
2168 2393 2307 2463 ἱερεῖ
2344 2390 2444 2463 τὴν
2485 2390 2773 2460 ἐπίκλησιν
2817 2390 3198 2461 ἱερολογοῦντι,
3229 2392 3379 2464 δηλοῖ
3421 2394 3523 2465 τὴν

279 2487 558 2557 μοναχικὴν
604 2484 770 2550 τάξιν
812 2485 913 2539 οὐκ
959 2481 1100 2540 εἶναι
1149 2486 1575 2558 προσαγωγικὴν
1604 2488 1826 2558 ἐτέρων,
1867 2485 1983 2540 ἀλλ’
2012 2486 2097 2557 ἐφ’
2127 2487 2329 2557 ἑαυτῆς
2370 2485 2611 2539 ἑστῶσαν
2641 2487 2700 2539 ἐν
2732 2486 2991 2559 μοναδικῇ
3023 2488 3116 2541 καὶ
3149 2489 3273 2560 ἱερᾷ
3307 2489 3519 2556 στάσει,

269 2582 370 2642 ταῖς
399 2581 715 2651 ἱερατικαῖς
742 2581 1016 2651 ἑπομένην
1038 2580 1249 2645 τάξεσι,
1281 2582 1376 2635 καὶ
1407 2582 1542 2653 πρὸς
1570 2582 1750 2635 αὐτῶν
1775 2582 1850 2644 ὡς
1873 2580 2074 2634 ὀπαδὸν
2101 2580 2196 2634 ἐπὶ
2227 2580 2326 2652 τὴν
2352 2580 2504 2634 θείαν
2530 2579 2638 2633 τῶν
2667 2581 2789 2632 κατ’
2815 2578 2983 2649 αὐτὴν
3015 2578 3176 2649 ἱερῶν
3204 2579 3521 2652 ἐπιστήμην

269 2670 518 2735 εὐπειθῶς
550 2673 930 2745 ἀναγομένην.
971 2674 1004 2743 ή
1054 2671 1112 2725 δέ
1153 2672 1262 2724 τῶν
1293 2672 1564 2743 μεριστῶν
1592 2674 1651 2726 οὐ
1687 2673 1845 2743 μόνον
1877 2671 2054 2735 ζωῶν,
2087 2670 2222 2725 ἀλλά
2247 2670 2355 2742 μὴν
2384 2672 2479 2724 καὶ⁵
2508 2670 2816 2739 φαντασιῶν
2846 2670 3097 2740 ἀποταγὴ
3126 2669 3226 2741 τὴν
3245 2670 3520 2726 τελειοτά-

265 2778 353 2831 την
379 2765 636 2832 ἐμφαίνει
689 2765 798 2817 τῶν
843 2764 1092 2835 μοναχῶν
1142 2765 1481 2834 φιλοσοφίαν,
1522 2766 1581 2818 ἐν
1625 2766 1903 2836 ἐπιστήμῃ
1950 2763 2060 2818 τῶν
2109 2763 2371 2817 ἐνοποιῶν
2403 2764 2631 2817 ἐντολῶν
2673 2765 3092 2835 ἐνεργουμένην.
3123 2764 3239 2817 ἐστι
3275 2764 3405 2836 γάρ,
3440 2766 3520 2832 ὡς

268 2852 408 2923 ἔφην,
440 2856 500 2909 οὐ
520 2857 622 2926 τῆς
648 2856 826 2926 μέσης
852 2856 957 2909 τῶν
982 2855 1321 2926 τελουμένων
1341 2855 1568 2919 τάξεως,
1603 2854 1739 2907 ἀλλά
1761 2858 1860 2925 τῆς
1891 2854 2083 2908 πασῶν
2114 2854 2470 2925 ὑιίιηλοτέρας.
2495 2854 2580 2919 ίδι’
2615 2855 2644 2907 ὃ
2690 2856 2784 2908 καὶ
2826 2854 3000 2909 πολλά
3038 2856 3175 2925 πρὸς
3210 2860 3311 2926 τῆς
3345 2857 3517 2929 μέσης

264 2944 451 3010 τάξεως
495 2947 891 3017 ἀκατακρίτως
923 2947 1329 3018 ἐνεργουμένων
1381 2947 1679 3018 ἀπείρηται
1727 2948 1915 3016 τρόπῳ
1964 2946 2127 2999 παντὶ
2175 2948 2288 3009 τοῖς
2332 2945 2553 3008 ἐνιαίοις
2583 2947 2855 3015 μοναχοῖς,
2884 2946 2961 3008 ὡς
2995 2945 3133 3016 πρὸς
3162 2946 3223 2999 τὸ
3251 2946 3308 3001 ἓν
3337 2947 3518 3001 αὐτῶν

268 3040 569 3108 ὀφειλόντων
598 3042 989 3107 ἐνοποιεῖσθαι,
1027 3044 1121 3097 καὶ
1146 3043 1285 3116 πρὸς
1319 3043 1472 3114 ἱερὰν
1507 3043 1709 3114 μονάδα
1732 3042 2083 3112 συνάγεσθαι,
2110 3044 2206 3096 καὶ
2249 3041 2386 3111 πρὸς
2414 3043 2512 3107 τὴν
2538 3043 2839 3112 ἱερατικὴν,
2860 3032 2948 3105 ’ὡς
2981 3043 3221 3113 θεμιτὸν,
3263 3044 3526 3126 ἀπομορ·’

268 3133 476 3201 φοῦσθαι
507 3138 684 3208 ζωὴν,
713 3137 788 3200 ὡς
816 3138 876 3190 τὸ
908 3138 1166 3207 συγγενὲς
1187 3139 1356 3208 αὐτῆς
1379 3138 1607 3209 ἔχουσαν
1631 3140 1690 3191 ἐν
1713 3139 1954 3201 πολλοῖς,
1997 3138 2093 3191 καὶ
2129 3138 2329 3209 μᾶλλον
2353 3138 2489 3208 αὑτῇ
2518 3137 2669 3208 παρά
2690 3138 2789 3201 τὰς
2816 3134 3008 3197 λοιπὰς
3035 3135 3144 3187 τῶν
3179 3133 3517 3204 τελουμένων

270 3224 431 3291 τάξεις
462 3228 898 3299 πλησιάζουσαν.
950 3231 985 3301 ἡ
1029 3232 1086 3284 δὲ
1110 3230 1204 3283 τοῦ
1240 3230 1615 3303 σταυροειδοῦς
1655 3232 1827 3284 τύπου
1872 3231 2127 3302 σφραγὶς,
2161 3231 2236 3293 ὡς
2257 3230 2358 3301 ἤδη
2389 3228 2520 3301 παρ’
2550 3229 2706 3299 ήμῶν
2740 3229 2975 3300 εἴρηται,
3005 3226 3153 3297 δηλοῖ
3175 3226 3274 3296 τὴν
3324 3225 3515 3279 πασῶν

271 3321 390 3389 ὁμοῦ
422 3324 526 3377 τῶν
558 3326 851 3397 σαρκικῶν
878 3326 1110 3397 ὀρέξεων
1135 3325 1549 3396 ἀνενεργησίαν.
1609 3327 1643 3397 ἡ
1684 3326 1739 3377 δέ
1766 3327 1874 3378 τῶν
1908 3324 2108 3396 τριχῶν
2132 3324 2434 3394 ὰπόκαρσις
2464 3324 2719 3394 ἐμφαίνει
2745 3324 2843 3393 τὴν
2868 3321 3113 3393 καθαρὰν
3140 3321 3234 3375 καὶ
3260 3319 3515 3393 ἀσχημά-

276 3431 428 3469 τιστον
452 3419 612 3490 ζωὴν,
656 3421 758 3474 οὐκ
791 3421 1144 3483 ἐπιπλάστοις
1177 3421 1420 3491 σχήμασι
1454 3419 1516 3473 τὸ
1545 3421 1686 3474 κατά
1720 3420 1845 3475 νοῦν
1883 3420 2122 3483 δυσειδὲς
2166 3418 2492 3482 ἐπιθετικῶς
2540 3417 3005 3482 καλλωπίζουσαν,
3050 3414 3164 3468 ἀλλ’
3208 3414 3379 3483 αὐτὴν
3426 3415 3516 3480 ἐφ’

279 3503 447 3576 ἑαυτῆς
473 3512 571 3564 οὐκ
604 3511 981 3583 ἀνθρωπικοῖς
1021 3512 1297 3576 κάλλεσιν,
1340 3511 1456 3565 ἀλλ’
1483 3511 1707 3575 ἐνιαίοις
1738 3512 1833 3564 καὶ
1875 3512 2128 3581 μοναχοῖς
2164 3511 2243 3573 εἱς
2298 3509 2358 3562 τὸ
2396 3509 2789 3563 θεοειδέστατον
2829 3507 3195 3577 ἀναγομένην.
3245 3506 3278 3575 ἡ
3321 3504 3377 3557 δὲ
3411 3506 3513 3574 τῆς

285 3603 515 3674 πρὺτέρας
544 3607 782 3678 ἐσθῆτος
808 3609 1071 3679 ἀποϐολὴ,
1098 3609 1195 3663 καὶ
1228 3608 1327 3678 τῆς
1350 3608 1544 3680 ἐτέρας
1573 3608 1757 3678 λῆψις,
1783 3608 1883 3679 τὴν
1906 3607 2015 3661 ἀπὸ
2046 3608 2218 3677 μέσης
2244 3608 2397 3677 ἱερᾶς
2428 3604 2573 3675 ζωῆς
2610 3605 2703 3657 ἐπὶ
2723 3603 2819 3674 τὴν
2848 3604 3189 3675 τελειοτέραν
3219 3600 3512 3673 μετάταξιν

287 3686 520 3757 ἐμφαίνει,
544 3698 808 3769 καθάπερ
841 3699 930 3752 ἐπὶ
965 3700 1064 3770 τῆς
1095 3700 1244 3770 ἱερᾶς
1272 3699 1614 3767 θεογενεσίας
1652 3701 1685 3770 ἡ
1724 3702 1821 3769 τῆς
1865 3698 2091 3768 ἐσθῆτος
2130 3697 2357 3767 ἄμειψις
2395 3696 2583 3767 ἐδήλου
2612 3696 2711 3765 τῆς
2742 3692 3253 3763 ἀποκαθαιρομένης
3296 3691 3439 3761 ζωῆς
3470 3691 3482 3759 |

292 3781 353 3841 εἷς
373 3782 693 3861 θεωρητικὴν
726 3792 822 3845 καὶ⁹
847 3792 1166 3863 σοφιστικὴν
1205 3791 1318 3856 ἕξιν
1344 3792 1657 3861 ἀναγωγήν.
1711 3793 1759 3843 εἱ
1795 3790 1851 3843 δὲ
1872 3789 1967 3843 καὶ
1996 3788 2090 3842 νῦν
2123 3791 2151 3842 ὀ
2186 3790 2363 3859 ἱερεύς
2391 3804 2451 3839 τε
2477 3788 2572 3839 καὶ
2605 3787 2804 3848 πάντες
2828 3786 2941 3838 ὅσοι
2975 3784 3228 3854 πάρεισιν
3257 3781 3394 3852 ἱεροὶ
3417 3781 3511 3835 τὸν

288 3878 622 3953 τετελεσμένον
649 3885 1006 3951 ἀσπάζονται,
1030 3886 1128 3957 τὴν
1160 3885 1311 3958 ἱεράν
1340 3885 1450 3938 τῶν
1484 3884 1731 3937 θεοειδῶν
1761 3885 2012 3952 ἐννόησον
2052 3880 2358 3943 κοινωνίαν,
2393 3877 2749 3947 ἀγαπητικῶς
2776 3878 2833 3930 ἐν
2867 3872 3175 3946 εὐφροσύνῃ
3216 3870 3337 3942 θείᾳ
3378 3888 3510 3925 συν-

281 3963 512 4037 ηδομένων
550 3977 837 4047 ἀλλήλοις.
878 3980 935 4031 ἐν
968 3978 1194 4031 τέλειδέ
1220 3977 1437 4030 πάντων
1457 3978 1486 4029 ὀ
1517 3978 1698 4046 ἱερεὺς
1725 3978 1815 4028 ἐπὶ
1835 3976 1933 4047 τὴν
1958 3975 2254 4046 θεαρχικὴν
2280 3972 2563 4030 κοινωνίαν
2588 3969 2745 4024 καλεῖ
2763 3967 2854 4021 τὸν
2878 3965 3283 4035 τετελεσμένον,
3310 3962 3508 4034 ἐμφαί-

278 4075 364 4114 νων
392 4067 554 4137 ίερῶς,
588 4073 674 4135 ὡς
705 4075 733 4126 6
773 4073 1067 4137 τελεσθεὶς,
1099 4072 1259 4144 εἴπερ
1286 4072 1505 4143 ἀληθῶς
1533 4072 1628 4125 ἐττὶ¹
1652 4072 1752 4142 τὴν
1782 4071 2084 4143 μοναχικὴν
2115 4068 2368 4138 ἀφίκοιτο
2388 4067 2483 4120 καὶ
2508 4064 2719 4118 ἑνιαίαν
2751 4059 3060 4130 ἀναγωγὴν,
3090 4059 3152 4111 οὐ
3179 4056 3508 4129 θεωρητικὸς

280 4155 406 4221 μόνον
427 4161 570 4219 ἔσται
596 4165 712 4219 τῶν
745 4166 865 4219 κατ’
896 4167 1057 4219 αὐτὸν
1085 4165 1267 4236 ἱερῶν,
1292 4166 1413 4218 οὑδέ
1440 4164 1583 4219 κατά
1614 4166 1784 4235 μέσην
1813 4162 1967 4229 τάξιν
1998 4162 2091 4215 ἐπὶ
2109 4161 2207 4231 τὴν
2246 4158 2533 4214 κοινωνίαν
2557 4155 2677 4228 ἥξει
2712 4153 2821 4207 τῶν
2854 4151 3161 4224 ἱερωτάτων
3200 4148 3508 4218 συμϐόλων,

274 4244 387 4303 ἀλλά
415 4257 542 4322 μετά
571 4257 731 4321 θείας
770 4256 879 4311 τῶν
912 4257 1006 4309 ὑπ’
1048 4256 1215 4309 αὑτοῦ
1261 4256 1638 4328 μετεχομένων
1673 4255 1835 4329 ἱερῶν
1876 4252 2153 4323 γνώσεως,
2178 4252 2349 4323 ἐτέρῳ
2387 4250 2577 4322 τρόπῳ
2614 4246 2769 4319 παρά
2803 4244 2894 4298 τὸν
2929 4241 3072 4314 ἱερὸν
3097 4240 3226 4294 λαὸν
3271 4240 3366 4293 ἐπὶ
3407 4238 3508 4309 τὴν

277 4343 537 4416 μετάληψιν
570 4349 698 4421 ἦξει
728 4349 826 4418 τῆς
853 4348 1150 4419 θεαρχικῆς
1170 4350 1471 4412 κοινωνίας.
1503 4368 1523 4401 ι

329 4433 461 4501 Quae
488 4441 566 4497 sic
600 4441 771 4496 vertit
788 4440 1097 4496 Perionius.

335 4542 351 4576 ι
382 4526 635 4587 Summus
664 4547 794 4587 vero
814 4548 1006 4587 eorum
1050 4531 1319 4599 omnium,
1348 4533 1444 4603 qui
1484 4532 1775 4587 initiantur
1818 4542 1876 4589 et
1904 4532 2286 4604 perﬁciuntur,
2314 4528 2450 4583 ordo
2474 4533 2559 4582 est
2585 4526 2911 4581 sanctorum
2926 4521 3351 4617 monachorum,
3378 4530 3506 4617 cum

273 4625 318 4671 et
336 4624 468 4678 omni
491 4627 732 4695 piaculo,
770 4635 881 4681 tota
905 4627 960 4679 vi
983 4630 1243 4697 omnique
1267 4628 1546 4683 actionum
1575 4644 1801 4683 suarum
1831 4628 2191 4685 sanctimonia
2217 4625 2469 4696 expiatus
2490 4624 2582 4689 sit,
2610 4631 2667 4677 et
2689 4619 2869 4676 omnis
2913 4614 3183 4688 mysterii,
3209 4608 3355 4681 quod
3378 4622 3504 4677 qui-

275 4706 375 4764 dem
396 4715 443 4769 ei
464 4716 540 4773 fas
562 4719 640 4773 sit
664 4717 929 4788 aspicere,
962 4716 1227 4786 spiritalis
1252 4724 1531 4785 spectator
1552 4716 1942 4787 particepsque
2002 4716 2075 4770 sit
2126 4714 2304 4770 factus
2339 4713 2682 4781 traditusque
2727 4704 3039 4780 perﬁcienti
3063 4699 3385 4773 pontiﬁcum
3409 4710 3503 4749 or-

275 4797 387 4866 dini,
412 4821 470 4861 ae
493 4809 695 4865 divinis
720 4825 913 4864 eorum
955 4808 1422 4864 illustrationibus
1466 4808 1879 4879 pontiﬁciisque
1919 4808 2190 4864 institutis
2236 4807 2411 4861 discat
2431 4812 2745 4859 sanctorum
2768 4797 3179 4871 mysteriorum,
3208 4804 3347 4891 quae
3375 4801 3504 4841 eum
3548 4782 3561 4844 ἱ

273 4892 529 4965 attingunt,
556 4916 713 4955 sacra
735 4916 876 4970 quae
899 4900 1195 4971 aspexerit,
1215 4906 1381 4969 atque
1409 4907 1598 4954 sancta
1635 4900 1959 4955 eorumdem
1995 4898 2224 4955 scientia
2252 4912 2355 4968 pro
2379 4895 2543 4949 modo
2568 4909 2667 4948 suo
2690 4893 2758 4947 ad
2797 4903 3067 4946 summam
3106 4881 3502 4955 perfectionem

274 4980 604 5060 virtutemque
628 4992 909 5047 efferatur.
945 4970 1083 5045 Hinc
1117 4991 1290 5046 divini
1334 5002 1720 5062 praeceptores
1769 4993 1948 5048 nostri
1990 4991 2194 5048 sanctis
2218 5006 2313 5045 eos
2361 4990 2680 5043 nominibus
2724 4982 2989 5077 appellari
3042 4980 3358 5077 voluerunt,
3406 4970 3501 5028 alii
3550 4970 3571 5007 ’

275 5072 530 5147 cultorum,
561 5083 655 5137 alii
684 5083 1101 5148 monachorum,
1132 5097 1163 5136 a
1189 5098 1327 5151 puro
1364 5083 1461 5136 Dei
1489 5082 1755 5137 famulatu
1785 5092 1845 5137 et
1880 5082 2056 5147 cultu,
2084 5081 2475 5149 individuaque
2524 5093 2589 5132 ac
2633 5074 2895 5145 singulari
2918 5071 3052 5135 vita,
3107 5071 3308 5136 quippe
3360 5078 3501 5133 quae

280 5172 357 5214 eos
375 5181 524 5227 unum
550 5175 712 5229 faciat
736 5176 939 5230 sanctis
965 5192 1150 5231 rerum
1175 5177 1524 5231 dividuarum
1547 5176 2050 5241 coniunctionibus,
2074 5175 2141 5230 ad
2172 5175 2412 5229 divinam
2439 5172 2699 5225 unionem
2725 5169 2945 5235 Deoque
2966 5171 3175 5234 gratam
3204 5156 3500 5228 perfectio-

284 5265 384 5308 nem
405 5262 813 5335 adipiscendam.
842 5268 1030 5338 Itaque
1061 5268 1385 5338 perﬁciendi
1409 5268 1491 5323 eis
1515 5283 1718 5322 munus
1739 5276 1928 5322 sancta
1952 5268 2043 5321 lex
2064 5265 2357 5329 concessit,
2386 5263 2715 5332 dignataque
2740 5266 2826 5311 est
2848 5270 2943 5309 eos
2987 5249 3332 5307 invocatione
3359 5263 3499 5317 quae

286 5342 375 5400 Vim
394 5361 726 5415 consecrandi
780 5361 789 5432 |
842 5362 1028 5429 habet,
1054 5379 1167 5419 non
1221 5364 1502 5432 pontiﬁcia
1526 5363 1775 5433 quidem,
1826 5378 1890 5417 ea
1922 5364 2072 5417 enim
2094 5370 2181 5416 est
2204 5369 2416 5415 tantum
2447 5370 2617 5427 penes
2640 5352 2992 5408 sacerdotum
3014 5348 3258 5409 ordines,
3283 5343 3378 5398 sed
3407 5358 3498 5399 sa-

285 5437 517 5515 cerdotali,
539 5467 679 5521 quae
703 5468 736 5507 a
760 5454 964 5510 sanctis
996 5456 1377 5511 sacerdotibus
1403 5456 1646 5512 secundo
1675 5472 1707 5510 a
1731 5454 2016 5526 pontiﬁcio
2041 5453 2414 5509 munerc~loco
2440 5448 2751 5504 adhibetur.

1284 5611 1593 5683 Mysterium
1614 5612 1941 5665 monasticae
1976 5607 2400 5662 consecrationis.

379 5714 613 5782 Sacerdos
634 5726 859 5797 quidem
884 5736 991 5781 stat
1019 5737 1145 5783 ante
1168 5728 1418 5783 divinum
1443 5729 1635 5793 altare,
1654 5728 2029 5798 precationem
2054 5741 2194 5797 quae
2211 5722 2510 5779 monachos
2530 5717 2750 5788 attingit
2763 5715 3003 5770 recitans
3015 5725 3077 5767 ac
3090 5706 3497 5780 pronuncians;

291 5794 515 5883 isautem,
540 5819 632 5890 qui
653 5794 1017 5876 consecratur
1042 5826 1097 5876 et
1124 5818 1398 5887 initiatur,
1423 5827 1531 5876 stat
1554 5794 1678 5888 post
1710 5794 2089 5881 sacerdotem,
2102 5830 2207 5872 nec
2228 5824 2524 5882 utrumque
2548 5822 2691 5881 genu
2717 5804 2889 5862 ﬂectit
2951 5817 3055 5858 nec
3087 5800 3342 5860 alterum,
3390 5810 3497 5855 nec
