4016 6424
550 375 658 433 287
1856 375 1952 432 JO.
1994 375 2125 432 PICI
2161 375 2551 433 PRAEFATIO
3690 384 3784 444 288

547 501 711 564 caput
763 491 930 545 habet
988 490 1333 560 suppositum
1386 490 1593 545 divinis
1619 491 1797 556 libris,
1830 491 1925 545 sed
1976 498 2189 544 tantum
2234 500 2460 560 praesto
2509 500 2593 545 cst
2620 490 2893 545 sacerdoti
2918 491 3013 561 qui
3047 492 3329 563 mysticam
3364 495 3782 563 precationcm'n

546 586 666 655 ipso
690 584 901 639 recitat.
927 584 1194 639 Sacerdos
1219 600 1353 639 vero
1378 599 1442 638 ea
1469 584 1731 653 perfecta,
1753 598 1878 637 cum
1909 583 1979 637 ad
2006 599 2133 637 eum
2161 584 2255 652 qui
2296 583 2550 637 initiatur
2573 584 2746 648 venit,
2772 584 2925 637 illum
2951 593 3106 654 rogat
3127 585 3385 653 primum,
3424 603 3551 641 num
3568 591 3786 646 remittat

544 682 799 735 nuntium
828 697 937 735 non
971 681 1149 735 solum
1182 680 1424 734 dividuis
1447 681 1834 748 distinctisque
1858 681 2009 745 vitis,
2049 695 2245 734 verum
2278 680 2445 734 etiam
2475 680 2812 744 visionibus;
2844 679 3046 734 deinde
3093 681 3541 750 perfectissimam
3564 685 3612 738 ei
3634 685 3781 741 vitam

544 771 791 841 exponit,
822 771 926 824 hoc
951 786 1051 839 pro
1079 770 1394 823 testimonio
1422 769 1633 834 dicens,
1684 785 1811 822 eum
1839 769 2077 823 mediam
2104 770 2271 823 vitam
2320 786 2583 839 superare
2609 785 2671 823 ac
2700 771 2980 825 transilire
3006 781 3279 841 oportere.
3328 773 3477 838 Quae
3505 775 3595 828 ubi
3624 777 3784 834 omnia

544 863 592 916 is
618 864 710 932 qui
738 864 985 919 initiatur
1028 865 1375 918 continenter
1422 864 1702 933 professus
1723 874 1807 918 est
1831 880 1889 919 se
1914 880 2034 919 esse
2062 864 2357 929 facturum,
2385 866 2641 920 sacerdos
2666 866 2821 935 signo
2848 867 3030 921 crucis
3055 884 3180 921 eum
3204 869 3575 939 consignatum
3599 872 3781 937 tondet,

542 957 822 1024 appellans
849 964 958 1009 tres
981 972 1245 1026 personas
1274 956 1491 1009 divinae
1517 956 1879 1010 beatitudinis
1902 973 1915 1021 ;
1945 956 2206 1025 omnique
2232 966 2385 1011 veste
2410 957 2656 1011 detracta
2681 973 2807 1011 eum
2836 959 2943 1011 alia
2972 959 3173 1024 induit,
3216 970 3273 1014 et
3295 976 3422 1015 eum
3445 962 3565 1016 aliis
3605 966 3785 1019 sanctis

542 1051 678 1105 viris
699 1050 791 1120 qui
818 1050 1038 1116 adsunt,
1069 1066 1193 1105 cum
1220 1066 1345 1105 eum
1372 1051 1651 1115 salutavit,
1682 1052 2007 1122 participem
2030 1053 2161 1106 facit
2186 1052 2505 1107 divinorum
2543 1053 2954 1123 mysteriorum.

1980 1190 2389 1262 Contemplatio.

618 1326 637 1358 ‹
667 1307 823 1373 Quod
847 1317 1105 1362 neutrum
1133 1325 1275 1379 genu
1305 1308 1497 1373 flectit,
1524 1324 1703 1378 neque
1732 1309 1898 1364 habet
1924 1319 2085 1379 caput
2111 1310 2313 1363 divinis
2346 1309 2501 1363 libris
2528 1311 2859 1375 subiectum,
2889 1319 3213 1381 praestoque
3251 1320 3334 1365 est
3377 1313 3638 1367 sacerdoti
3677 1331 3785 1385 pre-

538 1404 807 1457 cationem
832 1405 1104 1467 recitanti,
1133 1405 1393 1469 declarat,
1422 1406 1817 1459 monachorum
1845 1406 2060 1459 ordinis
2085 1422 2194 1459 non
2218 1421 2343 1459 esse
2370 1406 2509 1459 alios
2536 1405 2833 1470 deducere,
2862 1406 2958 1461 sed
2994 1406 3048 1459 in
3077 1421 3135 1460 se
3160 1422 3223 1459 ac
3249 1422 3347 1474 per
3386 1421 3443 1459 se
3469 1418 3700 1476 perstare
3738 1410 3784 1461 in

535 1499 796 1569 singulari
821 1508 1121 1568 sanctoque
1146 1509 1314 1563 statu,
1344 1500 1691 1554 sacerdotum
1716 1502 1941 1556 ordines
1964 1510 2348 1564 assectantem,
2395 1509 2452 1555 et
2477 1500 2545 1554 ab
2589 1502 2671 1555 eis
2695 1501 2762 1554 ad
2786 1501 3028 1554 divinam
3056 1516 3340 1554 sacrorum
3374 1516 3513 1568 quae
3541 1501 3685 1553 illum
3710 1510 3783 1554 at-

538 1594 753 1664 tingunt
777 1597 1059 1649 scientiam
1086 1596 1243 1649 facile
1274 1596 1505 1650 traduci.
1535 1597 1845 1651 Divisarum
1867 1607 2052 1651 autem
2079 1596 2535 1665 diversarumque
2582 1612 2693 1650 non
2718 1596 2897 1651 solum
2922 1592 3181 1659 vitarum,
3213 1596 3307 1649 sed
3337 1596 3504 1649 etiam
3530 1596 3778 1649 visionum

536 1692 597 1737 ut
624 1685 696 1738 ita
751 1685 759 1755 Ι
813 1686 994 1739 dicam
1040 1687 1459 1740 abrenunciatio
1493 1686 1949 1755 perfectissimam
1972 1687 2369 1741 monachorum
2392 1686 2795 1755 philosophiam
2820 1685 3110 1756 signiﬁcat,
3133 1685 3342 1753 quacin
3368 1691 3781 1753 praeceptorum,

534 1795 674 1848 quae
702 1796 871 1834 unum
926 1780 1154 1844 faciunt,
1183 1782 1408 1836 scientia
1438 1782 1548 1835 vim
1574 1791 1631 1837 et
1653 1781 2030 1837 eﬂicacitatem
2059 1782 2245 1837 habet.
2280 1783 2377 1836 Est
2414 1782 2586 1846 enim,
2620 1790 2682 1835 ut
2703 1781 2839 1845 dixi,
2866 1796 2976 1834 non
3018 1780 3184 1834 medii
3225 1794 3418 1833 eorum
3446 1778 3539 1847 qui
3584 1778 3783 1831 initian-

533 1882 626 1927 tur
655 1872 884 1937 ordinis,
912 1873 1004 1927 sed
1036 1874 1232 1927 summi
1256 1875 1521 1928 omnium.
1552 1869 1741 1943 Itaque
1770 1875 1939 1928 multa
1966 1890 2180 1938 eorum,
2208 1890 2347 1943 quae
2385 1876 2607 1943 impune
2644 1889 2709 1928 ac
2750 1875 2869 1928 sine
2908 1873 3311 1943 improbatione
3353 1889 3383 1927 a
3411 1874 3590 1926 medio
3615 1872 3783 1926 ordine

534 1976 823 2039 geruntur,
871 1968 1019 2022 omni
1067 1969 1278 2023 ratione
1304 1969 1677 2039 singularibus
1719 1971 2004 2025 monachis
2031 1972 2328 2026 interdicta
2351 1979 2509 2036 sunt;
2558 1970 2759 2040 quippe
2784 1971 3026 2040 quicum
3061 1986 3171 2024 uno
3198 1969 3457 2039 coniungi
3497 1969 3717 2023 debeant
3739 1984 3784 2027 et

534 2075 660 2114 eum
689 2074 841 2114 sacra
895 2061 1127 2115 monade
1149 2062 1329 2131 colligi
1379 2072 1541 2131 atque
1563 2063 1631 2116 ad
1662 2064 2009 2118 sacerdotum
2057 2065 2249 2127 vitam,
2279 2073 2545 2134 quantum
2592 2064 2741 2127 licet,
2770 2064 3029 2128 formari;
3075 2063 3221 2132 quod
3245 2063 3295 2117 ei
3321 2063 3503 2117 ordini
3533 2063 3586 2116 in
3615 2062 3783 2115 multis

533 2150 670 2203 ordo
696 2151 786 2205 ille
809 2152 1006 2204 similis
1049 2152 1140 2215 sit,
1169 2161 1225 2205 et
1248 2168 1393 2207 unus
1436 2168 1503 2207 ex
1526 2154 1785 2207 omnibus
1809 2140 2098 2209 ordinibus
2122 2171 2317 2209 eorum
2333 2155 2429 2224 qui
2464 2154 2775 2219 initiantur,
2799 2154 2865 2208 ad
2888 2170 3013 2208 eum
3040 2153 3285 2222 proxime
3310 2152 3551 2207 accedat.
3582 2152 3782 2221 Signum

532 2259 667 2297 vero
694 2244 903 2315 ﬁgurae
927 2246 1128 2308 crucis,
1164 2254 1225 2300 ut
1255 2246 1362 2300 iam
1383 2262 1413 2302 a
1437 2248 1599 2303 nobis
1625 2248 1835 2302 dictum
1860 2258 1963 2313 est,
2000 2250 2239 2305 declarat
2270 2251 2654 2305 universarum
2676 2249 2744 2303 ad
2771 2265 2973 2319 corpus
3023 2249 3420 2318 pertinentium
3448 2246 3783 2317 cupiditatum

533 2336 919 2406 privationem.
936 2337 1179 2407 Capillus
1202 2348 1383 2394 autem
1413 2349 1605 2395 tonsus
1632 2356 1825 2409 puram
1850 2343 2111 2412 nullaque
2133 2342 2303 2413 ﬁgura
2330 2342 2568 2397 fucatam
2587 2344 2754 2397 vitam
2778 2343 3004 2406 indicat,
3025 2356 3166 2410 quae
3192 2356 3301 2394 non
3332 2340 3580 2393 ﬁctarum
3606 2338 3755 2408 ﬁgura

534 2445 657 2483 rum
684 2439 777 2483 aut
803 2432 1048 2485 colorum
1075 2431 1395 2486 inductione
1418 2432 1820 2488 deformitatem
1845 2435 2049 2489 mentis
2069 2444 2249 2515 outet,
2270 2434 2363 2489 sed
2384 2450 2480 2503 per
2498 2435 2734 2503 seipsam
2760 2449 2870 2486 non
2896 2433 3134 2486 humana
3160 2430 3595 2502 pulchritudine,
3616 2443 3781 2483 verum

533 2525 791 2595 singulari
812 2538 867 2581 et
888 2528 1046 2581 unica
1074 2527 1141 2581 ad
1164 2527 1403 2581 divinam
1420 2530 1641 2583 excitet.
1662 2529 1873 2595 Prioris
1885 2547 2017 2585 vero
2033 2530 2201 2585 vestis
2229 2530 2498 2585 detractio
2521 2539 2578 2584 et
2594 2529 2821 2583 alterius
2845 2528 3093 2583 inductio
3116 2528 3438 2599 signiﬁcata
3455 2526 3627 2580 media
3646 2538 3779 2578 sanc-

535 2626 588 2670 ta
642 2617 753 2671 vita
801 2617 869 2671 ad
899 2618 1283 2687 perfectiorem
1318 2619 1718 2674 traductionem
1751 2639 1762 2673 :
1792 2620 2259 2689 quemadmodum
2290 2622 2344 2674 in
2371 2630 2496 2675 ortu
2522 2638 2551 2675 a
2578 2622 2690 2675 Deo
2716 2621 2833 2674 sive
2864 2620 3137 2689 baptismo
3166 2622 3339 2675 vestis
3360 2618 3775 2676 vicissitudinem

530 2727 611 2766 ac.
632 2712 996 2765 mutationem
1022 2728 1050 2765 a
1095 2713 1205 2767 vita
1229 2728 1369 2782 quae
1400 2714 1725 2783 expiabatur
1744 2715 1812 2768 ad
1839 2715 2322 2784 contemplationis
2373 2716 2786 2785 sapientiaeque
2812 2724 3014 2769 statum
3041 2725 3096 2771 et
3128 2717 3382 2770 habitum
3428 2716 3776 2785 migrationem

536 2805 852 2877 signiﬁcare
876 2805 1214 2863 dicebamus.
1249 2806 1409 2873 Quod
1435 2808 1478 2861 si
1508 2824 1655 2863 nunc
1680 2810 1849 2864 etiam
1869 2818 1927 2864 et
1953 2810 2214 2865 sacerdos
2237 2819 2293 2863 et
2320 2826 2512 2865 omnes
2540 2812 2711 2865 sancti
2735 2811 2830 2880 qui
2858 2811 3134 2865 intersunt
3164 2827 3289 2865 eum
3330 2812 3428 2880 qui
3455 2810 3688 2863 initiatus
3708 2813 3778 2859 est

530 2898 894 2961 consalutant,
922 2899 1163 2967 intellige
1219 2906 1463 2953 sanctam
1510 2915 1702 2954 eorum
1744 2900 1839 2968 qui
1868 2899 2214 2955 divinitatem
2242 2901 2529 2956 imitantur
2553 2904 2894 2968 societatem,
2937 2913 3186 2959 amanter
3214 2922 3343 2958 cum
3388 2906 3569 2960 divina
3594 2903 3777 2960 laetitia

533 2993 679 3047 inter
719 3009 776 3047 se
804 2994 1216 3064 gratulantium.
1248 2995 1533 3049 Postremo
1559 2996 1816 3050 sacerdos
1842 2996 1911 3050 ad
1935 2996 2179 3051 divinam
2206 2998 2649 3053 communionem
2676 2999 2869 3054 invitat
2896 3017 3024 3055 eum
3052 3000 3147 3069 qui
3194 3000 3450 3054 initiatus
3476 3008 3577 3063 est,
3615 3006 3775 3053 sancte

530 3081 779 3135 indicans
805 3083 956 3135 illum
991 3084 1084 3152 qui
1140 3084 1149 3153 |
1206 3095 1559 3139 consecratus
1583 3094 1667 3141 est
1694 3105 1707 3139 :
1737 3088 1783 3141 si
1804 3104 1937 3144 vero
1961 3090 2030 3145 ad
2055 3091 2455 3147 monachorum
2501 3092 2837 3157 institutum,
2888 3092 3036 3162 quod
3078 3092 3365 3162 singulare
3405 3100 3507 3157 est,
3535 3105 3774 3163 pervene-

533 3174 627 3237 rit,
655 3190 763 3227 non
790 3175 966 3228 solum
994 3185 1359 3245 Spectatorem
1386 3194 1665 3234 sacrorum
1693 3197 1833 3252 quae
1854 3186 1905 3238 ei
1932 3185 2200 3255 permissa
2230 3196 2358 3241 sunt
2381 3186 2517 3250 fore,
2560 3202 2664 3241 nec
2686 3187 2795 3241 ritu
2826 3188 2993 3242 medii
3017 3188 3224 3242 ordinis
3248 3188 3303 3241 in
3330 3189 3771 3242 sanctissimorum

530 3278 999 3325 sacramentorum
1024 3274 1339 3328 societatem
1382 3278 1938 3349 communionemque
1976 3291 2292 3347 venturum,
2329 3284 2425 3337 sed
2478 3300 2603 3337 eum
2629 3284 2816 3338 divina
2844 3301 3034 3340 eorum
3081 3301 3367 3340 sacrorum
3396 3303 3533 3356 quae
3553 3282 3773 3356 percepit

529 3364 862 3434 cognitione,
909 3367 1016 3420 alio
1056 3384 1218 3437 quam
1267 3378 1489 3425 sanctus
1543 3373 1778 3441 populus
1836 3376 2001 3431 modo
2024 3384 2319 3431 venturum
2344 3394 2464 3434 esse
2489 3379 2557 3433 ad
2584 3379 2802 3435 divinae
2829 3381 3106 3436 societatis
3135 3380 3486 3450 adeptionem
3512 3391 3567 3436 et
3601 3392 3770 3450 peree-

530 3453 795 3523 ptionem.
831 3475 848 3507 ›
884 3456 1043 3512 Philo
1091 3474 1224 3512 vero
1274 3460 1342 3515 de
1393 3462 1712 3517 eorumdem
1765 3474 1888 3520 ortu
1930 3468 2154 3537 scripsit
2183 3469 2332 3524 hunc
2363 3470 2420 3523 in
2469 3470 2692 3525 modum
2723 3489 2740 3525 1
2771 3472 2881 3542 (a):
2948 3492 2965 3524 ι
2998 3474 3293 3542 Postquam
3321 3475 3391 3530 de
3423 3474 3636 3529 Essaeis
3673 3471 3770 3526 dis-

529 3550 823 3615 seruimus,
888 3552 982 3622 qui
1065 3553 1232 3608 vitam
1313 3555 1544 3609 activam
1622 3566 1921 3623 exercent,
1989 3561 2269 3627 omnibus,
2347 3571 2476 3626 aut,
2544 3563 2692 3632 quod
2773 3564 2957 3618 minus
3041 3564 3377 3621 invidiosum
3450 3567 3596 3620 dictu
3665 3573 3769 3626 est,

526 3643 805 3713 plerisque
866 3644 1078 3701 felicius
1141 3648 1276 3702 ordo
1332 3651 1591 3719 postulat,
1639 3662 1701 3706 ut
1736 3653 1999 3724 deinceps
2046 3655 2292 3711 dicamus
2336 3675 2477 3727 quae
2515 3659 2749 3713 dicenda
2788 3669 2916 3713 sunt
2959 3660 3029 3714 de
3090 3661 3534 3731 contemplationi
3576 3658 3770 3715 deditis.

526 3734 648 3789 Non
697 3736 859 3791 debet
909 3741 1056 3793 enim
1115 3740 1434 3797 huiusmodi
1496 3744 1744 3799 virorum
1802 3748 1980 3801 virtus
2034 3750 2233 3804 eximia
2291 3768 2514 3806 causam
2580 3753 2847 3823 praebere
2904 3754 3109 3809 silentii
3170 3754 3256 3807 his
3292 3754 3388 3823 qui
3429 3754 3564 3808 nihil
3622 3753 3772 3806 hone-

526 3834 673 3915 stum
719 3836 912 3895 putant
966 3832 1255 3901 tacendum
1312 3832 1902 3906 dissimulandumque.
1950 3838 2267 3894 lnstitutum
2317 3852 2503 3897 autem
2569 3844 2738 3899 huius
2800 3845 3183 3915 philosophiae
3252 3861 3382 3900 mox
3441 3852 3657 3915 apparet
3713 3854 3770 3893 ex

525 3913 657 3983 ipsis
706 3919 1190 3986 appellationibus;
1241 3932 1508 3978 vocantur
1559 3926 1708 3979 enim
1765 3930 2142 3999 therapeutae,
2199 3933 2754 4004 therapeutridesque,
2803 3913 2918 3989 hoc
2973 3913 3058 3989 est
3118 3943 3408 3990 curatores
3458 3913 3528 3989 et
3564 3927 3769 3988 curatri—

525 4021 637 4071 ces,
671 4008 785 4063 sive
812 4011 1052 4066 cultores
1079 4022 1135 4067 et
1174 4015 1453 4081 cultrices,
1502 4034 1637 4072 vero
1680 4022 1924 4085 nomine,
1954 4023 2040 4078 vel
2066 4024 2195 4092 quia
2228 4025 2560 4094 proﬁtentur
2594 4028 2924 4081 medicinam
2972 4029 3428 4097 praestantiorem
3453 4028 3551 4082 ista
3575 4026 3766 4093 vulgata

525 4119 624 4173 per
648 4107 831 4160 omnia
855 4109 1053 4177 oppida
1079 4127 1094 4174 ;
1122 4110 1258 4165 haec
1280 4113 1429 4166 enim
1453 4115 1706 4169 medetur
1734 4117 1868 4171 solis
1891 4122 2216 4188 corporibus
2235 4161 2249 4185 ,
2278 4121 2370 4175 illa
2398 4132 2454 4177 et
2479 4123 2691 4177 animas
2717 4124 2917 4178 liberat
2939 4127 3146 4181 morbis
3167 4126 3431 4197 gravibus
3453 4133 3509 4179 et
3530 4122 3767 4177 adversus

526 4196 768 4251 medelas
795 4202 1231 4267 contumacibus,
1266 4220 1404 4274 quos
1429 4205 1749 4261 inﬂixerunt
1769 4207 2099 4278 voluptates,
2127 4215 2608 4283 concupiscentiae
2628 4255 2642 4279 ,
2673 4215 2914 4282 dolores,
2951 4219 3196 4281 timores,
3223 4219 3506 4283 avaritiae,
3532 4215 3768 4283 insipien—

530 4287 653 4350 tiae,
684 4288 981 4346 iniustitiae
1012 4300 1068 4346 et
1092 4303 1305 4349 ceterae
1331 4296 1777 4366 perturbationes
1804 4310 1860 4354 et
1886 4302 2145 4357 vitiorum
2172 4321 2365 4375 agmen
2405 4305 2836 4373 innumerabile;
2862 4310 2945 4363 vel
2973 4311 3100 4378 quia
3121 4309 3442 4363 didicerunt
3462 4325 3492 4362 a
3518 4316 3699 4361 natura
3720 4308 3767 4354 et

525 4391 555 4429 e
581 4381 757 4472 sacris
770 4382 986 4472 legibus
1011 4386 1193 4441 colere
1219 4389 1353 4444 illud
1377 4391 1488 4445 Ens
1514 4401 1570 4447 et
1591 4393 1737 4448 bono
1763 4395 1961 4449 melius
2003 4405 2061 4449 et
2084 4412 2197 4450 uno
2230 4398 2504 4453 sincerius
2530 4408 2585 4455 et
2614 4402 2825 4456 unitate
2854 4402 2911 4455 in
2960 4403 3272 4472 generando
3297 4402 3576 4471 antiquius
3598 4407 3762 4466 atque,

525 4475 586 4520 ut
611 4468 682 4522 ita
728 4470 926 4537 dicam,
964 4474 1340 4545 principalius.
1365 4478 1572 4534 Horum
1616 4481 1807 4551 pietati
1832 4499 1970 4552 quos
2009 4486 2230 4540 tandem
2276 4488 2477 4543 merito
2521 4468 3006 4561 comparabimus?
3043 4514 3063 4547 ›
3093 4494 3162 4547 Et
3203 4494 3398 4563 paucis
3434 4468 3761 4546 interiectis:

531 4583 548 4614 ‹
578 4563 647 4617 At
704 4564 714 4635 1
776 4566 909 4621 illud
936 4568 1220 4626 hominum
1248 4590 1418 4643 genus
1444 4577 1883 4647 therapeuticum
1905 4596 2124 4651 semper
2146 4583 2204 4637 in
2229 4583 2536 4641 divinitatis
2562 4591 3024 4659 contemplatione
3049 4592 3322 4661 proﬁciet,
3348 4592 3512 4647 etiam
3550 4588 3655 4644 sole
3674 4585 3764 4637 hoc

522 4660 767 4761 sensibili
792 4665 1108 4731 praeterito,
1159 4684 1262 4723 nec
1287 4686 1529 4740 unquam
1556 4690 1716 4728 suum
1762 4676 2014 4731 ordinem
2070 4678 2290 4734 deseret
2334 4681 2653 4737 tendentem
2680 4684 2747 4737 ad
2789 4660 3107 4739 felicitatem
3143 4685 3613 4755 perfectissimam.
3642 4676 3763 4731 llnic

518 4753 661 4805 vitae
687 4753 938 4847 instituto
962 4756 1055 4847 qui
1082 4774 1139 4814 se
1186 4760 1470 4827 addicunt,
1520 4780 1631 4819 non
1653 4782 1722 4820 ex
1746 4782 1897 4822 more
1922 4777 2018 4822 aut
2061 4771 2237 4839 rogati
2262 4770 2318 4824 id
2344 4771 2574 4837 faciunt,
2602 4775 2698 4829 sed
2722 4791 2910 4830 amore
2936 4753 3177 4847 correpti
3223 4794 3407 4832 rerum
3443 4773 3759 4830 caelestium.

520 4849 574 4938 et
599 4843 753 4909 quasi
777 4843 967 4938 divino
990 4844 1175 4903 furore
1204 4850 1419 4918 perciti,
1447 4852 1624 4909 donec
1647 4857 1714 4910 ad
1740 4859 2259 4927 contemplationem
2284 4860 2432 4916 illam
2459 4864 2985 4921 desideratissimam
3034 4843 3377 4938 perveniant.
3426 4866 3625 4923 Deinde
3647 4872 3760 4931 prae

520 4931 841 5033 immortalis
872 4937 1170 5033 beataeque
1192 4941 1336 4996 vitae
1357 4945 1615 5013 cupidine
1647 4950 1802 5018 quasi
1834 4950 1939 5003 iam
1964 4952 2067 5006 hac
2092 4955 2309 5009 mortali
2329 4956 2596 5022 defuncti,
2628 4958 2917 5015 facultates
2961 4931 3088 5016 suas
3124 4965 3445 5033 relinquunt
3477 4960 3657 5015 liberis
3677 4962 3760 5009 aut

519 5027 780 5124 cognatis,
835 5028 979 5081 ultro
1025 5030 1106 5084 eis
1150 5033 1499 5101 possessione
1520 5036 1768 5093 cedendo
1792 5057 1805 5092 :
1832 5049 1997 5109 atque
2024 5043 2191 5097 etiam
2217 5047 2382 5101 sociis
2401 5056 2457 5101 et
2484 5050 2699 5115 amicis,
2729 5051 2773 5105 si
2800 5055 3016 5123 cognati
3047 5054 3246 5109 desint.
3272 5027 3497 5124 onrtet
3525 5050 3682 5111 enim,
3706 5053 3759 5098 ut

519 5118 980 5217 quiperspicaecs
1009 5120 1228 5177 divitias
1260 5125 1491 5195 adeptus
1519 5137 1623 5193 est,
1650 5144 1839 5185 caecas
1863 5133 1983 5187 illas
2007 5135 2280 5205 relinquat
2302 5140 2583 5195 mentibus
2603 5118 3065 5202 caecutientibus.
3093 5166 3111 5198 ›
3147 5148 3260 5202 Nec
3278 5118 3451 5202 multo
3473 5155 3618 5217 post:
3639 5142 3759 5196 «Re-

519 5204 661 5260 lictis
692 5208 857 5276 igitur
880 5210 1229 5269 facultatibus
1246 5225 1301 5270 et
1320 5221 1690 5275 avocamentis
1706 5225 1964 5279 omnibus
1986 5204 2222 5297 fugiunt,
2243 5232 2391 5285 nulla
2412 5232 2599 5288 habita
2623 5237 2836 5292 ratione
2856 5238 3106 5303 fratrum,
3126 5240 3447 5303 liberorum,
3465 5204 3753 5309 parentum.
3774 5302 3779 5309 ι

522 5312 877 5405 uforumque,
892 5312 947 5356 et
967 5305 1228 5405 deserunt
1252 5326 1574 5368 numerosas
1603 5318 1977 5386 cognationes,
1994 5323 2305 5392 societates,
2325 5328 2616 5396 amicitias,
2637 5332 2783 5401 ipsas
2802 5333 3038 5404 denique
3063 5337 3285 5405 patrias,
3303 5337 3358 5390 in
3388 5336 3582 5405 quibus
3602 5326 3751 5401 geniti

518 5388 843 5460 educatique
875 5404 1022 5449 sunt.
1053 5396 1291 5491 Quando
1316 5404 1539 5471 quidem
1569 5411 1911 5465 consuetudo
1940 5428 2197 5485 magnum
2231 5428 2571 5476 momentum
2616 5388 2781 5480 habet
2808 5427 2877 5481 ad
2932 5388 3265 5484 allectandos
3298 5388 3524 5485 animos.
3582 5388 3750 5479 ﬂemi—

520 5491 675 5594 grant
702 5492 885 5594 autem
915 5503 1024 5542 non
1050 5489 1112 5594 in
1132 5492 1293 5594 aliam
1324 5498 1625 5565 civitatem,
1658 5503 1803 5557 sicut
1828 5508 1997 5573 servi,
2025 5511 2121 5578 qui
2159 5527 2218 5565 se
2237 5515 2399 5568 vendi
2424 5517 2547 5571 aliis
2575 5519 2724 5574 heris
2748 5522 3044 5591 impetrant
3079 5525 3287 5590 miseri,
3324 5534 3383 5579 ut
3410 5525 3499 5594 qui
3528 5518 3746 5575 servitu-

518 5584 625 5629 tem
650 5583 880 5643 mutant,
912 5594 1019 5633 non
1042 5581 1329 5653 eﬁugiunt.
1366 5587 1602 5653 Quaevis
1628 5594 1775 5647 enim
1803 5596 2017 5662 civitas,
2046 5601 2131 5654 vel
2166 5606 2392 5671 optimis
2409 5621 2600 5665 ornata
2634 5581 2863 5684 legibus,
2892 5616 3052 5684 plena
3082 5626 3172 5672 est
3225 5581 3462 5671 tumultu
3508 5607 3742 5685 plurimo,

2035 5716 2288 5773 NOTAE.

588 5773 666 5844 (a)
690 5777 809 5834 Lib.
838 5784 912 5838 De
951 5788 1059 5841 vita
1087 5795 1507 5864 contemplativa
1537 5800 1652 5856 sive
1678 5804 1987 5874 supplicum
2011 5810 2334 5869 virtutibus.
