4016 6422
207 384 295 440 289
1002 384 1089 441 AD
1126 378 1520 441 VERSIONEM
1561 376 1716 439 [ΛΤ.
1760 375 1924 438 ΗΟΜ.
1963 378 2018 437 S.
2061 380 2343 438 MACARII
2385 376 2725 437 AECYPTII.
3396 390 3498 445 290

211 517 359 574 quem
399 515 578 555 nemo
611 502 926 573 sapientiae
944 511 1180 557 sectator
1209 502 1496 556 sustineat.
1532 499 1639 555 Sed
1671 506 1829 554 extra
1854 498 2075 552 moenia
2108 498 2315 569 degunt
2345 498 2400 551 in
2434 497 2609 552 hortis
2640 507 2733 551 aut
2762 497 2903 553 villis
2928 500 3211 566 sclitariis,
3252 514 3500 561 amantes

213 599 589 666 solitudinem,
628 618 749 655 non
785 600 1065 654 hominum
1099 598 1247 659 odio,
1272 597 1366 652 sed
1391 596 1459 651 ad
1487 593 1762 649 cavendos
1790 608 2119 663 congressus
2150 606 2275 646 cum
2308 590 2690 655 dissimilibus,
2718 606 2857 659 quos
2897 596 3080 651 sciunt
3121 598 3291 654 ‘bonis
3337 604 3507 655 mori--

218 702 311 756 bus
345 697 595 754 oﬂicere.
645 699 765 754 [loc
788 714 960 771 genus
983 696 1255 766 reperitur
1286 696 1342 749 in
1370 693 1562 748 multis
1589 692 1741 747 orbis
1778 691 2120 763 regionibus,
2151 691 2369 756 merito,
2420 700 2480 745 ut
2511 690 2793 745 absolutae
2850 689 3162 757 probitatis,
3222 702 3504 761 receptum

216 789 485 845 aGraecis
520 799 694 860 atque
724 789 1000 846 Barbaris.
1036 792 1268 846 Maxime
1302 800 1482 845 tamen
1514 788 1526 859 ι
1560 789 1613 844 in
1642 789 1890 860 Aegypto
1919 788 2304 857 frequentatur
2338 804 2435 858 per
2467 788 2839 859 praefecturas
2869 787 3129 859 singulas,
3179 792 3503 859 praesertim

216 886 416 941 circum
446 885 865 942 Alexandriam.
887 887 965 941 Ex
996 888 1254 941 omnibus
1275 896 1461 941 autem
1492 886 1628 939 locis
1656 887 1901 955 optimus
1924 884 2162 954 quisque
2182 884 2666 953 therapeutarum,
2695 892 2974 953 tamquam
3004 883 3060 937 in
3087 883 3254 939 huius
3286 887 3505 956 generis

221 980 469 1045 patriam,
506 978 744 1033 colonus
778 976 1016 1033 mittitur
1062 978 1117 1032 in
1165 980 1348 1033 locum
1379 978 1653 1049 quendam
1704 977 2072 1048 aptissimum,
2111 978 2279 1031 situm
2325 976 2393 1031 ad
2435 986 2687 1047 stagnum
2744 976 2990 1042 Mariam,
3028 978 3085 1032 in
3116 987 3336 1035 terreno
3364 982 3504 1038 colle

226 1073 406 1126 acclivi
461 1072 687 1136 leviter,
720 1080 898 1126 tutum
938 1074 1103 1129 simul
1159 1074 1229 1129 ab
1257 1074 1404 1129 aeris
1439 1073 1726 1144 temperie.
1769 1071 2135 1127 Securitatem
2178 1072 2327 1126 enim
2394 1072 2447 1127 ei
2482 1079 2766 1143 praestant
2791 1072 2952 1128 villae
2985 1074 3202 1145 vicique
3228 1077 3498 1148 proximi;

225 1187 397 1225 aerem
432 1187 573 1225 vero
606 1181 876 1241 temperat
902 1172 1252 1229 emissarium
1291 1171 1467 1242 stagni
1502 1170 1855 1227 exonerantis
1885 1186 1941 1224 se
1970 1169 2025 1223 in
2061 1185 2229 1233 mare,
2265 1178 2322 1223 et
2353 1183 2521 1222 aurae
2559 1184 2841 1238 nunquam
2882 1186 2993 1225 non
3024 1187 3093 1225 ex
3117 1172 3224 1227 alto
3256 1174 3503 1244 aspiran-

220 1274 298 1319 tes
325 1265 594 1331 tenuiter,
637 1267 781 1320 sicut
834 1267 1135 1321 crassiores
1170 1267 1429 1323 feruntur
1475 1282 1505 1321 e
1542 1278 1754 1337 stagno,
1786 1266 1992 1335 quibus
2012 1265 2298 1335 permiXtis
2326 1272 2818 1334 temperamentum
2849 1267 3037 1322 existit
3060 1269 3498 1327 saluberrimum.

214 1362 508 1418 Domicilia
562 1379 692 1418 vero
726 1379 1099 1419 convenarum
1144 1374 1273 1418 sunt
1326 1364 1621 1420 admodum
1664 1364 1918 1436 frugalia,
1944 1373 2136 1435 parata
2157 1373 2348 1419 contra
2376 1372 2590 1418 aestum
2632 1362 3012 1418 tantummodo
3050 1372 3105 1417 et
3137 1363 3360 1435 frigora,
3392 1375 3505 1422 non

210 1454 481 1525 contigua
508 1466 569 1509 ut
605 1456 658 1509 in
692 1457 944 1523 urbibus,
979 1477 1089 1515 non
1121 1462 1269 1515 enim
1292 1462 1473 1531 placet
1504 1462 1558 1517 id
1582 1462 1901 1517 amantibus
1930 1462 2311 1527 solitudinem,
2344 1476 2449 1516 nec
2474 1470 2654 1515 tamen
2700 1461 2860 1531 longe
2880 1470 3090 1515 remota
3113 1504 3125 1525 ,
3167 1464 3294 1533 quia
3331 1466 3505 1520 socies

208 1563 387 1607 tatem
445 1554 701 1624 diligunt,
753 1566 814 1613 ut
866 1559 971 1613 sibi
1038 1561 1251 1631 possint
1316 1562 1554 1617 invicem
1603 1576 1928 1617 succurrere
1987 1562 2252 1616 adversus
2308 1562 2583 1615 latronum
2646 1560 2903 1615 incursus
2955 1558 3230 1613 fortuitos.
3289 1557 3502 1628 Singuli

202 1660 403 1704 autem
437 1651 645 1707 habent
670 1669 855 1710 sacras
879 1656 1158 1713 aediculas
1189 1675 1333 1728 quae
1358 1661 1583 1729 σεμνεῖα.
1616 1667 1819 1714 vocant
1846 1659 1963 1713 sive
1991 1657 2348 1724 monasteria,
2368 1656 2465 1711 ubi
2500 1655 2735 1711 solitarii
2779 1663 3001 1710 sanctae
3049 1653 3193 1707 vitae
3223 1652 3503 1723 mysteriis

202 1742 349 1795 dant
386 1758 635 1812 operam.
668 1745 783 1800 Nec
808 1747 919 1801 cibi
949 1758 1180 1818 potusve
1208 1750 1509 1820 quicquam
1562 1764 1630 1804 eo
1658 1750 1927 1813 inferunt,
1962 1749 2183 1803 aliudve
2238 1748 2293 1803 in
2347 1763 2507 1802 usam
2536 1746 2805 1816 corporis,
2855 1747 2951 1801 sed
2992 1744 3166 1815 legem
3193 1753 3405 1797 tantum
3447 1750 3504 1797 et

202 1832 618 1902 prophetarum
668 1839 891 1893 oracula
935 1839 1203 1896 divinitus
1258 1841 1477 1912 prodita
1505 1842 1850 1913 hymnosque
1881 1850 1938 1896 et
1992 1840 2264 1911 quaedam
2296 1840 2399 1895 alia
2451 1838 2641 1908 pietati
2681 1838 3053 1905 scientiaeque
3099 1834 3504 1905 promovendae

202 1927 394 1987 utilia.
410 1927 601 1997 Itaque
618 1939 937 1999 perpetuam
954 1931 1158 1985 habent
1174 1932 1268 1987 Dei
1288 1933 1629 1997 memoriam,
1650 1942 1707 1988 ut
1728 1948 1797 1986 ne
1816 1932 1873 1987 in
1888 1931 2102 1986 somnis
2115 1931 2336 2001 quidem
2355 1932 2503 1985 aliud
2521 1932 2603 1985 eis
2619 1931 2943 1985 obversetur
2960 1944 3122 1999 quam
3142 1929 3408 2000 imagines
3423 1928 3507 1982 di»

201 2021 471 2075 vinarum
492 2022 653 2091 pulch
662 2022 983 2079 ritudinum.
1000 2024 1067 2079 Et
1083 2036 1212 2079 sunt
1224 2025 1277 2079 in
1299 2025 1385 2079 his
1401 2026 1493 2097 qui
1511 2024 1835 2081 somniando
1851 2024 2092 2095 produnt
2106 2026 2413 2094 praeclaras
2429 2041 2616 2080 sacrae
2632 2023 3009 2094 philosophiae
3027 2024 3342 2077 sententias.
3362 2022 3508 2089 Quo-

207 2115 350 2170 tidie
372 2116 460 2170 bis
476 2118 695 2186 precari
713 2118 911 2183 solent,
931 2134 1091 2174 mane
1115 2137 1181 2175 ac
1197 2120 1301 2181 sub
1333 2136 1651 2190 vesperam:
1671 2122 1884 2179 oriente
1901 2123 2015 2178 sole
2032 2128 2285 2192 petentes
2301 2118 2446 2173 diem
2462 2134 2591 2173 vere
2615 2118 2852 2181 felicem,
2884 2127 3053 2185 utque
3079 2127 3291 2171 mentes
3313 2132 3503 2170 eorum

208 2207 444 2263 caelesti
466 2209 786 2279 repleantur
798 2211 1032 2277 lumine;
1052 2213 1339 2268 occidente
1356 2228 1507 2278 vero,
1522 2223 1583 2267 ut
1601 2214 1781 2269 anima
1800 2210 1854 2268 in
1869 2222 2042 2268 totum
2056 2221 2349 2268 exonerata
2382 2212 2392 2283 Ι
2424 2211 2677 2267 sensibus
2691 2212 2941 2280 moleque
2958 2226 3141 2264 rerum
3160 2210 3504 2265 sensibilium

218 2302 514 2356 veritatem
540 2303 776 2374 vestiget
799 2304 854 2358 in
875 2305 1203 2360 consistorio
1219 2304 1543 2361 domestico.
1566 2307 1801 2362 Medium
1822 2323 1954 2362 vero
1972 2306 2229 2361 matutini
2248 2304 2656 2376 vespertinique
2680 2302 2942 2373 temporis
2958 2302 3312 2355 interstitium
3330 2311 3503 2357 totum

220 2395 572 2451 meditationi
599 2395 882 2450 tribuitur.
904 2397 1202 2453 Versantes
1217 2400 1363 2453 enim
1389 2414 1542 2455 sacra
1571 2400 1852 2455 volumina
1879 2400 2011 2454 dant
2032 2414 2253 2469 operam
2277 2396 2658 2468 philosophiae
2676 2413 2773 2466 per
2792 2411 2985 2449 manus
3004 2404 3262 2465 acceptae
3281 2411 3311 2448 a
3334 2398 3507 2450 maio-

217 2488 396 2553 ribus,
441 2485 743 2542 scrutando
770 2486 895 2542 eius
925 2487 1240 2558 allegorias,
1292 2489 1556 2558 quoniam
1604 2489 1708 2543 sub
1734 2490 1942 2559 apertis
1965 2488 2153 2543 verbis
2183 2488 2357 2543 latere
2403 2488 2643 2541 credunt
2666 2496 2877 2540 secreta
2898 2495 3148 2549 naturae,
3171 2487 3506 2542 coniecturis

210 2580 554 2654 explicanda
586 2581 991 2651 probabilibus.
1018 2582 1238 2637 Habent
1262 2584 1429 2639 etiam
1457 2584 1768 2653 priscorum
1795 2583 2245 2647 commentarios,
2268 2581 2363 2651 qui
2393 2582 2559 2636 huius
2590 2591 2770 2635 sectae
2796 2589 3048 2636 auctores
3088 2582 3258 2635 multa
3303 2598 3502 2639 monu-

215 2685 412 2731 menta
438 2675 791 2744 reliquerunt
820 2674 1192 2745 deallegoriis
1216 2677 1512 2742 eiusmodi,
1543 2677 1608 2731 ad
1642 2692 1878 2746 quorum
1914 2677 2277 2731 imitationem
2307 2675 2513 2745 posteri
2538 2692 2596 2729 se
2621 2675 3055 2729 accommodant.
3085 2674 3271 2745 Itaque
3289 2691 3398 2730 non
3417 2692 3505 2730 so-

206 2771 330 2825 lum
364 2768 835 2840 contemplantur,
876 2770 973 2825 sed
1000 2770 1169 2825 etiam
1214 2772 1430 2827 cantica
1463 2773 1807 2845 hymnosque
1836 2773 1891 2827 in
1940 2773 2036 2828 Dei
2089 2772 2310 2827 laudem
2350 2780 2708 2842 componunt,
2748 2773 2904 2826 vario
2955 2780 3257 2825 metrorum
3302 2774 3502 2827 carmi-

207 2878 466 2933 numque
492 2876 694 2933 genere
720 2862 995 2934 rhythmis
1024 2864 1385 2921 concinnatos
1408 2866 1466 2921 in
1490 2866 1869 2938 augustiorem
1900 2881 1965 2921 ac
1991 2866 2309 2937 religiosam
2332 2866 2594 2935 speciem.
2613 2866 2719 2920 Per
2742 2880 2837 2920 sex
2858 2865 2979 2921 dies
2994 2882 3243 2920 seorsum
3266 2866 3502 2937 quisque

206 2957 268 3012 in
302 2958 428 3012 suis
453 2957 564 3011 illis
589 2957 752 3014 modo
778 2957 943 3014 dictis
973 2960 1328 3017 monasteriis
1348 2962 1829 3033 philos0phantur,
1852 2978 1967 3018 non
1994 2962 2415 3034 progredientes
2452 2960 2623 3026 foras,
2650 2961 2819 3016 immo
2848 2978 2917 3016 ne
2945 2961 3343 3032 prospicientes
3374 2962 3501 3032 quin

209 3051 367 3105 dem.
400 3049 651 3119 Septima
678 3065 813 3105 vero
838 3053 1175 3107 conveniunt
1197 3053 1256 3107 in
1283 3062 1503 3109 coetum
1534 3069 1906 3122 communem,
1930 3061 1989 3110 et
2018 3054 2170 3109 iuxta
2196 3054 2394 3109 aetatis
2428 3053 2681 3108 ordinem
2710 3054 3008 3109 considunt
3034 3054 3252 3110 decenti
3286 3056 3499 3120 habitu,

204 3158 413 3198 manus
444 3143 792 3198 continentes
820 3144 923 3199 sub
944 3145 1132 3215 pallio,
1155 3146 1405 3201 dextram
1429 3146 1575 3202 inter
1595 3134 2172 3219 pectus‘barbamque,
2202 3125 2486 3203 sinistram
2516 3146 2994 3216 applicantlateri.
3023 3145 3161 3200 Tum
3178 3160 3503 3219 progressus

208 3240 267 3291 in
296 3237 551 3292 medium
582 3247 714 3293 natu
739 3239 1011 3294 maximus
1055 3250 1112 3294 et
1134 3239 1452 3311 dogmatum
1476 3243 1599 3297 eius
1647 3252 1831 3298 sectae
1882 3244 2257 3315 peritissimus
2283 3240 2507 3297 disserit
2534 3241 2689 3293 vultu
2725 3238 2793 3294 ad
2822 3240 3145 3310 gravitatem
3173 3242 3498 3311 composito,

206 3348 351 3387 voce
378 3333 687 3399 moderata,
708 3349 821 3388 non
856 3334 974 3388 sine
1004 3350 1201 3405 magna
1225 3334 1541 3404 prudentia,
1572 3351 1732 3391 secus
1758 3352 1923 3407 quam
1949 3345 2202 3391 oratores
2226 3344 2323 3390 aut
2349 3333 2550 3389 aetatis
2573 3341 2792 3388 nostrae
2824 3333 3103 3403 scphistae
3133 3343 3500 3393 ostentatores

208 3428 606 3499 eloquentiae:
648 3437 710 3481 ut
738 3428 829 3481 cui
855 3427 1029 3499 magis
1058 3427 1215 3483 cordi
1242 3434 1372 3482 sunt
1399 3429 1707 3498 exquisitae
1731 3430 2039 3485 sententiae
2071 3428 2418 3499 diligensque
2444 3434 2501 3481 et
2523 3436 2782 3481 accurata
2806 3425 3001 3480 harum
3026 3428 3326 3492 enarratio,
3356 3446 3500 3500 quae

210 3536 330 3575 non
358 3520 592 3579 summis
628 3519 832 3576 insidat
874 3521 1124 3586 auribus,
1178 3521 1273 3575 sed
1307 3537 1406 3591 per
1432 3523 1685 3577 auditum
1732 3531 1989 3593 penetret
2030 3523 2088 3578 in
2134 3522 2380 3577 animum
2430 3522 2621 3593 ibique
2665 3520 2897 3575 firmiter
2932 3522 3234 3578 inhaereat.
3278 3522 3494 3594 Reliqui
3570 3552 3573 3553 ν

212 3628 415 3669 omnes
454 3613 773 3668 auscultant
797 3629 897 3685 per
927 3628 1204 3668 summum
1233 3614 1540 3680 silentium,
1569 3624 1906 3671 annutantes
1931 3617 2110 3672 oculis
2133 3624 2347 3671 tantum
2372 3623 2467 3671 aut
2486 3616 2687 3685 capite.
2720 3614 2777 3669 ld
2805 3631 3097 3671 commune
3130 3622 3398 3686 σεμνεῐον,
3439 3619 3497 3672 ἱιι

222 3709 377 3777 quod
404 3709 417 3779 ι
445 3710 681 3780 septimo
703 3710 793 3765 die
817 3710 1177 3774 conveniunt,
1203 3718 1361 3780 septo
1388 3711 1665 3766 clauditur
1693 3711 1924 3781 duplici,
1957 3711 2227 3781 separatis
2249 3711 2497 3766 virorum
2519 3720 2575 3764 et
2605 3710 2901 3764 mulierum
2924 3711 3193 3765 coetibus.
3217 3712 3353 3767 Nam
3378 3728 3499 3766 mu-

224 3801 397 3855 lieres
425 3817 639 3873 quoque
680 3802 997 3860 auscultant
1018 3820 1086 3858 ex
1112 3821 1289 3870 more,
1313 3804 1587 3859 duntaxat
1620 3818 1763 3873 quae
1789 3804 2107 3857 institutum
2143 3804 2289 3859 idem
2324 3811 2630 3859 sectantur.
2663 3803 2876 3857 Medius
2894 3812 3078 3857 autem
3112 3805 3295 3874 paries
3322 3820 3352 3859 a
3380 3806 3499 3859 solo

220 3896 405 3965 surgit
428 3897 604 3953 tribus
626 3908 935 3968 quatuorve
960 3900 1166 3955 cubitis
1194 3901 1249 3955 in
1279 3900 1501 3954 modum
1524 3900 1787 3955 loriculae
1808 3916 1823 3965 ;
1848 3900 2137 3969 superiora
2162 3915 2336 3971 usque
2363 3903 2432 3955 ad
2464 3908 2669 3954 tectum
2693 3909 2900 3969 patent.
2954 3899 3109 3956 Unde
3132 3902 3349 3971 gemina
3370 3917 3501 3972 pro-
3524 3956 3533 3967 ,

213 3991 371 4046 venit
393 3992 780 4059 commoditas,
812 4001 869 4047 et
888 3995 1037 4064 quod
1062 3995 1261 4065 pudori
1312 3996 1573 4051 foeminei
1601 4011 1765 4051 sexus
1793 3995 2126 4060 consulitur,
2154 4005 2212 4051 et
2256 3994 2405 4065 quod
2431 3994 2602 4049 verba
2637 3994 2887 4049 doctoris
2919 3994 3293 4051 exaudiuntur
3334 3996 3496 4052 facile

211 4088 425 4157 absque
450 4088 754 4144 obstaculis
790 4106 931 4159 quae
964 4106 1157 4147 vocem
1185 4092 1561 4161 intercipiant.
1610 4092 2035 4162 Temperantiae
2079 4101 2342 4161 tanquam
2380 4090 2742 4145 fundamento
2775 4090 2831 4144 in
2870 4090 3053 4144 anima
3091 4090 3236 4144 iacto
3260 4090 3497 4146 virtutes

211 4188 434 4233 ceteras
455 4188 866 4250 superstruunt,
894 4181 1008 4238 Nec
1036 4183 1222 4237 cibum
1252 4199 1355 4239 nec
1381 4192 1569 4253 potum
1595 4184 1889 4253 quisquam
1914 4184 2085 4238 sumit
2109 4192 2235 4237 ante
2277 4183 2410 4237 solis
2439 4198 2718 4246 occasum,
2749 4181 2897 4251 quod
2922 4182 3225 4250 sapientiae
3251 4183 3496 4237 studium

213 4273 325 4328 luci
358 4274 657 4329 convenire
702 4275 970 4339 iudicent,
995 4276 1243 4331 tenebris
1268 4292 1401 4332 vero
1425 4292 1615 4331 curam
1655 4276 1926 4347 corporis.
1958 4275 2088 4330 ideo
2110 4284 2253 4330 totos
2290 4274 2409 4328 dies
2450 4276 2631 4339 alteri,
2660 4274 2817 4329 alteri
2860 4288 2991 4327 vero
3025 4274 3278 4343 exiguam
3316 4274 3499 4328 noctis

212 4377 430 4436 partem
462 4366 735 4421 tribuunt.
764 4367 1026 4425 Nonnulli
1063 4383 1133 4424 ex
1160 4368 1250 4424 his
1286 4369 1378 4423 vix
1404 4368 1571 4423 tertio
1598 4384 1820 4438 quoque
1845 4368 1936 4422 die
1976 4367 2180 4422 famem
2216 4366 2487 4431 sentiunt,
2514 4366 2708 4423 attenti
2741 4366 2914 4436 magis
2963 4366 3029 4420 ad
3073 4366 3495 4436 disciplinarum

215 4462 526 4517 scientiam.
551 4461 665 4517 Nec
687 4462 907 4527 desunt,
933 4464 1030 4534 qui
1058 4464 1343 4533 praelaute
1375 4472 1607 4532 accepto
1629 4464 1796 4533 epulo
1835 4463 2141 4533 sapientiae
2164 4462 2388 4532 copiose
2420 4462 2742 4532 praebentis
2782 4477 2882 4517 sua
2924 4462 3151 4532 placita,
3182 4464 3512 4533 perdurant.

218 4554 452 4623 duplum
483 4554 607 4608 eius
640 4553 924 4624 temporis,
952 4562 1009 4609 et
1034 4554 1125 4607 vix
1158 4563 1313 4608 sexto
1339 4553 1429 4608 die
1462 4554 1759 4623 degustant
1787 4555 1974 4609 cibum
2018 4554 2418 4617 necessarium,
2445 4554 2652 4608 assueti
2681 4554 2824 4608 sicut
2869 4554 3092 4608 cicadae
3118 4570 3243 4608 rore
3278 4555 3490 4620 vivere,

216 4645 474 4708 canticis,
523 4646 742 4715 opinor,
790 4646 1034 4701 solantes
1077 4645 1339 4700 inediam.
1376 4645 1682 4714 Septimum
1715 4660 1851 4699 vero
1902 4646 2070 4711 diem,
2114 4653 2175 4699 ut
2228 4646 2429 4700 festum
2475 4657 2882 4716 sacratumque,
2935 4648 3146 4703 honore
3194 4648 3491 4719 dignantur

228 4743 475 4807 eximio;
508 4757 619 4811 quo
654 4750 777 4812 post
803 4758 993 4796 curam
1024 4742 1193 4796 animi
1236 4758 1437 4811 corpus
1462 4757 1682 4811 quoque
1709 4742 1986 4807 reﬁciunt,
2026 4744 2171 4798 sicut
2209 4743 2456 4796 iumento
2494 4744 2804 4798 relaxantes
2847 4744 3092 4799 laborem
3139 4746 3489 4798 continuum.

218 4835 277 4891 In
305 4837 500 4891 cibatu
519 4842 757 4890 utuntur
777 4851 918 4906 pane
947 4835 1206 4906 simplici;
1233 4835 1311 4888 sal
1338 4834 1515 4888 vicem
1538 4836 1758 4905 supplet
1780 4835 1995 4889 obsonii
2018 4852 2032 4901 ;
2060 4836 2155 4905 qui
2175 4834 2523 4890 delicatiores
2539 4844 2687 4900 sunt,
2710 4836 3003 4908 hyssopum
3021 4853 3122 4906 pro
3141 4837 3494 4891 condimento

216 4932 509 4986 adiiciunt.
542 4930 737 4984 Polum
763 4945 795 4983 e
827 4930 1051 4984 ﬂuentis
1073 4930 1360 4992 hauriunt,
1388 4932 1632 4984 contenti
1663 4930 1881 4999 placare
1912 4930 2165 4985 dominas
2190 4946 2219 4984 a
2242 4940 2439 4984 natura
2470 4931 2799 4984 mortalibus
2822 4930 3055 4991 additas,
3086 4931 3285 4983 famem
3317 4930 3496 4983 sitim-

212 5044 346 5098 que,
373 5029 582 5097 absque
614 5027 874 5081 omnibus
895 5027 1207 5090 lenociniis,
1235 5027 1469 5081 fruendo
1496 5028 1665 5081 rebus
1688 5028 1808 5085 sine
1848 5027 2056 5096 quibus
2083 5043 2196 5081 non
2221 5028 2351 5081 licet
2381 5027 2590 5081 vivere.
2624 5027 3004 5095 Edunt'igitur
3026 5041 3094 5079 ne
3110 5025 3377 5085 esuriant,
3405 5025 3490 5077 bi-

214 5122 361 5175 bunt
388 5135 458 5174 ne
481 5119 689 5183 sitiant,
714 5118 1057 5173 saturitatem
1082 5119 1328 5173 cavendo
1355 5128 1415 5173 ut
1441 5119 1595 5173 inimi
1630 5120 1639 5190 |
1672 5135 1789 5174 eam
1815 5121 2000 5173 animo
2017 5120 2223 5191 pariter
2246 5135 2310 5175 ac
2334 5120 2573 5190 corpori.
2605 5120 2671 5173 Et
2698 5121 2957 5190 quoniam
2987 5117 3243 5186 tegminis
3272 5135 3493 5190 quoque

214 5214 365 5268 duae
393 5220 520 5265 sunt
547 5209 780 5280 species,
815 5209 984 5263 vestis
1018 5218 1354 5280 tectumque,
1381 5210 1448 5264 de
1484 5211 1715 5265 aedibus
1737 5211 1843 5264 iam
1863 5210 2001 5273 dixi,
2029 5225 2153 5265 esse
2175 5210 2414 5265 incultas
2445 5219 2500 5265 et
2531 5220 3002 5279 extemporaneas,
3034 5210 3206 5264 factas
3234 5210 3299 5264 ad
3330 5229 3493 5281 prae-

216 5314 436 5361 sentem
462 5319 620 5358 usum
650 5303 1053 5358 tantummodo.
1096 5303 1157 5357 In
1182 5312 1336 5358 veste
1368 5311 1552 5359 autem
1577 5304 1769 5357 eadem
1809 5313 2041 5373 apparet
2065 5304 2415 5373 simplicitas,
2444 5304 2511 5357 ad
2537 5302 2806 5357 arcendos
2838 5303 3050 5357 calores
3073 5313 3129 5357 et
3148 5303 3369 5374 frigora,
3394 5321 3495 5374 pro

194 5399 469 5471 vpelliceis
496 5411 682 5453 crassa
723 5395 912 5451 tunica
938 5396 994 5449 in
1021 5396 1237 5467 hyeme,
1270 5403 1480 5449 aestate
1506 5409 1640 5448 vero
1665 5394 1879 5448 exomis
1904 5404 1999 5448 aut
2023 5395 2261 5449 interula
2288 5395 2452 5449 linea.
2486 5396 2544 5449 in
2567 5394 2886 5449 universum
2912 5395 3060 5449 enim
3091 5406 3348 5451 exercent
3375 5411 3494 5448 mo-

212 5498 473 5560 destiam,
497 5503 559 5550 ut
596 5496 807 5550 fontem
830 5493 1104 5556 veritatis,
1140 5491 1284 5546 sicut
1310 5507 1341 5545 e
1362 5490 1507 5544 fastu
1532 5490 1884 5544 mendacium
1926 5499 2259 5561 prognatum
2296 5499 2607 5545 autumant.
2635 5488 2923 5546 Proﬂuunt
2967 5492 3113 5546 enim
3140 5508 3171 5546 e
3206 5491 3497 5544 mendacio

216 5594 404 5649 variae
459 5593 736 5646 malorum
788 5590 1043 5660 species;
1080 5597 1274 5643 contra
1328 5602 1395 5641 ex
1432 5586 1666 5641 veritate
1698 5586 1949 5640 omnium
1999 5587 2324 5641 felicitatum
2371 5586 2733 5641 humanarum
2784 5587 3206 5656 divinarumque
3253 5588 3429 5653 copia.
3472 5603 3490 5634 ι

217 5687 422 5742 Deinde
450 5686 785 5757 quibusdam
819 5674 1126 5739 interiectis
1164 5682 1303 5737 haec
1329 5683 1436 5736 ait:
1463 5701 1481 5732 ι
1514 5681 1618 5737 Ubi
1647 5697 1779 5736 vero
1813 5697 2127 5735 convenere
2154 5681 2430 5737 candidati
2458 5690 2515 5736 et
2548 5681 2675 5735 laeti
2717 5698 2840 5735 eum
2882 5698 3093 5735 summa
3130 5680 3394 5750 gravitate
3426 5678 3493 5731 ad

220 5756 638 5852 signumdatum
659 5795 689 5832 a
706 5777 965 5848 quopiam
981 5774 1524 5846 ephemereuta—sic
1545 5773 1863 5829 huiusmodi
1883 5775 2165 5830 ministros
2181 5775 2865 5845 nominant—priusquam
2890 5774 3260 5835 discumhant,
3288 5781 3496 5825 stantes

224 5893 317 5933 una
338 5878 486 5934 serie
518 5875 809 5935 decenter,
832 5872 1174 5939 sublatisque
1196 5873 1259 5925 ad
1289 5871 1500 5925 caelum
1520 5869 1777 5922 manibus
1798 5878 1962 5938 atque
1982 5870 2157 5923 oculis
2178 5886 2189 5921 :
2213 5870 2295 5923 his
2324 5870 2580 5939 quoniam
2601 5869 2911 5924 didicerunt
2935 5879 3179 5938 spectare
3206 5869 3483 5932 caelestia,

446 5972 729 6031 PATROL.
767 5968 881 6025 GR.
927 5966 1191 6025 XXXIV.
3018 5961 3085 6025 10
