4016 6424
629 371 737 425 τῖῖΜ
1916 354 2009 410 10.
2053 353 2181 408 PlCl

2249 352 2603 408 'RAEF-ATIO
3748 357 3835 411 ΞΕ

640 489 751 544 illis
802 494 990 556 utpote
1019 480 1351 551 incorruptis
1381 497 1411 534 a
1438 477 1761 533 muneribus
1778 483 1834 529 et
1861 481 2092 543 quaestu
2120 470 2311 525 illicito
2336 488 2348 523 :
2378 478 2694 541 precantur,
2712 479 2775 524 ut
2800 470 2911 525 Deo
2935 470 3146 540 placeat
3171 466 3566 523 idconvivium.
3594 467 3837 529 Absolutis

638 580 897 651 precibus
932 578 1177 631 seniores
1208 574 1579 636 discumbunt,
1615 587 1678 626 ac
1711 584 1838 623 mox
1862 567 1956 621 alii
1983 582 2083 637 pro
2115 565 2382 634 cuiusque
2403 564 2687 636 dignitate.
2715 564 2827 619 Nec
2855 565 3001 620 enim
3030 566 3275 619 seniores
3298 580 3363 618 ex
3395 563 3548 617 annis
3564 566 3834 632 aestimant,

639 673 734 728 sed
764 671 1113 742 quantumvis
1137 667 1475 739 grandaevos
1494 664 1698 719 habent
1720 676 1819 732 pro
1845 659 2056 729 pueris,
2088 658 2134 711 si
2166 672 2290 712 sero
2314 657 2631 711 institutum
2658 657 2763 711 hoc
2785 657 3053 727 complexi
3077 664 3233 722 sunt;
3262 656 3523 709 honorem
3546 672 3667 711 vero
3696 672 3835 713 sene-

639 768 808 823 ctutis
840 768 1093 821 tribuunt
1113 765 1202 820 his
1223 764 1319 833 qui
1352 764 1719 817 exercuerunt
1744 772 1801 811 se
1821 772 1851 809 a
1878 754 2162 808 iuventute
2189 752 2246 806 in
2270 752 2373 805 hac
2397 751 2767 821 pulcherrima
2788 750 3081 820 divinaque
3115 758 3267 820 parte
3290 748 3720 819 contemplativae
3734 751 3837 820 phi-

637 862 937 931 losophiae.
972 861 1319 916 Adhibentur
1343 872 1564 912 mensae
1582 853 1852 909 foeminae
1874 864 2115 920 quoque,
2140 864 2278 903 anus
2305 848 2618 919 pleraeque,
2639 846 2734 901 sed
2759 846 3021 917 virgines,
3045 862 3155 900 non
3174 852 3403 900 coactae
3427 844 3698 911 castitatis,
3723 846 3838 901 sicut

638 953 780 1023 apud
801 952 1040 1008 Graecos
1057 950 1324 1022 quaedam
1348 947 1710 1009 sacrificulae,
1735 944 1831 999 sed
1858 952 2051 1014 sponte
2083 942 2428 997 continentes
2463 956 2593 1011 prae
2624 954 2809 994 amore
2834 938 3155 1007 sapientiae,
3188 937 3345 993 cuius
3382 936 3562 991 studio
3585 952 3675 1006 per
3698 945 3836 994 totam

637 1050 805 1103 vitam
847 1052 1301 1115 contempserunt
1328 1043 1637 1111 voluptates
1665 1039 1933 1109 corporis,
1960 1038 2229 1091 nimirum
2272 1034 2512 1100 divinae,
2559 1050 2669 1089 non
2710 1034 2977 1098 mortalis,
3018 1034 3192 1103 prolis
3232 1032 3481 1102 cupidae,
3524 1048 3677 1102 quam
3719 1036 3838 1094 solae

638 1138 748 1191 Deo
780 1136 789 1205 ι
820 1136 1017 1190 charae
1040 1133 1251 1187 animae
1277 1147 1343 1185 ex
1366 1129 1562 1199 seipsis
1584 1129 1827 1199 pariunt,
1858 1126 2197 1196 excipientes
2222 1142 2324 1195 pro
2344 1125 2553 1180 semine
2592 1124 2968 1194 intelligibiles
2995 1124 3175 1178 Patris
3213 1123 3416 1189 radios,
3452 1132 3513 1178 ut
3544 1123 3745 1180 decreta
3768 1141 3836 1180 sa-

638 1230 878 1300 pientiae
901 1225 1325 1295 contemplando
1350 1223 1633 1294 percipere
1656 1223 1896 1277 valeant.
1925 1220 2245 1275 Discubitus
2271 1219 2345 1273 ita
2377 1217 2750 1283 distribuitur,
2772 1225 2833 1271 ut
2865 1232 3113 1272 seorsum
3138 1216 3239 1271 viri
3263 1208 3513 1271 dextrum
3544 1215 3696 1280 latus,
3718 1224 3836 1269 seo'r.

638 1341 758 1380 sum
775 1325 1044 1379 foeminae
1063 1322 1348 1376 sinistrum
1369 1327 1609 1374 teneant.
1639 1317 1795 1384 Quod
1822 1318 1868 1371 si
1893 1318 2019 1387 quis
2035 1316 2368 1386 suspicatur,
2396 1315 2733 1370 lectisternia
2750 1315 2854 1369 etsi
2878 1330 2987 1367 non
3008 1322 3346 1383 sumptuosa,
3367 1321 3515 1367 certe
3539 1311 3836 1367 molliuscula

628 1416 817 1485 parari
853 1414 1168 1467 hominibus
1188 1411 1443 1483 ingenuis
1469 1418 1525 1462 et
1555 1407 1933 1479 philosophiae
1973 1407 2195 1470 deditis,
2229 1405 2365 1459 sciat
2398 1421 2519 1460 esse
2554 1413 2759 1475 tegetes
2790 1404 2953 1459 rudes
2978 1420 3007 1459 e
3040 1404 3134 1458 vili
3159 1412 3438 1459 contextas
3462 1404 3696 1467 materia,
3719 1403 3837 1456 vidc-

636 1510 767 1565 licet
797 1525 827 1563 e
852 1523 1055 1578 papyro
1083 1502 1361 1576 indigena,
1388 1503 1469 1555 sic
1492 1500 1648 1555 humi
1676 1508 1944 1571 aggestas,
1980 1507 2040 1553 ut
2060 1497 2355 1553 cminendo
2379 1496 2607 1550 fulciant
2630 1496 2866 1551 cubitos.
2904 1496 3214 1550 Remittunt
3248 1495 3395 1550 enim
3422 1494 3693 1565 paululum
3718 1496 3834 1549 illam

635 1599 934 1654 laconicam
962 1597 1286 1666 di5ciplinae
1325 1592 1607 1656 duritiam,
1644 1606 1862 1661 semper
1917 1598 1974 1644 et
2018 1590 2226 1658 ubique
2268 1588 2563 1658 probantes
2588 1587 2871 1642 liberalem
2904 1587 3287 1656 frugalitatem,
3317 1586 3448 1641 totis
3474 1585 3678 1641 viribus
3710 1595 3834 1640 aver-

636 1691 808 1747 sando
830 1691 1125 1760 voluptatis
1146 1688 1453 1744 illecebras.
1484 1707 1501 1737 ι
1534 1687 1605 1741 Et
1629 1686 1792 1756 paulo
1810 1693 1935 1755 post
1960 1703 1971 1737 :
2006 1704 2023 1735 ι
2060 1684 2260 1738 Vinum
2295 1698 2392 1753 per
2422 1683 2546 1737 illos
2572 1682 2692 1736 dies
2711 1698 2821 1736 non
2848 1681 3167 1751 praebetur,
3192 1681 3287 1736 sed
3312 1696 3455 1751 aqua
3480 1680 3831 1751 limpidissima,

637 1788 837 1841 ceteris
860 1786 1076 1857 frigida,
1105 1784 1279 1839 calida
1312 1798 1442 1837 vero
1468 1782 1555 1836 his
1582 1781 1678 1851 qui
1710 1780 1853 1834 inter
1881 1780 2126 1834 seniores
2146 1786 2452 1833 tractantur
2477 1777 2785 1833 delicatius.
2822 1778 3003 1832 Mensa
3029 1791 3164 1847 pura
3190 1786 3276 1831 est
3302 1792 3332 1831 a
3356 1777 3600 1831 cruentis
3622 1776 3830 1847 dapibus.

639 1871 742 1935 Pro
770 1880 892 1934 cibo
910 1879 1066 1949 panis
1089 1877 1403 1947 apponitur,
1432 1876 1508 1929 sal
1536 1890 1636 1945 pro
1669 1873 1923 1937 obsonio,
1951 1879 2009 1927 et
2041 1886 2143 1942 pro
2170 1870 2523 1925 condimento
2546 1869 2815 1941 hyssopus
2840 1869 2897 1922 in
2919 1869 3277 1923 delicatorum
3299 1868 3547 1939 gratiam.
3572 1866 3833 1937 Operantur

638 1976 783 2030 enim
820 1984 878 2029 ut
911 1974 1223 2028 sacerdotes
1260 1972 1431 2026 sacris
1454 1971 1759 2033 abstemiis,
1787 1977 1899 2023 tota
1938 1969 2122 2022 vietus
2165 1967 2375 2021 ratione
2422 1966 2682 2036 castigata
2719 1964 2786 2019 ad
2820 1964 3050 2019 eandem
3087 1964 3475 2035 frugalitatem.
3513 1965 3644 2020 Nam
3679 1963 3828 2017 vinum

639 2068 843 2123 habent
868 2083 966 2137 pro
991 2082 1203 2120 veneno
1222 2065 1490 2119 afferente
1527 2062 1882 2126 dementiam,
1911 2061 2155 2131 opiparis
2178 2068 2361 2114 autem
2393 2058 2641 2113 obsoniis
2663 2058 2818 2111 aiunt
2846 2057 3050 2111 irritari
3091 2056 3612 2127 concupiscentiam,
3637 2056 3828 2111 helluam

634 2164 1069 2219 insaturabilem.
1097 2162 1241 2216 Haec
1268 2168 1395 2215 sunt
1427 2161 1651 2215 exordia
1681 2158 1946 2213 convivii.
1982 2178 1999 2209 ι
2038 2158 2106 2212 Ει
2139 2165 2264 2226 post
2294 2172 2466 2227 pauca
2500 2155 2754 2209 subditur
2781 2171 2795 2207 :
2826 2173 2844 2205 ι
2872 2154 3264 2208 Enarrationes
3293 2161 3477 2207 autem
3506 2166 3760 2207 sacrarum
3783 2148 3823 2203 li-

641 2266 879 2311 terarum
908 2264 1159 2309 constant
1185 2271 1252 2309 ex
1279 2253 1578 2323 allegoriis.
1605 2250 1745 2307 Nam
1775 2250 1833 2304 hi
1854 2249 1957 2304 viri
1995 2256 2163 2303 totam
2190 2248 2364 2319 legem
2392 2248 2707 2302 existimant
2744 2247 2946 2302 habere
2987 2244 3237 2300 animalis
3266 2244 3692 2307 similitudinem,
3723 2242 3828 2312 quod

640 2356 927 2419 praecepta
958 2362 1157 2416 corpus
1184 2344 1448 2407 referant,
1472 2342 1715 2398 animam
1745 2356 1879 2396 vero
1906 2339 2213 2395 sententiae
2250 2339 2580 2392 retrusiores
2625 2338 2726 2393 sub
2754 2338 3025 2393 velamine
3055 2336 3354 2391 verborum
3391 2334 3624 2389 abditae.
3665 2334 3717 2388 ln
3739 2333 3830 2401 qui-

638 2442 741 2495 bus
769 2441 1055 2494 rationalis
1072 2438 1251 2493 anima
1274 2438 1495 2509 egregie
1520 2436 1759 2507 seipsam
1779 2436 2187 2505 contemplatur
2211 2443 2467 2503 tanquam
2496 2433 2551 2488 in
2577 2433 2819 2503 speculo,
2849 2433 2950 2487 sub
2977 2432 3064 2485 his
3085 2431 3217 2501 ipsis
3242 2430 3431 2485 verbis
3449 2430 3638 2484 miram
3661 2436 3832 2482 senten-

637 2531 835 2584 tiarum
879 2530 1353 2599 pulchritudinem
1381 2527 1733 2598 conspiciens
1759 2533 1814 2582 et
1842 2527 2121 2596 explicans
2165 2540 2196 2579 e
2241 2524 2348 2595 ﬂgu
2381 2525 2391 2595 |
2424 2540 2609 2579 rarum
2659 2524 2978 2587 involucris,
3030 2532 3193 2592 atque
3233 2522 3309 2576 ita
3354 2521 3673 2592 penitiorem
3704 2516 3830 2573 intel-

635 2620 838 2677 lectum
867 2622 920 2674 in
959 2622 1137 2675 lucem
1163 2619 1473 2689 producens
1504 2618 1770 2673 duntaxat
1796 2617 1940 2688 apud
1968 2632 2084 2681 eos,
2109 2616 2203 2686 qui
2233 2632 2331 2685 per
2365 2617 2708 2670 occasionem
2743 2614 3011 2669 admoniti
3060 2615 3243 2668 sciunt
3286 2614 3526 2669 obscura
3566 2629 3631 2668 ex
3670 2610 3833 2682 apertis

630 2716 913 2787 colligere.
942 2714 1043 2771 Ubi
1072 2729 1206 2767 vero
1234 2728 1455 2784 praeses
1478 2712 1630 2767 visus
1650 2720 1735 2767 est
1759 2728 1875 2766 rem
1904 2711 2044 2766 bene
2087 2709 2374 2765 tractando
2420 2709 2749 2765 satisfecisse
2788 2709 3101 2763 auditorum
3132 2707 3437 2773 desiderio,
3478 2709 3692 2779 plausus
3731 2719 3828 2775 pro-

630 2811 813 2880 palam
839 2810 1023 2865 editur
1051 2810 1118 2863 ab
1145 2808 1422 2863 omnibus.
1453 2807 1593 2862 Tum
1620 2808 1711 2863 ille
1744 2824 2037 2878 assurgens
2066 2807 2328 2878 hymnum
2357 2806 2413 2860 in
2446 2806 2661 2860 laudem
2685 2806 2781 2860 Dei
2821 2807 3033 2875 primus
3056 2807 3222 2870 canit,
3245 2816 3348 2860 aut
3375 2820 3565 2860 recens
3594 2820 3622 2857 a
3642 2818 3693 2857 se
3717 2814 3829 2855 com-

636 2905 896 2973 positum,
954 2912 1048 2957 aut
1109 2904 1458 2973 desumptum
1519 2903 1587 2956 ab
1635 2903 1820 2972 aliquo
1862 2912 2047 2957 vatum
2091 2910 2358 2957 veterum.
2427 2901 2653 2956 Exstant
2697 2901 2847 2955 enim
2909 2901 3075 2956 huius
3123 2900 3350 2971 generis
3397 2901 3633 2955 carmina
3672 2896 3830 2969 prisca,

634 3010 797 3048 versu
849 2996 1120 3057 trimetro,
1171 3001 1227 3047 et
1285 2992 1474 3064 hymni
1523 3008 1648 3045 cum
1696 2993 1812 3047 suis
1858 2992 2180 3047 accentibus
2227 2993 2372 3045 inter
2422 3006 2575 3045 sacra
2626 2990 2856 3045 canendi
2926 2998 3049 3045 ante
3091 2990 3308 3053 altaria,
3363 2990 3451 3044 vel
3507 3005 3537 3044 a
3589 2986 3831 3046 stantibus,

635 3084 720 3137 vel
790 3100 821 3138 a
885 3083 1114 3137 choreas
1177 3081 1509 3135 ducentibus
1574 3081 1884 3136 moderatas
1952 3082 2120 3136 variis
2184 3081 2418 3135 flexibus
2487 3089 2652 3150 atque
2717 3081 3029 3135 reflexibus.
3076 3081 3396 3136 Praesulem
3431 3096 3555 3135 mox
3597 3079 3832 3134 imitantur

635 3174 808 3228 ceteri
870 3174 1088 3227 decenti
1169 3173 1365 3228 ordine
1394 3213 1407 3237 ,
1459 3172 1715 3227 omnibus
1772 3173 1979 3227 intente
2047 3172 2343 3241 quieteque
2414 3172 2884 3237 auscultantibus,
2952 3180 3335 3242 praeterquam
3395 3172 3451 3225 in
3517 3170 3619 3226 ﬁne
3685 3163 3828 3237 hymni

635 3275 988 3334 extremaque
1062 3266 1323 3320 clausula.
1393 3265 1550 3319 Tunc
1617 3266 1763 3318 enim
1825 3263 2065 3319 universi
2135 3278 2326 3318 vocem
2377 3264 2677 3329 extollunt,
2754 3264 2871 3318 sine
2927 3279 3089 3318 sexus
3150 3262 3488 3319 discrimine.
3539 3280 3557 3314 ι
3600 3262 3696 3315 Ista
3731 3262 3829 3311 sunt

637 3357 881 3411 Philonis
902 3356 1085 3410 verba.
1116 3356 1264 3422 Quae
1284 3364 1552 3427 quantum
1601 3356 1669 3410 ad
1709 3356 2029 3426 religionem
2065 3355 2421 3410 christianam
2465 3363 2522 3410 et
2548 3355 2974 3409 ecclesiasticum
3012 3354 3259 3409 ordinem
3299 3354 3516 3419 faciant,
3541 3352 3729 3423 liquido
3754 3348 3827 3402 de-

636 3449 804 3501 clarat
826 3447 1092 3502 Eusebius
1114 3448 1484 3503 Caesariensis
1506 3448 1775 3503 Historiae
1800 3448 2212 3503 Ecclesiasticae
2244 3447 2386 3502 libro
2410 3447 2672 3502 secundo.
2708 3446 2809 3513 Qui
2837 3448 3055 3517 quidem
3094 3446 3291 3501 horum
3320 3447 3655 3518 θεραπευτῶν
3673 3443 3826 3498 ducem

632 3539 863 3594 afﬁrmat
887 3555 1007 3595 esse
1035 3542 1257 3595 beatum
1300 3540 1539 3595 Marcum
1577 3541 1885 3610 apostolum
1926 3550 1983 3596 et
2006 3541 2416 3611 evangelistam,
2445 3541 2685 3610 primum
2717 3541 3075 3596 Alexandriae
3111 3540 3449 3610 episcopum,
3489 3539 3825 3603 Philonemque

633 3632 1034 3687 ecclesiasticae
1065 3632 1427 3687 institutionis
1454 3632 1611 3687 initia
1644 3640 1700 3686 et
1734 3632 1997 3703 originem
2024 3633 2355 3703 apostolicae
2382 3642 2544 3702 atque
2568 3634 2731 3687 etiam
2757 3633 3100 3703 evangelicae
3124 3630 3437 3687 traditionis
3463 3632 3630 3687 eidem
3647 3624 3826 3697 Suppli-

634 3737 757 3776 cum
791 3724 933 3779 libro
961 3726 1277 3790 intexuisse,
1310 3725 1389 3779 sic
1434 3724 1681 3778 scribens
1703 3724 1719 3754 ³
1748 3742 1760 3776 :
1805 3742 1824 3775 ι
1869 3724 2111 3779 Marcum
2145 3726 2293 3781 hunc
2329 3725 2565 3795 primum
2605 3726 2760 3780 aiunt
2802 3725 2869 3779 ad
2912 3725 3209 3795 Aegyptum
3248 3726 3499 3789 missum,
3534 3720 3823 3793 evangelium

630 3816 765 3877 illic,
792 3816 940 3885 quod
972 3826 1028 3871 et
1071 3817 1493 3887 conscripserat,
1536 3816 1905 3886 praedicasse,
1935 3816 2282 3887 primumque
2304 3817 2568 3871 ecclesias
2600 3816 2962 3870 Alexandriae
2996 3815 3368 3871 constituisse.
3398 3817 3561 3871 Tanta
3592 3824 3748 3869 autem
3768 3806 3825 3863 ibi

634 3906 974 3963 credentium
1000 3910 1243 3963 virorum
1275 3925 1339 3963 ac
1363 3910 1656 3963 mulierum
1682 3910 1978 3965 multitudo
2002 3910 2180 3980 prima
2211 3911 2526 3965 accessione
2560 3926 2657 3980 per
2690 3910 3011 3965 exercitium
3037 3909 3473 3979 philosophicum
3501 3907 3760 3965 admodum
3777 3916 3825 3955 ac

634 4000 1113 4071 diligentissimum
1160 4000 1391 4054 collecta
1429 4010 1515 4054 est
1536 4040 1550 4064 ,
1593 4009 1656 4054 ut
1692 4000 1956 4056 exercitia
2000 4016 2225 4066 eorum,
2270 4010 2593 4066 conventus,
2628 4001 2919 4072 symposia,
2955 4009 3013 4054 et
3039 4001 3350 4055 universam
3374 4017 3435 4056 re
3466 4001 3475 4073 Ι
3507 4001 3692 4070 liquam
3710 3995 3824 4050 vitae

636 4092 1101 4151 conversationem
1134 4092 1290 4146 Philo
1333 4092 1509 4146 literis
1550 4093 1813 4148 mandare
1854 4094 2112 4164 dignatus
2145 4095 2236 4150 sit.
2271 4096 2467 4151 Fertur
2509 4096 2680 4151 etiam
2716 4098 2807 4152 hic
2850 4096 3007 4152 Philo
3040 4098 3244 4151 Romae
3276 4098 3381 4152 sub
3410 4096 3630 4152 Claudio
3655 4092 3713 4148 ad
3739 4088 3825 4143 col-

636 4184 878 4253 loquium
909 4183 1053 4238 Petri
1089 4182 1348 4238 Romanis
1391 4192 1506 4238 tum
1551 4184 1921 4254 praedicantis
1955 4186 2189 4240 venisse.
2266 4186 2454 4256 Neque
2497 4187 2602 4241 hoc
2646 4203 2779 4242 vero
2815 4187 3077 4242 disslmile
3114 4198 3215 4242 est.
3254 4186 3680 4244 Commentarius
3707 4180 3822 4236 enim

635 4278 748 4338 ille,
774 4292 935 4345 quem
982 4276 1195 4329 tandem
1232 4275 1302 4329 ab
1349 4290 1416 4330 eo
1459 4276 1859 4346 posterioribus
1894 4278 2235 4346 temporibus
2259 4279 2599 4333 elaboratum
2636 4294 2756 4333 esse
2780 4280 3034 4343 dicimus,
3066 4280 3348 4336 Ecclesiae
3377 4294 3625 4342 canones,
3661 4273 3741 4344 qui
3770 4267 3822 4323 ad

638 4368 773 4421 haec
809 4376 992 4420 nostra
1026 4383 1197 4436 usque
1221 4376 1465 4437 tempora
1486 4376 1793 4433 servantur,
1819 4367 2103 4423 manifeste
2126 4369 2388 4424 continet.
2424 4371 2537 4425 lmo
2564 4372 2820 4440 quoniam
2848 4372 3015 4425 vitam
3047 4371 3211 4425 etiam
3251 4373 3620 4443 religiosorum
3646 4373 3822 4421 nostro-

640 4477 761 4519 rum
786 4473 949 4527 quam
975 4460 1089 4512 fieri
1125 4460 1305 4528 potuit
1338 4459 1749 4514 accuratissime
1780 4460 2089 4531 descripsit,
2119 4461 2251 4514 satis
2278 4460 2624 4516 manifestum
2650 4463 2998 4532 relinquitur,
3020 4478 3131 4516 non
3156 4462 3318 4517 modo
3347 4463 3545 4517 vidisse
3567 4472 3681 4514 eum
3706 4455 3824 4509 viros

639 4552 760 4605 illos
786 4550 1110 4619 apostolicos
1155 4550 1239 4602 sui
1277 4551 1541 4621 temporis
1579 4566 1648 4606 ex
1692 4552 1973 4617 Hebraeis,
2022 4562 2085 4607 ut
2120 4567 2253 4606 vero
2296 4552 2472 4606 simile
2505 4561 2608 4617 est,
2630 4557 2923 4623 profectos,
2959 4556 3031 4610 ob
3057 4572 3286 4626 eamque
3326 4569 3541 4610 causam
3564 4550 3821 4621 priscorum

642 4642 802 4696 ritum
826 4641 1005 4695 adhuc
1036 4656 1189 4694 more
1233 4641 1565 4696 Judaeorum
1591 4642 1968 4706 observantes,
1993 4642 2088 4697 sed
2110 4653 2167 4697 et
2189 4642 2470 4709 probasse,
2498 4642 2824 4712 divinosque
2846 4654 2903 4698 et
2928 4644 3186 4700 honestos
3210 4645 3497 4700 iudicasse.
3519 4642 3644 4696 Cum
3666 4631 3823 4706 primis

637 4744 693 4788 et
726 4734 828 4786 hoc
876 4732 1067 4800 liquet,
1094 4733 1239 4801 quod
1262 4734 1399 4787 nihil
1427 4735 1570 4788 ultra
1602 4734 1888 4789 veritatem
1926 4735 2147 4790 aliunde
2171 4746 2266 4791 aut
2295 4753 2361 4790 ex
2400 4737 2578 4806 seipso
2612 4737 2717 4798 his,
2753 4753 2893 4806 quae
2924 4737 3165 4792 scribere
3202 4746 3429 4792 conatus
3456 4734 3588 4797 fuit,
3625 4727 3823 4784 adiicere

638 4828 828 4881 volens
867 4827 921 4881 in
960 4844 1026 4880 eo
1064 4827 1225 4891 libro,
1261 4844 1421 4898 quem
1446 4829 1513 4884 de
1553 4830 1663 4885 vita
1684 4830 2103 4899 contemplativa
2133 4841 2229 4887 aut
2252 4832 2321 4887 de
2349 4833 2702 4901 precantibus
2727 4833 3027 4903 inscripsit,
3075 4833 3315 4888 cultores
3346 4848 3461 4896 eos,
3500 4838 3555 4885 et
3581 4824 3822 4882 mulieres:

637 4933 777 4989 quae
797 4934 922 4972 cum
962 4919 1241 4981 eiserant.
1277 4919 1533 4975 cultrices
1548 4923 1727 4975 vocari
1753 4922 1972 4986 dixerit,
1990 4938 2318 4993 causamque
2352 4925 2730 4993 appellationis
2747 4925 2911 4979 huius
2933 4925 3215 4987 adiecerit,
3237 4934 3332 4979 aut
3351 4922 3491 4993 quod
3525 4918 3718 4974 animos
3750 4921 3825 4962 ac-

638 5012 994 5067 cedentiuma
1031 5012 1375 5081 passionihus
1394 5014 1631 5069 malitiae
1671 5015 1842 5069 instar
1876 5015 2210 5071 medicorum
2244 5018 2542 5071 liberantes
2561 5016 2877 5071 curaverint
2896 5033 2959 5071 ac
2985 5017 3315 5079 sanaverint,
3346 5015 3429 5069 vel
3451 5009 3591 5083 quod
3626 5002 3825 5060 caeleste

640 5118 841 5157 numen
891 5106 1092 5159 mundo
1131 5107 1283 5159 cultu
1325 5105 1645 5175 sinceraque
1678 5107 1939 5176 religione
1978 5109 2221 5162 venerati
2255 5109 2382 5163 sint.
2419 5108 2544 5162 Sive
2576 5108 2742 5178 igitur
2772 5109 2914 5163 hanc
2957 5108 3065 5163 illis
3103 5108 3512 5177 appellationem
3551 5101 3615 5155 de
3653 5106 3740 5149 suo
3766 5084 3824 5139 οἱ)

640 5194 945 5263 praedictas
975 5212 1165 5251 causas
1202 5197 1478 5267 imposuit,
1510 5213 1817 5265 nomenque
1850 5197 2091 5252 virorum
2126 5199 2355 5253 istorum
2392 5199 2612 5269 proprie
2649 5200 2752 5254 hoc
2786 5212 2944 5269 pacto
2998 5199 3305 5268 descripsit,
3340 5198 3453 5253 sive
3492 5191 3662 5249 statim
3692 5178 3825 5237 initio

639 5299 768 5335 vere
792 5284 871 5336 sic
899 5286 1073 5338 vocati
1095 5286 1222 5349 sint,
1249 5301 1373 5340 cum
1403 5285 1775 5341 Christianum
1795 5302 1995 5341 nomen
2020 5288 2442 5358 haudquaquam
2478 5297 2592 5343 tum
2618 5291 2815 5359 quovis
2842 5292 2963 5346 loco
2987 5291 3382 5355 celebraretur,
3402 5304 3509 5343 non
3528 5293 3607 5340 est
3624 5284 3821 5335 necesse

642 5384 701 5428 ut
728 5374 1138 5429 contendamus.
1170 5376 1284 5430 Hoc
1316 5386 1495 5431 tamen
1514 5393 1637 5431 cum
1660 5380 1853 5447 primis
1890 5388 2140 5444 testatur,
2163 5380 2307 5448 quod
2336 5379 2688 5437 facultatibus
2715 5384 2829 5437 suis
2858 5384 3253 5449 renunciarint,
3286 5399 3350 5438 ac
3373 5380 3528 5438 bonis
3549 5376 3611 5432 ad
3642 5388 3693 5428 se
3715 5382 3820 5438 per-

642 5462 946 5517 tinentibus
977 5463 1245 5519 cesserint
1285 5466 1340 5518 hi
1365 5467 1459 5536 qui
1486 5467 1858 5537 philosophari
1883 5468 2225 5538 coepissent;
2255 5469 2454 5525 deinde
2485 5481 2543 5526 et
2563 5489 2594 5527 a
2626 5488 2733 5527 cun
2765 5473 2774 5544 |
2806 5473 2909 5528 ctis
2934 5474 3077 5529 vitae
3106 5474 3273 5529 huius
3304 5473 3451 5529 curis
3472 5459 3815 5524 abstinuerint,

644 5552 953 5621 relictisque
988 5553 1159 5607 muris
1185 5555 1239 5607 in
1263 5557 1406 5624 agris
1426 5567 1482 5610 et
1518 5557 1691 5612 hortis
1717 5560 1961 5615 solitaria
1990 5561 2295 5616 conversati
2326 5563 2455 5626 sint,
2480 5572 2632 5618 certo
2658 5565 2894 5620 scientes
2917 5567 3192 5621 consortia
3221 5580 3408 5621 eorum
3425 5604 3440 5627 ,
3471 5560 3559 5632 qui
3582 5557 3814 5621 disimem

640 5643 1008 5784 scquleblantur
1051 5644 1268 5787 vivieéidi
1306 5647 1594 5715 rationem,
1619 5650 1830 5704 inutilia
1852 5660 1907 5705 et
1936 5652 2098 5707 noxia
2123 5667 2244 5708 esse
2274 5653 2381 5709 illis
2404 5654 2496 5724 qui
2533 5663 2648 5710 tum
2667 5657 2933 5725 temporis
2964 5658 3088 5724 hoc,
3135 5670 3195 5715 ut
3226 5673 3324 5731 par
3356 5649 3731 5722 erat,agebant,
3770 5646 3817 5691 ιιι

812 5749 827 5784 ι
874 5748 1093 5787 .ncan.
1224 5749 1308 5787 so.
1493 5766 1496 5769 η

812 5748 885 5784 ιι).
918 5748 954 5786 n
979 5748 1093 5806 cap.
1128 5748 1197 5787 w
1224 5749 1308 5803 sq.
