4016 6440
236 420 335 477 ‘29?)
1052 420 1141 475 AD
1204 410 1596 474 VERSIONEM
1640 412 1794 469 [ΛΤ.
1842 414 2005 469 llOM.
2050 416 2105 470 S.
2142 416 2424 471 MACARII
2461 416 2805 473 AEGYPTH.
3422 416 3529 471 296

250 541 408 601 alacri
439 539 821 609 ferventique
869 538 972 593 ﬁde
997 551 1092 592 eos
1127 537 1476 591 imitarentur
1501 536 1593 605 qui
1625 535 2003 604 prOpheticam
2043 535 2210 589 vitam
2248 534 2545 588 ducebant.
2580 534 2800 588 Etenim
2838 542 2895 588 et
2947 533 2998 587 in
3050 533 3201 589 Actis
3249 537 3530 605 apostolo-

260 650 372 691 rum
401 634 446 699 ί,
479 632 555 703 de
596 634 821 703 quibus
852 632 988 686 nihil
1021 639 1105 684 est
1135 628 1313 692 dubii,
1343 628 1450 681 hoc
1494 622 1854 690 memoratur,
1893 626 2040 694 quod
2074 641 2265 681 omnes
2308 627 2696 696 Apostolorum
2747 626 3002 696 discipuli
3051 630 3426 697 poSsessiones
3463 644 3530 686 ac

262 730 544 784 facultates
576 743 717 781 suas
766 724 1076 780 divenditas
1110 722 1325 777 cunctis
1367 720 1774 784 distribuerint,
1810 720 1959 774 iuxta
2000 719 2145 788 quod
2197 720 2439 774 cuiusvis
2470 719 2723 790 exigebat
2757 721 3075 786 necessitas,
3116 721 3191 777 ita
3246 733 3309 778 ut
3365 739 3531 780 nemo

264 839 483 893 prorsus
508 824 664 878 inter
701 838 800 877 eos
818 829 1024 891 egeret.
1060 818 1341 886 Quotquot
1364 817 1534 880 enim,
1560 815 1705 869 sicut
1738 814 1856 883 ipsa
1885 813 2054 867 verba
2095 812 2316 876 habent,
2336 827 2678 883 possessores
2698 823 2856 868 erant
2881 829 3137 884 agrorum
3164 824 3259 869 aut
3283 816 3526 880 aedium,

266 913 665 977 vendiderunt,
700 930 765 968 ac
816 913 1056 983 pretium
1097 910 1487 965 distractorum
1518 908 1787 961 bonorum
1820 905 2114 959 afferentes
2145 904 2213 959 ad
2244 907 2412 975 pedes
2441 904 2827 974 Apostolorum
2860 906 3164 975 ponebant,
3198 906 3267 960 ad
3318 908 3442 975 hoc,
3468 920 3527 966 ut

270 1002 491 1071 singulis
532 1003 842 1056 secundum
868 1001 1109 1056 cuiusvis
1146 998 1532 1053 necessitatem
1579 994 2002 1064 expenderetur.
2045 994 2363 1050 Consimilia
2406 995 2524 1049 istis
2554 994 2866 1064 praedictus
2896 996 3051 1050 Philo
3085 996 3426 1065 testiﬁcatus,
3460 1003 3526 1056 ad

277 1094 493 1147 verbum
540 1096 769 1149 subiicit
795 1094 1021 1148 dicens:
1059 1111 1078 1143 ι
1113 1092 1211 1146 Est
1242 1098 1426 1145 autem
1480 1089 1537 1143 in
1577 1087 1765 1142 multis
1796 1086 2018 1155 quidem
2053 1095 2319 1140 terrarum
2353 1086 2489 1141 locis
2530 1086 2635 1140 hoc
2669 1102 2841 1156 genus
2871 1086 3193 1155 hominum;
3239 1091 3530 1159 oportebat

274 1186 413 1238 enim
445 1186 677 1254 perfecti
711 1186 840 1240 boni
872 1185 1161 1255 participes
1180 1183 1298 1238 fieri
1320 1192 1427 1237 tam
1450 1182 1689 1237 Graecos
1714 1195 1879 1251 quam
1903 1181 2173 1234 Barbaros
2199 1196 2423 1234 :verum
2448 1181 2503 1234 in
2529 1180 2771 1258 Aegypto
2796 1182 2850 1235 in
2885 1182 3116 1253 singulis
3142 1185 3523 1265 praefecturis,

269 1280 428 1333 sicuti
450 1290 674 1345 vocant,
703 1280 965 1344 abundat,
993 1288 1049 1333 et
1079 1280 1315 1332 maxime
1360 1277 1506 1331 circa
1535 1273 1941 1329 Alexandriam.
1969 1274 2221 1342 Undique
2254 1282 2436 1328 autem
2463 1274 2703 1342 optimus
2744 1276 2977 1343 quisque
3009 1275 3160 1329 velut
3192 1276 3245 1329 in
3269 1279 3523 1346 patriam,

267 1368 341 1421 ita
382 1369 437 1421 in
470 1370 751 1424 cultorum
792 1370 1063 1425 coloniam
1092 1369 1161 1423 ad
1193 1367 1699 1423 commodissimum
1732 1366 1935 1429 locum,
1980 1365 2076 1435 qui
2107 1366 2249 1421 laeui
2295 1366 2496 1420 Mariae
2541 1365 2596 1419 in
2629 1368 2840 1420 tumulo
2888 1367 3246 1422 submissiore
3288 1368 3522 1431 adiacet,

262 1459 568 1513 admodum
595 1470 900 1529 opportune
944 1468 1170 1528 propter
1204 1459 1557 1514 securitatem
1589 1459 1841 1528 aerisque
1872 1459 2195 1528 temperiem
2229 1474 2348 1513 sese
2382 1458 2597 1527 recipit.
2633 1478 2650 1510 ›
2691 1459 2901 1514 Deinde
2932 1471 2989 1514 et
3032 1460 3399 1517 habitationes
3425 1479 3524 1518 eo.

262 1566 415 1613 rum,
450 1552 642 1619 quales
688 1553 811 1607 illae
864 1554 1091 1617 fuerint,
1119 1552 1459 1615 describens,
1486 1552 1554 1606 de
1597 1552 1851 1606 ecclesiis
1874 1551 1997 1606 eius
2034 1551 2274 1621 regionis
2303 1551 2441 1605 haec
2478 1551 2650 1605 dicit:
2690 1570 2708 1601 ι
2742 1551 2802 1605 In
2836 1552 3063 1622 singulis
3093 1561 3278 1607 autem
3306 1569 3522 1609 sacrum

266 1640 629 1695 domicilium
655 1650 757 1705 est,
790 1642 935 1710 quod
958 1635 963 1639 ’
986 1644 1229 1711 σεμνεῖον
1251 1650 1309 1696 et
1348 1640 1718 1695 monasterion
1741 1648 1967 1694 vocatur
1994 1657 2009 1706 ;
2039 1640 2096 1694 in
2129 1656 2240 1710 quo
2266 1651 2569 1705 manentes,
2598 1641 2859 1696 honestae
2884 1658 2949 1697 ac
2990 1653 3207 1697 sanctae
3228 1645 3373 1700 vitae
3402 1661 3522 1716 my—

257 1734 439 1788 steria
463 1735 764 1797 celebrant,
788 1735 926 1789 nihil
952 1736 1046 1791 illo
1069 1734 1393 1799 inferentes,
1428 1734 1436 1803 Ι
1468 1750 1572 1789 nec
1588 1742 1800 1803 potum,
1822 1750 1927 1789 nec
1952 1734 2157 1798 cibum,
2181 1749 2361 1803 neque
2385 1734 2533 1788 aliud
2556 1734 2854 1803 quidquam
2877 1750 3218 1804 eorumquae
3242 1729 3310 1790 ad
3332 1752 3524 1806 corpo~

264 1826 349 1878 ris
393 1836 525 1879 sunt
561 1828 1011 1882 sustentationem
1044 1828 1371 1892 necessaria,
1405 1827 1504 1882 sed
1537 1827 1683 1896 leges
1708 1835 1765 1881 et
1796 1827 2019 1882 oracula
2050 1826 2439 1896 prophetarum
2472 1835 2529 1881 et
2563 1827 2794 1897 hymnos
2826 1842 2888 1882 ac
2923 1828 3134 1896 reliqua
3178 1822 3519 1893 huiusmodi,

258 1914 477 1983 quibus
507 1914 730 1970 scientia
752 1925 809 1971 et
829 1917 1004 1985 pietas
1030 1925 1333 1987 augescunt
1354 1924 1410 1970 et
1442 1923 1911 1970 consummantur.
1952 1934 1971 1968 ι
1998 1916 2066 1970 Et
2090 1917 2369 1986 aliquanto
2391 1926 2513 1987 post
2544 1917 2713 1972 dicit:
2744 1917 2974 1973 «Totum
3009 1924 3191 1973 autem
3222 1914 3355 1972 illud
3381 1929 3522 1974 tem-

271 2003 434 2071 poris
474 2005 737 2073 spacium,
780 2007 927 2075 quod
952 2022 983 2061 a
1014 2006 1256 2062 diluculo
1287 2015 1372 2062 est
1409 2021 1583 2075 usque
1628 2005 1697 2060 ad
1744 2021 2052 2075 vesperam,
2105 2007 2159 2060 in
2190 2008 2511 2063 exercitium
2554 2009 2661 2063 illis
2713 2010 3027 2063 insumitur.
3084 2008 3280 2064 Sacras
3318 2011 3520 2081 quippe

260 2094 587 2164 Scripturas
610 2098 850 2168 legentes
880 2088 1352 2168 philosophantur,
1380 2113 1443 2153 ac
1480 2097 1713 2167 patriam
1740 2097 2137 2167 philosophiam
2177 2096 2469 2169 allegorice
2503 2106 2759 2153 tractant.
2798 2094 3015 2155 Etenim
3039 2111 3235 2170 putant
3264 2119 3350 2167 ea,
3379 2116 3521 2173 quae

264 2186 322 2240 in
364 2187 653 2242 manifesta
677 2198 804 2244 sunt
837 2189 1242 2260 Scripturarum
1271 2190 1612 2260 expositione
1642 2230 1656 2256 ,
1691 2189 1959 2260 quaedam
1995 2204 2116 2245 esse
2158 2190 2509 2245 absconditae
2543 2200 2772 2247 naturae
2798 2193 3041 2264 symbola
3082 2210 3180 2264 per
3209 2194 3412 2267 ﬁguras
3444 2195 3521 2250 si.

271 2280 550 2348 gniﬁcata.
583 2281 797 2337 Habent
823 2291 881 2337 et
908 2284 1329 2338 commentarios
1352 2285 1659 2354 priscorum
1686 2284 1955 2349 virorum,
1980 2285 2074 2355 qui
2116 2299 2241 2339 cum
2304 2284 2595 2340 haereseos
2639 2285 2883 2355 ipsorum
2923 2288 3091 2341 duces
3117 2295 3320 2351 essent,
3348 2288 3519 2341 multa

278 2371 345 2427 in
374 2372 542 2432 forma
594 2389 784 2431 rerum
811 2374 1103 2445 allegorice
1142 2374 1469 2429 traditarum
1502 2382 1627 2442 post
1654 2388 1713 2428 se
1754 2383 2111 2429 monumenta
2155 2372 2521 2443 reliquerunt,
2550 2375 2753 2445 quibus
2791 2384 3048 2445 tanquam
3083 2376 3393 2447 archetypis
3436 2379 3519 2430 usi

273 2470 538 2538 propositi
566 2468 785 2523 illorum
808 2466 1093 2525 imitantur
1120 2466 1411 2520 rationem.
1459 2485 1478 2517 ι
1512 2467 1658 2520 Haec
1700 2465 1867 2536 igitur
1900 2466 1977 2520 ita
2021 2465 2285 2519 videntur
2329 2465 2398 2519 ab
2436 2466 2543 2521 hoc
2573 2467 2696 2521 viro
2730 2467 2897 2532 dicta,
2937 2477 2999 2522 ut
3022 2476 3335 2537 appareat,
3364 2467 3516 2521 illum

267 2575 462 2616 eorum
501 2558 669 2615 fuisse
704 2561 1009 2616 auditorem
1030 2602 1045 2626 ,
1072 2558 1164 2631 qui
1200 2571 1382 2616 sacras
1418 2555 1735 2630 Scripturas
1764 2566 2158 2631 exposuerunt.
2187 2555 2325 2614 Vero
2370 2556 2547 2610 simile
2578 2565 2763 2611 autem
2798 2566 2901 2621 est,
2943 2558 3364 2612 commentarios
3396 2557 3519 2611 illos

260 2650 579 2718 priscorum
606 2651 868 2717 virorum,
893 2668 1030 2722 quos
1052 2653 1196 2722 apud
1224 2668 1319 2707 eos
1350 2651 1519 2707 fuisse
1559 2651 1713 2715 dicit,
1739 2667 1863 2707 esse
1906 2650 2204 2721 Evangelia
2235 2660 2289 2706 et
2322 2646 2712 2720 Apostolorum
2744 2648 2967 2716 scripta,
2995 2653 3050 2702 et
3080 2648 3341 2717 quasdam
3374 2645 3519 2700 antis

258 2758 507 2811 quorum
547 2744 938 2813 prophetarum
984 2744 1371 2814 expositiones,
1402 2743 1592 2812 quales
1641 2758 1768 2797 cum
1802 2758 1889 2806 ea,
1929 2758 2067 2812 quae
2109 2742 2176 2795 ad
2219 2742 2501 2797 Hebraeos
2548 2751 2650 2806 est,
2690 2748 2803 2797 tum
2848 2738 2987 2792 aliae
3032 2738 3217 2807 plures
3258 2737 3518 2808 epistolae

260 2835 424 2888 Pauli
462 2835 763 2890 continent.
789 2836 1032 2906 Denique
1051 2844 1107 2891 et
1137 2837 1204 2892 de
1240 2852 1325 2901 eo,
1352 2835 1499 2906 quod
1520 2835 1588 2890 de
1608 2851 1752 2890 novo
1787 2835 2026 2906 psalmos
2057 2835 2483 2905 composuerint,
2504 2834 2570 2888 ad
2593 2835 2741 2889 hunc
2774 2828 2997 2888 modum
3030 2830 3257 2885 scribit:
3289 2829 3515 2899 «Itaque

262 2945 382 2982 non
408 2929 574 2983 modo
609 2930 792 2985 divina
822 2931 1281 3000 contemplantur,
1310 2930 1405 2985 sed
1425 2939 1482 2985 et
1506 2930 1720 2985 cantica
1736 2938 1792 2984 et
1817 2930 2049 3000 hymnos
2067 2929 2134 2985 ad
2163 2929 2333 2984 Deum
2357 2928 2747 2984 sacratioribus
2771 2928 2948 2983 omnis
2972 2923 3189 2999 generis
3215 2932 3516 2979 metrorum

256 3032 320 3077 et
350 3021 659 3075 carminum
686 3019 956 3091 rhythmis
977 3021 1215 3091 graviter
1245 3028 1591 3075 construunt.
1627 3039 1645 3071 ι
1690 3018 1757 3074 Et
1777 3020 1884 3073 alia
1915 3020 2139 3089 quidem
2168 3019 2338 3073 multa
2368 3018 2435 3072 de
2470 3019 2598 3084 illis,
2630 3029 2865 3089 quorum
2906 3019 2996 3073 hic
3026 3015 3364 3074 mentionem
3386 3013 3520 3068 faci-

259 3128 409 3177 mus,
438 3112 498 3166 in
532 3126 599 3165 eo
641 3112 784 3165 libro
817 3111 1054 3166 disserit.
1089 3108 1292 3166 Verum
1341 3112 1432 3166 illa
1460 3112 1578 3166 visa
1619 3124 1747 3167 sunt
1773 3112 2089 3167 necessario
2115 3111 2423 3181 deligenda,
2451 3126 2551 3180 per
2580 3126 2720 3180 quae
2759 3120 2937 3165 certas
2955 3110 3363 3165 ecclesiasticae
3383 3124 3519 3165 con-

256 3212 422 3256 versa
455 3202 466 3271 Ι
500 3201 663 3256 tionis
708 3208 864 3255 notas
902 3202 1100 3271 posuit.
1129 3198 1283 3267 Quod
1330 3201 1374 3256 si
1424 3202 1658 3271 cuipiam
1686 3219 1750 3258 ea
1779 3218 1940 3272 quae,
1974 3202 2120 3256 dicta
2166 3208 2313 3265 sunt,
2346 3217 2456 3255 non
2477 3201 2697 3271 proprie
2721 3199 2788 3254 ad
2816 3200 3189 3271 evangelicam
3235 3203 3515 3273 pertinere

258 3294 533 3365 politiam,
557 3292 657 3348 sed
699 3300 755 3347 et
784 3291 906 3348 aliis
933 3302 1149 3362 praeter
1185 3293 1358 3348 dictos
1382 3294 1624 3347 cultores
1650 3293 1890 3362 adaptari
1925 3308 2085 3361 posse
2116 3292 2395 3354 videntur,
2418 3290 2603 3345 credat
2645 3292 2837 3345 saltem
2870 3290 2957 3346 his
2989 3290 3139 3346 illius
3162 3292 3346 3348 verbis
3369 3306 3511 3362 quae

256 3384 646 3447 subiiciemus,
672 3399 737 3437 ex
766 3384 967 3453 quibus
1005 3383 1395 3447 indubitatum,
1434 3384 1476 3437 si
1510 3398 1685 3453 aequo
1729 3382 1802 3436 sit
1847 3382 2049 3446 animo,
2077 3382 2181 3435 hac
2222 3381 2289 3435 de
2343 3396 2403 3435 re
2438 3380 2813 3435 testimonium
2866 3382 3190 3451 reportabit.
3244 3381 3335 3438 Sic
3364 3382 3511 3438 enim

255 3476 463 3530 scribit
495 3491 507 3525 :
547 3493 562 3521 σ
592 3472 991 3528 Continentiam
1017 3478 1197 3527 autem
1230 3472 1471 3542 primum
1516 3482 1775 3541 tanquam
1822 3469 2239 3525 fundamentum
2275 3470 2550 3539 quoddam
2590 3471 2646 3523 in
2690 3472 2870 3526 anima
2906 3473 3196 3538 collocant,
3228 3473 3427 3532 deinde
3458 3474 3514 3531 εἴ

259 3568 403 3622 alias
436 3566 670 3620 virtutes
695 3574 1100 3635 superstruunt.
1128 3564 1324 3619 Cibum
1357 3573 1450 3619 aut
1472 3574 1663 3633 potum
1690 3580 1851 3617 nemo
1878 3564 2099 3618 illorum
2145 3572 2271 3616 ante
2303 3562 2436 3616 solis
2466 3578 2717 3616 occasum
2746 3573 2996 3632 usurpat.
3021 3564 3233 3619 Etenim
3268 3566 3511 3635 philoso-

264 3657 431 3726 phiae
452 3656 691 3711 studium
716 3656 858 3720 luce,
890 3654 1137 3725 corporis
1171 3668 1300 3709 vero
1328 3655 1683 3709 necessitates
1716 3654 1959 3708 tenebris
1992 3654 2186 3723 dignas
2211 3668 2331 3707 esse
2357 3652 2638 3717 iudicant;
2674 3653 2816 3707 unde
2853 3660 2912 3707 et
2929 3654 3073 3709 diem
3105 3655 3205 3720 illi,
3234 3655 3354 3712 istis
3379 3672 3511 3713 vero

268 3748 536 3802 modicam
584 3749 760 3802 noctis
810 3759 1019 3817 partem
1070 3747 1338 3803 tribuunt.
1386 3747 1644 3802 Nonnulli
1687 3762 1755 3801 ex
1802 3746 1881 3800 eis
1950 3754 2065 3800 toto
2109 3745 2290 3800 triduo
2332 3745 2441 3799 cibi
2480 3760 2591 3798 non
2639 3746 3036 3809 recordantur,
3088 3748 3289 3816 quibus
3333 3752 3511 3805 maius

267 3840 527 3894 scientiae
554 3857 719 3910 quam
750 3841 856 3895 cibi
879 3840 1214 3896 desiderium
1244 3840 1463 3895 insedit.
1491 3838 1752 3894 Nonnulli
1792 3838 1867 3892 ita
1899 3840 2178 3894 laetantur
2217 3853 2282 3892 ac
2324 3837 2670 3893 delectantur
2708 3839 2977 3906 sapientia
3010 3839 3183 3908 pasci,
3237 3856 3377 3909 quae
3411 3840 3511 3895 do-

270 3942 458 4004 gmata
486 3933 739 4001 opulente
770 3941 825 3986 et
845 3932 1061 3987 abunde
1081 3933 1482 3997 subministrat,
1504 3942 1566 3986 ut
1588 3933 1867 4003 duplicato
1901 3929 2164 4001 temporis
2183 3930 2358 4000 spatio
2376 3914 2707 3995 abstineant,
2732 3946 2794 3984 ac
2813 3930 2903 3984 vix
2924 3946 3024 4000 per
3054 3947 3147 3987 sex
3170 3931 3287 3987 dies
3316 3947 3509 3987 neces-

256 4022 417 4076 sario
446 4022 570 4076 cibo
606 4029 891 4093 gustantes
915 4031 1228 4077 vescantur.
1260 4040 1279 4072 ι
1316 4022 1461 4077 Haec
1487 4022 1733 4078 Philonis
1756 4022 1925 4077 verba
1947 4023 2094 4076 clare
2126 4030 2183 4075 et
2212 4020 2418 4089 absque
2449 4020 2560 4074 ulla
2586 4020 3017 4077 contradictione
3052 4022 3121 4077 de
3154 4022 3357 4078 nostris
3388 4038 3509 4080 esse

253 4115 407 4169 dicta
428 4125 700 4183 putamus.
744 4113 800 4168 Si
829 4129 959 4167 vero
1004 4113 1184 4167 adhuc
1215 4113 1503 4182 quisquam
1534 4112 1822 4168 obﬁrmate
1852 4111 2269 4174 contradixerit,
2300 4111 2390 4165 vel
2414 4111 2494 4165 sic
2524 4111 2633 4165 sibi
2660 4111 2976 4181 persuaderi
3010 4113 3176 4177 sinat,
3209 4123 3269 4168 ut
3309 4115 3507 4170 clario-

255 4211 415 4266 ribus
458 4206 1021 4262 demonstrationibus
1037 4206 1245 4270 credat,
1269 4220 1405 4275 quas
1440 4221 1551 4260 non
1591 4206 1736 4276 apud
1760 4207 1897 4261 alios
1920 4204 2185 4275 quosdam
2214 4204 2322 4259 nisi
2344 4203 2511 4257 solam
2536 4202 2973 4259 Christianorum
3001 4206 3300 4261 secundum
3328 4209 3507 4264 Evan-

254 4301 465 4373 gelium
501 4298 821 4368 religionem
858 4295 1104 4349 invenire
1141 4295 1288 4348 licet.
1337 4294 1480 4349 Dicit
1507 4295 1679 4359 enim,
1709 4295 1856 4365 apud
1885 4311 2003 4360 eos,
2048 4295 2118 4349 de
2153 4294 2355 4363 quibus
2398 4293 2664 4362 loquitur,
2702 4293 2963 4349 mulieres
3000 4310 3216 4365 quoque
3252 4299 3506 4367 reperiri,

255 4405 494 4459 quarum
514 4390 807 4459 pleraeque
833 4386 1172 4457 grandaevae
1195 4385 1441 4455 virgines
1463 4386 1771 4440 castitatem
1801 4401 1914 4440 non
1943 4386 2293 4449 necessitate,
2318 4385 2461 4439 sicut
2484 4384 2753 4453 quaedam
2777 4384 3089 4440 sacerdotes
3111 4386 3256 4456 apud
3295 4399 3506 4459 gentes,

3546 3906 3565 3931 ἕ

257 4485 432 4554 magis
462 4499 625 4553 quam
672 4490 861 4552 Sponte
897 4496 996 4535 sua
1026 4489 1251 4549 propter
1274 4480 1450 4534 zelum
1479 4495 1545 4534 ac
1569 4480 1907 4534 desiderium
1951 4478 2249 4549 sapientiae
2292 4478 2623 4541 custodiant,
2657 4476 2815 4532 cuius
2837 4478 3225 4532 commercium
3264 4480 3509 4538 studiose

254 4578 522 4639 colentes,
546 4589 836 4643 corporum
856 4573 1181 4643 voluptates,
1199 4572 1273 4626 im
1305 4570 1318 4642 ι
1344 4572 1657 4627 mortalium
1681 4572 2002 4637 liberorum,
2026 4587 2165 4641 quos
2186 4571 2336 4626 solus
2352 4586 2539 4626 amans
2558 4570 2653 4625 Dei
2676 4570 2890 4625 animus
2911 4585 2978 4624 ex
2997 4587 3054 4626 se
3069 4571 3290 4643 gignere
3306 4584 3505 4645 potest,

258 4686 369 4725 non
392 4668 709 4723 mortalium
738 4666 967 4737 cupidae
999 4676 1383 4737 aspernentur.
1411 4665 1619 4721 Deinde
1644 4666 1972 4721 subsecutus
2003 4664 2208 4720 clarius
2245 4664 2348 4719 ista
2373 4663 2597 4733 exponit
2625 4681 2638 4716 :
2682 4682 2699 4714 ι
2727 4663 3207 4733 lnterpretationes
3231 4674 3434 4731 autem,
3465 4685 3483 4717 ι

258 4762 494 4832 inquit,t
530 4769 840 4815 sanctarum
869 4759 1279 4828 Scripturarum
1304 4758 1629 4828 allegoricae
1657 4758 1766 4811 illis
1791 4773 1855 4813 ac
1888 4757 2149 4827 ﬁguratae
2181 4764 2327 4809 sunt.
2354 4755 2584 4810 Videtur
2614 4755 2760 4809 enim
2787 4755 2922 4809 viris
2954 4754 3072 4810 istis
3094 4756 3349 4811 universa
3370 4758 3507 4827 legis

257 4855 549 4923 Scriptura
590 4853 851 4907 animanti
884 4853 1079 4906 similis
1101 4868 1242 4917 esse,
1264 4853 1338 4906 ita
1366 4859 1427 4905 ut
1464 4851 1786 4921 superficies
1816 4850 2134 4912 verborum,
2160 4848 2427 4918 corporis,
2462 4864 2657 4903 sensus
2680 4864 2813 4903 vero
2851 4851 2908 4902 in
2938 4849 3124 4904 verbis
3167 4849 3502 4910 reconditus.

255 4949 474 5002 animae
500 4945 572 4999 sit
608 4944 749 5007 loco,
775 4959 936 5013 quem
982 4943 1228 5013 ipsorum
1272 4942 1469 5013 religio
1501 4943 1813 5012 praecipue,
1854 4940 2009 5009 quasi
2046 4955 2144 5009 per
2182 4940 2467 5008 speculum
2508 4940 2791 4992 nominum
2819 4938 3072 4993 eximiam
3106 4937 3504 4993 sententiarum

258 5039 729 5113 pulchritudinem
772 5037 1108 5091 relucentem
1152 5037 1472 5101 observans,
1501 5037 1863 5105 contemplari
1911 5035 2111 5104 coepit.
2151 5054 2168 5086 ι
2208 5032 2350 5099 Quid
2383 5048 2521 5103 opus
2547 5040 2631 5086 est
2671 5032 2791 5088 istis
2829 5032 3091 5096 adiicere,
3124 5033 3404 5101 quomodo
3447 5035 3504 5089 in

256 5148 431 5187 unum
469 5129 800 5201 congregati,
838 5129 1237 5199 separatimque
1261 5130 1367 5182 viri
1397 5145 1461 5184 ac
1487 5128 1778 5199 separatim
1828 5128 2089 5182 mulieres
2128 5126 2436 5181 conversati
2462 5126 2592 5189 sint,
2619 5134 2675 5180 et
2699 5141 2839 5195 quae
2867 5124 2976 5179 illis
3008 5125 3265 5179 exercitia
3290 5124 3345 5180 in
3368 5143 3506 5181 con-

253 5235 419 5279 sueto
438 5224 672 5288 fuerint;
697 5236 836 5291 quae
864 5222 1163 5276 etiamnum
1190 5221 1335 5291 apud
1362 5237 1464 5277 nos
1490 5222 1712 5285 durant,
1742 5230 1799 5275 et
1827 5219 2119 5290 praecipue
2142 5220 2286 5274 circa
2308 5218 2561 5271 salutaris
2583 5216 2858 5271 Passionis
2879 5215 3076 5271 festum
3112 5216 3256 5271 diem
3283 5217 3335 5271 in
3363 5216 3502 5271 ieiu-

260 5315 375 5369 niis
406 5324 464 5369 et
496 5315 706 5384 vigiliis
740 5313 1028 5367 nocturnis
1075 5312 1498 5382 divinorumque
1536 5327 1857 5367 sermonum
1902 5311 2143 5365 lectione
2174 5324 2434 5364 exercere
2480 5307 3162 5373 consuevimus?Quaevir
3188 5309 3501 5378 praedictus

254 5405 455 5459 eodem
493 5406 677 5465 modo,
705 5418 816 5473 quo
846 5406 989 5472 apud
1032 5418 1134 5456 nos
1169 5402 1315 5457 solos
1336 5403 1605 5457 hactenus
1639 5410 1767 5456 sunt
1790 5410 2024 5464 servata,
2053 5401 2343 5471 diligenter
2381 5396 2667 5453 annotavit
2695 5406 2751 5451 et
2776 5398 3184 5453 commentariis
3207 5400 3321 5453 suis
3352 5401 3499 5452 inse»

258 5499 391 5562 ruit,
422 5498 743 5568 praesertim
782 5504 1082 5549 nocturnas
1104 5495 1281 5565 magni
1314 5494 1435 5548 festi
1463 5495 1694 5564 vigilias,
1718 5503 1774 5548 et
1805 5494 2003 5547 horum
2026 5492 2307 5555 exercitia,
2333 5508 2455 5546 cum
2486 5490 2700 5562 hymnis
2727 5489 2820 5558 qui
2851 5488 2993 5559 apud
3026 5505 3126 5544 nos
3157 5490 3262 5545 dici
3300 5491 3500 5549 solent.

256 5589 606 5651 describens;
644 5596 699 5641 et
722 5586 995 5655 quomodo
1019 5600 1129 5639 uno
1164 5599 1289 5638 cum
1316 5584 1571 5654 rhythmo
1594 5584 1859 5653 psallente
1905 5584 2096 5652 reliqui
2133 5598 2255 5637 cum
2287 5582 2507 5636 silentio
2539 5582 2910 5634 auscultantes
2936 5590 3234 5635 extremam
3274 5582 3502 5651 hymno-

260 5697 379 5735 rum
427 5688 642 5751 partem
688 5694 795 5733 una
843 5693 968 5732 cum
1010 5677 1104 5731 illo
1149 5674 1489 5731 concinendo
1515 5672 1840 5742 terminent;
1869 5673 2145 5746 quomodo
2184 5672 2350 5727 etiam
2392 5670 2688 5743 praedictis
2715 5669 2912 5725 diebus
2952 5669 3104 5723 humi
3146 5670 3200 5724 in
3244 5674 3501 5740 stragulis

330 5801 343 5829 '
389 5798 505 5852 Act.
532 5810 605 5850 tv.
640 5792 708 5848 32
741 5805 862 5860 sqq.
