4016 6418
578 386 693 443 295
1857 386 1949 441 JO.
1985 384 2115 441 PlCl
2149 384 2541 441 PRAEFATIO
3739 407 3825 461 296

584 502 847 566 iacentes,
880 502 1069 555 vinum
1103 502 1160 557 in
1204 504 1544 567 universum,
1569 501 1715 557 sicut
1754 502 1891 572 ipsis
1922 501 2110 556 verbis
2140 503 2385 573 scripsit,
2418 515 2477 558 et
2497 504 2566 558 de
2606 505 2981 564 animantibus
3015 524 3083 564 ne
3110 520 3329 579 gustant
3361 513 3595 584 quidem,
3619 518 3704 573 sed
3728 523 3825 579 sola

582 594 694 648 illis
728 608 869 662 aqua
908 602 1097 663 potum
1136 594 1417 662 praebeat,
1441 605 1497 649 et
1518 595 1811 649 obsonium
1835 595 1907 649 sit
1934 595 2092 664 panis
2120 610 2247 649 cum
2273 595 2386 649 sale
2416 607 2475 651 et
2497 597 2751 668 hyssopo.
2783 599 3072 657 Praeterea
3105 604 3319 671 scribit,
3341 622 3452 677 quo
3474 619 3625 678 pacto
3646 619 3825 682 praesi-

581 686 747 741 deant
771 687 916 741 inter
940 701 1036 741 eos
1061 687 1097 741 ii
1120 688 1326 757 quibus
1349 689 1720 743 ecclesiastica
1748 689 2044 743 commissa
2068 698 2200 743 sunt
2232 689 2561 755 ministeria,
2586 690 2913 748 diaconatus
2933 693 3127 760 etiam,
3164 696 3173 766 Ι
3204 707 3260 751 et
3286 714 3424 767 quae
3449 716 3608 771 supra
3628 707 3826 759 cunctoIi

578 779 827 833 eminent
853 780 1205 849 episcopatus
1220 782 1641 850 praesidentiae.
1668 782 1824 848 Quod
1856 783 1900 836 si
1928 783 2020 837 cui
2041 782 2379 838 desiderium
2413 784 2577 839 inerit
2601 785 2700 841 ista
2722 797 2911 842 exacte
2932 792 3318 859 cognoscendi,
3345 794 3518 849 discat
3541 811 3601 849 ea
3623 813 3683 851 ex
3706 798 3828 855 dicta

578 873 687 926 iam
710 873 816 927 viri
841 874 1007 927 huius
1028 874 1278 928 historia.
1298 874 1453 941 Quod
1477 876 1643 946 igitur
1668 876 1827 931 Philo
1853 876 1968 931 illic
1988 876 2055 931 de
2075 876 2270 947 primis
2292 878 2641 948 evangelicae
2663 879 2943 936 doctrinae
2963 884 3331 951 praeconibus
3352 897 3407 941 et
3431 886 3622 949 ritibus
3636 890 3752 946 olim
3770 892 3827 945 ab

584 967 862 1037 Apostolis
885 968 1103 1023 traditis
1125 969 1404 1023 disserens
1428 969 1530 1022 ista
1545 969 1853 1039 scripserit,
1868 969 2043 1023 cuivis
2060 970 2415 1025 manifestum
2433 971 2863 1042 est.Siugu|ares
2878 975 3332 1031 anachoretarum
3350 978 3487 1033 vitas
3505 995 3733 1038 summae
3749 1000 3827 1038 au-

574 1062 853 1117 ctoritatis
878 1064 933 1116 in
955 1063 1199 1117 Ecclesia
1224 1062 1330 1115 viri
1353 1062 1696 1131 scripserunt
1718 1081 1730 1115 :
1756 1063 1819 1116 D.
1850 1063 2193 1117 Athanasius
2218 1062 2623 1119 Alexandrinae
2656 1065 2813 1119 urbis
2831 1066 3125 1137 episcopus
3147 1084 3211 1123 ac
3235 1068 3544 1126 Dorotheus
3564 1072 3718 1129 vitam
3737 1076 3825 1130 An-

577 1160 713 1213 tonii
736 1159 932 1230 Magni,
952 1175 1113 1229 quam
1139 1169 1326 1228 postea
1371 1158 1539 1211 latino
1560 1172 1810 1211 sermone
1833 1159 2057 1214 tradidit
2076 1159 2360 1229 Evagrius;
2386 1160 2448 1214 D.
2475 1160 2842 1231 Hieronymus
2864 1162 3015 1216 Pauli
3044 1163 3368 1230 heremitae,
3383 1164 3666 1224 Hilarionis
3687 1183 3825 1241 atque

574 1254 773 1310 Malchi
794 1253 992 1322 captivi
1016 1250 1299 1315 monachi;
1321 1251 1659 1319 reliquorum
1679 1260 1863 1305 autem
1890 1252 2286 1305 monachorum
2305 1253 2448 1308 vitas
2470 1253 2745 1323 prosecuti
2772 1264 2901 1309 sunt
2916 1255 3302 1312 Theodoretus
3324 1273 3389 1312 ac
3410 1258 3678 1315 Palladius
3692 1261 3825 1318 iustis

574 1347 975 1409 voluminibus,
1004 1360 1143 1415 quae
1196 1343 1364 1398 latina
1398 1360 1576 1413 nuper
1606 1343 1935 1413 prodierunt
1972 1346 2028 1399 in
2057 1344 2236 1399 lucem
2261 1361 2429 1416 opera
2462 1345 2717 1400 Gentiani
2744 1346 2989 1413 Herveti,
3015 1349 3121 1402 viri
3148 1350 3217 1405 de
3252 1351 3549 1406 christiana
3576 1356 3823 1424 republica

573 1446 713 1500 bene
741 1442 941 1498 meriti.
959 1442 1197 1497 istorum
1221 1454 1389 1509 porro
1412 1440 1686 1509 colloquia
1713 1440 1757 1493 si
1785 1440 1910 1509 quis
1926 1440 2225 1506 desideret,
2255 1442 2398 1511 legat
2414 1440 2757 1495 Cassianum.
2778 1442 2847 1496 At
2872 1459 2998 1497 cum
3022 1443 3338 1500 huiusmodi
3379 1446 3627 1503 homines
3644 1465 3733 1519 per
3749 1451 3826 1506 de-

571 1548 715 1593 serta
742 1537 981 1608 respersi
1004 1535 1286 1604 vitamque
1332 1531 1633 1585 solitariam
1662 1541 1905 1603 agentes,
1932 1533 2036 1588 sibi
2068 1534 2335 1589 duntaxat
2362 1532 2625 1603 prodesse
2654 1534 2994 1601 viderentur,
3051 1546 3108 1592 et
3146 1538 3468 1609 religionem
3507 1540 3823 1599 christianam

569 1647 764 1701 parum
794 1645 1139 1701 promovere,
1165 1628 1399 1686 Basilius
1415 1626 1639 1696 Magnus
1658 1625 1956 1682 Caesareae
1974 1626 2350 1697 Cappadociae
2372 1626 2685 1696 episcopus,
2708 1635 2767 1680 ut
2790 1629 2867 1682 ait
2889 1628 3275 1685 Nazianzenus
3299 1630 3355 1686 in
3384 1631 3503 1686 Vita
3525 1633 3721 1697 Basilii,
3740 1634 3821 1690 de-

567 1726 725 1780 duxit
747 1739 845 1780 eos
871 1722 939 1777 ad
970 1723 1222 1777 civitates
1241 1728 1298 1778 et
1317 1722 1537 1793 oppida,
1554 1730 1613 1776 ut
1636 1720 1705 1775 ab
1728 1721 1814 1775 his
1836 1720 2072 1790 populus
2092 1720 2203 1774 Deo
2224 1728 2431 1792 gratam
2454 1721 2673 1775 vivendi
2692 1722 2960 1776 rationem
2980 1738 3044 1777 ac
3060 1723 3269 1777 cultum
3294 1725 3541 1781 divinum
3563 1727 3817 1787 edisceret.

570 1814 758 1886 itaque
783 1814 1033 1885 Gregorii
1062 1814 1396 1869 Nazianzeni
1422 1814 1593 1869 verba
1616 1811 1700 1884 (a)
1720 1811 1997 1867 subiicere
2031 1826 2141 1866 non
2176 1811 2517 1881 poenitebit:
2554 1832 2572 1863 ι
2600 1813 2671 1869 Ut
2702 1820 2909 1878 autem,
2940 1832 2958 1865 ι
2987 1814 3082 1879 ait,
3126 1833 3144 1865 α
3171 1832 3282 1870 non
3309 1818 3486 1871 solum
3507 1820 3629 1886 sibi,
3666 1822 3751 1877 sed
3776 1830 3823 1877 et

569 1912 692 1967 aliis
714 1927 933 1983 quoque
971 1908 1284 1981 proliceret,
1313 1910 1525 1980 primus
1546 1908 1812 1964 coenobia
1855 1909 2208 1981 excogitavit,
2235 1907 2513 1980 ritumque
2538 1909 2693 1962 illum
2719 1909 3116 1964 monachorum
3162 1913 3451 1982 antiquum
3502 1923 3660 1986 atque
3694 1931 3820 1988 agre-

568 2016 708 2063 stem
730 2006 797 2059 ad
819 2004 1073 2059 ordinem
1094 2004 1371 2076 quendam
1396 2003 1800 2074 formulamque
1824 2002 2074 2073 religioni
2101 2002 2418 2073 propiorem
2439 2002 2676 2057 reduxit.
2701 2001 2839 2057 Cum
2869 2002 3016 2056 enim
3061 2003 3560 2073 animadvertisset,
3600 2026 3707 2076 eos,
3746 2018 3820 2082 qui

568 2099 625 2153 in
652 2099 930 2154 communi
958 2099 1092 2164 vita,
1119 2100 1225 2154 hoc
1246 2110 1352 2165 est,
1386 2100 1529 2156 inter
1549 2100 1688 2154 alios
1709 2098 1923 2153 mixtim
1955 2106 2144 2168 agunt,
2186 2112 2277 2151 mo
2310 2096 2318 2168 |
2351 2098 2617 2152 nasticam
2640 2098 2769 2152 licet
2789 2098 3180 2152 abstinentiam
3206 2112 3454 2166 servent,
3477 2103 3597 2158 aliis
3630 2105 3817 2175 quidem

569 2196 750 2261 utiles,
798 2196 903 2251 sibi
948 2212 1079 2251 vero
1124 2212 1473 2266 nequaquam
1515 2196 1775 2258 existere,
1815 2209 1941 2249 cum
1977 2192 2034 2246 in
2076 2191 2265 2246 multis
2306 2206 2402 2246 eos
2424 2206 2648 2246 necesse
2682 2190 2755 2245 sit
2778 2191 2987 2245 versari
3016 2190 3175 2245 malis
3198 2208 3342 2261 quae
3364 2195 3509 2250 vitae
3531 2198 3735 2266 quietae
3764 2214 3815 2253 ac

567 2289 726 2359 plane
744 2288 1022 2358 perfectae
1054 2288 1332 2342 contraria
1359 2286 1642 2355 videntur,
1665 2301 1761 2340 eos
1780 2299 1933 2347 vero,
1966 2283 2062 2353 qui
2090 2283 2147 2336 in
2168 2282 2466 2337 solitudine
2491 2282 2685 2351 procul
2708 2280 2777 2335 ab
2795 2281 2919 2335 aliis
2946 2291 3138 2351 agunt,
3174 2282 3450 2339 ﬁrmiores
3489 2302 3617 2343 sane
3648 2305 3818 2359 propo-

566 2386 671 2439 sito
689 2385 969 2454 magisque
990 2385 1102 2438 Deo
1125 2383 1449 2438 coniunctos
1475 2397 1641 2452 quam
1679 2379 2023 2450 supradictos
2042 2377 2201 2441 vidit,
2224 2388 2464 2432 attamen
2496 2376 2601 2432 sibi
2638 2385 2851 2431 tantum
2879 2376 3065 2440 utiles,
3098 2392 3223 2431 cum
3250 2393 3438 2433 rerum
3464 2382 3817 2452 experientiam

566 2494 914 2548 nequaquam
947 2489 1194 2543 teneant,
1216 2495 1319 2534 nec
1342 2494 1468 2532 cum
1495 2478 1618 2532 aliis
1658 2476 2052 2531 commercium
2091 2474 2263 2529 ullum
2303 2474 2565 2539 habeant,
2600 2483 2897 2543 utrumque
2926 2473 3072 2527 vitae
3105 2490 3280 2544 genus
3308 2476 3645 2547 coniungere
3680 2494 3814 2533 cona-

566 2579 654 2624 tus
677 2581 781 2624 est.
807 2570 1181 2637 Quamobrem
1208 2570 1608 2641 monachorum
1639 2569 1909 2623 coenobia
1952 2568 2098 2622 haud
2124 2568 2313 2638 procul
2342 2567 2411 2621 ab
2440 2567 2529 2632 iis,
2563 2567 2657 2637 qui
2701 2569 2757 2622 in
2796 2567 3085 2621 hominum
3120 2568 3390 2624 societate
3430 2571 3637 2635 vivunt,
3666 2572 3818 2626 aedili-
3881 2574 3887 2584 '

564 2664 675 2717 cari
710 2662 888 2728 iussit,
912 2679 1013 2718 nec
1030 2664 1255 2719 omnino
1271 2664 1566 2733 separavit,
1596 2672 1657 2718 ut
1679 2672 1737 2718 et
1762 2663 2194 2734 prepinquitate,
2221 2677 2346 2715 cum
2379 2676 2519 2731 cpus
2544 2660 2829 2716 charitatis
2851 2670 3196 2731 exposceret,
3222 2660 3419 2717 adesse
3441 2666 3699 2728 valerent,
3720 2664 3811 2719 dis-

564 2754 654 2808 siti
679 2754 882 2825 alioqui
912 2756 1150 2825 pr0priis
1181 2755 1454 2819 terminis,
1486 2770 1555 2809 ne
1597 2754 1756 2825 quies
1805 2769 1999 2809 eorum
2033 2764 2129 2808 aut
2160 2769 2266 2823 pax
2302 2753 2628 2823 interrumpi
2663 2769 2763 2823 per
2788 2752 3201 2808 multitudinem
3230 2766 3447 2824 posset,
3472 2772 3573 2811 nec
3604 2757 3697 2827 ipsi
3723 2772 3816 2809 Ino-

563 2850 725 2905 nachi
752 2851 985 2907 actionis
1011 2852 1231 2915 merito,
1254 2851 1401 2921 quod
1425 2867 1493 2905 ex
1519 2850 1886 2922 impendenda
1910 2850 2034 2905 aliis
2064 2851 2265 2921 pietate
2304 2860 2471 2915 esset,
2511 2848 2884 2920 privarentur,
2922 2864 3105 2919 neque
3144 2866 3342 2905 rursus
3376 2868 3567 2907 eorum
3592 2852 3722 2908 actio
3743 2866 3820 2922 per

564 2944 832 2999 tumultus
859 2944 1073 2999 inutilis
1092 2943 1424 3009 eﬂiceretur,
1456 2952 1514 2998 et
1539 2943 1678 2998 alter
1701 2943 1937 2998 alterum
1971 2942 2078 2997 hoc
2101 2941 2262 2995 modo
2297 2942 2489 2996 iuvare
2522 2951 2729 3011 posset,
2751 2950 2808 2996 et
2840 2941 3237 2995 monachorum
3263 2944 3384 2998 vita
3418 2960 3519 3014 per
3555 2958 3813 3000 conversa-

563 3039 769 3094 tionem
796 3054 1009 3104 eorum,
1060 3040 1153 3110 qui
1176 3038 1231 3093 in
1262 3039 1542 3094 communi
1588 3047 1777 3109 agunt,
1808 3040 1900 3109 pia
1940 3038 2118 3103 ﬁeret,
2144 3048 2200 3093 et
2230 3037 2332 3107 ipsi
2364 3054 2433 3092 ex
2460 3038 2748 3095 monachis
2772 3037 3039 3108 quietem,
3087 3042 3482 3107 constantiam,
3511 3044 3817 3115 sapientiam,

560 3134 1075 3204 contemplationem
1091 3135 1421 3199 ediscerent,
1439 3134 1903 3204 quemadmodum
1928 3135 2088 3190 tellus
2110 3150 2175 3189 ac
2199 3144 2402 3205 pontus
2428 3134 2665 3189 invicem
2691 3150 2747 3189 se
2774 3135 2969 3189 iuvant
2991 3150 3055 3190 ac
3078 3136 3453 3206 suscipiunt.»
3480 3140 3586 3195 Hos
3606 3158 3723 3212 ergo
3745 3138 3816 3194 ubi

561 3226 831 3295 coegisset
851 3226 1086 3281 Basilius
1114 3226 1173 3281 in
1205 3226 1392 3290 urbes,
1421 3240 1485 3279 ac
1516 3241 1547 3281 e
1571 3225 1856 3280 monachis
1877 3233 1934 3281 et
1982 3224 2331 3280 anachoretis
2363 3224 2684 3280 coenobitas
2704 3225 3000 3291 eﬂecisset,
3026 3227 3249 3282 vivendi
3282 3232 3528 3302 regulam
3560 3233 3817 3304 Evangelio

558 3331 993 3381 consentaneam
1012 3322 1123 3376 illis
1150 3321 1500 3391 conscripsit,
1529 3336 1692 3391 quam
1714 3330 1771 3376 et
1800 3321 1857 3375 in
1890 3320 2081 3392 precio
2118 3319 2409 3384 habemus,
2451 3329 2507 3375 et
2535 3320 2704 3375 totius
2732 3320 2996 3376 Graeciae
3020 3323 3275 3378 monachi
3301 3323 3566 3383 hactenus
3593 3327 3815 3382 observa—

564 3421 694 3470 runt
719 3423 886 3484 atque
908 3415 1132 3473 reveriti
1156 3424 1302 3479 sunt,
1331 3413 1797 3485 quemadmodum
1814 3424 1873 3469 et
1890 3413 2073 3469 Latini
2095 3423 2369 3484 sumptam
2402 3412 2529 3467 inde
2554 3414 2798 3484 regulam
2837 3413 3124 3470 beatorum
3148 3417 3490 3494 Hieronymi,
3541 3418 3814 3491 Augustini,

559 3510 863 3577 Benedicti,
905 3511 1177 3568 Dominici
1200 3552 1215 3578 ,
1260 3510 1573 3575 Francisci,
1602 3510 1891 3575 Bernardi,
1914 3526 1980 3565 ac
2001 3510 2364 3580 reliquorum.
2408 3509 2669 3564 Ceterum
2727 3522 2798 3563 ne
2832 3509 3001 3564 variis
3028 3511 3456 3582 allegationibus
3487 3516 3686 3571 obruen
3717 3514 3726 3585 Ι
3752 3523 3816 3566 tes

567 3602 802 3659 lectoris
844 3604 1089 3659 animum
1140 3604 1407 3674 epistolae
1441 3601 1666 3663 modum
1715 3600 2067 3665 excedamus,
2113 3600 2465 3673 institutique
2490 3602 2665 3657 nostri
2702 3598 2991 3655 videamur
3019 3599 3200 3667 obliti,
3228 3602 3372 3661 duos
3397 3606 3562 3662 fuisse
3588 3605 3816 3662 Macaries

563 3704 834 3751 testantur
859 3696 1138 3752 Palladius
1158 3712 1221 3751 ac
1243 3695 1589 3765 Nicephorus
1609 3694 1715 3765 (ὁ),
1743 3694 1980 3749 alterum
2007 3692 2438 3749 Alexandrinum
2460 3709 2685 3765 genere,
2711 3692 2806 3763 qui
2832 3690 2962 3745 licet
2987 3691 3171 3751 iunior
3196 3697 3253 3751 in
3280 3698 3372 3763 iis,
3412 3714 3551 3769 quae
3582 3708 3700 3753 sunt
3717 3710 3814 3750 mo-

561 3796 862 3852 nachorum
889 3795 1203 3866 praecipua,
1229 3795 1433 3865 primas
1457 3790 1763 3855 obtinebat,
1787 3790 2024 3846 alterum
2049 3790 2399 3860 Aegyptium,
2427 3799 2605 3845 aetate
2627 3788 3097 3861 grandiorem,qui
3126 3789 3224 3845 has
3246 3790 3393 3862 ipsas
3422 3811 3611 3867 graece
3631 3793 3817 3862 scripsit

564 3892 851 3954 Homilias,
893 3904 1030 3957 quas
1068 3889 1125 3943 in
1149 3889 1381 3943 latinum
1413 3902 1726 3943 sermonem
1752 3887 2153 3941 transtulimus.
2188 3886 2291 3941 Hic
2316 3886 2614 3956 nonaginta
2643 3884 2780 3939 vixit
2802 3901 2978 3941 annos
3004 3885 3270 3958 integros,
3296 3905 3535 3961 quorum
3568 3893 3814 3963 sexaginta

563 3984 830 4054 transegit
864 3981 922 4035 in
948 3979 1272 4035 solitudine.
1303 3979 1494 4048 Itaque
1525 3986 1689 4033 natus
1718 3991 1893 4033 annos
1920 3976 2163 4046 triginta,
2190 3985 2247 4030 et
2278 3975 2334 4029 in
2364 3975 2591 4030 iuvenili
2624 3975 2959 4032 constitutus
2983 3986 3182 4041 aetate,
3224 3987 3337 4034 tam
3380 3984 3673 4041 toleranter
3710 3986 3813 4041 tulit

561 4084 779 4141 labores
812 4076 1225 4134 exercitationis
1258 4084 1434 4130 totum
1464 4072 1817 4135 decennium,
1856 4079 1920 4125 ut
1961 4086 2155 4142 magna
2180 4070 2415 4140 quadam
2440 4079 2498 4126 et
2522 4069 2724 4141 insigni
2749 4071 2952 4141 dignus
2976 4072 3279 4129 haberetur
3312 4076 3812 4145 distinctione,adeo

562 4183 623 4229 ut
653 4181 941 4229 vocaretur
975 4167 1438 4241 παιδαριογέρων,
1494 4165 1548 4220 id
1582 4173 1688 4228 est,
1713 4164 1769 4217 in
1808 4164 2007 4233 puerili
2033 4172 2213 4219 aetate
2248 4178 2436 4228 senex,
2478 4163 2742 4235 quoniam
2767 4165 2935 4220 citius
2974 4181 3139 4236 quam
3187 4183 3291 4237 pro
3331 4181 3512 4228 aetate
3542 4174 3813 4245 proiecerat

562 4266 877 4322 virtutibus.
923 4261 1292 4332 Quadraginta
1326 4274 1498 4314 annos
1526 4267 1688 4313 natus
1711 4266 2037 4327 potestatem
2075 4256 2289 4325 accepit
2326 4257 2592 4314 adversus
2622 4259 2938 4323 daemonas,
2967 4260 3199 4331 gratiam
3235 4262 3370 4319 item
3410 4269 3655 4333 curandi,
3677 4268 3815 4339 spiri-

562 4367 793 4426 tumque
835 4352 1189 4426 praedicendi
1230 4352 1435 4406 futura.
1478 4352 1685 4421 Dignus
1719 4365 1941 4420 quoque
1961 4357 2047 4404 est
2087 4350 2309 4404 habitus
2351 4350 2675 4407 honorando
2728 4353 3058 4409 sacerdotio.
3106 4353 3442 4415 Habitarunt
3469 4377 3594 4417 cum
3625 4377 3689 4419 eo
3720 4362 3811 4417 duo

560 4450 821 4521 discipuli
856 4451 912 4504 in
947 4448 1142 4503 intima
1170 4447 1473 4503 solitudine
1506 4461 1650 4516 quae
1682 4455 1911 4501 vocatur
1940 4445 2120 4501 Scete.
2156 4444 2401 4512 Quorum
2436 4463 2582 4502 unus
2603 4448 2851 4518 quidem,
2896 4451 3050 4506 velut
3076 4451 3350 4519 minister,
3397 4457 3479 4512 illi
3508 4473 3713 4529 semper
3741 4471 3812 4510 as-

560 4548 779 4606 sidebat
810 4561 1001 4602 eorum
1044 4544 1219 4615 gratia
1254 4543 1350 4613 qui
1376 4543 1674 4597 veniebant
1716 4540 1970 4605 curandi,
1997 4542 2135 4596 alter
2174 4549 2358 4595 autem
2385 4557 2632 4597 seorsum
2679 4544 2975 4599 secedebat
3011 4546 3067 4601 in
3105 4546 3321 4604 cellam.
3348 4550 3682 4610 Procedente
3702 4565 3811 4607 vero

560 4654 808 4714 tempore
837 4657 963 4696 cum
1008 4649 1230 4695 sanctus
1281 4637 1583 4709 perspicaci
1608 4638 1771 4691 oculo
1804 4634 2190 4706 praevidisset,
2219 4635 2358 4689 dixit
2383 4635 2636 4691 ministro
2662 4652 2763 4692 suo
2806 4642 3032 4697 nomine
3062 4644 3281 4711 Joanni,
3316 4648 3413 4716 qui
3444 4658 3629 4718 postea
3661 4648 3813 4704 factus

557 4739 847 4813 presbyter
870 4736 1137 4792 suffectus
1160 4743 1244 4790 est
1270 4735 1324 4788 in
1348 4735 1530 4789 locum
1560 4733 1779 4787 Macarii
1808 4750 1820 4785 :
1850 4732 2021 4797 Audi,
2073 4732 2148 4785 mi
2190 4730 2360 4787 frater
2384 4732 2643 4799 Joannes,
2678 4750 2968 4807 meamque
2994 4740 3077 4795 fer
3103 4756 3280 4811 aequo
3301 4746 3488 4800 animo
3510 4745 3811 4801 admonitio-

558 4852 683 4891 nem
733 4833 832 4888 tibi
872 4830 1034 4887 valde
1073 4829 1440 4901 profuturam.
1490 4829 1748 4883 Tentaris
1780 4827 1951 4888 enim,
1980 4826 2179 4895 inquit,
2218 4834 2273 4880 et
2295 4834 2347 4881 te
2387 4836 2559 4883 tentat
2591 4829 2817 4899 spiritus
2846 4833 3141 4899 avaritiae;
3184 4836 3265 4890 sic
3302 4839 3452 4893 enim
3498 4846 3811 4910 perspectum

559 4930 777 4994 habeo;
818 4929 931 4983 scio
960 4935 1166 4991 tamen,
1199 4925 1245 4979 si
1276 4939 1454 4979 meam
1498 4923 1733 4993 benigne
1780 4924 1974 4979 tuleris
2008 4923 2472 4984 adhortationem,
2498 4932 2552 4977 te
2578 4922 2885 4992 perfectum
2908 4925 3025 4983 fore
3073 4930 3129 4984 in
3154 4931 3251 4986 Dei
3277 4932 3476 4991 timore
3514 4943 3672 5004 atque
3711 4934 3814 4987 eius

558 5036 747 5089 opere,
770 5020 1218 5089 laudaberisque,
1237 5026 1292 5072 et
1324 5017 1332 5087 |
1366 5016 1638 5087 ﬂagellum
1661 5032 1770 5070 non
1796 5016 2261 5086 appropinquahit
2287 5015 2642 5071 tabernaculo
2656 5027 2769 5072 tuo.
2785 5019 2943 5085 Quod
2964 5022 3008 5075 si
3036 5038 3145 5078 non
3167 5027 3433 5093 audieris,
3449 5030 3502 5083 in
3525 5037 3575 5083 te
3594 5028 3811 5083 venient.

560 5130 700 5185 quae
718 5116 869 5171 Giezi
893 5116 1113 5170 tandem
1137 5112 1484 5177 acciderunt,
1510 5112 1671 5167 cuius
1684 5112 1819 5166 vitio
1847 5110 2085 5167 laboras.
2101 5112 2345 5183 Contigit
2365 5128 2551 5182 porro,
2584 5122 2644 5167 ut
2668 5114 2931 5171 defuncto
2954 5120 3188 5175 Macario
3210 5139 3321 5177 non
3357 5127 3615 5195 paruerit,
3640 5122 3727 5179 sed
3749 5119 3810 5182 ei.

559 5208 653 5281 qui
704 5215 930 5278 prOpter
978 5207 1266 5261 avaritiam
1314 5205 1559 5275 alligavit
1602 5203 1775 5259 Judae
1817 5203 2100 5273 laqueum.
2136 5203 2353 5273 Elapsis
2392 5203 2576 5273 itaque
2606 5206 2922 5275 quindecim
2964 5219 3057 5264 aut
3089 5213 3281 5283 viginti
3335 5216 3511 5281 annis,
3544 5231 3662 5271 cum
3690 5214 3811 5267 bona

560 5319 865 5376 pauperum
908 5314 1247 5372 usurpasset,
1283 5311 1392 5357 tam
1444 5299 1595 5371 gravi
1642 5299 2270 5369 laboravitelephantia,
2302 5306 2363 5351 ut
2395 5298 2451 5351 in
2495 5307 2610 5353 toto
2661 5302 2783 5356 eius
2811 5318 3046 5374 corpore
3097 5322 3209 5361 non
3241 5308 3581 5365 inveniretur
3625 5309 3812 5375 integer

560 5400 737 5463 locus,
766 5399 821 5452 in
846 5413 956 5467 quo
981 5398 1106 5468 quis
1136 5397 1368 5468 digitum
1391 5396 1558 5466 ﬁgere
1580 5405 1785 5465 posset.
1818 5396 1965 5451 Haec
1996 5395 2099 5450 fuit
2120 5395 2337 5451 Macarii
2357 5396 2663 5466 prophetia.
2690 5397 2996 5452 Ferebatur
3035 5398 3125 5455 hic
3146 5412 3370 5458 sanctus
3394 5404 3505 5473 pati
3547 5403 3807 5458 continen-

566 5503 673 5547 tem
714 5494 974 5557 ecstasin,
1028 5494 1357 5563 saepiusque
1403 5493 1485 5546 vel
1527 5509 1652 5547 cum
1699 5494 1833 5557 Deo,
1858 5494 1942 5546 vel
1975 5494 2029 5546 in
2058 5493 2225 5547 rebus
2258 5494 2465 5548 versari
2517 5494 2867 5548 caelestibus.
2917 5496 3082 5551 Fama
3107 5500 3272 5553 etiam
3312 5508 3567 5555 constans
3589 5508 3713 5559 erat,
3758 5494 3804 5546 in

564 5585 861 5638 solitudine
905 5585 1059 5638 illiilli
1099 5585 1395 5639 suscitasse
1438 5596 1739 5650 mortuum,
1766 5594 1826 5638 ut
1856 5585 2215 5655 persuaderet
2258 5587 2477 5641 cuidam
2509 5588 2793 5642 haeretico
2815 5591 3036 5660 neganti
3072 5594 3545 5650 resurrectionem.
3577 5591 3800 5658 Reliqua.

2149 5700 2399 5755 NOTAE.

639 5768 716 5831 (a)
750 5771 824 5820 FA‘
867 5770 1121 5824 monodia
1151 5770 1313 5837 Grcg.
1350 5770 1680 5823 Nazianzeni
1710 5772 1762 5824 in
1800 5772 1966 5825 vitam
1999 5772 2203 5825 Basilii.

639 5838 715 5903 (ll)
749 5839 948 5890 l’ailad.
982 5840 1033 5892 in
1064 5840 1303 5895 Historia
1336 5841 1557 5893 Patrum
1590 5859 1706 5909 cap.
1748 5842 1830 5905 19,
1864 5844 1966 5904 ‘20;
2002 5843 2230 5911 Nil-epit.
2264 5844 2403 5897 Hist.
2440 5844 2585 5897 Eccl.
2622 5844 2715 5897 lib.
2750 5864 2798 5899 ix
2832 5864 2951 5915 cap.
2990 5850 3070 5900 Η.
