4016 6452
281 380 383 437 τη
1094 388 1185 443 AD
1238 386 1635 442 VERSIONEM
1687 387 1844 443 LAT.
1891 387 2057 443 HOM.
2096 388 2152 443 S.
2196 388 2481 446 MACARII
2519 391 2860 449 AEGYPTII.
3497 403 3618 462 29.8:

298 513 432 568 quae
442 497 648 556 divino
664 501 959 561 beneﬁcio
975 512 1124 576 gesta
1144 513 1274 559 sunt
1291 505 1360 559 ab
1373 520 1461 569 eo,
1490 503 1725 574 petenda
1749 511 1877 559 sunt
1894 520 1925 559 e
1948 505 2209 560 Palladio.
2230 506 2467 577 Spiritus
2496 508 2662 579 igitur
2686 511 2927 576 divinus,
2952 512 3045 582 qui
3064 512 3278 583 vigebat
3296 515 3350 569 in
3372 515 3608 573 Macario

306 598 512 656 nostro,
535 608 655 649 non
687 596 884 665 potuit
912 596 1117 651 otiosus
1140 612 1282 661 esse,
1300 596 1435 666 quin
1458 612 1556 666 per
1571 612 1699 652 eum
1727 596 1971 653 fructum
2002 598 2243 668 aliquem
2272 600 2484 667 ederet,
2509 602 2803 673 effecitque
2834 613 2895 658 ut
2931 605 3024 675 qui
3046 607 3432 663 consodalibus
3463 611 3607 665 dun-

318 694 458 744 taxat
475 690 781 747 monachis
800 693 1052 762 exemplo
1076 692 1355 762 proderat,
1408 693 1628 762 scriptis
1650 692 1717 747 ad
1742 701 1993 762 posteros
2028 695 2365 750 transmissis
2396 698 2658 754 omnibus
2687 700 2993 770 prodesset.
3021 699 3064 754 E
3094 700 3296 771 quibus
3326 703 3604 773 quinqua—

322 784 461 854 ginta
475 785 659 840 solum
676 785 943 842 homilias
962 801 1152 857 graece
1190 786 1426 856 scriptas
1445 786 1757 856 accepimus
1776 801 1808 841 e
1832 786 2173 843 Bibliotheca
2206 789 2394 859 Regia.
2418 790 2563 856 Quas
2600 808 2727 847 cum
2762 794 3007 864 legentes
3047 794 3608 851 animadverteremus

322 894 429 933 non
448 886 666 932 tantum
694 879 985 934 monachis
1014 887 1070 933 et
1092 879 1434 948 religionem,
1462 879 1609 948 quod
1635 878 1811 944 aiunt,
1838 879 2247 949 profitentibus,
2272 882 2365 935 sed
2387 883 2701 955 cuicunque
2723 886 3026 941 christiano
3042 887 3234 942 lectori
3261 888 3601 957 profuturas,

331 984 438 1027 tum
456 971 606 1041 quod
631 971 909 1026 aﬂlictum
924 987 988 1025 ac
1006 979 1346 1025 moerentem
1371 971 1531 1026 valde
1546 972 1793 1026 solantur
1813 970 2081 1037 animum,
2110 988 2347 1043 eumque
2368 990 2400 1029 a
2430 977 2591 1046 nugis
2615 976 2867 1033 futilibus
2894 980 3063 1035 huius
3089 981 3282 1036 mundi
3311 984 3610 1038 traducunt

336 1069 398 1124 ad
418 1068 651 1133 caelum,
682 1076 802 1122 tum
848 1068 995 1137 quod
1019 1069 1160 1123 bene
1192 1068 1464 1139 beateque
1507 1068 1729 1122 vivendi
1753 1083 2005 1123 normam
2045 1070 2343 1139 Evangelio
2368 1073 2793 1128 convenientem
2819 1075 3229 1145 praescribunt,
3264 1077 3319 1130 in
3370 1077 3609 1131 latinum

332 1179 631 1219 sermonem
678 1165 1076 1230 convertimus,
1108 1165 1335 1220 cuilibet
1362 1164 1617 1220 homiliae
1645 1173 1969 1236 argumento
1991 1166 2146 1221 brevi
2180 1167 2445 1237 praeﬁxo,
2480 1169 2626 1225 unde
2651 1171 2941 1226 confestim
2974 1172 2984 1243 |
3016 1183 3280 1243 emergat,
3304 1172 3438 1243 quid
3467 1189 3607 1227 una-

325 1274 568 1330 quaeque
600 1259 909 1316 contineat.
940 1261 1049 1316 Has
1078 1262 1223 1332 ipsas
1254 1262 1553 1332 impressas
1578 1276 1777 1332 graece
1798 1262 2101 1332 latineque,
2130 1264 2290 1319 vobis
2328 1265 2516 1320 animo
2537 1278 2692 1336 grato
2726 1268 3067 1340 suscepturis
3090 1270 3382 1333 mittimus,
3409 1268 3455 1323 si
3473 1268 3606 1338 quid

321 1356 511 1412 melius
542 1356 784 1412 allatura
820 1358 893 1413 sit
920 1366 1232 1428 temporum
1269 1359 1663 1429 tranquillitas,
1696 1358 1953 1427 protinus
1978 1359 2262 1415 emissuri.
2292 1361 2482 1416 Valete
2510 1362 2834 1431 plurimum,
2870 1363 3153 1433 Deumque
3185 1362 3514 1431 precemini.
3544 1368 3609 1415 ut

316 1452 514 1507 nostris
552 1452 738 1509 faveat
759 1453 830 1508 ad
870 1454 1103 1525 gloriam
1131 1453 1253 1509 eius
1280 1453 1553 1525 susceptis
1579 1450 1847 1509 consiliis.

578 1586 822 1639 Lutetiae
844 1589 1045 1641 Calend.
1074 1588 1185 1641 Maii
1212 1589 1475 1640 M.D.l.lX.

1949 1726 2020 1736 ’μ-

1235 1858 1595 1922 JOANNIS
1644 1857 1754 1920 DA
1768 1855 1927 1921 VAL
1985 1856 2315 1920 TREPOR
2330 1855 2699 1917 TUENSIS

1119 2000 1422 2048 DOCTORIS
1452 1999 1769 2047 THEOLOGI
1805 1998 1876 2046 IN
1918 2000 2175 2045 LAUDEM
2213 1999 2278 2043 D.
2326 1996 2447 2042 PICI
2489 1994 2812 2042 PRAESIDIS

1715 2084 2227 2142 HEXASTICHON.

1132 2203 1249 2270 Quo
1278 2204 1554 2267 celebrem,
1584 2203 1811 2269 Macari,
1844 2202 2062 2257 donabis
2094 2218 2310 2255 munere
2339 2200 2545 2265 Picum,

1201 2274 1305 2347 Qui
1340 2275 1618 2347 splendore
1645 2291 1739 2329 suo
1771 2273 2026 2347 candidat
2053 2273 2398 2347 Aethiopem?

1134 2343 1341 2401 Silenos
1369 2342 1586 2417 'aperit,
1630 2348 1810 2400 miscet
1851 2344 2013 2417 simul
2047 2343 2181 2397 utile
2222 2342 2399 2407 dulci,

1200 2418 1370 2487 Atque
1404 2414 1513 2471 suis
1541 2418 1770 2487 Graecas
1799 2414 2057 2487 unguibus
2079 2421 2237 2487 auget
2263 2416 2421 2484 apes?

1126 2483 1399 2543 Pelle'sub
1429 2488 1651 2542 obscura
1688 2483 2118 2540 celaui—clausus
2155 2483 2374 2549 odores;

1202 2558 1270 2612 At
1300 2557 1473 2612 celata
1506 2559 1599 2611 diu
1635 2557 1787 2611 Picus
1819 2563 2008 2626 aperta
2038 2556 2184 2625 facit.

1737 2743 1745 2809 I
1786 2742 1872 2800 De
1907 2740 2242 2802 Macariis.

1860 2862 1896 2910 E
1923 2857 2092 2911 Suida.

379 2973 498 3029 Duo
536 2973 768 3031 fuerunt
806 2974 1029 3030 Macarii
1067 2973 1318 3029 eiusdem
1356 2973 1594 3027 nominis
1621 2988 1685 3027 ac
1719 2973 2059 3042 professione
2095 2972 2332 3027 ascetica
2365 2970 2627 3041 insignes,
2660 2967 2794 3032 vita,
2829 2965 3109 3030 moribus,
3148 2964 3419 3021 doctrina.
3461 2964 3612 3020 Alter

302 3069 631 3140 Aegyptius,
665 3070 951 3126 miraculis
977 3070 1160 3126 clarus
1182 3085 1246 3125 ac
1278 3085 1406 3124 cum
1432 3069 1685 3139 religiosa
1713 3069 1970 3124 cautione
2009 3068 2068 3122 in
2093 3083 2191 3123 eos
2228 3068 2323 3139 qui
2364 3083 2423 3123 se
2470 3065 2874 3121 conveniebant
2912 3078 3140 3119 severus
3167 3079 3180 3115 :
3213 3062 3350 3116 alter
3372 3060 3608 3115 Alexan-

304 3164 530 3231 drinus,
555 3181 658 3236 per
677 3168 862 3221 omnia
891 3167 1088 3222 similis
1111 3166 1401 3238 Aegyptio,
1433 3181 1650 3222 necnon
1696 3167 1871 3222 comis
1892 3176 1950 3221 et
1980 3166 2245 3232 festivus;
2276 3166 2333 3220 in
2359 3180 2456 3220 eos
2489 3164 2583 3234 qui
2611 3163 2679 3218 ad
2718 3178 2778 3219 se
2802 3162 3101 3219 veniebant
3129 3160 3203 3214 ita
3228 3160 3505 3213 humanus
3550 3170 3615 3211 ac

306 3252 551 3310 blandus
575 3255 667 3311 hic
688 3265 829 3322 erat,
858 3266 920 3311 ut
946 3271 1010 3311 ea
1035 3255 1329 3311 festivitate
1351 3257 1586 3327 juvenes
1618 3256 1687 3312 ad
1712 3256 2007 3312 asceticam
2035 3257 2205 3310 vitam
2237 3256 2539 3328 pelliceret.
2570 3254 2778 3308 Horum
2825 3254 3093 3324 Evagrius
3144 3251 3451 3322 discipulus
3483 3250 3607 3311 fuit,

302 3361 373 3401 ac
395 3346 559 3405 factis
582 3350 985 3421 philosophiam
1012 3352 1263 3407 exercuit
1289 3352 1384 3422 qui
1416 3352 1602 3407 verbis
1628 3351 1893 3407 duntaxat
1919 3353 2075 3423 prius
2089 3351 2620 3433 tphilosophabatur.
2650 3351 2801 3406 Idem
2829 3349 3302 3419 Constantinopoli
3345 3364 3375 3402 a
3399 3348 3607 3417 Grego-

304 3442 398 3494 rio
424 3442 706 3514 Theologo
733 3445 1093 3501 diaconorum
1120 3444 1305 3500 ordini
1331 3444 1647 3515 adscriptus
1669 3454 1780 3511 est;
1810 3446 1946 3515 quin
1982 3445 2149 3499 etiam
2190 3446 2244 3499 in
2267 3445 2574 3516 Aegyptum
2600 3443 2883 3513 profectus
2922 3459 2987 3498 ac
3022 3459 3147 3498 cum
3186 3442 3439 3497 Macariis
3470 3455 3609 3510 quos

308 3537 427 3594 dixi
451 3537 759 3592 collocutus
794 3537 962 3590 vitam
990 3536 1211 3593 illorum
1250 3538 1559 3592 aemulatus
1585 3546 1689 3591 est.
1728 3536 1811 3591 Ab
1849 3537 1955 3591 hoc
1990 3536 2121 3591 libri
2146 3537 2307 3591 valde
2349 3551 2542 3606 graves
2576 3552 2640 3589 ac
2683 3536 2815 3591 serii
2853 3536 3152 3605 conscripti
3185 3542 3331 3590 sunt.
3362 3532 3606 3599 Quorum

311 3649 462 3688 unus
490 3630 773 3685 Monachus
800 3631 916 3684 sive
942 3629 1009 3685 de
1036 3630 1150 3683 vita
1171 3630 1348 3685 activa
1374 3629 1673 3700 inscriptus
1700 3637 1817 3697 est;
1847 3630 1986 3685 alter
2018 3629 2290 3686 Gnosticus
2328 3630 2442 3683 sive
2479 3628 2549 3684 de
2587 3628 2654 3683 iis
2689 3630 2783 3698 qui
2809 3628 3139 3699 cognitionis
3162 3643 3391 3682 munere
3418 3626 3607 3681 donati

316 3732 469 3787 sunt,
506 3723 599 3793 qui
640 3722 819 3792 capita
846 3722 1232 3792 complectitur
1257 3737 1491 3776 numero
1516 3721 1949 3792 quinquaginta;
1985 3722 2187 3776 tertius
2220 3722 2607 3777 Antirrheticus
2658 3722 2923 3777 adversus
2964 3728 3241 3775 tentantes
3285 3719 3606 3784 daemones,

322 3826 450 3873 octo
470 3818 713 3887 partibus
734 3816 1046 3882 distinctus,
1074 3824 1137 3871 ut
1161 3824 1286 3871 octo
1309 3816 1705 3888 cogitationum
1731 3816 1882 3871 modi
1907 3823 2297 3881 recensentur;
2325 3816 2567 3887 itemque
2589 3824 2846 3871 sexcenta
2862 3812 3217 3885 Prognostica
3238 3814 3600 3884 problemata,

316 3921 379 3967 et
401 3912 763 3968 Elementaria
789 3911 920 3975 duo,
950 3928 1119 3966 unum
1146 3912 1216 3967 ad
1248 3912 1549 3966 monachos
1572 3912 1628 3965 in
1653 3911 1939 3966 coenobiis
1961 3920 2057 3966 aut
2086 3913 2470 3968 contuberniis
2499 3914 2769 3976 viventes,
2796 3913 3029 3967 alterum
3065 3909 3133 3964 ad
3156 3910 3432 3981 virginum
3471 3926 3601 3965 coe-

314 4014 452 4061 tum.
482 4005 616 4061 Eius
638 4013 823 4060 autem
850 4011 978 4059 sunt
1018 4004 1155 4060 haec
1186 4005 1354 4059 verba
1384 4022 1397 4057 :
1436 4022 1454 4054 ι
1482 4004 1719 4059 Necesse
1752 4012 1857 4070 est,
1897 4012 1960 4059 ut
1999 4003 2191 4059 sedulo
2232 4020 2427 4067 eorum
2460 4006 2555 4077 qui
2593 4011 3016 4077 praecesserunt
3051 4003 3447 4058 monachorum
3486 4003 3604 4057 vias

309 4095 656 4167 indagemus,
683 4094 752 4149 ad
776 4110 1079 4164 earumque
1103 4111 1354 4150 normam
1378 4096 1713 4168 dirigamur;
1743 4096 1915 4151 multa
1942 4097 2091 4151 enim
2119 4097 2187 4151 ab
2214 4097 2282 4152 iis
2308 4106 2458 4154 recte
2483 4106 2541 4154 et
2575 4098 2722 4153 dicta
2749 4104 2881 4152 sunt
2911 4105 2967 4152 et
3002 4096 3176 4162 facta;
3208 4096 3352 4150 inter
3378 4111 3519 4165 quae
3545 4104 3602 4151 et

308 4192 420 4248 hoc
443 4192 717 4263 quiSpiam
744 4191 902 4257 dixit,
929 4190 1225 4247 aridiorem
1251 4201 1308 4248 et
1330 4208 1460 4263 aspe
1493 4193 1501 4265 |
1535 4210 1653 4248 ram
1683 4194 1902 4249 vivendi
1932 4194 2201 4249 rationem
2228 4211 2353 4251 cum
2378 4195 2648 4252 charitate
2674 4195 2987 4265 copulatam
3011 4193 3248 4250 celerius
3269 4194 3601 4249 monachum

309 4287 382 4344 ad
407 4287 577 4343 animi
604 4287 1079 4358 tranquillitatem,
1106 4303 1271 4357 quam
1302 4290 1570 4345 ἀπάθειαν
1597 4292 1894 4362 appellant,
1928 4292 2253 4361 perducere.
2297 4315 2313 4345 ι

1385 4476 1394 4550 Ι
1432 4476 1856 4538 Homiliarum
1899 4479 2179 4541 Macarii
2206 4477 2598 4557 singularum

1762 4566 2159 4637 argumenta.

314 4729 371 4823 ζ.
637 4724 1005 4823 Latagi-eteae
1029 4738 1315 4823 allegorica
1343 4742 1555 4823 visionis
1591 4743 1734 4823 apud
1758 4745 2087 4823 Ezechielem
2113 4752 2425 4823 descriptae.
2592 4822 2601 4823 ί
2730 4822 2733 4823 ν
3355 4752 3486 4823 Ρθέζ·
3567 4755 3592 4807 ί

383 4864 404 4893 ι
634 4796 712 4893 Ιλς
735 4796 1266 4893 ζέφ-ιρλιξηερναῖυςηρ
1293 4813 1387 4866 hoc
1412 4820 1486 4866 est
1508 4796 1738 4893 peccato,
1758 4796 2101 4875 2:755:32};
2114 4796 2425 4876 Elimia
2439 4822 2688 4893 beneﬁcio
2718 4822 2935 4879 liberari
2960 4824 3024 4878 ab
3054 4838 3132 4878 eo.
3355 4796 3378 4806 ⁸
3399 4796 3486 4823 ..δ’
3528 4826 3551 4879 1

311 4868 344 4962 1'
346 4864 404 4962 LI
621 4868 909 4962 giquieta
936 4874 1163 4944 fratrum
1183 4864 1330 4962 int'er-
1348 4901 1403 4937 se
1428 4864 1821 4962 coiitaersatione
1847 4900 1897 4943 et
1926 4864 2416 4962 proci'i'ovi’niemgi:
2439 4864 2686 4893 vmv'ww
2718 4864 2834 4879 mw
2850 4864 2900 4879 m
2917 4864 2935 4878 .
2960 4864 3021 4878 Ἦ
3054 4864 3132 4878 π’
3528 4864 3550 4949 ί
3565 4864 3596 4947 3

621 4934 756 5019 Qua-
773 4934 977 5019 Iunone
1008 4934 1420 5019 promovendum
1433 4934 1517 5008 ini
1531 4934 2122 5015 sitd'CiiiiEzién’Z.""'
2294 4934 2360 4947 ’ν’
2377 4934 2411 4949 η

317 5008 361 5059 ν
618 5009 886 5073 Quantum
903 5008 1170 5090 discrepat
1194 5025 1304 5077 vita
1330 5008 1755 5081 Christianorum
1776 5008 2179 5103 aniteiiwauorum
2209 5035 2477 5090 hominum
2506 5036 2634 5091 vita.

420 5149 437 5155 _
632 5080 703 5155 Qe
744 5088 896 5155 modo
924 5093 1190 5155 precandi.
3524 5107 3594 5155 50

330 5107 395 5161 γί
632 5107 703 5135 ut:
744 5107 896 5136 mauu
924 5107 1190 5155 precanat.
3542 5108 3554 5123 ι.

324 5149 355 5202 ιν
374 5149 437 5204 ιι
626 5143 1229 5284 Deiglrcéreniztiiczsgzristi
1271 5182 1397 5238 erga
1439 5169 1691 5226 homines.
1724 5169 1969 5227 Continet
2008 5177 2168 5230 etiam
2216 5176 2575 5245 responsiones
2616 5178 2685 5233 ad
2717 5178 2976 5249 quasdam
3009 5176 3449 5247 interrogation“

707 5247 839 5304 ιυζιις
868 5247 1114 5285 curiosas.
2730 5247 2737 5249 “
3522 5247 3592 5299 55

323 5288 463 5379 γεη
622 5286 695 5379 2e
718 5296 806 5377 his.
826 5311 962 5379 quae
984 5304 1292 5379 contingunt
1325 5305 1637 5365 Christianis
1661 5314 1801 5367 inter
1830 5316 2112 5369 orandum.
3522 5316 3590 5370 59

316 5358 408 5415 ῘΧ
622 5358 1439 5459 ΡνξἮξξδξρξςξαςηρῗορῂεεὶαδ
1485 5380 1692 5459 divinas
1737 5388 2047 5459 pecuarios
2092 5403 2355 5441 successus
2402 5396 2452 5441 et
2497 5390 2811 5443 tentationes
2850 5388 3090 5459 impleri,
3122 5397 3172 5442 et
3203 5387 3304 5443 soli
3333 5389 3444 5445 Deo

704 5434 1039 5522 αάῖεεεηεηάρ
1070 5434 1284 5522 ίέθέτᾳὲί
1317 5464 1410 5502 nos
1442 5451 1507 5503 ab
1536 5434 2353 5522 ῐηγέέὶαᾶδλιεθιῖέᾖξιεῇέξῇθςῆςν
2403 5434 2448 5441 ν’
3124 5434 3168 5442 υ-
3333 5434 3437 5445 νη
3519 5460 3586 5515 65

312 5495 369 5553 Χ
628 5503 942 5588 Humilitate
967 5519 1013 5564 et
1053 5495 1898 5596 aiataiat;Etiaeiiti'E'ZiQ;

322 5638 389 5646 __
627 5644 665 5646 Β
702 5592 786 5629 vra
816 5579 1121 5646 perduntur.

1984 5495 2320 5512 ωμιιιιυιιισιιο.
3519 5495 3548 5515 υ

1962 5544 2019 5581 ur
2046 5528 2186 5582 dona
2215 5530 2423 5600 gratiae
2459 5530 2687 5595 divinae,
2721 5528 2968 5602 superbia
2997 5539 3175 5586 autem
3205 5538 3253 5584 et
3288 5530 3443 5599 iqna-
3520 5601 3548 5617 _

3529 5619 3544 5646 Ι

702 5601 786 5629 vus
816 5601 1121 5646 peraunmr_
2788 5601 2792 5602 ν
3520 5601 3549 5617 ’-

312 5638 419 5764 ‘zgl
620 5644 880 5764 Igirtutem
904 5656 1074 5707 sancti
1101 5653 1329 5739 Spiritus
1356 5660 1412 5713 in
1442 5663 1599 5716 corde
1632 5666 1856 5720 hominis
1887 5684 1941 5721 se
1975 5669 2163 5723 habere
2192 5670 2363 5725 instar
2400 5671 2556 5743 ignis.

669 5733 697 5764 ε
720 5726 868 5764 statu
903 5720 1043 5764 Αήηρ
1070 5735 1185 5764 nnc!
1216 5732 1499 5764 ..ηηηεηοοκ
1541 5734 1627 5764 Πηέ
1657 5737 1915 5764 .......::.-...
1974 5741 1982 5764 ι
3517 5740 3579 5764 οι

314 5714 419 5834 ᾖ
619 5714 697 5769 De
720 5726 868 5771 statu
897 5720 1043 5776 Adae
1070 5714 1185 5795 post
1216 5714 1937 5805 imaginem
1973 5714 2119 5808 imm
2138 5714 2162 5723 ν
2192 5714 2348 5725 mm"
2401 5714 2556 5743 Tm”

418 5783 447 5836 1
620 5786 788 5849 Quem
815 5789 1045 5849 fructum
1076 5814 1107 5848 a
1139 5796 1437 5849 Christiano
1476 5804 1610 5849 Deus
1640 5808 1834 5849 nrn'nnL
2828 5820 2829 5823 η
3516 5811 3582 5849 tu

715 5789 1045 5877 fructum
1070 5789 1445 5877 'a__Christi‘anor
1471 5804 1610 5860 Deus
1640 5789 1934 5877 exigam”
1973 5789 1981 5808 ⁸
2828 5820 2829 5823 “

318 5848 431 5907 XIV
622 5856 727 5921 Qui
760 5876 815 5912 se
849 5861 1090 5917 dedicant
1114 5866 1241 5933 Deo,
1276 5888 1376 5926 non
1403 5876 1515 5929 sine
1544 5893 1634 5929 sne
1668 5848 2104 5935 remunerationis
2136 5882 2187 5935 id
2228 5882 2444 5939 faciunt.
3513 5880 3597 5936 95-
