4016 6422
565 357 665 414 29³9
1608 352 1998 407 ZACHARIAE
2041 350 2407 404 PALTIIENII
2441 348 2828 403 PRAEFATIO
3691 352 3780 407 πω

566 469 652 525 XV
862 463 1037 529 Quam
1066 474 1248 521 sancte
1278 474 1327 517 et
1351 472 1492 519 caste
1518 480 1573 517 se
1600 479 1782 533 gerere
1809 462 1992 514 debeat
2031 461 2209 533 anima
2250 458 2537 533 Christiani
2565 458 2981 533 ergaChristum
3010 477 3257 528 sponsum
3289 479 3460 514 suum.
3695 465 3781 521 {00

564 538 681 597 XVI
864 534 1144 606 Spiritales
1185 537 1416 592 homines
1461 530 1706 588 obnoiios
1756 547 1865 585 esse
1907 530 2280 589 tentationibus
2328 541 2375 583 et
2424 530 2801 600 afflictionibus,
2846 546 3075 599 quarum
3132 533 3275 602 origo
3322 541 3397 584 est
3447 534 3659 601 primum

982 614 1233 660 eccatum.

3690 607 3780 662 152

561 677 718 733 XVII‘
861 624 1387 730 Depéhiiglilznnorum
1414 674 1659 726 unctione
1683 670 1979 742 spiritali_et
2007 670 2197 740 gloria.
2241 739 2265 742 _
2363 741 2366 742 7
3015 741 3018 742 7

562 747 735 803 XVIII
862 745 939 799 De
966 747 1207 799 thesauro
1233 744 1649 799 Christianorum
1674 739 1764 812 qui
1794 750 1869 795 est
1896 740 2130 795 Christus
2154 751 2202 797 et
2229 739 2455 810 Spiritus
2481 749 2693 796 sanctus
2717 743 2877 795 variis
2904 741 3065 795 modis
3089 758 3331 796 exercens
3358 758 3440 796 eos
3462 744 3528 796 ad
3554 760 3663 814 per-

950 816 1219 884 fectionem
1244 814 1641 884 assequendam.
1761 882 1768 884 _
1974 880 2023 884 Α
2185 880 2195 884 _
2244 880 2253 884 7
2928 881 2960 884 __
3105 882 3114 884 _
3153 882 3161 884 _
3696 817 3783 871 150

560 885 683 959 XLX
870 880 1199 959 Christianus
1222 884 1484 959 proﬁcere
1499 882 1675 959 volens
1701 882 1770 935 ad
1792 897 1944 934 omne
1968 880 2023 934 id
2058 880 2195 950 quod
2236 880 2425 932 bonum
2458 888 2553 959 est,
2582 897 2637 932 se
2658 884 2707 935 vi
2737 881 3049 959 compellere
3080 882 3245 935 debet.
3696 888 3781 941 157

560 956 654 1010 XX
863 953 1018 1009 Solus
1040 952 1273 1009 Christus
1299 952 1507 1007 sanavit
1538 953 1794 1015 animam,
1818 969 1975 1021 quam
2002 959 2312 1021 ornamento
2338 952 2543 1019 gratiae
2563 968 2690 1005 suae
2716 954 2934 1005 vestivit.
3698 959 3784 1009 im;

558 1025 683 1079 XXI
869 1024 1083 1078 Homini
1107 1024 1405 1079 Christiano
1428 1022 1621 1093 duplex
1658 1020 1908 1075 incumbit
1934 1020 2147 1083 bellum,
2175 1029 2447 1075 externum
2477 1030 2526 1073 et
2550 1022 2835 1077 internum.
3698 1030 3784 1081 H38

559 1094 740 1177 ἔ-Ξζζ.
868 1093 1741 1177 Ωςάεεριξςίξεαεαάεεςεάεητίυηι·
2025 1169 2038 1177 ,
2164 1161 2175 1171 .
2240 1176 2245 1177 ,
2533 1160 2545 1177 ,
2604 1176 2607 1177 ,
3696 1098 3777 1177 εἰς

560 1164 740 1218 XXIII
866 1163 935 1233 Ili
961 1160 1059 1218 soli
1087 1165 1331 1217 diadema
1363 1166 1564 1233 regium
1590 1173 1797 1231 gestare
1824 1169 2059 1233 possunt,
2088 1161 2175 1228 qui
2206 1166 2328 1233 sunt
2360 1175 2397 1233 e7
2416 1160 2612 1233 semine
2638 1162 2797 1231 regio.
3700 1166 3785 1219 172

560 1233 730 1288 XXIV
865 1232 1282 1288 Christianorum
1312 1228 1479 1287 status
1507 1228 1837 1286 mercaturae
1864 1242 1912 1284 et
1940 1228 2329 1300 fermentationi
2353 1230 2538 1283 similis
2563 1241 2656 1283 est.
2698 1228 2711 1231 ⁷
3697 1236 3785 1289 fu

558 1303 697 1360 XXV
860 1302 964 1357 Per
992 1305 1395 1364 inobedientiam
1438 1303 1635 1356 redacti
1672 1319 1851 1355 sumus
1892 1303 1946 1354 in
1972 1302 2292 1364 servitutem,
2322 1318 2355 1353 a
2390 1316 2498 1368 qua
2524 1317 2616 1370 per
2648 1303 2953 1371 mysterium
2987 1306 3153 1359 crucis
3193 1302 3508 1369 liberamur;
3547 1306 3665 1359 item

944 1373 1008 1425 de
1037 1375 1384 1428 lacrimarum
1413 1380 1461 1425 et
1488 1375 1621 1441 ignis
1646 1373 1807 1424 divini
1833 1371 2079 1439 efficacia.
2167 1440 2175 1441 7
3697 1376 3785 1430 178

558 1441 725 1497 XXVI
861 1440 1240 1566 Deldzgniiate,
1289 1440 1545 1512 facultate
1584 1450 1632 1496 et
1656 1442 2043 1512 Operationibus
2085 1440 2316 1503 animae,
2342 1446 2390 1491 et
2429 1455 2535 1508 qua
2568 1440 2773 1495 ratione
2820 1450 3048 1496 tentetur
3078 1461 3110 1497 a
3150 1442 3359 1497 diabolo
3402 1450 3452 1496 et
3481 1443 3490 1513 Ι
3522 1445 3584 1497 ab
3613 1460 3667 1497 eo
3697 1514 3756 1568 i8

972 1530 987 1565 t
1025 1531 1108 1566 ere
1134 1530 1217 1565 ur.

972 1514 1217 1566 iberetur.
3697 1514 3785 1569 184

558 1582 751 1637 XXVII
867 1581 1189 1653 Dignitatem
1214 1591 1262 1653 et
1288 1590 1488 1636 statum
1510 1582 1731 1653 hominis
1756 1579 2040 1635 Christiani
2068 1578 2419 1648 prosequitur,
2436 1579 2647 1649 eiusque
2674 1578 2893 1633 liberum
2918 1582 3216 1642 arbitrium.
3246 1583 3517 1653 permixtis
3539 1585 3669 1637 inte-

941 1655 1044 1706 rim
1082 1652 1294 1706 utilibus
1329 1652 1733 1706 quaestionibus.
3696 1652 3785 1706 200

941 1669 1044 1706 nm
1082 1669 1294 1706 utmous
1366 1669 1733 1705 uaesuonwus.
3696 1669 3785 1706 mu

556 1720 781 1798 XXVIII
863 1720 1119 1798 Describit
1147 1738 1209 1798 ac
1232 1669 1472 1798 deplorat
1507 1719 2116 1798 calamitatem7animae
2149 1716 2205 1769 in
2232 1731 2335 1798 q'_ua
2373 1728 2586 1798 propter
2615 1728 3019 1798 peccatumnon
3045 1720 3247 1798 _hab7it7at
3274 1720 3529 1798 Christus.

558 1790 727 1861 XXIX
860 1790 1071 1861 Duplici
1097 1786 1307 1845 ratione
1324 1794 1553 1861 gratiam
1574 1808 1725 1844 suam
1755 1790 1981 1860 largitur
2008 1787 2168 1861 D_eu_s,
2194 1788 2337 1861 cuius
2376 1786 2849 1861 fruetumtandem
2881 1791 3015 1843 iusto
3037 1791 3229 1861 iudicio
3254 1793 3462 1861 repetit.
3698 1793 3787 1845 218

558 1859 727 1931 _
866 1856 958 1931 ξεί
976 1859 1178 1931 Spiritu
1205 1856 1388 1914 sancto
1416 1863 1617 1915 renasci
1645 1861 1790 1914 debet
1823 1856 2002 1931 anima
2034 1856 2126 1909 Dei
2154 1858 2369 1931 regnum
2402 1858 2727 1931 ingressura,
2758 1870 2807 1912 et
2832 1862 2922 1929 qui
2944 1862 3037 1913 hoc
3062 1859 3181 1927 ﬁat.
3314 1856 3323 1861 ’
3614 1930 3619 1931 7
3696 1861 3785 1917 2‘25

558 1929 728 1984 XXXI
860 1924 1054 1985 Fidelis
1082 1934 1258 1986 animo
1286 1934 1480 1989 mutari
1521 1931 1667 1984 debet
1697 1939 1747 1984 et
1790 1932 1845 1983 in
1870 1928 2041 1982 Deum
2084 1924 2329 1993 colligere
2370 1930 2711 1997 cogitationes
2738 1924 2938 1993 omnes,
2978 1948 3009 1985 a
3042 1924 3225 2000 quibus
3267 1946 3388 1989 vere
3424 1930 3668 2000 dependet

946 2000 1248 2054 obseauium
1274 2002 1526 2054 divinum.
3698 2001 3787 2054 230

946 2002 1248 2055 obsequium
1274 2002 1526 2055 divinum.

557 2067 754 2123 XXXII
862 2067 1043 2125 Gloria
1067 2067 1484 2125 Christianorum
1509 2070 1660 2123 modo
1691 2070 1817 2123 latet
1840 2071 1893 2123 in
1919 2068 2111 2141 animis
2144 2082 2344 2131 eorum,
2369 2082 2505 2137 quae
2562 2071 2954 2125 resurrectionis
2978 2078 3209 2141 tempore
3236 2079 3464 2140 emerget
3489 2078 3537 2132 et
3556 2070 3672 2125 illu-

946 2141 1132 2194 strabit
1156 2158 1377 2211 corpora
1406 2157 1499 2211 pro
1526 2157 1618 2193 suo
1649 2156 1883 2211 quaeque
1915 2140 2083 2211 modo.
3086 2140 3089 2141 ⁷

866 2205 1039 2281 Quam
1072 2205 1269 2265 attente
1305 2205 1683 2281 diligenterque
1717 2205 2035 2281 precandum
2066 2212 2155 2264 sit.
3695 2210 3778 2281 2H7

862 2277 940 2350 De
974 2280 1145 2349 gloria
1181 2275 1604 2337 Christianorum
1626 2275 1730 2333 illis
1759 2296 1862 2333 non
1892 2280 2092 2350 ignota.
3696 2280 3783 2350 2“

558 2344 771 2421 Κ-
864 2347 942 2421 De
962 2344 1179 2405 s'abbato
1204 2353 1418 2421 antiquo
1441 2359 1488 2403 et
1514 2368 1671 2421 novo.
1913 2344 1931 2350 ⁷
3695 2349 3782 2421 ῗθίῖ

558 2413 799 2490 _
862 2416 1081 2490 Diversa
1107 2430 1183 2473 est
1211 2413 1593 2490 resurgentium
1620 2420 1811 2489 gloria.

558 2482 826 2559 _
862 2486 940 2559 De
963 2491 1209 2558 paradiso
1232 2498 1281 2543 et
1308 2482 1416 2559 lege
1436 2482 1687 2558 spiritali.

558 2552 827 2629 VIII
860 2552 1064 2629 Exacto
1091 2577 1217 2629 apus
1244 2569 1317 2613 est
1347 2552 1537 2612 iudicio
1560 2560 1615 2612 in
1638 2559 1989 2613 discernendis
2016 2560 2152 2613 veris
2183 2560 2517 2625 Christianis,
2544 2569 2593 2614 et
2623 2561 2841 2629 quinam
2869 2561 2975 2614 sint
3013 2560 3117 2615 illi.
3696 2556 3784 2629 25ξὲ

557 2612 773 2700 XXXIX
863 2627 946 2700 {id
968 2612 1093 2699 quid
1116 2612 1386 2700 scriptura
1418 2629 1593 2700 divina
1630 2630 1772 2682 nobis
1800 2630 1995 2683 donata
2024 2612 2097 2682 est
2124 2612 2155 2683 ὰ
2550 2612 2583 2614 Γ
2632 2612 2648 2629 ⁷
2960 2612 2967 2613 7

557 2691 678 2768 ξζι-
872 2691 1127 2768 Virtutum
1151 2691 1289 2753 inter
1314 2715 1368 2753 se
1392 2697 1678 2768 colligatio,
1704 2700 1882 2753 itidem
1907 2702 2172 2753 vitiorum.
3696 2696 3784 2753 εἶδέ

557 2754 678 2817 XLI
867 2766 1047 2851 Quam
1071 2770 1332 2851 profunda
1355 2771 1459 2823 sint
1496 2754 1707 2823 a'nimae
1739 2769 2055 2839 penetralia,
2096 2786 2231 2839 quae
2267 2771 2530 2841 paulatim
2564 2772 2887 2824 incrementa
2926 2771 3133 2841 gratiae
3171 2778 3265 2826 aut
3297 2772 3549 2828 vitiorum
3584 2787 3667 2824 ac-.

557 2906 705 2962 XLII
861 2840 1246 3033 Νοιῗιέτξξὲηα,
1270 2910 1359 2964 sed
1387 2910 1597 2964 interna
1622 2918 1923 2979 promovent
1964 2917 2057 2964 aut
2102 2909 2314 2966 laedunt
2353 2912 2635 2977 hominem,
2662 2911 2821 2967 veluti
2851 2914 3065 2983 spiritus
3092 2914 3300 2983 gratiae
3340 2921 3432 2967 aut
3463 2914 3673 2983 spiritus
3697 2836 3788 3031 ἓξ

947 2997 1100 3033 neam
1128 2999 1229 3033 tae.

947 2997 1229 3040 nequitiae.

3756 2997 3782 3028 Β

864 2997 1243 3120 negglig.)
1275 3050 1373 3104 viri
1399 3047 1703 3120 Christiani,
1734 3050 1878 3101 cuius
1904 3058 2015 3103 tota
2040 3051 2113 3103 vis
2152 3051 2404 3119 dependet
2434 3070 2465 3106 a
2497 3052 2671 3115 corde,
2698 3060 2757 3104 ut
2794 3054 2873 3104 hic
2912 3053 3057 3105 varie.
3094 3051 3429 3108 describitur.
3697 2997 3783 3101 ξξο

561 3116 722 3170 XLIV
868 3115 1137 3181 Quantam
1160 3121 1215 3172 in
1244 3121 1448 3202 homine
1479 3118 1774 3171 Christiano
1808 3120 2150 3173 mutationem
2184 3115 2248 3173 ac
2281 3124 2671 3175 renovationem
2712 3123 2874 3192 faciat
2910 3122 3167 3187 Christus,
3200 3124 3288 3193 qui
3322 3124 3524 3178 morbos
3553 3122 3664 3181 am}-
3694 3185 3785 3241 276

945 3205 1062 3241 mae
1094 3199 1321 3241 sanavit.

945 3205 1062 3241 mae
1094 3191 1321 3243 sanavit.

562 3256 696 3317 XLV
868 3256 1041 3325 Nullis
1069 3260 1269 3313 artibus
1312 3266 1404 3313 aut
1448 3257 1684 3326 aperibus
1731 3260 1883 3313 huius
1927 3262 2127 3322 mundi,
2162 3261 2252 3313 sed
2281 3260 2392 3315 solo
2432 3258 2624 3316 Christi
2674 3262 2898 3315 adventu
2934 3270 3183 3316 sanatum
3226 3279 3338 3316 esse
3381 3262 3661 3323 hominem;

570 3328 639 3398 ‘___
656 3393 725 3398 ___
879 3395 906 3398 _
945 3330 1090 3381 cuius
1118 3346 1366 3397 magnam
1389 3324 1507 3380 cum
1531 3326 1638 3398 Deo
1668 3332 2025 3396 cognationem
2049 3331 2207 3398 refert
2233 3332 2359 3383 haec
2388 3332 2621 3385 homilia.

561 3393 752 3471 _
864 3395 947 3471 De
970 3393 1261 3471 differentia
1286 3400 1424 3471 inter
1450 3397 1659 3449 verbum
1690 3393 1785 3471 Dei
1815 3409 1863 3451 et
1890 3393 2327 3471 verbum'mundi,
2361 3409 2407 3452 et
2443 3403 2579 3454 inter
2616 3401 2754 3471 ﬁlios
2790 3401 2882 3455 Dei
2914 3410 2961 3454 et
2991 3402 3131 3470 ﬁlios
3154 3403 3307 3457 huius
3331 3403 3529 3457 mundi.

559 3463 783 3541 _
855 3463 1155 3541 Explicatio
1184 3468 1469 3541 allegorica
1496 3469 1823 3535 quorundam
1850 3470 1941 3523 sub
1967 3470 2076 3541 lege
2106 3471 2511 3540 benefactorum.
2616 3463 2628 3471 ’
2991 3463 3001 3470 ’

560 3533 783 3607 XLVIII
867 3533 949 3607 De
970 3539 1199 3607 perfecta
1221 3533 1324 3606 ﬁde
1348 3541 1401 3592 in
1429 3533 1615 3589 Deum.
2015 3533 2036 3541 ⁷
2233 3533 2243 3540 ’
3690 3533 3771 3588 501

561 3602 725 3658 XLIX
862 3602 980 3659 Non
1012 3602 1142 3726 scitis
1168 3602 1242 3664 est
1268 3611 1418 3663 huius
1458 3608 1655 3661 saeculi
1696 3608 1909 3663 delicias
1954 3608 2246 3679 reliquisse,
2284 3611 2384 3664 nisi
2421 3611 2535 3681 quis
2571 3610 2792 3665 alterius
2832 3611 3032 3667 saeculi
3075 3613 3452 3669 beatitudinem
3491 3625 3661 3665 conse-
3692 3671 3779 3726 75M

944 3693 1049 3726 aua
1076 3695 1160 3726 ur-
3752 3707 3761 3721 η

981 3688 1160 3731 uatur.
3692 3688 3761 3726 '0":

981 3694 1014 3729 u
1076 3695 1160 3731 ur.
3692 3693 3779 3726 om

559 3741 606 3796 L
864 3693 1005 3814 DeZs
1018 3693 1124 3813 git,
1150 3750 1240 3819 qui
1264 3765 1356 3819 per
1375 3761 1581 3807 sanctos
1606 3767 1727 3805 suos
1751 3760 1799 3805 et
1828 3759 2101 3804 creaturas
2130 3749 2235 3802 edit
2269 3750 2549 3805 miracula.
3693 3742 3779 3796 508

560 3917 749 3989 [9053“:
779 3920 1059 3989 scripturae
1082 3922 1295 3989 locarim}
1317 3939 1485 3977 sacrae
1522 3923 1613 3989 qui
1649 3924 1698 3974 in
1721 3925 1932 3989 hontiliis
1965 3929 2171 3979 citantur
2200 3945 2219 3987 ι
2246 3935 2395 3989 atque
2422 3945 2440 3976 ε
2472 3942 2633 3979 rerum
2659 3927 3046 3989 memnrubilium
3073 3945 3089 3975 ι
3114 3934 3236 3977 ‘oum
3277 3928 3468 3977 indices
3492 3929 3673 3989 _exslsnl.
3692 3921 3778 3989 llo‘

618 3978 793 4049 miliae
834 3978 981 4030 latine
1008 3997 1052 4044 p.
1084 3985 1241 4034 1-311.
1269 3987 1319 4035 In
1396 3978 1565 4055 ωλι-ιιςῇ
1590 3987 1687 4035 ﬁne
1731 3978 1860 4049 legis
1894 3978 2213 4042 :Excudebal
2255 3978 2384 4039 Guil.
2414 3978 2648 4041 Morelius
2690 3990 2741 4040 in
2781 3988 2979 4040 Graecis
3020 3990 3351 4054 typographus
3388 3986 3558 4050 Regius
3598 3980 3778 4033 Ltdth

624 4041 934 4095 Parisiorum
959 4046 1027 4094 Μ.
1060 4046 1119 4094 D.
1150 4047 1279 4097 LIX.
1436 4047 1636 4099 Maiam
3616 4078 3621 4085 ‘

624 4040 934 4109 Parisiorum
959 4040 1027 4094 ut
1060 4046 1119 4094 υ.
1150 4047 1279 4097 ιιι.
1306 4040 1409 4099 Cal.
1436 4047 1609 4099 Maias.
1615 4047 1636 4110 J

584 4220 1200 4263 F=====

1208 4224 3765 4265 .W!

883 4401 1696 4533 ZACHABIAE
1802 4408 2581 4521 PALTHENII
2677 4406 3488 4522 PRAEFATIO

1282 4621 1377 4677 AD
1414 4623 1812 4681 EDITIONEM
1846 4625 2297 4681 HOMILIARUM
2331 4625 2387 4681 S.
2428 4626 2724 4683 MACARII
2757 4626 3088 4684 AEGYPTII

1952 4732 2091 4779 omni
2128 4731 2414 4769 mscmesn

557 4799 1097 4886 δΑέΥΕΨᾸΕίΨΗὲ
1125 4800 2214 4886 ἑξείβέΨέηὲΕὲψῖἑέᾼΕΕῘΡΤΠ
2245 4804 2599 4886 ,ῌοΜέΡῙΑΕ
2618 4804 3098 4886 ,δΡΙΒῙΤυΑιΕδ
3140 4801 3649 4886 οιλτιΝουΑαιΝτΑ
3689 4796 3775 4886 Ψῗ

626 4872 1093 4944 INTEGRITATE
1121 4871 1310 4944 QUAE
1342 4872 1576 4928 DECET
1597 4874 2072 4937 CHRISTIANOS,
2104 4871 2302 4927 cunctis
2332 4878 2514 4944 quibus
2539 4879 2749 4929 animae
2769 4876 2913 4928 salus
2940 4892 3117 4928 revera
3143 4893 3301 4928 curae
3328 4885 3424 4939 est,
3451 4885 3560 4944 tum
3580 4878 3772 4944 propinet

627 4943 882 5065 insignem
906 4944 1111 5011 pietatis
1131 4935 1452 5006 doctrinam,
1485 4952 1594 4997 tum
1619 4956 1830 5016 prapter
1852 4935 2101 4999 similium
2127 4935 2467 5014 frequentiam
2510 4948 2736 4999 maxime
2782 4945 2935 4999 utiles
2976 4963 3037 4998 ac
3077 4935 3421 5009 necessariae,
3452 4944 3499 4998 E
3528 4935 3776 4997 CRAECO

730 5082 747 5083 7
768 5012 1047 5083 ΑΤΙΝῌΜ
1073 5008 1761 5083 SERJIQ.V:EM'conversae
1794 5025 1841 5067 et
1868 5017 2183 5068 coniunctim
2209 5032 2347 5066 nunc
2380 5018 2603 5083 primum
2637 5018 2689 5067 in
2726 5016 3008 5069 Germania
3046 5015 3216 5067 editae
3256 5033 3287 5068 a
3331 5015 3402 5068 Μ.
3450 5005 3767 5083 ΖΔΕ-ΗΑΒΙᾼ

625 5079 1028 5204 ξΑΙλῙῊΕΝΙΟ
1065 5081 1584 5159 FRIDBERGENSI
1626 5085 1783 5161 1594.7
1811 5085 2143 5154 Francofurti
2167 5084 2319 5154 Apud
2347 5077 2504 5147 Ioan.
2537 5084 2754 5139 Wecheli
2785 5085 3017 5149 viduam,
3046 5086 3293 5153 impensis
3324 5083 3525 5139 Nicolai
3554 5077 3772 5135 Bassaei.

660 5161 681 5181 °
721 5168 846 5204 min.

660 5161 681 5181 °
721 5161 846 5204 min.

653 5313 663 5387 Ι
694 5314 1020 5379 Reverendo,
1050 5319 1251 5386 generis
1289 5317 1566 5386 splendore
1611 5334 1671 5370 ac
1714 5317 1983 5370 nobilitate
2022 5321 2262 5388 antiqua,
2300 5316 2578 5385 religione,
2607 5317 2817 5377 virtute,
2858 5316 3095 5368 doctrina
3131 5315 3408 5384 multisque
3430 5316 3482 5366 in
3506 5308 3768 5366 Ecclesium

555 5405 750 5462 Christi
788 5407 985 5459 meritis
1024 5409 1476 5475 praestantissimo
1525 5409 1635 5461 viro
1674 5407 1790 5460 DD.
1826 5407 2079 5461 JOANNI
2115 5404 2527 5461 SWICHARDO
2562 5406 2602 5458 Α
2652 5403 3050 5466 CRONB-ERG,
3100 5405 3319 5473 insignis
3364 5398 3769 5471 metropolitanae

556 5500 802 5555 ecclesiae
841 5499 1249 5571 Moguntinensis
1291 5500 1629 5565 Scholastico,
1674 5502 1730 5557 S.
1777 5503 1970 5556 Albani
2012 5502 2349 5572 Praeposito,
2400 5518 2492 5555 nec
2528 5518 2632 5553 non
2674 5500 3085 5553 reverendissimi
3120 5509 3168 5552 et
3202 5500 3542 5554 illustrissimi
3580 5489 3769 5549 Domini

560 5590 623 5644 D.
658 5590 955 5661 Walfgangi
986 5591 1367 5669 Arcliiepiscopi
1393 5604 1441 5645 et
1471 5594 1728 5671 Principis
1760 5594 2015 5669 Electoris
2040 5595 2449 5665 Moguntinensis
2478 5596 2532 5648 in
2561 5593 2920 5665 spiritualibus
2946 5592 3149 5647 Vicario
3176 5592 3428 5664 generali,
3469 5588 3675 5644 Domino
3711 5596 3766 5635 ac

562 5678 791 5753 Patrono
814 5697 908 5733 suo
934 5680 1219 5749 plurimum
1245 5682 1460 5737 colendo
1497 5684 1553 5740 S.
1589 5685 1653 5739 P.

629 5773 1089 5845 Quotiescunque,
1116 5778 1437 5843 reverende,
1465 5780 1805 5837 nobilissime
1832 5792 1887 5836 et
1908 5782 2239 5852 amplissime
2260 5783 2356 5837 Do.
2381 5780 2788 5843 Schwicharde,
2813 5780 3093 5845 Maecenas
3114 5782 3430 5843 clarissime,
3457 5776 3535 5831 vir
3557 5766 3762 5828 summis
