  <div class='ocr_page' id='page_1' title='image "/cluster/home/n/w/nwhite01/storage/ocr_20150623/34/coo.31924054869312/164.png"; bbox 0 0 4016 6464; ppageno 0'>
   <div class='ocr_carea' id='block_1_1' title="bbox 228 364 3527 461">
    <p class='ocr_par' dir='ltr' id='par_1_1' title="bbox 228 364 3527 461">
     <span class='ocr_line' id='line_1_1' title="bbox 228 364 3527 461; baseline 0.003 -11"><span class='ocrx_word' id='word_1_1' title='bbox 228 384 313 440; x_wconf 71' lang='lat' dir='ltr'><strong>3m</strong></span> <span class='ocrx_word' id='word_1_2' title='bbox 1156 401 1247 456; x_wconf 82' lang='lat' dir='ltr'><strong>AD</strong></span> <span class='ocrx_word' id='word_1_3' title='bbox 1282 399 1658 456; x_wconf 70' lang='lat' dir='ltr'><strong>eumenen</strong></span> <span class='ocrx_word' id='word_1_4' title='bbox 1692 398 1855 454; x_wconf 77' lang='lat' dir='ltr'><strong>non.</strong></span> <span class='ocrx_word' id='word_1_5' title='bbox 1898 397 1953 453; x_wconf 90' lang='lat' dir='ltr'><strong>s.</strong></span> <span class='ocrx_word' id='word_1_6' title='bbox 1993 397 2275 455; x_wconf 79' lang='lat' dir='ltr'><strong>MACARII</strong></span> <span class='ocrx_word' id='word_1_7' title='bbox 2312 364 2649 457; x_wconf 69' lang='lat' dir='ltr'><strong>Auerpru.</strong></span> <span class='ocrx_word' id='word_1_8' title='bbox 3413 405 3527 461; x_wconf 52' lang='lat'><strong>302:</strong></span> 
     </span>
    </p>
   </div>
   <div class='ocr_carea' id='block_1_2' title="bbox 236 498 3529 586">
    <p class='ocr_par' dir='ltr' id='par_1_2' title="bbox 236 498 3529 586">
     <span class='ocr_line' id='line_1_2' title="bbox 236 498 3529 586; baseline 0.006 -32"><span class='ocrx_word' id='word_1_9' title='bbox 236 498 451 556; x_wconf 79' lang='lat' dir='ltr'><strong>laudum</strong></span> <span class='ocrx_word' id='word_1_10' title='bbox 478 508 827 573; x_wconf 83' lang='lat' dir='ltr'><strong>praeconiis</strong></span> <span class='ocrx_word' id='word_1_11' title='bbox 854 518 1019 581; x_wconf 90' lang='lat' dir='ltr'><strong>atque</strong></span> <span class='ocrx_word' id='word_1_12' title='bbox 1048 513 1266 567; x_wconf 87' lang='lat' dir='ltr'><strong>nomine</strong></span> <span class='ocrx_word' id='word_1_13' title='bbox 1290 527 1570 582; x_wconf 85' lang='lat' dir='ltr'><strong>nunquam</strong></span> <span class='ocrx_word' id='word_1_14' title='bbox 1612 511 1907 566; x_wconf 83' lang='lat' dir='ltr'><strong>interituro</strong></span> <span class='ocrx_word' id='word_1_15' title='bbox 1932 508 2272 581; x_wconf 82' lang='lat' dir='ltr'><strong>dignissime,</strong></span> <span class='ocrx_word' id='word_1_16' title='bbox 2306 514 2758 585; x_wconf 85' lang='lat' dir='ltr'><strong>quotiescunque,</strong></span> <span class='ocrx_word' id='word_1_17' title='bbox 2784 517 3031 586; x_wconf 82' lang='lat' dir='ltr'><strong>inquam,</strong></span> <span class='ocrx_word' id='word_1_18' title='bbox 3068 516 3171 571; x_wconf 89' lang='lat' dir='ltr'><strong>hac</strong></span> <span class='ocrx_word' id='word_1_19' title='bbox 3212 517 3529 573; x_wconf 76' lang='lat' dir='ltr'><strong>tristissima.</strong></span> 
     </span>
    </p>
   </div>
   <div class='ocr_carea' id='block_1_3' title="bbox 247 595 3518 683">
    <p class='ocr_par' dir='ltr' id='par_1_3' title="bbox 247 595 3518 683">
     <span class='ocr_line' id='line_1_3' title="bbox 247 595 3518 683; baseline 0.006 -35"><span class='ocrx_word' id='word_1_20' title='bbox 247 595 425 650; x_wconf 82' lang='lat' dir='ltr'><strong>mundi</strong></span> <span class='ocrx_word' id='word_1_21' title='bbox 451 609 698 658; x_wconf 78' lang='lat' dir='ltr'><strong>senecta</strong></span> <span class='ocrx_word' id='word_1_22' title='bbox 724 604 869 661; x_wconf 90' lang='lat' dir='ltr'><strong>adeo</strong></span> <span class='ocrx_word' id='word_1_23' title='bbox 893 605 1088 678; x_wconf 78' lang='lat' dir='ltr'><strong>frigide</strong></span> <span class='ocrx_word' id='word_1_24' title='bbox 1113 622 1176 661; x_wconf 91' lang='lat' dir='ltr'><strong>ac</strong></span> <span class='ocrx_word' id='word_1_25' title='bbox 1199 607 1393 677; x_wconf 86' lang='lat' dir='ltr'><strong>supine</strong></span> <span class='ocrx_word' id='word_1_26' title='bbox 1422 622 1674 678; x_wconf 80' lang='lat' dir='ltr'><strong>graecam</strong></span> <span class='ocrx_word' id='word_1_27' title='bbox 1704 607 1947 677; x_wconf 78' lang='lat' dir='ltr'><strong>linguam</strong></span> <span class='ocrx_word' id='word_1_28' title='bbox 1974 607 2031 660; x_wconf 91' lang='lat' dir='ltr'><strong>in</strong></span> <span class='ocrx_word' id='word_1_29' title='bbox 2051 607 2333 678; x_wconf 71' lang='lat' dir='ltr'><strong>plerisque</strong></span> <span class='ocrx_word' id='word_1_30' title='bbox 2363 610 2500 666; x_wconf 91' lang='lat' dir='ltr'><strong>locis</strong></span> <span class='ocrx_word' id='word_1_31' title='bbox 2528 622 2641 667; x_wconf 90' lang='lat' dir='ltr'><strong>tum</strong></span> <span class='ocrx_word' id='word_1_32' title='bbox 2672 613 2813 667; x_wconf 88' lang='lat' dir='ltr'><strong>tradi</strong></span> <span class='ocrx_word' id='word_1_33' title='bbox 2848 621 2959 666; x_wconf 88' lang='lat' dir='ltr'><strong>tum</strong></span> <span class='ocrx_word' id='word_1_34' title='bbox 2991 613 3195 666; x_wconf 88' lang='lat' dir='ltr'><strong>addisci</strong></span> <span class='ocrx_word' id='word_1_35' title='bbox 3223 613 3518 683; x_wconf 84' lang='lat' dir='ltr'><strong>conspicio,</strong></span> 
     </span>
    </p>
   </div>
   <div class='ocr_carea' id='block_1_4' title="bbox 251 694 3524 777">
    <p class='ocr_par' dir='ltr' id='par_1_4' title="bbox 251 694 3524 777">
     <span class='ocr_line' id='line_1_4' title="bbox 251 694 3524 777; baseline 0.004 -28"><span class='ocrx_word' id='word_1_36' title='bbox 251 694 504 749; x_wconf 83' lang='lat' dir='ltr'><strong>continuo</strong></span> <span class='ocrx_word' id='word_1_37' title='bbox 529 698 768 756; x_wconf 85' lang='lat' dir='ltr'><strong>animus</strong></span> <span class='ocrx_word' id='word_1_38' title='bbox 794 718 954 757; x_wconf 92' lang='lat' dir='ltr'><strong>meus</strong></span> <span class='ocrx_word' id='word_1_39' title='bbox 986 703 1238 758; x_wconf 78' lang='lat' dir='ltr'><strong>obruitur</strong></span> <span class='ocrx_word' id='word_1_40' title='bbox 1273 705 1447 769; x_wconf 93' lang='lat' dir='ltr'><strong>luctu,</strong></span> <span class='ocrx_word' id='word_1_41' title='bbox 1489 718 1741 759; x_wconf 90' lang='lat' dir='ltr'><strong>moerore</strong></span> <span class='ocrx_word' id='word_1_42' title='bbox 1768 711 1824 758; x_wconf 89' lang='lat' dir='ltr'><strong>et</strong></span> <span class='ocrx_word' id='word_1_43' title='bbox 1850 702 2076 758; x_wconf 78' lang='lat' dir='ltr'><strong>tristitia</strong></span> <span class='ocrx_word' id='word_1_44' title='bbox 2108 719 2219 759; x_wconf 92' lang='lat' dir='ltr'><strong>non</strong></span> <span class='ocrx_word' id='word_1_45' title='bbox 2262 705 2477 777; x_wconf 82' lang='lat' dir='ltr'><strong>exigua.</strong></span> <span class='ocrx_word' id='word_1_46' title='bbox 2513 708 2661 774; x_wconf 84' lang='lat' dir='ltr'><strong>Quae</strong></span> <span class='ocrx_word' id='word_1_47' title='bbox 2697 709 2898 764; x_wconf 89' lang='lat' dir='ltr'><strong>etenim</strong></span> <span class='ocrx_word' id='word_1_48' title='bbox 2943 718 3027 763; x_wconf 90' lang='lat' dir='ltr'><strong>est</strong></span> <span class='ocrx_word' id='word_1_49' title='bbox 3063 708 3357 771; x_wconf 88' lang='lat' dir='ltr'><strong>dementia,</strong></span> <span class='ocrx_word' id='word_1_50' title='bbox 3384 725 3524 777; x_wconf 83' lang='lat' dir='ltr'><strong>quae</strong></span> 
     </span>
    </p>
   </div>
   <div class='ocr_carea' id='block_1_5' title="bbox 256 792 3525 872">
    <p class='ocr_par' dir='ltr' id='par_1_5' title="bbox 256 792 3525 872">
     <span class='ocr_line' id='line_1_5' title="bbox 256 792 3525 872; baseline 0.003 -25"><span class='ocrx_word' id='word_1_51' title='bbox 256 792 485 857; x_wconf 77' lang='lat' dir='ltr'><strong>fatuitns,</strong></span> <span class='ocrx_word' id='word_1_52' title='bbox 511 810 665 864; x_wconf 85' lang='lat' dir='ltr'><strong>quae</strong></span> <span class='ocrx_word' id='word_1_53' title='bbox 694 798 915 853; x_wconf 86' lang='lat' dir='ltr'><strong>insania</strong></span> <span class='ocrx_word' id='word_1_54' title='bbox 936 816 1129 855; x_wconf 90' lang='lat' dir='ltr'><strong>eorum</strong></span> <span class='ocrx_word' id='word_1_55' title='bbox 1158 800 1463 866; x_wconf 88' lang='lat' dir='ltr'><strong>hominum,</strong></span> <span class='ocrx_word' id='word_1_56' title='bbox 1490 801 1584 871; x_wconf 87' lang='lat' dir='ltr'><strong>qui</strong></span> <span class='ocrx_word' id='word_1_57' title='bbox 1606 801 1817 869; x_wconf 83' lang='lat' dir='ltr'><strong>absque</strong></span> <span class='ocrx_word' id='word_1_58' title='bbox 1843 799 2010 855; x_wconf 88' lang='lat' dir='ltr'><strong>huius</strong></span> <span class='ocrx_word' id='word_1_59' title='bbox 2042 800 2050 872; x_wconf 89' lang='grc' dir='ltr'><strong>Ι</strong></span> <span class='ocrx_word' id='word_1_60' title='bbox 2081 800 2297 872; x_wconf 83' lang='lat' dir='ltr'><strong>linguae</strong></span> <span class='ocrx_word' id='word_1_61' title='bbox 2325 804 2652 860; x_wconf 81' lang='lat' dir='ltr'><strong>rudimentis</strong></span> <span class='ocrx_word' id='word_1_62' title='bbox 2683 822 2841 861; x_wconf 90' lang='lat' dir='ltr'><strong>rarae</strong></span> <span class='ocrx_word' id='word_1_63' title='bbox 2872 814 2928 859; x_wconf 93' lang='lat' dir='ltr'><strong>et</strong></span> <span class='ocrx_word' id='word_1_64' title='bbox 2966 804 3170 859; x_wconf 88' lang='lat' dir='ltr'><strong>solidae</strong></span> <span class='ocrx_word' id='word_1_65' title='bbox 3198 804 3525 859; x_wconf 80' lang='lat' dir='ltr'><strong>eruditionis</strong></span> 
     </span>
    </p>
   </div>
   <div class='ocr_carea' id='block_1_6' title="bbox 259 886 3524 970">
    <p class='ocr_par' dir='ltr' id='par_1_6' title="bbox 259 886 3524 970">
     <span class='ocr_line' id='line_1_6' title="bbox 259 886 3524 970; baseline 0.004 -30"><span class='ocrx_word' id='word_1_66' title='bbox 259 886 461 942; x_wconf 83' lang='lat' dir='ltr'><strong>laudem</strong></span> <span class='ocrx_word' id='word_1_67' title='bbox 488 904 551 944; x_wconf 86' lang='lat' dir='ltr'><strong>se</strong></span> <span class='ocrx_word' id='word_1_68' title='bbox 578 894 853 963; x_wconf 88' lang='lat' dir='ltr'><strong>consequi</strong></span> <span class='ocrx_word' id='word_1_69' title='bbox 880 910 1040 964; x_wconf 87' lang='lat' dir='ltr'><strong>posse</strong></span> <span class='ocrx_word' id='word_1_70' title='bbox 1066 896 1319 966; x_wconf 87' lang='lat' dir='ltr'><strong>sperant?</strong></span> <span class='ocrx_word' id='word_1_71' title='bbox 1343 897 1463 951; x_wconf 90' lang='lat' dir='ltr'><strong>Non</strong></span> <span class='ocrx_word' id='word_1_72' title='bbox 1489 896 1669 950; x_wconf 90' lang='lat' dir='ltr'><strong>minor</strong></span> <span class='ocrx_word' id='word_1_73' title='bbox 1700 904 1869 960; x_wconf 90' lang='lat' dir='ltr'><strong>certe,</strong></span> <span class='ocrx_word' id='word_1_74' title='bbox 1894 912 1957 950; x_wconf 91' lang='lat' dir='ltr'><strong>ac</strong></span> <span class='ocrx_word' id='word_1_75' title='bbox 1992 897 2037 951; x_wconf 89' lang='lat' dir='ltr'><strong>si</strong></span> <span class='ocrx_word' id='word_1_76' title='bbox 2069 897 2193 966; x_wconf 90' lang='lat' dir='ltr'><strong>quis</strong></span> <span class='ocrx_word' id='word_1_77' title='bbox 2222 898 2429 968; x_wconf 88' lang='lat' dir='ltr'><strong>absque</strong></span> <span class='ocrx_word' id='word_1_78' title='bbox 2470 900 2573 954; x_wconf 90' lang='lat' dir='ltr'><strong>rati</strong></span> <span class='ocrx_word' id='word_1_79' title='bbox 2604 900 2929 956; x_wconf 89' lang='lat' dir='ltr'><strong>immensum</strong></span> <span class='ocrx_word' id='word_1_80' title='bbox 2967 915 3029 955; x_wconf 90' lang='lat' dir='ltr'><strong>ac</strong></span> <span class='ocrx_word' id='word_1_81' title='bbox 3063 908 3275 955; x_wconf 89' lang='lat' dir='ltr'><strong>vastum</strong></span> <span class='ocrx_word' id='word_1_82' title='bbox 3302 900 3524 970; x_wconf 79' lang='lat' dir='ltr'><strong>pelagus</strong></span> 
     </span>
    </p>
   </div>
   <div class='ocr_carea' id='block_1_7' title="bbox 270 980 3541 1060">
    <p class='ocr_par' dir='ltr' id='par_1_7' title="bbox 270 980 3541 1060">
     <span class='ocr_line' id='line_1_7' title="bbox 270 980 3541 1060; baseline 0.004 -27"><span class='ocrx_word' id='word_1_83' title='bbox 270 980 507 1045; x_wconf 80' lang='lat' dir='ltr'><strong>transire,</strong></span> <span class='ocrx_word' id='word_1_84' title='bbox 535 990 637 1036; x_wconf 90' lang='lat' dir='ltr'><strong>aut</strong></span> <span class='ocrx_word' id='word_1_85' title='bbox 665 984 876 1055; x_wconf 89' lang='lat' dir='ltr'><strong>absque</strong></span> <span class='ocrx_word' id='word_1_86' title='bbox 909 986 1009 1041; x_wconf 90' lang='lat' dir='ltr'><strong>alis</strong></span> <span class='ocrx_word' id='word_1_87' title='bbox 1041 987 1096 1041; x_wconf 92' lang='lat' dir='ltr'><strong>in</strong></span> <span class='ocrx_word' id='word_1_88' title='bbox 1123 987 1343 1043; x_wconf 86' lang='lat' dir='ltr'><strong>aethera</strong></span> <span class='ocrx_word' id='word_1_89' title='bbox 1369 988 1608 1052; x_wconf 84' lang='lat' dir='ltr'><strong>evolare,</strong></span> <span class='ocrx_word' id='word_1_90' title='bbox 1636 995 1731 1041; x_wconf 91' lang='lat' dir='ltr'><strong>aut</strong></span> <span class='ocrx_word' id='word_1_91' title='bbox 1765 987 1972 1057; x_wconf 86' lang='lat' dir='ltr'><strong>absque</strong></span> <span class='ocrx_word' id='word_1_92' title='bbox 1997 988 2182 1059; x_wconf 81' lang='lat' dir='ltr'><strong>lingua</strong></span> <span class='ocrx_word' id='word_1_93' title='bbox 2225 1006 2322 1044; x_wconf 91' lang='lat' dir='ltr'><strong>seu</strong></span> <span class='ocrx_word' id='word_1_94' title='bbox 2370 990 2605 1060; x_wconf 88' lang='lat' dir='ltr'><strong>Spiritus</strong></span> <span class='ocrx_word' id='word_1_95' title='bbox 2636 993 2809 1047; x_wconf 80' lang='lat' dir='ltr'><strong>sancti</strong></span> <span class='ocrx_word' id='word_1_96' title='bbox 2853 992 2997 1047; x_wconf 91' lang='lat' dir='ltr'><strong>dono</strong></span> <span class='ocrx_word' id='word_1_97' title='bbox 3039 1002 3291 1046; x_wconf 85' lang='lat' dir='ltr'><strong>aeternae</strong></span> <span class='ocrx_word' id='word_1_98' title='bbox 3333 992 3541 1047; x_wconf 70' lang='lat' dir='ltr'><strong>salutis</strong></span> 
     </span>
    </p>
   </div>
   <div class='ocr_carea' id='block_1_8' title="bbox 273 1075 3520 1157">
    <p class='ocr_par' dir='ltr' id='par_1_8' title="bbox 273 1075 3520 1157">
     <span class='ocr_line' id='line_1_8' title="bbox 273 1075 3520 1157; baseline 0.003 -29"><span class='ocrx_word' id='word_1_99' title='bbox 273 1075 511 1146; x_wconf 79' lang='lat' dir='ltr'><strong>mysteria</strong></span> <span class='ocrx_word' id='word_1_100' title='bbox 535 1077 810 1144; x_wconf 84' lang='lat' dir='ltr'><strong>enodare,</strong></span> <span class='ocrx_word' id='word_1_101' title='bbox 835 1080 1141 1149; x_wconf 84' lang='lat' dir='ltr'><strong>patefacere</strong></span> <span class='ocrx_word' id='word_1_102' title='bbox 1163 1089 1219 1136; x_wconf 88' lang='lat' dir='ltr'><strong>et</strong></span> <span class='ocrx_word' id='word_1_103' title='bbox 1242 1082 1534 1151; x_wconf 83' lang='lat' dir='ltr'><strong>explicare,</strong></span> <span class='ocrx_word' id='word_1_104' title='bbox 1562 1090 1656 1136; x_wconf 92' lang='lat' dir='ltr'><strong>aut</strong></span> <span class='ocrx_word' id='word_1_105' title='bbox 1679 1080 1916 1151; x_wconf 93' lang='lat' dir='ltr'><strong>denique</strong></span> <span class='ocrx_word' id='word_1_106' title='bbox 1939 1081 2145 1152; x_wconf 80' lang='lat' dir='ltr'><strong>absque</strong></span> <span class='ocrx_word' id='word_1_107' title='bbox 2169 1082 2388 1138; x_wconf 89' lang='lat' dir='ltr'><strong>Christo</strong></span> <span class='ocrx_word' id='word_1_108' title='bbox 2413 1102 2539 1156; x_wconf 84' lang='lat' dir='ltr'><strong>rege</strong></span> <span class='ocrx_word' id='word_1_109' title='bbox 2564 1096 2620 1141; x_wconf 90' lang='lat' dir='ltr'><strong>et</strong></span> <span class='ocrx_word' id='word_1_110' title='bbox 2643 1086 2809 1141; x_wconf 85' lang='lat' dir='ltr'><strong>fratre</strong></span> <span class='ocrx_word' id='word_1_111' title='bbox 2832 1095 3022 1141; x_wconf 90' lang='lat' dir='ltr'><strong>nostro</strong></span> <span class='ocrx_word' id='word_1_112' title='bbox 3044 1102 3335 1157; x_wconf 87' lang='lat' dir='ltr'><strong>supernam</strong></span> <span class='ocrx_word' id='word_1_113' title='bbox 3359 1088 3488 1143; x_wconf 84' lang='lat' dir='ltr'><strong>Jeru</strong></span> <span class='ocrx_word' id='word_1_114' title='bbox 3504 1119 3520 1126; x_wconf 92' lang='lat'><strong>-</strong></span> 
     </span>
    </p>
   </div>
   <div class='ocr_carea' id='block_1_9' title="bbox 272 1171 3521 1251">
    <p class='ocr_par' dir='ltr' id='par_1_9' title="bbox 272 1171 3521 1251">
     <span class='ocr_line' id='line_1_9' title="bbox 272 1171 3521 1251; baseline 0.002 -24"><span class='ocrx_word' id='word_1_115' title='bbox 272 1172 425 1227; x_wconf 75' lang='lat' dir='ltr'><strong>salem</strong></span> <span class='ocrx_word' id='word_1_116' title='bbox 447 1171 735 1229; x_wconf 81' lang='lat' dir='ltr'><strong>civitatem</strong></span> <span class='ocrx_word' id='word_1_117' title='bbox 758 1176 1047 1231; x_wconf 89' lang='lat' dir='ltr'><strong>caelestem</strong></span> <span class='ocrx_word' id='word_1_118' title='bbox 1074 1186 1131 1231; x_wconf 93' lang='lat' dir='ltr'><strong>et</strong></span> <span class='ocrx_word' id='word_1_119' title='bbox 1154 1177 1348 1248; x_wconf 88' lang='lat' dir='ltr'><strong>gaudia</strong></span> <span class='ocrx_word' id='word_1_120' title='bbox 1373 1177 1624 1249; x_wconf 85' lang='lat' dir='ltr'><strong>paradysi</strong></span> <span class='ocrx_word' id='word_1_121' title='bbox 1654 1177 1865 1247; x_wconf 82' lang='lat' dir='ltr'><strong>ingredi</strong></span> <span class='ocrx_word' id='word_1_122' title='bbox 1891 1186 2202 1233; x_wconf 86' lang='lat' dir='ltr'><strong>conaretur.</strong></span> <span class='ocrx_word' id='word_1_123' title='bbox 2229 1178 2297 1232; x_wconf 89' lang='lat' dir='ltr'><strong>Et</strong></span> <span class='ocrx_word' id='word_1_124' title='bbox 2326 1188 2474 1235; x_wconf 91' lang='lat' dir='ltr'><strong>certe</strong></span> <span class='ocrx_word' id='word_1_125' title='bbox 2508 1188 2656 1235; x_wconf 90' lang='lat' dir='ltr'><strong>tanta</strong></span> <span class='ocrx_word' id='word_1_126' title='bbox 2684 1189 2767 1235; x_wconf 89' lang='lat' dir='ltr'><strong>est</strong></span> <span class='ocrx_word' id='word_1_127' title='bbox 2803 1181 2968 1235; x_wconf 90' lang='lat' dir='ltr'><strong>huius</strong></span> <span class='ocrx_word' id='word_1_128' title='bbox 2998 1182 3213 1251; x_wconf 92' lang='lat' dir='ltr'><strong>linguae</strong></span> <span class='ocrx_word' id='word_1_129' title='bbox 3243 1187 3521 1251; x_wconf 83' lang='lat' dir='ltr'><strong>praestan-</strong></span> 
     </span>
    </p>
   </div>
   <div class='ocr_carea' id='block_1_10' title="bbox 269 1268 3521 1343">
    <p class='ocr_par' dir='ltr' id='par_1_10' title="bbox 269 1268 3521 1343">
     <span class='ocr_line' id='line_1_10' title="bbox 269 1268 3521 1343; baseline 0.002 -23"><span class='ocrx_word' id='word_1_130' title='bbox 269 1268 357 1330; x_wconf 73' lang='lat' dir='ltr'><strong>tia,</strong></span> <span class='ocrx_word' id='word_1_131' title='bbox 386 1274 538 1323; x_wconf 82' lang='lat' dir='ltr'><strong>tanta</strong></span> <span class='ocrx_word' id='word_1_132' title='bbox 562 1269 823 1341; x_wconf 81' lang='lat' dir='ltr'><strong>dignitas,</strong></span> <span class='ocrx_word' id='word_1_133' title='bbox 852 1280 1002 1326; x_wconf 90' lang='lat' dir='ltr'><strong>tanta</strong></span> <span class='ocrx_word' id='word_1_134' title='bbox 1027 1271 1278 1343; x_wconf 79' lang='lat' dir='ltr'><strong>dignitati</strong></span> <span class='ocrx_word' id='word_1_135' title='bbox 1318 1273 1614 1327; x_wconf 90' lang='lat' dir='ltr'><strong>coniuncta</strong></span> <span class='ocrx_word' id='word_1_136' title='bbox 1652 1273 1882 1337; x_wconf 89' lang='lat' dir='ltr'><strong>utilitas,</strong></span> <span class='ocrx_word' id='word_1_137' title='bbox 1917 1280 2066 1327; x_wconf 89' lang='lat' dir='ltr'><strong>tanta</strong></span> <span class='ocrx_word' id='word_1_138' title='bbox 2107 1273 2431 1343; x_wconf 88' lang='lat' dir='ltr'><strong>amplitudo,</strong></span> <span class='ocrx_word' id='word_1_139' title='bbox 2468 1283 2617 1329; x_wconf 90' lang='lat' dir='ltr'><strong>tanta</strong></span> <span class='ocrx_word' id='word_1_140' title='bbox 2656 1276 2909 1331; x_wconf 88' lang='lat' dir='ltr'><strong>maiestas</strong></span> <span class='ocrx_word' id='word_1_141' title='bbox 2939 1283 3229 1343; x_wconf 89' lang='lat' dir='ltr'><strong>tantusque</strong></span> <span class='ocrx_word' id='word_1_142' title='bbox 3266 1274 3431 1328; x_wconf 83' lang='lat' dir='ltr'><strong>decor</strong></span> <span class='ocrx_word' id='word_1_143' title='bbox 3466 1282 3521 1327; x_wconf 90' lang='lat' dir='ltr'><strong>et</strong></span> 
     </span>
    </p>
   </div>
   <div class='ocr_carea' id='block_1_11' title="bbox 264 1365 3518 1439">
    <p class='ocr_par' dir='ltr' id='par_1_11' title="bbox 264 1365 3518 1439">
     <span class='ocr_line' id='line_1_11' title="bbox 264 1365 3518 1439; baseline 0.001 -23"><span class='ocrx_word' id='word_1_144' title='bbox 264 1371 507 1429; x_wconf 80' lang='lat' dir='ltr'><strong>ornatus,</strong></span> <span class='ocrx_word' id='word_1_145' title='bbox 534 1371 620 1431; x_wconf 91' lang='lat' dir='ltr'><strong>ut,</strong></span> <span class='ocrx_word' id='word_1_146' title='bbox 645 1365 691 1420; x_wconf 91' lang='lat' dir='ltr'><strong>si</strong></span> <span class='ocrx_word' id='word_1_147' title='bbox 716 1366 966 1421; x_wconf 86' lang='lat' dir='ltr'><strong>instituta</strong></span> <span class='ocrx_word' id='word_1_148' title='bbox 990 1367 1280 1423; x_wconf 90' lang='lat' dir='ltr'><strong>collatione</strong></span> <span class='ocrx_word' id='word_1_149' title='bbox 1307 1368 1443 1422; x_wconf 91' lang='lat' dir='ltr'><strong>haec</strong></span> <span class='ocrx_word' id='word_1_150' title='bbox 1474 1368 1659 1439; x_wconf 87' lang='lat' dir='ltr'><strong>lingua</strong></span> <span class='ocrx_word' id='word_1_151' title='bbox 1681 1383 1806 1423; x_wconf 89' lang='lat' dir='ltr'><strong>cum</strong></span> <span class='ocrx_word' id='word_1_152' title='bbox 1830 1368 2030 1422; x_wconf 88' lang='lat' dir='ltr'><strong>ceteris</strong></span> <span class='ocrx_word' id='word_1_153' title='bbox 2064 1376 2432 1438; x_wconf 85' lang='lat' dir='ltr'><strong>comparetur,</strong></span> <span class='ocrx_word' id='word_1_154' title='bbox 2474 1370 2713 1439; x_wconf 70' lang='lat' dir='ltr'><strong>reliQuas</strong></span> <span class='ocrx_word' id='word_1_155' title='bbox 2742 1385 2931 1424; x_wconf 88' lang='lat' dir='ltr'><strong>omnes</strong></span> <span class='ocrx_word' id='word_1_156' title='bbox 2965 1377 3075 1423; x_wconf 86' lang='lat' dir='ltr'><strong>tum</strong></span> <span class='ocrx_word' id='word_1_157' title='bbox 3104 1369 3324 1438; x_wconf 87' lang='lat' dir='ltr'><strong>copiosa</strong></span> <span class='ocrx_word' id='word_1_158' title='bbox 3356 1383 3518 1421; x_wconf 83' lang='lat' dir='ltr'><strong>voca-</strong></span> 
     </span>
    </p>
   </div>
   <div class='ocr_carea' id='block_1_12' title="bbox 258 1458 3521 1534">
    <p class='ocr_par' dir='ltr' id='par_1_12' title="bbox 258 1458 3521 1534">
     <span class='ocr_line' id='line_1_12' title="bbox 258 1458 3521 1534; baseline 0.001 -20"><span class='ocrx_word' id='word_1_159' title='bbox 258 1458 519 1516; x_wconf 83' lang='lat' dir='ltr'><strong>bulorum</strong></span> <span class='ocrx_word' id='word_1_160' title='bbox 543 1462 709 1527; x_wconf 81' lang='lat' dir='ltr'><strong>serie,</strong></span> <span class='ocrx_word' id='word_1_161' title='bbox 748 1470 863 1517; x_wconf 91' lang='lat' dir='ltr'><strong>tum</strong></span> <span class='ocrx_word' id='word_1_162' title='bbox 903 1463 1151 1519; x_wconf 89' lang='lat' dir='ltr'><strong>miranda</strong></span> <span class='ocrx_word' id='word_1_163' title='bbox 1178 1464 1539 1519; x_wconf 88' lang='lat' dir='ltr'><strong>dialectorum</strong></span> <span class='ocrx_word' id='word_1_164' title='bbox 1565 1464 1830 1519; x_wconf 80' lang='lat' dir='ltr'><strong>varietate</strong></span> <span class='ocrx_word' id='word_1_165' title='bbox 1874 1464 1953 1519; x_wconf 93' lang='lat' dir='ltr'><strong>sic</strong></span> <span class='ocrx_word' id='word_1_166' title='bbox 1992 1464 2203 1519; x_wconf 87' lang='lat' dir='ltr'><strong>anteire</strong></span> <span class='ocrx_word' id='word_1_167' title='bbox 2246 1473 2302 1518; x_wconf 90' lang='lat' dir='ltr'><strong>et</strong></span> <span class='ocrx_word' id='word_1_168' title='bbox 2326 1479 2588 1534; x_wconf 86' lang='lat' dir='ltr'><strong>superare</strong></span> <span class='ocrx_word' id='word_1_169' title='bbox 2631 1465 2908 1529; x_wconf 88' lang='lat' dir='ltr'><strong>videatur,</strong></span> <span class='ocrx_word' id='word_1_170' title='bbox 2949 1474 3010 1519; x_wconf 92' lang='lat' dir='ltr'><strong>ut</strong></span> <span class='ocrx_word' id='word_1_171' title='bbox 3048 1464 3129 1518; x_wconf 89' lang='lat' dir='ltr'><strong>sol</strong></span> <span class='ocrx_word' id='word_1_172' title='bbox 3171 1464 3227 1517; x_wconf 93' lang='lat' dir='ltr'><strong>in</strong></span> <span class='ocrx_word' id='word_1_173' title='bbox 3265 1462 3521 1532; x_wconf 88' lang='lat' dir='ltr'><strong>superius</strong></span> 
     </span>
    </p>
   </div>
   <div class='ocr_carea' id='block_1_13' title="bbox 257 1555 3518 1628">
    <p class='ocr_par' dir='ltr' id='par_1_13' title="bbox 257 1555 3518 1628">
     <span class='ocr_line' id='line_1_13' title="bbox 257 1555 3518 1628; baseline 0.001 -19"><span class='ocrx_word' id='word_1_174' title='bbox 257 1555 729 1626; x_wconf 85' lang='lat' dir='ltr'><strong>hemisphaerium</strong></span> <span class='ocrx_word' id='word_1_175' title='bbox 752 1556 1052 1627; x_wconf 90' lang='lat' dir='ltr'><strong>productus</strong></span> <span class='ocrx_word' id='word_1_176' title='bbox 1080 1567 1307 1613; x_wconf 90' lang='lat' dir='ltr'><strong>cunctas</strong></span> <span class='ocrx_word' id='word_1_177' title='bbox 1347 1559 1525 1614; x_wconf 84' lang='lat' dir='ltr'><strong>octavi</strong></span> <span class='ocrx_word' id='word_1_178' title='bbox 1566 1558 1719 1613; x_wconf 89' lang='lat' dir='ltr'><strong>orbis</strong></span> <span class='ocrx_word' id='word_1_179' title='bbox 1764 1558 1948 1613; x_wconf 89' lang='lat' dir='ltr'><strong>stellas</strong></span> <span class='ocrx_word' id='word_1_180' title='bbox 1984 1558 2274 1628; x_wconf 88' lang='lat' dir='ltr'><strong>splendore</strong></span> <span class='ocrx_word' id='word_1_181' title='bbox 2317 1574 2417 1614; x_wconf 93' lang='lat' dir='ltr'><strong>suo</strong></span> <span class='ocrx_word' id='word_1_182' title='bbox 2462 1558 2715 1614; x_wconf 81' lang='lat' dir='ltr'><strong>ofiuscat.</strong></span> <span class='ocrx_word' id='word_1_183' title='bbox 2760 1560 2920 1614; x_wconf 90' lang='lat' dir='ltr'><strong>Nulla</strong></span> <span class='ocrx_word' id='word_1_184' title='bbox 2956 1560 3104 1613; x_wconf 89' lang='lat' dir='ltr'><strong>enim</strong></span> <span class='ocrx_word' id='word_1_185' title='bbox 3129 1568 3213 1614; x_wconf 90' lang='lat' dir='ltr'><strong>est</strong></span> <span class='ocrx_word' id='word_1_186' title='bbox 3244 1574 3275 1613; x_wconf 92' lang='lat' dir='ltr'><strong>e</strong></span> <span class='ocrx_word' id='word_1_187' title='bbox 3312 1559 3518 1613; x_wconf 90' lang='lat' dir='ltr'><strong>circulo</strong></span> 
     </span>
    </p>
   </div>
   <div class='ocr_carea' id='block_1_14' title="bbox 255 1652 3516 1725">
    <p class='ocr_par' dir='ltr' id='par_1_14' title="bbox 255 1652 3516 1725">
     <span class='ocr_line' id='line_1_14' title="bbox 255 1652 3516 1725; baseline 0.001 -19"><span class='ocrx_word' id='word_1_188' title='bbox 255 1652 630 1707; x_wconf 86' lang='lat' dir='ltr'><strong>humanarum</strong></span> <span class='ocrx_word' id='word_1_189' title='bbox 656 1661 817 1722; x_wconf 89' lang='lat' dir='ltr'><strong>atque</strong></span> <span class='ocrx_word' id='word_1_190' title='bbox 840 1652 1200 1724; x_wconf 89' lang='lat' dir='ltr'><strong>ingenuarum</strong></span> <span class='ocrx_word' id='word_1_191' title='bbox 1225 1654 1425 1708; x_wconf 91' lang='lat' dir='ltr'><strong>artium</strong></span> <span class='ocrx_word' id='word_1_192' title='bbox 1453 1668 1517 1709; x_wconf 89' lang='lat' dir='ltr'><strong>ac</strong></span> <span class='ocrx_word' id='word_1_193' title='bbox 1552 1653 1986 1724; x_wconf 88' lang='lat' dir='ltr'><strong>disciplinarum,</strong></span> <span class='ocrx_word' id='word_1_194' title='bbox 2014 1669 2154 1723; x_wconf 88' lang='lat' dir='ltr'><strong>quae</strong></span> <span class='ocrx_word' id='word_1_195' title='bbox 2187 1653 2290 1708; x_wconf 87' lang='lat' dir='ltr'><strong>hac</strong></span> <span class='ocrx_word' id='word_1_196' title='bbox 2315 1669 2523 1720; x_wconf 87' lang='lat' dir='ltr'><strong>carere,</strong></span> <span class='ocrx_word' id='word_1_197' title='bbox 2549 1655 2699 1709; x_wconf 85' lang='lat' dir='ltr'><strong>nulla</strong></span> <span class='ocrx_word' id='word_1_198' title='bbox 2730 1670 2869 1725; x_wconf 88' lang='lat' dir='ltr'><strong>quae</strong></span> <span class='ocrx_word' id='word_1_199' title='bbox 2905 1655 3110 1724; x_wconf 91' lang='lat' dir='ltr'><strong>absque</strong></span> <span class='ocrx_word' id='word_1_200' title='bbox 3143 1656 3245 1709; x_wconf 88' lang='lat' dir='ltr'><strong>hac</strong></span> <span class='ocrx_word' id='word_1_201' title='bbox 3279 1654 3516 1724; x_wconf 80' lang='lat' dir='ltr'><strong>perfecte</strong></span> 
     </span>
    </p>
   </div>
   <div class='ocr_carea' id='block_1_15' title="bbox 253 1746 3518 1821">
    <p class='ocr_par' dir='ltr' id='par_1_15' title="bbox 253 1746 3518 1821">
     <span class='ocr_line' id='line_1_15' title="bbox 253 1746 3518 1821; baseline 0 -19"><span class='ocrx_word' id='word_1_202' title='bbox 253 1746 468 1811; x_wconf 77' lang='lat' dir='ltr'><strong>doceri,</strong></span> <span class='ocrx_word' id='word_1_203' title='bbox 494 1756 552 1802; x_wconf 92' lang='lat' dir='ltr'><strong>et</strong></span> <span class='ocrx_word' id='word_1_204' title='bbox 578 1747 727 1802; x_wconf 91' lang='lat' dir='ltr'><strong>nulla</strong></span> <span class='ocrx_word' id='word_1_205' title='bbox 750 1764 890 1817; x_wconf 89' lang='lat' dir='ltr'><strong>quae</strong></span> <span class='ocrx_word' id='word_1_206' title='bbox 920 1748 1127 1819; x_wconf 89' lang='lat' dir='ltr'><strong>absque</strong></span> <span class='ocrx_word' id='word_1_207' title='bbox 1160 1748 1263 1804; x_wconf 89' lang='lat' dir='ltr'><strong>hac</strong></span> <span class='ocrx_word' id='word_1_208' title='bbox 1286 1750 1507 1819; x_wconf 88' lang='lat' dir='ltr'><strong>penitus</strong></span> <span class='ocrx_word' id='word_1_209' title='bbox 1533 1750 1741 1820; x_wconf 89' lang='lat' dir='ltr'><strong>percipi</strong></span> <span class='ocrx_word' id='word_1_210' title='bbox 1768 1750 2090 1820; x_wconf 87' lang='lat' dir='ltr'><strong>cognoscive</strong></span> <span class='ocrx_word' id='word_1_211' title='bbox 2120 1751 2311 1821; x_wconf 91' lang='lat' dir='ltr'><strong>possit.</strong></span> <span class='ocrx_word' id='word_1_212' title='bbox 2344 1750 2400 1805; x_wconf 91' lang='lat' dir='ltr'><strong>Si</strong></span> <span class='ocrx_word' id='word_1_213' title='bbox 2426 1760 2482 1806; x_wconf 92' lang='lat' dir='ltr'><strong>et</strong></span> <span class='ocrx_word' id='word_1_214' title='bbox 2513 1751 2521 1821; x_wconf 96' lang='lat'><em>|</em></span> <span class='ocrx_word' id='word_1_215' title='bbox 2553 1752 2721 1815; x_wconf 89' lang='lat' dir='ltr'><strong>enim,</strong></span> <span class='ocrx_word' id='word_1_216' title='bbox 2750 1758 2811 1804; x_wconf 90' lang='lat' dir='ltr'><strong>ut</strong></span> <span class='ocrx_word' id='word_1_217' title='bbox 2836 1752 2958 1806; x_wconf 90' lang='lat' dir='ltr'><strong>luce</strong></span> <span class='ocrx_word' id='word_1_218' title='bbox 2992 1750 3293 1813; x_wconf 83' lang='lat' dir='ltr'><strong>meridiana</strong></span> <span class='ocrx_word' id='word_1_219' title='bbox 3320 1750 3518 1805; x_wconf 88' lang='lat' dir='ltr'><strong>clarius</strong></span> 
     </span>
    </p>
   </div>
   <div class='ocr_carea' id='block_1_16' title="bbox 252 1841 3139 1914">
    <p class='ocr_par' dir='ltr' id='par_1_16' title="bbox 252 1841 3139 1914">
     <span class='ocr_line' id='line_1_16' title="bbox 252 1841 3139 1914; baseline 0.002 -18"><span class='ocrx_word' id='word_1_220' title='bbox 252 1850 357 1905; x_wconf 74' lang='lat' dir='ltr'><strong>est,</strong></span> <span class='ocrx_word' id='word_1_221' title='bbox 386 1841 595 1897; x_wconf 82' lang='lat' dir='ltr'><strong>latinus</strong></span> <span class='ocrx_word' id='word_1_222' title='bbox 617 1857 797 1900; x_wconf 86' lang='lat' dir='ltr'><strong>sermo</strong></span> <span class='ocrx_word' id='word_1_223' title='bbox 819 1858 849 1898; x_wconf 88' lang='lat' dir='ltr'><strong>e</strong></span> <span class='ocrx_word' id='word_1_224' title='bbox 872 1857 1067 1914; x_wconf 89' lang='lat' dir='ltr'><strong>graeco</strong></span> <span class='ocrx_word' id='word_1_225' title='bbox 1092 1844 1333 1899; x_wconf 89' lang='lat' dir='ltr'><strong>manavit</strong></span> <span class='ocrx_word' id='word_1_226' title='bbox 1362 1851 1524 1914; x_wconf 91' lang='lat' dir='ltr'><strong>atque</strong></span> <span class='ocrx_word' id='word_1_227' title='bbox 1550 1843 1836 1914; x_wconf 88' lang='lat' dir='ltr'><strong>processit,</strong></span> <span class='ocrx_word' id='word_1_228' title='bbox 1866 1845 2003 1898; x_wconf 88' lang='lat' dir='ltr'><strong>adeo</strong></span> <span class='ocrx_word' id='word_1_229' title='bbox 2038 1851 2119 1908; x_wconf 89' lang='lat' dir='ltr'><strong>ut,</strong></span> <span class='ocrx_word' id='word_1_230' title='bbox 2144 1843 2290 1914; x_wconf 90' lang='lat' dir='ltr'><strong>quod</strong></span> <span class='ocrx_word' id='word_1_231' title='bbox 2319 1844 2585 1899; x_wconf 80' lang='lat' dir='ltr'><strong>Homerus</strong></span> <span class='ocrx_word' id='word_1_232' title='bbox 2614 1845 2681 1899; x_wconf 92' lang='lat' dir='ltr'><strong>de</strong></span> <span class='ocrx_word' id='word_1_233' title='bbox 2708 1859 2913 1899; x_wconf 83' lang='lat' dir='ltr'><strong>oceano</strong></span> <span class='ocrx_word' id='word_1_234' title='bbox 2940 1846 3087 1899; x_wconf 88' lang='lat' dir='ltr'><strong>canit</strong></span> <span class='ocrx_word' id='word_1_235' title='bbox 3115 1863 3139 1903; x_wconf 84' lang='lat'><strong>:.</strong></span> 
     </span>
    </p>
   </div>
   <div class='ocr_carea' id='block_1_17' title="bbox 982 1954 2359 2034">
    <p class='ocr_par' dir='ltr' id='par_1_17' title="bbox 982 1954 2359 2034">
     <span class='ocr_line' id='line_1_17' title="bbox 982 1954 2359 2034; baseline 0.002 -20"><span class='ocrx_word' id='word_1_236' title='bbox 982 1960 1073 2026; x_wconf 84' lang='grc' dir='ltr'><strong>Ἐξ</strong></span> <span class='ocrx_word' id='word_1_237' title='bbox 1100 1954 1273 2034; x_wconf 69' lang='grc' dir='ltr'>οὗπερ</span> <span class='ocrx_word' id='word_1_238' title='bbox 1306 1962 1507 2025; x_wconf 84' lang='grc' dir='ltr'>πάντες</span> <span class='ocrx_word' id='word_1_239' title='bbox 1538 1963 1774 2031; x_wconf 71' lang='grc' dir='ltr'>ποταμοὶ</span> <span class='ocrx_word' id='word_1_240' title='bbox 1808 1964 1901 2015; x_wconf 78' lang='grc' dir='ltr'>καὶ</span> <span class='ocrx_word' id='word_1_241' title='bbox 1934 1964 2085 2015; x_wconf 80' lang='grc' dir='ltr'>πᾶσα</span> <span class='ocrx_word' id='word_1_242' title='bbox 2110 1962 2359 2017; x_wconf 81' lang='grc' dir='ltr'>θάλασσα</span> 
     </span>
    </p>
   </div>
   <div class='ocr_carea' id='block_1_18' title="bbox 966 2033 2277 2105">
    <p class='ocr_par' dir='ltr' id='par_1_18' title="bbox 966 2033 2277 2105">
     <span class='ocr_line' id='line_1_18' title="bbox 966 2033 2277 2105; baseline 0 -20"><span class='ocrx_word' id='word_1_243' title='bbox 966 2033 1076 2085; x_wconf 77' lang='grc' dir='ltr'><strong>Καὶ</strong></span> <span class='ocrx_word' id='word_1_244' title='bbox 1103 2033 1275 2088; x_wconf 68' lang='grc' dir='ltr'>πᾶσαι</span> <span class='ocrx_word' id='word_1_245' title='bbox 1298 2035 1495 2105; x_wconf 81' lang='grc' dir='ltr'><strong>κρῆναι</strong></span> <span class='ocrx_word' id='word_1_246' title='bbox 1518 2035 1614 2087; x_wconf 76' lang='grc' dir='ltr'><strong>καὶ</strong></span> <span class='ocrx_word' id='word_1_247' title='bbox 1644 2034 1855 2104; x_wconf 77' lang='grc' dir='ltr'>φρέατα</span> <span class='ocrx_word' id='word_1_248' title='bbox 1881 2035 2060 2088; x_wconf 81' lang='grc' dir='ltr'>πάντα</span> <span class='ocrx_word' id='word_1_249' title='bbox 2089 2034 2277 2086; x_wconf 85' lang='grc' dir='ltr'><strong>νάουσι</strong></span> 
     </span>
    </p>
   </div>
   <div class='ocr_carea' id='block_1_19' title="bbox 257 2162 3530 2239">
    <p class='ocr_par' dir='ltr' id='par_1_19' title="bbox 257 2162 3530 2239">
     <span class='ocr_line' id='line_1_19' title="bbox 257 2162 3530 2239; baseline -0.001 -17"><span class='ocrx_word' id='word_1_250' title='bbox 257 2166 329 2222; x_wconf 90' lang='lat' dir='ltr'><strong>de</strong></span> <span class='ocrx_word' id='word_1_251' title='bbox 364 2181 564 2237; x_wconf 85' lang='lat' dir='ltr'><strong>graeca</strong></span> <span class='ocrx_word' id='word_1_252' title='bbox 594 2166 778 2239; x_wconf 89' lang='lat' dir='ltr'><strong>lingua</strong></span> <span class='ocrx_word' id='word_1_253' title='bbox 810 2182 919 2222; x_wconf 92' lang='lat' dir='ltr'><strong>non</strong></span> <span class='ocrx_word' id='word_1_254' title='bbox 954 2167 1228 2224; x_wconf 90' lang='lat' dir='ltr'><strong>immerito</strong></span> <span class='ocrx_word' id='word_1_255' title='bbox 1258 2168 1365 2223; x_wconf 91' lang='lat' dir='ltr'><strong>dici</strong></span> <span class='ocrx_word' id='word_1_256' title='bbox 1389 2166 1582 2238; x_wconf 91' lang='lat' dir='ltr'><strong>possit,</strong></span> <span class='ocrx_word' id='word_1_257' title='bbox 1608 2180 1791 2229; x_wconf 90' lang='lat' dir='ltr'><strong>nemo,</strong></span> <span class='ocrx_word' id='word_1_258' title='bbox 1820 2165 2035 2236; x_wconf 82' lang='lat' dir='ltr'><strong>Opinor,</strong></span> <span class='ocrx_word' id='word_1_259' title='bbox 2063 2164 2150 2219; x_wconf 91' lang='lat' dir='ltr'><strong>vel</strong></span> <span class='ocrx_word' id='word_1_260' title='bbox 2178 2162 2686 2234; x_wconf 87' lang='lat' dir='ltr'><strong>impudentissimus</strong></span> <span class='ocrx_word' id='word_1_261' title='bbox 2726 2165 3023 2235; x_wconf 80' lang='lat' dir='ltr'><strong>negaverit,</strong></span> <span class='ocrx_word' id='word_1_262' title='bbox 3053 2165 3258 2234; x_wconf 88' lang='lat' dir='ltr'><strong>absque</strong></span> <span class='ocrx_word' id='word_1_263' title='bbox 3293 2181 3530 2235; x_wconf 75' lang='lat' dir='ltr'><strong>graecae</strong></span> 
     </span>
    </p>
   </div>
   <div class='ocr_carea' id='block_1_20' title="bbox 254 2256 3532 2333">
    <p class='ocr_par' dir='ltr' id='par_1_20' title="bbox 254 2256 3532 2333">
     <span class='ocr_line' id='line_1_20' title="bbox 254 2256 3532 2333; baseline -0.001 -23"><span class='ocrx_word' id='word_1_264' title='bbox 254 2256 475 2327; x_wconf 76' lang='lat' dir='ltr'><strong>linguae</strong></span> <span class='ocrx_word' id='word_1_265' title='bbox 502 2260 831 2332; x_wconf 80' lang='lat' dir='ltr'><strong>cognitione,</strong></span> <span class='ocrx_word' id='word_1_266' title='bbox 852 2261 1121 2332; x_wconf 91' lang='lat' dir='ltr'><strong>principio</strong></span> <span class='ocrx_word' id='word_1_267' title='bbox 1145 2263 1410 2317; x_wconf 90' lang='lat' dir='ltr'><strong>nimirum</strong></span> <span class='ocrx_word' id='word_1_268' title='bbox 1435 2273 1599 2333; x_wconf 91' lang='lat' dir='ltr'><strong>atque</strong></span> <span class='ocrx_word' id='word_1_269' title='bbox 1620 2261 1832 2331; x_wconf 88' lang='lat' dir='ltr'><strong>origine</strong></span> <span class='ocrx_word' id='word_1_270' title='bbox 1856 2260 1957 2323; x_wconf 90' lang='lat' dir='ltr'><strong>rei,</strong></span> <span class='ocrx_word' id='word_1_271' title='bbox 1982 2269 2231 2315; x_wconf 83' lang='lat' dir='ltr'><strong>exactam</strong></span> <span class='ocrx_word' id='word_1_272' title='bbox 2261 2267 2424 2329; x_wconf 88' lang='lat' dir='ltr'><strong>atque</strong></span> <span class='ocrx_word' id='word_1_273' title='bbox 2445 2258 2741 2331; x_wconf 88' lang='lat' dir='ltr'><strong>perfectam</strong></span> <span class='ocrx_word' id='word_1_274' title='bbox 2764 2258 2961 2314; x_wconf 87' lang='lat' dir='ltr'><strong>latinae</strong></span> <span class='ocrx_word' id='word_1_275' title='bbox 2996 2259 3211 2329; x_wconf 77' lang='lat' dir='ltr'><strong>linguae</strong></span> <span class='ocrx_word' id='word_1_276' title='bbox 3234 2259 3532 2315; x_wconf 71' lang='lat' dir='ltr'><strong>scientiam.-</strong></span> 
     </span>
    </p>
   </div>
   <div class='ocr_carea' id='block_1_21' title="bbox 262 2351 3537 2426">
    <p class='ocr_par' dir='ltr' id='par_1_21' title="bbox 262 2351 3537 2426">
     <span class='ocr_line' id='line_1_21' title="bbox 262 2351 3537 2426; baseline 0 -22"><span class='ocrx_word' id='word_1_277' title='bbox 262 2353 567 2420; x_wconf 79' lang='lat' dir='ltr'><strong>comparari</strong></span> <span class='ocrx_word' id='word_1_278' title='bbox 592 2364 702 2407; x_wconf 91' lang='lat' dir='ltr'><strong>non</strong></span> <span class='ocrx_word' id='word_1_279' title='bbox 726 2368 904 2422; x_wconf 87' lang='lat' dir='ltr'><strong>posse.</strong></span> <span class='ocrx_word' id='word_1_280' title='bbox 929 2353 1083 2421; x_wconf 83' lang='lat' dir='ltr'><strong>Quod</strong></span> <span class='ocrx_word' id='word_1_281' title='bbox 1112 2370 1262 2421; x_wconf 89' lang='lat' dir='ltr'><strong>sane,</strong></span> <span class='ocrx_word' id='word_1_282' title='bbox 1289 2357 1355 2421; x_wconf 91' lang='lat' dir='ltr'><strong>si,</strong></span> <span class='ocrx_word' id='word_1_283' title='bbox 1376 2372 1436 2410; x_wconf 79' lang='lat' dir='ltr'><strong>ut</strong></span> <span class='ocrx_word' id='word_1_284' title='bbox 1462 2355 1634 2426; x_wconf 90' lang='lat' dir='ltr'><strong>ipsius</strong></span> <span class='ocrx_word' id='word_1_285' title='bbox 1657 2354 1735 2409; x_wconf 88' lang='lat' dir='ltr'><strong>rei</strong></span> <span class='ocrx_word' id='word_1_286' title='bbox 1764 2353 2021 2409; x_wconf 88' lang='lat' dir='ltr'><strong>maiestas</strong></span> <span class='ocrx_word' id='word_1_287' title='bbox 2056 2353 2242 2423; x_wconf 82' lang='lat' dir='ltr'><strong>exigit,</strong></span> <span class='ocrx_word' id='word_1_288' title='bbox 2279 2353 2335 2407; x_wconf 90' lang='lat' dir='ltr'><strong>in</strong></span> <span class='ocrx_word' id='word_1_289' title='bbox 2359 2352 2590 2424; x_wconf 85' lang='lat' dir='ltr'><strong>singulis</strong></span> <span class='ocrx_word' id='word_1_290' title='bbox 2610 2352 2694 2407; x_wconf 89' lang='lat' dir='ltr'><strong>vel</strong></span> <span class='ocrx_word' id='word_1_291' title='bbox 2723 2351 2920 2406; x_wconf 90' lang='lat' dir='ltr'><strong>artium</strong></span> <span class='ocrx_word' id='word_1_292' title='bbox 2948 2352 3273 2421; x_wconf 88' lang='lat' dir='ltr'><strong>disciplinis,</strong></span> <span class='ocrx_word' id='word_1_293' title='bbox 3312 2353 3396 2406; x_wconf 90' lang='lat' dir='ltr'><strong>vel</strong></span> <span class='ocrx_word' id='word_1_294' title='bbox 3429 2367 3537 2404; x_wconf 13' lang='lat' dir='ltr'><strong>ea-r</strong></span> 
     </span>
    </p>
   </div>
   <div class='ocr_carea' id='block_1_22' title="bbox 260 2446 3518 2522">
    <p class='ocr_par' dir='ltr' id='par_1_22' title="bbox 260 2446 3518 2522">
     <span class='ocr_line' id='line_1_22' title="bbox 260 2446 3518 2522; baseline 0.001 -24"><span class='ocrx_word' id='word_1_295' title='bbox 260 2446 493 2503; x_wconf 85' lang='lat' dir='ltr'><strong>rnndem</strong></span> <span class='ocrx_word' id='word_1_296' title='bbox 516 2449 743 2503; x_wconf 89' lang='lat' dir='ltr'><strong>summis</strong></span> <span class='ocrx_word' id='word_1_297' title='bbox 762 2448 1111 2507; x_wconf 86' lang='lat' dir='ltr'><strong>facultatibus</strong></span> <span class='ocrx_word' id='word_1_298' title='bbox 1132 2453 1506 2508; x_wconf 91' lang='lat' dir='ltr'><strong>demonstrare</strong></span> <span class='ocrx_word' id='word_1_299' title='bbox 1528 2461 1691 2522; x_wconf 88' lang='lat' dir='ltr'><strong>atque</strong></span> <span class='ocrx_word' id='word_1_300' title='bbox 1716 2451 1970 2509; x_wconf 88' lang='lat' dir='ltr'><strong>evincere</strong></span> <span class='ocrx_word' id='word_1_301' title='bbox 1992 2450 2213 2515; x_wconf 86' lang='lat' dir='ltr'><strong>vellem,</strong></span> <span class='ocrx_word' id='word_1_302' title='bbox 2230 2465 2445 2515; x_wconf 85' lang='lat' dir='ltr'><strong>vereor,</strong></span> <span class='ocrx_word' id='word_1_303' title='bbox 2465 2466 2533 2505; x_wconf 88' lang='lat' dir='ltr'><strong>ne</strong></span> <span class='ocrx_word' id='word_1_304' title='bbox 2561 2449 2616 2504; x_wconf 89' lang='lat' dir='ltr'><strong>in</strong></span> <span class='ocrx_word' id='word_1_305' title='bbox 2643 2449 2916 2507; x_wconf 86' lang='lat' dir='ltr'><strong>inﬁnitum</strong></span> <span class='ocrx_word' id='word_1_306' title='bbox 2940 2449 3327 2503; x_wconf 79' lang='lat' dir='ltr'><strong>extenderetur</strong></span> <span class='ocrx_word' id='word_1_307' title='bbox 3345 2448 3518 2504; x_wconf 87' lang='lat' dir='ltr'><strong>oratio</strong></span> 
     </span>
    </p>
   </div>
   <div class='ocr_carea' id='block_1_23' title="bbox 255 2537 3517 2615">
    <p class='ocr_par' dir='ltr' id='par_1_23' title="bbox 255 2537 3517 2615">
     <span class='ocr_line' id='line_1_23' title="bbox 255 2537 3517 2615; baseline 0 -23"><span class='ocrx_word' id='word_1_308' title='bbox 255 2537 652 2597; x_wconf 59' lang='grc' dir='ltr'><strong>ηοω-³.,Μοάο</strong></span> <span class='ocrx_word' id='word_1_309' title='bbox 676 2541 866 2614; x_wconf 81' lang='lat' dir='ltr'><strong>paucis</strong></span> <span class='ocrx_word' id='word_1_310' title='bbox 889 2558 1002 2599; x_wconf 89' lang='lat' dir='ltr'><strong>rem</strong></span> <span class='ocrx_word' id='word_1_311' title='bbox 1025 2543 1298 2610; x_wconf 89' lang='lat' dir='ltr'><strong>delibabo,</strong></span> <span class='ocrx_word' id='word_1_312' title='bbox 1318 2560 1408 2610; x_wconf 89' lang='lat' dir='ltr'><strong>ne,</strong></span> <span class='ocrx_word' id='word_1_313' title='bbox 1432 2544 1579 2615; x_wconf 92' lang='lat' dir='ltr'><strong>quod</strong></span> <span class='ocrx_word' id='word_1_314' title='bbox 1604 2543 1739 2607; x_wconf 80' lang='lat' dir='ltr'><strong>dixi,</strong></span> <span class='ocrx_word' id='word_1_315' title='bbox 1757 2542 2044 2599; x_wconf 88' lang='lat' dir='ltr'><strong>mendacio</strong></span> <span class='ocrx_word' id='word_1_316' title='bbox 2066 2542 2237 2612; x_wconf 88' lang='lat' dir='ltr'><strong>magis</strong></span> <span class='ocrx_word' id='word_1_317' title='bbox 2259 2557 2421 2611; x_wconf 87' lang='lat' dir='ltr'><strong>quam</strong></span> <span class='ocrx_word' id='word_1_318' title='bbox 2439 2542 2655 2600; x_wconf 79' lang='lat' dir='ltr'><strong>veritati</strong></span> <span class='ocrx_word' id='word_1_319' title='bbox 2681 2556 2985 2612; x_wconf 89' lang='lat' dir='ltr'><strong>congruum</strong></span> <span class='ocrx_word' id='word_1_320' title='bbox 3006 2557 3067 2595; x_wconf 91' lang='lat' dir='ltr'><strong>ac</strong></span> <span class='ocrx_word' id='word_1_321' title='bbox 3092 2548 3517 2595; x_wconf 87' lang='lat' dir='ltr'><strong>consentaneum</strong></span> 
     </span>
    </p>
   </div>
   <div class='ocr_carea' id='block_1_24' title="bbox 251 2629 3541 2709">
    <p class='ocr_par' dir='ltr' id='par_1_24' title="bbox 251 2629 3541 2709">
     <span class='ocr_line' id='line_1_24' title="bbox 251 2629 3541 2709; baseline 0 -26"><span class='ocrx_word' id='word_1_322' title='bbox 251 2629 532 2685; x_wconf 68' lang='lat' dir='ltr'><strong>videatur.</strong></span> <span class='ocrx_word' id='word_1_323' title='bbox 571 2631 748 2702; x_wconf 85' lang='lat' dir='ltr'><strong>Atque</strong></span> <span class='ocrx_word' id='word_1_324' title='bbox 791 2634 1083 2707; x_wconf 88' lang='lat' dir='ltr'><strong>principio,</strong></span> <span class='ocrx_word' id='word_1_325' title='bbox 1126 2654 1307 2693; x_wconf 92' lang='lat' dir='ltr'><strong>nonne</strong></span> <span class='ocrx_word' id='word_1_326' title='bbox 1347 2654 1539 2694; x_wconf 92' lang='lat' dir='ltr'><strong>omnes</strong></span> <span class='ocrx_word' id='word_1_327' title='bbox 1577 2647 1745 2703; x_wconf 87' lang='lat' dir='ltr'><strong>artes,</strong></span> <span class='ocrx_word' id='word_1_328' title='bbox 1782 2636 2155 2709; x_wconf 87' lang='lat' dir='ltr'><strong>grammatica,</strong></span> <span class='ocrx_word' id='word_1_329' title='bbox 2196 2635 2504 2701; x_wconf 89' lang='lat' dir='ltr'><strong>dialectica,</strong></span> <span class='ocrx_word' id='word_1_330' title='bbox 2543 2635 2842 2700; x_wconf 84' lang='lat' dir='ltr'><strong>rhetorica,</strong></span> <span class='ocrx_word' id='word_1_331' title='bbox 2882 2633 3541 2699; x_wconf 40' lang='lat' dir='ltr'><strong>musicaLarithmcticaL</strong></span> 
     </span>
    </p>
   </div>
   <div class='ocr_carea' id='block_1_25' title="bbox 248 2720 3517 2805">
    <p class='ocr_par' dir='ltr' id='par_1_25' title="bbox 248 2720 3517 2805">
     <span class='ocr_line' id='line_1_25' title="bbox 248 2720 3517 2805; baseline 0 -25"><span class='ocrx_word' id='word_1_332' title='bbox 248 2728 578 2796; x_wconf 84' lang='lat' dir='ltr'><strong>geometria,</strong></span> <span class='ocrx_word' id='word_1_333' title='bbox 606 2720 958 2795; x_wconf 52' lang='lat' dir='ltr'><strong>astronomia:</strong></span> <span class='ocrx_word' id='word_1_334' title='bbox 990 2734 1224 2803; x_wconf 88' lang='lat' dir='ltr'><strong>poetica,</strong></span> <span class='ocrx_word' id='word_1_335' title='bbox 1251 2735 1496 2805; x_wconf 88' lang='lat' dir='ltr'><strong>politica,</strong></span> <span class='ocrx_word' id='word_1_336' title='bbox 1526 2732 1921 2804; x_wconf 83' lang='lat' dir='ltr'><strong>therapeutica,</strong></span> <span class='ocrx_word' id='word_1_337' title='bbox 1953 2730 2194 2801; x_wconf 86' lang='lat' dir='ltr'><strong>physica,</strong></span> <span class='ocrx_word' id='word_1_338' title='bbox 2233 2731 2504 2800; x_wconf 83' lang='lat' dir='ltr'><strong>theologia</strong></span> <span class='ocrx_word' id='word_1_339' title='bbox 2536 2737 2698 2799; x_wconf 89' lang='lat' dir='ltr'><strong>atque</strong></span> <span class='ocrx_word' id='word_1_340' title='bbox 2729 2729 2864 2783; x_wconf 90' lang='lat' dir='ltr'><strong>adeo</strong></span> <span class='ocrx_word' id='word_1_341' title='bbox 2889 2730 3141 2783; x_wconf 90' lang='lat' dir='ltr'><strong>universa</strong></span> <span class='ocrx_word' id='word_1_342' title='bbox 3174 2727 3517 2797; x_wconf 85' lang='lat' dir='ltr'><strong>philosophia</strong></span> 
     </span>
    </p>
   </div>
   <div class='ocr_carea' id='block_1_26' title="bbox 248 2820 3543 2901">
    <p class='ocr_par' dir='ltr' id='par_1_26' title="bbox 248 2820 3543 2901">
     <span class='ocr_line' id='line_1_26' title="bbox 248 2820 3543 2901; baseline -0.002 -25"><span class='ocrx_word' id='word_1_343' title='bbox 248 2824 549 2893; x_wconf 87' lang='lat' dir='ltr'><strong>omnisque</strong></span> <span class='ocrx_word' id='word_1_344' title='bbox 602 2823 1014 2895; x_wconf 86' lang='lat' dir='ltr'><strong>disciplinarum</strong></span> <span class='ocrx_word' id='word_1_345' title='bbox 1065 2831 1249 2895; x_wconf 89' lang='lat' dir='ltr'><strong>orbis,</strong></span> <span class='ocrx_word' id='word_1_346' title='bbox 1302 2847 1464 2901; x_wconf 86' lang='lat' dir='ltr'><strong>quem</strong></span> <span class='ocrx_word' id='word_1_347' title='bbox 1513 2826 2001 2899; x_wconf 81' lang='grc' dir='ltr'><strong>ὲγκυκλοπαιδείαν</strong></span> <span class='ocrx_word' id='word_1_348' title='bbox 2047 2841 2338 2890; x_wconf 88' lang='lat' dir='ltr'><strong>vocamus,</strong></span> <span class='ocrx_word' id='word_1_349' title='bbox 2390 2834 2616 2895; x_wconf 88' lang='lat' dir='ltr'><strong>graecos</strong></span> <span class='ocrx_word' id='word_1_350' title='bbox 2666 2825 2983 2879; x_wconf 89' lang='lat' dir='ltr'><strong>etiamnunc</strong></span> <span class='ocrx_word' id='word_1_351' title='bbox 3038 2822 3215 2877; x_wconf 84' lang='lat' dir='ltr'><strong>fontes</strong></span> <span class='ocrx_word' id='word_1_352' title='bbox 3266 2820 3543 2890; x_wconf 79' lang='lat' dir='ltr'><strong>sapiunt?</strong></span> 
     </span>
    </p>
   </div>
   <div class='ocr_carea' id='block_1_27' title="bbox 279 2912 3520 2992">
    <p class='ocr_par' dir='ltr' id='par_1_27' title="bbox 279 2912 3520 2992">
     <span class='ocr_line' id='line_1_27' title="bbox 279 2912 3520 2992; baseline -0.003 -19"><span class='ocrx_word' id='word_1_353' title='bbox 279 2919 289 2988; x_wconf 88' lang='grc' dir='ltr'><strong>Ι</strong></span> <span class='ocrx_word' id='word_1_354' title='bbox 321 2918 479 2974; x_wconf 86' lang='lat' dir='ltr'><strong>Adeo</strong></span> <span class='ocrx_word' id='word_1_355' title='bbox 524 2928 583 2975; x_wconf 88' lang='lat' dir='ltr'><strong>ut</strong></span> <span class='ocrx_word' id='word_1_356' title='bbox 616 2936 686 2976; x_wconf 91' lang='lat' dir='ltr'><strong>ne</strong></span> <span class='ocrx_word' id='word_1_357' title='bbox 729 2921 951 2975; x_wconf 88' lang='lat' dir='ltr'><strong>nomina</strong></span> <span class='ocrx_word' id='word_1_358' title='bbox 999 2922 1218 2992; x_wconf 89' lang='lat' dir='ltr'><strong>quidem</strong></span> <span class='ocrx_word' id='word_1_359' title='bbox 1258 2923 1387 2988; x_wconf 92' lang='lat' dir='ltr'><strong>alia,</strong></span> <span class='ocrx_word' id='word_1_360' title='bbox 1428 2938 1589 2992; x_wconf 85' lang='lat' dir='ltr'><strong>quam</strong></span> <span class='ocrx_word' id='word_1_361' title='bbox 1636 2922 1820 2976; x_wconf 87' lang='lat' dir='ltr'><strong>nativa</strong></span> <span class='ocrx_word' id='word_1_362' title='bbox 1861 2928 1916 2974; x_wconf 88' lang='lat' dir='ltr'><strong>et</strong></span> <span class='ocrx_word' id='word_1_363' title='bbox 1962 2937 2158 2992; x_wconf 90' lang='lat' dir='ltr'><strong>graeca</strong></span> <span class='ocrx_word' id='word_1_364' title='bbox 2205 2917 2516 2981; x_wconf 88' lang='lat' dir='ltr'><strong>admittant,</strong></span> <span class='ocrx_word' id='word_1_365' title='bbox 2545 2930 2723 2984; x_wconf 83' lang='lat' dir='ltr'><strong>neque</strong></span> <span class='ocrx_word' id='word_1_366' title='bbox 2768 2930 2869 2968; x_wconf 91' lang='lat' dir='ltr'><strong>nos</strong></span> <span class='ocrx_word' id='word_1_367' title='bbox 2912 2914 3035 2968; x_wconf 92' lang='lat' dir='ltr'><strong>aliis</strong></span> <span class='ocrx_word' id='word_1_368' title='bbox 3073 2912 3387 2967; x_wconf 85' lang='lat' dir='ltr'><strong>nominibus</strong></span> <span class='ocrx_word' id='word_1_369' title='bbox 3426 2926 3520 2964; x_wconf 88' lang='lat' dir='ltr'><strong>eas</strong></span> 
     </span>
    </p>
   </div>
   <div class='ocr_carea' id='block_1_28' title="bbox 247 3003 3543 3085">
    <p class='ocr_par' dir='ltr' id='par_1_28' title="bbox 247 3003 3543 3085">
     <span class='ocr_line' id='line_1_28' title="bbox 247 3003 3543 3085; baseline -0.004 -20"><span class='ocrx_word' id='word_1_370' title='bbox 247 3025 635 3079; x_wconf 80' lang='lat' dir='ltr'><strong>agnoscamus,</strong></span> <span class='ocrx_word' id='word_1_371' title='bbox 663 3029 838 3084; x_wconf 84' lang='lat' dir='ltr'><strong>eoque</strong></span> <span class='ocrx_word' id='word_1_372' title='bbox 866 3015 983 3069; x_wconf 90' lang='lat' dir='ltr'><strong>iure</strong></span> <span class='ocrx_word' id='word_1_373' title='bbox 1024 3030 1082 3069; x_wconf 90' lang='lat' dir='ltr'><strong>se</strong></span> <span class='ocrx_word' id='word_1_374' title='bbox 1110 3015 1269 3071; x_wconf 90' lang='lat' dir='ltr'><strong>nobis</strong></span> <span class='ocrx_word' id='word_1_375' title='bbox 1300 3016 1640 3085; x_wconf 82' lang='lat' dir='ltr'><strong>permittant,</strong></span> <span class='ocrx_word' id='word_1_376' title='bbox 1666 3024 1727 3068; x_wconf 92' lang='lat' dir='ltr'><strong>ut</strong></span> <span class='ocrx_word' id='word_1_377' title='bbox 1754 3032 1782 3069; x_wconf 94' lang='lat' dir='ltr'><strong>a</strong></span> <span class='ocrx_word' id='word_1_378' title='bbox 1812 3014 2055 3068; x_wconf 86' lang='lat' dir='ltr'><strong>fontibus</strong></span> <span class='ocrx_word' id='word_1_379' title='bbox 2088 3012 2298 3067; x_wconf 87' lang='lat' dir='ltr'><strong>secludi</strong></span> <span class='ocrx_word' id='word_1_380' title='bbox 2325 3026 2436 3065; x_wconf 85' lang='lat' dir='ltr'><strong>non</strong></span> <span class='ocrx_word' id='word_1_381' title='bbox 2464 3008 2763 3079; x_wconf 87' lang='lat' dir='ltr'><strong>patiantur.</strong></span> <span class='ocrx_word' id='word_1_382' title='bbox 2791 3006 2845 3060; x_wconf 88' lang='lat' dir='ltr'><strong>Si</strong></span> <span class='ocrx_word' id='word_1_383' title='bbox 2884 3022 2913 3061; x_wconf 91' lang='lat' dir='ltr'><strong>a</strong></span> <span class='ocrx_word' id='word_1_384' title='bbox 2950 3005 3123 3060; x_wconf 88' lang='lat' dir='ltr'><strong>literis</strong></span> <span class='ocrx_word' id='word_1_385' title='bbox 3147 3004 3297 3058; x_wconf 90' lang='lat' dir='ltr'><strong>velut</strong></span> <span class='ocrx_word' id='word_1_386' title='bbox 3321 3003 3388 3056; x_wconf 89' lang='lat' dir='ltr'><strong>ab</strong></span> <span class='ocrx_word' id='word_1_387' title='bbox 3416 3017 3543 3055; x_wconf 53' lang='lat' dir='ltr'><strong>ovo.</strong></span> 
     </span>
    </p>
   </div>
   <div class='ocr_carea' id='block_1_29' title="bbox 252 3096 3519 3172">
    <p class='ocr_par' dir='ltr' id='par_1_29' title="bbox 252 3096 3519 3172">
     <span class='ocr_line' id='line_1_29' title="bbox 252 3096 3519 3172; baseline -0.001 -20"><span class='ocrx_word' id='word_1_388' title='bbox 252 3115 376 3154; x_wconf 90' lang='lat' dir='ltr'><strong>rem</strong></span> <span class='ocrx_word' id='word_1_389' title='bbox 404 3114 733 3169; x_wconf 65' lang='lat' dir='ltr'><strong>reteramus,</strong></span> <span class='ocrx_word' id='word_1_390' title='bbox 761 3120 941 3159; x_wconf 90' lang='lat' dir='ltr'><strong>nonne</strong></span> <span class='ocrx_word' id='word_1_391' title='bbox 968 3104 1147 3160; x_wconf 88' lang='lat' dir='ltr'><strong>Latini</strong></span> <span class='ocrx_word' id='word_1_392' title='bbox 1172 3122 1362 3160; x_wconf 88' lang='lat' dir='ltr'><strong>omnes</strong></span> <span class='ocrx_word' id='word_1_393' title='bbox 1391 3122 1516 3161; x_wconf 90' lang='lat' dir='ltr'><strong>suas</strong></span> <span class='ocrx_word' id='word_1_394' title='bbox 1547 3106 1751 3168; x_wconf 86' lang='lat' dir='ltr'><strong>literas,</strong></span> <span class='ocrx_word' id='word_1_395' title='bbox 1781 3120 1889 3158; x_wconf 89' lang='lat' dir='ltr'><strong>una</strong></span> <span class='ocrx_word' id='word_1_396' title='bbox 1924 3103 2198 3159; x_wconf 82' lang='lat' dir='ltr'><strong>duntaxat</strong></span> <span class='ocrx_word' id='word_1_397' title='bbox 2213 3111 2378 3172; x_wconf 88' lang='lat' dir='ltr'><strong>atque</strong></span> <span class='ocrx_word' id='word_1_398' title='bbox 2402 3101 2575 3155; x_wconf 85' lang='lat' dir='ltr'><strong>altera</strong></span> <span class='ocrx_word' id='word_1_399' title='bbox 2598 3098 2802 3159; x_wconf 84' lang='lat' dir='ltr'><strong>demta,</strong></span> <span class='ocrx_word' id='word_1_400' title='bbox 2833 3114 2863 3151; x_wconf 91' lang='lat' dir='ltr'><strong>a</strong></span> <span class='ocrx_word' id='word_1_401' title='bbox 2888 3096 3110 3152; x_wconf 83' lang='lat' dir='ltr'><strong>Graecis</strong></span> <span class='ocrx_word' id='word_1_402' title='bbox 3133 3096 3387 3159; x_wconf 86' lang='lat' dir='ltr'><strong>mutuati,</strong></span> <span class='ocrx_word' id='word_1_403' title='bbox 3418 3112 3519 3149; x_wconf 77' lang='lat' dir='ltr'><strong>nec</strong></span> 
     </span>
    </p>
   </div>
   <div class='ocr_carea' id='block_1_30' title="bbox 250 3191 3520 3271">
    <p class='ocr_par' dir='ltr' id='par_1_30' title="bbox 250 3191 3520 3271">
     <span class='ocr_line' id='line_1_30' title="bbox 250 3191 3520 3271; baseline -0.001 -23"><span class='ocrx_word' id='word_1_404' title='bbox 250 3203 443 3250; x_wconf 90' lang='lat' dir='ltr'><strong>tamen</strong></span> <span class='ocrx_word' id='word_1_405' title='bbox 480 3211 799 3266; x_wconf 85' lang='lat' dir='ltr'><strong>graecarum</strong></span> <span class='ocrx_word' id='word_1_406' title='bbox 846 3198 1128 3253; x_wconf 78' lang='lat' dir='ltr'><strong>literarum</strong></span> <span class='ocrx_word' id='word_1_407' title='bbox 1169 3201 1442 3255; x_wconf 88' lang='lat' dir='ltr'><strong>concisam</strong></span> <span class='ocrx_word' id='word_1_408' title='bbox 1483 3201 1808 3256; x_wconf 87' lang='lat' dir='ltr'><strong>brevitatem</strong></span> <span class='ocrx_word' id='word_1_409' title='bbox 1857 3208 1952 3253; x_wconf 91' lang='lat' dir='ltr'><strong>aut</strong></span> <span class='ocrx_word' id='word_1_410' title='bbox 1997 3199 2181 3271; x_wconf 89' lang='lat' dir='ltr'><strong>potius</strong></span> <span class='ocrx_word' id='word_1_411' title='bbox 2223 3197 2547 3268; x_wconf 84' lang='lat' dir='ltr'><strong>elegantiam</strong></span> <span class='ocrx_word' id='word_1_412' title='bbox 2594 3195 2833 3266; x_wconf 87' lang='lat' dir='ltr'><strong>perfecte</strong></span> <span class='ocrx_word' id='word_1_413' title='bbox 2871 3210 2935 3249; x_wconf 91' lang='lat' dir='ltr'><strong>ac</strong></span> <span class='ocrx_word' id='word_1_414' title='bbox 2980 3195 3137 3264; x_wconf 90' lang='lat' dir='ltr'><strong>plene</strong></span> <span class='ocrx_word' id='word_1_415' title='bbox 3169 3191 3245 3264; x_wconf 90' lang='lat' dir='ltr'><strong>(a)</strong></span> <span class='ocrx_word' id='word_1_416' title='bbox 3285 3194 3520 3247; x_wconf 83' lang='lat' dir='ltr'><strong>assecuti</strong></span> 
     </span>
    </p>
   </div>
   <div class='ocr_carea' id='block_1_31' title="bbox 248 3286 3518 3363">
    <p class='ocr_par' dir='ltr' id='par_1_31' title="bbox 248 3286 3518 3363">
     <span class='ocr_line' id='line_1_31' title="bbox 248 3286 3518 3363; baseline 0.001 -21"><span class='ocrx_word' id='word_1_417' title='bbox 248 3286 427 3343; x_wconf 83' lang='lat' dir='ltr'><strong>sunt?</strong></span> <span class='ocrx_word' id='word_1_418' title='bbox 474 3286 629 3354; x_wconf 86' lang='lat' dir='ltr'><strong>Quod</strong></span> <span class='ocrx_word' id='word_1_419' title='bbox 670 3290 817 3343; x_wconf 90' lang='lat' dir='ltr'><strong>enim</strong></span> <span class='ocrx_word' id='word_1_420' title='bbox 861 3290 1041 3345; x_wconf 91' lang='lat' dir='ltr'><strong>Latini</strong></span> <span class='ocrx_word' id='word_1_421' title='bbox 1085 3301 1347 3361; x_wconf 89' lang='lat' dir='ltr'><strong>quatuor,</strong></span> <span class='ocrx_word' id='word_1_422' title='bbox 1379 3294 1434 3349; x_wconf 90' lang='lat' dir='ltr'><strong>id</strong></span> <span class='ocrx_word' id='word_1_423' title='bbox 1482 3293 1679 3349; x_wconf 88' lang='lat' dir='ltr'><strong>Graeci</strong></span> <span class='ocrx_word' id='word_1_424' title='bbox 1727 3293 1943 3348; x_wconf 88' lang='lat' dir='ltr'><strong>duabus</strong></span> <span class='ocrx_word' id='word_1_425' title='bbox 1989 3294 2308 3363; x_wconf 81' lang='lat' dir='ltr'><strong>exprimunt</strong></span> <span class='ocrx_word' id='word_1_426' title='bbox 2351 3292 2557 3355; x_wconf 89' lang='lat' dir='ltr'><strong>literis,</strong></span> <span class='ocrx_word' id='word_1_427' title='bbox 2604 3291 2659 3346; x_wconf 85' lang='lat' dir='ltr'><strong>id</strong></span> <span class='ocrx_word' id='word_1_428' title='bbox 2707 3291 2856 3361; x_wconf 90' lang='lat' dir='ltr'><strong>quod</strong></span> <span class='ocrx_word' id='word_1_429' title='bbox 2904 3298 3133 3361; x_wconf 87' lang='lat' dir='ltr'><strong>apparet</strong></span> <span class='ocrx_word' id='word_1_430' title='bbox 3175 3290 3231 3344; x_wconf 91' lang='lat' dir='ltr'><strong>in</strong></span> <span class='ocrx_word' id='word_1_431' title='bbox 3279 3290 3518 3345; x_wconf 87' lang='lat' dir='ltr'><strong>dictione</strong></span> 
     </span>
    </p>
   </div>
   <div class='ocr_carea' id='block_1_32' title="bbox 246 3382 3515 3461">
    <p class='ocr_par' dir='ltr' id='par_1_32' title="bbox 246 3382 3515 3461">
     <span class='ocr_line' id='line_1_32' title="bbox 246 3382 3515 3461; baseline -0 -23"><span class='ocrx_word' id='word_1_432' title='bbox 246 3382 609 3453; x_wconf 78' lang='grc' dir='ltr'><strong>ἀπόφθεγμα,</strong></span> <span class='ocrx_word' id='word_1_433' title='bbox 640 3384 841 3453; x_wconf 82' lang='grc' dir='ltr'><strong>φθίσις,</strong></span> <span class='ocrx_word' id='word_1_434' title='bbox 870 3395 926 3440; x_wconf 94' lang='lat' dir='ltr'><strong>et</strong></span> <span class='ocrx_word' id='word_1_435' title='bbox 965 3387 1258 3443; x_wconf 87' lang='lat' dir='ltr'><strong>similibus.</strong></span> <span class='ocrx_word' id='word_1_436' title='bbox 1300 3389 1494 3445; x_wconf 89' lang='lat' dir='ltr'><strong>Nonne</strong></span> <span class='ocrx_word' id='word_1_437' title='bbox 1530 3406 1750 3461; x_wconf 91' lang='lat' dir='ltr'><strong>quoque</strong></span> <span class='ocrx_word' id='word_1_438' title='bbox 1789 3389 2141 3448; x_wconf 84' lang='lat' dir='ltr'><strong>Grammatici</strong></span> <span class='ocrx_word' id='word_1_439' title='bbox 2185 3388 2353 3442; x_wconf 88' lang='lat' dir='ltr'><strong>huius</strong></span> <span class='ocrx_word' id='word_1_440' title='bbox 2396 3387 2615 3458; x_wconf 89' lang='lat' dir='ltr'><strong>linguae</strong></span> <span class='ocrx_word' id='word_1_441' title='bbox 2640 3386 2836 3457; x_wconf 87' lang='lat' dir='ltr'><strong>peritia</strong></span> <span class='ocrx_word' id='word_1_442' title='bbox 2872 3400 3220 3454; x_wconf 88' lang='lat' dir='ltr'><strong>summopere</strong></span> <span class='ocrx_word' id='word_1_443' title='bbox 3252 3384 3515 3454; x_wconf 82' lang='lat' dir='ltr'><strong>indigent,</strong></span> 
     </span>
    </p>
   </div>
   <div class='ocr_carea' id='block_1_33' title="bbox 249 3474 3541 3553">
    <p class='ocr_par' dir='ltr' id='par_1_33' title="bbox 249 3474 3541 3553">
     <span class='ocr_line' id='line_1_33' title="bbox 249 3474 3541 3553; baseline -0.001 -24"><span class='ocrx_word' id='word_1_444' title='bbox 249 3474 395 3529; x_wconf 73' lang='lat' dir='ltr'><strong>adeo</strong></span> <span class='ocrx_word' id='word_1_445' title='bbox 420 3482 484 3528; x_wconf 92' lang='lat' dir='ltr'><strong>ut</strong></span> <span class='ocrx_word' id='word_1_446' title='bbox 507 3474 601 3543; x_wconf 91' lang='lat' dir='ltr'><strong>qui</strong></span> <span class='ocrx_word' id='word_1_447' title='bbox 626 3475 791 3531; x_wconf 74' lang='lat' dir='ltr'><strong>Crista</strong></span> <span class='ocrx_word' id='word_1_448' title='bbox 820 3492 917 3553; x_wconf 88' lang='lat' dir='ltr'><strong>pro</strong></span> <span class='ocrx_word' id='word_1_449' title='bbox 946 3476 1167 3543; x_wconf 81' lang='lat' dir='ltr'><strong>Christe,</strong></span> <span class='ocrx_word' id='word_1_450' title='bbox 1199 3480 1389 3533; x_wconf 80' lang='lat' dir='ltr'><strong>eleison</strong></span> <span class='ocrx_word' id='word_1_451' title='bbox 1417 3497 1518 3551; x_wconf 91' lang='lat' dir='ltr'><strong>pro</strong></span> <span class='ocrx_word' id='word_1_452' title='bbox 1548 3481 1746 3534; x_wconf 70' lang='grc' dir='ltr'><strong>εἰσεδοη</strong></span> <span class='ocrx_word' id='word_1_453' title='bbox 1774 3488 1829 3535; x_wconf 90' lang='lat' dir='ltr'><strong>et</strong></span> <span class='ocrx_word' id='word_1_454' title='bbox 1853 3488 2050 3533; x_wconf 89' lang='lat' dir='ltr'><strong>sonant</strong></span> <span class='ocrx_word' id='word_1_455' title='bbox 2082 3486 2138 3531; x_wconf 90' lang='lat' dir='ltr'><strong>et</strong></span> <span class='ocrx_word' id='word_1_456' title='bbox 2173 3476 2441 3538; x_wconf 88' lang='lat' dir='ltr'><strong>scribunt,</strong></span> <span class='ocrx_word' id='word_1_457' title='bbox 2470 3480 2634 3529; x_wconf 80' lang='lat' dir='ltr'><strong>rudes</strong></span> <span class='ocrx_word' id='word_1_458' title='bbox 2660 3484 2821 3543; x_wconf 87' lang='lat' dir='ltr'><strong>atque</strong></span> <span class='ocrx_word' id='word_1_459' title='bbox 2850 3475 3092 3528; x_wconf 84' lang='lat' dir='ltr'><strong>muniqu</strong></span> <span class='ocrx_word' id='word_1_460' title='bbox 3132 3490 3315 3528; x_wconf 90' lang='lat' dir='ltr'><strong>rerum</strong></span> <span class='ocrx_word' id='word_1_461' title='bbox 3349 3475 3541 3544; x_wconf 86' lang='lat' dir='ltr'><strong>ignari</strong></span> 
     </span>
    </p>
   </div>
   <div class='ocr_carea' id='block_1_34' title="bbox 252 3564 3519 3643">
    <p class='ocr_par' dir='ltr' id='par_1_34' title="bbox 252 3564 3519 3643">
     <span class='ocr_line' id='line_1_34' title="bbox 252 3564 3519 3643; baseline 0 -24"><span class='ocrx_word' id='word_1_462' title='bbox 252 3564 677 3621; x_wconf 75' lang='lat' dir='ltr'><strong>existimentur?</strong></span> <span class='ocrx_word' id='word_1_463' title='bbox 703 3566 845 3640; x_wconf 88' lang='lat' dir='ltr'><strong>Quid</strong></span> <span class='ocrx_word' id='word_1_464' title='bbox 875 3568 942 3623; x_wconf 90' lang='lat' dir='ltr'><strong>de</strong></span> <span class='ocrx_word' id='word_1_465' title='bbox 980 3570 1283 3636; x_wconf 90' lang='lat' dir='ltr'><strong>dialectica,</strong></span> <span class='ocrx_word' id='word_1_466' title='bbox 1312 3574 1511 3643; x_wconf 88' lang='lat' dir='ltr'><strong>quidve</strong></span> <span class='ocrx_word' id='word_1_467' title='bbox 1540 3573 1607 3627; x_wconf 90' lang='lat' dir='ltr'><strong>de</strong></span> <span class='ocrx_word' id='word_1_468' title='bbox 1635 3572 1907 3627; x_wconf 84' lang='lat' dir='ltr'><strong>rhetorica</strong></span> <span class='ocrx_word' id='word_1_469' title='bbox 1943 3570 2156 3626; x_wconf 91' lang='lat' dir='ltr'><strong>dicam?</strong></span> <span class='ocrx_word' id='word_1_470' title='bbox 2184 3569 2356 3637; x_wconf 89' lang='lat' dir='ltr'><strong>Quam</strong></span> <span class='ocrx_word' id='word_1_471' title='bbox 2399 3568 2646 3632; x_wconf 81' lang='lat' dir='ltr'><strong>inﬁnitis,</strong></span> <span class='ocrx_word' id='word_1_472' title='bbox 2678 3584 2901 3637; x_wconf 84' lang='lat' dir='ltr'><strong>quaeso,</strong></span> <span class='ocrx_word' id='word_1_473' title='bbox 2934 3575 3165 3621; x_wconf 90' lang='lat' dir='ltr'><strong>utuntur</strong></span> <span class='ocrx_word' id='word_1_474' title='bbox 3199 3567 3321 3621; x_wconf 91' lang='lat' dir='ltr'><strong>illae</strong></span> <span class='ocrx_word' id='word_1_475' title='bbox 3356 3582 3519 3621; x_wconf 87' lang='lat' dir='ltr'><strong>voca-</strong></span> 
     </span>
    </p>
   </div>
   <div class='ocr_carea' id='block_1_35' title="bbox 257 3653 3515 3732">
    <p class='ocr_par' dir='ltr' id='par_1_35' title="bbox 257 3653 3515 3732">
     <span class='ocr_line' id='line_1_35' title="bbox 257 3653 3515 3732; baseline 0.001 -25"><span class='ocrx_word' id='word_1_476' title='bbox 257 3653 425 3717; x_wconf 84' lang='lat' dir='ltr'><strong>bulis,</strong></span> <span class='ocrx_word' id='word_1_477' title='bbox 456 3670 597 3729; x_wconf 89' lang='lat' dir='ltr'><strong>quae</strong></span> <span class='ocrx_word' id='word_1_478' title='bbox 618 3657 814 3724; x_wconf 88' lang='lat' dir='ltr'><strong>partim</strong></span> <span class='ocrx_word' id='word_1_479' title='bbox 844 3665 973 3711; x_wconf 89' lang='lat' dir='ltr'><strong>sunt</strong></span> <span class='ocrx_word' id='word_1_480' title='bbox 996 3674 1209 3729; x_wconf 87' lang='lat' dir='ltr'><strong>graeca,</strong></span> <span class='ocrx_word' id='word_1_481' title='bbox 1238 3662 1435 3732; x_wconf 91' lang='lat' dir='ltr'><strong>partim</strong></span> <span class='ocrx_word' id='word_1_482' title='bbox 1478 3678 1670 3716; x_wconf 91' lang='lat' dir='ltr'><strong>eorum</strong></span> <span class='ocrx_word' id='word_1_483' title='bbox 1713 3661 2018 3717; x_wconf 88' lang='lat' dir='ltr'><strong>imitatione</strong></span> <span class='ocrx_word' id='word_1_484' title='bbox 2061 3661 2221 3724; x_wconf 86' lang='lat' dir='ltr'><strong>facta,</strong></span> <span class='ocrx_word' id='word_1_485' title='bbox 2253 3660 2492 3729; x_wconf 89' lang='lat' dir='ltr'><strong>quorum</strong></span> <span class='ocrx_word' id='word_1_486' title='bbox 2518 3659 2629 3711; x_wconf 89' lang='lat' dir='ltr'><strong>vim</strong></span> <span class='ocrx_word' id='word_1_487' title='bbox 2668 3675 2732 3712; x_wconf 90' lang='lat' dir='ltr'><strong>ac</strong></span> <span class='ocrx_word' id='word_1_488' title='bbox 2762 3657 3213 3727; x_wconf 82' lang='lat' dir='ltr'><strong>signiﬁcationem</strong></span> <span class='ocrx_word' id='word_1_489' title='bbox 3243 3657 3334 3726; x_wconf 90' lang='lat' dir='ltr'><strong>qui</strong></span> <span class='ocrx_word' id='word_1_490' title='bbox 3360 3657 3515 3726; x_wconf 83' lang='lat' dir='ltr'><strong>igno-</strong></span> 
     </span>
    </p>
   </div>
   <div class='ocr_carea' id='block_1_36' title="bbox 262 3748 3515 3822">
    <p class='ocr_par' dir='ltr' id='par_1_36' title="bbox 262 3748 3515 3822">
     <span class='ocr_line' id='line_1_36' title="bbox 262 3748 3515 3822; baseline -0 -20"><span class='ocrx_word' id='word_1_491' title='bbox 262 3756 389 3802; x_wconf 81' lang='lat' dir='ltr'><strong>rant</strong></span> <span class='ocrx_word' id='word_1_492' title='bbox 410 3766 567 3818; x_wconf 89' lang='lat' dir='ltr'><strong>quam</strong></span> <span class='ocrx_word' id='word_1_493' title='bbox 592 3751 829 3822; x_wconf 86' lang='lat' dir='ltr'><strong>graviter</strong></span> <span class='ocrx_word' id='word_1_494' title='bbox 851 3752 1276 3818; x_wconf 88' lang='lat' dir='ltr'><strong>hallucinentur,</strong></span> <span class='ocrx_word' id='word_1_495' title='bbox 1301 3761 1491 3809; x_wconf 91' lang='lat' dir='ltr'><strong>notum</strong></span> <span class='ocrx_word' id='word_1_496' title='bbox 1514 3753 1790 3807; x_wconf 91' lang='lat' dir='ltr'><strong>omnibus.</strong></span> <span class='ocrx_word' id='word_1_497' title='bbox 1830 3754 1899 3807; x_wconf 88' lang='lat' dir='ltr'><strong>Et</strong></span> <span class='ocrx_word' id='word_1_498' title='bbox 1928 3760 2076 3809; x_wconf 86' lang='lat' dir='ltr'><strong>certe</strong></span> <span class='ocrx_word' id='word_1_499' title='bbox 2106 3752 2277 3806; x_wconf 89' lang='lat' dir='ltr'><strong>multa</strong></span> <span class='ocrx_word' id='word_1_500' title='bbox 2313 3760 2441 3805; x_wconf 93' lang='lat' dir='ltr'><strong>sunt</strong></span> <span class='ocrx_word' id='word_1_501' title='bbox 2474 3750 2616 3819; x_wconf 90' lang='lat' dir='ltr'><strong>apud</strong></span> <span class='ocrx_word' id='word_1_502' title='bbox 2645 3749 3012 3812; x_wconf 86' lang='lat' dir='ltr'><strong>Aristotelem,</strong></span> <span class='ocrx_word' id='word_1_503' title='bbox 3046 3764 3183 3817; x_wconf 90' lang='lat' dir='ltr'><strong>quae</strong></span> <span class='ocrx_word' id='word_1_504' title='bbox 3222 3756 3317 3801; x_wconf 91' lang='lat' dir='ltr'><strong>aut</strong></span> <span class='ocrx_word' id='word_1_505' title='bbox 3348 3748 3515 3801; x_wconf 89' lang='lat' dir='ltr'><strong>latine</strong></span> 
     </span>
    </p>
   </div>
   <div class='ocr_carea' id='block_1_37' title="bbox 266 3838 3513 3912">
    <p class='ocr_par' dir='ltr' id='par_1_37' title="bbox 266 3838 3513 3912">
     <span class='ocr_line' id='line_1_37' title="bbox 266 3838 3513 3912; baseline 0.001 -21"><span class='ocrx_word' id='word_1_506' title='bbox 266 3838 547 3893; x_wconf 88' lang='lat' dir='ltr'><strong>transferri</strong></span> <span class='ocrx_word' id='word_1_507' title='bbox 586 3840 790 3910; x_wconf 91' lang='lat' dir='ltr'><strong>optime</strong></span> <span class='ocrx_word' id='word_1_508' title='bbox 822 3857 891 3895; x_wconf 91' lang='lat' dir='ltr'><strong>ne</strong></span> <span class='ocrx_word' id='word_1_509' title='bbox 924 3841 932 3912; x_wconf 89' lang='grc' dir='ltr'><strong>Ι</strong></span> <span class='ocrx_word' id='word_1_510' title='bbox 965 3851 1193 3911; x_wconf 90' lang='lat' dir='ltr'><strong>queunt,</strong></span> <span class='ocrx_word' id='word_1_511' title='bbox 1231 3852 1325 3897; x_wconf 88' lang='lat' dir='ltr'><strong>aut</strong></span> <span class='ocrx_word' id='word_1_512' title='bbox 1364 3844 1623 3899; x_wconf 89' lang='lat' dir='ltr'><strong>translata</strong></span> <span class='ocrx_word' id='word_1_513' title='bbox 1651 3843 1759 3897; x_wconf 89' lang='lat' dir='ltr'><strong>alio</strong></span> <span class='ocrx_word' id='word_1_514' title='bbox 1804 3859 1967 3897; x_wconf 92' lang='lat' dir='ltr'><strong>sensu</strong></span> <span class='ocrx_word' id='word_1_515' title='bbox 2011 3843 2361 3912; x_wconf 90' lang='lat' dir='ltr'><strong>accipiuntur</strong></span> <span class='ocrx_word' id='word_1_516' title='bbox 2415 3857 2443 3894; x_wconf 92' lang='lat' dir='ltr'><strong>a</strong></span> <span class='ocrx_word' id='word_1_517' title='bbox 2486 3841 2793 3910; x_wconf 84' lang='lat' dir='ltr'><strong>legentibus</strong></span> <span class='ocrx_word' id='word_1_518' title='bbox 2831 3856 2991 3909; x_wconf 91' lang='lat' dir='ltr'><strong>quam</strong></span> <span class='ocrx_word' id='word_1_519' title='bbox 3030 3840 3098 3893; x_wconf 90' lang='lat' dir='ltr'><strong>ab</strong></span> <span class='ocrx_word' id='word_1_520' title='bbox 3136 3856 3202 3893; x_wconf 91' lang='lat' dir='ltr'><strong>eo</strong></span> <span class='ocrx_word' id='word_1_521' title='bbox 3239 3839 3513 3893; x_wconf 88' lang='lat' dir='ltr'><strong>dicuntur.</strong></span> 
     </span>
    </p>
   </div>
   <div class='ocr_carea' id='block_1_38' title="bbox 260 3930 3515 4004">
    <p class='ocr_par' dir='ltr' id='par_1_38' title="bbox 260 3930 3515 4004">
     <span class='ocr_line' id='line_1_38' title="bbox 260 3930 3515 4004; baseline 0 -19"><span class='ocrx_word' id='word_1_522' title='bbox 260 3930 408 3998; x_wconf 86' lang='lat' dir='ltr'><strong>Quin</strong></span> <span class='ocrx_word' id='word_1_523' title='bbox 432 3940 485 3986; x_wconf 88' lang='lat' dir='ltr'><strong>et</strong></span> <span class='ocrx_word' id='word_1_524' title='bbox 504 3942 691 4003; x_wconf 89' lang='lat' dir='ltr'><strong>poetas</strong></span> <span class='ocrx_word' id='word_1_525' title='bbox 716 3949 1035 4004; x_wconf 87' lang='lat' dir='ltr'><strong>graecarum</strong></span> <span class='ocrx_word' id='word_1_526' title='bbox 1068 3935 1350 3989; x_wconf 90' lang='lat' dir='ltr'><strong>literarum</strong></span> <span class='ocrx_word' id='word_1_527' title='bbox 1388 3935 1604 4004; x_wconf 87' lang='lat' dir='ltr'><strong>ignaros</strong></span> <span class='ocrx_word' id='word_1_528' title='bbox 1628 3934 1902 3988; x_wconf 87' lang='lat' dir='ltr'><strong>incassum</strong></span> <span class='ocrx_word' id='word_1_529' title='bbox 1930 3933 2173 3988; x_wconf 91' lang='lat' dir='ltr'><strong>laborem</strong></span> <span class='ocrx_word' id='word_1_530' title='bbox 2203 3934 2482 4002; x_wconf 90' lang='lat' dir='ltr'><strong>suscipere</strong></span> <span class='ocrx_word' id='word_1_531' title='bbox 2517 3949 2579 3986; x_wconf 91' lang='lat' dir='ltr'><strong>ac</strong></span> <span class='ocrx_word' id='word_1_532' title='bbox 2608 3948 2883 4002; x_wconf 90' lang='lat' dir='ltr'><strong>nunquam</strong></span> <span class='ocrx_word' id='word_1_533' title='bbox 2916 3934 3194 3988; x_wconf 87' lang='lat' dir='ltr'><strong>Musarum</strong></span> <span class='ocrx_word' id='word_1_534' title='bbox 3216 3933 3515 4003; x_wconf 83' lang='lat' dir='ltr'><strong>penetralia</strong></span> 
     </span>
    </p>
   </div>
   <div class='ocr_carea' id='block_1_39' title="bbox 255 4018 3516 4093">
    <p class='ocr_par' dir='ltr' id='par_1_39' title="bbox 255 4018 3516 4093">
     <span class='ocr_line' id='line_1_39' title="bbox 255 4018 3516 4093; baseline 0.002 -21"><span class='ocrx_word' id='word_1_535' title='bbox 255 4018 473 4089; x_wconf 86' lang='lat' dir='ltr'><strong>ingredi</strong></span> <span class='ocrx_word' id='word_1_536' title='bbox 508 4036 668 4090; x_wconf 89' lang='lat' dir='ltr'><strong>posse</strong></span> <span class='ocrx_word' id='word_1_537' title='bbox 689 4022 776 4076; x_wconf 89' lang='lat' dir='ltr'><strong>vel</strong></span> <span class='ocrx_word' id='word_1_538' title='bbox 798 4036 863 4076; x_wconf 85' lang='lat' dir='ltr'><strong>ex</strong></span> <span class='ocrx_word' id='word_1_539' title='bbox 887 4038 953 4077; x_wconf 89' lang='lat' dir='ltr'><strong>eo</strong></span> <span class='ocrx_word' id='word_1_540' title='bbox 984 4031 1150 4093; x_wconf 87' lang='lat' dir='ltr'><strong>patet,</strong></span> <span class='ocrx_word' id='word_1_541' title='bbox 1174 4022 1320 4092; x_wconf 91' lang='lat' dir='ltr'><strong>quod</strong></span> <span class='ocrx_word' id='word_1_542' title='bbox 1346 4037 1536 4076; x_wconf 87' lang='lat' dir='ltr'><strong>omnes</strong></span> <span class='ocrx_word' id='word_1_543' title='bbox 1560 4022 1774 4077; x_wconf 88' lang='lat' dir='ltr'><strong>fabulae</strong></span> <span class='ocrx_word' id='word_1_544' title='bbox 1798 4037 1862 4077; x_wconf 90' lang='lat' dir='ltr'><strong>ac</strong></span> <span class='ocrx_word' id='word_1_545' title='bbox 1887 4021 2142 4093; x_wconf 85' lang='lat' dir='ltr'><strong>figmenta</strong></span> <span class='ocrx_word' id='word_1_546' title='bbox 2166 4023 2379 4092; x_wconf 91' lang='lat' dir='ltr'><strong>poetica</strong></span> <span class='ocrx_word' id='word_1_547' title='bbox 2412 4039 2441 4077; x_wconf 90' lang='lat' dir='ltr'><strong>e</strong></span> <span class='ocrx_word' id='word_1_548' title='bbox 2467 4022 2687 4077; x_wconf 87' lang='lat' dir='ltr'><strong>Graecis</strong></span> <span class='ocrx_word' id='word_1_549' title='bbox 2716 4025 3005 4092; x_wconf 85' lang='lat' dir='ltr'><strong>pendeant.</strong></span> <span class='ocrx_word' id='word_1_550' title='bbox 3034 4024 3175 4091; x_wconf 89' lang='lat' dir='ltr'><strong>Quid</strong></span> <span class='ocrx_word' id='word_1_551' title='bbox 3205 4024 3271 4078; x_wconf 88' lang='lat' dir='ltr'><strong>de</strong></span> <span class='ocrx_word' id='word_1_552' title='bbox 3303 4025 3516 4078; x_wconf 86' lang='lat' dir='ltr'><strong>mathe—</strong></span> 
     </span>
    </p>
   </div>
   <div class='ocr_carea' id='block_1_40' title="bbox 253 4114 3520 4187">
    <p class='ocr_par' dir='ltr' id='par_1_40' title="bbox 253 4114 3520 4187">
     <span class='ocr_line' id='line_1_40' title="bbox 253 4114 3520 4187; baseline -0.001 -18"><span class='ocrx_word' id='word_1_553' title='bbox 253 4114 478 4171; x_wconf 89' lang='lat' dir='ltr'><strong>maticis</strong></span> <span class='ocrx_word' id='word_1_554' title='bbox 497 4116 742 4171; x_wconf 88' lang='lat' dir='ltr'><strong>scientiis</strong></span> <span class='ocrx_word' id='word_1_555' title='bbox 764 4116 986 4187; x_wconf 88' lang='lat' dir='ltr'><strong>loquar?</strong></span> <span class='ocrx_word' id='word_1_556' title='bbox 1010 4117 1137 4172; x_wconf 86' lang='lat' dir='ltr'><strong>Illae</strong></span> <span class='ocrx_word' id='word_1_557' title='bbox 1161 4127 1269 4172; x_wconf 93' lang='lat' dir='ltr'><strong>tam</strong></span> <span class='ocrx_word' id='word_1_558' title='bbox 1293 4125 1523 4187; x_wconf 90' lang='lat' dir='ltr'><strong>possunt</strong></span> <span class='ocrx_word' id='word_1_559' title='bbox 1549 4116 1667 4171; x_wconf 90' lang='lat' dir='ltr'><strong>sine</strong></span> <span class='ocrx_word' id='word_1_560' title='bbox 1691 4116 1900 4187; x_wconf 89' lang='lat' dir='ltr'><strong>graecis</strong></span> <span class='ocrx_word' id='word_1_561' title='bbox 1922 4116 2102 4171; x_wconf 90' lang='lat' dir='ltr'><strong>literis</strong></span> <span class='ocrx_word' id='word_1_562' title='bbox 2124 4115 2366 4186; x_wconf 84' lang='lat' dir='ltr'><strong>perfecte</strong></span> <span class='ocrx_word' id='word_1_563' title='bbox 2397 4117 2592 4179; x_wconf 88' lang='lat' dir='ltr'><strong>teneri,</strong></span> <span class='ocrx_word' id='word_1_564' title='bbox 2612 4131 2773 4185; x_wconf 90' lang='lat' dir='ltr'><strong>quam</strong></span> <span class='ocrx_word' id='word_1_565' title='bbox 2802 4115 2918 4170; x_wconf 88' lang='lat' dir='ltr'><strong>sine</strong></span> <span class='ocrx_word' id='word_1_566' title='bbox 2940 4116 3148 4185; x_wconf 86' lang='lat' dir='ltr'><strong>graccis</strong></span> <span class='ocrx_word' id='word_1_567' title='bbox 3165 4114 3520 4169; x_wconf 88' lang='lat' dir='ltr'><strong>auctoribus?</strong></span> 
     </span>
    </p>
   </div>
   <div class='ocr_carea' id='block_1_41' title="bbox 254 4206 3518 4279">
    <p class='ocr_par' dir='ltr' id='par_1_41' title="bbox 254 4206 3518 4279">
     <span class='ocr_line' id='line_1_41' title="bbox 254 4206 3518 4279; baseline -0.002 -16"><span class='ocrx_word' id='word_1_568' title='bbox 254 4210 410 4275; x_wconf 86' lang='lat' dir='ltr'><strong>Quis,</strong></span> <span class='ocrx_word' id='word_1_569' title='bbox 442 4224 667 4279; x_wconf 87' lang='lat' dir='ltr'><strong>quaeso,</strong></span> <span class='ocrx_word' id='word_1_570' title='bbox 698 4210 802 4263; x_wconf 88' lang='lat' dir='ltr'><strong>nisi</strong></span> <span class='ocrx_word' id='word_1_571' title='bbox 834 4209 1077 4264; x_wconf 86' lang='lat' dir='ltr'><strong>Graecus</strong></span> <span class='ocrx_word' id='word_1_572' title='bbox 1104 4207 1373 4278; x_wconf 84' lang='lat' dir='ltr'><strong>intelliget</strong></span> <span class='ocrx_word' id='word_1_573' title='bbox 1402 4207 1718 4261; x_wconf 89' lang='lat' dir='ltr'><strong>Euclidem?</strong></span> <span class='ocrx_word' id='word_1_574' title='bbox 1748 4207 1873 4276; x_wconf 91' lang='lat' dir='ltr'><strong>quis</strong></span> <span class='ocrx_word' id='word_1_575' title='bbox 1902 4207 2311 4262; x_wconf 87' lang='lat' dir='ltr'><strong>Ptolemaeum?</strong></span> <span class='ocrx_word' id='word_1_576' title='bbox 2342 4208 2469 4277; x_wconf 87' lang='lat' dir='ltr'><strong>quis</strong></span> <span class='ocrx_word' id='word_1_577' title='bbox 2497 4207 2795 4261; x_wconf 87' lang='lat' dir='ltr'><strong>Proclum?</strong></span> <span class='ocrx_word' id='word_1_578' title='bbox 2828 4207 2963 4273; x_wconf 84' lang='lat' dir='ltr'><strong>Quis</strong></span> <span class='ocrx_word' id='word_1_579' title='bbox 3003 4207 3108 4261; x_wconf 91' lang='lat' dir='ltr'><strong>nisi</strong></span> <span class='ocrx_word' id='word_1_580' title='bbox 3149 4206 3390 4260; x_wconf 88' lang='lat' dir='ltr'><strong>Graecus</strong></span> <span class='ocrx_word' id='word_1_581' title='bbox 3426 4221 3518 4258; x_wconf 78' lang='lat' dir='ltr'><strong>ex-</strong></span> 
     </span>
    </p>
   </div>
   <div class='ocr_carea' id='block_1_42' title="bbox 255 4294 3517 4374">
    <p class='ocr_par' dir='ltr' id='par_1_42' title="bbox 255 4294 3517 4374">
     <span class='ocr_line' id='line_1_42' title="bbox 255 4294 3517 4374; baseline -0.002 -21"><span class='ocrx_word' id='word_1_582' title='bbox 255 4300 487 4374; x_wconf 70' lang='lat' dir='ltr'><strong>plicabit</strong></span> <span class='ocrx_word' id='word_1_583' title='bbox 520 4299 652 4369; x_wconf 90' lang='lat' dir='ltr'><strong>quid</strong></span> <span class='ocrx_word' id='word_1_584' title='bbox 696 4300 767 4354; x_wconf 90' lang='lat' dir='ltr'><strong>sit</strong></span> <span class='ocrx_word' id='word_1_585' title='bbox 803 4302 1057 4370; x_wconf 77' lang='lat' dir='ltr'><strong>trigonus,</strong></span> <span class='ocrx_word' id='word_1_586' title='bbox 1087 4299 1219 4369; x_wconf 91' lang='lat' dir='ltr'><strong>quid</strong></span> <span class='ocrx_word' id='word_1_587' title='bbox 1260 4307 1583 4369; x_wconf 84' lang='lat' dir='ltr'><strong>tetragonus,</strong></span> <span class='ocrx_word' id='word_1_588' title='bbox 1619 4297 1750 4367; x_wconf 92' lang='lat' dir='ltr'><strong>quid</strong></span> <span class='ocrx_word' id='word_1_589' title='bbox 1782 4314 1983 4363; x_wconf 76' lang='lat' dir='ltr'><strong>manas,</strong></span> <span class='ocrx_word' id='word_1_590' title='bbox 2016 4298 2146 4369; x_wconf 90' lang='lat' dir='ltr'><strong>quid</strong></span> <span class='ocrx_word' id='word_1_591' title='bbox 2183 4299 2332 4363; x_wconf 80' lang='lat' dir='ltr'><strong>trias,</strong></span> <span class='ocrx_word' id='word_1_592' title='bbox 2365 4298 2497 4368; x_wconf 92' lang='lat' dir='ltr'><strong>quid</strong></span> <span class='ocrx_word' id='word_1_593' title='bbox 2537 4298 2798 4369; x_wconf 80' lang='lat' dir='ltr'><strong>diapente,</strong></span> <span class='ocrx_word' id='word_1_594' title='bbox 2834 4299 2963 4367; x_wconf 91' lang='lat' dir='ltr'><strong>quid</strong></span> <span class='ocrx_word' id='word_1_595' title='bbox 3004 4298 3351 4359; x_wconf 69' lang='lat' dir='ltr'><strong>diatessaron,</strong></span> <span class='ocrx_word' id='word_1_596' title='bbox 3386 4294 3517 4364; x_wconf 89' lang='lat' dir='ltr'><strong>quid</strong></span> 
     </span>
    </p>
   </div>
   <div class='ocr_carea' id='block_1_43' title="bbox 258 4392 3520 4467">
    <p class='ocr_par' dir='ltr' id='par_1_43' title="bbox 258 4392 3520 4467">
     <span class='ocr_line' id='line_1_43' title="bbox 258 4392 3520 4467; baseline -0.001 -19"><span class='ocrx_word' id='word_1_597' title='bbox 258 4398 563 4461; x_wconf 68' lang='lat' dir='ltr'><strong>excentrici,</strong></span> <span class='ocrx_word' id='word_1_598' title='bbox 594 4396 726 4467; x_wconf 90' lang='lat' dir='ltr'><strong>quid</strong></span> <span class='ocrx_word' id='word_1_599' title='bbox 758 4396 1093 4467; x_wconf 75' lang='lat' dir='ltr'><strong>syncentrici,</strong></span> <span class='ocrx_word' id='word_1_600' title='bbox 1129 4392 1260 4463; x_wconf 93' lang='lat' dir='ltr'><strong>quid</strong></span> <span class='ocrx_word' id='word_1_601' title='bbox 1304 4392 1559 4464; x_wconf 82' lang='lat' dir='ltr'><strong>epicyclii,</strong></span> <span class='ocrx_word' id='word_1_602' title='bbox 1590 4392 1722 4463; x_wconf 91' lang='lat' dir='ltr'><strong>quid</strong></span> <span class='ocrx_word' id='word_1_603' title='bbox 1762 4392 2012 4464; x_wconf 78' lang='lat' dir='ltr'><strong>eclypses,</strong></span> <span class='ocrx_word' id='word_1_604' title='bbox 2040 4402 2098 4448; x_wconf 91' lang='lat' dir='ltr'><strong>et</strong></span> <span class='ocrx_word' id='word_1_605' title='bbox 2130 4394 2251 4447; x_wconf 90' lang='lat' dir='ltr'><strong>eius</strong></span> <span class='ocrx_word' id='word_1_606' title='bbox 2287 4395 2506 4463; x_wconf 89' lang='lat' dir='ltr'><strong>generis</strong></span> <span class='ocrx_word' id='word_1_607' title='bbox 2553 4402 2700 4448; x_wconf 88' lang='lat' dir='ltr'><strong>tanta</strong></span> <span class='ocrx_word' id='word_1_608' title='bbox 2743 4396 2922 4458; x_wconf 87' lang='lat' dir='ltr'><strong>turba,</strong></span> <span class='ocrx_word' id='word_1_609' title='bbox 2957 4404 3018 4448; x_wconf 93' lang='lat' dir='ltr'><strong>ut</strong></span> <span class='ocrx_word' id='word_1_610' title='bbox 3060 4392 3335 4448; x_wconf 88' lang='lat' dir='ltr'><strong>audiendo</strong></span> <span class='ocrx_word' id='word_1_611' title='bbox 3366 4393 3520 4461; x_wconf 88' lang='lat' dir='ltr'><strong>prius</strong></span> 
     </span>
    </p>
   </div>
   <div class='ocr_carea' id='block_1_44' title="bbox 259 4473 3514 4557">
    <p class='ocr_par' dir='ltr' id='par_1_44' title="bbox 259 4473 3514 4557">
     <span class='ocr_line' id='line_1_44' title="bbox 259 4473 3514 4557; baseline -0.002 -16"><span class='ocrx_word' id='word_1_612' title='bbox 259 4503 422 4556; x_wconf 89' lang='lat' dir='ltr'><strong>quam</strong></span> <span class='ocrx_word' id='word_1_613' title='bbox 451 4487 931 4543; x_wconf 91' lang='lat' dir='ltr'><strong>commemorando</strong></span> <span class='ocrx_word' id='word_1_614' title='bbox 960 4486 1140 4541; x_wconf 87' lang='lat' dir='ltr'><strong>omnia</strong></span> <span class='ocrx_word' id='word_1_615' title='bbox 1168 4485 1451 4556; x_wconf 77' lang='lat' dir='ltr'><strong>defatigati</strong></span> <span class='ocrx_word' id='word_1_616' title='bbox 1477 4485 1600 4555; x_wconf 91' lang='lat' dir='ltr'><strong>quis</strong></span> <span class='ocrx_word' id='word_1_617' title='bbox 1629 4486 1818 4556; x_wconf 90' lang='lat' dir='ltr'><strong>possit.</strong></span> <span class='ocrx_word' id='word_1_618' title='bbox 1860 4484 1943 4539; x_wconf 85' lang='lat' dir='ltr'><strong>Ad</strong></span> <span class='ocrx_word' id='word_1_619' title='bbox 1975 4487 2147 4540; x_wconf 90' lang='lat' dir='ltr'><strong>serias</strong></span> <span class='ocrx_word' id='word_1_620' title='bbox 2180 4502 2310 4541; x_wconf 88' lang='lat' dir='ltr'><strong>vero</strong></span> <span class='ocrx_word' id='word_1_621' title='bbox 2335 4497 2497 4557; x_wconf 84' lang='lat' dir='ltr'><strong>atque</strong></span> <span class='ocrx_word' id='word_1_622' title='bbox 2528 4489 2725 4542; x_wconf 90' lang='lat' dir='ltr'><strong>arduas</strong></span> <span class='ocrx_word' id='word_1_623' title='bbox 2754 4489 2799 4541; x_wconf 90' lang='lat' dir='ltr'><strong>si</strong></span> <span class='ocrx_word' id='word_1_624' title='bbox 2829 4486 3148 4557; x_wconf 89' lang='lat' dir='ltr'><strong>progrediar</strong></span> <span class='ocrx_word' id='word_1_625' title='bbox 3179 4473 3514 4556; x_wconf 82' lang='lat' dir='ltr'><strong>disciplinas,</strong></span> 
     </span>
    </p>
   </div>
   <div class='ocr_carea' id='block_1_45' title="bbox 259 4576 3129 4651">
    <p class='ocr_par' dir='ltr' id='par_1_45' title="bbox 259 4576 3129 4651">
     <span class='ocr_line' id='line_1_45' title="bbox 259 4576 3129 4651; baseline -0.001 -19"><span class='ocrx_word' id='word_1_626' title='bbox 259 4579 534 4635; x_wconf 83' lang='lat' dir='ltr'><strong>medicina</strong></span> <span class='ocrx_word' id='word_1_627' title='bbox 557 4588 841 4651; x_wconf 89' lang='lat' dir='ltr'><strong>tantopere</strong></span> <span class='ocrx_word' id='word_1_628' title='bbox 874 4578 1078 4649; x_wconf 82' lang='lat' dir='ltr'><strong>indiget</strong></span> <span class='ocrx_word' id='word_1_629' title='bbox 1105 4578 1314 4649; x_wconf 82' lang='lat' dir='ltr'><strong>graecis</strong></span> <span class='ocrx_word' id='word_1_630' title='bbox 1334 4577 1528 4641; x_wconf 88' lang='lat' dir='ltr'><strong>literis,</strong></span> <span class='ocrx_word' id='word_1_631' title='bbox 1555 4586 1615 4630; x_wconf 87' lang='lat' dir='ltr'><strong>ut</strong></span> <span class='ocrx_word' id='word_1_632' title='bbox 1640 4576 1732 4646; x_wconf 90' lang='lat' dir='ltr'><strong>qui</strong></span> <span class='ocrx_word' id='word_1_633' title='bbox 1758 4576 1877 4631; x_wconf 87' lang='lat' dir='ltr'><strong>eius</strong></span> <span class='ocrx_word' id='word_1_634' title='bbox 1900 4576 2209 4647; x_wconf 84' lang='lat' dir='ltr'><strong>cognitione</strong></span> <span class='ocrx_word' id='word_1_635' title='bbox 2238 4584 2479 4641; x_wconf 87' lang='lat' dir='ltr'><strong>careant,</strong></span> <span class='ocrx_word' id='word_1_636' title='bbox 2507 4578 2658 4640; x_wconf 85' lang='lat' dir='ltr'><strong>dum,</strong></span> <span class='ocrx_word' id='word_1_637' title='bbox 2688 4585 2749 4635; x_wconf 89' lang='lat' dir='ltr'><strong>ut</strong></span> <span class='ocrx_word' id='word_1_638' title='bbox 2777 4584 2937 4646; x_wconf 84' lang='lat' dir='ltr'><strong>poeta</strong></span> <span class='ocrx_word' id='word_1_639' title='bbox 2962 4577 3129 4638; x_wconf 88' lang='lat' dir='ltr'><strong>canit,</strong></span> 
     </span>
    </p>
   </div>
   <div class='ocr_carea' id='block_1_46' title="bbox 1000 4688 2339 4764">
    <p class='ocr_par' dir='ltr' id='par_1_46' title="bbox 1000 4688 2339 4764">
     <span class='ocr_line' id='line_1_46' title="bbox 1000 4688 2339 4764; baseline -0.001 -19"><span class='ocrx_word' id='word_1_640' title='bbox 1000 4694 1271 4764; x_wconf 81' lang='grc' dir='ltr'>Φάρμακα</span> <span class='ocrx_word' id='word_1_641' title='bbox 1303 4690 1473 4745; x_wconf 77' lang='grc' dir='ltr'>πολλὰ</span> <span class='ocrx_word' id='word_1_642' title='bbox 1503 4690 1819 4762; x_wconf 81' lang='grc' dir='ltr'><strong>μεμιγμένα</strong></span> <span class='ocrx_word' id='word_1_643' title='bbox 1850 4690 2028 4762; x_wconf 80' lang='grc' dir='ltr'>λυγρὰ</span> <span class='ocrx_word' id='word_1_644' title='bbox 2054 4692 2147 4744; x_wconf 72' lang='grc' dir='ltr'><strong>καὶ</strong></span> <span class='ocrx_word' id='word_1_645' title='bbox 2172 4688 2339 4744; x_wconf 82' lang='grc' dir='ltr'>ὲσθλά</span> 
     </span>
    </p>
   </div>
   <div class='ocr_carea' id='block_1_47' title="bbox 261 4831 3515 4909">
    <p class='ocr_par' dir='ltr' id='par_1_47' title="bbox 261 4831 3515 4909">
     <span class='ocr_line' id='line_1_47' title="bbox 261 4831 3515 4909; baseline -0.003 -18"><span class='ocrx_word' id='word_1_646' title='bbox 261 4837 596 4900; x_wconf 83' lang='lat' dir='ltr'><strong>ministrant,</strong></span> <span class='ocrx_word' id='word_1_647' title='bbox 626 4848 875 4909; x_wconf 87' lang='lat' dir='ltr'><strong>aegrotos</strong></span> <span class='ocrx_word' id='word_1_648' title='bbox 910 4854 1021 4892; x_wconf 91' lang='lat' dir='ltr'><strong>non</strong></span> <span class='ocrx_word' id='word_1_649' title='bbox 1054 4852 1181 4891; x_wconf 77' lang='lat' dir='ltr'><strong>raro</strong></span> <span class='ocrx_word' id='word_1_650' title='bbox 1222 4836 1277 4890; x_wconf 91' lang='lat' dir='ltr'><strong>in</strong></span> <span class='ocrx_word' id='word_1_651' title='bbox 1310 4842 1620 4893; x_wconf 78' lang='lat' dir='ltr'><strong>extremum</strong></span> <span class='ocrx_word' id='word_1_652' title='bbox 1654 4833 1797 4888; x_wconf 90' lang='lat' dir='ltr'><strong>vitae</strong></span> <span class='ocrx_word' id='word_1_653' title='bbox 1831 4832 2139 4903; x_wconf 84' lang='lat' dir='ltr'><strong>periculum</strong></span> <span class='ocrx_word' id='word_1_654' title='bbox 2170 4831 2484 4886; x_wconf 78' lang='lat' dir='ltr'><strong>coniiciunt.</strong></span> <span class='ocrx_word' id='word_1_655' title='bbox 2514 4832 2653 4888; x_wconf 89' lang='lat' dir='ltr'><strong>Cum</strong></span> <span class='ocrx_word' id='word_1_656' title='bbox 2680 4832 2827 4886; x_wconf 89' lang='lat' dir='ltr'><strong>enim</strong></span> <span class='ocrx_word' id='word_1_657' title='bbox 2862 4831 3001 4901; x_wconf 87' lang='lat' dir='ltr'><strong>phar</strong></span> <span class='ocrx_word' id='word_1_658' title='bbox 3032 4832 3041 4902; x_wconf 89' lang='lat' dir='ltr'><strong>l</strong></span> <span class='ocrx_word' id='word_1_659' title='bbox 3073 4845 3373 4892; x_wconf 88' lang='lat' dir='ltr'><strong>macorum,</strong></span> <span class='ocrx_word' id='word_1_660' title='bbox 3411 4845 3515 4882; x_wconf 88' lang='lat' dir='ltr'><strong>un-</strong></span> 
     </span>
    </p>
   </div>
   <div class='ocr_carea' id='block_1_48' title="bbox 261 4921 3537 5001">
    <p class='ocr_par' dir='ltr' id='par_1_48' title="bbox 261 4921 3537 5001">
     <span class='ocr_line' id='line_1_48' title="bbox 261 4921 3537 5001; baseline -0.003 -18"><span class='ocrx_word' id='word_1_661' title='bbox 261 4939 612 5000; x_wconf 80' lang='lat' dir='ltr'><strong>guentorum,</strong></span> <span class='ocrx_word' id='word_1_662' title='bbox 639 4931 1106 5001; x_wconf 85' lang='lat' dir='ltr'><strong>cataplasmatum,</strong></span> <span class='ocrx_word' id='word_1_663' title='bbox 1134 4929 1440 4998; x_wconf 79' lang='lat' dir='ltr'><strong>potionum,</strong></span> <span class='ocrx_word' id='word_1_664' title='bbox 1469 4935 1828 4990; x_wconf 88' lang='lat' dir='ltr'><strong>ceromatum,</strong></span> <span class='ocrx_word' id='word_1_665' title='bbox 1856 4926 1987 4979; x_wconf 87' lang='lat' dir='ltr'><strong>item</strong></span> <span class='ocrx_word' id='word_1_666' title='bbox 2016 4924 2396 4988; x_wconf 90' lang='lat' dir='ltr'><strong>animantium,</strong></span> <span class='ocrx_word' id='word_1_667' title='bbox 2422 4925 2757 4994; x_wconf 86' lang='lat' dir='ltr'><strong>plantarum,</strong></span> <span class='ocrx_word' id='word_1_668' title='bbox 2784 4940 3142 4994; x_wconf 88' lang='lat' dir='ltr'><strong>gemmarum,</strong></span> <span class='ocrx_word' id='word_1_669' title='bbox 3173 4921 3537 4985; x_wconf 61' lang='lat' dir='ltr'><strong>morborum,</strong></span> 
     </span>
    </p>
   </div>
   <div class='ocr_carea' id='block_1_49' title="bbox 261 5012 3518 5086">
    <p class='ocr_par' dir='ltr' id='par_1_49' title="bbox 261 5012 3518 5086">
     <span class='ocr_line' id='line_1_49' title="bbox 261 5012 3518 5086; baseline -0.002 -14"><span class='ocrx_word' id='word_1_670' title='bbox 261 5018 655 5083; x_wconf 74' lang='lat' dir='ltr'><strong>remediorum,</strong></span> <span class='ocrx_word' id='word_1_671' title='bbox 680 5019 1191 5082; x_wconf 89' lang='lat' dir='ltr'><strong>instrumentorum,</strong></span> <span class='ocrx_word' id='word_1_672' title='bbox 1229 5016 1531 5086; x_wconf 88' lang='lat' dir='ltr'><strong>ponderum</strong></span> <span class='ocrx_word' id='word_1_673' title='bbox 1561 5024 1617 5070; x_wconf 90' lang='lat' dir='ltr'><strong>et</strong></span> <span class='ocrx_word' id='word_1_674' title='bbox 1644 5030 2025 5071; x_wconf 90' lang='lat' dir='ltr'><strong>mensurarum</strong></span> <span class='ocrx_word' id='word_1_675' title='bbox 2055 5014 2323 5070; x_wconf 90' lang='lat' dir='ltr'><strong>vocabula</strong></span> <span class='ocrx_word' id='word_1_676' title='bbox 2353 5016 2543 5070; x_wconf 86' lang='lat' dir='ltr'><strong>omnia</strong></span> <span class='ocrx_word' id='word_1_677' title='bbox 2564 5016 2675 5069; x_wconf 90' lang='lat' dir='ltr'><strong>sint</strong></span> <span class='ocrx_word' id='word_1_678' title='bbox 2712 5032 2925 5086; x_wconf 81' lang='lat' dir='ltr'><strong>graeca,</strong></span> <span class='ocrx_word' id='word_1_679' title='bbox 2954 5017 3098 5084; x_wconf 90' lang='lat' dir='ltr'><strong>quis,</strong></span> <span class='ocrx_word' id='word_1_680' title='bbox 3128 5028 3354 5083; x_wconf 89' lang='lat' dir='ltr'><strong>quaeso,</strong></span> <span class='ocrx_word' id='word_1_681' title='bbox 3379 5012 3518 5066; x_wconf 76' lang='lat' dir='ltr'><strong>citra</strong></span> 
     </span>
    </p>
   </div>
   <div class='ocr_carea' id='block_1_50' title="bbox 262 5107 3529 5184">
    <p class='ocr_par' dir='ltr' id='par_1_50' title="bbox 262 5107 3529 5184">
     <span class='ocr_line' id='line_1_50' title="bbox 262 5107 3529 5184; baseline -0 -22"><span class='ocrx_word' id='word_1_682' title='bbox 262 5109 430 5165; x_wconf 86' lang='lat' dir='ltr'><strong>huius</strong></span> <span class='ocrx_word' id='word_1_683' title='bbox 471 5112 688 5184; x_wconf 89' lang='lat' dir='ltr'><strong>linguae</strong></span> <span class='ocrx_word' id='word_1_684' title='bbox 721 5113 1091 5183; x_wconf 89' lang='lat' dir='ltr'><strong>cognitionem</strong></span> <span class='ocrx_word' id='word_1_685' title='bbox 1130 5112 1293 5183; x_wconf 89' lang='lat' dir='ltr'><strong>periti</strong></span> <span class='ocrx_word' id='word_1_686' title='bbox 1343 5107 1545 5166; x_wconf 88' lang='lat' dir='ltr'><strong>medici</strong></span> <span class='ocrx_word' id='word_1_687' title='bbox 1587 5110 1749 5165; x_wconf 90' lang='lat' dir='ltr'><strong>laude</strong></span> <span class='ocrx_word' id='word_1_688' title='bbox 1790 5126 1857 5165; x_wconf 92' lang='lat' dir='ltr'><strong>ac</strong></span> <span class='ocrx_word' id='word_1_689' title='bbox 1892 5110 2189 5179; x_wconf 89' lang='lat' dir='ltr'><strong>praeconio</strong></span> <span class='ocrx_word' id='word_1_690' title='bbox 2231 5109 2487 5164; x_wconf 70' lang='lat' dir='ltr'><strong>exornari</strong></span> <span class='ocrx_word' id='word_1_691' title='bbox 2528 5110 2841 5163; x_wconf 88' lang='lat' dir='ltr'><strong>mereatur?</strong></span> <span class='ocrx_word' id='word_1_692' title='bbox 2866 5108 3000 5175; x_wconf 86' lang='lat' dir='ltr'><strong>Quis</strong></span> <span class='ocrx_word' id='word_1_693' title='bbox 3040 5108 3427 5176; x_wconf 82' lang='lat' dir='ltr'><strong>Hippocratem</strong></span> <span class='ocrx_word' id='word_1_694' title='bbox 3465 5114 3529 5161; x_wconf 81' lang='lat' dir='ltr'><strong>et</strong></span> 
     </span>
    </p>
   </div>
   <div class='ocr_carea' id='block_1_51' title="bbox 263 5198 1849 5278">
    <p class='ocr_par' dir='ltr' id='par_1_51' title="bbox 263 5205 1849 5278">
     <span class='ocr_line' id='line_1_51' title="bbox 263 5205 1849 5278; baseline -0.001 -18"><span class='ocrx_word' id='word_1_695' title='bbox 263 5206 527 5262; x_wconf 77' lang='lat' dir='ltr'><strong>Galerium</strong></span> <span class='ocrx_word' id='word_1_696' title='bbox 549 5209 796 5264; x_wconf 89' lang='lat' dir='ltr'><strong>omnium</strong></span> <span class='ocrx_word' id='word_1_697' title='bbox 823 5210 1161 5265; x_wconf 87' lang='lat' dir='ltr'><strong>medicorum</strong></span> <span class='ocrx_word' id='word_1_698' title='bbox 1187 5208 1513 5278; x_wconf 79' lang='grc' dir='ltr'><strong>κορυφαίους</strong></span> <span class='ocrx_word' id='word_1_699' title='bbox 1539 5215 1596 5262; x_wconf 91' lang='lat' dir='ltr'><strong>et</strong></span> <span class='ocrx_word' id='word_1_700' title='bbox 1621 5205 1849 5276; x_wconf 58' lang='grc' dir='ltr'><strong>δᾳδούχοε</strong></span> 
     </span>
    </p>
   </div>
   <div class='ocr_carea' id='block_1_52' title="bbox 1674 5198 3260 5278">
    <p class='ocr_par' dir='ltr' id='par_1_52' title="bbox 1674 5198 3260 5276">
     <span class='ocr_line' id='line_1_52' title="bbox 1674 5198 3260 5276; baseline -0.006 -18"><span class='ocrx_word' id='word_1_701' title='bbox 1674 5205 1929 5276; x_wconf 85' lang='grc' dir='ltr'><strong>ιδούχους,</strong></span> <span class='ocrx_word' id='word_1_702' title='bbox 1959 5205 2027 5260; x_wconf 88' lang='lat' dir='ltr'><strong>de</strong></span> <span class='ocrx_word' id='word_1_703' title='bbox 2054 5205 2258 5275; x_wconf 90' lang='lat' dir='ltr'><strong>quibus</strong></span> <span class='ocrx_word' id='word_1_704' title='bbox 2285 5222 2343 5261; x_wconf 87' lang='lat' dir='ltr'><strong>re</strong></span> <span class='ocrx_word' id='word_1_705' title='bbox 2372 5221 2500 5260; x_wconf 88' lang='lat' dir='ltr'><strong>vera</strong></span> <span class='ocrx_word' id='word_1_706' title='bbox 2530 5204 2638 5259; x_wconf 86' lang='lat' dir='ltr'><strong>dici</strong></span> <span class='ocrx_word' id='word_1_707' title='bbox 2669 5207 2850 5274; x_wconf 87' lang='lat' dir='ltr'><strong>posset</strong></span> <span class='ocrx_word' id='word_1_708' title='bbox 2879 5200 3023 5270; x_wconf 89' lang='lat' dir='ltr'><strong>quod</strong></span> <span class='ocrx_word' id='word_1_709' title='bbox 3058 5198 3260 5252; x_wconf 87' lang='lat' dir='ltr'><strong>fuerint</strong></span> 
     </span>
    </p>
   </div>
   <div class='ocr_carea' id='block_1_53' title="bbox 1010 5316 2191 5392">
    <p class='ocr_par' dir='ltr' id='par_1_53' title="bbox 1010 5316 2191 5392">
     <span class='ocr_line' id='line_1_53' title="bbox 1010 5316 2191 5392; baseline -0.006 -17"><span class='ocrx_word' id='word_1_710' title='bbox 1010 5319 1211 5392; x_wconf 71' lang='grc' dir='ltr'><strong>’ἰητροὶ</strong></span> <span class='ocrx_word' id='word_1_711' title='bbox 1233 5317 1442 5388; x_wconf 84' lang='grc' dir='ltr'>ἀνδρῶν</span> <span class='ocrx_word' id='word_1_712' title='bbox 1483 5318 1694 5372; x_wconf 73' lang='grc' dir='ltr'>πολλῶν</span> <span class='ocrx_word' id='word_1_713' title='bbox 1727 5316 1968 5382; x_wconf 81' lang='grc' dir='ltr'><strong>ὰντάξιοι</strong></span> <span class='ocrx_word' id='word_1_714' title='bbox 1998 5316 2191 5381; x_wconf 81' lang='grc' dir='ltr'><strong>ἄλλων,</strong></span> 
     </span>
    </p>
   </div>
   <div class='ocr_carea' id='block_1_54' title="bbox 264 5455 3518 5531">
    <p class='ocr_par' dir='ltr' id='par_1_54' title="bbox 264 5455 3518 5531">
     <span class='ocr_line' id='line_1_54' title="bbox 264 5455 3518 5531; baseline -0.003 -17"><span class='ocrx_word' id='word_1_715' title='bbox 264 5460 411 5531; x_wconf 76' lang='lat' dir='ltr'><strong>quis,</strong></span> <span class='ocrx_word' id='word_1_716' title='bbox 440 5460 680 5531; x_wconf 82' lang='lat' dir='ltr'><strong>inquam,</strong></span> <span class='ocrx_word' id='word_1_717' title='bbox 703 5474 804 5516; x_wconf 87' lang='lat' dir='ltr'><strong>eos</strong></span> <span class='ocrx_word' id='word_1_718' title='bbox 830 5458 1032 5530; x_wconf 89' lang='lat' dir='ltr'><strong>absque</strong></span> <span class='ocrx_word' id='word_1_719' title='bbox 1060 5459 1227 5515; x_wconf 90' lang='lat' dir='ltr'><strong>huius</strong></span> <span class='ocrx_word' id='word_1_720' title='bbox 1267 5460 1485 5531; x_wconf 90' lang='lat' dir='ltr'><strong>linguae</strong></span> <span class='ocrx_word' id='word_1_721' title='bbox 1523 5459 1750 5515; x_wconf 90' lang='lat' dir='ltr'><strong>scicntia</strong></span> <span class='ocrx_word' id='word_1_722' title='bbox 1788 5459 2073 5529; x_wconf 89' lang='lat' dir='ltr'><strong>intelliget,</strong></span> <span class='ocrx_word' id='word_1_723' title='bbox 2104 5457 2227 5527; x_wconf 86' lang='lat' dir='ltr'><strong>quis</strong></span> <span class='ocrx_word' id='word_1_724' title='bbox 2255 5456 2536 5521; x_wconf 88' lang='lat' dir='ltr'><strong>enodahit,</strong></span> <span class='ocrx_word' id='word_1_725' title='bbox 2563 5457 2687 5526; x_wconf 91' lang='lat' dir='ltr'><strong>quis</strong></span> <span class='ocrx_word' id='word_1_726' title='bbox 2720 5455 3017 5525; x_wconf 84' lang='lat' dir='ltr'><strong>genuinum</strong></span> <span class='ocrx_word' id='word_1_727' title='bbox 3056 5468 3355 5521; x_wconf 81' lang='lat' dir='ltr'><strong>verumque</strong></span> <span class='ocrx_word' id='word_1_728' title='bbox 3391 5468 3518 5504; x_wconf 79' lang='lat' dir='ltr'><strong>sen-</strong></span> 
     </span>
    </p>
   </div>
   <div class='ocr_carea' id='block_1_55' title="bbox 264 5542 3531 5622">
    <p class='ocr_par' dir='ltr' id='par_1_55' title="bbox 264 5542 3531 5622">
     <span class='ocr_line' id='line_1_55' title="bbox 264 5542 3531 5622; baseline -0.004 -15"><span class='ocrx_word' id='word_1_729' title='bbox 264 5569 385 5607; x_wconf 82' lang='lat' dir='ltr'><strong>sum</strong></span> <span class='ocrx_word' id='word_1_730' title='bbox 407 5569 476 5609; x_wconf 79' lang='lat' dir='ltr'><strong>ex</strong></span> <span class='ocrx_word' id='word_1_731' title='bbox 500 5554 569 5609; x_wconf 89' lang='lat' dir='ltr'><strong>iis</strong></span> <span class='ocrx_word' id='word_1_732' title='bbox 590 5552 788 5609; x_wconf 79' lang='lat' dir='ltr'><strong>eruet?</strong></span> <span class='ocrx_word' id='word_1_733' title='bbox 808 5551 920 5607; x_wconf 84' lang='lat' dir='ltr'><strong>Nec</strong></span> <span class='ocrx_word' id='word_1_734' title='bbox 946 5566 1080 5607; x_wconf 87' lang='lat' dir='ltr'><strong>vero</strong></span> <span class='ocrx_word' id='word_1_735' title='bbox 1103 5551 1237 5607; x_wconf 89' lang='lat' dir='ltr'><strong>iuris</strong></span> <span class='ocrx_word' id='word_1_736' title='bbox 1256 5551 1602 5621; x_wconf 87' lang='lat' dir='ltr'><strong>prudentiam</strong></span> <span class='ocrx_word' id='word_1_737' title='bbox 1627 5566 1851 5622; x_wconf 88' lang='lat' dir='ltr'><strong>graecae</strong></span> <span class='ocrx_word' id='word_1_738' title='bbox 1873 5550 2089 5619; x_wconf 86' lang='lat' dir='ltr'><strong>linguae</strong></span> <span class='ocrx_word' id='word_1_739' title='bbox 2118 5546 2450 5604; x_wconf 88' lang='lat' dir='ltr'><strong>adminiculo</strong></span> <span class='ocrx_word' id='word_1_740' title='bbox 2474 5563 2660 5603; x_wconf 89' lang='lat' dir='ltr'><strong>carere</strong></span> <span class='ocrx_word' id='word_1_741' title='bbox 2686 5562 2865 5617; x_wconf 90' lang='lat' dir='ltr'><strong>posse,</strong></span> <span class='ocrx_word' id='word_1_742' title='bbox 2896 5544 3024 5601; x_wconf 87' lang='lat' dir='ltr'><strong>hinc</strong></span> <span class='ocrx_word' id='word_1_743' title='bbox 3056 5544 3114 5599; x_wconf 87' lang='lat' dir='ltr'><strong>fit</strong></span> <span class='ocrx_word' id='word_1_744' title='bbox 3147 5542 3531 5605; x_wconf 48' lang='lat' dir='ltr'><strong>manifestum,</strong></span> 
     </span>
    </p>
   </div>
   <div class='ocr_carea' id='block_1_56' title="bbox 1718 5691 2034 5767">
    <p class='ocr_par' dir='ltr' id='par_1_56' title="bbox 1718 5691 2034 5767">
     <span class='ocr_line' id='line_1_56' title="bbox 1718 5691 2034 5767; baseline 0.016 -5"><span class='ocrx_word' id='word_1_745' title='bbox 1718 5691 1723 5696; x_wconf 79' lang='grc'><em>“</em></span> <span class='ocrx_word' id='word_1_746' title='bbox 1788 5706 2034 5767; x_wconf 64' lang='lat' dir='ltr'><strong>NOTAE.</strong></span> 
     </span>
    </p>
   </div>
   <div class='ocr_carea' id='block_1_57' title="bbox 336 5827 1223 5905">
    <p class='ocr_par' dir='ltr' id='par_1_57' title="bbox 336 5827 1223 5905">
     <span class='ocr_line' id='line_1_57' title="bbox 336 5827 1223 5905; baseline -0.007 -18"><span class='ocrx_word' id='word_1_747' title='bbox 336 5831 412 5905; x_wconf 82' lang='lat' dir='ltr'><strong>(a)</strong></span> <span class='ocrx_word' id='word_1_748' title='bbox 449 5831 631 5894; x_wconf 58' lang='lat' dir='ltr'><strong>Curia,</strong></span> <span class='ocrx_word' id='word_1_749' title='bbox 664 5827 841 5887; x_wconf 75' lang='lat' dir='ltr'><strong>Palth.</strong></span> <span class='ocrx_word' id='word_1_750' title='bbox 875 5827 1031 5902; x_wconf 76' lang='lat' dir='ltr'><strong>pleni.</strong></span> <span class='ocrx_word' id='word_1_751' title='bbox 1064 5828 1223 5893; x_wconf 65' lang='lat' dir='ltr'><strong>Et)”.</strong></span> 
     </span>
    </p>
   </div>
  </div>
