4016 6472
536 334 643 390 503
1530 335 1924 393 ΖΑΟΙΙΛΒΙΑΕ
1972 334 2122 393 PAL';

2220 336 2342 395 san
2387 335 2774 392 PRAEFA'IIO
3710 346 3806 413 εί),

532 450 676 521 quod
704 451 963 520 epistolae
996 462 1049 505 et
1096 453 1357 521 rescripta
1390 452 1782 522 imperatorum
1827 453 2171 522 aliorumque
2212 454 2709 509 iureconsultorum
2742 469 3003 521 responsa
3032 454 3293 526 pleraque
3330 474 3593 515 sermone
3624 478 3808 532 graeco

532 546 741 615 prolata
776 552 937 614 atque
963 546 1112 600 edita
1138 546 1266 606 sint,
1296 547 1609 616 multaeque
1635 562 1797 601 voces
1826 555 1881 601 et
1914 548 2220 602 sententiae
2246 565 2569 617 graecorum
2598 549 3073 618 philosophorum,
3100 561 3396 619 poetarum
3437 564 3497 609 et
3532 567 3806 621 oratorum

534 651 801 710 tanquam
821 658 1065 709 gemmae
1096 651 1150 695 et
1176 642 1381 695 lumina
1422 644 1690 697 orationis
1727 642 1793 696 ad
1833 658 1921 696 res
1964 643 2363 713 significantius
2392 644 2777 713 exprimendus
2808 644 3044 698 insertae
3071 647 3199 702 sint.
3233 649 3383 716 Quin
3413 652 3586 709 etiam
3613 656 3810 725 aliquot

531 745 659 790 sunt
698 738 846 807 leges
884 746 939 790 ct
973 737 1139 801 tituli,
1176 754 1317 808 quos
1348 748 1491 793 totos
1523 755 1553 793 a
1607 738 1615 809 |
1668 739 1894 794 Graecis
1939 740 2173 794 mutuati
2218 749 2347 795 sunt
2382 740 2763 803 iureconsulti,
2798 740 2867 793 ab
2902 740 3192 795 Aristotele
3226 742 3499 799 nimirum
3539 744 3725 801 titulus
3751 750 3809 802 de

530 830 725 889 usuris,
756 844 787 880 a
823 827 1045 884 Platone
1079 831 1133 899 ﬁ".
1168 831 1231 885 de
1274 835 1521 888 nundinis
1558 834 1595 889 ι.
1622 834 1675 899 2,
1713 834 1792 889 sic
1838 835 2030 890 titulus
2059 836 2120 888 de
2152 837 2330 905 poenis
2374 851 2441 891 ex
2481 836 2717 890 Homero
2758 844 2813 889 et
2848 836 3230 899 Demosthene.
3275 837 3651 908 Summopere
3690 858 3809 912 ergo

528 938 847 989 graecarum
880 924 1161 979 literarum
1193 942 1295 996 ope
1336 929 1542 1001 indiget
1588 931 1768 1001 legum
1799 932 1999 1000 cupida
2032 933 2306 987 iuventus.
2336 931 2527 998 Qand
2566 931 2892 1001 theologiam
2924 947 3077 998 vero,
3107 950 3248 1003 quae
3273 935 3447 989 nobis
3475 949 3808 996 sacrosancta

527 1018 750 1071 oracula
778 1029 939 1088 atque
969 1019 1106 1074 adeo
1130 1022 1321 1075 salutis
1346 1033 1567 1079 nostrae
1589 1042 1857 1080 summam
1883 1027 2069 1091 tradit,
2096 1028 2142 1082 si
2165 1028 2291 1097 quis
2319 1028 2483 1081 huius
2508 1028 2725 1097 linguae
2756 1027 3067 1097 cognitione
3093 1048 3151 1086 se
3173 1046 3371 1086 carere
3400 1047 3567 1101 posse
3596 1047 3807 1099 asserat,

530 1113 576 1166 is
622 1115 755 1168 mihi
793 1133 901 1171 non
938 1119 1168 1175 multum
1211 1120 1480 1176 absimilis
1517 1122 1738 1177 videtur
1764 1140 1884 1178 esse
1914 1125 1988 1189 ei,
2016 1125 2109 1195 qui
2134 1125 2343 1194 absque
2373 1124 2711 1178 nutrimento
2738 1133 2793 1177 et
2822 1123 2945 1177 cibo
2981 1140 3181 1199 corpus
3212 1128 3432 1187 salvum
3460 1136 3520 1181 et
3549 1127 3807 1185 incolume

529 1208 843 1261 conservari
892 1211 1097 1263 statuit.
1148 1210 1340 1267 Nonne
1380 1229 1571 1268 omnes
1612 1216 2021 1285 Evangelistae,
2068 1226 2300 1286 excepto
2342 1232 2455 1270 uno
2502 1216 2804 1276 lllatthaeo,
2856 1231 3038 1271 nonne
3085 1232 3277 1272 mones
3331 1219 3609 1288 epistolae
3647 1219 3806 1285 Pauli,

528 1314 710 1354 nonne
735 1304 1073 1375 apocalypsis
1098 1306 1327 1361 Joannis
1352 1325 1551 1379 graeco
1585 1327 1838 1366 sermone
1866 1313 2170 1382 perscripta
2211 1320 2269 1366 et
2309 1312 2377 1366 ad
2412 1328 2515 1366 nos
2551 1312 2729 1366 delata
2768 1312 2885 1365 est?
2917 1312 3106 1365 Nonne
3144 1310 3406 1374 Basilius,
3436 1326 3625 1366 nonne
3649 1310 3806 1383 Chry-

527 1402 817 1457 sostomus,
847 1411 1027 1451 nonne
1053 1398 1451 1467 Nazianzenus,
1485 1421 1668 1460 nonne
1698 1407 1988 1471 Eusebius,
2022 1424 2205 1462 nonne
2238 1406 2521 1477 Origenes,
2551 1424 2733 1463 nonne
2768 1407 3231 1479 Theophylactus,
3262 1424 3458 1463 nonne
3491 1408 3807 1463 Athanasius

526 1499 688 1556 atque
718 1490 1077 1561 Epiphanius,
1105 1498 1206 1551 viri
1234 1498 1379 1553 vitae
1406 1501 1765 1556 sanctimonia
1797 1512 1960 1572 atque
1985 1503 2299 1557 eruditione
2326 1503 2725 1569 commendati,
2742 1518 2866 1556 cum
2899 1502 3102 1572 quibus
3125 1518 3285 1572 quem
3319 1517 3617 1572 compares
3644 1502 3808 1556 cuius-3

525 1596 743 1651 cunque
782 1588 864 1639 vel
896 1586 1112 1659 linguae
1144 1595 1227 1647 vel
1274 1594 1472 1649 aetatis
1509 1597 1842 1666 theologum,
1876 1614 1984 1652 non
2022 1598 2182 1653 facile
2214 1599 2376 1652 video
2409 1617 2421 1650 :
2451 1614 2654 1660 nonne,
2684 1598 2927 1667 inquam,
2958 1612 3152 1651 omnes
3192 1612 3396 1667 graeco
3432 1612 3690 1651 sermone
3720 1613 3805 1651 sua

524 1686 690 1741 opera
718 1680 1201 1750 Conscripserunt?
1234 1690 1368 1756 Quis
1395 1710 1525 1764 ergo
1551 1711 1619 1750 ex
1644 1695 1750 1749 illis
1774 1696 1935 1751 nobis
1964 1696 2183 1750 futurus
2215 1696 2302 1750 fru
2335 1697 2343 1767 |
2375 1705 2516 1760 etus,
2539 1711 2678 1765 quae
2708 1694 3007 1749 consolatio
3033 1702 3128 1747 aut
3155 1694 3482 1757 oblectatio,
3514 1693 3561 1746 si
3599 1709 3805 1763 graecae

523 1770 741 1841 linguae
766 1779 1007 1833 δῐυάίυιη
1036 1786 1469 1857 negligeremus?
1498 1793 1690 1847 Nullus
1727 1802 1897 1846 certe.
1938 1792 2005 1847 Et
2035 1802 2187 1847 certe
2243 1792 2346 1847 hoc
2383 1800 2563 1862 pacto,
2595 1791 2741 1861 quod
2780 1791 2942 1853 absit,
2975 1790 3167 1844 irritus
3204 1800 3375 1859 atque
3421 1790 3610 1845 inanis
3644 1790 3805 1844 omnis

526 1866 745 1927 illorum
777 1874 932 1928 labor
959 1876 1172 1935 fuisset.
1208 1885 1405 1941 Fateor
1432 1887 1678 1957 quidem,
1710 1904 1777 1941 ex
1807 1889 2017 1943 Latinis
2046 1898 2264 1959 gustum
2310 1889 2605 1944 maximum
2648 1886 2860 1941 hauriri
2902 1895 3067 1956 atque
3108 1887 3319 1957 percipi
3362 1901 3551 1967 posse,
3583 1894 3802 1949 attamen

528 1967 630 2035 hac
657 1968 711 2022 in
739 1981 894 2057 parte
922 1986 1117 2057 poetae
1147 1981 1455 2053 adstipulor
1486 1986 1578 2054 qui
1610 1985 1757 2040 canit
1787 2004 1798 2039 :

1271 2120 1489 2176 Gratius
1520 2138 1582 2176 ea:
1608 2124 1722 2192 ipso
1753 2124 1897 2192 fonte
1922 2122 2170 2175 bibuntur
2200 2136 2393 2190 aquae.

524 2258 671 2312 llaec
694 2276 825 2330 ergo
877 2277 1047 2332 quum
1096 2262 1280 2317 omnia
1324 2261 1417 2325 ita,
1446 2269 1507 2315 ut
1531 2260 1665 2325 dixi,
1700 2261 1779 2314 sic
1814 2274 1873 2313 se
1909 2258 2168 2327 habeant,
2208 2257 2331 2327 quis
2369 2256 2507 2309 adeo
2547 2255 2823 2326 pervicax,
2855 2252 2994 2307 adeo
3050 2248 3365 2304 obstinatae
3414 2242 3642 2305 mentis,
3682 2238 3803 2293 adeo

523 2356 694 2410 durae
740 2360 976 2413 cervicis
1018 2369 1182 2429 atque
1230 2360 1367 2414 adeo
1411 2361 1654 2431 perversi
1698 2358 1888 2413 iudicii
1930 2373 2049 2412 esse
2092 2356 2286 2427 possit,
2315 2356 2406 2425 qui
2455 2363 2662 2409 tantam
2706 2354 2873 2407 huius
2913 2351 3130 2419 linguae
3161 2342 3586 2416 praestantiam,
3614 2346 3799 2431 tantam

522 2450 845 2521 dignitatem
900 2454 1267 2524 dignitatique
1313 2429 1663 2510 coniunctam
1704 2454 2000 2508 utilitatem
2038 2468 2147 2506 non
2186 2460 2464 2523 agnoscat,
2506 2450 2740 2520 agnitam
2787 2447 3093 2517 praedicet,
3132 2452 3298 2509 atque
3340 2436 3550 2492 debilis
3598 2429 3797 2485 laudm“

521 2550 791 2605 encomiis
829 2553 1027 2605 ornet?
1062 2552 1230 2621 Recte
1271 2550 1440 2620 igitur
1481 2561 1646 2620 atque
1684 2549 1890 2620 optime
1930 2547 2154 2603 subtilis
2196 2547 2387 2602 iudicii
2424 2555 2588 2617 atque
2629 2544 2932 2616 profundae
2973 2538 3306 2597 eruditionis
3347 2533 3437 2587 vir
3476 2531 3545 2586 Β.
3581 2527 3637 2591 8,
3669 2524 3798 2583 velut

524 2645 776 2715 παρῳδὸς
804 2646 873 2703 de
905 2648 1006 2704 hac
1036 2648 1220 2718 lingua
1252 2648 1403 2712 canit
1437 2664 1450 2699 :

1271 2766 1531 2838 Γλώσσης
1565 2766 1839 2838 Θησαυρδς
1871 2767 2128 2836 γλῶσσαν
2154 2765 2309 2836 παρὰ
2332 2767 2514 2820 πᾶσαν
2545 2765 2765 2838 ἄριστος

1273 2836 1838 2908 Ἑλλαδιάιῆςίπαάῶν
1866 2838 2105 2909 χαρίτων
2132 2839 2241 2891 πᾶν
2267 2838 2469 2909 μέτρον
2499 2836 2754 2908 ἐχούσης.

524 2968 591 3022 Ει
615 2970 859 3037 quidem,
888 2981 950 3026 ut
981 2974 1215 3043 ingenue
1250 2977 1446 3041 fatear,
1481 2986 1668 3041 tantus
1708 2995 1796 3033 me
1831 2979 1999 3034 huius
2035 2978 2253 3049 linguae
2290 2977 2517 3033 incessit
2539 2991 2716 3040 amor,
2749 2983 2897 3029 tanta
2928 2990 3016 3028 me
3044 2989 3075 3027 a
3106 2972 3316 3028 teneris
3354 2971 3474 3027 fere
3511 2966 3794 3039 unguiculis

521 3058 760 3116 detinuit
788 3064 1082 3134 cupiditas,
1118 3076 1179 3121 ut
1209 3084 1306 3139 per
1336 3077 1509 3137 totum
1534 3079 1804 3124 semestre
1830 3070 2091 3139 spatium,
2123 3070 2329 3124 invidia
2354 3069 2505 3124 dicto
2527 3068 2692 3133 absit,
2728 3068 2737 3135 ι
2770 3067 2866 3123 uni
2896 3066 3134 3120 Homero

1552 3210 1588 3263 Α
1626 3227 1726 3279 quo
1754 3226 1846 3263 ceu
1885 3210 2027 3279 fonte
2056 3211 2276 3278 perenni

1468 3280 1658 3335 Vatum
1682 3281 1872 3334 Pieriis
1909 3297 2006 3345 ora
2036 3283 2281 3349 rigantur
2306 3282 2480 3347 aquis,

521 3408 875 3487 perlegenda,
922 3414 1217 3485 relegendo
1252 3424 1417 3486 atque
1452 3416 1808 3481 revolvendo,
1843 3424 2019 3471 totum
2052 3430 2140 3469 me
2181 3413 2454 3469 dederim.
2506 3412 2654 3469 Idem
2686 3412 2835 3466 enim
2866 3410 3151 3465 accidebat
3196 3410 3357 3474 mihi,
3400 3409 3547 3479 quod
3592 3407 3674 3460 iis.
3713 3399 3792 3471 qui

521 3490 720 3574 exiguo
746 3507 931 3577 aliquo
968 3508 1281 3565 divinorum
1316 3511 1703 3582 mysteriorum
1737 3519 1899 3582 gustu
1931 3517 2214 3581 percepto,
2246 3525 2361 3580 quo
2393 3510 2603 3580 majora
2634 3508 2739 3563 sibi
2768 3507 3002 3561 revelata
3042 3504 3251 3560 fuerint
3282 3504 3484 3577 gaudia
3514 3501 3790 3557 caelorum,

520 3611 588 3652 eo
617 3598 917 3661 ardentiori
941 3601 1215 3659 desiderio
1246 3611 1520 3660 tenentur.
1556 3604 1647 3659 Sic
1673 3620 1774 3675 ego
1797 3620 1907 3674 quo
1940 3603 2133 3673 majori
2157 3602 2371 3657 fervore
2395 3601 2698 3671 scriptores
2717 3616 2944 3671 graecos
2965 3609 3081 3653 tum
3102 3598 3317 3653 solutae
3342 3605 3461 3652 tum
3480 3596 3670 3665 ligatae
3689 3604 3793 3643 ora-

524 3694 688 3750 tionis
716 3698 1059 3763 evolvebam,
1093 3715 1160 3755 eo
1182 3701 1566 3757 vehementius
1583 3709 1770 3759 aestus
1803 3701 1896 3756 ille
1925 3698 2094 3755 animi
2118 3697 2446 3759 inﬂammari
2473 3708 2638 3767 atque
2674 3695 2893 3751 incendi
2917 3694 3117 3764 coepit,
3148 3694 3289 3749 adeo
3309 3702 3373 3748 ut
3406 3708 3494 3746 me
3522 3688 3665 3743 illius
3690 3692 3789 3737 stu-

521 3787 599 3843 dii
640 3789 788 3845 nulla
818 3806 1057 3862 unquam
1086 3794 1342 3865 ἀψικορία
1373 3804 1468 3850 aut
1484 3794 1767 3849 fastidium
1800 3796 2033 3866 ceperit,
2067 3803 2125 3848 et
2148 3810 2259 3863 quo
2290 3792 2469 3863 magis
2517 3792 2817 3855 esurirem,
2862 3804 3144 3858 nunquam
3185 3797 3372 3844 tamen
3404 3787 3575 3841 fames
3601 3781 3686 3834 illa
3714 3790 3790 3828 se-

519 3880 661 3947 dari,
686 3884 894 3952 expleri
917 3894 1012 3940 aut
1033 3887 1337 3955 exsaturati
1367 3889 1626 3958 potuerit.
1667 3890 1958 3959 Quumque
1979 3889 2082 3943 hac
2108 3887 2290 3943 hieme
2312 3903 2343 3941 a
2372 3887 2654 3943 continuis
2676 3883 2983 3946 laboribus,
3005 3882 3209 3951 quibus
3236 3882 3383 3936 ultra
3405 3868 3790 3946 sesquiennillm

521 3976 773 4040 obrutus,
804 3993 912 4031 non
957 3988 1137 4032 tamen
1172 3994 1470 4049 oppressus
1498 3981 1598 4047 fui,
1627 3983 1919 4052 respiratio
1950 3981 2145 4051 exigua
2180 3981 2601 4046 concederetur,
2629 3976 2797 4032 incidi
2836 3975 2977 4031 forte
3017 3977 3236 4033 fortuna
3268 3975 3327 4029 in
3366 3981 3613 4028 sanctum
3649 3972 3788 4029 atque

520 4068 770 4131 divinum
801 4070 973 4125 sancti
1002 4073 1177 4140 patris
1209 4074 1427 4129 Macarii
1458 4092 1618 4145 opus,
1645 4075 2018 4145 sanctissimas
2056 4076 2319 4130 nimirum
2348 4084 2515 4144 atque
2535 4086 2747 4126 summa
2777 4069 2979 4140 pietate
3014 4069 3243 4123 refertas
3268 4066 3556 4125 Homilias,
3581 4065 3787 4129 quarum

521 4160 685 4215 lectio
714 4178 800 4217 me
830 4163 969 4217 adeo
994 4164 1310 4231 oblectavit,
1347 4168 1618 4222 recreavit
1649 4176 1705 4221 et
1735 4167 1994 4231 detinuit,
2036 4176 2117 4230 ut,
2140 4168 2461 4237 priusquam
2499 4162 2678 4234 spatio
2735 4163 2901 4217 trium
2952 4161 3169 4215 dierum
3214 4156 3421 4212 librum
3467 4152 3782 4211 evolvissem.

522 4253 798 4319 perversis
834 4254 975 4317 meis
998 4254 1117 4324 cogi
1151 4255 1159 4325 Ι
1193 4256 1495 4311 tationibus
1510 4256 1736 4318 omnino
1762 4272 1983 4327 gravem
2008 4268 2065 4312 et
2097 4258 2392 4316 molestum
2424 4272 2511 4311 me
2532 4254 2901 4309 exhibuerim.
2928 4253 3102 4307 Tanta
3133 4250 3281 4305 enim
3311 4248 3574 4318 religione
3602 4245 3787 4297 scatent

525 4343 627 4398 hae
650 4346 907 4402 homiliae
938 4356 1103 4418 atque
1135 4365 1439 4415 sermones,
1470 4360 1530 4405 ut
1556 4352 1639 4405 vel
1667 4351 1722 4404 in
1761 4366 1934 4421 agone
1975 4350 2169 4405 mortis
2208 4350 2569 4405 constitutum
2606 4348 2661 4401 in
2695 4348 2864 4401 vitam
2890 4345 3175 4405 reducere,
3224 4354 3390 4412 atque
3442 4330 3787 4393 consolatione

521 4437 613 4507 pia
648 4448 864 4507 praesto
897 4456 1018 4505 esse
1051 4452 1272 4511 queant.
1308 4442 1534 4506 Summa
1558 4460 1689 4515 ergo
1710 4445 1979 4501 suavitate
2005 4444 2173 4498 huius
2191 4443 2522 4498 saeerrimae
2542 4440 2798 4495 lectionis
2822 4440 3040 4503 illectus
3062 4445 3227 4506 atque
3254 4434 3561 4491 devinctus,
3594 4421 3786 4481 tandem

523 4532 818 4604 insignium
850 4536 1059 4611 aliquot
1094 4545 1150 4591 et
1173 4539 1590 4609 praecipuarum
1621 4540 1971 4595 homiliarum
2017 4540 2327 4594 versionem
2373 4536 2662 4607 aggredior
2705 4534 2963 4597 latinam;
3004 4546 3114 4585 non
3158 4538 3339 4583 tamen
3380 4541 3449 4580 eo
3480 4520 3673 4611 animo,
3716 4517 3784 4570 υίν

522 4644 658 4698 quas
689 4628 856 4684 latina
886 4637 1036 4683 veste
1067 4646 1412 4696 exornaram,
1436 4633 1591 4687 alteri
1619 4648 1837 4689 mecum
1873 4643 2058 4688 essent
2101 4647 2444 4695 communes,
2486 4630 2585 4685 sed
2614 4637 2676 4682 ut
2701 4627 2885 4681 aridos
2915 4622 3120 4694 ingenii
3150 4622 3259 4676 mei
3292 4618 3498 4674 rivulos
3513 4610 3781 4706 irrigare!"

523 4730 687 4794 atque
714 4722 951 4779 incultos
973 4726 1269 4785 memoriae
1292 4726 1495 4796 agellos
1515 4726 1843 4781 excolerem.
1866 4725 2014 4792 Quas
2032 4724 2301 4779 latinitate
2325 4723 2554 4777 donatas
2574 4734 2745 4790 quum
2772 4719 2914 4788 apud
2934 4733 3021 4771 me
3043 4714 3455 4783 conspexissent
3474 4703 3573 4759 viri
3588 4695 3783 4796 quitiam

522 4833 632 4873 non
650 4818 871 4872 infimae
890 4817 1312 4875 existimationis
1330 4816 1749 4881 eruditionisve,
1774 4817 1851 4878 illi
1870 4826 2108 4886 coeptun

2194 4830 2370 4886 rgere,
2394 4814 2598 4869 instare
2624 4828 2688 4866 ac
2701 4811 2905 4873 dicere,
2927 4824 3035 4873 me,
3057 4808 3123 4871 si,
3142 4821 3308 4877 quam
3327 4800 3618 4870 coepissem
3641 4786 3780 4892 te‘llal-i:

522 4919 835 4982 pertexere,
854 4912 922 4985 ad
952 4910 1116 4966 linem
1143 4910 1528 4980 perducerem,
1557 4918 1675 4963 tum
1702 4907 1935 4977 cupidae
1956 4875 2278 4977 graecorum
2306 4906 2595 4960 literarum
2613 4901 2910 4971 iuventuti,
2940 4908 3057 4953 tum
3086 4896 3289 4952 ceteris
3311 4889 3582 4985 omnibus}

524 4986 739 5070 animae
766 4982 915 5063 salus
941 5025 1000 5063 re
1026 5022 1156 5063 vera
1181 5023 1347 5079 curae
1374 5015 1477 5070 est,
1509 5021 1625 5060 rem
1653 5020 1767 5059 non
1792 5004 2020 5067 omnino
2044 5003 2313 5073 ingratam
2338 5001 2759 5074 praestiturum.
2777 4994 3023 5063 Quorum
3059 4989 3283 5057 tandem
3302 4980 3510 5040 ardenti
3535 4968 3780 5079 (ξθξιάξξξῗ

523 5112 581 5158 et
600 5103 890 5164 voluntati,
914 5102 1059 5171 quod
1083 5076 1321 5169 aequum
1345 5109 1483 5163 erat,
1512 5097 1827 5153 satisfacere
1850 5070 2287 5165 cupiens,-opus,
2312 5070 2458 5163 quod
2484 5106 2669 5167 Spero,
2694 5104 2808 5143 non
2834 5084 3032 5140 inutile
3056 5082 3113 5136 in
3139 5095 3336 5140 manus
3361 5070 3587 5175 sumini:

524 5204 789 5265 quantum
813 5161 1017 5249 labe-ris
1041 5161 1318 5263 posuerim
1342 5200 1437 5248 aut
1473 5161 1573 5246 Vsus
1604 5191 1614 5262 |
1647 5161 1940 5256 tinuerim,
1957 5199 2126 5255 testes
2146 5161 2319 5242 erunt
2337 5161 2413 5250 Vii,
2436 5161 2531 5255 qui
2557 5199 2697 5254 quos
2731 5184 2850 5238 dies
2885 5189 3184 5247 noctesque
3222 5175 3280 5229 in
3310 5161 3662 5265 typosfal’l‘“?
3689 5162 3752 5265 IL“:

525 5244 656 5343 stris
685 5287 902 5341 labores
927 5244 1202 5357 impendo,
1230 5294 1461 5342 norunt.
1486 5285 1559 5340 Ut
1576 5244 1723 5339 enim
1742 5284 1918 5339 factae
1939 5282 2292 5353 promissioni
2315 5290 2479 5349 atque
2509 5279 2665 5349 prelo
2686 5276 3079 5335 satisfacerem,
3106 5279 3402 5357 nocturnas
3425 5254 3669 5357 quasdaln

525 5335 654 5343 -----
686 5335 896 5341 ---ν---
928 5335 1202 5357 --τη--εν,
1232 5335 1322 5342 --η-
1345 5335 1460 5341 μ--η
1496 5335 1558 5340 τ-
1583 5335 1912 5339 "mm—nm
1941 5335 1994 5353 τ-
2212 5335 2250 5337 η
2321 5335 2329 5345 ῖ
2391 5335 2405 5349 .
2514 5335 2529 5349 .
3436 5354 3447 5364 ,
3704 5335 3713 5342 .

522 5398 612 5441 ras
645 5379 906 5433 suii‘urari
933 5394 1157 5433 necesse
1183 5377 1305 5441 fuit,
1334 5392 1567 5447 quarum
1595 5386 1777 5435 tamen
1800 5375 2081 5443 molestias
2114 5382 2171 5427 et
2196 5372 2569 5442 asperitatem,
2601 5378 2662 5422 ut
2688 5384 2797 5420 non
2836 5362 3318 5435 persentiscerem,
3347 5356 3472 5423 vicit
3508 5355 3649 5401 amor
3683 5335 3773 5447 ξιξ

523 5490 683 5542 gnae,
704 5472 983 5543 superavit
1008 5471 1122 5540 ipsa
1144 5471 1327 5541 aperis
1352 5471 1679 5533 amoenitas,
1704 5471 1907 5525 levavit
1929 5467 2371 5523 consolationum
2399 5466 2578 5535 00pia,
2603 5462 2802 5517 molliit
2824 5457 3082 5515 caelestis
3107 5455 3292 5521 animo
3309 5449 3516 5543 depicta
3546 5440 3771 5543 ifilli—":5:

524 5565 662 5619 adeo
716 5574 795 5628 ut,
826 5564 1043 5634 Sisyphi
1070 5580 1259 5617 saxum
1286 5564 1417 5617 dum
1444 5565 1744 5627 volvercm,
1769 5562 1821 5616 id
1852 5578 1882 5616 a
1910 5578 1998 5616 me
2031 5561 2174 5616 volvi
2203 5560 2429 5614 minime
2449 5558 2734 5613 sentirem.
2758 5554 3027 5621 Quoniam
3056 5564 3211 5613 vero,
3253 5557 3315 5601 ut
3343 5542 3461 5611 fieri
3488 5535 3633 5634 solet.

527 5660 813 5713 defuturos
842 5659 1143 5727 iniquiores
1174 5658 1389 5727 aliquos
1423 5674 1681 5713 censores
1706 5666 1762 5712 et
1787 5658 2124 5712 aristarchos
2154 5656 2406 5718 verebar,
2433 5654 2526 5724 qui
2562 5651 2747 5705 minus
2786 5650 3033 5704 laborem
3082 5646 3232 5699 hunc
3268 5655 3444 5697 meum
3488 5622 3767 5732 probaritl‘li'

528 5767 727 5820 Operae
753 5752 988 5822 pretium
1009 5768 1126 5808 esse
1149 5768 1269 5808 sum
1296 5763 1466 5815 ratus,
1498 5753 1539 5807 si
1567 5768 1726 5821 quem
1760 5760 2055 5823 patronum
2077 5749 2231 5821 operi
2260 5748 2389 5802 huic
2422 5761 2768 5818 quaererem,
2793 5744 2885 5815 qui
2922 5742 3101 5825 ipsum
3126 5752 3185 5795 et
3218 5734 3517 5795 eruditione
3543 5732 3628 5781 sua
3656 5723 3765 5789 Pw“
