4016 6454
280 373 403 429 305
1234 384 1323 438 AD
1360 380 1735 439 EDITIONEM
1773 380 1938 438 HOM.
1981 382 2039 438 S.
2080 380 2365 437 MACARII
2406 380 2744 437 AEGYPTII.
3489 381 3617 438 ’506-

300 492 443 547 bare
476 500 539 549 et
569 505 783 551 contra
837 497 996 563 alios,
1046 514 1147 569 pro
1197 514 1256 552 re
1301 504 1450 562 nata,
1505 507 1794 569 protegere
1839 506 2044 568 posset.
2089 496 2228 550 Eum
2273 506 2457 551 autem
2496 494 2641 566 quod
2692 497 2789 561 Te,
2839 496 3095 552 Suicarde
3138 497 3220 569 (a)
3256 496 3594 560 nobilissime,

312 599 448 659 prae
466 587 679 642 ceteris
696 589 1012 660 selegerim,
1033 590 1218 659 plures
1242 588 1399 645 reddi
1440 598 1669 659 possunt
1688 603 1909 643 causae.
1937 586 2076 642 Cum
2109 587 2314 641 etenim
2344 587 2427 640 Tu
2450 604 2593 641 unus
2615 587 2712 651 sis,
2739 602 2902 656 quem
2922 587 3026 641 hac
3042 596 3219 642 aetate
3238 596 3352 641 tum
3374 595 3597 655 propter

317 681 555 737 eximias
577 684 757 739 animi
782 685 962 748 dotes,
988 694 1102 740 tum
1128 693 1351 759 propter
1373 684 1655 757 praeclara
1674 682 1895 737 virtutis
1926 692 2268 745 ornamenta,
2297 696 2437 750 quae
2457 681 2525 736 ad
2549 681 2829 735 hominem
2852 681 3159 735 ornandum
3193 681 3469 735 cumulate
3500 696 3598 731 va-

325 774 444 830 lere
480 787 740 845 possunt,
776 778 899 833 iure
922 779 1117 834 merito
1142 778 1469 848 suspiciunt,
1493 779 1836 833 admirantur
1858 792 1923 832 ac
1944 786 2280 832 venerantur
2301 792 2513 841 omnes,
2542 775 2630 830 cui
2657 776 2843 846 potius
2870 791 3034 846 quam
3067 776 3077 847 ι
3109 776 3171 831 Τ.
3198 777 3264 832 R.
3288 778 3352 830 D.
3381 775 3613 837 excelso.

327 877 495 935 atque
516 867 868 923 nobilissimo
901 869 1111 923 nomini
1137 876 1351 924 sanctas
1371 868 1543 922 sancti
1575 868 1796 924 Macarii
1820 867 2083 925 Homilias
2116 866 2456 937 insignirem,
2490 867 2797 922 dedicarem
2822 876 2985 937 atque
3008 883 3410 922 consecrarem.
3455 866 3597 933 Quid

334 960 483 1013 enim
513 958 581 1011 de
598 959 708 1014 alta
731 968 791 1014 et
814 960 1038 1030 antiqua
1066 961 1364 1019 stemmatis
1389 962 1492 1017 Tui
1518 961 1778 1033 progenie
1798 970 1855 1015 et
1876 960 2102 1025 familia,
2129 976 2268 1029 quae
2288 960 2475 1014 multis
2499 960 2701 1016 abhinc
2733 961 2970 1017 saeculis
3011 976 3225 1017 summa
3261 977 3478 1031 semper
3512 960 3597 1013 vi-

342 1051 455 1121 guit
482 1052 667 1118 laude,
693 1052 855 1124 plura
884 1053 1096 1113 dicam?

1714 1141 1897 1195 Fortes
1920 1152 2169 1195 creantur
2194 1142 2431 1212 fortibus,

1569 1212 1664 1285 Est
1687 1214 1741 1266 in
1763 1214 2016 1285 iuvencis,
2052 1222 2128 1285 est
2152 1214 2380 1285 in‘equis
2408 1221 2622 1285 patrum

1567 1283 1760 1347 Virtus,
1791 1300 1883 1336 nec
1908 1282 2171 1336 imbellem
2196 1282 2388 1351 feroces

1559 1353 1927 1424 Progeuerant
1954 1352 2167 1423 aquilae
2189 1352 2507 1408 columbum.

326 1469 635 1526 Testantur
659 1473 762 1527 hoc
789 1472 905 1543 ipsa
938 1471 1292 1528 historiarum
1320 1481 1675 1528 monumenta
1704 1486 1802 1541 per
1833 1478 2001 1526 totam
2025 1469 2375 1526 Germaniam
2400 1478 2565 1539 atque
2595 1470 2732 1526 adeo
2772 1479 2947 1526 totum
2983 1469 3100 1525 fere
3138 1466 3350 1532 orbem,
3395 1465 3598 1535 quibus

320 1565 513 1618 virtus
539 1566 727 1619 Vestra
754 1566 1041 1630 illustrata,
1072 1566 1253 1637 ignota
1276 1565 1482 1619 diutius
1503 1579 1622 1618 esse
1644 1562 1853 1632 nequit.
1881 1562 2058 1617 Taceo
2081 1562 2445 1631 Imperatores
2470 1571 2527 1617 et
2559 1562 2861 1632 Principes,
2892 1572 2949 1617 et
2970 1578 3082 1616 non
3105 1560 3435 1616 domesticos
3472 1568 3596 1613 tan-

323 1668 475 1723 tum,
504 1658 601 1713 sed
629 1666 885 1712 externos
919 1657 1108 1722 etiam,
1130 1657 1332 1727 quibus
1357 1656 1647 1727 prudentia
1672 1654 2134 1724 Cronbergiorum
2159 1654 2214 1707 in
2236 1654 2503 1718 consiliis,
2529 1653 2794 1709 fortitudo
2834 1654 2890 1708 in
2932 1654 3098 1709 rebus
3132 1654 3366 1716 bellicis,
3389 1659 3447 1706 et
3471 1653 3595 1705 usui

317 1760 391 1806 et
415 1765 663 1804 summae
684 1765 900 1818 semper
919 1749 1265 1804 admirationi
1284 1748 1405 1805 fuit.
1433 1747 1575 1815 Quid
1600 1747 1668 1802 de
1688 1746 1980 1802 Guilielmo
2005 1745 2364 1817 Cronbergio,
2387 1746 2572 1817 equite
2599 1755 2791 1801 aurato
2820 1745 3018 1811 dicam,
3058 1746 3216 1800 cuius
3239 1755 3296 1800 et
3334 1745 3511 1798 virtus
3541 1754 3598 1797 et

320 1841 624 1904 fortitudo,
650 1857 817 1911 quum
845 1842 991 1897 ludis
1012 1842 1362 1911 equestribus
1380 1844 1658 1913 Augustae
1680 1840 2037 1895 Trevirorum
2058 1856 2088 1895 a
2108 1840 2359 1895 Conrado
2372 1840 2417 1895 Il
2433 1840 2763 1909 imperatore
2784 1850 2841 1894 et
2870 1840 3130 1894 Franciae
3151 1838 3441 1894 Orientalis
3457 1837 3597 1891 duce

320 1934 603 1990 institutis
627 1949 722 1987 rex
774 1934 1181 2003 praeficeretur,
1225 1945 1391 2005 atque
1426 1935 1777 2004 amplissimis
1799 1935 2064 1989 victoriae
2109 1933 2385 2004 βραϐείοις
2423 1942 2657 1988 onustus
2697 1934 2767 1988 do
2800 1933 2807 2003 |
2840 1948 2989 1987 mum
3046 1943 3436 1997 reverteretur,
3472 1941 3597 1985 ante

318 2026 507 2079 multa
532 2027 748 2080 saecula
773 2026 1036 2081 emicuit?
1062 2026 1203 2093 Quid
1230 2027 1300 2082 de
1342 2027 1617 2082 Eberwini
1675 2028 1918 2098 episcopi
1938 2026 2355 2083 Wormatiensis
2379 2026 2448 2082 ab
2482 2026 2705 2081 heroico
2729 2035 2912 2081 vestro
2940 2035 3226 2081 stemmate
3247 2026 3354 2081 orti
3375 2025 3596 2095 pietate,

316 2116 480 2171 vitae
505 2116 818 2187 integritate
840 2127 1007 2188 atque
1033 2120 1325 2175 sanctitate
1345 2119 1545 2184 dicam,
1571 2121 1666 2190 qui
1699 2122 1852 2175 velut
1877 2121 2020 2176 inter
2042 2129 2228 2175 cetera
2247 2129 2394 2175 astra
2422 2134 2654 2175 aurorae
2684 2118 2837 2173 sidus
2871 2120 3173 2174 elueescit?
3208 2118 3349 2185 Quid
3374 2120 3441 2175 de
3466 2120 3598 2174 Phi-

318 2207 463 2277 lippi
493 2208 813 2281 Cronbergii
835 2210 1158 2267 fortitudine
1182 2222 1347 2281 atque
1374 2212 1603 2267 infracto
1624 2213 1829 2278 animo,
1858 2229 2021 2283 quem
2051 2214 2349 2284 imperator
2375 2210 2607 2266 Carolus
2626 2212 2793 2267 huius
2823 2213 3063 2268 nominis
3092 2215 3157 2277 V,
3176 2213 3522 2284 exigentibus
3543 2214 3599 2268 id

324 2304 449 2365 eius
467 2304 681 2359 meritis
700 2314 863 2374 atque
876 2306 1043 2360 animi
1065 2306 1295 2362 dotibus
1310 2307 2161 2377 praestantissimis,militaribus
2177 2307 2349 2378 copiis
2372 2306 2807 2376 praefecitatque
2824 2307 3146 2376 primarium
3170 2307 3451 2362 ductorem
3470 2325 3600 2363 con—

330 2394 543 2449 stituit?
567 2394 708 2461 Quid
732 2397 798 2451 de
825 2398 1162 2467 reliquorum
1188 2414 1398 2454 summa
1415 2401 1727 2470 cognitione
1753 2409 1811 2455 et
1832 2401 2060 2456 scientia
2086 2399 2465 2468 bonarumque
2496 2397 2785 2452 literarum
2814 2397 3125 2453 eruditione
3147 2397 3599 2467 dicam,’quorum

328 2489 574 2543 omnium
596 2491 768 2560 gloria
822 2502 880 2548 et
901 2494 1115 2549 aeterni
1162 2495 1404 2550 nominis
1425 2496 1567 2550 fama
1585 2496 1641 2549 in
1665 2497 1881 2551 excelso
1902 2498 2077 2568 posita
2102 2508 2188 2551 est
2216 2494 2489 2550 Ioco?Cui
2518 2508 2629 2548 non
2653 2495 2869 2566 cognita
2896 2504 3058 2564 atque
3081 2503 3362 2564 perspecta
3388 2508 3599 2547 summa

324 2580 493 2636 animi
537 2584 875 2655 magnitudo,
899 2587 1212 2657 prudentia,
1248 2588 1459 2659 religio,
1488 2590 1665 2659 pietas
1694 2599 1751 2645 et
1776 2591 2086 2645 humanitas
2126 2588 2570 2645 reverendissimi
2615 2596 2780 2657 atque
2826 2586 3184 2641 illustrissimi
3234 2584 3502 2654 Principis
3535 2599 3600 2636 ac

319 2670 545 2725 Domini
578 2673 641 2727 D.
668 2675 937 2731 Waltheri
965 2676 1309 2748 Cronbergii,
1344 2679 1515 2734 totius
1550 2679 1771 2735 Ordinis
1813 2679 2100 2736 Teutonici
2136 2697 2236 2752 per
2277 2680 2488 2735 Italiam
2538 2689 2597 2735 et
2630 2678 2978 2735 Germaniam
3024 2678 3264 2750 Magistri
3313 2678 3600 2748 supremi?

314 2756 499 2817 Cuius
532 2763 613 2818 rei
658 2766 966 2823 testimonia
991 2782 1023 2822 e
1060 2768 1423 2839 scriptoribus
1481 2770 1819 2841 dignissimis
1845 2771 2146 2826 durissima
2173 2781 2338 2841 atque
2375 2769 2786 2825 evidentissima
2811 2770 2922 2840 peti
2953 2779 3195 2839 possent,
3222 2770 3267 2824 si
3296 2785 3384 2823 res
3405 2778 3596 2838 postu-

313 2848 485 2910 laret.
514 2856 714 2912 Verum
736 2873 805 2914 ne
827 2869 1052 2915 externa
1078 2861 1335 2931 prosequi
1366 2859 1577 2926 videar,
1597 2860 1966 2916 Hartmannus
2007 2877 2038 2916 a
2061 2860 2206 2916 Cron
2238 2860 2246 2931 |
2280 2860 2433 2930 berg,
2461 2859 2645 2913 senior
2665 2873 2797 2913 suae
2819 2859 3014 2913 aetatis
3032 2859 3092 2912 P.
3112 2858 3204 2921 M.,
3225 2857 3599 2913 nobilissimus

315 2950 419 3011 ille
447 2959 574 3005 tuus
604 2969 819 3022 parens,
844 2957 1084 3025 quantis,
1106 2972 1330 3027 quaeso,
1349 2956 1670 3020 virtutibus,
1707 2964 1914 3025 quanta
1937 2957 2105 3011 animi
2130 2956 2459 3020 constantia,
2488 2953 2697 3009 iustitia
2720 2962 2884 3024 atque
2907 2953 3105 3008 ceteris
3136 2954 3400 3008 virtutum
3431 2970 3597 3007 orna-

316 3042 530 3097 mentis
554 3043 809 3098 emicuit?
832 3044 1023 3100 Tantis
1044 3045 1289 3115 quidem,
1316 3055 1377 3100 ut
1400 3045 1467 3099 ad
1493 3061 1761 3100 summam
1787 3048 1940 3101 illum
1961 3047 2282 3117 dignitatem
2306 3060 2659 3116 summosque
2682 3046 2920 3100 honores
2942 3046 3242 3108 evexerint,
3269 3055 3431 3115 atque
3454 3049 3598 3115 apud

316 3133 859 3189 Reverendissimum
882 3136 1318 3191 Illustrissimum
1342 3137 1651 3207 Principem
1682 3138 1994 3193 Electorem
2027 3138 2403 3209 Moguntinum
2443 3147 2649 3192 tantam
2691 3136 2854 3192 fidem
2897 3146 3061 3206 atque
3105 3138 3481 3191 auctoritatem
3521 3138 3599 3193 illi

312 3230 686 3293 coneiliarint,
715 3237 773 3283 ut
796 3232 933 3285 nihil
962 3231 1143 3299 ardui,
1176 3232 1442 3302 nihilque,
1469 3232 1615 3302 quod
1643 3234 1874 3288 alicuius
1941 3234 2203 3289 momenti
2226 3234 2312 3289 vel
2337 3233 2600 3304 ponderis
2619 3242 2784 3297 esset,
2810 3232 3101 3297 incideret,
3132 3233 3187 3286 in
3214 3234 3371 3287 cuius
3395 3233 3602 3287 delibe-

314 3325 595 3380 rationem
619 3341 681 3381 ac
702 3326 1077 3382 diﬂinitionem
1102 3343 1212 3382 non
1236 3314 1401 3383 fuerit
1423 3329 1721 3391 adhibitus,
1772 3329 1883 3383 imo
1916 3330 2217 3399 praecipuo
2246 3330 2370 3383 loco
2396 3328 2656 3383 habitus?
2682 3327 2825 3394 Quid
2852 3343 2982 3383 vero
3014 3326 3212 3383 fratres
3255 3327 3422 3393 Tuos,
3449 3327 3601 3381 viros

313 3420 695 3476 nobilissimos
739 3437 1058 3488 memorem,
1085 3439 1321 3492 quorum
1374 3424 1576 3495 singuli
1604 3424 1661 3477 in
1685 3424 2050 3479 Illustrissimi
2101 3424 2375 3494 Principis
2422 3422 2694 3479 Electoris
2739 3421 3040 3493 Moguntini
3111 3422 3399 3476 consilium
3444 3420 3599 3475 asciti

318 3516 493 3573 tantis
514 3517 682 3571 animi
711 3518 934 3573 dotibus
958 3520 1136 3574 ornati
1164 3529 1310 3583 sunt,
1339 3530 1401 3575 ut
1423 3536 1493 3575 ex
1520 3537 1603 3585 re,
1633 3536 1700 3574 ex
1732 3521 2075 3590 tempore,de
2101 3521 2347 3591 qualibet
2374 3537 2435 3576 re
2450 3520 2518 3575 ad
2534 3520 2816 3591 negotium
2841 3536 3063 3590 quoquo
3086 3520 3247 3574 modo
3263 3519 3596 3588 pertinente,

318 3614 457 3683 quid
487 3614 627 3668 facto
650 3630 788 3683 opus
810 3615 901 3679 sit,
928 3614 1257 3680 deliberare,
1285 3624 1401 3670 tum
1429 3615 1712 3670 commode
1736 3631 1957 3685 quoque
1980 3615 2049 3670 de
2069 3616 2176 3679 his,
2195 3631 2336 3685 quae
2357 3615 2808 3679 deliberaverint,
2837 3615 3044 3677 dicere,
3072 3614 3488 3683 eaque,quoties
3511 3630 3599 3667 res

324 3704 592 3773 exegerit,
628 3704 903 3761 conficere
926 3707 1156 3776 possint.
1191 3706 1341 3773 Quae
1370 3723 1460 3762 res
1492 3708 1694 3772 effecit,
1729 3718 1791 3763 ut
1814 3707 1880 3761 ad
1914 3707 2278 3777 amplissimas
2303 3715 2466 3776 atque
2491 3705 3074 3763 honorificentissimas
3102 3705 3213 3759 sint
3238 3704 3473 3773 promoti
3510 3704 3598 3758 di-

332 3797 577 3867 gnitates,
601 3798 801 3867 quibus
826 3815 950 3854 cum
976 3800 1140 3855 laude
1176 3810 1457 3871 praesunt.
1487 3802 1666 3857 Taceo
1691 3802 1782 3857 hic
1808 3801 2069 3871 reliquos,
2096 3815 2237 3871 quos
2277 3810 2372 3854 aut
2412 3801 2652 3871 Burggra
2681 3798 2701 3870 ι
2725 3799 2904 3855 viatus
2944 3807 3040 3854 aut
3080 3796 3454 3866 praefecturae
3478 3812 3597 3849 am-

331 3886 567 3961 plissima
599 3888 861 3960 dignitate
883 3900 1136 3962 suscepto
1160 3892 1368 3947 balthei
1402 3892 1659 3946 militaris
1688 3891 1895 3946 decore
1921 3901 2214 3947 exornatas
2258 3901 2407 3946 totus
2438 3891 2669 3967 suspicit
2698 3891 2871 3954 orbis,
2900 3898 3013 3951 tota
3038 3897 3335 3944 veneratur
3368 3902 3433 3949 ac
3466 3886 3598 3942 colit

324 3984 634 4041 Germania.
673 3987 753 4041 De
782 3986 858 4041 Te
878 4002 1031 4052 vero,
1059 3986 1358 4042 reverende
1390 4001 1453 4041 ac
1475 3986 1807 4057 amplissime
1847 3985 2150 4051 Swicarde,
2191 3986 2336 4040 avita
2374 3984 2618 4039 Tuorum
2646 3984 2911 4054 religione
2934 3995 2990 4041 et
3012 3985 3298 4045 nobilitate
3332 3982 3595 4047 laudatis-

321 4083 466 4138 simo
488 4083 620 4153 quid
646 4083 859 4138 dicam?
876 4083 978 4139 Cui
1004 4100 1115 4138 non
1139 4094 1270 4139 sunt
1295 4084 1544 4155 cognitae
1568 4098 1633 4138 ac
1671 4093 1991 4153 perspectae
2016 4083 2308 4152 plurimae,
2334 4097 2477 4152 quae
2502 4082 2558 4135 in
2580 4082 2658 4137 Te
2679 4082 2921 4145 elucent,
2954 4082 3225 4135 virtutes?
3254 4080 3456 4142 Pietas,
3489 4078 3596 4131 hu-

322 4177 547 4241 militas,
575 4177 821 4241 comitas,
848 4176 1181 4241 humanitas,
1213 4176 1631 4246 aequanimitas,
1668 4191 1853 4231 rerum
1888 4175 2249 4245 experientia,
2278 4175 2589 4246 linguarum
2620 4174 2839 4243 peritia,
2869 4172 3119 4235 laborum
3142 4182 3199 4228 et
3218 4170 3595 4229 molestiarum

324 4265 637 4329 tolerantia,
663 4274 720 4320 et
747 4282 875 4335 erga
898 4282 1091 4322 omnes
1112 4267 1199 4321 vel
1220 4265 1440 4320 infimae
1466 4267 1631 4321 sortis
1657 4265 1987 4321 homineset
2008 4275 2233 4337 egentes
2261 4280 2477 4319 summa
2506 4264 2812 4336 benignitas
2838 4270 2895 4321 et
2925 4278 3196 4334 propensa
3219 4256 3595 4325 benefaciendi

323 4362 597 4425 voluntas,
616 4369 764 4417 totus
791 4363 1056 4417 virtutum
1079 4363 1231 4418 orbis
1249 4363 1326 4418 Te
1352 4373 1527 4419 totum
1549 4364 1701 4420 velut
1728 4363 2021 4434 margarita
2058 4364 2333 4433 quaedam
2358 4362 2601 4432 pretiosa
2630 4360 3108 4424 circumvestiunt,
3140 4359 3219 4414 Te
3266 4368 3443 4417 totum
3483 4357 3591 4413 sibi

325 4457 608 4513 vindicant
646 4468 930 4528 totumque
962 4458 1030 4513 ad
1056 4474 1182 4513 suas
1207 4468 1391 4529 partes
1412 4460 1759 4529 pertrahunt.
1788 4459 1895 4515 Sed
1918 4459 2048 4513 nolo
2065 4459 2123 4512 in
2151 4458 2283 4512 Tuis
2314 4457 2571 4512 laudibus
2598 4455 2973 4519 recensendis,
3000 4469 3142 4524 quae
3164 4451 3598 4519 innumerabiles

325 4560 475 4614 sunt,
500 4550 707 4605 diutius
745 4550 1048 4614 immorari,
1079 4566 1149 4605 ne
1175 4550 1320 4605 Tuas
1347 4550 1581 4605 virtutes
1604 4550 1875 4621 plurimas
1898 4550 2052 4604 tenui
2078 4549 2326 4603 oratione
2366 4563 2488 4601 mea
2521 4548 2711 4601 videar
2732 4546 3060 4603 imminuere
3088 4564 3101 4600 :
3143 4560 3455 4615 quanquam
3492 4560 3595 4613 pro

326 4638 445 4692 Tua
476 4637 742 4694 modestia
767 4637 1006 4709 graviter
1028 4636 1192 4701 feras,
1224 4652 1319 4693 eas
1344 4654 1375 4692 a
1398 4653 1673 4707 quoquam
1706 4637 2033 4708 praedicari.
2054 4636 2195 4691 Illud
2218 4636 2525 4693 certissime
2559 4644 2794 4699 constat,
2821 4634 2969 4705 quod
3003 4635 3382 4698 demonstrare
3420 4635 3591 4696 volui,

328 4729 404 4782 Te
424 4743 595 4782 unum
622 4743 764 4793 esse,
791 4744 954 4798 quem
980 4728 1265 4784 literarum
1296 4729 1527 4784 scientia
1562 4730 1785 4799 expoliti
1832 4729 2115 4784 literarum
2143 4739 2200 4785 et
2229 4729 2238 4797 |
2270 4730 2541 4785 virtutum
2582 4729 2881 4786 antistitem
2909 4729 3150 4794 habeant
3174 4740 3231 4791 et
3269 4729 3590 4792 observent,

329 4838 791 4892 communemque
829 4821 1175 4878 defensorem
1203 4838 1268 4877 ac
1294 4830 1586 4892 patronum
1607 4822 1711 4877 sibi
1737 4821 1981 4892 diligant.
2012 4820 2132 4888 Quo
2160 4822 2384 4877 nomine
2410 4822 2513 4875 etsi
2542 4836 2642 4891 ego
2663 4822 2718 4875 in
2746 4836 2978 4876 numero
2995 4821 3337 4884 literatorum
3367 4821 3594 4874 minime

330 4930 452 4969 sum
486 4915 854 4984 reponendus,
884 4915 927 4969 si
955 4914 1030 4970 Te
1059 4915 1195 4969 mihi
1223 4923 1514 4985 patronum
1542 4915 1812 4969 versionis
1842 4914 2007 4969 huius
2036 4916 2334 4980 constituo,
2377 4915 2568 4969 videor
2615 4914 2668 4969 id
2709 4929 2832 4973 meo
2875 4928 3089 4975 summo
3137 4913 3257 4966 iure
3289 4911 3591 4971 vindicare,

330 5004 513 5061 Offero
538 5021 669 5076 ergo
698 5004 840 5070 Tibi,
876 5006 1176 5060 reverende
1204 5022 1268 5060 ac
1288 5006 1602 5075 spectabilis
1643 5004 1939 5069 Swicarde,
1966 5016 2215 5061 sanetum
2237 5007 2409 5062 sancti
2445 5005 2622 5061 Patris
2646 5020 2803 5080 opus,
2834 5020 2865 5059 e
2893 5019 3086 5075 graeco
3108 5017 3359 5067 sermone
3383 5002 3439 5055 in
3468 5001 3594 5055 lati-

334 5115 482 5161 num,
517 5099 773 5168 praeﬁxis
811 5106 867 5153 et
887 5094 1088 5155 additis
1115 5101 1453 5170 singularum
1484 5100 1832 5155 homiliarum
1860 5100 1934 5171 (ὁ)
1969 5104 2326 5172 argumentis,
2358 5102 2426 5156 de
2451 5102 2664 5172 integro
2690 5116 2721 5154 a
2750 5115 2836 5154 me
2860 5113 3184 5159 conversum
3210 5115 3223 5151 :
3257 5096 3403 5167 quod
3437 5112 3593 5150 vere-v

337 5207 405 5251 ne
428 5192 704 5256 verterim,
731 5192 813 5246 Tu
840 5193 1084 5247 omnium
1116 5192 1515 5262 sapientissime
1545 5192 1833 5256 iudicabis,
1874 5191 1918 5246 si
1943 5194 2105 5247 modo
2138 5200 2313 5256 vacat,
2346 5193 2587 5248 animum
2615 5206 2646 5249 a
2675 5189 3021 5261 gravioribus
3053 5189 3202 5251 euris
3231 5187 3300 5251 ad
3341 5194 3592 5249 sanctum

342 5290 503 5342 sancti
537 5289 714 5343 Patris
740 5305 878 5358 opus
908 5290 1301 5359 perlegendum
1340 5299 1684 5348 convertere.
1716 5289 1874 5355 Quod
1914 5291 2140 5345 omnino
2174 5290 2279 5344 iam
2313 5290 2491 5343 Tuum
2521 5287 2786 5342 benevole
2820 5284 3105 5354 suscipias,
3146 5284 3265 5339 Tuo
3297 5282 3591 5353 splendore

342 5379 590 5445 illustres,
621 5381 882 5452 dignitate
904 5382 1106 5445 foveas,
1134 5383 1457 5439 auctoritate
1487 5382 1765 5445 defendas,
1808 5391 1869 5436 ut
1890 5382 1935 5435 si
1964 5397 2074 5437 non
2099 5386 2168 5437 de
2197 5389 2439 5445 auctore,
2471 5389 2620 5436 certe
2664 5380 2732 5434 de
2762 5384 2997 5448 patrono
3035 5377 3240 5446 ubique
3274 5375 3447 5445 possit
3488 5389 3592 5429 suo

339 5471 449 5530 iure
480 5474 701 5542 gloriari
732 5493 744 5526 :
781 5488 976 5549 meque
1018 5488 1142 5526 cum
1179 5473 1295 5545 ipso
1322 5473 1384 5528 T.
1420 5473 1485 5527 R.
1514 5474 1576 5533 Ι).
1611 5488 1677 5527 ex
1705 5488 1825 5527 asse
1849 5472 2165 5527 devinctum
2205 5472 2435 5553 recipias
2466 5479 2521 5527 et
2558 5483 2727 5533 ames,
2756 5476 2944 5547 atque,
2990 5466 3135 5547 quod
3183 5466 3241 5531 in
3284 5465 3360 5527 Te
3384 5471 3489 5532 est,
3518 5464 3590 5527 ad

1844 5623 2096 5688 NOTAE.

406 5720 482 5782 (η)
525 5720 613 5773 Sic
639 5721 651 5773 l
681 5720 833 5774 EDIT.

403 5782 471 5861 (lt)
508 5792 690 5855 Corn,
750 5789 923 5853 Palth.
970 5787 1172 5849 additis
1216 5788 1415 5858 siuquli
1462 5785 1725 5849 [familiae
1768 5787 1898 5841 suis.
1943 5788 2037 5851 lu,-
