4016 6454
437 395 543 451 367
1432 395 1824 453 ZACHARIAE
1864 395 2233 452 PALTHENII
2274 395 2664 452 PRAEFATIO
3601 398 3713 452 ’508

439 508 733 578 dignitates
757 515 813 562 et
837 506 1076 563 honores
1108 524 1449 579 promoveas,
1472 526 1635 580 quam
1659 509 1963 564 humillime
1990 525 2107 566 oro.
2129 508 2285 576 Quod
2304 515 2575 578 superest,
2597 513 2881 562 aeternum
2908 506 3079 562 Deum
3109 514 3321 577 patrem
3352 508 3713 567 Liberatoris

439 599 612 652 nostri
634 597 762 653 Jesu
783 596 986 653 Christi
1014 614 1082 653 ex
1108 600 1217 652 imo
1244 610 1465 669 pectore
1495 617 1712 671 precor,
1743 608 1803 654 ut
1829 601 2204 656 Reverendam
2236 601 2245 672 |
2276 600 2709 655 Dominationem
2738 598 2985 654 Vestram
3014 605 3271 669 tanquam
3319 599 3615 671 singulare
3655 612 3713 659 et

437 689 671 745 electum
688 692 891 761 gratiae
917 708 1048 747 suae
1077 708 1339 765 organum
1367 695 1468 749 sub
1492 696 1685 750 umbra
1705 697 1917 751 alarum
1948 712 2171 752 suarum
2193 705 2460 768 protegat,
2492 694 2837 765 tranquillam
2863 702 2920 747 et
2940 702 3185 764 pacatam
3203 694 3381 750 vitam
3411 696 3711 769 largiatur,

440 784 877 841 benedictionem
922 788 1135 841 animae
1177 796 1233 842 et
1275 790 1417 844 vitae
1454 790 1717 856 conferat,
1748 799 1804 846 et
1838 791 2056 847 tandem
2081 790 2518 846 immarcescibili
2541 787 2898 843 beatitudinis
2928 802 3130 842 corona
3159 798 3421 843 exornet.

509 876 852 933 Francofurti
894 894 963 934 ex
1005 895 1128 935 meo
1152 880 1394 948 Musaeo,
1422 881 1645 938 Calend.
1673 885 1895 955 Aprilis,
1932 900 2078 941 anno
2114 901 2146 940 a
2179 892 2309 939 nato
2335 884 2480 954 Rege
2506 882 2700 937 Messia
2730 880 2842 936 ﬁlio
2863 881 2959 935 Dei
2996 880 3151 937 1594.

2369 979 2435 1033 R.
2464 977 2537 1032 T.‘
2564 977 2629 1031 D.

2478 1066 2938 1133 devinctissimus.

2125 1166 2196 1221 Μ.
2226 1164 2519 1220 Incussus
2546 1160 2980 1218 PALTHENIUS
3011 1159 3455 1231 Fridbergensis.

472 1346 484 1417 |
515 1342 1043 1423 gargen_heroicum
1082 1343 1136 1423 in
1163 1343 1327 1423 vitam
1443 1344 1670 1423 Macarii
1708 1349 1971 1423 Aegyptii,
2015 1352 2244 1405 instituti
2295 1346 2779 1423 vitae_eremiticae
2806 1343 3087 1423 Primarii,
3126 1341 3380 1423 discipuli
3427 1342 3713 1423 quondam

512 1415 578 1485 ζ).
615 1414 792 1485 Patris
824 1412 1043 1485 Anton_ii
1071 1413 1390 1469 devotissimi
1416 1426 1513 1471 etc.
1542 1419 1611 1471 ad
1635 1409 1867 1475 magi;
1904 1409 2266 1485 reverendam,
2319 1417 2549 1472 nobilem
2583 1423 2631 1469 et
2714 1409 3097 1485 amplissimum
3144 1481 3153 1485 _
3185 1409 3367 1485 virum
3398 1409 3715 1485 ﬂaminum

512 1484 658 1562 ῥιμ-
674 1483 949 1562 «ιρατᾳιιςηιΔ
981 1480 1342 1562 Swichgrdum
1386 1504 1419 1540 a
1463 1487 1752 1562 (Irqnberg,
1772 1500 1869 1547 etc.
1900 1492 2039 1547 D.D.
2069 1509 2225 1546 suum
2248 1480 2565 1562 gratiosum,
2593 1487 2849 1557 scriptum
2876 1502 2907 1537 α
2944 1482 3015 1538 Μ.
3055 1481 3337 1537 Valentino
3386 1481 3710 1552 Leuchthia,

511 1554 574 1609 S.
612 1554 816 1610 Palatii
842 1552 1115 1618 Aulaeque
1138 1554 1512 1611 Lateranensis
1537 1552 1749 1613 Comite
1763 1572 1859 1615 etc.

1292 1625 1550 1697 Quaestio
1581 1641 1728 1685 mota
1760 1632 1875 1697 diu,
1899 1648 2086 1687 sacrae
2115 1648 2227 1686 non
2254 1630 2438 1685 infima
2465 1628 2659 1689 sortis,

1281 1695 1412 1772 Quis
1436 1699 1587 1772 prior
1612 1710 1706 1755 aut
1730 1695 1908 1772 potiOr
1936 1704 2195 1757 Divorum
2224 1718 2292 1757 ex
2314 1700 2505 1772 ordine
2530 1699 2696 1772 vitam

1286 1765 1505 1822 Fovcrit
1533 1765 1885 1836 abstractam,
1913 1782 1968 1827 et
1996 1774 2210 1827 deserta
2238 1770 2509 1825 habitacla
2531 1768 2787 1822 ferarum.

1279 1836 1413 1907 Nam
1440 1840 1661 1907 quidam
1679 1843 1926 1898 referunt
1960 1843 2167 1897 Heliam
2192 1840 2511 1897 Thesbitide
2541 1845 2775 1901 cretum,

1284 1905 1533 1987 Quiiuga
1562 1911 1793 1987 Carmeli
1819 1913 2141 1987 conscendit
2158 1922 2215 1987 et
2242 1926 2433 1981 aspera
2459 1908 2681 1972 montis,

1286 1976 1541 2057 indignos
1568 1982 1755 2053 regina
1783 1992 1905 2057 tuos
1918 1984 2153 2057 _lsa_bel_la
2175 1976 2390 2057 furores

1282 2045 1528 2127 Evitins,
1556 2045 1745 2127 saevas
1770 2062 1825 2108 et
1854 2054 2059 2124 iniquis
2085 2053 2359 2127 frontibus
2386 2050 2515 2105 iras.
2541 2118 2572 2127 Α
2617 2117 2629 2127 _
2667 2116 2699 2127 ,γ
2802 2115 2814 2127 _
2887 2114 2901 2127 ,

1358 2118 1517 2194 Sunt,
1543 2124 1636 2192 qui
1659 2116 1967 2194 Baptistam'
1981 2119 2308 2186 memorant,
2338 2136 2502 2194 quem
2540 2116 2776 2188 Spiritus
2802 2116 2935 2186 ipsis

1292 2187 1607 2264 Visceribus
1629 2187 1820 2249 matris
1849 2194 2144 2264 complevit
2162 2187 2387 2248 numine
2405 2187 2683 2264 elansum,

1290 2258 1334 2333 ,ᾗ
1374 2264 1578 2317 teneris
1616 2265 1707 2333 qui
1735 2265 1894 2320 annis
1923 2258 2173 2319 montosa
2210 2261 2493 2318 cacumina
2522 2261 2782 2322 lustrans,

1294 2330 1363 2406 Et
1397 2334 1585 2403 populi
1615 2330 1822 2390 turmas
1844 2336 1982 2406 fugit
2008 2335 2306 2406 mundique
2330 2332 2564 2406 favores.

1286 2401 1364 2475 nd
1394 2398 1649 2473 scopulos
1676 2398 1962 2461 nemorum
1993 2405 2153 2475 petiit
2171 2398 2479 2475 ldrdanidis
2502 2398 2703 2462 undae,

1287 2470 1456 2526 Texta
1484 2470 1815 2531 camelorum
1844 2470 2014 2537 gessit
2036 2475 2304 2530 velamina
2332 2473 2501 2537 setis;

1285 2541 1353 2614 Et
1374 2558 1541 2614 zonae
1572 2546 1730 2614 pellis
1757 2541 1998 2601 medium
2031 2546 2251 2600 cinxere
2280 2544 2508 2607 ferinae,
2543 2542 2553 2610 Ι

1289 2611 1355 2665 Et
1388 2611 1593 2670 virides
1615 2616 1818 2671 victum
1851 2617 2117 2672 dederant
2146 2616 2211 2669 de
2239 2629 2367 2668 rure
2390 2614 2654 2675 locustae,

1287 2681 1674 2756 §ilvestrisque
1701 2703 1833 2742 cava
1866 2686 2045 2741 mellis
2067 2685 2222 2741 favus
2247 2686 2369 2739 ilice
2393 2692 2675 2753 sumptus;

1287 2752 1518 2823 Bacche,
1554 2752 1677 2812 tuas
1709 2758 1858 2813 vires
1881 2757 2023 2823 risit,
2050 2772 2154 2811 nec
2185 2764 2367 2811 cetera
2390 2752 2588 2809 curans

1278 2822 1428 2897 Quae
1464 2836 1677 2882 mentes
1726 2828 2010 2883 hominum
2049 2826 2282 2897 genialia
2321 2826 2513 2897 pocula
2552 2823 2811 2897 mulcent.

1334 2893 1431 2973 ᾼξι
1456 2897 1549 2950 alii
1581 2905 1636 2952 et
1661 2914 1893 2973 quoru_m
1922 2893 2125 2973 melion
2146 2893 2417 2973 sententia
2450 2894 2618 2950 menti

1254 2958 1476 3036 insidet,
1505 2982 1533 3020 a
1557 2958 1792 3036 quodam
1820 2958 1991 3022 Paulo
2024 2967 2286 3021 deducier
2308 2975 2489 3021 ortum

1252 3032 1591 3113 Monstrant;
1600 3038 1698 3113 qui
1724 3038 1874 3093 Decii
1907 3038 2148 3113 crudelis
2173 3044 2419 3113 tempore
2440 3036 2563 3090 diro

1252 3099 1481 3176 insidias
1503 3099 1718 3176 fugiens
1742 3108 1973 3163 accessit
1996 3108 2269 3176 inhOSpita
2289 3099 2452 3170 'rura,

1257 3171 1327 3247 [ῃ
1350 3174 1514 3247 silvas
1548 3171 1712 3243 inter,
1737 3179 1879 3233 inter
1903 3193 2122 3247 quoque
2152 3171 2325 3230 lustra
2357 3177 2601 3247 leonum,

1254 3241 1473 3317 gnriste
1499 3247 1597 3301 tibi
1624 3241 1806 3317 gratas
1831 3241 2117 3302 resonaret
2146 3247 2376 3301 Maxime
2401 3246 2612 3311 laudes,

1250 3310 1593 3388 Efferretque
1617 3310 1770 3371 fnum
1798 3318 2013 3372 sincero
2035 3326 2256 3388 pectore
2280 3332 2503 3371 nomen.

1320 3381 1476 3441 Hunc
1501 3381 1764 3444 exercitio
1795 3388 1924 3442 felix
1947 3381 2207 3442 Antonius
2231 3402 2342 3441 uno

1255 3452 1518 3528 gusterae
1544 3458 1796 3528 sequitur
1825 3459 2003 3523 vitae;
2032 3475 2158 3512 nam
2182 3458 2360 3511 laetus
2384 3471 2573 3511 eremo

1246 3523 1585 3598 Qonspectus
1616 3523 1900 3583 hominum
1924 3528 2083 3598 liquit
2106 3542 2370 3596 carosque
2386 3534 2662 3598 parentes.

1340 3593 1522 3679 tta—sses
1544 3610 1786 3679 satana‘e,
1816 3593 2029 3679 mundi,
2067 3593 2358 3679 carnisque
2379 3593 2619 3660 dolosas,

1252 3664 1320 3739 Et
1342 3666 1483 3739 liber
1508 3679 1693 3739 posset
1720 3668 1940 3723 fraudes
1959 3668 2134 3739 vitare
2157 3664 2441 3737 malignas,

1253 3734 1329 3818 ρο
1351 3734 1570 3818 Christo
1592 3741 1911 3818 soli_paca_to
1938 3738 2113 3818 corde
2123 3734 2367 3818 placere,

1257 3804 1664 3880 Ser-vitiumque
1686 3804 1796 3865 Deo
1820 3810 1937 3863 sine
1967 3807 2074 3880 ﬁne
2100 3804 2259 3880 litare
2284 3821 2563 3880 supremo:

1335 3876 1623 3935 Proximus
1645 3881 1775 3935 hinc
1801 3888 1989 3933 noster
2014 3877 2281 3932 Macarius
2311 3876 2506 3932 ordine
2528 3876 2723 3940 fertur,

1259 3946 1432 4032 Quem
1463 3951 1647 4032 studio
1671 3949 1897 4032 aegypti
1924 3949 2086 4032 tellus
2110 3946 2342 4032 fecunda
2370 3948 2594 4018 Pelasgo

1253 4017 1459 4083 Edidit,
1481 4029 1538 4075 et
1559 4022 1720 4075 nobis
1743 4017 1930 4074 divino
1951 4018 2131 4072 sidere
2159 4018 2327 4071 misit.

1251 4086 1513 4144 Aemulus
1535 4090 1756 4144 Antonii
1781 4089 1947 4142 vitam
1973 4103 2264 4156 moresque
2298 4087 2488 4141 beatos

1261 4157 1574 4227 Discipulus
1601 4161 1694 4213 ﬁdi
1718 4158 1965 4227 sequitur
1996 4155 2210 4227 placido
2243 4172 2339 4211 ore
2376 4155 2641 4226 magistri,

1260 4227 1329 4281 Se
1356 4228 1476 4293 tibi,
1503 4229 1742 4293 Christe,
1770 4229 1924 4283 dedit
1962 4235 2158 4291 totum,
2183 4227 2465 4295 vitamque
2491 4227 2725 4280 solutam

1250 4296 1295 4370 ᾼ
1320 4297 1468 4370 curis
1489 4299 1619 4370 legit
1641 4299 1926 4370 rigidoque
1952 4297 2266 4370 gravamine
2289 4297 2526 4366 plenam.

1251 4368 1485 4452 Delicias
1505 4368 2050 4452 niundlcontempsit
2072 4368 2272 4437 iugiter
2298 4381 2510 4431 omnes,

741 4485 766 4509 ,
1259 4438 1550 4495 Nimbosos
1580 4440 1848 4510 petiitque
1874 4438 2120 4495 animosa
2148 4446 2331 4510 mente
2358 4451 2630 4510 recessus,

1258 4509 1432 4634 Atque
1459 4510 1533 4565 ibi
1569 4506 1777 4575 nudus;
1808 4510 1986 4579 inops,
2012 4524 2140 4562 saxo
2158 4508 2249 4562 vix
2274 4515 2450 4562 tectus
2472 4506 2638 4561 adeso
2658 4546 2673 4571 ,

1258 4579 1331 4634 Su
1394 4580 1525 4634 Jove
1557 4581 1701 4634 ferre
1736 4582 1891 4634 nives
1913 4578 2105 4633 statuit
2128 4577 2447 4634 glacialibus
2469 4577 2622 4631 auris

1257 4577 1370 4634 Sub
1394 4580 1525 4636 Jove
1557 4581 1701 4637 ferre
1736 4577 2105 4635 nives—statuit
2128 4577 2447 4648 glacialibus
2469 4577 2622 4648 auris

1253 4648 1515 4721 lliberno,
1554 4659 1813 4721 expertus
1841 4657 2107 4718 quantum
2134 4646 2398 4721 patientia
2427 4646 2647 4721 tandem

1255 4720 1507 4790 Duraque
1530 4718 1822 4791 paupertas
1847 4721 2194 4787 humanaque
2227 4718 2474 4791 membra
2498 4718 2764 4771 valerent.

1258 4791 1396 4845 Exili
1418 4788 1590 4847 cuius
1614 4788 1899 4849 tenuatum
1928 4804 2128 4857 corpus
2148 4788 2374 4850 amictu,

1258 4860 1508 4931 Desidiae
1532 4863 1766 4931 patiens,
1797 4861 2039 4931 tolerans
2058 4858 2272 4931 algoris
2291 4867 2348 4911 et
2374 4858 2579 4922 aestus,

1254 4930 1470 5001 Rugosa
1492 4927 1648 4995 facie,
1674 4927 2346 5001 lacrimisquefluentihus
2368 4942 2464 5001 ore

1260 4995 1373 5054 Sub
1401 5003 1568 5056 tacito
1592 5010 1827 5071 pastum,
1850 4995 2063 5069 queruli
2086 5005 2372 5071 constante
2395 4996 2603 5071 doloris
2632 4995 2642 5066 |

1259 5070 1484 5127 Pectore
1511 5066 1770 5126 duritiem
1792 5066 2151 5137 consumpsit,
2181 5069 2322 5125 laeta
2354 5066 2567 5121 salutis.

1256 5141 1430 5214 Quem
1458 5142 1956 5214 volucresciuxere
1981 5139 2132 5193 leves
2156 5139 2244 5214 pia
2273 5138 2439 5214 verba
2464 5143 2770 5214 sonantem,

1254 5206 1443 5267 Aurita
1467 5222 1591 5267 ante
1620 5212 1788 5283 pedes
1821 5220 2082 5283 stupuere
2117 5206 2413 5283 animantia
2443 5206 2685 5283 quaevis.

1254 5282 1374 5337 Non
1400 5298 1535 5337 auro
1556 5276 1878 5352 splendente
1903 5276 2119 5352 domus,
2159 5277 2498 5352 gemmisque
2521 5276 2741 5341 decora,

1254 5352 1337 5407 Illi
1366 5349 1602 5421 punecio
1618 5369 1721 5407 nec
1745 5353 1869 5408 lana
1885 5349 2074 5421 colore
2100 5349 2423 5421 rubescens,

1254 5416 1383 5476 Non
1399 5432 1620 5477 centum
1646 5429 1863 5477 versata
1883 5419 2023 5489 iugis
2049 5417 2226 5489 felicia
2252 5416 2431 5485 campi

1255 5491 1468 5561 Iugera,
1490 5492 1759 5547 crescenti
1787 5506 1891 5545 nec
1914 5485 2134 5561 palmite
2163 5487 2317 5541 dives
2340 5485 2565 5561 agelltls,

1260 5555 1369 5633 ᾼιῖι
1407 5564 1584 5633 gregis
1606 5561 1880 5633 innumeri
1905 5555 2107 5633 foetus,
2136 5574 2240 5620 nec
2270 5555 2451 5611 merce
2476 5555 2683 5613 Sabaea

1262 5628 1468 5686 Niliaco
1497 5628 1691 5701 plenae
1722 5628 1996 5685 venientis
2020 5629 2417 5701 littore_naves,

1176 5702 1179 5703 ⁷
1261 5697 1516 5756 Etliciunt
1542 5702 1673 5757 alias
1694 5700 1908 5755 felicem
1929 5713 2181 5768 quamve,
2207 5697 2379 5751 fuere.

1260 5769 1306 5841 Ο
1329 5785 1490 5840 quam
1513 5772 1653 5826 laeta
1673 5772 1794 5841 piae
1819 5778 1902 5841 est
1928 5775 2225 5841 paupertas
2251 5768 2467 5823 conscia
2492 5769 2712 5827 mentis.

1269 5837 1576 5897 [inmortale
1600 5837 1720 5898 viro
1750 5840 1879 5896 forti
1911 5837 2080 5893 decus
2105 5844 2267 5908 atque
2300 5841 2572 5908 perenne!
