4016 6440
1257 392 1345 448 AD
1374 389 1747 448 EDITIONEM
1784 390 1948 447 HOM.
1988 389 2046 446 S.
2085 390 2366 447 MACARII
2405 391 2739 447 AEGYPTII.

1123 507 1240 572 Qua
1261 508 1345 563 vel
1371 508 1766 563 Achaemenius
1784 508 1965 571 luxus,
1986 522 2332 577 regnumque
2350 506 2638 562 Phrabatis

1129 578 1345 631 Vicerat
1380 580 1676 642 excelsum,
1702 578 1789 631 vel
1817 577 1949 631 ditia
1974 576 2189 631 fortiter
2211 576 2359 632 arva.

1124 647 1225 710 (lui
1256 648 1416 701 calidi
1446 664 1658 718 cessere
1689 648 1861 717 ignes,
1889 646 2175 718 victusque
2207 648 2405 718 refugit

1127 718 1329 771 Moesta
1355 718 1480 771 dolo
1511 716 1729 772 assiduo
1751 732 1966 785 semper
1994 716 2085 785 qui
2117 718 2283 770 corda
2314 716 2522 771 revisit.

1119 787 1383 842 Crudeles
1409 787 1628 841 fraudes
1659 794 1716 840 et
1744 787 1905 839 noxia
1930 785 2159 840 crimina
2184 787 2385 855 pressit

1120 854 1335 919 Omnia,
1362 858 1668 925 deiecitque
1700 856 1881 908 animo
1906 854 2280 925 phantasmata
2310 864 2481 923 casto,

1121 925 1189 979 Et
1220 927 1388 980 variis
1412 924 1663 980 mandata
1693 926 1789 979 Dei
1818 924 2116 978 virtutibus
2141 926 2394 994 implens,

1130 996 1188 1049 ιιι
1214 997 1405 1065 paucis
1430 997 1692 1065 locuples,
1727 994 1926 1048 ﬂuidae
1952 1009 2054 1047 nec
2076 1010 2185 1065 non
2216 995 2358 1049 bona
2388 996 2531 1051 vitae

1124 1064 1441 1143 Praesentis
1461 1064 1701 1143 fugiens,
1724 1064 1902 1143 potuit
1922 1079 2139 1143 sperare
2162 1064 2366 1143 futura,

1124 1136 1370 1190 Praemia
1390 1134 1553 1205 digna
1583 1134 1728 1196 tulit,
1759 1134 2013 1205 caelestia
2036 1148 2205 1205 regna
2238 1135 2449 1203 petivit.

1124 1206 1283 1259 Nunc
1307 1205 1441 1258 caeli
1456 1202 1644 1275 'plenis
1672 1204 1884 1275 meritis
1911 1202 2140 1275 sortitus
2168 1202 2407 1259 honores

1123 1275 1305 1345 Exigit
1326 1272 1581 1328 aeternos
1608 1274 1759 1345 horis
1784 1272 2038 1345 felicibus
2062 1287 2256 1345 annos.

1123 1341 1443 1414 Exemplum
1481 1344 1759 1414 egregium
1788 1342 1947 1396 nobis
1972 1341 2123 1395 dedit
2150 1342 2241 1414 ille
2268 1343 2629 1413 sequendum,

1126 1415 1198 1470 Ut
1220 1412 1409 1468 mundi
1438 1412 1664 1483 pompas
1688 1412 2002 1483 fugeremus
2032 1419 2088 1465 et
2125 1412 2233 1466 alta
2257 1414 2491 1478 viarum,

1120 1484 1297 1564 atque
1320 1481 1493 1564 peum
1513 1481 1669 1564 ‘puro
1689 1481 2020 1562 meditantes
2048 1490 2268 1564 pectore
2292 1499 2527 1564 semper.

1124 1555 1168 1608 Ο
1200 1551 1430 1607 nimium
1458 1551 1588 1609 felix
1615 1552 1826 1605 animae
1860 1565 1982 1604 sors
2012 1561 2175 1618 atque
2197 1551 2371 1607 beatis

1118 1623 1410 1677 Coelicolis
1434 1621 1696 1676 socianda
1724 1621 1855 1689 poli,
1889 1636 2027 1688 quos
2056 1622 2316 1676 clauserit
2341 1624 2567 1689 aether;

1122 1693 1381 1759 Exempla
1412 1693 1546 1745 haec
1566 1691 1653 1745 cui
1679 1698 1825 1744 tanta
1855 1691 2091 1759 placent,
2121 1706 2259 1759 quae
2288 1700 2435 1747 tanta
2460 1702 2669 1757 secuta,

1120 1763 1227 1823 lbit
1249 1759 1316 1816 ad
1340 1762 1550 1832 Elysios
1570 1761 1741 1832 multo
1767 1774 1892 1832 cum
1917 1759 2106 1832 fenore
2130 1776 2370 1831 campos.

1192 1832 1349 1904 Nunc
1385 1828 1454 1904 ad
1478 1831 1575 1904 Te,
1603 1829 1993 1904 Scawicharde,
2010 1828 2178 1904 feror,
2209 1828 2473 1904 generosa
2503 1847 2765 1904 propago,

1116 1902 1385 1970 Antiquae
1415 1899 1835 1971 Cronbergiacae_
1861 1898 1961 1971 ﬂos
1983 1899 2191 1971 inclyte
2210 1898 2416 1971 stirpis,

1121 1967 1325 2042 Insigni
1355 1971 1559 2042 virtute
1584 1967 1798 2039 potens,
1823 1967 2147 2042 laudateque
2173 1967 2336 2042 fama,

1117 2038 1293 2107 Quem
1321 2042 1516 2110 pietas,
1546 2040 1726 2110 honor
1749 2045 1805 2091 et
1827 2038 1998 2101 zelus,
2022 2038 2271 2101 devotio,
2302 2058 2433 2096 vera

1127 2109 1356 2181 Religio,
1387 2109 1639 2181 Charites
1662 2109 1858 2181 trinae,
1884 2110 2192 2163 constantia
2215 2111 2417 2175 cordis,

1114 2177 1510 2254 Commendant
1532 2179 1784 2254 multum,
1810 2177 2086 2231 Musarum
2114 2181 2375 2254 splendor
2388 2189 2444 2235 et
2466 2181 2676 2254 ingens.

1117 2250 1318 2319 Accipe
1340 2250 1635 2303 Macarium
1651 2248 1867 2320 divum,
1899 2261 2150 2320 sermone
2179 2250 2404 2320 Pelasgo

1116 2316 1451 2390 Scriptorem
1481 2318 1778 2387 quondam,
1807 2316 2134 2390 Lationunc
2155 2335 2251 2390 ore
2284 2316 2621 2390 loquentem,

1115 2384 1425 2443 Palfhenius
1489 2384 1614 2443 uem
1638 2395 1821 2442 mente
1842 2385 1930 2454 pia
1954 2384 2304 2444 doctissimus
2340 2384 2524 2455 oﬁert,

1120 2460 1189 2519 Et
1225 2459 1425 2515 studiis
1448 2404 1681 2519 Zeuchtii
1714 2462 1977 2514 consueto
2001 2472 2154 2513 more
2179 2459 2380 2514 favete.

1120 2460 1189 2519 Et
1225 2459 1425 2515 studiis

1558 2459 1681 2511 chtii
1714 2462 1977 2514 consueto
2001 2472 2154 2513 more
2179 2459 2380 2514 favete.

1263 2638 1498 2692 Joannes
1524 2636 1838 2692 Trithemius
1863 2641 1926 2692 de
1947 2640 2283 2710 scriptoribus
2307 2638 2592 2695 Ecclesiae.

378 2737 647 2794 Macarius
673 2731 974 2789 monachus
1000 2728 1300 2801 Aegyptius
1323 2739 1380 2785 et
1404 2730 1465 2791 Β,
1488 2730 1671 2785 Patris
1700 2729 1929 2790 Antonii
1954 2731 2232 2801 quondam
2262 2731 2585 2801 discipulus,
2628 2732 2713 2787 vir
2746 2734 2978 2790 devotus
3013 2735 3387 2791 sanctissimae
3422 2749 3557 2788 cons

298 2828 655 2892 versationis,
681 2826 749 2881 de
772 2840 881 2896 quo
922 2824 1093 2877 multa
1122 2821 1386 2875 miracula
1426 2830 1743 2888 narrantur,
1773 2822 2050 2893 quomodo
2082 2822 2245 2878 etiam
2281 2831 2624 2877 mortuorum
2652 2840 2815 2880 voces
2847 2826 2916 2880 de
2952 2826 3260 2897 sepulchris
3290 2841 3390 2895 pro
3423 2824 3553 2879 ﬁdei

297 2919 720 2981 conﬁrmatione
748 2914 1084 2988 impetravit,
1109 2911 1308 2969 claruit
1328 2912 1496 2969 multa
1519 2916 1805 2972 sanctitate
1833 2918 1935 2972 sub
1963 2914 2325 2973 Constantino
2352 2922 2408 2971 et
2432 2912 2755 2975 Constantio
2787 2918 3133 2993 principibus
3163 2934 3306 2976 anno
3338 2914 3557 2975 Domini

294 3014 439 3080 550;
467 3013 622 3068 cuius
642 3018 791 3083 gesta
823 3009 1094 3066 habentur
1116 3007 1171 3067 in
1204 3006 1333 3062 vitis
1356 3006 1599 3068 Patrum,

1628 3078 1729 3132 EK
1778 3078 1917 3132 ΤΩΝ
1959 3080 2233 3133 ΣΟΥΙΔΑ.

375 3172 484 3225 Δύο
515 3171 760 3240 ἐγένοντο
791 3170 1063 3241 Μακάριοι
1106 3168 1385 3241 ὁμώνυμοι
1433 3170 1527 3229 καὶ
1558 3170 1872 3241 περιϐόητοι
1901 3195 1946 3247 Α

2048 3173 2168 3227 Duo
2204 3173 2431 3227 fuerunt
2470 3175 2691 3230 Macarii
2718 3176 2967 3231 eiusdem
3007 3174 3250 3230 nominis
3274 3184 3436 3244 atque
3465 3173 3562 3229 de-

294 3268 370 3320 δι’
409 3265 661 3336 ἄσκησιν,
690 3264 777 3316 διὰ
801 3263 943 3334 βίον,
970 3262 1060 3316 διὰ
1090 3262 1286 3333 τρόπον
1306 3302 1319 3326 ,
1343 3263 1429 3315 διὰ
1451 3263 1519 3315 τὰ
1552 3265 1869 3334 μαθήματα.

296 3364 329 3413 ὁ
370 3360 472 3429 μὲν
526 3356 816 3425 Αἰγύπτιος
863 3356 1275 3427 θαυματουργὺς
1311 3351 1411 3425 ἧν,
1461 3358 1554 3409 καὶ
1598 3359 1735 3427 μετὰ
1778 3338 1897 3413 ’ποῦ’

298 3448 572 3511 εὐλαῦοὗς
606 3448 741 3519 πρὸς
784 3449 908 3510 τοὺς
952 3447 1375 3516 ἐντυγχάνοντας
1411 3448 1712 3518 αὐστηρόςο
1748 3448 1777 3498 ὁ
1818 3447 1874 3503 δὲ

316 3539 698 3610 Ἀλεξανδρεὺς
742 3538 883 3593 κατὰ
924 3538 1103 3597 πάντα
1139 3538 1213 3590 ὢν
1260 3538 1639 3609 παραπλήσιος
1679 3537 1756 3607 τῷ
1783 3539 1876 3591 Αι-

302 3633 518 3703 γυπτίῳ
548 3634 640 3685 καὶ
663 3631 862 3707 ἱλαρός
923 3631 933 3704 |
983 3630 1154 3694 οὕτως
1180 3630 1361 3705 ἱλαρὸς
1388 3628 1454 3702 ἦν
1482 3634 1595 3693 τοῖς
1618 3629 1876 3702 ἐντυγχά-

308 3742 488 3789 νουσι,
516 3723 611 3776 καὶ
652 3723 731 3793 τῷ
774 3723 1205 3794 χαριεντίξεσθαι
1248 3723 1372 3785 τοὺς
1416 3721 1567 3785 νέους
1597 3718 1699 3790 ἦγε
1740 3721 1876 3792 πρὸς

316 3819 555 3889 ἄσκησιν.
584 3815 789 3869 τούτων
810 3816 1076 3886 Εὑάγριος
1090 3814 1378 3885 γενόμενος
1407 3810 1657 3883 μαθητὴς
1684 3811 1783 3883 τὴν
1808 3810 1873 3866 δι’

311 3908 485 3979 ἔργων
522 3908 839 3977 φιλοσοφίαν
885 3909 1179 3978 ἐκτήσατο,
1229 3904 1492 3975 πρότερον
1545 3904 1687 3973 λόγῳ
1732 3904 1876 3973 μόνῳ

305 4000 592 4071 φιλόσοφος
634 4002 709 4054 ὢν
729 4017 743 4032 ·
774 3999 832 4063 ὃς
870 4001 927 4052 ὲν
960 3998 1367 4052 Κωνσταντίνου
1398 3997 1550 4050 πόλει
1597 3997 1700 4050 ὑπὸ
1732 3996 1873 4066 Γρη-

299 4092 490 4162 γορίου
506 4092 600 4145 τοῦ
618 4091 864 4160 θεολόγον
882 4092 960 4155 εἰς
986 4089 1083 4161 τὴν
1114 4088 1206 4142 τοῦ
1228 4088 1475 4141 διακόνου
1494 4085 1874 4158 προεχειρίσθη

298 4183 477 4248 τάξιν.
524 4184 662 4238 ἀλλὰ
728 4187 823 4237 καὶ
869 4185 925 4247 ἐς
966 4182 1063 4253 τὴν
1112 4181 1389 4248 Αἴγυπτον
1433 4179 1745 4243 κατελθὼν,
1782 4178 1879 4237 καὶ

298 4276 415 4336 τοῖς
444 4274 816 4345 προλεχθεῖσιν
851 4272 1087 4342 ἐντυχὼν
1112 4271 1369 4344 ἀνδράσι,
1397 4271 1487 4324 τὸν
1513 4270 1734 4324 ἐκείνων
1763 4268 1875 4339 βίον

301 4365 566 4435 ἐζήλωσε.
610 4364 784 4435 τούτῳ
836 4364 1015 4435 βιϐλία
1061 4365 1199 4433 ἄγαν
1246 4363 1507 4423 σπουδαῖα
1562 4362 1873 4433 συγγέγρα-

301 4471 468 4509 πται·
502 4449 577 4510 ὧν
617 4457 678 4509 τὸ
725 4457 821 4527 μὲν
858 4455 1130 4524 Μοναχὸς
1180 4454 1213 4523 ἢ
1249 4454 1376 4523 περὶ
1406 4456 1717 4525 πρακτικῆς
1751 4453 1873 4504 ὲπι-

1975 3263 2177 3318 cantati
2222 3274 2446 3334 prepter
2485 3267 2747 3321 exercitia
2785 3268 3111 3332 studiorum,
3155 3268 3343 3330 vitam,
3378 3282 3561 3322 mores

1975 3367 2137 3428 atque
2167 3360 2531 3429 disciplinam.
2558 3362 2711 3417 Alter
2739 3363 2960 3431 quidem
2986 3362 3301 3433 Aegyptius,
3332 3362 3423 3431 qui
3457 3362 3560 3415 mi"

1976 3450 2163 3506 racula
2203 3451 2420 3516 edebat,
2469 3468 2533 3507 ac
2581 3453 2837 3523 religiosa
2859 3453 3110 3507 cautione
3148 3454 3202 3506 in
3239 3469 3355 3517 eos,
3380 3452 3473 3521 qui
3501 3466 3560 3505 se

1976 3541 2396 3607 conveniebant,
2415 3551 2534 3597 erat
2567 3559 2795 3598 severus
2820 3563 2834 3598 :
2878 3544 3016 3598 alter
3041 3544 3441 3598 Alexandrinus
3461 3558 3561 3611 per

1976 3633 2159 3686 omnia
2193 3634 2389 3689 similis
2418 3635 2680 3705 Aegyptio
2711 3636 3101 3707 ethumanus,
3135 3634 3144 3705 |
3177 3634 3313 3688 adeo
3352 3635 3557 3687 huma-

1976 3738 2081 3777 nus
2118 3733 2237 3777 erat
2272 3741 2401 3795 erga
2441 3741 2558 3789 eos,
2601 3726 2695 3794 qui
2725 3741 2783 3780 se
2827 3725 3247 3788 conveniebant,
3278 3731 3338 3777 ut
3380 3723 3558 3791 lepida

1978 3816 2289 3870 urbanitate
2317 3816 2523 3870 utendo
2569 3816 2797 3871 iuvenes
2827 3816 2893 3870 ad
2918 3816 3185 3871 exercitia
3211 3823 3556 3886 provocaret.

1978 3907 2184 3961 Horum
2222 3908 2486 3978 Evagrius
2524 3907 2829 3978 discipulus
2881 3907 3086 3971 factus,
3117 3906 3276 3961 factis
3310 3906 3559 3975 philoso-

1976 3998 2162 4068 phiam
2193 4000 2460 4063 exercuit,
2502 4001 2595 4069 qui
2628 4001 2785 4070 prius
2809 4000 2994 4054 verbis
3015 3999 3277 4053 duntaxat
3313 3998 3558 4069 philoso-

1978 4091 2270 4160 phabatur.
2299 4090 2402 4156 Qui
2440 4092 2915 4161 Constantinopoli
2941 4108 2969 4146 a
2995 4091 3260 4161 Gregorio
3283 4090 3561 4159 Theologo

1979 4183 2033 4237 in
2063 4183 2416 4245 diaconorum
2454 4183 2695 4238 adscitus
2736 4191 2818 4238 est
2858 4182 3128 4246 ordinem,
3158 4181 3290 4251 quin
3311 4181 3475 4235 etiam
3501 4180 3559 4234 in

1976 4273 2280 4344 Aegyptum
2332 4273 2645 4345 profectus,
2690 4274 2746 4329 in
2793 4272 3107 4343 praedictos
3160 4270 3355 4325 incidit
3409 4269 3562 4323 viros

1978 4373 2143 4434 atque
2191 4365 2411 4423 illorum
2456 4366 2630 4419 vitam
2668 4365 2978 4420 aemulatus
3020 4372 3124 4419 est.
3160 4363 3244 4417 Ab
3283 4364 3390 4416 hoc
3429 4361 3559 4415 libri

1977 4455 2137 4515 valde
2162 4471 2354 4526 graves
2378 4463 2435 4509 et
2468 4454 2600 4509 serii
2625 4453 2924 4524 conscripti
2972 4464 3120 4518 sunt,
3142 4468 3377 4523 quorum
3416 4467 3561 4506 unus

302 4549 639 4621 γέγραπταιο
670 4549 733 4601 τὸ
760 4548 817 4601 δὲ
858 4549 1205 4612 Γνωστικὸς
1231 4546 1264 4617 ἢ
1302 4547 1431 4617 περὶ
1456 4545 1565 4599 τῶν
1604 4543 1865 4610 καταξιωο
1904 4570 1945 4624 Β
1973 4547 2003 4601 λ

1974 4546 2259 4601 Monachus
2294 4548 2409 4601 sive
2452 4547 2520 4601 de
2558 4546 2669 4601 vita
2708 4547 2884 4601 activa
2914 4546 3210 4615 inscriptus
3250 4554 3353 4601 est.
3406 4544 3560 4598 Alter

303 4641 505 4695 οὲντων
546 4639 815 4709 γνώσεως·
867 4640 1139 4706 κεφάλαια
1172 4638 1229 4692 δὲ
1274 4636 1440 4701 αὑτοῦ
1495 4638 1869 4706 πεντήκοντα·

299 4730 361 4782 τὸ
388 4729 450 4782 δὲ
488 4728 928 4797 ’Δντιρῤητικὸν
958 4730 1094 4800 πρὸς
1124 4728 1251 4791 τοὺς
1291 4726 1651 4797 πειράζοντας
1686 4726 1875 4796 δαίμο-

298 4836 417 4882 νας,
450 4818 507 4870 ὲν
536 4816 679 4870 ὀκτὼ
710 4818 1034 4895 διῃρημένον
1067 4817 1278 4888 μέρεσι,
1329 4817 1471 4870 κατὰ
1503 4816 1596 4869 τὸν
1639 4814 1874 4887 ἀριθμὸν

297 4911 405 4962 τῶν
457 4908 602 4962 ὀκτὼ
662 4909 969 4980 λογισμῶν·
1022 4911 1114 4962 καὶ
1172 4909 1427 4974 ἑξακόσια
1491 4907 1875 4980 προγνωστικὰ

300 5000 666 5071 προϐλήματα
684 5016 699 5029 ⁸
732 5003 828 5055 καὶ
855 5003 1083 5074 στιχηρὰ
1109 5002 1177 5072 βι,
1209 5002 1268 5055 ἓν
1307 5004 1443 5072 προς
1467 5002 1593 5065 τοὺς
1618 5003 1675 5053 ὲν
1702 5017 1874 5053 κοινοσ-

298 5091 496 5162 ὅέοιςῆ
537 5092 800 5156 συνοδίαις
846 5095 1147 5164 μοναχοὺς,
1185 5094 1281 5145 καὶ
1310 5093 1368 5145 ἓν
1408 5093 1545 5165 πρὸς
1583 5094 1683 5163 τὴν
1727 5108 1872 5161 παρ-

300 5182 502 5237 (ιενὶαν.
544 5184 635 5237 καί
664 5201 798 5254 φησι
824 5186 965 5243 κατὰ
988 5184 1135 5249 λέξιν,
1159 5184 1361 5249 οὕτως’
1401 5184 1746 5254 Ἀναγκαῖον
1766 5184 1873 5248 τὰς

302 5272 480 5338 ὀδοὺς
502 5273 620 5327 τῶν
638 5274 1148 5342 προοδευσάντων
1163 5275 1447 5346 μοναχῶν
1470 5276 1655 5345 ὀρθῶς
1676 5274 1873 5342 διερω-

300 5363 433 5431 τᾷν,
470 5366 566 5420 καὶ
610 5365 762 5434 πρὸς
801 5368 987 5431 αὑτὰς
1028 5367 1487 5436 κατορθοῦσθαι·
1522 5368 1724 5422 πολλὰ
1761 5366 1872 5437 γάρ

298 5456 468 5516 ἐστιν
504 5460 603 5510 ὑπ’
644 5456 845 5511 αὐτῶν
876 5459 949 5511 τὰ
974 5457 1235 5526 ρηθέντα
1264 5457 1363 5512 καὶ
1399 5459 1738 5529 πραχθέντα
1766 5476 1871 5512 και

294 5546 445 5612 λῶς,
474 5548 544 5600 ἐν
574 5545 664 5614 οἷς
696 5550 797 5603 καὶ
823 5550 999 5605 τοῦτό
1036 5568 1127 5616 τις
1153 5551 1373 5620 ἔφησε,
1395 5551 1511 5619 τὴν
1540 5551 1872 5620 ξηροτέρων

296 5642 395 5706 αα).
445 5641 767 5711 ἀνώμαλον
815 5642 1083 5706 δίαιταν,
1139 5643 1338 5712 ἀγάπῃ
1401 5643 1867 5711 συζὶευχθεῖσαν,

297 5730 511 5797 θᾶττον
534 5733 763 5804 διάγειν
792 5732 899 5788 τὸν
923 5734 1197 5804 μοναχὸν
1235 5738 1321 5802 εἱς
1348 5734 1662 5791 ἀπάθειαν.

1976 4636 2251 4691 Cnosticus
2279 4636 2399 4691 sive
2420 4636 2489 4691 de
2514 4636 2604 4700 iis,
2629 4635 2726 4705 qui
2760 4636 3090 4706 cognitionis
3117 4650 3345 4690 munere
3371 4632 3558 4688 donati

1974 4738 2125 4783 sunt.
2159 4728 2350 4797 Capita
2372 4743 2505 4783 vero
2529 4729 2651 4783 eius
2680 4727 2807 4781 libri
2833 4734 2963 4781 sunt
2980 4726 3393 4797 quinquaginta.
3424 4724 3561 4778 Ter-

1976 4821 2084 4875 tius
2130 4820 2531 4884 Antirrheticus,
2580 4818 2844 4879 adversus
2916 4824 3188 4871 tentantes
3240 4815 3558 4878 daemones,

1974 4920 2098 4967 octo
2137 4911 2428 4966 distinctus
2476 4910 2729 4982 partibus
2752 4909 3057 4964 secundum
3095 4922 3387 4961 numerum
3431 4913 3559 4958 octo

1973 5004 2385 5074 cogitationum.
2398 5004 2532 5057 Item
2552 5009 2806 5057 sexcenta
2827 4998 3178 5069 Prognostica
3195 4997 3556 5067 problemata,

1972 5106 2029 5151 et
2053 5096 2420 5151 Elementaria
2458 5094 2589 5158 duo,
2633 5108 2803 5151 unum
2845 5091 2911 5144 ad
2946 5088 3239 5143 monachos
3262 5088 3319 5141 in
3359 5102 3560 5141 coenm

1972 5189 2080 5247 hiis
2130 5196 2225 5244 aut
2283 5187 2667 5243 contuberniis
2725 5186 2996 5249 viventes,
3030 5183 3265 5239 alterum
3289 5181 3357 5235 ad
3391 5181 3560 5251 virgi-

1971 5298 2105 5336 num
2137 5292 2376 5336 coetum.
2417 5280 2594 5349 Atque
2635 5280 2771 5333 haec
2796 5284 2925 5331 sunt
2965 5277 3084 5330 eius
3108 5276 3310 5331 Verba:
3337 5273 3559 5328 Necesse

1973 5381 2069 5438 est,
2105 5381 2165 5425 ut
2192 5373 2304 5425 uias
2338 5388 2541 5434 eorum,
2583 5372 2672 5440 qui
2719 5376 3135 5441 pmecesserunt,
3178 5366 3555 5422 monachorum

1970 5466 2153 5520 sedulo
2178 5466 2507 5535 indagemus,
2556 5473 2605 5518 et
2631 5465 2700 5518 ad
2732 5480 2915 5521 eorum
2956 5480 3199 5516 normam
3235 5461 3557 5530 dirigamur.

1969 5554 2141 5610 Multa
2173 5554 2236 5608 ab
2269 5555 2332 5607 iis
2358 5563 2406 5606 et
2431 5555 2571 5608 dicta
2589 5562 2640 5607 et
2661 5554 2805 5622 facta
2826 5561 2950 5606 sunt
2982 5561 3142 5616 recte,
3167 5554 3305 5605 inter
3337 5565 3471 5619 quae
3503 5557 3554 5601 et

1971 5646 2065 5698 hoc
2116 5644 2377 5714 quispiam
2416 5644 2588 5697 dixit:
2623 5643 2919 5696 Aridiorem
2954 5652 3002 5696 et
3046 5658 3293 5711 asperam
3345 5639 3555 5693 vivendi

1973 5736 2231 5787 rationem
2262 5750 2379 5786 cum
2419 5733 2645 5787 caritate
2675 5733 2980 5802 copulatam
3023 5731 3243 5785 celerius
3270 5739 3559 5802 perducere

1974 5826 2287 5891 monachum
2319 5826 2390 5879 ad
2410 5826 2739 5897 affectioan
2770 5824 3101 5879 vacuitatem.
