4016 6482
2596 322 2607 351 l

299 415 405 473 ⁸5ὶῦ
1379 423 1819 481 HOMILIARUM
1859 427 1916 482 S.
1953 427 2237 484 MACARII
2273 427 2615 484 AEGYPTll.
3524 436 3632 491 5H

319 554 418 594 nec
441 544 563 590 tum
593 538 749 595 alios
775 541 1087 612 scriptores
1112 538 1334 595 Macarii
1363 541 1702 595 mentionem
1736 540 2003 599 facientes
2032 543 2099 597 ad
2133 557 2357 598 manum
2390 543 2706 598 habuimus.
2742 543 2943 599 Verum
2971 560 3097 601 cum
3123 545 3343 601 iamiam
3368 546 3436 603 ad
3465 548 3630 605 tinem

329 634 589 709 paulatim
630 651 787 707 opus
832 638 1107 702 tenderet,
1134 636 1471 691 revolvimus
1508 636 1885 707 Nicephorum
1929 646 1987 692 et
2030 639 2353 693 Palladium.
2410 639 2554 693 Sane
2594 647 2849 708 uterque,
2896 648 2954 692 ut
3001 654 3168 708 supra
3208 638 3418 695 dictum
3442 681 3457 705 ,
3491 640 3632 699 duos

340 730 505 784 fuisse
546 728 840 783 Macarios
878 737 1173 791 testantur,
1220 727 1456 780 alterum
1501 726 1933 782 Alexandrinum
1983 743 2205 798 genere,
2238 730 2355 799 qui,
2395 729 2525 784 licet
2552 728 2757 792 iunior,
2810 729 2867 781 in
2936 728 3006 782 iis
3048 743 3191 797 quae
3229 730 3632 785 monachorum

342 828 467 876 sunt
494 820 827 890 praecipua,
855 820 1064 889 primas
1102 816 1409 883 obtinebat,
1432 818 1672 872 alterum
1718 817 2068 890 Aegyptium,
2098 830 2277 875 aetate
2306 820 2680 891 grandiorem,
2721 820 2816 889 qui
2848 819 2946 875 has
2984 819 3132 891 ipsas
3169 836 3361 892 graece
3384 822 3629 877 conscri-

344 916 452 988 psit
481 915 777 980 Homilias,
802 931 943 986 quas
977 915 1033 968 in
1062 914 1295 967 latinum
1320 927 1630 981 sermonem
1670 914 2072 970 transtulimus.
2115 914 2216 969 Hic
2237 914 2328 971 XC
2358 915 2497 970 vixit
2520 930 2697 970 annos
2736 915 3009 985 integros,
3049 933 3294 986 quorum
3321 916 3414 971 LX
3445 926 3629 973 trans-

320 1013 458 1083 ,egit
487 1013 544 1065 in
574 1013 908 1067 solitudine.
934 1012 1144 1080 'ltaque
1176 1017 1340 1063 natus
1360 1025 1535 1065 annos
1581 1010 1732 1065 XXX
1759 1018 1815 1066 et
1856 1012 1911 1065 in
1938 1012 2167 1067 iuvenili
2197 1020 2377 1067 aetate
2411 1013 2767 1075 constitutus,
2795 1020 2903 1066 tam
2936 1011 3237 1066 toleranter
3270 1008 3632 1063 tulitlabores

356 1110 771 1169 exercitationis
822 1118 1000 1165 totum
1024 1108 1375 1173 decennium,
1400 1116 1459 1163 ut
1488 1124 1679 1179 magna
1704 1109 1938 1178 quadam
1960 1117 2016 1164 et
2043 1109 2242 1181 insigni
2265 1110 2465 1181 dignus
2484 1109 2785 1164 haberetur
2807 1104 3189 1167 distinctione,
3212 1102 3352 1156 adeo
3380 1111 3440 1155 ut
3462 1116 3629 1154 voca—

357 1211 514 1258 retur
530 1204 995 1274 παιδαριογὲρων,
1031 1202 1084 1255 id
1103 1214 1188 1257 est
1210 1203 1263 1257 in
1288 1204 1486 1273 puerili
1521 1212 1700 1258 aetate
1732 1219 1923 1268 senex,
1949 1206 2209 1274 quoniam
2234 1205 2398 1260 citius
2430 1221 2594 1275 quam
2624 1221 2722 1275 pro
2757 1211 2936 1258 aetate
2964 1200 3275 1270 profecerat
3308 1197 3627 1252 virtutibus.

348 1292 444 1347 XL
481 1308 658 1346 annos
684 1300 845 1345 natus
874 1299 1207 1361 potestatem
1238 1292 1453 1361 accepit
1484 1293 1750 1348 adversus
1775 1294 2091 1359 daemones,
2133 1296 2362 1365 gratiam
2394 1298 2528 1351 item
2577 1296 2827 1360 sanandi,
2858 1293 3226 1364 spiritumque
3271 1290 3630 1360 praedicendi

346 1387 560 1441 futura.
597 1386 809 1458 Dignus
849 1401 1069 1455 quoque
1095 1395 1180 1440 est
1222 1387 1446 1442 habitus
1485 1388 1811 1444 honorando
1845 1391 2172 1445 sacerdotio.
2232 1391 2563 1446 Habitarunt
2610 1408 2735 1447 cum
2774 1406 2842 1445 eo
2889 1389 3001 1443 duo
3028 1386 3313 1457 discipuli,
3344 1387 3399 1440 in
3438 1384 3631 1440 intima

346 1483 658 1537 solitudine
684 1498 823 1551 quae
848 1490 1084 1535 vocatur
1112 1482 1292 1537 Scetc.
1326 1482 1573 1549 Quorum
1614 1500 1760 1539 unus
1796 1485 2019 1555 quidem
2050 1487 2205 1541 velut
2250 1486 2503 1541 minister
2535 1486 2613 1541 illi
2650 1500 2866 1555 semper
2903 1481 3181 1537 assidebat
3221 1495 3415 1534 eorum
3455 1479 3630 1549 gratia

338 1578 443 1647 qui
469 1576 769 1630 veniebant
790 1575 1056 1641 curandi;
1096 1576 1234 1632 alter
1263 1586 1448 1632 autem
1471 1595 1724 1634 seorsum
1752 1580 2045 1635 secedebat
2070 1581 2125 1635 in
2152 1582 2368 1636 cellam.
2395 1582 2765 1636 Praecedente
2802 1594 2935 1634 vero
2966 1586 3212 1646 tempore
3242 1590 3366 1629 cum
3409 1581 3632 1628 sanctus

336 1668 657 1739 perspicaci
685 1667 843 1721 oculo
874 1666 1258 1736 praevidisset,
1298 1668 1438 1723 dixit
1482 1669 1737 1724 ministro
1782 1685 1882 1724 suo
1918 1671 2142 1725 nomine
2183 1671 2402 1737 Joanni,
2436 1672 2531 1742 qui
2573 1681 2762 1741 postea
2803 1673 2981 1728 factus
3022 1672 3310 1743 presbyter
3366 1669 3632 1724 sulfectus

332 1754 435 1818 eSt
470 1765 527 1818 in
555 1765 735 1819 locum
754 1763 975 1817 Macarii
1003 1780 1016 1816 :
1051 1762 1211 1824 Audi,
1246 1762 1321 1814 mi
1357 1760 1528 1830 frater
1550 1760 1808 1825 Joannes,
1832 1777 2109 1831 meamque
2141 1760 2219 1830 fer
2240 1778 2406 1832 aequo
2437 1763 2616 1815 animo
2668 1763 3081 1815 admonitionem
3136 1760 3228 1812 tibi
3264 1757 3419 1812 valde
3443 1758 3627 1828 profu-

334 1871 551 1916 turam.
573 1860 811 1914 Tentaris
838 1860 997 1922 enim,
1041 1858 1242 1926 inquit,
1271 1865 1318 1909 et
1351 1864 1400 1909 te
1430 1863 1598 1910 tentat
1626 1856 1842 1927 spiritus
1874 1857 2135 1911 avaritiae
2155 1873 2173 1921 ;
2194 1858 2268 1911 sic
2300 1858 2439 1910 enim
2464 1868 2792 1928 perspectum
2813 1856 2996 1911 habeo.
3026 1853 3144 1908 Scio
3174 1863 3372 1914 tamen,
3394 1854 3438 1905 si
3458 1867 3631 1904 meam

333 1954 571 2025 benigne
603 1954 782 2007 tuleris
824 1952 1267 2013 adhortationem,
1296 1957 1346 2001 te
1372 1947 1661 2019 perfectum
1685 1946 1798 2015 fore
1837 1947 1893 1999 in
1931 1946 2028 2000 Dei
2062 1948 2249 2000 timore
2269 1955 2427 2018 atque
2459 1949 2567 2001 eius
2606 1965 2781 2019 opere,
2815 1945 3237 2014 laudaberisque,
3267 1953 3314 1997 et
3355 1941 3629 2014 ﬂagellum

334 2063 453 2099 non
483 2045 933 2117 appropinquabit
981 2039 1323 2098 tabernaculo
1374 2048 1484 2093 tuo.
1526 2037 1677 2103 Quod
1719 2039 1764 2091 si
1830 2052 1935 2091 non
1974 2038 2228 2102 audieris,
2253 2039 2310 2091 in
2360 2046 2408 2092 te
2453 2040 2659 2093 venient
2705 2055 2841 2108 quae
2885 2040 3027 2096 Giezi
3051 2039 3267 2094 tandem
3302 2039 3627 2101 acciderunt,

335 2140 495 2191 cuius
530 2139 654 2191 vitio
686 2139 915 2191 laboras.
939 2136 1182 2209 Contigit
1216 2154 1404 2210 porro,
1444 2146 1506 2192 ut
1529 2136 1793 2191 defuncto
1838 2134 2078 2189 Macario
2106 2150 2218 2188 non
2251 2135 2515 2205 paruerit,
2549 2135 2645 2190 sed
2682 2136 2733 2190 ei
2757 2136 2853 2205 qui
2896 2145 3123 2207 propter
3168 2134 3456 2189 avaritiam
3503 2134 3630 2187 alli-

340 2230 496 2299 gavit
524 2229 698 2283 Judae
746 2229 1023 2298 laqueum.
1059 2230 1277 2301 Elapsis
1313 2230 1497 2299 itaque
1516 2227 1611 2282 XV
1642 2234 1740 2280 aut
1773 2224 1874 2279 XX
1913 2225 2094 2289 annis,
2122 2241 2249 2280 cum
2277 2226 2420 2281 bona
2465 2242 2771 2297 pauperum
2803 2235 3153 2297 usurpasset,
3189 2234 3302 2281 tam
3342 2224 3492 2297 gravi
3546 2225 3630 2279 la~

348 2323 566 2377 beravit
594 2323 930 2391 elephantia,
960 2334 1014 2377 ut
1040 2324 1094 2378 in
1129 2333 1243 2379 toto
1272 2325 1395 2378 eius
1424 2338 1655 2392 corpore
1672 2337 1779 2375 non
1813 2320 2156 2375 inveniretur
2176 2322 2389 2393 integer
2416 2323 2568 2378 locus
2585 2324 2643 2376 in
2673 2338 2784 2392 quo
2810 2323 2936 2392 quis
2960 2323 3191 2393 digitum
3218 2322 3384 2392 figere
3417 2330 3623 2391 posset.

350 2416 494 2470 llaec
523 2417 628 2471 luit
655 2418 873 2471 Macarii
906 2420 1215 2489 prophetia.
1246 2419 1548 2473 Ferebatur
1578 2417 1670 2472 hic
1695 2423 1920 2471 sanctus
1945 2416 2056 2485 pati
2087 2418 2465 2472 continentem
2505 2420 2771 2483 ecstasin,
2805 2420 3134 2489 saepiusque
3156 2420 3241 2473 vel
3262 2434 3386 2473 cum
3410 2419 3522 2473 Deo
3548 2419 3629 2472 vel

348 2510 408 2563 in
455 2511 620 2564 rebus
680 2511 892 2563 versari
926 2512 1279 2566 caelestibus.
1342 2513 1506 2567 Fama
1565 2510 1731 2565 etiam
1778 2515 2037 2562 constans
2081 2517 2204 2561 erat
2250 2509 2305 2563 in
2350 2510 2671 2574 solitudine,
2731 2511 3027 2567 suseitasse
3071 2525 3199 2565 eum
3239 2517 3538 2574 mortuum,
3569 2515 3631 2563 ut

338 2606 704 2676 persuaderet
731 2608 951 2661 cuidam
987 2607 1270 2662 haeretico
1308 2607 1529 2677 neganti
1562 2603 2047 2660 resurrectionem.
2074 2604 2329 2673 Reliqua,
2349 2620 2490 2674 quae
2513 2605 2706 2659 divino
2731 2603 3005 2660 beneﬁcio
3033 2613 3187 2674 gesta
3220 2612 3372 2668 sunt,
3391 2606 3626 2675 petenda

334 2711 471 2758 sunt
500 2716 533 2759 e
573 2701 818 2757 Palladio
843 2702 899 2756 in
924 2702 1162 2757 Historia
1199 2704 1423 2758 Patrum
1453 2718 1574 2773 cap.
1616 2702 1680 2755 l9
1708 2707 1765 2754 et
1792 2699 1882 2762 20,
1912 2697 2226 2769 Nicephoro
2254 2701 2377 2755 Hist
2432 2702 2579 2756 Eccl.
2615 2702 2711 2755 tib.
2739 2717 2793 2755 ιχ
2836 2716 2956 2771 cap.
2984 2701 3072 2755 14.
3111 2702 3263 2757 Vale.
3296 2702 3307 2772 Ι

1567 2880 2022 2959 Typographus
2065 2882 2313 2942 Lectori
2343 2882 2412 2942 S.

408 3007 761 3078 Diligentiam
809 3026 973 3080 quam
1013 3011 1069 3065 in
1103 3010 1325 3066 Macarii
1373 3009 1627 3064 Homiliis
1674 3010 2050 3074 adhibuimus,
2102 3008 2368 3064 benevole
2411 3009 2605 3074 lector,
2642 3007 2961 3079 praedicare
2992 3008 3281 3074 nolumus;
3331 3009 3448 3079 ipse
3493 3010 3629 3064 satis

331 3100 641 3169 perspicies
676 3101 733 3155 in
766 3110 1088 3158 transcursu
1120 3103 1396 3159 lectionis.
1442 3103 1554 3158 Nec
1605 3112 1787 3158 tamen
1838 3120 2157 3160 asseverare
2201 3105 2477 3171 volumus,
2514 3105 2650 3159 nihil
2694 3119 2922 3175 prorsus
2972 3118 3073 3157 nos
3114 3104 3204 3158 hic
3252 3104 3477 3175 fugisse.
3508 3104 3625 3169 sed,

333 3211 478 3264 quae
500 3199 692 3252 oculos
711 3208 933 3254 nostros
960 3200 1292 3265 fefellerunt,
1328 3202 1588 3272 pleraque
1615 3201 1799 3256 omnia
1826 3201 1984 3256 facile
2014 3216 2111 3272 per
2142 3208 2195 3255 te
2238 3202 2495 3272 cognosci
2533 3218 2710 3272 posse.
2750 3201 2811 3256 In
2838 3214 2949 3254 uno
2975 3206 3158 3254 tamen
3192 3204 3500 3257 monendus
3542 3218 3625 3255 es.

334 3292 815 3349 Demandaramus
844 3310 1049 3349 munus
1077 3296 1351 3351 versionis
1369 3296 1773 3353 describendae
1822 3311 1891 3353 ex
1937 3295 2189 3349 auctoris
2228 3296 2572 3366 autographo
2623 3295 2873 3350 studioso
2922 3294 3171 3359 cuidam;
3216 3310 3407 3349 verum
3448 3296 3495 3351 is
3520 3313 3628 3367 qua

332 3394 509 3445 scatet
548 3387 776 3442 levitate
809 3388 1014 3444 alicubi
1038 3388 1239 3445 misere
1272 3391 1552 3461 pervertit
1593 3393 1841 3447 auctoris
1884 3393 2076 3448 verba.
2124 3390 2393 3449 Volumus
2435 3393 2621 3462 itaque
2667 3399 2728 3446 ut
2754 3408 2817 3446 ea
2863 3391 2944 3445 sic
2991 3391 3276 3444 restituas.

1230 3480 1554 3555 Sequuntur
1580 3483 1916 3555 Corrigenda
1945 3492 2070 3539 octo
2093 3482 2341 3539 locorum
2371 3485 2663 3540 versionis.

1647 3824 2328 3930 PRAEFATIO

998 4034 1099 4096 AD
1140 4032 1564 4096 EDITIONEM
1603 4031 2095 4094 HOMILIARUM
2139 4033 2200 4095 S.
2246 4032 2565 4095 MACARII
2607 4034 2961 4101 AEGYPTII

1538 4225 1685 4272 QUAE
1728 4222 2024 4263 COMPARUIT
2055 4223 2151 4263 SUB
2181 4225 2405 4265 TITULO:

333 4342 432 4400 SS.
464 4345 571 4399 PP.
604 4344 947 4402 GREGORII
968 4342 1629 4401 NEOCAESARIENSIS
1652 4340 1987 4397 EPISCOPI
2009 4340 2481 4398 COGNOMENTO
2504 4342 3024 4405 THAUMATURCI,
3073 4341 3370 4397 MACARII
3412 4342 3629 4397 AElIl'—

408 4416 555 4469 PT"
576 4417 666 4470 ET
680 4414 943 4470 BASILII
964 4415 1365 4471 SELEUCIAE
1396 4413 1735 4470 ISAURIAE
1766 4410 2093 4466 EPISCOPI
2124 4413 2357 4467 OPERA
2381 4414 2596 4469 ΟΜΝΙΑ
2620 4415 2810 4480 QUAE
2828 4413 3169 4467 REPERIRI
3189 4412 3626 4469 POTUERUN’I‘.

404 4486 558 4539 Nunc
623 4489 816 4540 rimum
849 4484 1044 4541 Graece
1067 4498 1114 4539 et
1140 4486 1329 4540 Latine
1355 4487 1673 4541 coniunctim
1699 4484 1859 4543 edita,
1878 4499 1996 4535 cum
2024 4483 2277 4537 indicibus
2313 4488 2639 4539 necessariis.
2668 4486 2893 4539 Accessit
2924 4484 3147 4537 Joannis
3171 4483 3415 4537 Zonarae
3441 4484 3623 4554 Expo-

406 4558 529 4609 sitio
562 4505 951 4611 CPanonicarum
996 4556 1385 4611 Epistolarum.
1415 4556 1641 4610 Parisiis
1675 4552 1966 4611 sumptibus
1997 4552 2272 4608 Michaelis
2300 4553 2506 4611 Sannii.
2538 4556 2750 4611 Claudii
2790 4554 3002 4610 Morelli
3030 4564 3080 4608 et
3127 4553 3429 4609 Sebastiani
3484 4554 3621 4610 Cra-

406 4558 529 4609 sitio
562 4552 951 4611 Canonicarum
996 4556 1385 4623 Epistolarum.
1415 4556 1641 4610 Parisiis
1675 4552 1966 4623 sumptibus
1997 4552 2272 4623 Michaelis
2300 4553 2506 4621 Sannii,
2538 4556 2750 4611 Claudii
2790 4554 3002 4610 Morelli
3030 4564 3080 4608 et
3127 4553 3429 4609 Sebastiani
3484 4552 3621 4610 Cra-

408 4629 600 4698 moisy,
642 4628 727 4681 via
752 4626 999 4681 Jacobea.
1026 4622 1347 4683 MDCXXII.
1371 4626 1504 4682 Cum
1528 4622 1803 4697 privilegio
1830 4623 1989 4693 Regio
2010 4622 2106 4692 ιοι.

1935 4741 2002 4755 -ι

1041 4855 1416 4910 Illustrissimo
1456 4856 1569 4908 viro
1600 4853 1796 4907 Merica
1821 4853 1885 4907 de
1910 4852 2025 4924 νίς,
2049 4868 2254 4905 summa
2284 4848 2586 4905 Galliarum
2608 4849 3046 4923 procancellario.

413 5018 663 5072 Alienum
691 5017 856 5071 nimis
887 5034 918 5071 a
946 5033 1177 5072 munere
1208 5026 1402 5072 nostro
1426 5015 1809 5079 credebamus,
1843 5013 1930 5067 vir
1965 5011 2357 5077 illustrissime,
2387 5012 2434 5067 si
2460 5011 2606 5067 inter
2634 5021 2714 5066 tot
2740 5027 2804 5066 ac
2840 5019 2990 5067 tanta
3032 5012 3283 5082 publicae
3324 5022 3621 5082 congratu-

339 5111 562 5176 lationis
586 5111 806 5175 indicia,
833 5110 1037 5179 quibus
1061 5112 1321 5165 universa
1347 5109 1521 5164 Callia
1543 5107 1932 5163 communibus
1958 5107 2101 5160 votis
2124 5114 2181 5159 et
2204 5106 2434 5159 vocibus
2463 5104 2675 5159 Nomen
2704 5104 2959 5159 Vestrum
2982 5104 3353 5170 commendat,
3391 5104 3494 5174 ipsi
3517 5108 3620 5161 soli

342 5211 663 5270 taceremus,
700 5214 756 5260 et
785 5206 934 5259 nulla
961 5204 1137 5258 nostri
1160 5204 1328 5258 etiam
1354 5204 1606 5273 obsequii
1632 5203 1808 5258 cilicia
1834 5210 2192 5256 testaremur.
2219 5200 2301 5254 Ex
2348 5215 2458 5268 quo
2489 5198 2638 5252 enim
2693 5196 3037 5251 iustissimus
3081 5196 3338 5266 idemque
3372 5197 3622 5252 invictis-

324 5298 510 5352 simus
533 5299 647 5353 Rex
679 5306 866 5353 noster
887 5298 1200 5353 Ludovicus
1220 5297 1342 5351 Xlll
1366 5306 1582 5352 matura
1610 5296 2007 5352 deliberatione
2031 5293 2098 5347 ad
2120 5294 2394 5348 sanctiora
2422 5291 2633 5348 consilii
2660 5291 2745 5346 sui
2770 5290 2845 5345 Te
2869 5289 3089 5344 admisit
3110 5291 3435 5360 penetralia,
3462 5299 3517 5344 et
3553 5291 3622 5344 ad

345 5391 613 5461 regiorum
643 5390 955 5461 Sigillorum
984 5388 1289 5443 custodiam
1317 5388 1636 5458 deputatum
1660 5388 1737 5441 Te
1767 5386 1963 5449 voluit,
1998 5400 2161 5438 nemo
2188 5384 2309 5446 fuit,
2336 5383 2423 5436 cui
2461 5381 2675 5449 cognita
2712 5390 2800 5434 tua
2857 5381 3035 5435 virtus
3080 5388 3185 5443 est,
3234 5381 3328 5450 qui
3366 5396 3475 5433 non
3504 5382 3622 5434 lau-

342 5480 502 5544 darit,
522 5497 632 5534 non
655 5480 1063 5550 approbaverit,
1084 5488 1141 5533 et
1166 5480 1380 5550 regium
1413 5489 1471 5533 et
1502 5479 1785 5550 egregium
1812 5478 2017 5532 factum
2045 5492 2154 5530 non
2170 5472 2591 5545 praedicaverit.
2613 5472 2803 5524 Virum
2826 5471 3037 5526 scilicet
3058 5481 3332 5525 maturum
3352 5472 3607 5535 consilio,

342 5574 537 5631 iustiet
560 5574 722 5644 aequi
741 5573 1198 5638 amantissimum,
1214 5573 1570 5642 prudentem,
1601 5572 1927 5641 sapientem,
1949 5570 2016 5623 de
2038 5568 2317 5638 republica
2337 5580 2549 5620 summe
2569 5563 2829 5617 meritum
2852 5580 2867 5629 ;
2889 5563 3090 5627 virum,
3116 5563 3441 5632 inquam,ad
3467 5578 3623 5618 sum-

342 5692 426 5731 ma
458 5681 669 5736 natum,
705 5672 868 5741 longo
896 5687 1083 5725 rerum
1112 5686 1214 5725 usu
1249 5679 1304 5725 et
1327 5671 1473 5726 seria
1496 5670 1777 5723 variorum
1810 5667 2157 5737 negotiorum
2199 5662 2597 5718 exercitatione
2636 5660 2705 5714 ad
2752 5668 2928 5715 status
2983 5660 3191 5731 politici
3242 5660 3482 5730 regimen
3519 5677 3620 5731 ap-

342 5772 512 5848 prime
545 5777 845 5832 versatum,
876 5769 969 5823 tali
996 5768 1286 5822 vocatione
1311 5767 1559 5838 dignum.
1596 5765 1752 5820 Unde
1777 5764 1980 5818 factum
2007 5770 2112 5823 est,
2142 5769 2202 5815 ut
2246 5760 2397 5829 ipsae
2444 5757 2610 5811 etiam
2666 5756 2852 5809 Musae
2905 5756 3246 5811 castissimae
3293 5755 3349 5809 in
3407 5764 3620 5825 partem

343 5864 692 5920 exultationis
717 5862 905 5917 venire
929 5862 1250 5933 gestientes,
1275 5862 1397 5916 Tibi
1425 5869 1659 5932 patrono
1682 5875 1782 5915 suo
1807 5858 1873 5914 ad
1902 5859 2108 5929 patrios
2133 5858 2277 5912 lares
2296 5853 2553 5910 redeunti
2578 5861 2634 5909 et
2656 5852 3115 5922 triumphatorem
3154 5867 3336 5925 regem
3361 5861 3618 5908 nostrum
