4016 6426
516 372 622 433 315
1454 370 1846 428 PRAEFATIO
1883 370 1973 426 AD
2012 367 2384 425 EDITIONEM
2436 369 2548 424 AN.
2602 368 2887 425 MDCXXII
3660 377 3752 432 516

518 488 801 545 comitanti
826 486 1020 543 obviae
1043 485 1227 541 forent
1248 494 1494 542 ovantes.
1521 486 1590 539 Et
1612 485 1871 555 quoniam
1896 484 2075 537 virum
2102 481 2170 535 ad
2201 490 2411 536 tantum
2436 481 2717 551 dignitatis
2742 484 2954 553 apicem
2980 491 3229 537 evectum
3254 484 3487 539 maxime
3510 487 3754 544 condecet

518 579 694 647 pietas
722 589 778 633 et
801 581 1027 649 antiqua
1050 588 1301 634 veterum
1338 580 1564 633 Patrum
1596 577 1731 631 ﬁdes
1751 585 1808 630 et
1841 577 2056 645 religio,
2085 591 2211 631 ecce
2240 592 2271 631 e
2305 573 2446 647 typis
2472 576 2676 630 nostris
2707 576 2980 647 prodeunt
3005 576 3061 629 in
3089 592 3284 632 manus
3313 586 3523 634 vestras
3541 588 3647 634 tres
3677 581 3753 640 in-

519 670 652 725 victi
679 670 807 725 ﬁdei
835 673 1077 727 athletae
1105 672 1405 742 Gregorius
1436 670 1898 739 Thaumaturgus,
1925 667 2159 722 Basilius
2190 669 2312 723 lsau
2345 673 2353 740 |
2388 672 2555 734 ricus,
2581 677 2638 724 et
2658 669 2956 739 Aegyptius
2982 669 3073 723 ille
3115 670 3333 723 nomine
3385 686 3553 739 reque
3582 671 3757 727 beatus

520 764 805 829 Macarius,
833 766 927 835 qui
961 782 1029 819 ex
1059 764 1299 819 Orientis
1323 764 1566 818 fontibus
1590 772 1651 817 ut
1677 770 1790 816 tres
1813 763 1943 815 olim
1967 763 2217 831 generosi
2244 763 2464 817 Davidis
2487 762 2692 816 milites
2734 776 2931 829 aquam
2984 760 3053 815 de
3109 762 3348 816 cisterna
3390 762 3680 829 Bethleem,
3709 764 3754 818 id

519 864 622 918 est,
650 856 828 909 avitae
857 855 981 909 ﬁdei
1015 862 1071 908 et
1092 852 1421 923 limpidioris
1448 852 1733 905 doctrinae
1758 851 1949 905 latices
1974 850 2099 905 Tibi
2119 860 2433 921 porrectum
2466 852 2716 907 veniunt.
2748 851 2883 905 Tres
2916 852 3138 920 quidem
3162 869 3271 907 non
3311 853 3522 908 Atticae
3566 862 3755 908 tantum

521 948 809 1003 facundiae
836 948 1010 1018 gloria
1035 948 1302 1011 celebres,
1334 945 1451 1010 sed,
1481 944 1629 1015 quod
1649 945 1905 1014 amplius,
1946 954 2004 1000 et
2033 962 2249 1000 morum
2283 946 2556 1016 probitate
2606 955 2663 1001 et
2703 946 2847 1000 vitae
2882 948 3239 1001 sanctimonia
3279 956 3336 1002 et
3388 948 3755 1003 miraculorum

521 1040 831 1109 frequentia
859 1040 1166 1108 conspicui.

590 1132 888 1201 Gregorius
924 1130 1199 1199 equidem,
1235 1127 1329 1197 qui
1358 1126 1808 1182 Neocaesariensi
1839 1126 2103 1181 ecclesiae
2132 1126 2444 1196 praefectus
2492 1128 2567 1182 ita
2615 1127 2903 1199 pastoralis
2954 1126 3115 1182 ofﬁcii
3168 1144 3368 1184 munus
3408 1129 3666 1201 implevit,
3706 1138 3755 1187 ut

521 1227 799 1283 adiunctis
825 1226 931 1280 sibi
955 1223 1346 1294 septemdecim
1369 1237 1480 1276 non
1504 1221 1742 1290 amplius
1762 1222 1925 1275 sociis
1955 1222 2240 1275 universos
2267 1221 2422 1275 urbis
2446 1230 2501 1275 et
2521 1223 2666 1276 ruris
2701 1222 2904 1275 incolas
2930 1222 2997 1276 ad
3017 1221 3219 1277 Christi
3247 1223 3407 1279 ﬁdem
3438 1226 3753 1296 adduxerit;

521 1319 615 1389 qui
642 1318 899 1389 precibus
937 1324 1178 1369 montem
1199 1314 1475 1369 excelsum
1503 1314 1819 1378 transtulit;
1847 1315 1939 1383 qui
1968 1314 2147 1367 lacum
2171 1314 2499 1367 altissimum
2539 1314 2597 1368 in
2654 1315 2827 1369 solum
2878 1314 3028 1368 ferax
3078 1315 3351 1369 convertit
3371 1324 3428 1370 et
3452 1318 3758 1375 exundantis

522 1413 764 1469 ﬂuminis
788 1427 1012 1466 cursum
1038 1413 1221 1480 virgae
1247 1417 1452 1463 attactu
1484 1409 1539 1462 in
1571 1411 1854 1478 proprium
1881 1410 2096 1464 alveum
2117 1409 2353 1473 reduxit,
2384 1408 2529 1463 unde
2552 1416 2609 1463 et
2628 1410 2766 1463 alter
2792 1409 2966 1463 Moses
2990 1408 3172 1463 dictus
3193 1418 3309 1475 cst;
3340 1410 3435 1479 qui
3464 1409 3758 1465 futurorum

522 1508 903 1579 praedictione
934 1506 1072 1560 nulli
1110 1506 1515 1574 Prophetarum
1562 1504 1813 1570 inferior,
1860 1504 1956 1559 sed
1996 1505 2149 1559 varia
2201 1505 2600 1559 miraculorum
2632 1504 2948 1574 operatione
2997 1504 3187 1559 multis
3230 1504 3485 1574 superior
3525 1505 3755 1573 eﬁ'ectus,

521 1603 961 1672 Thaumaturgus
986 1601 1113 1654 inde
1137 1608 1219 1654 est
1249 1601 1572 1669 appellatus.

593 1697 733 1752 Tum
760 1699 1016 1761 Basilius,
1043 1697 1139 1767 qui
1167 1710 1334 1765 supra
1354 1703 1587 1749 aetatem
1620 1694 1839 1763 sapiens
1856 1691 2231 1762 duodeviginti
2282 1700 2493 1747 tantum
2529 1707 2703 1747 annos
2742 1700 2904 1747 natus
2939 1690 3219 1746 Seleuciae
3262 1690 3502 1747 Isauriae
3549 1693 3603 1748 in
3642 1693 3751 1763 Epie

526 1793 684 1863 scopi
711 1793 941 1863 gradum
968 1798 1197 1846 evectus
1228 1789 1539 1843 haereticae
1568 1789 1827 1859 pravitati
1854 1789 2115 1859 singulari
2136 1805 2242 1857 qua
2266 1789 2507 1858 pollebat
2534 1804 2657 1843 cum
2685 1788 2935 1842 doctrina
2964 1796 3077 1841 tum
3109 1788 3275 1843 animi
3304 1788 3624 1844 fortitudine
3651 1806 3759 1843 mu-

523 1899 647 1939 rum
680 1900 738 1939 se
767 1899 868 1953 pro
907 1884 1073 1938 domo
1102 1883 1197 1936 Dei
1228 1880 1489 1952 opposuit
1510 1897 1525 1945 ;
1550 1884 1645 1950 qui
1669 1888 1860 1935 coacto
1883 1880 2317 1935 Chalcedonensi
2345 1888 2565 1934 centum
2591 1880 2988 1951 quinquaginta
3024 1880 3411 1949 episcoporum
3456 1882 3681 1935 concilio
3710 1880 3758 1935 in

522 1980 720 2049 prinis
742 1979 921 2045 aﬁ'uit,
945 1978 1183 2033 Nicenae
1211 1978 1404 2050 synodi
1428 1977 1648 2032 decreta
1694 1977 2002 2032 sententiae
2047 1992 2177 2031 suae
2218 1977 2545 2032 auctoritate
2588 1976 2844 2042 ﬁrmavit,
2887 1983 2944 2030 et
2976 1976 3293 2033 Dioscorum
3334 1974 3463 2031 ﬁdei
3510 1978 3759 2034 vomicam

521 2072 811 2143 confregit.

590 2163 860 2217 Macarius
885 2162 1123 2232 denique.
1136 2161 1555 2216 eremicolarum
1581 2160 1769 2223 decus,
1798 2158 2075 2214 solitariae
2098 2160 2299 2229 quietis
2328 2161 2757 2225 amantissimus,
2784 2161 2878 2231 qui
2907 2167 3181 2215 transacto
3204 2160 3259 2213 in
3299 2159 3592 2215 solitudine
3619 2175 3758 2215 sexa—

519 2260 671 2330 ginta
701 2273 970 2312 annorum
1002 2258 1181 2312 stadio
1206 2257 1355 2311 nulla
1375 2272 1486 2310 non
1509 2256 1614 2310 fuit
1631 2262 1894 2324 expertus
1918 2254 2205 2325 religiosae
2258 2256 2478 2326 pietatis
2526 2256 2807 2311 exercitia.
2854 2255 2954 2311 Cui
2996 2255 3293 2310 daemonas
3345 2269 3554 2320 arcere,
3597 2255 3759 2309 varios

519 2353 743 2408 morbos
780 2368 997 2416 curare,
1020 2359 1077 2405 et
1103 2351 1301 2421 spiritu
1326 2351 1649 2420 pmphetico
1674 2350 1856 2403 futura
1887 2349 2205 2418 praedicere
2228 2349 2492 2405 familiare
2514 2350 2636 2405 iuit.
2667 2350 2771 2418 Qui
2803 2352 2859 2406 in
2907 2351 3124 2407 futurae
3153 2353 3573 2407 resurrectionis
3612 2351 3757 2407 ﬁdem

518 2443 589 2498 ad
614 2443 1008 2497 revincendum
1041 2442 1329 2496 cuiusdam
1357 2442 1663 2497 dubitantis
1685 2456 1931 2496 errorem
1963 2442 2212 2496 suscitati
2240 2444 2403 2497 etiam
2428 2445 2629 2498 mortui
2662 2444 2900 2499 hominis
2929 2445 3305 2500 testimonium
3332 2445 3631 2500 advocavit.
3670 2445 3756 2500 Cui

519 2544 840 2607 perspectae
864 2544 1024 2590 erant
1048 2536 1296 2590 cordium
1319 2536 1704 2607 cogitationes,
1726 2543 1785 2591 et
1821 2535 1916 2605 qui
1947 2535 2206 2591 continua
2232 2552 2404 2607 paene
2431 2538 2634 2591 mentis
2663 2537 2862 2591 ecstasi
2895 2537 3077 2592 adhuc
3107 2538 3163 2591 in
3196 2538 3365 2593 terris
3404 2538 3611 2609 positus
3661 2538 3757 2592 Deo

517 2629 850 2683 coniunctus
880 2628 1122 2681 vivebat.

588 2714 730 2783 Quid
752 2732 881 2787 ergo
915 2725 998 2771 est
1028 2716 1174 2786 quod
1195 2716 1253 2770 in
1282 2716 1405 2771 istis
1433 2715 1689 2771 Patribus
1715 2731 1825 2770 non
1854 2715 2015 2785 aequi
2047 2715 2287 2786 bonique
2316 2719 2567 2774 consulat
2588 2720 2673 2774 vir
2710 2719 2965 2790 sapiens?
3001 2718 3153 2789 Elige
3203 2720 3413 2790 itaque,
3460 2720 3547 2773 vir
3587 2719 3757 2774 claris‘

518 2804 679 2869 sime,
726 2813 822 2859 aut
870 2805 1037 2858 huius
1068 2804 1402 2868 facundiam,
1428 2813 1522 2857 aut
1546 2804 1693 2857 illius
1724 2803 2078 2873 probitatem,
2115 2816 2209 2861 aut
2234 2808 2394 2863 istius
2425 2809 2769 2879 sapientiam,
2796 2812 2883 2865 vel
2906 2810 3103 2865 melius
3143 2817 3445 2881 utrumque
3485 2812 3757 2880 amplected

520 2912 602 2953 re.
630 2896 809 2951 Habes
834 2897 983 2951 enim
1016 2896 1072 2949 in
1100 2895 1301 2966 triplici
1331 2904 1610 2949 tantorum
1658 2895 1904 2949 virorum
1937 2896 2153 2952 delectu
2180 2900 2519 2969 complexam
2547 2902 2793 2956 omnium
2830 2903 3121 2969 virtutum,
3162 2918 3311 2972 quae
3349 2904 3528 2957 virum
3561 2916 3755 2973 gravem

518 2991 912 3056 eondecorant,
950 2991 1451 3062 encyclopaediam.
1481 2989 1664 3044 Habes
1693 2988 1749 3044 in
1782 2991 1955 3045 sacris
1984 2991 2227 3062 ipsorum
2258 2998 2649 3062 monumentis,
2680 3010 2821 3066 quae
2850 2997 2965 3052 suis
3008 2998 3231 3068 scriptis
3256 2997 3566 3068 posteritati
3599 2994 3757 3050 consi‘

520 3092 779 3155 gnarunt,
811 3099 1126 3154 expressam
1142 3083 1209 3137 ad
1243 3083 1431 3136 vivum
1452 3097 1576 3135 cum
1602 3083 1849 3137 sincerae
1874 3084 2178 3150 doctrinae,
2212 3085 2220 3154 |
2254 3094 2369 3140 tum
2397 3086 2526 3141 ﬁdei
2568 3088 2887 3153 catholicae,
2938 3089 3047 3144 imo
3102 3089 3274 3160 ipsius
3320 3090 3537 3160 pietatis
3586 3085 3755 3155 imagis

520 3196 670 3235 nem.
701 3178 855 3236 Unde
887 3195 991 3235 nec
1025 3194 1228 3234 munus
1262 3188 1529 3241 nostrum,
1551 3177 1931 3247 qualecunque
1955 3188 2059 3245 est,
2091 3188 2244 3236 tanto
2297 3180 2419 3235 viro
2464 3181 2533 3237 de
2563 3198 2626 3237 re
2676 3182 2920 3239 Iiteraria
2974 3200 3136 3253 quam
3182 3185 3325 3239 bene
3370 3185 3562 3239 merito
3596 3181 3754 3248 minus

521 3272 751 3344 dignum
778 3271 1163 3326 indicavimus.
1202 3271 1317 3325 lmo
1348 3282 1515 3339 quem
1544 3282 1783 3338 aequum
1822 3284 2007 3322 rerum
2060 3273 2465 3327 aestimatorem
2506 3274 2895 3342 comperimus,
2940 3274 3121 3329 eidem
3172 3289 3338 3343 quem
3382 3274 3463 3329 rei
3502 3272 3753 3328 literariac

520 3373 803 3420 auctorem
818 3373 873 3419 et
891 3363 1157 3418 fautorem
1175 3370 1377 3433 sperat,
1392 3376 1492 3415 sua
1509 3360 1767 3430 quantula
1786 3368 1915 3414 sunt
1933 3364 2321 3420 muneradicat
2343 3365 2576 3420 societas
2597 3374 2781 3421 nostra
2804 3367 3209 3438 typographica.
3237 3366 3461 3422 Interim
3483 3366 3606 3421 dum
3622 3370 3754 3433 grata

510 3457 794 3535 Ibenignus
826 3456 1030 3527 accipis
1069 3455 1245 3511 nostri
1287 3456 1345 3510 in
1385 3454 1462 3509 Te
1512 3451 1683 3508 animi
1736 3464 2108 3521 monumenta,
2163 3458 2401 3527 excipiat
2429 3457 2741 3513 Altissimus
2763 3466 2888 3512 vota
2916 3466 3122 3525 nostra,
3143 3466 3201 3513 et
3228 3457 3307 3513 Te
3336 3472 3498 3529 quam
3527 3463 3754 3527 optamus

522 3550 642 3614 diu,
666 3566 792 3605 cum
826 3549 1103 3605 Ecclesiae
1136 3564 1267 3604 suae
1312 3554 1533 3603 sanctae
1572 3553 1687 3601 tum
1734 3544 1907 3599 totius
1936 3545 2141 3605 Galliae
2166 3548 2312 3604 bono
2344 3558 2524 3605 servet
2548 3549 2881 3605 incolumen.
2906 3550 3059 3606 Vale.

526 3642 752 3701 Vestrae
772 3642 1103 3701 Celsitudini
1124 3640 1463 3700 addictisimi

2499 3735 2725 3790 Michael
2748 3733 2997 3791 Sonnius.

2495 3805 2751 3860 Claudius
2781 3806 3053 3861 Horcllus.

2495 3874 2837 3931 Sebastianus
2867 3875 3165 3948 Cramoisy.

1187 4010 1479 4075 Sequuntur
1508 4012 1562 4063 S.
1588 4012 1816 4077 Gregorii
1842 4009 2196 4075 Thaumaturgi
2224 4013 2386 4076 Opera
2410 4026 2556 4076 pagg.
2590 4011 2752 4075 1-116,
2770 4014 2887 4063 dein
2911 4014 3086 4064 titulus
3108 4026 3127 4067 ε

1265 4112 1320 4156 S.
1362 4113 1585 4157 PATRIS
1625 4115 1880 4159 MACARII
1918 4116 2207 4161 AEGYPTII
2249 4115 2550 4159 HOMILIAE
2592 4114 3064 4169 QUINQUAGINTA

1484 4190 1727 4235 GRAECE
1767 4193 1845 4237 ET
1885 4194 2109 4238 LATINE
2151 4191 2530 4237 CONIUNCTXM
2571 4193 2797 4238 EDITAE

1357 4268 1747 4315 INTERPRETE
1774 4272 2018 4317 JOANNE
2058 4273 2193 4317 PICO
2242 4270 2308 4315 IN
2350 4272 2591 4316 SENATU
2630 4272 2978 4318 ΡΑιυειεΝει

1522 4350 1822 4395 οιΑεεῐωι
1862 4351 2425 4405 INQUISITORIARUM
2463 4348 2792 4396 PRAESIDE.

1472 4481 1702 4539 Joannis
1732 4485 1910 4542 Daval
1934 4486 2329 4560 Treportuensis
2361 4487 2599 4543 Doctoris
2633 4484 2876 4561 Theologi

1752 4579 1810 4632 in
1840 4578 2053 4634 laudem
2080 4581 2148 4635 ι).
2182 4580 2295 4634 Pici
2324 4581 2581 4651 praesidis

1980 4673 2353 4727 Hexasticlion.

1511 4784 1631 4852 Quo
1661 4786 1934 4842 celebrem
1967 4787 2168 4842 Macari
2190 4788 2421 4843 donabis
2461 4803 2691 4843 munere
2726 4788 2936 4854 Picum,

1512 4856 1617 4922 Qui
1648 4857 1937 4926 splendore
1964 4873 2064 4912 suo
2084 4858 2341 4914 candidat
2364 4858 2728 4921 Aethiopem?

2371 5007 2502 5063 cet.,
2534 5008 2591 5052 ut
2622 5000 2675 5053 in
2706 4994 2791 5053 Jo.
2827 4998 2941 5053 Pici
2967 4996 3306 5069 Praefatione
3327 5001 3397 5056 ad

2373 5072 2662 5123 versionem
2693 5069 2922 5123 latinam
2957 5070 3311 5125 Homiliarum
3332 5070 3390 5125 S.

2393 5139 2617 5193 Macarii
2647 5141 2889 5211 Aegyptii
2919 5158 3083 5211 supra
3105 5140 3207 5195 col.
3234 5140 3490 5197 297-298.

595 5258 828 5317 Ioannes
858 5254 1013 5312 Picus
1033 5254 1089 5309 in
1111 5260 1298 5308 senatu
1320 5249 1611 5308 Parisiensi
1642 5250 1891 5306 classium
1918 5252 2376 5324 inquisitoriarum
2419 5249 2637 5307 Praeses
2679 5262 2728 5306 et
2752 5256 2850 5324 piis
2894 5255 3133 5309 omnibus
3182 5255 3374 5311 Christi
3416 5262 3463 5307 et
3506 5248 3745 5307 Ecclesiae

526 5360 745 5408 sanctae
766 5342 1054 5403 cultoribus
1078 5345 1330 5399 salutem.

598 5445 774 5512 Quam
802 5442 1031 5511 antiqua
1058 5440 1130 5494 sit
1152 5448 1208 5494 et
1239 5438 1474 5495 illustris
1493 5438 1953 5494 anachoretarum
1980 5447 2035 5493 et
2061 5439 2453 5495 monachorum
2483 5438 2637 5511 origo
2661 5448 2795 5503 cet.,
2821 5446 2879 5491 ut
2902 5440 3093 5492 ibidem
3114 5457 3277 5512 supra
3302 5439 3401 5525 ςοι.
3435 5431 3670 5492 285—284-

1160 5573 1244 5628 Ea:
1287 5574 1471 5630 Suida.
2735 5571 2746 5593 ¹

2735 5571 2839 5627 Ἐκ
2867 5570 2987 5627 τῶν
3009 5574 3248 5628 Σουΐὸα.
3583 5656 3591 5660 Δ
3669 5650 3677 5660 ⁸

597 5669 717 5724 Duo
738 5668 962 5722 fuerunt
977 5667 1343 5731 Maeariicet.,
1366 5675 1420 5721 ut
1442 5668 1498 5722 in
1520 5665 1814 5722 Zachariae
1836 5663 2104 5721 Palthem'i

2280 5664 2384 5718 Δύο
2428 5665 2674 5733 ἐγένοντο
2702 5664 2977 5735 Μακάριοι
3012 5681 3065 5717 κ.
3098 5682 3148 5719 τ.
3180 5665 3258 5728 λ.,
3288 5673 3343 5717 ut
3377 5666 3427 5717 in
3472 5656 3737 5715 Zacharias

530 5758 873 5817 Praelatione
901 5775 1064 5829 supra
1087 5759 1191 5814 col.
1227 5758 1357 5843 310“:
2207 5756 2473 5812 Palthenii
2508 5756 2849 5826 Praefatione
2869 5771 3032 5827 supra
3066 5757 3163 5813 col.
3192 5756 3314 5814 509.
