4016 6448
316 357 424 417 517
1404 377 1837 434 HOMILLARUM
1874 377 1902 433 ε

2040 378 2251 436 manu
2282 382 2624 440 AEGYPTII.
3362 456 3369 465 ί
3519 391 3626 445 sis

1188 593 1416 650 Joannes
1443 598 1754 657 Trithemius
1782 603 1846 657 de
1874 608 2216 677 scriptoribus
2242 607 2528 663 Ecclesiae.

420 676 705 736 Macarius
729 686 1042 742 monachus
1063 686 1361 762 Aegyptius
1390 702 1521 760 cet.,
1550 707 1609 749 ut
1635 698 1760 753 ibid.
1794 717 1955 771 supra
1976 676 2077 755 col.
2107 703 2359 760 509-510.

1965 818 2039 836 ﬁ

1400 892 1604 953 Index
1636 896 1906 973 capitum
1941 896 2360 957 Homiliarum
2394 897 2593 957 sancti

1705 1001 1979 1062 Macarii
2014 1003 2333 1081 Aegyptii.

338 1089 345 1107 ’
447 1108 817 1180 Ἀλληγορικὴ
866 1110 1216 1180 παράφρασις
1249 1113 1349 1183 τῆς
1390 1116 1539 1187 παρὰ
1569 1118 1643 1189 τῷ
1687 1120 1924 1194 Ἰεζεκιὴ]

2116 1123 2503 1194 lnterpretatio
2532 1125 2824 1196 allegorica
2850 1126 3081 1182 visionis
3111 1127 3256 1200 apud
3276 1128 3619 1184 Ezechielcm

368 1200 443 1271 τῷ
461 1203 719 1272 προφήτῃ
734 1202 1122 1273 γεγραμμένης
1137 1204 1420 1269 ὀπτασίας.
1446 1209 1658 1280 Ὀμιλία
1686 1219 1752 1267 α’.
1770 1230 1890 1285 pag.
1915 1217 1941 1269 1

2047 1218 2368 1287 praphetam
2402 1218 2726 1289 descriptae.
2770 1219 3005 1275 Homilia
3038 1220 3089 1275 1.
3419 1238 3545 1293 pag.
3588 1219 3612 1275 1

442 1294 581 1364 [Ιιερλ⁵
622 1294 724 1363 τῆς
759 1294 1032 1363 βασιλείας
1072 1295 1166 1350 τοῦ
1214 1298 1469 1366 σκότους,
1500 1302 1646 1356 τοῦτ’
1683 1302 1817 1369 ἔστι,
1850 1309 1948 1378 τῆς

2118 1308 2193 1362 De
2222 1324 2389 1379 regno
2422 1310 2790 1377 tenebrarum,
2816 1312 2921 1367 hoc
2948 1320 3033 1368 est
3063 1323 3307 1383 peccato,
3344 1324 3402 1371 et
3446 1316 3618 1370 Deum

367 1385 678 1457 ἁμαρτία-ς’
714 1388 807 1440 καὶ
837 1388 918 1440 ὅτι
957 1389 1115 1459 μόνος
1143 1390 1172 1443 6
1203 1390 1335 1455 Θεὸς
1370 1392 1592 1449 δύναται
1630 1399 1806 1470 αἴρειν
1851 1401 1944 1469 ἀφ’

2047 1398 2223 1451 solum
2248 1414 2409 1467 posse
2436 1416 2468 1455 a
2491 1400 2651 1455 nobis
2685 1408 2968 1469 peccatum
2994 1404 3233 1468 auferre,
3258 1420 3321 1459 ac
3352 1421 3453 1460 nos
3476 1406 3618 1461 libe-

368 1477 533 1547 ἡμῶν
577 1479 679 1548 τὴν
728 1479 1035 1549 ἁμαρτίαν,
1084 1481 1177 1534 καὶ
1231 1482 1497 1553 ῥύσασθαι
1539 1489 1687 1560 ἡμᾶς
1734 1492 1798 1544 ὲκ
1845 1492 1947 1561 τῆς

2046 1505 2170 1545 rare
2192 1505 2222 1544 e
2243 1492 2374 1563 jugo
2395 1493 2679 1548 servitutis
2703 1495 2968 1565 principis
2997 1495 3349 1566 nequissimi.
3381 1497 3435 1551 2.
3549 1497 3618 1552 10

368 1569 616 1633 δουλείας
637 1570 732 1622 τοῦ
761 1570 1018 1641 ἄρχοντος
1039 1572 1132 1626 τοῦ
1173 1577 1432 1647 πονηροῦ.
1466 1578 1531 1649 β’.
1877 1584 1947 1639 10

446 1662 572 1714 Ὀτι
600 1663 647 1714 οἱ
674 1661 891 1731 ἀδελφοὶ
922 1665 981 1716 ὲν
1006 1663 1359 1738 είλικρινεία,
1395 1671 1453 1723 ὲν
1479 1672 1828 1745 ἀκεραιότητι
1845 1716 1860 1741 ,
1888 1678 1946 1731 ὲν

2113 1665 2268 1733 Quod
2308 1667 2507 1723 fratres
2547 1668 2603 1723 in
2653 1668 2993 1735 sinceritate,
3069 1670 3439 1741 simplicitate,
3483 1670 3618 1726 dile—

372 1752 566 1824 ἀγάπῃ
588 1753 682 1806 καὶ
730 1755 922 1827 εἰρήνῃ
961 1757 1079 1826 μετ’
1112 1755 1356 1829 ἀλλήλων
1396 1763 1701 1834 συνδιάγειν
1720 1807 1734 1830 ,
1760 1769 1855 1822 καὶ
1885 1770 1943 1822 έν

2044 1759 2225 1814 ctione
2261 1776 2325 1815 ac
2363 1776 2497 1831 pace
2526 1762 2669 1817 inter
2700 1776 2757 1816 se
2806 1764 3140 1829 conversari,
3180 1780 3243 1818 ac
3268 1764 3613 1835 cogitationi-

367 1846 490 1907 τοῖς
520 1844 629 1898 ἔσω
658 1845 935 1918 λογισμοῖς
960 1848 1145 1918 ἀγῶνα
1192 1853 1285 1905 καὶ
1324 1852 1557 1926 πόλεμον
1593 1860 1770 1913 ποιεῖν
1795 1859 1944 1931 ὀφεί-

2043 1851 2148 1906 bus
2170 1852 2404 1909 internis
2432 1853 2637 1909 bellum
2652 1855 2857 1911 inferre
2885 1855 3137 1911 debeant.
3170 1856 3223 1911 5.
3546 1854 3615 1909 15

368 1935 576 1993 λουσιν.
601 1943 669 1993 γ’.

444 1953 576 1993 saw.
654 1977 669 1992 .
1871 1954 1942 2008 i5

444 2033 553 2085 Τὸν
580 1943 776 2105 δῖόμον
818 2035 911 2089 τοῦ
939 2038 1149 2092 σταδίου
1192 2038 1287 2093 τοῦ
1324 2041 1529 2112 κόσμου
1558 2042 1747 2097 τούτου
1771 2060 1940 2116 προσ-

2109 2029 2342 2085 Cursum
2376 2030 2537 2086 stadii
2566 2030 2731 2102 hujus
2767 2030 2959 2086 mundi
3004 2038 3214 2086 attente
3255 2040 3312 2086 et
3360 2041 3613 2087 accurate

371 2126 613 2194 εχὸντως
662 2128 754 2179 καὶ
787 2129 1029 2200 ἀκριϐῶς
1073 2130 1388 2203 διέρχεσθαι
1414 2134 1496 2187 δεῖ
1531 2136 1656 2199 τοὺς
1684 2137 1941 2207 Χριστια-

2039 2118 2325 2174 absolvere
2353 2128 2573 2189 oportet
2608 2119 2971 2186 Christianos,
3015 2129 3080 2175 ut
3120 2123 3350 2177 Caeleste
3390 2138 3614 2193 praeco-

365 2219 517 2283 νοῦς,
555 2218 641 2271 ἵνα
679 2219 910 2273 ἐπαίνων
940 2222 1203 2293 οὐρανίων
1224 2224 1376 2296 παρὰ
1408 2224 1544 2281 Θεοῦ
1570 2226 1665 2281 καὶ
1693 2228 1941 2297 ἀγγέλων

2040 2210 2194 2264 nium
2227 2226 2259 2265 a
2284 2211 2396 2266 Deo
2422 2218 2477 2266 et
2512 2213 2720 2283 angelis
2751 2221 3175 2283 consequantur.
3210 2214 3263 2269 4.
3543 2214 3611 2270 16

369 2309 593 2379 τύχωσι.
627 2311 688 2364 δ’.
1872 2321 1939 2375 16

452 2400 624 2472 Πολλὴ
669 2403 997 2471 μετάστασις
1043 2405 1244 2475 μεταξὺ
1280 2407 1388 2463 τῶν
1444 2408 1785 2480 Χριστιανῶν
1845 2409 1939 2463 καὶ

2108 2402 2297 2473 Magna
2343 2403 2654 2459 diﬂ'erentia
2698 2404 2842 2459 inter
2884 2403 3225 2461 Christianos
3266 2414 3322 2461 et
3361 2406 3613 2465 homines

376 2490 672 2562 ἀνθρώπιον
703 2494 797 2546 τοῦ
843 2494 1045 2566 κόσμου
1087 2496 1298 2551 τούτου.
1329 2501 1379 2552 οἱ
1424 2500 1522 2568 μὲν
1566 2501 1675 2571 γὰρ
1721 2500 1939 2572 πνεῦμα

2040 2490 2206 2547 huius
2230 2494 2453 2549 saeculi.
2480 2494 2545 2549 Hi
2578 2495 2723 2549 enim
2751 2494 2945 2565 spiritu
2977 2497 3167 2551 mundi
3199 2497 3433 2567 praediti
3486 2498 3608 2552 ani-

368 2582 461 2635 τοῦ
495 2583 703 2653 κόσμου
744 2584 985 2655 ἔχοντες,
1020 2588 1084 2658 τῇ
1127 2588 1324 2661 καρδίᾳ
1372 2591 1464 2643 καὶ
1499 2590 1577 2663 τῷ
1622 2591 1698 2662 νῷ
1727 2595 1785 2645 ὲν
1828 2597 1939 2657 τοῖς

2039 2600 2129 2637 mo
2167 2591 2330 2639 tenus
2364 2600 2428 2639 ac
2472 2586 2638 2641 corde
2681 2589 3040 2643 terrestribus
3093 2589 3330 2644 vinculis
3368 2590 3607 2645 devincti

364 2671 576 2742 γηίνοις
600 2672 819 2743 θεσμοῖς
855 2675 1106 2729 δέδενται·
1135 2679 1182 2730 οἱ
1206 2678 1262 2731 δὲ
1287 2680 1385 2750 τὴν
1411 2680 1630 2750 ἀγάπην
1662 2681 1754 2734 τοῦ
1777 2683 1938 2734 έπου-

2038 2682 2187 2739 sunt,
2236 2676 2313 2728 illi
2366 2691 2500 2730 vero
2537 2676 2829 2732 dilectione
2878 2676 3129 2734 caelestis
3165 2680 3337 2749 patris
3377 2680 3605 2746 detenti,

364 2763 553 2833 ρανίου
587 2764 795 2836 πατρὸς
823 2766 1190 2831 ὲπιποθοῦσιν,
1218 2770 1379 2823 αὐτὸν
1422 2770 1581 2840 μόνον
1608 2771 1712 2842 πρὸ
1738 2771 1937 2841 ὀφθαλ-

2036 2783 2163 2821 eum
2201 2769 2377 2823 solum
2420 2768 2492 2823 ob
2534 2769 2720 2825 oculos
2763 2770 2819 2824 in
2869 2772 3017 2826 omni
3070 2772 3345 2827 desiderio
3382 2772 3604 2829 habent.

364 2854 487 2927 μῶν
515 2856 573 2908 ἐν
606 2856 773 2927 πολλῇ
806 2858 1067 2929 ἐπιθυμία
1092 2858 1324 2930 ἔχοντες.
1361 2867 1420 2914 ε’.
1869 2866 1930 2918 5|
2038 2856 2090 2910 5-
3536 2863 3602 2918 51

434 2946 502 2999 Ol
556 2946 871 3017 βουλόμενοι
913 2948 1033 3019 Θεῷ
1075 2951 1471 3020 εὐαρεστῆσαι.
1517 2953 1619 3018 τὰς
1660 2955 1826 3025 εὐχὰς
1880 2958 1938 3008 έν

2105 2947 2208 3014 Qui
2243 2950 2354 3005 Deo
2403 2950 2620 3020 placere
2676 2950 2923 3020 cupiunt,
2967 2966 3161 3021 preces
3214 2968 3340 3007 snas
3367 2952 3423 3007 in
3449 2969 3603 3023 pace,

358 3040 557 3111 εἰρήνῃ
580 3040 673 3093 καὶ
712 3041 912 3111 ἠσυχίᾳ
946 3042 1039 3095 καὶ
1083 3044 1381 3116 ήμερότητι
1419 3044 1512 3098 καὶ
1549 3046 1712 3118 σοφίᾳ
1765 3050 1936 3100 ποιεῖ-

2036 3041 2453 3111 tranquillitate,
2507 3042 2929 3097 mansuetudine
2986 3059 3050 3098 ac
3113 3044 3377 3114 sapientia
3428 3045 3606 3100 facere

360 3132 489 3185 σθαι
529 3132 872 3200 ὀφείλουσιν,
918 3134 1004 3189 ἵνα
1058 3135 1133 3207 μὴ
1175 3139 1442 3205 κραυγαῖς
1477 3139 1806 3209 κεχρημένοι
1858 3140 1937 3202 εἰς

2036 3130 2258 3195 debent,
2289 3147 2359 3186 ne
2385 3131 2568 3185 minus
2597 3131 2919 3187 decentibus
2965 3133 3296 3189 clamoribus
3334 3135 3439 3200 usi,
3483 3151 3605 3190 om-

360 3225 568 3286 πὰντας
616 3224 985 3286 σκανδαλίζων
1018 3226 1026 3295 |
1057 3244 1167 3281 ται.
1222 3228 1432 3298 συνέχει
1460 3228 1517 3281 δὲ
1550 3231 1585 3299 ὴ
1617 3229 1801 3299 ὁμιλία
1840 3229 1936 3300 ζη-

2036 3224 2200 3279 nibus
2229 3222 2544 3278 scandalum
2578 3225 2586 3293 |
2617 3223 2851 3293 pariant.
2897 3222 3155 3279 Continet
3195 3241 3326 3280 vero
3382 3225 3606 3281 homilia

356 3320 541 3388 τήσεις
571 3317 699 3380 δύο,
745 3321 796 3371 ει
834 3320 883 3371 ot
923 3318 1099 3390 θρόνοι
1145 3322 1237 3374 καὶ
1281 3324 1330 3375 oi
1373 3323 1624 3392 στέφανοι
1662 3326 1935 3396 κτίσματά

2036 3315 2172 3370 duas
2209 3314 2579 3385 quaestiones,
2612 3324 2796 3369 utrum
2832 3316 3020 3370 throni
3067 3325 3124 3371 et
3175 3331 3409 3371 coronae
3449 3332 3604 3371 crea-

359 3410 528 3473 είσιν,
595 3411 689 3463 καὶ
755 3412 887 3480 περὶ
945 3410 1054 3464 τῶν
1120 3412 1330 3469 δώδεκα
1396 3415 1603 3487 θρόνων
1667 3416 1762 3470 τοῦ
1866 3418 1935 3469 ’1-

2036 3415 2191 3462 turae
2212 3408 2343 3472 sint,
2372 3415 2429 3461 et
2456 3405 2525 3461 de
2547 3405 2839 3463 duodecim
2871 3408 3086 3463 thronis
3113 3408 3298 3463 Israel.
3328 3409 3381 3464 6.
3534 3407 3605 3464 58

358 3503 549 3573 σραήλ.
583 3508 657 3567 ς’.
1124 3540 1127 3543 λ
1866 3509 1935 3564 58

428 3595 559 3669 Περὶ
588 3597 689 3669 τῆς
733 3596 1105 3671 χρηστότητος
1143 3597 1238 3653 τοῦ
1280 3599 1517 3669 Χριστοῦ
1560 3601 1696 3673 πρὸς
1719 3603 1811 3656 τὸν
1839 3605 1932 3659 ἄνα

2104 3599 2181 3653 De
2233 3591 2524 3653 clementia
2576 3596 2779 3652 Christi
2840 3612 2969 3668 erga
3014 3596 3299 3664 homines;
3357 3596 3601 3653 continet

359 3688 587 3759 θρωπον.
617 3692 840 3762 συνέχει
872 3694 963 3749 καὶ
1000 3696 1031 3764 ἡ
1076 3691 1260 3766 ὁμιλία
1301 3690 1558 3767 ζητήσεις
1583 3694 1677 3750 καὶ
1705 3696 1934 3769 ἀποκρί-

2032 3691 2201 3748 etiam
2277 3687 2503 3745 humilia
2572 3686 3027 3759 interrogationes
3097 3694 3154 3741 et
3218 3689 3601 3759 responsiones

365 3796 475 3842 σεις
496 3782 642 3846 τινὰς
676 3782 871 3853 σχεδὸν
897 3784 1127 3849 ἀτόπους
1160 3784 1193 3856 ἢ
1224 3787 1480 3857 ματαίας.
1515 3784 1581 3850 ζ’.
1860 3788 1931 3840 42

2034 3785 2302 3854 quasdam
2334 3783 2505 3836 ferme
2535 3781 2750 3851 ineptas
2774 3790 2869 3835 aut
2899 3779 3137 3834 frivolas.
3161 3779 3211 3833 7.
3531 3782 3601 3836 Ω

434 3869 550 3942 Περὶ
580 3871 695 3925 τῶν
742 3872 1151 3942 συμϐαινόντων
1190 3878 1302 3939 τοῖς
1346 3878 1691 3947 Χριστιανοῖς
1730 3877 1930 3948 μεταξὺ
1958 3857 2001 3916 c

2103 3876 2179 3929 De
2196 3874 2281 3928 his
2301 3888 2439 3943 quae
2456 3874 2779 3942 contingunt
2798 3870 3124 3926 Christianis
3143 3871 3286 3925 inter
3306 3871 3595 3938 orandum,

357 3961 447 4015 τοῦ
474 3964 633 4034 εὐχὰς
655 3963 956 4027 ποιεῖσθαι,
982 3966 1074 4019 καὶ
1100 3967 1227 4037 περὶ
1251 3967 1359 4021 τῶν
1390 3969 1601 4039 μέτρων
1620 3968 1721 4036 τῆς
1741 3968 1935 4021 τελειό-

2031 3974 2087 4021 et
2134 3966 2202 4020 de
2258 3964 2517 4035 gradibus
2566 3963 2938 4034 perfectionis,
2983 3970 3169 4017 utrum
3225 3962 3479 4018 videlicet
3528 3964 3597 4018 ad

353 4071 541 4124 τητος,
570 4056 784 4126 δηλαδὴ
820 4058 869 4108 εί
917 4059 991 4119 είς
1024 4058 1082 4110 τὸ
1124 4058 1321 4131 μέτρον
1353 4058 1413 4112 τὸ
1442 4059 1645 4115 τέλειον
1677 4059 1930 4133 ἔρχεσθαι

2031 4055 2333 4125 perfectum
2394 4054 2621 4125 gradum
2672 4053 2957 4124 pervenire
3014 4052 3225 4124 possint
3277 4052 3593 4109 Christiani.

348 4145 600 4201 δύνανται
633 4149 685 4200 ot
716 4148 1047 4216 Χριστιανοί.
1081 4156 1151 4221 η’.
1861 4149 1931 4204 46
2033 4148 2085 4201 8.
3530 4146 3600 4201 46

423 4238 532 4299 Τὰς
548 4239 886 4307 ἐπαγγελίας
912 4240 1004 4292 καὶ
1034 4241 1369 4312 προφητείας
1390 4241 1484 4295 τοῦ
1507 4241 1641 4296 Θεοῦ
1668 4242 1754 4296 διὰ
1782 4260 1931 4313 παμ-

2101 4236 2497 4292 Promissiones
2541 4252 2605 4291 ac
2653 4236 2971 4306 prophetias
3021 4235 3234 4291 divinas
3286 4252 3385 4308 per
3422 4237 3599 4292 varias

355 4330 605 4401 ποικίλης
633 4331 957 4400 δοκιμασίας
1005 4332 1097 4385 καὶ
1131 4336 1437 4403 πειράσεως
1466 4335 1893 4408 διαπληροῦσθαι
1913 4351 1928 4365 ο

2030 4329 2383 4398 probationes
2432 4337 2490 4381 et
2537 4328 2868 4381 tentationes
2918 4328 3165 4399 impleri,
3221 4338 3277 4383 et
3334 4329 3437 4383 soli
3487 4328 3600 4384 Deo

354 4420 453 4472 καὶ
487 4420 628 4490 μόνῳ
647 4421 726 4491 τῷ
750 4420 872 4491 Θεῷ
896 4424 1431 4495 προσκαρτεροῦντας
1451 4424 1769 4496 λυτροῦσθαι
1784 4428 1931 4497 ἡμᾶς

2029 4420 2378 4474 adhaerendo
2428 4420 2649 4475 liberari
2706 4436 2806 4475 nos
2858 4421 2927 4476 ab
2981 4421 3422 4477 infestationibus
3463 4421 3596 4476 dae-

355 4508 467 4562 ἀπὸ
496 4510 605 4563 τῶν
625 4510 718 4563 τοῦ
747 4513 983 4581 πονηροῦ
1008 4513 1331 4583 πειράσεων.
1364 4514 1429 4569 θ’.
1859 4519 1928 4571 49
2028 4512 2226 4565 monis.
2271 4510 2323 4564 9.
3527 4512 3600 4567 49

425 4600 904 4672 Ταπεινοφροσύνῃ
936 4606 1026 4655 καὶ
1054 4604 1329 4676 προθυμίᾳ
1355 4603 1674 4669 διασώζεται
1706 4607 1800 4660 καὶ
1826 4608 1926 4660 αῦ-

2097 4602 2416 4657 Humilitate
2457 4612 2513 4657 et
2554 4602 2832 4659 alacritate
2872 4603 3181 4660 retinentur
3230 4612 3287 4659 et
3329 4613 3597 4674 augentur

355 4690 509 4757 ξεται
556 4694 623 4746 τὰ
659 4694 804 4763 δῶρα
837 4696 933 4766 τῆς
982 4694 1131 4759 θείας
1161 4696 1381 4767 χάριτος
1404 4711 1421 4728 ⁸
1469 4698 1697 4771 ἑπάρσει
1725 4698 1782 4751 δὲ
1834 4698 1927 4751 καὶ

2026 4688 2169 4744 dona
2219 4689 2424 4757 gratiae
2471 4690 2722 4757 divinae,
2777 4694 3035 4763 superbia
3080 4703 3261 4749 autem
3296 4703 3351 4748 et
3380 4695 3593 4764 ignavia

357 4783 604 4854 ῥᾳθυμία
631 4786 941 4839 ἀπόλλυται.
982 4793 1035 4840 ι’.
1686 4843 1691 4847 .
1856 4790 1925 4843 54

2024 4779 2351 4850 perduntur.
2378 4779 2463 4834 1θ.
3524 4784 3594 4838 54

424 4874 540 4944 Τὴν
582 4875 805 4946 δύναμιν
848 4875 942 4929 τοῦ
982 4877 1137 4944 ἁγίου
1173 4876 1478 4948 πνεύματος
1522 4879 1579 4931 ὲν
1611 4881 1679 4950 τῇ
1727 4880 1925 4951 καρδίᾳ

2093 4871 2364 4927 Virtutem
2397 4874 2573 4928 sancti
2604 4874 2844 4945 Spiritus
2876 4876 2930 4930 in
2953 4877 3118 4931 corde
3148 4874 3459 4930 bominisse
3492 4873 3592 4927 ha-

350 4959 453 5014 τοῦ
486 4962 770 5034 ἀνθρώπου
816 4961 951 5018 εἶναι
988 4966 1064 5029 ὡς
1117 4966 1245 5037 τῶρ-
1300 4968 1392 5019 καὶ
1433 4967 1592 5022 τίνων
1652 4969 1923 5047 χρῄζομεν

2023 4960 2154 5016 bere
2178 4960 2352 5015 instar
2395 4961 2568 5033 ignis,
2613 4974 2669 5020 et
2711 4966 2914 5036 quibus
2946 4967 3113 5021 rebus
3142 4966 3482 5036 indigeamus
3523 4964 3590 5019 ad

350 5052 497 5123 πρὸς
537 5054 599 5106 το
639 5054 1006 5127 διακρίνεσθαι
1048 5058 1174 5119 τοὺς
1209 5056 1500 5128 λογισμοὺς
1530 5060 1588 5111 ἐν
1620 5062 1685 5130 τῇ
1726 5061 1922 5131 καρδία

2023 5053 2443 5108 discernendum
2467 5056 2826 5125 c0gitationes
2856 5059 2911 5112 in
2945 5058 3109 5113 corde
3132 5058 3514 5121 scaturientes,
3536 5066 3592 5111 et

356 5143 638 5215 βρύοντας.
675 5147 767 5199 καὶ
801 5147 1039 5215 περὶτοῦ
1071 5147 1261 5218 νεκροῦ
1284 5147 1459 5216 ὄφεως
1492 5150 1570 5212 είς
1592 5150 1652 5201 τὸ
1683 5153 1918 5222 ἀκρότα-

2023 5144 2090 5198 de
2122 5153 2374 5213 serpente
2416 5155 2634 5201 mortuo
2679 5149 2746 5203 ad
2782 5149 3173 5204 sublimitatem
3206 5149 3335 5220 ligni
3372 5166 3401 5204 a
3443 5149 3588 5235 Mose

354 5250 449 5288 τον
486 5236 578 5289 τοῦ
617 5236 772 5300 ξύλου
820 5238 969 5307 παρὰ
1013 5239 1255 5301 Μωσέως
1301 5242 1829 5312 προσπεπηγμένου,
1860 5244 1918 5307 ὃς

2020 5235 2178 5290 afﬁxo
2207 5234 2299 5304 qui
2331 5242 2490 5306 typus
2526 5236 2627 5292 fuit
2648 5238 2869 5295 Christi.
2893 5240 3148 5296 Continet
3176 5257 3391 5312 quoque
3416 5230 3590 5297 homi-

354 5326 523 5391 τύπος
561 5329 774 5397 ἐγένετο
808 5329 901 5380 τοῦ
948 5329 1205 5401 Χριστοῦ.
1242 5331 1453 5400 συνέχει
1486 5333 1579 5384 καὶ
1614 5332 1695 5405 [ἡ]
1740 5334 1923 5404 ὁμιλία

2021 5326 2093 5379 lia
2130 5325 2529 5395 disputationes
2576 5328 2732 5395 duas,
2763 5347 2927 5385 unam
2970 5331 3190 5401 quidem
3234 5332 3435 5387 Christi
3460 5347 3585 5387 cum

350 5416 729 5489 διαλογισμοὺς
756 5418 867 5471 δύω
902 5419 1089 5490 ἕτερον
1119 5419 1214 5489 μὲν
1242 5418 1475 5491 Χριστοῦ
1510 5423 1647 5491 μετὰ
1689 5424 1782 5476 τοῦ
1833 5443 1924 5479 πο-

2019 5417 2355 5485 nequissimo
2396 5424 2602 5485 satana,
2635 5421 2863 5476 alteram
2897 5437 3031 5478 vero
3067 5432 3416 5493 peccatorum
3459 5437 3584 5477 cum

348 5508 517 5579 νηροῦ
551 5511 755 5564 σατανᾶ
772 5545 803 5575 ,ι
825 5509 1047 5582 θάτερον
1076 5512 1131 5564 δὲ
1163 5513 1269 5564 τῶν
1289 5513 1627 5585 ἁμαρτωλῶν
1655 5515 1792 5585 μετὰ
1820 5516 1916 5570 τοῦ
2025 5508 2240 5563 COdem.
2278 5511 2367 5568 11.
3516 5512 3585 5570 57

349 5601 537 5657 αὐτοῦ.
576 5609 641 5653 ια’
1850 5608 1916 5662 57

420 5692 556 5763 Περὶ
582 5693 682 5761 τῆς
712 5692 951 5757 στάσεως
977 5694 1070 5747 τοῦ
1128 5694 1297 5765 Ἀδὰμ
1339 5696 1445 5767 πρὸ
1474 5694 1568 5748 τοῦ
1602 5698 1913 5768 παρασῆναι

2091 5709 2165 5764 De
2189 5719 2331 5766 statu
2354 5712 2521 5778 Adae,
2553 5722 2843 5785 antequam
2864 5712 3336 5785 transgrederetur
3362 5711 3583 5768 manda—

346 5784 509 5837 αὒτὸν
537 5785 632 5857 τὴν
664 5785 883 5855 ιντολὴν
909 5787 1001 5839 τοῦ
1030 5786 1187 5840 Θεοῦ’
1216 5789 1309 5841 καὶ
1339 5789 1476 5859 μετὰ
1494 5789 1555 5842 τὸ
1586 5791 1747 5843 αὑτὸν
1776 5792 1911 5845 ἀπο-

2021 5806 2133 5852 tum
2158 5800 2279 5861 Dei.
2299 5810 2353 5855 et
2387 5811 2674 5873 postquam
2701 5784 2889 5859 amisit
2921 5784 3199 5871 propriam
3214 5818 3277 5859 ac
3294 5801 3580 5858 caelestem
