4016 6440
476 378 582 461 319

1467 396 1858 454 PRAEFATIO
1895 395 1987 452 AD
2024 394 2403 452 EDITIONEM
2442 395 2554 451 AN.
2603 391 2889 450 MDCXXH

3650 389 3746 450 $9.0

478 517 789 588 imaginem.
815 515 1075 573 Continet
1095 529 1316 585 quoque
1343 513 1568 569 homilia
1599 511 1864 584 quasdam
1897 525 2065 583 quae-

2182 508 2320 562 téaat
2347 509 2440 563 καὶ
2463 509 2564 577 τὴν
2597 505 2731 560 ίδίαν
2755 507 2941 561 είκόνα
2971 506 3066 562 καὶ
3097 509 3199 579 τὴν
3225 507 3573 581 ἐπουράνιον.
3629 525 3747 562 συν·

475 611 686 666 stiones
709 610 937 664 omnino
963 609 1145 663 utiles.
1169 608 1260 662 12.
1307 677 1310 684 Ι
1988 603 2060 659 65

547 786 719 854 Quem
743 787 986 843 fructum
1008 803 1038 843 a
1067 787 1402 843 Christianis
1416 787 1560 842 Deus
1575 786 1779 848 exigat.
1820 783 1909 838 15.
1991 783 2063 838 74

547 977 652 1045 Qui
687 978 1047 1049 cogitationes
1076 993 1140 1032 ac
1179 986 1419 1031 mentem
1466 977 1578 1030 Deo
1627 975 1922 1039 dedicant,
1948 973 2060 1028 hoc

477 1069 582 1123 sub
620 1084 717 1139 spe
749 1069 1233 1123 illuminandorum
1272 1069 1558 1123 oculorum
1604 1067 1788 1122 cordis
1832 1066 2058 1131 faciunt,

479 1177 544 1215 ac
589 1161 736 1216 Deus
779 1160 1092 1216 huiusmodi
1143 1160 1197 1214 in
1247 1176 1459 1215 summa
1509 1176 1605 1214 san
1639 1160 1649 1231 ι
1680 1159 1941 1213 ctimonia
1999 1174 2064 1214 ac

480 1248 724 1321 puritate
778 1249 1056 1322 mysteriis
1112 1249 1311 1321 dignos
1360 1258 1612 1319 reputat,
1654 1265 1718 1304 ac
1771 1249 2065 1320 participes

481 1340 609 1394 facit
639 1342 760 1396 illos
786 1341 993 1412 gratiae
1016 1356 1166 1395 suae.
1191 1339 1442 1410 Quidque
1472 1340 1612 1394 bona
1647 1340 1903 1394 caelestia
1928 1356 2061 1393 con-

479 1433 725 1488 secuturi
761 1448 922 1503 agere
951 1431 1266 1486 debeamus.
1300 1432 1540 1487 Tandem
1567 1432 1811 1502 Apostoli
1849 1442 1906 1486 et
1933 1448 2035 1502 pro

480 1524 683 1594 phetae'
718 1526 1092 1580 assimilantur
1136 1526 1304 1580 radiis
1338 1526 1608 1580 solaribus
1640 1542 1737 1595 per
1770 1525 2064 1581 fenestram

481 1617 759 1688 ingressis.
788 1619 958 1673 Docet
985 1620 1206 1688 quoque
1233 1618 1483 1682 homilia,
1515 1635 1656 1688 quae
1696 1620 1770 1674 sit
1813 1627 1960 1674 terra
1981 1635 2068 1674 sa-

480 1718 641 1765 tanae
667 1719 723 1763 et
746 1726 888 1781 quae
917 1711 1266 1781 angelorum.
1299 1719 1359 1765 ct
1388 1711 1535 1781 quod
1557 1719 1789 1782 utraque
1811 1727 1913 1767 nec
1932 1728 2067 1767 con-

482 1801 706 1856 trectari
740 1817 843 1855 nec
871 1801 1048 1855 videri
1090 1801 1289 1872 possit.
1329 1800 1416 1855 14.
1999 1802 2068 1856 75

2134 603 2279 672 -έχει
2308 603 2404 657 καὶ
2448 604 2483 675 ὴ
2531 599 2718 671 ὁμιλία
2740 598 2998 672 ζητήσεις
3029 601 3185 666 τινας
3233 605 3380 658 πάνυ
3428 600 3749 671 ὠφελίμους.

2163 693 2252 749 ιβ’.
3682 693 3751 747 65

2218 701 2252 749 '.
3721 693 3748 744 εἰ

2187 693 2338 840 βὋν
2367 786 2579 840 καοπὸν
2611 785 2820 856 ἀπαιτῇ
2853 784 2882 838 6
2910 782 3044 850 Θεὸς
3079 783 3230 859 παρὰ
3254 783 3364 838 τῶν
3393 692 3748 856 Χριστιανιῖῗν.

2164 883 2233 948 ιγ’
2241 917 2255 932 .
3693 875 3753 930 74

2232 973 2296 1026 01
2313 973 2440 1028 τοὺς
2454 969 2751 1041 λογισμοὺς
2773 969 2866 1023 καὶ⁹
2891 967 2982 1022 τὸν
3009 968 3135 1024 νοῦν
3158 969 3237 1040 τῷ
3259 968 3384 1040 Θεῷ
3411 968 3752 1030 ἐπιδίδοντες,

2161 1060 2307 1116 τοῦτ’
2345 1061 2433 1114 ἐπ’
2468 1060 2642 1114 ἐλπίδι
2672 1059 2766 1112 τοῦ
2799 1058 3133 1129 φωτισθῆναι
3161 1064 3286 1124 τοὺς
3317 1057 3636 1131 ὀφθαλμοὺς
3657 1057 3752 1126 τῆς

2164 1151 2392 1224 καρδίας
2426 1149 2660 1217 ποιοῦσι,
2687 1150 2783 1204 καὶ
2813 1153 2840 1204 6
2862 1151 2997 1214 Θεὸς
3013 1152 3287 1215 τοιούτους
3307 1153 3369 1205 ὲν
3395 1149 3646 1220 ἁγιότητι
3666 1149 3752 1206 καὶ

2164 1247 2493 1319 καθαρότητι
2527 1248 2536 1317 |
2571 1245 2801 1318 μεγίστῃ
2823 1247 3142 1320 μυστηρίων
3164 1246 3326 1310 ἀξιοῖ,
3358 1244 3457 1298 καὶ
3477 1244 3756 1316 μεταδίδω·

2167 1354 2252 1391 σιν
2272 1338 2455 1402 αὐτοῖς
2473 1339 2539 1390 ἐκ
2569 1338 2666 1407 τῆς
2703 1337 2922 1410 χάριτος
2943 1336 3131 1394 αὑτοῦ.
3159 1338 3254 1394 καὶ
3276 1337 3330 1389 τί
3349 1334 3576 1405 ἀγαθῶν
3605 1338 3755 1390 ἐπου-

2169 1429 2367 1503 ρανίων
2394 1431 2577 1500 τυχεῖν
2615 1428 2927 1501 βουλόμενοι
2953 1433 3126 1483 ποιεῖν
3152 1429 3466 1501 ὀφείλομεν.
3511 1427 3694 1482 λοιπὸν
3713 1429 3757 1481 οἱ

2166 1521 2453 1580 ἀπόστολοι
2495 1519 2590 1573 καὶ
2611 1522 2658 1573 oi
2685 1523 2962 1594 προφῆται
3001 1521 3400 1592 ἀφομοιοῦνται
3417 1522 3542 1583 ταῖς
3557 1521 3757 1572 ἀκτῖσιν

2166 1613 2318 1683 ἡλίου
2355 1612 2444 1666 διὰ
2469 1613 2684 1682 θυρίδος
2712 1613 3144 1684 είσερχομέναις.
3165 1613 3413 1667 διδάσκει
3456 1613 3551 1665 καὶ
3579 1612 3613 1682 ἡ
3641 1613 3756 1680 ὁμι-

2168 1705 2280 1768 λία,
2309 1703 2392 1767 τίς
2435 1707 2466 1774 ὴ
2501 1707 2572 1776 γῆ
2595 1705 2689 1759 τοῦ
2722 1708 2950 1770 σατανᾶ,
2985 1705 3077 1758 καὶ
3108 1704 3192 1768 τίς
3224 1703 3334 1757 τῶν
3373 1702 3647 1772 ἀγγέλων,
3673 1703 3756 1756 καὶ

2167 1801 2252 1854 ὅτι
2278 1799 2560 1871 ἀμφοτέρα
2586 1799 2939 1870 ἀψηλάφητος
2973 1800 3066 1853 καὶ
3093 1795 3352 1868 ἀόρατος.
3384 1799 3447 1852 ιδ’
3455 1835 3472 1852 .
3699 1796 3758 1849 ’ῖὸ

555 1893 726 1946 Docet
748 1885 981 1946 homilia'
1022 1893 1160 1946 haec
1204 1893 1437 1963 prolixe,
1471 1908 1582 1962 quo
1613 1901 1772 1962 pacto
1797 1894 1978 1949 anima
2013 1894 2068 1947 in

2242 1891 2494 1944 Διδάσκει
2520 1890 2658 1964 αὕτη
2694 1894 2728 1963 ἡ
2759 1892 2946 1963 ὁμιλία
2977 1893 3064 1946 διὰ
3099 1891 3334 1957 πολλῶν,
3383 1889 3507 1954 πῶς
3545 1889 3642 1962 τὴν
3668 1888 3759 1961 ψυι

483 1985 774 2042 sanctitate
790 2025 805 2049 ,
829 1985 1085 2040 castitate
1110 2000 1174 2040 ae
1199 1986 1434 2056 puritate
1453 2001 1582 2058 erga
1618 2000 1876 2055 sponsum
1907 2002 2070 2040 suum

483 2073 766 2130 Christum
806 2076 1016 2140 .lcsum,
1047 2075 1394 2131 Scrratorcm
1428 2076 1642 2141 mundi,
1674 2093 1733 2132 se
1758 2094 1949 2149 gerere
1979 2078 2075 2133 de-

485 2167 632 2222 beat.
679 2168 940 2246 Continet
987 2184 1121 2222 vero
1156 2168 1422 2238 quasdam
1467 2169 1822 2238 quaestiones
1859 2185 2075 2224 summa

485 2260 739 2314 doctrina
772 2259 1024 2324 refertas,
1051 2259 1336 2324 videlicet,
1373 2268 1558 2314 utrum
1587 2261 1643 2314 in
1671 2263 2074 2315 resurrectione

485 2351 671 2405 omnia
701 2351 951 2405 membra
981 2361 1292 2423 resurgant,
1318 2360 1374 2405 et
1396 2351 1531 2407 alias
1563 2352 1805 2408 inﬁnitas
1831 2353 1899 2408 de
1919 2353 2071 2418 vitio,

486 2441 556 2497 de
586 2443 779 2513 gratia,
813 2441 882 2497 de
913 2442 1173 2498 libertate
1209 2443 1427 2500 arbitrii
1456 2452 1514 2498 et
1553 2443 1824 2516 dignitate
1858 2446 2076 2516 generis

487 2537 736 2591 humani.
773 2537 861 2593 15.
2008 2536 2077 2590 78

558 2630 886 2701 Spirituales
915 2630 1171 2686 homines
1208 2629 1478 2686 obnoxios
1519 2645 1640 2685 esse
1681 2629 2078 2684 tentationibus

486 2736 654 2795 atque
700 2723 1085 2780 afﬂictionibus
1135 2739 1204 2778 ex
1229 2723 1414 2795 primo
1451 2731 1677 2796 peccato
1726 2722 2078 2778 scaturienti—

489 2817 615 2872 bus.
657 2816 745 2870 16.
1976 2814 2080 2868 103

560 2907 638 2962 De
677 2906 950 2980 spirituali
975 2905 1418 2962 Christianorum
1442 2906 1700 2960 unctione
1723 2915 1780 2960 ct
1807 2905 2001 2976 gloria,
2023 2915 2081 2960 et

490 2998 640 3070 quod
688 2999 898 3068 absque
943 2997 1167 3053 Christo
1212 2999 1415 3054 salvari
1457 3007 1552 3054 aut
1587 2997 1754 3052 vitam
1795 3007 2079 3052 aeternam

490 3091 756 3160 consequi
788 3090 1128 3162 impossibile
1157 3089 1246 3143 sit.
1284 3091 1373 3145 17.
1977 3089 2080 3142 110

562 3185 639 3240 De
668 3185 931 3239 thesauro
956 3182 1434 3247 Christianorum,
1473 3181 1733 3236 videlicet
1767 3180 1988 3236 Christo
2023 3189 2080 3236 et

493 3276 703 3348 Spiritu
729 3285 953 3342 saneto,
992 3275 1162 3336 variis
1196 3276 1375 3331 modis
1404 3283 1696 3330 exercente
1729 3289 1826 3330 eos
1848 3273 1918 3328 ad
1950 3289 2078 3344 per-

491 3367 789 3439 fectionem
813 3359 1234 3438 assequendam.
1273 3368 1361 3422 18.
1980 3365 2080 3420 117

566 3458 864 3515 Christiani
901 3460 1172 3530 prolicere
1202 3468 1260 3515 et
1285 3474 1535 3515 crescere
1571 3459 1842 3522 volentes,
1879 3457 2083 3512 debent

494 3568 554 3609 se
595 3552 648 3608 vi
675 3553 1007 3624 compellere
1041 3551 1108 3608 ad
1139 3567 1301 3607 omne
1335 3552 1391 3607 id
1438 3551 1585 3622 quod
1629 3552 1834 3607 bonum
1879 3560 1982 3615 est,
2023 3557 2084 3604 ut

496 3647 803 3706 liberentur
833 3645 902 3700 ab
933 3645 1278 3701 inhabitante
1307 3655 1554 3718 peccato,
1575 3655 1633 3702 et
1659 3646 1868 3717 Spiritu
1894 3655 2084 3702 sancto

495 3741 836 3810 repleantur.
863 3739 952 3794 19.
1983 3741 2086 3796 122

568 3827 730 3882 Solus
748 3827 1024 3893 Christus,
1052 3844 1220 3883 verus
1247 3828 1495 3885 medicus
1520 3830 1803 3887 interioris
1822 3830 2082 3897 hominis,

496 3932 696 3974 sanare
725 3927 909 3992 potest
937 3920 1202 3988 animam,
1248 3937 1480 3991 eamque
1516 3923 1846 3979 vestimento
1876 3926 2084 3994 gratiae

499 4027 629 4067 suae
655 4027 944 4067 exornare.
981 4011 1070 4066 20.
1983 4017 2084 4072 127

567 4099 884 4154 Christiano
916 4100 1130 4159 homini
1156 4101 1361 4172 duplex
1409 4103 1682 4159 incumbit
1723 4105 1960 4169 bellum,
2005 4109 2089 4162 in-

499 4200 718 4248 ternum
774 4192 1032 4248 videlicet
1081 4201 1137 4247 et
1185 4203 1516 4261 externum;
1588 4196 1695 4252 hoc
1753 4198 1976 4267 quidem
2031 4200 2086 4253 in

501 4301 630 4340 rece
662 4284 672 4355 l
704 4284 887 4340 dendo
915 4299 1042 4338 eum
1087 4299 1120 4338 a
1162 4284 1615 4342 distractionibus
1653 4289 1920 4353 terrenis,
1953 4287 2090 4343 illud

500 4392 636 4432 vero
661 4379 717 4433 in
743 4376 909 4432 corde
938 4376 1204 4434 adversus
1241 4379 1602 4450 cogitationes
1629 4381 1924 4451 spirituum
1947 4380 2090 4454 [ma-

503 4462 728 4535 lorum].
770 4464 864 4518 21.
1989 4469 2092 4524 150

2173 1983 2274 2056 χὴν
2308 1984 2366 2035 ὲν
2404 1983 2651 2054 ἁγιότητι
2697 1987 2793 2037 καὶ
2833 1984 3091 2054 ἁγνότητι
3136 1983 3227 2038 καὶ
3260 1982 3603 2055 καθαρότητι
3637 1980 3758 2051 πρὸς

2172 2074 2264 2128 τὸν
2299 2075 2532 2145 νυμφίον
2572 2073 2747 2146 αὐτῆς
2783 2074 3017 2148 Χριστὸν
3057 2074 3265 2146 Ἰησοῦν
3296 2074 3390 2128 τὸν
3423 2074 3644 2146 σωτῆρα
3673 2070 3757 2126 τοῦ

2175 2167 2379 2237 κόσμου
2427 2167 2534 2239 χρὴ
2575 2167 2904 2222 διακεῖσθαι.
2955 2168 3168 2238 συνέχει
3207 2167 3266 2221 δέ
3310 2182 3470 2229 τινας
3511 2165 3758 2237 ζητήσεις

2175 2257 2378 2327 πολλῆς
2409 2258 2758 2323 διδασκαλίας
2787 2259 3083 2330 γεμούσας,
3117 2258 3324 2329 δηλαδὴ
3352 2261 3402 2311 εἰ
3431 2255 3491 2310 ὲν
3511 2260 3579 2329 τῇ
3603 2260 3758 2310 ἀνασ-

2174 2351 2328 2403 τάσει
2344 2350 2440 2403 ὃλα
2460 2349 2526 2402 τὰ
2556 2349 2695 2421 μέλη
2718 2349 3070 2416 ἁνίστανται;
3095 2352 3189 2408 καὶ
3207 2349 3380 2414 ἄλλας
3413 2349 3615 2422 μυρίας
3642 2344 3757 2419 περὶ

2174 2442 2270 2498 τοῦ
2301 2442 2473 2497 κακοῦ
2509 2443 2729 2512 καὶ-τῆς
2757 2448 2979 2516 χάριτος
3013 2445 3106 2497 καὶ
3150 2445 3244 2498 τοῦ
3290 2443 3644 2510 αὑτεξουσίου
3673 2443 3756 2497 καὶ

2175 2534 2277 2605 τῆς
2305 2533 2590 2604 ἀξιότητος
2623 2531 2718 2588 τοῦ
2749 2535 2937 2603 γένους
2974 2535 3085 2590 τῶν
3115 2533 3444 2608 ἀνθρώπων.
3477 2541 3558 2589 ιε’.
3677 2534 3754 2588 78.

2248 2625 2389 2688 Τοὺς
2445 2627 2852 2695 πνευματικοὺς
2915 2625 3234 2696 ἀνθρώπους
3293 2625 3621 2679 ὑποκεῖσθαι
3660 2626 3759 2686 τοῖς

2177 2720 2504 2792 πειρασμοῖς
2544 2719 2639 2774 καὶ
2679 2717 2892 2788 θλίψεσι
2939 2721 3060 2782 ταῖς
3105 2720 3172 2773 ἐκ
3224 2718 3457 2791 πρώτης
3497 2717 3757 2789 ἁμαρτίας

2181 2810 2495 2883 βρυούσαις.
2540 2817 2638 2876 ις’.
3667 2806 3758 2863 105

2252 2905 2390 2976 Περὶ
2431 2905 2532 2976 τῆς
2579 2907 2958 2977 πνευματικῆς
2989 2904 3099 2959 τῶν
3140 2903 3490 2976 Χριστιανῶν
3543 2903 3755 2976 κρίσεως

2180 2998 2275 3051 καὶ
2305 2997 2464 3070 δόξης
2492 3039 2508 3064 ,
2563 2999 2657 3052 καὶ
2698 2997 2781 3052 ὃτι
2818 2999 2948 3052 ἄνευ
2988 2996 3224 3069 Χριστοῦ
3263 2997 3506 3070 σωθῆναι
3548 2997 3582 3069 ἢ
3627 2994 3755 3062 ζωῆς

2179 3094 2400 3147 αἰωνίου
2447 3093 2679 3165 μέτοχον
2712 3093 2954 3162 γίνεσθαι
3004 3093 3267 3146 ἀδύνατόν
3289 3094 3430 3147 ἐστι.
3463 3092 3546 3157 ιζ’.
3668 3087 3754 3141 110

2253 3185 2394 3256 Περὶ
2431 3183 2528 3239 τοῦ
2558 3184 2837 3257 θησαυροῦ
2871 3183 2981 3238 τῶν
3027 3185 3396 3258 Χριστιανῶν,
3437 3181 3634 3254 δηλαδὴ
3672 3176 3754 3231 τοῦ

2182 3277 2424 3350 Χριστοῦ
2470 3279 2567 3334 καὶ
2598 3277 2908 3348 πνεύματος
2934 3279 3091 3348 ἁγίου
3113 3316 3128 3342 ,
3156 3277 3434 3350 διαφόρως
3479 3272 3754 3332 ἀσκοῦντος

2182 3366 2380 3442 αὐτοὺς
2407 3368 2543 3440 πρὸς
2562 3367 2623 3424 τὸ
2645 3369 2852 3438 φθάσαι
2868 3370 2949 3432 εἰς
2962 3368 3064 3440 τὴν
3091 3369 3433 3439 τελειότητα.
3463 3373 3551 3436 ιη’.
3644 3362 3752 3418 117.

2257 3460 2322 3512 Οἱ
2344 3458 2660 3529 Χριστιανοὶ
2689 3458 3021 3526 προκόπτειν
3049 3458 3144 3512 καὶ
3165 3458 3498 3526 αὐξάνεσθαι
3519 3451 3752 3527 βουλόμει

2183 3565 2264 3604 νοι
2288 3548 2593 3619 ὀφείλουσιν
2616 3549 2844 3611 ἑαυτοὺς
2863 3548 3146 3619 βιάζεσθαι
3167 3549 3307 3621 πρὸς
3339 3551 3447 3604 πᾶν
3471 3547 3532 3602 τὸ
3549 3542 3754 3615 ἀγαθὸν,

2185 3635 2326 3694 ὥστε
2355 3639 2681 3712 λυτροῦσθαι
2726 3641 2922 3703 αὐτοὺς
2959 3640 3070 3696 ἀπὸ
3098 3644 3196 3710 τῆς
3243 3639 3563 3712 ὲνοικούσης
3597 3638 3755 3706 ἁμαρ·

2184 3731 2326 3796 τίεις.
2361 3733 2458 3786 καὶ
2501 3729 2815 3804 πνεύματος
2843 3734 3002 3802 ἁγίου
3035 3723 3402 3805 πληροῦσθαι.
3439 3730 3524 3787 ιθ’.
3665 3725 3756 3782 122

2257 3825 2434 3887 Μόνος
2467 3827 2497 3880 ὁ
2539 3826 2805 3902 Χριστὸς,
2839 3827 2868 3881 6
2911 3826 3166 3898 ἀληθινὸς
3194 3827 3293 3880 τοῦ
3337 3827 3446 3881 ἔσω
3489 3819 3753 3894 ἀνθρώπου

2190 3917 2394 3988 ἰατρὸς,
2425 3916 2764 3990 θεραπεῦσαι
2790 3917 3014 3972 δύναται
3040 3918 3140 3990 τὴν
3157 3917 3360 3990 ψυχὴν,
3390 3915 3485 3972 καὶ
3510 3913 3670 3983 αὐτὴν
3689 3904 3755 3976 τῷ

2186 4009 2288 4077 τῆς
2315 4009 2538 4079 χάριτος
2569 4006 2826 4080 ὲνδύματι
2854 4005 3243 4078 διακοσμῆσαι.
3279 4013 3350 4060 κ’.
3665 3993 3753 4051 ίῖῗ

2259 4100 2350 4170 Τῷ
2373 4099 2686 4171 Χριστιανῷ
2706 4099 2982 4172 ἀνθρώπῳ
3005 4099 3190 4163 διπλὸς
3212 4101 3501 4172 πρόκειται
3523 4094 3750 4162 πόλεμος.

2189 4191 2456 4264 ὲσώτερος
2475 4193 2674 4265 δηλαδὴ
2695 4194 2791 4248 καὶ
2815 4193 3099 4265 ὲξώτερος·
3131 4195 3161 4248 6
3193 4192 3294 4264 μὲν
3323 4195 3381 4246 ἐν
3415 4194 3424 4261 |
3455 4191 3529 4261 τῷ
3552 4186 3752 4256 ἀφίστα-

2192 4283 2318 4337 σθαι
2349 4285 2510 4338 αὐτὸν
2544 4284 2944 4358 περισπασμῶν
2978 4286 3203 4357 γηΐνων,
3234 4285 3265 4338 6
3299 4285 3358 4338 δὲ
3388 4286 3446 4336 ὲν
3473 4283 3536 4352 τῇ
3579 4273 3755 4348 καρδίὲ

2193 4375 2330 4448 πρὸς
2365 4375 2660 4450 λογισμοὺς
2701 4377 2810 4431 τῶν
2848 4377 3181 4449 πνευμάτων
3212 4380 3314 4450 τῇς
3344 4375 3620 4446 πονηρίας.
3661 4371 3751 4421 καό

3665 4455 3754 4509 150

572 4553 649 4608 De
689 4552 898 4624 duplici
931 4562 1080 4609 statu
1126 4568 1344 4619 eorum,
1381 4554 1480 4625 qui
1523 4569 1592 4610 ex
1630 4555 1738 4612 hac
1774 4555 1886 4613 vita
1922 4557 2079 4614 dece-

2265 4560 2402 4632 Περὶ
2422 4560 2616 4631 διπλῆς
2645 4561 2889 4625 στάσεως
2913 4560 3020 4614 τῶν
3044 4561 3110 4614 ὲκ
3135 4559 3229 4614 τοῦ
3258 4561 3376 4632 βίου
3405 4556 3588 4612 τούτου
3621 4549 3752 4616 ἐξερ-

503 4642 663 4698 dunt.
685 4642 777 4696 22.

573 4732 1050 4800 Quemadmodum
1091 4733 1298 4804 regiam
1328 4749 1393 4790 ac
1413 4738 1712 4805 pretiosam
1737 4738 2090 4810 margaritam

503 4832 722 4893 gestare
755 4822 934 4877 solum
967 4832 1220 4893 possunt,
1263 4824 1356 4893 qui
1399 4839 1468 4879 ex
1506 4825 1659 4896 regio
1704 4827 1916 4882 semine
1961 4837 2095 4883 sunt

504 4916 746 4984 pronati,
771 4915 967 4970 eodem
1007 4914 1172 4972 modo
1210 4917 1506 4972 caelestem
1527 4919 1882 4990 margaritam
1914 4922 2092 4976 solum

506 5008 636 5063 ﬁliis
656 5008 751 5062 Dei
772 5018 985 5078 gestare
1016 5009 1168 5064 licet.
1203 5008 1291 5062 25.
1990 5014 2094 5070 154

1986 4648 2092 4702 155

579 5184 766 5238 Status
805 5182 1248 5240 Christianorum
1287 5185 1485 5241 similis
1528 5195 1614 5242 est
1654 5199 1998 5246 mercaturae
2037 5206 2071 5246 e

508 5274 940 5333 fermentationi.
970 5276 1208 5333 Perinde
1233 5278 1381 5332 enim
1417 5293 1482 5332 ae
1508 5293 1846 5337 mercatores
1876 5291 2097 5338 terrena

507 5367 858 5424 accumulant
877 5366 1138 5432 lucra,sic
1163 5369 1241 5424 illi
1257 5370 1534 5442 dispersas
1557 5389 1656 5443 per
1684 5374 1791 5434 hoc
1810 5377 2093 5432 saeculum

507 5459 889 5531 cogitationes.
936 5459 1006 5513 Et
1043 5461 1507 5530 quemadmodum
1546 5464 1880 5537 fermentum
1926 5479 2096 5526 totam

501 5547 745 5633 inia'ssam
770 5551 954 5606 reddit
980 5551 1385 5621 fermentatam,
1424 5559 1504 5613 sic
1526 5557 1856 5617 fermentum
1885 5565 2096 5633 peccati

501 5627 831 5716 :universum
856 5658 1031 5714 genus
1068 5644 1217 5700 Adae
1246 5651 1541 5716 percurrit.
1596 5653 1800 5710 Verum
1841 5627 2097 5712 Christus

503 5707 750 5784 lcaeleste
793 5731 1056 5788 bonitatis
1103 5734 1432 5791 fermentum
1477 5739 1734 5800 fidelibus
1769 5745 1968 5802 animis
2009 5747 2095 5800 in-

511 5820 714 5876 fundit.
755 5821 824 5876 24
1996 5839 2098 5894 156

2192 4650 2418 4722 χόντων.
2447 4650 2540 4722 κβ’.
3665 4635 3753 4692 15⁵

2276 4742 2364 4806 Ὠς
2384 4744 2476 4798 τὸν
2520 4743 2806 4814 βασιλικὸν
2840 4745 2934 4798 καὶ
2973 4745 3275 4817 πολύτιμον
3313 4738 3646 4816 μαργαρίτην
3673 4746 3752 4798 ‘Po’

2195 4843 2353 4908 ρέσαι
2388 4835 2547 4908 μόνον
2583 4837 2839 4892 δύνανται
2868 4839 2917 4893 oi
2945 4840 3010 4894 ὲκ
3055 4838 3150 4892 τοῦ
3188 4840 3504 4911 σπέρματος
3549 4828 3635 4882 τοῦ
3667 4823 3750 4893 βα-

2195 4926 2386 4990 σιλέως
2411 4927 2782 4998 γεννηθέντες·
2825 4929 2917 4982 τὸν
2948 4929 3111 4983 αὑτὸν
3153 4929 3357 5000 τρόπον
3405 4925 3495 4978 τὸν
3525 4916 3752 4987 οὐράνιον

2205 5019 2553 5091 μαργαρίτην
2614 5022 2776 5092 μόνον
2823 5024 2938 5087 τοῖς
2985 5022 3081 5075 τοῦ
3121 5022 3258 5076 Θεοῦ
3297 5020 3503 5078 τέκνοις
3550 5006 3752 5080 φορέῖαι

2194 5109 2392 5176 ἔξεστι,
2420 5110 2521 5179 κγ’.
3660 5094 3750 5151 1⁵⁵

2277 5200 2344 5254 Ἦ
2372 5203 2561 5266 στάσις
2580 5200 2689 5258 τῶν
2709 5203 3052 5277 Χριστιανῶν
3086 5205 3229 5260 ἔοικε
3252 5208 3320 5277 τῇ
3342 5197 3573 5275 ἐμπορίᾳ
3593 5193 3678 5248 καὶ

2197 5290 2463 5362 ζυμώσει·
2499 5291 2689 5366 ὥσπερ
2714 5296 2823 5367 γὰρ
2846 5297 2897 5350 οἱ
2923 5297 3153 5368 ἔμποροι
3174 5300 3244 5351 τὰ
3271 5299 3434 5367 γήϊνα
3462 5288 3614 5354 κέρδη
3647 5281 3752 5374 tm:

2209 5384 2522 5454 συνάγθυσι.
2541 5383 2716 5452 οὕτως
2738 5389 2831 5442 καὶ
2845 5391 3048 5444 ἐκεῖνοι
3074 5383 3588 5460 διασκορπισμένους
3613 5374 3666 5423 ἐν
3685 5380 3749 5432 τῳ

2196 5475 2354 5530 αἰῶνι
2402 5476 2718 5550 λογισμούς.
2747 5482 2843 5534 καὶ
2891 5481 3080 5556 ὥσπερ
3127 5485 3160 5555 ἡ
3218 5481 3362 5554 ζύμη
3396 5475 3608 5548 φύραμα
3647 5463 3748 5556 δλῗν

2198 5568 2574 5641 ἀπεργάζεται
2598 5571 2801 5643 ζύμην,
2829 5572 3003 5638 οὕτως
3092 5553 3238 5647 ζύμη
3266 5553 3362 5644 ξῆς
3382 5562 3634 5640 ἁμαρτίας
3654 5553 3745 5606 πᾶν

2199 5659 2356 5729 γένος
2375 5661 2471 5715 τοῦ
2517 5663 2689 5734 ’Δδὰμ
2711 5665 3004 5738 διατρέχιι.
3056 5667 3199 5738 πλὴν
3226 5670 3254 5722 ὁ
3281 5661 3505 5736 Χριστὸς
3527 5648 3746 5721 οὺράνιον

2199 5755 2538 5892 ἀγαθότητος
2581 5759 2765 5833 ζύμην
2807 5767 2930 5828 ταῖς
2984 5766 3208 5829 πισταῖί
3251 5761 3445 5834 ψυχαῖς
3485 5747 3742 5884 “ﬂeui;

2201 5853 2298 5892 κθ-

2201 5853 2298 5902 κδ’.
