4016 6418
330 324 431 381 521

1382 325 1821 384 IIOMILIARUM
1860 326 1917 382 S.
1961 324 2244 381 MACARII
2284 326 2625 383 AEGYPTII.

3524 328 3630 385 522

409 442 669 497 Διδάσκει
700 443 849 515 αὕτη
890 446 925 516 ἡ
959 444 1170 516 ὁμιλία,
1210 444 1299 498 ὅτι
1329 444 1506 507 οὐδεὶς
1532 443 1859 515 ἀνθρώπων,
1887 444 1937 495 εἰ

2113 444 2283 497 Docet
2326 443 2462 497 haec
2504 443 2764 509 humilia,
2816 444 3030 499 nullum
3082 447 3398 512 nominem,
3453 449 3559 503 nisi
3596 466 3629 505 a

351 537 425 607 μὴ
459 535 810 607 δυναμωθεὶς
863 536 968 590 ὑπὸ
990 536 1085 589 τοῦ
1133 534 1392 607 Χριστοῦ,
1432 535 1544 587 τῶν
1571 534 1666 588 τοῦ
1698 532 1938 605 πονηροῦ

351 626 667 680 σκανδάλων
715 626 1094 699 περιγίνεσθαι
1127 625 1323 697 ίσχύειο
1368 626 1464 679 καὶ
1492 625 1546 678 τί
1572 625 1655 679 δεῖ
1680 625 1810 688 τοὺς
1841 624 1940 695 τῆς

352 721 501 784 θείας
538 719 701 788 δόξης
729 707 1093 791 ὀρεγομένους
1136 718 1420 791 πράττειν.
1452 716 1700 771 διδάσκει
1734 716 1830 771 καὶ⁵
1856 716 1941 770 ὅτι

350 815 439 869 διὰ
478 814 767 885 παρακοῆς
805 812 902 866 τοῦ
965 812 1134 882 Ἀδάμ
1181 812 1262 873 είς
1297 810 1538 864 δουλείαν
1586 810 1687 880 τῆς
1738 807 1943 879 σαρκὸς

353 905 543 959 παθῶν
585 904 953 975 κατήλθομεν,
987 905 1080 973 ἀφ’
1112 898 1181 975 ἧς
1229 902 1320 957 διὰ
1357 902 1453 955 τοῦ
1502 904 1559 955 ὲν
1597 900 1678 972 τῷ
1723 898 1943 972 σταυρῷ

356 999 661 1069 μυστηρίου
712 998 978 1069 ῥυόμεθα.
1027 995 1274 1050 παιδεύει
1300 996 1485 1049 λοιπὸν
1520 997 1667 1067 ἡμᾶς
1688 1037 1701 1057 ,
1731 995 1814 1049 ὅτι
1842 1010 1941 1065 με·

350 1089 494 1159 γάλη
525 1091 644 1143 ἐστὶ
672 1089 781 1142 τῶν
802 1088 1056 1160 δακρύων
1081 1088 1175 1143 καὶ
1208 1087 1302 1142 τοῦ
1330 1087 1473 1142 θείου
1498 1086 1668 1171 πυρὸς
1688 1085 1938 1157 δύναμις.

353 1188 453 1238 κε’.
1838 1177 1941 1233 159

423 1276 564 1346 Περι
602 1275 704 1345 τῆς
735 1274 1016 1345 ἀξιότητος
1039 1316 1054 1340 ,
1084 1276 1179 1330 καὶ
1221 1277 1320 1347 τῆς
1343 1275 1677 1346 τιμιότητος,
1718 1272 1815 1327 καὶ
1840 1271 1944 1342 τῆς

350 1369 666 1439 δυνάμεως,
701 1369 797 1421 καὶ
840 1369 939 1439 τῆς
983 1368 1248 1440 ἐργασίας
1281 1369 1381 1439 τῆς
1418 1367 1691 1420 ἀθανάτου
1740 1363 1940 1434 ψυχῆς,

354 1464 449 1516 καὶ
479 1463 597 1526 πῶς
635 1461 773 1532 αὑτὴ
808 1460 916 1514 ὑπὸ
946 1460 1040 1514 τοῦ
1077 1462 1286 1514 σατανᾶ
1324 1460 1680 1532 πειράζεται,
1712 1458 1806 1511 καὶ
1842 1457 1943 1527 τῆς

354 1553 765 1625 ἐλευθερώσεως
799 1553 907 1606 ἀπὸ
930 1552 1040 1605 τῶν
1060 1553 1383 1624 πειρασμῶν
1407 1554 1688 1623 τυγχάνει.
1730 1550 1943 1621 συνέχει

351 1648 409 1701 δὲ
440 1645 700 1717 ζητήσεις
730 1645 884 1708 τινὰς
923 1646 1065 1699 πάνυ
1110 1646 1313 1717 πολλῆς
1351 1644 1703 1708 διδασκαλίας
1741 1643 1943 1715 γεμού-

354 1756 476 1802 σας.
507 1744 622 1802 κς’.
1838 1733 1943 1788 144

2041 532 2262 589 Christo
2286 535 2727 598 corroboratum.
2747 535 3002 590 scandala
3024 537 3346 605 nequissimi
3367 553 3629 608 superare

2042 640 2225 695 posse,
2254 635 2311 681 et
2345 626 2479 696 quid
2526 626 2615 691 iis,
2654 626 2751 697 qui
2793 626 3034 681 divinam
3068 628 3301 698 gloriam
3341 638 3627 699 appetunt,

2042 716 2334 787 agendum.
2363 717 2535 772 Docet
2556 734 2797 788 quoque,
2828 733 2933 774 nos
2959 734 3059 789 per
3086 719 3521 776 inobedientiam
3560 723 3628 776 ad

2043 810 2368 864 servitutem
2393 811 2577 865 carnis
2608 810 2863 866 redactos
2899 827 3043 878 esse,
3082 828 3253 882 a'qua
3283 829 3383 884 per
3421 824 3630 886 myste-

2044 901 2190 955 rium
2217 903 2400 958 crucis
2429 903 2753 958 liberamur.
2798 905 3029 960 Instruit
3062 905 3305 976 denique
3354 922 3475 971 nos,
3510 923 3630 961 ma-

2043 1007 2206 1062 gnam
2256 1009 2378 1049 esse
2422 995 2778 1050 lacrimarum
2817 1004 2875 1051 et
2918 997 3061 1069 ignis
3105 998 3279 1054 divini
3308 998 3627 1055 eﬂicaciam.

2043 1084 2132 1139 25.
3527 1093 3632 1148 159

2115 1261 2192 1315 De
2217 1262 2503 1333 dignitate,
2538 1266 2896 1335 praestantia,
2922 1268 3180 1323 facultate
3206 1280 3263 1325 et
3300 1272 3633 1342 operationi-

2044 1351 2149 1407 bus
2176 1353 2502 1411 immortalis
2527 1356 2763 1423 animae,
2789 1368 2847 1413 et
2878 1374 2986 1429 qua
3016 1361 3228 1417 ratione
3255 1378 3321 1417 ea
3360 1380 3389 1417 a
3432 1364 3632 1421 Satana

2045 1454 2292 1501 tentetur
2312 1456 2371 1502 et
2404 1448 2797 1505 liberationem
2830 1466 2862 1505 e
2895 1452 3298 1509 tentationibus
3321 1470 3631 1527 consequa-

2045 1544 2154 1591 tur.
2217 1538 2478 1596 Continet
2531 1557 2665 1596 vero
2714 1543 3066 1612 quaestiones
3107 1546 3372 1616 quasdam
3417 1564 3633 1605 summa

2044 1629 2294 1688 doctrina
2320 1633 2570 1690 refertas.
2603 1635 2695 1693 26.
3528 1645 3632 1700 tu

424 1832 565 1901 Περὶ
597 1829 697 1900 τῆς
741 1829 1025 1900 ἀξιότητος
1058 1829 1156 1882 καὶ
1185 1828 1428 1893 στάσεως
1472 1830 1567 1884 τοῦ
1610 1828 1939 1901 Χριστιανοῦ

2114 1823 2448 1894 Dignitatem
2486 1835 2543 1881 et
2579 1833 2784 1883 statum
2815 1827 3119 1885 Christiani
3140 1831 3383 1887 hominis
3410 1834 3633 1905 copiosa

352 1924 646 1995 ἀνθρώπου
686 1922 776 1977 διὰ
817 1922 1029 1977 πολλῶν
1059 1922 1390 1995 διηγουμένη
1439 1923 1677 1977 διατελεῖ
1713 1923 1856 1996 αὕτη
1906 1926 1940 1997 ἡ

349 2018 581 2088 ὁμιλία,
612 2017 688 2081 ὡς
738 2016 836 2071 καὶ
880 2018 915 2087 ὴ
967 2017 1375 2088 προηγουμένη.
1414 2017 1620 2090 ’ἔπειτα
1655 2019 1785 2091 περὶ
1844 2018 1940 2072 τοῦ

350 2109 701 2175 αὐτεξουσίου
727 2108 1094 2180 πανωφέλιμα
1115 2110 1289 2164 πολλά
1312 2110 1575 2177 διδάσκει,
1594 2109 1943 2183 ἀναμιγνῦσα

352 2206 611 2276 ζητήσεις
638 2204 791 2268 τινὰς
820 2205 971 2269 θείας
1001 2206 1192 2274 σοφίας
1228 2203 1479 2275 πλήρεις.
1514 2201 1614 2268 κζ’.
1654 2202 1664 2274 |
1837 2202 1943 2287 150

422 2297 726 2369 Διαγράφει
752 2297 847 2352 καὶ
870 2298 1201 2370 ἀποδύρεται
1233 2295 1376 2368 αὕτη
1398 2298 1430 2367 ή
1461 2296 1647 2367 ὁμιλία
1677 2297 1778 2366 τὴν
1804 2296 1943 2367 ξυμ-

359 2392 524 2463 φορὰν
556 2391 657 2462 τῆς
697 2392 898 2463 ψυχῆς,
942 2395 1025 2447 ὅτι
1063 2394 1156 2448 διὰ
1192 2393 1295 2463 τὴν
1341 2392 1616 2464 ἁμαρτίαν
1654 2394 1684 2446 ό
1736 2392 1943 2463 Κύριος

359 2487 453 2537 οὐκ
477 2485 619 2537 οἰκεῖ
642 2486 700 2537 ἒν
727 2485 888 2557 αὐτῇ.
930 2485 1027 2539 καὶ
1048 2485 1176 2558 περὶ
1196 2484 1291 2539 τοῦ
1332 2486 1590 2540 Ἰωάννου
1618 2484 1714 2539 τοῦ
1744 2484 1943 2555 βαπτι-

354 2578 503 2643 στοῦ,
532 2580 618 2632 ὅτι
640 2578 816 2644 οὐδεὶς
841 2579 901 2633 ὲν
921 2580 1202 2652 γεννητοῖς
1234 2578 1512 2649 γυναικῶν
1540 2577 1707 2633 αὐτοῦ
1738 2578 1942 2650 μείζων

348 2670 491 2722 ἐστί.
519 2675 630 2742 κη’.
1158 2730 1161 2735 ν
1834 2668 1943 2723 167

418 2760 584 2817 Κατά
604 2758 788 2814 διπλδν
804 2759 1007 2832 τρόπον
1033 2763 1133 2823 τὰς
1154 2759 1463 2831 οίκονομίας
1492 2759 1592 2831 τῆς
1620 2759 1841 2831 χάριτος
1865 2761 1948 2825 είς

345 2854 411 2908 τὸ
436 2854 596 2923 γένος
622 2852 720 2923 τῆς
744 2851 1165 2923 ἀνθρωπάτητος
1193 2850 1549 2923 ἐξεργάζεται
1576 2852 1605 2903 ὁ
1632 2851 1785 2916 Θεὸς,
1814 2852 1945 2923 μέλ-

345 2942 462 2996 λων
502 2941 605 3012 τῆς
648 2940 818 3012 αὐτῆς
862 2942 1111 3013 καρποὺς
1149 2942 1209 2995 ἐν
1256 2941 1453 3013 δικαίῳ
1503 2941 1733 3014 κρίματι
1783 2943 1947 2999 πάλιν

348 3037 679 3106 ἀπαιτῆσαι.
708 3033 812 3088 κθ’.
1841 3038 1946 3094 170

434 3126 535 3183 Ἐκ
564 3126 660 3182 τοῦ
688 3127 848 3196 ἁγίου
882 3126 1194 3198 πνεύματος
1219 3127 1302 3182 δεῖ
1325 3128 1652 3200 γεννηθῆναι
1681 3130 1781 3204 τὴν
1810 3132 1942 3203 μέλ·-
1969 3167 2012 3226 C

344 3219 550 3275 λουσαν
586 3219 845 3274 εἰσελθεῖν
886 3221 968 3284 είς
1005 3218 1285 3291 βασιλείαν
1327 3219 1465 3274 Θεοῦ
1509 3219 1708 3293 ψυχήνο
1754 3223 1850 3277 καὶ
1881 3223 1941 3277 δν

344 3312 555 3383 τρόπον
591 3311 749 3365 τοῦτο
772 3311 1019 3384 γένηται.
1056 3311 1122 3367 λ’.
1839 3316 1945 3374 174

422 3406 517 3458 Δεῖ
555 3402 646 3457 τὸν
674 3402 1001 3459 πιστεύοντα
1047 3404 1456 3477 μεταλλαγῆναι
1497 3404 1592 3461 τοῦ
1626 3408 1718 3461 νοῦ
1753 3408 1942 3472 αὑτοῦ,

351 3497 447 3552 καὶ
479 3498 685 3560 πάντας
706 3498 834 3560 τοὺς
866 3496 1162 3568 λογισμοὺς
1185 3500 1266 3563 είς
1294 3498 1429 3553 Θεὸν
1456 3498 1754 3569 συλλέγειν,
1783 3501 1840 3552 ἐν
1864 3495 1945 3564 οἷς

348 3587 571 3657 ἀληθῶς
593 3590 742 3643 πᾶσα
764 3589 1010 3644 διακονία
1036 3587 1135 3642 τοῦ
1172 3588 1308 3643 Θεοῦ
1332 3592 1468 3646 ἐστι.
1494 3591 1598 3647 λα’.
1842 3592 1944 3647 1⁸⁷9

435 3680 501 3733 Ἦ
527 3681 654 3746 δόξα
680 3681 790 3736 τῶν
816 3681 1159 3752 Χριστιανῶν
1185 3682 1295 3736 ἀπὸ
1312 3683 1408 3737 τοῦ
1434 3683 1531 3737 νῦν
1547 3684 1606 3737 ὲν
1624 3686 1744 3749 ταῖς
1764 3685 1945 3738 αὐτῶν

360 3772 551 3842 ψυχαῖς
583 3773 833 3845 ὲμμένει,
864 3773 1133 3842 μέλλουσα
1167 3774 1227 3829 ὲν
1267 3775 1349 3847 τῷ
1380 3775 1560 3847 καιρῷ
1585 3776 1687 3847 τῆς
1709 3776 1947 3830 ἀναστά-

362 3881 495 3923 σεως
521 3866 903 3939 φανερωθῆναι
936 3866 1033 3918 καὶ
1061 3864 1283 3930 δοξάσαι
1310 3865 1379 3920 τά
1403 3865 1632 3937 σώματα
1666 3866 1789 3921 κατ’
1814 3869 1949 3922 ἀνα-

354 3957 540 4025 λογίαν
576 3957 679 4028 τῆς
706 3956 888 4011 αὐτῶν
920 3955 1224 4019 εὐσεϐείας.
1255 3955 1358 4027 λβ’.
1842 3956 1947 4010 182

436 4050 821 4114 Ἀδιαλείπτως
863 4049 959 4103 καλν
996 4048 1283 4121 προσεχῶς
1320 4049 1404 4104 δεῖ
1442 4048 1521 4122 τῷ
1554 4046 1674 4121 Θεῷ
1712 4047 1947 4121 προσεύ-

349 4143 565 4216 χεσθαι.
595 4141 698 4213 λγ¹.
1842 4142 1943 4196 187

422 4237 563 4307 Περὶ
587 4236 687 4307 τῆς
728 4235 840 4290 τῶν
882 4234 1224 4308 Χριστιανῶν
1263 4235 1454 4305 δόξης,
1495 4228 1564 4307 ἧς
1608 4233 1679 4289 τά
1716 4234 1948 4306 σώματα

350 4327 534 4382 αὐτῶν
578 4330 634 4381 ἐν
674 4330 741 4399 τῇ
795 4327 1090 4382 ἀναστάσει
1143 4325 1623 4398 καταξιωθήσεται.
1666 4327 1760 4380 καὶ
1806 4326 1946 4398 μετά

349 4417 452 4486 τῆς
484 4416 665 4487 ψυχῆς
694 4417 1115 4487 φωτισθήσεται.
1145 4416 1238 4472 λδν.
1841 4419 1947 4475 189

424 4509 564 4580 Περὶ
603 4507 698 4562 τοῦ
743 4508 973 4563 παλαιοῦ
1019 4510 1113 4564 καὶ
1151 4508 1246 4563 τοῦ
1291 4510 1478 4565 καινοῦ
1523 4510 1821 4568 σαϐϐάτου.
1853 4513 1945 4566 λε’.

2123 4504 2200 4559 De
2230 4505 2462 4560 sabbato
2490 4507 2721 4577 antiquo
2738 4517 2795 4563 et
2818 4524 2980 4563 novo.
3014 4510 3103 4566 35.

1840 4602 1937 4657 191

426 4693 565 4764 Περὶ
593 4693 784 4767 διπλῆς
800 4695 1149 4761 ἀναστάσεως
1181 4696 1290 4750 τῶν
1312 4696 1503 4768 ψυχῶν
1525 4696 1621 4750 καὶ
1651 4696 1945 4768 σωμάτων,

351 4786 450 4841 καὶ
480 4787 737 4859 διαφόρου
767 4788 926 4859 δόξης
953 4790 1063 4843 τῶν
1095 4790 1491 4861 ἀνισταμένων.
1525 4792 1637 4856 λς’.
1840 4790 1948 4845 195

426 4881 567 4951 Περὶ
597 4881 690 4934 τοῦ
731 4883 1061 4954 παραδείσου
1091 4885 1185 4937 καὶ
1212 4884 1378 4954 νόμου
1409 4883 1801 4956 πνευματικοῦ.
1845 4884 1945 4948 λζ’.

1842 4977 1948 5031 194

428 5066 640 5137 Πολλῆς
665 5066 951 5139 ἀκριϐείας
977 5067 1072 5122 καὶ
1099 5066 1367 5131 συνέσεως
1396 5066 1555 5138 χρεία
1591 5068 1740 5122 ἐστὶν
1774 5069 1834 5122 ὲν
1869 5067 1949 5140 τῷ

355 5160 650 5230 δοκιμάσαι
695 5162 821 5224 τοὺς
868 5160 1157 5233 ἀληθινοὺς
1207 5158 1603 5231 Χριστιανούς,
1654 5161 1749 5214 καὶ⁵
1800 5160 1948 5224 τίνες

360 5253 554 5305 ἐκεῖνοι
578 5247 731 5307 ὦσιν.
767 5254 869 5325 λη’.
1839 5252 1949 5307 200

435 5344 586 5409 Τίνος
644 5346 830 5401 ἕνεκεν
870 5347 1028 5420 ἐδόθη
1073 5351 1206 5421 ἡμῖν
1255 5348 1360 5403 ὑπὸ
1412 5347 1509 5402 τοῦ
1554 5346 1692 5401 Θεοῦ
1745 5348 1780 5418 ἡ
1828 5346 1949 5400 θεία

360 5440 568 5508 γραφή.
600 5437 699 5492 λθ’.
1841 5439 1949 5494 205

433 5530 559 5583 Ὀτι
598 5533 769 5585 πᾶσαι
819 5533 875 5586 αί
913 5534 1106 5604 ἀρεταὶ
1147 5537 1243 5588 καὶ
1292 5535 1472 5589 πάντα
1504 5534 1651 5589 κακά
1702 5534 1950 5604 ἀλλήλων

356 5624 697 5689 ἐκδέδενται,
746 5625 841 5680 καὶ
884 5626 1126 5699 ὡσπερεὶ
1173 5628 1362 5693 ἆλυσίς
1406 5646 1491 5692 τις
1530 5627 1629 5699 μία
1674 5628 1776 5697 τῆς
1821 5628 1950 5697 μιᾶς

360 5717 647 5786 ῆρτηνται.
689 5725 761 5789 μ’.
1840 5719 1951 5774 204

430 5808 607 5864 Βαθέα
641 5813 761 5867 λίαν
789 5813 857 5865 τά
889 5814 987 5885 τῆς
1016 5813 1194 5885 ψυχῆς
1222 5817 1454 5882 ταμεῖα,
1486 5815 1581 5886 τῆς
1613 5813 1717 5868 ἀπὸ
1753 5812 1951 5885 μέρους

722 5906 995 5969 ΡΑΤΒΟΙ..
1042 5909 1155 5969 Gn.
1203 5910 1467 5971 XXXIV.

2043 1915 2293 1970 oratione
2314 1919 2673 1988 prosequitur
2695 1920 2835 1977 haec
2855 1920 3102 1988 homilia,
3132 1934 3195 1978 ut
3214 1933 3273 1979 et
3294 1941 3437 1995 quae
3465 1942 3633 1997 prae-

2042 2006 2209 2060 cedit.
2254 2007 2463 2064 Deinde
2495 2009 2564 2065 de
2598 2010 2776 2066 libero
2801 2012 3033 2068 arbitrio
3063 2014 3236 2070 multa
3269 2032 3381 2071 non
3408 2033 3634 2087 prorsus

2043 2098 2260 2156 inutilia
2288 2101 2471 2169 docet,
2495 2106 2789 2174 permixtis
2835 2108 3258 2177 quaestionibus
3300 2112 3634 2182 quibusdam

2043 2191 2261 2251 divinae
2289 2195 2589 2265 sapientiae
2608 2198 2806 2268 plenis.
2835 2199 2924 2254 27.
2961 2199 2971 2271 ε
3530 2206 3636 2262 156

2114 2285 2389 2343 Describit
2421 2305 2485 2344 ac
2524 2289 2780 2361 deplorat
2823 2292 2963 2349 haec
3004 2294 3231 2351 homilia
3266 2298 3634 2355 calamitatem

2044 2378 2283 2444 animae,
2305 2380 2362 2434 in
2383 2397 2492 2451 qua
2516 2394 2746 2454 propter
2782 2396 3071 2456 peccatum
3093 2404 3205 2442 non
3234 2389 3447 2445 habitat
3471 2390 3633 2446 Chri—

2046 2480 2183 2527 stus.
2220 2473 2290 2527 Et
2326 2474 2943 2550 de.Joanne‘Baptista,
2968 2481 3119 2551 quod
3147 2481 3293 2539 inter
3330 2494 3491 2539 natos
3514 2499 3638 2538 mu-

2044 2564 2246 2621 lierum
2272 2567 2461 2623 nullus
2494 2585 2562 2625 eo
2593 2571 2667 2626 sit
2686 2572 2880 2627 maior.
2906 2569 2996 2628 98.
3531 2575 3636 2632 167

2119 2740 2335 2812 Duplici
2374 2743 2588 2800 ratione
2623 2744 3091 2815 dispensationem
3130 2748 3337 2819 gratiae
3371 2749 3429 2805 in
3464 2765 3640 2821 genus

2049 2834 2353 2890 humanum
2377 2847 2604 2893 exercet
2626 2838 2795 2905 Deus,
2834 2839 2958 2896 eius
3000 2839 3216 2897 fructus
3251 2841 3399 2898 iusto
3428 2842 3639 2899 iudicio

2049 2924 2233 2981 denuo
2259 2925 2620 2997 repetiturus.
2651 2927 2742 2983 29.
3532 2931 3641 2988 170

2120 3106 2199 3160 Ex
2230 3105 2439 3177 Spiritu
2470 3117 2663 3163 saneto
2687 3108 2906 3164 renasci
2944 3118 3165 3180 oportet
3203 3109 3464 3177 animam,
3496 3126 3640 3181 quae

2046 3211 2277 3267 regnum
2313 3197 2414 3253 Dei
2455 3198 2776 3270 ingressura
2807 3208 2914 3267 est,
2949 3210 3008 3255 et
3047 3215 3159 3271 quo
3189 3212 3350 3272 pacto
3386 3201 3494 3258 hoc
3522 3201 3637 3258 ﬁat.

2047 3289 2137 3344 50.
2212 3344 2215 3351 ,
3535 3295 3641 3350 174

2120 3381 2367 3438 Fidelem
2402 3394 2623 3454 oportet
2664 3385 2869 3441 mutari
2910 3385 3119 3453 animo,
3159 3396 3326 3458 atque
3374 3388 3433 3443 in
3465 3390 3641 3445 Deum

2048 3490 2243 3532 omnes
2267 3477 2631 3548 cogitationes
2660 3480 2943 3551 colligere,
2992 3480 3050 3534 in
3080 3481 3286 3551 quibus
3316 3497 3449 3537 vere
3476 3498 3641 3539 omne

2047 3570 2375 3640 obsequium
2400 3570 2648 3627 divinum
2675 3573 2944 3628 consistit.
2968 3572 3059 3635 51.
3538 3575 3643 3630 179

2118 3660 2305 3729 Gloria
2350 3662 2799 3719 Christianorum
2838 3666 3038 3721 amodo
3081 3666 3139 3720 in
3180 3665 3403 3721 illorum
3440 3666 3644 3723 animis

2047 3754 2199 3818 latet,
2235 3770 2376 3824 quae
2403 3764 2650 3826 tempore
2682 3757 3110 3812 resurrectionis
3137 3768 3405 3829 emerget,
3431 3768 3490 3814 et
3510 3760 3641 3814 illu-

2048 3845 2247 3899 strabit
2268 3860 2504 3916 corpora
2524 3861 2625 3917 pro
2652 3846 2818 3901 modo
2844 3861 3040 3901 eorum
3080 3846 3324 3917 pietatis.
3365 3848 3454 3902 52.
3533 3849 3639 3904 182

2118 4040 2505 4098 Indesinenter
2526 4053 2585 4100 et
2611 4052 2823 4102 attente
2855 4057 3076 4119 oportet
3098 4049 3214 4105 Deo
3232 4060 3360 4105 vota
3381 4042 3569 4107 facere
3585 4063 3644 4108 et

2048 4134 2284 4203 precari.
2319 4135 2408 4190 55.
3540 4144 3641 4199 187

2120 4226 2196 4280 De
2244 4228 2417 4298 gloria
2454 4227 2933 4297 Christianorum,
2983 4247 3093 4302 qua
3138 4247 3371 4304 corpora
3418 4234 3641 4291 illorum

2050 4317 2109 4372 in
2156 4321 2568 4376 resurrectione
2610 4322 2990 4393 dignabuntur
3027 4334 3084 4379 et
3121 4341 3249 4381 cum
3288 4327 3474 4383 anima
3517 4328 3645 4404 illu-

2051 4412 2395 4468 strabuntur.
2434 4414 2525 4468 54.
3540 4422 3643 4476 189

3540 4514 3638 4571 191

2121 4697 2198 4751 De
2224 4696 2433 4768 duplici
2465 4698 2873 4753 resurrectione
2902 4699 3212 4755 animarum
3235 4712 3291 4757 et
3325 4717 3641 4771 corporum,

2049 4799 2107 4844 et
2136 4790 2355 4845 diversa
2379 4792 2787 4862 resurgentium
2822 4793 3012 4863 gloria.
3042 4794 3131 4848 56.
3541 4794 3643 4850 195

2122 4885 2199 4939 De
2225 4885 2482 4956 paradiso
2517 4895 2575 4940 et
2602 4886 2723 4957 lege
2758 4886 3058 4957 spirituali.
3091 4886 3181 4940 57.
3536 4888 3643 4944 194

2122 5080 2396 5132 Accurato
2454 5077 2661 5134 iudicio
2730 5088 2895 5148 atque
2938 5078 3225 5134 intellectu
3276 5095 3417 5150 opus
3460 5092 3545 5136 est
3589 5081 3644 5136 in

2054 5168 2439 5225 discernendis
2471 5171 2619 5225 veris
2651 5170 3004 5235 Christianis,
3046 5180 3104 5225 et
3140 5172 3366 5241 quinam
3394 5173 3507 5229 sint
3534 5174 3647 5228 illi?

2054 5261 2144 5316 58.
3540 5264 3646 5318 200

2126 5353 2208 5407 Ad
2235 5354 2366 5424 quid
2404 5353 2692 5425 Scriptura
2725 5353 2914 5408 divina
2935 5355 3099 5411 nobis
3134 5372 3166 5411 a
3186 5356 3301 5411 Deo
3330 5356 3528 5411 donata
3550 5359 3641 5414 sit.

2056 5444 2145 5499 59.
3536 5450 3642 5505 205

2126 5536 2370 5593 Cunctas
2396 5537 2634 5591 virtutes
2661 5546 2717 5591 et
2746 5549 2947 5594 cuncta
2976 5541 3113 5595 vitia
3140 5542 3285 5596 inter
3324 5557 3382 5596 se
3413 5542 3644 5614 colliga-

2059 5638 2111 5685 ta
2165 5646 2287 5684 esse
2326 5641 2384 5685 et
2418 5630 2573 5685 velut
2615 5643 2866 5685 catenam
2895 5648 3060 5687 unam
3108 5632 3177 5687 ab
3221 5634 3394 5688 altera
3432 5634 3644 5704 depen-

2057 5721 2209 5777 dere.
2247 5722 2335 5775 40.
3538 5726 3645 5780 204

2129 5814 2408 5871 Profunda
2456 5816 2617 5872 valde
2666 5824 2796 5873 sunt
2843 5816 3149 5888 penetralia
3201 5819 3445 5887 animae,
3503 5834 3645 5891 quae

3208 5911 3273 5984 11
