4016 6428
452 329 555 384 525

1572 322 1776 379 PETRI
1817 319 2078 377 POSSINI
2116 316 2634 374 PROLEGOMENA
3605 322 3695 379 δίει

450 445 710 517 paulatim
761 443 1097 498 incrementa
1141 441 1346 512 gratiae
1385 452 1480 498 aut
1508 442 1769 496 vitiorum
1807 439 2026 509 accipit.

2149 440 2197 508 τῇ
2246 437 2426 508 χάριτι
2475 439 2569 491 καὶ
2599 440 2720 501 ταΐς
2751 438 2968 502 κακίαις
3001 437 3491 510 συναυξανομένης.
3525 447 3628 509 μα’.
3661 447 3672 510 ι

450 540 538 594 41.
576 538 586 608 ι
1929 532 2029 586 207

518 631 641 685 Non
663 641 910 694 externa,
948 629 1043 684 sed
1087 629 1303 683 interna
1333 639 1658 698 promovent
1681 637 1778 681 aut
1807 625 2033 681 laedunt

452 722 754 784 hominem,
778 720 949 774 veluti
979 719 1207 789 spiritus
1230 718 1435 789 gratiae
1467 727 1562 772 aut
1588 717 1815 788 spiritus
1840 714 2033 784 nequi-

453 813 579 866 tiae.
612 812 700 866 42.
1928 805 2030 859 209

520 904 598 957 De
653 918 944 974 progressu
1020 901 1122 956 viri
1191 900 1517 964 christiani,
1575 899 1735 954 cuius
1782 908 1895 953 tota
1951 898 2034 951 vis

449 1011 516 1050 ex
539 996 704 1050 corde
727 995 1019 1064 dependet,
1043 1005 1101 1048 ut
1124 994 1213 1048 hic
1238 993 1388 1048 varie
1409 991 1760 1047 describitur.
1788 990 1876 1044 45.
1929 989 2034 1043 210

520 1088 788 1153 Quantam
817 1087 873 1140 in
898 1087 1119 1141 homine
1150 1085 1453 1140 christiano
1478 1083 1839 1140 mutationem
1861 1091 1917 1136 et
1942 1097 2032 1137 rc-

451 1181 802 1235 novationem
833 1180 996 1234 faciat
1022 1180 1293 1244 Christus,
1321 1178 1417 1250 qui
1459 1178 1677 1233 animae
1711 1176 2034 1233 aﬁ'ectiones

451 1289 515 1326 ac
540 1273 762 1328 morbos
798 1272 1029 1326 sanavit.
1060 1272 1147 1326 44.
1928 1268 2034 1322 215

518 1463 679 1517 Nulla
724 1477 814 1516 ars
859 1469 954 1516 aut
998 1459 1224 1516 divitiae
1270 1457 1439 1514 huius
1482 1456 1713 1522 mundi,
1760 1457 1856 1514 sed
1884 1458 2034 1512 solus

447 1557 651 1615 Christi
682 1557 951 1611 adventus
976 1570 1168 1610 sanare
1206 1552 1484 1608 hominem
1507 1559 1706 1622 potest,
1738 1551 1896 1605 cuius
1915 1566 2032 1604 ma-

450 1651 652 1704 ximam
686 1664 812 1703 cum
835 1649 948 1703 Deo
973 1645 1356 1717 cognationem
1404 1645 1542 1700 haec
1581 1642 1810 1698 homilia
1855 1643 2032 1713 expli-

3605 532 3699 588 207

2205 625 2295 695 Μὴ
2315 624 2385 677 τὰ.
2410 623 2630 690 ἔξωθεν,
2662 623 2800 678 ἀλλὰ
2821 625 2891 678 τὰ
2917 623 3126 678 ἔνδοθεν
3157 624 3389 695 προάγει
3422 623 3456 694 ἦ
3487 623 3702 693 βλάπτει

2133 719 2223 770 τὸν
2257 718 2564 788 ἄνθρωπον,
2611 717 2814 791 δηλαδὴ
2856 718 2918 770 τὸ
2942 719 3038 788 τῆς
3067 717 3287 790 χάριτος
3317 715 3619 789 πνεῦμα,ἢ
3649 719 3705 772 τὸ

2135 810 2354 880 πνεῦμα
2388 809 2488 880 τῆς
2519 810 2802 880 πονηρίας.
2851 811 2958 880 μβ⁹.
3605 810 3706 866 209

2206 902 2341 973 Περὶ
2380 901 2480 972 τῆς
2533 902 2820 972 προκοπῆς
2866 902 2962 955 τοῦ
3011 901 3339 974 Χριστιανοῦ
3388 901 3613 973 ἀνδρὸς,
3645 897 3707 971 ἧς

2135 997 2286 1048 πᾶσα
2311 995 2345 1066 ἠ
2368 994 2594 1066 δύναμις
2618 996 2684 1049 ὲκ
2709 995 2810 1065 τῆς
2839 994 3066 1065 καρδίας
3089 993 3524 1066 ἀποκρεμαμένη
3544 995 3707 1057 ἐστὶν,

2135 1087 2324 1158 ὥσπερ
2356 1086 2614 1160 ποικίλως
2656 1086 2892 1140 ἐνταῦθα
2934 1086 3316 1157 διαγράφεται.
3359 1083 3472 1155 μγ⁹.
3609 1084 3710 1141 210

2205 1179 2372 1231 Ποίαν
2435 1178 2494 1232 ὲν
2553 1177 2827 1252 ἀνθρώπῳ
2881 1177 3193 1249 Χριστιανῷ
3253 1175 3555 1247 μεταϐολὴν
3621 1177 3711 1230 καὶ

2134 1268 2472 1323 ἀνακαίνισιν
2499 1267 2881 1340 ἀπεργάζηται
2909 1270 2938 1322 ὀ
2965 1269 3220 1340 Χριστὸς,
3257 1268 3287 1320 ὁ
3317 1268 3389 1322 τὰ
3415 1268 3514 1339 τῆς
3543 1268 3712 1339 ψυχῆς

2135 1361 2282 1433 πάθη
2326 1362 2420 1414 καὶ
2447 1361 2634 1425 νόσους
2667 1361 3033 1433 θεραπεύσας.
3076 1362 3182 1432 μδ’.
3613 1359 3714 1415 215

2206 1451 2446 1522 Οὐδεμία
2471 1452 2658 1524 τέχνη,
2689 1454 2750 1506 οὐ
2783 1453 3014 1517 πλοῦτος
3041 1453 3233 1506 τούτου
3265 1452 3362 1507 τοῦ
3405 1453 3631 1523 κόσμου,
3667 1452 3712 1504 εί

2139 1544 2214 1615 μὴ
2257 1545 2392 1615 μόνη
2431 1547 2464 1615 ὴ
2493 1545 2588 1598 τοῦ
2627 1545 2866 1618 Χριστοῦ
2912 1546 3205 1613 ἐπιφάνεια
3245 1544 3588 1616 Θεραπεῦσαι
3627 1543 3712 1597 τὸν

2136 1637 2420 1708 ἄνθρωπον
2448 1637 2696 1702 δύναται,
2727 1633 2788 1693 οὗ
2825 1639 3091 1709 μεγίστην
3133 1639 3272 1710 πρὸς
3300 1639 3393 1692 τὸν
3425 1637 3559 1691 Θεὸν
3585 1653 3712 1705 συγ·

451 1752 556 1797 (Ἧι,
592 1742 684 1796 45,
1929 1733 2033 1787 219
2065 1794 2100 1800 _
2136 1728 2352 1797 γένειαν
2381 1726 2518 1799 αὕτη
2559 1728 2802 1800 ήὸμιλία
2840 1729 3220 1798 ἀποφαίνεται.
3267 1735 3373 1800 με’.
3613 1728 3713 1784 219

527 1832 603 1886 De
635 1827 947 1884 diﬁ‘erentia
968 1827 1112 1882 inter
1133 1825 1365 1881 verbum
1396 1825 1493 1880 Dei
1525 1835 1582 1880 et
1615 1824 1759 1880 inter
1798 1823 2028 1878 verbum

2150 1794 2159 1797 ν
2209 1819 2346 1891 Περὶ
2373 1819 2474 1891 τῆς
2499 1794 2766 1892 διαφορᾶς
2795 1820 2891 1874 τοῦ
2918 1794 2978 1874 τε
3017 1820 3180 1891 λόγου
3203 1794 3300 1874 του
3337 1820 3476 1876 Θεοῦ
3499 1820 3594 1875 καὶ
3627 1819 3713 1874 τοῦ

450 1922 676 1998 mundi,
719 1930 777 1977 et
815 1921 962 1975 inter
1013 1918 1155 1974 ﬁlios
1216 1917 1314 1973 Dei
1371 1925 1428 1972 et
1475 1917 1620 1974 inter
1677 1916 1820 1972 ﬁlios
1865 1917 2030 1971 huius

2149 1912 2294 1980 λόγου
2319 1911 2415 1966 τοῦ
2443 1912 2672 1984 κόσμου,
2698 1914 2792 1968 καὶ
2824 1913 2936 1966 τῶν
2958 1913 3164 1967 τέκνων
3185 1911 3282 1966 τοῦ
3307 1913 3468 1977 Θεοῦ,
3494 1914 3589 1968 καὶ
3613 1913 3714 1966 τῶν

451 2014 663 2068 mundi.
690 2013 778 2068 46.
1925 2008 2032 2062 225

2149 2004 2343 2059 τέκνων
2366 2003 2557 2058 τούτου
2579 2004 2674 2059 τοῦ
2700 2005 2930 2076 κόσμου.
2960 2011 3081 2076 pg’.
3609 2004 3709 2059 225

518 2104 824 2174 Explicatio
865 2105 1156 2175 allegorica
1193 2103 1541 2175 quorundam
1576 2101 1680 2157 sub
1711 2101 1830 2172 lege
1855 2100 2030 2155 facto-

2224 2096 2589 2170 Ἀλληγορικὴ
2621 2097 2976 2169 παράφρασις
3020 2098 3130 2152 τῶν
3164 2097 3268 2151 ὑπὸ
3301 2096 3466 2168 νόμον
3499 2112 3714 2166 γεγενη-

450 2213 592 2252 rum.
621 2197 710 2251 47.
1927 2193 2031 2246 227

2149 2191 2340 2262 μένων.
2379 2190 2487 2261 μζν.
3611 2186 3709 2241 227

518 2289 594 2342 De
634 2288 876 2358 perfecta
909 2288 1016 2345 ﬁde
1045 2288 1102 2343 in
1131 2289 1326 2345 Deum.
1365 2289 1454 2344 48.
1924 2285 2031 2339 254

2209 2282 2344 2353 Περὶ
2371 2282 2471 2352 τῆς
2494 2281 2708 2346 τελείας
2739 2281 2977 2346 πίστεως
3005 2283 3086 2345 εἰς
3119 2282 3271 2337 Θεόν.
3301 2289 3416 2355 μη’.
3613 2279 3712 2335 254

518 2380 637 2434 Non
676 2381 812 2435 satis
851 2389 956 2446 est,
990 2381 1156 2437 huius
1201 2380 1408 2436 saeculi
1444 2378 1673 2435 delicias
1714 2379 2031 2448 reliquisse,

2211 2373 2324 2426 Οὐκ
2351 2373 2604 2441 ἐπαρκεῖ,
2623 2372 2723 2443 τῆς
2740 2373 2952 2443 τρυφῆς
2976 2374 3167 2426 τούτου
3190 2372 3286 2427 τοῦ
3314 2373 3522 2444 κόσμου
3550 2370 3712 2425 ἀπαλ-

449 2471 555 2525 nisi
575 2472 700 2542 quis
724 2473 953 2529 alterius
973 2473 1179 2530 saeculi
1209 2472 1609 2529 beatitudinem
1638 2481 2030 2541 consequatur.

2149 2464 2386 2536 ιαγῆναι,
2414 2465 2511 2519 ὲὰν
2542 2466 2616 2536 μή
2647 2481 2732 2530 τις
2757 2466 2859 2536 τὴν
2889 2466 3168 2536 μακαρίαν
3199 2465 3362 2522 ἄλλου
3390 2465 3486 2519 τοῦ
3516 2465 3708 2534 κόσμου

448 2561 540 2616 49.
1929 2559 2032 2614 257
2137 2556 2299 2616 λάϐῃ.
2335 2557 2443 2616 μθ’.
3615 2555 3710 2610 257

527 2603 540 2615 .
1929 2574 2030 2614 2.11

520 2651 665 2706 Deus
689 2662 794 2717 est,
829 2651 923 2722 qui
954 2668 1050 2724 per
1073 2661 1294 2708 sanctos
1331 2664 1462 2706 suos
1499 2658 1556 2703 et
1597 2655 1879 2704 creaturas
1918 2647 2032 2702 edit

2149 2574 2299 2628 mon.
2335 2574 2443 2628 μιν.
3616 2574 3706 2610 zot

2202 2650 2335 2714 Θεός
2365 2653 2512 2708 ἐστιν
2539 2653 2567 2705 ὁ
2611 2652 2699 2706 διὰ
2728 2651 2836 2705 τῶν
2863 2651 3032 2721 ἁγίων
3060 2651 3225 2705 αὑτοῦ
3266 2647 3706 2720 θαυματουργῶν.

449 2741 735 2797 miracula.
762 2740 850 2797 50.
1267 2795 1276 2797 μ
1927 2737 2032 2790 240

2149 2749 2194 2796 ι’.
3613 2737 3711 2794 240

447 2921 762 2987 [Sequuntur
801 2923 1034 2974 Locorum
1075 2921 1359 2987 Scripturae
1405 2920 1489 2985 qui
1533 2918 1583 2972 in
1626 2919 1844 2971 honciliis
1867 2920 2272 3047 ciégrétét'ri
2315 2924 2492 2974 Rerum
2532 2919 2916 2976 ntevwrabilium
2938 2921 3130 2972 indices
3170 2921 3304 2984 duo,
3331 2921 3446 2973 dein
3481 2919 3710 2970 Homilise

1632 3176 1852 3188 ...α-...σκη-

477 3169 3700 3206 W

810 3365 1174 3456 PETRI
1251 3363 1728 3458 POSSINI
1804 3364 2057 3458 SOC.
2128 3366 2371 3456 JES.
2445 3365 3392 3461 PROLEGOMENA.

720 3560 820 3621 AD
860 3560 1252 3623 OPUSCULA
1295 3560 1358 3621 S.
1401 3560 1720 3622 MACARII
1761 3559 2115 3620 AEGYPTII
2157 3561 2254 3620 AB
2293 3560 2463 3622 IPSO
2503 3561 2810 3624 PRIMUM
2851 3561 3078 3624 EDITA
3118 3563 3198 3625 IN
3241 3563 3478 3626 LIBRO

1843 3662 1969 3724 CUI
2005 3663 2331 3726 TITULUS
2352 3680 2368 3724 :

451 3810 745 3868 Thesaurus
770 3811 1022 3865 asceticus
1044 3812 1152 3865 sive
1178 3807 1475 3882 Syntagma
1501 3809 1885 3880 Opuscutorum
1912 3811 2194 3865 octodecim
2222 3829 2256 3866 a
2278 3812 2483 3882 graecis
2514 3812 2642 3866 olim
2670 3811 2919 3868 Patribus
2945 3813 3009 3867 de
3035 3829 3094 3868 re
3131 3815 3356 3868 ascetica
3391 3814 3707 3883 scriptorum.

521 3904 606 3960 Ea
637 3921 777 3958 nunc
802 3905 1034 3974 primum
1057 3903 1316 3974 prodeunt
1343 3919 1371 3956 e
1394 3905 1761 3958 vetustissimis
1805 3921 1933 3958 mss.
1975 3904 2235 3959 codicibus
2268 3913 2442 3958 eruta.
2478 3903 2772 3960 Collectore
2804 3916 2962 3976 atque
3002 3906 3292 3977 interprete
3323 3907 3480 3962 Petro
3508 3901 3707 3958 Possino

520 3995 781 4048 societatis
803 3993 950 4047 Iesu.
977 3991 1220 4064 [Tolosae
1255 4000 1304 4046 et
1329 3994 1637 4067 vaeneunt.]
1662 3995 1885 4051 Parisiis
1914 3996 2057 4067 apud
2088 3995 2380 4051 Antonium
2409 3996 2708 4063 Dezallier,
2730 3998 2786 4052 in
2813 4000 2925 4052 vico
2957 3996 3358 4056 Sari-Iacoban
3381 4001 3449 4054 ad
3463 3999 3705 4056 Coronam

525 4101 768 4140 auream.
800 4069 1225 4139 MDCLXXXIV.
1254 4080 1390 4137 Cum
1419 4069 1800 4154 approbatione
1826 4093 1875 4140 et
1907 4083 2182 4156 privilegio
2220 4086 2298 4139 4°.

554 4267 565 4338 1
599 4267 904 4322 Venerando
929 4269 986 4321 in
1010 4265 1216 4323 Christo
1240 4265 1394 4320 Patri
1423 4266 1613 4320 domno
1637 4266 1835 4321 Joanni
1866 4267 1939 4322 Le
1967 4267 2124 4323 Houa:
2152 4265 2433 4323 Cartusiae
2459 4265 2752 4323 Tolosanae
2775 4269 2953 4325 Priori
2995 4272 3302 4343 dignissimo
3326 4273 3513 4328 Petrus
3549 4262 3706 4323 P088?

456 4381 555 4418 nus
583 4365 847 4417 societatis
878 4362 1005 4418 Iesu
1033 4362 1261 4418 salutem
1288 4365 1345 4418 in
1378 4361 1585 4419 Christo
1619 4380 1818 4418 veram.

526 4454 664 4510 Cum
697 4453 790 4523 qui
823 4455 1132 4508 thesaurum
1164 4453 1222 4508 in
1243 4453 1356 4508 solo
1386 4453 1563 4509 alieno
1594 4454 1822 4525 reperit,
1861 4455 2275 4512 communicare
2304 4457 2460 4512 illum
2486 4456 2712 4513 domino
2740 4459 2855 4530 agri
2880 4456 3096 4528 legibus
3131 4459 3500 4530 Augustorum
3539 4453 3708 4509 iubea-

459 4562 547 4606 tur
581 4551 680 4623 (I),
721 4550 869 4604 hunc
898 4551 1178 4604 asceticum
1212 4565 1242 4604 a
1277 4565 1365 4605 me
1400 4551 1685 4606 inventum
1705 4551 1761 4606 in
1779 4552 2153 4608 monumentis
2174 4552 2632 4608 anachoretarum
2663 4563 2720 4609 et
2749 4553 3163 4610 coenobitarum
3187 4553 3447 4610 Graeciae
3461 4541 3706 4606 veterisei

459 4662 545 4701 me
575 4653 992 4715 repraesentare
1029 4643 1236 4699 debere
1262 4643 1504 4699 familiae
1525 4644 1726 4709 sentio,
1759 4660 1901 4715 quae
1931 4646 2078 4702 vitae
2104 4645 2384 4702 solitariae
2409 4661 2474 4702 ac
2498 4646 2720 4702 socialis
2747 4646 2948 4702 decora
2968 4646 3025 4701 in
3055 4663 3114 4702 se
3142 4662 3251 4701 una
3271 4647 3550 4715 colligens,
3576 4639 3705 4693 bona

459 4748 657 4793 cuncta
676 4736 989 4807 priscarum
1007 4735 1092 4792 vel
1121 4737 1535 4792 anachoreseon
1557 4737 1644 4791 vel
1663 4737 1991 4794 societatum
2018 4738 2358 4795 hereditaria
2382 4738 2734 4794 successione
2757 4739 3077 4795 transmissa
3102 4741 3232 4811 jure
3259 4736 3535 4809 possidere
3557 4739 3704 4800 quam

458 4829 669 4897 optimo
703 4827 956 4883 creditur
2596 4835 2600 4844 '

529 4923 675 4977 Haec
705 4923 823 4977 sine
854 4922 1026 4977 dubio
1061 4936 1216 4976 sacra
1243 4920 1572 4977 Cartusiana
1611 4922 1826 4993 Religio
1869 4933 1974 4989 est,
2011 4923 2148 4979 orbe
2190 4934 2307 4980 toto
2347 4925 2656 4979 clarissima
2701 4940 3022 4994 summeque
3063 4923 3413 4979 venerabilis.
3459 4917 3564 4972 Nec
3587 4920 3704 4963 νθτο

460 5013 813 5083 quaerendus
843 5013 1038 5084 procul
1067 5021 1174 5076 est,
1205 5011 1294 5066 cui
1327 5011 1578 5067 debitum
1613 5012 1719 5066 hoc
1741 5013 2054 5082 depositum
2097 5015 2415 5085 consignem
2451 5033 2462 5067 :
2495 5015 2568 5069 Te
2605 5015 2814 5070 habens
2853 5031 2985 5085 prae
3019 5015 3215 5079 oculis,
3251 5015 3259 5084 |
3291 5001 3704 5068 venerabilissime

459 5122 633 5181 pater,
659 5111 943 5179 Tuamque
972 5110 1132 5165 istam
1162 5125 1191 5163 a
1218 5107 1295 5163 Te
1318 5108 1722 5180 sapientissime
1752 5109 2274 5180 rcligiosissimeque
2300 5110 2659 5180 gubernatum
2699 5109 3026 5166 Tolosanam
3050 5109 3376 5165 Cartusiam.

530 5203 1005 5271 Quemadmodum
1033 5203 1113 5258 Tu
1148 5203 1396 5257 omnium
1417 5202 1734 5272 praesidum
1762 5202 1923 5258 istius
1946 5203 2281 5258 sanctissimi
2312 5203 2545 5266 ordinis,
2582 5203 2676 5272 qui
2702 5218 2942 5273 unquam
2972 5203 3197 5260 fuerunt
3216 5213 3312 5259 aut
3338 5198 3540 5271 uspiam
3568 5191 3701 5245 sunt.

462 5295 536 5349 ita
584 5297 678 5350 illa
723 5296 1183 5351 communitatum
1231 5297 1575 5366 reliquarum
1621 5297 1723 5351 sub
1759 5296 1816 5350 S.
1862 5286 2140 5353 Brunonis
2173 5297 2466 5368 disciplina
2497 5298 2668 5354 Deum
2701 5300 2999 5354 colentium
3035 5297 3171 5355 locis
3209 5297 3406 5368 passim
3433 5286 3589 5344 variis
3619 5290 3704 5349 per

462 5388 741 5457 Europam
768 5387 1105 5452 universam,
1158 5391 1383 5459 plenum
1425 5389 1601 5444 instar
1638 5390 1935 5456 exhibetis,
1978 5401 2040 5446 ut
2075 5390 2346 5461 quidquid
2393 5393 2684 5462 utriusque
2725 5395 2944 5464 generis
2981 5404 3267 5464 praestans
3302 5381 3703 5446 admirabile‘luc

464 5478 595 5531 alibi
628 5480 989 5549 conspicitur,
1023 5479 1077 5533 in
1105 5481 1264 5536 vobis
1302 5481 1506 5535 illustri
1530 5474 1822 5537 collectum
1846 5484 2198 5554 compendio,
2226 5497 2284 5542 et
2304 5489 2460 5557 quasi
2482 5487 2732 5545 refractis
2750 5487 2806 5542 in
2831 5497 3085 5544 centrum
3109 5487 3354 5559 undique
3379 5479 3538 5538 radiis
3563 5474 3697 5527 luC-U'

433 5644 438 5650 α
465 5569 643 5623 Ιρηῑει·
676 5588 788 5626 UIIO
816 5588 1138 5644 CXIII'CSSIIIII
1174 5589 1300 5629 aere
1327 5590 1568 5629 COIICIIVO
1601 5590 1894 5630 cernamus

1993 5669 2243 5727 NOTAE.

543 5754 619 5825 (I)
651 5754 780 5810 Cod.
813 5758 1084 5815 Tllcodos.
1121 5761 1216 5816 lib.
1255 5763 1300 5815 Χ
1334 5762 1415 5817 tit.
1449 5763 1632 5816 XVIII.
