4016 6422
360 346 473 403 325
1368 345 1458 400 AD
1499 345 1858 403 OPUSCULA
1897 347 1953 404 S.
1995 348 2275 405 MACARII
2320 349 2658 406 AEGYPTII.
3532 358 3638 416 526

442 469 563 524 Non
586 482 798 538 evagor
816 476 971 521 extra
995 466 1093 531 Te,
1128 464 1258 520 dum
1283 466 1694 522 communitatis
1723 468 1845 522 Tibi
1877 470 2201 524 commissae
2231 470 2459 539 gloriam
2493 485 2783 539 exsequor.
2828 469 3087 541 Corporis
3124 472 3210 528 vis
3252 483 3311 529 et
3336 473 3438 530 llos
3469 477 3641 532 totius

380 560 436 615 in
461 560 643 630 capite
670 559 925 622 residet;
945 558 1071 613 inde
1100 558 1285 628 vigent
1306 573 1525 623 sensus,
1554 559 1741 614 valent
1774 570 1957 625 artus;
1988 569 2193 625 motus,
2231 560 2484 626 facultas,
2514 563 2697 619 omnis
2734 565 2878 619 actio
2905 579 2973 619 eo
3009 564 3230 619 laudem
3274 566 3362 620 sui
3396 568 3643 626 referant

376 658 457 712 fas
477 665 583 721 est,
616 655 769 711 unde
798 654 1067 725 originem
1095 664 1154 709 et
1181 654 1426 725 vigorem
1452 654 1641 725 utique
1670 656 1916 710 trahunt.
1943 656 2057 710 Nec
2081 655 2353 725 gratuitas
2382 657 2473 712 hic
2495 656 2619 711 Tibi
2644 657 2853 713 otiosae
2879 658 3158 713 felicitatis
3187 658 3400 714 fructus
3417 671 3520 725 est,
3543 663 3640 717 sed

376 747 648 803 sollicitae
678 757 737 803 et
765 749 927 803 enixe
951 747 1214 802 certantis
1245 755 1548 816 proventus
1578 746 1913 811 industriae;
1943 762 2125 811 curas,
2160 748 2379 818 satagis,
2406 749 2717 815 contendis,
2746 750 3124 805 indesinenter
3147 759 3393 807 attentus
3421 752 3641 823 vigiliae

374 842 771 911 custodiaeque
821 842 999 912 gregis
1026 841 1151 896 Tui.
1192 840 1373 897 Verbo
1410 840 1675 897 admones
1711 841 1963 911 exemplo
1999 853 2333 906 monstrans,
2380 844 2668 899 nocturnis
2716 860 2891 915 aeque
2943 844 3270 915 diurnisque
3320 846 3642 916 psalmodiis

374 934 791 989 assiduissimus
828 932 1520 1003 perseverantissimusque
1566 944 1895 1005 praecentor
1930 943 1988 990 et
2021 935 2311 1006 choragus.
2358 937 2704 993 Novitiorum
2747 937 3095 993 institutione
3134 937 3249 1008 ipse
3291 938 3636 1010 defungeris;

375 1027 493 1095 ipse
524 1023 840 1077 iunioribus
872 1023 1135 1093 professis
1158 1034 1584 1079 consentaneam
1610 1025 1689 1079 illi
1720 1024 1889 1080 statui
1920 1026 2193 1081 culturam
2228 1028 2511 1099 impertis;
2555 1030 2672 1099 ipse
2699 1030 2962 1085 curandis
2994 1030 3405 1102 dirigendisquc
3438 1049 3639 1103 prove-

374 1118 645 1173 ctioribus
670 1133 778 1170 non
804 1115 980 1171 oflicia
1014 1117 1191 1170 solum
1222 1126 1421 1171 cuncta
1453 1116 1682 1171 exhibes
1721 1116 1936 1172 ordinis
1971 1119 2460 1175 constitutionibus
2493 1120 2853 1190 praescripta,
2894 1119 2991 1175 sed
3022 1130 3079 1175 et
3110 1136 3470 1193 supererogas
3498 1139 3640 1194 quae

374 1214 547 1267 multa
569 1212 832 1281 variaque
854 1211 911 1264 in
943 1226 1060 1265 rem
1090 1220 1438 1281 praesentem
1468 1220 1780 1280 opportune
1810 1212 2053 1281 suggerit
2080 1213 2299 1268 solertis
2332 1213 2615 1283 ingenium
2651 1214 2917 1268 caritatis.

440 1306 588 1359 Haec
613 1314 742 1358 sunt
773 1318 973 1358 arcana
999 1312 1217 1369 vestra;
1261 1302 1329 1357 de
1348 1303 1551 1372 quibus
1582 1318 1649 1358 eo
1674 1302 1894 1372 parcius
1917 1302 2105 1359 dicere
2135 1304 2403 1375 cogimur,
2441 1303 2589 1374 quod
2621 1304 2814 1358 talium
2850 1303 3045 1359 notitia
3082 1320 3191 1359 non
3236 1305 3343 1360 nisi
3383 1304 3536 1360 tenui
3567 1301 3637 1359 ad

369 1415 472 1453 nos
493 1411 750 1455 externos
782 1399 947 1453 odore
981 1398 1323 1467 transspirat.
1367 1399 1463 1453 Illa
1496 1398 1605 1452 iam
1644 1383 1973 1470 percutiunt.
1998 1415 2195 1455 sensus
2238 1400 2503 1469 apertius.
2531 1400 2639 1454 Per
2680 1415 2779 1454 vos
2817 1400 2966 1455 illata
2999 1400 3165 1455 hodie
3195 1402 3431 1455 urbibus
3459 1390 3635 1455 eremi

368 1495 653 1559 sanctitas,
684 1503 765 1558 ut,
796 1509 921 1548 cum
952 1494 1147 1564 primis
1178 1494 1523 1551 Christianae
1552 1497 1849 1551 memoriae
1876 1497 2114 1551 sacculis
2141 1497 2408 1552 ecclesiae
2431 1513 2495 1551 ac
2527 1497 2663 1551 cleri
2707 1497 3009 1567 angelicam
3037 1498 3498 1552 anachoretarum
3543 1497 3631 1552 vi—

370 1604 482 1648 tam
526 1607 639 1646 non
687 1592 846 1646 aliter
876 1607 1041 1660 quam
1091 1591 1267 1646 famae
1309 1593 1610 1663 longinqua
1656 1593 1937 1648 narrantis
1965 1593 2172 1648 indicio
2222 1603 2637 1663 cognoscerent,
2670 1593 2954 1661 mariaque
2988 1607 3053 1647 ac
3096 1591 3206 1646 lata
3254 1601 3531 1645 terrarum
3578 1606 3637 1647 sc

367 1690 677 1745 obiicerent
710 1688 884 1758 spatia
912 1698 1163 1757 spectare
1203 1688 1353 1743 illam
1395 1688 1734 1759 optantibus,
1772 1688 1989 1744 meliori
2022 1689 2128 1743 iam
2166 1699 2316 1744 sorte
2346 1688 2553 1743 nostris
2594 1687 2940 1743 felicioribus
2975 1696 3255 1742 reservata
3291 1688 3638 1758 temporibus

364 1782 575 1838 Nitrias
602 1791 659 1837 et
688 1780 997 1837 Thebaides
1024 1796 1136 1835 non
1170 1780 1332 1835 modo
1351 1780 1494 1836 intra
1521 1781 1932 1845 Continentem,
1952 1782 2091 1836 citra
2124 1796 2295 1844 mare,
2332 1780 2428 1835 sed
2458 1782 2510 1835 in
2533 1779 2887 1844 suburbanis,
2921 1780 3017 1835 sed
3046 1780 3190 1835 intra
3217 1781 3331 1851 ipsa
3353 1782 3637 1837 civitatum

366 1874 744 1944 frequentium
784 1872 1002 1927 moenia
1025 1871 1314 1927 videamus
1335 1871 1436 1943 (‘2),
1463 1873 1876 1943 opportunitate
1906 1887 2019 1926 non
2049 1872 2117 1926 ad
2146 1871 2446 1942 spectaculi
2489 1870 2663 1941 magis
2707 1870 3010 1925 novitatem
3045 1868 3053 1939 |
3086 1869 3370 1940 expetibili
3424 1882 3520 1926 aut
3567 1870 3637 1926 ad

366 1966 768 2022 iucunditatem
796 2004 812 2031 ,
865 1981 1031 2035 quam
1082 1965 1170 2021 vel
1219 1964 1472 2037 inprimis
1508 1965 1577 2020 ad
1617 1964 1787 2020 animi
1839 1964 2083 2020 fructum
2122 1972 2179 2020 et
2222 1978 2441 2018 morum
2485 1962 2541 2017 in
2586 1962 2932 2018 intuentibus
2980 1963 3423 2019 emendationem
3466 1978 3638 2033 quae-

363 2070 574 2115 stuosa.

434 2151 642 2218 Quidni
692 2152 800 2207 hoc
821 2161 1080 2222 putemus
1114 2160 1270 2208 tanto
1308 2162 1436 2208 ante
1458 2152 1802 2223 praedictum
1834 2152 1903 2207 ab
1927 2152 2065 2208 lsaia
2102 2153 2290 2208 verbis
2324 2152 2470 2207 illis:
2506 2151 2817 2206 Laetabitur
2840 2151 3048 2205 deserta
3074 2160 3123 2205 et
3148 2151 3313 2215 invia,
3350 2159 3399 2204 et
3425 2150 3635 2205 exulta-

365 2251 436 2306 bit
464 2250 715 2316 solitudo,
748 2259 796 2304 et
826 2250 1031 2321 florebit
1064 2253 1216 2322 quasi
1240 2250 1415 2306 lilium
1438 2250 1514 2323 (ὅ)
1536 2251 1559 2304 ?
1583 2250 1983 2321 Attemperavit
2013 2266 2073 2306 se
2095 2250 2353 2306 videlicet
2390 2248 2662 2304 industria
2690 2247 2937 2303 caritatis
2964 2247 3238 2302 humanae
3262 2245 3554 2312 debilitati,
3582 2258 3636 2301 et

367 2346 514 2399 velut
543 2361 617 2401 ne
640 2360 776 2400 suus
795 2346 1059 2413 squallor,
1083 2346 1291 2407 larvam
1316 2346 1509 2404 virtuti
1550 2347 1877 2403 horribilem
1901 2349 2159 2413 induens,
2187 2346 2331 2403 odiis
2354 2362 2473 2401 eam
2497 2344 2932 2415 imprudentium
2959 2343 3248 2409 obiiceret,
3268 2345 3432 2414 spinis
3464 2360 3636 2414 quae-

372 2433 489 2490 dam
526 2436 650 2492 suis
678 2435 866 2491 insivit
895 2435 1044 2502 lilia;
1071 2435 1319 2493 floridior
1346 2453 1615 2509 apparere
1654 2439 1955 2506 sustinuit;
1982 2449 2039 2494 et
2064 2438 2446 2493 austeritatem
2486 2436 2636 2491 intus
2667 2433 2976 2490 recondens
3017 2448 3171 2487 suam
3208 2433 3501 2488 tectorium
3530 2434 3637 2490 sibi

366 2534 732 2590 circumdedit
758 2538 1076 2601 amoenius;
1117 2536 1253 2591 nihil
1304 2536 1410 2592 sibi
1430 2536 1653 2607 quidem
1689 2539 1984 2610 indulgens
2007 2547 2108 2593 aut
2138 2537 2393 2592 relaxans
2419 2536 2647 2590 intimae
2677 2532 3017 2605 asperitatis,
3041 2540 3099 2586 at
3121 2531 3177 2585 in
3207 2531 3434 2601 gratiam
3455 2543 3512 2588 et
3532 2535 3639 2590 uti-

361 2632 573 2687 litatem
602 2630 935 2686 intuentium
975 2630 1310 2688 eminentem
1342 2633 1586 2688 exterius
1622 2632 1911 2688 horrorem
1946 2632 2069 2701 piae
2100 2631 2385 2686 cuiusdam
2420 2630 2740 2700 aspersione
2769 2628 3056 2684 suavitatis
3081 2628 3393 2694 emolliens,
3438 2645 3508 2685 ne
3548 2629 3636 2685 in-

360 2722 507 2776 firmi
534 2731 766 2792 aspectu
799 2721 978 2791 primo
1010 2720 1192 2777 territi
1223 2731 1635 2789 averterentur,
1669 2737 1810 2792 quos
1836 2721 1982 2776 allici
2009 2721 2077 2775 ad
2100 2720 2305 2775 bonum
2330 2720 2572 2789 expedit.

428 2818 844 2889 Egrediebatur,
891 2817 968 2872 ait
1003 2817 1352 2889 Evangelista
1394 2818 1630 2883 Marcus,
1672 2819 1741 2872 ad
1770 2817 2028 2872 Ioannem
2051 2814 2395 2889 [Baptistam]
2429 2817 2598 2869 omnis
2640 2815 2873 2870 Iudaeae
2917 2819 3061 2890 regio
3111 2828 3161 2873 et
3196 2819 3637 2893 Hierosolymitae

360 2912 601 2966 uniuersi
624 2911 722 2983 (4).
756 2911 1045 2968 Tolosanis
1062 2928 1163 2982 per
1182 2926 1283 2965 vos
1311 2910 1519 2966 lucrifit
1537 2910 1858 2981 egrediendi
1883 2910 2062 2975 labor,
2084 2918 2148 2964 ut
2175 2908 2486 2979 proﬁciant.
2520 2908 2735 2963 llabcnt
2757 2907 2903 2964 intra
2930 2922 3137 2981 portas,
3158 2913 3304 2968 unde
3333 2914 3402 2967 ad
3430 2915 3636 2969 sancti-

362 3009 609 3063 moniam
642 3008 951 3065 initientur.
991 3010 1187 3065 Vestra
1227 3008 1334 3064 illis
1363 3024 1422 3064 se
1448 3009 1717 3064 obiiciens
1743 3007 1997 3063 Cartusia
2033 3021 2255 3063 scenam
2288 3005 2469 3076 aperit
2501 3006 2835 3061 coelestem:
2877 3008 3236 3073 vestibulum,
3270 3008 3431 3073 atria,
3459 3010 3635 3079 porti—

360 3113 483 3164 cus,
545 3100 714 3165 muri,
772 3108 977 3170 postes,
1010 3114 1104 3155 aer
1145 3101 1261 3171 ipse
1296 3101 1612 3171 paradisum
1641 3101 1875 3170 spirans,
1901 3099 2270 3154 claustrorum
2310 3107 2655 3168 prospectus,
2707 3107 2764 3153 et
2814 3098 2869 3152 in
2930 3099 3204 3168 quadrum
3268 3100 3466 3171 digesti
3527 3101 3637 3157 late

358 3191 875 3247 circumiacentium
930 3191 1156 3248 ordines
1206 3193 1494 3257 cellarum,
1542 3207 1679 3262 quas
1724 3191 1920 3246 videns
1953 3191 2151 3245 merito
2203 3190 2473 3245 exclamet
2520 3205 2646 3245 cum
2699 3189 2859 3245 Iacob
2914 3192 3274 3248 Patriarcha:
3320 3193 3513 3249 Castra
3539 3194 3638 3249 Dei

354 3298 483 3342 sunt
512 3288 641 3342 haec
657 3288 950 3360 (5),castra
973 3289 1163 3359 utique
1182 3285 1485 3348 Cartusiac,
1508 3299 1680 3339 novae
1709 3283 2049 3339 Sulamitidis
2078 3293 2135 3339 et
2161 3282 2368 3337 Christi
2397 3298 2649 3353 sponsae,
2674 3294 2729 3337 ut
2758 3293 3057 3340 castrorum
3081 3288 3218 3341 acies
3239 3288 3518 3342 ordinatae
3537 3288 3635 3359 (6).

359 3382 404 3437 E
464 3384 670 3453 quibus
714 3400 841 3440 cum
889 3386 1048 3441 statis
1101 3383 1254 3439 horis
1288 3382 1590 3453 procedere
1633 3390 1939 3436 cernuntur
1996 3390 2213 3436 ascetae
2262 3381 2433 3437 vestri
2481 3382 2571 3435 illa
2621 3382 2801 3438 fronte
2848 3385 3029 3439 adhuc
3076 3400 3106 3438 a
3145 3383 3354 3440 recenti
3379 3400 3504 3439 cum
3523 3385 3638 3439 Deo

360 3490 665 3545 congressu
740 3476 1019 3547 fulgente,
1093 3476 1203 3532 illis
1274 3476 1451 3531 oculis
1501 3475 1683 3529 adhuc
1736 3474 1918 3529 uvidis
1967 3489 1998 3528 e
2060 3472 2545 3542 contemplationis
2613 3489 2846 3529 arcanae
2902 3475 3057 3539 ﬂetu,
3090 3476 3181 3531 illa
3235 3475 3638 3545 compositione

361 3582 501 3635 quae
528 3568 751 3638 angelos
778 3569 1001 3633 referat,
1032 3577 1199 3625 totam
1224 3566 1611 3630 Antoniorum,
1641 3563 1989 3619 liilarionum
2022 3572 2079 3617 et
2107 3563 2402 3617 Paulorum
2434 3578 2465 3616 e
2504 3563 2783 3632 speluncis
2813 3565 2867 3617 in
2895 3575 3150 3634 apertum
3188 3565 3255 3620 ad
3290 3566 3387 3620 Dei
3414 3565 3636 3621 laudem

362 3662 757 3732 prodeuntium
783 3663 1046 3719 exhibent
1071 3664 1333 3735 speciem,
1376 3663 1483 3717 nisi
1518 3661 1665 3731 quod
1700 3660 1921 3715 admota
1968 3659 2190 3729 penitus
2231 3660 2346 3714 cuti
2392 3659 2593 3725 cilicia,
2628 3677 2770 3730 quae
2804 3661 2885 3715 illi
2914 3662 3316 3726 monstrabant,
3366 3661 3635 3719 candidae

368 3754 593 3811 obtentu
623 3757 795 3812 vestis
817 3758 1183 3814 abscondunt.
1212 3758 1409 3815 Merito
1448 3758 1585 3812 tales
1614 3756 1886 3810 Tolosana
1918 3755 2115 3811 civitas
2143 3755 2362 3810 censuit
2399 3771 2520 3811 esse
2555 3756 2678 3811 illos
2715 3756 2896 3827 vigiles
2936 3758 3173 3812 custodes
3220 3775 3496 3812 murorum
3542 3776 3635 3829 qui

368 3854 663 3908 custodiunt
695 3856 960 3910 civitatem
990 3856 1046 3911 in
1074 3852 1379 3923 Scripturis
1404 3859 1738 3904 memoratos
1760 3847 1859 3920 (7),
1896 3848 2027 3903 dum
2050 3849 2471 3919 magistratuum
2496 3864 2560 3905 ac
2592 3850 2781 3921 populi
2806 3849 3128 3920 plenissimo
3157 3858 3213 3905 et
3246 3851 3636 3907 liberalissimo

364 3958 657 4010 consensu,
685 3960 850 4014 quem
878 3947 1115 4003 Senatus
1136 3944 1338 4000 deinde
1354 3940 1655 3996 auctoritas
1689 3938 2091 4009 comprobavit,
2119 3940 2344 3993 extendi
2376 3939 2537 3995 iussit
2559 3950 2774 4010 septum
2806 3941 3111 3999 Tolosanae
3140 3944 3428 4000 Cartusiae
3459 3962 3637 4016 usque

359 4032 430 4087 ad
482 4050 674 4091 muros
709 4037 886 4103 urbis,
913 4046 969 4093 et
994 4037 1449 4109 comprehensam
1478 4047 1544 4087 eo
1572 4030 1749 4102 spatio
1786 4030 2068 4085 moenium
2097 4039 2311 4099 partem
2345 4046 2409 4085 ac
2444 4039 2627 4086 turres
2655 4042 2871 4087 vestrae
2907 4033 3033 4088 fidei
3075 4035 3371 4099 commisnt,
3412 4035 3633 4105 sapien-

389 4127 399 4199 |
432 4138 515 4182 ter
537 4139 819 4198 reputans,
841 4131 1055 4185 nullum
1077 4145 1199 4186 esse
1223 4128 1292 4183 ad
1324 4125 1556 4183 tuendas
1575 4123 1741 4179 urbes
1766 4122 2035 4177 munitius
2058 4122 2345 4193 Religione
2365 4124 2857 4194 propugnaculum.
2891 4127 3255 4183 Meminerant
3274 4127 3405 4198 quid
3429 4128 3637 4182 Romae

360 4226 685 4296 contigisset
715 4244 746 4283 a
773 4227 950 4299 Vitige
980 4244 1106 4299 rege
1133 4225 1439 4282 Gothorum
1472 4223 1751 4286 obsessae,
1782 4236 1947 4291 quam
1981 4235 2152 4290 quum
2191 4235 2544 4291 propugnans
2566 4221 2887 4287 Bclisarius,
2926 4234 3140 4294 partem
3168 4226 3313 4280 muri
3339 4235 3556 4297 ruptam
3580 4236 3637 4281 et

363 4314 665 4374 insultibus
716 4336 892 4389 paene
937 4327 1217 4390 patentem
1252 4317 1562 4371 instaurare
1598 4328 1662 4367 ac
1690 4311 1911 4367 munire
1955 4310 2319 4376 decrevisset,
2369 4326 2643 4366 consensu
2690 4313 3043 4368 reclamantis
3090 4316 3280 4386 populi
3320 4315 3637 4387 prohibitus

361 4407 593 4473 abstitit,
624 4407 840 4464 civibus
869 4409 1070 4480 passim
1095 4406 1366 4461 universis
1392 4402 1810 4466 affirmantibus,
1832 4401 1888 4457 S.
1918 4400 2067 4455 Petri
2099 4415 2157 4455 se
2194 4402 2395 4456 tutelae
2435 4402 2615 4458 locum
2647 4405 2800 4459 illum
2833 4406 3155 4473 credidisse,
3180 4419 3442 4480 certoque
3461 4412 3635 4466 conli-

361 4500 526 4553 deres
549 4515 849 4569 numquam
879 4501 1108 4555 Romam
1136 4515 1201 4555 ea
1230 4509 1386 4569 parte
1404 4498 1749 4569 capiendam.
1770 4495 1884 4549 Nec
1902 4508 2027 4563 spes
2052 4493 2178 4547 illos
2198 4493 2392 4550 fefellit
2420 4510 2538 4550 sua.
2566 4496 2938 4569 Nam.Vitiges
2968 4500 3173 4557 frustra
3194 4505 3379 4559 omnia
3405 4516 3637 4561 conatus

337 4594 579 4669 {solvere
609 4594 952 4649 obsidionem
982 4604 1067 4649 est
1101 4604 1344 4658 coactus,
1374 4602 1541 4663 prout
1575 4591 1712 4645 haec
1744 4604 1812 4644 ex
1830 4586 2051 4643 oculato
2073 4585 2391 4641 testimonio
2412 4588 2580 4642 refert
2600 4588 2693 4657 qui
2716 4605 2978 4659 praesens
2998 4592 3175 4649 adfuit
3210 4594 3513 4666 Procopius
3532 4595 3631 4667 (8).

432 4684 475 4738 E
501 4684 636 4741 Tuis
663 4687 731 4741 ad
760 4688 836 4743 Te
857 4704 1005 4743 nunc
1028 4688 1298 4752 revertor,
1328 4686 1772 4742 venerabilissime
1800 4692 1970 4755 pater.
2008 4683 2193 4754 Spissa
2225 4694 2282 4740 et
2309 4682 2595 4753 multiplex
2622 4699 2857 4754 persona
2881 4687 3042 4742 vobis
3067 4687 3444 4745 Cartusiarum
3471 4706 3634 4761 prae-

359 4776 557 4843 positis
584 4777 906 4848 imponitur,
927 4794 995 4833 ex
1015 4778 1229 4834 intimis
1258 4776 1724 4848 profundissimae
1754 4775 1934 4847 adytis
1968 4790 2221 4830 asceseos
2248 4775 2401 4830 exire
2440 4775 2546 4829 isto
2576 4776 2812 4831 subinde
2842 4778 3021 4834 olIicio
3054 4782 3261 4836 coactis
3280 4781 3335 4835 in
3369 4791 3635 4839 tractatus

358 4887 487 4927 cum
520 4872 845 4941 proceribus
871 4881 928 4928 et
955 4872 1159 4942 populo
1192 4870 1555 4945 promiscuos,
1584 4869 1642 4923 in
1674 4868 2107 4939 hospitalitatem
2130 4882 2343 4922 comem
2399 4877 2457 4921 et
2484 4867 2847 4933 inundam,in
2875 4886 3161 4928 sermones
3196 4875 3637 4932 accommodatos

358 4962 722 5020 audientibus
746 4974 922 5019 status
949 4980 1013 5019 ac
1032 4963 1253 5035 generis
1284 4964 1550 5019 cuiusvis.
1570 4963 1737 5018 Pauci
1763 4962 1831 5017 ad
1865 4963 2095 5017 fundum
2120 4972 2431 5031 penetrant,
2458 4963 2767 5030 quantaivis
2795 4964 2871 5018 sit
2894 4964 3044 5020 illius
3069 4966 3224 5021 Pauli
3249 4968 3481 5038 apostoli
3507 4985 3636 5025 sen-

362 5057 567 5113 tentiae
592 5075 603 5109 :
628 5056 879 5112 Omnibus
908 5059 1087 5111 omnia
1120 5038 1287 5127 factus
1319 5074 1457 5122 sum,
1481 5064 1541 5109 ut
1569 5072 1745 5110 omnes
1778 5056 2005 5125 facerem
2034 5056 2207 5111 salvos
2229 5055 2325 5126 (9).
2368 5055 2542 5122 Quam
2564 5055 2771 5120 vivida,
2794 5056 3039 5126 inquam,
3067 5067 3125 5113 et
3151 5058 3517 5115 scintillanter
3535 5060 3637 5115 mi—
3710 5112 3735 5131 η

364 5151 509 5203 cauti
540 5149 743 5204 mentis
769 5160 1125 5220 experrectac
1150 5150 1491 5221 praestantia
1521 5165 1660 5220 opus
1678 5148 1943 5218 Apostolo
1964 5150 2209 5219 gentium
2234 5150 2422 5213 fuerit,
2452 5157 2513 5202 ut
2538 5148 2607 5201 ab
2633 5149 2856 5212 ecstasi,
2879 5166 2987 5220 qua
3008 5160 3198 5221 raptus
3224 5152 3292 5206 ad
3319 5152 3635 5222 paradisum

368 5256 565 5296 arcana
610 5241 914 5298 ineﬂ‘abilia
946 5244 1218 5309 audierat,
1250 5245 1321 5299 ad
1360 5244 1597 5299 facunde
1631 5231 2009 5313 perorandum
2040 5244 2094 5297 in
2138 5245 2322 5299 medio
2352 5246 2656 5315 Areopago,
2690 5244 2756 5298 ad
2784 5244 2999 5314 prolixe
3028 5244 3413 5302 disserendum
3448 5244 3635 5303 eoram

368 5334 526 5390 Festo
552 5337 823 5406 praeside,
850 5354 975 5409 rege
1016 5339 1256 5410 Agrippa
1288 5348 1344 5393 et
1379 5338 1567 5409 regina
1599 5337 1884 5401 Berenice,
1927 5338 1994 5392 ad
2020 5339 2229 5394 urbane
2267 5340 2704 5395 conversandum
2729 5355 2854 5394 cum
2888 5339 3081 5411 Sergio
3116 5343 3284 5398 Paulo
3312 5343 3476 5417 Cypri
3509 5361 3637 5415 pro-

1885 5431 2134 5488 NOTAE.

542 5519 977 5596 CorrgnPossin.
1006 5524 1259 5580 videmus.
1286 5525 1513 5586 Eanon.
2124 5526 2201 5596 (7)
2233 5524 2391 5579 (ἷὲὶηῐ-
2420 5526 2483 5587 ν,
2518 5526 2571 5578 7-
3538 5526 3539 5529 A

541 5591 665 5672 Isai.
696 5592 913 5672 X_X}_(_V,
946 5595 995 5647 l.
2052 5667 2094 5672 __
2125 5591 2201 5667 (8)
2233 5595 2581 5672 Gothic._l_ib.
2631 5596 2653 5649 I
2699 5611 2818 5668 cap.
2848 5598 2938 5663 '55,
2984 5598 3073 5654 ed.
3107 5600 3238 5671 Reg.
3270 5616 3324 5672 p.
3359 5601 3499 5672 568;
3529 5603 3627 5661 lib.

460 5662 512 5736 ᾗ)
545 5662 905 5736 ῌειι-οκικξτᾼ
962 5734 977 5736 _
2052 5667 2097 5722 ll
2135 5662 2257 5735 cap.
2287 5666 2323 5719 ‘2
2362 5682 2416 5736 p.
2450 5666 2573 5720 MO.

460 5668 491 5713 .t
545 5668 710 5717 Marc.
742 5668 781 5727 l,
815 5668 863 5717 5.

461 5668 513 5873 δέ
548 5732 683 5786 Gen.
714 5723 928 5799 XXXII,
951 5734 1003 5787 2.

460 5804 490 5857 6
544 5804 703 5859 Cant.
740 5805 831 5871 VI,
865 5804 915 5857 5.

2052 5668 2097 5722 ll
2136 5683 2257 5735 cap.
2287 5668 2323 5719 ‘2
2362 5682 2416 5736 p.
2450 5668 2573 5720 MO.

2125 5737 2199 5807 (9)
2230 5738 2247 5792 1
2273 5736 2398 5793 Cor.
2434 5737 2527 5807 IX,
2568 5737 2656 5791 22.
2695 5737 2888 5794 IlCor.
2927 5738 3044 5807 XII,
3085 5740 3136 5795 4.

589 5813 703 5859 ant.
748 5813 831 5870 Ἠ,
865 5813 915 5857 5.
