4016 6422
485 342 588 397 327
1504 344 1507 349 ’
1612 337 1821 395 PETRI
1859 337 2121 395 POSSINI
2160 338 2673 397 PROLEGOMENA
3641 350 3731 406 3'38

484 462 734 527 consule,
759 460 999 531 denique
1036 458 1105 515 ad
1129 460 1477 515 familiariter
1507 460 1782 530 simulque
1810 460 2023 515 utiliter
2051 460 2325 531 agendum
2362 462 2636 534 Philippis
2664 478 2790 519 cum
2826 464 2997 537 Lydia
3026 469 3380 539 purpuraria,
3420 469 3582 525 loonii
3618 488 3731 527 cum

484 557 688 611 Thecla
719 555 951 626 virgine,
984 554 1219 625 aliisque
1239 553 1375 607 alias
1404 552 1712 606 innumeris
1733 550 1868 622 (10).
1899 552 1991 606 Sic
2022 567 2295 621 nusquam
2334 554 2675 610 luculentius
2701 571 2865 625 quam
2888 557 2944 611 in
2978 558 3055 613 Te
3082 546 3505 630 apparet,un
3528 562 3733 633 quidam

480 660 732 707 veterum
761 647 963 713 aiebat,
983 646 1359 716 eloquentiam
1384 644 1592 701 silentii
1629 644 1844 714 prolem
1874 659 2019 709 esse,
2037 654 2094 700 et
2112 646 2391 701 neminem
2417 646 2570 717 loqui
2604 647 2837 704 uberius
2864 660 2922 705 et
2949 649 3191 717 dulcius,
3221 668 3386 723 quam
3418 654 3510 723 qui
3543 654 3631 709 diu
3651 671 3731 710 re-

479 743 828 816 ligiosissime
854 740 1119 806 tacuerit;
1151 739 1303 804 dum,
1336 748 1397 794 ut
1420 738 1735 794 Bernardus
1755 754 1825 793 ex
1850 739 2046 793 umbra
2077 747 2134 793 et
2156 754 2375 795 secessu
2396 740 2681 808 silvarum,
2706 742 2781 798 ita
2806 743 2887 798 Tu
2916 758 2949 799 e
2978 746 3326 803 severissima
3364 747 3585 804 claustri
3611 749 3733 805 taci~

482 843 770 903 turnitate.
804 836 961 908 quasi
988 852 1019 890 ε
1054 837 1242 891 schola
1267 835 1551 890 rhetorum
1574 834 1837 905 prodiens
1856 834 2092 901 audiris,
2120 836 2579 908 quotiescumque
2612 839 2951 909 loquendum
2975 852 3081 907 est,
3118 843 3416 899 mellilluus
3446 857 3643 901 orator.

549 934 610 989 In
654 934 838 988 locum
880 947 968 987 me
1007 931 1303 1002 ancipitem
1356 932 1677 1000 propulsum
1724 930 1936 997 sentio,
1968 931 2063 987 ubi
2104 932 2462 1003 praedicare,
2517 935 2666 1005 quod
2714 936 2853 992 haec
2906 938 3102 993 civitas
3157 941 3416 996 universa
3484 944 3644 998 sentit
3686 952 3738 998 et

484 1031 750 1101 loquitur,
794 1028 1096 1101 prohibeor
1125 1028 1423 1083 modestiae
1462 1026 1924 1097 Tuae'respectu,
1963 1043 2131 1098 quam
2181 1044 2405 1084 suarum
2448 1030 2771 1087 obtrusione
2805 1032 3030 1087 laudum
3067 1034 3183 1089 scio
3211 1044 3477 1105 quantum
3505 1037 3735 1092 oﬂ‘cnde-

479 1140 616 1181 rem.
665 1124 797 1180 Utar
822 1137 954 1194 ergo
986 1121 1185 1177 astutia
1224 1118 1379 1175 Pauli
1421 1118 1676 1189 apostoli,
1714 1118 2009 1173 artiﬁcium
2053 1135 2213 1175 suum
2253 1120 2529 1190 quoddam
2562 1120 2572 1192 Ι
2605 1122 2711 1177 tale
2740 1121 2878 1178 adeo
2909 1140 3018 1178 non
3046 1125 3472 1191 dissimulantis,
3506 1135 3567 1181 ut
3604 1127 3737 1183 ultro

477 1216 803 1287 prodiderit,
828 1213 1048 1285 quando
1068 1212 1146 1267 ait
1167 1210 1469 1267 Corinthiis
1498 1228 1511 1263 :
1541 1209 1673 1265 Cum
1701 1225 1864 1263 essem
1886 1217 2116 1276 astutus,
2143 1209 2262 1264 dolo
2282 1227 2370 1265 vos
2394 1213 2503 1283 cepi
2527 1211 2660 1284 (11).
2680 1212 2887 1285 Nempe
2914 1214 3060 1269 idem
3081 1214 3387 1271 Corinthiis
3406 1216 3596 1271 iisdem
3614 1217 3737 1273 alibi

476 1316 785 1385 proﬁtetur,
822 1327 881 1366 se
907 1309 1195 1382 quaedam,
1220 1322 1361 1378 quae
1380 1306 1449 1361 de
1494 1306 1648 1375 ipsis,
1676 1305 2038 1361 offensionem
2066 1321 2260 1361 eorum
2290 1315 2564 1372 metuens,
2592 1308 2877 1365 declarare
2904 1312 3222 1378 verebatur,
3255 1313 3659 1385 transﬁgurasse
3685 1316 3735 1368 in

472 1432 527 1469 sc
555 1421 602 1465 et
634 1426 796 1467 suum
822 1408 879 1463 in
901 1405 1307 1479 praedicatione
1343 1403 1413 1458 ad
1435 1403 1585 1474 ipsos
1613 1401 1825 1457 socium
1850 1402 1937 1457 vel
1962 1402 2347 1457 administrum
2374 1403 2587 1474 Apollo,
2625 1414 2840 1477 propter
2862 1407 3003 1478 ipsos
3037 1407 3173 1478 (l2),
3209 1418 3269 1462 ut
3309 1408 3509 1477 pudori
3541 1410 3737 1465 scine“

473 1508 717 1577 ipsorum
750 1507 1023 1573 parceret.
1062 1498 1155 1553 Sic
1186 1504 1244 1553 et
1278 1511 1380 1566 ego
1409 1495 1467 1550 in
1508 1493 1632 1548 aliis
1664 1493 1917 1563 personis
1947 1492 2066 1548 Tua
2103 1493 2305 1549 decora
2337 1494 2701 1561 constituens,
2738 1496 2903 1551 simul
2935 1497 3384 1553 erubescentiam
3414 1500 3537 1555 Tibi
3576 1500 3735 1557 Tuam

470 1597 832 1661 lucrifaciam,
863 1593 1027 1649 simul
1058 1602 1243 1648 tamen
1268 1590 1447 1646 ofﬁcio
1474 1605 1601 1645 meo
1630 1604 1742 1643 non
1766 1589 1933 1645 deero
1957 1588 2322 1660 signiﬁcandi,
2352 1606 2493 1660 quae
2520 1606 2682 1647 nosse
2711 1592 3011 1648 multorum
3047 1594 3297 1650 interest.

541 1698 617 1753 De
651 1697 843 1769 Magno
871 1692 1111 1750 Antonio
1139 1690 1197 1747 S.
1232 1687 1567 1744 Athanasius
1602 1686 1815 1751 scribit,
1843 1686 2013 1741 fuisse
2042 1687 2200 1741 illum
2230 1687 2309 1741 ita
2341 1687 2400 1741 in
2428 1702 2728 1759 congressu
2753 1696 2810 1744 et
2836 1704 3090 1745 sermone
3123 1706 3250 1746 cum
3278 1691 3432 1747 omni
3465 1692 3734 1751 hominum

469 1804 672 1859 genere
699 1788 1002 1841 humanum
1028 1790 1085 1839 et
1110 1795 1356 1845 suavem,
1387 1787 1449 1833 ut
1474 1795 1585 1833 non
1623 1794 1656 1834 e
1691 1778 1924 1833 desertis
1953 1777 2255 1843 montibus,
2290 1778 2385 1833 ubi
2417 1794 2638 1835 omnem
2676 1787 2913 1836 aetatem
2946 1783 3231 1838 solitarius
3270 1794 3548 1857 exegerat,
3581 1786 3673 1841 sed
3706 1802 3735 1841 ε

469 1882 594 1936 sinu
640 1880 915 1935 cultarum
956 1875 1179 1932 urbium
1216 1872 1441 1945 prodire
1468 1863 1771 1925 vide'retur.
1805 1869 1984 1925 Verba
2026 1869 2142 1940 ipsa
2174 1885 2373 1940 ponam
2412 1868 2721 1937 Athanasii,
2760 1886 2830 1927 ne
2865 1873 2991 1943 quis
3032 1888 3063 1927 a
3100 1888 3189 1929 me
3219 1872 3351 1947 ﬁngi
3384 1877 3687 1946 suspicetur
3718 1894 3731 1931 :

467 1977 565 2047 οὐχ
591 1976 665 2039 ὼς
692 1977 750 2029 ὲν
775 1975 891 2046 ὄρει
922 1973 1173 2046 τραφεὶς.
1205 1970 1368 2024 κάκεῖ
1398 1967 1578 2037 γέρων
1625 1966 1937 2037 γενόμενος,
1970 1966 2163 2035 ἄγριον
2191 1962 2306 2036 εἶχε
2355 1965 2417 2018 τὸ
2459 1960 2592 2035 ἦθος
2611 1982 2625 1997 ο
2662 1966 2800 2021 ἀλλὰ
2836 1968 2931 2022 καὶ
2975 1968 3185 2040 χαρίεις
3209 1965 3278 2041 ἦν
3309 1971 3407 2025 καὶ
3436 1971 3730 2035 πολιτικός·

466 2073 559 2127 τὸν
590 2070 647 2125 δὲ
683 2070 841 2139 λόγον
864 2064 1010 2139 εῖχεν
1038 2063 1342 2138 ὴρτυμένον
1362 2060 1441 2133 τῷ
1470 2060 1599 2132 θείῳ
1627 2060 1805 2123 ἅλατι,
1835 2060 1940 2115 hoc
1970 2071 2052 2116 est

2145 2077 2239 2113 non
2268 2070 2325 2113 ut
2354 2061 2410 2113 in
2440 2068 2617 2115 monte
2640 2063 2868 2117 nutritus
2902 2071 2953 2117 et
2976 2064 3045 2117 ibi
3076 2080 3236 2119 senex
3267 2065 3462 2134 factus,
3486 2076 3731 2139 agrestem

446 2166 648 2223 'habuit
682 2162 1150 2225 conversationem,
1178 2157 1270 2213 sed
1296 2156 1472 2211 suavis
1498 2164 1611 2209 erat
1643 2163 1692 2208 et
1726 2153 1911 2218 civilis,
1938 2168 2231 2207 sermonem
2264 2161 2443 2206 autem
2470 2152 2693 2209 habebat
2720 2154 2896 2210 divino
2923 2155 3039 2210 sale
3064 2158 3355 2213 conditum.
3390 2159 3537 2216 Haec
3572 2160 3732 2217 Atha-

465 2265 676 2330 nasius,
707 2262 804 2333 qui
834 2258 1082 2316 eiusdem
1106 2255 1236 2311 alibi
1263 2252 1488 2310 Antonii
1510 2250 1859 2321 eloquentiae
1888 2249 2186 2320 specimina
2213 2248 2424 2320 profert
2457 2248 2713 2321 insignia,
2749 2249 2940 2322 longas
2971 2252 3166 2322 ipsius,
3201 2252 3373 2309 etiam
3412 2254 3481 2310 ad
3515 2256 3736 2327 gentiles

464 2352 845 2425 philosophos,
879 2348 1159 2405 orationes
1196 2345 1455 2410 recitans,
1490 2343 1694 2413 quibus
1730 2341 1787 2396 in
1823 2341 2240 2396 admirationem
2280 2341 2361 2396 illi
2401 2350 2749 2412 raperentur.
2778 2343 3004 2400 Antonii
3040 2360 3260 2417 quoque
3291 2347 3596 2419 discipulus
3626 2348 3731 2403 lla-

464 2450 649 2505 carius
672 2453 1036 2520 cognomento
1056 2441 1484 2506 Alexandrinus,
1515 2439 1620 2495 etsi
1644 2439 1813 2494 vitam
1839 2446 1896 2493 et
1921 2436 2037 2508 ipse
2082 2437 2140 2491 in
2169 2438 2391 2492 deserto
2418 2437 2639 2509 longam
2660 2437 2913 2505 duxerat,
2942 2449 3146 2507 tamen,
3188 2450 3249 2496 ut
3290 2442 3626 2499 Sozomenus
3655 2452 3728 2499 te-

462 2542 788 2615 statur(15),
811 2557 934 2597 eam
955 2538 1211 2595 exhibuit
1237 2538 1294 2593 in
1314 2536 1631 2609 promiscuo
1650 2548 1774 2588 cum
1796 2533 1950 2587 illum
1978 2532 2311 2587 adeuntibus
2334 2546 2437 2587 usu
2463 2546 2680 2587 morum
2702 2541 2760 2587 et
2782 2548 3101 2589 sermonum
3126 2536 3481 2607 elegantiam,
3498 2549 3560 2593 ut
3581 2550 3730 2609 vulgo

460 2638 941 2711 cognominaretur
971 2636 1154 2700 ἀστός,
1181 2634 1288 2689 hoc
1315 2641 1403 2689 est
1440 2632 1676 2685 urbanus
1707 2638 1767 2685 et
1808 2628 1993 2684 civilis.
2027 2628 2216 2684 Talem
2263 2628 2341 2683 Te
2379 2630 2583 2698 passim
2622 2631 2966 2701 gratulantur
3005 2631 3369 2700 admirantes,
3397 2636 3491 2706 qui
3537 2653 3568 2692 e
3605 2652 3727 2691 con-

458 2751 650 2807 gressu
681 2734 801 2790 Tuo
824 2732 1081 2799 redeunt,
1109 2730 1274 2787 simul
1313 2744 1345 2784 e
1374 2726 1669 2800 prudentia
1704 2725 2085 2791 consiliorum,
2126 2739 2157 2780 e
2186 2724 2455 2795 gravitate
2484 2724 2943 2791 admonitionum,
2967 2741 2999 2783 e
3038 2728 3440 2785 sententiarum
3480 2730 3731 2802 sapientia

459 2830 699 2883 fructum
727 2824 895 2881 animi
925 2838 1248 2879 mansurum
1286 2823 1340 2877 in
1375 2823 1500 2877 sinu
1534 2827 1899 2891 reportantes.

533 2925 646 2980 Nec
670 2930 862 2980 tenent
886 2935 966 2988 se,
990 2920 1126 2991 quin
1157 2919 1213 2974 in
1241 2917 1434 2973 laudes
1468 2924 1658 2986 postea
1698 2921 2013 2984 erumpant.
2038 2912 2215 2978 Unde,
2244 2920 2306 2967 ut
2335 2912 2416 2976 ﬁt,
2447 2912 2683 2983 gliscens
2709 2912 2873 2978 fama,
2904 2912 3125 2983 impleta
3152 2912 3399 2981 civitate,
3430 2914 3487 2971 in
3518 2915 3729 2987 provin-

458 3023 601 3078 ciam
636 3018 911 3076 redundat
942 3033 1009 3073 eo
1044 3015 1299 3086 strepitu,
1339 3014 1500 3069 cuius
1541 3012 1755 3067 sonitus
1783 3026 1853 3065 ne
1892 3009 1961 3064 ad
2002 3010 2080 3065 Te
2108 3009 2415 3081 perveniat,
2440 3010 2553 3063 ulla
2590 3010 2817 3064 claustri
2851 3023 2915 3064 ac
2951 3008 3270 3064 solitudinis
3306 3010 3531 3067 obstare
3558 3010 3727 3065 muni-

459 3122 645 3169 menta
666 3118 890 3183 queant.
922 3110 1043 3165 Non
1068 3108 1235 3179 igitur
1264 3105 1341 3161 Te
1371 3106 1532 3170 latet;
1565 3102 1660 3157 sed
1702 3117 1807 3157 nec
1849 3101 1927 3157 Te
1959 3101 2151 3167 laedit,
2202 3102 2307 3156 hoc
2336 3109 2441 3165 est,
2482 3101 2747 3156 humilem
2786 3100 2890 3155 Tui
2926 3115 3171 3168 sensum,
3206 3100 3304 3172 qui
3347 3117 3512 3159 verae
3538 3102 3727 3158 sancti-

459 3210 587 3265 tatis
611 3206 1110 3263 indubitatissimus
1139 3204 1427 3259 character
1456 3210 1561 3264 est,
1591 3199 1648 3255 in
1675 3200 1753 3255 Te
1790 3199 1902 3254 ulla
1932 3215 2001 3255 ex
2036 3209 2192 3270 parte
2222 3198 2423 3253 minuit
2461 3198 2741 3269 publicum
2773 3198 2919 3253 istud
2957 3198 3081 3254 Tibi
3114 3198 3484 3255 honoriﬁcum
3515 3215 3727 3272 praeco-

456 3302 633 3359 nium.
666 3300 786 3367 Quo
808 3299 931 3371 plus
967 3296 1242 3361 eveheris,
1268 3310 1335 3349 eo
1358 3293 1435 3349 Te
1463 3292 1627 3347 altius
1648 3290 1792 3363 apud
1816 3291 1893 3346 Te
1916 3306 1982 3346 co
2014 3291 2023 3361 |
2056 3306 2174 3345 ram
2200 3291 2313 3345 Deo
2342 3290 2629 3361 deprimis,
2657 3299 2844 3345 sancta
2870 3289 2984 3356 illa,
3024 3291 3374 3363 philosophis
3400 3293 3583 3366 ignota
3604 3308 3725 3365 gen-

457 3398 669 3463 tilibus,
695 3396 861 3450 unius
905 3393 1131 3465 propria
1174 3388 1568 3446 christianismi
1605 3387 1941 3454 humilitate,
1985 3402 2127 3458 quae
2159 3401 2429 3457 nusquam
2466 3386 2675 3441 eminet
2708 3386 3013 3457 probatior,
3057 3404 3223 3459 quam
3250 3390 3353 3447 ubi
3379 3392 3522 3448 inter
3549 3391 3724 3447 faven-

458 3491 702 3547 tissimos
727 3486 877 3558 vulgi
904 3486 1129 3557 plausus
1154 3491 1211 3538 et
1235 3481 1411 3536 famae
1437 3478 1787 3534 buccinantis
1812 3478 1991 3550 elogia
2016 3493 2216 3533 sonora
2247 3479 2428 3533 locum
2458 3476 2823 3532 nihilominus
2848 3492 3030 3543 suum,
3054 3478 3160 3533 hoc
3178 3488 3265 3535 est
3287 3478 3562 3546 inﬁmum,
3585 3495 3724 3536 mor-

457 3583 615 3639 dicus
640 3579 862 3636 retinet.
893 3576 1091 3648 Magna
1122 3582 1171 3628 et
1201 3589 1331 3627 rara
1364 3571 1554 3636 virtus,
1590 3579 1652 3625 ut
1691 3569 1924 3625 idoneus
1962 3568 2156 3624 talium
2188 3567 2379 3640 judex,
2402 3566 2648 3623 Tuorum
2684 3567 2966 3639 exemplar
2999 3568 3281 3637 decorum,
3326 3570 3387 3628 S.
3428 3572 3726 3629 Bernardus

455 3672 807 3747 pronunciat,
836 3667 1106 3725 humilitas
1136 3668 1396 3721 honorata
1425 3662 1559 3734 (14).

529 3768 704 3823 liuius
731 3764 857 3821 Tibi
885 3764 1202 3820 carissimae
1229 3759 1411 3832 pretio
1440 3758 1585 3813 dotis
1626 3756 2127 3813 commendandum
2154 3755 2320 3828 -apud
2354 3755 2433 3812 Te
2469 3770 2633 3828 quem
2666 3755 2841 3813 oﬁ‘ero
2883 3757 3086 3813 librum
3128 3768 3382 3826 autumo,
3427 3761 3483 3817 in
3525 3759 3725 3817 cunctis

455 3864 570 3919 fere
598 3860 808 3934 paginis
836 3855 1327 3915 christianissimae
1375 3867 1441 3907 ac
1486 3849 1931 3923 religiosissimae
1971 3848 2198 3904 virtutis
2238 3848 2403 3905 huius
2437 3849 2691 3906 encomia
2733 3850 3043 3917 ambitiose,
3074 3867 3249 3922 paene
3288 3852 3549 3921 dixerim,
3574 3868 3721 3926 pero-

456 3977 553 4015 1‘31]
560 3967 689 4014 tem.

526 4056 639 4111 Nec
666 4053 869 4115 minus,
907 4064 1091 4120 spero,
1119 4046 1361 4119 placebit
1389 4044 1588 4100 ascetis
1612 4043 1733 4099 istis
1759 4042 2092 4100 venerandis
2127 4051 2186 4099 et
2221 4042 2419 4099 domus
2462 4043 2554 4098 hic
2587 4042 2755 4099 huius
2781 4043 2932 4100 Tuae
2968 4054 3025 4100 et
3066 4045 3311 4100 universi
3354 4046 3486 4102 alibi
3520 4044 3716 4117 uspiam

457 4152 600 4207 sacri
624 4148 795 4205 vestri
821 4145 1057 4202 ordinis.
1084 4143 1303 4199 Iuvabit
1335 4142 1482 4212 ipsos
1511 4141 1624 4195 illic
1651 4139 2066 4205 abstinentiam,
2090 4154 2257 4209 quam
2287 4139 2420 4195 orbe
2444 4139 2867 4211 obstupescente
2907 4140 3045 4195 mire
3081 4132 3402 4196 contin'uam
3443 4146 3715 4204 exercent;

455 4241 737 4297 silentium
766 4248 1074 4301 aeternum,
1101 4235 1402 4291 coelituum
1438 4232 1697 4302 alloquiis
1722 4231 2195 4287 confabulationes
2221 4232 2506 4287 hominum
2534 4232 2941 4304 permutatione
2978 4242 3309 4303 quaestuosa
3340 4246 3713 4305 compensans;

456 4333 879 4405 abnegationem
908 4328 1279 4400 evangelicam
1311 4326 1419 4391 sui,
1459 4325 1863 4380 abdicationem
1892 4334 2260 4389 terrenorum,
2288 4325 2676 4381 adhaesioncm
2700 4326 2814 4383 Deo
2844 4341 3010 4398 super
3038 4326 3221 4383 omnia
3252 4326 3581 4383 indivulsam
3604 4325 3715 4396 glu—

456 4433 574 4488 tino
597 4444 880 4500 nunquam
898 4426 1242 4483 intermissae
1267 4424 1418 4479 iuxta
1442 4422 1817 4494 suggestiones
1843 4421 2169 4492 apostolicas
2188 4422 2298 4495 (15)
2321 4422 2607 4490 orationis,
2635 4430 2987 4493 caeterasque
3009 4421 3451 4492 religiosissimas
3475 4420 3715 4475 observa-

456 4527 634 4583 tiones
669 4524 874 4595 ubique
900 4522 1289 4595 praescriptas,
1314 4518 1677 4592 praedicatas,
1706 4518 2018 4589 praeceptis
2045 4519 2253 4591 pariter
2288 4527 2347 4575 et
2386 4520 2652 4590 exemplis
2678 4518 3108 4585 commendatas,
3136 4518 3460 4574 informatas
3500 4510 3712 4571 intueri.

453 4622 592 4679 Suas
612 4634 841 4691 prorsus
861 4619 1106 4690 ipsorum
1125 4618 1182 4672 in
1202 4617 1307 4671 hoc
1324 4615 1482 4687 quasi
1500 4615 1725 4687 speculo
1752 4614 1957 4671 formas
1978 4616 2270 4689 aspicient,
2286 4625 2343 4672 et
2359 4632 2498 4687 quae
2521 4615 2778 4672 instituto
2801 4615 3010 4671 dudum
3033 4624 3217 4671 vestro
3240 4614 3543 4670 domestico
3565 4624 3713 4665 usur-

451 4721 605 4785 pant,
634 4712 818 4777 dictis,
843 4710 1001 4776 actis,
1029 4710 1244 4782 legibus
1264 4708 1777 4779 antiquissimorum
1804 4708 2083 4767 Ecclesiae
2123 4711 2348 4767 Patrum
2376 4711 2490 4781 jam
2525 4709 2658 4766 olim
2696 4710 2936 4765 exercita
2961 4709 3427 4781 comprobataque
3458 4716 3711 4775 recogno-

452 4814 607 4861 scent
628 4805 931 4877 voluptate,
958 4810 1225 4872 quantum
1253 4816 1514 4872 auguror,
1540 4817 1650 4856 non
1676 4818 1866 4873 parva.
1895 4803 2067 4860 Cuius
2093 4802 2149 4858 in
2172 4802 2511 4876 suggerenda
2534 4819 2635 4875 per
2660 4803 2802 4859 hanc
2827 4804 3125 4860 editionem
3154 4804 3444 4860 occasione
3469 4816 3533 4856 ac
3553 4796 3711 4853 facul-

451 4910 586 4965 tate,
615 4900 662 4955 si
693 4915 860 4971 quam
885 4897 1023 4953 mihi
1050 4896 1392 4985 contingeret
1420 4912 1452 4950 a
1473 4895 1551 4951 Te
1580 4905 1637 4952 et
1663 4897 1772 4953 illis
1796 4898 1938 4954 inire
1961 4898 2213 4971 gratiam,
2244 4898 2463 4955 abunde
2487 4898 2667 4968 ampla
2691 4898 2769 4954 illi
2796 4913 3009 4954 merces
3048 4896 3468 4968 rependeretur,
3493 4893 3583 4949 ubi
3618 4904 3710 4960 per

450 4997 677 5051 Vestrae
702 4992 1099 5065 indulgentiam
1124 4988 1374 5045 caritatis
1415 4988 1835 5061 participatione
1860 4991 2098 5061 quadam
2138 4992 2462 5047 meritorum
2497 4992 2995 5064 sull'ragiorumque
3021 4990 3343 5047 Vestrorum
3381 4998 3705 5061 aspergeret.

448 5087 629 5156 Quod,
655 5087 891 5142 multum
917 5086 985 5142 iis
1015 5085 1288 5157 indigens,
1316 5083 1447 5139 licet
1486 5100 1599 5139 non
1642 5084 1827 5140 minus
1870 5085 2202 5165 immeritus,
2237 5096 2368 5158 opto
2393 5096 2450 5145 et
2475 5103 2669 5155 voveo,
2697 5087 3032 5144 faustissima
3070 5086 3242 5144 Vobis
3277 5087 3460 5143 omnia
3490 5092 3707 5157 precans

447 5192 503 5236 et
526 5194 823 5251 augurans.
848 5180 999 5247 Vale,
1033 5180 1346 5235 venerabilis
1392 5187 1565 5251 pater,
1607 5191 1664 5235 et
1705 5179 1812 5237 hoc
1854 5183 2256 5256 qualecumque
2296 5184 2626 5255 obsequium
2649 5201 2720 5241 ne
2745 5186 2990 5257 graveris
3028 5183 3320 5241 admittere
3361 5173 3705 5238 addictissimi

448 5276 573 5333 Tibi
618 5286 675 5333 et
720 5277 984 5333 universo
1030 5286 1217 5333 vestro
1259 5277 1610 5333 sanctissimo
1654 5278 1838 5333 ordini
1894 5279 2237 5337 devotissimi
2286 5280 2523 5337 clientis.
2581 5281 2904 5338 Scribebam
2960 5280 3191 5336 Tolosae
3242 5278 3362 5335 XVI
3411 5275 3524 5332 Kal.
3562 5272 3700 5342 Sept.

442 5369 511 5427 Α.
555 5369 1037 5430 CIDIOCLXXXIL

1973 5537 2218 5595 NOTAE.

520 5648 632 5731 (to)
661 5652 783 5731 Act.
818 5648 991 5731 xvii...
1012 5649 1114 5731 ea;
1143 5650 1308 5707 xxv.
1332 5651 1520 5709 xxvr.
1552 5652 1693 5718 xm,
1722 5654 1775 5707 7.
1816 5653 1953 5709 xvr.

1881 5653 1953 5708 Vl.
2211 5656 2327 5731 (15)
2363 5656 2582 5731 Soz_om.
2626 5656 3091 5731 lii_st.__Eccl.__!_ib.
3134 5656 3202 5711 Ill
3239 5671 3360 5731 c_a_p.
3384 5654 3467 5708 l5.

521 5718 634 5806 illi
661 5718 1131 5806 ΞΨῩῬκῖξητΑα
1806 5786 1811 5793 .

2361 5726 2916 5806 _S.__l_3ernar_'di_l_{um.
2954 5728 3021 5783 ιν
3061 5742 3229 5795 super
3254 5718 3439 5783 Missus
3476 5726 3563 5775 est.

521 5728 605 5785 (ιι
662 5728 705 5774 ιι
734 5728 860 5773 uor.
902 5728 1016 5781 λιι,
1050 5728 1131 5774 16.

521 5728 634 5862 (12)
666 5789 688 5844 l
717 5790 843 5843 Cor.
875 5789 965 5853 ιν,
1005 5792 1055 5844 6.
1806 5786 1811 5793 ’

1806 5786 1811 5793 ,
2241 5728 2304 5782 14
2361 5728 2417 5782 S.
2451 5728 2714 5781 Bernardi
2758 5728 2810 5781 Ηι

2212 5728 2325 5869 iiii;
2359 5798 2378 5852 l
2409 5797 2602 5854 Thess.
2632 5798 2698 5865 V,
2725 5798 2810 5854 i7.
