4016 6434
1321 417 1417 477 AD
1451 417 1816 478 OPUSCULA
1849 418 1906 477 S.
1946 416 2233 476 MACARII
2270 419 2613 476 AEGYPTII.

3502 417 3606 473 350

991 591 1419 683 PETRI
1523 591 2102 686 POSSINI
2213 586 2495 692 SO'C.
2599 598 2925 689 JESU

1120 763 1203 825 IN
1243 764 1720 827 THESAURUM
1760 766 2184 830 ASCETICUM
2226 770 2793 833 PROLEGOMENA

399 1058 411 1124 |
438 1054 480 1110 I.
500 1054 817 1113 Duodecim
831 1072 1153 1130 graecorum
1169 1058 1394 1116 Patrum
1418 1071 1668 1117 veterum
1695 1062 1919 1118 octode-
1951 1072 1996 1127 Α
2028 1059 2190 1116 cuius
2221 1058 2415 1115 intima
2433 1060 2589 1115 notio
2607 1076 2735 1116 cum
2773 1060 2920 1116 tituli
2950 1060 3082 1117 huic
3104 1054 3415 1117 collectioni
3446 1077 3606 1132 prae-

321 1150 425 1206 cim
455 1149 767 1219 Opuscula,
799 1167 1097 1223 numquam
1126 1152 1395 1210 hactenus
1425 1156 1512 1210 vel
1541 1170 1737 1227 graece
1766 1154 1915 1211 edita

322 1242 405 1297 vel
426 1242 599 1298 latine
622 1243 858 1309 reddita,
881 1255 1113 1315 utraque
1144 1246 1309 1302 simul
1327 1247 1576 1318 exposita
1601 1248 1788 1319 lingua
1808 1249 1914 1303 hoc

322 1336 549 1393 collecta
568 1347 911 1409 syntagmate
932 1340 1052 1401 tibi,
1075 1339 1257 1408 lector,
1276 1341 1516 1398 ollerens
1552 1357 1673 1408 oro,
1704 1342 1913 1397 utdum

322 1427 388 1483 de
417 1427 489 1483 iis
516 1438 575 1484 et
611 1444 807 1484 eorum
847 1431 1169 1486 auctoribus
1204 1446 1435 1501 meaque
1467 1432 1523 1486 in
1557 1431 1668 1486 illis
1700 1432 1912 1487 exscri-

322 1519 522 1574 bend'is
567 1529 626 1574 et
662 1519 1093 1591 interpretandis
1127 1534 1295 1593 Opera
1339 1524 1630 1593 quaedam,
1670 1540 1811 1593 quae
1859 1534 1913 1577 te

320 1628 485 1667 nosse
519 1612 748 1683 juverit,
779 1628 1016 1684 expono,
1043 1630 1114 1669 ne
1155 1614 1381 1671 brevem
1418 1614 1768 1670 commodare
1810 1629 1910 1667 au-

318 1704 592 1760 dientiam
620 1722 873 1777 gravere.

391 1798 627 1853 Multum
662 1808 719 1855 et
757 1799 921 1855 dulce
940 1814 972 1854 a
990 1800 1170 1870 prima
1194 1800 1333 1856 mihi
1360 1800 1649 1857 iuventute
1666 1800 1912 1857 studium

317 1892 429 1948 fuit
449 1892 817 1949 bibliothecas
846 1902 1064 1950 veteres
1081 1894 1376 1961 lustrandi,
1391 1910 1642 1966 quaeque
1662 1894 1719 1948 in
1739 1894 1808 1949 iis
1829 1896 1915 1949 in-

315 1985 495 2050 edita,
518 1985 847 2057 praesertim
865 2002 1081 2058 graeca,
1106 1996 1463 2045 servarentur
1482 1986 1913 2058 ablelegantibus

316 2077 456 2131 olim
503 2076 742 2149 ingeniis
774 2077 1101 2149 composita,
1132 2094 1243 2134 non
1292 2078 1660 2150 cognoscendi
1707 2078 1909 2142 solum,

316 2169 471 2239 quod
505 2169 805 2227 insatiabili
842 2171 1126 2241 voluptate
1171 2170 1460 2237 faciebam,
1496 2170 1593 2225 sed
1627 2170 1813 2235 etiam,
1854 2168 1912 2225 in

319 2275 429 2328 quo
449 2258 781 2315 vincendum
793 2275 958 2331 saepe
978 2260 1217 2315 taedium
1229 2261 1544 2317 aerumnosi
1561 2260 1767 2315 laboris
1785 2259 1909 2325 fuit,

324 2351 481 2422 longa
501 2351 854 2407 describendi
876 2351 1141 2423 patientia
1164 2353 1220 2407 in
1241 2353 1433 2409 literas
1467 2353 1616 2409 lectu
1636 2353 1912 2408 faciliores

2018 1151 2110 1206 ﬁxi
2157 1150 2520 1222 intelligentia
2568 1161 2626 1208 et
2667 1152 2928 1208 universo
2968 1162 3293 1223 argumento
3336 1152 3604 1209 librorum

2016 1243 2125 1301 hoc
2164 1253 2404 1316 systema
2454 1244 2818 1301 conflantium
2871 1245 3151 1315 implicata
3179 1254 3285 1310 est,
3320 1244 3525 1310 lucide,
3556 1245 3605 1300 si
3649 1308 3657 1323 1

2014 1353 2261 1408 possum,
2284 1337 2655 1409 distincteque
2687 1337 3025 1393 declarandi.
3049 1337 3321 1393 Graecum
3351 1337 3606 1403 verbum,

2015 1430 2105 1485 cui
2143 1430 2313 1486 latina
2334 1446 2576 1484 exercere
2596 1444 2661 1485 ac
2693 1429 2939 1484 meditari
2978 1429 3347 1499 respondent,
3388 1429 3497 1483 iam
3536 1428 3607 1483 ab

2013 1537 2150 1579 aevo
2166 1523 2474 1593 priscorum
2493 1521 2797 1577 Atticorum
2832 1537 2944 1576 non
2976 1522 3045 1576 ad
3084 1520 3328 1577 cuiusvis
3359 1520 3607 1576 exercitii

2014 1613 2471 1685 signiﬁcationem
2503 1614 2840 1684 applicatum
2874 1623 2981 1679 est,
3002 1614 3101 1670 sed
3125 1623 3442 1670 constanter
3463 1624 3519 1669 et
3541 1631 3608 1668 ex

2014 1708 2264 1778 professo
2325 1708 2509 1764 iterati
2559 1708 2626 1763 ad
2684 1718 2899 1764 certum
2943 1708 3107 1764 ﬁnem
3146 1707 3471 1779 perficiendi
3519 1709 3607 1762 vel

2014 1800 2264 1869 corporis
2304 1801 2393 1856 vel
2457 1801 2650 1856 animi.
2672 1801 2811 1856 Nam
2864 1810 2923 1857 et
2967 1800 3164 1855 militia
3200 1810 3257 1856 et
3308 1800 3607 1871 pugilatus,

2014 1907 2231 1957 cursus,
2255 1893 2404 1948 lucta
2430 1893 2710 1963 ceterique
2728 1908 2953 1965 agones,
2967 1901 3025 1949 et
3044 1892 3284 1957 venatio,
3306 1900 3363 1947 et
3391 1899 3607 1957 cantus,

2012 1996 2071 2041 et
2090 1985 2351 2041 tibiarum
2372 2001 2437 2041 ac
2454 1984 2647 2041 ﬁdium
2668 1984 2928 2049 melodia,
2950 1983 3269 2053 similesque
3290 1992 3387 2038 aut
3409 1982 3609 2039 iucun-

2014 2078 2116 2134 dae
2146 2089 2243 2133 aut
2268 2077 2433 2133 utiles
2470 2077 2709 2148 ideoque
2746 2077 2803 2132 in
2823 2076 3004 2148 pretio
3040 2076 3263 2131 habitae
3290 2084 3461 2140 artes,
3484 2090 3613 2130 suas

2012 2171 2432 2241 babentcuique
2452 2170 2894 2226 accommodatas
2914 2183 3135 2232 asceses,
3158 2168 3537 2221 meditamenta
3556 2177 3613 2221 et

2014 2266 2568 2339 praeeasercitationes,
2593 2264 2797 2334 quibus
2832 2262 2900 2317 ad
2921 2277 3014 2317 eas
3050 2261 3342 2316 initientur
3364 2260 3459 2330 qui
3497 2261 3611 2315 cla-

2016 2373 2239 2414 rescere
2259 2366 2356 2412 aut
2376 2356 2528 2411 beari
2548 2372 2648 2427 per
2667 2357 2789 2411 illas
2809 2363 3051 2425 sperant.
3074 2354 3406 2422 Plerumque
3428 2360 3613 2406 tamen

329 2458 393 2497 es
419 2443 731 2515 archetypis
748 2459 884 2499 aevo
907 2444 1014 2498 iam
1038 2444 1497 2501 evanescentibus
1522 2443 1911 2509 transferendi,
1946 2434 1987 2488 Β
2016 2450 2332 2521 philosophi
2370 2456 2589 2504 veteres
2609 2448 2678 2503 ad
2700 2448 2903 2503 mentis
2923 2446 3195 2501 culturam
3230 2445 3612 2513 virtutumque
3672 2500 3675 2501 ν

324 2534 370 2589 si
387 2550 576 2604 quaex
602 2534 690 2591 bis
711 2536 946 2591 aliorum
973 2546 1069 2591 aut
1097 2551 1220 2591 meo
1251 2536 1375 2592 usui
1419 2538 1696 2607 quondam
1727 2536 1915 2607 profu-

323 2635 444 2681 tura
466 2638 846 2697 sperarentur.
868 2628 927 2683 In
946 2644 1057 2699 quo
1070 2629 1329 2699 equidem
1349 2644 1381 2684 a
1400 2629 1556 2684 nullo
1577 2629 1914 2699 scriptorum

319 2719 687 2775 laudabilium
717 2720 983 2777 abhorrui
1008 2737 1233 2792 genere,
1260 2720 1454 2792 utique
1491 2719 1588 2791 qui
1624 2721 1913 2775 rhetorum

316 2815 491 2870 etiam
521 2824 581 2871 et
601 2826 890 2885 poetarum
918 2816 1242 2871 nonnullam
1270 2816 1352 2871 sic
1392 2814 1767 2886 congesserim
1796 2813 1909 2868 far-

318 2906 593 2977 raginem,
625 2906 918 2964 historicos
941 2922 1077 2963 vero
1107 2907 1375 2979 quosdam
1404 2906 1704 2974 ediderim;
1736 2906 1914 2960 fateor

320 3005 532 3061 tamen,
582 2997 831 3067 proniori
872 3013 960 3053 me
992 2998 1197 3055 affectu
1242 2999 1563 3055 incubuisse
1597 2998 1665 3053 ad
1707 2998 1913 3068 scripta

318 3089 549 3165 Patrum
579 3104 644 3144 ac
661 3090 1048 3161 Magistrorum
1080 3090 1363 3146 Ecclesiae
1398 3090 1707 3161 priscorum
1730 3090 1915 3145 adhuc

314 3178 552 3233 latentia
574 3192 606 3233 e
638 3179 864 3250 pulvere
894 3180 1211 3251 pluteorum
1243 3181 1511 3247 eruenda,
1540 3197 1639 3237 seu
1671 3197 1815 3252 quae
1843 3181 1913 3236 ad

316 3270 600 3325 librorum
657 3273 1051 3328 canonicorum
1079 3273 1482 3344 expositionem
1509 3284 1783 3344 spectant,
1814 3289 1913 3329 seu

314 3365 596 3419 culturam
619 3380 836 3421 morum
870 3366 1265 3438 religionisque
1305 3365 1657 3437 disciplinam
1688 3382 1757 3421 ex
1785 3382 1914 3436 pro-

315 3455 469 3510 fesso
497 3456 804 3513 tractantia.
854 3458 1065 3517 Prioris
1118 3458 1430 3529 argumenti
1486 3458 1756 3528 quaedam
1802 3458 1913 3513 luci

317 3546 474 3611 dedi,
503 3548 661 3618 plura
688 3547 744 3602 in
768 3548 990 3603 scriniis
1021 3546 1218 3603 habeo.
1258 3547 1401 3603 Sunt
1429 3548 1577 3603 enim
1602 3564 1771 3618 penes
1800 3564 1910 3613 me,

320 3641 469 3696 ultra
502 3640 712 3696 dudum
741 3640 895 3697 datas
915 3642 1140 3697 Patrum
1182 3641 1457 3714 symbolas
1491 3641 1545 3695 in
1579 3641 1913 3696 Matthaeum

324 3744 383 3785 et
406 3731 669 3798 Marcum,
700 3734 1081 3804 supplementa
1105 3744 1163 3790 et
1201 3735 1446 3790 auctaria
1482 3733 1719 3803 insignia
1747 3733 1910 3788 Cate—

330 3838 517 3877 narum
551 3824 827 3881 editarum
854 3826 913 3881 in
945 3826 1151 3882 Lucam
1179 3842 1245 3882 ac
1268 3827 1533 3883 Joannem
1554 3835 1611 3882 et
1647 3827 1704 3880 in
1733 3825 1913 3881 Cene-

320 3915 427 3969 sim
451 3933 466 3981 ;
486 3915 724 3973 Catenae
743 3917 875 3974 item
895 3919 1142 3990 integrae
1176 3919 1588 3989 copiosissimae
1609 3919 1666 3973 in
1692 3920 1909 3985 Isaiam,

318 4006 691 4073 Ezechielem,
736 4008 1054 4077 Danielem;
1108 4011 1320 4066 scholia
1362 4010 1572 4082 pariter
1612 4026 1807 4082 graeca
1854 4011 1912 4066 in

318 4100 622 4171 prophetas
666 4116 911 4158 minores
956 4102 1291 4170 duodecim;
1345 4111 1645 4175 perpetuus
1686 4104 1912 4173 insuper

315 4192 766 4248 Commentarius
804 4193 967 4249 libris
1011 4193 1308 4249 duodecim
1353 4210 1630 4264 expansus
1669 4193 1724 4249 S.
1776 4193 1911 4249 Gre-

317 4285 463 4357 gorii
514 4286 761 4359 episcopi
798 4287 1142 4359 Agrigentini
1193 4286 1250 4342 in
1294 4287 1687 4353 Ecclesiasten,
1744 4303 1910 4358 quem

318 4379 547 4434 erudito
575 4379 765 4435 iuveni
797 4380 988 4436 Ioanni
1009 4380 1308 4437 Francisco
1330 4380 1398 4435 de
1422 4381 1634 4437 Rubeis
1661 4384 1909 4437 Romano

318 4470 595 4541 latinitate
624 4486 688 4526 ac
728 4471 850 4527 luce
882 4472 1200 4527 donandum
1232 4468 1270 4543 Ἰ
1302 4473 1501 4543 reliqui
1530 4474 1704 4529 Roma
1725 4475 1909 4531 disce-

319 4557 462 4613 dens
498 4574 645 4614 anno
666 4560 940 4631 superiori
967 4561 1099 4617 1681
1129 4579 1144 4629 ;
1172 4561 1411 4633 denique
1450 4564 1915 4634 complementum

318 4652 509 4723 operis
558 4652 875 4723 imperfecte
913 4654 1049 4711 editi
1075 4654 1132 4710 S.
1157 4655 1409 4729 Gregorii
1437 4657 1669 4729 Nysseni
1690 4659 1747 4713 in
1773 4674 1914 4714 eun-

321 4743 447 4798 dem
477 4743 867 4811 Ecclesiasten,
899 4756 1024 4817 post
1047 4756 1194 4813 octo,
1217 4764 1359 4818 quae
1386 4759 1621 4815 exstant,
1662 4750 1917 4807 homilias

320 4837 726 4907 expositionem
754 4839 1124 4909 perducentes
1150 4841 1220 4895 ad
1248 4841 1469 4897 tertium
1490 4843 1778 4909 duntaxat,
1812 4859 1916 4899 nec

2015 2544 2250 2616 praxim,
2288 2559 2391 2614 per
2428 2558 2567 2613 quas
2603 2543 2770 2597 homo
2809 2541 2877 2595 ad
2913 2539 3235 2595 felicitatem
3271 2538 3609 2608 disponitur,

2017 2652 2251 2693 asceseos
2271 2635 2697 2706 appellationem
2715 2633 3068 2702 adaptarunt.
3092 2631 3242 2699 Quos
3260 2630 3457 2686 imitati
3479 2644 3615 2685 una-

2014 2729 2152 2784 nimi
2189 2742 2463 2783 consensu
2502 2726 2610 2782 iam
2632 2743 2662 2782 a
2681 2725 2879 2797 primis
2910 2724 3048 2795 legis
3067 2736 3241 2781 novae
3262 2722 3496 2778 saeculis
3515 2737 3610 2777 ec-

2016 2819 2315 2877 clesiastici
2346 2821 2649 2890 scriptores
2688 2819 2893 2872 ascesin
2914 2832 3026 2872 non
3071 2816 3187 2871 fere
3239 2816 3401 2870 aliam
3445 2830 3613 2884 agno-

2017 2925 2181 2972 scunt
2197 2924 2256 2970 et
2292 2914 2637 2986 praedicant,
2661 2927 2825 2983 quam
2845 2926 2985 2983 quae
3007 2910 3076 2965 ab
3099 2909 3231 2979 ipsis
3250 2907 3613 2978 distinguitur

2020 3011 2280 3066 adiuncto
2312 3008 2531 3079 pietatis
2561 3023 2623 3062 ac
2672 3005 2953 3077 religionis
2974 3048 2988 3068 ,
3014 3020 3151 3075 quae
3177 3004 3415 3057 animam
3445 3001 3614 3072 pascit

2020 3100 2209 3155 divinis
2241 3099 2513 3153 sensibus:
2539 3097 2708 3151 verba
2756 3104 2887 3152 sunt
2916 3095 3102 3150 Basilii
3136 3093 3335 3165 Magni,
3372 3092 3612 3161 scripto-

2018 3208 2141 3247 rum
2181 3191 2545 3247 asceticorum
2587 3190 2746 3245 facile
2792 3188 3077 3259 principis,
3114 3187 3171 3242 in
3211 3187 3355 3240 libro
3386 3185 3463 3239 De
3490 3184 3604 3240 vita

2017 3285 2282 3341 solitaria.
2312 3284 2548 3340 Addicta
2578 3284 2746 3355 igitur
2782 3298 2883 3337 usu
2918 3281 3025 3335 iam
3060 3280 3192 3336 olim
3238 3277 3614 3334 ecclesiastico

2015 3386 2100 3433 est
2151 3378 2342 3432 ascesis
2392 3392 2588 3447 graeca
2636 3391 2743 3431 vox
2808 3373 3133 3429 indicandae
3185 3371 3340 3441 praxi
3390 3382 3615 3425 actuum

2017 3471 2364 3525 internorum
2414 3470 2688 3523 humanae
2728 3469 2929 3522 mentis
2959 3474 3014 3520 ct
3043 3464 3343 3520 voluntatis
3373 3465 3486 3518 Deo
3514 3478 3614 3519 co-

2016 3562 2182 3617 lendo
2201 3570 2257 3617 et
2287 3560 2393 3616 sibi
2415 3559 2788 3637 perficiendis,
2811 3572 3029 3627 semper
3048 3555 3273 3627 quidem
3295 3565 3353 3609 et
3385 3555 3612 3623 ubique,

2016 3654 2115 3710 sed
2156 3654 2213 3708 in
2265 3669 2489 3708 secessu
2548 3654 2881 3723 praesertim
2930 3665 2997 3704 ac
3043 3647 3366 3712 solitudine,
3418 3656 3514 3700 aut
3558 3646 3614 3700 in

2019 3747 2278 3801 convictu
2322 3751 2379 3799 et
2427 3743 2796 3798 contubernio
2844 3741 2994 3797 idem
3045 3754 3115 3794 ex
3146 3739 3401 3794 instituto
3435 3738 3614 3792 medi-

2022 3837 2193 3893 tantis
2232 3835 2541 3891 sodalitatis
2561 3831 2991 3888 attendentium.

2072 3928 2162 3983 III.
2175 3927 2475 3983 Character
2486 3923 2764 3979 Ecclesiae
2782 3920 2988 3979 Christi
3004 3928 3109 3993 est,
3122 3919 3395 3973 honorare
3406 3932 3477 3970 nu
3486 3932 3612 3971 men

2016 4032 2128 4074 non
2156 4016 2318 4072 labiis
2345 4016 2523 4071 solum
2562 4022 2658 4068 aut
2704 4011 3064 4082 usurpatione
3100 4008 3348 4064 sensibili
3380 4008 3610 4071 rituum,

2015 4112 2162 4183 quod
2177 4110 2415 4166 faciebat
2432 4108 2735 4180 Synagoga,
2751 4105 2847 4161 sed
2860 4101 3142 4174 conceptis
3154 4101 3345 4156 intime
3360 4099 3616 4153 sensibus

2018 4204 2420 4274 allectibusque
2449 4202 2634 4258 devoti
2677 4200 2901 4270 penitus
2933 4196 3123 4252 animi.
3168 4194 3283 4249 Hoc
3317 4193 3614 4247 discrimen

2020 4296 2275 4353 Christus
2290 4294 2551 4365 exprimit
2578 4292 2665 4348 bis
2690 4291 2876 4347 verbis
2903 4288 3302 4345 Samaritanam
3333 4286 3618 4354 alloquens

2020 4390 2180 4447 Joan.
2221 4388 2327 4444 IV:
2361 4386 2580 4450 Mulier,
2612 4386 2755 4439 venit
2784 4386 2940 4447 hora,
2983 4388 3033 4436 et
3076 4397 3217 4435 nunc
3263 4387 3359 4444 est,
3404 4377 3616 4447 quando

2017 4484 2129 4539 veri
2151 4480 2459 4536 adoratores
2503 4478 2806 4533 adorabunt
2834 4474 3055 4529 Patrem
3084 4475 3139 4528 in
3165 4474 3356 4545 spiritu
3396 4479 3443 4524 et
3476 4470 3616 4524 veri-

2017 4585 2148 4631 tate.
2174 4576 2455 4630 Summam
2477 4570 2583 4626 sibi
2614 4566 2897 4639 religionis
2918 4576 3080 4622 vetus
3101 4565 3427 4620 Iudaeorum
3467 4561 3617 4617 natio

2014 4669 2260 4740 ponebat
2289 4667 2346 4721 in
2369 4664 2638 4736 speciosis
2670 4660 2995 4718 cerimoniis
3021 4666 3079 4714 et
3101 4658 3337 4729 pompis,
3368 4656 3615 4726 qualium

2015 4756 2487 4814 ostendendarum
2536 4753 2841 4825 professam
2898 4757 2956 4804 et
3000 4758 3391 4819 quaestuosam
3440 4755 3616 4798 artem

2018 4849 2245 4905 Scribae
2314 4849 2643 4919 praesertim
2691 4842 3088 4911 Pharisaeique
3140 4838 3480 4895 factitabant.
3546 4838 3619 4892 lis

322 4928 505 4999 ipsum
538 4939 715 4984 ῐοῐυῐῐι
751 4930 893 4984 sacri
936 4931 1059 4986 eius
1089 4931 1218 4985 libri
1247 4943 1435 5003 caput.
1475 4933 1752 5004 reliquum
1784 4934 1911 4989 lmi-
1948 4977 1991 5031 Β
2020 4942 2521 5014 quomodocunque
2556 4938 2733 4993 functi
2775 4936 3053 5007 perfectos
3088 4949 3147 4989 se
3180 4931 3616 4995 arbitrabantur,

320 5038 547 5078 versum
586 5023 764 5078 Patris
803 5023 1054 5079 eiusdem
1083 5024 1435 5081 disertissimi
1462 5043 1638 5097 usque
1670 5027 1740 5082 ad
1792 5043 1916 5082 ver-

323 5129 449 5170 sum
477 5115 733 5170 ultimum
778 5116 1043 5185 postremi
1067 5113 1380 5172 duodecimi
1418 5118 1616 5189 capitis
1639 5132 1918 5173 commen-

328 5210 525 5264 tarium
548 5208 836 5263 exhibens.

400 5302 465 5356 Il.
500 5301 765 5357 Conﬁteri
806 5311 990 5357 tamen
1010 5300 1210 5366 debeo,
1231 5301 1566 5357 delectatum
1587 5318 1674 5358 me
1693 5300 1917 5373 potissi-

327 5409 477 5447 mum
535 5408 772 5449 occursu
815 5408 1047 5464 cperum
1076 5393 1147 5448 ab
1168 5393 1414 5465 antiquis
1444 5395 1624 5466 magni
1674 5394 1917 5450 nominis

326 5487 582 5543 Patribus
602 5487 936 5557 scriptorum
957 5486 1025 5541 de
1048 5487 1301 5543 interiori
1323 5488 1607 5557 religionis
1626 5488 1916 5559 disciplina

324 5595 490 5651 quam
538 5580 751 5636 ascesin
796 5589 1016 5643 vocant,
1040 5595 1239 5650 graeco
1280 5581 1549 5636 vocabqu
1574 5582 1910 5635 exercitatio-

328 5690 445 5727 nem
477 5673 649 5728 latine
683 5685 936 5738 sonante,
979 5675 1076 5730 sed
1104 5675 1227 5744 plus
1259 5675 1539 5746 quippiam
1568 5676 1912 5746 significante

327 5780 488 5832 quam
510 5764 691 5836 primo
710 5764 834 5819 eius
854 5764 1006 5820 vocis
1024 5765 1217 5821 auditu
1244 5766 1417 5821 menti
1447 5767 1764 5822 subiicitur.
1792 5767 1913 5835 Quo

331 5857 534 5931 injungi
554 5857 690 5916 mihi
712 5856 951 5914 cilicium
982 5858 1181 5927 sentio,
1210 5874 1324 5913 rem
1348 5860 1519 5930 ipsam
1550 5861 1691 5915 hanc
1720 5869 1912 5925 totam,

2024 5035 2205 5091 securi
2266 5034 2570 5089 celatorum
2631 5031 2783 5085 intus
2830 5030 3082 5083 ulcerum
3138 5040 3265 5079 reae
3310 5023 3509 5077 mentis
3563 5031 3620 5077 et

2027 5128 2454 5183 criminosorum
2484 5124 2782 5179 allectuum
2802 5119 3075 5177 consciae.
3100 5117 3257 5184 Quod
3278 5115 3621 5186 exprobrans

2016 5220 2129 5275 illis
2190 5220 2447 5275 Christus
2506 5217 2584 5272 ait
2627 5214 2821 5271 Matth.
2871 5212 3064 5277 XXIII,
3110 5211 3217 5265 εἶδε
3284 5209 3391 5265 Vae
3437 5209 3619 5273 vobis,

2008 5313 2233 5369 'Scribae
2266 5321 2314 5366 et
2344 5310 2648 5373 Pharisaei,
2674 5308 2802 5378 quia
2836 5304 3107 5360 mundatis
3142 5302 3281 5373 quod
3320 5302 3514 5370 deforis
3544 5308 3620 5353 est

2015 5406 2195 5460 colicis
2224 5414 2272 5459 et
2304 5402 2625 5475 paropsidis,
2661 5400 2670 5471 |
2702 5402 2847 5454 intus
2877 5406 3056 5452 autem
3094 5396 3237 5468 pleni
3272 5396 3393 5448 estis
3424 5394 3619 5462 rapina

2014 5504 2062 5549 et
2094 5494 2501 5549 immunditia...
2557 5490 2755 5546 similes
2810 5488 3100 5561 sepulchris
3157 5485 3439 5547 dealbatis,
3482 5500 3621 5553 quae

2021 5587 2185 5657 aforis
2221 5594 2414 5656 parent
2463 5584 2758 5639 hominibus
2793 5584 3051 5655 speciosa,
3092 5581 3237 5633 intus
3289 5594 3411 5630 vero
3457 5577 3620 5647 plena

2019 5687 2142 5731 sunt
2182 5677 2380 5730 ossibus
2432 5684 2764 5729 mortuorum
2805 5684 2856 5728 et
2901 5674 3045 5727 omni
3087 5671 3366 5741 spurcitia.
3413 5668 3619 5735 Quem-

2022 5768 2316 5824 admodum
2334 5784 2466 5839 ergo
2482 5775 2688 5823 certam
2706 5765 3025 5821 methodum
3043 5779 3106 5818 ac
3121 5763 3411 5817 formulam
3431 5762 3621 5817 obser-

2024 5860 2305 5915 vationum
2346 5862 2577 5915 istarum
2600 5859 2959 5915 Mosaicarum
2988 5855 3173 5912 Iudaei
3196 5855 3332 5927 legis
3365 5854 3624 5912 doctores
