4016 6426
472 402 572 461 351

1594 399 1800 456 PETRI
1842 403 2103 457 PUSSIM
2146 401 2658 462 PROLEGOMENA

3636 409 3734 465 339.

475 515 739 586 digestam
776 512 831 567 in
863 511 1078 583 regulas
1123 519 1180 565 et
1231 510 1592 582 compositam
1627 511 1903 566 habebant
1939 521 2051 566 tra-
2083 521 2126 574 Α
2158 516 2315 572 tariis
2352 517 2425 572 ita
2447 532 2478 571 e
2507 531 2702 587 graeca
2724 514 2948 570 latinam
2979 513 3180 582 facere,
3208 525 3269 571 ut
3292 517 3412 588 ipsa
3447 526 3624 575 tamen
3653 540 3735 576 ar-

475 608 787 677 debantque
811 605 879 660 ad
911 620 1070 659 usum
1105 604 1431 675 plerumque
1476 619 1686 658 merum
1731 603 2055 658 ambitiosae

473 699 879 763 ostentationis,
919 699 995 752 ita
1023 713 1123 767 par
1154 697 1278 761 fuit,
1308 707 1526 753 sanctos
1551 698 1685 767 legis
1731 713 1906 751 novae
1936 713 2055 769 my-

475 803 589 847 stas
608 791 890 847 interioris
909 789 1078 845 huius
1097 789 1193 844 Dei
1215 790 1397 845 cultus
1420 789 1599 844 tacitis
1617 789 1873 844 sensibus
1899 805 2056 843 men-

478 886 548 942 tis
576 894 634 941 et
651 885 946 940 voluntatis
977 883 1217 938 motibus
1238 883 1466 937 exerciti
1497 892 1686 947 totam,
1720 884 2058 952 exploratam

475 978 948 1034 animadversione
981 977 1159 1047 longa,
1202 984 1260 1029 et
1292 975 1472 1030 literis
1511 975 1862 1030 commissam
1882 974 2057 1045 expli-

474 1087 598 1126 care
617 1072 905 1127 rationem.

546 1164 694 1218 Talis
738 1164 882 1234 hyle,
915 1162 1038 1217 talis
1081 1175 1281 1232 scopus
1314 1169 1400 1216 est
1439 1161 1636 1216 horum
1671 1175 1812 1231 quos
1845 1159 2063 1215 edimus

475 1255 764 1320 librorum,
798 1271 906 1310 non
949 1253 1231 1309 monachis
1263 1252 1528 1307 duntaxat
1561 1261 1657 1307 aut
1694 1253 2060 1317 anachoretis,

475 1345 624 1417 quod
650 1345 828 1401 videri
858 1344 1094 1414 cuipiam
1119 1353 1326 1414 posset,
1357 1343 1600 1407 utilium,
1626 1342 1721 1397 sed
1754 1343 2064 1412 promiscue

475 1439 691 1494 cunctis
726 1436 1000 1492 Ecclesiae
1036 1437 1272 1492 statibus
1311 1436 1712 1505 ordinibusque
1747 1434 2064 1505 profuturo-

480 1544 641 1595 rum;
674 1529 956 1599 quoniam,
978 1527 1082 1582 etsi
1114 1526 1321 1581 Christi
1352 1525 1594 1581 Ecclesia
1626 1543 1723 1596 per
1747 1526 2065 1581 Bethaniam

477 1620 706 1690 ﬁgurata
735 1619 957 1674 Mariam
995 1619 1196 1673 habeat
1234 1618 1291 1672 in
1337 1617 1575 1672 solidum
1620 1617 2067 1688 contemplationi

475 1709 716 1764 deditam
756 1718 814 1764 et
846 1708 1112 1763 Martham
1138 1707 1284 1763 vitae
1311 1706 1520 1761 activae
1547 1707 1867 1761 ministeriis
1893 1714 2071 1760 atten-

476 1801 722 1866 dentem,
762 1809 944 1856 tamen
991 1816 1060 1855 ex
1106 1801 1222 1856 suis
1268 1801 1568 1856 alterutrae
1605 1800 1798 1856 oﬁiciis
1834 1800 2068 1854 invicem

2158 611 2390 683 chetypa
2429 627 2538 666 non
2583 610 3007 681 supprimerent,
3042 610 3052 680 1
3083 626 3208 664 cum
3243 610 3310 665 ad
3352 611 3551 681 pignus
3597 629 3737 670 meae

2159 704 2286 758 ﬁdei
2333 704 2728 774 praebendum,
2767 712 2880 758 tum
2923 703 2991 758 ad
3044 703 3284 758 fructum
3335 720 3448 758 non
3507 705 3740 760 inviden-

2158 796 2290 850 dum
2332 797 2588 861 eruditis,
2615 811 2682 850 ex
2727 796 2864 866 ipsa,
2896 795 3042 865 quod
3085 795 3286 865 passim
3334 795 3569 858 malunt,
3602 795 3740 852 fonte

2160 889 2472 944 hauriendi.
3249 928 3262 956 η

2232 983 2318 1038 IV.
2365 981 2662 1037 Reddenda
2703 981 2965 1050 deinceps
3008 981 3148 1034 ratio
3188 989 3274 1035 est
3319 980 3739 1051 Opusculorum.

2161 1076 2526 1148 lnprimisque
2574 1073 2917 1145 prodendum
2961 1073 3106 1128 unde
3153 1073 3414 1144 quodque
3455 1074 3740 1128 hauserim.

2163 1167 2308 1222 Inter
2356 1165 2636 1219 volumina
2688 1179 2882 1218 manus
2936 1163 3193 1233 antiquae
3247 1179 3446 1233 graeca
3499 1164 3742 1234 plurima,

2162 1273 2304 1326 quae
2361 1256 2686 1312 Franciscus
2739 1254 3045 1308 Turrianus
3104 1253 3440 1309 Societatem
3513 1263 3745 1309 nostram

2165 1349 2370 1404 Romae
2405 1347 2583 1402 iniens
2606 1363 2752 1402 anno
2777 1346 2912 1401 I566
2942 1345 2994 1399 in
3023 1344 3187 1400 domo
3208 1344 3459 1413 professa
3491 1343 3744 1408 Romana,

2166 1441 2261 1496 ubi
2285 1440 2553 1495 hactenus
2575 1449 2947 1502 asservantur,
2973 1437 3247 1508 deposuit,
3271 1452 3448 1491 unum
3466 1444 3551 1490 est
3575 1444 3749 1490 aucto-

2167 1552 2288 1590 rum
2331 1534 2491 1588 facile
2538 1523 2762 1602 triginla
2814 1530 3225 1586 lucubrationes
3287 1529 3359 1584 de
3413 1545 3473 1584 re
3526 1529 3747 1583 aseetica

2166 1626 2451 1696 colligens,
2485 1623 2660 1678 veteri
2706 1622 3068 1678 transmarina
3107 1628 3395 1677 exaratum
3437 1637 3623 1684 manu,
3658 1636 3750 1674 an-

2167 1719 2254 1773 nis
2283 1717 2485 1772 abhinc
2523 1726 2672 1770 retro
2713 1715 2838 1786 plus
2874 1714 3208 1784 quingentis,
3240 1721 3515 1783 quantum
3554 1713 3748 1766 fumida

2170 1809 2390 1878 ferrugo
2429 1808 2653 1862 chartae
2686 1807 2818 1861 olim
2857 1805 3123 1861 candidae
3169 1805 3557 1876 augurandum
3603 1819 3749 1874 prae-

476 1893 757 1949 interdum
783 1892 1134 1963 participant.
1169 1891 1305 1946 Nam
1333 1899 1390 1947 et
1417 1891 1586 1946 Maria
1616 1890 1904 1945 ministerii
1938 1906 2064 1944 cor-

2177 1907 2279 1960 bet.
2317 1905 2395 1959 Ex
2427 1919 2494 1959 eo
2531 1901 2807 1957 sexdecim
2850 1900 3127 1971 Opuscula
3152 1899 3457 1969 descripsi,
3504 1899 3608 1953 hoc
3652 1906 3748 1961 est,

477 1985 634 2056 porci
708 1985 962 2040 nonnihil
1017 1985 1230 2056 attigit,
1280 1984 1412 2039 dum
1462 1984 1667 2040 Christi
1723 1982 2066 2054 hospitaliter

477 2077 755 2147 epulantis
790 2084 956 2146 caput
995 2077 1204 2147 spicato
1249 2075 1484 2131 nardino
1525 2075 1833 2130 suavissimi
1879 2075 2065 2130 odoris

479 2167 764 2238 dapsiliter
802 2167 1054 2236 inunxit;
1086 2175 1142 2223 et
1170 2168 1286 2238 ipsa
1329 2167 1540 2222 Martha
1587 2167 1897 2223 orationum
1950 2182 2067 2221 mo-

481 2269 664 2315 menta
693 2259 809 2315 suis
841 2260 1296 2331 occupationibus
1334 2259 1572 2326 inﬁndit,
1597 2269 1763 2330 prout
1793 2260 1873 2314 vel
1900 2275 1967 2314 ex
1998 2274 2068 2314 eo

479 2361 650 2423 patet,
687 2352 834 2423 quod
873 2353 1025 2407 stetit
1064 2352 1346 2408 Christum
1390 2353 1674 2422 alloquens
1697 2361 1754 2407 et
1780 2367 1964 2416 orans,
2007 2360 2069 2406 ut

481 2443 657 2499 iuvari
687 2459 746 2500 se
780 2454 1002 2500 curaret
1029 2461 1061 2499 a
1089 2460 1299 2500 sorore.
1325 2445 1629 2500 Commune
1661 2445 1907 2515 profecto
1934 2460 2070 2500 cun-

479 2537 584 2592 ctis
639 2536 884 2592 cuiusvis
945 2553 1140 2601 sexus,
1203 2537 1418 2603 aetatis,
1479 2537 1689 2592 ordinis
1733 2537 2070 2594 Christianis

479 2628 674 2683 orandi
728 2639 785 2684 et
841 2639 998 2684 actus
1051 2629 1346 2685 interiores
1400 2630 1568 2696 ﬁdei,
1610 2630 1748 2702 spei,
1790 2631 2066 2697 caritatis,

483 2722 766 2793 religionis
784 2723 1080 2779 exercendi
1103 2732 1458 2794 praeceptum
1479 2734 1582 2789 est,
1608 2725 1713 2780 hoc
1734 2727 1851 2780 solo
1876 2726 2072 2781 discri-

482 2814 630 2868 mine
679 2815 1096 2870 coenobitarum
1139 2824 1196 2870 et
1241 2817 1703 2872 anachoretarum
1737 2835 1768 2873 a
1806 2819 2068 2884 caeteris,

481 2907 629 2976 quod
661 2908 736 2962 illi
771 2925 990 2979 semper
1023 2918 1083 2964 et
1114 2909 1277 2963 unice
1308 2909 1557 2980 religioni
1593 2926 1651 2966 se
1681 2920 1822 2965 totos
1857 2911 2071 2982 impen-

466 3000 643 3068 dunt,
679 3001 734 3055 hi
771 3001 1012 3073 cogitant
1046 3000 1271 3071 quidem
1304 3017 1444 3070 quae
1477 3011 1605 3056 sunt
1638 3004 1827 3058 mundi
1856 3021 1958 3074 pro
1986 3006 2072 3060 sui

482 3095 800 3152 conditione
843 3101 1040 3170 status,
1083 3091 1164 3147 sic
1214 3099 1418 3156 tamen,
1458 3102 1520 3148 ut
1572 3095 1852 3165 religionis
1899 3095 2076 3152 oIIieia

2167 1998 2351 2053 omnia
2397 1996 2642 2067 exceptis
2694 1995 2960 2050 duntaxat
3013 1993 3230 2048 duobus
3279 1993 3405 2048 XIII
3450 2000 3508 2046 et
3555 1991 3748 2054 XVIII;

2168 2106 2293 2145 nam
2324 2089 2476 2160 prius
2509 2104 2540 2141 e
2570 2087 2833 2141 Vaticano
2855 2085 3182 2155 perantiquo
3205 2083 3422 2148 codice,
3454 2083 3544 2138 cui
3570 2097 3749 2136 nume-

2169 2196 2264 2234 rus
2304 2178 2626 2234 inscribitur
2668 2177 2802 2242 730,
2861 2175 3200 2246 descriptum
3249 2184 3340 2230 est
3365 2215 3380 2238 ,
3429 2173 3679 2229 ultimum
3723 2188 3752 2228 c

2167 2269 2658 2343 Cryptoferratensi
2692 2267 3025 2322 bibliotheca
3059 2267 3404 2337 deprompsi.

2239 2361 2497 2417 Omnium
2548 2360 2605 2414 in
2653 2359 2833 2413 fronte
2880 2357 3040 2428 posui
3093 2358 3389 2427 epistolam
3436 2357 3494 2412 S.
3541 2354 3752 2412 Joannis

2169 2451 2546 2524 Chrysostomi
2595 2450 2662 2505 ad
2710 2450 3037 2516 monachos,
3087 2448 3160 2504 ita
3217 2450 3371 2505 clare
3435 2448 3491 2503 in
3540 2447 3750 2504 Turrin-

2171 2545 2328 2602 nensi
2419 2544 2611 2600 codice
2697 2543 3036 2612 inscriptam.
3134 2540 3267 2597 Esse
3367 2540 3518 2594 illam
3599 2536 3753 2605 Chry-

2171 2637 2397 2693 sostomi
2439 2637 2484 2691 si
2524 2635 2649 2706 quis
2693 2643 2940 2705 negaret,
2982 2633 3053 2688 ab
3099 2633 3206 2687 hoc
3249 2633 3375 2687 iure
3419 2647 3543 2686 meo
3583 2629 3750 2698 exige-

2173 2748 2312 2797 rem,
2354 2740 2416 2785 ut
2454 2709 2829 2785 testimonium
2872 2743 2974 2798 pro
3010 2743 3070 2782 se
3115 2725 3438 2780 auctoritati
3479 2720 3749 2778 Turrianei

2173 2824 2380 2880 codicis
2410 2823 2698 2895 aequilibre
2725 2829 2820 2876 aut
2847 2819 3030 2891 potius
3050 2817 3504 2889 praeponderans
3525 2815 3745 2869 aﬁ‘erret.

2173 2917 2311 2972 Cum
2357 2925 2569 2970 certum
2613 2914 2686 2968 sit
2725 2913 2940 2966 Patrem
2981 2909 3136 2963 illum
3181 2906 3613 2969 sanctissimum,
3647 2902 3751 2972 ipso

2175 3011 2480 3064 aﬁirmante
2515 3009 2614 3064 lib.
2651 3008 2775 3062 lDe
2813 3002 3142 3066 sacerdotio,
3183 3011 3273 3056 sat
3314 3002 3478 3070 longo
3526 3007 3748 3066 tempore

2176 3084 2470 3172 antequam
2511 3100 2798 3171 presbyter
2829 3105 2886 3152 et
2925 3095 3276 3152 ecclesiastes
3314 3091 3633 3148 Antiochiae
3665 3088 3747 3141 ﬁe-

484 3203 596 3243 non
643 3186 940 3258 negligant,
974 3185 1090 3240 Deo
1118 3182 1411 3238 reddentes
1445 3200 1585 3254 quae
1619 3185 1716 3242 Dei
1752 3195 1900 3253 sunt,
1929 3187 2073 3242 inte-
2102 3228 2143 3284 C
2181 3205 2292 3261 ret,
2330 3196 2478 3250 unde
2530 3203 2615 3250 est
2663 3193 2731 3248 ad
2790 3192 3049 3247 thronum
3101 3182 3749 3254 Constantinopolitanum

485 3283 590 3338 rim
634 3281 766 3337 dum
813 3290 870 3337 et
911 3289 1122 3352 patriae
1168 3289 1224 3337 et
1267 3281 1507 3336 familiae
1557 3289 1725 3351 prout
1771 3297 1861 3336 res
1905 3282 2077 3352 exigit

486 3373 775 3430 consulere
799 3389 911 3428 non
942 3374 1235 3429 desistunt.
1268 3373 1424 3430 Unde
1460 3374 1527 3429 iis
1562 3389 1783 3446 quoque
1819 3390 1916 3429 sua
1949 3390 2076 3444 pars

487 3467 757 3522 ascetices
793 3466 1077 3538 competit.

561 3559 658 3614 Est
706 3558 873 3630 igitur
920 3574 1020 3614 cur
1074 3573 1326 3630 sperem,
1369 3573 1480 3612 non
1530 3556 1798 3628 ingratam
1846 3555 2076 3611 Publico

487 3649 734 3706 futuram
757 3665 789 3705 a
815 3665 902 3706 me
932 3659 1177 3706 curatam
1216 3650 1637 3722 productionem
1675 3651 1729 3704 in
1757 3650 1937 3726 lucem
1965 3665 2076 3703 uno

489 3743 846 3800 collectorum
892 3758 1122 3814 corpore
1185 3743 1559 3815 duodeviginti
1624 3742 1749 3797 talis
1814 3741 2075 3796 materiae

491 3835 628 3890 tanti
689 3851 823 3891 usus
881 3834 1286 3906 Opusculorum
1334 3853 1365 3892 a
1412 3836 1726 3891 celebribus
1784 3834 2075 3889 duodecim

490 3929 943 3985 elucubratorum
983 3931 1320 3994 auctoribus,
1353 3945 1478 3985 eum
1516 3931 1666 3999 paris
1699 3929 1754 3983 in
1788 3937 1939 3983 tanto
1969 3927 2074 3981 mi-

492 4036 598 4076 nus
649 4021 828 4092 dignis
878 4021 1168 4091 rariusque
1213 4008 1448 4077 utilibus.
1492 4021 1692 4076 libellis
1740 4021 2075 4075 coniunctim

491 4112 722 4169 edendis
753 4111 1066 4184 diligentiae
1100 4112 1347 4183 exempla
1379 4113 1626 4168 faventer
1673 4121 1897 4181 excepta
1922 4099 2080 4181 prae-

494 4203 722 4259 iverint.
755 4203 1024 4274 Equidem
1063 4203 1269 4258 sentire
1309 4219 1397 4259 me
1435 4219 1615 4268 secus,
1643 4218 1807 4272 quam
1847 4218 1945 4272 par
1977 4201 2076 4265 sit,

494 4296 564 4352 de
603 4296 913 4366 politissimi
965 4296 1132 4351 huius
1166 4297 1419 4351 acumine
1453 4303 1512 4350 et
1553 4295 1827 4364 aequitate
1874 4293 2077 4348 saeculi

494 4387 802 4452 crederem,
830 4388 900 4454 si,
935 4403 1061 4443 cum
1104 4387 1174 4442 ab
1211 4402 1280 4442 eo
1321 4386 1542 4442 laudata
1579 4396 1635 4441 et
1673 4386 1851 4456 magni
1894 4386 2078 4440 habita

493 4480 710 4534 videam
734 4488 1070 4551 syntagmata
1091 4479 1556 4551 cynegeticorum,
1579 4478 2076 4550 aceipitrariorum,

2177 3297 2458 3353 evocatus,
2505 3288 2650 3342 inter
2704 3284 3002 3340 monachos
3044 3280 3270 3345 vixisse,
3309 3273 3748 3334 verisimlllimum

2176 3391 2280 3445 cst,
2318 3388 2424 3434 tam
2480 3377 2813 3434 foecundum
2865 3375 3147 3447 ingenium
3201 3388 3312 3426 non
3366 3365 3684 3426 abstinuisse
3722 3374 3749 3411 ει

2177 3472 2471 3527 scribendo
2505 3471 2573 3525 de
2613 3469 2778 3524 rebus
2825 3481 2962 3537 quas
3011 3475 3144 3519 tunc
3181 3461 3572 3521 meditabatur,
3603 3463 3748 3521 atque

2177 3565 2315 3620 adeo
2343 3555 2485 3618 hanc
2519 3578 2586 3618 eo
2617 3561 2724 3616 iam
2758 3567 2874 3615 tum
2901 3567 3148 3628 tempore
3186 3554 3499 3626 epistolam,
3532 3555 3586 3604 et
3613 3546 3747 3616 plura

2177 3656 2318 3711 forte
2355 3655 2460 3709 alia
2492 3654 2638 3723 paris
2687 3648 2994 3721 argumenti
3046 3645 3221 3700 literis
3265 3641 3573 3700 mandasse,
3605 3644 3746 3723 quae.

2177 3747 2324 3819 quod
2355 3763 2464 3801 non
2494 3751 2850 3815 compareant
2882 3741 2937 3795 in
2969 3736 3393 3794 collectionibus
3419 3731 3577 3800 vulgo
3607 3719 3750 3779 editis

2176 3843 2416 3910 Operum
2457 3838 2625 3902 illius,
2667 3850 2832 3890 causa
2875 3847 2997 3888 esse
3040 3829 3239 3900 potuit,
3271 3825 3530 3899 quoniam
3571 3835 3631 3873 ea
3662 3830 3748 3884 p0-

2179 3931 2451 3986 tissimum
2492 3945 2558 3982 ex
2598 3927 2705 3981 illis
2750 3925 2807 3979 in
2847 3923 3068 3978 codices
3108 3920 3361 3992 publicos
3395 3911 3748 3970 referebantur

2178 4039 2320 4095 quae
2348 4022 2416 4078 ad
2446 4017 2746 4093 promiscui
2782 4015 3000 4088 generis
3043 4013 3300 4069 homines
3337 4004 3608 4066 docendos
3639 4012 3744 4069 per-

2180 4120 2356 4173 tinere
2405 4117 2747 4180 viderentur,
2785 4113 2892 4168 alia
2949 4125 3200 4167 seorsum
3257 4109 3314 4164 in
3377 4099 3745 4160 monachorum

2177 4212 2400 4268 scriniis
2451 4220 2508 4266 et
2564 4208 2962 4266 coenobiorum
3013 4203 3219 4259 archiis
3279 4200 3361 4256 uti
3415 4184 3746 4268 professionis

2179 4313 2488 4361 ascetarum
2555 4302 2778 4375 propria
2853 4298 3180 4354 sinebantur
3252 4288 3537 4349 custodiri.
3604 4283 3744 4375 Istat“

2180 4410 2348 4466 porro
2391 4371 2680 4465 epistolam
2726 4388 3017 4462 praeposui
3058 4385 3274 4442 cunctis
3324 4383 3446 4438 aliis
3484 4371 3744 4447 OpusculiS

2180 4503 2291 4543 non
2340 4485 2687 4557 antiquitatis
2729 4481 3132 4554 praerogativa,
3171 4495 3279 4550 qua
3321 4475 3743 4545 Chrysostomum

495 4570 909 4643 georgicorum,
981 4571 1446 4642 agrimensorum,
1499 4571 1956 4642 hippiatricorum
2019 4581 2077 4627 et
2106 4580 2443 4650 Dsupcmm
2499 4578 2772 4634 Macarius
2814 4584 2871 4630 ct
2929 4571 3365 4643 Amphilochius,
3419 4568 3507 4621 ille
3560 4566 3743 4650 septeni

496 4665 782 4730 similium,
817 4663 1024 4735 despici
1052 4679 1276 4720 vererer
1301 4673 1359 4720 et
1387 4681 1418 4720 a
1445 4665 1806 4721 delicatorum
1849 4665 2084 4722 fastidiis

496 4758 728 4830 frigere,
774 4757 906 4813 dum
960 4758 1324 4813 asceticorum
1384 4775 1494 4813 non
1551 4761 1783 4815 antehac
1839 4762 2082 4816 visorum

497 4865 728 4921 operum
766 4866 1071 4906 connexam
1113 4866 1223 4905 uno
1264 4863 1414 4906 serto
1451 4853 1649 4907 seriem
1691 4854 1894 4920 oﬁ‘cro;
1925 4854 2082 4924 quasi

498 4958 754 5012 agrorum
783 4944 868 4999 vel
897 4945 1145 4998 culturae
1173 4943 1258 4997 vel
1285 4943 1665 5009 dimensionis,
1697 4947 2083 5016 mulorumque

499 5035 804 5090 medicinae
842 5037 1134 5107 gratiosius
1173 5037 1247 5092 sit
1287 5048 1578 5108 praecepta
1610 5039 1832 5110 vulgare
1861 5039 1929 5094 ab
1956 5039 2084 5095 ista-

502 5144 626 5190 rum
654 5130 919 5185 consultis
939 5132 1142 5186 artium
1168 5130 1387 5216 traditii,
1410 5147 1575 5201 quam
1597 5132 1919 5202 disciplinae
1941 5134 2081 5188 scitu

501 5221 853 5293 dignissimae
899 5238 964 5276 ac
1005 5224 1219 5279 cunctis
1260 5225 1603 5280 necessariae
1651 5227 1763 5280 Deo
1807 5227 2079 5295 placendi,

501 5311 849 5367 mundandae
875 5313 1306 5379 animae,ﬁdem,
1331 5332 1504 5386 spem,
1535 5317 1836 5380 caritatem,
1864 5319 2086 5372 humili—

503 5412 692 5469 tatem,
714 5404 1033 5474 Patientiam
1073 5407 1387 5473 exercendi,
1429 5409 1621 5462 orandi
1657 5425 1765 5463 non
1791 5411 1967 5464 solum
1992 5411 2084 5464 illa

506 5496 704 5552 initiali
735 5496 952 5551 cunctis
979 5497 1122 5550 facili
1154 5499 1422 5564 oratione,
1450 5502 1547 5556 sed
1575 5503 1884 5557 sublimiori
1914 5505 2084 5559 altera

505 5604 670 5658 quam
707 5590 1223 5660 contemplationem
1257 5606 1476 5660 vocant,
1510 5595 1683 5650 multa
1723 5597 1976 5652 cautione
2013 5597 2086 5651 ob

505 5678 815 5748 periculum
863 5680 1180 5736 illusionum
1227 5694 1456 5756 egente,
1508 5697 1715 5742 certam
1764 5689 2087 5744 methodum

509 5769 956 5839 exploratamque
983 5774 1246 5828 rationem
1271 5791 1302 5828 a
1327 5774 1462 5830 viris
1483 5778 1860 5841 sanctissimis,
1886 5779 2088 5832 doctis-

510 5861 683 5928 simis,
713 5861 1125 5931 antiquissimis,
1159 5868 1426 5923 accuratis
1453 5870 1772 5939 explicatam
1807 5888 2086 5927 commen-

2183 4643 2588 4744 Opusculorum
2621 4688 2650 4725 a
2682 4671 2726 4725 ll
2759 4669 2826 4724 ad
2858 4668 2994 4732 VIII,
3016 4666 3104 4720 hic
3144 4663 3342 4719 decimi
3369 4667 3630 4744 auctores,
3659 4643 3741 4701 sed

2184 4743 2255 4822 ob
2287 4767 2591 4822 claritatem
2627 4774 2736 4818 tam
2772 4761 2885 4817 noti
2918 4768 2974 4815 et
3012 4757 3246 4813 celebris
3279 4751 3548 4810 Ecclesiae
3579 4743 3742 4797 docto-

2184 4861 2284 4925 ris,
2334 4857 2612 4929 quomodo
2659 4856 2801 4909 inter
2854 4852 3113 4908 Paulinas
3164 4849 3422 4920 epistolas
3475 4840 3740 4912 primatum

2184 4927 2416 5020 occupat
2443 4947 2706 5004 Romanis
2741 4946 2945 5016 scripta
2978 4952 3205 5014 propter
3234 4942 3505 4995 Romanae
3542 4927 3737 5020 veluurf

2185 5045 2271 5099 bis
2315 5044 2400 5099 vel
2447 5041 2724 5097 Ecclesiae
2771 5037 3192 5109 praecellentem
3243 5032 3584 5104 dignitatem,
3625 5017 3740 5109 licet

2185 5135 2465 5205 aliquanto
2493 5131 2770 5204 posterius
2800 5144 2963 5200 quam
2992 5127 3260 5197 quaedam
3290 5129 3579 5179 ceterarum
3608 5108 3733 5205 ἀειφ-

2186 5229 2243 5282 ln
2271 5228 2610 5298 reliquorum
2637 5239 2767 5278 sane
2799 5213 3572 5291 dispositione-Opusculorum
3605 5203 3735 5252 aeta-

2188 5320 2256 5374 tis
2285 5320 2554 5386 cuiusque
2586 5316 2873 5376 rationcm,
2905 5320 3170 5382 quantum
3200 5309 3374 5368 licuit,
3404 5296 3577 5356 habui.
3695 5372 3704 5382 .

2257 5385 2478 5478 Septem
2525 5405 2800 5475 Opuscula
2836 5401 3117 5472 sequentia
3161 5399 3323 5453 unius
3360 5399 3482 5448 sunt
3519 5385 3733 5478 autfwf'?

2187 5469 2408 5558 Macarii
2459 5501 2671 5571 Magni,
2717 5506 2884 5568 prout
2915 5469 3136 5550 vdiscrte
3185 5491 3513 5562 singulorum
3567 5469 3730 5571 titulus

2187 5595 2438 5666 signabat
2471 5594 2527 5647 in
2546 5557 2763 5648 “codice
2805 5589 3131 5645 Turrianeo.
3176 5587 3346 5641 Erant
3382 5585 3551 5634 autem
3579 5579 3634 5619 ea
3663 5557 3726 5666 ibi

2188 5663 2297 5742 non
2335 5702 2443 5740 uno
2469 5685 2730 5740 continue
2757 5682 2924 5738 ductu
2957 5695 3218 5750 expansa,
3251 5676 3343 5733 sed
3372 5674 3425 5726 in
3454 5667 3554 5720 duo
3593 5663 3725 5744 Seliif‘

2190 5780 2370 5842 ratim,
2409 5777 2595 5832 multis
2638 5773 2997 5846 interpositis,
3033 5771 3208 5826 divisa
3260 5765 3532 5840 systcmata
3573 5753 3722 5842 "Olli"

2190 5873 2275 5927 nis
2300 5871 2568 5926 eiusdem.
2607 5869 2782 5925 Priori
2819 5867 3090 5939 siquidem
3120 5865 3208 5922 hic
3240 5851 3608 5935 praeﬁgebatur
3647 5846 3720 5886 ω’
