4016 6426
291 386 399 444 555

1307 386 1399 441 AD
1434 384 1797 443 OPUSCULA
1835 384 1892 441 S.
1936 383 2223 440 MACARII
2263 383 2606 451 AEGYPTII.

3478 384 3585 450 551

298 509 404 564 de:
441 522 456 560 :
493 505 729 560 Macarii
765 503 949 576 Magni
995 502 1058 557 de
1102 499 1341 556 custodia
1388 500 1590 564 cordis;
1633 498 1828 568 incipit
1870 513 1902 551 a
1930 505 1977 560 Α
2005 513 2129 551 mox
2155 498 2462 564 ostendam,
2504 499 2598 554 ubi
2626 498 2784 570 prius
2814 499 3102 556 absolvero
3123 499 3271 570 quod
3296 488 3588 570 coepi,de4

299 600 434 657 folio
462 599 570 654 150
599 597 899 652 Turrianei
937 592 1162 655 codicis,
1193 600 1250 648 et
1279 593 1333 646 in
1363 591 1467 646 158
1491 589 1714 644 desinit.
1745 588 1896 643 Alte-

306 709 429 748 rum
464 709 498 747 a
531 692 668 746 folio
703 691 813 745 245
851 689 919 744 ad
953 687 1052 742 291
1093 694 1380 741 extensum
1419 681 1642 737 rubrica
1677 687 1900 735 exarato

305 783 610 856 insignitur
661 782 828 836 titulo
873 780 954 835 sic
1002 777 1171 832 latine
1217 783 1448 831 sonante
1489 789 1502 825 :
1547 771 1594 825 E
1638 770 1788 824 dictis
1838 786 1901 824 ac

301 879 451 933 scitis
481 876 648 930 divini
681 874 907 929 Macarii
936 886 1055 926 vere
1087 869 1228 922 beati
1265 867 1328 920 de
1357 864 1670 936 perfectione
1701 863 1758 915 in
1788 860 1899 931 spi-

302 973 416 1025 ritu
444 967 746 1024 summaria
777 965 1016 1036 epitome.
1051 960 1265 1030 Legens
1292 967 1348 1012 et
1379 968 1703 1025 comparans
1729 953 1902 1007 anim-

301 1061 549 1126 adverti,
580 1075 721 1130 opus
764 1067 1062 1125 utrumque
1094 1052 1260 1106 unius
1298 1049 1560 1106 exhibere
1594 1045 1900 1102 doctrinam

301 1152 578 1216 auctoris,
608 1151 704 1205 sed
737 1165 769 1204 a
801 1147 1017 1203 duobus
1044 1152 1350 1213 exceptam,
1384 1141 1393 1212 |
1424 1149 1481 1196 et
1513 1148 1678 1210 prout
1707 1153 1774 1192 ex
1805 1150 1903 1190 ore

302 1241 556 1303 dicentis
604 1242 915 1304 audierant,
953 1253 1055 1294 suo
1100 1236 1369 1306 cuiusque
1416 1233 1636 1304 ingenio
1681 1229 1904 1285 missam

305 1335 368 1391 in
412 1336 628 1392 literas.
675 1333 815 1388 Hinc
859 1328 1117 1386 notabilis
1155 1327 1399 1383 cernitur
1443 1323 1567 1397 styli
1613 1321 1904 1378 diversitas

304 1426 460 1481 inter
488 1423 735 1494 priorem
768 1418 1242 1492 posterioremque
1275 1413 1675 1473 collectionem,
1710 1421 1905 1477 quam-

302 1533 478 1590 quam
525 1515 721 1572 eadem
768 1511 1064 1581 utrobique
1113 1505 1512 1564 sententiarum
1561 1501 1720 1572 quasi
1770 1499 1904 1555 sub-

305 1609 518 1666 stantia
553 1613 659 1670 est,
694 1618 839 1658 unus
864 1609 1023 1657 tenor
1057 1597 1305 1666 ordoque
1329 1599 1772 1666 praeceptorum,
1804 1601 1908 1642 nec

306 1697 631 1755 diﬂ’erentia
668 1694 996 1765 plerumque
1041 1687 1240 1743 verba.
1288 1685 1524 1739 Tantum
1571 1678 1814 1750 pressior
1851 1683 1909 1732 et

304 1791 479 1864 paulo
505 1786 838 1857 incomptior
864 1783 1079 1854 primus
1101 1786 1361 1848 exceptor
1386 1783 1490 1840 est,
1521 1772 1659 1827 nihil
1682 1784 1909 1841 prorsus

2001 589 2244 645 finiendo
2279 593 2404 660 quis
2455 592 2527 646 sit
2555 592 2658 647 iste
2692 593 2962 647 Macarius
3003 593 3146 648 inter
3186 595 3372 663 plures
3422 596 3585 650 etiam

1999 684 2180 754 Magni
2199 685 2424 740 Antonii
2450 687 2750 757 discipulos
2778 703 2918 756 quos
2940 687 3084 742 idem
3112 688 3346 758 signavit
3363 704 3584 743 nomen.

2070 776 2192 830 Duo
2231 777 2478 831 celebres
2507 777 2728 832 Macarii
2761 777 3037 841 feruntur,
3086 777 3384 849 Aegyptius
3436 779 3589 849 prior

2001 868 2202 934 dictus,
2232 870 2372 924 alter
2398 870 2503 924 hoc
2542 870 2727 924 iunior
2768 869 3193 925 Alexandrinus.
3249 867 3394 924 Fasti
3446 869 3585 923 sacri

2001 958 2281 1014 Ecclesiae
2306 959 2509 1014 latinae
2529 960 2772 1030 priorem
2810 960 2901 1014 die
2941 959 3183 1015 secunda
3215 959 3486 1024 Januarii,
3511 959 3590 1013 al-

2003 1059 2185 1106 terum
2221 1051 2414 1121 quinta
2445 1051 2659 1107 decima
2703 1062 3045 1118 memorant;
3071 1051 3267 1108 Graeci
3291 1061 3589 1122 utrumque

2004 1145 2094 1199 die
2121 1144 2324 1200 mensis
2365 1145 2612 1200 eiusdem
2642 1145 3055 1215 unde’vigesima
3078 1155 3432 1201 venerantur.
3469 1145 3589 1199 Non

2005 1235 2143 1291 falso
2185 1235 2346 1291 ambo
2396 1237 2653 1306 discipuli
2705 1237 2931 1292 Antonii
2978 1245 3268 1291 vocantur.
3319 1235 3591 1291 Viderunt

2005 1327 2152 1384 enim
2197 1327 2602 1398 audieruntque
2648 1327 2827 1394 illum,
2884 1328 2981 1383 sed
3021 1329 3297 1384 seniorem
3341 1327 3587 1391 iuvenes,

2006 1433 2130 1474 sero
2163 1419 2382 1474 tandem
2423 1429 2480 1475 et
2528 1419 2709 1475 obiter
2745 1420 2813 1474 ad
2867 1419 3069 1490 ipsum,
3114 1430 3178 1475 ut
3224 1420 3384 1474 multi
3436 1428 3588 1482 tunc,

2006 1512 2239 1583 profecti
2269 1513 2336 1567 ad
2364 1513 2589 1568 brevem
2621 1513 3056 1577 venerationem,
3101 1512 3310 1567 reversi
3350 1528 3477 1565 mox
3524 1511 3592 1564 ad

2009 1614 2177 1660 statas
2210 1604 2584 1660 habitationes
2615 1619 2742 1659 suas
2767 1619 2798 1658 a
2839 1603 3076 1659 statione
3117 1603 3300 1673 magni
3351 1603 3592 1657 anacho-

2008 1705 2250 1752 retarum
2272 1696 2451 1751 Patris
2479 1697 2701 1751 dissitas
2724 1696 3045 1767 plttrimum.
3070 1695 3366 1765 Aegyptius
3390 1694 3594 1763 quippe

2010 1783 2277 1840 Macarius
2319 1785 2374 1839 in
2408 1785 2581 1840 Seithi
2611 1784 2796 1840 sedem
2836 1785 3050 1849 habuit,
3090 1784 3492 1840 Alexandrinus
3539 1784 3593 1836 in

309 1883 584 1945 referens,
613 1877 761 1948 (ἰποά
801 1891 914 1930 Ποῐι
948 1874 1005 1929 in
1043 1869 1286 1926 secundo
1325 1872 1661 1938 Symagmate
1699 1858 1903 1916 “meum
1940 1859 1982 1914 Β
2011 1878 2219 1944 Celliis,
2253 1878 2261 1948 |
2293 1893 2433 1948 quae
2459 1879 2578 1933 loca
2616 1877 2672 1932 in
2707 1877 2878 1950 Libya
2927 1887 3079 1942 sunt,
3141 1877 3303 1947 longe
3363 1892 3395 1930 a
3455 1875 3597 1930 The—

307 1977 558 2046 legatur.
593 1972 654 2027 Id
696 1969 850 2025 illum
893 1966 986 2037 qui
1033 1963 1281 2034 digessit,
1328 1976 1438 2015 non
1481 1957 1680 2013 efferre
1732 1955 1788 2008 in
1832 1968 1901 2008 eo

308 2067 572 2139 pr0priae
616 2063 820 2120 mentis
862 2075 1043 2125 sensa,
1083 2057 1179 2114 sed
1224 2055 1423 2118 aliena,
1459 2049 1727 2106 nominati
1757 2046 1910 2101 vide-

309 2161 445 2215 licet
480 2159 539 2213 in
587 2156 769 2212 fronte
803 2153 988 2224 cperis
1027 2147 1248 2206 Macarii
1279 2145 1456 2216 Magni
1489 2141 1744 2205 recitare,
1781 2151 1909 2194 cum

312 2253 418 2308 alia
457 2250 769 2313 declarant,
800 2256 918 2302 tum
951 2244 1159 2300 inserta
1199 2237 1433 2295 subinde
1462 2251 1570 2291 vox
1592 2233 1781 2288 valens
1810 2231 1906 2294 ait,

318 2345 411 2400 ubi
438 2343 627 2398 minus
649 2346 965 2411 exspectes;
1010 2348 1176 2405 quam
1219 2325 1634 2400 interpretando
1665 2324 1909 2396 plerum-

321 2454 427 2508 que
455 2436 733 2508 negligere
761 2446 882 2488 sum
917 2438 1162 2492 coactus,
1193 2434 1366 2487 metu,
1397 2436 1488 2486 ne,
1515 2420 1561 2474 si
1590 2416 1912 2487 scrupulose

320 2507 633 2592 redderem,
649 2523 953 2581 sententiae
971 2517 1354 2589 limpiditatem
1377 2519 1433 2567 et
1448 2525 1681 2582 pronum
1706 2507 1910 2561 ﬂuxum

315 2620 550 2674 molesta
567 2631 672 2672 nec
687 2613 840 2669 utilis
857 2611 926 2667 ad
948 2609 1249 2682 quidquam
1270 2602 1648 2672 interpellaret
1669 2597 1908 2653 iteratio.

385 2710 591 2766 Totum
629 2715 812 2762 autem
852 2699 1308 2760 commentarium
1338 2696 1577 2767 priorem
1604 2690 1909 2762 Opusculo-

313 2816 443 2856 rum
477 2797 912 2854 Macarianorum
954 2793 1170 2864 primo,
1216 2785 1570 2860 syntagmatis
1614 2783 1778 2839 huius
1821 2798 1910 2837 se-

314 2890 524 2954 cundo,
557 2888 897 2958 complexus,
927 2885 1161 2940 alterum
1199 2877 1349 2934 haud
1393 2876 1557 2947 paulo
1593 2873 1822 2928 uberius
1857 2879 1912 2928 et

313 2981 592 3055 prolixius
640 2980 696 3034 in
745 2995 839 3034 sex
883 2978 990 3032 alia
1034 2973 1196 3030 molis
1241 2971 1412 3028 ferme
1457 2969 1604 3039 paris
1637 2965 1912 3036 Opuscula

317 3072 578 3135 discrevi,
619 3085 729 3124 non
775 3067 1007 3124 arbitrio
1059 3081 1208 3120 mere
1255 3077 1399 3126 meo,
1431 3059 1526 3114 sed
1570 3057 1773 3111 indicia
1827 3071 1912 3110 se-

318 3176 485 3228 cutus
537 3163 908 3232 inspersorum
966 3159 1132 3215 certis
1179 3153 1482 3211 intervallis
1547 3149 1910 3221 peculiarium

324 3537 502 3592 indito
528 3550 756 3591 numero
783 3531 1054 3600 dirempta
1083 3524 1441 3591 ordinataque
1477 3518 1734 3573 invicem.

395 3631 462 3685 V.
503 3629 622 3684 Non
653 3624 961 3688 dissimulo,
991 3631 1200 3693 septem
1229 3619 1364 3672 haec
1394 3613 1615 3670 Macarii
1643 3612 1918 3682 Opuscula

331 3721 679 3792 praecipuam
732 3716 872 3772 mihi
923 3715 1095 3770 fuisse
1160 3727 1382 3768 causam
1442 3709 1609 3764 huius
1660 3704 1918 3760 editionis

333 3810 696 3875 adomandae,
733 3815 1054 3876 ceterosque
1096 3812 1350 3858 auctores
1391 3797 1648 3853 undecim
1688 3794 1918 3850 totidem

332 3903 422 3959 his
454 3903 838 3956 adiunctorum
866 3898 1180 3953 libellorum
1195 3909 1308 3948 non
1344 3891 1453 3946 alio
1469 3890 1641 3946 ferme
1663 3888 1915 3952 consilio,

326 4009 494 4064 quam
526 4003 588 4048 ut
613 3991 850 4047 Macario
881 4006 1132 4061 pompam
1174 3989 1436 4056 facerem,
1460 3998 1598 4042 neve
1629 3979 1917 4039 incomita-

326 4094 420 4141 tus
465 4100 662 4155 parum
710 4083 939 4137 honeste
980 4081 1262 4153 prodiret,
1306 4098 1338 4137 a
1383 4097 1471 4137 me
1515 4080 1770 4136 adscitos.
1818 4075 1920 4133 Cui

326 4186 698 4234 consentanee
743 4174 1026 4246 proposito
1073 4189 1234 4245 agere
1271 4174 1364 4230 hic
1400 4174 1565 4250 paulo
1601 4169 1924 4243 diligentius

329 4271 401 4327 de
436 4269 670 4325 Macario
701 4268 893 4339 Magno
940 4266 1138 4332 debeo,
1173 4283 1284 4322 non
1335 4267 1645 4321 emissurus
1686 4265 1754 4320 de
1797 4263 1922 4319 aliis

329 4365 466 4421 ltem
493 4361 834 4431 reliquorum
863 4358 1185 4414 auctoribus
1224 4359 1630 4429 Opusculorum
1681 4371 1783 4410 suo
1827 4371 1921 4409 cu-

331 4457 533 4526 iusque
557 4455 678 4509 loco
698 4451 962 4508 etordine
979 4467 1120 4522 quae
1140 4452 1251 4507 dici
1279 4459 1535 4522 oportere
1561 4448 1916 4505 videbuntur.

2009 1971 2173 2026 baide
2223 1970 2502 2035 distantia,
2537 1970 2595 2024 in
2641 1985 2750 2039 qua
2783 1979 2841 2025 et
2877 1984 3036 2025 mons
3063 1968 3317 2034 interior,
3355 1968 3452 2022 ubi
3504 1983 3595 2022 so-

2008 2065 2095 2120 lus
2120 2064 2446 2135 plerumque
2479 2061 2760 2117 residebat
2785 2061 3077 2127 Antonius,
3105 2069 3246 2126 erat,
3282 2069 3340 2117 et
3376 2061 3445 2115 ab
3491 2061 3597 2115 hoc

2010 2173 2122 2213 non
2141 2157 2376 2212 multum
2393 2156 2606 2211 distans
2636 2169 2796 2210 mons
2816 2155 3077 2219 exterior,
3100 2153 3158 2207 in
3176 2169 3339 2223 quem
3363 2151 3597 2207 subinde

2010 2249 2356 2313 excurrebat,
2370 2247 2498 2303 utin
2511 2261 2579 2302 eo
2589 2245 2902 2301 habitantes
2915 2261 3044 2299 suos
3060 2244 3358 2300 monachos
3372 2245 3594 2299 viseret.

2081 2343 2165 2398 Ab
2199 2342 2306 2396 hoc
2343 2351 2580 2410 utroque
2605 2338 2844 2394 Macario
2884 2338 3053 2393 alium
3085 2337 3364 2392 diversum
3397 2344 3455 2390 et
3480 2351 3596 2389 am-

2011 2435 2192 2491 bobus
2223 2433 2498 2490 seniorem
2527 2431 2695 2488 fuisse
2723 2431 2926 2487 docent
2956 2445 3056 2484 nos
3082 2428 3418 2484 Athanasius
3445 2427 3498 2481 in
3539 2427 3596 2482 S.

2011 2528 2257 2593 Antonii,
2282 2527 2647 2598 Hieronymus
2669 2525 2726 2579 in
2762 2523 2918 2579 Pauli
2950 2522 3126 2594 primi
3156 2521 3417 2577 eremitae
3454 2519 3596 2584 Vita,

2013 2621 2144 2676 dum
2169 2621 2345 2685 aiunt,
2373 2620 2626 2691 Magnum
2657 2616 2959 2673 Antonium
2982 2616 3124 2670 duos
3149 2629 3338 2669 secum
3359 2612 3601 2680 discipu-

2012 2716 2096 2770 los
2117 2714 2359 2779 intimos,
2383 2713 2613 2769 comites
2639 2711 2973 2775 individuos,
3006 2708 3268 2764 habuisse
3302 2705 3601 2761 Macarium

2012 2818 2070 2864 et
2111 2808 2425 2873 Amatham,
2465 2806 2790 2878 praesertim
2841 2804 3052 2858 ultimis
3083 2801 3401 2874 quindecim
3455 2798 3600 2852 vitae

2013 2915 2144 2955 suae
2173 2900 2354 2964 annis,
2378 2914 2518 2969 quos
2554 2908 2612 2954 et
2643 2898 2790 2954 solos
2817 2896 3006 2953 obitus
3050 2896 3136 2951 sui
3187 2905 3356 2950 testes
3399 2901 3457 2946 et
3513 2906 3601 2945 se-

2013 2993 2288 3064 pulturae,
2319 2992 2387 3048 de
2423 3008 2531 3062 qua
2563 2992 2672 3046 illis
2697 2989 2955 3045 mandata
2975 3003 3233 3059 suprema
3262 2984 3437 3049 dedit,
3480 2998 3602 3037 esse

2014 3086 2267 3141 conscios
2291 3086 2486 3140 voluit.
2533 3084 2776 3155 Contigit
2824 3083 2879 3138 S.
2935 3081 3159 3137 Antonii
3223 3079 3408 3136 obitus
3457 3091 3604 3130 anno

1939 3202 1983 3261 α
2014 3177 2322 3234 Constantii
2347 3177 2434 3244 19,
2463 3177 2671 3233 Christi
2693 3175 2816 3231 556.
2845 3175 3010 3245 Atqui
3041 3174 3109 3229 de
3129 3171 3370 3227 Macario
3395 3170 3600 3239 Aegyp-

2017 3271 2115 3336 tio,
2146 3285 2307 3340 quem
2328 3270 2529 3339 passim
2556 3277 2770 3338 ponunt
2801 3265 3174 3322 Alexandrino
3215 3264 3382 3318 fuisse
3425 3261 3606 3316 senio-

2019 3378 2155 3427 rem,
2187 3379 2255 3418 ex
2281 3362 2402 3417 eius
2424 3361 2576 3416 Actis
2619 3368 2854 3424 constat,
2902 3374 3029 3414 eum
3081 3365 3310 3413 naturae
3356 3353 3604 3409 debitum

2018 3455 2244 3511 solvisse
2270 3469 2414 3509 anno
2442 3453 2648 3510 Christi
2699 3452 2796 3507 591
2847 3449 3303 3520 nonagenarium,
3337 3455 3462 3517 post
3512 3460 3608 3499 ar.—

2017 3564 2120 3603 nos
2162 3547 2445 3616 sexaginta
2505 3545 2562 3599 in
2634 3543 2876 3599 Scithica
2924 3540 3222 3596 solitudine
3278 3543 3604 3592 transactos.

2018 3639 2174 3695 Unde
2203 3637 2478 3707 sequitur,
2518 3633 2880 3704 capessivisse
2920 3633 3075 3687 illum
3121 3628 3422 3686 solitariam
3459 3627 3607 3696 apud

2020 3730 2234 3786 Scithin
2260 3729 2434 3784 vitam
2470 3744 2616 3782 anno
2636 3725 2843 3782 Christi
2869 3725 2994 3787 551,
3026 3723 3122 3778 ubi
3162 3737 3288 3776 cum
3331 3719 3399 3774 ad
3440 3718 3606 3772 finem

2019 3822 2479 3894 perseveraverit,
2502 3820 2610 3874 nisi
2637 3818 2787 3889 quod
2816 3815 3201 3894 peregrinatus
3227 3812 3508 3868 interdum
3540 3812 3608 3866 ad

2018 3914 2321 3971 Antonium
2353 3923 2438 3970 est
2481 3912 2695 3969 visendi
2754 3920 2811 3966 et
2849 3891 3178 3966 consulendi
3237 3906 3357 3961 eius
3413 3904 3608 3975 gratia,

2020 4024 2147 4063 mox
2185 4007 2252 4062 ad
2287 4007 2581 4062 stationem
2620 4004 2940 4075 regrediens
2975 4016 3154 4064 suam,
3202 4006 3613 4066 consequenter

2021 4104 2170 4161 haud
2199 4118 2330 4158 sane
2354 4101 2463 4157 dici
2496 4115 2676 4170 posse,
2710 4098 2881 4153 fuisse
2932 4097 3084 4151 hunc
3128 4090 3454 4164 Aegyptium
3495 4089 3609 4143 Ma-

2022 4196 2254 4260 carium,
2286 4194 2443 4248 illum
2470 4192 2737 4247 Amathae
2765 4190 3054 4259 collegam,
3087 4186 3404 4241 ministrum
3435 4189 3491 4237 et
3519 4196 3610 4235 so-

2022 4291 2170 4347 cium
2204 4287 2551 4344 individuum
2580 4285 2754 4356 Magni
2774 4282 3023 4347 Antonii,
3057 4295 3222 4352 quem
3246 4279 3338 4332 ille
3389 4276 3498 4330 iam
3540 4274 3610 4328 ab

2023 4398 2168 4437 anno
2209 4380 2419 4437 Christi
2460 4377 2731 4433 5M—hic
2767 4376 2916 4430 enim
2953 4375 3182 4444 quintus
3220 4368 3470 4423 decimus
3527 4373 3612 4418 est

2023 4482 2150 4529 ante
2176 4482 2410 4527 mortem
2443 4468 2875 4525 Antonii—dum
2906 4467 2962 4520 in
2987 4473 3232 4519 montem
3266 4459 3610 4516 interiorem,

401 4548 574 4604 multa
627 4561 715 4600 me
769 4545 838 4600 ad
899 4545 1323 4616 impendendam
1371 4543 1695 4600 Macarianis
1764 4541 1916 4596 hisce
1949 4545 1994 4599 D
2023 4567 2138 4622 illic
2173 4565 2420 4634 reliquae
2445 4561 2589 4616 vitae
2629 4560 2867 4615 stadium
2911 4558 3266 4617 decursurus,
3307 4550 3608 4610 secederet,

331 4641 626 4714 Opusculis
657 4656 690 4696 e
733 4638 842 4694 situ
885 4639 1145 4694 eruendis
1202 4637 1543 4709 diligentiam
1602 4642 1913 4691 moverunt.

332 4735 578 4790 Verbum
603 4739 762 4788 vetus
790 4739 876 4788 est
905 4733 960 4788 S.
988 4731 1264 4786 Ambrosii
1289 4748 1302 4784 :
1332 4730 1545 4784 Primus
1567 4728 1798 4783 discendi
1830 4745 1919 4781 ar-

331 4830 432 4884 dor
475 4826 721 4882 nobilitas
758 4835 833 4882 est
869 4827 1109 4898 magistri
1133 4824 1230 4898 (1).
1267 4825 1326 4880 S.
1367 4823 1546 4880 Patris
1594 4822 1915 4885 auctoritas,

332 4921 529 4992 Magno
555 4920 853 4976 Athanasio
877 4919 1143 4988 aequalis,
1172 4918 1364 4989 Magno
1410 4930 1628 4986 quoque
1679 4913 1918 4969 Antonio

333 5013 645 5077 familiaris,
675 5012 733 5067 in
768 5027 934 5082 opere
955 5012 1046 5066 illa
1076 5012 1192 5081 ipsa
1217 5010 1551 5081 proferente,
1583 5023 1724 5078 quae
1776 5006 1918 5061 divi—

334 5106 486 5160 nitus
506 5105 812 5161 illustratus
829 5103 1102 5159 Antonius
1122 5102 1504 5173 antiquissimo
1524 5100 1920 5171 discipulorum

335 5212 402 5253 ac
430 5197 541 5251 filio
571 5196 960 5267 primogenito,
989 5196 1169 5251 intimi
1210 5196 1374 5266 longo
1405 5210 1509 5249 usu
1565 5191 1918 5249 contubernii

340 5290 596 5345 ministro
635 5290 982 5356 fidelissimo,
1015 5305 1217 5346 arcane
1259 5287 1708 5353 communicavit,
1751 5285 1916 5356 digna

338 5384 454 5440 visa
480 5395 566 5442 est
585 5401 751 5455 quam
783 5400 1098 5448 venerarer,
1129 5384 1286 5439 et‘ea
1314 5381 1756 5438 commendatum
1808 5396 1918 5435 non

337 5479 680 5548 despicerem
709 5479 882 5534 latere
912 5477 968 5532 in
1004 5486 1331 5547 perpetuum
1371 5474 1602 5529 sinendo
1635 5474 1916 5534 volumen,

336 5574 659 5644 praesertim
691 5572 989 5644 spectabile
1037 5572 1280 5642 utileque
1317 5571 1370 5627 in
1408 5568 1564 5641 [non]
1597 5568 1807 5638 paucis,
1861 5576 1922 5622 ut

2024 4651 2254 4714 inloco
2307 4655 2438 4710 huic
2481 4655 2684 4717 vicino,
2724 4654 2830 4707 hoc
2868 4660 2953 4706 est
3006 4650 3063 4704 in
3113 4653 3300 4702 monte
3337 4642 3612 4700 exteriore

2023 4761 2246 4822 praesto
2275 4762 2493 4819 semper
2525 4747 2630 4801 sibi
2655 4746 2723 4799 ad
2746 4755 3054 4800 extremum
3089 4756 3210 4796 esse
3233 4736 3472 4792 iusserit.

2095 4843 2185 4899 Vl.
2225 4841 2384 4896 Hunc
2435 4839 2694 4910 equidem
2741 4837 3039 4892 Macarium
3091 4832 3302 4889 socium
3345 4826 3613 4883 Amathae

2019 4937 2276 4993 existimo
2313 4943 2424 4989 tam
2475 4933 2893 5003 quinquaginta,
2930 4945 3070 5000 quae
3126 4926 3336 4982 dudum
3392 4931 3614 4978 exstant

2017 5028 2315 5099 inscriptae
2344 5025 2570 5081 nomine
2621 5023 2864 5088 Macarii,
2902 5021 3261 5076 llomiliarum
3301 5025 3607 5080 auctorem,

2017 5135 2183 5189 quam
2217 5119 2416 5172 horum
2448 5126 2657 5186 septem
2683 5114 3084 5184 Opusculorum
3114 5126 3255 5180 quae
3302 5124 3453 5164 nunc
3495 5107 3612 5164 ed'i-

2020 5226 2162 5265 mus.
2185 5210 2318 5264 Nam
2352 5209 2499 5280 quod
2525 5209 2611 5263 vir
2634 5206 2989 5262 doctissimus
3019 5204 3258 5260 Joannes
3291 5203 3474 5265 Picus,
3513 5201 3608 5270 qui

2028 5301 2291 5355 Homilias
2323 5300 2443 5355 illas
2467 5315 2498 5354 a
2520 5315 2578 5354 se
2618 5299 2787 5352 latine
2826 5296 3071 5352 redditas
3113 5294 3379 5364 vulgavit,
3412 5290 3607 5360 opina-

2027 5403 2136 5455 tur,
2157 5392 2390 5460 seriptas
2413 5406 2506 5446 eas
2530 5391 2698 5445 fuisse
2723 5405 2755 5444 a
2781 5389 3016 5444 Macario
3031 5387 3313 5459 Aegyptio,
3336 5382 3608 5440 Scit-hicac

2029 5485 2204 5540 incola
2240 5482 2580 5544 solitudinis,
2611 5479 2792 5535 valide
2825 5480 3096 5536 refellitur
3131 5474 3408 5533 contrario
3456 5471 3609 5525 testi-

2030 5577 2215 5633 monio
2240 5574 2510 5632 Gcnnadii
2541 5573 2914 5640 Massiliensis,
2953 5573 3112 5628 cuius
3135 5585 3253 5638 cap.
3289 5567 3338 5621 Χ
3363 5562 3494 5620 libri
3532 5563 3610 5621 De

1857 5737 2106 5794 NOTAE.

412 5830 487 5903 (1}
527 5831 644 5886 Lib.
683 5830 758 5884 De
788 5829 924 5898 virg.
