4016 6448
447 387 555 446 335

1573 392 1781 450 PETRI
1820 393 2082 451 POSSINI
2123 391 2639 449 PROLEGOMENA

3630 392 3733 451 356

447 502 583 558 viris
608 502 918 562 illustribus
944 505 1081 563 haec
1112 507 1374 580 leguntur
1404 508 1610 566 verba:
1635 511 1906 566 Macarius
1938 511 2032 566 ille
2061 522 2103 577 Α
2133 511 2284 583 ginta
2308 510 2650 573 milliarium,
2681 506 2751 563 ad
2790 505 2974 562 locum
3017 505 3313 563 exterioris
3369 505 3603 571 montis,
3648 507 3735 563 in~

446 594 732 648 monachus
764 596 1070 668 Aegyptius,
1105 601 1266 671 signis
1288 611 1335 655 et
1356 602 1630 656 virtutibus
1648 602 1845 667 clarus,
1868 620 2032 657 unam

449 694 657 739 tantum
702 689 786 744 ad.
791 690 1033 760 juniores
1060 694 1395 763 professionis
1419 712 1548 749 suae
1590 697 1798 766 scripsit
1842 698 2032 766 episto-

452 774 578 831 lant.
610 779 687 834 Ita
712 780 840 835 ille:
872 782 1033 837 cuius
1065 794 1173 839 tam
1196 785 1380 841 idonei
1418 794 1529 842 tam
1562 786 1801 841 disertae
1842 796 2033 842 aucto-

450 870 599 926 ritati
631 873 786 929 testis
814 875 948 945 quid
976 877 1109 932 satis
1154 879 1397 934 validum
1432 880 1658 935 obtendi
1712 880 2035 937 eluctandae

450 974 634 1031 queat,
662 966 807 1021 haud
834 967 1033 1035 video;
1082 980 1247 1041 atque
1297 972 1435 1028 adeo
1485 989 1586 1042 pro
1639 984 1793 1029 certo
1850 984 2031 1039 teneo,

451 1056 827 1122 quaerendum
858 1059 1025 1114 alium
1049 1076 1078 1115 a
1110 1062 1348 1117 Macario
1390 1063 1656 1135 Aegyptio
1698 1064 2034 1121 Maeariana—

454 1162 574 1201 rum
609 1148 971 1208 Ilomiliarutn
1005 1166 1309 1211 auctorem.

523 1234 791 1308 Suggeret
821 1239 963 1296 forte
990 1243 1263 1314 quispiam
1318 1245 1554 1301 alterum
1604 1246 1712 1303 hoc
1761 1246 2035 1303 iuniorem

452 1325 768 1396 Macarium,
797 1334 961 1404 vulgo
986 1334 1193 1389 dictum
1224 1336 1655 1393 Alexandrinum
1677 1355 1708 1392 a
1736 1340 1956 1395 civitate
1978 1340 2035 1394 in

454 1437 561 1489 qua
586 1432 747 1479 natus
774 1436 875 1481 est.
900 1427 970 1483 At
995 1444 1121 1483 cutn
1167 1429 1313 1485 inter
1367 1432 1560 1496 multa,
1610 1448 1752 1502 quae
1805 1432 1875 1488 de
1930 1433 2038 1489 isto

454 1506 687 1566 Macario
718 1513 1057 1572 Sozomenus
1105 1518 1201 1573 lib.
1237 1520 1306 1575 111
1342 1537 1463 1592 cap.
1510 1522 1597 1588 15,
1634 1522 1889 1579 Socrates
1935 1523 2032 1578 lib.

455 1602 520 1657 IV
554 1619 674 1675 cap.
713 1607 803 1672 18,
849 1618 908 1664 et
937 1626 1005 1665 ex
1032 1610 1120 1665 his
1151 1611 1220 1666 de
1258 1628 1413 1668 more
1451 1614 1796 1684 Nicephorus
1830 1616 1927 1669 lib.
1964 1615 2038 1669 IX

453 1711 571 1766 cap.
624 1698 693 1752 M
749 1700 1038 1772 colligunt,
1088 1703 1229 1758 nihil
1278 1721 1507 1775 prorsus
1568 1705 1828 1770 referant,
1889 1705 2038 1760 unde

454 1788 739 1859 scripsisse
771 1792 1073 1864 quidquam
1098 1812 1249 1862 eum,
1278 1797 1426 1867 quod
1458 1798 1513 1852 in
1535 1798 1713 1853 lucem
1742 1814 1806 1853 ac
1836 1798 2037 1852 famam

2138 602 2325 657 teriori
2355 602 2749 672 propinquum,
2780 598 2871 653 cui
2900 599 3020 653 loco
3051 614 3252 654 nomen
3279 608 3409 654 erat
3431 598 3734 671 Pisperﬁ),

2139 696 2231 750 ubi
2258 694 2519 749 Amathas
2566 701 2625 748 et
2662 692 2934 747 Macarius
2983 690 3325 757 residebant,
3373 691 3529 746 soliti
3582 703 3740 747 erant

2136 787 2434 842 convenire
2459 785 2766 841 audiendae
2804 784 2980 856 gratia
3012 799 3201 839 sacrae
3239 784 3543 839 doctrinae
3572 799 3602 838 a
3628 785 3738 839 Ma-

2136 880 2286 934 cario
2314 879 2539 934 Antonii
2565 878 2891 950 interprete,
2920 877 3055 948 quin
3084 887 3141 932 et
3178 878 3360 948 ipsius
3396 876 3630 931 Antonii
3662 878 3742 932 vi-

2135 974 2314 1039 sendi,
2362 975 2459 1043 qui
2515 988 2584 1029 eo
2644 982 3007 1027 consueverat
3060 970 3227 1027 certis
3272 968 3507 1024 dierum
3569 969 3741 1024 inter-

2136 1065 2296 1119 vallis
2325 1080 2384 1120 se
2413 1064 2685 1120 conferre.
2718 1063 2866 1118 Nihil
2897 1062 3094 1116 horum
3119 1060 3269 1117 credi
3309 1059 3458 1113 mihi
3500 1060 3738 1129 postulo.

2136 1158 2219 1213 En
2248 1158 2547 1221 oculatum,
2575 1156 2849 1211 referente
2866 1153 3110 1209 Palladio
3142 1153 3200 1208 in
3225 1152 3372 1209 Vitis
3397 1153 3652 1216 Patrum,
3676 1152 3743 1206 de

2138 1252 2227 1307 his
2260 1250 2479 1306 cunctis
2519 1249 2900 1306 testimonium
2944 1246 3136 1305 Cronii
3174 1246 3475 1302 cuiusdam
3521 1243 3745 1314 presby-

2141 1344 2241 1399 teri
2276 1342 2588 1406 Nitriensis,
2622 1356 2680 1397 se
2716 1341 2933 1396 venisse
2971 1340 3171 1395 aientis
3228 1339 3299 1393 ad
3354 1336 3744 1391 monasterium

2140 1436 2197 1491 S.
2230 1437 2444 1492 Antonii
2466 1437 2520 1489 in
2550 1434 2658 1489 loco
2680 1437 2771 1507 qui
2798 1434 2983 1505 Pisper
3012 1434 3223 1487 dicitur.
3245 1432 3313 1487 In
3362 1448 3495 1503 quo,
3545 1428 3743 1499 inquit,

2136 1529 2387 1583 sedebant
2446 1529 2557 1582 eius
2614 1526 2857 1598 discipuli
2899 1526 3167 1581 Macarius
3217 1533 3267 1578 et
3316 1523 3613 1586 Amathus,
3661 1522 3745 1592 qui

2139 1623 2301 1675 etiam
2354 1637 2492 1685 eum,
2551 1638 2669 1674 cum
2722 1620 3058 1683 dormiisset,
3116 1615 3474 1688 sepelierunt.
3541 1612 3742 1675 Addit,

2140 1723 2466 1785 exspectasse
2494 1730 2550 1767 se
2588 1714 2695 1768 dies
2736 1714 2986 1784 quinque,
3034 1720 3093 1764 ut
3146 1709 3461 1764 conveniret
3503 1712 3745 1760 sanctum

2140 1805 2448 1861 Antonium.
2500 1804 2785 1858 Dicebatur
2844 1804 3004 1866 enim,
3063 1802 3161 1865 ait,
3211 1800 3472 1854 accedere
3532 1798 3604 1851 ad
3658 1800 3746 1851 hoc

396 1950 411 1969 .
454 1881 673 1948 exierit,
699 1885 874 1953 possit
904 1887 1159 1960 intelligi,
1189 1905 1293 1946 nec
1319 1890 1371 1945 ei
1403 1890 1695 1961 quisquam
1722 1892 1866 1945 alius
1890 1898 2041 1945 vete-
2071 1872 2114 1929 Β
2145 1898 2527 1951 monasterium
2584 1895 2875 1966 aliquando
2936 1894 3149 1965 quidem
3200 1900 3317 1963 post
3370 1891 3557 1944 decem
3617 1889 3742 1951 dies,

456 1988 603 2039 rum,
643 1976 792 2046 quod
829 1979 1020 2045 sciam,
1051 1990 1147 2037 aut
1175 1984 1548 2039 recentiorum
1592 1985 1699 2040 hoc
1746 2001 1887 2056 opus
1936 1984 2040 2039 tri-

458 2065 634 2122 buat:
684 2068 812 2139 quis
837 2088 949 2127 non
989 2074 1160 2140 videt,
1193 2091 1390 2147 magna
1438 2092 1541 2133 nos
1595 2077 1814 2133 invitari
1849 2078 2044 2133 verisi-

457 2158 772 2218 militudine
802 2163 870 2218 ad
906 2165 1176 2223 IIomilias
1207 2169 1343 2224 istas
1380 2169 1765 2240 antiquissimo
1806 2170 2042 2225 Macario

456 2248 634 2321 Magni
663 2251 887 2310 Antonii
921 2256 1118 2314 intimo
1148 2271 1314 2331 atque
1338 2261 1627 2318 individuo
1642 2262 1900 2318 ministro
1921 2264 2045 2316 viu-

456 2342 759 2403 dicandas?
812 2348 925 2405 Nec
969 2367 1079 2421 qua
1129 2369 1224 2410 eas
1266 2355 1555 2411 occasione
1617 2372 1797 2426 quove
1863 2355 2044 2411 olllcio

457 2454 789 2511 graecease
840 2444 1085 2501 redditas
1131 2463 1200 2502 ex
1239 2447 1465 2503 Antonii
1515 2449 1759 2519 magistri
1823 2448 2045 2504 dictatis

457 2534 767 2602 protulerit,
824 2536 995 2592 latere
1027 2538 1232 2607 poterit
1271 2549 1638 2609 reputantem,
1670 2540 2044 2610 praepositum

456 2640 582 2680 eum
610 2627 680 2681 ab
703 2626 944 2684 Antonio
976 2631 986 2703 |
1016 2630 1187 2686 fuisse
1226 2632 1600 2703 gubernandis
1637 2633 1760 2688 eius
1821 2634 2044 2688 nomine

457 2721 701 2795 quinque
731 2723 979 2780 millibus
1016 2726 1438 2792 monachorum,
1474 2728 1571 2797 qui
1617 2727 1827 2781 ultimis
1878 2726 2045 2796 quin-

458 2818 636 2874 decim
668 2818 813 2874 vitae
845 2816 1070 2874 Antonii
1113 2819 1270 2875 annis
1326 2820 1721 2875 monasterium
1762 2820 2048 2890 Pispirita-

460 2927 594 2966 num
619 2910 1062 2981 frequentabant.
1096 2913 1215 2969 Hoc
1245 2913 1609 2969 disertissime
1642 2923 1877 2969 testatur
1899 2913 2046 2968 anti-

459 3003 764 3074 quissimus
788 3004 935 3069 vitae
964 3005 1181 3061 abbatis
1210 3006 1517 3062 Posthumii
1554 3007 1790 3077 scriptor
1836 3022 2046 3077 anony-

462 3112 607 3161 mus,
637 3112 802 3166 quem
831 3097 1081 3163 referunt
1101 3107 1161 3153 et
1192 3114 1223 3153 a
1252 3097 1359 3154 ﬁde
1386 3098 1622 3154 maxime
1660 3099 2051 3155 commendant

2144 1992 2434 2064 aliquando
2506 2007 2630 2046 vero
2695 2000 2811 2061 post
2857 1989 3065 2061 uiginti,
3112 1986 3412 2057 aliquando
3465 1999 3592 2037 vero
3636 1989 3745 2052 post

2142 2084 2391 2153 quinque,
2445 2090 2599 2153 prout
2643 2080 2949 2153 expediebat
3002 2094 3098 2149 pro
3151 2075 3406 2145 beneﬁcio
3442 2090 3629 2128 eorum
3658 2073 3745 2142 qui

2141 2176 2417 2231 veniebant
2443 2176 2511 2230 ad
2542 2176 2942 2229 monasterium.
2972 2172 3144 2227 Porro
3170 2170 3256 2235 iis,
3290 2169 3481 2239 quiin
3501 2183 3571 2221 eo
3593 2177 3747 2220 erant

2143 2268 2498 2335 monasterio,
2527 2266 2829 2338 praefuisse
2875 2264 3144 2319 vicarium
3179 2260 3413 2317 Antonii
3449 2258 3742 2315 Maearium

2143 2362 2290 2417 clare
2319 2361 2488 2416 tradit
2513 2360 2659 2415 idem
2714 2360 2810 2429 qui
2864 2358 3082 2413 viderat
3128 2355 3374 2411 Cronius
3435 2352 3741 2424 presbyter,

2088 2498 2101 2506 .
2145 2453 2251 2510 hoc
2277 2453 2442 2508 modo
2471 2468 2639 2523 supra
2671 2451 2959 2521 descriptis
3000 2449 3345 2520 adiungens:
3390 2446 3598 2502 Accidit
3649 2460 3743 2498 au-

2145 2556 2286 2613 tem,
2330 2556 2390 2600 ut
2424 2544 2533 2600 alio
2580 2546 2664 2599 die
2696 2547 2897 2599 veniret
2935 2543 3162 2615 Magnus
3210 2536 3584 2615 [Antonius]
3635 2554 3743 2592 sero

2144 2656 2376 2712 vespere,
2396 2639 2619 2693 amictus
2644 2638 2920 2708 chlamyde
2938 2636 3181 2708 pellicea.
3212 2635 3500 2706 Ingressus
3529 2639 3605 2685 est
3628 2646 3742 2700 ergo

2143 2751 2301 2788 suum
2341 2734 2745 2787 monasterium.
2779 2730 2916 2786 Erat
2946 2740 3125 2784 autem
3150 2732 3278 2783 haec
3306 2729 3425 2781 eius
3468 2731 3740 2780 consuetu-

2146 2825 2236 2889 do,
2272 2834 2329 2877 ut
2357 2823 2723 2895 alloqueretur
2767 2820 3087 2885 Macarium,
3123 2827 3173 2873 et
3201 2835 3323 2873 eum
3348 2820 3744 2887 interrogaret:

2147 2917 2341 2972 Frater
2364 2917 2592 2981 Macari,
2644 2924 2969 2970 veneruntne
3018 2915 3118 2967 huc
3164 2911 3340 2982 aliqui
3382 2912 3409 2965 ?
3452 2907 3743 2980 Responde-

2148 3010 2237 3065 bat
2257 3009 2554 3064 Macarius:
2570 3008 2853 3062 Venerunt.
2873 3006 3087 3061 Dicebat
3109 3014 3288 3060 autem
3308 3004 3575 3075 Magnusi:
3593 2998 3745 3053 Sunt-

2151 3121 2217 3160 ne
2277 3103 2519 3175 Aegyptii
2570 3119 2641 3157 an
2687 3098 3206 3170 Ilierosolymitani?
3264 3096 3509 3150 Dederat
3574 3099 3739 3147 autem

464 3189 640 3245 nostri
676 3188 977 3245 Bollandus
1017 3198 1074 3246 et
1120 3188 1500 3245 Henschenius
1549 3190 1760 3245 Tom.I
1808 3191 2049 3245 Ianuarii
2078 3224 2122 3281 ο
2153 3197 2379 3268 Magnus
2414 3198 2459 3249 ei
2488 3196 2697 3266 signum
2728 3192 2945 3247 dicens:
2972 3190 3105 3246 Cum
3153 3189 3347 3244 videris
3390 3187 3595 3242 venisse
3644 3180 3739 3236 ali-

464 3297 588 3352 pag.
624 3281 780 3337 1006.
808 3280 859 3336 Is
877 3280 1025 3335 enim
1062 3297 1315 3346 narrans,
1349 3281 1645 3337 Macarium
1672 3291 1795 3352 post
1840 3293 2051 3337 rectum

466 3388 499 3427 a
532 3389 591 3428 se
627 3372 744 3429 solo
776 3372 989 3442 aliquot
1024 3389 1057 3428 a
1089 3382 1266 3429 morte
1309 3373 1534 3429 Antonii
1571 3374 1732 3429 annis
1773 3375 2054 3444 PiSpirita-

468 3480 601 3518 num
674 3464 1027 3530 coenobium,
1070 3464 1227 3520 senio
1274 3480 1334 3521 se
1382 3464 1642 3521 fatiscere
1699 3467 2053 3532 sentientem,

470 3559 527 3617 in
576 3560 663 3615 sui
718 3560 903 3615 locum
940 3560 1173 3630 elegisse
1215 3575 1601 3616 successurum
1652 3561 1758 3616 sibi
1823 3562 2057 3617 Posthu-

470 3654 664 3717 mium,
701 3653 1005 3708 clarissime
1034 3653 1133 3719 ait,
1163 3652 1333 3709 fuisse
1361 3654 1668 3710 Posthumii
1709 3655 2055 3711 decessorem

470 3744 769 3800 Macarium
828 3745 892 3801 B.
949 3747 1169 3802 Antonii
1227 3747 1564 3820 discipulam,
1610 3764 1676 3803 ac
1730 3765 1856 3803 mox
1892 3750 2057 3805 tertio

471 3849 594 3908 post
656 3855 823 3894 versu
866 3856 879 3891 :
938 3857 1065 3894 nam
1106 3841 1247 3895 idem
1299 3840 1568 3896 Macarius
1608 3842 1673 3895 ab
1702 3841 1901 3895 illustri
1946 3844 2057 3898 uiro

470 3930 699 3985 Antonio
754 3932 1134 3985 monachorum
1190 3929 1299 3999 fere
1368 3930 1600 4000 quinque
1661 3929 1833 3983 millia
1907 3947 2058 3983 acce-

473 4029 621 4089 perat
646 4021 1015 4091 gubernanda.
1042 4021 1315 4075 Nimirum
1343 4020 1400 4075 S.
1430 4020 1725 4085 Antonius,
1748 4022 1842 4090 qui
1872 4022 2061 4077 literas

472 4131 504 4166 a
530 4129 706 4182 puero
732 4128 845 4167 non
866 4112 1172 4176 didicisset,
1201 4123 1259 4168 et
1287 4114 1467 4183 patria
1498 4129 1606 4167 una
1639 4113 1822 4184 lingua
1846 4114 2062 4183 coptica

474 4220 692 4274 semper
749 4205 1003 4273 loquens,
1055 4221 1248 4275 graeca
1307 4221 1418 4259 non
1466 4205 1721 4275 expedite
1789 4214 2058 4271 uteretur,

475 4307 770 4367 propterea
803 4296 998 4351 solitus
1022 4312 1149 4351 cum
1175 4296 1402 4351 Graecis
1438 4312 1602 4367 agere
1647 4312 1748 4367 per
1794 4296 2064 4367 interpre-

478 4401 611 4453 tem,
648 4400 709 4445 ut
758 4390 895 4445 haec
946 4390 1132 4446 omnia
1169 4389 1376 4445 diserte
1415 4389 1749 4445 Athanasius
1808 4398 2060 4455 testatur,

477 4482 687 4539 addens
715 4482 902 4546 etiam,
920 4482 987 4537 ad
1021 4483 1126 4538 hoc
1149 4482 1217 4536 ad
1248 4498 1472 4537 manum
1494 4472 1754 4536 habuisse
1783 4482 2063 4537 hominem

479 4579 738 4635 idoneum
765 4577 1023 4641 maxime,
1048 4593 1160 4631 non
1189 4577 1379 4641 alium,
1402 4576 1619 4646 opinor,
1644 4591 1675 4630 a
1694 4576 1951 4641 Macario,
1978 4576 2061 4631 in-
2093 4572 2141 4632 D

479 4688 756 4744 superque
785 4670 854 4725 ab
882 4670 1136 4725 instituto
1167 4686 1268 4726 suo
1302 4668 1477 4725 veteri
1510 4669 1933 4734 anachoreseos,
1962 4668 2070 4724 hoc

478 4776 565 4823 est
594 4767 739 4821 vitae
772 4764 1072 4827 solitariae,
1103 4764 1363 4819 recedere
1404 4778 1517 4818 non
1566 4762 1780 4827 volens,
1840 4778 1968 4818 cum
2010 4762 2068 4818 in

481 4870 667 4915 monte
696 4857 969 4923 interiori,
996 4857 1119 4911 loco
1151 4856 1257 4911 sibi
1288 4855 1556 4927 divinitus
1600 4863 1929 4918 monstrato,
1975 4868 2067 4908 so-

482 4956 571 5010 lus
602 4968 958 5023 perseverare
994 4966 1168 5021 usque
1198 4950 1266 5005 ad
1300 4959 1554 5013 mortem,
1583 4956 1747 5019 prout
1773 4962 1965 5001 revera
1992 4946 2071 5000 fe-

484 5046 581 5109 cit,
611 5045 963 5108 decrevisset,
1002 5058 1105 5097 nec
1133 5050 1315 5096 tamen
1345 5040 1535 5094 deesse
1568 5039 1735 5093 vellet
1781 5045 1862 5093 tot
1905 5036 2073 5091 milli-

485 5138 592 5192 bus
613 5137 918 5200 hominum,
950 5134 1046 5205 qui
1072 5133 1319 5203 undique
1366 5131 1435 5186 ad
1471 5146 1596 5186 eum
1638 5130 1823 5185 studio
1861 5128 1929 5183 ad
1988 5144 2075 5181 sa-

486 5230 658 5284 lutem
691 5236 970 5282 aeternam
1014 5243 1083 5281 ex
1136 5226 1254 5297 ipso
1313 5223 1640 5296 proficiendi
1699 5222 2072 5286 conﬂuebant,

487 5336 679 5377 eorum
715 5317 1133 5375 commorationi
1166 5316 1466 5386 assignavit
1499 5324 1741 5369 montem
1779 5314 1948 5367 alium
1996 5311 2074 5366 illi

490 5430 591 5469 suo
648 5412 913 5479 vicinum,
952 5421 1011 5466 et
1048 5411 1117 5466 ad
1156 5412 1279 5465 eius
1315 5408 1685 5464 diﬂ‘erentiam
1742 5406 2073 5461 exteriorem

490 5517 764 5570 vocatum,
814 5506 871 5560 in
928 5519 1038 5574 quo
1075 5502 1467 5572 Pispiritanum
1524 5498 1917 5555 monasterium
1981 5512 2075 5551 ex-

494 5607 762 5652 structum
796 5607 901 5661 est,
927 5612 960 5650 a
979 5594 1264 5650 monachis
1287 5592 1719 5662 frequentatum,
1753 5589 1847 5658 qui
1868 5588 2075 5641 discre-

496 5691 567 5744 tis
584 5691 797 5745 cellulis
818 5690 1027 5745 circum
1061 5689 1345 5760 degentes,
1378 5686 1553 5755 sparsi
1585 5700 1681 5755 per
1713 5683 1949 5753 spatium
1979 5681 2075 5736 tri-

2155 3307 2284 3363 qaos
2308 3289 2491 3361 quibus
2517 3296 2593 3341 est
2626 3287 2799 3341 minus
2833 3284 3046 3355 negotii,
3088 3282 3170 3336 dic
3194 3299 3210 3336 :
3237 3281 3447 3335 Adsunt
3474 3276 3740 3347 Aegyptii;

2157 3383 2372 3455 quando
2399 3390 2580 3435 autem
2623 3379 2814 3433 videris
2842 3378 3043 3431 venisse
3085 3373 3293 3445 aliquos
3321 3372 3675 3442 religiosiores
3699 3372 3741 3418 et

2158 3475 2319 3547 paulo
2370 3472 2825 3535 consideratiores,
2876 3469 2998 3525 dic:
3030 3468 3039 3539 I
3071 3466 3207 3523 Sunt
3255 3458 3737 3535 ffierosolymitani.

2158 3569 2305 3623 Ilaec
2333 3566 2589 3630 Cronius,
2614 3580 2757 3634 quae
2776 3562 2993 3618 viderat
3019 3561 3125 3616 ﬁde
3148 3558 3464 3631 presbyteri
3484 3556 3739 3610 referens.

2159 3662 2239 3716 Ex
2277 3659 2480 3730 quibus
2528 3656 2817 3711 manifeste
2867 3662 3040 3725 patet,
3092 3650 3314 3706 assidue
3375 3644 3641 3701 mansisse
3691 3638 3739 3691 in

2158 3754 2493 3826 Pispiritano
2522 3750 2792 3807 eoenobio
2824 3746 3143 3809 Macarium,
3166 3745 3320 3799 vices
3354 3738 3743 3803 Antonii,qu0-

2157 3847 2229 3901 ad
2260 3846 2307 3901 is
2352 3845 2510 3911 vixit,
2546 3851 2829 3914 gerentem
2870 3849 2928 3895 et
2976 3838 3235 3894 videlicet
3274 3833 3627 3905 quotidianas
3657 3833 3741 3879 aut

2161 3938 2481 4008 frequentes
2543 3933 2866 3990 erudiendis
2919 3939 3076 4001 aptas
3130 3928 3425 3983 monachis
3492 3918 3740 3977 liomilias

2162 4031 2480 4094 habentem,
2506 4041 2743 4099 quarum
2770 4024 2887 4095 ipse
2910 4040 3022 4077 non
3044 4032 3153 4077 tam
3178 4030 3374 4075 auctor
3395 4032 3558 4089 quam
3588 4014 3740 4066 inter-

2162 4136 2291 4191 pres
2321 4128 2487 4175 esset.
2540 4117 2741 4172 Audita
2792 4115 2941 4170 enim
3002 4113 3072 4168 ab
3114 4110 3357 4167 Antonio
3409 4106 3618 4177 coptiee
3664 4099 3737 4152 lor

2163 4222 2369 4283 quente
2396 4212 2513 4281 ipse
2540 4224 2735 4281 graece
2764 4206 3077 4278 perorabat.
3119 4204 3263 4259 Audi
3306 4204 3458 4257 enim
3506 4197 3736 4273 Athenae

2165 4308 2309 4362 sium
2342 4307 2397 4360 in
2424 4305 2549 4361 Vita
2567 4302 2791 4358 Antonii
2822 4301 2979 4355 Tom.
3011 4300 3055 4353 II
3076 4298 3583 4353 Athanasianorum
3604 4288 3734 4354 0pc-

2166 4416 2288 4455 rum
2314 4399 2447 4454 edit.
2472 4398 2647 4453 Paris.
2680 4395 2812 4449 anni
2842 4394 2977 4448 1627
3005 4408 3127 4463 pag.
3155 4391 3278 4455 479,
3309 4389 3427 4453 ubi,
3460 4391 3731 4456 postquam

2167 4492 2326 4557 dixit,
2362 4490 2661 4546 Antonium
2706 4482 3070 4542 Alexandriae
3114 4492 3463 4552 praesentem
3505 4481 3735 4541 tempore

2166 4582 2568 4656 persecutionis
2595 4578 2873 4633 Maximini
2904 4575 3167 4631 obtulisse
3217 4590 3277 4628 se
3317 4573 3385 4627 ad
3431 4563 3731 4635 martyrium
3790 4564 3793 4567 '

2164 4673 2405 4746 praesidi
2454 4671 2658 4741 alioqui
2706 4670 2825 4724 fero
2868 4678 2926 4723 et
2974 4665 3347 4736 sanguinario,
3406 4677 3507 4716 nec
3547 4666 3731 4711 tamen,

2166 4763 2314 4835 quod
2383 4763 2629 4831 impense
2697 4758 2977 4829 cupiebat,
3032 4754 3202 4809 fuisse
3270 4750 3729 4841 comprehenSun't.

2166 4854 2451 4925 adiungit:
2486 4853 2622 4907 Erat
2658 4859 2836 4905 autem
2879 4849 3136 4903 Dominus
3177 4845 3332 4899 illam
3379 4852 3643 4896 reservans
3684 4846 3732 4882 ιιι

2168 4959 2403 5004 nostram
2432 4955 2480 4999 et
2505 4944 2737 4999 aliorum
2782 4942 3089 5003 utilitatem,
3133 4948 3191 4991 ut
3246 4938 3302 4989 in
3354 4931 3532 4990 ascesi,
3586 4934 3731 4993 quam

2169 5058 2197 5094 e
2233 5039 2521 5109 Scripturis
2578 5039 2688 5106 ipse
2749 5035 3027 5097 didicerat,
3065 5030 3245 5086 multis
3291 5027 3539 5097 magister
3576 5016 3729 5110 ﬁeret.

2170 5130 2540 5202 Magisterium
2575 5138 2760 5183 autem
2799 5126 2945 5181 istud
2980 5122 3252 5179 Antonius
3289 5116 3530 5175 exercuit
3569 5113 3728 5173 δορυ-

2172 5239 2256 5287 ea,
2299 5238 2462 5293 quam
2509 5221 2701 5283 solam,
2746 5227 2810 5273 ut
2848 5218 2982 5281 dixi,
3012 5216 3265 5277 callebat,
3300 5213 3499 5281 lingua.
3535 5202 3608 5256 Ex
3634 5206 3727 5263 qua

2174 5317 2231 5371 S.
2266 5313 2599 5369 Athanasius
2624 5328 2816 5382 graece
2838 5310 3019 5366 reddit
3049 5310 3190 5363 bene
3244 5308 3431 5375 longas
3470 5297 3583 5352 eius
3620 5298 3727 5341 ora‘

2176 5407 2355 5462 tiones
2394 5407 2552 5470 duas,
2582 5405 2824 5475 priorem
2850 5418 2879 5456 a
2902 5418 3023 5472 pag.
3050 5401 3147 5455 461
3179 5399 3247 5452 ad
3281 5398 3404 5457 477,
3437 5391 3648 5445 alteram
3698 5384 3724 5421 ³

2176 5514 2299 5569 pag.
2331 5498 2436 5552 492
2457 5497 2523 5551 ad
2554 5498 2676 5559 497,
2706 5510 2867 5564 saepe
2896 5493 3063 5548 etiam
3088 5490 3223 5545 alias
3244 5487 3482 5544 eruditas
3517 5476 3626 5531 eius
3665 5475 3724 5569 ξι)

2176 5568 2244 5643 de
2270 5605 2471 5659 genere
2493 5586 2812 5649 sententias,
2838 5599 3098 5655 responsa
3126 5591 3179 5635 et
3222 5585 3503 5651 praecepta
3539 5568 3720 5662 "ww-

2178 5697 2326 5746 rans,
2353 5695 2588 5750 quorum
2628 5679 2889 5748 pleraque
2917 5675 3109 5731 cadent
3139 5675 3194 5729 in
3244 5668 3457 5728 Macarii
3502 5653 3721 5718 H0111!“l5

2018 5799 2268 5855 lNOTAE.

568 5876 645 5945 (‘2)
684 5874 814 5928 Sic!
860 5874 1009 5927 EDIT.
