4016 6452
351 384 453 441 357

1345 388 1435 443 AD
1471 387 1829 445 OPUSCULA
1866 382 1925 443 S.
1965 382 2245 443 MACARII
2283 386 2635 445 AEGYPTII.

3504 381 3612 436 558

353 502 625 572 librisque
651 501 823 558 hodie
848 510 1127 574 apparent,
1158 501 1305 557 haud
1356 503 1527 558 dubio
1574 503 1779 559 indicio
1816 502 1933 557 ori—
1958 505 2006 563 Α
2032 504 2182 570 prior
2209 512 2428 573 praeter
2453 510 2670 556 caetera
2685 512 2903 553 errores
2932 494 3379 551 damnatissimos
3395 495 3611 550 Monta-

350 592 492 663 ginis
516 592 649 646 inde
670 593 923 647 haustae.
952 592 1023 646 Et
1056 591 1178 646 illae
1232 591 1399 661 igitur
1453 592 1720 650 Homiliae
1764 592 1933 647 Anto-

349 686 547 739 nianae
570 684 778 753 potius,
804 699 967 754 quam
999 684 1334 739 Macarianae
1364 693 1512 748 sunt,
1552 685 1755 754 quippe
1795 700 1930 754 qua—

348 792 473 830 rum
511 791 686 832 verus
720 786 915 831 auctor
958 776 1250 841 Antonius,
1299 791 1487 831 merus
1534 776 1705 831 ferme
1759 777 1932 831 inter-

340 882 476 937 pres
503 866 778 920 Macarius
802 865 986 930 fuerit,
1026 880 1252 935 prorsus
1289 865 1433 920 idem
1472 881 1745 935 unusque,
1778 866 1935 920 cuius

346 972 551 1010 nomen
580 965 699 1010 tum
741 956 1014 1021 Homiliis,
1046 963 1162 1010 tum
1213 967 1422 1025 septem
1475 956 1637 1011 modo
1685 971 1786 1025 per
1832 970 1934 1009 nos

343 1048 513 1102 editis
551 1047 850 1118 Opusculis
888 1047 1226 1118 praeﬁgitur.
1266 1049 1485 1104 Etenim
1531 1048 1578 1104 si
1626 1065 1738 1103 non
1793 1049 1933 1103 alius

344 1152 376 1190 a
434 1137 624 1207 prisco
666 1138 924 1202 Macario,
984 1148 1148 1208 prout
1177 1139 1535 1207 ostendimus,
1584 1140 1930 1209 quaerendus

344 1238 543 1281 auctor
573 1238 660 1282 est
694 1229 1055 1283 Homiliarum
1086 1231 1481 1301 quinquaginta
1512 1247 1544 1285 a
1578 1231 1708 1285 Pico
1748 1231 1927 1286 edita-

345 1335 491 1383 rum,
528 1328 784 1389 repertus
825 1322 989 1378 nobis
1020 1339 1190 1394 Opera
1213 1324 1404 1378 eadem
1432 1324 1604 1379 fuerit
1626 1340 1793 1378 verus
1827 1340 1927 1378 au-

340 1418 464 1464 ctor
496 1421 709 1481 septem
740 1428 882 1482 quae
914 1430 1062 1469 nunc
1089 1415 1282 1469 damus
1304 1415 1723 1485 Opusculorum.
1756 1415 1929 1469 Tanta

342 1502 556 1572 quippe
614 1504 948 1572 germanitas
1004 1506 1371 1576 comparando
1420 1506 1735 1577 agnoscitur
1790 1507 1928 1560 scri-

339 1594 599 1661 ptionum
633 1593 940 1660 ambarum,
985 1604 1044 1651 ut
1074 1595 1317 1650 dubitari
1347 1595 1461 1651 fere
1499 1604 1758 1665 nequeat,
1794 1595 1930 1665 quin

336 1685 525 1741 Patris
556 1687 721 1742 unius
750 1687 861 1743 duo
889 1675 1082 1744 foetus.
1109 1690 1239 1744 sint.
1289 1689 1461 1744 Sensa
1511 1689 1746 1743 invicem
1794 1704 1928 1743 con-

334 1779 619 1847 gruentia,
642 1781 1015 1850 expressionis
1060 1798 1202 1837 unus
1240 1782 1455 1853 genius,
1504 1781 1834 1838 elocutionis
1873 1790 1930 1835 et

334 1869 468 1939 styli
512 1871 704 1936 saliva,
732 1880 1045 1928 structurae
1093 1852 1259 1945 atque
1313 1873 1525 1929 ordinis
1576 1874 1751 1929 forma
1802 1890 1921 1943 par,
1954 1852 2002 1913 Β

329 1971 635 2017 contextus
681 1965 1205 2035 compositionisque
1256 1965 1427 2021 totius
1458 1966 1608 2020 color
1638 1973 1695 2020 et
1732 1980 1928 2019 succus

334 2055 512 2119 idem,
546 2064 609 2111 ut
638 2058 775 2112 mihi
818 2058 1042 2128 quidem
1084 2073 1196 2112 non
1246 2059 1362 2124 nix,
1402 2057 1549 2127 quod
1600 2057 1773 2121 aiunt,
1812 2056 1924 2110 nivi

330 2148 404 2202 ad
432 2159 746 2219 aspectum,
783 2167 893 2205 nun
921 2138 1006 2205 lac
1058 2151 1185 2205 lacti
1224 2160 1321 2206 aut
1349 2151 1457 2205 mel
1510 2151 1659 2205 melli
1717 2150 1784 2204 ad
1829 2166 1928 2220 gu-

335 2248 486 2293 stum
513 2240 768 2304 similior,
810 2256 972 2309 quam
1023 2240 1125 2295 ista
1167 2240 1277 2295 duo
1323 2240 1391 2296 ad
1439 2238 1671 2309 legentis
1703 2253 1925 2292 sensum

345 2332 544 2401 scripta
578 2331 894 2386 videantur.
942 2330 1171 2386 Accedit
1232 2330 1557 2402 suffragium
1617 2330 1926 2384 communis

348 2423 593 2493 utrisque
622 2424 804 2487 naevi,
838 2424 987 2493 quali
1020 2423 1257 2478 maxime
1282 2422 1399 2493 rapi
1427 2422 1493 2476 ad
1516 2422 1923 2492 persuasionem

342 2516 536 2581 solent,
572 2517 689 2587 qui,
717 2518 1025 2587 expositum
1046 2533 1242 2574 recens
1270 2533 1301 2572 a
1328 2524 1489 2587 partu
1522 2525 1617 2570 aut
1657 2516 1765 2569 alio
1793 2530 1922 2569 casu

334 2608 520 2678 aliquo
553 2610 845 2681 abreptum
882 2627 913 2665 a
948 2611 1183 2665 nutricis
1233 2609 1442 2681 gremio
1487 2609 1747 2663 infantem
1777 2618 1924 2677 post-

332 2715 501 2770 quam
534 2701 632 2756 diu
661 2703 971 2773 quaesiere,
1010 2703 1268 2757 dubitant
1305 2718 1376 2756 an
1432 2718 1572 2772 puer
1613 2701 1722 2755 iam
1768 2701 1923 2755 adul-

335 2789 446 2844 tior
485 2806 590 2861 pro
635 2792 729 2847 tali
758 2801 1013 2865 oggcstus
1045 2793 1193 2849 idem
1220 2808 1352 2850 vere
1389 2794 1480 2849 sit.
1535 2795 1692 2852 Tunc
1749 2795 1918 2859 enim,

332 2881 432 2935 ubi
488 2884 756 2938 maculam
809 2896 905 2941 aut
952 2902 1241 2942 verrucam
1292 2887 1349 2941 in
1400 2887 1603 2952 ﬁliolo,
1658 2903 1785 2942 cum
1837 2900 1922 2944 est

330 2984 522 3037 natus,
551 2974 897 3031 observatam
949 2988 1128 3033 mater
1169 2987 1266 3032 aut
1315 2978 1583 3034 obstetrix
1626 2980 1682 3033 in
1736 2979 1921 3035 oblato

330 3080 557 3134 quoque
587 3082 815 3136 corpore
843 3077 1124 3134 notarunt,
1146 3071 1454 3125 exclamare
1482 3081 1915 3126 consueverunt:

330 3155 501 3256 Nihil
517 3158 752 3256 amplius
784 3160 1183 3229 quaerendum,
1218 3161 1311 3216 hic
1338 3177 1588 3231 prorsus,
1632 3162 1724 3218 hic
1767 3165 1919 3233 ipsus
1945 3192 1993 3256 c

328 3259 436 3305 est.
481 3248 629 3305 Idem
661 3267 762 3305 usu
792 3252 977 3307 veniat
1022 3268 1121 3322 par
1152 3263 1238 3308 est
1281 3254 1443 3308 nobis
1472 3254 1768 3309 Macarium
1812 3256 1921 3310 Ho-

332 3341 616 3397 miliarum
646 3343 970 3413 scriptorem
1000 3344 1058 3399 in
1088 3351 1307 3416 septem
1346 3346 1709 3401 asceticorum
1752 3348 1921 3402 libro-

331 3450 459 3488 rum
504 3443 729 3490 auctore
784 3436 1199 3506 quaerentibus.
1263 3438 1593 3494 Deformitas
1651 3440 1917 3509 quaedam

332 3525 584 3580 cernitur
608 3526 663 3580 in
688 3526 995 3582 Macariana
1020 3528 1255 3583 Homilia
1273 3530 1434 3584 tertia
1464 3530 1746 3585 doctrinae
1770 3548 1919 3586 nunc

332 3615 455 3672 falsi
489 3619 791 3683 convictae,
829 3620 958 3674 olim
975 3621 1187 3692 magnis
1220 3622 1477 3677 Patribus
1523 3624 1669 3678 visae
1720 3624 1917 3694 proba-

334 3708 486 3777 bilis,
514 3710 585 3766 de
606 3714 977 3783 corporeitate
1004 3714 1324 3784 angelorum
1343 3724 1403 3769 et
1429 3715 1757 3769 animarum.
1806 3718 1927 3770 Ea-‘

338 3801 657 3873 demporro
681 3820 805 3859 cum
834 3805 1111 3876 Opusculo
1148 3805 1314 3861 huius
1363 3805 1633 3860 Thesauri
1674 3807 1741 3861 Vl
1794 3824 1912 3877 cap.

338 3893 470 3949 item
496 3895 563 3949 VI
595 3912 716 3967 pag.
752 3897 849 3950 121
892 3897 1124 3967 legatur,
1174 3906 1230 3953 et
1277 3896 1500 3967 quidem
1555 3897 1749 3952 iisdem
1800 3898 1915 3955 fere

332 3987 539 4053 verbis,
570 3990 763 4057 quidni
791 4006 891 4044 nos
921 4006 1141 4060 quoque
1175 3990 1283 4045 iam
1334 3990 1575 4045 convicti
1604 3992 1911 4046 fateamur:

332 4079 529 4136 Manus
562 4082 697 4138 haec
726 4083 951 4137 omnino
992 4098 1215 4148 manus,
1278 4084 1389 4138 imo
1433 4092 1492 4139 et
1533 4100 1640 4139 vox
1693 4101 1913 4156 quoque

332 4169 696 4224 Homiliarum
727 4171 972 4226 auctoris
1006 4171 1229 4226 Macarii
1266 4182 1369 4227 est.

400 4261 515 4320 VII.
543 4265 719 4319 Nolim
741 4274 922 4319 tamen
954 4266 1058 4320 hac
1091 4264 1361 4320 offensum
1402 4266 1748 4322 confessione
1778 4269 1918 4324 labis

327 4359 595 4414 lectorem
630 4357 890 4411 continuo
922 4354 931 4427 ξ
961 4357 1344 4427 praeiudicare
1379 4359 1503 4414 luce
1539 4360 1824 4429 indignum
1861 4371 1918 4416 et

330 4462 503 4515 opera
517 4444 749 4499 editoris
780 4461 844 4499 ea
864 4446 1027 4501 sorde
1060 4447 1411 4517 inquinatum
1435 4452 1914 4506 commentarium.

2038 594 2308 648 nistarum
2344 634 2362 658 .
2421 593 2559 647 alter
2635 588 3133 659 Semipelagianum
3205 585 3613 640 odiosissimum

2035 683 2250 753 dogma,
2310 684 2439 754 quia
2471 682 2563 736 illa
2614 689 2848 751 uterque
2887 680 3021 735 vitia
3059 678 3273 749 magnis
3316 677 3616 732 virtutibus

2035 779 2338 844 redimunt,
2368 779 2505 833 adeo
2548 793 2659 833 non
2688 776 3099 831 interdicuntur
3124 791 3229 829 usu
3259 790 3323 828 ac
3367 773 3511 836 luce,
3555 781 3616 825 ut

2034 885 2227 925 eorum
2260 870 2427 925 etiam
2471 868 2771 923 suadeatur
2830 869 2995 922 lectio
3043 864 3611 921 et'commendetur:

2033 963 2158 1034 quis
2193 972 2300 1017 tam
2358 963 2582 1032 iniquus
2642 977 2835 1017 arcere
2856 969 3086 1015 cunctos
3127 958 3253 1013 visu
3280 966 3334 1013 et
3355 966 3612 1013 contactu

2031 1055 2475 1110 lucubrationum
2504 1055 2682 1125 Magni
2713 1052 2935 1107 Macarii
2968 1060 3199 1107 conetur
3230 1059 3457 1121 prepter
3501 1058 3613 1104 tres

2032 1157 2376 1217 quatuorque
2419 1160 2613 1199 versus
2666 1142 2914 1197 labccula
2946 1126 3081 1195 nulli
3116 1139 3281 1193 hodie
3310 1139 3472 1192 noxia
3523 1154 3609 1192 re-

2031 1253 2221 1308 persos
2246 1237 2480 1291 inlibris
2518 1245 2728 1304 septem
2765 1248 2918 1296 sana,
2950 1230 3409 1301 inculpatissima,
3463 1230 3612 1283 salu-

2030 1329 2270 1384 berrima
2305 1327 2619 1382 eruditione
2653 1324 3137 1379 redundantibus?

2101 1412 2343 1476 Licebit'
2378 1419 2546 1489 igitur
2575 1433 2673 1487 per
2720 1431 2913 1471 omnes
2964 1428 3174 1481 aequos
3202 1419 3261 1466 et
3313 1409 3613 1481 prudentes

2029 1512 2192 1568 nobis
2240 1511 2298 1565 in
2334 1511 2439 1565 hoc
2465 1524 2687 1579 quoque
2741 1507 2904 1560 horto
2958 1520 3210 1559 rosarum
3255 1502 3425 1556 odore
3466 1501 3608 1563 frui,

2028 1603 2220 1668 vitato,
2248 1600 2396 1671 quod
2422 1599 2676 1654 facillime
2702 1593 3247 1669 possumus,_spinae
3277 1591 3443 1645 unius
3478 1606 3610 1644 acu-

2027 1694 2153 1761 leo;
2212 1693 2268 1747 in
2308 1692 2415 1746 hoc
2456 1705 2651 1760 campo
2690 1696 2898 1743 metere
2951 1701 3154 1757 purum
3183 1684 3519 1738 frumentum
3556 1682 3611 1736 in

2029 1801 2324 1849 annonam,
2350 1783 2599 1854 neglecto
2627 1782 2945 1850 reiectoque
2978 1778 3147 1833 unius
3190 1777 3307 1831 illic
3337 1775 3478 1831 forte
3512 1775 3610 1830 ad—

2028 1878 2143 1934 nati
2169 1876 2392 1932 surculo
2424 1875 2561 1929 lolii.
2582 1874 2702 1928 Non
2726 1872 2968 1942 vulgaris
3016 1885 3143 1940 spes
3170 1869 3236 1923 ad
3271 1869 3377 1923 hoc
3413 1882 3613 1937 operae

2028 1970 2193 2040 pretii
2241 1976 2422 2024 vocat.
2472 1965 2675 2035 Utique
2720 1964 2814 2018 vix
2848 1962 3063 2033 uspiam
3113 1960 3243 2015 alibi
3296 1968 3614 2029 reperturos

2028 2062 2394 2125 enucleatius,
2426 2058 2715 2123 disertius,
2750 2054 3145 2125 intelligentius
3175 2053 3506 2107 declaratam
3522 2066 3611 2105 ra-

2029 2155 2233 2209 tionem
2262 2168 2483 2207 omnem
2509 2167 2573 2205 ac
2600 2149 2922 2205 methodum
2953 2146 3091 2201 artis
3144 2145 3352 2215 alioqui
3414 2159 3613 2198 recon-

2027 2247 2173 2301 ditae
2203 2261 2267 2299 ac
2296 2245 2609 2315 perplexae,
2642 2240 2919 2297 serviendi
2972 2239 3085 2293 De'o
3117 2237 3172 2291 in
3197 2237 3418 2306 spiritu,
3455 2250 3612 2289 men-

2026 2341 2208 2409 tisque
2236 2354 2299 2393 ac
2317 2336 2621 2392 voluntatis
2650 2336 2920 2404 cuiusque
2972 2340 3288 2387 nostrarum
3344 2329 3432 2383 via
3464 2338 3613 2382 recta

2025 2439 2284 2499 certaque
2310 2428 2815 2499 promovendarum
2839 2427 2906 2483 ad
2933 2435 3148 2496 gratum
3176 2423 3363 2479 divino
3388 2421 3610 2476 bitumini

2024 2523 2348 2593 obsequium
2401 2521 2815 2592 praestandum,
2865 2534 3079 2589 nosque
3120 2533 3219 2587 per
3264 2514 3612 2569 heroicarum

2022 2616 2279 2671 exercitia
2344 2615 2611 2669 virtutum
2681 2612 2987 2669 elimandos
3051 2609 3119 2665 ad
3182 2607 3611 2678 perfectionem,

2023 2718 2227 2779 quanta
2255 2709 2467 2763 homini
2494 2716 2679 2779 potest
2715 2708 2772 2761 in
2818 2707 2923 2761 hac
2956 2706 3069 2764 vita
3103 2704 3448 2773 contingere,
3501 2701 3614 2755 sic-

2022 2817 2131 2872 que
2174 2799 2546 2870 disponendos
2596 2798 2663 2853 ad
2725 2797 3021 2852 ineundam
3083 2795 3270 2850 statim
3328 2793 3397 2847 ab
3458 2792 3614 2845 obitu

2021 2892 2428 2962 possessionem
2489 2891 2647 2962 regni
2705 2889 3065 2960 diligentibus
3112 2888 3287 2942 Deum
3332 2884 3613 2955 promissi.

2021 2983 2235 3039 Iuvabit
2259 2983 2426 3039 etiam
2453 2984 2510 3038 in
2545 2984 2783 3053 puritate
2822 2979 3077 3036 catholici
3112 2978 3382 3050 dogmatis
3426 2986 3482 3032 et
3518 2992 3613 3031 ca-

2021 3078 2230 3147 pitibus
2258 3076 2573 3147 praecipuis
2602 3075 3039 3130 orthodoxarum
3070 3073 3390 3135 veritatum,
3446 3069 3615 3124 hodie

2021 3185 2147 3224 cum
2171 3164 2413 3225 maxime‘
2436 3169 2701 3225 adversus
2726 3168 2987 3222 haereses
3011 3165 3389 3236 propugnatis,
3418 3162 3615 3217 miram

2021 3261 2300 3316 Ecclesiae
2322 3277 2462 3331 quae
2490 3276 2641 3315 nunc
2676 3259 2835 3323 vivit,
2869 3274 2994 3312 cum
3019 3274 3085 3311 ea
3126 3272 3267 3327 quae
3294 3256 3614 3325 Magnorum

2020 3351 2247 3405 Antonii
2270 3359 2325 3405 et
2353 3350 2639 3405 Athanasii
2663 3365 2798 3405 aevo
2841 3347 3050 3414 ﬂoruit,
3107 3346 3529 3401 consensionem
3557 3344 3615 3398 in

2027 3441 2116 3497 his
2145 3442 2305 3497 libris
2336 3458 2655 3513 agnoscere.
2684 3440 2952 3495 Absoluta
2980 3440 3038 3493 in
3067 3439 3327 3493 omnibus
3369 3435 3613 3491 necessi-

2021 3542 2104 3589 tas
2147 3535 2351 3604 gratiae
2387 3532 2820 3604 supernaturalis
2875 3531 2943 3585 ad
2983 3531 3123 3585 bene
3166 3528 3502 3599 operandam
3557 3526 3614 3581 in

2019 3626 2215 3680 ordine
2258 3625 2326 3679 ad
2366 3626 2601 3680 salutem
2655 3632 2960 3686 aeternam,
3002 3638 3128 3676 cum
3166 3623 3373 3689 ubique
3411 3618 3614 3689 passim

2020 3717 2361 3781 insinuatur,
2416 3726 2531 3771 tum
2594 3716 2957 3771 disertissime
3014 3713 3285 3769 asseritur
3327 3727 3448 3779 cap.
3518 3708 3614 3763 XV

2018 3808 2220 3877 Opusc.
2248 3808 2462 3877 Vl'pag.
2491 3807 2613 3871 154,
2642 3807 2737 3861 ubi
2764 3822 2875 3860 non
2907 3806 3083 3874 magis
3114 3818 3276 3873 posse
3324 3800 3467 3853 bene
3514 3814 3610 3852 co-

2017 3899 2179 3968 gitari
2213 3906 2307 3951 aut
2345 3898 2430 3967 agi
2460 3897 2577 3951 sine
2608 3895 2835 3965 speciali
2871 3903 3104 3949 naturae
3146 3889 3407 3945 meritum
3442 3902 3610 3941 exce—

2018 3989 2183 4044 dente
2209 3990 2305 4044 Dei
2324 3990 2601 4043 adiutorio
2630 3976 2856 4052 dicitur,
2881 4001 3046 4056 quam
3062 3981 3238 4038 videri
3270 3980 3389 4034 sine
3423 3978 3609 4043 oculo,

2018 4081 2128 4136 dici
2170 4082 2289 4135 sine
2343 4082 2551 4152 lingua,
2614 4082 2735 4135 sine
2784 4079 3022 4150 pedibus
3078 4072 3371 4130 ambulari.
3418 4071 3612 4139 Capite

2017 4188 2150 4227 vero
2170 4172 2293 4227 XIX
2320 4172 2523 4242 Opusc.
2555 4173 2650 4227 VII
2701 4187 2825 4241 pag.
2864 4169 2967 4224 165
3023 4164 3396 4238 pulcherrime
3460 4161 3611 4215 idem

2018 4264 2326 4319 adstruitur
2380 4265 2702 4319 inductione
2748 4260 2993 4333 generali
3045 4266 3355 4313 crcatarum
3400 4269 3609 4318 rerum,

2018 4357 2301 4411 naturales
2340 4357 2505 4410 etiam
2559 4372 2686 4410 suas
2735 4353 3089 4424 operationes
3116 4348 3345 4417 exsequi
3375 4362 3485 4399 non
3509 4361 3609 4398 va-

2018 4450 2271 4513 lentium,
2299 4449 2405 4503 nisi
2423 4449 2491 4503 iis
2514 4447 2805 4502 subveniat
2823 4445 3034 4499 alienae
3054 4450 3285 4497 naturae
3312 4438 3603 4493 auxilium.

330 4537 510 4591 Nimis
539 4537 740 4591 multos
763 4544 872 4591 tam
902 4554 1167 4608 praeceps
1206 4540 1478 4594 sententia
1522 4542 1909 4611 proscriberet.
1944 4548 1992 4605 D
2017 4543 2165 4597 Idem
2218 4548 2377 4595 antea
2404 4541 2852 4594 demonstratum
2885 4537 3070 4591 fuerat
3101 4549 3223 4604 cap.
3281 4531 3351 4586 IV
3404 4531 3608 4600 Opusc.

334 4631 469 4685 Nam
508 4646 541 4685 e
584 4630 794 4701 graecis
836 4629 893 4684 S.
940 4629 1253 4684 Methodius
1289 4638 1519 4701 martyr,
1570 4630 1625 4685 S.
1682 4633 1914 4688 Basilius

334 4720 581 4792 Magnus,
642 4718 723 4774 uti
774 4729 831 4773 et
885 4720 1053 4775 huius
1101 4721 1345 4789 aequalis
1394 4730 1451 4776 et
1516 4722 1800 4779 familiaris
1854 4726 1909 4780 S.

333 4813 575 4883 Ephrem
614 4812 803 4884 Syrus,
837 4812 1165 4869 Severianus
1191 4813 1535 4879 Gabalensis,
1571 4815 1627 4870 S.
1678 4816 1914 4888 Cyrillus

332 4903 757 4969 Alexandrinus,
783 4904 1094 4971 Caesarius,
1133 4905 1459 4962 Anastasius
1482 4908 1691 4963 Sinaita
1716 4917 1772 4963 et
1797 4910 1910 4973 alii,

331 5015 363 5053 e
392 4998 579 5052 latinis
602 5013 736 5053 vero
760 4998 1154 5062 Tertullianus,
1189 4997 1245 5053 S.
1286 4997 1647 5070 Augustinus,
1684 5002 1741 5056 S.
1783 5002 1911 5056 Ful-

334 5090 573 5160 gentius,
610 5089 665 5143 S.
696 5090 891 5144 Petrus
928 5090 1321 5160 Chrysologus,
1350 5090 1650 5156 Arnobius,
1703 5091 1914 5147 Cassia-

334 5196 459 5243 nus,
512 5181 777 5235 Maximus
804 5181 1180 5246 Taurinensis,
1223 5181 1574 5249 Gennadius,
1611 5184 1910 5253 Rupertus,

338 5272 396 5325 S.
428 5273 755 5338 Bernardns,
787 5273 932 5328 hunc
965 5290 1215 5329 errorem
1244 5274 1520 5345 hodieque
1547 5276 1663 5331 suis
1689 5286 1911 5333 exstan-

341 5364 487 5420 tibus
521 5366 901 5437 consignatum
932 5366 1092 5421 libris
1132 5366 1471 5436 praeferunt,
1495 5376 1662 5437 prout
1709 5370 1912 5441 allega-

336 5456 484 5511 tione
505 5455 752 5512 locorum
780 5456 1120 5512 demonstrat
1146 5458 1439 5529 Dionysius
1466 5460 1724 5515 Petavius
1754 5461 1908 5517 Tom.

335 5544 407 5600 III
444 5544 901 5617 Theologicorum
929 5540 1246 5616 dog'matum
1276 5547 1372 5601 lib.
1405 5548 1426 5601 I
1457 5547 1526 5603 de
1558 5550 1766 5620 angelis
1787 5566 1909 5621 cap.

334 5636 402 5691 ll.
454 5637 595 5703 Quid
633 5638 804 5707 quod,
838 5655 965 5694 cum
993 5654 1061 5693 cx
1104 5639 1268 5693 modo
1319 5640 1618 5695 nominatis
1662 5641 1908 5710 quidam,

334 5728 414 5782 uti
469 5729 841 5785 Tertullianus
882 5740 939 5785 et
968 5731 1280 5795 Cassianus,
1313 5732 1416 5786 alia
1457 5733 1764 5801 perniciosa
1811 5750 1912 5790 suo

333 5820 767 5882 superscminata
846 5821 1029 5877 tritico
1089 5822 1295 5877 zizania
1376 5821 1651 5889 habeant,
1716 5841 1909 5889 nempe

2020 4636 2085 4689 Vl
2116 4651 2237 4704 pag.
2276 4633 2399 4696 118,
2428 4649 2496 4687 eo
2547 4639 2739 4702 argute
2764 4630 3037 4701 applicata
3070 4623 3400 4695 Evangelica
3450 4637 3612 4691 para-

2020 4726 2145 4780 bola
2168 4725 2359 4780 decem
2394 4724 2692 4794 virginum,
2726 4736 2962 4791 quarum
2992 4733 3135 4789 quae
3156 4715 3460 4786 prudentes
3490 4728 3610 4766 me-

2021 4820 2130 4874 rito
2156 4818 2418 4872 dicuntur
2457 4817 2704 4886 quinque
2744 4832 2757 4867 :
2798 4814 3168 4883 Peregrinum,
3209 4807 3287 4860 ait
3331 4812 3543 4864 auctor,
3574 4820 3610 4857 α

2020 4928 2120 4964 sua
2146 4911 2389 4981 ipsarum
2417 4917 2616 4962 natura
2643 4905 2838 4969 oleum,
2871 4901 3009 4972 quod
3030 4909 3103 4953 est
3135 4898 3353 4969 spiritus
3376 4894 3609 4964 gratiae,

2019 5005 2075 5057 in
2096 5003 2234 5056 vasis
2259 5001 2427 5054 cordis
2456 5001 3039 5070 praesumpserant.....
3080 4989 3307 5059 quinque
3357 5001 3476 5038 vero
3521 4986 3607 5054 {a-

2022 5103 2145 5147 tuae
2195 5108 2258 5147 ea
2300 5089 2653 5159 sibisufﬁcere
2696 5088 2961 5148 ducentes,
2996 5095 3131 5151 quae
3159 5084 3358 5132 natura
3408 5075 3534 5145 ipsis
3568 5073 3580 5144 l

2019 5184 2391 5257 suppeditabat
2439 5199 2569 5245 sua,
2640 5178 2847 5233 excludi
2895 5194 2928 5230 a
2985 5170 3220 5226 thalamo
3280 5174 3604 5232 meruerunt,

2020 5279 2076 5332 in
2107 5294 2260 5348 quem
2283 5276 2482 5346 priores
2520 5280 2641 5326 sunt
2676 5269 2959 5324 admissae.

2089 5369 2229 5424 VIII.
2261 5367 2357 5421 His
2384 5364 2588 5434 opponi
2621 5361 2764 5415 forte
2814 5362 2998 5428 posset
3030 5354 3187 5409 locus
3216 5370 3285 5409 ex
3312 5352 3418 5407 ﬁne
3451 5349 3604 5419 capi-

2021 5461 2091 5515 tis
2116 5458 2290 5515 XXIX
2332 5456 2537 5527 Opusc.
2574 5452 2691 5509 VIII
2722 5466 2844 5521 pag.
2893 5448 3019 5511 221,
3063 5446 3159 5500 ubi
3186 5444 3459 5500 Macarius
3505 5442 3604 5507 ait,

2021 5568 2240 5607 renuere
2264 5551 2527 5604 hominem
2554 5555 2602 5600 et
2664 5562 2768 5599 non
2798 5540 3151 5597 condelectari
3203 5536 3607 5607 cogitationibus

2022 5646 2196 5716 pravis
2228 5643 2339 5696 sine
2370 5641 2477 5695 Deo
2490 5639 2795 5691 ‘adiuvante
2827 5650 2937 5688 esse
2957 5628 3221 5702 possibile.
3243 5627 3321 5682 Ac
3351 5626 3489 5681 nihil
3520 5626 3611 5682 hic

2020 5734 2302 5789 doctrinae
2329 5728 2667 5785 orthodoxae
2705 5720 2773 5780 de
2798 5722 3127 5778 necessitate
3186 5716 3375 5771 auxilii
3400 5716 3605 5787 gratiae

2022 5826 2253 5882 actualis
2286 5824 2353 5879 ad
2386 5837 2605 5878 omnem
2638 5827 2821 5875 actum
2867 5816 3072 5871 bonum
3124 5810 3422 5882 positivum
3469 5824 3604 5863 cou-
