4016 6454
514 407 621 462 ’559

1612 398 1813 458 PETRI
1852 393 2109 453 POSSlNl
2150 388 2657 446 PROLEGOMENA

3675 374 3772 430 510

520 520 673 574 trarii
707 527 811 576 est.
840 520 966 591 Agit
991 519 1363 575 enim-auctor
1392 519 1461 573 de
1501 518 1754 573 dissensu
1788 530 1937 571 mere
1987 526 2088 567 ne-
2120 521 2163 574 Α
2191 524 2343 561 omne
2392 506 2609 559 liberum
2636 544 2651 567 ,
2727 518 2758 557 a
2826 499 3072 571 periculo
3120 496 3447 591 qvidelicet‘
3486 491 3766 591 peccandi.

518 612 719 682 gativo,
776 612 879 667 hoc
905 620 989 665 est
1040 611 1396 680 suspensione
1435 624 1711 672 assensus,
1760 620 1923 676 quae,
1966 618 2092 659 cum

518 715 668 753 mera
700 701 918 769 negatio
951 709 1007 754 et
1032 716 1230 769 purum
1266 700 1401 753 nihil
1456 698 1547 761 sit,
1581 697 1787 751 auxilio
1820 712 1931 750 non
1969 700 2095 764 eget

517 791 622 843 nisi
681 791 891 860 pariter
936 790 1209 859 negativo.
1243 791 1429 845 Talem
1460 806 1581 844 esse
1604 788 1823 843 Macarii
1855 795 2093 841 mentem

515 896 687 949 prope
734 882 1021 936 manifeste
1057 890 1207 951 patet
1264 897 1331 935 ex
1387 881 1474 935 his
1518 880 1640 935 eius
1674 880 1858 933 verbis
1898 879 2095 932 imme-

516 969 662 1023 diate
690 972 1149 1039 praecedentibus
1190 990 1203 1024 :
1231 973 1342 1025 sine
1367 970 1476 1024 Deo
1508 971 1792 1024 adiuvante
1821 978 1869 1022 et
1915 984 2008 1039 per
2041 985 2096 1022 se

511 1061 687 1131 ipsum
716 1061 939 1115 liberare
964 1080 1019 1116 se
1042 1080 1377 1133 quemquam,
1414 1064 1585 1129 quoad
1632 1062 1794 1126 lucta,
1839 1077 1975 1131 quae
1996 1061 2097 1131 ipsi

517 1160 595 1207 est
630 1171 746 1207 cum
778 1156 1194 1225 cogitationibus,
1236 1156 1505 1225 expeditus
1541 1155 1719 1225 fuerit,
1748 1163 1824 1207 est
1848 1154 2093 1223 impossi-

516 1242 637 1298 bile.
672 1246 954 1315 Siquidem
986 1245 1209 1299 liberare
1235 1263 1311 1311 se,
1341 1257 1390 1301 et
1414 1248 1555 1300 lucta
1586 1248 1962 1317 wgitationum
1997 1261 2091 1299 ex-

518 1336 696 1405 pedire
741 1354 815 1401 se,
867 1348 1020 1392 actus
1068 1339 1307 1392 hominis
1358 1339 1620 1407 positivos
1692 1336 1969 1401 indicant,
2025 1338 2094 1391 ad

513 1424 706 1492 quales
753 1440 945 1480 omnes
992 1442 1219 1496 prorsus
1276 1426 1778 1496 indispensabiliter
1842 1442 2095 1482 necessa-

517 1515 663 1568 rium
728 1516 820 1570 Dei
874 1532 973 1586 per
1040 1518 1269 1587 gratiam
1325 1518 1539 1571 actuale
1600 1518 1932 1572 adiutorium
1975 1534 2095 1573 esse

516 1615 713 1660 auctor
761 1609 1122 1676 pronunciat;
1153 1608 1221 1662 de
1262 1609 1621 1678 suSpensione
1672 1624 1803 1665 vero
1837 1625 2096 1664 assensus

514 1711 690 1761 mera,
748 1713 891 1766 quae
946 1714 1075 1753 vere
1126 1698 1361 1751 nihilum
1421 1699 1524 1763 sit,
1577 1700 1828 1754 concedit
1893 1700 2095 1755 actuali

514 1802 639 1842 eam
684 1789 886 1843 auxilio
940 1806 1049 1843 non
1116 1804 1299 1860 egere.
1329 1790 1473 1854 Scio,
1519 1792 1901 1861 aquibusdam
1930 1792 2094 1846 hodie

2194 597 2359 667 Atqui
2418 596 2670 666 Magnum
2722 592 3020 648 Antonium
3079 590 3295 645 viderat
3348 587 3452 656 qui
3504 586 3611 639 hoc
3646 586 3775 639 scri-

2194 688 2295 751 bit,
2334 686 2527 739 intimo
2550 685 2601 738 ei
2634 683 2888 737 convictu
2922 682 3017 734 diu
3048 678 3367 734 familiaris.

2263 776 2589 833 Contrarius
2609 783 2695 829 est
2727 774 2985 843 scopulus
3012 787 3200 828 sanam
3228 769 3451 841 gratiae
3477 766 3777 822 doctrinam

2200 869 2551 924 tradentibus
2572 867 2850 931 vitandus,
2880 865 3164 935 oppressio
3190 863 3433 917 humani
3476 860 3690 914 arbitrii
3724 874 3781 912 ac

2192 961 2463 1015 vertibilis
2514 960 2571 1014 in
2608 959 2885 1013 contraria
2940 967 2998 1012 et
3049 953 3498 1010 contradictoria
3526 952 3780 1005 inﬁciatio
3828 978 3831 981 -

2193 1051 2487 1106 libertatis.
2519 1050 2677 1104 Hunc
2699 1064 2917 1118 semper
2946 1044 3356 1101 studiosissime
3386 1042 3637 1097 declinat
3675 1041 3781 1094 Ma-

2194 1142 2377 1196 carius
2406 1142 2495 1195 hic
2520 1150 2731 1205 noster,
2770 1140 2913 1193 velis
2934 1153 3230 1207 numquam
3257 1151 3380 1197 non
3405 1133 3693 1202 remisque
3729 1131 3781 1186 in

2194 1233 2499 1302 oppositam
2550 1232 2875 1286 incumbens
2935 1229 3338 1299 professionem
3412 1225 3784 1281 vertibilitatis

2194 1324 2578 1377 indifferenter
2640 1323 2847 1377 liberae
2879 1322 2963 1376 sui
2999 1321 3268 1390 compotis
3311 1318 3663 1381 voluntatis,
3715 1318 3781 1371 ita

2193 1431 2409 1485 semper
2457 1425 2551 1470 aut
2605 1398 2811 1485 gratiae
2851 1415 3130 1485 praesenti
3196 1413 3264 1468 ad
3306 1415 3459 1468 bene
3493 1412 3781 1482 agendum,

2195 1513 2290 1559 aut
2338 1504 2627 1560 tentationi
2692 1520 2789 1559 seu
2848 1503 3331 1573 concupiscentiae
3383 1502 3676 1572 instiganti
3721 1500 3782 1554 ad

2197 1596 2337 1651 male
2368 1596 2707 1666 operandum
2740 1596 3158 1660 consentientis,
3208 1605 3269 1651 ut
3301 1595 3492 1664 possit
3522 1609 3626 1664 pro
3648 1592 3787 1646 arbi-

2196 1689 2304 1743 trio
2352 1690 2607 1743 resistere
2651 1688 2753 1742 :in
2788 1704 2899 1758 quo
2941 1670 3149 1742 fontem
3195 1686 3454 1742 residere
3508 1684 3693 1740 meriti
3736 1692 3785 1738 et

2195 1781 2455 1850 vituperii
2509 1796 2813 1851 verumque
2867 1781 3151 1837 cardinem
3226 1778 3445 1849 negotii
3519 1777 3784 1831 humanae

514 1878 858 1935 scholasticis
909 1882 1121 1951 negari,
1170 1898 1289 1936 esse
1352 1883 1643 1952 possibiles
1681 1900 1849 1953 puras
1904 1884 2092 1937 istius-

2198 1869 2600 1931 iustiiicationis
2631 1880 2728 1925 aut
2757 1868 3189 1940 depravationis,
3231 1877 3524 1938 quatenus
3560 1866 3664 1919 hae
3687 1864 3782 1918 im-

518 1967 668 2021 modi
709 1970 1051 2025 omissiones.
1104 1972 1186 2026 Ab
1214 1974 1335 2028 aliis
1386 1984 1567 2028 tamen
1616 1990 1720 2029 eae
1766 1988 1877 2030 non
1908 1975 2096 2044 paucis

519 2073 624 2114 nec
647 2075 841 2128 parum
895 2062 1201 2119 illustribus
1242 2065 1630 2119 admittuntur.
1668 2065 1914 2131 Quorum
1966 2081 2095 2120 sen-

517 2150 724 2204 tentiae
754 2149 1020 2207 Macarius
1049 2153 1152 2207 hoc
1183 2154 1303 2208 loco
1342 2156 1710 2226 suffragatur;
1746 2172 1907 2227 agere
1947 2156 2094 2211 enim

516 2254 577 2293 se
626 2239 694 2295 de
745 2257 917 2307 mera,
952 2254 1012 2299 ut
1042 2245 1176 2310 dixi,
1222 2248 1525 2302 cessatione
1583 2248 1883 2303 voluntatis
1912 2249 2096 2317 pravis

512 2329 942 2399 cogitationibus
974 2344 1212 2392 tentatae
1247 2352 1314 2392 eo
1344 2338 1632 2408 significat,
1652 2339 1799 2408 quod
1830 2355 1955 2393 cum
1972 2355 2094 2393 sus-

516 2424 838 2490 pensionem
864 2441 1120 2483 assensus
1160 2432 1520 2501 expressisset
1554 2432 1725 2485 verbo
1758 2448 1977 2485 renuere
2003 2442 2097 2487 aut

512 2512 900 2578 contradicere,
933 2514 991 2568 in
1022 2532 1132 2585 quo
1160 2527 1281 2573 erat
1303 2520 1582 2589 emphasis
1605 2520 1873 2590 quaedam
1902 2521 2096 2591 positi—

515 2597 570 2651 vi
622 2609 803 2666 actus,
858 2604 1016 2672 quasi
1067 2607 1350 2677 corrigens
1410 2618 1506 2665 aut
1568 2610 1850 2680 explicans
1908 2611 2095 2665 statim

514 2688 764 2761 adiungit
789 2710 802 2746 :
831 2702 882 2746 et
909 2712 1013 2749 non
1034 2698 1408 2765 condelectari,
1441 2702 1537 2756 ubi
1569 2712 1638 2767 et,
1674 2710 1737 2755 ut
1759 2718 1920 2772 saepe
1936 2703 2092 2765 alias,

512 2784 883 2851 expositivum
904 2797 1008 2851 est,
1040 2790 1197 2858 quasi
1230 2791 1510 2847 diceretur
1548 2794 1715 2847 idest.
1748 2795 1844 2849 llis
1894 2794 2093 2849 adiun-

515 2884 625 2944 gat,
654 2877 700 2930 si
732 2878 858 2946 quis
896 2881 1063 2945 volet,
1094 2884 1383 2955 plerosque
1427 2886 1713 2957 theologos
1751 2887 1972 2951 docere,
2022 2887 2093 2943 ad

514 2973 673 3022 actus
717 2970 943 3038 quidem
979 2989 1172 3029 omnes
1216 2991 1346 3031 vere
1388 2977 1659 3032 salutares
1680 2987 1736 3032 et
1778 2978 2094 3033 meritorios

514 3054 662 3109 vitae
696 3068 955 3116 aeternae
995 3064 1206 3132 requiri
1236 3066 1508 3120 actualem
1559 3068 1788 3137 gratiam
1825 3084 2094 3138 superna-

516 3146 750 3201 turalem
772 3151 826 3203 in
870 3153 1189 3221 substantia,
1226 3157 1361 3222 sive,
1390 3167 1452 3213 ut
1490 3159 1793 3228 loquuntur
1816 3202 1830 3225 ,
1861 3164 1916 3215 in
1956 3164 2093 3216 enti-

2174 1962 2471 2031 -putabiles
2506 1962 2713 2015 homini
2741 1969 2869 2015 sunt
2896 1962 2982 2015 vel
3010 1960 3077 2015 ad
3112 1958 3350 2029 praemii
3392 1958 3681 2021 meritum,
3707 1956 3783 2012 vei

2194 2052 2263 2105 ad
2294 2068 2501 2122 poenae
2520 2053 2856 2108 iustissimae
2887 2062 3121 2115 reatum,
3148 2051 3447 2106 verissime
3478 2051 3573 2105 hic
3602 2058 3785 2104 auctor

2196 2155 2401 2199 censet.
2452 2145 2597 2199 llaec
2633 2160 2755 2199 cum
2789 2146 3000 2217 paginis
3045 2146 3160 2200 fere
3214 2144 3486 2199 omnibus
3525 2152 3785 2212 perpetuo

2196 2247 2292 2292 aut
2315 2237 2555 2291 inculcat
2584 2248 2679 2293 aut
2726 2239 2909 2293 innuit
2940 2249 3056 2293 tum
3096 2228 3432 2307 praesertim
3492 2234 3694 2304 Opusc.
3742 2233 3782 2287 ll

2195 2343 2315 2397 cap.
2343 2327 2439 2381 Xll
2486 2338 2541 2382 ct
2584 2327 2785 2399 Opusc.
2847 2328 2962 2382 VIll
3007 2344 3126 2397 cap.
3178 2327 3246 2381 lll
3282 2343 3450 2396 pagg.
3489 2325 3557 2378 '57
3591 2334 3648 2377 et
3692 2322 3781 2375 185

2194 2434 2260 2473 ex
2293 2418 2537 2487 professo
2559 2429 2667 2474 tam
2708 2420 3015 2474 luculenter
3042 2420 3325 2483 enunciat,
3364 2429 3429 2473 ut
3461 2417 3556 2487 qui
3587 2416 3666 2469 sic
3706 2414 3780 2467 lo-

2194 2515 2384 2584 quitur
2410 2515 2629 2569 saeculo
2648 2512 2925 2567 Ecclesiae
2960 2512 3165 2567 fluente
3191 2522 3418 2581 quarto,
3455 2510 3641 2565 videri
3662 2523 3777 2578 pos-

2195 2605 2269 2659 sit
2293 2603 2653 2657 orthodoxam
2694 2601 2763 2656 de
2826 2601 3004 2655 libero
3056 2600 3291 2655 arbitrio
3344 2600 3534 2669 deque
3586 2597 3778 2669 gratiae

2194 2708 2321 2748 cum
2352 2693 2469 2763 ipso
2495 2709 2559 2747 ac
2578 2691 3057 2762 concupiscentiae
3082 2702 3421 2762 cooperante
3478 2690 3773 2746 doctrinam

2193 2802 2306 2841 non
2330 2786 2575 2856 potuisse
2615 2785 2899 2850 disertius,
2945 2785 3175 2839 uberius
3206 2783 3775 2853 circumspectiusque

2194 2896 2524 2950 proponere,
2572 2880 2617 2933 si
2672 2879 2894 2933 decreta
2952 2885 3009 2933 et
3078 2893 3319 2933 canones
3348 2892 3541 2931 sacrae
3594 2872 3772 2945 synodi

2197 2971 2551 3026 Tridentinae
2576 2970 2847 3026 Sessio'nis
2879 2971 2947 3026 Vl
2978 2971 3100 3040 plus
3126 2970 3274 3024 mille
3315 2969 3484 3024 annis
3512 2964 3774 3037 posterius

2195 3065 2505 3119 celebratae
2531 3064 2639 3117 iam
2667 3072 2783 3118 tum
2807 3063 3063 3133 legisset;
3096 3062 3234 3116 adeo
3272 3062 3387 3116 illis
3413 3067 3769 3114 consentanea

2196 3156 2523 3211 catholicam
2549 3155 2618 3210 de
2646 3154 2932 3209 hominum
2950 3153 3345 3225 justifieationc
3374 3152 3544 3206 ﬁdem
3573 3148 3770 3204 edisse-

514 3241 675 3301 tate;
713 3238 781 3292 ad
819 3256 930 3294 non
975 3246 1443 3301 succumbcndum
1468 3260 1651 3303 autem
1680 3252 1965 3305 tentationi
1999 3268 2097 3321 per
2123 3247 2166 3306 C
2200 3248 2294 3303 rit.

516 3328 821 3400 simplicem
851 3348 1108 3393 renutum
1141 3356 1291 3396 mere
1313 3346 1580 3399 naturalis
1611 3346 1821 3401 ordinis
1846 3348 2094 3403 sufﬁcere

518 3422 789 3478 actualem
843 3427 1073 3496 gratiam
1122 3435 1597 3501 supernaturalem
1653 3445 1865 3491 tantum
1922 3440 2095 3508 quoad

518 3514 765 3582 modum,
816 3534 927 3573 non
959 3536 1092 3575 vero
1136 3524 1191 3576 in
1232 3524 1548 3580 substantia.
1613 3526 1768 3593 Quod
1795 3529 1840 3581 si
1874 3537 2097 3598 putetur

518 3601 611 3657 hic
658 3605 925 3685 Macarius
996 3600 1239 3668 indicare
1277 3615 1538 3680 voluisse,
1583 3617 1749 3671 etiam
1783 3618 1862 3674 sic
1898 3634 2097 3688 expers

516 3697 729 3751 erroris
756 3701 881 3755 erit.
916 3700 1157 3772 Apparet
1184 3715 1501 3774 praeterea,
1537 3716 1745 3777 septem
1778 3710 1880 3765 hos
1925 3712 2096 3767 libros

517 3788 753 3857 scriptos
785 3803 911 3848 ante
959 3805 1141 3850 natam
1187 3797 1405 3868 Evagrii
1452 3800 1663 3856 Pontici
1714 3801 2093 3873 Origenistae,

516 3891 574 3938 et
598 3879 803 3937 alumni
830 3884 1015 3949 huius,
1068 3887 1303 3958 Pelagii,
1339 3890 1644 3946 doctrinam
1666 3933 1681 3957 ,
1715 3909 1855 3962 quae
1894 3895 2098 3964 impec-

516 3974 853 4029 cabilitatem
906 3984 962 4030 et
1010 3976 1203 4031 salutis
1250 3980 1601 4035 securitatem
1642 3997 1768 4035 cum
1812 3983 1971 4051 plena
2006 3999 2099 4036 ex-

514 4067 810 4121 stinctione
842 4067 1158 4135 passionum
1190 4069 1509 4126 hominibus
1543 4074 1600 4127 in
1627 4074 1729 4126 hac
1762 4073 1873 4127 vita
1915 4073 2095 4143 possi-

518 4154 682 4208 bilem
710 4155 882 4209 ﬁnxit.
909 4154 1111 4209 Contra
1150 4157 1297 4210 enim
1321 4158 1519 4212 horum
1562 4169 1754 4213 auctor
1784 4160 2093 4213 absolutam

518 4242 870 4296 securitatem
926 4243 1119 4297 salutis
1155 4243 1211 4297 in
1240 4244 1343 4299 hac
1370 4247 1481 4301 vita
1520 4256 1744 4316 propter
1782 4249 2093 4303 vertibilem

518 4332 574 4387 in
600 4333 801 4386 malum
826 4333 991 4387 etiam
1016 4343 1140 4403 post
1176 4344 1416 4391 ecstases
1451 4346 1508 4391 et
1534 4337 1652 4392 visa
1682 4337 1865 4391 divina
1899 4340 2095 4393 volun-

519 4432 684 4478 tatem
718 4440 788 4477 ne
831 4424 1025 4492 primis
1060 4424 1284 4494 quidem
1335 4426 1615 4496 Apostolis
1649 4438 1772 4499 post
1808 4437 2090 4499 acceptum

517 4512 607 4566 die
653 4513 1003 4569 Pentecostes
1055 4514 1325 4584 Spiritum
1375 4525 1626 4570 sanctum
1672 4518 1926 4573 concedit
1967 4535 2086 4589 cap.

2264 3340 2361 3395 1X.
2395 3340 2695 3395 Dicendum
2712 3339 2803 3393 hic
2822 3337 3028 3408 aliquid
3051 3347 3308 3408 superest
3330 3337 3401 3393 de
3420 3341 3771 3406 cognomento

2198 3432 2401 3503 Magni,
2428 3430 2872 3486 Macariinomini
2891 3430 3172 3484 adiuncto.
3196 3429 3538 3499 Expressum
3564 3427 3617 3481 id
3636 3425 3767 3479 clare

2197 3523 2441 3593 praefert
2486 3523 2903 3592 antiquissimus
2929 3537 3091 3590 quem
3146 3521 3420 3591 exscripsi
3470 3519 3641 3575 codex
3669 3529 3767 3568 non

2198 3615 2373 3670 solum
2410 3615 2466 3668 in
2500 3614 2933 3668 Macarianorum
2990 3612 3400 3681 Opusculorum
3448 3610 3630 3672 titulo,
3680 3601 3767 3659 sed

2196 3714 2487 3776 praeterea
2528 3707 2583 3759 in
2614 3705 2891 3776 Opusculo
2942 3703 3011 3757 IX
3048 3705 3194 3774 quod
3262 3704 3593 3760 inscribitur
3634 3699 3765 3767 Apo-

2199 3798 2544 3867 phthegmata
2577 3796 2827 3859 Patrum,
2857 3808 2918 3853 ut
2956 3797 3146 3851 videre
3178 3805 3264 3851 est
3300 3812 3427 3866 pag.
3468 3794 3593 3857 245,
3643 3788 3763 3858 quin

2195 3898 2251 3943 et
2275 3889 2328 3942 in
2353 3889 2557 3959 Opusc.
2584 3888 2728 3944 XVII
2757 3890 3075 3961 Nicephori,
3108 3896 3460 3959 argumento,
3491 3885 3548 3940 ni
3597 3881 3759 3940 fallor,

2162 4030 2167 4033 .
2195 3979 2327 4032 satis
2350 3989 2522 4043 certo,
2566 3989 2849 4049 receptum
2882 3983 3014 4036 olim
3058 3980 3164 4034 hoc
3221 3978 3394 4033 fuisse
3417 3988 3475 4032 et
3522 3991 3620 4030 usu
3653 3970 3760 4024 vul-

2194 4070 2309 4140 gari
2365 4071 2576 4124 tritum.
2605 4070 2775 4126 Cuius
2798 4073 2995 4142 triplex
3019 4070 3320 4140 excogitari
3380 4069 3526 4123 ratio
3575 4069 3756 4136 potest.

2266 4161 2471 4228 Prima,
2501 4162 2692 4233 ingens
2718 4163 2818 4218 viri
2855 4165 3114 4219 meritum
3138 4181 3154 4230 ;
3178 4164 3486 4227 doctrinae,
3530 4160 3755 4228 inquam,

2192 4254 2314 4308 eius
2363 4264 2420 4309 et
2463 4257 2861 4313 sanctimoniae
2909 4256 3277 4329 praestantia,
3319 4272 3459 4327 quas
3498 4248 3757 4323 quotidia-

2194 4359 2267 4398 nO
2320 4346 2541 4415 proprie
2580 4348 2813 4418 quisque
2857 4349 3021 4419 longo
3074 4365 3181 4404 usu
3229 4346 3604 4418 experientiae
3645 4351 3755 4393 cum

2193 4436 2590 4505 perspicerent,
2607 4448 2663 4493 et
2691 4439 2967 4508 praesenti
2994 4439 3175 4494 fructu
3200 4440 3476 4493 sentirent
3501 4444 3579 4490 tot
3599 4428 3754 4486 millia

2194 4529 2606 4595 monachorum,
2625 4546 2763 4600 quos
2774 4541 2898 4586 ante
2922 4542 2978 4587 et
2995 4532 3362 4601 postfmortem
3382 4525 3600 4586 Antonii
3615 4519 3755 4577 annis

516 4603 636 4659 XVI
681 4603 880 4673 Opusc.
916 4606 981 4661 Vl
1010 4622 1132 4676 pag.
1166 4607 1288 4671 135,
1328 4618 1390 4662 ut
1423 4609 1615 4663 timere
1671 4609 1928 4664 videlicet
1965 4626 2090 4665 cum
2122 4618 2164 4671 D
2194 4616 2446 4685 plurimis
2496 4616 2635 4672 lacte
2683 4619 2855 4673 divini
2910 4620 3064 4674 vei-bi
3118 4621 3255 4674 aluit
3309 4630 3366 4675 ei
3401 4611 3752 4673 eﬂicacissima

516 4696 686 4752 Paulo
716 4698 1017 4765 potuerint,
1060 4715 1124 4751 ne
1167 4715 1285 4752 cum
1335 4697 1453 4753 aliis
1490 4700 1951 4770 praedicavissent,
1986 4704 2087 4772 ipsi

440 4840 445 4849 ,
514 4789 722 4858 reprobi
748 4788 1103 4858 efﬁcerentur.
1128 4790 1282 4845 Unde
1318 4791 1495 4860 capite
1534 4791 1662 4845 libri
1692 4792 1940 4847 eiusdem
1990 4792 2090 4847 XX

514 4896 637 4952 pag.
674 4881 775 4935 159
809 4883 1121 4951 exemplum
1161 4882 1324 4936 affert
1346 4884 1601 4938 monachi
1636 4895 1763 4954 post
1798 4886 1977 4939 visum
2032 4887 2089 4941 in

516 4985 676 5045 raptu
708 4962 1021 5045 paradisum
1049 4977 1207 5032 foede
1240 4978 1398 5047 lapsi.
1440 4978 1621 5045 Quare
1660 4982 1932 5050 capitibus
1973 4984 2089 5038 Vlll

514 5076 574 5123 et
614 5068 685 5122 IX
743 5071 941 5139 Opusc.
999 5071 1093 5126 Vll
1146 5087 1268 5143 pag.
1316 5072 1418 5127 152
1474 5082 1530 5127 et
1563 5074 1664 5128 155
1699 5074 2090 5144 perfectionem

513 5161 771 5215 omnibus
812 5163 1119 5218 absolutam
1154 5164 1403 5219 numeris
1434 5174 1491 5220 et
1516 5165 1733 5234 plenam
1780 5167 2090 5236 impeccan-

518 5251 647 5306 tiam
707 5251 914 5306 homini
957 5255 1164 5310 viventi
1196 5256 1516 5327 contingere
1570 5258 1650 5313 ait
1697 5273 1857 5327 posse
1912 5259 2089 5313 solum

513 5350 955 5398 momentaneam
1005 5345 1064 5399 in
1122 5356 1326 5415 puncto
1375 5357 1565 5419 raptus
1594 5359 1653 5404 et
1689 5350 1908 5415 ecstasi,
1966 5361 2090 5420 post

515 5451 657 5504 quae
680 5435 879 5490 iterum
915 5438 1246 5506 peccabilem
1273 5441 1352 5495 sic
1387 5457 1607 5510 passum
1650 5441 1835 5496 divina
1882 5443 2085 5497 nihilo-

516 5528 702 5582 minus
739 5545 860 5584 esse
919 5533 1265 5599 pronunciat.
1324 5532 1514 5601 Capite
1576 5544 1759 5589 autem
1824 5533 2087 5603 Opusculi

513 5620 763 5674 eiusdem
794 5622 888 5675 VII
935 5621 1260 5678 duodecimo
1303 5640 1424 5695 pag.
1461 5626 1560 5680 157
1589 5627 1725 5680 haec
1756 5643 1826 5680 no
1859 5626 1866 5695 Ι
1902 5626 2087 5681 tabilia

519 5709 675 5776 ponit
711 5714 878 5766 verba
921 5732 933 5766 :
969 5713 1216 5767 Nondum
1245 5724 1421 5769 autem
1460 5716 1775 5787 queinquam
1806 5718 1911 5772 vidi
1936 5717 2087 5772 Chri-

518 5796 749 5855 stianum
795 5804 1096 5873 perfectum,
1153 5815 1243 5859 aut
1302 5809 1445 5861 omni
1494 5825 1555 5861 ex
1619 5817 1770 5874 parte
1801 5811 1854 5863 in
1888 5820 2085 5880 tempus

2184 4706 2505 4763 dexteritate
2532 4709 2597 4762 ad
2625 4710 2929 4779 profectum
2952 4711 3176 4780 spiritus
3201 4710 3497 4780 promovit,
3524 4699 3751 4768 exemplo

2184 4814 2403 4869 semper
2426 4802 2680 4870 praeiens
2710 4802 2766 4855 in
2819 4803 2969 4857 omni
3004 4802 3282 4857 functione
3307 4799 3547 4872 religiosi
3581 4787 3747 4851 cilicii.

2185 4904 2297 4950 tam
2329 4895 2690 4949 excellentem
2723 4895 3043 4965 magistrum
3082 4895 3185 4948 sibi
3209 4894 3310 4948 visi
3339 4896 3451 4948 sint
3478 4888 3567 4944 tali
3594 4886 3748 4938 hono-

2187 5000 2310 5038 rare
2331 4984 2695 5054 appellatione
2720 4984 2997 5047 debuisse,
3020 4984 3315 5053 Evangelio
3332 4984 3495 5037 etiam
3519 4983 3740 5031 auctore,

2188 5077 2281 5130 ubi
2304 5077 2556 5147 legebant
2597 5077 2787 5132 Matth.
2834 5077 2896 5141 V,
2931 5077 2997 5130 19
3029 5095 3042 5129 :
3076 5075 3177 5140 Qui
3212 5076 3392 5145 fecerit
3422 5082 3469 5127 et
3513 5062 3740 5123 docuerit»

2182 5169 2268 5227 hic
2293 5185 2514 5239 magnus
2546 5169 2815 5222 vocabitur
2843 5169 2897 5221 in
2930 5184 3090 5238 regno
3119 5167 3405 5221 caelorum.

2255 5258 2462 5324 Altera,
2498 5260 2645 5330 quod
2698 5274 2823 5315 cum
2878 5258 3177 5313 Antonium
3229 5259 3469 5313 solerent
3510 5248 3738 5317 Magnum

2186 5350 2305 5406 sine
2334 5351 2521 5405 addito
2546 5365 2769 5415 vocare,
2810 5349 2947 5403 adeo
2974 5356 3036 5403 ut
3064 5348 3211 5403 istud
3241 5348 3548 5403 adiunctum
3572 5339 3621 5391 in
3646 5345 3731 5387 n0—

2185 5458 2309 5496 men
2336 5441 2440 5495 iam
2476 5442 2756 5511 proprium
2798 5442 3103 5511 migrasset,
3130 5450 3295 5510 prout
3335 5432 3641 5503 intelligitur
3676 5435 3733 5474 ex

2184 5548 2349 5602 supra
2386 5533 2626 5587 recitatis
2668 5514 2856 5587 Cfonii
2909 5531 3213 5602 presbyteri
3264 5530 3421 5609 apud
3462 5517 3728 5580 Palladium

2184 5625 2388 5690 verbis,
2428 5632 2485 5680 et
2522 5625 2818 5680 Macarium
2852 5624 3105 5677 viderent
3145 5638 3177 5676 e
3215 5623 3340 5677 sinu
3379 5610 3583 5675 Antonii
3621 5616 3731 5674 pm-

2185 5717 2429 5781 ductum,
2473 5716 2620 5772 vices
2643 5716 2763 5771 eius
2789 5716 2843 5769 in
2882 5716 3122 5784 ipsorum
3159 5714 3421 5784 regimine
3457 5708 3721 5797 gerentem.

2185 5818 2239 5864 ct
2276 5810 2330 5863 in
2379 5810 2525 5865 omni
2570 5808 2729 5864 laude
2777 5807 3148 5873 simillimum,
3196 5822 3429 5877 aequum
3468 5788 3719 5855 duxerint.
