4016 6444
271 407 366 466 δυ

1290 403 1382 460 AD
1417 401 1779 461 OPUSCULA
1814 403 1869 459 S.
1906 404 2194 462 MACARII
2234 405 2577 462 AEGYPTll.

3455 412 3564 468 542

273 529 390 594 post
419 519 657 576 Antonii
697 519 1026 592 praesertim
1064 527 1318 582 mortem,
1349 518 1542 574 eodem
1570 516 1868 572 Macarium
1899 525 1942 580 Α
1970 529 2162 574 octava
2191 536 2423 574 numero
2450 520 2678 591 ponitur
2713 519 2835 576 eius
2861 520 3050 589 oratio
3067 521 3328 592 inscripta
3355 525 3418 576 de
3443 540 3565 594 poe-

276 612 566 683 impertire
598 612 785 676 titulo,
833 626 943 680 quo
982 610 1196 664 Patrem
1241 618 1298 662 et
1340 624 1501 662 suum
1539 617 1862 662 cunctorqu

275 719 666 768 communem,
705 712 765 758 et
809 718 876 772 pe
908 703 918 771 l
947 701 1210 756 euliarem
1256 701 1448 771 ipsius'
1477 699 1865 769 exemplarque

271 799 640 868 archetypum
684 795 939 866 Magnum
975 793 1298 859 Antonium,
1337 793 1468 848 dum
1504 793 1738 856 viveret,
1768 791 1867 844 bo-

275 897 641 943 noraverant.

341 981 634 1034 Postrema
653 979 822 1033 huius
844 977 922 1032 rei
946 985 1030 1032 sat
1048 976 1366 1032 verisimilis
1388 991 1555 1030 causa
1577 972 1865 1060 est,quod,

270 1089 395 1128 cum
445 1072 560 1126 iam
588 1079 716 1138 tum
754 1069 897 1146 fama
939 1068 1201 1123 florerent
1241 1068 1352 1122 duo
1399 1067 1522 1131 alii,
1557 1066 1624 1120 de
1666 1065 1870 1134 quibus

270 1165 536 1235 superius
581 1171 668 1218 est
708 1162 941 1227 dictum,
987 1159 1235 1215 iuniores
1276 1158 1499 1214 Macarii
1537 1166 1595 1213 ct
1634 1157 1870 1212 diversis

271 1259 328 1312 in
357 1257 623 1328 partibus
655 1256 919 1324 degentes
945 1253 1242 1325 Aegyptius
1273 1261 1331 1308 et
1355 1250 1780 1316 Alexandrinus,
1809 1258 1872 1304 ut

269 1364 436 1403 suum
475 1347 847 1416 antiquiorem
870 1345 939 1400 ab
964 1345 1074 1400 illis
1098 1344 1518 1414 distinguerent,
1543 1341 1724 1412 Magni
1743 1356 1871 1395 eum

271 1437 691 1508 insigniendum
715 1435 961 1505 epitheto
982 1435 1297 1505 putaverint
1315 1433 1409 1503 qui
1436 1443 1568 1487 tunc
1587 1431 1866 1486 vivebant.

267 1532 432 1599 Quod
476 1531 691 1586 utinam
732 1528 1076 1584 constantius
1117 1527 1312 1582 fuisset
1353 1542 1384 1580 a
1414 1523 1651 1596 posteris
1685 1523 1875 1578 obser-

267 1633 499 1689 vatum;
532 1623 614 1677 sic
633 1621 783 1676 enim
821 1620 963 1675 foret
993 1619 1258 1674 damnosa
1287 1627 1345 1674 et
1373 1617 1661 1688 periniqua
1685 1614 1875 1670 confu-

266 1718 356 1772 sio
380 1717 583 1779 vitata,
608 1729 750 1784 quae
785 1711 1141 1768 veneratione
1167 1711 1391 1779 propria
1433 1712 1489 1765 in
1519 1710 1673 1764 fastis
1700 1708 1876 1764 eccle-

266 1809 519 1864 siasticis
561 1807 741 1864 Patris
777 1807 909 1860 olim
950 1803 1279 1859 sanctissimi
1314 1811 1371 1858 et
1407 1802 1726 1858 coelestium
1762 1816 1876 1855 mc-

267 1901 588 1957 rentissimi
638 1901 914 1955 honorum
961 1897 1216 1952 obrutam
1260 1894 1618 1966 ambiguitate
1669 1907 1877 1948 memo-

269 1993 415 2047 riam
443 1990 752 2055 fraudavit;
781 1998 843 2044 ut
864 2005 990 2045 cum
1020 1988 1139 2044 dies
1167 1989 1475 2059 assignatus
1498 1984 1878 2040 anniversario

271 2087 456 2142 cultui
484 2083 750 2155 proprius
776 2082 832 2136 in
852 2081 1254 2152 Martyrologiis
1274 2088 1332 2135 et
1352 2078 1672 2149 Menologiis
1693 2077 1876 2147 signe-

275 2189 370 2232 tur
415 2176 691 2248 Aegyptio
724 2181 782 2230 et
829 2173 1202 2228 Alexandrino
1246 2171 1532 2235 Macariis,
1575 2183 1880 2238 eorumque

283 2271 414 2325 Acta
457 2267 759 2338 separatim
808 2265 1080 2336 descripta
1122 2264 1392 2335 legantur,
1426 2264 1578 2318 solus
1603 2263 1881 2332 antiquior

291 2360 560 2416 ambobus
584 2366 641 2413 et
668 2366 867 2413 neutro
891 2357 1077 2411 minus
1109 2355 1342 2411 illustris
1364 2355 1634 2410 Macarius
1656 2355 1882 2425 Magnus

295 2452 670 2506 innominatus
698 2455 1097 2520 praetereatur.
1124 2447 1248 2511 Cui,
1279 2461 1461 2516 spero,
1511 2446 1882 2500 medebuutur

291 2544 642 2600 incommodo
708 2543 1140 2612 Antuerpienses
1200 2543 1407 2606 nostri,
1470 2556 1704 2610 quorum
1764 2541 1885 2594 laus

288 2653 440 2700 tanta
488 2651 577 2699 est
621 2643 675 2698 in
719 2643 872 2699 Actis
917 2643 1245 2698 Sanctorum
1287 2640 1643 2704 illustrandis,
1676 2640 1720 2694 si
1752 2655 1884 2709 pro-

284 2737 465 2806 priam
501 2736 789 2791 historiam
836 2735 980 2790 vitae
1030 2735 1244 2789 abbatis
1277 2733 1591 2802 Pispiritani
1633 2731 1882 2795 Macarii,

288 2831 360 2886 ab
403 2845 680 2902 anonymo
727 2829 933 2892 veteri,
971 2828 1063 2897 qui
1113 2825 1416 2881 Postbumii
1453 2825 1505 2879 ei
1543 2823 1887 2878 succedentis

289 2922 430 2979 Acta
467 2922 647 2977 literis
683 2921 940 2985 tradidit,
977 2930 1040 2974 ut
1086 2919 1200 2988 ipse
1237 2918 1461 2982 indicat,
1498 2917 1885 2986 compositam,

291 3013 545 3083 reperire
585 3012 786 3066 alicubi
827 3009 1127 3080 potuerint,
1162 3024 1289 3064 cum
1334 3007 1498 3063 tineis
1525 3006 1668 3061 forte
1708 3005 1889 3060 adhuc

292 3106 598 3176 blattisque
626 3106 947 3160 luctantem.

364 3196 436 3252 Χ.
488 3198 590 3251 Diu
623 3211 725 3250 nos
770 3194 948 3250 tenuit
989 3193 1280 3248 Macarius.
1328 3191 1550 3248 Utinam
1580 3189 1887 3261 transigere

291 3289 546 3346 velocius
589 3267 856 3358 queamus
893 3303 1034 3358 quae
1079 3285 1148 3341 de
1191 3285 1316 3340 aliis
1359 3283 1708 3354 sequentium
1741 3282 1888 3354 Opu-

293 3381 580 3437 sculorum
642 3379 962 3434 auctoribus
1008 3377 1323 3432 necessario
1383 3375 1680 3446 praefanda
1738 3374 1892 3429 vide-

293 3472 528 3528 buntur.
563 3472 779 3527 Nonum
814 3471 1153 3542 Opusculum
1184 3469 1441 3540 anonymi
1468 3478 1554 3525 est
1579 3468 1892 3524 collectoris

295 3566 696 3622 sententiarum
733 3565 976 3620 Patrum.
1012 3563 1188 3618 liuius
1230 3569 1466 3617 aetatem
1508 3562 1712 3631 prodit,
1743 3561 1891 3630 quod

301 3675 409 3712 non
451 3654 557 3708 nisi
599 3654 1108 3724 antiquissimorum
1155 3651 1380 3707 nomina
1423 3652 1622 3708 recitat
1666 3671 1678 3704 :
1725 3668 1890 3724 argu-

302 3759 515 3814 mento,
574 3764 702 3804 eum
757 3758 886 3803 ante
939 3748 1217 3818 posterius
1273 3747 1578 3802 celebrium
1646 3757 1892 3816 tempora

302 3841 517 3896 vixisse.
543 3841 882 3911 Opusculum
912 3840 960 3895 Χ
1003 3841 1309 3910 simplicem
1344 3838 1401 3892 in
1440 3854 1564 3894 meo
1596 3839 1891 3909 archetypo

300 3933 602 3988 Turrianeo
639 3933 830 3989 codice
864 3933 1210 4004 praeferebat
1235 3933 1453 3987 titulum
1486 3931 1703 4001 qualem
1734 3930 1890 3984 exhi-

296 4026 408 4080 beo
445 4043 457 4077 :
493 4023 550 4080 S.
581 4025 932 4097 Amphilochii
958 4027 1022 4079 de
1061 4043 1166 4079 non
1208 4023 1558 4095 desperando.
1593 4022 1749 4089 Quod
1781 4037 1890 4076 non

295 4119 361 4172 ﬁt
410 4117 502 4173 bic
551 4119 756 4173 mentio
794 4119 1095 4173 lconiensis
1147 4118 1527 4188 episcopatus,
1579 4117 1659 4170 uti
1713 4131 1892 4185 neque

293 4226 466 4280 supra
501 4210 556 4264 in
603 4210 763 4264 titulo
797 4210 818 4264 Ι
851 4209 1113 4280 Opusculi
1161 4210 1218 4265 S.
1264 4209 1460 4265 Joanui
1502 4208 1891 4279 Cbrysostomo

297 4302 495 4357 tributi
528 4303 666 4357 citra
702 4302 866 4356 ullam
909 4302 1056 4358 sedis
1097 4301 1736 4371 Constantinopolitanae
1780 4316 1892 4354 me-

298 4389 555 4454 moriam,
592 4389 793 4444 indicio
825 4398 931 4456 est,
963 4407 1104 4461 opus
1143 4401 1438 4460 utrumque
1480 4392 1548 4446 ab
1597 4393 1665 4446 iis
1718 4391 1893 4446 Patri-

298 4481 407 4536 bus
435 4480 602 4536 fuisse
631 4483 921 4553 scriptum,
945 4481 1075 4536 dum
1100 4482 1284 4537 adhuc
1306 4485 1504 4554 privati
1535 4485 1678 4538 inter
1704 4499 1890 4538 mona-

1966 613 2189 667 nitentia
2243 621 2292 666 et
2340 613 2480 683 quod
2530 629 2634 666 non
2681 614 2748 667 sit
2799 613 3225 684 desperandum,
3273 616 3414 669 duas
3460 616 3564 670 hoc

1964 705 2110 775 quod
2157 705 2352 761 damus
2389 722 2658 778 expansas
2705 707 2911 776 scripto
2958 709 3304 764 narrationes
3336 709 3564 763 totidem

1966 799 2124 868 plane
2151 800 2346 854 recitat
2374 800 2561 854 verbis
2605 800 2865 855 continua
2897 801 3040 855 serie
3081 802 3151 855 ab
3189 810 3434 856 extrema
3473 817 3566 870 pa-

1967 891 2092 960 gina
2117 891 2439 955 centesima,
2480 907 2620 961 quae
2654 891 2805 945 illius
2847 891 3115 946 orationis
3155 893 3231 945 ibi
3272 907 3415 946 nona
3457 900 3564 956 est,

1968 998 2144 1052 usque
2181 983 2249 1036 ad
2281 985 2636 1037 centesimam
2681 983 3084 1038 duodecimam.
3117 984 3188 1038 Et
3215 993 3350 1038 sunt-
3372 982 3565 1037 ambae

1971 1075 2093 1129 illae
2122 1075 2384 1128 historiae
2427 1074 2565 1128 adeo
2594 1074 2909 1143 inopinatae
2937 1089 3001 1128 ac
3033 1074 3226 1138 mirae,
3257 1083 3318 1127 ut
3349 1072 3566 1128 descri—

1970 1165 2122 1221 benti
2166 1164 2300 1218 mihi
2348 1163 2776 1219 sollicitudinem
2808 1172 3132 1228 moverent,
3176 1179 3246 1217 ne
3288 1178 3390 1233 pro
3435 1176 3568 1231 apo-

1970 1273 2067 1328 cry
2099 1256 2107 1327 |
2137 1257 2263 1326 phis
2312 1263 2369 1311 et
2416 1263 2622 1310 temere
2690 1255 2942 1311 conﬁctis
3002 1257 3386 1311 reiicerentur.
3446 1254 3568 1320 Quo

1971 1349 2153 1404 carius
2190 1349 2368 1404 habeo
2410 1348 2613 1402 muniri
2656 1363 2750 1402 eas
2786 1357 2896 1401 tam
2940 1347 3336 1418 irrefragabilis
3373 1356 3566 1400 aucto-

1972 1439 2048 1494 ris
2076 1438 2304 1494 minime
2336 1438 2507 1493 dubio
2531 1453 2634 1492 nec
2663 1439 2918 1507 cuiquam
2947 1438 3240 1493 recusabili
3281 1436 3562 1506 suffragio.

1972 1533 2114 1588 Puto
2159 1541 2345 1588 autem
2379 1532 2529 1586 hunc
2571 1531 3029 1588 commentarium
3071 1533 3140 1586 ab
3181 1530 3568 1600 Amphilochio

1975 1630 2156 1684 adhuc
2188 1629 2459 1684 monacho
2489 1637 2547 1683 et
2574 1627 2970 1682 monachorum
3001 1625 3316 1679 institutore
3347 1638 3570 1692 compo-

1975 1724 2163 1787 situm,
2195 1737 2264 1776 ex
2295 1736 2407 1791 quo
2440 1720 2586 1775 idem
2631 1727 2819 1789 postea
2853 1717 3155 1773 lconiensis
3202 1714 3460 1780 antistes,
3511 1714 3568 1768 in

1976 1815 2262 1870 occasione
2299 1811 2719 1885 praemuniendi
2777 1827 2940 1866 suum
2989 1809 3253 1880 populum
3303 1807 3570 1861 adversus

1905 1875 1948 1935 Β
1981 1909 2340 1962 teutationem
2373 1904 2795 1976 desperationis,
2833 1903 2944 1958 duo
2976 1904 3080 1958 ista
3113 1901 3363 1970 exempla
3386 1899 3572 1954 verbis

1977 2000 2139 2071 plane
2176 1981 2370 2053 iiSdem
2428 1996 2716 2061 retulerit,
2759 1997 2863 2050 alia
2918 1996 3075 2065 plura
3122 1993 3384 2046 omittens
3429 2007 3571 2061 quae

1979 2091 2265 2148 monachis
2317 2091 2451 2145 alias
2509 2090 2738 2158 allegata
2778 2087 3016 2150 utiliter,
3051 2084 3429 2140 saecularibus
3477 2083 3574 2137 do-

1979 2183 2170 2240 cendis
2188 2182 2373 2238 minus
2396 2191 2706 2252 opportuna
2729 2180 3074 2235 viderentur.

2051 2276 2142 2330 Xl.
2176 2274 2512 2345 Opusculum
2541 2273 2897 2328 undecimum
2933 2269 3190 2340 equidem
3233 2267 3456 2339 plurimi
3499 2264 3579 2319 fa-

1981 2369 2068 2425 cio
2094 2375 2319 2439 propter
2338 2365 2773 2421 efllorescentem
2803 2363 2859 2417 in
2892 2363 2987 2417 illo
3014 2362 3305 2432 genuinam
3334 2357 3575 2412 indolem

1981 2476 2113 2515 vere
2139 2459 2504 2514 asceticorum
2546 2472 2830 2520 sensuum,
2859 2463 2917 2509 et
2947 2454 3220 2524 quendam
3254 2451 3578 2505 suavissime

1983 2554 2316 2624 fragrantem
2343 2567 2410 2605 ex
2434 2549 2614 2613 uberi,
2634 2564 2741 2619 qua
2763 2549 2982 2618 penitus
3005 2546 3292 2607 imbuitur,
3315 2543 3579 2597 unctione

1985 2646 2211 2715 spiritus
2255 2644 2508 2697 heroicae
2549 2642 2946 2695 sanctimoniae
2976 2639 3224 2692 odorem.
3256 2636 3478 2691 Nullum
3514 2634 3582 2687 li—

1985 2736 2207 2791 bentius
2235 2733 2523 2803 exscripsi,
2545 2733 2600 2786 in
2623 2733 2780 2786 nullo
2811 2729 3228 2800 interpretando
3259 2736 3470 2781 tantum
3500 2726 3583 2778 in-

1987 2830 2151 2884 timae
2181 2827 2493 2884 dulcedinis
2525 2841 2646 2880 sum
2680 2836 2960 2894 expertus.
3010 2823 3130 2890 Quo
3169 2821 3305 2876 mihi
3348 2829 3580 2874 conten-

1987 2922 2228 2976 dendum
2268 2919 2484 2974 enixius
2523 2917 2688 2972 statui
2735 2916 2803 2970 ad
2850 2917 2972 2986 ejus
3011 2925 3227 2984 tempus
3273 2920 3585 2965 auctorem-

1987 3031 2116 3084 que,
2152 3013 2554 3085 ignotissimum
2583 3019 2904 3079 utrumque,
2933 3007 3180 3078 vestigiis
3213 3003 3470 3059 omnibus
3501 3002 3583 3056 in-

1989 3104 2322 3174 dagandum.

1913 3220 1957 3278 ο
2061 3195 2319 3251 Continet
2361 3194 2417 3250 id
2461 3193 2700 3264 alloquia
2729 3189 3144 3263 quatuordecim
3197 3187 3380 3244 studio
3428 3184 3586 3240 audi-

1993 3290 2127 3345 toris
2161 3290 2220 3345 in
2247 3290 2434 3344 literas
2471 3289 2657 3352 missa,
2690 3294 2857 3356 prout
2884 3294 3110 3353 excepta
3141 3283 3360 3336 fuerant
3392 3294 3459 3333 ex
3487 3293 3585 3333 ore

1992 3385 2140 3438 senis
2163 3382 2467 3452 cuiuspiam
2495 3380 2811 3452 grandaevi,
2850 3378 3012 3447 longo
3045 3393 3149 3430 usu
3181 3375 3326 3430 vitae
3367 3371 3584 3442 religio-

1991 3493 2082 3532 sae
2115 3492 2214 3546 per
2251 3490 2444 3530 omnes
2480 3471 2837 3543 perfectionis
2875 3469 3236 3540 Evangelicae
3273 3465 3476 3538 gradus
3518 3463 3587 3517 ad

1992 3571 2203 3641 apicem
2245 3569 2422 3623 evecti
2487 3565 2826 3630 sanctitatis,
2884 3573 3147 3634 quantam
3194 3560 3341 3631 capit
3388 3558 3589 3614 divinis

1990 3665 2177 3719 adiuta
2218 3660 2505 3717 beneficiis
2548 3660 2787 3714 humana
2828 3657 3156 3711 mortalitas.
3204 3653 3586 3723 Alloquiorum

1990 3762 2182 3811 auctor
2221 3751 2541 3806 nominatur
2583 3750 2782 3804 beatus
2825 3747 2997 3801 abbas
3046 3745 3314 3799 Zosimas.
3369 3744 3447 3798 De
3488 3757 3587 3796 ex-

1989 3853 2214 3914 ceptore
2240 3850 2453 3898 tantum
2490 3841 2764 3916 innuitur,
2794 3839 2962 3894 fuisse
3003 3837 3159 3892 illum
3194 3853 3264 3891 ex
3295 3836 3417 3890 eius
3455 3833 3590 3888 assi-

1991 3939 2115 3994 duis
2144 3936 2493 3992 auditoribus
2525 3950 2717 3999 uuum,
2745 3932 3122 3988 verisimiliter
3150 3929 3395 3984 sodalem
3440 3929 3591 3982 eius-

1991 4032 2117 4088 dem
2153 4031 2208 4085 in
2247 4045 2358 4101 quo
2389 4028 2624 4099 degebat
2649 4026 2896 4081 Zosimas
2937 4023 3211 4079 eoenobii.
3247 4021 3350 4076 Diu
3392 4019 3460 4074 de
3504 4019 3591 4074 bis

1990 4133 2046 4180 et
2081 4123 2313 4178 sollicite
2352 4119 2683 4192 disquirenti
2727 4118 2864 4172 mihi
2910 4133 2975 4172 ea
3021 4115 3241 4171 tandem
3286 4112 3430 4168 sedit
3467 4128 3590 4166 scn-

1993 4216 2182 4278 tentia,
2209 4213 2447 4269 eundem
2483 4213 2651 4267 istum
2687 4226 2808 4266 esse
2848 4209 3122 4263 Zosimam
3157 4221 3280 4260 cum
3319 4203 3412 4257 illo
3440 4203 3588 4257 cele-

1991 4308 2306 4365 bratissima
2335 4307 2605 4362 divinitus
2645 4305 2845 4368 electo,
2890 4311 2953 4356 ut
2994 4308 3214 4356 sanctae
3255 4297 3592 4368 paenitentis

1991 4402 2190 4456 Mariae
2221 4400 2518 4472 Aegyptiae
2539 4439 2554 4463 ,
2592 4414 2687 4452 seu
2710 4439 2724 4463 ,
2757 4404 2818 4450 ut
2860 4395 3024 4465 vulgo
3055 4394 3358 4463 loquuntur
3378 4431 3392 4455 ,
3421 4390 3591 4461 Aegy-

1991 4495 2225 4564 ptiacae,
2264 4500 2321 4547 et
2370 4499 2726 4561 cognosceret
2786 4488 2954 4542 vitam
3003 4495 3058 4540 et
3118 4486 3286 4539 funus
3349 4491 3586 4536 curaret.

299 4575 438 4629 chos
462 4575 727 4638 viverent,
756 4585 1048 4645 antequam
1067 4576 1122 4629 in
1149 4576 1378 4632 thronos
1397 4587 1882 4647 promovereutur;
1921 4575 1960 4628 Ι)
1993 4585 2180 4638 Exstat
2228 4583 2297 4637 de
2339 4582 2428 4637 his
2465 4579 2897 4636 commentarius
2950 4579 3112 4632 οηιηί,
3150 4578 3256 4633 ﬁde
3320 4579 3588 4640 ﬁrmatus,

300 4684 443 4738 quae
477 4669 763 4723 amborum
802 4670 925 4724 talis
973 4669 1239 4738 temporis
1279 4681 1336 4725 et
1380 4672 1690 4740 argumenti
1733 4671 1890 4724 lucu-

302 4761 588 4816 brationes
614 4763 671 4817 in
695 4763 1090 4817 monachorum
1118 4763 1404 4818 tabulariis
1424 4763 1649 4818 relictae
1665 4763 1888 4827 fuerint,

303 4862 566 4923 tanquam
586 4854 653 4908 iis
666 4855 798 4909 solis
809 4857 1270 4911 accommodatae.
1289 4856 1436 4919 Scio,
1456 4872 1565 4910 non
1589 4872 1758 4910 unum
1771 4871 1893 4910 esse

304 4946 362 5000 in
397 4947 621 5017 antiqua
641 4947 1022 5004 Ecclesiastica
1043 4948 1308 5004 memoria
1328 4949 1601 5004 celebrem
1616 4949 1897 5018 Amphilo—

304 5039 526 5103 chium;
557 5049 736 5094 tamen
767 5041 950 5106 huius,
975 5058 1141 5112 quem
1184 5042 1276 5096 hic
1315 5041 1552 5105 edimus,
1591 5041 1761 5095 libelli
1803 5056 1897 5095 vc—

307 5123 432 5184 rum
461 5130 628 5185 fuisse
655 5139 863 5200 patrem
899 5134 1340 5204 antiquissimum
1371 5135 1523 5187 illum
1558 5133 1807 5188 doctrina
1841 5140 1899 5186 et

310 5225 672 5280 sanctimonia
705 5227 813 5281 late
852 5229 1137 5300 inclytum,
1167 5244 1233 5282 ex
1264 5229 1532 5283 monacho
1561 5229 1898 5282 lconiensem

314 5317 630 5387 episcopum
662 5318 1101 5388 Amphilochium
1121 5362 1135 5386 ,
1177 5337 1208 5375 a
1239 5320 1335 5376 SS.
1363 5321 1592 5385 Basilio,
1635 5319 1900 5390 Gregorio

313 5407 689 5474 Nazianzeno,
740 5410 1071 5482 Hieronymo
1127 5412 1427 5480 multisque
1481 5410 1604 5465 aliis
1651 5420 1900 5464 veterum

313 5501 600 5570 magniﬁce
624 5502 928 5567 laudatum,
953 5503 1110 5558 cuius
1146 5504 1203 5556 in
1239 5503 1625 5573 Martyrologio
1654 5503 1902 5557 Romano

312 5593 384 5648 ad
410 5592 555 5647 diem
594 5593 666 5647 IX
691 5595 808 5648 Kal.
835 5595 988 5658 Dec.,
1027 5595 1082 5648 iu
1113 5595 1338 5650 Graecis
1357 5595 1562 5649 Meueis
1591 5595 1784 5650 eodem
1813 5595 1902 5650 die

313 5683 601 5752 splendida
629 5685 807 5756 elegia
835 5685 1111 5755 leguntur,
1148 5685 1434 5740 manifeste
1465 5695 1678 5740 constat
1705 5703 1770 5741 ex
1813 5702 1900 5752 eo,

313 5776 463 5846 quod
491 5777 544 5830 in
570 5777 830 5847 operibus
851 5777 1098 5832 eiusdem
1138 5779 1193 5832 S.
1227 5780 1402 5833 Patris
1432 5788 1556 5834 ante
1588 5779 1687 5834 bos
1731 5795 1905 5834 annos

316 5868 409 5926 XL
455 5887 652 5943 graece
701 5871 864 5926 simul
917 5870 1194 5940 latinequc
1243 5872 1463 5928 Parisiis
1515 5873 1706 5938 editis,
1763 5889 1905 5942 quae

1995 4693 2107 4731 non
2172 4675 2486 4746 Sophronii,
2540 4684 2600 4729 ut
2645 4687 2934 4743 perperam
2995 4671 3316 4725 inscribitur
3368 4687 3397 4724 a
3445 4668 3588 4723 mul-

1997 4768 2097 4833 tis,
2152 4766 2300 4836 quod
2351 4765 2570 4828 invictis
2623 4761 2958 4832 argumentis
3014 4759 3332 4814 confutatur
3389 4757 3456 4810 ab
3509 4755 3593 4809 ul-

2000 4861 2132 4914 timo
2165 4859 2288 4914 eius
2325 4857 2514 4928 scripti
2541 4856 2774 4920 editore,
2815 4861 3006 4907 nostro
3048 4851 3273 4906 Daniele
3312 4849 3591 4917 Papebro-

1998 4951 2124 5005 chio
2154 4949 2309 5004 Tom.
2356 4949 2376 5002 l
2423 4946 2625 5017 Aprilis
2665 4961 2786 5015 pag.
2829 4944 2926 5008 69,
2964 4941 3061 4996 sed
3107 4938 3363 5009 anonymi
3398 4952 3590 4991 mona-

1998 5045 2087 5098 cbi
2127 5041 2379 5098 coenebii
2418 5056 2589 5111 prope
2623 5037 2920 5092 .lordanem
2961 5035 3073 5100 siti,
3117 5033 3174 5087 in
3204 5046 3313 5100 quo
3347 5029 3593 5083 Zosimas

2001 5117 2222 5191 ultimos
2269 5150 2400 5190 suae
2448 5133 2593 5186 vitae
2652 5144 2826 5184 annos
2884 5127 3093 5197 exegit,
3136 5133 3304 5195 prout
3350 5123 3465 5193 ipse
3511 5122 3593 5175 in-

2001 5229 2123 5283 nuit
2183 5236 2377 5282 auctor
2400 5225 2480 5280 sic
2539 5221 2788 5277 scribens
2852 5219 2957 5274 sub
3029 5217 3193 5272 ﬁnem
3259 5215 3594 5270 narrationis

1979 5331 2166 5385 "suae,
2218 5325 2507 5389 postquam
2555 5314 2865 5378 docuisset,
2912 5326 3194 5366 reversum
3229 5325 3258 5362 a
3289 5308 3346 5363 S.
3391 5305 3594 5361 Mariae

2002 5413 2362 5484 Aegyptiacae
2390 5410 2582 5464 funere
2611 5407 2884 5462 Zosimam
2923 5420 3064 5475 quae
3099 5402 3311 5457 viderat
3351 5409 3407 5454 et
3433 5399 3592 5452 audi-

2003 5514 2158 5560 verat
2193 5519 2354 5574 saepe
2383 5502 2677 5557 retulisse:
2713 5498 3129 5554 Perseverarunt
3153 5504 3329 5549 autem
3353 5494 3595 5546 monachi

2006 5599 2153 5670 [post
2191 5596 2440 5651 Zosimae
2477 5593 2734 5649 videlicet
2776 5590 3020 5661 obitum]
3041 5591 3169 5643 haec
3209 5587 3327 5658 ipsa
3359 5603 3452 5656 per
3486 5595 3598 5638 tra-

2006 5691 2257 5744 ditionem
2278 5689 2530 5742 discentes
2563 5693 2722 5756 atque
2748 5685 2817 5739 ad
2846 5683 3132 5736 communis
3163 5678 3407 5732 utilitatis
3438 5695 3598 5748 argu-

2009 5789 2242 5834 mentum
2277 5784 2624 5850 proponentes
2664 5775 2851 5828 audire
2883 5770 3193 5833 volentibus,
3223 5768 3314 5822 sed
3350 5785 3453 5821 non
3491 5784 3594 5820 au-

2010 5875 2111 5928 divi
2163 5888 2476 5934 auenmuam
2519 5871 2710 5937 scripto
2756 5869 2990 5935 signasse
3050 5865 3431 5918 narrationem.
3487 5861 3597 5930 Ego
