4016 6464
496 416 603 473 345

1588 406 1794 462 PETRI
1832 404 2093 461 POSSINI
2131 405 2642 463 PROLEGOMENA

3677 412 3782 473 344

496 550 617 588 vero
650 548 788 604 quae
820 533 953 585 citra
999 530 1316 599 scripturam
1346 524 1595 594 comperi,
1629 536 1723 592 per
1761 520 1942 574 literas
1981 536 2075 571 cu-
2104 524 2152 582 Α
2180 521 2519 593 returrUtut
2538 521 2605 575 de
2632 521 2701 576 iis
2732 522 2823 588 sit,
2850 529 3065 577 certum
3084 523 3325 589 videtur,
3350 532 3489 594 post
3514 518 3784 585 Iudaeam

497 628 612 681 ravi
643 635 771 679 nota
801 625 993 693 facere.
1021 622 1223 678 Indicia
1252 615 1379 673 hinc
1409 632 1699 685 exsequar,
1736 614 1937 684 quibus
1965 628 2080 667 mo-

498 733 629 773 veor
668 717 737 772 ad
769 714 1129 787 opinandum,
1163 714 1358 766 horum
1390 717 1671 765 auctorem
1701 706 2081 775 Alloquiorum

496 808 769 862 Zosimam
798 824 911 863 non
942 807 1110 861 alium
1142 820 1262 858 esse
1292 802 1360 856 ab
1393 818 1479 864 eo,
1510 799 1599 855 cui
1630 798 1754 852 testi
1789 797 1950 852 unico
1974 796 2083 850 Ma-

499 895 613 949 riae
642 895 1003 967 Aegyptiacae
1036 894 1285 949 notitiam
1317 891 1481 945 debet
1507 889 1771 952 Ecclesia,
1802 888 1944 942 sicut
1970 888 2081 941 An-

501 988 654 1041 tonio
688 988 839 1041 Pauli
871 988 1029 1056 primi
1059 985 1339 1040 eremitae.

571 1078 812 1133 Primum
839 1098 857 1133 :
894 1080 1139 1133 detector
1178 1077 1514 1131 latebrarum
1562 1072 1919 1144 Aegyptiacae
1968 1072 2082 1126 Ma-

501 1171 619 1225 riae
649 1171 914 1234 Zosimas,
963 1187 995 1225 a
1040 1186 1211 1240 puero
1263 1168 1496 1222 traditus
1540 1167 1875 1221 monasticae
1922 1165 2084 1220 disci-

503 1262 685 1330 plinae
719 1262 773 1315 in
796 1262 1031 1331 quodam
1056 1260 1323 1315 coenobio
1342 1259 1705 1322 Palaestinae,
1733 1258 1789 1311 in
1810 1273 1877 1313 eo
1898 1257 2086 1311 lauda-

504 1352 715 1407 tissime
754 1353 920 1407 vitam
956 1353 1245 1407 asceticam
1284 1350 1530 1405 exercuit
1569 1365 1667 1419 per
1707 1364 1880 1402 annos
1919 1362 2085 1417 supra

505 1442 921 1512 quinquaginta,
977 1452 1207 1497 testante
1264 1442 1320 1497 id
1366 1442 1505 1512 ipso,
1552 1442 1709 1511 cujus
1749 1440 1886 1495 haec
1917 1439 2085 1494 verba

502 1545 807 1603 anonymus
824 1534 1125 1589 monachus
1152 1532 1414 1587 exscribit
1435 1547 1588 1586 num.
1611 1531 1645 1585 '5
1666 1547 1798 1587 suae
1820 1532 2087 1587 narratio-

506 1626 632 1679 nis:
679 1625 894 1679 Dicebat
946 1634 1125 1679 autem
1168 1626 1277 1695 ipse
1328 1624 1391 1676 de
1435 1639 1491 1677 se
1532 1622 1792 1687 Zosimas,
1838 1624 1975 1693 quod
2021 1624 2086 1677 ab

506 1716 668 1780 ulnis,
708 1726 766 1770 ut
798 1720 874 1771 sic
905 1718 1113 1788 loquar,
1150 1720 1383 1788 paternis
1430 1718 1486 1771 in
1532 1717 1909 1769 monasterium
1949 1716 2088 1769 istud

504 1807 698 1873 datus,
747 1824 842 1878 per
895 1826 1062 1862 annos
1100 1808 1486 1878 quinquaginta
1538 1814 1642 1859 tres
1686 1808 1743 1859 in
1800 1807 2087 1861 monastico

504 1915 666 1952 cursu
709 1902 1077 1969 perseveravit.
1112 1899 1122 1970 |
1154 1899 1541 1954 Monasterium
1584 1912 1751 1967 porro
1799 1897 1974 1963 istud,
2030 1908 2091 1953 ut

510 1988 671 2044 initio
700 1992 1031 2046 narrationis
1053 1992 1198 2045 clare
1220 1991 1441 2055 dicitur,
1468 1990 1565 2059 fuit
1591 2005 1755 2042 unum
1783 2005 1848 2043 ea:
1870 1990 1933 2043 iis
1957 2006 2091 2060 quae

508 2098 605 2150 per
643 2081 1011 2137 Palaestinam
1043 2091 1166 2137 sunt
1200 2084 1550 2136 monasteriis.
1588 2081 1753 2151 Atqui
1789 2081 1925 2136 haec
1947 2082 2093 2137 Allo-

509 2173 639 2243 quia
666 2173 786 2227 eius
822 2182 970 2237 sunt,
1002 2174 1095 2244 qui
1142 2175 1198 2227 in
1241 2174 1546 2228 Palaestina
1580 2174 1780 2230 vixerit
1805 2182 1862 2229 et
1896 2189 2093 2229 conse-

510 2260 716 2324 nuerit,
752 2277 853 2315 nec
880 2261 1039 2316 aliam
1068 2262 1361 2317 admodum
1390 2263 1538 2316 orbis
1569 2273 1801 2333 partem,
1828 2273 2094 2334 quantum

505 2361 577 2403 ex
605 2352 725 2405 eius
760 2352 940 2406 verbis
968 2352 1311 2423 intelligitur,
1345 2352 1654 2408 incoluerit.
1680 2354 1817 2408 Nam
1842 2354 2096 2423 Alloquio

516 2443 579 2496 γι
612 2443 747 2498 haec
782 2444 1028 2514 loquitur
1053 2462 1065 2497 :
1090 2444 1201 2499 Iter
1230 2445 1513 2516 agebamus
1557 2462 1649 2516 ego
1680 2454 1729 2500 et
1767 2446 1935 2517 frater
1962 2464 2097 2502 unus

514 2535 598 2589 via
628 2534 988 2607 Neapolitana
1034 2554 1152 2591 cum
1191 2538 1501 2608 quibusdam
1537 2538 1918 2604 saecularibus,
1950 2542 2097 2594 veni-

514 2641 730 2695 musque
765 2627 834 2679 ad
873 2626 1043 2680 locum
1084 2627 1169 2681 ubi
1215 2636 1331 2681 erat
1371 2628 1621 2683 telonium
1664 2638 1771 2684 cet.
1808 2629 1936 2684 Fuit
1966 2630 2099 2684 olim

512 2713 769 2784 Neapolis
795 2716 1154 2771 celeberrima
1185 2718 1523 2773 Palaestinae
1552 2719 1766 2784 civitas,
1794 2727 1933 2775 teste
1957 2720 2100 2774 inter

512 2806 832 2862 innumeros
857 2808 992 2863 alios
1043 2808 1241 2875 Plinio,
1299 2810 1459 2864 cuius
1496 2810 1633 2865 haec
1670 2810 1767 2865 lib.
1793 2812 1837 2867 ν
1870 2828 1990 2883 cap.
2032 2812 2100 2867 l5

513 2899 681 2953 verba
711 2909 842 2954 sunt
884 2918 897 2953 :
948 2899 1232 2957 Samariae
1268 2903 1462 2973 Oppida
1500 2903 1783 2975 Neapolis,
1817 2905 1955 2975 quod
1986 2905 2103 2959 Ma-

516 3000 689 3044 morta
738 2991 1010 3045 dicebatur
1051 3002 1156 3047 cet.
1190 2994 1393 3048 lterum
1419 2995 1673 3065 Alloquio
1710 2996 1759 3051 Χ
1788 2996 1924 3053 dicit
1951 2997 2103 3053 Zosi-

514 3096 631 3134 mas
663 3098 675 3134 :
710 3080 843 3135 Cum
881 3098 1042 3136 essent
1079 3084 1134 3136 in
1177 3088 1498 3139 monasterio
1531 3086 1666 3155 quod
1701 3095 1778 3140 est
1822 3088 1966 3157 apud
2000 3087 2101 3159 Ty-

2180 608 2417 664 deletam
2460 612 2655 681 primis
2702 612 2981 668 Ecclesiae
3029 615 3282 680 saeculis,
3319 623 3386 669 et
3444 615 3519 670 IV
3558 619 3785 686 potissi-

2180 717 2354 768 mum,
2379 718 2490 773 quo
2522 704 2768 759 Zosimas
2790 705 3029 771 vivebat,
3065 716 3128 761 ut
3153 706 3554 772 ostendemus,
3580 707 3783 779 Tyrum

2182 794 2484 850 Palaestina
2508 795 2675 851 fuisse
2699 798 3169 867 comprehensam.
3192 792 3405 853 Herodi
3428 813 3570 853 sane
3598 799 3789 871 Agrip-

2182 903 2320 956 pae,
2370 889 2555 957 nepoti
2616 889 2849 945 Herodis
2905 891 3122 961 Magni,
3180 906 3305 945 cum
3368 890 3486 946 sub
3552 890 3788 948 Caesare

2181 978 2412 1034 Claudio
2442 990 2660 1051 pareret
2697 982 2932 1036 maxima
2954 983 3194 1038 Judaeae
3228 998 3385 1053 pars,
3419 991 3487 1037 ut
3509 984 3679 1039 docet
3697 985 3787 1039 Jo-

2182 1071 2387 1140 sepbus
2435 1072 2534 1127 lib.
2602 1072 2726 1128 XIX
2770 1073 2981 1144 Antiq.,
3049 1075 3329 1146 subjectos
3366 1075 3554 1130 fuisse
3600 1076 3790 1147 Tyrios

2183 1169 2241 1216 et
2294 1163 2565 1234 Sydonios
2626 1164 2836 1220 indicat
2880 1166 2935 1219 S.
2974 1166 3151 1220 Lucas
3196 1166 3478 1219 Actorum
3532 1164 3654 1229 ΧΠ,
3700 1166 3786 1220 20.

2183 1253 2333 1321 Quae
2362 1270 2483 1310 cum
2518 1257 2591 1311 ita
2625 1259 2737 1312 sint
2765 1258 2969 1321 omnia,
3006 1272 3104 1312 cur
3128 1257 3409 1312 alllrmare
3440 1257 3789 1320 dubitemus,

2185 1348 2600 1414 monasterium,
2624 1348 2773 1418 quod
2801 1349 2945 1419 apud
2981 1348 3185 1421 Tyrum
3211 1349 3410 1414 fuerit,
3449 1365 3590 1405 vere
3626 1351 3789 1404 situm

2188 1437 2245 1491 in
2274 1438 2579 1493 Palaestina
2604 1440 2715 1495 dici
2742 1440 3030 1510 potuisse?
3068 1440 3318 1495 Meminit
3355 1449 3665 1510 praeterea
3696 1439 3791 1493 Zo-

2188 1529 2356 1583 simas
2387 1529 2441 1583 in
2462 1531 2701 1599 quodam
2741 1532 2996 1601 Alloquio
3024 1533 3437 1603 campestrium,
3471 1529 3576 1584 ubi
3618 1532 3697 1583 ait
3736 1546 3788 1584 se

2188 1620 2381 1676 fuisse.
2404 1620 2557 1687 Quae
2591 1614 2729 1679 haec
2757 1624 3096 1694 campestria,
3137 1623 3245 1678 nisi
3282 1637 3535 1691 campus
3565 1635 3790 1690 magnus

2187 1712 2462 1769 Galilaeae
2498 1723 2556 1770 et
2603 1716 2869 1771 latissima
2903 1716 2993 1771 illa
3038 1716 3297 1786 planities
3346 1724 3469 1769 tam
3507 1728 3679 1783 saepe
3736 1714 3787 1766 in

2192 1804 2494 1876 Scripturis
2523 1808 2863 1863 memorata?
2886 1808 3033 1862 Alibi
3057 1808 3153 1872 ait,
3177 1822 3237 1861 se
3272 1803 3695 1875 Hierosolymis
3715 1802 3792 1855 di-

2193 1907 2494 1964 versatum,
2543 1900 2697 1965 alias,
2737 1900 3030 1969 quemdam
3082 1914 3142 1954 se
3192 1898 3409 1952 vidisse
3448 1896 3784 1957 Caesareae;

2192 1991 2311 2045 loca
2340 1991 2474 2046 haec
2492 1991 2676 2045 omnia
2698 1991 3019 2045 Palestinae.
3057 1989 3302 2059 Denique
3333 1987 3510 2041 initio
3553 1984 3790 2054 Alloquii

2192 2079 2311 2136 XIII
2370 2081 2580 2136 lauram
2622 2081 2836 2136 abbatis
2886 2080 3154 2136 Gerasimi
3201 2087 3486 2134 memorat
3536 2086 3787 2146 tanquam

2193 2170 2432 2225 vicinam
2460 2171 2582 2226 loco
2606 2171 2663 2226 in
2691 2187 2801 2242 quo
2825 2180 2956 2226 tunc
2973 2171 3219 2225 Zosimas
3261 2169 3548 2239 degebat;
3591 2182 3788 2221 coeno-

2194 2263 2289 2318 bio
2306 2279 2500 2333 nempe
2523 2278 2693 2334 prope
2713 2263 3028 2327 Jordanem,
3070 2278 3179 2332 quo
3216 2277 3285 2317 ex
3318 2260 3501 2331 Tyrio
3530 2260 3768 2329 migrare

2196 2364 2281 2410 rat
2298 2374 2310 2409 :
2327 2354 2496 2411 fuisse
2508 2363 2691 2410 autem
2712 2356 2922 2409 lauram
2936 2370 3155 2424 quoque
3174 2354 3288 2408 sive
3306 2360 3578 2406 monaste
3611 2350 3620 2419 |
3655 2348 3788 2401 rium

2196 2448 2464 2505 Gerasimi
2522 2448 2892 2519 propinquum
2934 2446 3199 2511 Jordani,
3251 2445 3412 2499 clare
3467 2442 3637 2497 docet
3686 2440 3789 2492 Mo-

2197 2540 2364 2594 scbus
2382 2554 2500 2609 cap.
2526 2539 2662 2595 CVII
2693 2539 2839 2594 Prati
2866 2539 2947 2595 sic
2972 2539 3218 2594 scribens
3245 2555 3259 2592 :
3290 2554 3405 2590 uno
3454 2536 3567 2605 fere
3596 2532 3785 2586 millia-

2199 2636 2280 2688 ria
2314 2634 2477 2688 distat
2522 2650 2556 2687 a
2598 2632 2834 2687 Iordane
2856 2632 3239 2685 monasterium
3268 2628 3419 2700 quod
3469 2626 3677 2680 abbatis
3700 2622 3787 2677 Ge-

2199 2726 2384 2779 rasimi
2409 2710 2621 2778 dicitur.
2656 2723 2737 2777 Ex
2766 2722 2854 2778 his
2896 2721 3207 2785 conﬁcitur,
3227 2726 3339 2776 uim
3381 2720 3667 2773 Zosimam
3699 2715 3783 2768 Al-

2200 2817 2512 2887 loquiorum
2570 2823 2890 2877 auctorem,
2953 2828 3117 2883 quam
3175 2820 3534 2883 repertorem
3598 2808 3784 2863 Mariae

2200 2909 2560 2980 Aegyptiacae
2582 2910 2639 2964 in
2670 2910 2977 2965 Palaestina
3010 2907 3232 2963 vixisse.

2271 3003 2386 3059 XII.
2425 3002 2692 3058 Secundus
2712 3010 2797 3058 est
2828 3004 3115 3057 character
3144 2996 3467 3053 identitatis
3505 2993 3782 3061 utriusque

2202 3096 2473 3161 Zosimae,
2506 3096 2702 3167 genius
2724 3094 3011 3149 amborum
3043 3108 3187 3147 unus
3215 3106 3278 3144 ac
3323 3104 3540 3144 mores.
3576 3086 3782 3140 Relator

515 3184 652 3223 rum.
686 3170 781 3225 Est
810 3172 1032 3241 quidem
1064 3173 1242 3244 Tyrus
1267 3174 1597 3230 Phoeniciae
1620 3176 1777 3241 urbs,
1809 3178 1903 3233 sed
1938 3194 2099 3248 quae,
2129 3218 2173 3276 Ω
2203 3187 2466 3243 Actorum
2489 3188 2708 3252 Mariae,
2730 3186 2879 3256 quod
2913 3201 2943 3241 θ
2966 3185 3174 3255 scripto
3216 3181 3486 3253 anonymi
3540 3171 3781 3233 monachi

522 3264 601 3318 nti
648 3270 707 3316 et
744 3260 949 3326 Sidon,
998 3274 1223 3333 propter
1258 3265 1725 3334 propinquitatem
1766 3267 2103 3324 Palaestinae

517 3353 909 3408 contribuitur.
946 3355 1205 3409 Hodierni
1239 3357 1533 3427 geographi
1573 3358 1935 3414 Palaestinam
1969 3360 2105 3415 duo-

518 3442 696 3497 decim
719 3444 1146 3500 lsraeliticarum
1174 3446 1417 3501 tribuum
1446 3448 1782 3504 habitatione
1812 3448 2101 3514 deﬁniunt,

522 3550 627 3588 nec
652 3550 776 3588 cum
806 3535 1017 3590 Veteris
1047 3552 1149 3591 nec
1177 3552 1302 3591 cum
1338 3537 1473 3592 Novi
1500 3537 1833 3592 Testamenti
1864 3538 2106 3594 historiis

519 3625 950 3680 consentientes.
998 3625 1133 3680 Nam
1179 3642 1274 3681 rex
1318 3626 1609 3682 duodecim
1664 3628 1906 3682 tribuum
1954 3627 2103 3692 Saul,

524 3723 584 3768 ut
609 3730 677 3768 ex
706 3714 725 3769 l
760 3715 967 3786 Regum
995 3726 1165 3787 patet,
1197 3726 1252 3771 et
1297 3717 1391 3787 qui
1432 3717 1485 3772 ei
1514 3720 1779 3775 successit
1812 3719 2003 3785 David,
2046 3730 2107 3775 ut

521 3822 592 3862 ex
636 3806 702 3872 ll,
747 3807 987 3878 itemque
1034 3823 1102 3863 ex
1142 3808 1162 3861 Ι
1196 3809 1429 3879 Paralip.
1460 3810 1808 3866 manifestum
1837 3819 1940 3876 est,
1979 3813 2105 3867 uni-

522 3913 737 3951 versam
780 3896 875 3952 Xll
925 3899 1168 3954 tribuum
1218 3898 1483 3955 ditionem
1542 3901 1876 3967 obtinentes,
1937 3904 2107 3957 multa

524 3989 666 4044 bella
691 4007 816 4045 cum
833 3992 1161 4056 Philistaeis,
1184 3992 1288 4047 hoc
1312 4002 1397 4048 est
1413 3993 1754 4059 Palaestinis,
1772 3995 2104 4059 habuerunt,

524 4081 619 4149 qui
649 4082 837 4151 utique
867 4081 1027 4135 aliam
1052 4082 1119 4135 ab
1148 4082 1449 4137 lsraelitide
1477 4090 1621 4138 terra
1651 4084 1929 4155 regionem
1956 4084 2110 4140 habi-

530 4166 733 4227 tabant.
787 4173 1041 4228 Christus
1072 4189 1206 4228 vero
1260 4173 1395 4243 ipse,
1431 4176 1525 4243 qui
1560 4190 1618 4227 se
1654 4174 1834 4228 aiebat
1881 4192 1987 4227 non
2024 4192 2110 4229 ve-

528 4266 664 4318 nisse
684 4267 781 4319 nisi
814 4264 883 4319 ad
903 4282 1020 4320 oves
1049 4283 1184 4337 quae
1210 4268 1475 4336 perierant
1496 4266 1679 4320 domus
1708 4266 1898 4331 Israel,
1919 4266 2105 4322 Matth.

526 4354 642 4421 XV,
673 4356 762 4419 24,
790 4366 993 4420 tamen,
1031 4366 1092 4411 ut
1122 4356 1326 4411 ibidem
1355 4357 1419 4423 ν,
1446 4356 1511 4410 2i
1564 4356 1790 4422 dicitur,
1811 4359 2018 4411 secessit
2054 4359 2110 4411 in

529 4456 707 4513 partes
730 4448 851 4520 Tyri
881 4458 929 4501 et
953 4448 1182 4515 Sidonis,
1210 4449 1357 4520 quod
1381 4458 1437 4505 et
1465 4450 1681 4505 Marcus
1709 4465 1829 4520 cap.
1848 4438 1957 4504 Ἵτη
1982 4465 2112 4503 con-

530 4540 730 4603 ﬁrmat,
762 4548 818 4595 et
845 4541 918 4615 ibi
953 4541 1165 4597 curavit
1198 4542 1364 4596 ﬁliam
1391 4542 1770 4604 Chananacae,
1803 4551 1970 4612 prout
2008 4540 2111 4596 ibi-

525 4638 649 4687 dem
698 4632 1076 4703 Evangelistae
1129 4644 1386 4698 narrant;
1448 4634 1602 4702 quasi
1653 4643 1713 4688 ut
1757 4633 2106 4699 ostenderet,

530 4723 857 4779 Phoenicem
878 4723 987 4793 jam
1015 4731 1128 4777 tum
1155 4723 1220 4777 ad
1250 4724 1609 4779 Palaestinam
1627 4764 1641 4788 ,
1670 4731 1835 4793 prout
1865 4723 2013 4785 haec.
2034 4723 2111 4777 Is-

530 4817 832 4873 raeliticam
868 4817 1145 4889 regionem
1175 4817 1418 4882 denotat,
1464 4818 1815 4887 pertinuisse.
1844 4817 2006 4873 Certe
2053 4817 2111 4871 in

531 4910 776 4965 historiis
812 4926 1092 4965 sacrarum
1132 4909 1539 4980 expeditionum
1576 4911 1800 4982 Tyrum,
1828 4910 2108 4976 Sidonem,

529 5015 588 5057 et
619 5004 967 5058 Phocniciam
997 5002 1307 5057 universam
1346 5002 1682 5056 Palaestinae
1719 5008 1930 5071 partem
1964 5000 2113 5055 vide-

533 5115 657 5154 mus
702 5099 961 5154 habitam.
1009 5096 1362 5167 Antiquiores
1397 5110 1528 5149 vero
1566 5095 1726 5165 longe
1771 5096 1933 5150 latius
1977 5095 2113 5151 lines

533 5193 870 5249 Palaestinae
886 5200 1269 5264 porrexerunt,
1292 5200 1350 5245 ut
1364 5189 1611 5252 Ovidius,
1630 5189 1723 5258 qui
1743 5188 1915 5258 ripam
1933 5188 2112 5260 Tigris

536 5284 716 5341 amnis
736 5285 1035 5356 marginem
1056 5286 1393 5342 Palaestinae
1415 5296 1572 5342 vocat
1592 5286 1685 5339 illo
1700 5301 1854 5340 versu
1881 5284 2023 5339 Fast.
2044 5283 2110 5338 ll.

729 5387 897 5457 Inque
927 5388 1262 5445 Palaestinae
1294 5393 1531 5462 margine
1558 5391 1690 5444 sedit
1726 5406 1917 5460 aquae,

536 5492 904 5562 adstipulantc
947 5494 1159 5559 Plinio,
1212 5496 1305 5565 qui
1360 5497 1456 5551 lib.
1505 5496 1568 5550 Vl
1605 5512 1724 5566 cap.
1759 5494 1830 5549 28
1878 5494 2113 5551 Sittace-

539 5598 663 5637 ncm
703 5585 978 5655 regionem
1009 5585 1156 5656 Tigri
1196 5587 1511 5641 continuam
1540 5586 1878 5642 Palaestinae
1918 5602 2114 5642 accen-

543 5681 656 5736 set;
681 5683 742 5727 ut
762 5674 1009 5729 omittam
1038 5676 1183 5745 quod
1217 5686 1451 5731 testatur
1492 5679 1838 5742 Plutarchus,
1873 5679 2118 5749 Strymo-

545 5776 667 5814 nem
692 5762 1038 5821 Macedoniae
1064 5767 1288 5821 ﬂuvium
1319 5766 1687 5821 Palaestinum
1712 5768 1843 5821 olim
1864 5767 2073 5822 dictmn
2099 5784 2112 5821 :

545 5853 683 5905 cur?
716 5853 823 5907 nisi
848 5857 992 5921 quod
1030 5859 1335 5916 Palaestina
1363 5873 1431 5914 eo
1459 5873 1630 5926 usque
1669 5858 1919 5927 protendi
1963 5858 2116 5913 vide-

2205 3288 2376 3349 patct,
2411 3279 2608 3343 doctus
2658 3278 2883 3348 quidem
2920 3284 2979 3331 et
3011 3276 3254 3331 disertus
3290 3273 3383 3327 vir
3432 3271 3561 3333 fuit,
3597 3268 3781 3323 docere

2128 3426 2137 3439 ι
2207 3379 2385 3426 tamen
2419 3370 2540 3424 viva
2578 3378 2899 3440 praesentes
2930 3383 3065 3423 voce
3104 3373 3406 3421 contentus
3435 3381 3467 3419 a
3503 3356 3782 3418 scribendo

2205 3461 2493 3516 abstinuit.
2555 3459 2859 3518 Audiamus
2908 3458 3013 3513 hoc
3072 3466 3370 3513 testantem
3428 3462 3777 3523 anonymum;

2205 3554 2286 3608 sic
2323 3569 2474 3607 num.
2508 3551 2545 3606 2
2583 3552 2778 3607 scribit
2817 3570 2831 3606 :
2878 3551 2986 3607 Iste
3032 3550 3269 3604 Zosimas
3308 3547 3637 3602 orthodoxus
3674 3541 3780 3610 fuit.

2206 3645 2295 3715 qui
2317 3645 2373 3697 in
2403 3661 2507 3697 uno
2532 3642 2978 3698 monasteriorum
3005 3640 3025 3713 [
3051 3656 3249 3710 nempe
3295 3639 3492 3711 Tyrio,
3525 3652 3593 3691 ex
3631 3645 3779 3700 supra

2206 3734 2401 3807 dictis]
2440 3736 2503 3789 ab
2540 3735 2690 3789 initio
2743 3743 3094 3797 conversatus,
3138 3749 3229 3803 per
3257 3749 3416 3785 omne
3461 3725 3778 3784 exercitatio-

2207 3830 2287 3882 nis
2315 3827 2531 3900 [graece
2554 3826 2774 3901 ascesis]
2804 3841 2966 3897 genus
2995 3825 3244 3895 probatus
3274 3834 3372 3887 est,
3405 3831 3457 3877 et
3489 3821 3559 3875 ad
3588 3828 3775 3871 onmem

2207 3922 2458 3976 virtutem
2484 3927 2830 3990 congruenter
2858 3920 3154 3983 institutus,
3195 3925 3368 3970 totum
3400 3914 3614 3987 quidem
3646 3907 3775 3962 ordi-

2208 4028 2327 4068 nem
2350 4013 2407 4065 in
2434 4011 2688 4065 eiusmodi
2714 4009 2990 4081 palaestra
3026 4008 3243 4063 solitum
3268 4006 3479 4062 servari
3497 4000 3771 4058 custodicil.

2208 4103 2378 4159 multa
2415 4120 2534 4156 vero
2564 4110 2611 4155 et
2648 4112 2833 4173 sponte
2865 4102 3074 4166 adiecit,
3101 4100 3277 4154 volens
3322 4115 3541 4154 carnem
3586 4088 3773 4164 spiritui

2207 4195 2499 4259 subiicere;
2526 4194 2662 4265 quod
2710 4195 2787 4247 ita
2819 4194 2865 4246 ei
2912 4194 3175 4257 successit,
3212 4202 3271 4247 ut
3310 4200 3529 4263 propter
3572 4181 3773 4240 multam

2211 4304 2388 4342 rerum
2420 4287 2783 4359 spiritualium
2828 4287 3204 4357 experientiam
3243 4284 3461 4356 saepius
3492 4297 3555 4335 ea:
3591 4272 3772 4331 vicinis,

2212 4383 2486 4436 autetiam
2525 4380 2890 4435 remotioribus
2936 4380 3268 4433 monasteriis
3296 4378 3366 4432 ad
3413 4392 3530 4430 eum
3562 4368 3771 4436 con/lue-

2212 4485 2329 4529 rent
2384 4474 2578 4546 plures,
2608 4474 2772 4546 ipsius
2820 4474 3063 4527 doctrina
3118 4472 3187 4525 ad
3224 4469 3594 4542 perfectionem
3629 4456 3775 4526 illia"

2140 4562 2185 4621 ο
2212 4567 2411 4620 mandi.
2435 4566 2515 4620 lta
2540 4566 2652 4620 ille.
2692 4565 2777 4620 An
2809 4581 2921 4620 non
2962 4566 3098 4620 haec
3125 4572 3184 4619 et
3224 4563 3569 4619 occasionem
3614 4560 3666 4607 et
3693 4562 3770 4602 ar-

2212 4668 2530 4730 gumentum
2553 4659 2752 4713 horum
2780 4658 3160 4727 Alloquiorum
3189 4656 3480 4711 manifeste
3516 4635 3772 4704 indicant?

2212 4750 2410 4806 Subdit
2449 4767 2577 4806 mox
2626 4750 2814 4805 idem:
2860 4749 2992 4805 Cum
3027 4758 3205 4803 autem
3236 4757 3446 4803 tantam
3492 4742 3770 4797 animarum

2213 4844 2620 4898 tractandorum
2677 4844 2927 4914 peritiam
2976 4851 3245 4897 assecutus
3291 4849 3424 4896 esset
3455 4842 3768 4926 scaenarum:

2212 4954 2375 5006 quam
2405 4936 2676 4991 remissius
2703 4937 2807 5007 egit
2835 4937 2892 4990 in
2929 4936 3272 4990 meditatione
3299 4930 3619 5004 eloquiarum
3648 4920 3766 4972 divt-

2213 5047 2423 5093 norum,
2448 5030 2540 5083 sed
2577 5029 2851 5083 insistebat
2882 5030 3089 5094 iisdem,
3129 5045 3221 5084 seu
3246 5024 3566 5081 decumberet
3595 5016 3764 5069 strato,

2211 5139 2303 5177 seu
2340 5132 2661 5193 assurgeret,
2681 5121 2764 5175 vel
2787 5122 3062 5192 quidpiam
3088 5120 3330 5175 manibus
3353 5119 3650 5188 operaretur
3667 5105 3758 5155 cei.

2212 5214 2492 5285 Nusquam
2526 5215 2618 5269 hic
2645 5215 2963 5285 scriptionis
2994 5214 3240 5279 mentio;
3272 5229 3379 5282 qua
3396 5216 3543 5265 certo
3573 5208 3625 5255 et
3646 5197 3765 5249 irl'e‘

2213 5308 2448 5362 vocabili
2484 5307 2694 5379 judicio
2733 5306 3066 5362 abstinuisse
3108 5306 3383 5361 Zosimam
3432 5296 3563 5355 nihil
3613 5297 3762 5355 magis

2214 5397 2478 5463 declarat,
2516 5414 2681 5468 quam
2727 5398 2875 5469 quod
2909 5398 3045 5453 Acta
3084 5405 3195 5451 tam
3245 5396 3383 5450 mira
3432 5387 3620 5446 Mariae
3645 5390 3758 5471 ρος-

2215 5486 2465 5552 nitentis,
2506 5502 2741 5557 quorum
2790 5503 2934 5542 unus
2970 5497 3116 5541 esset
3162 5485 3279 5555 ipse
3328 5479 3598 5539 conscius,
3642 5478 3762 5520 scn-

2216 5581 2329 5651 ptis
2349 5580 2495 5635 haud
2522 5580 2882 5644 commiserit,
2914 5594 3141 5634 narrare
3174 5578 3346 5633 verbo
3385 5572 3513 5630 satis
3558 5560 3755 5655 ltﬂb?"5'

2218 5672 2311 5727 Sic
2341 5673 2491 5727 enim
2530 5672 2766 5726 habetur
2806 5685 2959 5725 num.
3006 5669 3075 5723 40
3114 5669 3363 5726 eiusdem
3407 5654 3707 5747 narrationis

2218 5766 2456 5821 Zosimas
2487 5783 2721 5821 reversus
2768 5768 2824 5821 in
2856 5768 3161 5822 coenobium
3185 5765 3205 5836 [
3225 5782 3255 5820 a
3292 5771 3475 5821 curato
3496 5756 3546 5809 5-
3584 5745 3754 5836 Mani?

2222 5860 2579 5932 Aegyptiacae
2610 5859 2844 5931 funere]
2880 5861 3120 5915 narravit
3147 5861 3327 5915 omnia
3355 5844 3616 5912 monachis,
3644 5820 3755 5888 mh"
