  <div class='ocr_page' id='page_1' title='image "/cluster/home/n/w/nwhite01/storage/ocr_20150623/34/coo.31924054869312/186.png"; bbox 0 0 4016 6460; ppageno 0'>
   <div class='ocr_carea' id='block_1_1' title="bbox 291 317 388 374">
    <p class='ocr_par' dir='ltr' id='par_1_1' title="bbox 291 317 388 374">
     <span class='ocr_line' id='line_1_1' title="bbox 291 317 388 374; baseline -0.021 0"><span class='ocrx_word' id='word_1_1' title='bbox 291 317 388 374; x_wconf 65' lang='lat'><strong><em>3-15</em></strong></span> 
     </span>
    </p>
   </div>
   <div class='ocr_carea' id='block_1_2' title="bbox 1286 327 2574 388">
    <p class='ocr_par' dir='ltr' id='par_1_2' title="bbox 1286 327 2574 388">
     <span class='ocr_line' id='line_1_2' title="bbox 1286 327 2574 388; baseline 0.005 -6"><span class='ocrx_word' id='word_1_2' title='bbox 1286 327 1378 382; x_wconf 86' lang='lat' dir='ltr'><strong><em>AD</em></strong></span> <span class='ocrx_word' id='word_1_3' title='bbox 1413 327 1775 386; x_wconf 81' lang='lat' dir='ltr'><strong><em>OPUSCULA</em></strong></span> <span class='ocrx_word' id='word_1_4' title='bbox 1814 329 1876 385; x_wconf 80' lang='lat' dir='ltr'><strong><em>S.</em></strong></span> <span class='ocrx_word' id='word_1_5' title='bbox 1913 328 2194 384; x_wconf 82' lang='lat' dir='ltr'><strong><em>MACARH</em></strong></span> <span class='ocrx_word' id='word_1_6' title='bbox 2233 329 2574 388; x_wconf 78' lang='lat' dir='ltr'><strong><em>AEGYPTII.</em></strong></span> 
     </span>
    </p>
   </div>
   <div class='ocr_carea' id='block_1_3' title="bbox 3447 341 3628 401">
    <p class='ocr_par' dir='ltr' id='par_1_3' title="bbox 3447 341 3628 401">
     <span class='ocr_line' id='line_1_3' title="bbox 3447 341 3628 401; baseline 0.017 -3"><span class='ocrx_word' id='word_1_7' title='bbox 3447 341 3560 401; x_wconf 60' lang='lat'><strong><em>356</em></strong></span> <span class='ocrx_word' id='word_1_8' title='bbox 3623 380 3628 384; x_wconf 88' lang='lat'><strong>-</strong></span> 
     </span>
    </p>
   </div>
   <div class='ocr_carea' id='block_1_4' title="bbox 299 445 3557 526">
    <p class='ocr_par' dir='ltr' id='par_1_4' title="bbox 299 445 3557 526">
     <span class='ocr_line' id='line_1_4' title="bbox 299 445 3557 526; baseline 0.007 -31"><span class='ocrx_word' id='word_1_9' title='bbox 299 457 468 495; x_wconf 74' lang='lat' dir='ltr'><strong><em>eorum</em></strong></span> <span class='ocrx_word' id='word_1_10' title='bbox 491 457 637 511; x_wconf 86' lang='lat' dir='ltr'><strong><em>quae</em></strong></span> <span class='ocrx_word' id='word_1_11' title='bbox 661 445 918 500; x_wconf 76' lang='lat' dir='ltr'><strong><em>audierat</em></strong></span> <span class='ocrx_word' id='word_1_12' title='bbox 935 462 998 500; x_wconf 92' lang='lat' dir='ltr'><strong><em>ac</em></strong></span> <span class='ocrx_word' id='word_1_13' title='bbox 1016 446 1215 502; x_wconf 81' lang='lat' dir='ltr'><strong><em>viderat</em></strong></span> <span class='ocrx_word' id='word_1_14' title='bbox 1234 449 1474 504; x_wconf 77' lang='lat' dir='ltr'><strong><em>reticens.</em></strong></span> <span class='ocrx_word' id='word_1_15' title='bbox 1504 452 1672 506; x_wconf 86' lang='lat' dir='ltr'><strong><em>Paulo</em></strong></span> <span class='ocrx_word' id='word_1_16' title='bbox 1711 463 1834 522; x_wconf 88' lang='lat' dir='ltr'><strong><em>post</em></strong></span> <span class='ocrx_word' id='word_1_17' title='bbox 1864 470 1876 504; x_wconf 87' lang='lat'><strong>:</strong></span> <span class='ocrx_word' id='word_1_18' title='bbox 1908 459 1956 516; x_wconf 76' lang='grc' dir='ltr'><strong>Α</strong></span> <span class='ocrx_word' id='word_1_19' title='bbox 1983 451 2126 505; x_wconf 91' lang='lat' dir='ltr'><strong><em>malo</em></strong></span> <span class='ocrx_word' id='word_1_20' title='bbox 2157 462 2241 507; x_wconf 90' lang='lat' dir='ltr'><strong><em>est</em></strong></span> <span class='ocrx_word' id='word_1_21' title='bbox 2279 452 2578 508; x_wconf 84' lang='lat' dir='ltr'><strong><em>abscedere</em></strong></span> <span class='ocrx_word' id='word_1_22' title='bbox 2616 456 2953 526; x_wconf 89' lang='lat' dir='ltr'><strong><em>compulsus.</em></strong></span> <span class='ocrx_word' id='word_1_23' title='bbox 2985 459 3141 516; x_wconf 89' lang='lat' dir='ltr'><strong>Unde</strong></span> <span class='ocrx_word' id='word_1_24' title='bbox 3183 461 3245 515; x_wconf 82' lang='lat' dir='ltr'><strong><em>ob</em></strong></span> <span class='ocrx_word' id='word_1_25' title='bbox 3281 476 3398 516; x_wconf 89' lang='lat' dir='ltr'><strong><em>eam</em></strong></span> <span class='ocrx_word' id='word_1_26' title='bbox 3426 481 3557 518; x_wconf 82' lang='lat' dir='ltr'><strong><em>cau-</em></strong></span> 
     </span>
    </p>
   </div>
   <div class='ocr_carea' id='block_1_5' title="bbox 299 532 1878 616">
    <p class='ocr_par' dir='ltr' id='par_1_5' title="bbox 299 532 1878 616">
     <span class='ocr_line' id='line_1_5' title="bbox 299 532 1878 616; baseline 0.009 -31"><span class='ocrx_word' id='word_1_27' title='bbox 299 532 785 590; x_wconf 76' lang='lat' dir='ltr'><strong><em>Perseuerauerunt</em></strong></span> <span class='ocrx_word' id='word_1_28' title='bbox 828 547 1006 593; x_wconf 86' lang='lat' dir='ltr'><strong><em>autem</em></strong></span> <span class='ocrx_word' id='word_1_29' title='bbox 1054 541 1295 595; x_wconf 82' lang='lat' dir='ltr'><strong><em>monachi</em></strong></span> <span class='ocrx_word' id='word_1_30' title='bbox 1338 542 1467 597; x_wconf 82' lang='lat' dir='ltr'><strong><em>haec</em></strong></span> <span class='ocrx_word' id='word_1_31' title='bbox 1496 546 1613 615; x_wconf 89' lang='lat' dir='ltr'><strong><em>ipsa</em></strong></span> <span class='ocrx_word' id='word_1_32' title='bbox 1644 562 1738 616; x_wconf 82' lang='lat' dir='ltr'><strong><em>per</em></strong></span> <span class='ocrx_word' id='word_1_33' title='bbox 1764 555 1878 598; x_wconf 87' lang='lat' dir='ltr'><strong><em>tra-</em></strong></span> 
     </span>
    </p>
   </div>
   <div class='ocr_carea' id='block_1_6' title="bbox 296 624 1881 707">
    <p class='ocr_par' dir='ltr' id='par_1_6' title="bbox 296 624 1881 707">
     <span class='ocr_line' id='line_1_6' title="bbox 296 624 1881 707; baseline 0.008 -28"><span class='ocrx_word' id='word_1_34' title='bbox 296 624 548 679; x_wconf 76' lang='lat' dir='ltr'><strong><em>ditionem</em></strong></span> <span class='ocrx_word' id='word_1_35' title='bbox 607 626 960 683; x_wconf 87' lang='lat' dir='ltr'><strong><em>discentes....</em></strong></span> <span class='ocrx_word' id='word_1_36' title='bbox 1016 631 1107 685; x_wconf 81' lang='lat' dir='ltr'><strong><em>sed</em></strong></span> <span class='ocrx_word' id='word_1_37' title='bbox 1156 649 1262 686; x_wconf 88' lang='lat' dir='ltr'><strong><em>non</em></strong></span> <span class='ocrx_word' id='word_1_38' title='bbox 1328 634 1505 690; x_wconf 77' lang='lat' dir='ltr'><strong><em>audivi</em></strong></span> <span class='ocrx_word' id='word_1_39' title='bbox 1564 652 1881 707; x_wconf 85' lang='lat' dir='ltr'><strong><em>quemquam</em></strong></span> 
     </span>
    </p>
   </div>
   <div class='ocr_carea' id='block_1_7' title="bbox 295 717 1880 788">
    <p class='ocr_par' dir='ltr' id='par_1_7' title="bbox 295 717 1880 788">
     <span class='ocr_line' id='line_1_7' title="bbox 295 717 1880 788; baseline 0.006 -17"><span class='ocrx_word' id='word_1_40' title='bbox 295 717 492 786; x_wconf 70' lang='lat' dir='ltr'><strong><em>scripto</em></strong></span> <span class='ocrx_word' id='word_1_41' title='bbox 523 718 786 788; x_wconf 73' lang='lat' dir='ltr'><strong><em>signasse.</em></strong></span> <span class='ocrx_word' id='word_1_42' title='bbox 829 719 981 776; x_wconf 86' lang='lat' dir='ltr'><strong><em>Adeo</em></strong></span> <span class='ocrx_word' id='word_1_43' title='bbox 1027 738 1059 776; x_wconf 92' lang='lat' dir='ltr'><strong><em>a</em></strong></span> <span class='ocrx_word' id='word_1_44' title='bbox 1085 723 1377 780; x_wconf 89' lang='lat' dir='ltr'><strong><em>scribendo</em></strong></span> <span class='ocrx_word' id='word_1_45' title='bbox 1408 726 1572 780; x_wconf 91' lang='lat' dir='ltr'><strong><em>alieni</em></strong></span> <span class='ocrx_word' id='word_1_46' title='bbox 1611 735 1770 781; x_wconf 88' lang='lat' dir='ltr'><strong><em>erant</em></strong></span> <span class='ocrx_word' id='word_1_47' title='bbox 1800 727 1880 782; x_wconf 83' lang='lat' dir='ltr'><strong><em>illi</em></strong></span> 
     </span>
    </p>
   </div>
   <div class='ocr_carea' id='block_1_8' title="bbox 294 813 1880 878">
    <p class='ocr_par' dir='ltr' id='par_1_8' title="bbox 294 813 1880 878">
     <span class='ocr_line' id='line_1_8' title="bbox 294 813 1880 878; baseline 0.009 -17"><span class='ocrx_word' id='word_1_48' title='bbox 294 816 515 863; x_wconf 89' lang='lat' dir='ltr'><strong><em>veteres</em></strong></span> <span class='ocrx_word' id='word_1_49' title='bbox 570 817 792 866; x_wconf 89' lang='lat' dir='ltr'><strong><em>ascetae</em></strong></span> <span class='ocrx_word' id='word_1_50' title='bbox 833 813 1028 878; x_wconf 90' lang='lat' dir='ltr'><strong><em>sancti,</em></strong></span> <span class='ocrx_word' id='word_1_51' title='bbox 1076 814 1179 868; x_wconf 86' lang='lat' dir='ltr'><strong><em>sibi</em></strong></span> <span class='ocrx_word' id='word_1_52' title='bbox 1222 815 1480 873; x_wconf 75' lang='lat' dir='ltr'><strong><em>videlicet</em></strong></span> <span class='ocrx_word' id='word_1_53' title='bbox 1525 833 1593 873; x_wconf 92' lang='lat' dir='ltr'><strong><em>ex</em></strong></span> <span class='ocrx_word' id='word_1_54' title='bbox 1628 819 1880 875; x_wconf 88' lang='lat' dir='ltr'><strong><em>instituto</em></strong></span> 
     </span>
    </p>
   </div>
   <div class='ocr_carea' id='block_1_9' title="bbox 295 900 1880 983">
    <p class='ocr_par' dir='ltr' id='par_1_9' title="bbox 295 900 1880 983">
     <span class='ocr_line' id='line_1_9' title="bbox 295 900 1880 983; baseline 0.008 -30"><span class='ocrx_word' id='word_1_55' title='bbox 295 900 432 970; x_wconf 47' lang='lat' dir='ltr'><strong><em>unis.</em></strong></span> <span class='ocrx_word' id='word_1_56' title='bbox 453 909 743 967; x_wconf 88' lang='lat' dir='ltr'><strong><em>vacantes,</em></strong></span> <span class='ocrx_word' id='word_1_57' title='bbox 777 905 1028 974; x_wconf 87' lang='lat' dir='ltr'><strong><em>exemplo</em></strong></span> <span class='ocrx_word' id='word_1_58' title='bbox 1069 904 1291 961; x_wconf 92' lang='lat' dir='ltr'><strong><em>Antonii</em></strong></span> <span class='ocrx_word' id='word_1_59' title='bbox 1331 908 1530 980; x_wconf 82' lang='lat' dir='ltr'><strong><em>Magni,</em></strong></span> <span class='ocrx_word' id='word_1_60' title='bbox 1566 909 1660 981; x_wconf 87' lang='lat' dir='ltr'><strong><em>qui</em></strong></span> <span class='ocrx_word' id='word_1_61' title='bbox 1695 912 1880 983; x_wconf 90' lang='lat' dir='ltr'><strong><em>cogni-</em></strong></span> 
     </span>
    </p>
   </div>
   <div class='ocr_carea' id='block_1_10' title="bbox 291 992 1878 1070">
    <p class='ocr_par' dir='ltr' id='par_1_10' title="bbox 291 992 1878 1070">
     <span class='ocr_line' id='line_1_10' title="bbox 291 992 1878 1070; baseline 0.007 -25"><span class='ocrx_word' id='word_1_62' title='bbox 291 1001 403 1045; x_wconf 86' lang='lat' dir='ltr'><strong><em>tam</em></strong></span> <span class='ocrx_word' id='word_1_63' title='bbox 437 1005 470 1045; x_wconf 90' lang='lat' dir='ltr'><strong><em>a</em></strong></span> <span class='ocrx_word' id='word_1_64' title='bbox 504 1006 567 1046; x_wconf 87' lang='lat' dir='ltr'><strong><em>se</em></strong></span> <span class='ocrx_word' id='word_1_65' title='bbox 597 992 716 1047; x_wconf 88' lang='lat' dir='ltr'><strong><em>solo</em></strong></span> <span class='ocrx_word' id='word_1_66' title='bbox 748 993 1056 1050; x_wconf 85' lang='lat' dir='ltr'><strong><em>mirabilem</em></strong></span> <span class='ocrx_word' id='word_1_67' title='bbox 1087 997 1254 1051; x_wconf 88' lang='lat' dir='ltr'><strong><em>vitam</em></strong></span> <span class='ocrx_word' id='word_1_68' title='bbox 1292 999 1446 1053; x_wconf 85' lang='lat' dir='ltr'><strong><em>Pauli</em></strong></span> <span class='ocrx_word' id='word_1_69' title='bbox 1471 1001 1637 1070; x_wconf 85' lang='lat' dir='ltr'><strong><em>primi</em></strong></span> <span class='ocrx_word' id='word_1_70' title='bbox 1674 1003 1878 1056; x_wconf 90' lang='lat' dir='ltr'><strong><em>eremi-</em></strong></span> 
     </span>
    </p>
   </div>
   <div class='ocr_carea' id='block_1_11' title="bbox 290 1083 1875 1163">
    <p class='ocr_par' dir='ltr' id='par_1_11' title="bbox 290 1083 1875 1163">
     <span class='ocr_line' id='line_1_11' title="bbox 290 1083 1875 1163; baseline 0.008 -28"><span class='ocrx_word' id='word_1_71' title='bbox 290 1091 399 1147; x_wconf 88' lang='lat' dir='ltr'><strong><em>tac,</em></strong></span> <span class='ocrx_word' id='word_1_72' title='bbox 433 1083 634 1137; x_wconf 82' lang='lat' dir='ltr'><strong><em>multis</em></strong></span> <span class='ocrx_word' id='word_1_73' title='bbox 685 1083 817 1138; x_wconf 90' lang='lat' dir='ltr'><strong><em>licet</em></strong></span> <span class='ocrx_word' id='word_1_74' title='bbox 864 1086 1021 1142; x_wconf 91' lang='lat' dir='ltr'><strong><em>annis</em></strong></span> <span class='ocrx_word' id='word_1_75' title='bbox 1056 1087 1107 1142; x_wconf 93' lang='lat' dir='ltr'><strong><em>ei</em></strong></span> <span class='ocrx_word' id='word_1_76' title='bbox 1159 1097 1460 1159; x_wconf 76' lang='lat' dir='ltr'><strong><em>superstes,</em></strong></span> <span class='ocrx_word' id='word_1_77' title='bbox 1500 1107 1604 1147; x_wconf 90' lang='lat' dir='ltr'><strong><em>nec</em></strong></span> <span class='ocrx_word' id='word_1_78' title='bbox 1637 1093 1875 1163; x_wconf 78' lang='lat' dir='ltr'><strong><em>scripsit,</em></strong></span> 
     </span>
    </p>
   </div>
   <div class='ocr_carea' id='block_1_12' title="bbox 287 1174 1878 1255">
    <p class='ocr_par' dir='ltr' id='par_1_12' title="bbox 287 1174 1878 1255">
     <span class='ocr_line' id='line_1_12' title="bbox 287 1174 1878 1255; baseline 0.008 -28"><span class='ocrx_word' id='word_1_79' title='bbox 287 1189 392 1228; x_wconf 88' lang='lat' dir='ltr'><strong><em>nec</em></strong></span> <span class='ocrx_word' id='word_1_80' title='bbox 421 1174 683 1241; x_wconf 78' lang='lat' dir='ltr'><strong><em>dictavit,</em></strong></span> <span class='ocrx_word' id='word_1_81' title='bbox 724 1192 860 1232; x_wconf 88' lang='lat' dir='ltr'><strong><em>voce</em></strong></span> <span class='ocrx_word' id='word_1_82' title='bbox 906 1186 1117 1233; x_wconf 85' lang='lat' dir='ltr'><strong><em>tantum</em></strong></span> <span class='ocrx_word' id='word_1_83' title='bbox 1159 1195 1387 1236; x_wconf 87' lang='lat' dir='ltr'><strong><em>narrare</em></strong></span> <span class='ocrx_word' id='word_1_84' title='bbox 1433 1191 1744 1250; x_wconf 90' lang='lat' dir='ltr'><strong><em>contentus,</em></strong></span> <span class='ocrx_word' id='word_1_85' title='bbox 1783 1201 1878 1255; x_wconf 90' lang='lat' dir='ltr'><strong><em>po-</em></strong></span> 
     </span>
    </p>
   </div>
   <div class='ocr_carea' id='block_1_13' title="bbox 286 1267 1876 1346">
    <p class='ocr_par' dir='ltr' id='par_1_13' title="bbox 286 1267 1876 1346">
     <span class='ocr_line' id='line_1_13' title="bbox 286 1267 1876 1346; baseline 0.007 -26"><span class='ocrx_word' id='word_1_86' title='bbox 286 1267 548 1322; x_wconf 87' lang='lat' dir='ltr'><strong><em>steritate</em></strong></span> <span class='ocrx_word' id='word_1_87' title='bbox 583 1267 640 1322; x_wconf 91' lang='lat' dir='ltr'><strong><em>id</em></strong></span> <span class='ocrx_word' id='word_1_88' title='bbox 680 1268 1015 1340; x_wconf 78' lang='lat' dir='ltr'><strong><em>ignoratum,</em></strong></span> <span class='ocrx_word' id='word_1_89' title='bbox 1045 1271 1153 1326; x_wconf 89' lang='lat' dir='ltr'><strong><em>nisi</em></strong></span> <span class='ocrx_word' id='word_1_90' title='bbox 1187 1271 1548 1346; x_wconf 85' lang='lat' dir='ltr'><strong><em>Hieronymus</em></strong></span> <span class='ocrx_word' id='word_1_91' title='bbox 1570 1275 1722 1330; x_wconf 85' lang='lat' dir='ltr'><strong><em>Pauli</em></strong></span> <span class='ocrx_word' id='word_1_92' title='bbox 1757 1293 1876 1331; x_wconf 90' lang='lat' dir='ltr'><strong><em>me-</em></strong></span> 
     </span>
    </p>
   </div>
   <div class='ocr_carea' id='block_1_14' title="bbox 285 1359 1874 1434">
    <p class='ocr_par' dir='ltr' id='par_1_14' title="bbox 285 1359 1874 1434">
     <span class='ocr_line' id='line_1_14' title="bbox 285 1359 1874 1434; baseline 0.008 -23"><span class='ocrx_word' id='word_1_93' title='bbox 285 1359 527 1412; x_wconf 89' lang='lat' dir='ltr'><strong><em>moriam</em></strong></span> <span class='ocrx_word' id='word_1_94' title='bbox 555 1375 591 1414; x_wconf 93' lang='lat' dir='ltr'><strong><em>e</em></strong></span> <span class='ocrx_word' id='word_1_95' title='bbox 620 1359 904 1430; x_wconf 89' lang='lat' dir='ltr'><strong><em>discipulis</em></strong></span> <span class='ocrx_word' id='word_1_96' title='bbox 921 1360 1147 1417; x_wconf 84' lang='lat' dir='ltr'><strong><em>Antonii</em></strong></span> <span class='ocrx_word' id='word_1_97' title='bbox 1170 1373 1506 1434; x_wconf 89' lang='lat' dir='ltr'><strong><em>compertam</em></strong></span> <span class='ocrx_word' id='word_1_98' title='bbox 1532 1366 1711 1422; x_wconf 88' lang='lat' dir='ltr'><strong><em>literis</em></strong></span> <span class='ocrx_word' id='word_1_99' title='bbox 1741 1385 1874 1423; x_wconf 84' lang='lat' dir='ltr'><strong><em>con-</em></strong></span> 
     </span>
    </p>
   </div>
   <div class='ocr_carea' id='block_1_15' title="bbox 283 1450 1875 1529">
    <p class='ocr_par' dir='ltr' id='par_1_15' title="bbox 283 1450 1875 1529">
     <span class='ocr_line' id='line_1_15' title="bbox 283 1450 1875 1529; baseline 0.008 -25"><span class='ocrx_word' id='word_1_100' title='bbox 283 1450 588 1520; x_wconf 89' lang='lat' dir='ltr'><strong><em>signasset.</em></strong></span> <span class='ocrx_word' id='word_1_101' title='bbox 622 1453 706 1507; x_wconf 88' lang='lat' dir='ltr'><strong><em>Ad</em></strong></span> <span class='ocrx_word' id='word_1_102' title='bbox 737 1468 900 1524; x_wconf 87' lang='lat' dir='ltr'><strong><em>quem</em></strong></span> <span class='ocrx_word' id='word_1_103' title='bbox 936 1455 1159 1509; x_wconf 91' lang='lat' dir='ltr'><strong><em>modum</em></strong></span> <span class='ocrx_word' id='word_1_104' title='bbox 1179 1456 1442 1523; x_wconf 88' lang='lat' dir='ltr'><strong><em>Zosimas,</em></strong></span> <span class='ocrx_word' id='word_1_105' title='bbox 1471 1475 1612 1529; x_wconf 91' lang='lat' dir='ltr'><strong><em>quae</em></strong></span> <span class='ocrx_word' id='word_1_106' title='bbox 1636 1460 1875 1516; x_wconf 92' lang='lat' dir='ltr'><strong><em>admira-</em></strong></span> 
     </span>
    </p>
   </div>
   <div class='ocr_carea' id='block_1_16' title="bbox 281 1543 1876 1622">
    <p class='ocr_par' dir='ltr' id='par_1_16' title="bbox 281 1543 1876 1622">
     <span class='ocr_line' id='line_1_16' title="bbox 281 1543 1876 1622; baseline 0.009 -26"><span class='ocrx_word' id='word_1_107' title='bbox 281 1543 420 1598; x_wconf 90' lang='lat' dir='ltr'><strong><em>bilia</em></strong></span> <span class='ocrx_word' id='word_1_108' title='bbox 459 1545 533 1599; x_wconf 90' lang='lat' dir='ltr'><strong><em>de</em></strong></span> <span class='ocrx_word' id='word_1_109' title='bbox 569 1545 737 1601; x_wconf 83' lang='lat' dir='ltr'><strong><em>Maria</em></strong></span> <span class='ocrx_word' id='word_1_110' title='bbox 765 1547 1084 1616; x_wconf 89' lang='lat' dir='ltr'><strong><em>poenitente</em></strong></span> <span class='ocrx_word' id='word_1_111' title='bbox 1110 1548 1366 1606; x_wconf 88' lang='lat' dir='ltr'><strong><em>sensibus</em></strong></span> <span class='ocrx_word' id='word_1_112' title='bbox 1389 1567 1651 1622; x_wconf 89' lang='lat' dir='ltr'><strong><em>praesens</em></strong></span> <span class='ocrx_word' id='word_1_113' title='bbox 1680 1555 1876 1610; x_wconf 88' lang='lat' dir='ltr'><strong><em>hause-</em></strong></span> 
     </span>
    </p>
   </div>
   <div class='ocr_carea' id='block_1_17' title="bbox 281 1638 1872 1713">
    <p class='ocr_par' dir='ltr' id='par_1_17' title="bbox 281 1638 1872 1713">
     <span class='ocr_line' id='line_1_17' title="bbox 281 1638 1872 1713; baseline 0.008 -23"><span class='ocrx_word' id='word_1_114' title='bbox 281 1643 392 1698; x_wconf 85' lang='lat' dir='ltr'><strong><em>rat,</em></strong></span> <span class='ocrx_word' id='word_1_115' title='bbox 416 1638 554 1701; x_wconf 86' lang='lat' dir='ltr'><strong><em>etsi,</em></strong></span> <span class='ocrx_word' id='word_1_116' title='bbox 589 1651 712 1691; x_wconf 90' lang='lat' dir='ltr'><strong><em>cum</em></strong></span> <span class='ocrx_word' id='word_1_117' title='bbox 760 1640 1133 1695; x_wconf 86' lang='lat' dir='ltr'><strong><em>centenariam</em></strong></span> <span class='ocrx_word' id='word_1_118' title='bbox 1169 1642 1413 1713; x_wconf 81' lang='lat' dir='ltr'><strong><em>attigerit</em></strong></span> <span class='ocrx_word' id='word_1_119' title='bbox 1441 1652 1696 1710; x_wconf 88' lang='lat' dir='ltr'><strong><em>aetatem,</em></strong></span> <span class='ocrx_word' id='word_1_120' title='bbox 1725 1655 1786 1700; x_wconf 91' lang='lat' dir='ltr'><strong><em>ut</em></strong></span> <span class='ocrx_word' id='word_1_121' title='bbox 1817 1647 1872 1702; x_wconf 91' lang='lat' dir='ltr'><strong><em>in</em></strong></span> 
     </span>
    </p>
   </div>
   <div class='ocr_carea' id='block_1_18' title="bbox 279 1729 1874 1804">
    <p class='ocr_par' dir='ltr' id='par_1_18' title="bbox 279 1729 1874 1804">
     <span class='ocr_line' id='line_1_18' title="bbox 279 1729 1874 1804; baseline 0.008 -21"><span class='ocrx_word' id='word_1_122' title='bbox 279 1729 432 1783; x_wconf 70' lang='lat' dir='ltr'><strong><em>Vitis</em></strong></span> <span class='ocrx_word' id='word_1_123' title='bbox 477 1730 708 1784; x_wconf 89' lang='lat' dir='ltr'><strong><em>Patrum</em></strong></span> <span class='ocrx_word' id='word_1_124' title='bbox 746 1730 845 1785; x_wconf 90' lang='lat' dir='ltr'><strong><em>lib.</em></strong></span> <span class='ocrx_word' id='word_1_125' title='bbox 883 1731 1049 1804; x_wconf 89' lang='lat' dir='ltr'><strong><em>lpag.</em></strong></span> <span class='ocrx_word' id='word_1_126' title='bbox 1077 1733 1182 1790; x_wconf 71' lang='lat'><strong><em>299</em></strong></span> <span class='ocrx_word' id='word_1_127' title='bbox 1219 1735 1425 1792; x_wconf 88' lang='lat' dir='ltr'><strong><em>diserte</em></strong></span> <span class='ocrx_word' id='word_1_128' title='bbox 1465 1737 1718 1804; x_wconf 86' lang='lat' dir='ltr'><strong><em>traditur,</em></strong></span> <span class='ocrx_word' id='word_1_129' title='bbox 1775 1740 1874 1794; x_wconf 91' lang='lat' dir='ltr'><strong><em>tri-</em></strong></span> 
     </span>
    </p>
   </div>
   <div class='ocr_carea' id='block_1_19' title="bbox 279 1822 1874 1902">
    <p class='ocr_par' dir='ltr' id='par_1_19' title="bbox 279 1822 1874 1902">
     <span class='ocr_line' id='line_1_19' title="bbox 279 1822 1874 1902; baseline 0.009 -28"><span class='ocrx_word' id='word_1_130' title='bbox 279 1822 440 1891; x_wconf 81' lang='lat' dir='ltr'><strong><em>ginta</em></strong></span> <span class='ocrx_word' id='word_1_131' title='bbox 484 1823 618 1878; x_wconf 91' lang='lat' dir='ltr'><strong><em>totis</em></strong></span> <span class='ocrx_word' id='word_1_132' title='bbox 643 1824 932 1879; x_wconf 90' lang='lat' dir='ltr'><strong><em>minimum</em></strong></span> <span class='ocrx_word' id='word_1_133' title='bbox 964 1827 1124 1883; x_wconf 90' lang='lat' dir='ltr'><strong><em>annis</em></strong></span> <span class='ocrx_word' id='word_1_134' title='bbox 1155 1827 1356 1884; x_wconf 86' lang='lat' dir='ltr'><strong><em>Mariae</em></strong></span> <span class='ocrx_word' id='word_1_135' title='bbox 1392 1831 1752 1902; x_wconf 81' lang='lat' dir='ltr'><strong><em>Aegyptiacae</em></strong></span> <span class='ocrx_word' id='word_1_136' title='bbox 1778 1849 1874 1888; x_wconf 94' lang='lat' dir='ltr'><strong><em>su-</em></strong></span> 
     </span>
    </p>
   </div>
   <div class='ocr_carea' id='block_1_20' title="bbox 279 1914 1877 1990">
    <p class='ocr_par' dir='ltr' id='par_1_20' title="bbox 279 1914 1877 1990">
     <span class='ocr_line' id='line_1_20' title="bbox 279 1914 1877 1990; baseline 0.008 -23"><span class='ocrx_word' id='word_1_137' title='bbox 279 1914 634 1986; x_wconf 86' lang='lat' dir='ltr'><strong><em>pervixerit,</em></strong></span> <span class='ocrx_word' id='word_1_138' title='bbox 682 1923 866 1972; x_wconf 90' lang='lat' dir='ltr'><strong><em>tamen</em></strong></span> <span class='ocrx_word' id='word_1_139' title='bbox 914 1933 1019 1974; x_wconf 90' lang='lat' dir='ltr'><strong><em>nec</em></strong></span> <span class='ocrx_word' id='word_1_140' title='bbox 1068 1919 1208 1990; x_wconf 88' lang='lat' dir='ltr'><strong><em>ipse,</em></strong></span> <span class='ocrx_word' id='word_1_141' title='bbox 1255 1937 1360 1977; x_wconf 88' lang='lat' dir='ltr'><strong><em>nec</em></strong></span> <span class='ocrx_word' id='word_1_142' title='bbox 1398 1922 1522 1978; x_wconf 91' lang='lat' dir='ltr'><strong><em>eius</em></strong></span> <span class='ocrx_word' id='word_1_143' title='bbox 1562 1939 1727 1978; x_wconf 91' lang='lat' dir='ltr'><strong><em>suasu</em></strong></span> <span class='ocrx_word' id='word_1_144' title='bbox 1781 1934 1877 1980; x_wconf 90' lang='lat' dir='ltr'><strong><em>aut</em></strong></span> 
     </span>
    </p>
   </div>
   <div class='ocr_carea' id='block_1_21' title="bbox 278 2008 1877 2080">
    <p class='ocr_par' dir='ltr' id='par_1_21' title="bbox 278 2008 1877 2080">
     <span class='ocr_line' id='line_1_21' title="bbox 278 2008 1877 2080; baseline 0.006 -16"><span class='ocrx_word' id='word_1_145' title='bbox 278 2016 488 2078; x_wconf 83' lang='lat' dir='ltr'><strong><em>sponte</em></strong></span> <span class='ocrx_word' id='word_1_146' title='bbox 529 2024 631 2063; x_wconf 92' lang='lat' dir='ltr'><strong><em>sua</em></strong></span> <span class='ocrx_word' id='word_1_147' title='bbox 679 2008 972 2080; x_wconf 86' lang='lat' dir='ltr'><strong><em>quisquam</em></strong></span> <span class='ocrx_word' id='word_1_148' title='bbox 1015 2013 1328 2068; x_wconf 88' lang='lat' dir='ltr'><strong><em>auditorum</em></strong></span> <span class='ocrx_word' id='word_1_149' title='bbox 1362 2015 1512 2070; x_wconf 91' lang='lat' dir='ltr'><strong><em>illius</em></strong></span> <span class='ocrx_word' id='word_1_150' title='bbox 1556 2031 1620 2071; x_wconf 87' lang='lat' dir='ltr'><strong><em>ea</em></strong></span> <span class='ocrx_word' id='word_1_151' title='bbox 1665 2018 1877 2073; x_wconf 88' lang='lat' dir='ltr'><strong><em>curavit</em></strong></span> 
     </span>
    </p>
   </div>
   <div class='ocr_carea' id='block_1_22' title="bbox 283 2097 1877 2178">
    <p class='ocr_par' dir='ltr' id='par_1_22' title="bbox 283 2097 1877 2178">
     <span class='ocr_line' id='line_1_22' title="bbox 283 2097 1877 2178; baseline 0.006 -26"><span class='ocrx_word' id='word_1_152' title='bbox 283 2097 346 2152; x_wconf 87' lang='lat' dir='ltr'><strong><em>in</em></strong></span> <span class='ocrx_word' id='word_1_153' title='bbox 376 2099 634 2152; x_wconf 80' lang='lat' dir='ltr'><strong><em>chartam</em></strong></span> <span class='ocrx_word' id='word_1_154' title='bbox 670 2098 911 2165; x_wconf 87' lang='lat' dir='ltr'><strong><em>mittere,</em></strong></span> <span class='ocrx_word' id='word_1_155' title='bbox 942 2099 1118 2155; x_wconf 88' lang='lat' dir='ltr'><strong><em>donec</em></strong></span> <span class='ocrx_word' id='word_1_156' title='bbox 1164 2117 1288 2157; x_wconf 91' lang='lat' dir='ltr'><strong><em>sero</em></strong></span> <span class='ocrx_word' id='word_1_157' title='bbox 1316 2103 1529 2158; x_wconf 85' lang='lat' dir='ltr'><strong><em>exstitit</em></strong></span> <span class='ocrx_word' id='word_1_158' title='bbox 1573 2121 1877 2178; x_wconf 87' lang='lat' dir='ltr'><strong><em>anonymus</em></strong></span> 
     </span>
    </p>
   </div>
   <div class='ocr_carea' id='block_1_23' title="bbox 285 2190 1877 2266">
    <p class='ocr_par' dir='ltr' id='par_1_23' title="bbox 285 2190 1877 2266">
     <span class='ocr_line' id='line_1_23' title="bbox 285 2190 1877 2266; baseline 0.004 -19"><span class='ocrx_word' id='word_1_159' title='bbox 285 2190 618 2256; x_wconf 82' lang='lat' dir='ltr'><strong><em>monachus,</em></strong></span> <span class='ocrx_word' id='word_1_160' title='bbox 653 2191 747 2262; x_wconf 88' lang='lat' dir='ltr'><strong><em>qui</em></strong></span> <span class='ocrx_word' id='word_1_161' title='bbox 785 2191 896 2246; x_wconf 91' lang='lat' dir='ltr'><strong><em>Deo</em></strong></span> <span class='ocrx_word' id='word_1_162' title='bbox 922 2201 1176 2248; x_wconf 83' lang='lat' dir='ltr'><strong><em>movente</em></strong></span> <span class='ocrx_word' id='word_1_163' title='bbox 1202 2194 1364 2250; x_wconf 84' lang='lat' dir='ltr'><strong><em>talem</em></strong></span> <span class='ocrx_word' id='word_1_164' title='bbox 1393 2210 1612 2266; x_wconf 88' lang='lat' dir='ltr'><strong><em>operam</em></strong></span> <span class='ocrx_word' id='word_1_165' title='bbox 1640 2198 1877 2266; x_wconf 89' lang='lat' dir='ltr'><strong><em>posteris</em></strong></span> 
     </span>
    </p>
   </div>
   <div class='ocr_carea' id='block_1_24' title="bbox 291 2286 1877 2366">
    <p class='ocr_par' dir='ltr' id='par_1_24' title="bbox 291 2286 1877 2366">
     <span class='ocr_line' id='line_1_24' title="bbox 291 2286 1877 2366; baseline 0.007 -30"><span class='ocrx_word' id='word_1_166' title='bbox 291 2291 599 2354; x_wconf 82' lang='lat' dir='ltr'><strong><em>praestaret</em></strong></span> <span class='ocrx_word' id='word_1_167' title='bbox 636 2302 650 2338; x_wconf 92' lang='lat'><strong>:</strong></span> <span class='ocrx_word' id='word_1_168' title='bbox 691 2299 857 2354; x_wconf 88' lang='lat' dir='ltr'><strong><em>quem</em></strong></span> <span class='ocrx_word' id='word_1_169' title='bbox 905 2286 1163 2356; x_wconf 89' lang='lat' dir='ltr'><strong><em>equidem</em></strong></span> <span class='ocrx_word' id='word_1_170' title='bbox 1203 2287 1405 2366; x_wconf 88' lang='lat' dir='ltr'><strong><em>ipsum,</em></strong></span> <span class='ocrx_word' id='word_1_171' title='bbox 1439 2299 1536 2346; x_wconf 91' lang='lat' dir='ltr'><strong><em>aut</em></strong></span> <span class='ocrx_word' id='word_1_172' title='bbox 1577 2290 1766 2346; x_wconf 91' lang='lat' dir='ltr'><strong><em>divino</em></strong></span> <span class='ocrx_word' id='word_1_173' title='bbox 1805 2292 1877 2347; x_wconf 84' lang='lat' dir='ltr'><strong><em>si-</em></strong></span> 
     </span>
    </p>
   </div>
   <div class='ocr_carea' id='block_1_25' title="bbox 298 2376 1876 2460">
    <p class='ocr_par' dir='ltr' id='par_1_25' title="bbox 298 2376 1876 2460">
     <span class='ocr_line' id='line_1_25' title="bbox 298 2376 1876 2460; baseline 0.007 -30"><span class='ocrx_word' id='word_1_174' title='bbox 298 2376 412 2430; x_wconf 88' lang='lat' dir='ltr'><strong><em>mili</em></strong></span> <span class='ocrx_word' id='word_1_175' title='bbox 449 2386 662 2432; x_wconf 90' lang='lat' dir='ltr'><strong><em>motum</em></strong></span> <span class='ocrx_word' id='word_1_176' title='bbox 703 2379 941 2450; x_wconf 86' lang='lat' dir='ltr'><strong><em>impulsu</em></strong></span> <span class='ocrx_word' id='word_1_177' title='bbox 991 2379 1160 2437; x_wconf 90' lang='lat' dir='ltr'><strong><em>alium</em></strong></span> <span class='ocrx_word' id='word_1_178' title='bbox 1193 2397 1224 2437; x_wconf 91' lang='lat' dir='ltr'><strong><em>e</em></strong></span> <span class='ocrx_word' id='word_1_179' title='bbox 1257 2383 1562 2440; x_wconf 87' lang='lat' dir='ltr'><strong><em>coenobitis</em></strong></span> <span class='ocrx_word' id='word_1_180' title='bbox 1604 2387 1688 2440; x_wconf 89' lang='lat' dir='ltr'><strong><em>vel</em></strong></span> <span class='ocrx_word' id='word_1_181' title='bbox 1726 2387 1876 2460; x_wconf 90' lang='lat' dir='ltr'><strong><em>Tyrii</em></strong></span> 
     </span>
    </p>
   </div>
   <div class='ocr_carea' id='block_1_26' title="bbox 299 2467 1874 2539">
    <p class='ocr_par' dir='ltr' id='par_1_26' title="bbox 299 2467 1874 2539">
     <span class='ocr_line' id='line_1_26' title="bbox 299 2467 1874 2539; baseline 0.008 -19"><span class='ocrx_word' id='word_1_182' title='bbox 299 2467 521 2538; x_wconf 87' lang='lat' dir='ltr'><strong><em>prioris,</em></strong></span> <span class='ocrx_word' id='word_1_183' title='bbox 554 2468 654 2536; x_wconf 86' lang='lat' dir='ltr'><strong><em>ubi</em></strong></span> <span class='ocrx_word' id='word_1_184' title='bbox 684 2467 930 2526; x_wconf 88' lang='lat' dir='ltr'><strong><em>Zosimas</em></strong></span> <span class='ocrx_word' id='word_1_185' title='bbox 957 2470 1052 2526; x_wconf 91' lang='lat' dir='ltr'><strong><em>diu</em></strong></span> <span class='ocrx_word' id='word_1_186' title='bbox 1083 2473 1241 2539; x_wconf 88' lang='lat' dir='ltr'><strong><em>vixit,</em></strong></span> <span class='ocrx_word' id='word_1_187' title='bbox 1269 2474 1356 2530; x_wconf 91' lang='lat' dir='ltr'><strong><em>vel</em></strong></span> <span class='ocrx_word' id='word_1_188' title='bbox 1391 2475 1620 2531; x_wconf 83' lang='lat' dir='ltr'><strong><em>alterius</em></strong></span> <span class='ocrx_word' id='word_1_189' title='bbox 1650 2477 1874 2532; x_wconf 87' lang='lat' dir='ltr'><strong><em>Jordani</em></strong></span> 
     </span>
    </p>
   </div>
   <div class='ocr_carea' id='block_1_27' title="bbox 291 2558 1874 2634">
    <p class='ocr_par' dir='ltr' id='par_1_27' title="bbox 291 2558 1874 2634">
     <span class='ocr_line' id='line_1_27' title="bbox 291 2558 1874 2634; baseline 0.006 -23"><span class='ocrx_word' id='word_1_190' title='bbox 291 2558 613 2629; x_wconf 81' lang='lat' dir='ltr'><strong><em>prOpinqui,</em></strong></span> <span class='ocrx_word' id='word_1_191' title='bbox 673 2574 782 2631; x_wconf 89' lang='lat' dir='ltr'><strong><em>quo</em></strong></span> <span class='ocrx_word' id='word_1_192' title='bbox 840 2559 949 2615; x_wconf 90' lang='lat' dir='ltr'><strong><em>iam</em></strong></span> <span class='ocrx_word' id='word_1_193' title='bbox 998 2577 1165 2617; x_wconf 81' lang='lat' dir='ltr'><strong><em>senex</em></strong></span> <span class='ocrx_word' id='word_1_194' title='bbox 1226 2564 1501 2634; x_wconf 84' lang='lat' dir='ltr'><strong><em>migravit,</em></strong></span> <span class='ocrx_word' id='word_1_195' title='bbox 1556 2568 1874 2622; x_wconf 84' lang='lat' dir='ltr'><strong><em>monasterii</em></strong></span> 
     </span>
    </p>
   </div>
   <div class='ocr_carea' id='block_1_28' title="bbox 286 2648 1875 2727">
    <p class='ocr_par' dir='ltr' id='par_1_28' title="bbox 286 2648 1875 2727">
     <span class='ocr_line' id='line_1_28' title="bbox 286 2648 1875 2727; baseline 0.009 -28"><span class='ocrx_word' id='word_1_196' title='bbox 286 2649 610 2717; x_wconf 81' lang='lat' dir='ltr'><strong><em>quempiam</em></strong></span> <span class='ocrx_word' id='word_1_197' title='bbox 637 2648 972 2705; x_wconf 88' lang='lat' dir='ltr'><strong><em>crediderim</em></strong></span> <span class='ocrx_word' id='word_1_198' title='bbox 1002 2650 1139 2706; x_wconf 91' lang='lat' dir='ltr'><strong><em>haec</em></strong></span> <span class='ocrx_word' id='word_1_199' title='bbox 1165 2653 1347 2716; x_wconf 90' lang='lat' dir='ltr'><strong><em>nobis,</em></strong></span> <span class='ocrx_word' id='word_1_200' title='bbox 1391 2669 1532 2724; x_wconf 90' lang='lat' dir='ltr'><strong><em>quae</em></strong></span> <span class='ocrx_word' id='word_1_201' title='bbox 1572 2665 1667 2711; x_wconf 90' lang='lat' dir='ltr'><strong><em>aut</em></strong></span> <span class='ocrx_word' id='word_1_202' title='bbox 1695 2657 1809 2727; x_wconf 89' lang='lat' dir='ltr'><strong><em>ipse</em></strong></span> <span class='ocrx_word' id='word_1_203' title='bbox 1843 2673 1875 2714; x_wconf 88' lang='lat' dir='ltr'><strong><em>a</em></strong></span> 
     </span>
    </p>
   </div>
   <div class='ocr_carea' id='block_1_29' title="bbox 284 2739 1877 2816">
    <p class='ocr_par' dir='ltr' id='par_1_29' title="bbox 284 2739 1877 2816">
     <span class='ocr_line' id='line_1_29' title="bbox 284 2739 1877 2816; baseline 0.004 -23"><span class='ocrx_word' id='word_1_204' title='bbox 284 2739 511 2793; x_wconf 77' lang='lat' dir='ltr'><strong><em>Zosima</em></strong></span> <span class='ocrx_word' id='word_1_205' title='bbox 540 2739 813 2806; x_wconf 88' lang='lat' dir='ltr'><strong><em>audierat,</em></strong></span> <span class='ocrx_word' id='word_1_206' title='bbox 850 2749 945 2795; x_wconf 89' lang='lat' dir='ltr'><strong><em>aut</em></strong></span> <span class='ocrx_word' id='word_1_207' title='bbox 972 2741 1390 2798; x_wconf 89' lang='lat' dir='ltr'><strong><em>ereferentibus</em></strong></span> <span class='ocrx_word' id='word_1_208' title='bbox 1416 2754 1697 2816; x_wconf 78' lang='lat' dir='ltr'><strong><em>cognorat,</em></strong></span> <span class='ocrx_word' id='word_1_209' title='bbox 1729 2747 1877 2801; x_wconf 84' lang='lat' dir='ltr'><strong><em>Allo-</em></strong></span> 
     </span>
    </p>
   </div>
   <div class='ocr_carea' id='block_1_30' title="bbox 284 2831 1708 2914">
    <p class='ocr_par' dir='ltr' id='par_1_30' title="bbox 284 2831 1708 2914">
     <span class='ocr_line' id='line_1_30' title="bbox 284 2831 1708 2914; baseline 0.004 -29"><span class='ocrx_word' id='word_1_210' title='bbox 284 2831 422 2900; x_wconf 87' lang='lat' dir='ltr'><strong><em>quia</em></strong></span> <span class='ocrx_word' id='word_1_211' title='bbox 447 2845 716 2897; x_wconf 78' lang='lat' dir='ltr'><strong><em>servasse,</em></strong></span> <span class='ocrx_word' id='word_1_212' title='bbox 750 2831 819 2887; x_wconf 90' lang='lat' dir='ltr'><strong><em>iis</em></strong></span> <span class='ocrx_word' id='word_1_213' title='bbox 848 2832 1055 2902; x_wconf 90' lang='lat' dir='ltr'><strong><em>scripto</em></strong></span> <span class='ocrx_word' id='word_1_214' title='bbox 1088 2835 1541 2905; x_wconf 88' lang='lat' dir='ltr'><strong><em>complectendis.</em></strong></span> <span class='ocrx_word' id='word_1_215' title='bbox 1705 2911 1708 2914; x_wconf 16' lang='grc' dir='ltr'><strong>Δ</strong></span> 
     </span>
    </p>
   </div>
   <div class='ocr_carea' id='block_1_31' title="bbox 389 2924 1872 3000">
    <p class='ocr_par' dir='ltr' id='par_1_31' title="bbox 389 2924 1872 3000">
     <span class='ocr_line' id='line_1_31' title="bbox 389 2924 1872 3000; baseline 0.005 -22"><span class='ocrx_word' id='word_1_216' title='bbox 389 2925 399 2994; x_wconf 90' lang='lat'><strong><em>|</em></strong></span> <span class='ocrx_word' id='word_1_217' title='bbox 436 2924 670 2978; x_wconf 86' lang='lat' dir='ltr'><strong><em>Tertium</em></strong></span> <span class='ocrx_word' id='word_1_218' title='bbox 695 2932 874 2979; x_wconf 81' lang='lat' dir='ltr'><strong><em>exstat</em></strong></span> <span class='ocrx_word' id='word_1_219' title='bbox 895 2925 1160 2980; x_wconf 90' lang='lat' dir='ltr'><strong><em>indicium</em></strong></span> <span class='ocrx_word' id='word_1_220' title='bbox 1193 2942 1225 2982; x_wconf 90' lang='lat' dir='ltr'><strong><em>a</em></strong></span> <span class='ocrx_word' id='word_1_221' title='bbox 1262 2936 1510 3000; x_wconf 89' lang='lat' dir='ltr'><strong><em>tempore</em></strong></span> <span class='ocrx_word' id='word_1_222' title='bbox 1529 2931 1781 2996; x_wconf 86' lang='lat' dir='ltr'><strong><em>ductum,</em></strong></span> <span class='ocrx_word' id='word_1_223' title='bbox 1814 2931 1872 2985; x_wconf 91' lang='lat' dir='ltr'><strong><em>ui</em></strong></span> 
     </span>
    </p>
   </div>
   <div class='ocr_carea' id='block_1_32' title="bbox 285 3014 1874 3089">
    <p class='ocr_par' dir='ltr' id='par_1_32' title="bbox 285 3014 1874 3089">
     <span class='ocr_line' id='line_1_32' title="bbox 285 3014 1874 3089; baseline 0.005 -19"><span class='ocrx_word' id='word_1_224' title='bbox 285 3014 475 3081; x_wconf 85' lang='lat' dir='ltr'><strong><em>fallor,</em></strong></span> <span class='ocrx_word' id='word_1_225' title='bbox 502 3017 805 3072; x_wconf 78' lang='lat' dir='ltr'><strong><em>vehemens</em></strong></span> <span class='ocrx_word' id='word_1_226' title='bbox 835 3016 905 3072; x_wconf 91' lang='lat' dir='ltr'><strong><em>ad</em></strong></span> <span class='ocrx_word' id='word_1_227' title='bbox 935 3018 1300 3085; x_wconf 90' lang='lat' dir='ltr'><strong><em>suadendum,</em></strong></span> <span class='ocrx_word' id='word_1_228' title='bbox 1341 3021 1401 3076; x_wconf 94' lang='lat' dir='ltr'><strong><em>B.</em></strong></span> <span class='ocrx_word' id='word_1_229' title='bbox 1443 3022 1737 3089; x_wconf 89' lang='lat' dir='ltr'><strong><em>Zosimam,</em></strong></span> <span class='ocrx_word' id='word_1_230' title='bbox 1774 3040 1874 3080; x_wconf 90' lang='lat' dir='ltr'><strong><em>cu-</em></strong></span> 
     </span>
    </p>
   </div>
   <div class='ocr_carea' id='block_1_33' title="bbox 1981 543 3562 623">
    <p class='ocr_par' dir='ltr' id='par_1_33' title="bbox 1981 543 3562 623">
     <span class='ocr_line' id='line_1_33' title="bbox 1981 543 3562 623; baseline 0.008 -29"><span class='ocrx_word' id='word_1_231' title='bbox 1981 558 2098 596; x_wconf 89' lang='lat' dir='ltr'><strong><em>sam</em></strong></span> <span class='ocrx_word' id='word_1_232' title='bbox 2117 543 2328 596; x_wconf 85' lang='lat' dir='ltr'><strong><em>tandem</em></strong></span> <span class='ocrx_word' id='word_1_233' title='bbox 2343 545 2493 597; x_wconf 84' lang='lat' dir='ltr'><strong><em>cessit</em></strong></span> <span class='ocrx_word' id='word_1_234' title='bbox 2515 547 2834 617; x_wconf 86' lang='lat' dir='ltr'><strong><em>episcopatu,</em></strong></span> <span class='ocrx_word' id='word_1_235' title='bbox 2851 557 2910 602; x_wconf 88' lang='lat' dir='ltr'><strong><em>ut</em></strong></span> <span class='ocrx_word' id='word_1_236' title='bbox 2925 552 3206 620; x_wconf 88' lang='lat' dir='ltr'><strong><em>pristinum</em></strong></span> <span class='ocrx_word' id='word_1_237' title='bbox 3231 551 3326 604; x_wconf 84' lang='lat' dir='ltr'><strong><em>sibi</em></strong></span> <span class='ocrx_word' id='word_1_238' title='bbox 3347 552 3562 623; x_wconf 83' lang='lat' dir='ltr'><strong><em>linguae</em></strong></span> 
     </span>
    </p>
   </div>
   <div class='ocr_carea' id='block_1_34' title="bbox 1980 633 3558 711">
    <p class='ocr_par' dir='ltr' id='par_1_34' title="bbox 1980 633 3558 711">
     <span class='ocr_line' id='line_1_34' title="bbox 1980 633 3558 711; baseline 0.007 -25"><span class='ocrx_word' id='word_1_239' title='bbox 1980 633 2214 704; x_wconf 78' lang='lat' dir='ltr'><strong><em>ofﬁcium</em></strong></span> <span class='ocrx_word' id='word_1_240' title='bbox 2242 635 2546 690; x_wconf 85' lang='lat' dir='ltr'><strong><em>redderetur</em></strong></span> <span class='ocrx_word' id='word_1_241' title='bbox 2574 653 2592 692; x_wconf 93' lang='lat'><strong><em>:</em></strong></span> <span class='ocrx_word' id='word_1_242' title='bbox 2619 639 2787 694; x_wconf 89' lang='lat' dir='ltr'><strong><em>verba</em></strong></span> <span class='ocrx_word' id='word_1_243' title='bbox 2809 647 2938 694; x_wconf 92' lang='lat' dir='ltr'><strong><em>sunt</em></strong></span> <span class='ocrx_word' id='word_1_244' title='bbox 2967 640 3291 706; x_wconf 85' lang='lat' dir='ltr'><strong><em>Marcellini,</em></strong></span> <span class='ocrx_word' id='word_1_245' title='bbox 3315 643 3410 711; x_wconf 91' lang='lat' dir='ltr'><strong><em>qui</em></strong></span> <span class='ocrx_word' id='word_1_246' title='bbox 3435 660 3558 698; x_wconf 87' lang='lat' dir='ltr'><strong><em>mox</em></strong></span> 
     </span>
    </p>
   </div>
   <div class='ocr_carea' id='block_1_35' title="bbox 1979 725 3564 801">
    <p class='ocr_par' dir='ltr' id='par_1_35' title="bbox 1979 725 3564 801">
     <span class='ocr_line' id='line_1_35' title="bbox 1979 725 3564 801; baseline 0.005 -22"><span class='ocrx_word' id='word_1_247' title='bbox 1979 725 2134 780; x_wconf 89' lang='lat' dir='ltr'><strong><em>addit</em></strong></span> <span class='ocrx_word' id='word_1_248' title='bbox 2170 743 2184 779; x_wconf 89' lang='lat'><strong>:</strong></span> <span class='ocrx_word' id='word_1_249' title='bbox 2213 743 2316 780; x_wconf 91' lang='lat' dir='ltr'><strong><em>non</em></strong></span> <span class='ocrx_word' id='word_1_250' title='bbox 2345 744 2426 782; x_wconf 88' lang='lat' dir='ltr'><strong><em>res</em></strong></span> <span class='ocrx_word' id='word_1_251' title='bbox 2465 730 2712 800; x_wconf 89' lang='lat' dir='ltr'><strong><em>antiquas</em></strong></span> <span class='ocrx_word' id='word_1_252' title='bbox 2741 731 3131 801; x_wconf 79' lang='lat' dir='ltr'><strong><em>referimus.....</em></strong></span> <span class='ocrx_word' id='word_1_253' title='bbox 3164 750 3291 786; x_wconf 90' lang='lat' dir='ltr'><strong><em>nam</em></strong></span> <span class='ocrx_word' id='word_1_254' title='bbox 3319 744 3367 786; x_wconf 87' lang='lat' dir='ltr'><strong><em>et</em></strong></span> <span class='ocrx_word' id='word_1_255' title='bbox 3412 735 3564 788; x_wconf 83' lang='lat' dir='ltr'><strong><em>hodie</em></strong></span> 
     </span>
    </p>
   </div>
   <div class='ocr_carea' id='block_1_36' title="bbox 1979 816 3562 895">
    <p class='ocr_par' dir='ltr' id='par_1_36' title="bbox 1979 816 3562 895">
     <span class='ocr_line' id='line_1_36' title="bbox 1979 816 3562 895; baseline 0.006 -25"><span class='ocrx_word' id='word_1_256' title='bbox 1979 816 2221 872; x_wconf 88' lang='lat' dir='ltr'><strong><em>Zosimas</em></strong></span> <span class='ocrx_word' id='word_1_257' title='bbox 2248 820 2306 895; x_wconf 77' lang='lat' dir='ltr'><strong><em>in</em></strong></span> <span class='ocrx_word' id='word_1_258' title='bbox 2333 835 2552 890; x_wconf 87' lang='lat' dir='ltr'><strong><em>corpore</em></strong></span> <span class='ocrx_word' id='word_1_259' title='bbox 2591 831 2690 887; x_wconf 87' lang='lat' dir='ltr'><strong><em>est,</em></strong></span> <span class='ocrx_word' id='word_1_260' title='bbox 2721 839 2877 877; x_wconf 85' lang='lat' dir='ltr'><strong><em>usum</em></strong></span> <span class='ocrx_word' id='word_1_261' title='bbox 2916 823 3128 894; x_wconf 87' lang='lat' dir='ltr'><strong><em>linguae</em></strong></span> <span class='ocrx_word' id='word_1_262' title='bbox 3166 840 3270 878; x_wconf 88' lang='lat' dir='ltr'><strong><em>non</em></strong></span> <span class='ocrx_word' id='word_1_263' title='bbox 3291 827 3562 893; x_wconf 84' lang='lat' dir='ltr'><strong><em>amittens,</em></strong></span> 
     </span>
    </p>
   </div>
   <div class='ocr_carea' id='block_1_37' title="bbox 1979 911 3558 986">
    <p class='ocr_par' dir='ltr' id='par_1_37' title="bbox 1979 911 3558 986">
     <span class='ocr_line' id='line_1_37' title="bbox 1979 911 3558 986; baseline 0.004 -23"><span class='ocrx_word' id='word_1_264' title='bbox 1979 918 2258 982; x_wconf 84' lang='lat' dir='ltr'><strong><em>postquam</em></strong></span> <span class='ocrx_word' id='word_1_265' title='bbox 2297 911 2490 966; x_wconf 89' lang='lat' dir='ltr'><strong><em>maluit</em></strong></span> <span class='ocrx_word' id='word_1_266' title='bbox 2533 930 2652 968; x_wconf 86' lang='lat' dir='ltr'><strong><em>cum</em></strong></span> <span class='ocrx_word' id='word_1_267' title='bbox 2687 915 2970 970; x_wconf 88' lang='lat' dir='ltr'><strong><em>amissione</em></strong></span> <span class='ocrx_word' id='word_1_268' title='bbox 3005 917 3331 986; x_wconf 86' lang='lat' dir='ltr'><strong><em>episcopatus</em></strong></span> <span class='ocrx_word' id='word_1_269' title='bbox 3368 919 3558 972; x_wconf 75' lang='lat' dir='ltr'><strong><em>vivere.</em></strong></span> 
     </span>
    </p>
   </div>
   <div class='ocr_carea' id='block_1_38' title="bbox 1979 1002 3566 1072">
    <p class='ocr_par' dir='ltr' id='par_1_38' title="bbox 1979 1002 3566 1072">
     <span class='ocr_line' id='line_1_38' title="bbox 1979 1002 3566 1072; baseline 0.004 -16"><span class='ocrx_word' id='word_1_270' title='bbox 1979 1002 2164 1057; x_wconf 81' lang='lat' dir='ltr'><strong><em>Videri</em></strong></span> <span class='ocrx_word' id='word_1_271' title='bbox 2199 1011 2382 1072; x_wconf 90' lang='lat' dir='ltr'><strong><em>potest</em></strong></span> <span class='ocrx_word' id='word_1_272' title='bbox 2429 1003 2519 1058; x_wconf 92' lang='lat' dir='ltr'><strong><em>hic</em></strong></span> <span class='ocrx_word' id='word_1_273' title='bbox 2553 1003 2798 1060; x_wconf 88' lang='lat' dir='ltr'><strong><em>Zosimas</em></strong></span> <span class='ocrx_word' id='word_1_274' title='bbox 2845 1014 2956 1060; x_wconf 90' lang='lat' dir='ltr'><strong><em>tam</em></strong></span> <span class='ocrx_word' id='word_1_275' title='bbox 3009 1007 3251 1061; x_wconf 86' lang='lat' dir='ltr'><strong><em>evidenti</em></strong></span> <span class='ocrx_word' id='word_1_276' title='bbox 3295 1009 3566 1062; x_wconf 89' lang='lat' dir='ltr'><strong><em>miraculo</em></strong></span> 
     </span>
    </p>
   </div>
   <div class='ocr_carea' id='block_1_39' title="bbox 1977 1091 3563 1165">
    <p class='ocr_par' dir='ltr' id='par_1_39' title="bbox 1977 1091 3563 1165">
     <span class='ocr_line' id='line_1_39' title="bbox 1977 1091 3563 1165; baseline 0.003 -19"><span class='ocrx_word' id='word_1_277' title='bbox 1977 1091 2296 1161; x_wconf 84' lang='lat' dir='ltr'><strong><em>resipuisse,</em></strong></span> <span class='ocrx_word' id='word_1_278' title='bbox 2329 1106 2470 1161; x_wconf 88' lang='lat' dir='ltr'><strong><em>quae</em></strong></span> <span class='ocrx_word' id='word_1_279' title='bbox 2510 1107 2675 1146; x_wconf 90' lang='lat' dir='ltr'><strong><em>causa</em></strong></span> <span class='ocrx_word' id='word_1_280' title='bbox 2710 1092 2941 1148; x_wconf 87' lang='lat' dir='ltr'><strong><em>fortasse</em></strong></span> <span class='ocrx_word' id='word_1_281' title='bbox 2979 1093 3149 1148; x_wconf 89' lang='lat' dir='ltr'><strong><em>fuerit</em></strong></span> <span class='ocrx_word' id='word_1_282' title='bbox 3186 1111 3455 1165; x_wconf 79' lang='lat' dir='ltr'><strong><em>anonymo</em></strong></span> <span class='ocrx_word' id='word_1_283' title='bbox 3493 1095 3563 1151; x_wconf 71' lang='lat' dir='ltr'><strong><em>de.</em></strong></span> 
     </span>
    </p>
   </div>
   <div class='ocr_carea' id='block_1_40' title="bbox 1977 1181 3578 1257">
    <p class='ocr_par' dir='ltr' id='par_1_40' title="bbox 1977 1181 3578 1257">
     <span class='ocr_line' id='line_1_40' title="bbox 1977 1181 3578 1257; baseline 0.005 -22"><span class='ocrx_word' id='word_1_284' title='bbox 1977 1181 2099 1236; x_wconf 86' lang='lat' dir='ltr'><strong><em>eius</em></strong></span> <span class='ocrx_word' id='word_1_285' title='bbox 2126 1197 2316 1236; x_wconf 90' lang='lat' dir='ltr'><strong><em>errore</em></strong></span> <span class='ocrx_word' id='word_1_286' title='bbox 2355 1191 2415 1236; x_wconf 93' lang='lat' dir='ltr'><strong><em>ut</em></strong></span> <span class='ocrx_word' id='word_1_287' title='bbox 2437 1184 2734 1253; x_wconf 89' lang='lat' dir='ltr'><strong><em>praeterito</em></strong></span> <span class='ocrx_word' id='word_1_288' title='bbox 2767 1185 3048 1254; x_wconf 87' lang='lat' dir='ltr'><strong><em>loquendi.</em></strong></span> <span class='ocrx_word' id='word_1_289' title='bbox 3080 1185 3356 1257; x_wconf 84' lang='lat' dir='ltr'><strong><em>Quidquid</em></strong></span> <span class='ocrx_word' id='word_1_290' title='bbox 3402 1187 3459 1242; x_wconf 90' lang='lat' dir='ltr'><strong><em>in</em></strong></span> <span class='ocrx_word' id='word_1_291' title='bbox 3500 1203 3578 1244; x_wconf 87' lang='lat' dir='ltr'><strong><em>re&#39;</em></strong></span> 
     </span>
    </p>
   </div>
   <div class='ocr_carea' id='block_1_41' title="bbox 1977 1274 3564 1341">
    <p class='ocr_par' dir='ltr' id='par_1_41' title="bbox 1977 1274 3564 1341">
     <span class='ocr_line' id='line_1_41' title="bbox 1977 1274 3564 1341; baseline 0.003 -13"><span class='ocrx_word' id='word_1_292' title='bbox 1977 1274 2068 1339; x_wconf 87' lang='lat' dir='ltr'><strong><em>sit,</em></strong></span> <span class='ocrx_word' id='word_1_293' title='bbox 2104 1289 2171 1329; x_wconf 83' lang='lat' dir='ltr'><strong><em>ex</em></strong></span> <span class='ocrx_word' id='word_1_294' title='bbox 2197 1275 2284 1330; x_wconf 90' lang='lat' dir='ltr'><strong><em>his</em></strong></span> <span class='ocrx_word' id='word_1_295' title='bbox 2310 1275 2598 1341; x_wconf 90' lang='lat' dir='ltr'><strong><em>habemus,</em></strong></span> <span class='ocrx_word' id='word_1_296' title='bbox 2640 1283 2698 1330; x_wconf 90' lang='lat' dir='ltr'><strong><em>et</em></strong></span> <span class='ocrx_word' id='word_1_297' title='bbox 2729 1276 2785 1330; x_wconf 90' lang='lat' dir='ltr'><strong><em>S.</em></strong></span> <span class='ocrx_word' id='word_1_298' title='bbox 2811 1277 3082 1332; x_wconf 90' lang='lat' dir='ltr'><strong><em>Zosimam</em></strong></span> <span class='ocrx_word' id='word_1_299' title='bbox 3109 1288 3166 1332; x_wconf 90' lang='lat' dir='ltr'><strong><em>et</em></strong></span> <span class='ocrx_word' id='word_1_300' title='bbox 3206 1279 3375 1332; x_wconf 90' lang='lat' dir='ltr'><strong><em>alium</em></strong></span> <span class='ocrx_word' id='word_1_301' title='bbox 3414 1279 3564 1334; x_wconf 91' lang='lat' dir='ltr'><strong><em>eius-</em></strong></span> 
     </span>
    </p>
   </div>
   <div class='ocr_carea' id='block_1_42' title="bbox 1977 1361 3559 1437">
    <p class='ocr_par' dir='ltr' id='par_1_42' title="bbox 1977 1361 3559 1437">
     <span class='ocr_line' id='line_1_42' title="bbox 1977 1361 3559 1437; baseline 0.004 -21"><span class='ocrx_word' id='word_1_302' title='bbox 1977 1361 2102 1416; x_wconf 90' lang='lat' dir='ltr'><strong><em>dem</em></strong></span> <span class='ocrx_word' id='word_1_303' title='bbox 2130 1363 2370 1418; x_wconf 87' lang='lat' dir='ltr'><strong><em>nominis</em></strong></span> <span class='ocrx_word' id='word_1_304' title='bbox 2397 1379 2505 1418; x_wconf 91' lang='lat' dir='ltr'><strong><em>non</em></strong></span> <span class='ocrx_word' id='word_1_305' title='bbox 2531 1373 2783 1419; x_wconf 87' lang='lat' dir='ltr'><strong><em>sanctum</em></strong></span> <span class='ocrx_word' id='word_1_306' title='bbox 2810 1365 3003 1419; x_wconf 89' lang='lat' dir='ltr'><strong><em>eodem</em></strong></span> <span class='ocrx_word' id='word_1_307' title='bbox 3034 1375 3299 1437; x_wconf 90' lang='lat' dir='ltr'><strong><em>tempore,</em></strong></span> <span class='ocrx_word' id='word_1_308' title='bbox 3322 1368 3427 1423; x_wconf 88' lang='lat' dir='ltr'><strong><em>hoc</em></strong></span> <span class='ocrx_word' id='word_1_309' title='bbox 3453 1378 3559 1434; x_wconf 91' lang='lat' dir='ltr'><strong><em>est,</em></strong></span> 
     </span>
    </p>
   </div>
   <div class='ocr_carea' id='block_1_43' title="bbox 1976 1454 3559 1528">
    <p class='ocr_par' dir='ltr' id='par_1_43' title="bbox 1976 1454 3559 1528">
     <span class='ocr_line' id='line_1_43' title="bbox 1976 1454 3559 1528; baseline 0.003 -19"><span class='ocrx_word' id='word_1_310' title='bbox 1976 1455 2081 1509; x_wconf 91' lang='lat' dir='ltr'><strong><em>sub</em></strong></span> <span class='ocrx_word' id='word_1_311' title='bbox 2106 1454 2270 1510; x_wconf 86' lang='lat' dir='ltr'><strong><em>ﬁnem</em></strong></span> <span class='ocrx_word' id='word_1_312' title='bbox 2297 1457 2481 1525; x_wconf 88' lang='lat' dir='ltr'><strong><em>quarti</em></strong></span> <span class='ocrx_word' id='word_1_313' title='bbox 2526 1456 2730 1512; x_wconf 89' lang='lat' dir='ltr'><strong><em>saeculi</em></strong></span> <span class='ocrx_word' id='word_1_314' title='bbox 2760 1456 2982 1511; x_wconf 81' lang='lat' dir='ltr'><strong><em>vixisse.</em></strong></span> <span class='ocrx_word' id='word_1_315' title='bbox 3017 1457 3133 1512; x_wconf 86' lang='lat' dir='ltr'><strong><em>lloc</em></strong></span> <span class='ocrx_word' id='word_1_316' title='bbox 3169 1459 3394 1528; x_wconf 90' lang='lat' dir='ltr'><strong><em>quidem</em></strong></span> <span class='ocrx_word' id='word_1_317' title='bbox 3435 1459 3559 1513; x_wconf 89' lang='lat' dir='ltr'><strong><em>hie-</em></strong></span> 
     </span>
    </p>
   </div>
   <div class='ocr_carea' id='block_1_44' title="bbox 1977 1545 3559 1618">
    <p class='ocr_par' dir='ltr' id='par_1_44' title="bbox 1977 1545 3559 1618">
     <span class='ocr_line' id='line_1_44' title="bbox 1977 1545 3559 1618; baseline 0.005 -20"><span class='ocrx_word' id='word_1_318' title='bbox 1977 1545 2313 1600; x_wconf 89' lang='lat' dir='ltr'><strong><em>romonacho</em></strong></span> <span class='ocrx_word' id='word_1_319' title='bbox 2350 1546 2409 1600; x_wconf 93' lang='lat' dir='ltr'><strong><em>B.</em></strong></span> <span class='ocrx_word' id='word_1_320' title='bbox 2443 1545 2628 1600; x_wconf 90' lang='lat' dir='ltr'><strong><em>abbati</em></strong></span> <span class='ocrx_word' id='word_1_321' title='bbox 2666 1545 2914 1602; x_wconf 89' lang='lat' dir='ltr'><strong><em>Zosimae</em></strong></span> <span class='ocrx_word' id='word_1_322' title='bbox 2944 1550 3224 1618; x_wconf 88' lang='lat' dir='ltr'><strong><em>competit.</em></strong></span> <span class='ocrx_word' id='word_1_323' title='bbox 3255 1550 3391 1604; x_wconf 87' lang='lat' dir='ltr'><strong><em>Nam</em></strong></span> <span class='ocrx_word' id='word_1_324' title='bbox 3431 1567 3559 1606; x_wconf 91' lang='lat' dir='ltr'><strong><em>cum</em></strong></span> 
     </span>
    </p>
   </div>
   <div class='ocr_carea' id='block_1_45' title="bbox 1976 1635 3561 1712">
    <p class='ocr_par' dir='ltr' id='par_1_45' title="bbox 1976 1635 3561 1712">
     <span class='ocr_line' id='line_1_45' title="bbox 1976 1635 3561 1712; baseline 0.006 -23"><span class='ocrx_word' id='word_1_325' title='bbox 1976 1635 2595 1707; x_wconf 90' lang='lat' dir='ltr'><strong><em>DaniclPapebrochius</em></strong></span> <span class='ocrx_word' id='word_1_326' title='bbox 2628 1646 2818 1692; x_wconf 89' lang='lat' dir='ltr'><strong><em>noster</em></strong></span> <span class='ocrx_word' id='word_1_327' title='bbox 2843 1637 2999 1692; x_wconf 92' lang='lat' dir='ltr'><strong><em>Tom.</em></strong></span> <span class='ocrx_word' id='word_1_328' title='bbox 3039 1638 3059 1693; x_wconf 86' lang='grc' dir='ltr'>Ι</span> <span class='ocrx_word' id='word_1_329' title='bbox 3093 1639 3268 1710; x_wconf 88' lang='lat' dir='ltr'><strong><em>April.</em></strong></span> <span class='ocrx_word' id='word_1_330' title='bbox 3322 1657 3446 1712; x_wconf 87' lang='lat' dir='ltr'><strong><em>pag.</em></strong></span> <span class='ocrx_word' id='word_1_331' title='bbox 3489 1643 3561 1698; x_wconf 90' lang='lat'><strong><em>68</em></strong></span> 
     </span>
    </p>
   </div>
   <div class='ocr_carea' id='block_1_46' title="bbox 1977 1727 3561 1797">
    <p class='ocr_par' dir='ltr' id='par_1_46' title="bbox 1977 1727 3561 1797">
     <span class='ocr_line' id='line_1_46' title="bbox 1977 1727 3561 1797; baseline 0.005 -16"><span class='ocrx_word' id='word_1_332' title='bbox 1977 1736 2168 1797; x_wconf 85' lang='lat' dir='ltr'><strong><em>argute</em></strong></span> <span class='ocrx_word' id='word_1_333' title='bbox 2197 1727 2541 1783; x_wconf 88' lang='lat' dir='ltr'><strong><em>demonstret</em></strong></span> <span class='ocrx_word' id='word_1_334' title='bbox 2581 1745 2651 1782; x_wconf 82' lang='lat' dir='ltr'><strong><em>ex</em></strong></span> <span class='ocrx_word' id='word_1_335' title='bbox 2689 1728 3010 1784; x_wconf 88' lang='lat' dir='ltr'><strong><em>charactere</em></strong></span> <span class='ocrx_word' id='word_1_336' title='bbox 3038 1731 3300 1797; x_wconf 86' lang='lat' dir='ltr'><strong><em>Paschae,</em></strong></span> <span class='ocrx_word' id='word_1_337' title='bbox 3344 1733 3399 1788; x_wconf 91' lang='lat' dir='ltr'><strong><em>S.</em></strong></span> <span class='ocrx_word' id='word_1_338' title='bbox 3447 1734 3561 1790; x_wconf 84' lang='lat' dir='ltr'><strong><em>Ma-</em></strong></span> 
     </span>
    </p>
   </div>
   <div class='ocr_carea' id='block_1_47' title="bbox 1977 1820 3558 1896">
    <p class='ocr_par' dir='ltr' id='par_1_47' title="bbox 1977 1820 3558 1896">
     <span class='ocr_line' id='line_1_47' title="bbox 1977 1820 3558 1896; baseline 0.006 -21"><span class='ocrx_word' id='word_1_339' title='bbox 1977 1821 2114 1876; x_wconf 89' lang='lat' dir='ltr'><strong><em>riam</em></strong></span> <span class='ocrx_word' id='word_1_340' title='bbox 2167 1820 2554 1894; x_wconf 85' lang='lat' dir='ltr'><strong><em>Acgyptiacam</em></strong></span> <span class='ocrx_word' id='word_1_341' title='bbox 2594 1823 2798 1879; x_wconf 90' lang='lat' dir='ltr'><strong><em>obiisse</em></strong></span> <span class='ocrx_word' id='word_1_342' title='bbox 2853 1825 2943 1879; x_wconf 91' lang='lat' dir='ltr'><strong><em>die</em></strong></span> <span class='ocrx_word' id='word_1_343' title='bbox 2997 1824 3019 1878; x_wconf 90' lang='lat' dir='ltr'><strong><em>l</em></strong></span> <span class='ocrx_word' id='word_1_344' title='bbox 3058 1825 3234 1895; x_wconf 87' lang='lat' dir='ltr'><strong><em>April.</em></strong></span> <span class='ocrx_word' id='word_1_345' title='bbox 3267 1843 3558 1896; x_wconf 81' lang='lat' dir='ltr'><strong><em>parasceve</em></strong></span> 
     </span>
    </p>
   </div>
   <div class='ocr_carea' id='block_1_48' title="bbox 1977 1912 3562 1987">
    <p class='ocr_par' dir='ltr' id='par_1_48' title="bbox 1977 1912 3562 1987">
     <span class='ocr_line' id='line_1_48' title="bbox 1977 1912 3562 1987; baseline 0.005 -21"><span class='ocrx_word' id='word_1_346' title='bbox 1977 1912 2214 1968; x_wconf 81' lang='lat' dir='ltr'><strong><em>PaSchae</em></strong></span> <span class='ocrx_word' id='word_1_347' title='bbox 2246 1929 2390 1969; x_wconf 91' lang='lat' dir='ltr'><strong><em>anno</em></strong></span> <span class='ocrx_word' id='word_1_348' title='bbox 2419 1914 2627 1970; x_wconf 83' lang='lat' dir='ltr'><strong><em>Christi</em></strong></span> <span class='ocrx_word' id='word_1_349' title='bbox 2653 1915 2780 1979; x_wconf 72' lang='lat'><strong><em>452,</em></strong></span> <span class='ocrx_word' id='word_1_350' title='bbox 2841 1923 3134 1986; x_wconf 89' lang='lat' dir='ltr'><strong><em>postquam</em></strong></span> <span class='ocrx_word' id='word_1_351' title='bbox 3176 1918 3357 1987; x_wconf 88' lang='lat' dir='ltr'><strong><em>pridie</em></strong></span> <span class='ocrx_word' id='word_1_352' title='bbox 3397 1935 3428 1974; x_wconf 92' lang='lat' dir='ltr'><strong><em>a</em></strong></span> <span class='ocrx_word' id='word_1_353' title='bbox 3455 1921 3562 1974; x_wconf 85' lang='lat' dir='ltr'><strong><em>Zo-</em></strong></span> 
     </span>
    </p>
   </div>
   <div class='ocr_carea' id='block_1_49' title="bbox 1978 2004 3560 2083">
    <p class='ocr_par' dir='ltr' id='par_1_49' title="bbox 1978 2004 3560 2083">
     <span class='ocr_line' id='line_1_49' title="bbox 1978 2004 3560 2083; baseline 0.005 -25"><span class='ocrx_word' id='word_1_354' title='bbox 1978 2004 2114 2058; x_wconf 88' lang='lat' dir='ltr'><strong><em>sima</em></strong></span> <span class='ocrx_word' id='word_1_355' title='bbox 2143 2005 2364 2060; x_wconf 89' lang='lat' dir='ltr'><strong><em>circiter</em></strong></span> <span class='ocrx_word' id='word_1_356' title='bbox 2407 2005 2828 2077; x_wconf 89' lang='lat' dir='ltr'><strong><em>septuagenario</em></strong></span> <span class='ocrx_word' id='word_1_357' title='bbox 2857 2022 3071 2060; x_wconf 90' lang='lat' dir='ltr'><strong><em>sacrum</em></strong></span> <span class='ocrx_word' id='word_1_358' title='bbox 3109 2007 3314 2063; x_wconf 88' lang='lat' dir='ltr'><strong><em>Christi</em></strong></span> <span class='ocrx_word' id='word_1_359' title='bbox 3360 2025 3560 2083; x_wconf 87' lang='lat' dir='ltr'><strong><em>corpo-</em></strong></span> 
     </span>
    </p>
   </div>
   <div class='ocr_carea' id='block_1_50' title="bbox 1977 2096 3559 2169">
    <p class='ocr_par' dir='ltr' id='par_1_50' title="bbox 1977 2096 3559 2169">
     <span class='ocr_line' id='line_1_50' title="bbox 1977 2096 3559 2169; baseline 0.006 -20"><span class='ocrx_word' id='word_1_360' title='bbox 1977 2096 2057 2150; x_wconf 90' lang='lat' dir='ltr'><strong><em>ris</em></strong></span> <span class='ocrx_word' id='word_1_361' title='bbox 2094 2103 2151 2150; x_wconf 88' lang='lat' dir='ltr'><strong><em>et</em></strong></span> <span class='ocrx_word' id='word_1_362' title='bbox 2189 2097 2470 2167; x_wconf 85' lang='lat' dir='ltr'><strong><em>sanguinis</em></strong></span> <span class='ocrx_word' id='word_1_363' title='bbox 2506 2097 2769 2151; x_wconf 88' lang='lat' dir='ltr'><strong><em>viaticum</em></strong></span> <span class='ocrx_word' id='word_1_364' title='bbox 2813 2098 3171 2169; x_wconf 88' lang='lat' dir='ltr'><strong><em>percepisset,</em></strong></span> <span class='ocrx_word' id='word_1_365' title='bbox 3205 2101 3559 2159; x_wconf 87' lang='lat' dir='ltr'><strong><em>manifestum</em></strong></span> 
     </span>
    </p>
   </div>
   <div class='ocr_carea' id='block_1_51' title="bbox 1975 2187 3559 2260">
    <p class='ocr_par' dir='ltr' id='par_1_51' title="bbox 1975 2187 3559 2260">
     <span class='ocr_line' id='line_1_51' title="bbox 1975 2187 3559 2260; baseline 0.006 -20"><span class='ocrx_word' id='word_1_366' title='bbox 1975 2196 2080 2250; x_wconf 91' lang='lat' dir='ltr'><strong><em>est,</em></strong></span> <span class='ocrx_word' id='word_1_367' title='bbox 2122 2203 2248 2242; x_wconf 90' lang='lat' dir='ltr'><strong><em>eum</em></strong></span> <span class='ocrx_word' id='word_1_368' title='bbox 2287 2188 2477 2242; x_wconf 90' lang='lat' dir='ltr'><strong><em>multis</em></strong></span> <span class='ocrx_word' id='word_1_369' title='bbox 2514 2187 2674 2242; x_wconf 89' lang='lat' dir='ltr'><strong><em>annis</em></strong></span> <span class='ocrx_word' id='word_1_370' title='bbox 2699 2195 2826 2242; x_wconf 89' lang='lat' dir='ltr'><strong><em>ante</em></strong></span> <span class='ocrx_word' id='word_1_371' title='bbox 2865 2189 3366 2260; x_wconf 88' lang='lat' dir='ltr'><strong><em>quingentesimum</em></strong></span> <span class='ocrx_word' id='word_1_372' title='bbox 3398 2209 3559 2250; x_wconf 90' lang='lat' dir='ltr'><strong><em>aerae</em></strong></span> 
     </span>
    </p>
   </div>
   <div class='ocr_carea' id='block_1_52' title="bbox 1974 2279 3563 2348">
    <p class='ocr_par' dir='ltr' id='par_1_52' title="bbox 1974 2279 3563 2348">
     <span class='ocr_line' id='line_1_52' title="bbox 1974 2279 3563 2348; baseline 0.003 -13"><span class='ocrx_word' id='word_1_373' title='bbox 1974 2279 2176 2335; x_wconf 89' lang='lat' dir='ltr'><strong><em>Christi</em></strong></span> <span class='ocrx_word' id='word_1_374' title='bbox 2198 2296 2308 2335; x_wconf 90' lang='lat' dir='ltr'><strong><em>non</em></strong></span> <span class='ocrx_word' id='word_1_375' title='bbox 2342 2281 2516 2336; x_wconf 89' lang='lat' dir='ltr'><strong><em>solum</em></strong></span> <span class='ocrx_word' id='word_1_376' title='bbox 2555 2280 2778 2346; x_wconf 78' lang='lat' dir='ltr'><strong><em>vixisse,</em></strong></span> <span class='ocrx_word' id='word_1_377' title='bbox 2819 2281 2915 2336; x_wconf 87' lang='lat' dir='ltr'><strong><em>sed</em></strong></span> <span class='ocrx_word' id='word_1_378' title='bbox 2953 2281 3120 2336; x_wconf 86' lang='lat' dir='ltr'><strong><em>vitam</em></strong></span> <span class='ocrx_word' id='word_1_379' title='bbox 3159 2283 3327 2338; x_wconf 89' lang='lat' dir='ltr'><strong><em>etiam</em></strong></span> <span class='ocrx_word' id='word_1_380' title='bbox 3365 2285 3563 2348; x_wconf 86' lang='lat' dir='ltr'><strong><em>asceti-</em></strong></span> 
     </span>
    </p>
   </div>
   <div class='ocr_carea' id='block_1_53' title="bbox 1976 2372 3559 2448">
    <p class='ocr_par' dir='ltr' id='par_1_53' title="bbox 1976 2372 3559 2448">
     <span class='ocr_line' id='line_1_53' title="bbox 1976 2372 3559 2448; baseline 0.004 -22"><span class='ocrx_word' id='word_1_381' title='bbox 1976 2385 2094 2426; x_wconf 89' lang='lat' dir='ltr'><strong><em>cam</em></strong></span> <span class='ocrx_word' id='word_1_382' title='bbox 2140 2372 2484 2427; x_wconf 86' lang='lat' dir='ltr'><strong><em>sanctissime</em></strong></span> <span class='ocrx_word' id='word_1_383' title='bbox 2530 2373 2765 2428; x_wconf 90' lang='lat' dir='ltr'><strong><em>coluisse</em></strong></span> <span class='ocrx_word' id='word_1_384' title='bbox 2836 2374 2890 2428; x_wconf 93' lang='lat' dir='ltr'><strong><em>in</em></strong></span> <span class='ocrx_word' id='word_1_385' title='bbox 2937 2375 3109 2444; x_wconf 91' lang='lat' dir='ltr'><strong><em>priori</em></strong></span> <span class='ocrx_word' id='word_1_386' title='bbox 3151 2376 3296 2445; x_wconf 89' lang='lat' dir='ltr'><strong><em>apud</em></strong></span> <span class='ocrx_word' id='word_1_387' title='bbox 3354 2376 3559 2448; x_wconf 88' lang='lat' dir='ltr'><strong><em>Tyrum</em></strong></span> 
     </span>
    </p>
   </div>
   <div class='ocr_carea' id='block_1_54' title="bbox 1976 2463 3563 2534">
    <p class='ocr_par' dir='ltr' id='par_1_54' title="bbox 1976 2463 3563 2534">
     <span class='ocr_line' id='line_1_54' title="bbox 1976 2463 3563 2534; baseline 0.003 -17"><span class='ocrx_word' id='word_1_388' title='bbox 1976 2463 2329 2526; x_wconf 88' lang='lat' dir='ltr'><strong><em>monasterio,</em></strong></span> <span class='ocrx_word' id='word_1_389' title='bbox 2353 2480 2419 2518; x_wconf 83' lang='lat' dir='ltr'><strong><em>ex</em></strong></span> <span class='ocrx_word' id='word_1_390' title='bbox 2444 2480 2575 2534; x_wconf 88' lang='lat' dir='ltr'><strong><em>quo,</em></strong></span> <span class='ocrx_word' id='word_1_391' title='bbox 2618 2474 2912 2534; x_wconf 83' lang='lat' dir='ltr'><strong><em>antequam</em></strong></span> <span class='ocrx_word' id='word_1_392' title='bbox 2947 2467 3003 2518; x_wconf 90' lang='lat' dir='ltr'><strong><em>in</em></strong></span> <span class='ocrx_word' id='word_1_393' title='bbox 3035 2465 3182 2520; x_wconf 87' lang='lat' dir='ltr'><strong><em>aliud</em></strong></span> <span class='ocrx_word' id='word_1_394' title='bbox 3225 2466 3443 2520; x_wconf 90' lang='lat' dir='ltr'><strong><em>lordani</em></strong></span> <span class='ocrx_word' id='word_1_395' title='bbox 3483 2467 3563 2521; x_wconf 90' lang='lat' dir='ltr'><strong><em>ci-</em></strong></span> 
     </span>
    </p>
   </div>
   <div class='ocr_carea' id='block_1_55' title="bbox 1977 2554 3560 2628">
    <p class='ocr_par' dir='ltr' id='par_1_55' title="bbox 1977 2554 3560 2628">
     <span class='ocr_line' id='line_1_55' title="bbox 1977 2554 3560 2628; baseline 0.004 -22"><span class='ocrx_word' id='word_1_396' title='bbox 1977 2554 2172 2607; x_wconf 90' lang='lat' dir='ltr'><strong><em>timum</em></strong></span> <span class='ocrx_word' id='word_1_397' title='bbox 2237 2555 2518 2625; x_wconf 85' lang='lat' dir='ltr'><strong><em>migraret,</em></strong></span> <span class='ocrx_word' id='word_1_398' title='bbox 2581 2556 2749 2609; x_wconf 87' lang='lat' dir='ltr'><strong><em>vitam</em></strong></span> <span class='ocrx_word' id='word_1_399' title='bbox 2803 2556 3114 2626; x_wconf 87' lang='lat' dir='ltr'><strong><em>religiosam</em></strong></span> <span class='ocrx_word' id='word_1_400' title='bbox 3165 2573 3224 2612; x_wconf 91' lang='lat' dir='ltr'><strong><em>se</em></strong></span> <span class='ocrx_word' id='word_1_401' title='bbox 3272 2559 3329 2612; x_wconf 90' lang='lat' dir='ltr'><strong><em>in</em></strong></span> <span class='ocrx_word' id='word_1_402' title='bbox 3379 2559 3560 2628; x_wconf 90' lang='lat' dir='ltr'><strong><em>primo</em></strong></span> 
     </span>
    </p>
   </div>
   <div class='ocr_carea' id='block_1_56' title="bbox 1975 2645 3560 2718">
    <p class='ocr_par' dir='ltr' id='par_1_56' title="bbox 1975 2645 3560 2718">
     <span class='ocr_line' id='line_1_56' title="bbox 1975 2645 3560 2718; baseline 0.001 -18"><span class='ocrx_word' id='word_1_403' title='bbox 1975 2645 2286 2700; x_wconf 77' lang='lat' dir='ltr'><strong><em>exercuisse</em></strong></span> <span class='ocrx_word' id='word_1_404' title='bbox 2334 2661 2433 2716; x_wconf 91' lang='lat' dir='ltr'><strong><em>per</em></strong></span> <span class='ocrx_word' id='word_1_405' title='bbox 2471 2661 2643 2706; x_wconf 83' lang='lat' dir='ltr'><strong><em>annos</em></strong></span> <span class='ocrx_word' id='word_1_406' title='bbox 2691 2655 2803 2700; x_wconf 89' lang='lat' dir='ltr'><strong><em>tres</em></strong></span> <span class='ocrx_word' id='word_1_407' title='bbox 2853 2656 2909 2702; x_wconf 90' lang='lat' dir='ltr'><strong><em>et</em></strong></span> <span class='ocrx_word' id='word_1_408' title='bbox 2959 2647 3354 2718; x_wconf 82' lang='lat' dir='ltr'><strong><em>quinquaginta</em></strong></span> <span class='ocrx_word' id='word_1_409' title='bbox 3420 2648 3560 2717; x_wconf 90' lang='lat' dir='ltr'><strong><em>ipse,</em></strong></span> 
     </span>
    </p>
   </div>
   <div class='ocr_carea' id='block_1_57' title="bbox 1976 2738 3564 2808">
    <p class='ocr_par' dir='ltr' id='par_1_57' title="bbox 1976 2738 3564 2808">
     <span class='ocr_line' id='line_1_57' title="bbox 1976 2738 3564 2808; baseline 0.001 -15"><span class='ocrx_word' id='word_1_410' title='bbox 1976 2750 2040 2793; x_wconf 90' lang='lat' dir='ltr'><strong><em>ut</em></strong></span> <span class='ocrx_word' id='word_1_411' title='bbox 2073 2738 2229 2808; x_wconf 88' lang='lat' dir='ltr'><strong><em>prius</em></strong></span> <span class='ocrx_word' id='word_1_412' title='bbox 2255 2738 2518 2802; x_wconf 84' lang='lat' dir='ltr'><strong><em>vidimus,</em></strong></span> <span class='ocrx_word' id='word_1_413' title='bbox 2563 2747 2816 2793; x_wconf 85' lang='lat' dir='ltr'><strong><em>testatur.</em></strong></span> <span class='ocrx_word' id='word_1_414' title='bbox 2867 2738 3169 2794; x_wconf 81' lang='lat' dir='ltr'><strong><em>Confirmat</em></strong></span> <span class='ocrx_word' id='word_1_415' title='bbox 3209 2739 3353 2794; x_wconf 88' lang='lat' dir='ltr'><strong><em>hanc</em></strong></span> <span class='ocrx_word' id='word_1_416' title='bbox 3395 2741 3564 2794; x_wconf 83' lang='lat' dir='ltr'><strong><em>chro-</em></strong></span> 
     </span>
    </p>
   </div>
   <div class='ocr_carea' id='block_1_58' title="bbox 1975 2829 3558 2899">
    <p class='ocr_par' dir='ltr' id='par_1_58' title="bbox 1975 2829 3558 2899">
     <span class='ocr_line' id='line_1_58' title="bbox 1975 2829 3558 2899; baseline 0.001 -17"><span class='ocrx_word' id='word_1_417' title='bbox 1975 2829 2246 2899; x_wconf 90' lang='lat' dir='ltr'><strong><em>nologiam</em></strong></span> <span class='ocrx_word' id='word_1_418' title='bbox 2309 2838 2453 2883; x_wconf 89' lang='lat' dir='ltr'><strong><em>totus</em></strong></span> <span class='ocrx_word' id='word_1_419' title='bbox 2495 2829 2877 2898; x_wconf 90' lang='lat' dir='ltr'><strong><em>Alloquiorum</em></strong></span> <span class='ocrx_word' id='word_1_420' title='bbox 2943 2829 3190 2885; x_wconf 89' lang='lat' dir='ltr'><strong><em>Zosimae</em></strong></span> <span class='ocrx_word' id='word_1_421' title='bbox 3245 2840 3558 2886; x_wconf 81' lang='lat' dir='ltr'><strong><em>contextus.</em></strong></span> 
     </span>
    </p>
   </div>
   <div class='ocr_carea' id='block_1_59' title="bbox 1973 2920 3561 2993">
    <p class='ocr_par' dir='ltr' id='par_1_59' title="bbox 1973 2920 3561 2993">
     <span class='ocr_line' id='line_1_59' title="bbox 1973 2920 3561 2993; baseline 0.004 -19"><span class='ocrx_word' id='word_1_422' title='bbox 1973 2920 2110 2974; x_wconf 89' lang='lat' dir='ltr'><strong><em>Nam</em></strong></span> <span class='ocrx_word' id='word_1_423' title='bbox 2161 2920 2237 2973; x_wconf 92' lang='lat' dir='ltr'><strong><em>ibi</em></strong></span> <span class='ocrx_word' id='word_1_424' title='bbox 2299 2930 2356 2974; x_wconf 91' lang='lat' dir='ltr'><strong><em>et</em></strong></span> <span class='ocrx_word' id='word_1_425' title='bbox 2400 2921 2686 2991; x_wconf 84' lang='lat' dir='ltr'><strong><em>Evagrius,</em></strong></span> <span class='ocrx_word' id='word_1_426' title='bbox 2749 2937 2859 2975; x_wconf 92' lang='lat' dir='ltr'><strong><em>non</em></strong></span> <span class='ocrx_word' id='word_1_427' title='bbox 2915 2923 3005 2977; x_wconf 90' lang='lat' dir='ltr'><strong><em>ille</em></strong></span> <span class='ocrx_word' id='word_1_428' title='bbox 3067 2922 3396 2993; x_wconf 85' lang='lat' dir='ltr'><strong><em>Origenista,</em></strong></span> <span class='ocrx_word' id='word_1_429' title='bbox 3463 2922 3561 2980; x_wconf 86' lang='lat' dir='ltr'><strong><em>sed</em></strong></span> 
     </span>
    </p>
   </div>
   <div class='ocr_carea' id='block_1_60' title="bbox 1975 3011 3563 3086">
    <p class='ocr_par' dir='ltr' id='par_1_60' title="bbox 1975 3011 3563 3086">
     <span class='ocr_line' id='line_1_60' title="bbox 1975 3011 3563 3086; baseline 0.003 -21"><span class='ocrx_word' id='word_1_430' title='bbox 1975 3011 2118 3066; x_wconf 89' lang='lat' dir='ltr'><strong><em>alius</em></strong></span> <span class='ocrx_word' id='word_1_431' title='bbox 2148 3012 2426 3081; x_wconf 90' lang='lat' dir='ltr'><strong><em>antiquior</em></strong></span> <span class='ocrx_word' id='word_1_432' title='bbox 2453 3012 2832 3068; x_wconf 86' lang='lat' dir='ltr'><strong><em>sanctissimus</em></strong></span> <span class='ocrx_word' id='word_1_433' title='bbox 2874 3013 3095 3068; x_wconf 89' lang='lat' dir='ltr'><strong><em>Macarii</em></strong></span> <span class='ocrx_word' id='word_1_434' title='bbox 3137 3014 3462 3086; x_wconf 89' lang='lat' dir='ltr'><strong><em>discipulus,</em></strong></span> <span class='ocrx_word' id='word_1_435' title='bbox 3503 3023 3563 3070; x_wconf 83' lang='lat' dir='ltr'><strong><em>et</em></strong></span> 
     </span>
    </p>
   </div>
   <div class='ocr_carea' id='block_1_61' title="bbox 285 3103 1877 3200">
    <p class='ocr_par' dir='ltr' id='par_1_61' title="bbox 285 3110 1875 3182">
     <span class='ocr_line' id='line_1_61' title="bbox 285 3110 1875 3182; baseline 0.006 -18"><span class='ocrx_word' id='word_1_436' title='bbox 285 3110 376 3165; x_wconf 90' lang='lat' dir='ltr'><strong><em>ius</em></strong></span> <span class='ocrx_word' id='word_1_437' title='bbox 405 3110 547 3164; x_wconf 84' lang='lat' dir='ltr'><strong><em>haec</em></strong></span> <span class='ocrx_word' id='word_1_438' title='bbox 582 3110 832 3181; x_wconf 83' lang='lat' dir='ltr'><strong><em>Alloquia</em></strong></span> <span class='ocrx_word' id='word_1_439' title='bbox 866 3127 1067 3167; x_wconf 90' lang='lat' dir='ltr'><strong><em>nomen</em></strong></span> <span class='ocrx_word' id='word_1_440' title='bbox 1090 3112 1430 3182; x_wconf 87' lang='lat' dir='ltr'><strong><em>praeferunt,</em></strong></span> <span class='ocrx_word' id='word_1_441' title='bbox 1469 3117 1707 3172; x_wconf 91' lang='lat' dir='ltr'><strong><em>eundem</em></strong></span> <span class='ocrx_word' id='word_1_442' title='bbox 1755 3134 1875 3174; x_wconf 91' lang='lat' dir='ltr'><strong><em>esse</em></strong></span> 
     </span>
    </p>
   </div>
   <div class='ocr_carea' id='block_1_62' title="bbox 1978 3103 3565 3200">
    <p class='ocr_par' dir='ltr' id='par_1_62' title="bbox 1979 3103 3565 3176">
     <span class='ocr_line' id='line_1_62' title="bbox 1979 3103 3565 3176; baseline 0.003 -18"><span class='ocrx_word' id='word_1_443' title='bbox 1979 3103 2326 3168; x_wconf 89' lang='lat' dir='ltr'><strong><em>Pachomius,</em></strong></span> <span class='ocrx_word' id='word_1_444' title='bbox 2359 3104 2560 3174; x_wconf 89' lang='lat' dir='ltr'><strong><em>aliique</em></strong></span> <span class='ocrx_word' id='word_1_445' title='bbox 2594 3105 2742 3175; x_wconf 89' lang='lat' dir='ltr'><strong><em>paris</em></strong></span> <span class='ocrx_word' id='word_1_446' title='bbox 2782 3106 3127 3176; x_wconf 87' lang='lat' dir='ltr'><strong><em>antiquitatis</em></strong></span> <span class='ocrx_word' id='word_1_447' title='bbox 3166 3115 3425 3176; x_wconf 88' lang='lat' dir='ltr'><strong><em>tanquam</em></strong></span> <span class='ocrx_word' id='word_1_448' title='bbox 3462 3107 3565 3162; x_wconf 89' lang='lat' dir='ltr'><strong><em>ho-</em></strong></span> 
     </span>
    </p>
   </div>
   <div class='ocr_carea' id='block_1_63' title="bbox 287 3203 1873 3281">
    <p class='ocr_par' dir='ltr' id='par_1_63' title="bbox 287 3203 1873 3281">
     <span class='ocr_line' id='line_1_63' title="bbox 287 3203 1873 3281; baseline 0.006 -24"><span class='ocrx_word' id='word_1_449' title='bbox 287 3203 494 3274; x_wconf 87' lang='lat' dir='ltr'><strong><em>ipsum,</em></strong></span> <span class='ocrx_word' id='word_1_450' title='bbox 523 3205 616 3273; x_wconf 89' lang='lat' dir='ltr'><strong><em>qui</em></strong></span> <span class='ocrx_word' id='word_1_451' title='bbox 656 3204 711 3259; x_wconf 79' lang='grc'><strong><em>8.</em></strong></span> <span class='ocrx_word' id='word_1_452' title='bbox 740 3206 967 3261; x_wconf 83' lang='lat' dir='ltr'><strong><em>Mariam</em></strong></span> <span class='ocrx_word' id='word_1_453' title='bbox 1008 3207 1394 3279; x_wconf 87' lang='lat' dir='ltr'><strong><em>Aegyptiacam</em></strong></span> <span class='ocrx_word' id='word_1_454' title='bbox 1434 3211 1706 3281; x_wconf 88' lang='lat' dir='ltr'><strong><em>sepelivit.</em></strong></span> <span class='ocrx_word' id='word_1_455' title='bbox 1753 3213 1873 3267; x_wconf 90' lang='lat' dir='ltr'><strong><em>Non</em></strong></span> 
     </span>
    </p>
   </div>
   <div class='ocr_carea' id='block_1_64' title="bbox 287 3297 1876 3368">
    <p class='ocr_par' dir='ltr' id='par_1_64' title="bbox 287 3297 1876 3368">
     <span class='ocr_line' id='line_1_64' title="bbox 287 3297 1876 3368; baseline 0.007 -20"><span class='ocrx_word' id='word_1_456' title='bbox 287 3297 496 3350; x_wconf 90' lang='lat' dir='ltr'><strong><em>multos</em></strong></span> <span class='ocrx_word' id='word_1_457' title='bbox 520 3311 619 3365; x_wconf 91' lang='lat' dir='ltr'><strong><em>per</em></strong></span> <span class='ocrx_word' id='word_1_458' title='bbox 661 3312 725 3351; x_wconf 90' lang='lat' dir='ltr'><strong><em>ea</em></strong></span> <span class='ocrx_word' id='word_1_459' title='bbox 755 3305 1002 3368; x_wconf 89' lang='lat' dir='ltr'><strong><em>tempora</em></strong></span> <span class='ocrx_word' id='word_1_460' title='bbox 1042 3298 1188 3353; x_wconf 88' lang='lat' dir='ltr'><strong><em>fama</em></strong></span> <span class='ocrx_word' id='word_1_461' title='bbox 1220 3300 1468 3356; x_wconf 89' lang='lat' dir='ltr'><strong><em>celebres</em></strong></span> <span class='ocrx_word' id='word_1_462' title='bbox 1515 3302 1685 3358; x_wconf 90' lang='lat' dir='ltr'><strong><em>fuisse</em></strong></span> <span class='ocrx_word' id='word_1_463' title='bbox 1720 3303 1876 3359; x_wconf 84' lang='lat' dir='ltr'><strong><em>Zosi-</em></strong></span> 
     </span>
    </p>
   </div>
   <div class='ocr_carea' id='block_1_65' title="bbox 286 3385 1876 3466">
    <p class='ocr_par' dir='ltr' id='par_1_65' title="bbox 286 3385 1876 3466">
     <span class='ocr_line' id='line_1_65' title="bbox 286 3385 1876 3466; baseline 0.006 -25"><span class='ocrx_word' id='word_1_464' title='bbox 286 3401 410 3441; x_wconf 81' lang='lat' dir='ltr'><strong><em>mas</em></strong></span> <span class='ocrx_word' id='word_1_465' title='bbox 435 3385 642 3442; x_wconf 89' lang='lat' dir='ltr'><strong><em>indicat</em></strong></span> <span class='ocrx_word' id='word_1_466' title='bbox 681 3402 984 3459; x_wconf 89' lang='lat' dir='ltr'><strong><em>anonymus</em></strong></span> <span class='ocrx_word' id='word_1_467' title='bbox 1020 3389 1202 3444; x_wconf 90' lang='lat' dir='ltr'><strong><em>editor</em></strong></span> <span class='ocrx_word' id='word_1_468' title='bbox 1230 3390 1489 3448; x_wconf 88' lang='lat' dir='ltr'><strong><em>Actorum</em></strong></span> <span class='ocrx_word' id='word_1_469' title='bbox 1521 3393 1743 3461; x_wconf 90' lang='lat' dir='ltr'><strong><em>Mariae,</em></strong></span> <span class='ocrx_word' id='word_1_470' title='bbox 1781 3396 1876 3466; x_wconf 91' lang='lat' dir='ltr'><strong><em>qui</em></strong></span> 
     </span>
    </p>
   </div>
   <div class='ocr_carea' id='block_1_66' title="bbox 287 3481 1873 3553">
    <p class='ocr_par' dir='ltr' id='par_1_66' title="bbox 287 3481 1873 3553">
     <span class='ocr_line' id='line_1_66' title="bbox 287 3481 1873 3553; baseline 0.007 -21"><span class='ocrx_word' id='word_1_471' title='bbox 287 3492 456 3532; x_wconf 90' lang='lat' dir='ltr'><strong><em>suum</em></strong></span> <span class='ocrx_word' id='word_1_472' title='bbox 504 3493 629 3531; x_wconf 90' lang='lat' dir='ltr'><strong><em>cum</em></strong></span> <span class='ocrx_word' id='word_1_473' title='bbox 673 3487 866 3533; x_wconf 90' lang='lat' dir='ltr'><strong><em>nostro</em></strong></span> <span class='ocrx_word' id='word_1_474' title='bbox 897 3481 1280 3552; x_wconf 89' lang='lat' dir='ltr'><strong><em>cognominem</em></strong></span> <span class='ocrx_word' id='word_1_475' title='bbox 1319 3492 1395 3549; x_wconf 93' lang='lat' dir='ltr'><strong><em>et,</em></strong></span> <span class='ocrx_word' id='word_1_476' title='bbox 1453 3493 1514 3539; x_wconf 93' lang='lat' dir='ltr'><strong><em>ut</em></strong></span> <span class='ocrx_word' id='word_1_477' title='bbox 1559 3487 1873 3553; x_wconf 90' lang='lat' dir='ltr'><strong><em>credimus,</em></strong></span> 
     </span>
    </p>
   </div>
   <div class='ocr_carea' id='block_1_67' title="bbox 289 3570 1880 3649">
    <p class='ocr_par' dir='ltr' id='par_1_67' title="bbox 289 3570 1880 3649">
     <span class='ocr_line' id='line_1_67' title="bbox 289 3570 1880 3649; baseline 0.008 -26"><span class='ocrx_word' id='word_1_478' title='bbox 289 3585 466 3623; x_wconf 88' lang='lat' dir='ltr'><strong><em>unum</em></strong></span> <span class='ocrx_word' id='word_1_479' title='bbox 523 3570 871 3641; x_wconf 89' lang='lat' dir='ltr'><strong><em>eundemque</em></strong></span> <span class='ocrx_word' id='word_1_480' title='bbox 920 3587 951 3627; x_wconf 90' lang='lat' dir='ltr'><strong><em>a</em></strong></span> <span class='ocrx_word' id='word_1_481' title='bbox 996 3574 1211 3630; x_wconf 88' lang='lat' dir='ltr'><strong><em>cunctis</em></strong></span> <span class='ocrx_word' id='word_1_482' title='bbox 1262 3578 1579 3649; x_wconf 90' lang='lat' dir='ltr'><strong><em>synonymis</em></strong></span> <span class='ocrx_word' id='word_1_483' title='bbox 1632 3595 1691 3634; x_wconf 91' lang='lat' dir='ltr'><strong><em>se</em></strong></span> <span class='ocrx_word' id='word_1_484' title='bbox 1745 3581 1880 3635; x_wconf 89' lang='lat' dir='ltr'><strong><em>satis</em></strong></span> 
     </span>
    </p>
   </div>
   <div class='ocr_carea' id='block_1_68' title="bbox 292 3661 1874 3738">
    <p class='ocr_par' dir='ltr' id='par_1_68' title="bbox 292 3661 1874 3738">
     <span class='ocr_line' id='line_1_68' title="bbox 292 3661 1874 3738; baseline 0.008 -22"><span class='ocrx_word' id='word_1_485' title='bbox 292 3661 610 3720; x_wconf 78' lang='lat' dir='ltr'><strong><em>distinxisse</em></strong></span> <span class='ocrx_word' id='word_1_486' title='bbox 642 3663 898 3731; x_wconf 86' lang='lat' dir='ltr'><strong><em>credidit,</em></strong></span> <span class='ocrx_word' id='word_1_487' title='bbox 931 3665 1025 3721; x_wconf 89' lang='lat' dir='ltr'><strong><em>ubi</em></strong></span> <span class='ocrx_word' id='word_1_488' title='bbox 1070 3682 1198 3722; x_wconf 91' lang='lat' dir='ltr'><strong><em>cum</em></strong></span> <span class='ocrx_word' id='word_1_489' title='bbox 1230 3669 1300 3723; x_wconf 91' lang='lat' dir='ltr'><strong><em>ab</em></strong></span> <span class='ocrx_word' id='word_1_490' title='bbox 1342 3686 1454 3724; x_wconf 91' lang='lat' dir='ltr'><strong><em>uno</em></strong></span> <span class='ocrx_word' id='word_1_491' title='bbox 1504 3671 1874 3738; x_wconf 89' lang='lat' dir='ltr'><strong><em>discrevisset,</em></strong></span> 
     </span>
    </p>
   </div>
   <div class='ocr_carea' id='block_1_69' title="bbox 298 3751 1878 3819">
    <p class='ocr_par' dir='ltr' id='par_1_69' title="bbox 298 3751 1878 3819">
     <span class='ocr_line' id='line_1_69' title="bbox 298 3751 1878 3819; baseline 0.009 -16"><span class='ocrx_word' id='word_1_492' title='bbox 298 3751 416 3804; x_wconf 87' lang='lat' dir='ltr'><strong><em>solo</em></strong></span> <span class='ocrx_word' id='word_1_493' title='bbox 455 3751 714 3808; x_wconf 86' lang='lat' dir='ltr'><strong><em>videlicet</em></strong></span> <span class='ocrx_word' id='word_1_494' title='bbox 759 3763 893 3810; x_wconf 88' lang='lat' dir='ltr'><strong><em>tunc</em></strong></span> <span class='ocrx_word' id='word_1_495' title='bbox 926 3763 1060 3810; x_wconf 89' lang='lat' dir='ltr'><strong><em>noto</em></strong></span> <span class='ocrx_word' id='word_1_496' title='bbox 1103 3757 1212 3812; x_wconf 89' lang='lat' dir='ltr'><strong><em>alio</em></strong></span> <span class='ocrx_word' id='word_1_497' title='bbox 1259 3758 1496 3814; x_wconf 90' lang='lat' dir='ltr'><strong><em>Zosima.</em></strong></span> <span class='ocrx_word' id='word_1_498' title='bbox 1531 3761 1616 3815; x_wconf 90' lang='lat' dir='ltr'><strong><em>En</em></strong></span> <span class='ocrx_word' id='word_1_499' title='bbox 1667 3762 1722 3816; x_wconf 92' lang='lat' dir='ltr'><strong><em>id</em></strong></span> <span class='ocrx_word' id='word_1_500' title='bbox 1757 3765 1878 3819; x_wconf 91' lang='lat' dir='ltr'><strong><em>eius</em></strong></span> 
     </span>
    </p>
   </div>
   <div class='ocr_carea' id='block_1_70' title="bbox 301 3845 1876 3922">
    <p class='ocr_par' dir='ltr' id='par_1_70' title="bbox 301 3845 1876 3922">
     <span class='ocr_line' id='line_1_70' title="bbox 301 3845 1876 3922; baseline 0.007 -25"><span class='ocrx_word' id='word_1_501' title='bbox 301 3845 548 3900; x_wconf 87' lang='lat' dir='ltr'><strong><em>testantia</em></strong></span> <span class='ocrx_word' id='word_1_502' title='bbox 581 3846 751 3902; x_wconf 89' lang='lat' dir='ltr'><strong><em>verba</em></strong></span> <span class='ocrx_word' id='word_1_503' title='bbox 781 3865 794 3902; x_wconf 90' lang='lat'><strong>:</strong></span> <span class='ocrx_word' id='word_1_504' title='bbox 822 3846 989 3903; x_wconf 86' lang='lat' dir='ltr'><strong><em>Nemo</em></strong></span> <span class='ocrx_word' id='word_1_505' title='bbox 1044 3861 1224 3902; x_wconf 87' lang='lat' dir='ltr'><strong><em>autem</em></strong></span> <span class='ocrx_word' id='word_1_506' title='bbox 1253 3850 1602 3922; x_wconf 82' lang='lat' dir='ltr'><strong><em>appellationi</em></strong></span> <span class='ocrx_word' id='word_1_507' title='bbox 1646 3853 1746 3908; x_wconf 88' lang='lat' dir='ltr'><strong><em>soli</em></strong></span> <span class='ocrx_word' id='word_1_508' title='bbox 1790 3855 1876 3908; x_wconf 91' lang='lat' dir='ltr'><strong><em>in-</em></strong></span> 
     </span>
    </p>
   </div>
   <div class='ocr_carea' id='block_1_71' title="bbox 293 3937 1918 4012">
    <p class='ocr_par' dir='ltr' id='par_1_71' title="bbox 293 3937 1918 4012">
     <span class='ocr_line' id='line_1_71' title="bbox 293 3937 1918 4012; baseline 0.007 -22"><span class='ocrx_word' id='word_1_509' title='bbox 293 3937 513 3991; x_wconf 81' lang='lat' dir='ltr'><strong><em>haerens</em></strong></span> <span class='ocrx_word' id='word_1_510' title='bbox 537 3955 834 3993; x_wconf 86' lang='lat' dir='ltr'><strong><em>sermonem</em></strong></span> <span class='ocrx_word' id='word_1_511' title='bbox 868 3941 996 3993; x_wconf 86' lang='lat' dir='ltr'><strong><em>mihi</em></strong></span> <span class='ocrx_word' id='word_1_512' title='bbox 1035 3942 1297 3995; x_wconf 75' lang='lat' dir='ltr'><strong><em>existimet</em></strong></span> <span class='ocrx_word' id='word_1_513' title='bbox 1331 3959 1442 3996; x_wconf 86' lang='lat' dir='ltr'><strong><em>esse</em></strong></span> <span class='ocrx_word' id='word_1_514' title='bbox 1479 3944 1542 3998; x_wconf 89' lang='lat' dir='ltr'><strong><em>de</em></strong></span> <span class='ocrx_word' id='word_1_515' title='bbox 1563 3961 1622 3999; x_wconf 90' lang='lat' dir='ltr'><strong><em>eo</em></strong></span> <span class='ocrx_word' id='word_1_516' title='bbox 1640 3944 1874 4012; x_wconf 88' lang='lat' dir='ltr'><strong><em>Zosima,</em></strong></span> <span class='ocrx_word' id='word_1_517' title='bbox 1915 3991 1918 3995; x_wconf 91' lang='lat'><strong><em>.</em></strong></span> 
     </span>
    </p>
   </div>
   <div class='ocr_carea' id='block_1_72' title="bbox 289 4030 1871 4108">
    <p class='ocr_par' dir='ltr' id='par_1_72' title="bbox 289 4030 1871 4108">
     <span class='ocr_line' id='line_1_72' title="bbox 289 4030 1871 4108; baseline 0.005 -26"><span class='ocrx_word' id='word_1_518' title='bbox 289 4030 384 4100; x_wconf 86' lang='lat' dir='ltr'><strong><em>qui</em></strong></span> <span class='ocrx_word' id='word_1_519' title='bbox 448 4031 589 4084; x_wconf 89' lang='lat' dir='ltr'><strong><em>circa</em></strong></span> <span class='ocrx_word' id='word_1_520' title='bbox 643 4031 942 4086; x_wconf 86' lang='lat' dir='ltr'><strong><em>doctrinam</em></strong></span> <span class='ocrx_word' id='word_1_521' title='bbox 1004 4030 1186 4104; x_wconf 87' lang='lat' dir='ltr'><strong><em>lapsus</em></strong></span> <span class='ocrx_word' id='word_1_522' title='bbox 1243 4035 1418 4088; x_wconf 87' lang='lat' dir='ltr'><strong><em>minus</em></strong></span> <span class='ocrx_word' id='word_1_523' title='bbox 1474 4044 1612 4090; x_wconf 89' lang='lat' dir='ltr'><strong><em>recte</em></strong></span> <span class='ocrx_word' id='word_1_524' title='bbox 1675 4039 1871 4108; x_wconf 86' lang='lat' dir='ltr'><strong><em>sapuit.</em></strong></span> 
     </span>
    </p>
   </div>
   <div class='ocr_carea' id='block_1_73' title="bbox 289 4123 1878 4202">
    <p class='ocr_par' dir='ltr' id='par_1_73' title="bbox 289 4123 1878 4202">
     <span class='ocr_line' id='line_1_73' title="bbox 289 4123 1878 4202; baseline 0.004 -25"><span class='ocrx_word' id='word_1_525' title='bbox 289 4123 444 4177; x_wconf 79' lang='lat' dir='ltr'><strong><em>Alius</em></strong></span> <span class='ocrx_word' id='word_1_526' title='bbox 481 4125 622 4177; x_wconf 85' lang='lat' dir='ltr'><strong><em>enim</em></strong></span> <span class='ocrx_word' id='word_1_527' title='bbox 649 4125 752 4190; x_wconf 81' lang='lat' dir='ltr'><strong><em>hic,</em></strong></span> <span class='ocrx_word' id='word_1_528' title='bbox 802 4133 853 4178; x_wconf 89' lang='lat' dir='ltr'><strong><em>et</em></strong></span> <span class='ocrx_word' id='word_1_529' title='bbox 904 4125 998 4180; x_wconf 86' lang='lat' dir='ltr'><strong><em>ille</em></strong></span> <span class='ocrx_word' id='word_1_530' title='bbox 1043 4126 1205 4192; x_wconf 85' lang='lat' dir='ltr'><strong><em>alius,</em></strong></span> <span class='ocrx_word' id='word_1_531' title='bbox 1255 4128 1583 4199; x_wconf 86' lang='lat' dir='ltr'><strong><em>multumque</em></strong></span> <span class='ocrx_word' id='word_1_532' title='bbox 1627 4129 1878 4202; x_wconf 56' lang='lat' dir='ltr'><strong><em>digerunt</em></strong></span> 
     </span>
    </p>
   </div>
   <div class='ocr_carea' id='block_1_74' title="bbox 290 4213 1876 4284">
    <p class='ocr_par' dir='ltr' id='par_1_74' title="bbox 290 4213 1876 4284">
     <span class='ocr_line' id='line_1_74' title="bbox 290 4213 1876 4284; baseline 0.006 -20"><span class='ocrx_word' id='word_1_533' title='bbox 290 4213 436 4265; x_wconf 78' lang='lat' dir='ltr'><strong><em>inter</em></strong></span> <span class='ocrx_word' id='word_1_534' title='bbox 459 4229 535 4279; x_wconf 88' lang='lat' dir='ltr'><strong><em>se,</em></strong></span> <span class='ocrx_word' id='word_1_535' title='bbox 565 4216 802 4284; x_wconf 81' lang='lat' dir='ltr'><strong><em>quamvis</em></strong></span> <span class='ocrx_word' id='word_1_536' title='bbox 831 4215 1294 4271; x_wconf 88' lang='lat' dir='ltr'><strong><em>nomenclaturam</em></strong></span> <span class='ocrx_word' id='word_1_537' title='bbox 1337 4219 1490 4273; x_wconf 85' lang='lat' dir='ltr'><strong><em>ambo</em></strong></span> <span class='ocrx_word' id='word_1_538' title='bbox 1516 4220 1737 4274; x_wconf 88' lang='lat' dir='ltr'><strong><em>eandem</em></strong></span> <span class='ocrx_word' id='word_1_539' title='bbox 1758 4237 1876 4274; x_wconf 83' lang='lat' dir='ltr'><strong><em>sor-</em></strong></span> 
     </span>
    </p>
   </div>
   <div class='ocr_carea' id='block_1_75' title="bbox 292 4303 1880 4383">
    <p class='ocr_par' dir='ltr' id='par_1_75' title="bbox 292 4303 1880 4383">
     <span class='ocr_line' id='line_1_75' title="bbox 292 4303 1880 4383; baseline 0.009 -29"><span class='ocrx_word' id='word_1_540' title='bbox 292 4304 398 4357; x_wconf 89' lang='lat' dir='ltr'><strong><em>titi.</em></strong></span> <span class='ocrx_word' id='word_1_541' title='bbox 442 4303 534 4359; x_wconf 91' lang='lat' dir='ltr'><strong><em>Sic</em></strong></span> <span class='ocrx_word' id='word_1_542' title='bbox 570 4305 689 4360; x_wconf 89' lang='lat' dir='ltr'><strong><em>ille.</em></strong></span> <span class='ocrx_word' id='word_1_543' title='bbox 732 4305 793 4360; x_wconf 83' lang='lat' dir='ltr'><strong><em>In</em></strong></span> <span class='ocrx_word' id='word_1_544' title='bbox 841 4305 1003 4362; x_wconf 92' lang='lat' dir='ltr'><strong><em>cuius</em></strong></span> <span class='ocrx_word' id='word_1_545' title='bbox 1050 4309 1235 4364; x_wconf 87' lang='lat' dir='ltr'><strong><em>verbis</em></strong></span> <span class='ocrx_word' id='word_1_546' title='bbox 1285 4309 1330 4364; x_wconf 91' lang='lat' dir='ltr'><strong><em>si</em></strong></span> <span class='ocrx_word' id='word_1_547' title='bbox 1381 4312 1701 4380; x_wconf 89' lang='lat' dir='ltr'><strong><em>quaerimus</em></strong></span> <span class='ocrx_word' id='word_1_548' title='bbox 1755 4313 1880 4383; x_wconf 92' lang='lat' dir='ltr'><strong><em>quis</em></strong></span> 
     </span>
    </p>
   </div>
   <div class='ocr_carea' id='block_1_76' title="bbox 290 4394 1876 4476">
    <p class='ocr_par' dir='ltr' id='par_1_76' title="bbox 290 4394 1876 4476">
     <span class='ocr_line' id='line_1_76' title="bbox 290 4394 1876 4476; baseline 0.007 -28"><span class='ocrx_word' id='word_1_549' title='bbox 290 4394 365 4448; x_wconf 88' lang='lat' dir='ltr'><strong><em>sit</em></strong></span> <span class='ocrx_word' id='word_1_550' title='bbox 418 4395 510 4450; x_wconf 86' lang='lat' dir='ltr'><strong><em>ille</em></strong></span> <span class='ocrx_word' id='word_1_551' title='bbox 559 4397 701 4452; x_wconf 88' lang='lat' dir='ltr'><strong><em>alius</em></strong></span> <span class='ocrx_word' id='word_1_552' title='bbox 739 4397 1006 4465; x_wconf 87' lang='lat' dir='ltr'><strong><em>Zosimas,</em></strong></span> <span class='ocrx_word' id='word_1_553' title='bbox 1053 4401 1144 4471; x_wconf 84' lang='lat' dir='ltr'><strong><em>qui</em></strong></span> <span class='ocrx_word' id='word_1_554' title='bbox 1181 4402 1321 4455; x_wconf 87' lang='lat' dir='ltr'><strong><em>circa</em></strong></span> <span class='ocrx_word' id='word_1_555' title='bbox 1353 4401 1651 4458; x_wconf 88' lang='lat' dir='ltr'><strong><em>doctrinam</em></strong></span> <span class='ocrx_word' id='word_1_556' title='bbox 1695 4403 1876 4476; x_wconf 83' lang='lat' dir='ltr'><strong><em>lapsus</em></strong></span> 
     </span>
    </p>
   </div>
   <div class='ocr_carea' id='block_1_77' title="bbox 1981 3196 3562 3264">
    <p class='ocr_par' dir='ltr' id='par_1_77' title="bbox 1981 3196 3562 3264">
     <span class='ocr_line' id='line_1_77' title="bbox 1981 3196 3562 3264; baseline 0.003 -15"><span class='ocrx_word' id='word_1_557' title='bbox 1981 3196 2158 3250; x_wconf 89' lang='lat' dir='ltr'><strong><em>mines</em></strong></span> <span class='ocrx_word' id='word_1_558' title='bbox 2186 3196 2421 3251; x_wconf 88' lang='lat' dir='ltr'><strong><em>recentis</em></strong></span> <span class='ocrx_word' id='word_1_559' title='bbox 2441 3200 2742 3251; x_wconf 88' lang='lat' dir='ltr'><strong><em>memoriae</em></strong></span> <span class='ocrx_word' id='word_1_560' title='bbox 2777 3199 3166 3264; x_wconf 88' lang='lat' dir='ltr'><strong><em>nominantur;</em></strong></span> <span class='ocrx_word' id='word_1_561' title='bbox 3212 3197 3308 3252; x_wconf 90' lang='lat' dir='ltr'><strong><em>sed</em></strong></span> <span class='ocrx_word' id='word_1_562' title='bbox 3341 3207 3398 3253; x_wconf 91' lang='lat' dir='ltr'><strong><em>et</em></strong></span> <span class='ocrx_word' id='word_1_563' title='bbox 3435 3214 3562 3253; x_wconf 91' lang='lat' dir='ltr'><strong><em>cum</em></strong></span> 
     </span>
    </p>
   </div>
   <div class='ocr_carea' id='block_1_78' title="bbox 1977 3288 3562 3354">
    <p class='ocr_par' dir='ltr' id='par_1_78' title="bbox 1977 3288 3562 3354">
     <span class='ocr_line' id='line_1_78' title="bbox 1977 3288 3562 3354; baseline 0.001 -11"><span class='ocrx_word' id='word_1_564' title='bbox 1977 3289 2083 3343; x_wconf 85' lang='lat' dir='ltr'><strong><em>alia</em></strong></span> <span class='ocrx_word' id='word_1_565' title='bbox 2125 3288 2436 3342; x_wconf 86' lang='lat' dir='ltr'><strong><em>referantur</em></strong></span> <span class='ocrx_word' id='word_1_566' title='bbox 2473 3304 2541 3342; x_wconf 87' lang='lat' dir='ltr'><strong><em>ex</em></strong></span> <span class='ocrx_word' id='word_1_567' title='bbox 2566 3289 2704 3343; x_wconf 84' lang='lat' dir='ltr'><strong><em>Vitis</em></strong></span> <span class='ocrx_word' id='word_1_568' title='bbox 2723 3298 2780 3344; x_wconf 92' lang='lat' dir='ltr'><strong><em>et</em></strong></span> <span class='ocrx_word' id='word_1_569' title='bbox 2811 3289 2962 3344; x_wconf 86' lang='lat' dir='ltr'><strong><em>Actis</em></strong></span> <span class='ocrx_word' id='word_1_570' title='bbox 2989 3291 3235 3354; x_wconf 90' lang='lat' dir='ltr'><strong><em>Patrum,</em></strong></span> <span class='ocrx_word' id='word_1_571' title='bbox 3266 3290 3406 3344; x_wconf 88' lang='lat' dir='ltr'><strong><em>nihil</em></strong></span> <span class='ocrx_word' id='word_1_572' title='bbox 3441 3307 3562 3345; x_wconf 90' lang='lat' dir='ltr'><strong><em>om-</em></strong></span> 
     </span>
    </p>
   </div>
   <div class='ocr_carea' id='block_1_79' title="bbox 1977 3379 3567 3454">
    <p class='ocr_par' dir='ltr' id='par_1_79' title="bbox 1977 3379 3567 3454">
     <span class='ocr_line' id='line_1_79' title="bbox 1977 3379 3567 3454; baseline 0.004 -22"><span class='ocrx_word' id='word_1_573' title='bbox 1977 3380 2110 3434; x_wconf 91' lang='lat' dir='ltr'><strong><em>nino</em></strong></span> <span class='ocrx_word' id='word_1_574' title='bbox 2153 3379 2404 3450; x_wconf 90' lang='lat' dir='ltr'><strong><em>proditur</em></strong></span> <span class='ocrx_word' id='word_1_575' title='bbox 2442 3396 2552 3434; x_wconf 91' lang='lat' dir='ltr'><strong><em>non</em></strong></span> <span class='ocrx_word' id='word_1_576' title='bbox 2616 3397 2760 3435; x_wconf 89' lang='lat' dir='ltr'><strong><em>anno</em></strong></span> <span class='ocrx_word' id='word_1_577' title='bbox 2813 3381 3018 3436; x_wconf 89' lang='lat' dir='ltr'><strong><em>Christi</em></strong></span> <span class='ocrx_word' id='word_1_578' title='bbox 3048 3383 3567 3454; x_wconf 86' lang='lat' dir='ltr'><strong><em>sesquiquingente-</em></strong></span> 
     </span>
    </p>
   </div>
   <div class='ocr_carea' id='block_1_80' title="bbox 1979 3471 3566 3544">
    <p class='ocr_par' dir='ltr' id='par_1_80' title="bbox 1979 3471 3566 3544">
     <span class='ocr_line' id='line_1_80' title="bbox 1979 3471 3566 3544; baseline 0.002 -18"><span class='ocrx_word' id='word_1_579' title='bbox 1979 3471 2119 3526; x_wconf 91' lang='lat' dir='ltr'><strong><em>simo</em></strong></span> <span class='ocrx_word' id='word_1_580' title='bbox 2168 3472 2436 3526; x_wconf 88' lang='lat' dir='ltr'><strong><em>anterius.</em></strong></span> <span class='ocrx_word' id='word_1_581' title='bbox 2496 3473 2576 3526; x_wconf 80' lang='lat' dir='ltr'><strong><em>Ex</em></strong></span> <span class='ocrx_word' id='word_1_582' title='bbox 2629 3473 2718 3526; x_wconf 87' lang='lat' dir='ltr'><strong><em>his</em></strong></span> <span class='ocrx_word' id='word_1_583' title='bbox 2771 3473 2982 3544; x_wconf 83' lang='lat' dir='ltr'><strong><em>corrige</em></strong></span> <span class='ocrx_word' id='word_1_584' title='bbox 3033 3489 3174 3543; x_wconf 90' lang='lat' dir='ltr'><strong><em>quae</em></strong></span> <span class='ocrx_word' id='word_1_585' title='bbox 3241 3475 3566 3529; x_wconf 79' lang='lat' dir='ltr'><strong><em>Bosweidus</em></strong></span> 
     </span>
    </p>
   </div>
   <div class='ocr_carea' id='block_1_81' title="bbox 1975 3563 3593 3638">
    <p class='ocr_par' dir='ltr' id='par_1_81' title="bbox 1975 3563 3593 3638">
     <span class='ocr_line' id='line_1_81' title="bbox 1975 3563 3593 3638; baseline -0.001 -22"><span class='ocrx_word' id='word_1_586' title='bbox 1975 3574 2168 3638; x_wconf 76' lang='lat' dir='ltr'><strong><em>poster</em></strong></span> <span class='ocrx_word' id='word_1_587' title='bbox 2193 3604 2207 3628; x_wconf 92' lang='lat'><strong><em>,</em></strong></span> <span class='ocrx_word' id='word_1_588' title='bbox 2245 3564 2418 3634; x_wconf 87' lang='lat' dir='ltr'><strong><em>decep</em></strong></span> <span class='ocrx_word' id='word_1_589' title='bbox 2452 3563 2460 3634; x_wconf 88' lang='grc' dir='ltr'><strong>Ι</strong></span> <span class='ocrx_word' id='word_1_590' title='bbox 2494 3573 2584 3618; x_wconf 89' lang='lat' dir='ltr'><strong><em>tus</em></strong></span> <span class='ocrx_word' id='word_1_591' title='bbox 2632 3575 2894 3634; x_wconf 89' lang='lat' dir='ltr'><strong><em>corrupto</em></strong></span> <span class='ocrx_word' id='word_1_592' title='bbox 2939 3565 3255 3636; x_wconf 88' lang='lat' dir='ltr'><strong><em>apographo</em></strong></span> <span class='ocrx_word' id='word_1_593' title='bbox 3297 3565 3593 3620; x_wconf 51' lang='lat' dir='ltr'><strong><em>Actorum.</em></strong></span> 
     </span>
    </p>
   </div>
   <div class='ocr_carea' id='block_1_82' title="bbox 1977 3661 3636 3734">
    <p class='ocr_par' dir='ltr' id='par_1_82' title="bbox 1977 3661 3636 3734">
     <span class='ocr_line' id='line_1_82' title="bbox 1977 3661 3636 3734; baseline 0 -18"><span class='ocrx_word' id='word_1_594' title='bbox 1977 3661 2338 3734; x_wconf 81' lang='lat' dir='ltr'><strong><em>Aegyptiacae</em></strong></span> <span class='ocrx_word' id='word_1_595' title='bbox 2392 3662 2594 3717; x_wconf 83' lang='lat' dir='ltr'><strong><em>Mariae</em></strong></span> <span class='ocrx_word' id='word_1_596' title='bbox 2641 3661 2746 3717; x_wconf 92' lang='lat' dir='ltr'><strong><em>sub</em></strong></span> <span class='ocrx_word' id='word_1_597' title='bbox 2795 3663 2934 3716; x_wconf 90' lang='lat' dir='ltr'><strong><em>falso</em></strong></span> <span class='ocrx_word' id='word_1_598' title='bbox 2990 3662 3214 3716; x_wconf 89' lang='lat' dir='ltr'><strong><em>nomine</em></strong></span> <span class='ocrx_word' id='word_1_599' title='bbox 3267 3661 3561 3730; x_wconf 87' lang='lat' dir='ltr'><strong><em>Sophronii</em></strong></span> <span class='ocrx_word' id='word_1_600' title='bbox 3633 3729 3636 3733; x_wconf 93' lang='lat'><strong>_</strong></span> 
     </span>
    </p>
   </div>
   <div class='ocr_carea' id='block_1_83' title="bbox 1975 3753 3566 3826">
    <p class='ocr_par' dir='ltr' id='par_1_83' title="bbox 1975 3753 3566 3826">
     <span class='ocr_line' id='line_1_83' title="bbox 1975 3753 3566 3826; baseline -0.001 -20"><span class='ocrx_word' id='word_1_601' title='bbox 1975 3757 2218 3826; x_wconf 87' lang='lat' dir='ltr'><strong><em>vulgato,</em></strong></span> <span class='ocrx_word' id='word_1_602' title='bbox 2253 3753 2536 3808; x_wconf 90' lang='lat' dir='ltr'><strong><em>annotavit</em></strong></span> <span class='ocrx_word' id='word_1_603' title='bbox 2583 3753 2652 3806; x_wconf 91' lang='lat' dir='ltr'><strong><em>ad</em></strong></span> <span class='ocrx_word' id='word_1_604' title='bbox 2692 3754 2844 3808; x_wconf 81' lang='lat' dir='ltr'><strong><em>Vitas</em></strong></span> <span class='ocrx_word' id='word_1_605' title='bbox 2885 3755 3108 3808; x_wconf 85' lang='lat' dir='ltr'><strong><em>Patrum</em></strong></span> <span class='ocrx_word' id='word_1_606' title='bbox 3159 3769 3281 3823; x_wconf 86' lang='lat' dir='ltr'><strong><em>pag.</em></strong></span> <span class='ocrx_word' id='word_1_607' title='bbox 3323 3753 3430 3808; x_wconf 70' lang='lat'><strong><em>299</em></strong></span> <span class='ocrx_word' id='word_1_608' title='bbox 3479 3753 3566 3806; x_wconf 90' lang='lat' dir='ltr'><strong><em>his</em></strong></span> 
     </span>
    </p>
   </div>
   <div class='ocr_carea' id='block_1_84' title="bbox 1976 3844 3562 3916">
    <p class='ocr_par' dir='ltr' id='par_1_84' title="bbox 1976 3844 3562 3916">
     <span class='ocr_line' id='line_1_84' title="bbox 1976 3844 3562 3916; baseline -0.003 -14"><span class='ocrx_word' id='word_1_609' title='bbox 1976 3848 2162 3904; x_wconf 86' lang='lat' dir='ltr'><strong><em>verbis</em></strong></span> <span class='ocrx_word' id='word_1_610' title='bbox 2202 3864 2215 3900; x_wconf 92' lang='lat'>:</span> <span class='ocrx_word' id='word_1_611' title='bbox 2259 3845 2470 3900; x_wconf 81' lang='lat' dir='ltr'><strong><em>Claruit</em></strong></span> <span class='ocrx_word' id='word_1_612' title='bbox 2506 3845 2684 3899; x_wconf 82' lang='lat' dir='ltr'><strong><em>Maria</em></strong></span> <span class='ocrx_word' id='word_1_613' title='bbox 2725 3846 3046 3916; x_wconf 74' lang='lat' dir='ltr'><strong><em>Aegyptiam</em></strong></span> <span class='ocrx_word' id='word_1_614' title='bbox 3097 3845 3413 3916; x_wconf 84' lang='lat' dir='ltr'><strong><em>temporibus</em></strong></span> <span class='ocrx_word' id='word_1_615' title='bbox 3461 3844 3562 3898; x_wconf 83' lang='lat' dir='ltr'><strong><em>Ju-</em></strong></span> 
     </span>
    </p>
   </div>
   <div class='ocr_carea' id='block_1_85' title="bbox 1974 3935 3564 3992">
    <p class='ocr_par' dir='ltr' id='par_1_85' title="bbox 1974 3935 3564 3992">
     <span class='ocr_line' id='line_1_85' title="bbox 1974 3935 3564 3992; baseline -0.001 0"><span class='ocrx_word' id='word_1_616' title='bbox 1974 3940 2101 3992; x_wconf 86' lang='lat' dir='ltr'><strong><em>stini</em></strong></span> <span class='ocrx_word' id='word_1_617' title='bbox 2151 3938 2375 3992; x_wconf 88' lang='lat' dir='ltr'><strong><em>senioris</em></strong></span> <span class='ocrx_word' id='word_1_618' title='bbox 2426 3937 2568 3990; x_wconf 87' lang='lat' dir='ltr'><strong><em>circa</em></strong></span> <span class='ocrx_word' id='word_1_619' title='bbox 2620 3953 2822 3990; x_wconf 86' lang='lat' dir='ltr'><strong><em>annum</em></strong></span> <span class='ocrx_word' id='word_1_620' title='bbox 2873 3935 3088 3990; x_wconf 85' lang='lat' dir='ltr'><strong><em>Domini</em></strong></span> <span class='ocrx_word' id='word_1_621' title='bbox 3132 3935 3254 3990; x_wconf 74' lang='lat'><strong><em>520.</em></strong></span> <span class='ocrx_word' id='word_1_622' title='bbox 3306 3936 3383 3990; x_wconf 87' lang='lat' dir='ltr'><strong><em>Ea</em></strong></span> <span class='ocrx_word' id='word_1_623' title='bbox 3413 3936 3564 3990; x_wconf 89' lang='lat' dir='ltr'><strong><em>enim</em></strong></span> 
     </span>
    </p>
   </div>
   <div class='ocr_carea' id='block_1_86' title="bbox 1977 4016 3580 4098">
    <p class='ocr_par' dir='ltr' id='par_1_86' title="bbox 1977 4016 3580 4098">
     <span class='ocr_line' id='line_1_86' title="bbox 1977 4016 3580 4098; baseline -0.003 -13"><span class='ocrx_word' id='word_1_624' title='bbox 1977 4031 2442 4087; x_wconf 89' lang='lat' dir='ltr'><strong><em>metachronismo</em></strong></span> <span class='ocrx_word' id='word_1_625' title='bbox 2488 4029 2739 4084; x_wconf 89' lang='lat' dir='ltr'><strong><em>laborare</em></strong></span> <span class='ocrx_word' id='word_1_626' title='bbox 2789 4028 2991 4098; x_wconf 85' lang='lat' dir='ltr'><strong><em>integri</em></strong></span> <span class='ocrx_word' id='word_1_627' title='bbox 3035 4027 3150 4082; x_wconf 88' lang='lat' dir='ltr'><strong><em>fere</em></strong></span> <span class='ocrx_word' id='word_1_628' title='bbox 3192 4027 3397 4082; x_wconf 91' lang='lat' dir='ltr'><strong><em>saeculi</em></strong></span> <span class='ocrx_word' id='word_1_629' title='bbox 3431 4016 3580 4081; x_wconf 44' lang='lat' dir='ltr'><strong><em>erui</em></strong></span> 
     </span>
    </p>
   </div>
   <div class='ocr_carea' id='block_1_87' title="bbox 1977 4119 3564 4191">
    <p class='ocr_par' dir='ltr' id='par_1_87' title="bbox 1977 4119 3564 4191">
     <span class='ocr_line' id='line_1_87' title="bbox 1977 4119 3564 4191; baseline -0.003 -13"><span class='ocrx_word' id='word_1_630' title='bbox 1977 4123 2090 4178; x_wconf 91' lang='lat' dir='ltr'><strong><em>dite</em></strong></span> <span class='ocrx_word' id='word_1_631' title='bbox 2118 4123 2459 4178; x_wconf 86' lang='lat' dir='ltr'><strong><em>demonstrat</em></strong></span> <span class='ocrx_word' id='word_1_632' title='bbox 2479 4137 2643 4191; x_wconf 87' lang='lat' dir='ltr'><strong><em>supra</em></strong></span> <span class='ocrx_word' id='word_1_633' title='bbox 2669 4119 2922 4174; x_wconf 87' lang='lat' dir='ltr'><strong><em>laudatus</em></strong></span> <span class='ocrx_word' id='word_1_634' title='bbox 2946 4120 3374 4190; x_wconf 86' lang='lat' dir='ltr'><strong><em>Papebrochius,</em></strong></span> <span class='ocrx_word' id='word_1_635' title='bbox 3399 4135 3564 4189; x_wconf 87' lang='lat' dir='ltr'><strong><em>quem</em></strong></span> 
     </span>
    </p>
   </div>
   <div class='ocr_carea' id='block_1_88' title="bbox 1976 4213 3569 4285">
    <p class='ocr_par' dir='ltr' id='par_1_88' title="bbox 1976 4213 3569 4285">
     <span class='ocr_line' id='line_1_88' title="bbox 1976 4213 3569 4285; baseline -0.004 -13"><span class='ocrx_word' id='word_1_636' title='bbox 1976 4217 2105 4272; x_wconf 83' lang='lat' dir='ltr'><strong><em>vide</em></strong></span> <span class='ocrx_word' id='word_1_637' title='bbox 2141 4217 2298 4270; x_wconf 89' lang='lat' dir='ltr'><strong><em>Tom.</em></strong></span> <span class='ocrx_word' id='word_1_638' title='bbox 2335 4215 2355 4270; x_wconf 91' lang='grc' dir='ltr'>Ι</span> <span class='ocrx_word' id='word_1_639' title='bbox 2387 4215 2592 4285; x_wconf 87' lang='lat' dir='ltr'><strong><em>Aprilis</em></strong></span> <span class='ocrx_word' id='word_1_640' title='bbox 2621 4230 2651 4268; x_wconf 92' lang='lat' dir='ltr'><strong><em>a</em></strong></span> <span class='ocrx_word' id='word_1_641' title='bbox 2696 4230 2815 4284; x_wconf 79' lang='lat' dir='ltr'><strong><em>pag.</em></strong></span> <span class='ocrx_word' id='word_1_642' title='bbox 2859 4214 2926 4267; x_wconf 85' lang='grc'><strong><em>67</em></strong></span> <span class='ocrx_word' id='word_1_643' title='bbox 2974 4213 3043 4267; x_wconf 89' lang='lat' dir='ltr'><strong><em>ad</em></strong></span> <span class='ocrx_word' id='word_1_644' title='bbox 3091 4214 3177 4266; x_wconf 82' lang='lat'><strong><em>70.</em></strong></span> <span class='ocrx_word' id='word_1_645' title='bbox 3217 4213 3340 4267; x_wconf 89' lang='lat' dir='ltr'><strong><em>lure</em></strong></span> <span class='ocrx_word' id='word_1_646' title='bbox 3398 4213 3569 4283; x_wconf 85' lang='lat' dir='ltr'><strong><em>igitur</em></strong></span> 
     </span>
    </p>
   </div>
   <div class='ocr_carea' id='block_1_89' title="bbox 1979 4301 3565 4374">
    <p class='ocr_par' dir='ltr' id='par_1_89' title="bbox 1979 4301 3565 4374">
     <span class='ocr_line' id='line_1_89' title="bbox 1979 4301 3565 4374; baseline -0.005 -12"><span class='ocrx_word' id='word_1_647' title='bbox 1979 4316 2170 4362; x_wconf 88' lang='lat' dir='ltr'><strong><em>nostro</em></strong></span> <span class='ocrx_word' id='word_1_648' title='bbox 2209 4306 2315 4360; x_wconf 92' lang='lat' dir='ltr'><strong><em>hoc</em></strong></span> <span class='ocrx_word' id='word_1_649' title='bbox 2343 4303 2702 4374; x_wconf 89' lang='lat' dir='ltr'><strong><em>Opusculum,</em></strong></span> <span class='ocrx_word' id='word_1_650' title='bbox 2735 4303 2793 4357; x_wconf 91' lang='lat' dir='ltr'><strong><em>B.</em></strong></span> <span class='ocrx_word' id='word_1_651' title='bbox 2825 4303 3073 4357; x_wconf 84' lang='lat' dir='ltr'><strong><em>Zosimae</em></strong></span> <span class='ocrx_word' id='word_1_652' title='bbox 3111 4301 3366 4371; x_wconf 88' lang='lat' dir='ltr'><strong><em>Alloquia</em></strong></span> <span class='ocrx_word' id='word_1_653' title='bbox 3410 4318 3565 4355; x_wconf 87' lang='lat' dir='ltr'><strong><em>com-</em></strong></span> 
     </span>
    </p>
   </div>
   <div class='ocr_carea' id='block_1_90' title="bbox 1962 4393 3571 4469">
    <p class='ocr_par' dir='ltr' id='par_1_90' title="bbox 1962 4393 3571 4469">
     <span class='ocr_line' id='line_1_90' title="bbox 1962 4393 3571 4469; baseline -0.005 -16"><span class='ocrx_word' id='word_1_654' title='bbox 1962 4399 2268 4469; x_wconf 75' lang='lat' dir='ltr'><strong><em>plectens,</em></strong></span> <span class='ocrx_word' id='word_1_655' title='bbox 2306 4395 2614 4466; x_wconf 89' lang='lat' dir='ltr'><strong><em>superiori,</em></strong></span> <span class='ocrx_word' id='word_1_656' title='bbox 2663 4396 2810 4465; x_wconf 88' lang='lat' dir='ltr'><strong><em>quod</em></strong></span> <span class='ocrx_word' id='word_1_657' title='bbox 2857 4394 2912 4449; x_wconf 88' lang='lat' dir='ltr'><strong><em>S.</em></strong></span> <span class='ocrx_word' id='word_1_658' title='bbox 2958 4393 3403 4464; x_wconf 85' lang='lat' dir='ltr'><strong><em>Amphilochium</em></strong></span> <span class='ocrx_word' id='word_1_659' title='bbox 3452 4393 3571 4446; x_wconf 86' lang='lat' dir='ltr'><strong><em>Ico-</em></strong></span> 
     </span>
    </p>
   </div>
   <div class='ocr_carea' id='block_1_91' title="bbox 293 4484 3570 4561">
    <p class='ocr_par' dir='ltr' id='par_1_91' title="bbox 293 4484 3570 4561">
     <span class='ocr_line' id='line_1_91' title="bbox 293 4484 3570 4561; baseline 0.002 -30"><span class='ocrx_word' id='word_1_660' title='bbox 293 4489 473 4541; x_wconf 70' lang='grc' dir='ltr'><strong><em>ςηίηω</em></strong></span> <span class='ocrx_word' id='word_1_661' title='bbox 508 4498 645 4542; x_wconf 63' lang='lat' dir='ltr'><strong><em>recte</em></strong></span> <span class='ocrx_word' id='word_1_662' title='bbox 669 4491 868 4561; x_wconf 72' lang='grc' dir='ltr'><strong><em>εαριιίι,</em></strong></span> <span class='ocrx_word' id='word_1_663' title='bbox 916 4489 1139 4548; x_wconf 55' lang='lat' dir='ltr'><strong><em>docebit</em></strong></span> <span class='ocrx_word' id='word_1_664' title='bbox 1175 4493 1230 4548; x_wconf 82' lang='lat' dir='ltr'><strong><em>id</em></strong></span> <span class='ocrx_word' id='word_1_665' title='bbox 1281 4509 1384 4548; x_wconf 77' lang='lat' dir='ltr'><strong><em>nos</em></strong></span> <span class='ocrx_word' id='word_1_666' title='bbox 1420 4494 1771 4551; x_wconf 70' lang='lat' dir='ltr'><strong><em>Marcellinus</em></strong></span> <span class='ocrx_word' id='word_1_667' title='bbox 1817 4496 1875 4551; x_wconf 74' lang='lat' dir='ltr'><strong><em>in</em></strong></span> <span class='ocrx_word' id='word_1_668' title='bbox 1909 4486 1950 4540; x_wconf 84' lang='grc' dir='ltr'><strong><em>ι)</em></strong></span> <span class='ocrx_word' id='word_1_669' title='bbox 1980 4493 2228 4547; x_wconf 89' lang='lat' dir='ltr'><strong><em>niensem</em></strong></span> <span class='ocrx_word' id='word_1_670' title='bbox 2272 4489 2592 4560; x_wconf 90' lang='lat' dir='ltr'><strong><em>episcopum</em></strong></span> <span class='ocrx_word' id='word_1_671' title='bbox 2645 4488 2812 4542; x_wconf 86' lang='lat' dir='ltr'><strong><em>habet</em></strong></span> <span class='ocrx_word' id='word_1_672' title='bbox 2856 4495 3172 4549; x_wconf 87' lang='lat' dir='ltr'><strong><em>auctorem,</em></strong></span> <span class='ocrx_word' id='word_1_673' title='bbox 3217 4485 3335 4539; x_wconf 90' lang='lat' dir='ltr'><strong><em>sine</em></strong></span> <span class='ocrx_word' id='word_1_674' title='bbox 3383 4484 3570 4538; x_wconf 89' lang='lat' dir='ltr'><strong><em>medio</em></strong></span> 
     </span>
    </p>
   </div>
   <div class='ocr_carea' id='block_1_92' title="bbox 293 4579 1877 4657">
    <p class='ocr_par' dir='ltr' id='par_1_92' title="bbox 293 4579 1877 4657">
     <span class='ocr_line' id='line_1_92' title="bbox 293 4579 1877 4657; baseline 0.006 -24"><span class='ocrx_word' id='word_1_675' title='bbox 293 4579 393 4634; x_wconf 89' lang='lat' dir='ltr'><strong><em>lib.</em></strong></span> <span class='ocrx_word' id='word_1_676' title='bbox 418 4580 497 4636; x_wconf 90' lang='lat' dir='ltr'><strong><em>De</em></strong></span> <span class='ocrx_word' id='word_1_677' title='bbox 530 4581 826 4640; x_wconf 88' lang='lat' dir='ltr'><strong><em>schismate</em></strong></span> <span class='ocrx_word' id='word_1_678' title='bbox 861 4583 1098 4640; x_wconf 90' lang='lat' dir='ltr'><strong><em>Ursicini</em></strong></span> <span class='ocrx_word' id='word_1_679' title='bbox 1128 4595 1185 4642; x_wconf 92' lang='lat' dir='ltr'><strong><em>et</em></strong></span> <span class='ocrx_word' id='word_1_680' title='bbox 1211 4587 1450 4651; x_wconf 85' lang='lat' dir='ltr'><strong><em>Damasi,</em></strong></span> <span class='ocrx_word' id='word_1_681' title='bbox 1486 4603 1651 4657; x_wconf 91' lang='lat' dir='ltr'><strong><em>quem</em></strong></span> <span class='ocrx_word' id='word_1_682' title='bbox 1674 4588 1877 4643; x_wconf 90' lang='lat' dir='ltr'><strong><em>librum</em></strong></span> 
     </span>
    </p>
   </div>
   <div class='ocr_carea' id='block_1_93' title="bbox 289 4676 1880 4752">
    <p class='ocr_par' dir='ltr' id='par_1_93' title="bbox 289 4676 1880 4752">
     <span class='ocr_line' id='line_1_93' title="bbox 289 4676 1880 4752; baseline 0.008 -27"><span class='ocrx_word' id='word_1_683' title='bbox 289 4686 421 4726; x_wconf 90' lang='lat' dir='ltr'><strong><em>cum</em></strong></span> <span class='ocrx_word' id='word_1_684' title='bbox 469 4688 538 4726; x_wconf 90' lang='lat' dir='ltr'><strong><em>ex</em></strong></span> <span class='ocrx_word' id='word_1_685' title='bbox 590 4676 798 4730; x_wconf 88' lang='lat' dir='ltr'><strong><em>recenti</em></strong></span> <span class='ocrx_word' id='word_1_686' title='bbox 858 4677 1127 4732; x_wconf 90' lang='lat' dir='ltr'><strong><em>memoria</em></strong></span> <span class='ocrx_word' id='word_1_687' title='bbox 1173 4679 1476 4748; x_wconf 89' lang='lat' dir='ltr'><strong><em>scripserit,</em></strong></span> <span class='ocrx_word' id='word_1_688' title='bbox 1524 4679 1880 4752; x_wconf 88' lang='lat' dir='ltr'><strong><em>intelligimus</em></strong></span> 
     </span>
    </p>
   </div>
   <div class='ocr_carea' id='block_1_94' title="bbox 289 4763 1877 4842">
    <p class='ocr_par' dir='ltr' id='par_1_94' title="bbox 289 4763 1877 4842">
     <span class='ocr_line' id='line_1_94' title="bbox 289 4763 1877 4842; baseline 0.007 -25"><span class='ocrx_word' id='word_1_689' title='bbox 289 4763 417 4818; x_wconf 86' lang='lat' dir='ltr'><strong><em>eius</em></strong></span> <span class='ocrx_word' id='word_1_690' title='bbox 435 4774 718 4820; x_wconf 90' lang='lat' dir='ltr'><strong><em>auctorem</em></strong></span> <span class='ocrx_word' id='word_1_691' title='bbox 746 4768 850 4822; x_wconf 89' lang='lat' dir='ltr'><strong><em>sub</em></strong></span> <span class='ocrx_word' id='word_1_692' title='bbox 877 4769 1130 4834; x_wconf 88' lang='lat' dir='ltr'><strong><em>Damaso,</em></strong></span> <span class='ocrx_word' id='word_1_693' title='bbox 1159 4779 1257 4825; x_wconf 93' lang='lat' dir='ltr'><strong><em>aut</em></strong></span> <span class='ocrx_word' id='word_1_694' title='bbox 1282 4771 1447 4840; x_wconf 89' lang='lat' dir='ltr'><strong><em>paulo</em></strong></span> <span class='ocrx_word' id='word_1_695' title='bbox 1467 4779 1608 4842; x_wconf 91' lang='lat' dir='ltr'><strong><em>post,</em></strong></span> <span class='ocrx_word' id='word_1_696' title='bbox 1639 4773 1743 4827; x_wconf 89' lang='lat' dir='ltr'><strong><em>hoc</em></strong></span> <span class='ocrx_word' id='word_1_697' title='bbox 1773 4782 1877 4839; x_wconf 86' lang='lat' dir='ltr'><strong><em>est,</em></strong></span> 
     </span>
    </p>
   </div>
   <div class='ocr_carea' id='block_1_95' title="bbox 290 4853 1880 4918">
    <p class='ocr_par' dir='ltr' id='par_1_95' title="bbox 290 4853 1880 4918">
     <span class='ocr_line' id='line_1_95' title="bbox 290 4853 1880 4918; baseline 0.008 -11"><span class='ocrx_word' id='word_1_698' title='bbox 290 4853 522 4908; x_wconf 88' lang='lat' dir='ltr'><strong><em>circiter</em></strong></span> <span class='ocrx_word' id='word_1_699' title='bbox 577 4869 781 4911; x_wconf 89' lang='lat' dir='ltr'><strong><em>annum</em></strong></span> <span class='ocrx_word' id='word_1_700' title='bbox 817 4857 1029 4914; x_wconf 88' lang='lat' dir='ltr'><strong><em>Christi</em></strong></span> <span class='ocrx_word' id='word_1_701' title='bbox 1082 4859 1186 4915; x_wconf 84' lang='lat'><strong><em>590</em></strong></span> <span class='ocrx_word' id='word_1_702' title='bbox 1239 4859 1513 4917; x_wconf 85' lang='lat' dir='ltr'><strong><em>ﬂoruisse.</em></strong></span> <span class='ocrx_word' id='word_1_703' title='bbox 1571 4863 1652 4918; x_wconf 91' lang='lat' dir='ltr'><strong><em>lbi</em></strong></span> <span class='ocrx_word' id='word_1_704' title='bbox 1694 4874 1880 4918; x_wconf 89' lang='lat' dir='ltr'><strong><em>autem</em></strong></span> 
     </span>
    </p>
   </div>
   <div class='ocr_carea' id='block_1_96' title="bbox 289 4944 1881 5024">
    <p class='ocr_par' dir='ltr' id='par_1_96' title="bbox 289 4944 1881 5024">
     <span class='ocr_line' id='line_1_96' title="bbox 289 4944 1881 5024; baseline 0.009 -27"><span class='ocrx_word' id='word_1_705' title='bbox 289 4944 548 4999; x_wconf 84' lang='lat' dir='ltr'><strong><em>meminit</em></strong></span> <span class='ocrx_word' id='word_1_706' title='bbox 575 4947 859 5003; x_wconf 89' lang='lat' dir='ltr'><strong><em>cuiusdam</em></strong></span> <span class='ocrx_word' id='word_1_707' title='bbox 885 4949 1088 5005; x_wconf 87' lang='lat' dir='ltr'><strong><em>Zosimi</em></strong></span> <span class='ocrx_word' id='word_1_708' title='bbox 1111 4951 1226 5006; x_wconf 88' lang='lat' dir='ltr'><strong><em>sive</em></strong></span> <span class='ocrx_word' id='word_1_709' title='bbox 1241 4951 1488 5008; x_wconf 87' lang='lat' dir='ltr'><strong><em>Zosimae</em></strong></span> <span class='ocrx_word' id='word_1_710' title='bbox 1501 4969 1663 5024; x_wconf 89' lang='lat' dir='ltr'><strong><em>quem</em></strong></span> <span class='ocrx_word' id='word_1_711' title='bbox 1691 4953 1881 5011; x_wconf 88' lang='lat' dir='ltr'><strong><em>Ariani</em></strong></span> 
     </span>
    </p>
   </div>
   <div class='ocr_carea' id='block_1_97' title="bbox 291 5034 1881 5118">
    <p class='ocr_par' dir='ltr' id='par_1_97' title="bbox 291 5034 1881 5118">
     <span class='ocr_line' id='line_1_97' title="bbox 291 5034 1881 5118; baseline 0.008 -31"><span class='ocrx_word' id='word_1_712' title='bbox 291 5034 413 5088; x_wconf 87' lang='lat' dir='ltr'><strong><em>suis</em></strong></span> <span class='ocrx_word' id='word_1_713' title='bbox 445 5035 684 5091; x_wconf 90' lang='lat' dir='ltr'><strong><em>tinctum</em></strong></span> <span class='ocrx_word' id='word_1_714' title='bbox 733 5039 1021 5095; x_wconf 90' lang='lat' dir='ltr'><strong><em>erroribus</em></strong></span> <span class='ocrx_word' id='word_1_715' title='bbox 1053 5039 1112 5094; x_wconf 91' lang='lat' dir='ltr'><strong><em>in</em></strong></span> <span class='ocrx_word' id='word_1_716' title='bbox 1157 5041 1536 5118; x_wconf 84' lang='lat' dir='ltr'><strong><em>episcopatum</em></strong></span> <span class='ocrx_word' id='word_1_717' title='bbox 1573 5043 1731 5100; x_wconf 88' lang='lat' dir='ltr'><strong><em>urbis</em></strong></span> <span class='ocrx_word' id='word_1_718' title='bbox 1781 5060 1881 5115; x_wconf 90' lang='lat' dir='ltr'><strong><em>per</em></strong></span> 
     </span>
    </p>
   </div>
   <div class='ocr_carea' id='block_1_98' title="bbox 293 5123 1882 5200">
    <p class='ocr_par' dir='ltr' id='par_1_98' title="bbox 293 5123 1882 5200">
     <span class='ocr_line' id='line_1_98' title="bbox 293 5123 1882 5200; baseline 0.006 -20"><span class='ocrx_word' id='word_1_719' title='bbox 293 5123 510 5180; x_wconf 84' lang='lat' dir='ltr'><strong><em>Italiam</em></strong></span> <span class='ocrx_word' id='word_1_720' title='bbox 548 5125 728 5181; x_wconf 89' lang='lat' dir='ltr'><strong><em>clarae</em></strong></span> <span class='ocrx_word' id='word_1_721' title='bbox 770 5129 1050 5200; x_wconf 89' lang='lat' dir='ltr'><strong><em>Neapolis,</em></strong></span> <span class='ocrx_word' id='word_1_722' title='bbox 1084 5131 1264 5186; x_wconf 90' lang='lat' dir='ltr'><strong><em>eiecto</em></strong></span> <span class='ocrx_word' id='word_1_723' title='bbox 1313 5131 1443 5188; x_wconf 93' lang='lat' dir='ltr'><strong><em>inde</em></strong></span> <span class='ocrx_word' id='word_1_724' title='bbox 1486 5134 1795 5189; x_wconf 85' lang='lat' dir='ltr'><strong><em>orthodoxe</em></strong></span> <span class='ocrx_word' id='word_1_725' title='bbox 1824 5144 1882 5192; x_wconf 89' lang='lat' dir='ltr'><strong><em>et</em></strong></span> 
     </span>
    </p>
   </div>
   <div class='ocr_carea' id='block_1_99' title="bbox 297 5217 1880 5289">
    <p class='ocr_par' dir='ltr' id='par_1_99' title="bbox 297 5217 1880 5289">
     <span class='ocr_line' id='line_1_99' title="bbox 297 5217 1880 5289; baseline 0.009 -21"><span class='ocrx_word' id='word_1_726' title='bbox 297 5225 488 5271; x_wconf 82' lang='lat' dir='ltr'><strong><em>sancto</em></strong></span> <span class='ocrx_word' id='word_1_727' title='bbox 555 5217 818 5289; x_wconf 89' lang='lat' dir='ltr'><strong><em>episcopo</em></strong></span> <span class='ocrx_word' id='word_1_728' title='bbox 867 5221 1123 5286; x_wconf 82' lang='lat' dir='ltr'><strong><em>Maximo,</em></strong></span> <span class='ocrx_word' id='word_1_729' title='bbox 1177 5223 1543 5280; x_wconf 89' lang='lat' dir='ltr'><strong><em>intruserunt.</em></strong></span> <span class='ocrx_word' id='word_1_730' title='bbox 1574 5226 1734 5281; x_wconf 89' lang='lat' dir='ltr'><strong><em>Hunc</em></strong></span> <span class='ocrx_word' id='word_1_731' title='bbox 1782 5242 1880 5283; x_wconf 89' lang='lat' dir='ltr'><strong><em>sua</em></strong></span> 
     </span>
    </p>
   </div>
   <div class='ocr_carea' id='block_1_100' title="bbox 301 5310 1880 5389">
    <p class='ocr_par' dir='ltr' id='par_1_100' title="bbox 301 5310 1880 5389">
     <span class='ocr_line' id='line_1_100' title="bbox 301 5310 1880 5389; baseline 0.008 -28"><span class='ocrx_word' id='word_1_732' title='bbox 301 5324 475 5378; x_wconf 83' lang='lat' dir='ltr'><strong><em>poena</em></strong></span> <span class='ocrx_word' id='word_1_733' title='bbox 494 5310 768 5366; x_wconf 90' lang='lat' dir='ltr'><strong><em>celebrem</em></strong></span> <span class='ocrx_word' id='word_1_734' title='bbox 790 5310 938 5368; x_wconf 90' lang='lat' dir='ltr'><strong><em>fecit.</em></strong></span> <span class='ocrx_word' id='word_1_735' title='bbox 964 5314 1237 5386; x_wconf 87' lang='lat' dir='ltr'><strong><em>Aggresso</em></strong></span> <span class='ocrx_word' id='word_1_736' title='bbox 1263 5316 1411 5371; x_wconf 91' lang='lat' dir='ltr'><strong><em>enim</em></strong></span> <span class='ocrx_word' id='word_1_737' title='bbox 1428 5318 1736 5389; x_wconf 91' lang='lat' dir='ltr'><strong><em>episcopale</em></strong></span> <span class='ocrx_word' id='word_1_738' title='bbox 1760 5318 1880 5373; x_wconf 79' lang='lat' dir='ltr'><strong><em>oﬂi-</em></strong></span> 
     </span>
    </p>
   </div>
   <div class='ocr_carea' id='block_1_101' title="bbox 300 5400 1876 5474">
    <p class='ocr_par' dir='ltr' id='par_1_101' title="bbox 300 5400 1876 5474">
     <span class='ocr_line' id='line_1_101' title="bbox 300 5400 1876 5474; baseline 0.006 -22"><span class='ocrx_word' id='word_1_739' title='bbox 300 5400 444 5453; x_wconf 89' lang='lat' dir='ltr'><strong><em>cium</em></strong></span> <span class='ocrx_word' id='word_1_740' title='bbox 489 5401 545 5455; x_wconf 90' lang='lat' dir='ltr'><strong><em>in</em></strong></span> <span class='ocrx_word' id='word_1_741' title='bbox 568 5401 805 5456; x_wconf 89' lang='lat' dir='ltr'><strong><em>ecclesia</em></strong></span> <span class='ocrx_word' id='word_1_742' title='bbox 842 5402 1200 5474; x_wconf 83' lang='lat' dir='ltr'><strong><em>Neapolitana</em></strong></span> <span class='ocrx_word' id='word_1_743' title='bbox 1221 5406 1397 5470; x_wconf 90' lang='lat' dir='ltr'><strong><em>obire,</em></strong></span> <span class='ocrx_word' id='word_1_744' title='bbox 1429 5405 1800 5462; x_wconf 89' lang='lat' dir='ltr'><strong><em>intumescens</em></strong></span> <span class='ocrx_word' id='word_1_745' title='bbox 1827 5407 1876 5462; x_wconf 91' lang='lat' dir='ltr'><strong><em>ei</em></strong></span> 
     </span>
    </p>
   </div>
   <div class='ocr_carea' id='block_1_102' title="bbox 296 5492 1881 5562">
    <p class='ocr_par' dir='ltr' id='par_1_102' title="bbox 296 5492 1881 5562">
     <span class='ocr_line' id='line_1_102' title="bbox 296 5492 1881 5562; baseline 0.004 -17"><span class='ocrx_word' id='word_1_746' title='bbox 296 5492 482 5562; x_wconf 84' lang='lat' dir='ltr'><strong><em>lingua</em></strong></span> <span class='ocrx_word' id='word_1_747' title='bbox 510 5503 665 5548; x_wconf 85' lang='lat' dir='ltr'><strong><em>extra</em></strong></span> <span class='ocrx_word' id='word_1_748' title='bbox 684 5508 751 5548; x_wconf 93' lang='lat' dir='ltr'><strong><em>os</em></strong></span> <span class='ocrx_word' id='word_1_749' title='bbox 779 5495 1033 5561; x_wconf 89' lang='lat' dir='ltr'><strong><em>excessit,</em></strong></span> <span class='ocrx_word' id='word_1_750' title='bbox 1064 5512 1168 5551; x_wconf 90' lang='lat' dir='ltr'><strong><em>nec</em></strong></span> <span class='ocrx_word' id='word_1_751' title='bbox 1192 5497 1298 5552; x_wconf 90' lang='lat' dir='ltr'><strong><em>nisi</em></strong></span> <span class='ocrx_word' id='word_1_752' title='bbox 1328 5498 1544 5552; x_wconf 79' lang='lat' dir='ltr'><strong><em>Zosima</em></strong></span> <span class='ocrx_word' id='word_1_753' title='bbox 1565 5510 1719 5554; x_wconf 86' lang='lat' dir='ltr'><strong><em>extra</em></strong></span> <span class='ocrx_word' id='word_1_754' title='bbox 1743 5508 1881 5553; x_wconf 88' lang='lat' dir='ltr'><strong><em>tem-</em></strong></span> 
     </span>
    </p>
   </div>
   <div class='ocr_carea' id='block_1_103' title="bbox 297 5587 1878 5657">
    <p class='ocr_par' dir='ltr' id='par_1_103' title="bbox 297 5587 1878 5657">
     <span class='ocr_line' id='line_1_103' title="bbox 297 5587 1878 5657; baseline 0.004 -19"><span class='ocrx_word' id='word_1_755' title='bbox 297 5587 445 5654; x_wconf 89' lang='lat' dir='ltr'><strong><em>plum</em></strong></span> <span class='ocrx_word' id='word_1_756' title='bbox 480 5601 701 5656; x_wconf 85' lang='lat' dir='ltr'><strong><em>cgresso</em></strong></span> <span class='ocrx_word' id='word_1_757' title='bbox 724 5587 932 5641; x_wconf 90' lang='lat' dir='ltr'><strong><em>retrahi</em></strong></span> <span class='ocrx_word' id='word_1_758' title='bbox 957 5588 1156 5657; x_wconf 88' lang='lat' dir='ltr'><strong><em>potuit.</em></strong></span> <span class='ocrx_word' id='word_1_759' title='bbox 1182 5588 1301 5654; x_wconf 85' lang='lat' dir='ltr'><strong><em>Quo</em></strong></span> <span class='ocrx_word' id='word_1_760' title='bbox 1328 5589 1492 5655; x_wconf 86' lang='lat' dir='ltr'><strong><em>facto,</em></strong></span> <span class='ocrx_word' id='word_1_761' title='bbox 1528 5607 1653 5644; x_wconf 89' lang='lat' dir='ltr'><strong><em>cum</em></strong></span> <span class='ocrx_word' id='word_1_762' title='bbox 1677 5591 1878 5645; x_wconf 87' lang='lat' dir='ltr'><strong><em>iterum</em></strong></span> 
     </span>
    </p>
   </div>
   <div class='ocr_carea' id='block_1_104' title="bbox 296 5679 1879 5755">
    <p class='ocr_par' dir='ltr' id='par_1_104' title="bbox 296 5679 1879 5755">
     <span class='ocr_line' id='line_1_104' title="bbox 296 5679 1879 5755; baseline 0.004 -24"><span class='ocrx_word' id='word_1_763' title='bbox 296 5694 359 5732; x_wconf 87' lang='lat' dir='ltr'><strong><em>ac</em></strong></span> <span class='ocrx_word' id='word_1_764' title='bbox 399 5679 564 5734; x_wconf 89' lang='lat' dir='ltr'><strong><em>tertio</em></strong></span> <span class='ocrx_word' id='word_1_765' title='bbox 616 5679 865 5734; x_wconf 85' lang='lat' dir='ltr'><strong><em>Zosimas</em></strong></span> <span class='ocrx_word' id='word_1_766' title='bbox 919 5688 1186 5737; x_wconf 89' lang='lat' dir='ltr'><strong><em>tentasset</em></strong></span> <span class='ocrx_word' id='word_1_767' title='bbox 1217 5683 1498 5755; x_wconf 89' lang='lat' dir='ltr'><strong><em>ingressus</em></strong></span> <span class='ocrx_word' id='word_1_768' title='bbox 1547 5683 1740 5739; x_wconf 90' lang='lat' dir='ltr'><strong><em>aedem</em></strong></span> <span class='ocrx_word' id='word_1_769' title='bbox 1791 5699 1879 5738; x_wconf 91' lang='lat' dir='ltr'><strong><em>sa-</em></strong></span> 
     </span>
    </p>
   </div>
   <div class='ocr_carea' id='block_1_105' title="bbox 297 5772 1876 5847">
    <p class='ocr_par' dir='ltr' id='par_1_105' title="bbox 297 5772 1876 5847">
     <span class='ocr_line' id='line_1_105' title="bbox 297 5772 1876 5847; baseline 0.006 -24"><span class='ocrx_word' id='word_1_770' title='bbox 297 5786 440 5824; x_wconf 90' lang='lat' dir='ltr'><strong><em>cram</em></strong></span> <span class='ocrx_word' id='word_1_771' title='bbox 473 5772 777 5843; x_wconf 87' lang='lat' dir='ltr'><strong><em>episcopali</em></strong></span> <span class='ocrx_word' id='word_1_772' title='bbox 819 5772 972 5842; x_wconf 85' lang='lat' dir='ltr'><strong><em>fungi</em></strong></span> <span class='ocrx_word' id='word_1_773' title='bbox 1009 5789 1256 5839; x_wconf 88' lang='lat' dir='ltr'><strong><em>munere,</em></strong></span> <span class='ocrx_word' id='word_1_774' title='bbox 1300 5778 1462 5832; x_wconf 90' lang='lat' dir='ltr'><strong><em>toties</em></strong></span> <span class='ocrx_word' id='word_1_775' title='bbox 1494 5779 1612 5847; x_wconf 87' lang='lat' dir='ltr'><strong><em>pari</em></strong></span> <span class='ocrx_word' id='word_1_776' title='bbox 1653 5789 1876 5833; x_wconf 87' lang='lat' dir='ltr'><strong><em>coactus</em></strong></span> 
     </span>
    </p>
   </div>
   <div class='ocr_carea' id='block_1_106' title="bbox 1980 4577 3568 4653">
    <p class='ocr_par' dir='ltr' id='par_1_106' title="bbox 1980 4577 3568 4653">
     <span class='ocr_line' id='line_1_106' title="bbox 1980 4577 3568 4653; baseline -0.005 -15"><span class='ocrx_word' id='word_1_777' title='bbox 1980 4583 2388 4653; x_wconf 86' lang='lat' dir='ltr'><strong><em>coniungimus,</em></strong></span> <span class='ocrx_word' id='word_1_778' title='bbox 2422 4581 2674 4635; x_wconf 90' lang='lat' dir='ltr'><strong><em>ordinem</em></strong></span> <span class='ocrx_word' id='word_1_779' title='bbox 2711 4591 3019 4650; x_wconf 89' lang='lat' dir='ltr'><strong><em>temporum</em></strong></span> <span class='ocrx_word' id='word_1_780' title='bbox 3055 4577 3250 4642; x_wconf 89' lang='lat' dir='ltr'><strong><em>secuti,</em></strong></span> <span class='ocrx_word' id='word_1_781' title='bbox 3283 4593 3392 4647; x_wconf 91' lang='lat' dir='ltr'><strong><em>quo</em></strong></span> <span class='ocrx_word' id='word_1_782' title='bbox 3422 4577 3568 4631; x_wconf 89' lang='lat' dir='ltr'><strong><em>vitae</em></strong></span> 
     </span>
    </p>
   </div>
   <div class='ocr_carea' id='block_1_107' title="bbox 1980 4675 3568 4750">
    <p class='ocr_par' dir='ltr' id='par_1_107' title="bbox 1980 4675 3568 4750">
     <span class='ocr_line' id='line_1_107' title="bbox 1980 4675 3568 4750; baseline -0.006 -17"><span class='ocrx_word' id='word_1_783' title='bbox 1980 4679 2307 4750; x_wconf 88' lang='lat' dir='ltr'><strong><em>digeruntur</em></strong></span> <span class='ocrx_word' id='word_1_784' title='bbox 2337 4675 2623 4730; x_wconf 86' lang='lat' dir='ltr'><strong><em>amborum</em></strong></span> <span class='ocrx_word' id='word_1_785' title='bbox 2655 4675 2730 4728; x_wconf 87' lang='lat' dir='ltr'><strong><em>ita</em></strong></span> <span class='ocrx_word' id='word_1_786' title='bbox 2756 4683 3123 4743; x_wconf 89' lang='lat' dir='ltr'><strong><em>comparatae,</em></strong></span> <span class='ocrx_word' id='word_1_787' title='bbox 3156 4681 3219 4725; x_wconf 92' lang='lat' dir='ltr'><strong><em>ut</em></strong></span> <span class='ocrx_word' id='word_1_788' title='bbox 3246 4684 3568 4725; x_wconf 90' lang='lat' dir='ltr'><strong><em>communes</em></strong></span> 
     </span>
    </p>
   </div>
   <div class='ocr_carea' id='block_1_108' title="bbox 1980 4762 3566 4839">
    <p class='ocr_par' dir='ltr' id='par_1_108' title="bbox 1980 4762 3566 4839">
     <span class='ocr_line' id='line_1_108' title="bbox 1980 4762 3566 4839; baseline -0.008 -13"><span class='ocrx_word' id='word_1_789' title='bbox 1980 4785 2156 4826; x_wconf 90' lang='lat' dir='ltr'><strong><em>annos</em></strong></span> <span class='ocrx_word' id='word_1_790' title='bbox 2199 4769 2410 4839; x_wconf 87' lang='lat' dir='ltr'><strong><em>aliquot</em></strong></span> <span class='ocrx_word' id='word_1_791' title='bbox 2458 4767 2792 4831; x_wconf 89' lang='lat' dir='ltr'><strong><em>habuerint,</em></strong></span> <span class='ocrx_word' id='word_1_792' title='bbox 2852 4762 3221 4836; x_wconf 78' lang='lat' dir='ltr'><strong><em>Ampliilochii</em></strong></span> <span class='ocrx_word' id='word_1_793' title='bbox 3281 4769 3566 4816; x_wconf 86' lang='lat' dir='ltr'><strong><em>senectute</em></strong></span> 
     </span>
    </p>
   </div>
   <div class='ocr_carea' id='block_1_109' title="bbox 1980 4855 3204 4918">
    <p class='ocr_par' dir='ltr' id='par_1_109' title="bbox 1980 4855 3204 4918">
     <span class='ocr_line' id='line_1_109' title="bbox 1980 4855 3204 4918; baseline -0.007 0"><span class='ocrx_word' id='word_1_794' title='bbox 1980 4869 2348 4918; x_wconf 90' lang='lat' dir='ltr'><strong><em>concurrente</em></strong></span> <span class='ocrx_word' id='word_1_795' title='bbox 2375 4876 2502 4915; x_wconf 91' lang='lat' dir='ltr'><strong><em>cum</em></strong></span> <span class='ocrx_word' id='word_1_796' title='bbox 2532 4860 2785 4915; x_wconf 89' lang='lat' dir='ltr'><strong><em>Zosimae</em></strong></span> <span class='ocrx_word' id='word_1_797' title='bbox 2814 4855 3204 4912; x_wconf 89' lang='lat' dir='ltr'><strong><em>adolescentia.</em></strong></span> 
     </span>
    </p>
   </div>
   <div class='ocr_carea' id='block_1_110' title="bbox 2049 4944 3565 5022">
    <p class='ocr_par' dir='ltr' id='par_1_110' title="bbox 2049 4944 3565 5022">
     <span class='ocr_line' id='line_1_110' title="bbox 2049 4944 3565 5022; baseline -0.008 -12"><span class='ocrx_word' id='word_1_798' title='bbox 2049 4955 2172 5010; x_wconf 86' lang='lat' dir='ltr'><strong><em>Non</em></strong></span> <span class='ocrx_word' id='word_1_799' title='bbox 2198 4953 2305 5009; x_wconf 90' lang='lat' dir='ltr'><strong><em>erit</em></strong></span> <span class='ocrx_word' id='word_1_800' title='bbox 2351 4953 2449 5008; x_wconf 90' lang='lat' dir='ltr'><strong><em>abs</em></strong></span> <span class='ocrx_word' id='word_1_801' title='bbox 2490 4968 2587 5019; x_wconf 90' lang='lat' dir='ltr'><strong><em>re,</em></strong></span> <span class='ocrx_word' id='word_1_802' title='bbox 2642 4952 2734 5007; x_wconf 90' lang='lat' dir='ltr'><strong><em>hic</em></strong></span> <span class='ocrx_word' id='word_1_803' title='bbox 2777 4951 2845 5006; x_wconf 90' lang='lat' dir='ltr'><strong><em>ad</em></strong></span> <span class='ocrx_word' id='word_1_804' title='bbox 2894 4960 3200 5006; x_wconf 86' lang='lat' dir='ltr'><strong><em>extremum</em></strong></span> <span class='ocrx_word' id='word_1_805' title='bbox 3246 4944 3565 5022; x_wconf 86' lang='lat' dir='ltr'><strong><em>admonere,</em></strong></span> 
     </span>
    </p>
   </div>
   <div class='ocr_carea' id='block_1_111' title="bbox 1980 5039 3566 5113">
    <p class='ocr_par' dir='ltr' id='par_1_111' title="bbox 1980 5039 3566 5113">
     <span class='ocr_line' id='line_1_111' title="bbox 1980 5039 3566 5113; baseline -0.006 -9"><span class='ocrx_word' id='word_1_806' title='bbox 1980 5049 2242 5104; x_wconf 90' lang='lat' dir='ltr'><strong><em>loannem</em></strong></span> <span class='ocrx_word' id='word_1_807' title='bbox 2288 5046 2570 5103; x_wconf 86' lang='lat' dir='ltr'><strong><em>Moschum</em></strong></span> <span class='ocrx_word' id='word_1_808' title='bbox 2597 5087 2612 5112; x_wconf 94' lang='lat'><strong><em>,</em></strong></span> <span class='ocrx_word' id='word_1_809' title='bbox 2643 5045 2772 5101; x_wconf 90' lang='lat' dir='ltr'><strong><em>libri</em></strong></span> <span class='ocrx_word' id='word_1_810' title='bbox 2816 5044 3052 5101; x_wconf 89' lang='lat' dir='ltr'><strong><em>celebris</em></strong></span> <span class='ocrx_word' id='word_1_811' title='bbox 3095 5042 3208 5113; x_wconf 88' lang='lat' dir='ltr'><strong><em>jam</em></strong></span> <span class='ocrx_word' id='word_1_812' title='bbox 3259 5039 3391 5095; x_wconf 90' lang='lat' dir='ltr'><strong><em>olim</em></strong></span> <span class='ocrx_word' id='word_1_813' title='bbox 3451 5049 3508 5094; x_wconf 90' lang='lat' dir='ltr'><strong><em>et</em></strong></span> <span class='ocrx_word' id='word_1_814' title='bbox 3535 5055 3566 5095; x_wconf 92' lang='lat' dir='ltr'><strong><em>a</em></strong></span> 
     </span>
    </p>
   </div>
   <div class='ocr_carea' id='block_1_112' title="bbox 1982 5131 3569 5209">
    <p class='ocr_par' dir='ltr' id='par_1_112' title="bbox 1982 5131 3569 5209">
     <span class='ocr_line' id='line_1_112' title="bbox 1982 5131 3569 5209; baseline -0.006 -17"><span class='ocrx_word' id='word_1_815' title='bbox 1982 5146 2136 5192; x_wconf 87' lang='lat' dir='ltr'><strong><em>sexta</em></strong></span> <span class='ocrx_word' id='word_1_816' title='bbox 2195 5137 2440 5209; x_wconf 89' lang='lat' dir='ltr'><strong><em>generali</em></strong></span> <span class='ocrx_word' id='word_1_817' title='bbox 2478 5135 2697 5208; x_wconf 83' lang='lat' dir='ltr'><strong><em>Synodo</em></strong></span> <span class='ocrx_word' id='word_1_818' title='bbox 2730 5135 2961 5199; x_wconf 88' lang='lat' dir='ltr'><strong><em>laudati,</em></strong></span> <span class='ocrx_word' id='word_1_819' title='bbox 3005 5131 3094 5188; x_wconf 90' lang='lat' dir='ltr'><strong><em>cui</em></strong></span> <span class='ocrx_word' id='word_1_820' title='bbox 3142 5131 3369 5186; x_wconf 85' lang='lat' dir='ltr'><strong><em>Pratum</em></strong></span> <span class='ocrx_word' id='word_1_821' title='bbox 3413 5131 3569 5200; x_wconf 85' lang='lat' dir='ltr'><strong><em>spiri-</em></strong></span> 
     </span>
    </p>
   </div>
   <div class='ocr_carea' id='block_1_113' title="bbox 1983 5220 3569 5293">
    <p class='ocr_par' dir='ltr' id='par_1_113' title="bbox 1983 5220 3569 5293">
     <span class='ocr_line' id='line_1_113' title="bbox 1983 5220 3569 5293; baseline -0.005 -13"><span class='ocrx_word' id='word_1_822' title='bbox 1983 5227 2126 5282; x_wconf 86' lang='lat' dir='ltr'><strong><em>tuale</em></strong></span> <span class='ocrx_word' id='word_1_823' title='bbox 2153 5228 2349 5284; x_wconf 89' lang='lat' dir='ltr'><strong><em>titulus</em></strong></span> <span class='ocrx_word' id='word_1_824' title='bbox 2378 5237 2483 5293; x_wconf 90' lang='lat' dir='ltr'><strong><em>est,</em></strong></span> <span class='ocrx_word' id='word_1_825' title='bbox 2523 5237 2826 5290; x_wconf 89' lang='lat' dir='ltr'><strong><em>auctorem,</em></strong></span> <span class='ocrx_word' id='word_1_826' title='bbox 2863 5225 3000 5280; x_wconf 89' lang='lat' dir='ltr'><strong><em>haec</em></strong></span> <span class='ocrx_word' id='word_1_827' title='bbox 3047 5224 3164 5279; x_wconf 90' lang='lat' dir='ltr'><strong><em>sine</em></strong></span> <span class='ocrx_word' id='word_1_828' title='bbox 3204 5221 3374 5277; x_wconf 90' lang='lat' dir='ltr'><strong><em>dubio</em></strong></span> <span class='ocrx_word' id='word_1_829' title='bbox 3410 5220 3569 5274; x_wconf 81' lang='lat' dir='ltr'><strong><em>Zosi-</em></strong></span> 
     </span>
    </p>
   </div>
   <div class='ocr_carea' id='block_1_114' title="bbox 1981 5311 3568 5390">
    <p class='ocr_par' dir='ltr' id='par_1_114' title="bbox 1981 5311 3568 5390">
     <span class='ocr_line' id='line_1_114' title="bbox 1981 5311 3568 5390; baseline -0.006 -17"><span class='ocrx_word' id='word_1_830' title='bbox 1981 5335 2102 5375; x_wconf 89' lang='lat' dir='ltr'><strong><em>mae</em></strong></span> <span class='ocrx_word' id='word_1_831' title='bbox 2141 5320 2396 5390; x_wconf 86' lang='lat' dir='ltr'><strong><em>Alloquia</em></strong></span> <span class='ocrx_word' id='word_1_832' title='bbox 2435 5319 2657 5375; x_wconf 89' lang='lat' dir='ltr'><strong><em>vidisse.</em></strong></span> <span class='ocrx_word' id='word_1_833' title='bbox 2687 5318 2821 5373; x_wconf 87' lang='lat' dir='ltr'><strong><em>Nam</em></strong></span> <span class='ocrx_word' id='word_1_834' title='bbox 2854 5333 2974 5388; x_wconf 87' lang='lat' dir='ltr'><strong><em>cap.</em></strong></span> <span class='ocrx_word' id='word_1_835' title='bbox 3010 5315 3170 5373; x_wconf 81' lang='lat' dir='ltr'><strong><em>CCXI</em></strong></span> <span class='ocrx_word' id='word_1_836' title='bbox 3201 5331 3269 5370; x_wconf 81' lang='lat' dir='ltr'><strong><em>ex</em></strong></span> <span class='ocrx_word' id='word_1_837' title='bbox 3311 5313 3380 5368; x_wconf 91' lang='lat' dir='ltr'><strong><em>iis</em></strong></span> <span class='ocrx_word' id='word_1_838' title='bbox 3416 5311 3568 5366; x_wconf 87' lang='lat' dir='ltr'><strong><em>deci-</em></strong></span> 
     </span>
    </p>
   </div>
   <div class='ocr_carea' id='block_1_115' title="bbox 1980 5405 3568 5479">
    <p class='ocr_par' dir='ltr' id='par_1_115' title="bbox 1980 5405 3568 5479">
     <span class='ocr_line' id='line_1_115' title="bbox 1980 5405 3568 5479; baseline -0.007 -12"><span class='ocrx_word' id='word_1_839' title='bbox 1980 5429 2131 5468; x_wconf 91' lang='lat' dir='ltr'><strong><em>mum</em></strong></span> <span class='ocrx_word' id='word_1_840' title='bbox 2180 5414 2466 5479; x_wconf 89' lang='lat' dir='ltr'><strong><em>describit,</em></strong></span> <span class='ocrx_word' id='word_1_841' title='bbox 2499 5413 2688 5469; x_wconf 89' lang='lat' dir='ltr'><strong><em>verbis</em></strong></span> <span class='ocrx_word' id='word_1_842' title='bbox 2724 5412 2851 5466; x_wconf 89' lang='lat' dir='ltr'><strong><em>inde</em></strong></span> <span class='ocrx_word' id='word_1_843' title='bbox 2889 5411 3005 5466; x_wconf 89' lang='lat' dir='ltr'><strong><em>fere</em></strong></span> <span class='ocrx_word' id='word_1_844' title='bbox 3048 5409 3276 5466; x_wconf 89' lang='lat' dir='ltr'><strong><em>totidem</em></strong></span> <span class='ocrx_word' id='word_1_845' title='bbox 3315 5405 3568 5460; x_wconf 84' lang='lat' dir='ltr'><strong><em>referens</em></strong></span> 
     </span>
    </p>
   </div>
   <div class='ocr_carea' id='block_1_116' title="bbox 1981 5491 3566 5572">
    <p class='ocr_par' dir='ltr' id='par_1_116' title="bbox 1981 5491 3566 5572">
     <span class='ocr_line' id='line_1_116' title="bbox 1981 5491 3566 5572; baseline -0.007 -15"><span class='ocrx_word' id='word_1_846' title='bbox 1981 5503 2268 5557; x_wconf 89' lang='lat' dir='ltr'><strong><em>historiam</em></strong></span> <span class='ocrx_word' id='word_1_847' title='bbox 2299 5502 2579 5568; x_wconf 89' lang='lat' dir='ltr'><strong><em>monachi,</em></strong></span> <span class='ocrx_word' id='word_1_848' title='bbox 2614 5503 2709 5572; x_wconf 90' lang='lat' dir='ltr'><strong><em>qui</em></strong></span> <span class='ocrx_word' id='word_1_849' title='bbox 2748 5501 2977 5572; x_wconf 87' lang='lat' dir='ltr'><strong><em>expilari</em></strong></span> <span class='ocrx_word' id='word_1_850' title='bbox 3014 5501 3207 5555; x_wconf 90' lang='lat' dir='ltr'><strong><em>cellam</em></strong></span> <span class='ocrx_word' id='word_1_851' title='bbox 3239 5511 3393 5552; x_wconf 91' lang='lat' dir='ltr'><strong><em>suam</em></strong></span> <span class='ocrx_word' id='word_1_852' title='bbox 3425 5508 3458 5548; x_wconf 91' lang='lat' dir='ltr'><strong><em>a</em></strong></span> <span class='ocrx_word' id='word_1_853' title='bbox 3483 5491 3566 5547; x_wconf 87' lang='lat' dir='ltr'><strong><em>vi-</em></strong></span> 
     </span>
    </p>
   </div>
   <div class='ocr_carea' id='block_1_117' title="bbox 1980 5589 3564 5664">
    <p class='ocr_par' dir='ltr' id='par_1_117' title="bbox 1980 5589 3564 5664">
     <span class='ocr_line' id='line_1_117' title="bbox 1980 5589 3564 5664; baseline -0.005 -17"><span class='ocrx_word' id='word_1_854' title='bbox 1980 5593 2105 5649; x_wconf 90' lang='lat' dir='ltr'><strong><em>cino</em></strong></span> <span class='ocrx_word' id='word_1_855' title='bbox 2131 5595 2403 5649; x_wconf 88' lang='lat' dir='ltr'><strong><em>monacho</em></strong></span> <span class='ocrx_word' id='word_1_856' title='bbox 2437 5609 2560 5649; x_wconf 92' lang='lat' dir='ltr'><strong><em>cum</em></strong></span> <span class='ocrx_word' id='word_1_857' title='bbox 2591 5597 2738 5650; x_wconf 92' lang='lat' dir='ltr'><strong><em>clare</em></strong></span> <span class='ocrx_word' id='word_1_858' title='bbox 2764 5593 3015 5659; x_wconf 90' lang='lat' dir='ltr'><strong><em>vidisset,</em></strong></span> <span class='ocrx_word' id='word_1_859' title='bbox 3053 5589 3447 5664; x_wconf 77' lang='lat' dir='ltr'><strong><em>patientissime</em></strong></span> <span class='ocrx_word' id='word_1_860' title='bbox 3477 5595 3564 5640; x_wconf 90' lang='lat' dir='ltr'><strong><em>to-</em></strong></span> 
     </span>
    </p>
   </div>
   <div class='ocr_carea' id='block_1_118' title="bbox 1979 5678 3562 5756">
    <p class='ocr_par' dir='ltr' id='par_1_118' title="bbox 1979 5678 3562 5756">
     <span class='ocr_line' id='line_1_118' title="bbox 1979 5678 3562 5756; baseline -0.008 -16"><span class='ocrx_word' id='word_1_861' title='bbox 1979 5685 2164 5740; x_wconf 90' lang='lat' dir='ltr'><strong><em>lerans</em></strong></span> <span class='ocrx_word' id='word_1_862' title='bbox 2195 5727 2210 5752; x_wconf 93' lang='lat'><strong><em>,</em></strong></span> <span class='ocrx_word' id='word_1_863' title='bbox 2268 5687 2435 5740; x_wconf 90' lang='lat' dir='ltr'><strong><em>etiam</em></strong></span> <span class='ocrx_word' id='word_1_864' title='bbox 2491 5697 2781 5756; x_wconf 87' lang='lat' dir='ltr'><strong><em>postquam</em></strong></span> <span class='ocrx_word' id='word_1_865' title='bbox 2835 5684 3048 5740; x_wconf 87' lang='lat' dir='ltr'><strong><em>audivit</em></strong></span> <span class='ocrx_word' id='word_1_866' title='bbox 3091 5678 3562 5752; x_wconf 88' lang='lat' dir='ltr'><strong><em>improbissimum</em></strong></span> 
     </span>
    </p>
   </div>
   <div class='ocr_carea' id='block_1_119' title="bbox 1980 5771 3557 5836">
    <p class='ocr_par' dir='ltr' id='par_1_119' title="bbox 1980 5771 3557 5836">
     <span class='ocr_line' id='line_1_119' title="bbox 1980 5771 3557 5836; baseline -0.006 -4"><span class='ocrx_word' id='word_1_867' title='bbox 1980 5779 2134 5833; x_wconf 91' lang='lat' dir='ltr'><strong><em>illum</em></strong></span> <span class='ocrx_word' id='word_1_868' title='bbox 2191 5779 2366 5835; x_wconf 87' lang='lat' dir='ltr'><strong><em>furem</em></strong></span> <span class='ocrx_word' id='word_1_869' title='bbox 2419 5781 2490 5835; x_wconf 87' lang='lat' dir='ltr'><strong><em>ob</em></strong></span> <span class='ocrx_word' id='word_1_870' title='bbox 2532 5782 2582 5836; x_wconf 90' lang='lat' dir='ltr'><strong><em>id</em></strong></span> <span class='ocrx_word' id='word_1_871' title='bbox 2630 5781 2842 5835; x_wconf 87' lang='lat' dir='ltr'><strong><em>facinus</em></strong></span> <span class='ocrx_word' id='word_1_872' title='bbox 2887 5780 3127 5836; x_wconf 88' lang='lat' dir='ltr'><strong><em>delatum</em></strong></span> <span class='ocrx_word' id='word_1_873' title='bbox 3184 5777 3250 5831; x_wconf 86' lang='lat' dir='ltr'><strong><em>ad</em></strong></span> <span class='ocrx_word' id='word_1_874' title='bbox 3317 5771 3557 5828; x_wconf 88' lang='lat' dir='ltr'><strong><em>iudicem</em></strong></span> 
     </span>
    </p>
   </div>
  </div>
