4016 6450
531 356 638 414 547

1639 352 1846 409 PETRI
1885 350 2146 409 POSSINI
2187 348 2699 407 PROLEGOMENA

3707 349 3804 407 548

532 468 780 521 clausum
811 479 1031 519 carcere
1081 463 1259 518 teneri
1280 502 1295 529 ,
1344 461 1585 533 primum
1618 473 1934 534 corrogatos
1965 461 2120 516 cibos
2151 468 2192 524 Α
2219 460 2316 516 XV
2354 460 2594 516 conficit.
2626 459 2784 528 Quod
2800 458 2925 514 'non
2963 473 3224 529 ponerem
3267 458 3383 516 hoc
3406 459 3533 515 loco
3561 470 3686 516 ante
3710 463 3804 517 tria

535 559 605 614 ad
633 574 759 614 eum
792 558 846 612 in
879 557 1186 613 custodiam
1221 557 1438 621 detulit,
1468 557 1669 611 deinde
1700 573 1730 612 a
1759 557 1940 610 iudice
1979 555 2117 611 libe-

534 649 802 704 rationem
843 649 964 703 eius
1007 648 1340 718 impetravit.
1377 648 1436 702 Id
1471 649 1646 702 solum
1677 647 1976 702 discrimen
2009 656 2113 710 est,

533 741 702 810 quod,
738 756 862 795 cum
889 740 1133 804 Zosimas
1161 740 1327 804 dicat,
1361 755 1547 795 senem
1582 755 1904 810 corrogasse
1925 755 2029 794 ova
2061 748 2118 794 et

533 833 778 896 cathara,
803 847 942 901 quae
969 831 1038 885 ad
1069 831 1245 886 furem
1289 832 1536 886 vinctum
1570 831 1829 895 deferret,
1864 831 2119 886 Moschus

533 938 635 991 pro
666 923 735 976 iis
763 923 922 992 ponit
950 962 965 987 ,
997 922 1180 991 aliqua
1219 921 1505 986 esculenta,
1536 921 1716 976 vitans
1744 921 1884 976 forte
1925 937 2116 976 neces—

535 1025 753 1070 sntatem
795 1015 1104 1086 exponendi
1141 1015 1272 1085 quid
1307 1025 1496 1071 essent
1523 1015 1766 1069 cathara.
1813 1013 1985 1080 Quam
2016 1031 2117 1070 vo—

534 1122 653 1162 cem
688 1123 866 1177 neque
906 1108 960 1160 in
989 1107 1114 1162 ullis
1145 1107 1421 1178 glossariis
1449 1107 1779 1161 deelaratam
1814 1107 2016 1176 reperi,
2063 1117 2121 1163 et

535 1214 660 1251 cum
681 1199 748 1252 de
775 1215 839 1253 ea
865 1198 1102 1253 Graecos
1129 1199 1184 1252 in
1203 1199 1355 1253 Italia
1376 1199 1676 1252 monachos
1700 1198 2117 1269 interrogarem,

536 1291 768 1346 fatentes
799 1292 982 1346 audivi
1008 1291 1222 1346 nescire
1253 1306 1311 1346 se
1342 1306 1570 1360 prorsus
1606 1291 1738 1360 quid
1770 1307 1834 1345 ea
1857 1291 2117 1361 signaret,

537 1383 681 1438 unde
708 1384 887 1453 ipsum
924 1382 1255 1437 vocabulum
1284 1382 1472 1437 latinis
1497 1398 1819 1453 expressum
1851 1382 2028 1438 literis
2065 1382 2120 1436 in

536 1492 656 1530 mea
697 1476 1150 1546 interpretatione
1211 1489 1333 1529 sum
1380 1482 1604 1529 coactus
1640 1476 1972 1545 relinquere.
2011 1475 2123 1529 Mo-

533 1569 701 1622 schus
739 1568 885 1622 idem
922 1582 1043 1638 cap.
1089 1567 1272 1622 CCXII
1307 1567 1574 1622 exscribit
1623 1582 1691 1622 ex
1719 1569 1973 1637 Alloquio
2003 1566 2122 1621 XIII

533 1657 644 1712 duo
691 1657 941 1728 exempla
1003 1673 1199 1713 senum
1257 1669 1574 1713 sanctorum
1628 1659 1786 1714 ultr0‘
1818 1659 2124 1714 latronibus

533 1745 884 1800 offerentium
918 1761 1017 1799 sua
1055 1746 1241 1799 omnia
1265 1786 1280 1810 ,
1324 1761 1390 1800 ea
1431 1746 1545 1802 sola
1591 1746 1938 1813 diﬂ‘erentia,
1973 1748 2120 1819 quod

533 1853 726 1893 vocem
767 1837 1458 1908 scalidion'interpretatur
1492 1841 1823 1912 marsupium
1867 1842 2117 1912 pendens,
2153 1813 2193 1869 Β

534 1939 920 2002 praeterquam
958 1930 1141 1986 minus
1189 1933 1402 2002 perite,
1454 1948 1580 1988 cum
1625 1943 1784 1989 vetus
1842 1934 2120 1991 Theocriti

534 2024 858 2079 scholiastes
881 2023 949 2078 ad
981 2023 1234 2095 Idyllium
1264 2024 1314 2080 X
1340 2025 1668 2082 vocabulum
1697 2027 1855 2082 scalis
1884 2028 2121 2098 explicet

533 2117 946 2170 instrumentum
976 2115 1356 2187 agriculturae,
1391 2116 1539 2172 unde
1568 2117 1846 2173 sarculum
1884 2134 2006 2173 sum
2032 2119 2119 2174 in-

535 2215 890 2279 terpretatus,
920 2207 1017 2263 sed
1040 2207 1206 2262 etiam
1238 2207 1679 2280 improbabiliter
1703 2225 1998 2266 numerans
2032 2212 2118 2265 in-

535 2307 619 2354 ter
646 2299 869 2355 mobilia
900 2299 1070 2355 cellae
1103 2301 1435 2357 monasticae
1475 2304 1824 2374 marsupium,
1869 2319 2120 2373 praeser-

536 2390 634 2445 tim
670 2390 818 2461 quod
857 2390 1013 2445 addit
1057 2391 1320 2462 pendens,
1367 2391 1514 2462 quod
1549 2393 1733 2446 statim
1765 2393 2009 2447 latrones
2033 2393 2117 2448 vi-

532 2479 765 2546 dissent,
796 2495 898 2534 nec
918 2496 1057 2550 opus
1086 2479 1409 2535 habuissent
1432 2481 1700 2537 abeuntes
1720 2498 1751 2536 a
1777 2492 1966 2538 sancto
1987 2497 2118 2539 sene

531 2571 843 2637 admoneri,
888 2581 950 2626 ut
987 2572 1133 2642 quod
1177 2587 1288 2626 non
1336 2572 1689 2629 advertentes
1734 2574 2118 2645 relinquebant

532 2663 812 2717 toHerent.
840 2662 940 2718 Est
970 2673 1256 2734 praeterea
1287 2664 1672 2736 caputCCXVl
1698 2666 1846 2722 Prati
1875 2682 1941 2722 ex
1969 2667 2118 2722 Allo-

531 2752 663 2822 quio
679 2753 935 2808 Zosimae
967 2765 1122 2810 sexto
1141 2755 1502 2826 descriptum.
1521 2755 1698 2826 Caput
1717 2772 1848 2812 vero
1864 2756 2114 2812 CCXVIII

529 2860 599 2900 ex
646 2845 959 2901 undecimo.
1004 2845 1253 2917 Denique
1283 2856 1446 2916 caput
1485 2845 1696 2902 CCXIX
1741 2863 1809 2903 ex
1854 2849 2115 2906 tertiode-

529 2937 694 2994 cimo.
726 2937 835 2993 Sed
871 2939 939 2994 de
963 2937 1050 2993 his
1079 2938 1188 2993 iam
1226 2939 1381 2994 satis.

605 3031 746 3086 XIII.
769 3030 1018 3086 Zosimae
1040 3031 1189 3087 Isaac
1208 3031 1406 3104 Syrum
1428 3030 1689 3102 Opusculi
1708 3031 1804 3087 XII
1831 3041 2112 3088 auctorem

2217 554 2522 624 sequentia,
2551 553 2595 608 si
2636 551 2944 617 crederem,
2979 552 3102 606 eius
3126 562 3448 616 auctorem,
3472 553 3620 623 quod
3651 553 3804 625 aliqui

2217 653 2538 712 autumant,
2589 659 2710 701 esse
2757 645 2948 710 illum,‘
2980 644 3138 699 cuius
3181 643 3450 698 meminit
3493 643 3808 714 Spondanus

2218 738 2375 793 Tom.
2409 738 2670 794 IContin.
2702 737 2769 792 ad
2796 752 2970 792 annos
3012 736 3170 801 1550,
3202 737 3373 802 1554,
3405 735 3550 790 1555
3581 745 3636 791 et
3662 737 3806 794 I362.

2220 827 2316 883 Ilis
2336 842 2406 882 ne
2435 827 2722 892 assentiar,
2754 826 2857 881 tria
2887 819 3208 880 retrahunt:
3241 823 3286 879 I.
3314 824 3474 894 quod
3505 824 3667 880 titulo
3698 842 3811 881 san-

2219 919 2426 975 ctitatis
2465 919 2596 974 huic
2635 919 2691 973 in
2723 927 2914 973 nostro
2959 918 3149 973 codice
3189 917 3409 972 tributo
3443 932 3641 987 parum
3689 932 3810 974 con-

2220 1021 2419 1083 gruant
2453 1011 2694 1065 hominis
2733 1025 2938 1074 mores,
2964 1009 3058 1080 qui
3101 1025 3159 1064 se
3213 1009 3650 1063 schismaticum
3687 1010 3810 1065 actis

2219 1112 2275 1158 et
2305 1103 2525 1172 scriptis
2544 1117 2725 1156 acrem
2748 1101 3085 1171 praebuerit,
3113 1099 3322 1169 quique
3351 1097 3808 1171 Constantinopo-

2220 1195 2450 1250 litanum
2474 1195 2930 1265 patriarchatum,
2961 1194 3169 1247 scelere
3201 1202 3458 1262 partum,
3478 1192 3629 1262 justa
3652 1208 3809 1262 poena

2221 1287 2527 1359 perdiderit
2545 1305 2559 1351 ;
2574 1287 2639 1340 Il.
2655 1276 2782 1356 quia
2799 1285 2935 1339 nihil
2950 1284 3171 1340 videtur
3186 1298 3419 1348 causae,
3433 1295 3659 1338 curnon
3673 1299 3807 1339 com-

2221 1388 2441 1451 pareret
2462 1380 2516 1433 in
2537 1379 2697 1432 titulo
2719 1377 3071 1448 episcopatus
3096 1374 3496 1430 Heracleensis
3515 1384 3573 1429 et
3592 1378 3807 1446 patriar-

2224 1473 2417 1527 chatus
2460 1461 3132 1540 Constantinopolitanus,
3177 1467 3395 1537 quibus
3437 1465 3658 1521 duabus
3699 1481 3808 1520 suc-

2224 1566 2434 1621 cessive
2465 1565 2759 1635 insignitus
2780 1563 2971 1618 infulis
3001 1562 3093 1615 ille
3113 1560 3454 1615 Philotheus
3473 1559 3680 1613 dicitur
3697 1575 3711 1623 ;
3730 1558 3806 1612 Ill.

2224 1659 2483 1730 quoniam
2510 1659 2749 1728 scriptor
2778 1655 2983 1712 saeculi
3013 1655 3132 1711 XIV
3161 1671 3274 1709 non
3303 1662 3500 1726 potest
3534 1651 3702 1708 credi,
3723 1666 3808 1705 au-

2226 1760 2345 1806 ctor
2399 1749 2584 1821 Operis
2627 1750 2684 1804 in
2735 1749 2926 1804 c'odice
2977 1747 3277 1818 descripti,
3328 1746 3734 1813 cuiusmanus
3763 1751 3809 1797 et

2223 1846 2415 1901 charta
2441 1853 2679 1899 aetatem
2704 1841 3026 1913 praeferunt
3055 1853 3369 1903 annorum,
3399 1846 3465 1891 ut
3493 1851 3661 1906 supra
3690 1834 3806 1898 dixi,

2221 1940 2680 2010 quingentorum,
2730 1933 3056 2006 praesertim
3095 1947 3220 1986 cum
3259 1929 3341 1984 ibi
3386 1936 3519 2000 post
3556 1927 3691 1982 illud
3718 1927 3808 1981 alia

2221 2041 2497 2103 ponantur
2527 2029 2724 2085 aetatis
2761 2026 3050 2082 manifeste
3075 2023 3340 2080 senioris.
3370 2021 3809 2092 Scripseritergo

2221 2125 2370 2181 hunc
2405 2138 2719 2180 sermonem
2766 2122 2942 2177 multo
2983 2119 3266 2190 antiquior
3315 2116 3553 2187 quidam
3599 2121 3658 2169 et
3702 2127 3809 2168 san-

2221 2216 2363 2272 ctior
2393 2231 2424 2271 e
2452 2214 2710 2286 plurimis
2748 2212 2900 2268 omni
2930 2225 3066 2266 aevo
3093 2207 3382 2282 insignitis
3407 2205 3691 2264 Philothci
3722 2218 3805 2259 vo-

2220 2308 2419 2363 cabulo
2451 2305 2755 2361 monachis.

2291 2398 2366 2453 De
2419 2396 2712 2451 Theodoro
2762 2394 3178 2466 archiepiscopo
3228 2392 3526 2448 Edesseno
3566 2387 3804 2461 Opusculi

2220 2489 2338 2545 XVI
2373 2498 2597 2544 auctore
2616 2504 2726 2543 non
2746 2495 2962 2542 constat
2985 2486 3111 2556 quis
3127 2485 3320 2550 fuerit,
3354 2483 3508 2539 unde
3535 2479 3803 2545 oriundus,

2220 2581 2315 2637 ubi
2350 2581 2540 2646 vitam,
2574 2579 2721 2650 quod
2769 2586 3019 2649 apparet,
3057 2577 3430 2632 monasticam
3464 2581 3595 2630 ante
3641 2569 3802 2626 archi-

2217 2670 2595 2741 episcopatum
2633 2667 2964 2732 exercuerit,
2988 2666 3208 2737 quando
3230 2675 3291 2721 et
3327 2681 3442 2737 qua
3475 2662 3753 2719 occasione
3778 2674 3802 2712 a

2219 2760 2486 2815 coenobio
2521 2759 2589 2814 ad
2620 2758 2954 2814 Edessenam
2975 2757 3298 2813 cathedram
3323 2755 3499 2810 fuerit
3519 2759 3800 2824 promotus.

2218 2854 2376 2908 Tom.
2408 2853 2555 2909 XXII
2583 2852 2958 2907 Bibliothecae
2991 2851 3216 2906 Patrum
3265 2848 3540 2904 editionis
3583 2841 3800 2900 novissi-

2216 2957 2340 2997 mae
2379 2941 2764 3013 Lugdunensis
2803 2940 3202 3011 quinquaginta
3239 2955 3314 2994 ex
3362 2939 3490 2994 eius
3544 2933 3799 3006 capitulis,

2218 3037 2324 3092 hoc
2355 3046 2441 3092 est
2461 3053 2578 3104 non
2618 3046 2795 3092 totum
2826 3035 3117 3090 dimidium
3136 3033 3269 3089 libri
3303 3033 3431 3088 eius
3463 3031 3646 3104 [quem
3676 3028 3798 3081 intc-

531 3120 782 3194 proxime
810 3121 1092 3176 admotum
1119 3122 1520 3193 subiungimus,
1539 3121 1798 3192 quoniam
1819 3122 1967 3178 hunc
1985 3124 2116 3178 Pos-
2143 3155 2185 3213 ο
2218 3144 2377 3199 grum
2407 3127 2644 3200 damus],
2666 3128 2831 3199 idque
2858 3143 3008 3182 mere
3038 3128 3208 3183 latine
3227 3126 3596 3188 exhibentur,
3643 3121 3800 3189 deque

531 3215 773 3280 sevinus,
811 3230 879 3269 cx
906 3214 1191 3270 Gennadio
1220 3215 1482 3280 referens,
1519 3216 1675 3285 ponit
1720 3217 2112 3286 imperatorum

528 3304 780 3360 Martiani
818 3321 882 3360 ac
907 3305 1108 3360 Leonis
1155 3316 1465 3376 temporum
1505 3307 1810 3376 aequalem.
1847 3306 2020 3373 Quem
2059 3314 2115 3362 et

527 3397 628 3465 ait,
671 3409 893 3470 praeter
929 3398 1101 3454 multa
1151 3406 1346 3453 contra
1384 3399 1721 3464 haereticos,
1748 3399 1916 3452 etiam
1955 3411 2110 3453 asce-

530 3491 639 3545 tica
673 3491 978 3561 scripsisse.
1013 3489 1192 3562 Supra
1224 3489 1426 3561 Opusc.
1451 3489 1524 3546 IX
1541 3507 1662 3563 pag.
1695 3491 1798 3545 247
1820 3491 1880 3545 fit
1905 3492 2113 3547 mentio

527 3581 817 3635 cuiusdam
845 3580 1017 3646 Isaac,
1049 3583 1143 3651 qui
1187 3579 1354 3635 fuerit
1391 3581 1695 3652 discipulus
1737 3581 1913 3652 Magni
1943 3581 2112 3638 Arse~

527 3671 627 3726 nii.
670 3672 820 3727 Idem
863 3671 908 3728 is
959 3687 1090 3728 sane
1147 3687 1274 3728 cum
1317 3673 1425 3728 hoc
1482 3683 1671 3730 nostro
1733 3689 1855 3730 esse
1909 3675 2109 3746 potuit.

526 3765 769 3821 Dubium
798 3765 1024 3836 quidem
1055 3766 1192 3820 mihi
1237 3781 1348 3821 non
1386 3775 1510 3832 est,
1564 3766 1698 3837 quin
1723 3807 1738 3833 ,
1783 3784 1924 3838 quae
1970 3768 2114 3822 infra

525 3858 730 3928 Opusc.
750 3857 894 3914 XVII
926 3857 1222 3929 Nicephori
1263 3858 1520 3913 monachi
1559 3875 1628 3913 ex
1656 3858 1806 3913 Isaac
1835 3859 1970 3926 Syro
2013 3859 2112 3915 dc-

527 3953 880 4018 scribuntur,
947 3953 1198 4007 eiusdem
1246 3952 1412 4007 huius
1470 3951 1646 4007 nostri
1701 3952 1828 4007 sint.
1892 3953 2112 4007 Memini

527 4045 665 4099 alias
695 4045 752 4098 in
793 4043 1134 4099 Bibliotheca
1164 4044 1426 4099 Vaticana
1472 4043 1679 4099 vidisse
1723 4059 1812 4099 me
1859 4046 2030 4099 multa
2057 4053 2114 4100 et

527 4137 810 4208 praeclara
854 4135 1006 4190 Isaac
1037 4135 1046 4206 |
1079 4134 1198 4206 Syri
1245 4150 1434 4206 opera,
1481 4151 1622 4206 quae
1660 4135 1894 4190 multum
1921 4135 2112 4207 profu-

529 4237 674 4292 tura,
709 4229 756 4282 si
807 4227 1115 4298 prodirent,
1161 4227 1482 4299 interpretis
1524 4237 1582 4283 et
1625 4227 1856 4284 editoris
1887 4244 2112 4299 operam

529 4321 846 4391 implorant.
893 4319 1245 4375 Theodorum
1294 4320 1569 4376 Studitam
1609 4321 1760 4375 Isaac
1794 4321 1930 4393 Syro
1975 4337 2111 4376 con-

529 4413 710 4479 tinuo,
750 4413 897 4484 quod
933 4413 1090 4467 illum
1119 4411 1264 4467 inter
1294 4413 1586 4484 plerosque
1631 4414 1979 4483 sequentium
2009 4429 2109 4469 au-

2223 3235 2290 3276 eo
2347 3221 2404 3276 in
2459 3221 2702 3292 generali
2752 3219 2934 3275 indice
2986 3220 3160 3274 Tom.
3214 3219 3237 3274 I
3295 3219 3510 3274 dicitur
3576 3212 3799 3270 floruisse

2222 3311 2379 3366 illum
2411 3312 2508 3367 XII
2542 3312 2782 3367 saeculo.
2821 3310 2964 3366 Sane
2991 3311 3169 3366 serius
3196 3326 3314 3364 non
3346 3308 3535 3380 potuit
3563 3301 3797 3362 Theodo-

2222 3420 2320 3459 rus
2347 3412 2557 3469 noster,
2583 3420 2747 3475 quam
2771 3403 2932 3458 istius
2966 3403 3172 3459 saeculi
3199 3402 3367 3458 initio
3387 3403 3597 3457 vivere.
3631 3398 3795 3453 Testa-

2222 3504 2314 3551 tur
2349 3495 2499 3550 enim
2531 3493 2812 3565 Eugenius
2855 3493 2925 3548 III
2958 3507 3207 3548 summus
3245 3491 3508 3547 Pontifex
3547 3486 3715 3544 literis
3739 3481 3795 3537 ad

2220 3589 2561 3646 Ludovicum
2593 3603 2778 3660 regem
2807 3587 3144 3642 Francorum
3177 3584 3429 3656 scriptis,
3462 3599 3599 3653 quas
3622 3576 3796 3635 recitat

2221 3680 2492 3736 Baronius
2512 3679 2673 3734 Tom.
2712 3677 2808 3733 XII
2847 3693 3000 3731 num.
3025 3675 3199 3730 XXXI
3238 3675 3376 3729 anni
3401 3674 3561 3737 H45,
3603 3677 3794 3740 captam

2221 3785 2254 3825 a
2286 3769 2575 3825 Saracenis
2606 3784 2674 3823 eo
2706 3783 2851 3823 anno
2883 3766 3168 3830 Edessam,
3202 3765 3395 3820 occiso
3421 3763 3492 3818 ab
3541 3761 3607 3816 iis
3638 3754 3795 3814 archi-

2219 3862 2479 3932 episcopo
2510 3860 2871 3932 pluribusque
2899 3859 3039 3915 aliis.
3076 3859 3156 3914 Ex
3180 3873 3292 3928 quo
3322 3867 3570 3928 tempore
3596 3861 3793 3908 vacasse

2221 3952 2372 4007 illam
2411 3951 2598 4006 sedem
2634 3960 2884 4021 apparet,
2920 3949 3102 4021 quoad
3141 3958 3336 4020 erepta
3383 3945 3668 4004 Saracenis
3707 3953 3792 4011 per

2221 4045 2461 4100 Francos
2490 4045 2696 4099 Edessa
2722 4053 2826 4110 est,
2870 4044 2965 4114 qui
2995 4042 3280 4114 deinceps,
3321 4040 3588 4114 quamdiu
3617 4036 3789 4093 Hiero-

2221 4137 2446 4208 solymis
2478 4147 2797 4209 regnarunt,
2831 4137 3276 4207 archiepisc0pos
3315 4136 3369 4191 ei
3408 4135 3606 4190 latinos
3637 4127 3786 4184 dede-

2221 4235 2370 4283 runt.
2401 4228 2515 4283 Nec
2542 4228 2763 4283 videtur
2793 4228 3120 4293 verisimile,
3151 4227 3625 4298 archiepisc0pum
3653 4236 3680 4274 a
3701 4215 3786 4270 Sa-

2220 4321 2438 4376 racenis
2469 4320 2822 4377 interfectum
2854 4321 3003 4376 hunc
3038 4321 3219 4391 ipsum
3243 4319 3418 4376 fuisse
3437 4314 3784 4373 Theodorum.

2220 4415 2424 4486 Martyr
2462 4415 2610 4468 enim
2659 4414 2854 4469 fuisset
2890 4413 3091 4478 dictus,
3132 4411 3228 4483 qui
3277 4414 3337 4468 in
3381 4410 3678 4466 Turrianeo
3703 4413 3784 4453 co-

528 4515 712 4562 ctores
739 4504 1142 4576 Opusculorum
1192 4513 1374 4561 certae
1417 4515 1474 4561 et
1521 4515 1683 4562 notae
1726 4507 1924 4564 aetatis
1951 4508 2112 4564 video
2147 4521 2193 4580 ο
2221 4506 2344 4562 dice
2404 4499 2672 4561 duntaxat
2723 4503 2951 4560 Sanctus
3015 4515 3168 4576 pater
3227 4514 3406 4558 noster
3467 4490 3782 4580 inscribitur:

527 4615 670 4656 esse.
705 4599 855 4655 Vixit
881 4607 1076 4654 octavo
1106 4600 1344 4654 saeculo.
1389 4599 1578 4665 Multa,
1621 4615 1762 4671 quae
1801 4601 1869 4656 de
1914 4618 1982 4657 co
2027 4603 2111 4657 di-

527 4693 701 4749 cenda
759 4700 926 4759 sunt,
992 4692 1271 4748 cumulate
1322 4704 1584 4764 congeret
1628 4694 1714 4748 vir
1759 4693 2111 4751 doctissimus

526 4785 777 4840 omnium
807 4783 930 4840 eius
959 4797 1191 4854 operum
1220 4784 1438 4854 plenam
1462 4792 1520 4838 et
1551 4784 1888 4840 luculentam
1915 4787 2113 4842 editio—

525 4894 653 4936 nem
684 4877 981 4933 adornans.

595 4968 827 5025 Abbatis
859 4957 1029 5025 Isaiae
1056 4977 1313 5040 quartum
1345 4969 1621 5026 decimum
1644 4981 1728 5025 est
1749 4971 2107 5041 Opusculum.

527 5059 685 5116 Hunc
722 5062 818 5116 alii
864 5061 1081 5117 Esaiam
1125 5062 1422 5131 appellant,
1457 5077 1559 5133 ego
1587 5063 1865 5118 Ecclesiae
1908 5063 2112 5118 latinae

527 5168 689 5207 usum
729 5163 1011 5224 receptum
1043 5154 1099 5208 in
1124 5154 1294 5209 Isaiae
1323 5155 1592 5210 vocabulo
1619 5155 1900 5211 efferendo
1935 5156 2109 5221 tenui,

528 5261 759 5301 securus
787 5246 1090 5316 scripturae
1120 5245 1455 5301 Graecorum
1507 5246 1563 5300 in
1607 5247 1779 5301 verbo
1812 5247 2112 5305 Hebraicae

528 5336 780 5406 originis.
807 5335 1171 5390 Bellarminus
1192 5337 1247 5390 in
1269 5337 1410 5391 libro
1439 5337 1514 5390 De
1541 5336 1904 5406 scriptoribus
1932 5339 2111 5394 eccle-

529 5429 767 5485 siasticis
792 5426 860 5482 de
885 5443 953 5482 eo
970 5429 1066 5493 ait,
1094 5443 1173 5491 se,
1194 5443 1304 5496 quo
1334 5438 1580 5497 tempore
1599 5428 1830 5493 vixerit,
1862 5430 2113 5485 invenire

529 5523 862 5593 nequivisse.
897 5522 1032 5578 Vide
1072 5522 1239 5576 etiam
1273 5521 1340 5576 de
1386 5521 1479 5574 illo
1514 5521 1891 5577 Possevinum.
1939 5523 2114 5579 liuius

531 5630 751 5685 quoque
777 5615 1080 5671 honorifice
1109 5613 1361 5669 meminit
1385 5613 1524 5668 infra
1546 5615 1890 5686 Nicephorus
1918 5632 2112 5672 mona-

533 5705 672 5760 chus
695 5705 892 5776 Opusc.
922 5707 1085 5761 XVII.

592 5792 784 5848 Sermo
801 5795 856 5853 S.
881 5795 1152 5852 Philothei
1177 5795 1242 5853 de
1259 5795 1749 5856 'mandatisChristi
1773 5799 2108 5870 Opusculum

2215 4599 2433 4656 Obiisse
2463 4613 2595 4670 ergo
2633 4599 2790 4652 illum
2815 4598 3056 4652 naturali
3086 4606 3264 4652 morte
3292 4604 3423 4650 ante
3450 4601 3647 4647 annum
3665 4576 3785 4635 “‘5

2215 4691 2482 4746 credibile
2508 4699 2615 4756 est,
2649 4691 2760 4744 imo
2799 4689 2942 4745 forte
2969 4689 3252 4760 aliquanto
3275 4684 3616 4744 submotiore
3647 4691 3725 4729 re-
3750 4671 3760 4738 Ι

2215 4793 2303 4838 tro
2336 4790 2536 4848 aetate,
2555 4793 2637 4846 ut,
2663 4798 2828 4852 quem
2859 4782 3118 4837 Saraceni
3143 4781 3384 4836 Edessae
3404 4775 3782 4852 expugnatores

2215 4872 2562 4937 occiderunt,
2597 4887 2887 4927 successor
2931 4873 3082 4926 illius
3125 4887 3238 4926 non
3289 4865 3654 4925 immediatus,
3698 4848 3780 4907 58d

2214 4966 2513 5031 secundus,
2551 4966 2770 5031 tertius,
2798 4975 3096 5036 quartusve
3122 4960 3308 5019 fuerit.

2287 5059 2446 5114 Paris
2475 5073 2601 5113 cum
2642 5057 2938 5113 Theodoro
2974 5056 3256 5111 Edesseno
3300 5050 3493 5108 aetatis
3527 5035 3776 5132 Nicephoj

2214 5165 2340 5205 rum
2385 5151 2720 5206 monachum
2761 5149 2978 5220 opinari
3010 5149 3139 5203 licet
3167 5142 3428 5218 Opusculi
3473 5133 3626 5197 XVII,
3664 5126 3774 5182 libri

2212 5244 2374 5299 valde
2402 5243 2575 5309 utilis,
2613 5254 2919 5311 auctorem,
2949 5257 3073 5296 eum
3105 5238 3330 5295 certiori
3356 5247 3538 5291 rerum
3563 5237 3616 5283 et
3641 5227 3793 5325 acto:

2214 5355 2338 5392 rum
2372 5337 2494 5392 eius
2525 5337 2842 5392 testimonio
2875 5350 3182 5390 careamus.
3649 5409 3661 5412 _
3692 5407 3702 5412 Δ
3759 5401 3770 5412 ⁸

2287 5430 2402 5485 I-Ioc
2443 5430 2584 5484 forte
2636 5429 2917 5499 antiquior
2963 5427 3132 5482 fuerit
3177 5434 3370 5480 auctor
3415 5415 3576 5475 XVIII
3614 5407 3773 5464 ultimi

2215 5520 2500 5592 Opusculi,
2547 5539 2853 5594 anonymus
2891 5521 3197 5576 monachus
3228 5515 3475 5574 coenobii
3500 5501 3770 5600 graecior-

2216 5613 2366 5668 dinis
2400 5614 2455 5668 S.
2491 5614 2677 5669 Basilii
2701 5614 2758 5667 in
2785 5630 2918 5685 agro
2939 5613 3276 5676 Tusculano,
3299 5628 3327 5665 a
3348 5608 3404 5664 S.
3436 5602 3552 5660 Nilo
3573 5597 3770 5666 juniOrc

2217 5707 2361 5761 circa
2403 5705 2566 5762 ﬁnem
2611 5707 2818 5761 saeculi
2866 5706 2914 5760 X
2952 5704 3190 5769 fundati,
3240 5703 3398 5759 cuius
3438 5686 3764 5763 amplificator

2218 5797 2448 5870 insignis
2498 5798 2708 5854 exstitit
2741 5814 2883 5853 unus
2928 5814 2958 5852 e
3003 5797 3109 5853 Nili
3158 5792 3473 5869 discipulis,
3517 5773 3762 5840 eiusdem-
