4016 6414
267 343 375 401 3:3
1123 349 1220 406 AD
1254 347 1635 406 EDITIONEM
1663 347 1829 404 non.
1874 328 1930 403 sâ€™.
1972 348 2256 404 mesen
2294 346 2636 404 AEGYPTII.
3426 353 3535 410 5st

275 460 459 517 Caroli
491 462 792 530 (htilielmi,
817 464 1155 530 cancellario,
1179 464 1483 520 consiliario
1499 465 1686 519 intimo
1709 472 1759 518 et
1786 464 1925 518 sacri
1953 464 2247 518 consistorii
2271 461 2525 533 praesidi,
2549 462 2978 531 eminentissimo,
3005 475 3228 537 patrono
3257 467 3542 539 singulari,

278 557 600 625 Macarium,
628 563 1016 616 sanctissimum
1043 561 1280 628 Patrem,
1303 569 1464 632 atque
1493 563 1724 633 seipsum
1752 562 2203 631 obsequiosissimo
2231 561 2376 616 cultu
2404 574 2455 618 et
2483 561 2657 616 studio
2679 561 2828 633 offert
2856 558 2943 615 Jo.
2974 558 3226 632 Georgius
3249 559 3469 618 Pritius.
3501 562 3515 634 |

1702 702 1793 758 Vir
1837 703 2066 759 illustris
2090 705 2110 758 !

352 837 540 906 Quum
579 841 678 896 Dei
715 841 920 914 Optimi
963 843 1181 898 Maximi
1226 842 1492 912 singulari
1533 851 1694 908 nutu,
1734 851 1792 897 et
1829 842 2178 900 Serenissimi
2217 841 2398 898 Caroli
2434 842 2701 900 Guilielmi
2738 841 2938 898 summi
2976 842 3248 915 Principis
3293 845 3444 902 iussu
3486 852 3546 899 et

281 931 570 1000 auspiciis,
607 932 744 990 Tuis
794 944 975 990 tamen
1003 937 1171 992 etiam
1223 937 1492 1003 consiliis,
1529 933 1734 1008 Lipsia,
1775 953 1808 992 e
1857 938 2182 994 charissima
2231 938 2478 994 omnium
2531 939 2728 1009 patria,
2768 940 2837 994 ad
2884 941 3238 996 Servestanos
3283 949 3547 997 evocatus

281 1025 499 1080 abitum
532 1028 851 1094 meditarer,
884 1029 1272 1086 adducendum
1319 1031 1544 1087 insimul
1578 1030 1887 1087 existimavi
1938 1031 2196 1086 comitem
2241 1032 2616 1088 venerandum
2642 1032 2942 1088 Macarium
2991 1034 3146 1088 illum
3189 1031 3539 1104 Aegyptium,

283 1123 430 1177 inter
459 1124 654 1180 Patres
678 1125 954 1182 Ecclesiae
984 1126 1326 1183 Christianae
1359 1128 1580 1200 pietatis
1610 1127 1892 1183 solidioris
1920 1127 2083 1183 laude
2117 1135 2176 1183 et
2217 1127 2342 1183 viva
2370 1143 2557 1184 rerum
2583 1128 2912 1198 spiritalium
2947 1125 3176 1181 scientia
3201 1124 3546 1194 incompara-

283 1216 475 1272 bilem.
513 1218 688 1286 Quem
724 1221 875 1276 enim
917 1222 1190 1289 dabimus,
1225 1225 1345 1293 qui,
1376 1224 1485 1279 nisi
1529 1223 1846 1279 divinorum
1887 1225 2276 1295 mysteriorum
2322 1239 2352 1278 a
2387 1223 2626 1295 Spiritus
2664 1224 2838 1280 sancti
2880 1223 3054 1295 gratia
3089 1221 3256 1277 fuerit
3297 1219 3542 1291 peculia-

283 1311 425 1366 riter
456 1314 735 1385 particeps
765 1314 962 1381 factus,
989 1315 1057 1371 de
1086 1318 1546 1373 excellentissima
1585 1319 1798 1373 animae
1839 1319 2195 1389 praestantia,
2229 1319 2298 1374 de
2343 1319 2499 1390 lapsu
2549 1319 2788 1375 hominis
2834 1315 3160 1380 miserrimo,
3195 1314 3264 1368 de
3299 1319 3547 1369 extrema

283 1403 574 1460 hominum
605 1406 663 1462 in
695 1409 934 1477 peccatis
976 1409 1273 1465 iacentium
1305 1409 1596 1481 pravitate,
1632 1411 1700 1464 de
1743 1409 1960 1465 insidiis
2007 1410 2250 1466 hostium
2289 1410 2642 1465 infernalium
2686 1421 2742 1466 et
2787 1407 3164 1466 molitionibus
3203 1406 3261 1460 in
3303 1414 3548 1460 mentem

283 1499 585 1554 humanam
635 1505 1135 1574 periculosissimis,
1170 1509 1239 1563 de
1283 1508 1611 1564 suavissimo
1660 1505 1837 1562 divini
1886 1506 2125 1576 Spiritus
2169 1507 2360 1574 ductu,
2401 1508 2471 1562 de
2519 1508 2693 1580 gratia
2729 1507 2847 1572 Dei,
2879 1506 2892 1577 1
2922 1505 3235 1577 gratiaeque
3275 1517 3307 1556 a
3349 1509 3548 1554 natura

281 1594 659 1663 distinctione,
679 1601 1044 1674 universaque
1081 1604 1273 1659 salutis
1305 1612 1526 1659 nostrae
1558 1603 1879 1659 oeconomia
1905 1603 2137 1659 solidius
2169 1604 2473 1675 scripserit,
2506 1620 2671 1675 quam
2703 1613 2995 1658 veteranus
3036 1600 3128 1654 ille
3169 1601 3312 1655 inter
3343 1595 3548 1652 Christi

283 1689 589 1749 Salvatoris
629 1694 913 1753 ministros
948 1697 1251 1754 Macarius?
1283 1699 1518 1754 Tantum
1549 1698 1734 1752 virum
1767 1695 1913 1766 quod
1947 1696 2001 1750 in
2035 1695 2333 1765 hospitium
2375 1695 2663 1759 deducam,
2697 1694 2803 1749 nisi
2836 1693 2902 1748 ad
2943 1693 3040 1758 Te,
3078 1693 3164 1748 vir
3201 1689 3548 1746 excellentis-

280 1783 466 1838 sime?
497 1786 699 1856 quippe
725 1790 820 1858 qui
848 1806 949 1861 pro
982 1790 1240 1845 inusitata
1271 1806 1456 1845 rerum
1483 1788 1814 1852 divinarum,
1847 1803 1956 1857 qua
1985 1788 2180 1857 polles,
2213 1787 2410 1857 peritia
2444 1802 2504 1842 es
2538 1803 2681 1841 unus
2720 1786 2966 1841 omnium
2998 1785 3230 1839 maxime
3263 1781 3328 1838 ad
3363 1780 3550 1836 existi-

281 1877 551 1931 mandum
583 1879 834 1946 idoneus,
860 1883 1138 1952 quodnam
1175 1883 1248 1938 sit
1277 1893 1388 1938 tam
1422 1881 1638 1937 eximiis
1685 1881 1974 1936 animabus
2022 1882 2375 1936 statuendum
2405 1882 2664 1952 pretium.
2715 1880 2869 1947 Quod
2910 1879 3000 1950 qui
3034 1879 3270 1944 noverit,
3300 1893 3463 1948 quam
3495 1882 3552 1930 et

278 1965 485 2035 cupide
516 1968 798 2038 calideque
822 1971 952 2025 olim
977 1973 1180 2027 nostris
1212 1971 1384 2027 sacris
1414 1970 1633 2026 dederis
1664 1987 1908 2042 operam,
1941 1986 2106 2040 quam
2139 1973 2347 2042 amplas
2379 1972 2661 2029 interioris
2692 1971 2992 2042 sapientiae
3021 1970 3239 2026 divinae
3271 1967 3554 2039 possideas

279 2064 592 2129 facultates,
618 2081 780 2134 quam
809 2076 866 2122 et
891 2083 1108 2123 morum
1137 2077 1382 2139 praestes
1405 2067 1670 2138 singulari
1703 2067 2034 2139 integritate,
2063 2076 2378 2138 quantoque
2415 2083 2600 2123 amore
2632 2067 2688 2122 in
2721 2067 2978 2146 pietatem
3015 2067 3284 2121 sinceram
3324 2063 3554 2132 eiusque

280 2157 528 2210 cultores
565 2156 782 2222 feraris,
817 2159 968 2216 iuxta
999 2176 1214 2216 mecum
1247 2168 1505 2231 agnoscet
1535 2160 1771 2215 libenter
1801 2170 1857 2215 et
1887 2161 2248 2231 praedicabit.
2287 2161 2421 2216 Mihi
2461 2176 2596 2216 vero
2633 2169 2689 2216 et
2717 2160 2820 2216 ista
2850 2161 2990 2215 ratio
3021 2159 3128 2214 fuit
3157 2158 3215 2213 in
3247 2157 3554 2211 clientelam

283 2247 458 2301 Tuam
488 2249 740 2304 tradendi
775 2251 1021 2306 divinum
1051 2253 1342 2308 Macarium
1375 2264 1644 2320 nostrum,
1675 2254 1882 2310 nostris
1912 2254 2387 2324 qualibuscunque
2417 2254 2620 2325 vigiliis
2647 2268 2797 2308 nunc
2825 2251 2988 2323 paqu
3021 2249 3246 2322 politius
3275 2249 3557 2320 prodeun-

291 2347 398 2392 tem
423 2339 479 2394 in
509 2340 812 2409 publicum,
840 2352 902 2397 ut
934 2358 1022 2397 me
1053 2358 1272 2412 quoque
1301 2343 1405 2398 hac
1440 2345 1650 2399 ratione
1686 2342 1938 2399 sisterem
1970 2343 2116 2408 Tibi,
2149 2344 2237 2398 vir
2276 2344 2530 2410 illustris,
2559 2343 2625 2399 ad
2661 2352 2927 2414 perpetua
2957 2342 3200 2406 servitia,
3235 2355 3300 2395 ac
3336 2338 3557 2410 aliquod

293 2439 461 2486 exstet
493 2431 636 2501 grati
662 2432 832 2487 animi
863 2449 994 2505 erga
1023 2434 1100 2488 Te
1139 2434 1530 2490 documentum
1560 2452 1572 2488 :
1601 2435 1691 2489 cui
1728 2434 2004 2503 imprimis
2048 2434 2229 2490 refero
2261 2442 2568 2505 acceptum,
2597 2434 2744 2506 quod
2777 2434 2920 2505 apud
2953 2433 3311 2488 Servestanos
3343 2443 3559 2488 vestros

287 2532 344 2578 et
369 2523 427 2579 in
457 2524 691 2579 ecclesia
721 2534 779 2580 et
809 2525 864 2580 in
896 2526 1157 2581 cathedra
1189 2527 1408 2598 publica
1436 2543 1502 2583 ea
1540 2535 1622 2582 tra
1653 2527 1663 2598 |
1694 2527 1860 2582 dendi
1905 2542 2168 2589 concessa
2200 2527 2337 2582 mihi
2370 2527 2442 2582 sit
2473 2527 2724 2593 facultas,
2755 2541 2896 2596 quae
2924 2526 3128 2596 populo
3158 2524 3471 2580 Christiano
3500 2533 3561 2579 et

283 2615 566 2671 studiosae
597 2617 868 2673 iuventuti
897 2619 1110 2688 possint
1137 2634 1258 2674 esse
1290 2619 1358 2674 ad
1387 2619 1556 2674 vitam
1581 2617 1952 2674 Christianam
1996 2627 2147 2672 recte
2186 2617 2602 2688 ingrediendam
2633 2626 2797 2686 atque
2829 2615 3136 2681 colendam,
3171 2629 3235 2669 ac
3269 2614 3337 2668 ad
3371 2629 3558 2668 veram

280 2706 655 2761 eruditionem
695 2707 1119 2778 comparandam
1163 2709 1472 2764 necessaria
1508 2718 1566 2764 et
1607 2708 1801 2774 utilia;
1847 2723 1958 2778 quo
2002 2707 2148 2763 vitae
2197 2723 2301 2778 ego
2345 2723 2548 2778 genere
2593 2707 2827 2762 maxime
2870 2706 3116 2761 omnium
3152 2707 3261 2760 iam
3302 2721 3333 2760 a
3370 2706 3560 2761 multis

280 2801 446 2859 annis
477 2801 835 2858 vehementer
869 2803 1133 2859 delector.
1175 2803 1379 2874 Recipe
1426 2804 1616 2875 igitur,
1648 2802 1737 2857 vir
1769 2801 2021 2870 illustris,
2056 2803 2329 2873 hospitem
2365 2802 2515 2858 hunc
2560 2817 2763 2858 novum
2807 2817 2873 2856 ea
2917 2800 3121 2866 fronte,
3162 2816 3272 2870 qua
3318 2798 3386 2854 ad
3434 2814 3559 2854 sua-

281 2895 566 2952 vissimam
620 2894 1054 2964 humanitatem,
1096 2897 1280 2952 dotem
1319 2897 1444 2951 Tibi
1488 2913 1520 2952 a
1562 2905 1759 2951 natura
1798 2895 2048 2951 faventer
2097 2895 2455 2967 impertitam,
2501 2903 2558 2950 et
2606 2893 3014 2965 elegantissima
3062 2893 3284 2947 \ivendi
3344 2892 3561 2948 ratione

282 2990 585 3060 plurimum
619 3000 857 3055 auctam,
885 2989 1242 3058 compositus,
1269 3004 1380 3044 non
1405 2988 1596 3047 doctos
1625 2997 1860 3055 tantum,
1890 2988 1988 3042 sed
2017 2987 2346 3059 praesertim
2378 2987 2599 3057 pietatis
2628 2987 2870 3042 cultores
2894 2984 2960 3039 ad
2993 2996 3347 3054 conspectum
3381 2985 3563 3041 Tuum

281 3081 678 3154 benignissime
706 3081 972 3138 admittis.
1003 3080 1209 3151 Recipe
1239 3089 1296 3136 et
1326 3095 1414 3136 me
1450 3080 1508 3151 in
1538 3081 1803 3147 favorem,
1837 3080 1933 3150 qui
1974 3080 2180 3134 enixim
2227 3079 2285 3133 in
2321 3079 2377 3134 id
2424 3078 2695 3143 connitar,
2730 3087 2792 3134 ut
2834 3077 3036 3147 quibus
3082 3078 3408 3134 muneribus
3443 3079 3565 3135 Tuo

279 3172 555 3232 beneï¬cio
589 3175 899 3248 praeï¬cior,
935 3173 1264 3231 satisfaciam
1313 3189 1554 3244 semper,
1590 3181 1646 3229 et
1679 3173 1747 3228 de
1788 3181 1976 3229 cetero
2018 3172 2444 3243 quibuscunque
2478 3171 2685 3241 possim
2729 3169 2923 3226 olIiciis
2965 3169 3032 3224 ad
3059 3169 3156 3235 Te,
3198 3171 3280 3225 vir
3311 3173 3564 3227 eminen-

281 3267 518 3335 tissime,
551 3267 858 3323 ornandum
886 3267 989 3322 sim
1014 3264 1413 3336 paratissimus.
1445 3266 1596 3321 Vale.
1624 3265 1841 3336 Lipsiae
1870 3265 1930 3320 in
1957 3265 2111 3320 abitu
2142 3281 2266 3320 meo
2293 3263 2410 3319 Cal.
2445 3263 2671 3320 Octobr.
2707 3263 2772 3318 A.
2798 3263 2862 3318 ÎŸ.
2897 3264 2964 3318 Î’.
2993 3264 3076 3318 cla
3107 3265 3191 3319 Ioc
3221 3264 3454 3320 XCVIII.

381 3358 394 3430 Î™
425 3358 628 3413 Lectori
657 3357 914 3412 Benevola
953 3357 1182 3412 salutem
1220 3358 1342 3412 dicit
1375 3357 1455 3412 Io.
1494 3359 1746 3430 Georgius
1787 3359 2005 3423 Pritius,
2043 3356 2140 3413 SS.
2182 3357 2496 3428 Theologiae
2534 3357 2859 3412 Licentiatus
2897 3367 2948 3411 et
2982 3356 3257 3429 Professor
3294 3359 3565 3418 Publicus.

352 3453 680 3526 Evulgamus
735 3456 836 3519 hic,
876 3454 1015 3524 quod
1049 3453 1190 3508 Deus
1237 3454 1471 3524 faustum
1519 3470 1628 3509 esse
1674 3455 1872 3518 iubeat,
1913 3455 1970 3508 in
2006 3453 2276 3508 Ecclesiae
2328 3470 2588 3524 veraeque
2636 3454 2845 3524 pietatis
2886 3455 3242 3509 studiosorum
3280 3455 3568 3512 utilitatem

280 3543 526 3611 Macarii,
559 3545 789 3600 Patrum
825 3545 1198 3615 antiquissimi,
1233 3544 1517 3610 Homilies,
1551 3545 1703 3599 rebus
1740 3547 1972 3616 Optimae
2011 3546 2179 3615 frugis
2211 3545 2642 3615 divinissimaque
2674 3546 2928 3616 mysteria
2963 3545 3246 3615 complexis
3279 3548 3566 3616 refertissi-

284 3652 421 3689 mas.
450 3635 530 3690 De
557 3653 664 3707 qua
701 3653 836 3690 nova
866 3636 1091 3690 editione
1127 3645 1184 3690 ut
1217 3636 1398 3691 lectori
1423 3635 1585 3708 paulo
1617 3638 1917 3690 accuratius
1949 3644 2169 3702 constet,
2202 3644 2359 3689 erunt
2391 3635 2597 3707 aliqua,
2630 3635 2748 3689 licet
2785 3637 3121 3700 brevissimis,
3153 3639 3565 3708 praemittenda,

289 3738 573 3801 antequam
599 3733 667 3786 ad
695 3732 965 3786 lectionem
994 3731 1112 3787 libri
1141 3731 1412 3786 utilissimi
1445 3732 1778 3786 admittatur.
1815 3731 2138 3795 Editionem,
2172 3738 2232 3783 ut
2265 3739 2510 3801 apparet,
2547 3729 3052 3800 Francofurtanam,
3085 3749 3246 3802 quam
3277 3732 3568 3788 Zacharias

291 3821 597 3881 Palthenius
646 3843 788 3881 anno
831 3826 1030 3882 saeculi
1065 3828 1354 3898 superioris
1402 3827 1743 3897 nonagesimo
1791 3837 1982 3897 quarto
2034 3827 2425 3891 adornaverat,
2472 3827 2807 3896 repetivimus
2874 3828 3120 3897 quidem;
3163 3830 3256 3883 sed
3302 3837 3359 3882 ut
3405 3832 3568 3901 paulo

285 3921 506 3972 comtior
534 3927 713 3973 tamen
745 3921 981 3991 prodiret
1021 3919 1428 3993 elaboravimus.
1465 3919 1606 3973 Nam
1648 3935 1897 3990 graecum
1942 3928 2143 3972 textum
2187 3928 2437 3972 accurato
2477 3918 2650 3972 studio
2699 3920 2994 3986 revisimus,
3023 3921 3245 3976 sublatis
3289 3923 3408 3976 hinc
3447 3925 3569 3978 inde

284 4012 508 4078 mendis,
538 4030 672 4084 quae
701 4015 758 4068 in
802 4015 1031 4084 priorem
1080 4013 1362 4067 editionem
1402 4014 1749 4082 irrepserunt.
1795 4011 1890 4066 Ubi
1924 4011 2136 4082 quidem
2183 4011 2240 4064 in
2291 4026 2352 4064 vo
2384 4009 2394 4080 |
2426 4011 2492 4064 tis
2541 4010 2686 4065 nobis
2735 4011 2938 4080 fuisset,
2978 4019 3036 4065 ut
3084 4013 3154 4067 ad
3199 4031 3388 4068 manus
3425 4016 3569 4071 nobis

279 4106 445 4160 codex
472 4109 755 4162 exstitisset
787 4125 953 4162 manu
993 4118 1268 4173 exaratus,
1304 4124 1464 4178 quum
1507 4106 1701 4160 alicubi
1745 4108 1877 4160 satis
1919 4114 2052 4160 esset
2101 4106 2464 4176 manifestum,
2510 4105 2783 4160 lectionem
2821 4105 2939 4160 libri
2973 4110 3149 4161 excusi
3195 4111 3250 4163 in
3297 4111 3422 4164 vitio
3473 4129 3570 4166 cu-

279 4197 431 4252 bare.
461 4199 640 4255 Multis
667 4201 720 4255 id
753 4200 876 4254 locis
908 4209 1076 4270 posset
1109 4199 1331 4264 ostendi,
1366 4199 1456 4252 sed
1497 4215 1662 4252 unum
1691 4198 1883 4252 saltem
1913 4199 2210 4269 speciminis
2249 4197 2360 4251 loco
2384 4197 2596 4268 adferre
2624 4199 2867 4268 sufï¬ciat.
2899 4199 3133 4254 Homilia
3165 4199 3212 4254 Î§
3232 4219 3284 4271 p.
3319 4201 3417 4255 221
3456 4204 3572 4257 ediâ€”

281 4295 440 4348 tionis
467 4294 929 4366 Francofurtanae
959 4294 1109 4349 nullo
1140 4312 1298 4349 sensu
1332 4294 1521 4365 legitur
1547 4296 1790 4348 á½²ÎºÏ€ÎµÎ¹Î½Îµá¿–
1821 4311 1867 4346 ÎºÎµ

1984 4293 2137 4365 ÎºÎ´Î¹Ïˆá¾·
2175 4295 2502 4365 á½‘Ï€á½±ÏÏ‡Î¿Ï…ÏƒÎ¹,
2536 4295 2593 4348 in
2627 4311 2856 4365 quorum
2888 4297 3164 4351 verborum
3203 4298 3375 4352 locum
3414 4315 3570 4370 repo-

277 4387 485 4440 suimus
517 4391 574 4442 á½²Î½
611 4391 773 4463 Ï€Îµá½·Î½á¿ƒ
796 4392 888 4444 ÎºÎ±á½¶
913 4389 1042 4462 Î´á½·Ïˆá¿ƒ
1068 4390 1398 4460 á½‘Ï€á½±ÏÏ‡Î¿Ï…ÏƒÎ¹.
1439 4389 1690 4454 Quamvis
1733 4406 1863 4444 nec:

1986 4407 2025 4444 ts
2049 4399 2399 4460 congruenter
2431 4389 2534 4460 legi
2575 4391 2738 4460 possit
2772 4391 3026 4446 á¼ÎºÏ€ÎµÎ¹Î½Î¿Î¹Î‡
3048 4394 3143 4446 ÎºÎ±á½¶
3180 4393 3407 4464 á¼”ÎºÎ´Î¹ÏˆÎ¿Î¹,
3435 4411 3572 4466 quae

279 4479 440 4533 verba
467 4481 626 4551 paulo
657 4491 771 4554 post
801 4484 857 4536 in
885 4485 997 4554 ipso
1020 4499 1226 4555 quoque
1255 4490 1499 4537 contextu
1526 4492 1828 4536 occurrunt.
1862 4482 1955 4537 Ubi
1979 4499 2101 4552 ergo
2126 4490 2175 4534 et
2199 4483 2540 4553 manifestum
2571 4483 2692 4553 fuit,
2715 4483 2874 4538 verba
2902 4487 3132 4540 auctoris
3158 4503 3266 4540 esse
3295 4498 3568 4558 corrupta,

279 4581 332 4626 et
366 4574 652 4644 manifesta
685 4592 890 4647 quoque
923 4577 1304 4630 emendationis
1340 4575 1478 4630 ratio
1508 4577 1703 4646 patuit,
1737 4577 2052 4630 t-entavimus
2091 4587 2366 4631 auctorem
2400 4578 2496 4630 sibi
2536 4579 2834 4631 restituere.
2873 4578 3148 4650 Aliquibus
3192 4597 3312 4635 vero
3348 4582 3405 4652 in
3445 4582 3569 4637 locis

280 4667 530 4724 Cotelerii
556 4671 829 4742 diligentia
863 4675 1004 4727 nobis
1034 4673 1292 4737 inserviit,
1322 4689 1386 4727 ex
1420 4673 1788 4742 manuscriptis
1821 4672 2081 4725 codicibus
2117 4672 2174 4725 in
2204 4671 2472 4726 Ecclesiae
2497 4671 2733 4727 Graecae
2764 4672 3137 4738 Monumentis,
3168 4691 3304 4744 quae
3344 4675 3570 4731 Parisiis

281 4760 453 4815 lucem
481 4764 858 4830 adspexerunt,
885 4766 1103 4819 subinde
1127 4767 1397 4820 variantes
1429 4763 1674 4817 lectiones
1702 4763 2029 4828 adnotantis,
2056 4781 2187 4835 quas
2219 4763 2300 4818 vel
2324 4765 2381 4818 in
2413 4773 2612 4818 textum
2645 4767 2936 4836 recepimus
2966 4766 3047 4819 vel
3077 4767 3146 4819 ad
3171 4767 3309 4820 latus
3338 4769 3568 4823 adnota-

278 4857 471 4910 vimus.
504 4856 699 4911 Latina
733 4861 900 4913 versio
932 4862 1225 4915 miserrime
1268 4862 1481 4914 omnino
1515 4876 1570 4913 se
1595 4858 1837 4922 habebat,
1871 4859 2002 4913 adeo
2032 4861 2263 4930 quidem,
2294 4870 2352 4914 ut
2388 4859 2569 4914 multis
2613 4862 2668 4914 in
2705 4860 2828 4915 locis
2855 4862 3010 4931 foeda
3036 4863 3326 4933 stribligine
3359 4873 3410 4918 ct
3441 4865 3568 4919 bar-

279 4947 526 5001 barismis
563 4950 822 5017 horreret,
857 4969 951 5006 nec
990 4953 1298 5023 saepissime
1328 4969 1511 5006 verum
1539 4951 1764 5006 Macarii
1795 4967 2009 5004 sensum
2044 4953 2382 5022 exprimeret.
2413 4952 2665 5006 Dedimus
2705 4954 2870 5022 igitur
2907 4971 3146 5025 Operam,
3180 4963 3291 5007 tum
3322 4964 3381 5008 ut
3406 4957 3569 5026 paulo

282 5040 449 5102 magis
485 5038 703 5094 Latinus
735 5043 802 5094 sit
833 5043 1112 5114 interpres,
1145 5054 1257 5098 tum
1288 5052 1344 5097 ut
1371 5042 1602 5111 ï¬delius,
1634 5059 1770 5113 quae
1809 5044 2031 5095 senserit
2064 5045 2176 5114 ipse
2212 5051 2417 5109 auctor,
2453 5061 2546 5096 suo
2586 5061 2828 5098 sermone
2861 5047 3118 5099 exhibeat.
3174 5045 3495 5119 Quanquam
3529 5051 3537 5120 i

282 5138 380 5174 Î·ÎµÎ¿
405 5123 481 5175 Î´á½·Îµ
511 5131 715 5192 quidem
742 5136 996 5204 possimus
1029 5137 1308 5206 spondere,
1345 5136 1476 5189 nihil
1505 5151 1777 5206 superesse
1819 5136 1872 5188 iu
1913 5127 2151 5190 versione
2195 5138 2445 5208 amplius,
2479 5137 2620 5208 quod
2655 5138 2927 5192 emendari
2965 5149 3253 5204 mereatur,
3296 5159 3458 5211 quum
3499 5146 3567 5197 sit

283 5212 667 5280 á½±á¿‘Ï€á¿–Îµá½·Î¹Î¹Î¾Î·Î¹Î¹Î¹Ï„Î·,
701 5232 835 5285 quae
868 5238 1082 5286 peccata
1115 5237 1238 5281 sunt
1279 5226 1342 5280 ab
1384 5226 1524 5291 aliis,
1561 5229 1638 5279 ita
1683 5226 1834 5296 plene
1869 5227 2168 5292 sustollere,
2205 5237 2262 5280 ut
2297 5228 2476 5282 nullus
2519 5229 2746 5299 amplius
2782 5246 2975 5282 naevus
3014 5242 3296 5301 appareat.
3333 5232 3408 5286 Ac
3441 5235 3567 5287 mihi

284 5303 495 5373 quidem
527 5305 732 5374 facilius
761 5306 913 5378 longe
936 5311 1208 5371 videbatur
1240 5319 1372 5385 fore,
1403 5335 1593 5372 novam
1619 5320 1935 5372 concinnare
1968 5323 2276 5385 versionem,
2304 5338 2464 5391 quam
2494 5331 2719 5375 veterem
2748 5322 2902 5375 illam
2931 5330 3006 5375 tot
3037 5321 3162 5376 locis
3195 5325 3562 5394 incongruam,

283 5408 337 5456 et
371 5399 506 5454 male
535 5399 765 5454 auctoris
799 5404 960 5456 menti
994 5409 1393 5475 respondentem
1423 5413 1704 5484 corrigere.
1744 5414 1964 5468 Textum
2006 5417 2063 5468 in
2105 5418 2356 5469 sectiones
2395 5417 2792 5487 dispescuimus,
2825 5419 3164 5488 interpretem
3200 5398 3564 5490 germanicam

281 5509 344 5546 Î¸Î±
371 5495 426 5546 in
453 5509 510 5545 Ï„Îµ
532 5496 718 5558 Î´ÎµÎµá¿‘Î¹á¿‘á½¶,
744 5503 800 5546 Î¹Î¹Î¹
820 5496 1078 5561 videlicet,
1106 5500 1196 5568 qui
1223 5508 1585 5568 gertnanicum
1613 5507 1809 5560 idioma
1832 5525 1952 5561 cum
1977 5525 2169 5578 graeca
2196 5512 2426 5564 auctoris
2450 5513 2688 5565 oratione
2714 5512 2951 5580 conferre
2981 5514 3217 5582 cupiant,
3241 5514 3378 5584 quod
3403 5532 3566 5584 quae-

277 5597 424 5652 runt,
453 5589 683 5659 faciliori
705 5590 911 5658 negotio
939 5591 1171 5644 invenire
1194 5591 1415 5662 possint,
1444 5608 1536 5644 nec
1552 5601 1853 5664 ceteroquin
1880 5599 2064 5669 aliqua
2092 5601 2300 5654 oriatur
2319 5603 2504 5656 exinde
2528 5604 2781 5672 confusio.
2815 5602 3066 5667 Quamvis
3092 5622 3197 5659 non
3228 5622 3496 5675 negemus,
3519 5610 3567 5661 si

278 5689 463 5734 nostra
491 5681 736 5735 libertate
757 5683 834 5733 uti
856 5682 936 5734 hic
955 5683 1096 5734 nobis
1120 5685 1305 5738 datum
1329 5684 1530 5753 fuisset,
1559 5684 1724 5739 aliam
1747 5704 1838 5741 nos
1863 5691 2007 5744 haud
2034 5693 2392 5764 infrequenter
2420 5696 2775 5765 distinguendi
2797 5697 3060 5750 rationem
3085 5697 3244 5766 fuisse
3271 5705 3559 5752 secuturos.

276 5775 605 5845 Argumenta
628 5773 874 5827 Homiliis
891 5775 1014 5843 ipsis
1037 5779 1330 5844 praemissa
1356 5779 1670 5834 retinuimus
1693 5781 1925 5851 quidem,
1950 5790 2189 5856 quamvis
2216 5805 2322 5844 non
2341 5790 2506 5861 ipsius
2529 5791 2633 5846 sint
2655 5789 2901 5858 Macarii,
2921 5790 3015 5845 sed
3041 5793 3261 5846 alterius
3281 5793 3558 5847 cuiusdam

593 5869 872 5929 Par-non.
917 5870 1032 5929 Gn.
1067 5871 1315 5931 XXXIV
1325 5918 1339 5931 .
3122 5884 3194 5945 l2
