4016 6438
195 431 202 434 ,
279 373 385 429 357
1152 373 1244 429 AI)
1280 369 1657 429 EDITIONEM
1695 369 1933 426 OPUSC.
1977 369 2033 425 S.
2076 367 2359 425 MACARII
2399 363 2736 421 AEGYPTll.
3452 364 3558 418 3'39

282 489 496 560 XLVII,
605 487 909 560 Explicatio
941 488 1226 560 allegorica
1261 489 1591 560 quorundam
1625 488 1718 542 sub
1762 486 1872 558 lege
1901 484 2072 557 [bene]
2107 485 2385 555 factorum.

281 559 498 632 XLV)"
607 547 949 632 Qe'perfecta
978 547 1081 628 ﬁde
1112 561 1166 613 in
1189 547 1381 632 Deum.
1774 547 1834 632 __'
1883 547 1920 632 ξ’
2251 627 2261 632 _
2366 624 2376 632 _
2468 625 2478 632 Δ
2739 623 2768 632 __
2818 620 2830 632 ¹
3035 618 3064 632 μ
3455 547 3558 600 547

280 630 450 687 XLIX
597 618 732 685 Non.
758 618 889 741 sg'tis
925 618 999 684 est
1024 632 1175 685 huius
1205 631 1403 684 saeculi
1447 629 1661 683 delicias
1705 627 1997 698 reliquisse,
2033 627 2133 680 nisi
2171 627 2287 696 quis
2321 624 2542 680 alterius
2572 623 2769 679 saeculi
2813 618 3187 675 beatitudinem
3236 635 3416 671 conse-
3457 687 3562 741 ΜΔ.

680 718 786 741 nun
813 718 877 741 m-
3491 723 3502 738 ε

3457 709 3553 741 00-1

279 772 318 826 L
599 709 994 842 Deﬁae‘sutrgui
1020 788 1112 843 per
1139 781 1348 827 sanctos
1374 785 1494 824 suos
1523 779 1573 822 et
1605 777 1879 822 creaturas
1905 768 2012 822 edit
2041 766 2322 820 miracula.
3457 757 3553 812 661

274 908 609 974 [Sequuntur
628 908 877 958 Homiliae
897 921 1006 971 pag.
1034 907 1198 968 1-566,
1223 908 1341 958 dein
1371 909 1530 960 Index
1548 921 1714 959 rerum
1750 903 2176 1032 estsenzegtiam
2192 904 2245 956 in
2286 906 2345 956 B.
2372 903 2581 955 Macarii
2622 901 2855 955 Homiliis
2899 908 3226 954 contentarum
3262 895 3586 964 atphabetico'

1714 983 1772 1020 or
1811 982 1888 1020 me
1949 982 1963 1017 ι
1999 982 2050 1019 es
2134 1006 2145 1018 .
3559 989 3566 999 -

1714 982 1888 1020 oratne
1911 982 2145 1020 maestus.
2167 982 2176 1020 Ι
3559 989 3566 999 ¹

1281 1317 1822 1409 EIUSDEM
1895 1313 2576 1409 PRAEFATIO

919 1520 1016 1586 AD
1057 1517 1479 1580 EDITIONEM
1539 1515 2102 1578 OPUSCULORUM
2143 1517 2204 1577 s.
2253 1515 2572 1579 MACARII
2615 1520 2970 1582 AEGYPTII
3035 1482 3038 1484 ’

1782 1699 1835 1737 ΙΝ
1847 1698 2097 1738 SCRIPTAM
2133 1700 2148 1737 ἐ

265 1831 456 1889 Sancti
497 1829 689 1884 Patris
729 1826 951 1882 Macarii
981 1824 1222 1896 Aegyptii
1261 1819 1523 1896 Opuscula
1561 1819 1821 1896 nonnulla
1849 1825 1912 1872 'et
1947 1819 2422 1896 Apophthegmata.
2462 1821 2548 1896 Io:
2572 1820 3057 1896 Georgiusl’ritius
3092 1820 3318 1896 co_llegit,
3357 1823 3563 1896 recidit,

347 1904 593 1956 latinam
645 1901 932 1953 versionem
961 1891 1193 1951 studiose
1241 1891 1570 1966 eruendauit,
1607 1891 1964 1966 indicibusque
2014 1891 2228 1966 adiectis
2269 1893 2467 1966 edidit.
2509 1891 2641 1947 Cum
2689 1892 2974 1966 {riuilegio
3020 1892 3082 1966 S._
3124 1891 3318 1966 Reg‘iae
3351 1894 3562 1966 Maje‘st.

348 1974 547 2028 Polon.
594 1979 646 2024 et
680 1969 851 2024 Elect.
883 1967 1014 2023 Sax.
1055 1966 1287 2037 Lipsiae,
1321 1966 1376 2018 in
1421 1961 1722 2046 bibliopolio
1764 1961 2068 2018 Grossiano.
2115 1962 2305 2016 Literis
2346 1962 2642 2035 Christoph.
2705 1961 3006 2018 Fleisclteri.
3051 1961 3318 2020 Anno'cla
3347 1961 3449 2020 Iac'
3473 1964 3564 2022 lC.

356 2217 481 2272 Viro
511 2215 802 2288 magniﬁco
842 2214 1082 2268 Adriano
1123 2214 1339 2285 Stegero
1378 2213 1510 2280 Icto,
1551 2214 1858 2268 scabinatus
1892 2211 2190 2266 electoralis
2232 2211 2494 2265 adsessori
2536 2219 2587 2264 et
2620 2212 2846 2268 civitatis
2893 2211 3178 2284 Lipsiensis
3221 2215 3424 2269 consuli
3473 2217 3569 2270 hoc

297 2321 522 2382 tempore
559 2312 762 2383 regenti
803 2311 1112 2382 gravissimo
1157 2311 1269 2364 viro
1307 2311 1370 2364 de
1411 2312 1591 2382 patria
1615 2309 2032 2381 splendidissime
2065 2309 2272 2373 merito,
2309 2307 2453 2362 Haec
2495 2307 2721 2364 Macarii
2758 2321 3099 2365 monumenta
3143 2329 3176 2366 a
3221 2328 3277 2366 se
3317 2313 3488 2367 reviso
3518 2320 3572 2367 et

301 2406 574 2462 emendata
600 2421 760 2460 sacra
789 2420 898 2460 esse
935 2404 1074 2459 iubet
1106 2407 1243 2459 tanti
1284 2407 1512 2459 nominis
1550 2412 1834 2474 perpetuus
1864 2401 2036 2455 cultor
2067 2399 2148 2456 Io.
2189 2398 2441 2471 Georgius
2475 2399 2696 2455 Pritius.
2731 2400 2742 2470 Ι

1710 2654 1800 2710 Vir
1851 2654 2164 2726 magniﬁce!

356 2769 500 2828 Cum
537 2788 716 2842 nuper
753 2771 1047 2827 admodum
1089 2771 1312 2827 Macarii
1358 2773 1623 2828 llomilias
1659 2774 1844 2828 studio
1875 2774 2248 2844 qualicunque
2290 2781 2480 2828 nostro
2521 2772 2751 2843 politius
2788 2773 3010 2844 prodire
3040 2773 3369 2841 faceremus,
3407 2775 3570 2831 ﬁdem

284 2864 501 2934 pariter
533 2864 1032 2936 obstringebamus,
1063 2865 1203 2931 fore,
1235 2875 1298 2921 ut
1327 2865 1482 2920 brevi
1517 2882 1737 2936 quoque
1771 2875 2039 2937 tempore,
2067 2881 2207 2936 quae
2241 2865 2452 2936 reliqua
2478 2873 2664 2920 essent
2691 2865 2932 2929 Macarii,
2965 2868 3084 2936 pari
3113 2867 3328 2923 ratione
3353 2885 3382 2922 a
3409 2869 3572 2923 nobis

284 2957 585 3012 emendata
614 2970 1103 3028 consequerentur.
1148 2959 1322 3026 Quam
1360 2960 1663 3016 dissolvere
1707 2976 1876 3025 nunc,
1914 2959 2060 3029 quod
2094 2958 2226 3013 boni
2267 2967 2352 3012 est
2394 2957 2681 3023 debitoris,
2717 2974 2844 3012 cum
2879 2959 3024 3029 apud
3073 2959 3319 3014 animum
3362 2962 3572 3017 consti-

285 3051 590 3118 tuerimus,
635 3052 718 3106 Tu
754 3053 1046 3122 imprimis,
1090 3053 1175 3108 vir
1205 3056 1543 3126 amplissima
1571 3056 1804 3110 illustris
1841 3056 2192 3120 auctoritate,
2225 3053 2562 3109 obveniebas
2591 3054 2795 3119 animo,
2831 3055 2918 3108 cui
2951 3055 3218 3125 quicquid
3258 3056 3314 3110 id
3343 3069 3429 3113 est
3463 3066 3576 3112 tra-

283 3141 521 3196 deretur
563 3143 617 3197 in
641 3145 971 3200 clientelam.
1007 3146 1288 3200 Summam
1313 3147 1587 3218 Opuscula
1625 3150 1761 3204 haec
1790 3156 1847 3202 ct
1881 3149 2028 3203 dicta
2053 3148 2272 3202 Macarii
2310 3146 2521 3216 spirant
2551 3146 2758 3216 ubique
2798 3146 3080 3215 pietatem,
3115 3163 3256 3217 quae
3289 3149 3575 3204 caelestis-

283 3237 432 3290 sima
467 3238 646 3290 virtus
703 3247 988 3308 tantopere
1039 3239 1160 3294 Tibi
1205 3241 1359 3294 cordi
1393 3249 1478 3296 est.
1515 3249 1572 3296 et
1623 3257 1812 3307 curae,
1857 3251 1920 3296 ut
1960 3241 2388 3311 haudquaquam
2435 3238 2559 3293 Tibi
2605 3239 2742 3293 satis
2781 3237 2949 3290 fuerit
2997 3236 3206 3307 ingenti
3247 3238 3575 3308 prudentiae

283 3329 471 3384 civilis
506 3330 702 3388 ﬂorere
730 3333 912 3398 laude,
960 3343 1015 3390 et
1047 3336 1455 3406 copiosissimas
1501 3338 1804 3407 sapientiae
1842 3335 2024 3390 omnis
2067 3336 2353 3406 possidere
2397 3349 2552 3404 Opes,
2599 3331 2708 3386 nisi
2757 3341 2813 3386 et
2851 3331 3085 3386 eandem
3124 3331 3576 3400 exquisitissimis

287 3419 435 3486 istis,
475 3425 678 3492 quibus
713 3426 982 3493 abundas,
1018 3429 1179 3483 bonis
1217 3429 1566 3499 adiungercs,
1597 3447 1738 3500 quae
1775 3431 1920 3485 bona
1961 3431 2069 3485 iam
2108 3446 2230 3485 esse
2269 3429 2552 3492 desinunt,
2587 3427 2633 3481 si
2671 3427 2952 3490 comitem,
2985 3427 3075 3480 vel
3111 3425 3309 3480 ducem
3344 3428 3574 3495 rectius,

283 3531 402 3569 non
436 3515 672 3570 habeant
713 3517 992 3587 pietatem.
1040 3520 1283 3585 Memini,
1325 3537 1429 3575 nec
1474 3522 1593 3576 sine
1627 3521 1634 3592 |
1666 3522 1947 3592 voluptate
1984 3521 2212 3575 memini
2249 3519 2667 3590 prudentissimi
2718 3519 2868 3572 illius
2908 3518 3199 3582 sermonis,
3235 3535 3400 3587 quem
3435 3522 3576 3577 hau—

288 3605 402 3662 rire
430 3608 745 3677 aliquando,
780 3625 902 3664 cum
935 3611 1096 3666 ollicii
1134 3629 1298 3667 causa
1331 3614 1406 3668 Te
1449 3622 1769 3669 reverenter
1806 3614 2123 3678 salutarem,
2166 3629 2234 3667 ex
2273 3628 2370 3667 ore
2396 3613 2514 3666 Tuo
2547 3611 2954 3681 sapientissimo
2983 3609 3120 3663 mihi
3164 3611 3401 3666 feliciter
3439 3630 3574 3668 con-

289 3699 436 3769 tigit,
461 3716 586 3755 cum
622 3702 688 3758 de
724 3705 946 3775 pietatis
975 3706 1158 3760 studio
1182 3717 1328 3761 recte
1361 3715 1418 3761 et
1444 3722 1555 3760 non
1590 3707 1881 3761 ambitiose
1919 3705 2224 3760 excolendo
2249 3721 2382 3758 sane
2415 3719 2581 3773 quam
2619 3701 3028 3772 elegantissime
3067 3701 3392 3769 dissereres,
3421 3716 3482 3760 ut
3519 3717 3578 3760 et

297 3791 426 3845 ﬁdei
464 3796 756 3862 puritatem
796 3812 920 3851 cum
960 3813 1092 3852 cura
1129 3797 1567 3860 custodiendam,
1592 3805 1648 3850 et
1675 3797 1821 3851 vitae
1856 3806 2039 3851 tamen
2076 3795 2300 3848 insimul
2338 3793 2685 3847 sanctitatem
2721 3790 3008 3852 fervidius,
3048 3806 3213 3859 quam
3249 3793 3414 3862 vulgo
3456 3795 3575 3850 ﬁeri

293 3881 520 3950 adsolet,
559 3887 846 3940 colendam
873 3903 1014 3952 esse,
1049 3888 1372 3957 tempestive
1414 3886 1709 3940 admodum
1748 3885 2098 3958 graviterque
2138 3900 2414 3938 maneres.
2455 3883 2653 3937 Fateor
2694 3883 2997 3945 enimvero,
3027 3883 3113 3938 his
3160 3885 3323 3940 dictis
3352 3886 3485 3941 Tuis
3519 3889 3578 3944 in

287 3979 460 4034 animi
495 3982 779 4052 proposito
807 3983 874 4038 de
913 3983 1135 4040 virtutis
1175 3984 1359 4038 studio
1388 3983 1791 4052 amplectende,
1837 3991 1894 4037 et
1929 3991 2082 4036 recto
2127 3981 2196 4035 de
2231 3978 2606 4034 incidentibus
2637 3978 3031 4032 controversiis
3059 3995 3246 4045 sensu,
3275 3995 3361 4034 me
3410 3997 3574 4050 prae-

284 4070 438 4126 clare
467 4071 634 4129 fuisse
677 4074 1082 4129 conﬁrmatum.
1130 4075 1371 4130 Mirabar
1413 4090 1546 4128 vero
1581 4073 1824 4137 insimul,
1867 4071 2070 4135 virum,
2118 4070 2354 4140 negotiis
2407 4069 2666 4123 civilibus
2705 4067 3038 4132 districtum,
3081 4077 3136 4123 et
3183 4069 3239 4123 in
3291 4069 3576 4142 republica

284 4164 540 4232 quotidie
582 4175 916 4232 versantem,
957 4167 1026 4221 de
1071 4166 1239 4221 rebus
1269 4167 1474 4236 pariter
1515 4166 1720 4220 divinis
1766 4175 1874 4219 tam
1908 4172 2182 4234 prompte,
2224 4170 2334 4216 tam
2377 4163 2670 4232 exquisite,
2707 4170 2929 4231 tamque
2967 4162 3140 4216 solide
3168 4179 3329 4232 posse
3360 4179 3573 4218 sermo-

283 4253 486 4308 cinari.
521 4254 628 4310 Sed
657 4272 724 4312 ea
754 4273 1077 4328 magnorum
1107 4258 1376 4323 virorum,
1413 4273 1555 4328 quos
1587 4273 1720 4311 cura
1765 4256 2046 4311 felicitatis
2087 4271 2218 4310 suae
2257 4263 2428 4317 tenet,
2465 4256 2607 4310 ratio
2642 4264 2746 4318 est,
2787 4262 2849 4307 ut
2895 4255 3037 4310 levia
3073 4257 3257 4310 omnia
3294 4270 3415 4312 esse
3453 4257 3595 4312 exi-l

285 4344 540 4410 stimcnt,
571 4349 804 4401 summis
831 4349 1041 4420 fulgere
1071 4349 1395 4414 honoribus,
1420 4347 1822 4411 circumﬂuere,
1854 4363 1994 4416 quae
2029 4347 2082 4400 in
2117 4345 2280 4400 bonis
2313 4351 2462 4410 sunt,
2496 4346 2776 4411 omnibus,
2813 4347 3060 4402 scientiis
3093 4348 3424 4404 instructum
3452 4365 3594 4411 esse,

283 4439 792 4509 excellentissimis,
828 4445 936 4498 nisi
977 4455 1036 4500 et
1067 4444 1285 4502 colendi
1331 4445 1585 4499 Numinis
1633 4443 1857 4498 modum
1896 4441 2187 4496 sollicitius
2232 4441 2586 4511 investigent,
2633 4441 3130 4512 investigatumque
3165 4443 3312 4498 haud
3351 4444 3576 4514 segnius

285 4529 588 4587 retineant.
616 4533 774 4588 Haud
803 4550 936 4606 ergo
965 4536 1240 4607 ingratum
1273 4536 1513 4591 arbitror
1541 4535 1664 4590 Tibi
1689 4536 1809 4591 fore
1840 4535 1946 4588 hoc
1974 4534 2388 4597 munusculum,
2421 4533 2729 4588 Macariana
2758 4532 3057 4603 Opuscula,
3091 4535 3100 4605 |
3133 4550 3280 4602 cum,
3313 4537 3356 4590 si
3385 4537 3572 4591 cuius-
3595 4549 3602 4594 ζ

284 4636 458 4690 quam
486 4625 630 4681 alius
663 4626 868 4698 ingenii
899 4636 1278 4692 monumenta,
1313 4644 1401 4682 res
1432 4626 1808 4681 divinissimas
1835 4623 2125 4692 bonaeque
2154 4622 2350 4692 frugis,
2385 4622 2441 4675 in
2482 4631 2764 4677 aeternam
2793 4638 3015 4692 quoque
3052 4625 3220 4679 vitam
3249 4624 3599 4698 duraturae,_

283 4713 664 4774 fertilissimus
696 4721 1035 4777 contineant.
1067 4721 1391 4778 Cuiusmodi
1422 4721 1796 4775 voluminibus
1824 4718 1973 4773 baud
2003 4718 2138 4771 mibi
2164 4719 2409 4787 ignotum
2438 4727 2542 4781 est,
2568 4725 2835 4787 quantum
2867 4735 3016 4773 nunc
3057 4719 3370 4782 delecteris,
3396 4718 3559 4773 deeli-
3591 4764 3606 4772 ,.

281 4810 432 4866 viori
475 4817 800 4882 praesertim
837 4827 1016 4873 aetate
1054 4819 1121 4873 ad
1162 4819 1354 4873 beatae
1402 4818 1532 4872 hinc
1573 4815 1993 4885 demigrationis
2033 4812 2449 4868 meditationem
2495 4813 2570 4867 Te
2605 4813 2895 4878 invitante,
2933 4826 2992 4870 ut
3023 4816 3463 4885 quandocunque
3494 4813 3572 4867 Te

279 4918 522 4960 evocare
553 4907 824 4976 placuerit
866 4910 932 4964 ad
971 4909 1152 4964 felicia
1200 4911 1293 4964 illa
1328 4926 1493 4980 regna
1532 4926 1630 4964 sua
1673 4911 1808 4972 Deo,
1854 4908 1932 4963 Te
1975 4908 2302 4962 inventurus
2335 4909 2408 4963 sit
2447 4909 2707 4962 omnibus
2740 4909 3036 4963 momentis
3077 4908 3144 4962 ad
3181 4908 3435 4962 ultimum
3466 4908 3594 4973 iter,

286 4992 711 5063 ingrediendum
751 5001 1182 5070 paratissimum.
1220 5002 1334 5072 Ego
1374 5017 1506 5056 vero
1551 5017 1617 5056 ex
1665 5002 1849 5056 animo
1893 5009 2046 5071 opto,
2083 5011 2146 5056 ut
2181 5001 2638 5071 benignissimum
2683 5001 2898 5056 Numen
2941 5000 3039 5064 Te,
3080 5000 3166 5054 vir
3203 4999 3588 5064 nobilissime,‘

287 5084 439 5137 inter
471 5097 579 5144 lota
612 5092 852 5162 egregia,
881 5092 1083 5163 quibus
1110 5092 1297 5162 Lipsia
1324 5108 1443 5147 mea
1473 5092 1541 5146 ad
1576 5091 1840 5146 invidiam
1867 5092 2183 5156 etllorescit,
2217 5091 2417 5147 decora
2444 5092 2539 5146 diu
2569 5092 2751 5147 adhuc
2779 5099 2837 5146 et
2864 5107 3094 5161 corpore
3129 5101 3184 5146 et
3217 5093 3400 5147 animo
3431 5095 3568 5148 vali-

289 5177 428 5232 dum
457 5189 746 5232 conservet
775 5203 790 5239 :
819 5185 896 5240 ita
923 5188 1070 5242 enim
1097 5196 1155 5241 et
1188 5187 1397 5256 patriae
1429 5201 1604 5249 meae,
1634 5185 1722 5239 vel
1756 5183 1973 5239 absenti
2007 5183 2346 5248 carissimae,
2380 5185 2748 5256 prospicietur
2765 5199 2932 5255 porro
2964 5185 3315 5249 utilitatibus,
3340 5183 3588 5255 Tuaque'

291 5274 492 5330 merila
520 5276 696 5346 magis
725 5280 1004 5346 magisque
1037 5285 1283 5355 impense
1327 5283 1700 5353 augebuntur.
1739 5281 1815 5335 De
1844 5279 2032 5334 favore
2062 5281 2202 5343 Tuo,
2253 5279 2418 5334 toties
2442 5297 2473 5334 a
2520 5280 2596 5335 Te
2639 5289 2697 5334 et
2735 5281 2994 5334 universa
3032 5281 3375 5336 nobilissima
3405 5291 3568 5352 gente

292 5367 412 5422 Tua
439 5368 568 5422 mihi
596 5368 997 5433 demonstrato,
1026 5370 1134 5424 iam
1160 5391 1266 5430 non
1292 5377 1528 5445 amplius
1555 5373 1812 5428 dubitare
1836 5388 1924 5427 me
1947 5373 2156 5441 patitur
2185 5371 2351 5424 animi
2376 5373 2477 5425 Tui
2501 5371 2948 5427 constantissima
2972 5371 3374 5437 benevolentia,
3398 5387 3565 5442 quam

289 5467 436 5518 certe
461 5471 516 5516 et
544 5460 825 5530 religiosis
849 5463 1106 5530 precibus
1129 5479 1504 5534 compensare,
1530 5477 1606 5530 et,
1647 5468 1692 5521 si
1724 5483 1832 5536 qua
1865 5481 2114 5536 possum,
2155 5465 2493 5520 inserviendi
2534 5465 2972 5534 promptitudine
3014 5467 3230 5522 nutrire
3271 5466 3564 5521 studiosis-

286 5552 422 5606 sime
448 5564 670 5620 semper
703 5548 976 5605 connitar.
1009 5552 1157 5608 Vale.
1190 5553 1406 5623 Lipsiae
1439 5559 1528 5608 dic
1556 5557 1624 5607 Vl
1658 5557 1856 5612 Iduum
1892 5556 2072 5613 Martii
2112 5556 2268 5611 Anno
2298 5555 2363 5608 R.
2394 5554 2458 5610 Ο.
2493 5555 2578 5610 el.)
2618 5572 2702 5611 ιοο
2735 5555 2816 5610 lC.
2853 5557 2862 5627 Ι
3465 5542 3491 5560 ⁶

1877 5765 1949 5776 D—a
