4016 6458
550 419 659 478 3⁸³8

1653 408 1746 464 JO.
1787 405 2064 462 GEORGII
2108 403 2314 460 PRIT“
2355 401 2743 458 PRAEFATIO

598 533 3764 564 ..Ψ-ΝΜ.-

1559 702 1728 798 ΙΟ.
1825 699 2325 795 GEORGII
2420 697 2807 788 PRITII

1212 919 1308 974 SS.
1349 914 1788 972 THEOLOGIAE
1847 911 2152 968 LICENTIA

2234 912 2236 963 ζ
2273 909 2361 963 ΕΤ
2400 905 2868 964 PROFESSORIS
2903 857 3170 964 PUBLISI

1400 1093 1514 1154 AD
1555 1087 2056 1153 MACARIANA
2105 1085 2383 1147 OPERA
2426 1085 2927 1147 PRAEFATIO.

622 1467 666 1524 l.
689 1468 826 1525 Cum
853 1465 1029 1524 Patris
1070 1461 1400 1518 sanctissimi
1432 1462 1784 1531 nominisque
1813 1461 1867 1515 in
1885 1460 2130 1515 Ecclesia
2158 1466 2204 1522 Α
2232 1459 2368 1514 tonii
2423 1460 2696 1529 discipulo
2743 1475 2960 1514 sacrum
3011 1476 3133 1515 esse
3165 1468 3221 1515 et
3264 1473 3526 1518 sanctum
3571 1472 3812 1518 testatur.

553 1563 794 1628 maximi,
843 1559 1020 1631 magni
1049 1557 1194 1612 illius
1216 1554 1454 1619 Macarii,
1480 1565 1829 1609 monumenta
1867 1570 2005 1624 quae
2038 1571 2129 1608 re-

554 1654 724 1723 periri
743 1661 1040 1724 potuerunt
1065 1649 1267 1713 omnia,
1296 1647 1668 1701 divinissimae
1687 1645 1985 1714 sapientiae
2013 1645 2129 1714 ple-

553 1745 800 1810 nissima,
860 1753 922 1798 ut
965 1742 1194 1796 collecta
1241 1755 1270 1792 a
1298 1738 1458 1792 nobis
1495 1746 1550 1792 et
1607 1737 1787 1791 studio
1835 1753 1944 1789 non
1970 1736 2132 1805 plane

553 1835 708 1889 nullo
759 1833 937 1888 revisa
976 1842 1126 1896 sunt,
1183 1829 1452 1899 prodeant
1503 1842 1651 1880 nunc
1700 1826 1755 1879 in
1805 1825 2126 1894 publicum:

553 1925 778 1982 lectoris
811 1927 1074 1980 interesse
1105 1931 1379 1992 putamus,
1429 1928 1490 1974 ut
1512 1935 1620 1973 non
1648 1927 1856 1972 tantum
1881 1933 2020 1987 quae
2063 1916 2130 1969 ad

551 2018 736 2088 ipsum
763 2017 1076 2081 Macarium,
1115 2015 1210 2070 sed
1237 2025 1453 2083 etquae
1477 2011 1543 2065 ad
1573 2010 1720 2065 illius
1769 2009 1948 2078 Opera
2000 2008 2132 2062 insi-

555 2125 824 2181 gnemque
845 2109 1012 2172 illam,
1041 2122 1181 2176 quae
1204 2103 1541 2160 admirabilis
1567 2101 1624 2155 in
1653 2101 1746 2155 illo
1769 2110 1872 2163 est,
1899 2099 2131 2153 docendi

553 2201 847 2264 rationem,
879 2207 934 2253 et
977 2208 1220 2253 nostram
1265 2195 1524 2265 denique,
1557 2208 1720 2263 quam
1768 2192 1917 2246 Patri
1961 2206 2129 2245 vene-

555 2293 729 2348 rando
761 2302 821 2348 ut
848 2292 968 2348 orbi
992 2291 1209 2345 literato
1250 2289 1460 2357 integer
1493 2285 1800 2347 sisteretur,
1849 2281 2130 2353 praestiti-

554 2400 680 2438 mus
729 2399 974 2454 Operam,
1031 2383 1307 2452 pertinere
1353 2380 1650 2440 videntur,
1695 2376 1752 2429 in
1805 2375 1909 2429 hoe
1962 2360 2131 2428 veluti

553 2475 829 2530 vestibulo
873 2473 1270 2537 exhibeantur;
1323 2471 1376 2525 id
1409 2469 1554 2540 quod
1613 2483 1790 2536 nuper
1813 2464 2128 2528 admodum,

549 2579 682 2620 eum
713 2564 978 2620 Homilias
1005 2563 1334 2634 praecedere
1360 2571 1570 2632 partem
1598 2560 1739 2614 bane
1760 2558 1987 2613 alteram
2043 2558 2130 2612 iu-

554 2649 838 2717 beremus,
867 2651 1074 2707 fuimus
1098 2652 1353 2722 polliciti.

627 2743 694 2798 ll.
725 2744 873 2800 Duos
895 2753 1078 2800 autem
1105 2744 1210 2798 hoc
1232 2743 1474 2814 insignes
1527 2740 1797 2811 imprimis
1827 2739 2049 2794 nomine
2077 2739 2132 2793 in

2231 1556 2554 1624 Quanquam
2577 1555 2887 1610 Galesinius
2909 1563 2965 1610 et
3007 1555 3273 1610 Baronius
3312 1557 3432 1610 suis
3483 1556 3541 1610 in
3566 1557 3816 1628 Martyro-

2231 1647 2391 1717 logiis
2413 1647 2580 1716 priori
2633 1647 2711 1700 illi
2750 1645 3104 1700 Alexandrini
3148 1646 3488 1700 vocabulum
3531 1646 3810 1708 adiiciunt,

2233 1751 2292 1795 ut.
2316 1739 2441 1793 inde
2467 1741 2828 1809 posteriorem
2851 1740 3176 1810 Aegyptium
3198 1755 3315 1793 esse
3338 1738 3612 1794 hariolari
3641 1741 3806 1795 liceat.

2232 1833 2483 1887 Vicissim
2508 1843 2690 1887 tamen
2717 1832 3010 1897 Palladius,
3053 1847 3179 1886 cum
3201 1831 3270 1886 de
3292 1831 3541 1887 Macario
3563 1831 3814 1902 Aegyptio

2231 1923 2360 1993 agit,
2390 1921 2525 1976 adeo
2548 1938 2656 1976 non
2686 1931 2974 1985 memorat,
3010 1921 3247 1976 eundem
3298 1920 3533 1974 Antonii
3584 1921 3811 1990 discipu-

2231 2014 2346 2068 lum
2392 2014 2584 2079 fuisse,
2637 2024 2696 2069 ut
2740 2012 2791 2066 id
2841 2013 3026 2083 potius
3052 2013 3120 2067 de
3171 2012 3413 2066 Macario
3450 2013 3811 2066 Alexandrino

2233 2105 2435 2160 referat
2466 2105 2564 2174 (4).
2592 2105 2699 2158 Res
2724 2120 2856 2175 ergo
2902 2105 3038 2159 haec
3069 2119 3190 2158 esse
3244 2104 3473 2158 videtur
3523 2105 3579 2158 in
3614 2105 3622 2173 Ι
3654 2114 3809 2168 certa,

2233 2198 2338 2252 nisi
2361 2198 2563 2267 aliquis
2590 2212 2714 2252 cum
2739 2198 2902 2251 Petro
2928 2196 3158 2250 Possino
3188 2195 3256 2249 de
3297 2204 3547 2265 utroque
3597 2211 3810 2266 persua-

2232 2289 2351 2344 deri
2377 2290 2480 2344 sibi
2508 2289 2671 2352 sinat,
2699 2305 2801 2342 non
2836 2288 2973 2358 falso
3013 2289 3219 2342 eosdem
3271 2288 3499 2344 Antonii
3545 2287 3809 2357 discipuiot

2231 2382 2428 2446 vocari,
2482 2383 2673 2452 quippe
2719 2382 2808 2451 qui
2867 2381 3094 2434 viderint
3143 2380 3299 2434 illum
3368 2380 3806 2448 audiverintque,

2233 2473 2470 2542 quamvis
2517 2472 2773 2525 seniorem
2818 2472 3049 2535 iuvenes,
3085 2489 3147 2525 ac
3167 2488 3282 2524 sero
3322 2472 3547 2525 tandem
3572 2482 3619 2524 et
3641 2471 3804 2532 obiter,

2231 2578 2349 2614 cum
2373 2561 2443 2614 ad
2480 2562 2650 2631 ipsum
2692 2561 2761 2614 ad
2791 2561 2996 2614 brevem
3044 2561 3446 2614 venerationem
3497 2569 3666 2614 essent
3698 2575 3806 2630 pro-

2234 2654 2372 2724 fecti,
2401 2670 2522 2708 mox
2546 2654 2735 2707 iterum
2766 2653 2835 2706 ad
2858 2653 3206 2707 habitationes
3254 2671 3410 2718 suas,
3457 2669 3596 2725 quae
3635 2672 3667 2708 a
3707 2660 3805 2706 sta-

2235 2747 2374 2798 tione
2403 2744 2620 2799 Antonii
2643 2743 2933 2816 plurimum
2958 2744 3172 2798 dissitae
3196 2745 3418 2815 fuerint,
3438 2746 3696 2800 reversuri
3720 2742 3802 2813 (5).

552 2833 788 2889 historia
840 2849 932 2889 res
970 2848 1343 2906 personasque
1391 2831 1789 2888 ecclesiasticas
1824 2839 2131 2902 exponente

2234 2837 2345 2892 Nec
2389 2846 2536 2892 certe
2581 2837 2834 2891 videmus
2867 2835 3001 2907 quid
3045 2836 3246 2900 obstet,
3295 2849 3423 2902 cur,
3464 2852 3592 2892 eum
3633 2834 3804 2890 eodem

552 2941 850 2982 occurrere
881 2926 1088 2987 videas,
1130 2941 1365 2994 quorum
1392 2940 1563 2978 unum
1593 2922 1890 2978 Macarium
1942 2920 2135 2976 dicunt

513 3031 516 3034 '
553 3017 898 3089 Aegyptium,
934 3017 1168 3072 alterum
1201 3033 1332 3071 vero
1353 3015 1776 3070 Alexandrinum
1801 3031 1815 3080 ;
1837 3013 1934 3068 sed
1958 3014 2131 3078 ambo,

556 3109 804 3164 utbabet
845 3109 1210 3180 Menologium
1248 3109 1557 3178 antiquum,
1597 3105 1969 3161 exercitatione
2017 3123 2133 3160 mo-

557 3201 785 3265 nastica,
839 3202 969 3265 vita,
1015 3199 1266 3263 moribus,
1331 3197 1636 3252 admirabili
1669 3197 1678 3268 Ι
1712 3197 2032 3251 abstinentia
2084 3203 2134 3250 et

555 3291 826 3349 miraculis
861 3291 1006 3360 [uere
1054 3289 1288 3344 illustres
1309 3290 1410 3361 (Ι).
1440 3289 1552 3344 Nec
1573 3288 1756 3342 minus
1780 3296 1836 3342 et
1858 3288 2130 3353 Socrates,

554 3380 958 3438 ecclesiasticae
985 3378 1246 3434 historiae
1268 3378 1536 3443 conditor,
1566 3377 1753 3441 refert,
1790 3377 1960 3432 fuisse
2005 3378 2134 3431 duos

552 3474 694 3528 inter
732 3472 1010 3526 monachos
1051 3470 1230 3524 eodem
1261 3477 1490 3541 tempore
1509 3471 1667 3534 viros,
1712 3469 1821 3523 Deo
1855 3469 2129 3535 amabiles,

554 3573 838 3634 utrumque
861 3561 1086 3616 Macarii
1119 3562 1358 3627 nomine,
1388 3577 1551 3614 unum
1587 3576 1650 3614 ea:
1691 3562 1926 3632 Aegypto
1971 3577 2130 3632 supe-

553 3657 713 3720 riore,
741 3654 967 3709 alterum
985 3652 1428 3718 Alexandrinum,
1456 3661 1738 3723 utrumque
1775 3651 1953 3707 multis
1981 3652 2131 3706 rebus

554 3745 834 3816 insignem,
876 3751 925 3797 et
949 3743 1209 3814 imprimis
1246 3752 1464 3814 propter
1488 3742 1884 3807 abstinentiam,
1914 3758 2132 3796 conver-

551 3839 831 3901 sationem,
870 3851 1059 3899 mores,
1096 3835 1476 3907 miraculaque,
1513 3852 1646 3908 quae
1682 3851 1860 3890 eorum
1891 3835 2133 3891 manibus

554 3928 630 4002 (2)
666 3929 1105 4001 perpetrabantur
1141 3929 1238 3999 (5).

624 4019 714 4074 Ill.
747 4018 929 4074 Unum
955 4034 1022 4073 ex
1055 4018 1248 4073 iisdem
1301 4017 1483 4087 magni
1519 4017 1666 4071 illius
1688 4015 1934 4080 Antonii,
1969 4015 2134 4071 disci-

2236 2936 2480 2995 tempore
2503 2942 2628 2980 cum
2654 2925 2892 2980 Antonio
2940 2925 3174 2980 vixerint
3217 2926 3470 2994 Macarii,
3501 2942 3626 2982 cum
3657 2925 3802 2978 vitam

2235 3017 2290 3072 in
2325 3017 2620 3072 solitudine
2651 3017 3015 3072 sanctissimis
3073 3017 3540 3074 meditationibus
3583 3017 3800 3072 deditam

2234 3109 2533 3163 consectati
2577 3109 2787 3163 fuerint
2812 3108 2914 3179 (6),
2950 3109 3110 3162 cuius
3159 3109 3404 3165 instituti
3430 3111 3681 3180 princeps
3701 3113 3802 3160 erat

2232 3199 2524 3265 Antonius,
2549 3200 2701 3256 credi
2725 3217 2837 3255 non
2868 3201 3063 3272 possit,
3092 3201 3159 3256 ad
3184 3202 3433 3258 eundem
3460 3218 3520 3258 se
3547 3199 3799 3270 recepisse

2233 3292 2382 3346 viros
2405 3291 2541 3346 istos
2565 3290 2890 3362 disciplinae
2918 3293 3197 3363 rigidioris
3221 3294 3679 3355 studiosissimos,
3706 3299 3800 3343 uta

2233 3383 2354 3438 viro
2379 3383 2684 3439 sanctitatis
2720 3384 2978 3454 Opinione
3011 3385 3162 3440 claro
3208 3385 3262 3440 in
3287 3401 3381 3453 co,
3445 3384 3596 3458 quod
3642 3393 3801 3438 susce-

2233 3484 2448 3546 perant,
2480 3476 2625 3530 vitae
2649 3477 2932 3546 proposito
2955 3475 3448 3532 confirmarentur.

2304 3565 2391 3620 IV.
2423 3565 2530 3620 Sed
2552 3574 2794 3636 praestat
2827 3565 3072 3636 singulos
3101 3567 3305 3622 intueri
3327 3567 3666 3623 distinctius.
3709 3560 3799 3615 Ma-

2234 3658 2416 3712 carius
2441 3658 2628 3729 igitur,
2663 3673 2825 3728 quem
2852 3658 3175 3729 Aegyptium
3206 3670 3260 3714 et
3287 3661 3568 3715 seniorem
3612 3657 3795 3715 dicunt,

2233 3765 2265 3804 e
2291 3750 2518 3821 regione
2537 3749 2816 3804 Thebaide
2859 3764 3016 3804 suam
3064 3751 3230 3805 traxit
3253 3752 3530 3822 originem
3571 3748 3665 3818 (7).
3689 3745 3795 3799 Flo-

2233 3852 2390 3898 rente
2419 3843 2527 3897 iam
2587 3850 2766 3896 aetate
2808 3851 3012 3896 etcum
3048 3842 3230 3897 adhuc
3251 3853 3404 3898 esset
3450 3841 3678 3902 iuvenis,
3703 3837 3794 3889 vir-

2233 3932 2367 3987 tutis
2396 3931 2641 3986 studium
2683 3930 3142 4000 amplectebatur,
3171 3941 3398 4002 tamque
3426 3941 3644 3986 austero
3670 3926 3790 3979 vitae

2233 4024 2421 4094 generi
2442 4023 2607 4077 dabat
2629 4038 2872 4092 operam,
2911 4033 2972 4078 ut
2995 4023 3437 4096 παιδαριογέρων
3484 4040 3514 4078 a
3540 4014 3790 4077 monachis

552 4111 734 4184 plinae
757 4111 1091 4165 monasticae
1111 4109 1350 4164 auctoris
1381 4108 1647 4179 primarii,
1673 4107 1841 4162 fuisse
1883 4107 2128 4178 discipu-
2157 4150 2198 4207 ϐ
2235 4113 2671 4183 appellitarctur.
2709 4111 2849 4166 Cum
2895 4112 2986 4166 XL
3013 4113 3122 4166 iam
3160 4129 3337 4168 annos
3360 4125 3526 4168 natus
3571 4119 3720 4169 esset,
3743 4103 3788 4155 in

553 4204 690 4268 lum,
739 4203 1095 4273 antiquorum
1144 4203 1459 4257 testimonia
1513 4201 1841 4270 perhibent:
1872 4199 1968 4253 sed
2005 4208 2129 4253 uter

554 4297 775 4351 illorum
798 4295 846 4350 is
866 4295 1053 4358 fuerit,
1074 4295 1440 4365 Aegyptiusne
1472 4310 1539 4347 an
1565 4291 1986 4355 Alexandrinus,
2019 4307 2129 4355 res,

554 4395 619 4442 ut
641 4388 885 4451 videtur,
918 4386 1062 4457 apud
1086 4396 1340 4448 auctores
1373 4384 1619 4439 nondum
1646 4384 1895 4438 confecta
1926 4392 2038 4447 est;
2078 4381 2134 4436 id

554 4480 704 4551 quod
729 4490 786 4536 et
849 4480 906 4535 in
933 4495 1098 4533 causa
1123 4478 1310 4542 fuerit,
1339 4490 1402 4531 nt
1448 4477 1516 4531 de
1540 4476 1709 4529 natali
1767 4474 1876 4538 die,
1914 4475 2134 4544 utrique

553 4576 813 4631 distincte
862 4572 1232 4645 adsignando,
1284 4581 1495 4625 certum
1541 4569 1748 4639 aliquid
1788 4569 2137 4640 pronuntiari

555 4675 814 4738 nequeat.
871 4666 1006 4722 Nam
1042 4665 1426 4737 Martyrologia
1467 4662 1691 4732 antiqua
1717 4661 1856 4716 duos
1906 4661 2130 4731 quidem

552 4760 711 4816 fastis
759 4759 877 4814 suis
925 4759 1280 4812 inseruerunt
1345 4755 1626 4819 Macarios,
1668 4769 1904 4823 quorum
1962 4770 2132 4808 unum

554 4849 701 4906 bcati
746 4850 968 4906 Antonii
1004 4849 1171 4903 fuisse
1229 4848 1559 4917 discipulum
1626 4861 1757 4900 sane
1795 4857 2130 4911 memorant;

554 4941 899 5012 scd‘quinam
926 4943 1017 4996 ille
1048 4957 1114 4995 ex
1148 4939 1367 4994 duobus
1398 4956 1428 4993 a
1462 4937 1624 4992 nobis
1666 4936 1985 4991 memoratis
2011 4937 2134 4991 fue-

557 5034 648 5097 rit,
693 5049 805 5087 non
835 5034 1067 5103 perinde
1100 5033 1423 5101 adiungunt.
1478 5028 1569 5084 Sic
1617 5027 1763 5083 enim
1807 5029 2134 5100 Martyrolo-

554 5126 705 5193 gium
728 5126 1035 5180 Romanum
1073 5142 1183 5181 non
1235 5133 1444 5179 tantum
1488 5130 1669 5188 vetus,
1720 5123 1815 5177 sed
1861 5133 1915 5177 et
1938 5123 2134 5177 Bellini

554 5217 701 5271 diem
734 5217 779 5271 ll
806 5218 1044 5272 Ianuarii
1067 5217 1229 5272 beato
1256 5216 1495 5271 Macario
1520 5215 1844 5285 simpliciter
1870 5215 1943 5270 ita
1964 5214 2131 5279 dicto,

555 5310 702 5366 diem
729 5326 860 5364 vero
886 5309 979 5365 XV
1005 5310 1250 5365 eiusdem
1297 5309 1502 5364 mensis
1549 5307 1784 5362 Macario
1818 5307 2002 5364 abbati
2025 5308 2136 5362 An-

2230 4204 2610 4274 presbyterum
2641 4211 2994 4259 consecratus
3012 4212 3114 4258 est.
3144 4204 3242 4259 LX‘
3261 4222 3397 4261 vero
3444 4218 3614 4260 annos
3639 4195 3788 4265 exegit

2231 4293 2287 4347 in
2310 4294 2626 4361 solitudine;
2649 4294 3116 4367 demumquecum
3138 4297 3228 4352 XC
3251 4314 3427 4354 annos
3452 4293 3676 4352 vivendo
3694 4289 3786 4343 fere

2230 4385 2583 4455 explevisset,
2609 4386 2846 4440 animam
2887 4403 3063 4454 suam,
3123 4391 3412 4458 corporeis
3468 4383 3691 4443 vinculis
3730 4374 3785 4429 Ιί-

2233 4477 2448 4543 beram,
2481 4478 2592 4532 Deo
2617 4478 2860 4534 reddidit
2898 4479 3043 4534 circa
3077 4495 3284 4534 annum
3315 4478 3578 4538 CCCXCI.
3634 4466 3786 4528 Multis

2237 4568 2518 4624 miraculis
2542 4569 2810 4640 insignem
2842 4571 3012 4625 fuisse
3035 4571 3507 4640 produntomnes,
3542 4565 3630 4639 qui
3651 4562 3709 4616 de
3733 4571 3786 4609 eo

2238 4662 2446 4719 faciunt
2478 4664 2819 4730 memoriam,
2846 4664 3213 4736 Hieronymus
3236 4665 3526 4736 imprimis,
3549 4652 3786 4716 Palladius

2240 4770 2304 4810 ac
2335 4755 2670 4811 Sozomenus
2703 4756 2800 4826 (8).

2309 4847 2374 4902 V.
2429 4847 2580 4902 Solet
2628 4858 2917 4918 praeterea
2962 4848 3410 4918 frequentissime
3460 4838 3656 4900 nomini
3684 4833 3785 4888 eius

2239 4937 2420 5008 Magni
2443 4953 2744 5008 cognomen
2773 4939 2923 5003 addi,
2967 4940 3131 4994 credo
3168 4957 3278 4994 non
3325 4938 3618 4994 imitatione
3645 4931 3655 4998 1
3685 4935 3784 4979 ωη-

2241 5039 2357 5084 tum
2376 5031 2555 5101 magni
2583 5030 2730 5085 illius
2753 5030 2998 5094 Antonii,
3025 5047 3188 5100 quem
3217 5033 3336 5086 sine
3361 5028 3544 5086 addito
3564 5020 3781 5103 Μαρκτιηξ

2240 5138 2439 5177 vocare
2497 5123 2772 5185 solebant,
2815 5132 2896 5187 ut,
2934 5137 3059 5176 cum
3112 5123 3383 5177 Macarius
3419 5117 3522 5188 ipsi
3567 5113 3617 5159 ΐιι
3655 5111 3780 5153 οῐ¹¹η¹

2240 5215 2403 5269 laude
2445 5223 2592 5269 esset
2628 5213 2984 5276 simillimus,
3011 5214 3205 5268 eodem
3253 5218 3466 5282 (ιυοιῐυε
3495 5213 3610 5255 cum
3651 5198 3778 5286 "in"?

2241 5318 2399 5378 patre
2453 5309 2613 5364 titulo
2652 5307 3054 5379 insigniretur;
3111 5304 3212 5354 sed
3257 5295 3523 5371 imprimis
3571 5288 3622 5345 id
3679 5283 3774 5334 ﬁeri

2063 5424 2315 5479 NOTAE.

628 5517 705 5592 (l)
729 5516 828 5592 Die
852 5534 942 5592 ξιξ
975 5517 1110 5592 Δλείη.

627 5584 701 5661 (2)
728 5591 820 5645 Sic
855 5588 1093 5653 Pritius;
1126 5588 1229 5658 leg.
1259 5603 1395 5656 quae
1417 5604 1508 5656 per
1538 5604 1720 5642 eorum
1747 5604 1958 5640 manus.
1997 5584 2140 5650 IE0:—

561 5671 703 5796 τυῗὲ)
733 5730 946 5784 Socrat.
979 5727 1116 5783 Hist.
1148 5726 1352 5781 Eccles.
1391 5726 1479 5779 lib.
1513 5728 1590 5783 ιγ
1621 5744 1738 5796 cap.
1774 5729 1866 5781 es.

555 5851 558 5854 .
632 5799 705 5868 {-i)
733 5799 934 5852 Pallad.
977 5816 1096 5868 cap.
1129 5799 1217 5850 20.

630 5867 704 5937 (ὅ)
731 5869 925 5924 Petrus
969 5867 1230 5923 Pessinus
1254 5867 1554 5938 Proiegom.
1583 5870 1636 5924 in
1667 5868 1914 5923 Thcsaur.
1947 5867 2016 5922 As
2029 5875 2124 5921 cet.

2345 5586 2397 5668 9)
2432 5586 2568 5668 Vide
2593 5578 3100 5668 ίῑιίτειριὲἶίθιὲίδ·
3122 5666 3144 5668 ί,
3286 5664 3297 5668 _
3331 5646 3512 5668 .m...
3587 5625 3664 5668 lib-
3697 5609 3768 5668 ιιι

2345 5587 2397 5649 6)
2432 5587 2568 5637 Vide
2593 5587 2734 5636 infra
2752 5597 2804 5651 p.
2834 5587 3100 5632 156.245.
3611 5629 3620 5637 ,

2319 5587 2395 5726 ΣἹ)
2443 5649 3007 5726 Tlieodoret.__lib:_iV
3050 5647 3255 5726 ατη-τ’ὶὲ
3286 5664 3299 5712 ;
3331 5646 3532 5699 Sozom.
3586 5625 3664 5681 lib.

2245 5720 2486 5813 δαρτζξίέῖ
2517 5725 2726 5813 ἓῗῖῨ-Γθξὶ
2759 5722 2846 5813 {ib'
2882 5720 2955 5773 Iv
2983 5720 3253 5813 cap'ags'n
3288 5789 3319 5813 ιι
3374 5785 3388 5813 ι
3447 5778 3601 5813 ιιεριην
3640 5759 3759 5813 Latt-

2315 5773 2390 5867 ῐέ)
2406 5773 2492 5848 bl:
2518 5773 2906 5867 “ifiin’jiaz’rum
2931 5773 3177 5867 ςςιρέ-ᾷβς
3213 5785 3408 5867 Ρηιιειρ.
3442 5778 3616 5834 Hister.
3640 5773 3703 5813 La

2239 5857 2383 5922 sia‘cf
2401 5883 2518 5936 cap.
2550 5865 2636 5930 19;
2665 5863 2877 5918 Sozom.
2924 5857 3009 5913 lib.
3048 5859 3134 5913 ΙΙΙ
3167 5877 3283 5929 cap.
3330 5857 3405 5910 15.
