4016 6438
270 395 369 450 ’561

1138 395 1228 450 AD
1260 394 1636 450 EDITIONEM
1677 392 1914 449 OPUSC.
1958 392 2013 448 S.
2053 393 2336 452 MACARII
2376 397 2713 454 AECYPTII.

3435 395 3544 451 382

278 517 426 583 patet
455 509 532 564 ob
564 509 813 581 ingentia
836 509 941 564 viri
969 508 1160 563 merita
1185 521 1240 564 et
1262 509 1332 564 ob
1355 509 1684 580 singularem
1708 509 1866 578 plane
1896 511 1941 568 A
1970 507 2069 562 ista
2091 525 2310 579 quoque
2346 511 2401 564 in
2437 511 2707 565 sententia
2763 526 2823 566 se
2865 507 3210 579 acquiescere
3254 508 3540 573 scriberet,

279 598 571 653 doctrinae
627 607 796 668 atque
851 598 1283 664 sanctimoniae,
1325 599 1526 668 quibus
1571 597 1869 652 virtutibus

283 693 487 746 mirum
516 691 572 744 in
602 691 827 746 modum
863 690 1087 754 cﬂ‘ulsit,
1131 692 1542 760 praestantiam.

351 783 445 837 VI.
498 783 760 846 Eremus,
808 783 865 836 in
899 799 1005 852 qua
1039 783 1349 838 divinarum
1387 798 1569 836 rerum
1605 781 1790 836 studio
1815 787 1872 836 et

286 875 624 932 coelestibus
639 874 1057 945 cogitationibus
1078 875 1323 939 vacabat,
1348 873 1522 928 Sectis
1544 882 1680 938 erat,
1707 890 1871 944 quam

291 979 474 1024 tamen
503 967 740 1021 diversis
759 966 1076 1020 nominibus
1131 975 1188 1020 et
1231 965 1518 1031 Sceticam,
1575 965 1870 1031 Sectinam,

296 1060 619 1124 Scetiacam,
683 1057 990 1129 Scyticam,
1054 1057 1358 1128 Scytiacam
1415 1066 1473 1113 et
1525 1055 1873 1129 Scytioticam

294 1151 602 1220 nuncupari
638 1149 937 1204 identidem
970 1149 1179 1204 videas.
1205 1147 1432 1220 Aegypti
1459 1165 1590 1204 vero
1636 1148 1874 1204 solitudo

293 1244 427 1298 haec
448 1242 571 1307 fuit,
590 1242 843 1297 confluxu
856 1241 1099 1294 virorum
1117 1241 1391 1296 sanctitati
1408 1241 1745 1297 studentium
1768 1241 1877 1297 fre-

289 1335 671 1404 quentissima.
687 1333 864 1388 Testis
884 1333 1027 1387 enim
1044 1331 1400 1388 Cassiodorus
1418 1333 1492 1405 (ιι)
1510 1343 1613 1398 est,
1633 1335 1687 1388 in
1704 1351 1875 1388 eremo

289 1428 390 1481 hac
440 1427 583 1498 chti
625 1429 1001 1482 monachorum
1039 1428 1434 1499 probatissimos
1469 1438 1645 1499 patres
1673 1437 1721 1482 et
1761 1446 1874 1483 om-

289 1520 445 1573 nium
495 1527 800 1572 sanctorum
853 1529 1118 1573 moratam
1168 1536 1276 1573 esse
1325 1519 1711 1590 perfectionem.
1761 1520 1878 1587 Qua

291 1611 588 1665 occasione
610 1627 743 1666 vero
771 1611 1006 1665 istumin
1026 1612 1208 1666 locum
1234 1626 1292 1666 se
1322 1613 1613 1681 receperit,
1644 1629 1874 1667 narran-

289 1709 408 1753 tem
435 1700 612 1769 ipsum
637 1701 847 1766 audire,
889 1701 983 1771 qui
1012 1702 1180 1768 velet,
1211 1701 1414 1772 poterit
1455 1701 1748 1757 Macarium
1778 1703 1875 1773 (2).

366 1792 483 1846 VII.
521 1791 628 1846 Sed
653 1793 721 1848 de
759 1794 996 1848 Macario
1029 1793 1403 1849 Alexandrino
1448 1795 1656 1864 aliquid
1713 1795 1878 1849 etiam

291 1881 596 1938 dicendum
637 1893 738 1940 est.
803 1884 962 1940 liunc
988 1887 1248 1940 iuniorem
1293 1886 1572 1956 appellant
1612 1895 1668 1942 et
1704 1885 1879 1957 politi-
1908 1871 1953 1927 Β

289 1991 420 2027 cum
468 1992 486 2029 :
539 1975 808 2031 iuniorem
864 1976 1127 2046 quidem,
1178 1977 1438 2048 quoniam
1500 1977 1733 2033 Macario
1799 1977 1880 2034 illi

295 2065 568 2139 Aegyptio
596 2078 874 2140 superstes
906 2071 1134 2137 exstitit,
1171 2081 1426 2126 mortuus
1480 2070 1722 2137 demum,
1754 2087 1880 2127 cum

262 2152 342 2213 VC
406 2175 580 2214 annos
621 2159 875 2227 vixisset,
927 2178 1072 2217 anno
1121 2161 1384 2218 CCCCIV.
1449 2161 1703 2218 Politicus
1747 2179 1882 2220 vero

305 2250 487 2307 dictus
534 2261 638 2317 est,
672 2254 821 2324 quod
870 2270 982 2308 non
1021 2255 1078 2308 in
1115 2255 1416 2310 solitudine
1471 2256 1734 2312 duntaxat
1781 2257 1882 2312 Ni-

313 2345 518 2410 triensi,
545 2347 599 2400 in
628 2363 790 2417 quam
831 2356 1149 2414 secesserat,
1174 2350 1341 2404 vitam
1375 2351 1727 2405 monasticam
1764 2365 1882 2405 am-

312 2437 499 2506 plexus
526 2450 863 2506 versaretur,
899 2441 994 2495 sed
1044 2442 1191 2512 quod
1239 2443 1405 2497 etiam
1462 2443 1516 2496 in
1564 2443 1756 2498 urbem
1783 2442 1883 2496 ali-

309 2526 527 2594 quando
573 2528 812 2593 veniret,
859 2529 955 2600 qui
1003 2539 1060 2585 et
1091 2546 1343 2601 magnam
1383 2531 1528 2587 vitae
1569 2540 1779 2602 partem
1826 2531 1884 2586 in

302 2617 433 2672 luce
475 2627 535 2673 et
564 2620 741 2675 oculis
779 2621 1065 2676 hominum
1098 2623 1474 2694 transegisset.
1500 2624 1660 2679 Anno
1691 2625 1887 2680 aetatis

303 2709 399 2765 XL
429 2711 759 2782 baptismum
784 2715 1088 2784 suscepisse
1113 2714 1334 2780 dicitur,
1370 2716 1660 2788 presbyter
1687 2715 1886 2771 deinde

304 2802 483 2858 factus
511 2814 566 2859 et
591 2805 1023 2860 archimandrita
1067 2805 1383 2862 Nitriensis.
1418 2806 1596 2877 [Cum
1649 2823 1784 2861 vero
1830 2806 1887 2861 in

305 2911 376 2952 eo
423 2913 549 2952 cum
587 2897 822 2954 Macario
844 2899 1109 2970 Aegyptio
1139 2899 1480 2963 conveniret,
1504 2898 1651 2968 quod
1692 2897 1888 2953 solitu-

307 2989 500 3045 dinem
567 2999 796 3055 amaret,
851 3001 907 3046 et
949 2991 1216 3047 severiori
1255 2991 1579 3062 disciplinae
1639 3007 1703 3047 ac
1744 2991 1888 3047 vitae

308 3082 602 3138 sanctioris
637 3083 816 3139 studio
841 3092 988 3138 esset
1020 3082 1428 3138 addictissimus
1459 3101 1472 3136 :
1506 3092 1626 3137 tum
1648 3097 1781 3137 vero
1833 3080 1890 3136 in

309 3190 377 3229 ea
416 3182 574 3245 parte
623 3175 691 3231 ab
749 3174 942 3230 eodem
990 3173 1289 3245 plurimum
1335 3174 1701 3245 discrepabat,
1745 3172 1891 3245 quod

309 3267 478 3323 hilari
520 3267 698 3323 fronte
740 3268 1040 3323 invisentes
1073 3267 1142 3322 ad
1188 3267 1366 3338 ipsum
1415 3267 1712 3336 exciperet,
1751 3265 1892 3336 lepi-

311 3359 512 3429 disque
565 3360 863 3416 oblectaret
889 3359 1255 3422 sermonibus,
1288 3359 1535 3414 iuniores
1582 3357 1896 3413 urbanitate

313 3452 650 3524 quadamad
681 3452 823 3507 vitae
873 3452 1207 3508 monasticae
1255 3451 1461 3506 cultum
1503 3451 1778 3515 alliciens;
1834 3449 1890 3503 id

313 3545 547 3614 quodin
585 3543 844 3615 Aegyptio
893 3559 1052 3598 secus
1098 3560 1155 3599 se
1204 3543 1463 3598 habebat.
1515 3544 1632 3598 Nec
1684 3543 1898 3597 minora

315 3654 472 3702 vero,
516 3654 678 3708 quam
709 3637 775 3692 de
801 3637 1091 3708 Aegyptio,
1127 3637 1196 3692 de
1253 3638 1373 3691 eius
1428 3636 1744 3701 virtutibus,
1812 3635 1895 3688 vi-

322 3730 489 3784 vendi
539 3747 737 3801 genere
785 3729 1148 3801 frugalissime
1191 3727 1590 3798 tniraculisque
1646 3729 1898 3782 referun-

330 3830 444 3884 tur,
475 3839 607 3892 quae
642 3822 735 3893 qui
778 3822 958 3893 legere
988 3822 1263 3892 descripta
1295 3821 1736 3892 cupiat,cvelvat
1770 3819 1897 3874 Pal-

325 3913 530 3969 ladium
557 3913 654 3986 (5).

400 4006 532 4060 Vill.
578 4008 826 4062 Tertium
849 4024 981 4064 vero
1022 4007 1260 4077 aliquem
1311 4004 1608 4060 Macarium
1645 4003 1901 4074 producit

320 4097 521 4154 Petrus
551 4099 830 4166 Pessinus,
870 4102 938 4156 ab
978 4109 1212 4170 utroque
1242 4100 1334 4153 illo
1360 4097 1594 4152 Macario
1622 4097 1900 4151 diversum

319 4200 379 4246 et
412 4191 678 4249 ambobus
704 4195 998 4260 seniorem,
1033 4193 1255 4250 Antonii
1287 4191 1620 4260 discipulum
1653 4199 1707 4244 et
1729 4187 1901 4241 cemi-

321 4289 461 4346 tem,
514 4284 774 4339 Amathae
841 4286 1089 4349 socium,
1153 4300 1315 4354 quem
1369 4297 1564 4352 magno
1622 4281 1903 4335 molimine

321 4373 786 4445 probatOpcrum
820 4378 1252 4432 Macarianerum
1290 4391 1412 4430 esse
1467 4386 1781 4443 auctorem,
1837 4389 1908 4429 eo

323 4465 397 4521 ad
437 4466 579 4522 hanc
611 4485 726 4523 rem
765 4470 1102 4540 probandam
1161 4478 1322 4524 utens
1360 4477 1710 4538 argumento,
1756 4469 1905 4539 quod

1972 601 2295 667 praesertim
2329 617 2452 655 cum
2501 601 2778 656 Oudinum
2821 617 3040 671 quoque
3082 599 3309 654 Pessine
3371 599 3548 652 succi--

1971 705 2106 745 nere
2127 691 2601 748 animadvertisset
2623 694 2718 764 (4).
2745 693 2967 747 Interim
2990 708 3049 746 re
3068 691 3266 744 melius
3283 706 3544 761 expensa,

1973 781 2081 836 alia
2115 798 2263 837 nunc
2282 792 2466 838 mente
2493 785 2778 854 praeditus
2804 793 2888 839 est
2916 784 3001 837 vir
3033 783 3460 846 eruditissimus,
3486 792 3548 836 ut

1972 881 2192 944 praeter
2229 874 2551 948 Aegyptium
2590 886 2646 932 et
2695 877 3118 931 Alexandrinum
3172 876 3395 931 tertium
3439 876 3550 929 Ma-

1975 967 2089 1020 cari
2121 966 2131 1038 Ι
2163 983 2256 1022 um
2283 969 2520 1038 aliquem
2544 969 2834 1023 admittere
2857 969 3279 1038 haudquaquam
3311 968 3460 1022 velit.
3483 968 3551 1021 Et

1976 1069 2125 1114 certe
2190 1060 2335 1129 quod
2369 1060 2714 1115 observatum
2771 1068 2828 1114 et
2873 1059 3040 1114 Cavio
3085 1067 3206 1123 cst,
3267 1074 3379 1112 non
3416 1058 3556 1113 alios

1975 1149 2259 1217 Maearios,
2287 1153 2381 1222 qui
2415 1152 2637 1207 Antonii
2667 1151 2924 1222 discipuli
2969 1150 3199 1216 fuerint,
3229 1151 3550 1206 sistuntno-

1976 1237 2063 1294 bis
2108 1240 2378 1306 Socrates,
2412 1241 2768 1306 Sezomenus,
2800 1239 3198 1304 Theodoretus,
3237 1251 3294 1295 et
3334 1240 3427 1310 qui
3467 1239 3555 1294 his

1978 1333 2113 1403 ipsis
2150 1332 2207 1386 in
2252 1333 2389 1388 locis
2425 1341 2481 1387 et
2511 1333 2614 1388 hoc
2649 1331 3056 1404 temporeﬁvixit
3089 1332 3382 1398 Palladius,
3427 1346 3554 1385 cum

1979 1435 2161 1480 tamen
2188 1423 2479 1495 diligenter
2508 1425 2575 1479 de
2613 1425 2702 1479 his
2726 1425 2892 1480 rebus
2928 1423 3133 1479 fuerint
3179 1423 3551 1478 cemmentati.

1977 1517 2090 1572 Nec
2123 1532 2254 1571 vero
2286 1524 2391 1582 est,
2422 1532 2541 1580 cur,
2581 1532 2722 1586 quae
2773 1516 3033 1571 Pessinus
3082 1515 3297 1586 allegat,
3345 1514 3554 1568 moveri

1978 1623 2037 1662 se
2063 1606 2257 1661 iisdem
2290 1605 2489 1675 aliquis
2533 1605 2796 1675 patiatur.
2833 1603 2971 1658 Nam
2996 1603 3143 1674 quod
3198 1602 3554 1657 Athanasium

1981 1713 2138 1752 suam
2164 1697 2220 1752 in
2251 1713 2366 1752 rem
2400 1698 2554 1761 citat,
2584 1695 2792 1752 fallitur
2813 1695 2870 1749 in
2900 1711 2966 1750 eo
2998 1695 3116 1767 ipse
3152 1704 3207 1750 et
3228 1695 3366 1749 fallit
3389 1735 3403 1760 ,
3429 1709 3556 1747 cum

1982 1789 2050 1845 de
2069 1790 2306 1845 Macario
2333 1789 2476 1860 apud
2500 1789 2862 1845 Athanasium
2885 1789 3046 1858 plane
3068 1787 3205 1842 nihil
3237 1795 3431 1841 exstet.
3465 1785 3556 1840 Sic

1979 1892 2036 1938 et
2057 1883 2421 1954 Hieronymus
2440 1881 2694 1936 meminit
2710 1880 2933 1951 quidem
2955 1878 3174 1934 Macarii
3210 1887 3267 1933 et
3294 1877 3559 1932 Amathae

1981 1976 2150 2032 veluti
2179 1975 2575 2047 discipulorum
2605 1974 2872 2041 Antonii,
2927 1973 3022 2044 qui
3060 1981 3116 2029 et
3143 1973 3431 2034 Amatham
3484 1971 3562 2026 ait

1981 2067 2304 2139 magistrum
2337 2082 2502 2121 suum
2533 2067 2745 2122 tumulo
2783 2065 3070 2130 intulisse;
3107 2064 3204 2118 sed
3228 2063 3295 2118 de
3323 2063 3562 2117 Macario

1981 2153 2120 2207 nihil
2155 2162 2439 2224 praeterea
2492 2153 2671 2209 decet.
2707 2154 2776 2208 Et
2821 2169 2992 2223 quare
3046 2168 3114 2207 ex
3171 2151 3387 2206 duobus
3441 2151 3564 2205 istis

1982 2245 2252 2311 Macariis,
2290 2261 2430 2315 quos
2462 2245 2734 2301 exstitisse
2764 2245 3012 2299 omnium
3046 2244 3390 2299 confessione
3425 2257 3562 2297 con—

1983 2343 2112 2402 stat,
2151 2352 2297 2390 unus
2316 2337 2538 2392 Antonii
2575 2352 2761 2392 comes
2789 2351 2909 2391 esse
2943 2352 3055 2391 non
3106 2335 3371 2406 potuerit,
3419 2351 3563 2390 non-

1984 2424 2117 2480 dum
2183 2440 2477 2495 possumus
2533 2425 2871 2496 perspicere.
2939 2423 3234 2479 lncoluerit
3294 2423 3582 2480 Macarius.

1984 2516 2282 2588 Aegyptius
2326 2533 2441 2588 per
2468 2516 2561 2570 LX
2619 2533 2793 2572 annos
2842 2516 3197 2571 solitudinem
3241 2515 3560 2572 Sceticam:

1986 2607 2397 2678 putabimusne,
2425 2621 2524 2676 per
2564 2605 2838 2676 integrum
2865 2605 2918 2659 id
2972 2613 3190 2675 tempus
3235 2619 3346 2659 uno
3386 2604 3566 2675 ipsum

1985 2699 2108 2754 loco
2136 2697 2376 2754 adﬁxum
2406 2699 2668 2752 aliorsum
2699 2696 2994 2766 aliquando
3051 2712 3164 2750 non
3211 2695 3568 2766 migravisse?

1986 2792 2152 2863 Atqui
2185 2808 2318 2847 vero
2359 2799 2700 2861 compertum
2728 2798 2830 2855 est,
2867 2789 3167 2844 solitariam
3186 2789 3354 2843 vitam
3383 2803 3569 2843 aman-

1987 2894 2072 2940 tes
2120 2899 2248 2940 suas
2304 2899 2466 2954 saepe
2522 2883 2680 2939 sedes
2705 2882 3145 2938 cemmutavisse.
3195 2881 3338 2948 Quid
3387 2881 3570 2936 obstat

1989 2993 2156 3051 ergo,
2204 2977 2351 3048 quod
2391 2992 2493 3032 nec
2550 2977 2666 3047 ipse
2712 2976 2975 3031 Pessinus
3036 2982 3229 3045 negat,
3276 2973 3584 3043 quominus.

1991 3070 2260 3125 Macarius
2294 3069 2528 3124 subinde
2563 3084 2622 3124 se
2681 3067 2748 3123 ad
2779 3067 3080 3123 Antonium
3129 3065 3448 3130 contulerit,
3503 3080 3573 3119 ex

1994 3177 2092 3218 ore
2126 3161 2300 3233 ipsius
2322 3159 2685 3216 saluberrima
2721 3167 3015 3230 praecepta
3047 3157 3348 3213 hausturus
3366 3157 3390 3210 ?
3407 3171 3574 3226 quem

1996 3261 2226 3318 et,eum
2286 3251 2426 3308 mori
2493 3267 2622 3306 eum
2671 3250 2991 3322 contigisset
3042 3264 3129 3313 eo,
3176 3263 3285 3318 quo
3314 3262 3575 3318 praesens

1997 3345 2204 3405 aderat,
2255 3353 2499 3415 tempore
2532 3359 2640 3400 una
2690 3360 2815 3399 cum
2869 3342 3099 3398 Amatha
3152 3343 3430 3412 sepultura
3481 3340 3566 3394 ho-

1996 3439 2336 3494 nestaverit?
2363 3439 2473 3493 Nec
2506 3453 2640 3493 vero
2667 3437 3006 3492 Sezomenus
3031 3435 3324 3489 Macarium
3357 3433 3414 3486 in
3471 3447 3579 3486 una

1999 3531 2167 3596 Sceti,
2201 3531 2297 3587 sed
2333 3531 2389 3585 in
2430 3529 2728 3584 solitudine
2772 3527 2867 3582 LX
2923 3542 3096 3582 annos
3124 3526 3368 3594 exegisse
3425 3538 3579 3578 com-

1997 3631 2284 3676 memorat.
2327 3621 2518 3688 Qualia
2553 3629 2610 3675 et
2651 3619 2719 3674 de
2747 3618 2982 3673 Macario
3013 3616 3380 3671 Alexandrino
3423 3614 3578 3668 facile

1998 3723 2222 3787 possent
2258 3713 2503 3786 probari,
2561 3713 2607 3768 si
2658 3712 2922 3767 vellemus
2983 3704 3112 3764 hec'
3143 3724 3325 3778 agere.
3371 3706 3551 3776 Suasl

1997 3826 2130 3880 ergo
2159 3826 2248 3864 res
2273 3807 2541 3862 Macarius
2577 3805 2682 3860 sibi
2710 3804 2909 3858 habeat
2932 3819 2962 3856 a
2992 3799 3218 3855 Pessine
3240 3809 3457 3868 praeter
3480 3813 3576 3852 ne-

1999 3899 2310 3955 cessitatem
2333 3897 2704 3965 historiaeque
2740 3894 2902 3949 fidem
2922 3890 3250 3962 productus;
3277 3888 3436 3943 nobis
3451 3903 3583 3943 vere

1999 3991 2497 4049 sufficiantMacarii
2511 3990 2640 4054 duo,
2660 3988 2760 4042 sub
2770 4000 3005 4057 quorum
3021 3983 3184 4036 unius
3195 3981 3412 4037 nomine
3426 3978 3582 4047 haec,

2003 4101 2140 4155 quae
2163 4099 2309 4138 nunc
2347 4083 2525 4137 lucem
2554 4080 2883 4151 adspiciunt,
2908 4073 3370 4134 circumferuntur
3386 4072 3579 4144 Opera.

2073 4177 2164 4233 IX.
2198 4175 2304 4231 Sed
2342 4189 2491 4228 nunc
2533 4170 2994 4227 considerandum
3035 4167 3144 4223 erit
3174 4167 3438 4230 exactius,
3475 4166 3586 4220 utri

2005 4272 2226 4326 illorum
2263 4268 2446 4324 fectus
2479 4266 2570 4320 isti
2609 4266 2720 4321 sint
2778 4263 3171 4317 adscribendi?
3207 4263 3275 4316 Et
3322 4257 3587 4314 llomilias

2007 4363 2230 4435 quidem
2268 4358 2532 4430 Aegyptio
2575 4355 2880 4426 adscriptas
2923 4370 3140 4423 semper
3174 4353 3342 4406 fuisse
3383 4366 3449 4404 ex
3505 4348 3588 4401 in-

2010 4455 2327 4526 scriptione,
2353 4467 2515 4522 quam
2539 4467 2703 4504 manu
2731 4449 2938 4503 exarati
2976 4448 3183 4521 pariter
3212 4455 3269 4500 et
3321 4442 3462 4515 typis
3489 4457 3586 4495 ex—

322 4560 659 4617 Athanasius
681 4562 738 4616 in
766 4563 889 4618 Vita
922 4563 1146 4618 Antonii
1176 4570 1233 4616 et
1259 4561 1637 4632 Hieronymus
1667 4561 1724 4616 in
1777 4529 1904 4618 -Vita

2010 4547 2126 4602 cusi
2160 4543 2379 4600 codices
2413 4558 2542 4613 prae
2591 4557 2649 4595 se
2702 4539 2904 4602 ferunt,
2944 4539 3294 4593 manifestum
3341 4543 3443 4590 est.
3481 4529 3587 4586 Sed

322 4651 481 4706 Pauli
517 4655 814 4709 Antonium
844 4655 1308 4709 memorentduos
1357 4669 1545 4708 secum
1607 4653 1908 4725 discipulos

325 4740 556 4796 intimos
593 4745 928 4813 comitesque
963 4743 1276 4798 individuos
1297 4742 1576 4806 habuisse,
1609 4743 1907 4798 Macarium

321 4844 386 4892 et
418 4836 706 4891 Amatham
735 4856 748 4891 :
780 4853 887 4891 non
915 4837 1218 4892 concedere
1244 4851 1376 4890 vero
1441 4834 1703 4904 temporis
1737 4835 1908 4890 ratio-

322 4927 598 4989 nem,hee
624 4937 684 4983 ut
704 4928 762 4982 in
790 4928 1084 4984 Maearium
1115 4927 1204 4982 vel
1232 4926 1557 4999 Aegyptium
1578 4927 1662 4980 vel
1678 4925 1910 4980 Alexan-

326 5015 557 5077 drinum
590 5017 896 5072 conveniat.
956 5017 1344 5085 Fatemurque,
1405 5015 1539 5070 tanti
1588 5015 1694 5069 hoc
1743 5031 1908 5085 argu-

329 5116 585 5163 mentum
611 5109 875 5164 momenti
933 5109 1112 5164 visum
1147 5108 1318 5164 fuisse
1353 5108 1475 5162 viro
1519 5106 1909 5176 antiquitatum

333 5195 831 5255 ecclesiasticarum
881 5200 1214 5270 peritissimo
1269 5198 1561 5254 Guilielme
1614 5196 1802 5262 Cavie,
1850 5205 1912 5250 ut

2009 4656 2113 4696 nec
2151 4639 2257 4692 hoc
2293 4635 2473 4705 placet
2509 4633 2759 4695 Pessine,
2785 4632 2880 4702 qui
2918 4630 3138 4686 easdem
3190 4626 3426 4682 Macario
3467 4639 3496 4677 a
3530 4638 3590 4677 se

2010 4740 2228 4803 praeter
2250 4743 2364 4780 rem
2392 4726 2625 4781 cenlicte
2656 4724 2939 4777 vindicare
2975 4721 3170 4792 satagit
3200 4718 3299 4791 (5).
3335 4716 3416 4770 Ad
3442 4713 3590 4768 Gen-

2011 4821 2158 4876 nadii
2186 4817 2538 4875 Massiliensis
2576 4815 2957 4869 auctoritatem
3001 4821 3284 4881 provocat,
3311 4808 3403 4877 qui
3427 4821 3592 4858 unam

2013 4925 2222 4970 tantum
2241 4913 2539 4968 Macarium
2574 4911 2684 4963 aiat
2714 4908 2781 4962 ad
2814 4909 3045 4960 iuniores
3095 4901 3429 4974 professionis
3465 4914 3593 4952 suae

2011 5008 2279 5079 scripsisse
2345 5002 2623 5076 epistolam
2692 5000 2790 5070 (6).
2856 4998 2961 5053 Sed
2991 4995 3236 5050 nendum
3272 4989 3592 5063 persuaderi

2012 5112 2325 5168 pessumus,
2385 5093 2614 5150 Pessine
2669 5099 2731 5144 ut
2776 5087 3215 5158 adstipulemur;
3279 5099 3380 5137 nec
3426 5079 3594 5135 verba

2012 5191 2301 5256 Gennadii,
2333 5188 2480 5261 quod
2517 5187 2634 5242 vult
2675 5183 2956 5247 Pessinus,
2984 5180 3118 5236 satis
3162 5179 3442 5238 evincunt,
3471 5190 3596 5229 eum

1853 5325 2104 5380 NOTAE.

413 5447 488 5517 (l)
515 5446 643 5516 Leg.
667 5445 1000 5502 Cassianum.
1024 5446 1228 5501 Pritius
1251 5445 1619 5500 Cassiodorum
1645 5461 1771 5499 cum
1792 5443 1923 5499 Cas-

334 5522 494 5574 siano
522 5518 826 5573 confundit.
853 5519 1004 5572 Em'r.

412 5591 488 5660 (‘2)
544 5587 756 5660 secrat.
815 5587 947 5660 "ist.
1017 5585 1110 5660 tib.
1264 5603 1428 5660 βαρ.-
1457 5586 1556 5648 18;
1596 5583 1910 5660 (iassi_e_der.

339 5655 446 5732 [sic
471 5655 850 5732 'Pritius,_leg.
879 5655 1374 5732 Cas§i_an.]g_Cellat.
1411 5656 1673 5732 _(-ap_.__l;
1729 5655 1911 5732 Theo-

340 5725 519 5785 ilerct.
578 5728 666 5782 lib.
714 5727 786 5782 IV
807 5725 948 5796 'cap.
981 5728 1087 5793 9.1;
1139 5725 1352 5782 Summ.
1405 5727 1491 5780 lib.
1536 5725 1624 5779 III
1648 5742 1764 5791 cap.
1804 5726 1908 5790 iii;

341 5804 553 5858 Socrat.
588 5799 674 5853 lib.
707 5798 781 5853 ιν
806 5796 1032 5868 εαρ.2ἷ›.

2099 5441 2174 5510 (5)
2196 5440 2401 5495 Pallad.
2431 5439 2565 5493 Hist.
2590 5437 2836 5510 Lausiac.
2870 5451 2986 5504 cap.
3019 5431 3323 5485 20.Petrus
3340 5425 3622 5481 Pessinus.

2021 5509 2996 5583 ἰηΡνοΙειῃ.αι(γΤΙιεηξᾳηνζΑθξίέέῒιλι⁸
3068 5573 3101 5583 η
3173 5571 3221 5583 ,,
3329 5567 3358 5583 ,.

2095 5565 2170 5709 (δέ)
2201 5565 2349 5661 eam.
2371 5582 2505 5634 (list.
2542 5581 2644 5632 Lit.
2676 5575 3019 5646 p.1p.21~2.
3057 5573 3103 5626 Ρ
3163 5571 3221 5626 11
3249 5587 3301 5639 ρ.
3329 5565 3418 5622 76.

2118 5673 2169 5709 ιιι
2201 5653 2462 5704 Pessinus
2488 5652 2524 5703 1.
2559 5651 2593 5703 l.

2118 5651 2169 5714 ΐί)
2201 5651 2462 5704 Pessinus
2488 5652 2524 5703 1.
2559 5651 2593 5703 l.

2094 5723 2167 5794 (4³)
2200 5722 2444 5776 Gemiad.
2479 5721 2554 5774 De
2584 5721 2706 5774 viris
2750 5719 2944 5772 illastr.
2997 5733 3040 5768 ε.
3080 5713 3159 5766 ib.
