4016 6440
581 443 686 505 365

1694 439 1787 493 JO.
1829 437 2108 493 GEORGII
2148 436 2355 493 PRITII
2396 438 2780 494 PRAEFA'I'IO
3710 451 3799 508 564

580 578 707 617 eum
734 561 789 614 in
832 573 1054 615 sensum
1086 555 1298 626 possint
1322 553 1518 624 accipi,
1557 553 1701 622 quod
1741 560 1948 606 tantum
1978 553 2044 605 de
2085 551 2153 605 li-
2187 558 2228 612 Α
2260 553 2573 622 spiritualcs
2616 554 2737 607 illae
2786 569 2977 622 graece
3017 554 3244 607 scorsim
3307 556 3624 624 prodierunt
3667 561 3799 619 Pari-

579 656 714 710 teris
741 670 771 708 a
798 652 1015 707 Macarii
1056 648 1381 718 conscriptis
1436 654 1614 717 agant.
1650 644 1791 712 Quid
1840 646 1885 698 si
1932 654 1987 699 et
2011 645 2149 699 scri-

581 748 752 819 pserit
778 746 964 815 aliqua
1003 742 1295 804 Macarius,
1331 756 1361 794 a
1386 737 1689 800 Gennadio,
1727 744 1786 789 ut
1819 736 1989 790 multa
2023 736 2148 801 alia,

582 841 759 895 oculis
790 855 902 893 non
924 836 1223 906 usurpata?
1256 833 1409 889 Unde
1437 848 1545 885 non
1566 845 1704 900 opus
1728 830 1855 893 erit,
1883 839 1944 883 ut
1980 827 2152 881 multa

579 930 1081 991 comminiscamur,
1102 925 1271 979 veluti
1293 925 1421 978 facit
1439 921 1717 985 Possinus,
1738 937 1843 991 qua
1863 919 2151 975 occasione

580 1038 759 1093 quove
794 1019 971 1075 cilicio
994 1016 1255 1071 Homilias
1295 1016 1425 1069 istas
1452 1014 1721 1068 Macarius
1748 1012 2014 1066 Amathae
2058 1025 2149 1064 so-

578 1110 696 1166 cius
750 1124 939 1180 graece
997 1123 1028 1160 a
1082 1121 1138 1160 se
1208 1104 1452 1159 redditas
1504 1118 1571 1157 ex
1620 1100 1840 1156 Antonii
1905 1098 2149 1170 magistri

577 1202 798 1256 dictatis
828 1197 1136 1269 protulerit.

646 1286 713 1340 Χ.
740 1286 881 1351 Quid
930 1300 1060 1339 vero
1101 1283 1169 1338 de
1218 1280 1511 1351 Opusculis
1557 1280 1677 1335 istis
1714 1280 1979 1344 dicemus,
2009 1294 2149 1347 quae

574 1393 723 1433 nunc
744 1386 865 1447 post
894 1374 1186 1429 Possinum
1232 1374 1286 1427 in
1318 1372 1609 1427 Germania
1640 1372 1877 1442 primum
1932 1388 1963 1425 a
1991 1370 2150 1425 nobis

574 1470 920 1539 evulgantur,
952 1476 1008 1521 et
1040 1466 1129 1520 cui
1168 1464 1309 1535 patri
1352 1463 1555 1516 liberos
1606 1462 1739 1517 istos
1794 1461 2151 1516 adseremus?

575 1562 840 1619 Possinus
893 1574 1025 1613 vero
1071 1557 1162 1614 hic
1206 1556 1406 1609 iterum
1462 1570 1622 1608 suum
1679 1554 1838 1608 nobis
1891 1555 2150 1623 supponit

574 1652 896 1715 Macarium,
927 1666 1088 1721 quem
1127 1658 1307 1702 tamen
1334 1648 1388 1701 in
1412 1647 1617 1700 mundo
1648 1662 1756 1700 non
1787 1646 1987 1709 fuisse,
2018 1648 2147 1710 iam,

572 1753 638 1799 ut
662 1744 1018 1806 arbitramur,
1049 1738 1493 1794 monstravimus.
1524 1737 1929 1793 Celeberrimus
1954 1737 2151 1791 Cavius

575 1834 652 1906 (I)
714 1834 1007 1887 tribuenda
1050 1833 1274 1901 quidem
1341 1830 1702 1885 Macariorum
1761 1845 1833 1883 no
1866 1830 1875 1899 ἶ
1908 1838 2149 1883 strorum

573 1927 825 1982 alterutri
858 1926 1130 1997 Opuscula
1162 1925 1297 1978 haec
1328 1939 1438 1977 non
1458 1922 1733 1975 immerito
1765 1937 1885 1975 esse
1911 1922 2145 1986 iudicat;
2183 1891 2225 1951 Β

575 2020 670 2075 sed
700 2021 756 2073 in
795 2034 918 2074 eam
977 2026 1159 2071 tamen
1204 2016 1376 2085 magis
1431 2013 1736 2084 propendet
1801 2013 2147 2078 sententiam,

574 2110 723 2181 quod
760 2108 1131 2163 Alexandrino
1158 2107 1237 2161 illi
1276 2106 1387 2160 sint
1407 2105 1760 2173 adsignanda.

646 2201 741 2257 XI.
768 2200 940 2256 Nobis
972 2210 1155 2254 autem
1187 2198 1241 2252 id
1273 2207 1398 2253 ante
1422 2199 1606 2252 omnia
1628 2197 1847 2251 videtur
1879 2211 1999 2251 esse
2028 2212 2149 2250 cer-

576 2294 873 2359 tissimum,
905 2294 1051 2363 quod
1082 2308 1226 2347 unus
1250 2302 1444 2346 auctor
1473 2292 1661 2355 fuerit,
1731 2291 1825 2361 qui
1869 2289 2149 2344 divinissi-

574 2404 693 2442 mas
724 2387 885 2441 nobis
918 2386 1070 2440 dedit
1109 2385 1394 2447 Ilomilias,
1438 2399 1564 2438 cum
1604 2383 1716 2447 illo,
1764 2382 1851 2436 cui
1887 2382 2151 2435 debemus

576 2481 786 2536 isthaec
840 2480 1133 2549 Opuscula.
1167 2479 1225 2532 Id
1277 2478 1425 2533 enim
1474 2486 1531 2531 et
1584 2492 1673 2531 res
1714 2476 1859 2545 ipsae
1893 2476 2147 2545 probant,

574 2587 715 2643 quae
748 2582 805 2627 et
825 2570 881 2625 in
905 2570 1154 2625 Homiliis
1185 2579 1240 2625 et
1268 2569 1558 2639 Opusculis
1581 2577 1899 2629 occurrunt,
1940 2582 2151 2621 summa

575 2663 706 2719 ﬁdei
750 2673 969 2719 nostrae
1020 2664 1300 2734 mysteria,
1350 2671 1407 2717 et
1456 2660 1748 2731 praecipua
1806 2659 2151 2715 Christianae

576 2754 860 2825 religionis
893 2755 1093 2824 capita,
1136 2754 1369 2807 maxime
1406 2768 1546 2822 quae
1603 2752 1669 2807 ad
1702 2766 1860 2805 usum
1915 2750 2151 2804 transfe-

578 2847 749 2900 renda
781 2856 928 2908 sunt,
956 2846 1310 2911 exhibentes;
1336 2855 1392 2900 et
1420 2845 1586 2898 verba
1628 2858 1843 2913 quoque
1893 2841 2151 2909 modique

576 2936 863 3006 loquendi,
894 2937 1043 2990 circa
1071 2951 1209 3005 quos
1241 2950 1454 2989 summa
1472 2934 1675 3003 ubique
1707 2933 2007 2988 similitudo
2028 2942 2149 2997 est;

577 3034 637 3083 et
663 3043 763 3097 par
788 3028 1052 3083 orationis
1078 3028 1253 3081 forma
1276 3026 1709 3096 elocutionisque
1732 3025 1985 3095 dignitas.
2010 3022 2152 3077 Addi

578 3117 747 3174 etiam
798 3126 999 3189 potest,
1033 3132 1173 3187 quae
1217 3117 1520 3173 desiderari
1563 3116 1620 3171 in
1648 3116 1882 3171 Macario
1904 3122 2147 3185 possent,

579 3215 639 3261 et
663 3208 758 3278 qui
786 3207 843 3262 in
880 3207 1284 3278 elegantissimo
1326 3208 1431 3263 hoc
1472 3222 1701 3277 corpore
1747 3206 1904 3260 naevi
1956 3206 2149 3260 obser-

579 3310 801 3366 vantur,
865 3317 961 3357 eos
1009 3304 1300 3373 utrobique
1364 3319 1482 3360 sese
1533 3303 1692 3358 nobis
1745 3302 1963 3357 oll‘erre.
2014 3300 2151 3357 Cum

581 3391 749 3463 igitur
773 3393 935 3463 paulo
968 3403 1093 3448 ante
1120 3394 1356 3450 Macario
1378 3395 1641 3466 Aegyptio
1678 3396 1941 3450 Homilias
1972 3412 2152 3449 asser-

582 3492 698 3538 tum
726 3485 1008 3547 iverimus,
1048 3494 1196 3556 patet
1223 3487 1363 3541 ratio
1389 3527 1403 3551 ,
1435 3504 1603 3557 quare
1626 3488 1899 3558 Opuscula
1938 3488 1989 3541 ei
2042 3487 2155 3541 sint

579 3591 799 3646 quoque
821 3576 1220 3643 adiudieanda;
1250 3579 1572 3649 praesertim
1614 3594 1740 3633 cum
1781 3579 2000 3633 codices
2034 3594 2153 3632 ma-

577 3670 850 3740 nuscripti
878 3670 933 3723 in
952 3669 1285 3727 bibliotheca
1313 3671 1748 3735 Vindobonensi,
1781 3670 1900 3742 ipso
1920 3670 2154 3725 docente

578 3758 771 3825 Cavio,
813 3760 888 3832 (2)
920 3759 1154 3816 Macario
1184 3770 1373 3815 nostro
1401 3761 1538 3816 haec
1565 3769 1621 3815 et
1663 3762 1862 3816 similia
1891 3761 2154 3831 Opuscula

580 3850 906 3905 attribuant.
947 3851 1006 3905 ln
1032 3852 1150 3922 ipso
1190 3853 1377 3917 etiam,
1410 3868 1520 3922 quo
1561 3868 1698 3907 usus
1744 3853 2006 3908 Possinus
2045 3861 2150 3917 est,

578 3942 770 3997 codice
794 3951 1011 3997 exserte
1037 3943 1256 3999 Macarii
1293 3945 1500 3998 nomini
1526 3944 1707 4016 Magni
1728 3946 2042 4015 appellatio,
2073 3944 2153 3999 fa-

579 4043 731 4089 tente
794 4034 1028 4099 editore,
1077 4045 1161 4090 est
1217 4036 1495 4100 adiuncta,
1533 4052 1697 4105 quam
1765 4052 1877 4091 non
1923 4035 2156 4090 Alexan-

578 4123 779 4190 drino,
811 4125 907 4180 sed
949 4125 1212 4197 Aegyptio
1264 4126 1497 4181 Macario
1545 4125 1673 4180 addi
1710 4125 2153 4196 frequentissime

577 4216 927 4270 notissimum
968 4226 1070 4273 est.
1140 4217 1275 4272 Nam
1315 4217 1464 4286 quod
1510 4216 1769 4272 Possinus
1824 4217 2155 4286 persuadere

578 4306 742 4361 nobis
783 4316 1032 4372 conatur,
1071 4324 1431 4377 personarum
1475 4308 1567 4362 hic
1607 4302 1905 4378 contigisse
1959 4309 2154 4362 confu-

580 4398 814 4464 sionem,
864 4400 1120 4455 videlicet
1184 4417 1313 4456 suae
1366 4401 1597 4455 inservit
1650 4415 1868 4465 causae,
1916 4409 1978 4454 ut
2034 4401 2155 4455 iure

580 4490 786 4561 aliquo,
819 4508 957 4562 quae
986 4494 1218 4549 Macario
1239 4494 1504 4565 Aegyptio
1546 4496 1821 4553 debentur
1842 4538 1856 4562 ,
1884 4513 2028 4552 novo
2058 4513 2156 4552 suo

2254 645 2351 699 siis
2381 661 2525 699 anno
2549 645 2850 715 superioris
2893 646 3095 699 saeculi
3142 646 3259 699 LIX
3282 648 3690 718 elegantissimis
3732 665 3801 727 ty-

2252 736 2338 805 pis
2395 752 2627 791 excusae
2653 756 2664 789 :
2708 738 2999 807 separatim
3029 754 3161 791 vero
3186 748 3242 792 et
3265 739 3428 793 latina
3450 742 3624 797 versio
3647 744 3803 801 lucem

2258 825 2527 895 adspexit,
2559 844 2589 881 a
2624 828 2823 881 Ioanne
2848 828 2997 892 Pico,
3030 829 3139 883 nisi
3166 829 3428 896 fallimur,
3486 837 3802 893 concinnata.

2253 916 2527 973 Successit
2563 921 2908 988 postmodum
2952 921 3246 976 Zachariae
3278 923 3551 979 Palthenii
3598 928 3803 999 diligen-

2253 1008 2346 1073 tia,
2384 1009 2478 1078 qui
2524 1025 2667 1064 anno
2720 1009 2879 1065 XCIV
2930 1012 3178 1066 eiusdem
3225 1015 3429 1068 saeculi
3472 1026 3531 1070 et
3576 1034 3803 1087 graecum

2251 1115 2581 1163 sermonem,
2609 1110 2664 1155 et
2695 1100 2919 1155 latinam
2943 1104 3276 1169 versionem,
3307 1120 3337 1158 a
3362 1120 3422 1160 se
3471 1124 3580 1161 non
3619 1111 3805 1181 exiguis

2250 1190 2533 1245 laboribus
2554 1203 2895 1260 exornatam,
2918 1195 3257 1250 coniunctim
3281 1198 3478 1261 edidit,
3508 1194 3663 1272 typis,
3694 1221 3805 1273 qua-

2251 1280 2337 1334 les
2363 1290 2418 1335 et
2444 1282 2617 1335 nostri
2659 1290 2807 1347 sunt,
2868 1284 3029 1353 paulo
3092 1286 3504 1343 minutioribus.
3560 1291 3804 1361 Opuscula

2251 1386 2383 1425 vero
2412 1372 2622 1442 reliqua
2648 1374 2859 1428 diutius
2890 1376 3213 1430 obscuritati
3241 1394 3370 1433 suae
3394 1380 3650 1436 immersa
3692 1384 3805 1437 deli-

2254 1473 2497 1527 tuerunt,
2530 1465 2835 1534 usquedum
2882 1466 3027 1521 felici
3056 1467 3202 1522 Petri
3230 1468 3470 1535 Possini,
3509 1486 3539 1525 e
3562 1470 3804 1528 Soeietate

2251 1558 2378 1613 Jcsu
2405 1558 2533 1619 viri,
2559 1574 2723 1626 Opera
2747 1558 2802 1611 in
2833 1558 3093 1612 Thesauro
3116 1602 3130 1626 ,
3159 1578 3321 1631 quem
3361 1572 3539 1627 vocat,
3580 1563 3802 1628 Ascetico,

2251 1648 2409 1702 cuius
2436 1658 2646 1717 partem
2676 1650 2883 1704 faciunt
2905 1652 3243 1720 primariam,
3270 1654 3326 1707 in
3352 1655 3533 1709 lucem
3559 1656 3804 1725 publicam

2251 1750 2380 1797 sunt
2412 1743 2677 1811 exposita.
2715 1744 2869 1798 Unde
2902 1753 3112 1798 tantum
3156 1746 3273 1815 ipse
3304 1747 3563 1801 habuerit
3608 1748 3803 1809 theSau-

2251 1850 2394 1895 rum,
2440 1850 2551 1888 non
2596 1836 2851 1903 equidem
2900 1836 3227 1891 dissimulat.
3281 1838 3633 1892 Franciscum
3680 1838 3803 1892 enim

2254 1926 2605 1989 Turrianum,
2643 1926 2914 1979 notissimi
2942 1929 3180 1981 nominis
3206 1930 3488 1994 Iesuitam,
3519 1945 3640 1983 cum
3683 1945 3804 1982 anno

2254 2020 2414 2074 οἷοι.)
2464 2019 2625 2073 LXVI
2650 2020 2966 2073 societatem
3004 2020 3149 2075 illam
3174 2022 3380 2075 Romae
3431 2021 3802 2091 ingrederetur,

2254 2113 2397 2165 inter
2447 2112 2723 2165 volumina
2774 2112 2942 2167 refert
2980 2128 3170 2180 graeca
3196 2113 3455 2182 plurima,
3490 2128 3626 2183 quae
3682 2112 3803 2165 anti-

2254 2219 2397 2273 quae
2428 2218 2623 2257 manus
2670 2218 2800 2272 prae
2857 2218 2913 2256 se
2969 2202 3151 2256 ferant
3200 2204 3457 2273 vestigia,
3508 2218 3739 2271 quaeque
3761 2201 3805 2253 in

2252 2293 2415 2346 domo
2440 2292 2663 2361 antiqua
2701 2292 2946 2361 professa
2978 2291 3230 2346 Romana
3267 2292 3608 2362 deposuerit,
3657 2306 3803 2346 unum

2259 2400 2480 2453 quoque
2535 2393 2825 2437 auctorum
2878 2383 3050 2438 ferme
3100 2383 3321 2452 triginta
3372 2384 3442 2438 de
3500 2400 3558 2438 re
3598 2382 3804 2436 ascetica

2252 2478 2539 2533 continens
2564 2477 2994 2539 lucubrationes,
3028 2477 3189 2530 annis
3217 2477 3421 2531 abhinc
3455 2477 3576 2547 plus
3599 2476 3745 2547 quin—
3772 2473 3781 2543 Ι

2252 2568 2428 2636 gentis
2458 2585 2487 2622 a
2512 2584 2674 2621 manu
2703 2568 3068 2622 transmarina
3108 2576 3414 2633 exaratum,
3472 2568 3805 2622 bibliothecae

2252 2661 2474 2714 Patrum
2508 2661 2787 2714 societatis
2814 2661 3065 2714 intulisse
3089 2677 3105 2725 ;
3139 2668 3195 2714 et
3218 2659 3347 2713 inde
3372 2660 3673 2723 Possinum,
3698 2672 3800 2712 cum

2251 2751 2456 2806 Romae
2477 2752 2715 2821 degeret,
2747 2760 2962 2821 praeter
3008 2752 3133 2816 alia,
3170 2751 3381 2806 isthaec
3408 2750 3697 2805 Macariana
3723 2748 3801 2804 de-

2252 2847 2357 2901 seri
2368 2846 2558 2914 psissc.

2325 2936 2467 2991 XIII.
2499 2937 2636 2991 Cum
2667 2952 2801 2991 vero
2829 2935 3095 2990 Ilomiliae
3130 2935 3252 2989 illae
3301 2933 3684 2993 Palthenianae
3724 2942 3803 2981 no-

2254 3030 2384 3085 stris
2413 3030 2467 3084 in
2492 3030 2829 3101 bibliopoliis
2857 3044 2967 3082 non
2990 3026 3224 3097 amplius
3244 3032 3545 3089 exstarent,
3568 3016 3801 3091 Opuscula

2254 3127 2437 3174 autem
2481 3120 2691 3188 reliqua
2732 3134 2762 3173 a
2795 3118 3022 3172 Possino
3067 3114 3215 3170 edita
3248 3114 3529 3169 rarissime
3558 3108 3688 3180 apud
3723 3119 3802 3159 nos

2257 3212 2735 3281 conspicerentur,
2758 3210 2937 3263 visum
2964 3217 3069 3271 est,
3091 3222 3122 3261 e
3139 3222 3197 3260 re
3220 3204 3334 3259 fore
3362 3204 3685 3277 reipublicae
3705 3198 3802 3252 lite-

2255 3302 2454 3365 rariae,
2479 3300 2854 3371 imprimisque
2871 3296 3173 3353 iuventutis
3192 3296 3492 3359 studiosae,
3511 3286 3801 3364 praeterliu'

2254 3410 2391 3465 guae
2419 3408 2646 3463 graecae
2686 3392 2913 3446 delicias
2937 3392 3127 3462 pietati
3168 3406 3393 3461 quoque
3435 3381 3713 3458 operantis,
3758 3377 3801 3429 in

2254 3502 2457 3557 corpus
2509 3501 2681 3541 unum
2741 3501 3002 3541 revocare
3072 3486 3254 3539 omnia
3323 3498 3469 3553 quae
3547 3471 3801 3533 Macarium

2254 3586 2555 3648 agnoscunt
2581 3586 2884 3640 auctorem,
2916 3576 3214 3630 Macarium
3255 3575 3505 3643 inquam,
3539 3580 3689 3638 quem
3713 3558 3802 3615 exi-

2253 3669 2541 3723 stimamus
2568 3682 2689 3721 esse
2742 3665 3085 3737 Aegyptium.
3137 3666 3275 3720 Nam
3326 3678 3471 3734 quae
3526 3660 3580 3713 in
3632 3650 3799 3709 biblie

2254 3760 2413 3813 theca
2435 3758 2661 3814 Paulina
2703 3758 2981 3828 Lipsiensi
3037 3756 3413 3826 manuscripta
3466 3759 3651 3811 exstat,
3694 3751 3799 3828 et?

2254 3852 2546 3908 Guilielmo
2573 3850 2739 3906 Cavio
2772 3827 2836 3905 ac
2863 3850 3064 3904 Iacobo
3090 3850 3266 3903 Tollio
3304 3848 3361 3901 in
3395 3846 3617 3900 latinum
3663 3827 3796 3889 simul

2256 3961 2519 3999 conversa
2556 3944 2771 4014 prodita
2810 3953 2896 3997 est
2934 3943 3012 3996 De
3043 3944 3255 3996 animae
3296 3942 3554 3994 iustorum
3598 3933 3797 4014 peccato-

2256 4055 2476 4108 rumque
2495 4012 2634 4091 exitu
2661 4035 2848 4091 Oratio
2869 4036 2968 4107 (5),
2993 4044 3049 4089 et
3076 4035 3132 4088 in
3153 4033 3317 4087 titulo
3340 4022 3690 4086 Alexandrino
3707 4012 3795 4068 Ila-

2257 4132 2407 4185 cario
2438 4130 2789 4193 adscribitur,
2821 4139 2878 4184 et
2907 4128 3080 4182 aniles
3114 4126 3438 4195 ineptasque
3460 4114 3659 4174 fabulas
3675 4117 3794 4161 com-

2256 4222 2535 4293 plectitur,
2567 4229 2627 4274 ut
2647 4221 2969 4275 recentioris
3001 4217 3285 4273 cuiusdam
3344 4208 3580 4287 graeculi
3636 4198 3790 4293 νωθε-

2258 4292 2348 4367 tur
2373 4328 2493 4368 esse
2525 4320 2917 4377 commentum,
2946 4326 3049 4365 nec
3075 4308 3306 4381 proinde
3339 4307 3430 4361 hic
3454 4305 3628 4359 locum
3666 4292 3791 4345 inveo

2256 4405 2377 4459 nire
2408 4403 2669 4473 potuerit.

2328 4498 2466 4552 XIV.
2496 4496 2646 4562 Quae
2679 4510 2811 4549 vero
2831 4495 2976 4549 circa
3010 4494 3273 4550 Homilias
3308 4508 3338 4547 a
3374 4488 3532 4545 nobis
3548 4483 3650 4539 sint
3666 4483 3793 4562 pra?

579 4590 640 4638 et
686 4561 926 4653 antiquis
972 4586 1247 4656 incognito
1291 4561 1523 4642 Macario
1581 4561 1896 4645 adscribere
1944 4599 2149 4660 posset.
2186 4598 2227 4652 ι)
2257 4592 2403 4653 stita,
2440 4588 2507 4642 de
2525 4561 2598 4641 iis
2628 4587 2682 4640 in
2717 4588 3052 4657 praefatione
3092 4586 3159 4640 ad
3210 4585 3431 4639 easdem
3475 4585 3643 4633 actum
3692 4561 3788 4617 ΐιιίι·

580 4676 901 4746 Quanquam
924 4678 1144 4733 interim
1194 4680 1460 4751 refragari
1504 4680 1763 4743 nolimus,
1816 4682 2007 4747 fuisse,
2059 4683 2154 4751 qui

580 4788 649 4827 ex
671 4789 768 4829 ore
810 4773 867 4828 di
898 4772 908 4845 |
939 4774 1114 4829 centis
1159 4776 1336 4829 saltim
1382 4776 1601 4830 Macarii
1651 4777 1785 4829 haec
1830 4776 2153 4847 exceperit:

581 4863 730 4920 unde
754 4871 951 4920 etesse
972 4875 1245 4934 putamus,
1275 4884 1374 4921 cur
1395 4876 1504 4923 tam
1531 4868 1849 4937 frequenter
1871 4868 1924 4920 in
1949 4868 2159 4925 Graeco

582 4971 687 5011 vox
710 4955 815 5027 ἔφη
837 4967 1113 5022 occurrat,
1143 4958 1198 5012 in
1218 4960 1469 5015 versione
1512 4969 1573 5014 ut
1599 4959 1895 5029 plurimum
1920 4961 2159 5025 omissa;

582 5054 647 5101 ut
670 5046 809 5104 adeo
848 5051 1095 5105 omnium
1141 5052 1387 5121 quidem,
1435 5068 1575 5121 quae
1612 5052 1923 5117 traduntur,
1968 5062 2160 5108 auctor

584 5135 753 5192 fuerit
774 5139 1077 5208 Macarius,
1124 5158 1439 5214 quanquam
1467 5144 1584 5214 ipse
1633 5143 1724 5198 illa
1764 5158 1875 5197 non
1920 5146 2158 5215 scripse-

585 5228 679 5282 rit.

642 5319 761 5375 XII.
791 5321 1109 5379 Pertineant
1128 5343 1260 5397 ergo
1291 5328 1469 5383 foetus
1494 5328 1583 5383 isti
1609 5344 1708 5398 per
1733 5343 1836 5383 nos
1882 5329 1950 5383 ad
1976 5329 2149 5383 Maca—

586 5410 734 5467 rium
777 5412 1121 5485 Aegyptium.
1167 5418 1324 5473 Nunc
1368 5436 1474 5490 qua
1531 5421 1741 5475 ratione
1779 5437 1845 5475 ex
1889 5422 2153 5484 tenebris,

586 5502 790 5569 quibus
830 5503 1179 5573 circumsepti
1247 5523 1347 5576 per
1397 5509 1605 5578 aliquot
1663 5510 1877 5563 saecula
1916 5510 2154 5573 fuerant,

586 5591 933 5657 emerserint,
960 5592 1191 5663 agedum
1247 5594 1548 5650 videamus.
1599 5595 1863 5651 Homiliae
1919 5598 2157 5668 primum

2257 4681 2412 4735 Nunc
2439 4695 2571 4733 vero
2604 4677 2737 4747 quid
2787 4678 2931 4730 circa
2977 4676 3273 4745 Opuscula,
3318 4687 3458 4744 quae
3506 4662 3789 4756 sequuntur.

2258 4773 2498 4842 quidque
2554 4772 2699 4825 circa
2731 4769 3203 4839 Apophthegmata
3246 4768 3538 4837 egerimus,
3592 4755 3793 4842 breviter

2258 4838 2614 4919 indicandum
2654 4870 2755 4915 est.
2778 4838 3168 4931 OInIOpusculis
3197 4869 3378 4913 autem
3431 4853 3535 4909 illis
3573 4844 3654 4899 VII
3687 4838 3792 4892 POS-

2258 4955 2365 5009 sini
2402 4955 2721 5017 editionem,
2767 4970 2893 5008 cum
2947 4952 3335 5023 manuscriptis
3384 4937 3788 5028 destituere“)?

2258 5046 2434 5101 secuti
2492 5062 2701 5109 sumus,
2732 5045 2963 5098 sublatis
3029 5054 3236 5108 tamen,
3286 5057 3424 5113 quae
3489 5036 3541 5087 in
3586 5020 3791 5116 edi‘ffm?

2256 5138 2575 5193 Possiniana
2596 5137 2931 5205 apparebant
2950 5104 3409 5205 frequentissime,
3441 5104 3791 5209 Sphalmalib'f

2260 5232 2683 5302 lYngraphicis.
2718 5231 2899 5299 Longe
2922 5230 3076 5298 Plura
3094 5227 3244 5282 circa
3281 5223 3570 5279 versionem
3599 5204 3787 5302 latinatll

2263 5324 2470 5393 agenda
2518 5324 2845 5377 invenimus.
2886 5321 3145 5375 Possinus
3183 5319 3329 5372 enim
3368 5320 3530 5383 genus
3555 5299 3786 5393 inter???

2265 5418 2413 5471 tandi
2440 5417 2670 5471 liberius
2690 5426 2931 5477 secutus,
2962 5413 3193 5467 mirifice
3211 5428 3324 5466 non
3356 5408 3363 5478 |
3398 5415 3514 5457 raro
3539 5389 3781 5456 Magaw“

2266 5518 2327 5562 ut
2364 5511 2813 5565 commentatoris
2845 5508 3047 5578 potius,
3079 5520 3243 5573 quam
3294 5486 3597 5584 interpretis.

2267 5602 2570 5672 suscepisse
2601 5601 2777 5656 videri
2802 5600 3012 5669 possit;
3059 5612 3198 5666 quae
3236 5586 3463 5648 instituti
3510 5585 3632 5633 ratio
3679 5563 3783 5615 Ιιίτοι

2095 5715 2345 5773 NOTAE.

664 5792 737 5871 (γε)
762 5795 1067 5871 _C_ave_llist.
1104 5801 1199 5855 Lit.
1240 5802 1297 5855 P.
1334 5802 1391 5854 II
1421 5821 1472 5871 ρ.
1508 5804 1599 5857 76.

662 5862 735 5931 ('2)
762 5864 838 5917 Id.
882 5868 1013 5922 Hist.
1043 5871 1142 5924 Lu.
1183 5872 1241 5924 ρ.
1276 5872 1329 5925 u
1359 5862 1520 5940 p375.

2437 5811 2692 5935 ldmgisr.
2729 5810 2828 5865 Lit.
2855 5807 2915 5864 P.
2947 5809 2975 5864 ι
3014 5826 3065 5879 ρ,
3096 5807 3217 5862 708,
3255 5802 3454 5861 remus
3478 5766 3775 5851 lmigmlzin-

2314 5900 2342 5933 ιι
2376 5923 2385 5932 .
2418 5899 2467 5935 ῃ,
2609 5922 2619 5933 ,

2314 5899 2385 5933 ιιι.
2417 5899 2467 5951 p.
2504 5899 2619 5935 1w.
