4016 6448
262 452 368 511 363

1158 467 1248 522 AD
1286 466 1664 522 EDITIONEM
1703 465 1941 522 OPUSC.
1987 467 2042 522 S.
2085 467 2369 522 MACARII
2403 464 2741 522 AEGYPTII.

3447 451 3563 512 366

278 588 400 628 cum
433 574 637 647 aliqua
669 581 905 639 lectoris
935 584 1165 639 utilitate
1199 584 1492 639 coniuncta
1521 584 1614 647 sit,
1646 586 1767 640 eius
1808 591 1888 637 ta-
1916 589 1960 645 Α
1986 586 2072 639 vel
2101 585 2245 639 vitae
2278 582 2504 637 delicias
2541 589 2598 635 et
2628 593 2751 634 com
2782 576 2792 647 Ι
2822 574 2985 631 moda
3025 571 3224 643 cupide
3274 580 3558 627 consecta-

287 676 434 731 men,
458 669 560 737 qui
586 684 913 728 sermonem
943 675 1172 729 alicuius
1209 675 1265 729 in
1310 674 1462 729 aliud
1514 674 1715 729 idioma
1758 688 1889 728 con-

294 766 512 814 vertere
545 759 823 828 instituit,
848 764 1050 819 limites
1081 764 1381 835 egreditur,
1410 779 1535 818 cum
1573 762 1689 818 sine
1718 762 1887 816 dubio

302 848 407 903 hoc
438 849 511 904 sit
538 844 827 920 optimum.
847 853 1239 922 interpretandi
1268 868 1460 923 genus,
1510 867 1635 907 cum
1676 852 1888 920 simpli-

312 939 523 995 cissime
550 941 745 996 verbis
766 944 1008 997 auctoris
1036 943 1373 1006 inhaeretur,
1409 952 1592 997 mente
1620 941 1741 997 eius
1770 941 1889 995 sine

318 1030 617 1086 ambitiosis
641 1032 778 1087 hinc
824 1033 950 1087 inde
992 1032 1414 1088 excursionibus
1461 1037 1890 1102 repraesentata.

316 1121 572 1177 Pessinus
598 1138 735 1177 vero
756 1133 813 1178 et
838 1124 1085 1180 excurrit
1120 1123 1477 1187 creberrime,
1510 1130 1568 1177 et
1607 1128 1891 1192 praeterea

314 1226 484 1281 genus
512 1212 779 1282 loquendi
805 1215 1056 1285 sequitur
1096 1214 1413 1280 fastuosius,
1451 1228 1515 1269 ac
1566 1213 1731 1267 altius
1764 1226 1891 1265 ver-

313 1302 399 1356 bis
432 1304 696 1375 adsurgit,
736 1322 901 1377 quam
937 1308 1294 1377 interpretem
1341 1306 1537 1362 decere
1579 1304 1890 1360 videbatur.

311 1394 424 1449 Nos
455 1396 642 1465 itaque
669 1398 946 1469 superﬂua
969 1400 1331 1464 resecuimus,
1364 1407 1422 1454 et
1465 1413 1606 1468 quae
1663 1410 1892 1467 pompo-

312 1486 432 1540 sius
482 1486 759 1553 dicuntur,
806 1498 1129 1560 tumoreque
1187 1491 1373 1559 aliquo
1420 1488 1607 1543 inﬂata
1649 1497 1795 1551 sunt,
1826 1486 1895 1541 ad

310 1575 640 1631 modestiam
670 1579 1001 1649 redegimus,
1046 1581 1102 1635 id
1146 1580 1351 1649 ubique
1400 1579 1590 1634 sedulo
1634 1587 1896 1633 navantes

309 1681 566 1735 operam,
592 1677 649 1723 ut
673 1670 892 1726 Macarii
910 1673 1144 1742 cogitata
1169 1672 1354 1726 verbis
1375 1669 1428 1724 in
1458 1670 1628 1725 latino
1645 1685 1895 1724 sermone

308 1759 648 1827 perspicuis,
679 1760 859 1829 planis
907 1771 963 1817 et
1008 1772 1200 1831 sponte
1248 1761 1547 1816 ﬂuentibus
1598 1760 1897 1815 lectoribus

312 1849 706 1905 exhibeantur.
738 1851 853 1918 Qua
888 1854 943 1908 in
970 1870 1029 1908 re
1055 1854 1279 1924 quidem
1311 1852 1459 1908 haud
1490 1852 1715 1922 exiguae
1763 1852 1895 1906 tole-

1989 685 2117 732 tur:
2158 676 2336 731 eidem
2360 689 2471 728 non
2503 678 2735 743 possunt
2763 684 2875 725 non
2903 668 2991 722 vel
3019 667 3232 737 ingrata
3255 678 3376 720 esse
3399 663 3567 735 peni-7

1988 775 2077 821 tus
2100 775 2155 821 et
2181 764 2418 826 fastidio,
2448 762 2535 816 vel
2566 761 2725 831 plane
2747 774 2858 813 non
2881 754 3265 825 intelligibilia,
3305 767 3445 821 quae
3488 750 3569 806 ab-

1988 857 2295 917 animabus,
2324 864 2465 909 totas
2489 868 2548 908 se
2571 850 2978 907 sublimioribus
3011 844 3432 917 cogitationibus
3467 843 3570 898 de-

1990 946 2271 1010 dentibus,
2288 953 2345 1000 et
2367 959 2399 998 a
2425 942 2613 996 divino
2638 940 2846 1011 Spiritu
2868 935 3144 1007 copiosius
3163 933 3470 997 illustratis,
3494 931 3565 985 de

1990 1038 2182 1093 salutis
2210 1037 2480 1091 humanae
2512 1032 2732 1103 negotio
2762 1030 2970 1099 Deique
3012 1028 3070 1081 in
3113 1025 3323 1080 animas
3369 1037 3573 1092 Opera--

1992 1133 2140 1187 tione
2172 1130 2454 1201 praeclare
2478 1127 2851 1181 disseruntur.
2883 1121 2995 1177 Sed
3033 1120 3129 1189 qui
3162 1117 3399 1187 impulsu
3420 1114 3563 1169 divi-

1990 1224 2134 1279 niori
2167 1222 2438 1277 excitatus
2467 1219 2573 1275 sibi
2597 1218 2705 1271 iam
2737 1214 3020 1271 attendere
3050 1210 3267 1280 incipit,
3308 1216 3365 1262 et
3408 1205 3465 1259 id
3501 1218 3568 1258 ea

1992 1329 2118 1368 cum
2142 1328 2294 1377 cura,
2323 1326 2485 1382 quam
2533 1307 2738 1378 negotii
2788 1302 3033 1374 exposcit
3078 1297 3421 1361 sublimitas;
3472 1292 3570 1363 qui

1992 1420 2154 1475 quam
2188 1403 2325 1458 nihil
2368 1402 2435 1456 ad
2484 1415 2671 1457 veram
2720 1395 2960 1451 hominis
3010 1399 3465 1456 constantemque
3512 1390 3572 1438 et

1994 1507 2271 1553 aeternam
2296 1493 2581 1550 conferant
2624 1490 2941 1545 felicitatem
2978 1484 3182 1547 omnia,
3228 1494 3368 1550 quae
3416 1478 3571 1545 lapsa

1995 1585 2050 1639 in
2082 1591 2367 1654 peccatum
2401 1581 2727 1652 perditaque
2752 1588 2863 1632 tam
2890 1574 3072 1645 magni
3100 1573 3348 1627 aestimat
3372 1575 3578 1622 natura

1995 1675 2232 1729 humana
2254 1673 2504 1736 edoctus,
2538 1672 2644 1725 iam
2684 1668 2751 1723 ad
2799 1670 2992 1729 Deum,
3020 1660 3375 1718 beatitudinis
3393 1655 3573 1711 omnis

1995 1767 2220 1830 fontem,
2244 1774 2301 1820 et
2319 1764 2387 1819 ad
2409 1764 2505 1819 Dei
2530 1761 2845 1832 propiorem
2867 1754 3312 1813 coniunctionem
3339 1747 3573 1803 sollicite

1996 1854 2255 1924 adspirat,
2283 1859 2339 1909 et
2366 1851 2435 1906 de
2483 1831 2779 1905 obtinenda
2826 1845 3038 1899 animae
3077 1856 3205 1895 suae
3252 1835 3425 1891 salute
3474 1831 3572 1884 de-

312 1942 523 1996 randae
549 1943 705 1999 nobis
730 1943 955 2000 fuerunt
996 1920 1300 2010 molestiae,
1341 1960 1467 2000 cum
1518 1920 1676 2015 longe
1722 1944 1901 1998 minus
1933 1949 1974 2003 Β
2001 1920 2189 2005 center
2220 1944 2448 2013 satagit:
2500 1941 2590 1995 ille
2633 1938 2855 1993 demum
2912 1934 2970 1989 in
3019 1928 3251 1985 Macario
3312 1920 3574 1985 offendet,

314 2033 389 2087 sit
418 2032 661 2098 diﬂicile,
712 2050 811 2090 sua
876 2038 1058 2107 potius
1098 2038 1367 2107 proferre,
1423 2036 1704 2105 indolique
1762 2051 1892 2089 suae

314 2123 746 2189 accommodata,
786 2142 949 2195 quam
997 2128 1053 2181 in
1100 2128 1332 2182 aliorum
1381 2126 1661 2181 laboribus
1704 2140 1893 2179 emen-

318 2214 515 2269 dandis
545 2227 869 2287 occupatum
902 2234 1041 2274 esse.
1096 2218 1284 2289 Neque
1325 2228 1507 2274 tamen
1555 2227 1775 2273 censeat
1811 2217 1893 2271 le-

323 2311 441 2357 ctor
462 2304 648 2369 velim,
680 2306 821 2361 nihil
852 2307 909 2361 in
930 2307 1180 2364 versione
1203 2317 1411 2364 restare
1457 2308 1711 2378 amplius,
1749 2307 1895 2377 quod

330 2394 595 2449 luxuriem
628 2397 842 2451 Possini
864 2399 1058 2469 sapiat,
1088 2406 1183 2453 aut
1208 2399 1342 2454 alias
1380 2398 1435 2453 in
1462 2399 1657 2453 melius
1681 2398 1897 2453 restitui

331 2502 441 2541 non
468 2488 770 2557 potuisset;
812 2490 943 2545 satis
990 2492 1150 2546 nobis
1189 2491 1313 2558 fuit,
1364 2500 1576 2547 tantum
1614 2491 1718 2546 hac
1778 2490 1897 2545 vice

325 2586 622 2644 praestare,
663 2588 929 2647 quantum
946 2580 1338 2649 praestitimus,
1371 2582 1582 2651 reliqua
1630 2580 1899 2635 lectorum

322 2664 533 2721 iudicio
558 2669 959 2737 permittentes.
986 2670 1456 2744 Apophthegmata
1476 2686 1610 2726 vero
1628 2671 1751 2726 viro
1768 2687 1897 2726 eruu

320 2758 595 2813 ditissimo
621 2760 696 2815 Io.
728 2761 1000 2830 Baptistae
1029 2761 1322 2827 Cotelerio,
1347 2764 1565 2834 linguae
1594 2778 1822 2832 graecae
1844 2762 1900 2815 in

319 2848 601 2905 academia
631 2850 875 2905 Parisiua
920 2852 1221 2907 Professori
1253 2853 1405 2924 regio
1446 2852 1730 2918 debemus,
1762 2868 1901 2921 quae

321 2939 463 3010 ipse,
495 2956 620 2995 eum
655 2941 710 2995 in
739 2942 1074 2998 bibliotheca
1102 2944 1272 3015 Regia
1300 2945 1673 3014 manuscripta
1692 2943 1902 2998 inveni-

324 3034 432 3088 ret,
458 3027 629 3083 Tomo
657 3029 1174 3087 [Monumentorum
1204 3034 1479 3088 Ecclesiae
1507 3033 1766 3100 Graecae,
1797 3034 1905 3088 Lu-

322 3119 491 3173 tetiae
516 3120 847 3176 Parisiorum
872 3138 1014 3177 anno
1048 3124 1055 3192 |
1088 3122 1466 3179 MDCLXXVII
1489 3125 1901 3196 prodeuntinm,

326 3210 537 3266 inserta
566 3211 757 3266 edidit.
798 3214 1059 3269 Eiusdem
1088 3230 1310 3285 quoque
1329 3217 1642 3272 versionem
1669 3218 1903 3273 retinui-

2000 2040 2145 2095 unde
2170 2033 2638 2091 abundantissime
2673 2030 2787 2100 ipse
2840 2027 2989 2081 sitim
3035 2037 3189 2077 suam
3250 2017 3575 2086 restinguat.

2070 2129 2211 2186 XVI.
2247 2127 2389 2194 Quid
2412 2126 2560 2180 enim
2589 2124 2645 2177 in
2682 2120 2877 2174 iisdem
2918 2114 3161 2173 occurrit
3214 2107 3360 2165 aliud
3414 2120 3579 2176 quam

2000 2220 2287 2278 sanissima
2312 2213 2901 2280 illa'saluberrimaque
2934 2208 2989 2262 in
3052 2218 3270 2263 omnem
3312 2197 3580 2258 Christia—

2001 2312 2165 2367 nismi
2186 2320 2399 2380 partem
2431 2304 2723 2378 dogmata?
2745 2303 2926 2371 Lapsu
2959 2300 3259 2353 humanum
3305 2304 3479 2362 genus
3522 2288 3585 2340 in

2002 2412 2287 2473 peccatum
2323 2399 2629 2455 miserrime
2675 2411 2797 2450 esse
2844 2400 3163 2460 corruptum
3210 2394 3266 2440 et
3306 2382 3583 2438 deforma-

2004 2504 2141 2561 tum,
2183 2502 2245 2548 ut
2275 2508 2495 2548 aversae
2520 2491 2627 2545 iam
2650 2504 2682 2542 a
2699 2488 2813 2541 Deo
2838 2490 3051 2538 mentes
3077 2478 3363 2534 hominum
3386 2473 3454 2528 ab
3486 2470 3583 2525 ad-

2004 2587 2247 2642 versaria
2276 2582 2748 2655 malignispiritus
2776 2582 3048 2651 potestate
3072 2573 3129 2627 in
3155 2569 3333 2626 omnis
3364 2565 3584 2638 generis

2006 2679 2232 2751 grandia
2284 2683 2505 2747 peccata
2549 2672 2913 2742 abripiantur.
2963 2664 3095 2721 Inde
3151 2660 3336 2717 divina
3408 2654 3595 2727 gratia-

2006 2789 2126 2829 esse
2153 2786 2312 2841 opus,
2347 2778 2410 2826 ut
2437 2776 2547 2821 tam
2572 2764 2712 2818 male
2744 2778 2802 2817 se
2831 2760 3043 2814 habens
3074 2771 3139 2810 ex
3172 2759 3397 2823 peccato
3429 2762 3581 2802 mor-

2008 2864 2397 2933 taliumgenus
2430 2856 2791 2913 convalescat.
2817 2851 2969 2906 Hanc
3004 2861 3136 2901 vero
3168 2854 3446 2910 nunquam
3469 2851 3589 2891 non

2009 2957 2067 3011 in
2096 2956 2332 3011 animam
2363 2951 2602 3007 hominis
2640 2956 2893 3019 potenter
2919 2939 3158 3012 operari,
3194 2944 3257 2991 ut
3304 2935 3420 3004 ipsa
3464 2944 3594 2985 ere-

2010 3054 2102 3114 pta
2124 3041 2439 3099 adversario
2465 3054 2564 3094 suo
2596 3037 2653 3090 in
2689 3036 3001 3090 libertatem
3037 3028 3360 3085 adseratur;
3396 3020 3587 3089 despe-

2012 3137 2249 3192 randum
2276 3150 2401 3194 esse
2419 3130 2629 3186 homini
2655 3128 2722 3183 de
2745 3127 2859 3181 suis
2884 3123 3117 3183 viribus,
3141 3117 3246 3173 nisi
3277 3114 3380 3186 ipsi
3402 3129 3433 3167 a
3460 3111 3584 3180 Spi-

2014 3231 2124 3285 ritu
2147 3226 2369 3285 coelesti
2401 3224 2639 3295 gratiose
2666 3217 3045 3275 subveniatur.
3081 3211 3362 3269 Christum
3395 3222 3427 3261 a
3473 3205 3587 3258 Deo

326 3320 473 3368 mus,
502 3320 627 3359 cum
655 3306 771 3377 ipse
806 3316 1094 3362 auctorum
1143 3309 1329 3364 verbis
1379 3309 1596 3365 insistat
1638 3310 1902 3381 pressius,

2008 3320 2324 3377 hominibus
2364 3316 2696 3371 destinatum
2747 3326 2807 3365 re
2839 3309 2849 3380 ι
2881 3308 3223 3375 demptorem
3264 3308 3321 3354 et
3395 3309 3587 3351 omnes

327 3407 386 3451 et
415 3412 588 3467 genus
618 3398 894 3453 scribendi
945 3409 1207 3468 sequatur
1249 3400 1499 3470 simplex,
1526 3400 1818 3469 liquidum,
1853 3409 1907 3454 et

327 3488 401 3542 ab
436 3489 585 3542 omni
624 3498 836 3545 tumore
870 3502 1178 3561 ornatuque
1209 3492 1368 3547 anxie
1416 3493 1727 3561 conquisito
1772 3492 1907 3549 alie-

329 3594 485 3632 num.
509 3578 731 3635 Adiecta
758 3582 996 3653 denique
1026 3600 1057 3638 a
1089 3584 1248 3639 nobis
1282 3591 1411 3641 sunt
1454 3583 1754 3654 fragmenta
1801 3584 1909 3638 Ma-

332 3672 553 3728 cariana
578 3674 758 3730 adhuc
789 3676 914 3741 alia,
955 3692 1095 3746 quae
1134 3687 1387 3734 auctores
1424 3678 1555 3733 hinc
1585 3677 1711 3731 inde
1761 3677 1909 3731 evol-

335 3763 588 3819 ventibus
613 3780 671 3820 se
690 3764 852 3820 nobis
879 3766 1216 3821 obtulerunt.

412 3873 520 3929 XV.
538 3876 691 3933 Nunc
709 3878 775 3932 ad
798 3878 977 3948 ipsum
1006 3880 1235 3950 propius
1259 3879 1589 3935 intuendum
1610 3877 1911 3935 Macarium

333 3966 675 4022 accedamus.
701 3967 969 4023 Constare
996 3976 1182 4027 autem
1203 3970 1289 4024 vel
1330 3984 1399 4024 ex
1443 3968 1619 4038 prima
1670 3965 1912 4036 Operum

328 4053 455 4107 eius
482 4054 816 4125 inspectione
848 4058 1052 4127 poterit
1081 4059 1359 4123 omnibus,
1393 4057 1577 4111 virum
1606 4056 1772 4110 fuisse
1798 4055 1912 4110 Ma-

330 4143 546 4196 carium
577 4153 637 4199 ut
653 4146 959 4202 sanctitatis
998 4149 1486 4213 studiosissimum,
1532 4148 1608 4202 ita
1655 4148 1711 4201 in
1746 4147 1914 4201 rebus

331 4232 540 4288 divinis
562 4243 619 4289 et
647 4236 1046 4307 spiritualibus,
1082 4238 1129 4292 si
1164 4239 1337 4295 ullum
1380 4238 1570 4302 alium,
1602 4238 1762 4308 longe
1822 4252 1915 4291 ex-

335 4325 731 4393 pertissimum,
764 4338 823 4384 et
855 4329 1193 4385 admirandis
1220 4330 1426 4400 gratiae
1453 4329 1669 4383 divinae
1693 4328 1916 4383 dotibus

336 4417 616 4473 cumulate
648 4430 1010 4488 exornatum;
1061 4421 1253 4491 quales
1305 4420 1399 4491 qui
1446 4429 1595 4485 sunt,
1651 4421 1727 4474 illi
1786 4437 1915 4475 vero

336 4510 578 4565 maxime
604 4513 850 4569 omnium
882 4514 1125 4569 existunt
1155 4513 1359 4578 idonei,
1395 4514 1510 4583 qui,
1545 4530 1651 4583 qua
1680 4515 1800 4567 luce
1834 4514 1915 4566 di-

334 4600 464 4654 vina
498 4601 861 4669 illustrantur,
913 4605 1047 4660 alios
1090 4605 1438 4675 perfUndant.
1500 4605 1555 4660 Si
1611 4604 1736 4673 quis
1783 4620 1914 4674 ergo

332 4702 441 4756 est,
475 4693 591 4761 qui,
617 4695 815 4750 nucleo
838 4695 1063 4765 insuper
1094 4696 1303 4761 habito,
1331 4704 1559 4751 externo
1588 4694 1793 4749 cortice
1817 4694 1914 4748 de-

334 4785 595 4850 lectatur,
658 4788 753 4855 qui
810 4788 1104 4842 verborum
1165 4788 1405 4843 ﬂosculis
1447 4788 1691 4852 ducitur,
1750 4787 1918 4841 rebus

334 4878 689 4946 contemptis,
722 4880 816 4949 qui
842 4889 1022 4935 mente
1050 4889 1233 4935 terrae
1254 4878 1408 4934 afﬁxa
1441 4878 1697 4934 coelestia
1722 4878 1776 4932 in
1810 4879 1915 4932 mi-

332 4970 505 5023 nimis
536 4971 720 5035 habet,
750 4972 853 5026 cui'
873 4987 1130 5026 nauseam
1163 4979 1332 5035 creat,
1358 4970 1626 5040 quidquid
1656 4971 1724 5025 de
1751 4986 1917 5025 carne

332 5062 493 5115 cruci
517 5061 820 5132 deligenda,
845 5071 901 5116 et
947 5062 1015 5116 de
1064 5070 1327 5132 perpetua
1378 5061 1579 5115 mentis
1632 5060 1699 5113 ad
1742 5061 1916 5114 Deum

330 5152 642 5207 elevatione
684 5154 905 5219 dicitur,
952 5163 1009 5209 et
1068 5155 1162 5225 qui
1218 5154 1475 5223 denique,
1528 5153 1793 5222 quidquid
1849 5152 1917 5206 ad

336 5257 527 5295 veram
557 5242 897 5312 solidamque
931 5260 1056 5297 cum
1083 5243 1373 5297 devotione
1404 5243 1661 5312 pietatem
1696 5241 1913 5305 attinet,

342 5335 404 5390 in
438 5336 689 5389 extremis
713 5346 907 5391 curat:
941 5351 1065 5390 eum
1100 5347 1311 5390 eertum
1345 5350 1464 5389 esse
1490 5334 1672 5400 iubeo,
1708 5350 1915 5404 nequa-

340 5441 507 5496 quam
534 5442 610 5489 se,
639 5426 787 5497 quod
824 5426 1011 5481 iuvare
1044 5426 1165 5480 eius
1190 5427 1363 5495 possit
1394 5425 1658 5489 animum,
1710 5424 1802 5479 hic
1826 5441 1912 5480 re-

339 5528 628 5589 perturum
654 5533 795 5573 esse.
826 5518 962 5572 Nam
994 5519 1088 5587 qui
1121 5520 1223 5573 hac
1259 5527 1441 5572 mente
1463 5534 1575 5572 non
1623 5525 1706 5572 est
1750 5532 1916 5587 prae-

339 5608 511 5671 ditus,
545 5615 609 5661 ut
634 5606 965 5677 posthabitis
993 5608 1161 5662 rebus
1191 5608 1294 5662 sub
1351 5607 1667 5675 adspeetum
1716 5606 1918 5661 caden-

341 5703 512 5765 tibus,
541 5702 771 5755 immoto
806 5700 973 5754 animi
1016 5701 1297 5770 proposito
1352 5700 1643 5755 desideriis
1688 5700 1823 5765 suis,
1867 5706 1924 5753 et

345 5794 603 5849 omnibus
652 5791 866 5847 animae
909 5793 1117 5847 viribus
1167 5792 1223 5845 in
1270 5791 1576 5860 spiritualia
1630 5792 1923 5860 divinaque

346 5886 558 5975 teratur
582 5902 597 5953 ;
623 5894 681 5941 et
706 5894 905 5942 contra
934 5884 1019 5940 vel
1043 5885 1245 5957 gloriae
1274 5885 1467 5943 saltem
1496 5901 1627 5943 suae
1670 5883 1920 5950 inservit,

2008 3412 2261 3467 homines
2280 3408 2505 3479 profuso
2532 3403 2795 3474 sanguine
2829 3399 3097 3469 expiasse,
3127 3404 3183 3449 et
3230 3393 3287 3446 i'n
3338 3386 3587 3444 omnium

2009 3505 2240 3559 salutem
2282 3477 2571 3553 hominum
2621 3494 2852 3549 solerter
2902 3486 3238 3542 incumbere.
3281 3477 3437 3546 Quod
3477 3486 3587 3532 tam

2008 3594 2342 3662 frequenter,
2374 3599 2593 3655 tamque
2625 3580 2864 3637 dilucide
2908 3577 3145 3633 inculcat
3194 3570 3480 3633 Macarius,
3524 3576 3587 3621 ut

1990 3686 2084 3755 lo.
2109 3660 2429 3738 Cerhardus
2455 3676 2701 3739 Vossius,
2727 3673 2811 3725 vir
2840 3672 2896 3724 in
2929 3665 3227 3723 evolvenda
3261 3660 3590 3731 antiquitate
3614 3696 3621 3697 κ

2010 3771 2480 3844 diligentissimus,
2516 3767 2571 3819 in
2604 3762 2922 3819 doctissimo
2955 3756 3226 3814 Historiae
3268 3751 3590 3822 Pelagianae

2010 3841 2196 3933 opere,
2224 3876 2348 3915 cum
2369 3858 2425 3913 id
2450 3856 2680 3928 probare
2702 3852 2886 3915 debet,
2914 3848 3209 3904 Macarium
3227 3845 3285 3899 in
3306 3841 3595 3897 doctrinae

2013 3965 2122 4013 tam
2146 3952 2403 4011 salutaris
2430 3956 2625 4005 testem
2652 3944 2984 4001 creberrime
3008 3939 3229 3997 excitet.
3252 3938 3425 4005 Quam
3456 3949 3589 4004 por-

2013 4064 2075 4103 ro
2120 4046 2287 4101 docet
2322 4042 2560 4115 egregie,
2595 4036 2818 4108 quantis
2865 4033 3080 4090 insidiis
3128 4039 3342 4085 satanas
3379 4026 3592 4081 animas

2013 4141 2300 4195 hominum
2321 4131 2742 4196 circumveniat,
2766 4143 3041 4201 quamque
3071 4130 3388 4179 constanter
3402 4118 3597 4173 homi-

2013 4247 2152 4286 num.
2178 4230 2410 4285 salutem
2452 4233 2704 4281 evertere
2751 4221 2988 4277 studeat.
3031 4218 3244 4285 Quanta
3287 4210 3592 4269 certamina

2014 4321 2225 4377 homini
2288 4320 2519 4374 salutem
2592 4314 2952 4386 acquisituro,
2998 4324 3161 4379 quam
3219 4302 3601 4367 vehementia,

2014 4427 2288 4483 quamque
2321 4410 2561 4465 difﬁcilia
2583 4424 2682 4478 per
2714 4421 2875 4461 omne
2915 4403 3057 4456 vitae
3094 4410 3308 4469 tempus
3334 4397 3444 4451 sint
3466 4408 3590 4449 sus-

2016 4503 2285 4560 stinenda.
2312 4501 2525 4567 Quanta
2548 4516 2672 4554 cum
2706 4497 2996 4551 devotione
3038 4503 3093 4548 et
3133 4506 3296 4561 quam
3332 4488 3611 4543 ardenter

2018 4609 2234 4663 semper
2262 4606 2455 4661 preces
2482 4590 2550 4643 ad
2578 4590 2750 4643 Deum
2776 4587 2885 4641 sint
2912 4582 3239 4639 fundendac.
3263 4579 3438 4646 Quam
3468 4575 3592 4630 dili-

2019 4693 2210 4755 genter
2231 4682 2299 4736 ad
2325 4697 2416 4735 res
2442 4680 2658 4735 divinas
2703 4692 2895 4732 omnes
2920 4675 3095 4730 animi
3124 4672 3456 4742 cupiditates
3480 4666 3593 4720 sint

2014 4771 2337 4841 alligandae.
2358 4771 2428 4824 Et
2451 4769 2708 4838 denique,
2742 4778 2801 4821 ut
2832 4767 3073 4821 breviter
3096 4763 3427 4832 complectar
3468 4772 3590 4811 om»

2014 4864 2128 4927 nia,
2152 4862 2285 4932 quid
2310 4868 2509 4915 natura
2541 4860 2612 4913 sit
2640 4867 2696 4913 et
2718 4859 2913 4929 gratia,
2944 4857 3153 4927 quibus,
3171 4853 3341 4922 signis
3356 4860 3590 4919 utraque

2014 4955 2403 5025 dignoscatur-z
2440 4966 2550 5020 quo
2581 4959 2730 5003 certe
2762 4948 2817 5001 in
2850 4947 3027 5017 capite
3060 4957 3327 4999 summam
3372 4938 3590 5008 sapien—

2015 5047 2123 5103 tiae
2145 5045 2448 5101 consistere
2485 5040 2629 5112 apud
2653 5040 2994 5096 Christianos
3042 5034 3290 5090 omnium
3341 5039 3427 5086 est
3466 5045 3589 5085 eer-

2017 5138 2310 5193 tissimum.
2345 5135 2415 5190 Et
2443 5132 2691 5203 profecto
2726 5131 2819 5184 vix
2846 5129 3035 5183 videre
3060 5142 3141 5180 ex.
3153 5124 3435 5179 veteribus
3463 5136 3595 5176 con-

2018 5230 2141 5300 tigit
2167 5229 2360 5293 ullum,
2407 5224 2555 5280 unde
2600 5232 2710 5277 tam
2767 5221 3075 5275 luculenter
3130 5216 3349 5272 divinae
3388 5214 3593 5287 gratiae

2016 5320 2365 5391 operationes
2394 5326 2453 5374 et
2484 5316 2724 5371 indolem
2763 5313 2922 5368 licuit
2938 5311 3246 5367 addiscere.

2084 5521 2246 5576 XVII.
2282 5519 2341 5573 In
2375 5518 2746 5588 pulcherrimo
2768 5533 2899 5572 vero
2923 5518 3030 5572 hoc
3047 5530 3277 5587 corpore
3304 5513 3347 5568 si
3372 5511 3595 5581 quidam

2020 5611 2509 5681 deprehendantur
2544 5609 2743 5663 naevi:
2778 5609 2910 5677 quid
2949 5608 3150 5663 mirum
3175 5612 3294 5669 est,
3331 5602 3376 5657 si
3399 5609 3455 5657 et
3488 5601 3599 5655 Ma—

2022 5703 2203 5759 carius
2254 5700 2422 5755 fuerit
2466 5700 2632 5754 homo
2694 5698 2917 5753 errandi
2981 5695 3227 5752 facilitati
3277 5690 3600 5763 expositus?

2022 5794 2136 5849 Nec
2161 5808 2229 5847 ex
2262 5790 2410 5845 omni
2440 5791 2771 5859 antiquitate
2802 5790 2920 5843 sisti
2957 5787 3130 5858 possit
3154 5786 3319 5849 ullus,
3341 5783 3436 5854 qui
3458 5780 3607 5837 labis

2027 5885 2205 5943 omnis
2230 5892 2285 5940 et
2318 5883 2519 5939 erroris
2550 5882 2715 5941 fuerit
2734 5884 2958 5953 expers!
2991 5879 3406 5949 Statueritergo
3424 5874 3617 5931 Maca~
