4016 6440
515 444 623 502 367
1519 440 1845 495 ANDREAE
1883 438 2251 495 GALLANDII
2292 436 2804 494 PROLEGOMENA
3677 433 3774 489 368

514 563 655 628 rius,
685 561 891 632 angelis
918 577 1135 632 quoque
1155 577 1275 617 esse
1299 576 1498 631 corpus
1517 560 1790 630 quoddam
1811 569 1975 615 tenue
1999 560 2097 630 (l):
2131 577 2174 627 Α
2205 560 2414 616 stianae
2457 557 2738 629 religionis
2766 554 3097 610 detrimento
3147 552 3328 607 omitti
3384 549 3600 620 nequit.
3647 549 3775 605 Cum

517 654 893 710 condonamus
915 655 1019 724 ipsi
1047 653 1483 725 qualemcunque
1508 652 1658 708 hunc
1681 667 1946 716 errorem,
1971 668 2098 707 cum
2194 653 2342 708 enim
2376 652 2432 706 in
2464 650 2744 721 palmariis
2772 656 2830 702 et
2869 644 3196 716 capitalibus
3235 642 3368 697 ﬁdei
3412 640 3779 696 sanctissimae

517 747 710 802 Patres
748 747 1021 802 Ecclesiae
1050 746 1349 801 venerandi
1376 746 1635 809 nominis,
1674 744 1759 799 vel
1794 744 1802 814 |
1835 744 1914 799 uti
1945 744 2100 800 Basi-
2194 742 2470 812 capitibus
2495 750 2674 794 rectas
2699 736 2900 807 aliquis
2938 736 3089 789 fovet
3124 732 3451 801 opiniones.
3490 730 3538 785 si
3566 738 3778 800 propter

516 835 643 902 lius,
675 838 935 907 Ephrem,
965 837 1203 908 Cyrillus
1243 837 1664 898 Alexandrinus,
1704 834 2097 900 Tertullianus,

2194 832 2462 903 quaedam
2501 831 2683 885 minus
2723 828 2864 883 bene
2916 827 3063 881 dicta
3115 824 3527 880 condemnetur
3582 821 3778 886 statim,

516 929 877 998 Augustinus,
909 928 1170 992 Hilarius,
1222 927 1561 996 Fulgentius,
1615 926 1912 990 Arnobius,
1964 926 2099 980 Cas-
2197 932 2494 979 censentur
2529 921 2739 991 reliqua
2768 934 2987 990 quoque
3016 917 3137 972 eius
3165 932 3285 971 esse
3313 929 3557 971 erronea
3586 922 3642 968 et
3664 927 3783 967 con-

519 1021 727 1086 sianus,
774 1021 977 1091 aliique
1022 1023 1225 1090 plures,
1277 1021 1571 1075 adnotante
1621 1019 1786 1074 etiam
1844 1018 2094 1081 Possino,

519 1111 755 1166 eundem
789 1112 1109 1166 erraverint.
1140 1110 1195 1165 Si
1234 1125 1373 1179 quae
1400 1117 1457 1163 et
1493 1124 1659 1179 porro
1692 1117 1819 1163 sunt
1871 1108 1927 1161 in
1993 1107 2095 1161 do-

522 1201 800 1271 gmatibus
821 1200 986 1256 (idem
1009 1200 1395 1265 attinentibus,
1428 1200 1485 1253 in
1520 1199 1724 1268 quibus
1751 1197 1933 1251 minus
1946 1206 2095 1251 recte

518 1292 757 1347 sensisse
778 1292 1018 1356 videtur,
1044 1306 1108 1347 ea
1135 1292 1195 1346 in
1218 1292 1398 1362 ipsum
1430 1300 1652 1347 utamur
1696 1288 1866 1343 animi
1908 1287 2100 1357 aequi—

518 1391 651 1449 tate,
696 1400 860 1454 quam
906 1385 1137 1456 reliquis
1198 1386 1459 1440 Patribus
1510 1383 1752 1455 graviter
1807 1380 2102 1449 aliquando

518 1474 984 1532 hallucinantibus
1014 1476 1438 1547 haudquaquam
1472 1476 1802 1531 invidemus.
1857 1472 1994 1528 Nam
2046 1473 2104 1527 id

517 1574 576 1620 et
592 1566 834 1622 charitas
858 1566 1173 1623 Christiana
1198 1568 1466 1637 exposcit,
1494 1576 1551 1621 et
1572 1568 1689 1623 sine
1716 1582 1930 1622 summo
1946 1563 2107 1621 Chri-

2200 1016 2525 1070 demnanda.
2550 1012 2670 1079 Quo
2703 1027 2835 1066 casu
2876 1025 3037 1079 saepe
3073 1010 3400 1079 contingere
3451 1006 3661 1069 videas,
3707 1014 3782 1070 ut,

2201 1123 2341 1178 quae
2370 1105 2721 1161 admirandae
2746 1104 2805 1158 in
2826 1102 3147 1172 religionem
3168 1099 3552 1156 Christianam
3588 1095 3783 1150 utilita-

2202 1204 2275 1256 tis
2299 1217 2440 1267 esse,
2478 1210 2535 1255 et
2563 1215 2679 1254 rem
2705 1197 2927 1267 pietatis
2953 1204 3175 1250 strenue
3202 1192 3476 1247 adiuvare
3519 1198 3783 1259 poterant,

2201 1308 2327 1347 cum
2357 1292 2473 1361 ipsa
2489 1291 2694 1361 pietate
2720 1288 2877 1343 ﬂocci
2909 1286 3043 1340 ﬁant
3067 1293 3124 1339 et
3147 1282 3604 1355 proscribantur.

2274 1383 2461 1439 XVIII.
2493 1383 2682 1438 Restat
2728 1390 2791 1436 ut
2834 1378 3152 1435 testimonia
3204 1375 3396 1444 aliqua
3438 1372 3512 1427 de
3565 1371 3787 1428 Macario

2204 1472 2586 1529 subiiciamus.

1840 1682 2072 1745 Suidas
2105 1680 2174 1740 in
2203 1676 2513 1741 Macario.

589 1779 709 1835 Duo
736 1780 960 1837 fuerunt
996 1783 1216 1838 Macarii
1250 1784 1497 1841 eiusdem
1534 1784 1774 1839 nominis
1813 1794 1977 1854 atque
2005 1780 2100 1836 de-

2275 1776 2379 1831 Δύο
2407 1774 2656 1845 ἐγένοντο
2708 1769 2986 1839 Μακάριοι
3023 1765 3307 1837 ὁμώνυμοι
3344 1761 3446 1854 καλ.
3488 1758 3791 1854 περιϐόητοι

521 1874 726 1929 cantati
754 1882 978 1944 propter
1010 1878 1271 1932 exercitia
1310 1878 1647 1942 studiorum,
1694 1878 1885 1942 vitam,
1929 1889 2113 1931 mores

523 1974 689 2035 atque
716 1964 1082 2035 disciplinam.
1112 1967 1267 2021 Alter
1290 1968 1510 2037 quidem
1542 1967 1858 2039 Aegyptius,
1888 1966 1983 2037 qui
2012 1966 2115 2019 mi-

521 2057 709 2111 racula
734 2055 953 2124 edebat,
990 2074 1053 2114 ac
1079 2059 1333 2130 religiosa
1361 2060 1614 2115 cautione
1644 2061 1701 2114 in
1737 2074 1854 2124 eos,
1887 2059 1899 2129 |
1930 2058 2024 2129 qui
2055 2072 2114 2112 se

524 2150 942 2217 conveniebant,
976 2162 1095 2207 erat
1120 2168 1366 2209 severus.
1404 2154 1559 2209 Alter
1583 2151 1988 2210 Alexandrinus
2018 2168 2117 2223 per

524 2241 709 2296 omnia
753 2242 950 2298 similis
984 2244 1248 2315 Aegyptio
1279 2255 1335 2300 et
1371 2244 1648 2299 humanus
1691 2261 1704 2297 :
1751 2241 1889 2299 adeo
1922 2242 2118 2297 huma-

525 2346 629 2386 nus
672 2341 792 2387 erat
831 2348 959 2404 erga
990 2350 1107 2398 eos,
1138 2336 1235 2405 qui
1280 2351 1338 2391 se
1384 2336 1805 2401 conveniebant,
1839 2344 1899 2391 ut
1936 2333 2117 2405 lepida

526 2421 839 2477 urbanitate
871 2424 1079 2480 utendo
1110 2424 1337 2481 iuvenes
1365 2424 1433 2479 ad
1469 2426 1730 2480 exercitia
1773 2433 2113 2495 provocaret.

526 2512 737 2569 Horum
778 2515 1047 2587 Evagrius
1090 2516 1393 2588 discipulus
1439 2518 1635 2581 factus,
1682 2516 1843 2572 factis
1879 2516 2121 2586 philoso-

525 2605 711 2675 phiam
734 2608 1002 2672 exercuit,
1038 2608 1131 2678 qui
1161 2608 1317 2679 prius
1350 2608 1536 2663 verbis
1572 2607 1839 2663 duntaxat
1870 2606 2117 2677 philoso-

526 2696 819 2766 phabatur.
846 2696 949 2764 Qui
984 2698 1516 2769 ConstantinOpoli-a
1542 2697 1811 2769 Gregorio
1840 2696 2119 2767 Theologo

524 2788 584 2844 in
609 2788 966 2845 diaeonorum
994 2790 1236 2846 adscitus
1263 2798 1348 2846 est
1382 2790 1657 2857 ordinem,
1693 2791 1829 2860 quin
1855 2791 2021 2845 etiam
2062 2790 2120 2843 in

523 2877 829 2950 Aegyptum
856 2879 1156 2950 profectus,
1190 2880 1245 2935 in
1282 2880 1598 2951 praedictos
1623 2879 1817 2934 incidit
1844 2880 2011 2943 viros,
2040 2886 2121 2933 at-

526 2987 637 3042 que
667 2971 890 3027 illorum
913 2972 1083 3027 vitam
1103 2974 1411 3029 aemulatus
1437 2979 1542 3029 est.
1567 2973 1651 3028 Ab
1677 2973 1784 3027 hoc
1806 2969 2121 3028 libriivalde

527 3078 722 3133 graves
752 3074 808 3118 et
834 3063 964 3118 serii
990 3064 1286 3134 conscripti
1316 3072 1467 3129 sunt,
1496 3079 1735 3134 quorum
1764 3077 1907 3117 unus
1931 3060 2121 3116 Mona-

2212 1870 2279 1925 δι’
2307 1870 2560 1938 ἄσκησιν,
2591 1865 2678 1918 διὰ
2710 1863 2842 1934 βίον,
2871 1859 2959 1914 διὰ
2985 1859 3209 1929 τρόπον,
3249 1854 3342 1909 διὰ
3374 1853 3447 1908 τὰ
3484 1852 3789 1925 μαθήματα.

2213 1963 2242 2015 ὁ
2268 1960 2365 2031 μὲν
2406 1957 2701 2026 Αἰγύπτιος
2738 1949 3148 2023 θαυματουργὺς
3166 1944 3257 2019 ἦν.
3287 1946 3389 1999 καὶ
3417 1944 3559 2015 μετὰ
3593 1942 3686 1996 τοῦ
3717 1942 3793 1993 εὐ-

2213 2050 2412 2113 λαϐοῦς
2462 2049 2600 2121 πρὸς
2651 2046 2778 2108 τοὺς
2831 2040 3263 2111 ἐντυγχάνοντας
3309 2034 3631 2106 αὐστηρός·
3675 2035 3702 2086 ὁ
3744 2031 3793 2084 δὲ

2228 2142 2611 2213 Ἀλεξανδρεὺς
2649 2136 2791 2193 κατὰ
2822 2135 2999 2189 πάντα
3040 2133 3116 2187 ὣν
3160 2129 3558 2203 παραπλήσιος
3590 2125 3667 2197 τῷ
3712 2125 3793 2177 Al-

2214 2236 2428 2307 γυπτίῳ
2465 2233 2559 2288 καὶ
2600 2231 2806 2303 ἱλαρός.
2840 2227 3013 2291 οὕτως
3055 2225 3243 2298 ἱλαρὸς
3269 2220 3345 2296 ἦν
3384 2224 3505 2286 τοῖς
3548 2217 3794 2289 ἐντυγχά-

2217 2345 2392 2394 νουσι,
2424 2326 2521 2379 καὶ
2549 2324 2627 2395 τῷ
2668 2318 3102 2395 χαριεντίζεσθαι
3149 2318 3280 2380 τοὺς
3328 2316 3491 2379 νέους
3529 2309 3633 2384 ἦγε
3674 2312 3793 2381 πρὸς

2217 2420 2254 2475 ἀ
2285 2420 2294 2491 |
2328 2435 2539 2491 σκησιν.
2570 2414 2776 2468 τούτων
2808 2413 3078 2483 Εὐάγριος
3102 2409 3399 2479 γενόμενος
3437 2404 3684 2478 μαθητὴς
3709 2401 3794 2471 τὴν

2217 2514 2285 2568 δι’
2310 2512 2487 2580 ἔργων
2515 2507 2833 2579 φιλοσοφίαν
2855 2505 3146 2575 ἐκτήσατο,
3180 2502 3453 2573 πρότερον
3487 2498 3634 2566 λόγῳ
3666 2495 3792 2565 μόνῳ

2219 2605 2507 2676 φιλόσοφος
2533 2599 2608 2653 ὥν
2627 2615 2641 2629 ⁶
2672 2598 2733 2662 ὃς
2761 2598 2820 2651 ὲν
2846 2593 3257 2650 Κωνσταντίνου
3288 2592 3450 2645 πόλει
3480 2588 3586 2644 ὑπὸ
3610 2588 3793 2676 Γρηγο-

2222 2698 2338 2771 ρίου
2375 2695 2469 2748 τοῦ
2499 2691 2762 2760 Θεολόγου
2783 2688 2864 2751 είς
2895 2689 2994 2759 τὴν
3022 2686 3117 2741 τοῦ
3141 2685 3396 2739 διακόνου
3423 2675 3789 2771 προεχειρίσίλη

2218 2768 2391 2856 τάξινι
2427 2786 2563 2841 ἀλλὰ
2591 2785 2687 2840 καὶ
2709 2786 2768 2850 ἐς
2791 2784 2890 2856 τὴν
2915 2780 3190 2849 Αἴγυπτον
3216 2774 3537 2838 κατελθὼν,
3578 2772 3669 2825 και
3696 2768 3790 2828 τοῖς

2220 2880 2596 2954 προλεχθεῖσιν
2643 2876 2880 2948 ἐντυχὼν
2929 2873 3194 2945 ἀνδράσι,
3246 2870 3343 2924 τὸν
3412 2866 3637 2920 ἐκείνων
3693 2859 3789 2930 βίον

2222 2974 2461 3046 ἐζήλωσε
2482 2987 2495 3000 ·
2519 2972 2693 3041 τούτῳ
2719 2968 2901 3040 βιϐλία
2920 2968 3058 3035 ἄγαν
3081 2963 3348 3017 σπουδαῖα
3373 2955 3786 3046 συγγέγραπται·

2220 3043 2399 3119 ὧνντὸ
2457 3066 2554 3136 μὲν
2590 3061 2873 3131 Μοναχὸς
2906 3060 2941 3130 ἦ
2992 3056 3123 3128 περὶ
3159 3051 3477 3125 πρακτικῆς
3517 3043 3789 3136 ἐπιγέγρα-

528 3155 652 3207 chus
685 3153 800 3208 sive
831 3152 899 3208 de
938 3154 1050 3208 vita
1078 3133 1253 3209 acti-va
1294 3133 1594 3222 inscriptus
1636 3161 1751 3218 est;
1794 3152 1931 3206 alter
1975 3150 2116 3206 Gno-

2222 3176 2387 3212 πται·
2420 3133 2481 3210 τὸ
2508 3157 2565 3210 δὲ
2592 3151 2937 3216 Γνωστικὸς
2979 3150 3012 3221 ἢ
3056 3148 3182 3219 περὶ
3214 3144 3327 3197 τῶν
3365 3133 3788 3222 καταξιωθέντψ

527 3246 689 3300 sticus
733 3246 851 3300 sive
895 3245 963 3301 de
1007 3245 1077 3300 iis
1121 3247 1217 3316 qui
1267 3246 1598 3317 cognitionis
1641 3259 1873 3299 munere
1929 3242 2118 3297 donati

530 3345 691 3401 sunt;
723 3336 900 3406 capita
926 3352 1059 3392 vero
1096 3337 1218 3392 eius
1245 3336 1375 3391 libri
1406 3346 1534 3391 sunt
1559 3336 1983 3407 quinquaginta;
2010 3345 2120 3389 ter-

532 3428 644 3483 tius
669 3428 1048 3483 Antirrheticus
1078 3429 1342 3484 adversus
1375 3437 1650 3484 tentantes
1672 3427 1968 3482 daemones
1995 3434 2120 3481 octo

531 3518 826 3575 distinctus
851 3521 1119 3591 partibus,
1148 3521 1453 3576 secundum
1490 3535 1782 3575 numerum
1818 3531 1941 3574 octo
1975 3518 2121 3589 cogi-

532 3612 822 3668 tationum.
848 3613 983 3669 Item
1010 3624 1266 3669 sexcenta
1290 3613 1644 3685 Prognostica
1669 3612 2035 3676 Problemata,
2064 3620 2121 3666 et

529 3703 897 3759 Elementaria
939 3704 1084 3769 duo,
1125 3720 1297 3759 unum
1354 3704 1423 3765 ad
1464 3704 1762 3759 monachos
1811 3703 1868 3757 in
1923 3717 2122 3757 coeno-

531 3788 641 3845 biis
663 3802 759 3847 aut
794 3793 1175 3847 contuberniis
1200 3794 1471 3859 viventes,
1489 3794 1723 3847 alterum
1747 3792 1815 3846 ad
1844 3792 2121 3864 virginum

533 3889 772 3936 coetum.
809 3882 988 3953 Atque
1031 3883 1168 3938 haec
1208 3892 1338 3938 sunt
1376 3884 1495 3938 eius
1528 3883 1736 3937 verba:
1776 3881 1995 3936 Necesse
2022 3890 2118 3947 est,

532 3979 594 4025 ut
634 3974 747 4026 vias
777 3988 975 4037 eorum,
1023 3974 1113 4044 qui
1159 3980 1577 4043 praecesserunt,
1626 3973 2004 4025 monachorum
2035 3988 2119 4025 se-

533 4060 658 4114 dulo
704 4062 1036 4134 indagemus,
1082 4072 1132 4116 et
1182 4064 1250 4117 ad
1293 4080 1475 4116 eorum
1517 4079 1759 4117 normam
1804 4062 2117 4133 dirigamur.

533 4150 703 4206 Multa
732 4152 800 4207 ab
834 4154 901 4208 iis
929 4164 985 4208 et
1018 4153 1163 4207 dicta
1191 4162 1247 4208 et
1270 4153 1410 4207 facta
1443 4162 1572 4208 sunt
1607 4162 1774 4218 certe,
1809 4153 1953 4208 inter
1981 4170 2121 4224 quae

535 4258 594 4303 et
619 4246 725 4301 hoc
753 4247 1023 4317 quispiam
1064 4245 1221 4309 dixit,
1251 4246 1535 4300 aridiorem
1563 4256 1612 4300 et
1638 4262 1885 4316 asperam
1918 4248 2123 4302 vivendi

536 4342 801 4396 rationem
829 4356 949 4393 cum
974 4339 1231 4391 charitate
1260 4338 1561 4407 copulatam
1596 4334 1815 4391 celerius
1840 4338 2123 4411 perducere

536 4433 854 4490 monachum
878 4430 948 4484 ad
977 4429 1329 4500 adfectionum
1352 4431 1687 4483 vacuitatem.

680 4560 758 4600 10.
803 4559 1118 4599 TRITHEIIUS
1158 4560 1225 4598 DE
1270 4556 1638 4598 SCRIPTORIBUS
1684 4558 1983 4598 ECCLESIAE.

610 4659 880 4716 Macarius
907 4658 1192 4711 Monachus
1209 4656 1579 4727 Aegyptius,et
1608 4659 1745 4711 beati
1760 4658 1939 4713 Patris
1972 4659 1980 4729 |
2012 4658 2124 4713 An-

539 4752 670 4806 tonii
703 4749 971 4820 quondam
1004 4746 1307 4817 discipulus,
1334 4747 1411 4799 vir
1437 4746 1647 4801 devotus
1677 4756 1725 4800 et
1762 4749 2126 4803 sanctissimae

539 4842 974 4905 conversationis,
1016 4840 1081 4893 de
1130 4856 1232 4910 quo
1280 4838 1449 4893 multa
1501 4839 1762 4893 miracula
1808 4850 2123 4906 narrantur,

542 4936 803 5005 quomodo
847 4934 1010 4987 etiam
1055 4940 1387 4985 mortuorum
1436 4947 1581 4984 voces
1634 4931 1697 4983 de
1731 4931 1986 5002 sepulcris
2034 4948 2129 5003 pro

540 5024 666 5093 ﬁdei
680 5024 1081 5092 confirmatione
1096 5022 1415 5091 impetravit.
1436 5020 1641 5076 Claruit
1659 5021 1826 5075 multa
1851 5024 2132 5076 sanctitate

541 5115 636 5168 sub
677 5114 1022 5170 Constantino
1051 5124 1101 5168 et
1130 5114 1437 5169 Constantio
1477 5114 1805 5181 Principibus
1849 5132 1991 5169 anno
2030 5115 2132 5169 Do-

544 5207 674 5259 mini
695 5206 817 5260 550.
847 5202 1003 5261 Cuius
1034 5214 1181 5277 gesta
1220 5206 1475 5259 habentur
1501 5206 1557 5259 in
1586 5205 1712 5260 Vitis
1740 5206 1985 5261 Patrum.

578 5312 794 5351 ursum.
836 5313 1117 5360 INIQUITAT.
1156 5314 1391 5353 sucrons
1438 5314 1493 5352 Μ.
1534 5314 1582 5352 B.
1624 5314 1673 5352 ι’.
1714 5314 1761 5352 ιι.
1803 5315 1925 5369 pag.
1965 5299 2091 5355 209.

616 5387 676 5440 Β.
728 5386 994 5441 Macarius
1028 5389 1252 5458 scriptor
1301 5388 1756 5458 religiosissimus,
1800 5397 1861 5441 'et
1907 5390 1971 5442 de
2023 5406 2126 5460 quo

542 5479 607 5534 Β.
640 5481 852 5535 Aradus
880 5483 1003 5535 mihi
1026 5481 1378 5549 conﬁrmavit,
1414 5482 1589 5551 fuisse,
1622 5499 1740 5535 cum
1768 5481 1922 5536 illum
1945 5484 2127 5537 verbo-

546 5578 693 5626 tenus
725 5582 892 5643 posset
920 5572 1050 5627 libro
1077 5573 1297 5643 seposito
1324 5575 1562 5627 recitare.

2156 4547 2203 4603 D

2222 3251 2504 3319 γνώσεως·
2558 3247 2827 3317 κεφάλαια
2888 3244 2945 3296 δὲ
2991 3220 3155 3294 αὐτοῦ
3212 3236 3593 3304 πεντήκοντα’
3644 3223 3699 3277 τὸ
3739 3220 3785 3319 bi

2236 3312 2688 3408 Ἆγτιρῤητικὸπ,
2726 3336 2863 3406 πρὸς
2890 3335 3016 3396 τοὺς
3048 3329 3410 3401 πειράζοντας
3445 3322 3712 3393 δαίμονας’
3739 3312 3787 3408 ‘f’

2222 3433 2367 3487 ὀκτὼ
2379 3403 2717 3505 διῃρημένον
2747 3403 2959 3501 μέρεσι,
2987 3425 3130 3480 κατὰ
3150 3422 3239 3475 τὸν
3264 3418 3504 3492 ἀριθμὸν
3530 3414 3637 3505 τῶν
3661 3403 3784 3462 ὀκτὼ

2224 3504 2500 3597 λογισμῶν
2522 3541 2536 3555 ο
2573 3523 2667 3576 καὶ
2704 3520 2960 3585 ἑξακόσια
3000 3512 3390 3587 προγνωστικὰ
3428 3504 3782 3597 προϐλήματα*

2227 3587 2320 3669 καί
2337 3587 2570 3684 στιχηρὰ
2592 3612 2659 3682 β’,
2692 3610 2749 3663 ἓν
2777 3609 2911 3680 πρὸς
2939 3607 3063 3670 τοὺς
3087 3606 3144 3656 ὲν
3166 3600 3462 3661 κοινοϐίοις
3487 3595 3520 3665 ἥ
3544 3587 3784 3684 συνοδίαιξ

2230 3708 2517 3779 μοναχοὺς,
2544 3706 2639 3759 καὶ
2661 3705 2717 3758 ἓν
2743 3704 2878 3775 πρὸς
2912 3701 3011 3772 τὴν
3034 3696 3359 3768 παρθενίαν·
3389 3692 3486 3745 καί
3515 3704 3641 3758 φησι
3662 3678 3783 3779 κατᾶ

2225 3802 2401 3868 λέξιν·
2436 3801 2626 3864 οὕτως
2663 3795 2990 3865 ἀναγκαῖον
3029 3791 3135 3856 τὰς
3168 3788 3353 3854 ὀδοὺς
3380 3784 3499 3839 τῶν
3529 3774 3782 3868 προσδερ-

2225 3863 2466 3948 miretur
2488 3888 2769 3961 μοναχῶν
2789 3863 2972 3957 ὂρθῶς
2999 3881 3304 3951 διερωτᾷν,
3330 3875 3596 3944 καὶπρὸς
3622 3863 3781 3961 αὐτὰς

2227 3953 2698 4053 κατορθοίῖσθιῑῖ⁶
2752 3953 2954 4034 πολλὰ
2998 3976 3107 4048 γάρ
3156 3975 3331 4027 ἐστιν
3374 3968 3477 4057 ὑπ’
3511 3953 3776 4057 aesar-16‘

2221 4042 2483 4148 [5n0é'r‘ra
2509 4074 2606 4126 καὶ
2647 4071 2986 4141 πραχθέντα
3006 4042 3212 4133 ’καλῶς
3234 4105 3247 4127 ,
3282 4065 3354 4118 ὲν
3383 4056 3474 4126 οἷς
3504 4055 3610 4148 καὶΔ
3631 4042 3778 4103 τοῦτό

2226 4145 2316 4232 τις
2346 4167 2561 4236 ἔφησε,
2590 4164 2705 4232 τὴν
2732 4161 3058 4231 ξηροτέρων
3085 4158 3182 4213 καὶ
3206 4155 3529 4225 ἀνώμαλον
3552 4145 3771 4236 dicarat.

2449 4224 2902 4323 συζευέθεῗσῖιν,
2924 4224 3139 4306 (iactor
3157 4224 3386 4318 διάγειν
3413 4240 3519 4297 τὸν
3536 4224 3775 4306 μοναχὸν

2226 4352 2314 4415 είς
2339 4347 2648 4403 ἀπάθειαν.

2336 4561 2532 4601 rursus
2588 4560 2776 4600 eorum
2834 4559 2901 4598 ne
2951 4554 3265 4597 enumrmun
3318 4533 3687 4590 sonantium

2869 4649 2925 4704 p.
2949 4649 3022 4686 m.
3050 4631 3173 4685 202.

2301 4749 2527 4805 Macarii
2563 4748 2869 4819 Aegyptiaci
2910 4743 3245 4800 admirabiles
3291 4750 3341 4794 et
3385 4737 3559 4791 divina
3588 4730 3772 4799 prom‘

2228 4845 2489 4913 sapientia
2513 4841 2836 4895 abundantes
2867 4837 3149 4894 Homiliae.

2295 4910 2437 4989 XIX.
2468 4934 2615 4989 Nihil
2649 4948 2799 4988 nunc
2832 4940 3002 4987 restat
3040 4929 3295 4999 amplius,
3331 4936 3493 4995 quam
3530 4922 3587 4970 ut
3625 4910 3770 4999 lecti-ir

2226 5043 2343 5081 rem
2368 5027 2694 5081 benevolum
2724 5038 2998 5094 rogemus,
3032 5036 3193 5091 aegre
3235 5035 3306 5073 ne
3348 5016 3501 5075 ferat.
3535 5006 3577 5061 Si
3603 4989 3771 5094 mandit

2228 5116 2619 5187 typographica
2646 5092 3029 5170 forte—alicubi
3073 5117 3387 5167 occurrant.
3432 5103 3607 5166 Neque
3643 5092 3767 5187 cum}

2227 5183 2417 5261 adesse
2443 5183 2600 5260 licuit
2622 5205 2983 5275 speciminum
3007 5199 3397 5257 emendationi.
3431 5192 3485 5248 Si
3507 5196 3635 5257 quae
3650 5183 3767 5275 Vw

2228 5297 2494 5368 relegenti
2549 5297 2842 5351 Macarium
2875 5312 2932 5351 se
2978 5294 3327 5356 obtulerunt,
3379 5302 3439 5343 ea
3488 5283 3541 5335 in
3589 5270 3763 5368 είιιεέδιξΙ

2230 5366 2366 5443 libri
2406 5388 2815 5453 adnotavimus;
2851 5402 2990 5457 quae
3036 5386 3296 5439 tollantur
3329 5383 3472 5439 licet,
3508 5366 3761 5431 antequam

2232 5480 2301 5533 ad
2333 5480 2532 5533 librum
2558 5480 2847 5549 legendum
2890 5478 2985 5533 ﬁat
3022 5477 3282 5531 accessio.
3318 5474 3483 5527 Deum
3513 5471 3631 5515 vero
3657 5458 3761 5550 ρι’ξς

2232 5586 2355 5625 mus
2379 5538 2718 5642 Supplicibus
2749 5571 3025 5641 precibus,
3061 5577 3122 5623 ut
3154 5567 3282 5622 libri
3316 5561 3475 5619 huius
3499 5538 3757 5608 lectoribus

2063 5714 2155 5770 ΝΟ
2170 5714 2314 5769 ΓΑΕ.

624 5790 1265 5873 (1).Macar._Ii_omil.rIV
1302 5800 1329 5871 ᾗ
1368 5801 1402 5856 9
1447 5821 1500 5871 p.
1547 5804 1644 5864 47,
1672 5803 1768 5869 48,
1814 5804 1891 5857 De
1924 5805 2113 5859 elevat.

550 5869 737 5917 mentis
782 5884 900 5938 cap.
934 5869 999 5924 VI
1038 5890 1089 5941 p.
1139 5872 1259 5926 “5.
1307 5869 1560 5929 Petavius
1609 5874 1753 5929 Tom.
1812 5874 1899 5930 III
1932 5876 2119 5947 Dogm.

2225 5763 2402 5858 ἦτοι.
2439 5804 2527 5857 lib.
2560 5803 2589 5858 I
2608 5804 2670 5855 de
2704 5802 2890 5874 Augei.
2921 5819 3038 5873 cap.
3073 5800 3147 5856 II.
3180 5800 3426 5855 Dallacus
3463 5786 3521 5839 de
3551 5789 3635 5833 ιωιι
3659 5763 3751 5824 Ρα⁴

2233 5884 2375 5930 trum
2410 5893 2461 5946 p.
2490 5892 2561 5929 m.
2585 5875 2708 5929 268.
