4016 6444
357 389 459 448 5‘39
1178 396 1266 451 DE
1304 397 1399 453 SS.
1436 399 1762 457 MACARIIS
1787 401 2129 460 AEGYPTIO
2168 404 2258 461 ET
2276 405 2809 465 .ALEXANDRINO.
3515 408 3619 465 570

363 510 442 565 sui
467 508 703 578 spiritus
742 510 1027 581 impertiat
1063 513 1309 584 gratiam,
1340 524 1415 580 et,
1440 532 1548 585 quo
1577 532 1710 571 usus
1747 527 1830 573 est
1860 518 1944 572 in-
1972 523 2012 580 Α
2043 528 2229 587 tatem,
2259 523 2426 577 nullis
2450 532 2754 593 temporum
2784 524 3025 593 periodis
3049 524 3447 580 terminandam
3470 526 3617 580 vian'.

362 613 668 658 stramento
693 603 762 658 ad
787 604 1238 660 demonstrandas
1267 607 1628 663 cxuberantes
1650 624 1778 664 suas
1803 609 1941 663 divi-
2045 611 2298 682 dignetur
2330 614 2585 685 dirigere.
2618 616 2947 686 Scripsimus
2984 618 3199 687 Lipsiae
3238 618 3294 672 in
3340 618 3477 672 urbe
3527 633 3619 686 pa-

363 694 465 747 tias
496 694 835 762 spiritualcs,
867 697 1121 761 Macario,
1164 699 1283 752 eius
1326 698 1680 755 divinissimis
1718 701 1939 770 scriptis
2046 706 2150 760 tria
2199 707 2287 761 die
2344 708 2415 762 IX
2461 709 2640 763 Martii
2684 710 2844 765 Anno
2893 719 3245 781 recuperatae
3297 711 3490 766 salutis
3531 709 3617 765 cla

359 786 558 843 multas
571 787 640 841 ad
655 805 714 843 se
730 789 974 855 allicere,
992 798 1046 845 et
1061 791 1117 845 in
1129 798 1351 857 rectam,
1366 807 1505 861 quae
1521 791 1751 848 ducitad
1767 793 1939 849 felici»
2043 796 2127 852 lac
2168 798 2245 853 lc.
2276 798 2286 869 |

1094 972 1103 1039 |
1134 968 1387 1027 SERIES
1418 990 1622 1042 eorum,
1651 995 1786 1048 quae
1816 981 1871 1034 in
1908 982 2002 1036 hoc
2038 982 2168 1036 libro
2196 983 2259 1038 de
2288 983 2523 1039 Macario
2554 986 2906 1039 continentur.

368 1081 412 1162 ξ.
516 1081 593 1162 ρε
621 1080 871 1162 Qust‘odia
902 1083 1105 1162 Cor-dish.
1149 1159 1158 1162 Α
1197 1160 1206 1162 _
3578 1108 3605 1162 ι

364 1152 432 1230 IL
519 1152 593 1230 l_)e
622 1152 948 1230 Iierfectione
976 1159 1032 1210 in
1066 1156 1285 1229 Spiritu.
3542 1152 3613 1230 δέ

519 1221 594 1301 Ile
626 1221 903 1301 gratione.
1009 1221 1117 1301 μ’

519 1292 594 1369 ρε
620 1292 885 1369 Patientia
922 1303 977 1369 et
1002 1296 1340 1369 Discretione.

356 1361 429 1441 γη
522 1361 601 1441 Qa
620 1363 927 1441 lilgvaﬁone
952 1368 1161 1425 Mentis.

360 1431 453 1512 XL
518 1432 595 1512 ρο
637 1433 926 1512 gnaritate.
952 1508 1001 1512 υ
1037 1482 1053 1498 .

360 1502 480 1581 31L
514 1501 592 1581 ne
641 1504 902 1581 Libertate
944 1508 1151 1565 Mentis.
3506 1501 3602 1581 ἱέἷ

354 1571 480 1650 XIII
516 1573 966 1650 Apophttzrgmata
988 1580 1213 1637 Macarii
1237 1602 1269 1638 a
1292 1582 1451 1638 Petro
1478 1584 1696 1640 Ροεδὶηο
1720 1586 1880 1643 edita.

354 1640 434 1725 LX
513 1640 1217 1725 Apoptztheérnataﬂacarii
1246 1673 1276 1707 a
1310 1656 1390 1709 Io.
1419 1655 1663 1725 Baptista
1693 1640 1951 1715 Cotelerio
1974 1662 2137 1718 edita.
3503 1640 3610 1719 ἆζέέ

352 1710 430 1795 ξ,
513 1710 591 1795 ge
623 1710 859 1795 ῃαεαξέο
883 1720 1089 1795 genu.
1118 1741 1180 1779 ex
1209 1710 1547 1795 ιιίρνοηυιηε..
1636 1710 1659 1712 η
1904 1710 1944 1715 "
3501 1710 3609 1789 «23;;

349 1780 447 1866 ξμ-
508 1782 588 1866 Qa
614 1785 850 1866 ἔπαθ’ξο
877 1790 1082 1866 Belatio
1108 1810 1170 1849 ea:
1200 1780 1465 1866 Palladio.

347 1851 447 1908 XII
505 1852 584 1908 De
604 1855 841 1913 Macario
865 1861 1133 1936 Excerpta
1157 1883 1221 1920 ea:
1246 1864 1556 1921 Cassiodoro
1582 1868 1621 1922 ⁶.

407 2011 726 2076 [Sequuntur
748 2018 997 2082 Opuscula
1020 2035 1131 2085 pag.
1158 2024 1330 2087 1-285,
1357 2031 1462 2077 tum
1500 2043 1520 2076 ί
1548 2027 1706 2101 Index
1735 2034 1975 2101 remigret
2006 2030 2260 2101 verborum
2286 2046 2303 2079 ι
2334 2036 2431 2100 et}
2463 2030 2621 2085 Index
2653 2037 2870 2085 locorum
2901 2034 3189 2101 Scripturae
3225 2048 3347 2100 quae
3384 2034 3435 2087 in
3462 2031 3542 2086 his

1543 2091 1799 2154 Opuscult's
1832 2091 1983 2143 obiter
2024 2092 2349 2156 explicantur.
2371 2111 2389 2142 ι

412 2225 433 2244 ⁶
466 2222 595 2296 Leg.
628 2226 914 2284 Cassiano.
943 2229 1316 2290 Cassiodorum
1346 2252 1474 2292 cum
1499 2235 1758 2292 Cassiano
1786 2238 2077 2295 confundit
2106 2240 2335 2295 Pritius.
2364 2241 2517 2298 Em'r.

357 2384 3041 2427 Ἥ

1209 2561 1880 2676 ANDREAE
1976 2565 2757 2683 GALLANDII

1178 2744 1661 2806 PRESBYTERI
1701 2746 2367 2807 CONGREGATIONIS
2404 2749 2772 2811 ORATOBII

1514 2926 2427 3023 PROLEGOMENA

846 3095 916 3143 ΙΝ
955 3098 1137 3145 VITAS
1176 3099 1255 3144 ET
1293 3100 1547 3145 SCRIPTA
1589 3099 1678 3144 SS.
1722 3098 2139 3143 MACARIORUH
2172 3100 2464 3145 AEGYPTII
2506 3102 2585 3145 ET
2626 3103 3081 3149 ALEXANDRINI.

798 3206 953 3269 (Bibl.
974 3210 1205 3258 veterum
1230 3209 1431 3259 Patrum
1453 3210 1868 3271 antiquorumque
1892 3205 2187 3268 scriptorum
2212 3208 2665 3259 ecclesiasticarum
2689 3210 2749 3260 T.
2774 3210 2881 3261 VII.
2907 3226 2958 3274 p.
2988 3211 3155 3274 ιιι-γι.)

1425 3378 1573 3451 [Pag.
1604 3379 1697 3452 IlI]
1730 3380 1808 3435 De
1846 3380 1903 3435 S.
1935 3382 2175 3436 Macario
2200 3381 2475 3453 Aegyptio.

395 3538 442 3594 Ι.
458 3537 725 3592 Macarius
742 3537 925 3591 senior
947 3551 1147 3607 genere
1170 3534 1486 3607 Aegyptius,
1506 3544 1562 3590 et
1577 3534 1759 3606 Magni
1781 3546 2203 3605 cognomentum
2230 3538 2458 3608 adeptus
2476 3541 2575 3611 (1),
2594 3539 2819 3595 ﬂorente
2836 3543 3015 3598 adhuc
3037 3550 3213 3598 aetate
3235 3547 3595 3603 monasticum

325 3631 641 3687 institutum
668 3630 949 3699 amplexus
980 3636 1083 3681 est.
1116 3626 1234 3691 Quo
1275 3627 1497 3696 quidem
1538 3635 1786 3697 tempore
1825 3628 2125 3683 virtutibus
2150 3639 2312 3698 atque
2354 3640 2575 3683 austero
2604 3631 2823 3685 vivendi
2854 3649 3056 3703 genere
3088 3634 3225 3689 adeo
3269 3636 3489 3701 enituit,
3537 3646 3597 3692 ut

337 3724 764 3795 παιδαριογέρων
782 3764 795 3786 ,
830 3721 883 3775 id
901 3730 985 3775 est
1011 3735 1299 3790 puersenex
1317 3760 1332 3784 ,
1360 3736 1391 3773 a
1414 3721 1700 3775 monachis
1733 3727 2025 3775 vocaretur
2050 3720 2146 3789 (2),
2170 3721 2429 3789 quoniam
2459 3722 2620 3775 citius
2661 3737 2824 3791 quam
2853 3738 2954 3793 pro
2981 3732 3159 3778 aetate
3181 3724 3237 3778 in
3262 3728 3594 3781 monasticae

340 3814 649 3885 disciplinae
671 3814 869 3869 studiis
892 3814 1218 3883 profecerat.
1247 3813 1516 3884 Deinceps
1545 3828 1676 3867 vero
1710 3813 1767 3867 in
1797 3813 2045 3867 intimam
2077 3812 2431 3867 solitudinem
2464 3814 2747 3879 secedens,
2777 3815 2832 3868 in
2873 3815 3019 3870 Secti
3060 3818 3245 3872 sedem
3274 3820 3457 3888 posuit
3494 3822 3593 3892 (5).

339 3910 439 3967 Ubi
466 3911 695 3982 egregiis
720 3910 1007 3981 religiosae
1049 3910 1192 3963 vitae
1219 3908 1615 3963 certaminibus
1646 3907 1901 3978 inclytus,
1928 3907 2287 3978 pluribusque
2329 3908 2532 3977 gratiae
2571 3908 2730 3963 donis
2758 3909 3023 3964 divinitus
3064 3912 3394 3976 cumulatus,
3421 3930 3594 3969 annos

330 4014 493 4061 natus
521 4006 881 4077 quadraginta
918 4006 987 4061 ad
1016 4004 1384 4061 sacerdotium
1424 4010 1648 4059 evectus
1677 4012 1781 4058 est.
1816 4004 2006 4074 Magno
2039 4003 2336 4057 Athanasio
2374 4004 2638 4073 aequalis,
2685 4004 2876 4075 Magno
2920 4019 3136 4073 quoque
3166 4005 3403 4060 Antonio
3438 4006 3597 4061 fami-

324 4102 481 4158 liaris
530 4102 627 4172 (4),
658 4120 726 4157 ex
761 4104 864 4157 hac
913 4103 1023 4157 vita
1057 4102 1310 4172 migravit
1336 4100 1762 4171 nonagenarius,
1794 4110 2080 4169 postquam
2125 4100 2272 4169 ipsos
2304 4115 2477 4154 annos
2520 4099 2797 4167 sexaginta
2833 4098 3128 4152 solitariam
3158 4100 3328 4153 vitam
3370 4100 3593 4169 egisset,

324 4195 571 4251 Palladio
622 4205 795 4263 teste,
856 4199 951 4267 qui
1010 4207 1067 4252 et
1112 4197 1395 4266 praeclara
1439 4197 1560 4251 eius
1604 4195 1848 4250 facinora
1904 4195 2157 4265 pluribus
2198 4194 2458 4249 edisserit
2500 4193 2598 4265 (5).
2644 4212 2662 4245 ‹
2714 4192 2857 4259 Quid
2897 4208 2998 4264 ego
3038 4209 3257 4247 narrem
3284 4234 3298 4258 ,
3346 4212 3364 4245 ι
3414 4194 3595 4263 inquit

322 4291 689 4364 Hieronymus
715 4292 812 4365 (6),
846 4312 863 4345 ‹
898 4294 1180 4357 Macarius,
1210 4292 1488 4357 Arsenios,
1514 4292 1843 4362 Serapionas
1873 4300 1929 4345 et
1956 4292 2170 4362 reliqua
2196 4292 2576 4365 columnarum
2602 4288 2810 4345 Christi
2851 4289 3108 4344 nomina?
3150 4307 3170 4341 ι
3215 4290 3348 4345 Eius
3382 4304 3592 4344 memo—

322 4383 407 4438 ria
442 4384 497 4437 in
518 4384 791 4439 Ecclesiae
821 4384 1043 4439 Latinae
1068 4385 1222 4439 fastis
1248 4385 1336 4439 die
1368 4384 1460 4440 XV
1488 4378 1733 4439 Januarii
1761 4385 2045 4439 recolitur.

397 4478 463 4533 ll.
496 4478 613 4533 Non
638 4480 813 4536 solum
838 4489 1021 4535 autem
1052 4481 1196 4535 vitae
1227 4480 1520 4535 sanctioris
1548 4479 1817 4534 institutis
1853 4478 2089 4534 eximius
2114 4477 2325 4533 exstitit
2364 4477 2632 4532 Macarius
2667 4476 2983 4549 Aegyptius,
3014 4476 3111 4533 sed
3143 4477 3308 4535 etiam
3342 4478 3593 4533 doctrina

319 4579 607 4638 praestans
635 4586 1024 4640 sacrarumque
1048 4571 1339 4625 literarum
1363 4570 1594 4626 scientia
1618 4570 1866 4640 apprime
1890 4572 2145 4626 excultus
2175 4570 2344 4624 fuisse
2367 4571 2721 4639 eomperitur.
2759 4570 2873 4625 Sub
2904 4571 3024 4627 eius
3048 4572 3269 4627 nomine
3302 4572 3601 4627 circumfe—‘

320 4673 525 4719 runtur
553 4665 816 4720 Homiliae
842 4666 1239 4738 quinquaginta
1260 4668 1324 4721 de
1352 4669 1655 4736 integritate
1684 4683 1817 4738 quae
1851 4667 1992 4721 decet
2019 4667 2366 4731 Christianos,
2402 4667 2705 4736 spiritualis
2734 4668 2883 4723 succi
2913 4669 3124 4738 plenae.
3154 4670 3262 4725 llas
3288 4672 3501 4739 primus
3524 4684 3592 4722 ex

318 4762 511 4817 codice
537 4762 901 4817 Bibliothecae
932 4763 1131 4834 Regiae
1176 4779 1369 4834 graece
1402 4764 1681 4834 latineque
1725 4764 1900 4819 edidit
1938 4764 2163 4819 Parisiis
2202 4763 2439 4818 Joannes
2472 4764 2654 4828 Picus,
2683 4764 2740 4817 in
2778 4773 2967 4819 senatu
3004 4766 3298 4821 Parisiensi
3332 4765 3589 4820 classium

318 4858 793 4930 inquisitoriarum
820 4876 1072 4926 uracses;
1109 4860 1411 4931 eademque
1432 4861 1603 4916 editio
1629 4877 1753 4916 cum
1777 4861 2026 4932 Gregorii
2067 4859 2461 4929 Thaumaturgi
2487 4868 2543 4914 et
2584 4860 2770 4915 Basilii
2800 4861 3167 4916 Seleuciensis
3196 4861 3457 4930 operibus
3486 4859 3590 4913 ihi-

316 4953 445 5010 dem
470 4956 667 5010 iterum
688 4956 892 5025 prodiit
916 4972 1059 5011 anno
1086 4956 1240 5011 1621.
1265 4956 1438 5012 Antea
1462 4972 1616 5022 vero,
1652 4973 1796 5011 anno
1836 4957 2049 5011 scilicet
2078 4957 2235 5020 1591,
2264 4971 2332 5010 ex
2362 4955 2614 5009 versione
2654 4955 2948 5010 Zachariae
2988 4955 3256 5010 Palthenii
3298 4954 3592 5009 Friedhcr—

314 5054 500 5124 gensis
546 5052 885 5108 Francofurti
931 5054 1149 5109 fuerant
1192 5053 1421 5109 caedem
1470 5054 1749 5109 Homeliae
1794 5054 2036 5127 secundo
2083 5054 2389 5123 evulgatae.
2438 5053 2616 5122 Atque
2664 5053 2807 5106 hanc
2852 5051 3213 5121 posteriorem
3262 5051 3584 5115 editionem,

316 5160 513 5215 graeco
538 5154 691 5201 textu
713 5162 779 5200 ex
804 5162 934 5201 mss.
964 5146 1266 5211 codicibus,
1292 5163 1431 5217 quos
1459 5148 1516 5201 in
1542 5146 1657 5201 suis
1680 5146 1946 5202 Ecclesiae
1976 5147 2207 5203 Graecae
2226 5147 2577 5201 Monumentis
2601 5146 2860 5199 excitavit
2882 5144 3209 5209 Cotelerius,
3236 5143 3585 5213 potissimum

314 5239 607 5306 rcccnsito,
637 5255 700 5295 ac
739 5242 992 5296 versione
1034 5242 1391 5298 Paltheniana
1433 5243 1667 5299 subinde
1707 5243 1990 5313 castigata,
2034 5258 2229 5297 rursus
2270 5244 2424 5312 prelo
2466 5240 2741 5295 commisit
2768 5239 2984 5311 Lipsiae
3016 5255 3159 5293 anno
3185 5238 3319 5294 1698
3349 5240 3586 5294 Joannes

1836 5364 2065 5420 NOTAE
2077 5405 2092 5420 .

388 5471 462 5548 (1)
494 5472 719 5548 Pallad;
748 5471 890 5527 Hist.
950 5473 1112 5548 Laus.
1169 5491 1288 5545 cap.
1318 5476 1387 5529 20
1428 5494 1483 5548 p.
1536 5478 1679 5543 921;
1742 5478 1889 5547 Apo-
1997 5477 2292 5548 Tilleinont
2341 5474 2632 5531 Memoircs
2661 5476 2796 5531 cccl.
2836 5475 2900 5529 T.
2937 5474 3052 5530 VIII
3114 5491 3168 5545 p.
3225 5473 3326 5529 806
3356 5474 3480 5529 Not.
3512 5471 3581 5528 IV

307 5542 663 5670 phthegmata
688 5544 911 5598 Patrum
942 5560 1028 5615 ap.
1058 5542 1294 5601 Cotele‘r.
1324 5542 1470 5602 Eccl.
1510 5542 1700 5603 Graec.
1738 5542 1884 5603 Men.
2001 5547 2189 5633 ειη-..8.
2228 5548 2482 5600 M’acaire.

362 5656 375 5669 .
407 5614 426 5667 I
454 5630 507 5670 n.
539 5615 661 5667 557.
2067 5616 2141 5670 (ο)
2172 5617 2376 5670 Pallad.
2412 5618 2449 5669 l.

362 5614 661 5687 .Ip.537.
728 5682 792 5687 ___
907 5614 1029 5687 ῃ(

2067 5616 2141 5687 (5)
2172 5617 2376 5670 Pallad.
2412 5618 2449 5669 ι.
2482 5618 2519 5669 ι.
2549 5616 2768 5685 eap.19.

382 5684 699 5819 (2)Sozom.
728 5682 868 5738 IIist.
907 5684 1053 5738 Eccl.
1086 5685 1183 5739 lib.
1213 5687 1281 5739 III
1316 5701 1435 5756 cap.
1475 5688 1561 5742 14.
2076 5682 2150 5757 (6)
2186 5688 2241 5741 S.
2282 5687 2505 5740 Ilicron.
2540 5682 2640 5755 Ep.
2686 5686 2843 5742 CVIII
2868 5687 2938 5739 al.
2986 5686 3177 5739 XXVII
3210 5686 3275 5739 ad
3312 5685 3576 5739 Eustoch.

382 5753 433 5815 (3
482 5755 686 5809 Pallad.
718 5754 756 5808 l.
792 5754 829 5805 l.
854 5769 972 5819 cap.
1010 5756 1151 5819 19p.
1187 5756 1311 5810 921.
2004 5758 2151 5819 εΗ,
2196 5757 2252 5811 S.
2306 5757 2529 5810 Ilieron.
2586 5758 2724 5819 Opp.
2782 5757 2869 5809 ed.
2918 5758 3119 5809 Veron.
3176 5757 3238 5810 'I'.
3292 5758 3309 5811 I
3378 5772 3431 5819 p.
3475 5756 3576 5810 698

352 5753 454 5827 ,(3)
482 5755 686 5827 Pallad.
718 5754 1073 5827 l._l.cap._19
1099 5772 1151 5823 p.
1187 5756 1311 5810 921.
1383 5753 1400 5756 ’
1646 5826 1649 5827 ν
2004 5753 2151 5825 ᾕΗξ,
2196 5757 2252 5811 S.
2306 5757 2529 5810 Ilieron.
2586 5753 2724 5827 Opp.
2782 5757 3119 5827 edaVcron.
3150 5757 3238 5827 _'l'.
3292 5758 3309 5811 Ι
3378 5772 3431 5827 p.
3475 5756 3581 5810 698

316 5906 319 5909 γ
378 5826 453 5897 (4)
482 5826 724 5883 Coteler.
771 5823 920 5878 Eccl.
956 5825 1148 5880 Graec.
1196 5826 1341 5882 Men.
1390 5828 1454 5883 T.
1502 5829 1603 5899 Ip.
1640 5826 1744 5883 550
1782 5844 1890 5899 sq.;
2003 5823 2203 5903 [Migne
2231 5827 2295 5884 T.
2323 5828 2344 5883 I
2376 5827 2602 5900 [PatroL
2635 5823 2699 5882 Τ.
2738 5825 2905 5899 XXII]
2957 5843 3010 5897 p.
3044 5824 3189 5899 8901.
