  <div class='ocr_page' id='page_1' title='image "/cluster/home/n/w/nwhite01/storage/ocr_20150623/34/coo.31924054869312/201.png"; bbox 0 0 4016 6434; ppageno 0'>
   <div class='ocr_carea' id='block_1_1' title="bbox 542 306 3778 415">
    <p class='ocr_par' dir='ltr' id='par_1_1' title="bbox 542 306 3778 415">
     <span class='ocr_line' id='line_1_1' title="bbox 542 306 3778 415; baseline 0.001 -4"><span class='ocrx_word' id='word_1_1' title='bbox 542 358 647 411; x_wconf 78' lang='lat'><strong><em>375</em></strong></span> <span class='ocrx_word' id='word_1_2' title='bbox 1816 352 2185 408; x_wconf 83' lang='lat' dir='ltr'><strong><em>CASIMIRUS</em></strong></span> <span class='ocrx_word' id='word_1_3' title='bbox 2220 306 2522 409; x_wconf 67' lang='lat' dir='ltr'><strong><em>OUDINHS</em></strong></span> <span class='ocrx_word' id='word_1_4' title='bbox 3688 360 3778 415; x_wconf 75' lang='grc'><strong><em>576</em></strong></span> 
     </span>
    </p>
   </div>
   <div class='ocr_carea' id='block_1_2' title="bbox 547 464 3778 541">
    <p class='ocr_par' dir='ltr' id='par_1_2' title="bbox 547 464 3778 541">
     <span class='ocr_line' id='line_1_2' title="bbox 547 464 3778 541; baseline 0 -16"><span class='ocrx_word' id='word_1_5' title='bbox 547 476 783 541; x_wconf 76' lang='lat' dir='ltr'><strong><em>regular:</em></strong></span> <span class='ocrx_word' id='word_1_6' title='bbox 810 476 1007 531; x_wconf 77' lang='lat' dir='ltr'><strong><em>tenere,</em></strong></span> <span class='ocrx_word' id='word_1_7' title='bbox 1036 482 1188 537; x_wconf 86' lang='lat' dir='ltr'><strong><em>quem</em></strong></span> <span class='ocrx_word' id='word_1_8' title='bbox 1211 465 1392 519; x_wconf 84' lang='lat' dir='ltr'><strong><em>beatus</em></strong></span> <span class='ocrx_word' id='word_1_9' title='bbox 1445 464 1713 518; x_wconf 79' lang='lat' dir='ltr'><strong><em>MACABII&#39;S</em></strong></span> <span class='ocrx_word' id='word_1_10' title='bbox 1760 465 2137 535; x_wconf 80' lang='lat' dir='ltr'><strong><em>Aegyptiorum</em></strong></span> <span class='ocrx_word' id='word_1_11' title='bbox 2167 465 2356 518; x_wconf 79' lang='lat' dir='ltr'><strong><em>indidit</em></strong></span> <span class='ocrx_word' id='word_1_12' title='bbox 2403 466 2691 525; x_wconf 74' lang='lat' dir='ltr'><strong><em>monac/iis,</em></strong></span> <span class='ocrx_word' id='word_1_13' title='bbox 2732 465 3037 516; x_wconf 82' lang='lat' dir='ltr'><strong><em>ministrare</em></strong></span> <span class='ocrx_word' id='word_1_14' title='bbox 3076 464 3206 535; x_wconf 79' lang='grc'>(56).</span> <span class='ocrx_word' id='word_1_15' title='bbox 3254 466 3409 519; x_wconf 81' lang='lat' dir='ltr'><strong><em>Alter</em></strong></span> <span class='ocrx_word' id='word_1_16' title='bbox 3449 484 3580 523; x_wconf 89' lang='lat' dir='ltr'><strong><em>vero</em></strong></span> <span class='ocrx_word' id='word_1_17' title='bbox 3620 478 3778 526; x_wconf 83' lang='lat' dir='ltr'><strong><em>sancti</em></strong></span> 
     </span>
    </p>
   </div>
   <div class='ocr_carea' id='block_1_3' title="bbox 545 552 3779 626">
    <p class='ocr_par' dir='ltr' id='par_1_3' title="bbox 545 552 3779 626">
     <span class='ocr_line' id='line_1_3' title="bbox 545 552 3779 626; baseline -0.001 -8"><span class='ocrx_word' id='word_1_18' title='bbox 545 563 859 626; x_wconf 84' lang='lat' dir='ltr'><strong><em>Philiberti,</em></strong></span> <span class='ocrx_word' id='word_1_19' title='bbox 891 560 1106 615; x_wconf 81' lang='lat' dir='ltr'><strong><em>abbatis</em></strong></span> <span class='ocrx_word' id='word_1_20' title='bbox 1144 556 1541 613; x_wconf 88' lang='lat' dir='ltr'><strong><em>Gemeticcnsis</em></strong></span> <span class='ocrx_word' id='word_1_21' title='bbox 1566 566 1621 609; x_wconf 87' lang='lat' dir='ltr'><strong><em>et</em></strong></span> <span class='ocrx_word' id='word_1_22' title='bbox 1650 555 1927 609; x_wconf 86' lang='lat' dir='ltr'><strong><em>llcriensis</em></strong></span> <span class='ocrx_word' id='word_1_23' title='bbox 1954 555 1995 619; x_wconf 93' lang='lat' dir='ltr'><strong><em>I,</em></strong></span> <span class='ocrx_word' id='word_1_24' title='bbox 2028 571 2117 609; x_wconf 87' lang='lat' dir='ltr'><strong><em>res</em></strong></span> <span class='ocrx_word' id='word_1_25' title='bbox 2146 564 2328 625; x_wconf 78' lang='lat' dir='ltr'><strong><em>gestas</em></strong></span> <span class='ocrx_word' id='word_1_26' title='bbox 2353 555 2531 610; x_wconf 87' lang='lat' dir='ltr'><strong><em>literis</em></strong></span> <span class='ocrx_word' id='word_1_27' title='bbox 2555 555 2813 609; x_wconf 91' lang='lat' dir='ltr'><strong><em>tradens:</em></strong></span> <span class='ocrx_word' id='word_1_28' title='bbox 2861 552 3047 606; x_wconf 78' lang='lat' dir='ltr'><strong><em>Basilii</em></strong></span> <span class='ocrx_word' id='word_1_29' title='bbox 3100 557 3268 607; x_wconf 86' lang='lat' dir='ltr'><strong><em>sancti</em></strong></span> <span class='ocrx_word' id='word_1_30' title='bbox 3333 557 3677 623; x_wconf 76' lang='lat' dir='ltr'><strong><em>charismata,</em></strong></span> <span class='ocrx_word' id='word_1_31' title='bbox 3702 561 3779 614; x_wconf 89' lang='lat' dir='ltr'><strong><em>in-</em></strong></span> 
     </span>
    </p>
   </div>
   <div class='ocr_carea' id='block_1_4' title="bbox 540 642 3778 725">
    <p class='ocr_par' dir='ltr' id='par_1_4' title="bbox 540 642 3778 725">
     <span class='ocr_line' id='line_1_4' title="bbox 540 642 3778 725; baseline -0.001 -18"><span class='ocrx_word' id='word_1_32' title='bbox 540 656 682 725; x_wconf 86' lang='lat' dir='ltr'><strong><em>quit,</em></strong></span> <span class='ocrx_word' id='word_1_33' title='bbox 710 654 926 707; x_wconf 67' lang='lat' dir='ltr'><strong><em>Mscanu</em></strong></span> <span class='ocrx_word' id='word_1_34' title='bbox 956 650 1214 721; x_wconf 79' lang='lat' dir='ltr'><strong><em>regulam,</em></strong></span> <span class='ocrx_word' id='word_1_35' title='bbox 1243 647 1509 701; x_wconf 80' lang='lat' dir='ltr'><strong><em>Benedicti</em></strong></span> <span class='ocrx_word' id='word_1_36' title='bbox 1531 647 1759 708; x_wconf 87' lang='lat' dir='ltr'><strong><em>decreta,</em></strong></span> <span class='ocrx_word' id='word_1_37' title='bbox 1792 643 2105 699; x_wconf 89' lang='lat' dir='ltr'><strong><em>Columbani</em></strong></span> <span class='ocrx_word' id='word_1_38' title='bbox 2126 648 2370 700; x_wconf 87' lang='lat' dir='ltr'><strong><em>instituta</em></strong></span> <span class='ocrx_word' id='word_1_39' title='bbox 2410 646 2747 697; x_wconf 85' lang='lat' dir='ltr'><strong><em>sanctissima</em></strong></span> <span class='ocrx_word' id='word_1_40' title='bbox 2777 643 2995 696; x_wconf 80' lang='lat' dir='ltr'><strong><em>lectione</em></strong></span> <span class='ocrx_word' id='word_1_41' title='bbox 3020 642 3390 711; x_wconf 76' lang='lat' dir='ltr'><strong><em>frequentabat</em></strong></span> <span class='ocrx_word' id='word_1_42' title='bbox 3416 648 3629 700; x_wconf 89' lang='lat' dir='ltr'><strong><em>assidua</em></strong></span> <span class='ocrx_word' id='word_1_43' title='bbox 3657 649 3778 717; x_wconf 81' lang='lat' dir='ltr'><strong><em>(Si).</em></strong></span> 
     </span>
    </p>
   </div>
   <div class='ocr_carea' id='block_1_5' title="bbox 542 738 3781 813">
    <p class='ocr_par' dir='ltr' id='par_1_5' title="bbox 542 738 3781 813">
     <span class='ocr_line' id='line_1_5' title="bbox 542 738 3781 813; baseline -0.002 -10"><span class='ocrx_word' id='word_1_44' title='bbox 542 750 660 805; x_wconf 91' lang='lat' dir='ltr'><strong><em>Utri</em></strong></span> <span class='ocrx_word' id='word_1_45' title='bbox 685 758 869 803; x_wconf 90' lang='lat' dir='ltr'><strong><em>autem</em></strong></span> <span class='ocrx_word' id='word_1_46' title='bbox 900 746 1153 806; x_wconf 89' lang='lat' dir='ltr'><strong><em>Macario,</em></strong></span> <span class='ocrx_word' id='word_1_47' title='bbox 1182 743 1517 813; x_wconf 80' lang='lat' dir='ltr'><strong><em>Aegyptione</em></strong></span> <span class='ocrx_word' id='word_1_48' title='bbox 1570 758 1638 795; x_wconf 89' lang='lat' dir='ltr'><strong><em>an</em></strong></span> <span class='ocrx_word' id='word_1_49' title='bbox 1680 741 2073 803; x_wconf 81' lang='lat' dir='ltr'><strong><em>Alexandrino,</em></strong></span> <span class='ocrx_word' id='word_1_50' title='bbox 2114 749 2347 809; x_wconf 90' lang='lat' dir='ltr'><strong><em>uterque</em></strong></span> <span class='ocrx_word' id='word_1_51' title='bbox 2385 739 2723 809; x_wconf 88' lang='lat' dir='ltr'><strong><em>biographus</em></strong></span> <span class='ocrx_word' id='word_1_52' title='bbox 2762 738 3026 807; x_wconf 80' lang='lat' dir='ltr'><strong><em>Regulam</em></strong></span> <span class='ocrx_word' id='word_1_53' title='bbox 3074 738 3345 792; x_wconf 86' lang='lat' dir='ltr'><strong><em>eiusmodi</em></strong></span> <span class='ocrx_word' id='word_1_54' title='bbox 3394 741 3623 805; x_wconf 82' lang='lat' dir='ltr'><strong><em>tribuat,</em></strong></span> <span class='ocrx_word' id='word_1_55' title='bbox 3650 743 3781 798; x_wconf 87' lang='lat' dir='ltr'><strong><em>haud</em></strong></span> 
     </span>
    </p>
   </div>
   <div class='ocr_carea' id='block_1_6' title="bbox 540 830 3779 908">
    <p class='ocr_par' dir='ltr' id='par_1_6' title="bbox 540 830 3779 908">
     <span class='ocr_line' id='line_1_6' title="bbox 540 830 3779 908; baseline -0.002 -15"><span class='ocrx_word' id='word_1_56' title='bbox 540 840 699 908; x_wconf 86' lang='lat' dir='ltr'><strong><em>plane</em></strong></span> <span class='ocrx_word' id='word_1_57' title='bbox 723 840 931 907; x_wconf 89' lang='lat' dir='ltr'><strong><em>liquet;</em></strong></span> <span class='ocrx_word' id='word_1_58' title='bbox 966 836 1149 890; x_wconf 89' lang='lat' dir='ltr'><strong><em>minus</em></strong></span> <span class='ocrx_word' id='word_1_59' title='bbox 1179 835 1325 888; x_wconf 90' lang='lat' dir='ltr'><strong><em>enim</em></strong></span> <span class='ocrx_word' id='word_1_60' title='bbox 1364 842 1621 908; x_wconf 80' lang='lat' dir='ltr'><strong><em>accurate</em></strong></span> <span class='ocrx_word' id='word_1_61' title='bbox 1661 832 1923 886; x_wconf 85' lang='lat' dir='ltr'><strong><em>Macarios</em></strong></span> <span class='ocrx_word' id='word_1_62' title='bbox 1977 832 2293 886; x_wconf 77' lang='lat' dir='ltr'><strong><em>distinxisse</em></strong></span> <span class='ocrx_word' id='word_1_63' title='bbox 2329 832 2599 901; x_wconf 90' lang='lat' dir='ltr'><strong><em>sequioris</em></strong></span> <span class='ocrx_word' id='word_1_64' title='bbox 2621 830 2741 884; x_wconf 82' lang='lat' dir='ltr'><strong><em>aevi</em></strong></span> <span class='ocrx_word' id='word_1_65' title='bbox 2773 831 3069 899; x_wconf 86' lang='lat' dir='ltr'><strong><em>scriptores</em></strong></span> <span class='ocrx_word' id='word_1_66' title='bbox 3098 838 3428 883; x_wconf 89' lang='lat' dir='ltr'><strong><em>noscuntur.</em></strong></span> <span class='ocrx_word' id='word_1_67' title='bbox 3459 832 3567 885; x_wconf 87' lang='lat' dir='ltr'><strong><em>Eos</em></strong></span> <span class='ocrx_word' id='word_1_68' title='bbox 3595 842 3779 897; x_wconf 88' lang='lat' dir='ltr'><strong><em>tamen,</em></strong></span> 
     </span>
    </p>
   </div>
   <div class='ocr_carea' id='block_1_7' title="bbox 540 905 3781 997">
    <p class='ocr_par' dir='ltr' id='par_1_7' title="bbox 540 905 3781 997">
     <span class='ocr_line' id='line_1_7' title="bbox 540 905 3781 997; baseline 0 -16"><span class='ocrx_word' id='word_1_69' title='bbox 540 905 967 997; x_wconf 43' lang='lat' dir='ltr'><strong><em>quorum—verba</em></strong></span> <span class='ocrx_word' id='word_1_70' title='bbox 996 928 1158 991; x_wconf 85' lang='lat' dir='ltr'><strong><em>modo</em></strong></span> <span class='ocrx_word' id='word_1_71' title='bbox 1184 905 1634 995; x_wconf 26' lang='lat' dir='ltr'><strong><em>protulimuside</em></strong></span> <span class='ocrx_word' id='word_1_72' title='bbox 1659 924 1895 978; x_wconf 87' lang='lat' dir='ltr'><strong><em>Macario</em></strong></span> <span class='ocrx_word' id='word_1_73' title='bbox 1934 926 2120 994; x_wconf 78' lang='lat' dir='ltr'><strong><em>potius</em></strong></span> <span class='ocrx_word' id='word_1_74' title='bbox 2153 925 2543 989; x_wconf 88' lang='lat' dir='ltr'><strong><em>Alexandrino,</em></strong></span> <span class='ocrx_word' id='word_1_75' title='bbox 2573 940 2737 994; x_wconf 91' lang='lat' dir='ltr'><strong><em>quam</em></strong></span> <span class='ocrx_word' id='word_1_76' title='bbox 2775 923 3041 994; x_wconf 75' lang='lat' dir='ltr'><strong><em>Aegyptio</em></strong></span> <span class='ocrx_word' id='word_1_77' title='bbox 3084 938 3205 975; x_wconf 86' lang='lat' dir='ltr'><strong><em>esse</em></strong></span> <span class='ocrx_word' id='word_1_78' title='bbox 3254 923 3629 994; x_wconf 90' lang='lat' dir='ltr'><strong><em>accipiendos,</em></strong></span> <span class='ocrx_word' id='word_1_79' title='bbox 3670 942 3781 981; x_wconf 87' lang='lat' dir='ltr'><strong><em>cum</em></strong></span> 
     </span>
    </p>
   </div>
   <div class='ocr_carea' id='block_1_8' title="bbox 540 1019 3781 1092">
    <p class='ocr_par' dir='ltr' id='par_1_8' title="bbox 540 1019 3781 1092">
     <span class='ocr_line' id='line_1_8' title="bbox 540 1019 3781 1092; baseline 0.001 -18"><span class='ocrx_word' id='word_1_80' title='bbox 540 1020 823 1075; x_wconf 88' lang='lat' dir='ltr'><strong><em>Ilolstenio</em></strong></span> <span class='ocrx_word' id='word_1_81' title='bbox 852 1022 959 1092; x_wconf 71' lang='lat'><strong><em>(5&#39;).)</em></strong></span> <span class='ocrx_word' id='word_1_82' title='bbox 986 1020 1416 1075; x_wconf 84' lang='lat' dir='ltr'><strong><em>existimaverim</em></strong></span> <span class='ocrx_word' id='word_1_83' title='bbox 1464 1021 1743 1088; x_wconf 84' lang='lat' dir='ltr'><strong><em>equidem.</em></strong></span> <span class='ocrx_word' id='word_1_84' title='bbox 1770 1020 2191 1088; x_wconf 43' lang='lat' dir='ltr'><strong><em>Constat‘enim,</em></strong></span> <span class='ocrx_word' id='word_1_85' title='bbox 2214 1022 2542 1092; x_wconf 83' lang='lat' dir='ltr'><strong><em>Aegyptium</em></strong></span> <span class='ocrx_word' id='word_1_86' title='bbox 2566 1030 2621 1075; x_wconf 90' lang='lat' dir='ltr'><strong><em>et</em></strong></span> <span class='ocrx_word' id='word_1_87' title='bbox 2652 1020 2923 1075; x_wconf 90' lang='lat' dir='ltr'><strong><em>seniorem</em></strong></span> <span class='ocrx_word' id='word_1_88' title='bbox 2956 1020 3129 1073; x_wconf 88' lang='lat' dir='ltr'><strong><em>altero</em></strong></span> <span class='ocrx_word' id='word_1_89' title='bbox 3154 1028 3210 1072; x_wconf 88' lang='lat' dir='ltr'><strong><em>et</em></strong></span> <span class='ocrx_word' id='word_1_90' title='bbox 3236 1019 3413 1071; x_wconf 89' lang='lat' dir='ltr'><strong><em>multo</em></strong></span> <span class='ocrx_word' id='word_1_91' title='bbox 3438 1021 3781 1077; x_wconf 83' lang='lat' dir='ltr'><strong><em>celebriorem</em></strong></span> 
     </span>
    </p>
   </div>
   <div class='ocr_carea' id='block_1_9' title="bbox 538 1109 3783 1184">
    <p class='ocr_par' dir='ltr' id='par_1_9' title="bbox 538 1109 3783 1184">
     <span class='ocr_line' id='line_1_9' title="bbox 538 1109 3783 1184; baseline 0 -17"><span class='ocrx_word' id='word_1_92' title='bbox 538 1114 839 1180; x_wconf 75' lang='lat' dir='ltr'><strong><em>exstitisse,</em></strong></span> <span class='ocrx_word' id='word_1_93' title='bbox 863 1114 1038 1184; x_wconf 81' lang='lat' dir='ltr'><strong><em>Magni</em></strong></span> <span class='ocrx_word' id='word_1_94' title='bbox 1067 1123 1357 1184; x_wconf 87' lang='lat' dir='ltr'><strong><em>propterea</em></strong></span> <span class='ocrx_word' id='word_1_95' title='bbox 1396 1122 1822 1181; x_wconf 77' lang='lat' dir='ltr'><strong><em>cognomentum</em></strong></span> <span class='ocrx_word' id='word_1_96' title='bbox 1860 1112 2155 1182; x_wconf 88' lang='lat' dir='ltr'><strong><em>adeptum;</em></strong></span> <span class='ocrx_word' id='word_1_97' title='bbox 2196 1111 2629 1167; x_wconf 78' lang='lat' dir='ltr'><strong><em>Alexandrinum</em></strong></span> <span class='ocrx_word' id='word_1_98' title='bbox 2655 1126 2787 1165; x_wconf 83' lang='lat' dir='ltr'><strong><em>vero</em></strong></span> <span class='ocrx_word' id='word_1_99' title='bbox 2817 1109 2983 1162; x_wconf 87' lang='lat' dir='ltr'><strong><em>urbici</em></strong></span> <span class='ocrx_word' id='word_1_100' title='bbox 3026 1118 3235 1163; x_wconf 90' lang='lat' dir='ltr'><strong><em>tantum</em></strong></span> <span class='ocrx_word' id='word_1_101' title='bbox 3263 1110 3541 1165; x_wconf 88' lang='lat' dir='ltr'><strong><em>vocabulo</em></strong></span> <span class='ocrx_word' id='word_1_102' title='bbox 3589 1112 3655 1165; x_wconf 91' lang='lat' dir='ltr'><strong><em>ab</em></strong></span> <span class='ocrx_word' id='word_1_103' title='bbox 3689 1114 3783 1169; x_wconf 90' lang='lat' dir='ltr'><strong><em>alio</em></strong></span> 
     </span>
    </p>
   </div>
   <div class='ocr_carea' id='block_1_10' title="bbox 536 1203 3781 1275">
    <p class='ocr_par' dir='ltr' id='par_1_10' title="bbox 536 1203 3781 1275">
     <span class='ocr_line' id='line_1_10' title="bbox 536 1203 3781 1275; baseline 0 -17"><span class='ocrx_word' id='word_1_104' title='bbox 536 1204 709 1260; x_wconf 79' lang='lat' dir='ltr'><strong><em>fuisse</em></strong></span> <span class='ocrx_word' id='word_1_105' title='bbox 744 1206 1087 1260; x_wconf 89' lang='lat' dir='ltr'><strong><em>discretum:</em></strong></span> <span class='ocrx_word' id='word_1_106' title='bbox 1126 1216 1186 1260; x_wconf 93' lang='lat' dir='ltr'><strong><em>ut</em></strong></span> <span class='ocrx_word' id='word_1_107' title='bbox 1208 1204 1442 1275; x_wconf 91' lang='lat' dir='ltr'><strong><em>proinde</em></strong></span> <span class='ocrx_word' id='word_1_108' title='bbox 1469 1205 1579 1258; x_wconf 91' lang='lat' dir='ltr'><strong><em>seri</em></strong></span> <span class='ocrx_word' id='word_1_109' title='bbox 1604 1206 1923 1275; x_wconf 75' lang='lat' dir='ltr'><strong><em>scriptores,</em></strong></span> <span class='ocrx_word' id='word_1_110' title='bbox 1966 1206 2189 1261; x_wconf 84' lang='lat' dir='ltr'><strong><em>Macarii</em></strong></span> <span class='ocrx_word' id='word_1_111' title='bbox 2239 1204 2564 1275; x_wconf 86' lang='lat' dir='ltr'><strong><em>simpliciter</em></strong></span> <span class='ocrx_word' id='word_1_112' title='bbox 2605 1204 2940 1258; x_wconf 88' lang='lat' dir='ltr'><strong><em>mentionem</em></strong></span> <span class='ocrx_word' id='word_1_113' title='bbox 2990 1203 3324 1268; x_wconf 85' lang='lat' dir='ltr'><strong><em>iniicientes,</em></strong></span> <span class='ocrx_word' id='word_1_114' title='bbox 3367 1206 3781 1260; x_wconf 83' lang='lat' dir='ltr'><strong><em>Alexandrinum</em></strong></span> 
     </span>
    </p>
   </div>
   <div class='ocr_carea' id='block_1_11' title="bbox 536 1295 3779 1370">
    <p class='ocr_par' dir='ltr' id='par_1_11' title="bbox 536 1295 3779 1370">
     <span class='ocr_line' id='line_1_11' title="bbox 536 1295 3779 1370; baseline 0.001 -20"><span class='ocrx_word' id='word_1_115' title='bbox 536 1298 709 1367; x_wconf 88' lang='lat' dir='ltr'><strong><em>magis</em></strong></span> <span class='ocrx_word' id='word_1_116' title='bbox 740 1314 905 1367; x_wconf 91' lang='lat' dir='ltr'><strong><em>quam</em></strong></span> <span class='ocrx_word' id='word_1_117' title='bbox 930 1299 1252 1370; x_wconf 88' lang='lat' dir='ltr'><strong><em>Aegyptium</em></strong></span> <span class='ocrx_word' id='word_1_118' title='bbox 1304 1300 1459 1369; x_wconf 91' lang='lat' dir='ltr'><strong><em>plura</em></strong></span> <span class='ocrx_word' id='word_1_119' title='bbox 1494 1297 1675 1351; x_wconf 90' lang='lat' dir='ltr'><strong><em>laudis</em></strong></span> <span class='ocrx_word' id='word_1_120' title='bbox 1708 1297 1943 1368; x_wconf 87' lang='lat' dir='ltr'><strong><em>insignia</em></strong></span> <span class='ocrx_word' id='word_1_121' title='bbox 1972 1307 2329 1352; x_wconf 89' lang='lat' dir='ltr'><strong><em>consecutum</em></strong></span> <span class='ocrx_word' id='word_1_122' title='bbox 2359 1296 2718 1366; x_wconf 80' lang='lat' dir='ltr'><strong><em>respexerint.</em></strong></span> <span class='ocrx_word' id='word_1_123' title='bbox 2752 1295 2978 1357; x_wconf 89' lang='lat' dir='ltr'><strong><em>Verum,</em></strong></span> <span class='ocrx_word' id='word_1_124' title='bbox 3012 1305 3073 1348; x_wconf 90' lang='lat' dir='ltr'><strong><em>ut</em></strong></span> <span class='ocrx_word' id='word_1_125' title='bbox 3097 1307 3158 1351; x_wconf 90' lang='lat' dir='ltr'><strong><em>ut</em></strong></span> <span class='ocrx_word' id='word_1_126' title='bbox 3200 1315 3287 1354; x_wconf 89' lang='lat' dir='ltr'><strong><em>res</em></strong></span> <span class='ocrx_word' id='word_1_127' title='bbox 3327 1314 3388 1354; x_wconf 90' lang='lat' dir='ltr'><strong><em>se</em></strong></span> <span class='ocrx_word' id='word_1_128' title='bbox 3421 1300 3642 1360; x_wconf 86' lang='lat' dir='ltr'><strong><em>habeat,</em></strong></span> <span class='ocrx_word' id='word_1_129' title='bbox 3685 1317 3779 1354; x_wconf 89' lang='lat' dir='ltr'><strong><em>non</em></strong></span> 
     </span>
    </p>
   </div>
   <div class='ocr_carea' id='block_1_12' title="bbox 535 1389 3779 1464">
    <p class='ocr_par' dir='ltr' id='par_1_12' title="bbox 535 1389 3779 1464">
     <span class='ocr_line' id='line_1_12' title="bbox 535 1389 3779 1464; baseline -0.002 -15"><span class='ocrx_word' id='word_1_130' title='bbox 535 1405 621 1449; x_wconf 89' lang='lat' dir='ltr'><strong><em>est</em></strong></span> <span class='ocrx_word' id='word_1_131' title='bbox 650 1412 749 1449; x_wconf 91' lang='lat' dir='ltr'><strong><em>cur</em></strong></span> <span class='ocrx_word' id='word_1_132' title='bbox 774 1396 995 1450; x_wconf 90' lang='lat' dir='ltr'><strong><em>demum</em></strong></span> <span class='ocrx_word' id='word_1_133' title='bbox 1030 1413 1061 1451; x_wconf 93' lang='lat' dir='ltr'><strong><em>a</em></strong></span> <span class='ocrx_word' id='word_1_134' title='bbox 1080 1396 1281 1452; x_wconf 87' lang='lat' dir='ltr'><strong><em>vetusti</em></strong></span> <span class='ocrx_word' id='word_1_135' title='bbox 1320 1396 1526 1451; x_wconf 87' lang='lat' dir='ltr'><strong><em>codicis</em></strong></span> <span class='ocrx_word' id='word_1_136' title='bbox 1545 1396 1837 1464; x_wconf 89' lang='lat' dir='ltr'><strong><em>scriptura,</em></strong></span> <span class='ocrx_word' id='word_1_137' title='bbox 1871 1408 2034 1463; x_wconf 88' lang='lat' dir='ltr'><strong><em>quem</em></strong></span> <span class='ocrx_word' id='word_1_138' title='bbox 2062 1393 2392 1448; x_wconf 87' lang='lat' dir='ltr'><strong><em>Benedictus</em></strong></span> <span class='ocrx_word' id='word_1_139' title='bbox 2427 1391 2755 1445; x_wconf 87' lang='lat' dir='ltr'><strong><em>Anianensis</em></strong></span> <span class='ocrx_word' id='word_1_140' title='bbox 2779 1389 2949 1444; x_wconf 87' lang='lat' dir='ltr'><strong><em>abbas</em></strong></span> <span class='ocrx_word' id='word_1_141' title='bbox 2970 1390 3281 1459; x_wconf 88' lang='lat' dir='ltr'><strong><em>descripsit,</em></strong></span> <span class='ocrx_word' id='word_1_142' title='bbox 3312 1390 3661 1456; x_wconf 88' lang='lat' dir='ltr'><strong><em>recedamus,</em></strong></span> <span class='ocrx_word' id='word_1_143' title='bbox 3699 1392 3779 1444; x_wconf 90' lang='lat' dir='ltr'><strong><em>ubi</em></strong></span> 
     </span>
    </p>
   </div>
   <div class='ocr_carea' id='block_1_13' title="bbox 534 1484 3778 1559">
    <p class='ocr_par' dir='ltr' id='par_1_13' title="bbox 534 1484 3778 1559">
     <span class='ocr_line' id='line_1_13' title="bbox 534 1484 3778 1559; baseline -0.001 -18"><span class='ocrx_word' id='word_1_144' title='bbox 534 1489 761 1557; x_wconf 86' lang='lat' dir='ltr'><strong><em>Regula,</em></strong></span> <span class='ocrx_word' id='word_1_145' title='bbox 786 1489 853 1543; x_wconf 90' lang='lat' dir='ltr'><strong><em>de</em></strong></span> <span class='ocrx_word' id='word_1_146' title='bbox 880 1506 986 1559; x_wconf 90' lang='lat' dir='ltr'><strong><em>qua</em></strong></span> <span class='ocrx_word' id='word_1_147' title='bbox 1012 1490 1308 1559; x_wconf 88' lang='lat' dir='ltr'><strong><em>loquimur,</em></strong></span> <span class='ocrx_word' id='word_1_148' title='bbox 1327 1491 1561 1545; x_wconf 86' lang='lat' dir='ltr'><strong><em>Macario</em></strong></span> <span class='ocrx_word' id='word_1_149' title='bbox 1586 1489 1957 1544; x_wconf 83' lang='lat' dir='ltr'><strong><em>Alexandrino</em></strong></span> <span class='ocrx_word' id='word_1_150' title='bbox 1976 1488 2179 1543; x_wconf 90' lang='lat' dir='ltr'><strong><em>diserte</em></strong></span> <span class='ocrx_word' id='word_1_151' title='bbox 2205 1487 2553 1542; x_wconf 90' lang='lat' dir='ltr'><strong><em>adscribitur.</em></strong></span> <span class='ocrx_word' id='word_1_152' title='bbox 2573 1485 2720 1539; x_wconf 88' lang='lat' dir='ltr'><strong><em>Idem</em></strong></span> <span class='ocrx_word' id='word_1_153' title='bbox 2737 1499 2904 1555; x_wconf 90' lang='lat' dir='ltr'><strong><em>porro</em></strong></span> <span class='ocrx_word' id='word_1_154' title='bbox 2933 1484 3225 1539; x_wconf 90' lang='lat' dir='ltr'><strong><em>dicendum</em></strong></span> <span class='ocrx_word' id='word_1_155' title='bbox 3252 1484 3320 1538; x_wconf 92' lang='lat' dir='ltr'><strong><em>de</em></strong></span> <span class='ocrx_word' id='word_1_156' title='bbox 3340 1485 3587 1555; x_wconf 86' lang='lat' dir='ltr'><strong><em>Epistola</em></strong></span> <span class='ocrx_word' id='word_1_157' title='bbox 3608 1500 3778 1539; x_wconf 85' lang='lat' dir='ltr'><strong><em>mona-</em></strong></span> 
     </span>
    </p>
   </div>
   <div class='ocr_carea' id='block_1_14' title="bbox 532 1575 3777 1652">
    <p class='ocr_par' dir='ltr' id='par_1_14' title="bbox 532 1575 3777 1652">
     <span class='ocr_line' id='line_1_14' title="bbox 532 1575 3777 1652; baseline -0.001 -19"><span class='ocrx_word' id='word_1_158' title='bbox 532 1580 652 1633; x_wconf 85' lang='lat' dir='ltr'><strong><em>chis</em></strong></span> <span class='ocrx_word' id='word_1_159' title='bbox 678 1580 939 1650; x_wconf 88' lang='lat' dir='ltr'><strong><em>inscripta</em></strong></span> <span class='ocrx_word' id='word_1_160' title='bbox 966 1582 1253 1651; x_wconf 89' lang='lat' dir='ltr'><strong><em>eidemque</em></strong></span> <span class='ocrx_word' id='word_1_161' title='bbox 1280 1583 1517 1652; x_wconf 79' lang='lat' dir='ltr'><strong><em>Regulae</em></strong></span> <span class='ocrx_word' id='word_1_162' title='bbox 1548 1581 1780 1651; x_wconf 90' lang='lat' dir='ltr'><strong><em>adjecta.</em></strong></span> <span class='ocrx_word' id='word_1_163' title='bbox 1807 1580 1875 1634; x_wconf 86' lang='lat' dir='ltr'><strong><em>Et</em></strong></span> <span class='ocrx_word' id='word_1_164' title='bbox 1900 1580 1957 1632; x_wconf 89' lang='lat' dir='ltr'><strong><em>in</em></strong></span> <span class='ocrx_word' id='word_1_165' title='bbox 2009 1579 2151 1633; x_wconf 89' lang='lat' dir='ltr'><strong><em>hanc</em></strong></span> <span class='ocrx_word' id='word_1_166' title='bbox 2197 1578 2420 1648; x_wconf 88' lang='lat' dir='ltr'><strong><em>quidem</em></strong></span> <span class='ocrx_word' id='word_1_167' title='bbox 2466 1578 2794 1632; x_wconf 86' lang='lat' dir='ltr'><strong><em>sententiam</em></strong></span> <span class='ocrx_word' id='word_1_168' title='bbox 2842 1576 3001 1646; x_wconf 89' lang='lat' dir='ltr'><strong><em>plura</em></strong></span> <span class='ocrx_word' id='word_1_169' title='bbox 3034 1575 3450 1629; x_wconf 86' lang='lat' dir='ltr'><strong><em>eruditissimus</em></strong></span> <span class='ocrx_word' id='word_1_170' title='bbox 3497 1576 3777 1630; x_wconf 87' lang='lat' dir='ltr'><strong><em>Tillemon-</em></strong></span> 
     </span>
    </p>
   </div>
   <div class='ocr_carea' id='block_1_15' title="bbox 534 1666 3524 1738">
    <p class='ocr_par' dir='ltr' id='par_1_15' title="bbox 534 1666 3524 1738">
     <span class='ocr_line' id='line_1_15' title="bbox 534 1666 3524 1738; baseline -0.002 -16"><span class='ocrx_word' id='word_1_171' title='bbox 534 1669 663 1730; x_wconf 91' lang='lat' dir='ltr'><strong><em>tius,</em></strong></span> <span class='ocrx_word' id='word_1_172' title='bbox 689 1670 783 1736; x_wconf 90' lang='lat' dir='ltr'><strong><em>qui</em></strong></span> <span class='ocrx_word' id='word_1_173' title='bbox 807 1678 1091 1738; x_wconf 90' lang='lat' dir='ltr'><strong><em>praeterea</em></strong></span> <span class='ocrx_word' id='word_1_174' title='bbox 1121 1669 1389 1723; x_wconf 72' lang='lat' dir='ltr'><strong><em>Gennadii</em></strong></span> <span class='ocrx_word' id='word_1_175' title='bbox 1420 1671 1585 1724; x_wconf 87' lang='lat' dir='ltr'><strong><em>verba</em></strong></span> <span class='ocrx_word' id='word_1_176' title='bbox 1622 1669 1925 1732; x_wconf 84' lang='lat' dir='ltr'><strong><em>excutiens,</em></strong></span> <span class='ocrx_word' id='word_1_177' title='bbox 1953 1669 2075 1723; x_wconf 92' lang='lat' dir='ltr'><strong><em>eius</em></strong></span> <span class='ocrx_word' id='word_1_178' title='bbox 2108 1669 2489 1723; x_wconf 89' lang='lat' dir='ltr'><strong><em>auctoritatem</em></strong></span> <span class='ocrx_word' id='word_1_179' title='bbox 2533 1668 2731 1722; x_wconf 90' lang='lat' dir='ltr'><strong><em>merito</em></strong></span> <span class='ocrx_word' id='word_1_180' title='bbox 2759 1667 2977 1721; x_wconf 77' lang='lat' dir='ltr'><strong><em>elevare</em></strong></span> <span class='ocrx_word' id='word_1_181' title='bbox 3002 1666 3341 1735; x_wconf 90' lang='lat' dir='ltr'><strong><em>compcritur</em></strong></span> <span class='ocrx_word' id='word_1_182' title='bbox 3385 1666 3524 1736; x_wconf 82' lang='grc'>(55).</span> 
     </span>
    </p>
   </div>
   <div class='ocr_carea' id='block_1_16' title="bbox 605 1759 3778 1831">
    <p class='ocr_par' dir='ltr' id='par_1_16' title="bbox 605 1759 3778 1831">
     <span class='ocr_line' id='line_1_16' title="bbox 605 1759 3778 1831; baseline -0.001 -16"><span class='ocrx_word' id='word_1_183' title='bbox 605 1759 693 1815; x_wconf 90' lang='lat' dir='ltr'><strong><em>lll.</em></strong></span> <span class='ocrx_word' id='word_1_184' title='bbox 721 1759 834 1814; x_wconf 90' lang='lat' dir='ltr'><strong><em>Sub</em></strong></span> <span class='ocrx_word' id='word_1_185' title='bbox 865 1760 1030 1814; x_wconf 87' lang='lat' dir='ltr'><strong><em>huius</em></strong></span> <span class='ocrx_word' id='word_1_186' title='bbox 1058 1761 1188 1815; x_wconf 90' lang='lat' dir='ltr'><strong><em>item</em></strong></span> <span class='ocrx_word' id='word_1_187' title='bbox 1210 1764 1429 1819; x_wconf 85' lang='lat' dir='ltr'><strong><em>Macarii</em></strong></span> <span class='ocrx_word' id='word_1_188' title='bbox 1450 1764 1802 1818; x_wconf 78' lang='lat' dir='ltr'><strong><em>Alexandrini</em></strong></span> <span class='ocrx_word' id='word_1_189' title='bbox 1828 1764 2049 1818; x_wconf 89' lang='lat' dir='ltr'><strong><em>nomine</em></strong></span> <span class='ocrx_word' id='word_1_190' title='bbox 2078 1763 2314 1818; x_wconf 89' lang='lat' dir='ltr'><strong><em>habetur</em></strong></span> <span class='ocrx_word' id='word_1_191' title='bbox 2358 1762 2542 1816; x_wconf 85' lang='lat' dir='ltr'><strong><em>Sermo</em></strong></span> <span class='ocrx_word' id='word_1_192' title='bbox 2566 1762 2629 1815; x_wconf 86' lang='lat' dir='ltr'><strong><em>de</em></strong></span> <span class='ocrx_word' id='word_1_193' title='bbox 2656 1778 2863 1815; x_wconf 75' lang='lat' dir='ltr'><strong><em>excessu</em></strong></span> <span class='ocrx_word' id='word_1_194' title='bbox 2887 1763 3147 1815; x_wconf 83' lang='lat' dir='ltr'><strong><em>iustorum</em></strong></span> <span class='ocrx_word' id='word_1_195' title='bbox 3172 1771 3219 1815; x_wconf 92' lang='lat' dir='ltr'><strong><em>et</em></strong></span> <span class='ocrx_word' id='word_1_196' title='bbox 3247 1770 3611 1831; x_wconf 83' lang='lat' dir='ltr'><strong><em>peccatorum,</em></strong></span> <span class='ocrx_word' id='word_1_197' title='bbox 3637 1777 3778 1830; x_wconf 85' lang='lat' dir='ltr'><strong><em>quor-</em></strong></span> 
     </span>
    </p>
   </div>
   <div class='ocr_carea' id='block_1_17' title="bbox 529 1850 3777 1930">
    <p class='ocr_par' dir='ltr' id='par_1_17' title="bbox 529 1850 3777 1930">
     <span class='ocr_line' id='line_1_17' title="bbox 529 1850 3777 1930; baseline -0.002 -21"><span class='ocrx_word' id='word_1_198' title='bbox 529 1871 651 1909; x_wconf 87' lang='lat' dir='ltr'><strong><em>sum</em></strong></span> <span class='ocrx_word' id='word_1_199' title='bbox 681 1855 874 1909; x_wconf 83' lang='lat' dir='ltr'><strong><em>scilicet</em></strong></span> <span class='ocrx_word' id='word_1_200' title='bbox 902 1873 1081 1911; x_wconf 87' lang='lat' dir='ltr'><strong><em>eorum</em></strong></span> <span class='ocrx_word' id='word_1_201' title='bbox 1108 1860 1319 1913; x_wconf 83' lang='lat' dir='ltr'><strong><em>animae</em></strong></span> <span class='ocrx_word' id='word_1_202' title='bbox 1343 1876 1370 1913; x_wconf 87' lang='lat' dir='ltr'><strong><em>e</em></strong></span> <span class='ocrx_word' id='word_1_203' title='bbox 1393 1876 1607 1930; x_wconf 86' lang='lat' dir='ltr'><strong><em>corpore</em></strong></span> <span class='ocrx_word' id='word_1_204' title='bbox 1630 1860 1922 1930; x_wconf 87' lang='lat' dir='ltr'><strong><em>demigrent</em></strong></span> <span class='ocrx_word' id='word_1_205' title='bbox 1948 1866 1997 1912; x_wconf 89' lang='lat' dir='ltr'><strong><em>et</em></strong></span> <span class='ocrx_word' id='word_1_206' title='bbox 2030 1858 2287 1929; x_wconf 85' lang='lat' dir='ltr'><strong><em>quomodo</em></strong></span> <span class='ocrx_word' id='word_1_207' title='bbox 2308 1873 2363 1911; x_wconf 92' lang='lat' dir='ltr'><strong><em>se</em></strong></span> <span class='ocrx_word' id='word_1_208' title='bbox 2386 1857 2633 1911; x_wconf 82' lang='lat' dir='ltr'><strong><em>habeant.</em></strong></span> <span class='ocrx_word' id='word_1_209' title='bbox 2660 1856 2819 1911; x_wconf 87' lang='lat' dir='ltr'><strong><em>Hunc</em></strong></span> <span class='ocrx_word' id='word_1_210' title='bbox 2850 1869 2982 1909; x_wconf 83' lang='lat' dir='ltr'><strong><em>vero</em></strong></span> <span class='ocrx_word' id='word_1_211' title='bbox 3009 1868 3323 1908; x_wconf 89' lang='lat' dir='ltr'><strong><em>sermonem</em></strong></span> <span class='ocrx_word' id='word_1_212' title='bbox 3366 1852 3587 1922; x_wconf 88' lang='lat' dir='ltr'><strong><em>primus</em></strong></span> <span class='ocrx_word' id='word_1_213' title='bbox 3623 1850 3675 1904; x_wconf 92' lang='lat' dir='ltr'><strong><em>in</em></strong></span> <span class='ocrx_word' id='word_1_214' title='bbox 3705 1852 3777 1905; x_wconf 89' lang='lat' dir='ltr'><strong><em>lu-</em></strong></span> 
     </span>
    </p>
   </div>
   <div class='ocr_carea' id='block_1_18' title="bbox 531 1944 3778 2021">
    <p class='ocr_par' dir='ltr' id='par_1_18' title="bbox 531 1944 3778 2021">
     <span class='ocr_line' id='line_1_18' title="bbox 531 1944 3778 2021; baseline -0.003 -17"><span class='ocrx_word' id='word_1_215' title='bbox 531 1964 652 2004; x_wconf 88' lang='lat' dir='ltr'><strong><em>cem</em></strong></span> <span class='ocrx_word' id='word_1_216' title='bbox 674 1952 871 2007; x_wconf 85' lang='lat' dir='ltr'><strong><em>extulit</em></strong></span> <span class='ocrx_word' id='word_1_217' title='bbox 885 1952 1207 2009; x_wconf 88' lang='lat' dir='ltr'><strong><em>Guilielmus</em></strong></span> <span class='ocrx_word' id='word_1_218' title='bbox 1228 1954 1439 2010; x_wconf 82' lang='lat' dir='ltr'><strong><em>Caveus</em></strong></span> <span class='ocrx_word' id='word_1_219' title='bbox 1460 1971 1528 2009; x_wconf 89' lang='lat' dir='ltr'><strong><em>ex</em></strong></span> <span class='ocrx_word' id='word_1_220' title='bbox 1549 1970 1650 2010; x_wconf 91' lang='lat' dir='ltr'><strong><em>ms.</em></strong></span> <span class='ocrx_word' id='word_1_221' title='bbox 1676 1956 1865 2011; x_wconf 90' lang='lat' dir='ltr'><strong><em>codice</em></strong></span> <span class='ocrx_word' id='word_1_222' title='bbox 1890 1955 2258 2009; x_wconf 88' lang='lat' dir='ltr'><strong><em>Bibliothecae</em></strong></span> <span class='ocrx_word' id='word_1_223' title='bbox 2279 1952 2541 2008; x_wconf 85' lang='lat' dir='ltr'><strong><em>Paulinae</em></strong></span> <span class='ocrx_word' id='word_1_224' title='bbox 2555 1952 2880 2021; x_wconf 88' lang='lat' dir='ltr'><strong><em>Lipsiensis,</em></strong></span> <span class='ocrx_word' id='word_1_225' title='bbox 2906 1947 3145 2005; x_wconf 79' lang='lat' dir='ltr'><strong><em>Henrico</em></strong></span> <span class='ocrx_word' id='word_1_226' title='bbox 3161 1944 3478 1999; x_wconf 85' lang='lat' dir='ltr'><strong><em>Warthono</em></strong></span> <span class='ocrx_word' id='word_1_227' title='bbox 3498 1944 3778 2012; x_wconf 90' lang='lat' dir='ltr'><strong><em>interprete</em></strong></span> 
     </span>
    </p>
   </div>
   <div class='ocr_carea' id='block_1_19' title="bbox 532 2036 3776 2119">
    <p class='ocr_par' dir='ltr' id='par_1_19' title="bbox 532 2036 3776 2119">
     <span class='ocr_line' id='line_1_19' title="bbox 532 2036 3776 2119; baseline -0.003 -24"><span class='ocrx_word' id='word_1_228' title='bbox 532 2056 669 2097; x_wconf 90' lang='lat' dir='ltr'><strong><em>usus</em></strong></span> <span class='ocrx_word' id='word_1_229' title='bbox 699 2043 831 2113; x_wconf 69' lang='grc'>(54).</span> <span class='ocrx_word' id='word_1_230' title='bbox 854 2044 1209 2099; x_wconf 89' lang='lat' dir='ltr'><strong><em>Postmodum</em></strong></span> <span class='ocrx_word' id='word_1_231' title='bbox 1234 2062 1365 2101; x_wconf 87' lang='lat' dir='ltr'><strong><em>vero</em></strong></span> <span class='ocrx_word' id='word_1_232' title='bbox 1392 2064 1460 2103; x_wconf 90' lang='lat' dir='ltr'><strong><em>ex</em></strong></span> <span class='ocrx_word' id='word_1_233' title='bbox 1481 2048 1675 2103; x_wconf 89' lang='lat' dir='ltr'><strong><em>eodem</em></strong></span> <span class='ocrx_word' id='word_1_234' title='bbox 1693 2064 1795 2103; x_wconf 92' lang='lat' dir='ltr'><strong><em>ms.</em></strong></span> <span class='ocrx_word' id='word_1_235' title='bbox 1835 2048 2134 2119; x_wconf 88' lang='lat' dir='ltr'><strong><em>Lipsiensi,</em></strong></span> <span class='ocrx_word' id='word_1_236' title='bbox 2161 2062 2289 2101; x_wconf 92' lang='lat' dir='ltr'><strong><em>cum</em></strong></span> <span class='ocrx_word' id='word_1_237' title='bbox 2318 2046 2539 2100; x_wconf 91' lang='lat' dir='ltr'><strong><em>duobus</em></strong></span> <span class='ocrx_word' id='word_1_238' title='bbox 2563 2044 2851 2099; x_wconf 88' lang='lat' dir='ltr'><strong><em>codicibus</em></strong></span> <span class='ocrx_word' id='word_1_239' title='bbox 2890 2040 3301 2098; x_wconf 76' lang='lat' dir='ltr'><strong><em>Viennensibus</em></strong></span> <span class='ocrx_word' id='word_1_240' title='bbox 3331 2037 3557 2101; x_wconf 88' lang='lat' dir='ltr'><strong><em>collato,</em></strong></span> <span class='ocrx_word' id='word_1_241' title='bbox 3598 2036 3776 2088; x_wconf 89' lang='lat' dir='ltr'><strong><em>iterum</em></strong></span> 
     </span>
    </p>
   </div>
   <div class='ocr_carea' id='block_1_20' title="bbox 530 2125 3776 2214">
    <p class='ocr_par' dir='ltr' id='par_1_20' title="bbox 530 2125 3776 2214">
     <span class='ocr_line' id='line_1_20' title="bbox 530 2125 3776 2214; baseline -0.006 -21"><span class='ocrx_word' id='word_1_242' title='bbox 530 2142 684 2194; x_wconf 84' lang='lat' dir='ltr'><strong><em>velut</em></strong></span> <span class='ocrx_word' id='word_1_243' title='bbox 721 2141 901 2195; x_wconf 89' lang='lat' dir='ltr'><strong><em>adhuc</em></strong></span> <span class='ocrx_word' id='word_1_244' title='bbox 954 2141 1220 2196; x_wconf 90' lang='lat' dir='ltr'><strong><em>ineditum</em></strong></span> <span class='ocrx_word' id='word_1_245' title='bbox 1243 2144 1410 2196; x_wconf 82' lang='lat' dir='ltr'><strong><em>vertit</em></strong></span> <span class='ocrx_word' id='word_1_246' title='bbox 1447 2144 1829 2214; x_wconf 87' lang='lat' dir='ltr'><strong><em>evulgavitque</em></strong></span> <span class='ocrx_word' id='word_1_247' title='bbox 1867 2144 2102 2198; x_wconf 82' lang='lat' dir='ltr'><strong><em>Jacobus</em></strong></span> <span class='ocrx_word' id='word_1_248' title='bbox 2154 2141 2363 2197; x_wconf 90' lang='lat' dir='ltr'><strong><em>Tollius</em></strong></span> <span class='ocrx_word' id='word_1_249' title='bbox 2405 2140 2539 2213; x_wconf 82' lang='grc'>(55),</span> <span class='ocrx_word' id='word_1_250' title='bbox 2590 2155 2756 2209; x_wconf 90' lang='lat' dir='ltr'><strong><em>quam</em></strong></span> <span class='ocrx_word' id='word_1_251' title='bbox 2788 2138 3012 2210; x_wconf 87' lang='lat' dir='ltr'><strong><em>quidem</em></strong></span> <span class='ocrx_word' id='word_1_252' title='bbox 3071 2130 3443 2205; x_wconf 88' lang='lat' dir='ltr'><strong><em>posteriorem</em></strong></span> <span class='ocrx_word' id='word_1_253' title='bbox 3498 2125 3776 2179; x_wconf 87' lang='lat' dir='ltr'><strong><em>editionem</em></strong></span> 
     </span>
    </p>
   </div>
   <div class='ocr_carea' id='block_1_21' title="bbox 532 2215 3779 2301">
    <p class='ocr_par' dir='ltr' id='par_1_21' title="bbox 532 2215 3779 2301">
     <span class='ocr_line' id='line_1_21' title="bbox 532 2215 3779 2301; baseline -0.005 -16"><span class='ocrx_word' id='word_1_254' title='bbox 532 2233 706 2287; x_wconf 87' lang='lat' dir='ltr'><strong><em>altera</em></strong></span> <span class='ocrx_word' id='word_1_255' title='bbox 756 2233 1086 2287; x_wconf 86' lang='lat' dir='ltr'><strong><em>exactiorem</em></strong></span> <span class='ocrx_word' id='word_1_256' title='bbox 1134 2234 1308 2287; x_wconf 89' lang='lat' dir='ltr'><strong><em>secuti</em></strong></span> <span class='ocrx_word' id='word_1_257' title='bbox 1362 2249 1575 2289; x_wconf 89' lang='lat' dir='ltr'><strong><em>sumus.</em></strong></span> <span class='ocrx_word' id='word_1_258' title='bbox 1623 2235 1779 2289; x_wconf 87' lang='lat' dir='ltr'><strong><em>Licet</em></strong></span> <span class='ocrx_word' id='word_1_259' title='bbox 1832 2243 2015 2288; x_wconf 92' lang='lat' dir='ltr'><strong><em>autem</em></strong></span> <span class='ocrx_word' id='word_1_260' title='bbox 2088 2234 2306 2289; x_wconf 86' lang='lat' dir='ltr'><strong><em>codices</em></strong></span> <span class='ocrx_word' id='word_1_261' title='bbox 2344 2248 2469 2286; x_wconf 90' lang='lat' dir='ltr'><strong><em>eum</em></strong></span> <span class='ocrx_word' id='word_1_262' title='bbox 2535 2231 2836 2301; x_wconf 88' lang='lat' dir='ltr'><strong><em>Lipsiensis</em></strong></span> <span class='ocrx_word' id='word_1_263' title='bbox 2897 2238 3013 2283; x_wconf 90' lang='lat' dir='ltr'><strong><em>tum</em></strong></span> <span class='ocrx_word' id='word_1_264' title='bbox 3072 2242 3218 2283; x_wconf 89' lang='lat' dir='ltr'><strong><em>unus</em></strong></span> <span class='ocrx_word' id='word_1_265' title='bbox 3262 2239 3338 2279; x_wconf 85' lang='lat' dir='ltr'><strong><em>ex</em></strong></span> <span class='ocrx_word' id='word_1_266' title='bbox 3391 2215 3779 2276; x_wconf 79' lang='lat' dir='ltr'><strong><em>Viennensibus</em></strong></span> 
     </span>
    </p>
   </div>
   <div class='ocr_carea' id='block_1_22' title="bbox 532 2307 3775 2398">
    <p class='ocr_par' dir='ltr' id='par_1_22' title="bbox 532 2307 3775 2398">
     <span class='ocr_line' id='line_1_22' title="bbox 532 2307 3775 2398; baseline -0.006 -18"><span class='ocrx_word' id='word_1_267' title='bbox 532 2327 767 2381; x_wconf 85' lang='lat' dir='ltr'><strong><em>Macario</em></strong></span> <span class='ocrx_word' id='word_1_268' title='bbox 794 2328 1163 2381; x_wconf 84' lang='lat' dir='ltr'><strong><em>Alexandrino</em></strong></span> <span class='ocrx_word' id='word_1_269' title='bbox 1184 2328 1500 2383; x_wconf 89' lang='lat' dir='ltr'><strong><em>huiusmodi</em></strong></span> <span class='ocrx_word' id='word_1_270' title='bbox 1516 2330 1840 2398; x_wconf 91' lang='lat' dir='ltr'><strong><em>opusculum</em></strong></span> <span class='ocrx_word' id='word_1_271' title='bbox 1880 2328 2157 2392; x_wconf 89' lang='lat' dir='ltr'><strong><em>adserant,</em></strong></span> <span class='ocrx_word' id='word_1_272' title='bbox 2200 2328 2339 2380; x_wconf 89' lang='lat' dir='ltr'><strong><em>alter</em></strong></span> <span class='ocrx_word' id='word_1_273' title='bbox 2362 2335 2545 2381; x_wconf 89' lang='lat' dir='ltr'><strong><em>tamen</em></strong></span> <span class='ocrx_word' id='word_1_274' title='bbox 2575 2324 2826 2381; x_wconf 88' lang='lat' dir='ltr'><strong><em>eiusdem</em></strong></span> <span class='ocrx_word' id='word_1_275' title='bbox 2865 2320 3237 2377; x_wconf 88' lang='lat' dir='ltr'><strong><em>Bibliothecae</em></strong></span> <span class='ocrx_word' id='word_1_276' title='bbox 3277 2315 3587 2370; x_wconf 84' lang='lat' dir='ltr'><strong><em>Caesareae</em></strong></span> <span class='ocrx_word' id='word_1_277' title='bbox 3623 2307 3775 2362; x_wconf 81' lang='lat' dir='ltr'><strong><em>codex</em></strong></span> 
     </span>
    </p>
   </div>
   <div class='ocr_carea' id='block_1_23' title="bbox 531 2398 2117 2490">
    <p class='ocr_par' dir='ltr' id='par_1_23' title="bbox 531 2418 2117 2490">
     <span class='ocr_line' id='line_1_23' title="bbox 531 2418 2117 2490; baseline 0.001 -18"><span class='ocrx_word' id='word_1_278' title='bbox 531 2419 985 2475; x_wconf 91' lang='lat' dir='ltr'><strong><em>membranaceus</em></strong></span> <span class='ocrx_word' id='word_1_279' title='bbox 1012 2420 1231 2474; x_wconf 82' lang='lat' dir='ltr'><strong><em>Macarii</em></strong></span> <span class='ocrx_word' id='word_1_280' title='bbox 1264 2420 1619 2474; x_wconf 76' lang='lat' dir='ltr'><strong><em>Alexandrini</em></strong></span> <span class='ocrx_word' id='word_1_281' title='bbox 1660 2420 1930 2490; x_wconf 90' lang='lat' dir='ltr'><strong><em>discipulo</em></strong></span> <span class='ocrx_word' id='word_1_282' title='bbox 1958 2418 2117 2474; x_wconf 71' lang='lat' dir='ltr'><strong><em>illud‘</em></strong></span> 
     </span>
    </p>
   </div>
   <div class='ocr_carea' id='block_1_24' title="bbox 2187 2398 3773 2490">
    <p class='ocr_par' dir='ltr' id='par_1_24' title="bbox 2187 2398 3773 2478">
     <span class='ocr_line' id='line_1_24' title="bbox 2187 2398 3773 2478; baseline -0.014 -7"><span class='ocrx_word' id='word_1_283' title='bbox 2187 2418 2374 2472; x_wconf 82' lang='lat' dir='ltr'><strong><em>idicat.</em></strong></span> <span class='ocrx_word' id='word_1_284' title='bbox 2406 2417 2498 2472; x_wconf 90' lang='lat' dir='ltr'><strong><em>Sic</em></strong></span> <span class='ocrx_word' id='word_1_285' title='bbox 2532 2418 2680 2471; x_wconf 88' lang='lat' dir='ltr'><strong><em>enim</em></strong></span> <span class='ocrx_word' id='word_1_286' title='bbox 2710 2414 2784 2469; x_wconf 84' lang='lat' dir='ltr'><strong><em>ibi</em></strong></span> <span class='ocrx_word' id='word_1_287' title='bbox 2819 2432 2832 2467; x_wconf 89' lang='lat'><strong>:</strong></span> <span class='ocrx_word' id='word_1_288' title='bbox 2865 2412 2973 2466; x_wconf 80' lang='grc' dir='ltr'><strong><em>Τοῦ</em></strong></span> <span class='ocrx_word' id='word_1_289' title='bbox 3014 2410 3171 2478; x_wconf 82' lang='grc' dir='ltr'>ἁγίου</span> <span class='ocrx_word' id='word_1_290' title='bbox 3214 2406 3513 2475; x_wconf 77' lang='grc' dir='ltr'>Μακαρίου</span> <span class='ocrx_word' id='word_1_291' title='bbox 3543 2400 3634 2455; x_wconf 76' lang='grc' dir='ltr'><strong><em>τοῦ</em></strong></span> <span class='ocrx_word' id='word_1_292' title='bbox 3666 2398 3773 2451; x_wconf 85' lang='grc' dir='ltr'><strong><em>Αλε-</em></strong></span> 
     </span>
    </p>
   </div>
   <div class='ocr_carea' id='block_1_25' title="bbox 530 2496 2116 2584">
    <p class='ocr_par' dir='ltr' id='par_1_25' title="bbox 530 2510 2116 2584">
     <span class='ocr_line' id='line_1_25' title="bbox 530 2510 2116 2584; baseline 0.001 -21"><span class='ocrx_word' id='word_1_293' title='bbox 530 2511 851 2581; x_wconf 79' lang='grc' dir='ltr'><strong><em>ξανδρέωςό</em></strong></span> <span class='ocrx_word' id='word_1_294' title='bbox 890 2511 1137 2582; x_wconf 80' lang='grc' dir='ltr'><strong><em>μαθητὴς</em></strong></span> <span class='ocrx_word' id='word_1_295' title='bbox 1175 2512 1500 2584; x_wconf 83' lang='grc' dir='ltr'><strong><em>διηγήσατο,</em></strong></span> <span class='ocrx_word' id='word_1_296' title='bbox 1531 2515 1613 2567; x_wconf 84' lang='grc' dir='ltr'><strong><em>ὅτι</em></strong></span> <span class='ocrx_word' id='word_1_297' title='bbox 1659 2512 1794 2565; x_wconf 81' lang='grc' dir='ltr'>ποτὲ</span> <span class='ocrx_word' id='word_1_298' title='bbox 1840 2529 1895 2566; x_wconf 86' lang='grc' dir='ltr'>κ.</span> <span class='ocrx_word' id='word_1_299' title='bbox 1928 2528 1981 2565; x_wconf 81' lang='grc' dir='ltr'>τ.</span> <span class='ocrx_word' id='word_1_300' title='bbox 2013 2510 2065 2564; x_wconf 85' lang='grc' dir='ltr'>λ.</span> <span class='ocrx_word' id='word_1_301' title='bbox 2115 2533 2116 2538; x_wconf 50' lang='grc' dir='ltr'><strong>η</strong></span> 
     </span>
    </p>
   </div>
   <div class='ocr_carea' id='block_1_26' title="bbox 2182 2496 3768 2584">
    <p class='ocr_par' dir='ltr' id='par_1_26' title="bbox 2182 2496 3768 2565">
     <span class='ocr_line' id='line_1_26' title="bbox 2182 2496 3768 2565; baseline -0.013 -2"><span class='ocrx_word' id='word_1_302' title='bbox 2182 2520 2374 2565; x_wconf 67' lang='lat' dir='ltr'><strong><em>:terum</em></strong></span> <span class='ocrx_word' id='word_1_303' title='bbox 2410 2508 2478 2563; x_wconf 91' lang='lat' dir='ltr'><strong><em>de</em></strong></span> <span class='ocrx_word' id='word_1_304' title='bbox 2527 2509 2741 2562; x_wconf 80' lang='lat' dir='ltr'><strong><em>visione</em></strong></span> <span class='ocrx_word' id='word_1_305' title='bbox 2786 2506 2844 2561; x_wconf 87' lang='lat' dir='ltr'><strong><em>in</em></strong></span> <span class='ocrx_word' id='word_1_306' title='bbox 2877 2520 2944 2559; x_wconf 93' lang='lat' dir='ltr'><strong><em>eo</em></strong></span> <span class='ocrx_word' id='word_1_307' title='bbox 2990 2516 3243 2558; x_wconf 89' lang='lat' dir='ltr'><strong><em>sermone</em></strong></span> <span class='ocrx_word' id='word_1_308' title='bbox 3290 2499 3473 2553; x_wconf 90' lang='lat' dir='ltr'><strong><em>relata</em></strong></span> <span class='ocrx_word' id='word_1_309' title='bbox 3506 2496 3768 2551; x_wconf 88' lang='lat' dir='ltr'><strong><em>sinistrum</em></strong></span> 
     </span>
    </p>
   </div>
   <div class='ocr_carea' id='block_1_27' title="bbox 529 2588 3767 2675">
    <p class='ocr_par' dir='ltr' id='par_1_27' title="bbox 529 2588 3767 2675">
     <span class='ocr_line' id='line_1_27' title="bbox 529 2588 3767 2675; baseline -0.004 -19"><span class='ocrx_word' id='word_1_310' title='bbox 529 2602 761 2657; x_wconf 90' lang='lat' dir='ltr'><strong><em>editoris</em></strong></span> <span class='ocrx_word' id='word_1_311' title='bbox 781 2603 1069 2674; x_wconf 89' lang='lat' dir='ltr'><strong><em>utriusque</em></strong></span> <span class='ocrx_word' id='word_1_312' title='bbox 1106 2604 1373 2662; x_wconf 89' lang='lat' dir='ltr'><strong><em>iudicium</em></strong></span> <span class='ocrx_word' id='word_1_313' title='bbox 1406 2607 1539 2661; x_wconf 89' lang='lat' dir='ltr'><strong><em>satis</em></strong></span> <span class='ocrx_word' id='word_1_314' title='bbox 1567 2606 1798 2675; x_wconf 86' lang='lat' dir='ltr'><strong><em>corripit</em></strong></span> <span class='ocrx_word' id='word_1_315' title='bbox 1840 2613 2006 2675; x_wconf 89' lang='lat' dir='ltr'><strong><em>atque</em></strong></span> <span class='ocrx_word' id='word_1_316' title='bbox 2055 2604 2313 2659; x_wconf 89' lang='lat' dir='ltr'><strong><em>emendat</em></strong></span> <span class='ocrx_word' id='word_1_317' title='bbox 2346 2618 2445 2673; x_wconf 90' lang='lat' dir='ltr'><strong><em>par</em></strong></span> <span class='ocrx_word' id='word_1_318' title='bbox 2484 2603 2662 2673; x_wconf 85' lang='lat' dir='ltr'><strong><em>Magni</em></strong></span> <span class='ocrx_word' id='word_1_319' title='bbox 2701 2600 2926 2657; x_wconf 70' lang='lat' dir='ltr'><strong><em>Antonii</em></strong></span> <span class='ocrx_word' id='word_1_320' title='bbox 2960 2598 3224 2669; x_wconf 75' lang='grc' dir='ltr'><strong><em>διήγημα,</em></strong></span> <span class='ocrx_word' id='word_1_321' title='bbox 3257 2593 3413 2665; x_wconf 87' lang='lat' dir='ltr'><strong><em>quod</em></strong></span> <span class='ocrx_word' id='word_1_322' title='bbox 3453 2593 3601 2663; x_wconf 82' lang='lat' dir='ltr'><strong><em>legas</em></strong></span> <span class='ocrx_word' id='word_1_323' title='bbox 3645 2588 3767 2659; x_wconf 90' lang='lat' dir='ltr'><strong><em>apud</em></strong></span> 
     </span>
    </p>
   </div>
   <div class='ocr_carea' id='block_1_28' title="bbox 527 2687 3765 2766">
    <p class='ocr_par' dir='ltr' id='par_1_28' title="bbox 527 2687 3765 2766">
     <span class='ocr_line' id='line_1_28' title="bbox 527 2687 3765 2766; baseline -0.002 -21"><span class='ocrx_word' id='word_1_324' title='bbox 527 2690 834 2746; x_wconf 90' lang='lat' dir='ltr'><strong><em>Palladium</em></strong></span> <span class='ocrx_word' id='word_1_325' title='bbox 884 2691 1016 2762; x_wconf 83' lang='lat'><strong><em>(56),</em></strong></span> <span class='ocrx_word' id='word_1_326' title='bbox 1069 2702 1129 2747; x_wconf 92' lang='lat' dir='ltr'><strong><em>ut</em></strong></span> <span class='ocrx_word' id='word_1_327' title='bbox 1173 2705 1481 2763; x_wconf 85' lang='lat' dir='ltr'><strong><em>opportune</em></strong></span> <span class='ocrx_word' id='word_1_328' title='bbox 1533 2694 1770 2750; x_wconf 88' lang='lat' dir='ltr'><strong><em>advertit</em></strong></span> <span class='ocrx_word' id='word_1_329' title='bbox 1822 2695 2109 2751; x_wconf 89' lang='lat' dir='ltr'><strong><em>Fabricius</em></strong></span> <span class='ocrx_word' id='word_1_330' title='bbox 2154 2695 2287 2766; x_wconf 88' lang='grc'>(57).</span> <span class='ocrx_word' id='word_1_331' title='bbox 2334 2694 2523 2765; x_wconf 86' lang='lat' dir='ltr'><strong><em>Neque</em></strong></span> <span class='ocrx_word' id='word_1_332' title='bbox 2554 2693 2747 2748; x_wconf 86' lang='lat' dir='ltr'><strong><em>deesse</em></strong></span> <span class='ocrx_word' id='word_1_333' title='bbox 2775 2692 3058 2762; x_wconf 90' lang='lat' dir='ltr'><strong><em>complura</em></strong></span> <span class='ocrx_word' id='word_1_334' title='bbox 3081 2692 3213 2748; x_wconf 82' lang='lat' dir='ltr'><strong><em>huic</em></strong></span> <span class='ocrx_word' id='word_1_335' title='bbox 3238 2690 3425 2746; x_wconf 80' lang='lat' dir='ltr'><strong><em>aﬁ&#39;inia</em></strong></span> <span class='ocrx_word' id='word_1_336' title='bbox 3462 2688 3520 2743; x_wconf 89' lang='lat' dir='ltr'><strong><em>in</em></strong></span> <span class='ocrx_word' id='word_1_337' title='bbox 3544 2687 3679 2743; x_wconf 90' lang='lat' dir='ltr'><strong><em>Vitis</em></strong></span> <span class='ocrx_word' id='word_1_338' title='bbox 3720 2694 3765 2738; x_wconf 88' lang='lat' dir='ltr'><strong><em>et</em></strong></span> 
     </span>
    </p>
   </div>
   <div class='ocr_carea' id='block_1_29' title="bbox 527 2782 1895 2856">
    <p class='ocr_par' dir='ltr' id='par_1_29' title="bbox 527 2782 1895 2856">
     <span class='ocr_line' id='line_1_29' title="bbox 527 2782 1895 2856; baseline 0 -18"><span class='ocrx_word' id='word_1_339' title='bbox 527 2782 1021 2856; x_wconf 85' lang='lat' dir='ltr'><strong><em>Apophthegmatis</em></strong></span> <span class='ocrx_word' id='word_1_340' title='bbox 1038 2787 1284 2851; x_wconf 86' lang='lat' dir='ltr'><strong><em>Patrum,</em></strong></span> <span class='ocrx_word' id='word_1_341' title='bbox 1314 2784 1420 2838; x_wconf 90' lang='lat' dir='ltr'><strong><em>iam</em></strong></span> <span class='ocrx_word' id='word_1_342' title='bbox 1444 2794 1649 2839; x_wconf 90' lang='lat' dir='ltr'><strong><em>norunt</em></strong></span> <span class='ocrx_word' id='word_1_343' title='bbox 1669 2784 1895 2840; x_wconf 90' lang='lat' dir='ltr'><strong><em>eruditi.</em></strong></span> 
     </span>
    </p>
   </div>
   <div class='ocr_carea' id='block_1_30' title="bbox 599 2871 3759 2951">
    <p class='ocr_par' dir='ltr' id='par_1_30' title="bbox 599 2871 3759 2951">
     <span class='ocr_line' id='line_1_30' title="bbox 599 2871 3759 2951; baseline -0.003 -19"><span class='ocrx_word' id='word_1_344' title='bbox 599 2878 686 2933; x_wconf 88' lang='lat' dir='ltr'><strong><em>IV.</em></strong></span> <span class='ocrx_word' id='word_1_345' title='bbox 720 2880 815 2935; x_wconf 90' lang='lat' dir='ltr'><strong><em>His</em></strong></span> <span class='ocrx_word' id='word_1_346' title='bbox 840 2896 1004 2951; x_wconf 91' lang='lat' dir='ltr'><strong><em>porro</em></strong></span> <span class='ocrx_word' id='word_1_347' title='bbox 1027 2878 1292 2935; x_wconf 90' lang='lat' dir='ltr'><strong><em>hactenus</em></strong></span> <span class='ocrx_word' id='word_1_348' title='bbox 1316 2878 1606 2933; x_wconf 90' lang='lat' dir='ltr'><strong><em>recensitis</em></strong></span> <span class='ocrx_word' id='word_1_349' title='bbox 1628 2878 1919 2950; x_wconf 91' lang='lat' dir='ltr'><strong><em>Opusculis</em></strong></span> <span class='ocrx_word' id='word_1_350' title='bbox 1948 2878 2241 2934; x_wconf 89' lang='lat' dir='ltr'><strong><em>subiicitur</em></strong></span> <span class='ocrx_word' id='word_1_351' title='bbox 2269 2887 2573 2933; x_wconf 87' lang='lat' dir='ltr'><strong><em>sanctorum</em></strong></span> <span class='ocrx_word' id='word_1_352' title='bbox 2600 2885 2835 2949; x_wconf 85' lang='lat' dir='ltr'><strong><em>patrum,</em></strong></span> <span class='ocrx_word' id='word_1_353' title='bbox 2862 2876 3185 2948; x_wconf 73' lang='lat' dir='ltr'><strong><em>Serapionis,</em></strong></span> <span class='ocrx_word' id='word_1_354' title='bbox 3218 2877 3469 2940; x_wconf 74' lang='grc' dir='ltr'><strong><em>ΜΑοΑιιιι,</em></strong></span> <span class='ocrx_word' id='word_1_355' title='bbox 3499 2871 3759 2943; x_wconf 83' lang='lat' dir='ltr'><strong><em>Paphnulii</em></strong></span> 
     </span>
    </p>
   </div>
   <div class='ocr_carea' id='block_1_31' title="bbox 528 2970 3756 3043">
    <p class='ocr_par' dir='ltr' id='par_1_31' title="bbox 528 2970 3756 3043">
     <span class='ocr_line' id='line_1_31' title="bbox 528 2970 3756 3043; baseline -0.001 -21"><span class='ocrx_word' id='word_1_356' title='bbox 528 2978 580 3022; x_wconf 91' lang='lat' dir='ltr'><strong><em>et</em></strong></span> <span class='ocrx_word' id='word_1_357' title='bbox 604 2970 825 3024; x_wconf 76' lang='lat' dir='ltr'><strong><em>alterius</em></strong></span> <span class='ocrx_word' id='word_1_358' title='bbox 850 2972 1072 3027; x_wconf 77' lang='lat' dir='ltr'><strong><em>MACARII</em></strong></span> <span class='ocrx_word' id='word_1_359' title='bbox 1099 2972 1349 3027; x_wconf 89' lang='lat' dir='ltr'><strong><em>abbatum</em></strong></span> <span class='ocrx_word' id='word_1_360' title='bbox 1371 2972 1578 3043; x_wconf 86' lang='lat' dir='ltr'><strong><em>Regula</em></strong></span> <span class='ocrx_word' id='word_1_361' title='bbox 1602 2974 1672 3027; x_wconf 89' lang='lat' dir='ltr'><strong><em>ad</em></strong></span> <span class='ocrx_word' id='word_1_362' title='bbox 1698 2976 2003 3039; x_wconf 78' lang='lat' dir='ltr'><strong><em>monachos,</em></strong></span> <span class='ocrx_word' id='word_1_363' title='bbox 2032 2974 2120 3028; x_wconf 91' lang='lat' dir='ltr'><strong><em>cui</em></strong></span> <span class='ocrx_word' id='word_1_364' title='bbox 2152 2974 2291 3028; x_wconf 90' lang='lat' dir='ltr'><strong><em>aliae</em></strong></span> <span class='ocrx_word' id='word_1_365' title='bbox 2317 2973 2459 3028; x_wconf 89' lang='lat' dir='ltr'><strong><em>duae</em></strong></span> <span class='ocrx_word' id='word_1_366' title='bbox 2500 2982 2783 3043; x_wconf 88' lang='lat' dir='ltr'><strong><em>praeterea</em></strong></span> <span class='ocrx_word' id='word_1_367' title='bbox 2810 2988 3119 3039; x_wconf 88' lang='lat' dir='ltr'><strong><em>accessere;</em></strong></span> <span class='ocrx_word' id='word_1_368' title='bbox 3155 2987 3300 3042; x_wconf 88' lang='lat' dir='ltr'><strong><em>quae</em></strong></span> <span class='ocrx_word' id='word_1_369' title='bbox 3329 2970 3553 3039; x_wconf 89' lang='lat' dir='ltr'><strong><em>quidem</em></strong></span> <span class='ocrx_word' id='word_1_370' title='bbox 3592 2984 3653 3023; x_wconf 84' lang='lat' dir='ltr'><strong><em>ex</em></strong></span> <span class='ocrx_word' id='word_1_371' title='bbox 3682 2982 3756 3020; x_wconf 92' lang='lat' dir='ltr'><strong><em>co-</em></strong></span> 
     </span>
    </p>
   </div>
   <div class='ocr_carea' id='block_1_32' title="bbox 526 3059 3755 3133">
    <p class='ocr_par' dir='ltr' id='par_1_32' title="bbox 526 3059 3755 3133">
     <span class='ocr_line' id='line_1_32' title="bbox 526 3059 3755 3133; baseline 0.002 -20"><span class='ocrx_word' id='word_1_372' title='bbox 526 3059 651 3113; x_wconf 85' lang='lat' dir='ltr'><strong><em>dice</em></strong></span> <span class='ocrx_word' id='word_1_373' title='bbox 675 3061 1005 3130; x_wconf 89' lang='lat' dir='ltr'><strong><em>Regularum</em></strong></span> <span class='ocrx_word' id='word_1_374' title='bbox 1029 3062 1382 3116; x_wconf 84' lang='lat' dir='ltr'><strong><em>Holsteniano</em></strong></span> <span class='ocrx_word' id='word_1_375' title='bbox 1404 3062 1826 3133; x_wconf 91' lang='lat' dir='ltr'><strong><em>desumpsimus.</em></strong></span> <span class='ocrx_word' id='word_1_376' title='bbox 1850 3063 2087 3119; x_wconf 89' lang='lat' dir='ltr'><strong><em>Censent</em></strong></span> <span class='ocrx_word' id='word_1_377' title='bbox 2110 3071 2293 3118; x_wconf 91' lang='lat' dir='ltr'><strong><em>autem</em></strong></span> <span class='ocrx_word' id='word_1_378' title='bbox 2320 3065 2517 3119; x_wconf 90' lang='lat' dir='ltr'><strong><em>merito</em></strong></span> <span class='ocrx_word' id='word_1_379' title='bbox 2542 3079 2606 3119; x_wconf 91' lang='lat' dir='ltr'><strong><em>ac</em></strong></span> <span class='ocrx_word' id='word_1_380' title='bbox 2636 3064 2774 3129; x_wconf 87' lang='lat' dir='ltr'><strong><em>iure,</em></strong></span> <span class='ocrx_word' id='word_1_381' title='bbox 2800 3072 2860 3118; x_wconf 90' lang='lat' dir='ltr'><strong><em>ut</em></strong></span> <span class='ocrx_word' id='word_1_382' title='bbox 2876 3062 3112 3130; x_wconf 90' lang='lat' dir='ltr'><strong><em>videtur,</em></strong></span> <span class='ocrx_word' id='word_1_383' title='bbox 3140 3062 3611 3122; x_wconf 89' lang='lat' dir='ltr'><strong><em>virieruditissimi</em></strong></span> <span class='ocrx_word' id='word_1_384' title='bbox 3638 3059 3755 3131; x_wconf 73' lang='lat'><strong>(58).</strong></span> 
     </span>
    </p>
   </div>
   <div class='ocr_carea' id='block_1_33' title="bbox 527 3153 3753 3232">
    <p class='ocr_par' dir='ltr' id='par_1_33' title="bbox 527 3153 3753 3232">
     <span class='ocr_line' id='line_1_33' title="bbox 527 3153 3753 3232; baseline -0 -25"><span class='ocrx_word' id='word_1_385' title='bbox 527 3153 667 3209; x_wconf 89' lang='lat' dir='ltr'><strong><em>duos</em></strong></span> <span class='ocrx_word' id='word_1_386' title='bbox 693 3155 953 3211; x_wconf 88' lang='lat' dir='ltr'><strong><em>Macarios</em></strong></span> <span class='ocrx_word' id='word_1_387' title='bbox 978 3157 1084 3211; x_wconf 91' lang='lat' dir='ltr'><strong><em>hoc</em></strong></span> <span class='ocrx_word' id='word_1_388' title='bbox 1111 3158 1216 3211; x_wconf 92' lang='lat' dir='ltr'><strong><em>loci</em></strong></span> <span class='ocrx_word' id='word_1_389' title='bbox 1251 3167 1587 3212; x_wconf 89' lang='lat' dir='ltr'><strong><em>memoratos</em></strong></span> <span class='ocrx_word' id='word_1_390' title='bbox 1618 3157 1741 3211; x_wconf 90' lang='lat' dir='ltr'><strong><em>illos</em></strong></span> <span class='ocrx_word' id='word_1_391' title='bbox 1768 3171 1890 3212; x_wconf 90' lang='lat' dir='ltr'><strong><em>esse</em></strong></span> <span class='ocrx_word' id='word_1_392' title='bbox 1929 3156 2321 3213; x_wconf 87' lang='lat' dir='ltr'><strong><em>celeberrimos</em></strong></span> <span class='ocrx_word' id='word_1_393' title='bbox 2368 3158 2748 3223; x_wconf 85' lang='lat' dir='ltr'><strong><em>anachoretas,</em></strong></span> <span class='ocrx_word' id='word_1_394' title='bbox 2785 3157 2854 3212; x_wconf 92' lang='lat' dir='ltr'><strong><em>de</em></strong></span> <span class='ocrx_word' id='word_1_395' title='bbox 2888 3157 3092 3227; x_wconf 87' lang='lat' dir='ltr'><strong><em>quibus</em></strong></span> <span class='ocrx_word' id='word_1_396' title='bbox 3138 3162 3398 3232; x_wconf 89' lang='lat' dir='ltr'><strong><em>superius</em></strong></span> <span class='ocrx_word' id='word_1_397' title='bbox 3430 3156 3595 3214; x_wconf 85' lang='lat' dir='ltr'><strong><em>verba</em></strong></span> <span class='ocrx_word' id='word_1_398' title='bbox 3636 3154 3753 3209; x_wconf 79' lang='lat' dir='ltr'><strong><em>feei-</em></strong></span> 
     </span>
    </p>
   </div>
   <div class='ocr_carea' id='block_1_34' title="bbox 524 3252 3752 3327">
    <p class='ocr_par' dir='ltr' id='par_1_34' title="bbox 524 3252 3752 3327">
     <span class='ocr_line' id='line_1_34' title="bbox 524 3252 3752 3327; baseline -0.002 -22"><span class='ocrx_word' id='word_1_399' title='bbox 524 3266 669 3315; x_wconf 90' lang='lat' dir='ltr'><strong><em>mus,</em></strong></span> <span class='ocrx_word' id='word_1_400' title='bbox 695 3252 1019 3323; x_wconf 84' lang='lat' dir='ltr'><strong><em>Aegyptium</em></strong></span> <span class='ocrx_word' id='word_1_401' title='bbox 1064 3254 1321 3309; x_wconf 89' lang='lat' dir='ltr'><strong><em>videlicet</em></strong></span> <span class='ocrx_word' id='word_1_402' title='bbox 1355 3262 1521 3323; x_wconf 90' lang='lat' dir='ltr'><strong><em>atque</em></strong></span> <span class='ocrx_word' id='word_1_403' title='bbox 1557 3254 2006 3309; x_wconf 86' lang='lat' dir='ltr'><strong><em>Alexandrinum.</em></strong></span> <span class='ocrx_word' id='word_1_404' title='bbox 2038 3254 2271 3310; x_wconf 84' lang='lat' dir='ltr'><strong><em>Ruﬁnus</em></strong></span> <span class='ocrx_word' id='word_1_405' title='bbox 2306 3272 2321 3309; x_wconf 88' lang='lat'><strong>:</strong></span> <span class='ocrx_word' id='word_1_406' title='bbox 2366 3274 2385 3307; x_wconf 74' lang='grc'><strong><em>(</em></strong></span> <span class='ocrx_word' id='word_1_407' title='bbox 2415 3256 2520 3311; x_wconf 90' lang='lat' dir='ltr'><strong><em>Per</em></strong></span> <span class='ocrx_word' id='word_1_408' title='bbox 2544 3256 2690 3310; x_wconf 90' lang='lat' dir='ltr'><strong><em>idem</em></strong></span> <span class='ocrx_word' id='word_1_409' title='bbox 2734 3265 2971 3327; x_wconf 90' lang='lat' dir='ltr'><strong><em>tempus,</em></strong></span> <span class='ocrx_word' id='word_1_410' title='bbox 3026 3274 3045 3308; x_wconf 73' lang='grc' dir='ltr'><strong>ι</strong></span> <span class='ocrx_word' id='word_1_411' title='bbox 3093 3253 3277 3323; x_wconf 90' lang='lat' dir='ltr'><strong><em>inquit</em></strong></span> <span class='ocrx_word' id='word_1_412' title='bbox 3308 3271 3326 3305; x_wconf 83' lang='grc'><strong>‹</strong></span> <span class='ocrx_word' id='word_1_413' title='bbox 3372 3258 3551 3321; x_wconf 84' lang='lat' dir='ltr'><strong><em>patres</em></strong></span> <span class='ocrx_word' id='word_1_414' title='bbox 3582 3259 3752 3302; x_wconf 88' lang='lat' dir='ltr'><strong><em>mona-</em></strong></span> 
     </span>
    </p>
   </div>
   <div class='ocr_carea' id='block_1_35' title="bbox 526 3339 3750 3417">
    <p class='ocr_par' dir='ltr' id='par_1_35' title="bbox 526 3339 3750 3417">
     <span class='ocr_line' id='line_1_35' title="bbox 526 3339 3750 3417; baseline 0.001 -22"><span class='ocrx_word' id='word_1_415' title='bbox 526 3343 757 3398; x_wconf 84' lang='lat' dir='ltr'><strong><em>chorum</em></strong></span> <span class='ocrx_word' id='word_1_416' title='bbox 784 3345 926 3401; x_wconf 89' lang='lat' dir='ltr'><strong><em>vitae</em></strong></span> <span class='ocrx_word' id='word_1_417' title='bbox 961 3358 1018 3401; x_wconf 91' lang='lat' dir='ltr'><strong><em>et</em></strong></span> <span class='ocrx_word' id='word_1_418' title='bbox 1038 3348 1343 3402; x_wconf 86' lang='lat' dir='ltr'><strong><em>sanctitatis</em></strong></span> <span class='ocrx_word' id='word_1_419' title='bbox 1370 3347 1589 3411; x_wconf 89' lang='lat' dir='ltr'><strong><em>merito,</em></strong></span> <span class='ocrx_word' id='word_1_420' title='bbox 1613 3346 1880 3401; x_wconf 77' lang='lat' dir='ltr'><strong><em>Macarius</em></strong></span> <span class='ocrx_word' id='word_1_421' title='bbox 1906 3354 1961 3402; x_wconf 90' lang='lat' dir='ltr'><strong><em>et</em></strong></span> <span class='ocrx_word' id='word_1_422' title='bbox 1986 3346 2249 3411; x_wconf 90' lang='lat' dir='ltr'><strong><em>Isidorus,</em></strong></span> <span class='ocrx_word' id='word_1_423' title='bbox 2289 3346 2540 3417; x_wconf 89' lang='lat' dir='ltr'><strong><em>aliusque</em></strong></span> <span class='ocrx_word' id='word_1_424' title='bbox 2579 3346 2848 3401; x_wconf 79' lang='lat' dir='ltr'><strong><em>Macarius</em></strong></span> <span class='ocrx_word' id='word_1_425' title='bbox 2888 3356 3054 3417; x_wconf 89' lang='lat' dir='ltr'><strong><em>atque</em></strong></span> <span class='ocrx_word' id='word_1_426' title='bbox 3087 3343 3411 3401; x_wconf 84' lang='lat' dir='ltr'><strong><em>Heraclides</em></strong></span> <span class='ocrx_word' id='word_1_427' title='bbox 3442 3352 3499 3397; x_wconf 90' lang='lat' dir='ltr'><strong><em>et</em></strong></span> <span class='ocrx_word' id='word_1_428' title='bbox 3519 3339 3750 3399; x_wconf 63' lang='lat' dir='ltr'><strong><em>Pambos.</em></strong></span> 
     </span>
    </p>
   </div>
   <div class='ocr_carea' id='block_1_36' title="bbox 523 3432 3750 3511">
    <p class='ocr_par' dir='ltr' id='par_1_36' title="bbox 523 3432 3750 3511">
     <span class='ocr_line' id='line_1_36' title="bbox 523 3432 3750 3511; baseline -0.001 -24"><span class='ocrx_word' id='word_1_429' title='bbox 523 3433 750 3489; x_wconf 83' lang='lat' dir='ltr'><strong><em>Antonii</em></strong></span> <span class='ocrx_word' id='word_1_430' title='bbox 770 3436 1045 3507; x_wconf 92' lang='lat' dir='ltr'><strong><em>discipuli,</em></strong></span> <span class='ocrx_word' id='word_1_431' title='bbox 1076 3454 1175 3509; x_wconf 91' lang='lat' dir='ltr'><strong><em>per</em></strong></span> <span class='ocrx_word' id='word_1_432' title='bbox 1206 3438 1513 3511; x_wconf 83' lang='lat' dir='ltr'><strong><em>Aegyptum</em></strong></span> <span class='ocrx_word' id='word_1_433' title='bbox 1545 3447 1603 3494; x_wconf 88' lang='lat' dir='ltr'><strong><em>et</em></strong></span> <span class='ocrx_word' id='word_1_434' title='bbox 1633 3440 1874 3495; x_wconf 82' lang='lat' dir='ltr'><strong><em>maxime</em></strong></span> <span class='ocrx_word' id='word_1_435' title='bbox 1912 3439 1970 3493; x_wconf 90' lang='lat' dir='ltr'><strong><em>in</em></strong></span> <span class='ocrx_word' id='word_1_436' title='bbox 2000 3439 2211 3495; x_wconf 77' lang='lat' dir='ltr'><strong><em>Nitriae</em></strong></span> <span class='ocrx_word' id='word_1_437' title='bbox 2241 3439 2445 3495; x_wconf 90' lang='lat' dir='ltr'><strong><em>deserti</em></strong></span> <span class='ocrx_word' id='word_1_438' title='bbox 2491 3440 2745 3511; x_wconf 90' lang='lat' dir='ltr'><strong><em>partibus</em></strong></span> <span class='ocrx_word' id='word_1_439' title='bbox 2778 3440 3151 3504; x_wconf 88' lang='lat' dir='ltr'><strong><em>habebantur;</em></strong></span> <span class='ocrx_word' id='word_1_440' title='bbox 3182 3438 3293 3493; x_wconf 90' lang='lat' dir='ltr'><strong><em>viri</em></strong></span> <span class='ocrx_word' id='word_1_441' title='bbox 3322 3437 3419 3507; x_wconf 86' lang='lat' dir='ltr'><strong><em>qui</em></strong></span> <span class='ocrx_word' id='word_1_442' title='bbox 3439 3432 3750 3491; x_wconf 86' lang='lat' dir='ltr'><strong><em>consortium</em></strong></span> 
     </span>
    </p>
   </div>
   <div class='ocr_carea' id='block_1_37' title="bbox 522 3523 3747 3604">
    <p class='ocr_par' dir='ltr' id='par_1_37' title="bbox 522 3523 3747 3604">
     <span class='ocr_line' id='line_1_37' title="bbox 522 3523 3747 3604; baseline -0.001 -25"><span class='ocrx_word' id='word_1_443' title='bbox 522 3523 669 3579; x_wconf 86' lang='lat' dir='ltr'><strong><em>vitae</em></strong></span> <span class='ocrx_word' id='word_1_444' title='bbox 692 3534 747 3579; x_wconf 91' lang='lat' dir='ltr'><strong><em>et</em></strong></span> <span class='ocrx_word' id='word_1_445' title='bbox 767 3536 989 3582; x_wconf 89' lang='lat' dir='ltr'><strong><em>actuum</em></strong></span> <span class='ocrx_word' id='word_1_446' title='bbox 1011 3545 1120 3583; x_wconf 91' lang='lat' dir='ltr'><strong><em>non</em></strong></span> <span class='ocrx_word' id='word_1_447' title='bbox 1139 3544 1266 3584; x_wconf 90' lang='lat' dir='ltr'><strong><em>cum</em></strong></span> <span class='ocrx_word' id='word_1_448' title='bbox 1293 3531 1493 3585; x_wconf 89' lang='lat' dir='ltr'><strong><em>ceteris</em></strong></span> <span class='ocrx_word' id='word_1_449' title='bbox 1522 3532 1866 3595; x_wconf 87' lang='lat' dir='ltr'><strong><em>mortalibus,</em></strong></span> <span class='ocrx_word' id='word_1_450' title='bbox 1889 3530 1986 3586; x_wconf 89' lang='lat' dir='ltr'><strong><em>sed</em></strong></span> <span class='ocrx_word' id='word_1_451' title='bbox 2008 3547 2135 3586; x_wconf 90' lang='lat' dir='ltr'><strong><em>cum</em></strong></span> <span class='ocrx_word' id='word_1_452' title='bbox 2159 3533 2412 3602; x_wconf 89' lang='lat' dir='ltr'><strong><em>supernis</em></strong></span> <span class='ocrx_word' id='word_1_453' title='bbox 2438 3533 2646 3604; x_wconf 89' lang='lat' dir='ltr'><strong><em>angelis</em></strong></span> <span class='ocrx_word' id='word_1_454' title='bbox 2673 3532 2879 3588; x_wconf 87' lang='lat' dir='ltr'><strong><em>habere</em></strong></span> <span class='ocrx_word' id='word_1_455' title='bbox 2902 3531 3273 3588; x_wconf 87' lang='lat' dir='ltr'><strong><em>credebantur</em></strong></span> <span class='ocrx_word' id='word_1_456' title='bbox 3299 3528 3432 3601; x_wconf 87' lang='grc'>(59).</span> <span class='ocrx_word' id='word_1_457' title='bbox 3459 3546 3478 3579; x_wconf 69' lang='grc' dir='ltr'>ι</span> <span class='ocrx_word' id='word_1_458' title='bbox 3506 3524 3747 3581; x_wconf 83' lang='lat' dir='ltr'><strong><em>Etinfra:</em></strong></span> 
     </span>
    </p>
   </div>
   <div class='ocr_carea' id='block_1_38' title="bbox 532 3617 3747 3700">
    <p class='ocr_par' dir='ltr' id='par_1_38' title="bbox 532 3617 3747 3700">
     <span class='ocr_line' id='line_1_38' title="bbox 532 3617 3747 3700; baseline 0 -30"><span class='ocrx_word' id='word_1_459' title='bbox 532 3635 550 3667; x_wconf 71' lang='grc' dir='ltr'>ι</span> <span class='ocrx_word' id='word_1_460' title='bbox 588 3617 844 3674; x_wconf 90' lang='lat' dir='ltr'><strong><em>Florebat</em></strong></span> <span class='ocrx_word' id='word_1_461' title='bbox 865 3620 1034 3692; x_wconf 87' lang='lat' dir='ltr'><strong><em>igitur</em></strong></span> <span class='ocrx_word' id='word_1_462' title='bbox 1064 3623 1340 3695; x_wconf 82' lang='lat' dir='ltr'><strong><em>Aegyptus</em></strong></span> <span class='ocrx_word' id='word_1_463' title='bbox 1365 3642 1431 3681; x_wconf 91' lang='lat' dir='ltr'><strong><em>ea</em></strong></span> <span class='ocrx_word' id='word_1_464' title='bbox 1454 3636 1782 3697; x_wconf 88' lang='lat' dir='ltr'><strong><em>tempestate</em></strong></span> <span class='ocrx_word' id='word_1_465' title='bbox 1804 3643 1919 3684; x_wconf 89' lang='lat' dir='ltr'><strong><em>non</em></strong></span> <span class='ocrx_word' id='word_1_466' title='bbox 1942 3629 2123 3684; x_wconf 88' lang='lat' dir='ltr'><strong><em>solum</em></strong></span> <span class='ocrx_word' id='word_1_467' title='bbox 2154 3629 2388 3684; x_wconf 89' lang='lat' dir='ltr'><strong><em>eruditis</em></strong></span> <span class='ocrx_word' id='word_1_468' title='bbox 2415 3630 2471 3684; x_wconf 92' lang='lat' dir='ltr'><strong><em>in</em></strong></span> <span class='ocrx_word' id='word_1_469' title='bbox 2500 3630 2813 3686; x_wconf 87' lang='lat' dir='ltr'><strong><em>Christiana</em></strong></span> <span class='ocrx_word' id='word_1_470' title='bbox 2845 3628 3192 3700; x_wconf 90' lang='lat' dir='ltr'><strong><em>philosophia</em></strong></span> <span class='ocrx_word' id='word_1_471' title='bbox 3214 3627 3377 3693; x_wconf 89' lang='lat' dir='ltr'><strong><em>viris,</em></strong></span> <span class='ocrx_word' id='word_1_472' title='bbox 3398 3638 3587 3680; x_wconf 86' lang='lat' dir='ltr'><strong><em>verum</em></strong></span> <span class='ocrx_word' id='word_1_473' title='bbox 3606 3620 3747 3680; x_wconf 87' lang='lat' dir='ltr'><strong><em>etiam</em></strong></span> 
     </span>
    </p>
   </div>
   <div class='ocr_carea' id='block_1_39' title="bbox 522 3710 3747 3792">
    <p class='ocr_par' dir='ltr' id='par_1_39' title="bbox 522 3710 3747 3792">
     <span class='ocr_line' id='line_1_39' title="bbox 522 3710 3747 3792; baseline 0 -28"><span class='ocrx_word' id='word_1_474' title='bbox 522 3710 633 3775; x_wconf 88' lang='lat' dir='ltr'><strong><em>his,</em></strong></span> <span class='ocrx_word' id='word_1_475' title='bbox 684 3712 780 3781; x_wconf 90' lang='lat' dir='ltr'><strong><em>qui</em></strong></span> <span class='ocrx_word' id='word_1_476' title='bbox 811 3728 910 3782; x_wconf 90' lang='lat' dir='ltr'><strong><em>per</em></strong></span> <span class='ocrx_word' id='word_1_477' title='bbox 946 3722 1159 3770; x_wconf 89' lang='lat' dir='ltr'><strong><em>vastam</em></strong></span> <span class='ocrx_word' id='word_1_478' title='bbox 1212 3732 1461 3773; x_wconf 89' lang='lat' dir='ltr'><strong><em>eremum</em></strong></span> <span class='ocrx_word' id='word_1_479' title='bbox 1503 3728 1938 3786; x_wconf 88' lang='lat' dir='ltr'><strong><em>commanentes,</em></strong></span> <span class='ocrx_word' id='word_1_480' title='bbox 2004 3720 2159 3791; x_wconf 90' lang='lat' dir='ltr'><strong><em>signa</em></strong></span> <span class='ocrx_word' id='word_1_481' title='bbox 2223 3728 2279 3774; x_wconf 90' lang='lat' dir='ltr'><strong><em>et</em></strong></span> <span class='ocrx_word' id='word_1_482' title='bbox 2337 3721 2583 3792; x_wconf 54' lang='lat' dir='ltr'><strong><em>prodigia</em></strong></span> <span class='ocrx_word' id='word_1_483' title='bbox 2644 3721 2954 3791; x_wconf 89' lang='lat' dir='ltr'><strong><em>Apostolica</em></strong></span> <span class='ocrx_word' id='word_1_484' title='bbox 3002 3720 3359 3791; x_wconf 87' lang='lat' dir='ltr'><strong><em>simplicitate</em></strong></span> <span class='ocrx_word' id='word_1_485' title='bbox 3393 3719 3614 3773; x_wconf 88' lang='lat' dir='ltr'><strong><em>vitaeet</em></strong></span> <span class='ocrx_word' id='word_1_486' title='bbox 3642 3727 3747 3767; x_wconf 87' lang='lat' dir='ltr'><strong><em>cor-</em></strong></span> 
     </span>
    </p>
   </div>
   <div class='ocr_carea' id='block_1_40' title="bbox 522 3798 3746 3879">
    <p class='ocr_par' dir='ltr' id='par_1_40' title="bbox 522 3798 3746 3879">
     <span class='ocr_line' id='line_1_40' title="bbox 522 3798 3746 3879; baseline 0.002 -26"><span class='ocrx_word' id='word_1_487' title='bbox 522 3798 609 3857; x_wconf 93' lang='lat' dir='ltr'><strong><em>dis</em></strong></span> <span class='ocrx_word' id='word_1_488' title='bbox 630 3800 942 3860; x_wconf 88' lang='lat' dir='ltr'><strong><em>sinceritate</em></strong></span> <span class='ocrx_word' id='word_1_489' title='bbox 968 3804 1257 3862; x_wconf 85' lang='lat' dir='ltr'><strong><em>faciebant.</em></strong></span> <span class='ocrx_word' id='word_1_490' title='bbox 1294 3806 1375 3861; x_wconf 81' lang='lat' dir='ltr'><strong><em>Ex</em></strong></span> <span class='ocrx_word' id='word_1_491' title='bbox 1407 3807 1608 3876; x_wconf 89' lang='lat' dir='ltr'><strong><em>quibus</em></strong></span> <span class='ocrx_word' id='word_1_492' title='bbox 1628 3808 1869 3875; x_wconf 88' lang='lat' dir='ltr'><strong><em>interim,</em></strong></span> <span class='ocrx_word' id='word_1_493' title='bbox 1895 3823 2034 3879; x_wconf 91' lang='lat' dir='ltr'><strong><em>quos</em></strong></span> <span class='ocrx_word' id='word_1_494' title='bbox 2066 3808 2169 3879; x_wconf 92' lang='lat' dir='ltr'><strong><em>ipsi</em></strong></span> <span class='ocrx_word' id='word_1_495' title='bbox 2198 3809 2439 3865; x_wconf 90' lang='lat' dir='ltr'><strong><em>vidimus</em></strong></span> <span class='ocrx_word' id='word_1_496' title='bbox 2471 3819 2527 3864; x_wconf 91' lang='lat' dir='ltr'><strong><em>et</em></strong></span> <span class='ocrx_word' id='word_1_497' title='bbox 2558 3826 2793 3879; x_wconf 89' lang='lat' dir='ltr'><strong><em>quorum</em></strong></span> <span class='ocrx_word' id='word_1_498' title='bbox 2830 3808 3083 3865; x_wconf 89' lang='lat' dir='ltr'><strong><em>benedici</em></strong></span> <span class='ocrx_word' id='word_1_499' title='bbox 3142 3810 3403 3866; x_wconf 87' lang='lat' dir='ltr'><strong><em>manibus</em></strong></span> <span class='ocrx_word' id='word_1_500' title='bbox 3451 3804 3746 3863; x_wconf 75' lang='lat' dir='ltr'><strong><em>meruimus.</em></strong></span> 
     </span>
    </p>
   </div>
   <div class='ocr_carea' id='block_1_41' title="bbox 521 3892 3742 3977">
    <p class='ocr_par' dir='ltr' id='par_1_41' title="bbox 521 3892 3742 3977">
     <span class='ocr_line' id='line_1_41' title="bbox 521 3892 3742 3977; baseline 0.002 -29"><span class='ocrx_word' id='word_1_501' title='bbox 521 3894 581 3948; x_wconf 91' lang='lat' dir='ltr'><strong><em>bi</em></strong></span> <span class='ocrx_word' id='word_1_502' title='bbox 611 3906 739 3951; x_wconf 89' lang='lat' dir='ltr'><strong><em>sunt</em></strong></span> <span class='ocrx_word' id='word_1_503' title='bbox 765 3914 779 3951; x_wconf 88' lang='lat'>:</span> <span class='ocrx_word' id='word_1_504' title='bbox 809 3897 1077 3954; x_wconf 85' lang='lat' dir='ltr'><strong><em>Macarius</em></strong></span> <span class='ocrx_word' id='word_1_505' title='bbox 1106 3902 1174 3956; x_wconf 93' lang='lat' dir='ltr'><strong><em>de</em></strong></span> <span class='ocrx_word' id='word_1_506' title='bbox 1198 3901 1471 3971; x_wconf 88' lang='lat' dir='ltr'><strong><em>superiori</em></strong></span> <span class='ocrx_word' id='word_1_507' title='bbox 1496 3917 1703 3969; x_wconf 91' lang='lat' dir='ltr'><strong><em>eremo,</em></strong></span> <span class='ocrx_word' id='word_1_508' title='bbox 1733 3904 1873 3958; x_wconf 92' lang='lat' dir='ltr'><strong><em>alius</em></strong></span> <span class='ocrx_word' id='word_1_509' title='bbox 1900 3903 2170 3958; x_wconf 83' lang='lat' dir='ltr'><strong><em>Macarius</em></strong></span> <span class='ocrx_word' id='word_1_510' title='bbox 2197 3903 2265 3959; x_wconf 90' lang='lat' dir='ltr'><strong><em>de</em></strong></span> <span class='ocrx_word' id='word_1_511' title='bbox 2293 3903 2542 3959; x_wconf 81' lang='lat' dir='ltr'><strong><em>inferiori</em></strong></span> <span class='ocrx_word' id='word_1_512' title='bbox 2578 3903 2687 3977; x_wconf 88' lang='grc'>(60)</span> <span class='ocrx_word' id='word_1_513' title='bbox 2728 3914 2834 3960; x_wconf 90' lang='lat' dir='ltr'><strong><em>cet.</em></strong></span> <span class='ocrx_word' id='word_1_514' title='bbox 2874 3924 2892 3957; x_wconf 76' lang='grc' dir='ltr'><strong><em>ι</em></strong></span> <span class='ocrx_word' id='word_1_515' title='bbox 2922 3905 2993 3960; x_wconf 90' lang='lat' dir='ltr'><strong><em>At</em></strong></span> <span class='ocrx_word' id='word_1_516' title='bbox 3014 3918 3147 3960; x_wconf 88' lang='lat' dir='ltr'><strong><em>vero</em></strong></span> <span class='ocrx_word' id='word_1_517' title='bbox 3176 3902 3468 3972; x_wconf 89' lang='lat' dir='ltr'><strong><em>Serapion,</em></strong></span> <span class='ocrx_word' id='word_1_518' title='bbox 3510 3896 3602 3967; x_wconf 80' lang='lat' dir='ltr'><strong><em>qui</em></strong></span> <span class='ocrx_word' id='word_1_519' title='bbox 3647 3892 3742 3962; x_wconf 70' lang='grc' dir='ltr'><strong><em>ντί-</em></strong></span> 
     </span>
    </p>
   </div>
   <div class='ocr_carea' id='block_1_42' title="bbox 521 3982 3740 4077">
    <p class='ocr_par' dir='ltr' id='par_1_42' title="bbox 521 3982 3740 4077">
     <span class='ocr_line' id='line_1_42' title="bbox 521 3982 3740 4077; baseline 0.001 -35"><span class='ocrx_word' id='word_1_520' title='bbox 521 4004 676 4044; x_wconf 90' lang='lat' dir='ltr'><strong><em>mum</em></strong></span> <span class='ocrx_word' id='word_1_521' title='bbox 706 3991 763 4046; x_wconf 91' lang='lat' dir='ltr'><strong><em>in</em></strong></span> <span class='ocrx_word' id='word_1_522' title='bbox 786 3994 1027 4064; x_wconf 80' lang='lat' dir='ltr'><strong><em>Regulae</em></strong></span> <span class='ocrx_word' id='word_1_523' title='bbox 1079 3995 1435 4077; x_wconf 81' lang='lat' dir='ltr'><strong><em>inscriptione</em></strong></span> <span class='ocrx_word' id='word_1_524' title='bbox 1480 3997 1664 4052; x_wconf 91' lang='lat' dir='ltr'><strong><em>locum</em></strong></span> <span class='ocrx_word' id='word_1_525' title='bbox 1690 3998 1926 4064; x_wconf 88' lang='lat' dir='ltr'><strong><em>obtinet,</em></strong></span> <span class='ocrx_word' id='word_1_526' title='bbox 1964 4000 2049 4054; x_wconf 83' lang='lat' dir='ltr'><strong><em>vel</em></strong></span> <span class='ocrx_word' id='word_1_527' title='bbox 2100 4001 2219 4069; x_wconf 90' lang='lat' dir='ltr'><strong><em>ipso</em></strong></span> <span class='ocrx_word' id='word_1_528' title='bbox 2269 4000 2503 4057; x_wconf 85' lang='lat' dir='ltr'><strong><em>Macario</em></strong></span> <span class='ocrx_word' id='word_1_529' title='bbox 2540 4001 2815 4074; x_wconf 85' lang='lat' dir='ltr'><strong><em>Aegyptio</em></strong></span> <span class='ocrx_word' id='word_1_530' title='bbox 2853 3996 3130 4071; x_wconf 89' lang='lat' dir='ltr'><strong><em>antiquior</em></strong></span> <span class='ocrx_word' id='word_1_531' title='bbox 3164 3996 3221 4049; x_wconf 92' lang='lat' dir='ltr'><strong><em>in</em></strong></span> <span class='ocrx_word' id='word_1_532' title='bbox 3251 3990 3549 4049; x_wconf 86' lang='lat' dir='ltr'><strong><em>solitudine</em></strong></span> <span class='ocrx_word' id='word_1_533' title='bbox 3585 3982 3740 4044; x_wconf 63' lang='lat' dir='ltr'><strong><em>fuerit,</em></strong></span> 
     </span>
    </p>
   </div>
   <div class='ocr_carea' id='block_1_43' title="bbox 522 4080 2108 4170">
    <p class='ocr_par' dir='ltr' id='par_1_43' title="bbox 522 4084 2081 4165">
     <span class='ocr_line' id='line_1_43' title="bbox 522 4084 2081 4165; baseline 0.007 -27"><span class='ocrx_word' id='word_1_534' title='bbox 522 4084 703 4141; x_wconf 86' lang='lat' dir='ltr'><strong><em>dictus</em></strong></span> <span class='ocrx_word' id='word_1_535' title='bbox 743 4097 1031 4158; x_wconf 87' lang='lat' dir='ltr'><strong><em>propterea</em></strong></span> <span class='ocrx_word' id='word_1_536' title='bbox 1058 4091 1302 4147; x_wconf 89' lang='lat' dir='ltr'><strong><em>Palladio</em></strong></span> <span class='ocrx_word' id='word_1_537' title='bbox 1338 4092 1449 4161; x_wconf 87' lang='grc'>(61)</span> <span class='ocrx_word' id='word_1_538' title='bbox 1496 4102 1553 4147; x_wconf 91' lang='lat' dir='ltr'><strong><em>et</em></strong></span> <span class='ocrx_word' id='word_1_539' title='bbox 1591 4092 1898 4150; x_wconf 88' lang='lat' dir='ltr'><strong><em>Sozomcno</em></strong></span> <span class='ocrx_word' id='word_1_540' title='bbox 1922 4096 2033 4165; x_wconf 67' lang='grc'>(62)</span> <span class='ocrx_word' id='word_1_541' title='bbox 2068 4115 2081 4149; x_wconf 92' lang='lat'><strong>:</strong></span> 
     </span>
    </p>
   </div>
   <div class='ocr_carea' id='block_1_44' title="bbox 2157 4080 3743 4170">
    <p class='ocr_par' dir='ltr' id='par_1_44' title="bbox 2157 4080 3743 4170">
     <span class='ocr_line' id='line_1_44' title="bbox 2157 4080 3743 4170; baseline -0.015 -17"><span class='ocrx_word' id='word_1_542' title='bbox 2157 4097 2395 4168; x_wconf 86' lang='grc' dir='ltr'>εραπίων</span> <span class='ocrx_word' id='word_1_543' title='bbox 2424 4098 2453 4149; x_wconf 87' lang='grc' dir='ltr'><strong>ὁ</strong></span> <span class='ocrx_word' id='word_1_544' title='bbox 2487 4098 2682 4169; x_wconf 81' lang='grc' dir='ltr'><strong><em>μέγας,</em></strong></span> <span class='ocrx_word' id='word_1_545' title='bbox 2707 4115 2929 4170; x_wconf 87' lang='lat' dir='ltr'><strong><em>magnus</em></strong></span> <span class='ocrx_word' id='word_1_546' title='bbox 2971 4096 3067 4152; x_wconf 86' lang='lat' dir='ltr'><strong><em>ille</em></strong></span> <span class='ocrx_word' id='word_1_547' title='bbox 3110 4094 3396 4164; x_wconf 87' lang='lat' dir='ltr'><strong><em>Serapion.</em></strong></span> <span class='ocrx_word' id='word_1_548' title='bbox 3438 4080 3743 4155; x_wconf 88' lang='lat' dir='ltr'><strong><em>Paphnutius</em></strong></span> 
     </span>
    </p>
   </div>
   <div class='ocr_carea' id='block_1_45' title="bbox 521 4182 2124 4261">
    <p class='ocr_par' dir='ltr' id='par_1_45' title="bbox 521 4182 2124 4261">
     <span class='ocr_line' id='line_1_45' title="bbox 521 4182 2124 4261; baseline 0.007 -28"><span class='ocrx_word' id='word_1_549' title='bbox 521 4190 706 4235; x_wconf 87' lang='lat' dir='ltr'><strong><em>autem</em></strong></span> <span class='ocrx_word' id='word_1_550' title='bbox 740 4182 921 4237; x_wconf 91' lang='lat' dir='ltr'><strong><em>eidem</em></strong></span> <span class='ocrx_word' id='word_1_551' title='bbox 946 4185 1187 4242; x_wconf 89' lang='lat' dir='ltr'><strong><em>Palladio</em></strong></span> <span class='ocrx_word' id='word_1_552' title='bbox 1210 4187 1508 4257; x_wconf 90' lang='lat' dir='ltr'><strong><em>plurimum</em></strong></span> <span class='ocrx_word' id='word_1_553' title='bbox 1539 4190 1957 4245; x_wconf 89' lang='lat' dir='ltr'><strong><em>commendatur</em></strong></span> <span class='ocrx_word' id='word_1_554' title='bbox 1992 4190 2124 4261; x_wconf 80' lang='grc'>(65).</span> 
     </span>
    </p>
   </div>
   <div class='ocr_carea' id='block_1_46' title="bbox 594 4262 3746 4359">
    <p class='ocr_par' dir='ltr' id='par_1_46' title="bbox 594 4262 3746 4359">
     <span class='ocr_line' id='line_1_46' title="bbox 594 4262 3746 4359; baseline -0.003 -28"><span class='ocrx_word' id='word_1_555' title='bbox 594 4276 658 4331; x_wconf 90' lang='lat' dir='ltr'><strong><em>V.</em></strong></span> <span class='ocrx_word' id='word_1_556' title='bbox 695 4278 1021 4335; x_wconf 89' lang='lat' dir='ltr'><strong><em>Huiusmodi</em></strong></span> <span class='ocrx_word' id='word_1_557' title='bbox 1063 4284 1305 4355; x_wconf 88' lang='lat' dir='ltr'><strong><em>syllogen</em></strong></span> <span class='ocrx_word' id='word_1_558' title='bbox 1331 4288 1537 4342; x_wconf 88' lang='lat' dir='ltr'><strong><em>claudit</em></strong></span> <span class='ocrx_word' id='word_1_559' title='bbox 1578 4287 1786 4358; x_wconf 85' lang='lat' dir='ltr'><strong><em>Regula</em></strong></span> <span class='ocrx_word' id='word_1_560' title='bbox 1814 4288 2091 4343; x_wconf 88' lang='lat' dir='ltr'><strong><em>orientalis</em></strong></span> <span class='ocrx_word' id='word_1_561' title='bbox 2114 4305 2179 4343; x_wconf 77' lang='lat' dir='ltr'><strong><em>ex</em></strong></span> <span class='ocrx_word' id='word_1_562' title='bbox 2209 4287 2438 4343; x_wconf 90' lang='lat' dir='ltr'><strong><em>Patrum</em></strong></span> <span class='ocrx_word' id='word_1_563' title='bbox 2468 4289 2811 4344; x_wconf 85' lang='lat' dir='ltr'><strong><em>orientalium</em></strong></span> <span class='ocrx_word' id='word_1_564' title='bbox 2846 4288 3059 4359; x_wconf 85' lang='lat' dir='ltr'><strong><em>Regulis</em></strong></span> <span class='ocrx_word' id='word_1_565' title='bbox 3098 4278 3319 4337; x_wconf 81' lang='lat' dir='ltr'><strong><em>collecta</em></strong></span> <span class='ocrx_word' id='word_1_566' title='bbox 3359 4294 3393 4331; x_wconf 91' lang='lat' dir='ltr'><strong><em>a</em></strong></span> <span class='ocrx_word' id='word_1_567' title='bbox 3427 4268 3609 4344; x_wconf 83' lang='lat' dir='ltr'><strong><em>Vigilio</em></strong></span> <span class='ocrx_word' id='word_1_568' title='bbox 3646 4262 3746 4318; x_wconf 69' lang='lat' dir='ltr'><strong><em>dia-</em></strong></span> 
     </span>
    </p>
   </div>
   <div class='ocr_carea' id='block_1_47' title="bbox 524 4358 3745 4461">
    <p class='ocr_par' dir='ltr' id='par_1_47' title="bbox 524 4358 3745 4461">
     <span class='ocr_line' id='line_1_47' title="bbox 524 4358 3745 4461; baseline -0.01 -15"><span class='ocrx_word' id='word_1_569' title='bbox 524 4390 673 4427; x_wconf 74' lang='grc' dir='ltr'><strong><em>εοηο·</em></strong></span> <span class='ocrx_word' id='word_1_570' title='bbox 703 4375 780 4429; x_wconf 71' lang='lat' dir='ltr'><strong>De</strong></span> <span class='ocrx_word' id='word_1_571' title='bbox 802 4379 1069 4446; x_wconf 78' lang='lat' dir='ltr'><strong><em>0Pusculo</em></strong></span> <span class='ocrx_word' id='word_1_572' title='bbox 1095 4382 1327 4452; x_wconf 89' lang='lat' dir='ltr'><strong><em>eiusque</em></strong></span> <span class='ocrx_word' id='word_1_573' title='bbox 1356 4391 1580 4440; x_wconf 90' lang='lat' dir='ltr'><strong><em>auctore</em></strong></span> <span class='ocrx_word' id='word_1_574' title='bbox 1618 4384 1940 4441; x_wconf 89' lang='lat' dir='ltr'><strong><em>Gennadius</em></strong></span> <span class='ocrx_word' id='word_1_575' title='bbox 1984 4386 2123 4441; x_wconf 91' lang='lat' dir='ltr'><strong><em>haec</em></strong></span> <span class='ocrx_word' id='word_1_576' title='bbox 2171 4386 2339 4441; x_wconf 91' lang='lat' dir='ltr'><strong><em>habet</em></strong></span> <span class='ocrx_word' id='word_1_577' title='bbox 2382 4404 2395 4440; x_wconf 91' lang='lat'><strong>:</strong></span> <span class='ocrx_word' id='word_1_578' title='bbox 2434 4405 2452 4439; x_wconf 85' lang='grc'><strong>‹</strong></span> <span class='ocrx_word' id='word_1_579' title='bbox 2493 4386 2712 4457; x_wconf 84' lang='lat' dir='ltr'><strong><em>Vigilius</em></strong></span> <span class='ocrx_word' id='word_1_580' title='bbox 2746 4387 3011 4442; x_wconf 89' lang='lat' dir='ltr'><strong><em>diaconus</em></strong></span> <span class='ocrx_word' id='word_1_581' title='bbox 3033 4375 3346 4447; x_wconf 89' lang='lat' dir='ltr'><strong><em>composuit</em></strong></span> <span class='ocrx_word' id='word_1_582' title='bbox 3371 4387 3440 4426; x_wconf 87' lang='lat' dir='ltr'><strong><em>ex</em></strong></span> <span class='ocrx_word' id='word_1_583' title='bbox 3477 4358 3745 4461; x_wconf 71' lang='lat' dir='ltr'><strong><em>traditione</em></strong></span> 
     </span>
    </p>
   </div>
   <div class='ocr_carea' id='block_1_48' title="bbox 530 4457 3745 4547">
    <p class='ocr_par' dir='ltr' id='par_1_48' title="bbox 530 4457 3745 4547">
     <span class='ocr_line' id='line_1_48' title="bbox 530 4457 3745 4547; baseline -0.005 -30"><span class='ocrx_word' id='word_1_584' title='bbox 530 4484 548 4512; x_wconf 71' lang='grc' dir='ltr'>ι</span> <span class='ocrx_word' id='word_1_585' title='bbox 580 4473 797 4534; x_wconf 88' lang='lat' dir='ltr'><strong><em>patrum</em></strong></span> <span class='ocrx_word' id='word_1_586' title='bbox 819 4467 1197 4525; x_wconf 75' lang='lat' dir='ltr'><strong><em>Monac/torum</em></strong></span> <span class='ocrx_word' id='word_1_587' title='bbox 1226 4473 1505 4545; x_wconf 86' lang='lat' dir='ltr'><strong><em>Regulam,</em></strong></span> <span class='ocrx_word' id='word_1_588' title='bbox 1535 4491 1675 4545; x_wconf 91' lang='lat' dir='ltr'><strong><em>quae</em></strong></span> <span class='ocrx_word' id='word_1_589' title='bbox 1696 4476 1753 4530; x_wconf 91' lang='lat' dir='ltr'><strong><em>in</em></strong></span> <span class='ocrx_word' id='word_1_590' title='bbox 1791 4476 2061 4531; x_wconf 90' lang='lat' dir='ltr'><strong><em>coenobio</em></strong></span> <span class='ocrx_word' id='word_1_591' title='bbox 2089 4476 2160 4530; x_wconf 89' lang='lat' dir='ltr'><strong><em>ad</em></strong></span> <span class='ocrx_word' id='word_1_592' title='bbox 2203 4477 2515 4547; x_wconf 80' lang='lat' dir='ltr'><strong><em>profectum</em></strong></span> <span class='ocrx_word' id='word_1_593' title='bbox 2570 4476 2799 4532; x_wconf 86' lang='lat' dir='ltr'><strong><em>fratrum</em></strong></span> <span class='ocrx_word' id='word_1_594' title='bbox 2844 4478 2902 4532; x_wconf 92' lang='lat' dir='ltr'><strong><em>in</em></strong></span> <span class='ocrx_word' id='word_1_595' title='bbox 2940 4479 3215 4531; x_wconf 88' lang='lat' dir='ltr'><strong><em>conventu</em></strong></span> <span class='ocrx_word' id='word_1_596' title='bbox 3257 4464 3477 4536; x_wconf 87' lang='lat' dir='ltr'><strong><em>legitur,</em></strong></span> <span class='ocrx_word' id='word_1_597' title='bbox 3524 4457 3745 4513; x_wconf 85' lang='lat' dir='ltr'><strong><em>breviato</em></strong></span> 
     </span>
    </p>
   </div>
   <div class='ocr_carea' id='block_1_49' title="bbox 529 4550 3741 4637">
    <p class='ocr_par' dir='ltr' id='par_1_49' title="bbox 529 4550 3741 4637">
     <span class='ocr_line' id='line_1_49' title="bbox 529 4550 3741 4637; baseline -0.003 -28"><span class='ocrx_word' id='word_1_598' title='bbox 529 4573 548 4605; x_wconf 84' lang='grc'><em>‹</em></span> <span class='ocrx_word' id='word_1_599' title='bbox 596 4564 653 4609; x_wconf 91' lang='lat' dir='ltr'><strong><em>et</em></strong></span> <span class='ocrx_word' id='word_1_600' title='bbox 676 4567 865 4626; x_wconf 88' lang='lat' dir='ltr'><strong><em>aperto</em></strong></span> <span class='ocrx_word' id='word_1_601' title='bbox 896 4574 1149 4617; x_wconf 90' lang='lat' dir='ltr'><strong><em>sermone</em></strong></span> <span class='ocrx_word' id='word_1_602' title='bbox 1173 4565 1341 4620; x_wconf 92' lang='lat' dir='ltr'><strong><em>totius</em></strong></span> <span class='ocrx_word' id='word_1_603' title='bbox 1366 4567 1700 4621; x_wconf 89' lang='lat' dir='ltr'><strong><em>monasticae</em></strong></span> <span class='ocrx_word' id='word_1_604' title='bbox 1742 4567 2098 4637; x_wconf 82' lang='lat' dir='ltr'><strong><em>professionis</em></strong></span> <span class='ocrx_word' id='word_1_605' title='bbox 2133 4567 2191 4621; x_wconf 89' lang='lat' dir='ltr'><strong><em>in</em></strong></span> <span class='ocrx_word' id='word_1_606' title='bbox 2227 4584 2286 4621; x_wconf 91' lang='lat' dir='ltr'><strong><em>se</em></strong></span> <span class='ocrx_word' id='word_1_607' title='bbox 2319 4575 2595 4623; x_wconf 90' lang='lat' dir='ltr'><strong><em>tenentem</em></strong></span> <span class='ocrx_word' id='word_1_608' title='bbox 2636 4568 2981 4637; x_wconf 88' lang='lat' dir='ltr'><strong><em>disciplinam</em></strong></span> <span class='ocrx_word' id='word_1_609' title='bbox 3026 4584 3045 4617; x_wconf 84' lang='grc'><strong>›</strong></span> <span class='ocrx_word' id='word_1_610' title='bbox 3085 4562 3217 4636; x_wconf 65' lang='grc'>(6.4).</span> <span class='ocrx_word' id='word_1_611' title='bbox 3265 4559 3350 4615; x_wconf 86' lang='lat' dir='ltr'><strong><em>Ad</em></strong></span> <span class='ocrx_word' id='word_1_612' title='bbox 3381 4570 3539 4627; x_wconf 90' lang='lat' dir='ltr'><strong><em>quem</em></strong></span> <span class='ocrx_word' id='word_1_613' title='bbox 3586 4550 3741 4602; x_wconf 90' lang='lat' dir='ltr'><strong><em>locum</em></strong></span> 
     </span>
    </p>
   </div>
   <div class='ocr_carea' id='block_1_50' title="bbox 519 4649 3744 4727">
    <p class='ocr_par' dir='ltr' id='par_1_50' title="bbox 519 4649 3744 4727">
     <span class='ocr_line' id='line_1_50' title="bbox 519 4649 3744 4727; baseline -0.001 -24"><span class='ocrx_word' id='word_1_614' title='bbox 519 4664 633 4704; x_wconf 84' lang='lat' dir='ltr'><strong><em>non</em></strong></span> <span class='ocrx_word' id='word_1_615' title='bbox 658 4658 871 4707; x_wconf 82' lang='lat' dir='ltr'><strong><em>exstare</em></strong></span> <span class='ocrx_word' id='word_1_616' title='bbox 900 4652 1042 4709; x_wconf 89' lang='lat' dir='ltr'><strong><em>hanc</em></strong></span> <span class='ocrx_word' id='word_1_617' title='bbox 1077 4656 1309 4724; x_wconf 88' lang='lat' dir='ltr'><strong><em>opellam</em></strong></span> <span class='ocrx_word' id='word_1_618' title='bbox 1355 4656 1586 4711; x_wconf 91' lang='lat' dir='ltr'><strong><em>adnotat</em></strong></span> <span class='ocrx_word' id='word_1_619' title='bbox 1616 4657 1903 4712; x_wconf 86' lang='lat' dir='ltr'><strong><em>Fabricius</em></strong></span> <span class='ocrx_word' id='word_1_620' title='bbox 1926 4699 1940 4723; x_wconf 95' lang='lat'><strong><em>,</em></strong></span> <span class='ocrx_word' id='word_1_621' title='bbox 1972 4656 2121 4727; x_wconf 92' lang='lat' dir='ltr'><strong><em>quod</em></strong></span> <span class='ocrx_word' id='word_1_622' title='bbox 2164 4672 2297 4711; x_wconf 91' lang='lat' dir='ltr'><strong><em>sane</em></strong></span> <span class='ocrx_word' id='word_1_623' title='bbox 2326 4657 2516 4711; x_wconf 89' lang='lat' dir='ltr'><strong><em>mirari</em></strong></span> <span class='ocrx_word' id='word_1_624' title='bbox 2551 4658 2719 4713; x_wconf 89' lang='lat' dir='ltr'><strong><em>subit.</em></strong></span> <span class='ocrx_word' id='word_1_625' title='bbox 2759 4657 3006 4711; x_wconf 88' lang='lat' dir='ltr'><strong><em>Eandem</em></strong></span> <span class='ocrx_word' id='word_1_626' title='bbox 3026 4668 3244 4725; x_wconf 89' lang='lat' dir='ltr'><strong><em>quoque</em></strong></span> <span class='ocrx_word' id='word_1_627' title='bbox 3270 4650 3531 4721; x_wconf 79' lang='lat' dir='ltr'><strong><em>Regulam</em></strong></span> <span class='ocrx_word' id='word_1_628' title='bbox 3566 4649 3744 4696; x_wconf 69' lang='lat' dir='ltr'><strong><em>nmmo-</em></strong></span> 
     </span>
    </p>
   </div>
   <div class='ocr_carea' id='block_1_51' title="bbox 520 4735 3740 4819">
    <p class='ocr_par' dir='ltr' id='par_1_51' title="bbox 520 4735 3740 4819">
     <span class='ocr_line' id='line_1_51' title="bbox 520 4735 3740 4819; baseline 0.002 -27"><span class='ocrx_word' id='word_1_629' title='bbox 520 4748 645 4793; x_wconf 82' lang='lat' dir='ltr'><strong><em>rant</em></strong></span> <span class='ocrx_word' id='word_1_630' title='bbox 686 4750 906 4810; x_wconf 85' lang='lat' dir='ltr'><strong><em>praeter</em></strong></span> <span class='ocrx_word' id='word_1_631' title='bbox 945 4743 1249 4799; x_wconf 84' lang='lat' dir='ltr'><strong><em>Honorium</em></strong></span> <span class='ocrx_word' id='word_1_632' title='bbox 1301 4744 1856 4816; x_wconf 87' lang='lat' dir='ltr'><strong><em>Augustodunensem</em></strong></span> <span class='ocrx_word' id='word_1_633' title='bbox 1903 4747 2013 4817; x_wconf 85' lang='grc'>(65)</span> <span class='ocrx_word' id='word_1_634' title='bbox 2045 4756 2102 4802; x_wconf 91' lang='lat' dir='ltr'><strong><em>et</em></strong></span> <span class='ocrx_word' id='word_1_635' title='bbox 2134 4746 2503 4802; x_wconf 88' lang='lat' dir='ltr'><strong><em>Trithemium</em></strong></span> <span class='ocrx_word' id='word_1_636' title='bbox 2529 4747 2665 4819; x_wconf 88' lang='lat'><strong><em>(66),</em></strong></span> <span class='ocrx_word' id='word_1_637' title='bbox 2716 4749 2958 4804; x_wconf 89' lang='lat' dir='ltr'><strong><em>Annales</em></strong></span> <span class='ocrx_word' id='word_1_638' title='bbox 3008 4748 3366 4802; x_wconf 86' lang='lat' dir='ltr'><strong><em>Trevirenses</em></strong></span> <span class='ocrx_word' id='word_1_639' title='bbox 3410 4740 3539 4813; x_wconf 85' lang='lat'><strong><em>(67).</em></strong></span> <span class='ocrx_word' id='word_1_640' title='bbox 3578 4735 3740 4799; x_wconf 61' lang='lat' dir='ltr'><strong>Neque</strong></span> 
     </span>
    </p>
   </div>
   <div class='ocr_carea' id='block_1_52' title="bbox 594 4909 3733 5121">
    <p class='ocr_par' dir='ltr' id='par_1_52' title="bbox 594 4909 3733 5121">
     <span class='ocr_line' id='line_1_52' title="bbox 594 4909 3733 5121; baseline -0.006 -69"><span class='ocrx_word' id='word_1_641' title='bbox 594 4996 1032 5121; x_wconf 43' lang='lat' dir='ltr'><strong><em>15(5))“Mabillon</em></strong></span> <span class='ocrx_word' id='word_1_642' title='bbox 1068 4999 1179 5054; x_wconf 88' lang='lat' dir='ltr'><strong><em>AA.</em></strong></span> <span class='ocrx_word' id='word_1_643' title='bbox 1230 4998 1327 5055; x_wconf 90' lang='lat' dir='ltr'><strong><em>SS.</em></strong></span> <span class='ocrx_word' id='word_1_644' title='bbox 1369 5000 1433 5057; x_wconf 91' lang='grc' dir='ltr'>Ο.</span> <span class='ocrx_word' id='word_1_645' title='bbox 1467 5002 1524 5058; x_wconf 92' lang='lat' dir='ltr'><strong><em>S.</em></strong></span> <span class='ocrx_word' id='word_1_646' title='bbox 1564 5004 1771 5062; x_wconf 89' lang='lat' dir='ltr'><strong><em>Bened.</em></strong></span> <span class='ocrx_word' id='word_1_647' title='bbox 1797 5004 1956 5061; x_wconf 87' lang='lat' dir='ltr'><strong><em>Saec.</em></strong></span> <span class='ocrx_word' id='word_1_648' title='bbox 1981 5005 2004 5061; x_wconf 88' lang='grc' dir='ltr'>Ι</span> <span class='ocrx_word' id='word_1_649' title='bbox 2032 4909 2382 5086; x_wconf 38' lang='grc' dir='ltr'><strong><em>ΤΑΙῨ(58)</em></strong></span> <span class='ocrx_word' id='word_1_650' title='bbox 2418 5005 2647 5059; x_wconf 86' lang='lat' dir='ltr'><strong><em>Bulteau</em></strong></span> <span class='ocrx_word' id='word_1_651' title='bbox 2672 5002 2815 5085; x_wconf 78' lang='lat' dir='ltr'><strong><em>Hist.</em></strong></span> <span class='ocrx_word' id='word_1_652' title='bbox 2844 5001 2913 5057; x_wconf 93' lang='lat' dir='ltr'><strong><em>de</em></strong></span> <span class='ocrx_word' id='word_1_653' title='bbox 2938 4999 3157 5056; x_wconf 76' lang='lat' dir='ltr'><strong><em>l’Ordre</em></strong></span> <span class='ocrx_word' id='word_1_654' title='bbox 3182 5000 3251 5055; x_wconf 89' lang='lat' dir='ltr'><strong><em>de</em></strong></span> <span class='ocrx_word' id='word_1_655' title='bbox 3272 4999 3327 5054; x_wconf 94' lang='lat' dir='ltr'><strong><em>S.</em></strong></span> <span class='ocrx_word' id='word_1_656' title='bbox 3351 4994 3539 5055; x_wconf 88' lang='lat' dir='ltr'><strong><em>Benolt</em></strong></span> <span class='ocrx_word' id='word_1_657' title='bbox 3557 5005 3609 5062; x_wconf 89' lang='lat' dir='ltr'><strong><em>p.</em></strong></span> <span class='ocrx_word' id='word_1_658' title='bbox 3628 4979 3733 5039; x_wconf 75' lang='grc'>150.</span> 
     </span>
     <span class='ocr_line' id='line_1_53' title="bbox 777 5069 3425 5121; baseline 0 0"><span class='ocrx_word' id='word_1_659' title='bbox 777 5070 842 5121; x_wconf 90' lang='lat' dir='ltr'><strong><em>II.</em></strong></span> <span class='ocrx_word' id='word_1_660' title='bbox 2196 5075 2494 5121; x_wconf 74' lang='lat' dir='ltr'><strong><em>Tillnmmit</em></strong></span> <span class='ocrx_word' id='word_1_661' title='bbox 2525 5075 2814 5121; x_wconf 75' lang='lat' dir='ltr'><strong><em>Mémmres</em></strong></span> <span class='ocrx_word' id='word_1_662' title='bbox 2835 5071 2971 5121; x_wconf 80' lang='lat' dir='ltr'><strong><em>eeel.</em></strong></span> <span class='ocrx_word' id='word_1_663' title='bbox 2991 5072 3055 5121; x_wconf 89' lang='lat' dir='ltr'><strong><em>T.</em></strong></span> <span class='ocrx_word' id='word_1_664' title='bbox 3079 5072 3193 5121; x_wconf 89' lang='lat' dir='ltr'><strong><em>VIII</em></strong></span> <span class='ocrx_word' id='word_1_665' title='bbox 3222 5087 3278 5121; x_wconf 84' lang='lat' dir='ltr'><strong><em>n.</em></strong></span> <span class='ocrx_word' id='word_1_666' title='bbox 3302 5069 3425 5121; x_wconf 83' lang='grc'>618.</span> 
     </span>
    </p>
   </div>
   <div class='ocr_carea' id='block_1_53' title="bbox 521 5068 2107 5214">
    <p class='ocr_par' dir='ltr' id='par_1_53' title="bbox 521 5068 2052 5214">
     <span class='ocr_line' id='line_1_54' title="bbox 521 5068 2052 5138; baseline 0.005 -15"><span class='ocrx_word' id='word_1_667' title='bbox 521 5068 625 5123; x_wconf 71' lang='grc'><strong><em>614</em></strong></span> <span class='ocrx_word' id='word_1_668' title='bbox 655 5068 681 5138; x_wconf 81' lang='lat'>§</span> <span class='ocrx_word' id='word_1_669' title='bbox 706 5069 842 5125; x_wconf 88' lang='lat' dir='ltr'><strong><em>VIII.</em></strong></span> <span class='ocrx_word' id='word_1_670' title='bbox 2033 5068 2052 5077; x_wconf 86' lang='grc'><em>’</em></span> 
     </span>
     <span class='ocr_line' id='line_1_55' title="bbox 599 5139 1515 5214; baseline 0.009 -24"><span class='ocrx_word' id='word_1_671' title='bbox 599 5140 714 5214; x_wconf 51' lang='lat' dir='ltr'><strong><em>(ﬁt)</em></strong></span> <span class='ocrx_word' id='word_1_672' title='bbox 737 5140 875 5214; x_wconf 83' lang='lat' dir='ltr'><strong><em>I_bi_d.</em></strong></span> <span class='ocrx_word' id='word_1_673' title='bbox 919 5139 1075 5214; x_wconf 70' lang='lat' dir='ltr'><strong><em>Saec.</em></strong></span> <span class='ocrx_word' id='word_1_674' title='bbox 1107 5139 1156 5214; x_wconf 74' lang='lat' dir='ltr'><strong><em>ll</em></strong></span> <span class='ocrx_word' id='word_1_675' title='bbox 1180 5156 1239 5214; x_wconf 90' lang='lat' dir='ltr'><strong><em>p.</em></strong></span> <span class='ocrx_word' id='word_1_676' title='bbox 1272 5141 1376 5197; x_wconf 86' lang='lat'><strong><em>785</em></strong></span> <span class='ocrx_word' id='word_1_677' title='bbox 1399 5141 1425 5214; x_wconf 85' lang='lat'>§</span> <span class='ocrx_word' id='word_1_678' title='bbox 1450 5144 1515 5198; x_wconf 90' lang='lat' dir='ltr'><strong><em>V.</em></strong></span> 
     </span>
    </p>
   </div>
   <div class='ocr_carea' id='block_1_54' title="bbox 1838 5068 3424 5214">
    <p class='ocr_par' dir='ltr' id='par_1_54' title="bbox 2033 5068 3424 5214">
     <span class='ocr_line' id='line_1_56' title="bbox 2033 5068 3424 5139; baseline -0.006 -7"><span class='ocrx_word' id='word_1_679' title='bbox 2033 5068 2052 5077; x_wconf 84' lang='grc'><em>’</em></span> <span class='ocrx_word' id='word_1_680' title='bbox 2196 5068 2494 5131; x_wconf 82' lang='lat' dir='ltr'><strong><em>Tillemont</em></strong></span> <span class='ocrx_word' id='word_1_681' title='bbox 2523 5075 2814 5130; x_wconf 86' lang='lat' dir='ltr'><strong><em>Mémoires</em></strong></span> <span class='ocrx_word' id='word_1_682' title='bbox 2835 5071 2971 5127; x_wconf 90' lang='lat' dir='ltr'><strong><em>eecl.</em></strong></span> <span class='ocrx_word' id='word_1_683' title='bbox 2991 5072 3055 5125; x_wconf 92' lang='lat' dir='ltr'><strong><em>T.</em></strong></span> <span class='ocrx_word' id='word_1_684' title='bbox 3079 5072 3193 5126; x_wconf 89' lang='lat' dir='ltr'><strong><em>VIII</em></strong></span> <span class='ocrx_word' id='word_1_685' title='bbox 3222 5087 3278 5139; x_wconf 90' lang='lat' dir='ltr'><strong><em>p.</em></strong></span> <span class='ocrx_word' id='word_1_686' title='bbox 3302 5069 3424 5124; x_wconf 83' lang='grc'>618.</span> 
     </span>
     <span class='ocr_line' id='line_1_57' title="bbox 2269 5139 3414 5214; baseline -0.008 -14"><span class='ocrx_word' id='word_1_687' title='bbox 2269 5144 2381 5214; x_wconf 88' lang='grc'>(59)</span> <span class='ocrx_word' id='word_1_688' title='bbox 2424 5144 2607 5199; x_wconf 84' lang='lat' dir='ltr'><strong><em>Ruﬁn.</em></strong></span> <span class='ocrx_word' id='word_1_689' title='bbox 2642 5144 2786 5198; x_wconf 89' lang='lat' dir='ltr'><strong><em>Hist.</em></strong></span> <span class='ocrx_word' id='word_1_690' title='bbox 2828 5142 2983 5214; x_wconf 77' lang='lat' dir='ltr'><strong><em>Eccl.</em></strong></span> <span class='ocrx_word' id='word_1_691' title='bbox 3008 5141 3107 5196; x_wconf 87' lang='lat' dir='ltr'><strong><em>lib.</em></strong></span> <span class='ocrx_word' id='word_1_692' title='bbox 3136 5142 3183 5196; x_wconf 94' lang='lat' dir='ltr'><strong><em>II</em></strong></span> <span class='ocrx_word' id='word_1_693' title='bbox 3210 5156 3331 5210; x_wconf 89' lang='lat' dir='ltr'><strong><em>cap.</em></strong></span> <span class='ocrx_word' id='word_1_694' title='bbox 3360 5139 3414 5193; x_wconf 70' lang='grc'>4.</span> 
     </span>
    </p>
   </div>
   <div class='ocr_carea' id='block_1_55' title="bbox 616 5210 2202 5363">
    <p class='ocr_par' dir='ltr' id='par_1_55' title="bbox 616 5210 2093 5363">
     <span class='ocr_line' id='line_1_58' title="bbox 617 5210 1515 5282; baseline 0.007 -21"><span class='ocrx_word' id='word_1_695' title='bbox 617 5210 703 5280; x_wconf 75' lang='grc'><strong><em>52)</em></strong></span> <span class='ocrx_word' id='word_1_696' title='bbox 733 5210 975 5264; x_wconf 87' lang='lat' dir='ltr'><strong><em>Holsten.</em></strong></span> <span class='ocrx_word' id='word_1_697' title='bbox 1010 5210 1143 5265; x_wconf 88' lang='lat' dir='ltr'><strong><em>Cod.</em></strong></span> <span class='ocrx_word' id='word_1_698' title='bbox 1178 5210 1312 5281; x_wconf 84' lang='lat' dir='ltr'><strong><em>Reg.</em></strong></span> <span class='ocrx_word' id='word_1_699' title='bbox 1332 5210 1515 5282; x_wconf 48' lang='lat' dir='ltr'><strong><em>p.15.</em></strong></span> 
     </span>
     <span class='ocr_line' id='line_1_59' title="bbox 616 5279 2093 5363; baseline 0.003 -25"><span class='ocrx_word' id='word_1_700' title='bbox 616 5279 1033 5363; x_wconf 47' lang='lat' dir='ltr'><strong><em>53&#39;)&quot;&#39;I&quot;illemonnt</em></strong></span> <span class='ocrx_word' id='word_1_701' title='bbox 1049 5280 1343 5363; x_wconf 62' lang='lat' dir='ltr'><strong><em>Mémoires</em></strong></span> <span class='ocrx_word' id='word_1_702' title='bbox 1368 5286 1504 5339; x_wconf 88' lang='lat' dir='ltr'><strong><em>eccl.</em></strong></span> <span class='ocrx_word' id='word_1_703' title='bbox 1526 5283 1589 5339; x_wconf 92' lang='lat' dir='ltr'><strong><em>T.</em></strong></span> <span class='ocrx_word' id='word_1_704' title='bbox 1611 5284 1727 5341; x_wconf 87' lang='lat' dir='ltr'><strong><em>VIII</em></strong></span> <span class='ocrx_word' id='word_1_705' title='bbox 1746 5287 1941 5357; x_wconf 77' lang='lat' dir='ltr'><strong><em>p.618.</em></strong></span> <span class='ocrx_word' id='word_1_706' title='bbox 1969 5285 2093 5342; x_wconf 85' lang='lat'><strong><em>809.</em></strong></span> 
     </span>
    </p>
   </div>
   <div class='ocr_carea' id='block_1_56' title="bbox 1705 5210 3291 5363">
    <p class='ocr_par' dir='ltr' id='par_1_56' title="bbox 1707 5210 3291 5363">
     <span class='ocr_line' id='line_1_60' title="bbox 2277 5210 2893 5287; baseline -0.005 -18"><span class='ocrx_word' id='word_1_707' title='bbox 2277 5210 2383 5287; x_wconf 71' lang='grc'>’60)</span> <span class='ocrx_word' id='word_1_708' title='bbox 2408 5215 2487 5269; x_wconf 94' lang='lat' dir='ltr'><strong><em>Id.</em></strong></span> <span class='ocrx_word' id='word_1_709' title='bbox 2528 5214 2663 5269; x_wconf 90' lang='lat' dir='ltr'><strong><em>ibid.</em></strong></span> <span class='ocrx_word' id='word_1_710' title='bbox 2688 5230 2809 5282; x_wconf 90' lang='lat' dir='ltr'><strong><em>cap.</em></strong></span> <span class='ocrx_word' id='word_1_711' title='bbox 2841 5212 2893 5266; x_wconf 92' lang='lat'><strong><em>8.</em></strong></span> 
     </span>
     <span class='ocr_line' id='line_1_61' title="bbox 1707 5216 3291 5363; baseline -0.003 -24"><span class='ocrx_word' id='word_1_712' title='bbox 1707 5284 1727 5339; x_wconf 90' lang='grc' dir='ltr'>Ι</span> <span class='ocrx_word' id='word_1_713' title='bbox 1746 5287 1941 5357; x_wconf 78' lang='grc' dir='ltr'>ρ.618.</span> <span class='ocrx_word' id='word_1_714' title='bbox 1969 5285 2093 5342; x_wconf 85' lang='grc'>809.</span> <span class='ocrx_word' id='word_1_715' title='bbox 2272 5216 2385 5363; x_wconf 54' lang='lat' dir='ltr'><strong><em>lbi)</em></strong></span> <span class='ocrx_word' id='word_1_716' title='bbox 2422 5285 2628 5363; x_wconf 71' lang='lat' dir='ltr'><strong><em>Pallad.</em></strong></span> <span class='ocrx_word' id='word_1_717' title='bbox 2654 5282 2797 5363; x_wconf 70' lang='lat' dir='ltr'><strong><em>Hist.</em></strong></span> <span class='ocrx_word' id='word_1_718' title='bbox 2818 5282 2983 5363; x_wconf 59' lang='lat' dir='ltr'><strong><em>Laus.</em></strong></span> <span class='ocrx_word' id='word_1_719' title='bbox 3017 5282 3291 5363; x_wconf 23' lang='lat' dir='ltr'><strong><em>caput</em></strong></span> 
     </span>
    </p>
   </div>
   <div class='ocr_carea' id='block_1_57' title="bbox 520 5349 2106 5492">
    <p class='ocr_par' dir='ltr' id='par_1_57' title="bbox 520 5349 1764 5492">
     <span class='ocr_line' id='line_1_62' title="bbox 520 5349 1764 5405; baseline 0.004 -1"><span class='ocrx_word' id='word_1_720' title='bbox 520 5349 643 5404; x_wconf 75' lang='lat' dir='ltr'><strong><em>Not.</em></strong></span> <span class='ocrx_word' id='word_1_721' title='bbox 686 5350 800 5405; x_wconf 91' lang='lat' dir='ltr'><strong><em>VIII</em></strong></span> <span class='ocrx_word' id='word_1_722' title='bbox 834 5367 928 5403; x_wconf 85' lang='lat' dir='ltr'><strong><em>sur</em></strong></span> <span class='ocrx_word' id='word_1_723' title='bbox 956 5350 1010 5403; x_wconf 93' lang='lat' dir='ltr'><strong><em>S.</em></strong></span> <span class='ocrx_word' id='word_1_724' title='bbox 1048 5350 1301 5405; x_wconf 89' lang='lat' dir='ltr'><strong><em>Macaire.</em></strong></span> <span class='ocrx_word' id='word_1_725' title='bbox 1746 5349 1764 5357; x_wconf 81' lang='grc'><em>’</em></span> 
     </span>
     <span class='ocr_line' id='line_1_63' title="bbox 594 5420 1550 5492; baseline 0.007 -21"><span class='ocrx_word' id='word_1_726' title='bbox 594 5420 705 5492; x_wconf 45' lang='grc' dir='ltr'><strong><em>(ᾗ)</em></strong></span> <span class='ocrx_word' id='word_1_727' title='bbox 728 5420 871 5492; x_wconf 62' lang='lat' dir='ltr'><strong><em>gave</em></strong></span> <span class='ocrx_word' id='word_1_728' title='bbox 894 5420 1173 5492; x_wconf 54' lang='lat' dir='ltr'><strong><em>lli_st._l.it.</em></strong></span> <span class='ocrx_word' id='word_1_729' title='bbox 1204 5420 1266 5475; x_wconf 87' lang='grc' dir='ltr'>Τ.</span> <span class='ocrx_word' id='word_1_730' title='bbox 1298 5421 1397 5492; x_wconf 87' lang='lat' dir='ltr'><strong><em>Ip.</em></strong></span> <span class='ocrx_word' id='word_1_731' title='bbox 1425 5423 1550 5479; x_wconf 70' lang='lat'><strong><em>238.</em></strong></span> 
     </span>
    </p>
   </div>
   <div class='ocr_carea' id='block_1_58' title="bbox 1899 5349 3485 5492">
    <p class='ocr_par' dir='ltr' id='par_1_58' title="bbox 2272 5349 3485 5492">
     <span class='ocr_line' id='line_1_64' title="bbox 2272 5349 3485 5492; baseline -0.007 -81"><span class='ocrx_word' id='word_1_732' title='bbox 2420 5352 2825 5479; x_wconf 51' lang='lat' dir='ltr'><strong><em>[Solzloamlﬂilst</em></strong></span> <span class='ocrx_word' id='word_1_733' title='bbox 2852 5352 3004 5407; x_wconf 85' lang='lat' dir='ltr'><strong><em>Eccl.</em></strong></span> <span class='ocrx_word' id='word_1_734' title='bbox 3030 5351 3129 5406; x_wconf 86' lang='lat' dir='ltr'><strong><em>lib.</em></strong></span> <span class='ocrx_word' id='word_1_735' title='bbox 3156 5351 3228 5406; x_wconf 93' lang='lat' dir='ltr'><strong><em>III</em></strong></span> <span class='ocrx_word' id='word_1_736' title='bbox 3258 5364 3375 5420; x_wconf 90' lang='lat' dir='ltr'><strong><em>cap.</em></strong></span> <span class='ocrx_word' id='word_1_737' title='bbox 3402 5349 3485 5403; x_wconf 71' lang='lat' dir='ltr'><strong><em>l4.</em></strong></span> 
     </span>
     <span class='ocr_line' id='line_1_65' title="bbox 2331 5442 2778 5478; baseline -0.004 0"><span class='ocrx_word' id='word_1_738' title='bbox 2331 5442 2363 5478; x_wconf 74' lang='grc' dir='ltr'>ὁ</span> <span class='ocrx_word' id='word_1_739' title='bbox 2465 5442 2493 5478; x_wconf 72' lang='lat'><strong>3</strong></span> <span class='ocrx_word' id='word_1_740' title='bbox 2542 5442 2570 5478; x_wconf 76' lang='lat'><strong>3</strong></span> <span class='ocrx_word' id='word_1_741' title='bbox 2618 5466 2631 5477; x_wconf 88' lang='lat'><strong><em>.</em></strong></span> <span class='ocrx_word' id='word_1_742' title='bbox 2694 5465 2706 5476; x_wconf 87' lang='lat'><strong><em>.</em></strong></span> <span class='ocrx_word' id='word_1_743' title='bbox 2766 5464 2778 5476; x_wconf 90' lang='lat'><strong><em>.</em></strong></span> 
     </span>
    </p>
   </div>
   <div class='ocr_carea' id='block_1_59' title="bbox 588 5486 3593 5577">
    <p class='ocr_par' dir='ltr' id='par_1_59' title="bbox 588 5486 3593 5577">
     <span class='ocr_line' id='line_1_66' title="bbox 588 5486 3593 5577; baseline 0 -35"><span class='ocrx_word' id='word_1_744' title='bbox 730 5490 921 5577; x_wconf 49' lang='lat' dir='ltr'><strong><em>lacent.</em></strong></span> <span class='ocrx_word' id='word_1_745' title='bbox 945 5489 1106 5577; x_wconf 41' lang='lat' dir='ltr'><strong><em>T&#39;olli‘i</em></strong></span> <span class='ocrx_word' id='word_1_746' title='bbox 1135 5486 1374 5577; x_wconf 54' lang='lat' dir='ltr'><strong><em>I&#39;nsignia</em></strong></span> <span class='ocrx_word' id='word_1_747' title='bbox 1400 5493 1587 5577; x_wconf 60' lang='lat' dir='ltr'><strong><em>Itiner.</em></strong></span> <span class='ocrx_word' id='word_1_748' title='bbox 1612 5495 1733 5577; x_wconf 69' lang='lat' dir='ltr'><strong><em>Ital.</em></strong></span> <span class='ocrx_word' id='word_1_749' title='bbox 1752 5512 1806 5567; x_wconf 93' lang='lat' dir='ltr'><strong><em>p.</em></strong></span> <span class='ocrx_word' id='word_1_750' title='bbox 1837 5494 2091 5552; x_wconf 71' lang='lat'><strong><em>192-199.</em></strong></span> <span class='ocrx_word' id='word_1_751' title='bbox 2403 5494 2720 5577; x_wconf 57' lang='lat' dir='ltr'><strong><em>Gennadius</em></strong></span> <span class='ocrx_word' id='word_1_752' title='bbox 2742 5492 2811 5548; x_wconf 89' lang='lat' dir='ltr'><strong><em>de</em></strong></span> <span class='ocrx_word' id='word_1_753' title='bbox 2832 5492 2969 5577; x_wconf 69' lang='lat' dir='ltr'><strong><em>viris</em></strong></span> <span class='ocrx_word' id='word_1_754' title='bbox 2998 5490 3309 5577; x_wconf 74' lang='lat' dir='ltr'><strong><em>illustribus</em></strong></span> <span class='ocrx_word' id='word_1_755' title='bbox 3326 5508 3437 5560; x_wconf 90' lang='lat' dir='ltr'><strong><em>cap.</em></strong></span> <span class='ocrx_word' id='word_1_756' title='bbox 3566 5549 3593 5577; x_wconf 54' lang='grc' dir='ltr'><strong><em>Η</em></strong></span> 
     </span>
    </p>
   </div>
   <div class='ocr_carea' id='block_1_60' title="bbox 594 5496 2180 5706">
    <p class='ocr_par' dir='ltr' id='par_1_60' title="bbox 594 5496 2097 5706">
     <span class='ocr_line' id='line_1_67' title="bbox 594 5496 2091 5567; baseline 0.005 -24"><span class='ocrx_word' id='word_1_757' title='bbox 594 5496 701 5558; x_wconf 75' lang='grc'>(55)</span> <span class='ocrx_word' id='word_1_758' title='bbox 730 5496 918 5545; x_wconf 80' lang='lat' dir='ltr'><strong><em>Jacobi</em></strong></span> <span class='ocrx_word' id='word_1_759' title='bbox 945 5496 1106 5543; x_wconf 89' lang='lat' dir='ltr'><strong><em>&#39;I‘ollii</em></strong></span> <span class='ocrx_word' id='word_1_760' title='bbox 1136 5496 1374 5560; x_wconf 84' lang='lat' dir='ltr'><strong><em>Insignia</em></strong></span> <span class='ocrx_word' id='word_1_761' title='bbox 1400 5496 1587 5549; x_wconf 88' lang='lat' dir='ltr'><strong><em>Itiner.</em></strong></span> <span class='ocrx_word' id='word_1_762' title='bbox 1612 5496 1733 5551; x_wconf 89' lang='lat' dir='ltr'><strong><em>Ital.</em></strong></span> <span class='ocrx_word' id='word_1_763' title='bbox 1752 5512 1806 5567; x_wconf 93' lang='lat' dir='ltr'><strong><em>p.</em></strong></span> <span class='ocrx_word' id='word_1_764' title='bbox 1837 5496 2091 5552; x_wconf 70' lang='lat'><strong><em>192-199.</em></strong></span> 
     </span>
     <span class='ocr_line' id='line_1_68' title="bbox 594 5560 1735 5633; baseline 0.007 -21"><span class='ocrx_word' id='word_1_765' title='bbox 594 5561 709 5628; x_wconf 79' lang='grc'>(56)</span> <span class='ocrx_word' id='word_1_766' title='bbox 740 5560 947 5614; x_wconf 89' lang='lat' dir='ltr'><strong><em>Pallad.</em></strong></span> <span class='ocrx_word' id='word_1_767' title='bbox 981 5560 1120 5613; x_wconf 90' lang='lat' dir='ltr'><strong><em>Hist.</em></strong></span> <span class='ocrx_word' id='word_1_768' title='bbox 1149 5560 1312 5615; x_wconf 89' lang='lat' dir='ltr'><strong><em>Laus.</em></strong></span> <span class='ocrx_word' id='word_1_769' title='bbox 1352 5578 1400 5616; x_wconf 92' lang='lat' dir='ltr'><strong><em>c.</em></strong></span> <span class='ocrx_word' id='word_1_770' title='bbox 1422 5564 1491 5617; x_wconf 74' lang='grc'>27</span> <span class='ocrx_word' id='word_1_771' title='bbox 1526 5581 1578 5633; x_wconf 90' lang='lat' dir='ltr'><strong><em>p.</em></strong></span> <span class='ocrx_word' id='word_1_772' title='bbox 1611 5568 1735 5620; x_wconf 72' lang='grc'>941.</span> 
     </span>
     <span class='ocr_line' id='line_1_69' title="bbox 594 5630 2097 5706; baseline 0.007 -28"><span class='ocrx_word' id='word_1_773' title='bbox 594 5630 947 5706; x_wconf 46' lang='grc' dir='ltr'><strong><em>[ἐξη-Ὲίψ-ςῖο.</em></strong></span> <span class='ocrx_word' id='word_1_774' title='bbox 990 5630 1348 5706; x_wconf 45' lang='grc' dir='ltr'><strong><em>Βλωεϐςξξοίξ</em></strong></span> <span class='ocrx_word' id='word_1_775' title='bbox 1374 5632 1436 5706; x_wconf 53' lang='grc' dir='ltr'>Ἰ)</span> <span class='ocrx_word' id='word_1_776' title='bbox 1468 5635 1561 5689; x_wconf 86' lang='lat' dir='ltr'><strong><em>VII</em></strong></span> <span class='ocrx_word' id='word_1_777' title='bbox 1588 5652 1642 5705; x_wconf 90' lang='lat' dir='ltr'><strong><em>p.</em></strong></span> <span class='ocrx_word' id='word_1_778' title='bbox 1674 5636 1790 5693; x_wconf 66' lang='grc'><strong><em>495</em></strong></span> <span class='ocrx_word' id='word_1_779' title='bbox 1815 5635 1926 5706; x_wconf 90' lang='lat' dir='ltr'><strong><em>[cd.</em></strong></span> <span class='ocrx_word' id='word_1_780' title='bbox 1958 5635 2097 5689; x_wconf 90' lang='lat' dir='ltr'><strong><em>Har-</em></strong></span> 
     </span>
    </p>
   </div>
   <div class='ocr_carea' id='block_1_61' title="bbox 2135 5496 3721 5706">
    <p class='ocr_par' dir='ltr' id='par_1_61' title="bbox 2194 5496 3721 5706">
     <span class='ocr_line' id='line_1_70' title="bbox 2288 5496 3593 5560; baseline -0.011 -11"><span class='ocrx_word' id='word_1_781' title='bbox 2288 5496 2355 5549; x_wconf 69' lang='lat'><strong><em>64</em></strong></span> <span class='ocrx_word' id='word_1_782' title='bbox 2403 5496 2720 5549; x_wconf 89' lang='lat' dir='ltr'><strong><em>Gennadius</em></strong></span> <span class='ocrx_word' id='word_1_783' title='bbox 2742 5496 2811 5548; x_wconf 90' lang='lat' dir='ltr'><strong><em>de</em></strong></span> <span class='ocrx_word' id='word_1_784' title='bbox 2832 5496 2969 5547; x_wconf 87' lang='lat' dir='ltr'><strong><em>viris</em></strong></span> <span class='ocrx_word' id='word_1_785' title='bbox 2998 5496 3309 5546; x_wconf 77' lang='lat' dir='ltr'><strong><em>illustribus</em></strong></span> <span class='ocrx_word' id='word_1_786' title='bbox 3326 5508 3437 5560; x_wconf 90' lang='lat' dir='ltr'><strong><em>cap.</em></strong></span> <span class='ocrx_word' id='word_1_787' title='bbox 3466 5496 3544 5539; x_wconf 77' lang='lat'><strong><em>51.</em></strong></span> <span class='ocrx_word' id='word_1_788' title='bbox 3585 5549 3593 5558; x_wconf 37' lang='lat'><em>.</em></span> 
     </span>
     <span class='ocr_line' id='line_1_71' title="bbox 2194 5496 3721 5706; baseline -0.016 -85"><span class='ocrx_word' id='word_1_789' title='bbox 2194 5496 2629 5706; x_wconf 49' lang='lat' dir='ltr'><strong><em>méﬁiiéouonor.</em></strong></span> <span class='ocrx_word' id='word_1_790' title='bbox 2682 5564 2821 5634; x_wconf 85' lang='lat' dir='ltr'><strong><em>Aug.</em></strong></span> <span class='ocrx_word' id='word_1_791' title='bbox 2877 5562 2945 5618; x_wconf 92' lang='lat' dir='ltr'><strong><em>dc</em></strong></span> <span class='ocrx_word' id='word_1_792' title='bbox 2987 5562 3351 5631; x_wconf 80' lang='lat' dir='ltr'><strong><em>scriptoribus</em></strong></span> <span class='ocrx_word' id='word_1_793' title='bbox 3394 5558 3519 5614; x_wconf 87' lang='lat' dir='ltr'><strong><em>eccl.</em></strong></span> <span class='ocrx_word' id='word_1_794' title='bbox 3564 5546 3649 5604; x_wconf 78' lang='lat' dir='ltr'><strong><em>lib.</em></strong></span> <span class='ocrx_word' id='word_1_795' title='bbox 3689 5536 3721 5591; x_wconf 84' lang='lat' dir='ltr'><strong><em>ll</em></strong></span> 
     </span>
     <span class='ocr_line' id='line_1_72' title="bbox 2279 5676 3671 5706; baseline 0 0"><span class='ocrx_word' id='word_1_796' title='bbox 2279 5678 2312 5706; x_wconf 68' lang='grc'>.⁸</span> <span class='ocrx_word' id='word_1_797' title='bbox 2360 5705 2364 5706; x_wconf 64' lang='lat'><strong><em>,</em></strong></span> <span class='ocrx_word' id='word_1_798' title='bbox 2423 5676 2465 5706; x_wconf 59' lang='lat'><strong><em>&#39;,</em></strong></span> <span class='ocrx_word' id='word_1_799' title='bbox 2508 5704 2515 5706; x_wconf 49' lang='lat'><strong><em>.</em></strong></span> <span class='ocrx_word' id='word_1_800' title='bbox 2683 5704 2692 5706; x_wconf 34' lang='grc' dir='ltr'>μ</span> <span class='ocrx_word' id='word_1_801' title='bbox 2816 5702 2829 5706; x_wconf 89' lang='grc'><strong><em>-</em></strong></span> <span class='ocrx_word' id='word_1_802' title='bbox 2983 5704 2991 5706; x_wconf 86' lang='grc'><strong><em>-</em></strong></span> <span class='ocrx_word' id='word_1_803' title='bbox 3134 5705 3140 5706; x_wconf 61' lang='lat'><strong><em>,</em></strong></span> <span class='ocrx_word' id='word_1_804' title='bbox 3374 5703 3384 5706; x_wconf 82' lang='lat'>_</span> <span class='ocrx_word' id='word_1_805' title='bbox 3589 5680 3671 5706; x_wconf 64' lang='grc' dir='ltr'><strong><em>ιξο</em></strong></span> 
     </span>
    </p>
   </div>
   <div class='ocr_carea' id='block_1_62' title="bbox 588 5630 3640 5705">
    <p class='ocr_par' dir='ltr' id='par_1_62' title="bbox 588 5630 3640 5705">
     <span class='ocr_line' id='line_1_73' title="bbox 588 5630 3640 5705; baseline 0.004 -12"><span class='ocrx_word' id='word_1_806' title='bbox 588 5630 947 5705; x_wconf 50' lang='lat' dir='ltr'><strong><em>(537)_Fab_ri_c.</em></strong></span> <span class='ocrx_word' id='word_1_807' title='bbox 990 5630 1348 5705; x_wconf 73' lang='lat' dir='ltr'><strong><em>B_ibl._Gr_aec_.</em></strong></span> <span class='ocrx_word' id='word_1_808' title='bbox 1374 5632 1436 5705; x_wconf 66' lang='lat' dir='ltr'><strong><em>T.</em></strong></span> <span class='ocrx_word' id='word_1_809' title='bbox 1468 5630 1561 5689; x_wconf 85' lang='lat' dir='ltr'><strong><em>VII</em></strong></span> <span class='ocrx_word' id='word_1_810' title='bbox 1588 5652 1642 5705; x_wconf 90' lang='lat' dir='ltr'><strong><em>p.</em></strong></span> <span class='ocrx_word' id='word_1_811' title='bbox 1674 5636 1790 5693; x_wconf 66' lang='grc'><strong><em>495</em></strong></span> <span class='ocrx_word' id='word_1_812' title='bbox 1815 5635 1926 5705; x_wconf 90' lang='lat' dir='ltr'><strong><em>[cd.</em></strong></span> <span class='ocrx_word' id='word_1_813' title='bbox 1958 5635 2097 5689; x_wconf 88' lang='lat' dir='ltr'><strong><em>Har-</em></strong></span> <span class='ocrx_word' id='word_1_814' title='bbox 2194 5630 2312 5705; x_wconf 83' lang='lat' dir='ltr'><strong><em>cap.</em></strong></span> <span class='ocrx_word' id='word_1_815' title='bbox 2684 5704 2689 5705; x_wconf 16' lang='grc' dir='ltr'><em>γ</em></span> <span class='ocrx_word' id='word_1_816' title='bbox 2776 5630 2795 5634; x_wconf 50' lang='grc'>⁷</span> <span class='ocrx_word' id='word_1_817' title='bbox 2816 5702 2829 5705; x_wconf 87' lang='lat'><strong><em>_</em></strong></span> <span class='ocrx_word' id='word_1_818' title='bbox 2984 5704 2990 5705; x_wconf 17' lang='grc' dir='ltr'><em>γ</em></span> <span class='ocrx_word' id='word_1_819' title='bbox 3102 5630 3117 5631; x_wconf 22' lang='lat'><em>7</em></span> <span class='ocrx_word' id='word_1_820' title='bbox 3374 5703 3384 5705; x_wconf 86' lang='lat'>_</span> <span class='ocrx_word' id='word_1_821' title='bbox 3589 5682 3640 5705; x_wconf 65' lang='grc' dir='ltr'><strong><em>,τ</em></strong></span> 
     </span>
    </p>
   </div>
   <div class='ocr_carea' id='block_1_63' title="bbox 1782 5635 3687 5847">
    <p class='ocr_par' dir='ltr' id='par_1_63' title="bbox 1782 5635 3687 5847">
     <span class='ocr_line' id='line_1_74' title="bbox 1782 5635 3640 5764; baseline 0.004 -72"><span class='ocrx_word' id='word_1_822' title='bbox 1782 5635 1926 5764; x_wconf 51' lang='grc' dir='ltr'><strong><em>ἱιίρᾶο</em></strong></span> <span class='ocrx_word' id='word_1_823' title='bbox 2348 5636 2435 5689; x_wconf 68' lang='grc'>50.</span> <span class='ocrx_word' id='word_1_824' title='bbox 3614 5682 3640 5699; x_wconf 71' lang='grc' dir='ltr'>ν</span> 
     </span>
     <span class='ocr_line' id='line_1_75' title="bbox 1834 5680 3687 5847; baseline -0.005 -85"><span class='ocrx_word' id='word_1_825' title='bbox 1834 5749 1846 5762; x_wconf 94' lang='grc'><strong><em>.</em></strong></span> <span class='ocrx_word' id='word_1_826' title='bbox 1883 5708 1946 5763; x_wconf 84' lang='grc' dir='ltr'>Τ.</span> <span class='ocrx_word' id='word_1_827' title='bbox 1970 5707 2016 5761; x_wconf 81' lang='grc' dir='ltr'>ιι</span> <span class='ocrx_word' id='word_1_828' title='bbox 2038 5722 2091 5777; x_wconf 75' lang='grc' dir='ltr'>υ.</span> <span class='ocrx_word' id='word_1_829' title='bbox 2265 5704 2375 5847; x_wconf 76' lang='grc'>(66)</span> <span class='ocrx_word' id='word_1_830' title='bbox 2424 5704 2768 5759; x_wconf 89' lang='lat' dir='ltr'><strong><em>Trithemius</em></strong></span> <span class='ocrx_word' id='word_1_831' title='bbox 2799 5702 2866 5756; x_wconf 89' lang='lat' dir='ltr'><strong><em>de</em></strong></span> <span class='ocrx_word' id='word_1_832' title='bbox 2888 5704 3257 5771; x_wconf 84' lang='lat' dir='ltr'><strong><em>scriptoribus</em></strong></span> <span class='ocrx_word' id='word_1_833' title='bbox 3278 5703 3407 5759; x_wconf 85' lang='lat' dir='ltr'><strong><em>cccl.</em></strong></span> <span class='ocrx_word' id='word_1_834' title='bbox 3441 5709 3550 5765; x_wconf 81' lang='lat' dir='ltr'><strong><em>cap.</em></strong></span> <span class='ocrx_word' id='word_1_835' title='bbox 3586 5680 3687 5739; x_wconf 50' lang='grc' dir='ltr'><strong>ωδ</strong></span> 
     </span>
     <span class='ocr_line' id='line_1_76' title="bbox 2290 5773 3224 5844; baseline 0.002 -14"><span class='ocrx_word' id='word_1_836' title='bbox 2290 5778 2379 5837; x_wconf 88' lang='grc'><strong><em>67)</em></strong></span> <span class='ocrx_word' id='word_1_837' title='bbox 2425 5776 2625 5831; x_wconf 87' lang='lat' dir='ltr'><strong><em>Annal.</em></strong></span> <span class='ocrx_word' id='word_1_838' title='bbox 2658 5774 2818 5829; x_wconf 89' lang='lat' dir='ltr'><strong><em>Trev.</em></strong></span> <span class='ocrx_word' id='word_1_839' title='bbox 2845 5773 2909 5827; x_wconf 87' lang='lat' dir='ltr'><strong><em>P.</em></strong></span> <span class='ocrx_word' id='word_1_840' title='bbox 2940 5774 2983 5827; x_wconf 94' lang='lat' dir='ltr'><strong><em>ll</em></strong></span> <span class='ocrx_word' id='word_1_841' title='bbox 3017 5790 3135 5844; x_wconf 79' lang='lat' dir='ltr'><strong><em>cap.</em></strong></span> <span class='ocrx_word' id='word_1_842' title='bbox 3178 5780 3224 5831; x_wconf 90' lang='lat' dir='ltr'><strong><em>l.</em></strong></span> 
     </span>
    </p>
   </div>
   <div class='ocr_carea' id='block_1_64' title="bbox 522 5698 3194 5844">
    <p class='ocr_par' dir='ltr' id='par_1_64' title="bbox 522 5698 3194 5844">
     <span class='ocr_line' id='line_1_77' title="bbox 522 5698 3186 5777; baseline 0.003 -27"><span class='ocrx_word' id='word_1_843' title='bbox 522 5698 603 5750; x_wconf 76' lang='lat' dir='ltr'><strong><em>les</em></strong></span> <span class='ocrx_word' id='word_1_844' title='bbox 632 5698 667 5749; x_wconf 93' lang='grc'>1.</span> <span class='ocrx_word' id='word_1_845' title='bbox 697 5698 762 5751; x_wconf 93' lang='grc' dir='ltr'>Τ.</span> <span class='ocrx_word' id='word_1_846' title='bbox 788 5698 903 5755; x_wconf 91' lang='lat' dir='ltr'><strong><em>VIII</em></strong></span> <span class='ocrx_word' id='word_1_847' title='bbox 934 5716 989 5771; x_wconf 89' lang='lat' dir='ltr'><strong><em>p.</em></strong></span> <span class='ocrx_word' id='word_1_848' title='bbox 1016 5700 1177 5773; x_wconf 76' lang='lat'><strong>5661;</strong></span> <span class='ocrx_word' id='word_1_849' title='bbox 1199 5701 1440 5760; x_wconf 79' lang='lat' dir='ltr'><strong><em>Ei.Cod.</em></strong></span> <span class='ocrx_word' id='word_1_850' title='bbox 1472 5698 1658 5776; x_wconf 78' lang='lat' dir='ltr'><strong><em>apocr.</em></strong></span> <span class='ocrx_word' id='word_1_851' title='bbox 1688 5707 1754 5763; x_wconf 86' lang='lat' dir='ltr'><strong><em>N.</em></strong></span> <span class='ocrx_word' id='word_1_852' title='bbox 1782 5698 1846 5764; x_wconf 73' lang='grc' dir='ltr'>Τ.</span> <span class='ocrx_word' id='word_1_853' title='bbox 1883 5708 1946 5763; x_wconf 91' lang='grc' dir='ltr'>Τ.</span> <span class='ocrx_word' id='word_1_854' title='bbox 1970 5707 2016 5761; x_wconf 92' lang='lat' dir='ltr'><strong><em>Il</em></strong></span> <span class='ocrx_word' id='word_1_855' title='bbox 2038 5722 2091 5777; x_wconf 91' lang='lat' dir='ltr'><strong><em>p.</em></strong></span> <span class='ocrx_word' id='word_1_856' title='bbox 2259 5698 2375 5773; x_wconf 79' lang='grc'>’66)</span> <span class='ocrx_word' id='word_1_857' title='bbox 2424 5704 2768 5759; x_wconf 89' lang='lat' dir='ltr'><strong><em>Trithemius</em></strong></span> <span class='ocrx_word' id='word_1_858' title='bbox 2799 5702 2866 5756; x_wconf 90' lang='lat' dir='ltr'><strong><em>de</em></strong></span> <span class='ocrx_word' id='word_1_859' title='bbox 2888 5704 3186 5771; x_wconf 83' lang='lat' dir='ltr'><strong><em>scriptorib</em></strong></span> 
     </span>
     <span class='ocr_line' id='line_1_78' title="bbox 522 5704 3194 5844; baseline 0.003 -22"><span class='ocrx_word' id='word_1_860' title='bbox 522 5769 627 5822; x_wconf 69' lang='grc'>949</span> <span class='ocrx_word' id='word_1_861' title='bbox 653 5776 767 5823; x_wconf 90' lang='lat' dir='ltr'><strong><em>not.</em></strong></span> <span class='ocrx_word' id='word_1_862' title='bbox 794 5768 878 5839; x_wconf 90' lang='lat' dir='ltr'><strong><em>(l).</em></strong></span> <span class='ocrx_word' id='word_1_863' title='bbox 1669 5773 1682 5780; x_wconf 86' lang='grc'><em>’</em></span> <span class='ocrx_word' id='word_1_864' title='bbox 2265 5704 2379 5844; x_wconf 51' lang='grc'>(67)</span> <span class='ocrx_word' id='word_1_865' title='bbox 2425 5776 2625 5831; x_wconf 86' lang='lat' dir='ltr'><strong><em>Annal.</em></strong></span> <span class='ocrx_word' id='word_1_866' title='bbox 2658 5774 2818 5829; x_wconf 87' lang='lat' dir='ltr'><strong><em>Trev.</em></strong></span> <span class='ocrx_word' id='word_1_867' title='bbox 2845 5773 2909 5827; x_wconf 90' lang='lat' dir='ltr'><strong><em>P.</em></strong></span> <span class='ocrx_word' id='word_1_868' title='bbox 2940 5774 2983 5827; x_wconf 94' lang='lat' dir='ltr'><strong><em>ll</em></strong></span> <span class='ocrx_word' id='word_1_869' title='bbox 3017 5790 3135 5844; x_wconf 79' lang='lat' dir='ltr'><strong><em>cap.</em></strong></span> <span class='ocrx_word' id='word_1_870' title='bbox 3178 5780 3194 5831; x_wconf 89' lang='lat' dir='ltr'><strong><em>l</em></strong></span> 
     </span>
    </p>
   </div>
   <div class='ocr_carea' id='block_1_65' title="bbox 521 5768 878 5839">
    <p class='ocr_par' dir='ltr' id='par_1_65' title="bbox 521 5768 878 5839">
     <span class='ocr_line' id='line_1_79' title="bbox 521 5768 878 5839; baseline -0.003 -17"><span class='ocrx_word' id='word_1_871' title='bbox 521 5769 627 5822; x_wconf 70' lang='grc'>949</span> <span class='ocrx_word' id='word_1_872' title='bbox 653 5776 767 5823; x_wconf 90' lang='lat' dir='ltr'><strong><em>not.</em></strong></span> <span class='ocrx_word' id='word_1_873' title='bbox 794 5768 878 5839; x_wconf 91' lang='lat' dir='ltr'><strong><em>(l).</em></strong></span> 
     </span>
    </p>
   </div>
  </div>
