4016 6444
301 369 406 425 577
1126 361 1216 418 DE
1257 361 1353 418 ss.
1394 359 1719 417 MACARIIS
1757 359 2102 416 AEGYPTIO
2141 359 2231 414 ET
2279 359 2796 415 ALEXANDRINO.
3474 367 3580 420 s73

305 486 456 540 illam
476 482 816 553 ignorarunt
854 486 1076 534 sanctus
1104 477 1434 533 Benedictus
1452 477 1602 550 [Pag.
1644 477 1734 549 Vl]
1762 477 2092 532 Anianensis
2127 485 2184 531 et
2211 476 2543 547 Smaragdus
2572 477 2760 541 abbas,
2785 479 2880 548 qui
2909 488 2965 532 et
2989 479 3328 548 superiorem
3357 479 3583 535 Macarii

305 575 689 636 Alexandrini,
728 581 790 627 et
821 573 1046 626 alteram
1075 570 1283 639 pariter
1317 580 1625 624 sanctorum
1649 568 1879 624 Patrum
1905 585 2016 623 non
2051 574 2230 624 solum
2265 569 2486 638 saepius
2529 569 2845 636 laudarunt,
2892 572 2988 625 sed
3027 573 3197 627 multa
3236 574 3405 628 etiam
3454 573 3585 626 inde

307 668 511 737 capita,
539 666 634 720 ille
657 665 892 735 quidem
937 664 996 719 in
1025 665 1376 721 concordiam
1399 665 1758 734 Regularum,
1787 665 1881 719 hic
1901 680 2036 720 vero
2060 665 2119 719 in
2145 663 2547 735 expositionem
2577 666 2820 736 Regulae
2859 666 3034 722 sancti
3053 667 3368 734 Benedicti,
3406 675 3590 722 trans-

308 759 504 814 tulisse
529 755 926 828 perhibentur,
954 765 1015 811 ut
1036 764 1224 812 monet
1251 754 1572 811 Holstenius
1604 753 1737 827 (68).

392 940 496 1013 (53)
527 939 781 996 Holsten.
807 937 947 994 Cod.
972 940 1105 1011 Reg.
1130 957 1185 1011 p.
1211 941 1302 996 25.
1337 940 1427 994 45.
1455 939 1580 1004 156,
1839 871 2098 929 NOTAE“

2997 1143 3574 1172 mm

1328 1305 1964 1397 CASIMIRUS
2039 1304 2589 1400 OUDINUS

1142 1491 1240 1546 DE
1278 1489 1376 1546 SS.
1416 1489 1754 1546 MACARIIS
1790 1489 2140 1546 AEGYPTIO
2175 1492 2270 1547 ET
2305 1493 2834 1551 ALEXANDRINO.

317 1608 569 1672 [tiasimiri
588 1605 774 1658 Oudini
800 1606 1192 1657 Commentarios
1214 1607 1279 1656 de
1313 1605 1635 1669 scriptoribus
1659 1606 1916 1728 Ee'tilegia:
2179 1612 2501 1736 Jillorumque
2524 1615 2724 1673 scriptis
2747 1614 2968 1663 Francof.
2997 1618 3056 1664 ad
3103 1617 3328 1666 Moenum
3358 1621 3478 1668 1722
3503 1622 3587 1671 fol.

1773 1705 1786 1716 .
1912 1701 1923 1713 .
1989 1685 2020 1714 l-

1773 1685 1832 1716 ,ι
1877 1685 2020 1716 Boil-1

399 1868 624 1923 Macarii
676 1874 780 1920 tres
824 1868 1086 1921 monachi.
1127 1867 1238 1922 llos
1288 1868 1451 1922 simul
1498 1868 1793 1939 iungimus,
1829 1885 1952 1924 cum
1999 1871 2235 1940 disiungi
2284 1869 2376 1924 vix
2421 1871 2652 1940 possint,
2689 1885 2853 1942 atque
2891 1876 2958 1930 ad
3006 1877 3414 1934 distinctionem
3462 1899 3491 1936 a
3539 1899 3598 1937 se

321 1972 525 2018 mutuo
566 1961 737 2032 magis
780 1961 1128 2030 perspicuam
1166 1961 1327 2014 simul
1353 1960 1626 2029 iconinngi
1676 1962 1986 2016 conveniat.
2027 1962 2296 2019 Vixerunt
2338 1962 2396 2016 hi
2441 1970 2552 2017 tres
2594 1964 2790 2017 eodem
2836 1974 3104 2036 tempore,
3146 1979 3308 2038 atque
3354 1974 3599 2043 magistri

324 2054 579 2109 eiusdem
604 2053 828 2108 Antonii
851 2052 1102 2121 discipuli
1135 2051 1340 2120 pariter
1367 2052 1716 2106 exstiterunt.
1741 2053 1816 2106 De
1844 2069 2079 2122 quorum
2105 2053 2298 2122 primis
2328 2054 2544 2109 duobus
2573 2055 2662 2109 hic
2686 2055 2992 2112 inserendis
3021 2059 3321 2128 loquuntur
3347 2062 3606 2119 Socrates

327 2151 470 2206 Hist.
501 2149 646 2203 Eccl.
679 2148 778 2202 lib.
811 2148 879 2202 1V
913 2163 1030 2216 cap.
1057 2147 1145 2209 23,
1173 2148 1508 2202 Sozomenus
1541 2149 1638 2202 lib.
1671 2148 1740 2202 111
1774 2163 1894 2217 cap.
1920 2149 2006 2212 14,
2043 2148 2423 2204 Theodoretus
2455 2150 2553 2204 lib.
2597 2150 2664 2206 IV
2691 2166 2808 2220 cap.
2843 2151 2940 2217 21,
2968 2152 3240 2208 Palladius
3270 2154 3405 2210 Hist.
3438 2157 3600 2211 Laus.
3680 2191 3683 2194 -

332 2257 488 2312 capp.
526 2240 592 2294 19
621 2249 676 2294 01
705 2239 794 2293 20.
831 2238 1040 2293 Horum
1079 2241 1280 2310 primus
1310 2239 1599 2305 Macarius,
1630 2251 1792 2312 gente
1824 2243 2144 2314 Aegyptius,
2173 2245 2480 2299 monachus
2509 2244 2805 2309 Scetensis,
2839 2246 3012 2316 Magni
3045 2247 3265 2302 Antonii
3299 2250 3606 2321 discipulus

340 2338 535 2392 claruit
558 2337 627 2390 ab
655 2352 798 2390 anno
822 2335 945 2389 550.
971 2335 1074 2402 Qui
1102 2336 1158 2390 in
1185 2336 1470 2390 iuventute
1501 2337 1681 2392 adhuc
1713 2340 2048 2394 constitutus
2075 2339 2151 2394 ita
2181 2339 2480 2394 virtutibus
2501 2341 2818 2395 monasticis
2834 2350 2891 2395 et
2911 2351 3132 2397 austero
3154 2344 3373 2398 vivendi
3404 2362 3604 2416 genere

343 2431 611 2494 excelluit,
642 2430 749 2485 sibi
790 2445 1007 2500 semper
1033 2446 1293 2500 praesens
1317 2441 1372 2484 et
1398 2432 1598 2502 gravis,
1630 2441 1692 2488 ut
1726 2450 1755 2487 a
1785 2434 2050 2488 fratribus
2081 2434 2549 2503 παιδαριογέρων
2585 2447 2898 2491 vocaretur.
2939 2436 3128 2492 Annos
3170 2449 3333 2494 natus
3364 2441 3604 2509 quadra-

339 2527 486 2597 ginta
527 2527 594 2580 ad
633 2526 962 2597 presbyterii
1001 2525 1228 2596 gradum
1261 2539 1484 2582 evectus
1525 2537 1626 2583 est.
1673 2529 1952 2583 Miraculis
1983 2538 2039 2584 et
2070 2530 2359 2599 prophetia
2393 2530 2575 2584 clarus
2604 2538 2683 2585 tot
2725 2531 2937 2585 sanavit
2967 2547 3181 2601 aegros,
3216 2542 3295 2588 tot
3325 2549 3354 2586 a
3387 2533 3610 2588 daemo-

333 2624 501 2679 nibus
532 2623 783 2678 obsessos
815 2623 1077 2676 liberasse
1119 2621 1343 2687 dicitur,
1377 2633 1437 2679 ut
1479 2624 1702 2679 Socrate
1736 2635 1873 2680 teste
1907 2627 2172 2680 miracula
2206 2625 2274 2679 ab
2311 2640 2378 2678 00
2412 2633 2625 2694 patrata
2668 2626 2906 2694 speciale
2943 2640 3081 2694 opus
3118 2627 3416 2697 exigerent.
3456 2627 3605 2682 Nihil

333 2720 544 2774 mirum
584 2735 738 2783 vero,
776 2728 886 2773 tam
921 2718 1191 2772 celebrem
1223 2718 1368 2773 inter
1392 2720 1690 2774 monachos
1718 2719 1867 2790 [Pag.
1902 2720 2028 2792 475]
2067 2721 2244 2774 virum
2289 2719 2458 2774 fuisse
2491 2719 2659 2772 etiam
2693 2718 2838 2771 inter
2869 2716 3175 2788 Scriptores
3206 2719 3608 2774 ecclesiasticos

330 2831 599 2872 successu
635 2814 896 2884 temporis
928 2815 1280 2869 recensitum.
1318 2816 1444 2870 11105
1481 2817 1630 2870 enim
1679 2816 1921 2886 insignes
1965 2817 2217 2871 homines
2260 2815 2514 2869 monachi
2557 2813 2877 2882 sequiorum
2917 2821 3225 2884 temporum
3258 2796 3359 2884 pro
3397 2814 3611 2868 viribus

332 2911 488 2967 inter
516 2910 705 2964 doctos
731 2909 898 2962 etiam
929 2910 1227 2978 suppositis
1254 2909 1524 2979 Operibus
1553 2911 1878 2982 allegerunt.
1928 2912 2086 2966 Hunc
2115 2911 2410 2966 Maearium
2441 2911 2584 2964 inter
2618 2907 2926 2978 Scriptores
2957 2925 3067 2963 non
3104 2910 3378 2965 omisisset
3415 2911 3612 2966 Hiero-

333 3024 558 3081 nymus,
586 3009 631 3061 si
681 3017 925 3076 tempore
969 3021 1070 3060 suo
1110 3006 1319 3076 aliquid
1361 3007 1462 3061 sub
1510 3007 1730 3062 Macarii
1772 3008 1994 3063 nomine
2027 3007 2344 3063 exstitisset.
2392 3005 2566 3060 Annis
2616 3004 2838 3059 circiter
2881 3014 3100 3059 centum
3139 3016 3263 3075 post
3295 3005 3608 3078 Hieronymi

333 3114 576 3160 aetatem
602 3103 914 3158 Gennadius
947 3102 1302 3157 Massiliensis
1332 3103 1619 3174 presbyter
1657 3104 1848 3159 retulit
1885 3104 2036 3158 hunc
2074 3103 2369 3158 Macarium
2399 3103 2544 3156 inter
2573 3099 2880 3170 Scriptores
2920 3101 3323 3156 ecclesiasticos
3365 3101 3507 3156 libro
3534 3105 3612 3158 De

333 3200 465 3253 viris
493 3196 784 3250 illustribus
815 3211 936 3265 cap.
969 3194 1053 3259 10,
1083 3195 1171 3248 cui
1203 3195 1420 3250 unicam
1450 3196 1716 3251 duntaxat
1743 3196 1997 3251 attribuit
2024 3197 2345 3266 Epistolam,
2376 3195 2578 3265 quippe
2614 3209 2739 3248 cum
2777 3201 2910 3248 tunc
2936 3194 3201 3262 temporis
3235 3193 3370 3248 haec
3398 3202 3612 3249 tantum

335 3293 443 3347 sub
473 3291 694 3346 Macarii
731 3289 1076 3344 celeberrimi
1115 3293 1337 3346 nomine
1369 3300 1661 3362 prostaret.
1697 3291 1971 3356 Socrates,
2003 3295 2097 3363 qui
2137 3293 2358 3347 illorum
2389 3290 2752 3346 Macariorum
2780 3289 3015 3343 virtutes
3053 3288 3189 3342 Hist.
3221 3288 3366 3342 Eccl.
3408 3290 3505 3344 lib.
3545 3291 3614 3346 IV

337 3401 461 3454 cap.
496 3383 566 3436 25
609 3382 894 3452 magniﬁce
937 3382 1169 3445 extollit,
1211 3381 1279 3436 de
1325 3381 1545 3451 scriptis
1589 3383 1734 3446 silet,
1774 3383 2026 3451 quamvis
2073 3382 2278 3436 ibidem
2323 3380 2542 3451 Evagrii
2593 3379 2816 3433 illarum
2859 3377 3116 3446 discipuli
3158 3376 3334 3446 Opera
3381 3379 3616 3448 positive

339 3481 644 3528 recenseat.
681 3471 829 3525 Nihil
862 3487 993 3541 ergo
1024 3471 1126 3524 sub
1151 3471 1515 3525 Maeariorum
1539 3473 1761 3526 nomine
1795 3481 2041 3542 tempore
2077 3471 2318 3527 Socratis
2340 3471 2586 3526 exstabat
2624 3469 2910 3540 scriptum,
2936 3470 3082 3539 quod
3126 3485 3255 3523 sane
3290 3469 3474 3525 dicere
3503 3480 3615 3524 tam

342 3572 628 3642 praeclara
667 3569 954 3624 occasione
1001 3569 1126 3622 data
1170 3584 1280 3622 non
1319 3569 1622 3635 omisisset;
1655 3585 1891 3638 quorum
1936 3577 1992 3624 et
2038 3568 2512 3639 Apophthegmata
2546 3566 2659 3621 illic
2691 3567 2880 3630 refert,
2919 3567 3062 3621 sicut
3099 3576 3155 3621 et
3188 3567 3464 3621 Palladius
3501 3567 3538 3622 l.
3576 3569 3614 3623 l.

347 3665 623 3720 Audacior
651 3679 780 3718 sane
809 3663 1035 3718 Graecia
1070 3677 1134 3715 ac
1165 3660 1575 3714 monachismus
1617 3660 1913 3724 recentior,
1943 3660 2038 3728 qui
2078 3659 2412 3722 erubuisset,
2446 3658 2494 3712 si
2523 3657 2661 3711 nihil
2697 3656 2799 3710 sub
2833 3656 3193 3710 Maeariorum
3226 3658 3448 3712 nomine
3477 3659 3617 3713 scri—

355 3769 509 3828 ptum
559 3758 880 3812 exstitisset.
941 3755 1054 3810 Sub
1097 3753 1234 3808 falso
1275 3752 1442 3822 igitur
1489 3750 1547 3805 S.
1588 3751 1813 3805 Macarii
1857 3749 2090 3805 Senioris
2135 3760 2183 3803 ct
2223 3751 2496 3820 Aegyptii,
2542 3763 2706 3817 quem
2755 3747 2974 3800 unicam
3024 3748 3290 3802 duntaxat
3334 3750 3620 3820 scripsisse

362 3849 646 3918 Epistolam
675 3848 851 3902 voluit
875 3847 912 3900 l.
946 3846 983 3900 1.
1014 3843 1348 3908 Gennadius,
1378 3843 1677 3913 productae
1713 3842 1977 3896 Homiliac
2018 3841 2324 3911 spiritu-ales
2365 3841 2752 3911 quinquaginta
2783 3838 2845 3890 de
2875 3840 3177 3909 integritate
3198 3858 3334 3912 quae
3361 3842 3618 3898 Christia-

361 3954 455 3992 nos
483 3938 637 3992 decet.
666 3938 896 3992 Exstant
917 3949 1107 4006 graece
1133 3942 1189 3988 et
1210 3933 1377 3987 latine
1406 3932 1634 3986 Parisiis
1666 3933 1803 3986 1559
1834 3933 1972 3996 111-8,
2020 3933 2222 3986 deinde
2270 3947 2403 3986 cura
2424 3931 2588 3985 Zach.
2623 3929 2892 3984 Palthenii
2929 3929 3275 3986 Francofurti
3305 3932 3442 3986 1594
3473 3933 3619 3998 111-8,

355 4032 589 4101 denique
635 4047 761 4086 cum
806 4030 1076 4100 Operibus
1115 4029 1366 4101 Gregorii
1416 4028 1810 4099 Thaumaturgi
1855 4028 2082 4082 Parisiis
2129 4028 2185 4082 in
2230 4027 2323 4081 fol.
2369 4041 2514 4080 anno
2562 4024 2717 4078 162?.
2757 4023 2901 4089 Quas
2943 4040 3067 4078 cum
3103 4024 3332 4091 Caveus,
3380 4026 3426 4080 si
3471 4038 3622 4082 recte

353 4129 635 4194 sensisset,
667 4118 1160 4195 censupposititias
1174 4128 1438 4196 nulloque
1471 4127 1814 4195 antiquitatis
1852 4125 2165 4180 testimonio
2201 4124 2365 4180 fultas
2401 4123 2750 4194 proscribere
2791 4118 3091 4181 debuisset,
3128 4116 3192 4168 ab
3226 4115 3405 4186 aliqua
3441 4116 3624 4185 forsan

350 4227 608 4294 sequioris
642 4222 838 4278 saeculi
879 4221 1231 4291 interpolatas
1271 4223 1475 4276 dixisse
1523 4221 1654 4277 satis
1693 4223 1905 4276 habuit.
1963 4222 2090 4277 Illas
2143 4222 2340 4276 Petrus
2383 4220 2643 4275 Pessinus
2687 4233 2719 4272 e
2769 4216 2894 4270 Soc.
2938 4213 2988 4268 J.
3028 4213 3086 4266 in
3128 4209 3517 4280 Prolcgomenis
3555 4211 3624 4265 ad

354 4322 700 4375 Thesaurum
724 4320 1034 4374 Asceticum
1064 4333 1257 4388 graece
1284 4328 1340 4372 et
1368 4318 1535 4371 latine
1562 4318 1886 4388 impressum
1917 4318 2034 4371 in—Ii
2083 4333 2228 4372 anno
2252 4317 2390 4372 1681·
2411 4315 2639 4370 Tolosae
2668 4314 2813 4384 apud
2834 4307 3185 4367 Guilielmum
3225 4307 3420 4372 Bosch,
3439 4317 3652 4362 censet.

353 4414 635 4484 pertinere
672 4414 740 4468 ad
770 4412 1066 4466 Macarium
1099 4410 1372 4463 iuniorem
1412 4409 1735 4479 Aegyptium
1769 4408 1962 4462 eodem
2003 4418 2250 4475 tempore
2284 4406 2552 4460 illustrem
2586 4423 2598 4456 :
2631 4418 2770 4473 quae
2808 4397 3088 4455 contentio
3125 4396 3328 4450 modici
3363 4397 3626 4452 momenti

354 4512 461 4566 est,
491 4516 616 4556 cum
644 4512 877 4572 uterque
914 4512 970 4556 et
1008 4499 1192 4554 senior
1218 4508 1274 4552 et
1305 4498 1486 4552 iunior
1514 4507 1758 4568 tempore
1785 4498 1980 4552 eodem
2010 4498 2267 4572 vixerint.
2300 4497 2414 4567 Ego
2444 4496 2515 4550 ob
2547 4505 2798 4549 veterum
2826 4493 2892 4547 de
2920 4494 3008 4547 his
3037 4491 3310 4563 Operibus
3350 4493 3629 4546 silentium

358 4594 585 4663 utrique
614 4594 847 4649 Macario
880 4593 1144 4650 llomilias
1172 4595 1301 4648 i'stas
1341 4594 1536 4663 Opinor
1578 4595 1888 4663 suppositas
1928 4610 1958 4648 a
1996 4594 2280 4649 monachis
2325 4593 2535 4663 graccis
2580 4591 2648 4645 ad
2694 4589 2958 4643 maiorem
2999 4590 3359 4645 Maeariorum
3391 4591 3633 4647 nominis

357 4691 580 4746 famam.
599 4690 810 4745 Omisso
835 4701 1082 4744 veterum
1111 4691 1178 4745 de
1205 4691 1290 4744 his
1321 4690 1592 4759 Operibus
1612 4691 1832 4746 silentio
1860 4691 1982 4744 dico
2009 4699 2123 4744 tum
2152 4689 2447 4759 Epistolam
2473 4687 2642 4751 illam,
2667 4686 2734 4739 de
2759 4700 2866 4753 qua
2887 4681 3132 4750 loquitur
3151 4679 3483 4742 Gennadius,
3511 4689 3629 4734 tum

361 4787 460 4842 has
489 4784 882 4856 Quinquaginta
924 4783 1203 4850 Homilies,
1237 4783 1305 4838 de
1338 4784 1540 4853 quibus
1573 4799 1736 4852 supra
1769 4784 2000 4852 egimus,
2029 4799 2137 4836 non
2168 4797 2326 4852 posse
2353 4796 2473 4835 esse
2502 4781 2720 4832 Macarii
2754 4777 2902 4831 illius
2928 4771 3198 4842 Aegyptii,
3229 4771 3344 4825 sive
3371 4770 3627 4834 senioris,

359 4880 479 4935 sive
522 4880 776 4944 iunioris,
807 4878 901 4949 qui
936 4875 1140 4932 seniori
1169 4875 1513 4946 syncbronus
1543 4881 1664 4927 erat
1699 4880 1863 4942 atque
1895 4881 2072 4927 aetate
2105 4872 2370 4926 duntaxat
2405 4869 2607 4923 iunior.
2643 4867 2933 4922 Rationem
2966 4862 3226 4931 optimam
3267 4859 3438 4915 all‘ero
3470 4858 3630 4912 Pela-

360 4968 689 5038 gianismum
717 4967 1136 5022 subtilissimum
1164 4973 1328 5032 atque
1354 4962 1732 5032 purissimum,
1760 4977 1871 5031 quo
1911 4971 1968 5016 el.
2010 4960 2254 5032 Epistola
2285 4969 2341 5014 et
2369 4959 2632 5013 lIomiliae
2673 4960 2866 5027 plenae
2911 4965 3060 5020 sunt,
3093 4963 3150 5009 ut
3189 4962 3395 5009 attente
3428 4953 3629 5023 legenti

356 5059 651 5116 constabit.
683 5060 856 5113 Erant
879 5068 1059 5114 autem
1089 5059 1146 5114 hi
1187 5066 1298 5112 tres
1320 5057 1539 5111 Macarii
1570 5055 1774 5111 mortui
1807 5071 1999 5110 omnes
2035 5064 2161 5110 ante
2203 5055 2546 5125 Pelagianam
2575 5063 2752 5108 ortam
2783 5051 3075 5114 haeresim,
3109 5050 3254 5103 unde
3295 5048 3498 5118 scripta
3538 5047 3630 5102 illa

360 5150 431 5206 ad
466 5149 728 5205 Macarios
767 5149 901 5204 istos
938 5149 1213 5219 pertinere
1245 5148 1560 5201 nullatenus
1600 5154 1850 5215 possunt.
1896 5146 1972 5200 De
2004 5145 2268 5214 Epistula,
2314 5161 2454 5214 quae
2493 5144 2724 5207 interiit,
2764 5158 3080 5211 expressum
3115 5152 3198 5198 est
3234 5143 3499 5197 Gcnnadii
3535 5143 3630 5212 qui

362 5244 572 5312 legerat
613 5243 987 5298 testimonium
1030 5257 1097 5297 ex
1139 5242 1285 5296 libro
1311 5243 1392 5298 De
1435 5242 1561 5295 viris
1601 5240 1897 5293 illustribus
1943 5255 2062 5310 cap.
2101 5241 2167 5293 10
2202 5241 2290 5293 his
2335 5247 2663 5308 conceptum
2696 5239 2883 5293 verbis
2918 5254 2929 5288 :
2972 5255 2990 5288 (
3025 5237 3294 5291 Macarius
3329 5235 3630 5289 monachus

365 5333 459 5388 ille
491 5333 804 5406 Aegyptius,
839 5335 986 5404 [Pag.
1021 5332 1144 5404 476]
1178 5333 1347 5402 signis
1374 5342 1430 5386 et
1460 5332 1760 5386 virtutibus
1790 5331 1990 5395 clarus,
2024 5346 2186 5384 unam
2227 5339 2438 5384 tantum
2471 5329 2538 5382 ad
2571 5329 2816 5384 iuniores
2849 5333 3203 5399 professionis
3242 5351 3370 5389 suae
3411 5332 3632 5401 scripsit

365 5428 684 5499 Epistolam,
717 5430 774 5483 in
804 5445 912 5499 qua
945 5429 1120 5494 docet,
1159 5429 1312 5482 illum
1348 5427 1588 5497 perfecte
1631 5441 1792 5495 posse
1830 5427 1942 5481 Deo
1988 5426 2216 5488 servire,
2253 5425 2346 5494 qui
2383 5424 2757 5494 conditionem
2799 5430 3093 5484 creationis
3131 5445 3260 5484 suae
3299 5442 3632 5498 cognoscens

364 5526 435 5582 ad
485 5543 674 5583 omnes
723 5528 1078 5597 semetipsum
1129 5526 1476 5580 inclinaverit
1517 5525 1754 5589 labores,
1794 5534 1851 5580 et
1886 5524 2145 5579 luctando
2195 5533 2359 5593 atque
2391 5523 2488 5577 Dei
2540 5523 2830 5578 adversum
2875 5541 3037 5581 omne
3084 5525 3229 5596 quod
3276 5527 3332 5578 in
3377 5525 3479 5578 hac
3519 5522 3632 5576 vita

366 5635 532 5675 suave
577 5632 662 5676 est
701 5621 965 5676 auxilium
1012 5619 1375 5692 implorando,
1411 5623 1479 5676 ad
1520 5621 1823 5674 naturalem
1863 5637 2069 5692 quoque
2120 5622 2422 5692 perveniens
2460 5621 2763 5691 puritatem,
2799 5625 3172 5677 continentiam
3219 5621 3359 5676 velut
3407 5629 3633 5675 naturae

367 5717 597 5770 debitum
651 5731 840 5770 munus
883 5715 1181 5770 obtinuerit.
1225 5739 1242 5769 1
1299 5717 1705 5773 Continentiam
1755 5717 1903 5771 enim
1955 5733 2075 5772 esse
2129 5733 2330 5772 munus
2377 5731 2606 5774 naturae
2648 5718 2916 5782 debitum,
2956 5731 3064 5768 non
3120 5713 3345 5784 gratiae,
3383 5709 3632 5765 doctrina

369 5810 656 5882 Pelagiana
695 5824 922 5880 prorsus
947 5818 1032 5864 est
1063 5818 1250 5864 contra
1291 5807 1637 5864 Salomonem
1666 5805 1795 5877 Sap.
1836 5807 1974 5873 Vlll,
2007 5807 2042 5861 2
2067 5819 2122 5864 01
2164 5807 2234 5868 Χ.
2273 5809 2402 5875 2,-
2433 5808 2754 5877 Apostolum
2799 5807 2920 5864 Gal.
2953 5805 3017 5870 V,
3052 5804 3122 5858 25
3154 5821 3164 5855 :
3199 5801 3415 5856 Fructus
3454 5804 3632 5852 autem
