4016 6462
479 358 580 414 379
1776 354 2147 412 CASIMIRUS
2181 354 2485 412 OUDINUS
3674 357 3773 417 380

478 475 705 547 Spiritus
743 482 820 530 est
866 482 975 530 cet.
1004 473 1155 543 ﬁdes,
1192 474 1467 540 modestia,
1506 475 1847 537 continentia,
1884 476 2121 529 castitas.
2168 474 2324 540 Quod
2357 475 2523 529 etiam
2563 472 2665 526 hac
2700 472 3097 545 Quinquaginta
3145 473 3423 530 Homiliae
3474 475 3549 529 ad
3595 473 3773 530 Maca-

477 574 621 627 rium
655 572 841 637 istum,
866 582 1031 641 atque
1060 572 1197 627 alios
1225 568 1471 622 eiusdem
1508 568 1771 636 temporis
1801 568 1940 623 duos
1967 569 2283 624 nullatenus
2319 577 2588 638 spectent,
2624 568 2712 623 his
2740 569 2955 623 duobus
2987 570 3195 625 afﬁrmo
3225 573 3590 642 argumentis
3622 589 3637 624 :

547 664 1118 719 Primum..Homiliae
1153 665 1288 718 istae
1322 680 1432 717 non
1470 672 1598 718 sunt
1626 664 1848 732 proprie
1879 663 2136 719 homiliae
2169 665 2235 719 ad
2262 664 2525 734 populum
2565 664 2808 729 habitae,
2839 665 2934 720 sed
2982 674 3193 720 tantum
3224 666 3461 737 farrago
3505 669 3776 736 quaedam

476 752 545 806 ab
584 754 769 821 aliquo
802 752 1232 808 archimandrita
1263 754 1492 807 collecta
1523 768 1587 805 ac
1616 752 1872 820 privatim
1904 753 2227 822 composita,
2262 768 2403 822 quae
2434 752 2709 806 interdum
2739 753 2962 822 quidem
2996 757 3248 812 homilias
3277 759 3567 825 continet,
3605 760 3773 816 inter-

475 847 607 901 dum
641 863 770 903 vero
801 847 1164 914 Quaestiones
1196 850 1373 902 varias
1407 857 1464 901 ct
1512 847 1917 915 ReSponsiones
1959 847 2167 900 nullam
2202 846 2549 900 homiliarum
2590 847 2826 914 speciem
2862 846 3147 912 habentes,
3177 863 3318 917 quas
3353 851 3777 907 consarcinator

475 956 576 1011 pro
622 951 806 1011 captu,
838 942 1044 1011 absque
1095 946 1432 999 connexione
1479 944 1642 998 simul
1694 943 1934 1012 collegit.
1984 944 2063 997 Ex
2113 941 2456 1013 inspectione
2501 951 2558 996 et
2600 942 2835 997 lectione
2881 943 3100 997 illarum
3140 960 3229 999 res
3258 954 3539 1000 constare
3578 956 3776 1016 potest.

475 1037 622 1106 quod
671 1053 781 1093 non
822 1037 1085 1091 difIitctur
1116 1036 1261 1093 Elias
1288 1040 1358 1093 du
1396 1039 1497 1094 Pin
1536 1038 1667 1092 Nov.
1700 1037 1946 1091 Biblioth.
1993 1037 2209 1108 Scriptt.
2243 1036 2449 1091 Eccles.
2498 1038 2653 1091 Tom.
2688 1038 2730 1091 II
2760 1038 2915 1093 Saec.
2945 1040 3011 1092 IV
3052 1050 3173 1107 pag.
3214 1037 3358 1090 mihi
3398 1036 3493 1089 70.
3530 1038 3670 1091 Nam
3714 1041 3777 1093 ad

476 1129 637 1182 ﬁnem
668 1128 924 1183 homiliae
952 1128 1017 1182 Vl
1045 1128 1107 1180 de
1137 1128 1375 1180 oratione
1410 1134 1593 1180 movet
1626 1126 1762 1180 duas
1800 1126 2161 1191 Quaestiones
2194 1130 2259 1184 de
2293 1127 2661 1181 incarnatione
2709 1128 2836 1181 Jesu
2870 1127 3063 1183 Christi
3088 1141 3213 1181 cum
3246 1127 3493 1181 totidem
3529 1127 3777 1197 Respon-

474 1225 745 1290 sionibus,
787 1242 926 1294 quae
952 1226 1018 1280 ad
1068 1231 1451 1297 argumentum
1497 1220 1776 1277 Orationis
1827 1222 1966 1275 nihil
2016 1222 2242 1276 faciunt.
2291 1223 2559 1276 llomiliae
2610 1224 2702 1279 VII
2753 1231 2810 1278 et
2858 1223 2975 1276 VIII
3022 1230 3276 1276 constant
3325 1237 3566 1290 quoque
3614 1224 3779 1277 variis

473 1314 899 1381 Quaestionibus
942 1325 997 1371 et
1039 1312 1527 1385 Responsionibus.
1571 1312 1727 1367 Unde
1762 1311 1936 1379 liquet
1975 1313 2089 1366 sole
2136 1313 2362 1378 clarius,
2399 1329 2507 1368 non
2544 1330 2665 1369 esse
2703 1314 2968 1369 Ilomilias
3013 1314 3080 1367 ad
3120 1313 3396 1383 populum
3446 1312 3650 1377 dictas,
3686 1314 3773 1368 sed

474 1416 849 1471 collectaneum
893 1416 1288 1482 Quaestionum,
1322 1429 1459 1483 quas
1496 1411 1562 1465 ad
1607 1410 2093 1467 archimandritam
2133 1413 2372 1481 aliquem
2413 1412 2669 1467 monachi
2708 1412 3039 1466 accedentes
3070 1404 3433 1475 proposuisse
3469 1404 3771 1474 ﬁnguntur.

474 1508 707 1564 llomilia
737 1510 831 1564 XII
863 1510 1109 1570 continet
1150 1508 1510 1575 Quacstioncs
1537 1517 1591 1561 et
1629 1506 2037 1576 Responsiones
2067 1509 2153 1563 vel
2204 1509 2519 1563 nullatenus
2557 1510 2643 1563 vel
2686 1524 2878 1579 parum
2919 1505 3103 1561 utiles.
3146 1500 3390 1554 Homilia
3431 1499 3531 1554 XV
3566 1500 3771 1554 nullum

472 1600 640 1657 habet
666 1603 902 1672 speciale
934 1611 1338 1673 argumentum,
1369 1598 1465 1653 sed
1491 1599 1671 1652 varias
1694 1598 2054 1664 Quaestiones
2081 1604 2151 1657 'de
2180 1600 2560 1652 resurrectione
2608 1607 2657 1651 et
2700 1600 3119 1669 concupiscentia
3152 1597 3435 1661 continet,
3472 1612 3619 1666 quae
3658 1599 3774 1651 nul-

472 1694 578 1748 lam
610 1694 754 1748 inter
783 1710 841 1749 se
867 1695 1264 1750 connexionem
1304 1695 1529 1749 habent.
1578 1693 1814 1747 Homilia
1850 1694 2018 1748 XXVI
2052 1693 2297 1748 continet
2328 1694 2517 1763 plures
2544 1693 2904 1760 Quaestiones
2941 1704 2997 1749 et
3030 1692 3451 1761 Responsiones
3497 1690 3565 1744 de
3603 1698 3769 1746 tenta-

470 1784 694 1839 tionibus
753 1786 949 1839 diaboli
998 1794 1047 1839 et
1088 1788 1295 1856 gratiae
1343 1784 1618 1855 effectibus.
1663 1783 1898 1838 IIomilia
1937 1784 2129 1839 XXVII
2175 1784 2471 1853 respondet
2508 1799 2726 1853 quoque
2760 1782 3185 1849 Quaestionibus
3218 1786 3422 1841 multis
3462 1787 3530 1839 de
3573 1789 3771 1856 gratiae

470 1881 750 1951 eﬂ'ectibus.
777 1880 1014 1936 Homilia
1042 1881 1284 1937 XXXVII
1314 1882 1548 1935 habetur
1578 1878 1916 1934 verbotenus
1942 1880 2085 1934 inter
2109 1878 2383 1949 Opuscula
2413 1879 2578 1933 Marci
2604 1880 3016 1935 Exercitatoris.
3046 1883 3281 1937 Homilia
3311 1882 3413 1935 XL
3447 1892 3566 1937 tres
3597 1878 3768 1942 adhuc

469 1975 833 2041 Quaestiones
877 1977 1153 2046 proponit,
1195 1991 1331 2045 quas
1381 1972 1853 2043 Rcsponsionibus
1900 1975 2131 2030 totidem
2180 1974 2360 2029 solvit.
2411 1974 2531 2029 Non
2582 1990 2713 2045 ergo
2762 1975 3159 2029 collectaneum
3199 1972 3354 2027 istud
3406 1972 3767 2026 Homiliarum

469 2068 693 2140 proprie
721 2078 824 2133 est,
858 2068 953 2123 sed
979 2067 1192 2138 farrago
1220 2065 1499 2119 variorum
1530 2059 2029 2128 indiseriminatim,
2063 2072 2125 2117 ut
2162 2064 2440 2117 eollectori
2480 2063 2732 2118 allubuit.

540 2155 798 2211 Secundo.
838 2156 1098 2227 Quisquis
1126 2158 1285 2213 istius
1310 2154 1597 2227 farraginis
1624 2164 1836 2221 auctor,
1872 2155 1919 2210 is
1949 2165 2073 2226 post
2103 2166 2279 2209 ortam
2311 2155 2654 2226 Pelagianam
2694 2156 2964 2212 haeresim
2996 2157 3237 2227 scripsit,
3271 2172 3450 2227 quam
3496 2155 3767 2211 subtiliter

468 2264 527 2310 et
548 2264 708 2311 caute
735 2254 895 2310 docet
925 2255 1149 2325 passim.
1173 2255 1329 2321 Quod
1361 2264 1418 2309 et
1446 2256 1667 2325 agnovit
1694 2254 1864 2309 Ellias
1901 2253 1975 2307 du
2010 2253 2111 2307 Pin
2154 2252 2192 2306 Ι.
2224 2252 2286 2317 1.,
2319 2258 2450 2305 dum
2497 2252 2675 2321 inquit
2708 2252 2971 2307 lIomilias
3002 2251 3154 2312 istas,
3181 2248 3250 2301 de
3279 2248 3497 2317 quibus
3538 2246 3763 2317 agimus,

468 2361 590 2401 esse
615 2346 927 2401 conformes
956 2346 1136 2416 quoad
1164 2346 1470 2401 doctrinam
1502 2346 1774 2417 Epistolae
1802 2346 1904 2401 sub
1931 2345 2150 2399 Macarii
2190 2343 2431 2409 nomine,
2462 2360 2626 2414 quam
2657 2344 2902 2415 depingit
2924 2341 3239 2400 Gennadius
3267 2342 3330 2395 in
3371 2342 3524 2395 libro
3554 2342 3619 2393 de
3648 2342 3763 2393 viris

468 2434 765 2490 illustribus
812 2451 931 2507 cap.
970 2436 1056 2491 10,
1090 2436 1161 2491 At
1187 2436 1428 2507 Epistola
1466 2437 1570 2491 ista
1602 2437 1891 2507 Pelagiana
1914 2444 2020 2499 est,
2052 2434 2306 2503 idemque
2348 2433 2641 2489 dicendum
2670 2434 2738 2489 de
2774 2435 3024 2489 Homiliis
3056 2434 3195 2489 istis.
3228 2434 3370 2488 Nam
3406 2433 3647 2489 Homilia
3678 2432 3761 2486 XV

469 2530 587 2583 vult
613 2530 1086 2600 concupiscentiam
1114 2543 1237 2583 esse
1273 2528 1546 2597 quandam
1585 2523 1724 2595 ignis
1754 2524 1902 2596 [Pag.
1932 2521 2058 2593 477]
2088 2522 2145 2575 in
2175 2521 2396 2576 homine
2428 2522 2644 2577 accensi
2675 2524 2934 2593 speciem,
2965 2539 3176 2587 omnes,
3205 2533 3269 2577 ut
3310 2526 3389 2578 ita
3427 2524 3645 2578 dictum
3675 2522 3756 2583 sit,

470 2621 645 2691 ipsius
690 2632 876 2692 partes
918 2621 1329 2685 aceendentem,
1358 2621 1447 2675 cui
1477 2624 1737 2678 resistere
1777 2625 1976 2688 potest,
2016 2616 2062 2669 si
2101 2614 2320 2669 assidue
2371 2613 2617 2683 invigilet
2660 2614 2764 2668 sibi
2808 2625 2971 2684 atque
3002 2631 3248 2690 pugnet:
3287 2620 3401 2675 Eos
3450 2629 3651 2684 autem,
3677 2620 3758 2689 qui

470 2713 798 2782 passionibus
826 2714 1097 2779 resistunt,
1122 2726 1364 2768 sanctum
1387 2714 1646 2788 Spiritum
1676 2724 1834 2785 atque
1870 2711 2065 2767 Christi
2103 2712 2306 2781 gratias
2346 2711 2592 2778 recipere.
2621 2708 2777 2775 Quod
2817 2710 3165 2782 Pclagianum
3199 2716 3435 2770 omnino
3473 2722 3579 2778 est,
3611 2712 3755 2782 quasi

468 2812 598 2859 ante
638 2804 869 2874 gratiam
894 2804 1097 2862 Christi
1121 2817 1433 2878 perceptam
1461 2804 1938 2877 concupiscentiae
1963 2817 2027 2857 ac
2054 2800 2400 2871 passionibus
2432 2802 2676 2855 accensis
2697 2816 2760 2854 ex
2786 2812 3011 2860 naturae
3039 2809 3250 2864 viribus
3284 2810 3558 2866 resistere
3587 2808 3753 2862 valea-

470 2910 614 2950 mus.
650 2896 885 2950 Homilia
910 2896 1027 2952 XVI
1060 2898 1238 2969 inquit
1266 2902 1543 2957 hominem
1586 2901 1789 2956 debere
1834 2912 2050 2965 semper
2091 2896 2305 2959 timere,
2340 2911 2407 2949 eo
2446 2895 2593 2965 quod
2634 2910 2851 2964 semper
2893 2902 3288 2957 tentationibus
3330 2903 3619 2973 expositus
3658 2902 3748 2965 sit;

473 2992 657 3061 itaque
698 2993 793 3060 qui
832 2995 1059 3063 gratiam
1098 2998 1340 3055 nondum
1368 3002 1593 3066 habent,
1619 3000 1822 3055 debere
1864 3011 2079 3065 semper
2112 3005 2167 3050 et
2207 2996 2409 3048 bonum
2440 3010 2601 3063 agere
2632 3004 2687 3050 et
2713 2994 2913 3047 malum
2946 2996 3128 3067 fugere
3158 3015 3224 3054 ex
3254 2984 3509 3055 motibus
3548 3008 3751 3052 natura-

472 3087 638 3153 libus;
669 3089 763 3157 qui
795 3106 929 3145 vero
967 3093 1196 3161 gratiam
1241 3091 1575 3161 acceperint,
1616 3106 1727 3143 non
1776 3086 2020 3155 indigere
2059 3084 2299 3140 motibus
2338 3084 2425 3138 his
2466 3084 2809 3139 naturalibus
2849 3095 3011 3155 atque
3058 3090 3443 3145 interioribus.
3495 3088 3749 3159 Supponit

470 3188 621 3250 ergo,
657 3180 936 3237 hominem
979 3186 1165 3249 etiam,
1196 3193 1487 3253 antequam
1515 3183 1743 3253 gratiam
1773 3181 1990 3253 habeat,
2024 3194 2182 3248 posse
2221 3187 2277 3232 et
2311 3178 2516 3233 bonum
2548 3180 2728 3234 facere
2763 3188 2820 3234 et
2846 3182 3047 3236 malum
3083 3182 3273 3251 fugere
3305 3198 3374 3235 ex
3408 3179 3749 3235 instinctibus

471 3271 845 3337 naturalibus;
872 3274 1018 3342 quod
1041 3275 1389 3346 Pelagianum
1415 3284 1518 3338 est,
1543 3274 1697 3343 quasi
1740 3272 1827 3326 his
1870 3280 2097 3325 naturae
2126 3270 2409 3324 laboribus
2435 3280 2491 3324 et
2515 3274 2802 3329 conatibus
2829 3274 3057 3347 gratiam
3085 3274 3180 3327 Dei
3216 3275 3303 3327 ad.
3322 3288 3428 3327 nos
3458 3272 3742 3325 trahamus.

472 3365 713 3421 lIomilia
740 3367 907 3423 XXVI
940 3377 1050 3424 tota
1076 3385 1292 3439 quoque
1316 3370 1604 3439 Pelagiana
1631 3377 1735 3431 est,
1764 3375 1825 3420 ut
1851 3374 2056 3419 attente
2088 3364 2289 3434 legenti
2333 3366 2623 3423 constabit.
2660 3377 2822 3437 atque
2851 3384 2919 3423 ex
2953 3369 3040 3431 iis,
3072 3384 3210 3437 quae
3250 3369 3419 3423 affert
3442 3368 3481 3422 l.
3514 3368 3551 3419 l.
3596 3365 3746 3419 Ellias

474 3454 549 3510 du
586 3456 709 3522 Pin,
741 3458 997 3528 cognosci
1032 3460 1248 3515 abunde
1276 3470 1476 3530 potest.
1505 3459 1671 3512 Miror
1697 3468 1899 3519 tamen,
1940 3471 2039 3509 cur
2076 3453 2273 3523 pagina
2307 3454 2445 3507 mihi
2475 3456 2542 3509 72
2572 3456 2896 3529 Aethiopem
2930 3457 3185 3515 dealbare
3212 3468 3454 3513 conetur
3487 3455 3743 3513 intendat-

474 3567 604 3622 que,
635 3563 917 3608 auctorem
962 3554 1111 3609 hunc
1148 3555 1285 3609 nihil
1329 3554 1480 3610 aliud
1524 3554 1664 3609 velle
1704 3567 1867 3622 quam
1917 3550 2214 3604 conciliare
2259 3550 2465 3618 gratiae
2508 3554 2893 3608 necessitatem
2939 3570 3063 3608 cum
3108 3553 3275 3607 liberi
3320 3552 3547 3607 arbitrii
3582 3548 3741 3604 nostri

476 3650 891 3718 cooperatione.
935 3652 1098 3706 Aliud
1143 3668 1273 3707 sane
1308 3653 1426 3706 vult
1467 3650 1790 3719 Pelagianus
1832 3647 1953 3711 ille;
1994 3644 2209 3698 initium
2256 3659 2453 3714 nempe
2497 3647 2689 3701 salutis
2734 3658 2952 3704 nostrae
2992 3666 3113 3704 esse
3160 3665 3191 3703 a
3234 3650 3402 3704 nobis
3447 3666 3546 3720 per
3588 3658 3740 3717 opera

476 3747 706 3796 naturae
739 3741 1150 3811 incipientibus,
1181 3744 1383 3813 quibus
1412 3742 1709 3797 accedente
1740 3739 1926 3793 divina
1960 3737 2136 3807 gratia
2165 3736 2314 3789 salus
2350 3735 2457 3788 iam
2490 3738 2555 3792 ad
2589 3739 2981 3807 perfectionem
3018 3740 3348 3795 adducatur.
3380 3741 3537 3797 Unde
3568 3755 3740 3811 quam-

476 3834 562 3889 vis
598 3835 816 3905 saepius
850 3836 997 3892 dicat
1068 3838 1297 3907 gratiam
1335 3853 1456 3892 esse
1497 3836 1867 3891 necessariam
1908 3834 1995 3887 vel
2042 3832 2111 3887 ad
2156 3829 2421 3884 iustitiam
2459 3832 2779 3900 perfectam,
2808 3837 2891 3889 vel
2936 3837 3104 3891 vitam
3134 3846 3443 3900 aeternam,
3479 3846 3541 3889 ut
3570 3833 3714 3888 Homi

478 3923 550 3978 lia
591 3923 779 3989 XXIV,
805 3927 891 3980 vel
924 3926 991 3981 ad
1022 3928 1308 3982 evitandas
1335 3941 1524 3981 omnes
1555 3925 1767 3995 peccati
1809 3923 2149 3986 occasiones,
2174 3921 2262 3973 vel
2292 3920 2363 3974 ad
2394 3922 2652 3977 omnibus
2690 3926 3092 3981 tentationibus
3124 3926 3524 3991 resistendum,
3553 3933 3613 3978 ut
3642 3922 3734 3977 Ho-

479 4016 631 4070 milia
656 4014 819 4082 XXV,
848 4032 1129 4086 nunquam
1170 4028 1350 4073 tamen
1378 4017 1635 4081 asseruit,
1665 4017 1814 4070 illam
1848 4029 1969 4069 esse
2004 4011 2369 4067 necessariam
2398 4011 2466 4066 ad
2493 4027 2656 4066 omne
2690 4023 2747 4068 et
2770 4016 3057 4085 quodlibet
3084 4018 3140 4071 in
3171 4008 3441 4089 singulari
3477 4030 3611 4086 opus
3641 4013 3727 4066 bo-

479 4122 633 4172 num,
661 4108 915 4177 opinatus
942 4124 1137 4178 nempe
1172 4111 1323 4164 iuxta
1358 4109 1637 4179 Pelagium
1671 4118 1730 4163 et
1773 4107 2112 4177 Pelagianos,
2143 4106 2363 4161 initium
2392 4106 2585 4162 salutis
2616 4125 2737 4164 esse
2774 4126 2804 4164 a
2839 4111 3002 4165 nobis
3034 4127 3103 4166 ex
3138 4121 3338 4168 natura
3370 4110 3727 4183 operantibus.

553 4201 823 4258 Convenit
856 4203 1089 4258 maxime
1124 4204 1215 4258 hic
1253 4211 1446 4257 auctor
1478 4202 1657 4272 quoad
1696 4202 2006 4256 doctrinam
2036 4216 2162 4254 cum
2209 4200 2390 4253 Marco
2419 4194 2659 4268 ἁσκητῇ
2682 4218 2782 4257 seu
2811 4203 3210 4271 Exercitatore,
3242 4209 3342 4279 qui
3371 4208 3503 4262 olim
3529 4203 3726 4260 Macarii

481 4294 647 4349 huius
672 4294 973 4366 discipulus
993 4295 1118 4360 fuit,
1144 4311 1247 4351 nec
1269 4296 1487 4351 difficile
1512 4296 1636 4360 fuit,
1667 4306 1728 4351 ut
1759 4296 1961 4364 scripta
1989 4292 2246 4363 discipuli
2275 4292 2536 4362 magistro
2562 4297 2910 4363 postmodum
2933 4315 3001 4355 ex
3031 4301 3265 4370 quadam
3298 4302 3526 4357 maioris
3554 4308 3726 4354 aucto-

480 4388 662 4443 ritatis
694 4388 1039 4444 affectatione
1079 4391 1163 4445 vel
1197 4390 1364 4445 etiam
1404 4390 1614 4444 malitia
1645 4389 2102 4445 attribuerentur.
2135 4389 2297 4443 Plura
2325 4387 2393 4442 de
2432 4387 2518 4442 his
2546 4388 2796 4445 Homiliis
2832 4408 2931 4447 seu
2970 4394 3136 4449 etiam
3176 4393 3602 4460 Quaestionibus
3638 4404 3702 4444 no

479 4494 669 4557 postea
696 4484 752 4538 in
781 4484 961 4540 Marco
988 4486 1205 4549 Asceta,
1242 4486 1330 4541 cui
1359 4485 1750 4541 adiudicandas
1778 4486 1848 4541 ob
1879 4485 2163 4539 doctrinae
2192 4494 2249 4539 et
2274 4484 2397 4554 styli
2425 4484 2845 4541 similitudinem
2873 4502 3180 4542 censemus.

549 4576 778 4631 Exstant
804 4588 985 4633 autem
1010 4579 1115 4634 hae
1142 4578 1198 4632 S.
1233 4576 1450 4631 Macarii
1483 4579 1731 4650 Aegyptii
1754 4578 2022 4633 Homiliac
2061 4575 2210 4631 MSS.
2239 4590 2430 4645 graece
2456 4574 2510 4628 in
2542 4576 2834 4633 Bodleiano
2858 4579 3053 4634 Oxonii
3083 4582 3137 4635 in
3166 4581 3377 4651 Anglic.
3410 4575 3721 4634 Bibliotheca

480 4669 669 4725 codice
695 4670 800 4724 215
832 4671 888 4724 in
933 4671 1082 4726 MSS.
1116 4674 1480 4730 Baroccianis.
1529 4672 1708 4741 Atque
1752 4672 1808 4726 in
1855 4672 1961 4726 hoc
2009 4669 2200 4724 codice
2249 4678 2467 4723 exstant
2514 4667 2776 4724 Homiliae
2810 4672 2967 4737 LVII,
3012 4689 3247 4742 quarum
3290 4687 3433 4744 quae
3477 4671 3532 4723 in
3573 4664 3720 4720 editis

478 4771 754 4834 postrema
780 4774 884 4830 est,
915 4764 972 4819 in
1005 4766 1114 4821 MS.
1151 4767 1257 4821 isto
1289 4767 1502 4821 auctior
1527 4774 1612 4818 est
1637 4777 1799 4833 quam
1829 4763 1882 4815 in
1912 4760 2215 4831 impressis.

548 4853 807 4911 Eiusdem
837 4856 1073 4911 Homilia
1101 4857 1167 4910 LI
1189 4856 1258 4912 ad
1283 4856 1608 4928 Symeonem
1638 4854 1889 4907 Ascetam
1923 4867 2043 4921 pag.
2066 4851 2134 4904 20

1573 4871 1608 4907 n
1638 4854 1889 4907 Ascetam
1923 4867 2043 4921 pag.
2066 4850 2192 4915 202,
2219 4849 2254 4903 b
2284 4867 2296 4902 :
2326 4849 2624 4917 Μακάριος
2656 4852 2780 4919 τοῖς
2814 4855 3159 4923 ἀγαπητοῖς.

550 4945 809 5002 Eiusdem
841 4948 1073 5003 Homilia
1105 4949 1195 5003 LII
1231 4950 1286 5003 in
1319 4948 1496 5003 Natali
1522 4946 1727 5002 Christi
1760 4960 1882 5015 pag.
1910 4944 2015 4997 208
2048 4962 2061 4997 :
2096 4946 2128 4996 ό

1760 4960 1882 5015 pag.
1910 4944 2015 4997 208
2048 4962 2061 4997 :
2096 4946 2128 4996 ό
2153 4943 2334 5011 λόγος
2368 4943 2473 4996 τοῦ
2505 4945 2651 4998 Θεοῦ
2681 4946 2860 5015 ἔργον
2894 4948 3003 5016 τῆς
3030 4950 3332 5017 ἀληθείας.

553 5036 785 5093 Homilia
812 5040 925 5094 LIII
948 5040 1017 5096 de
1044 5041 1457 5111 longanimitate
1483 5048 1540 5094 et
1565 5038 1857 5094 tolerantia
1884 5036 1941 5090 in
1970 5036 2139 5090 afllict‘

2119 5034 2356 5089 tionibus
2383 5049 2502 5104 pag.
2532 5035 2638 5091 215
2669 5055 2680 5090 :
2716 5043 2748 5093 ό
2763 5041 3145 5111 ,βουλόμενος
3171 5041 3292 5107 Θεῷ
3318 5030 3705 5107 εὐαρεστῆσαι.

552 5126 700 5199 [Pag.
730 5130 854 5202 478]
893 5132 1132 5188 Homilia
1160 5133 1272 5187 LIV
1304 5134 1372 5188 de
1406 5132 1751 5201 beneplacito
1776 5130 1874 5184 Dei
1900 5140 1957 5184 et
1981 5144 2134 5199 perm

1674 5132 1751 5185 ito
1776 5130 1874 5184 Dei
1900 5140 1957 5184 et
1981 5127 2341 5199 pennissione
2364 5124 2547 5179 divina
2579 5146 2593 5180 :
2622 5130 2822 5186 Πάντα
2849 5135 2920 5187 τὰ
2950 5138 3256 5203 γενόμενα,

562 5222 795 5275 Homilia
819 5223 907 5279 LV
937 5234 1128 5280 contra
1149 5227 1367 5281 inanem
1390 5225 1619 5297 gloriam
1644 5234 1927 5294 captantes
1952 5223 2008 5277 in
2034 5237 2148 5276 conc

2116 5217 2394 5274 icionibus
2422 5218 2487 5272 ad
2519 5224 2779 5291 populum
2810 5243 2931 5298 pag.
2962 5228 3085 5293 250,
3114 5229 3149 5283 b
3176 5247 3187 5281 :
3226 5227 3451 5284 Ἰστέον
3466 5221 3545 5274 ὅτι
3565 5210 3702 5275 τινές

480 5320 597 5372 εισι
627 5317 915 5383 νεώτεροι.

551 5407 784 5463 Homilia
810 5406 922 5460 LVI
950 5407 1018 5461 de
1046 5411 1265 5465 nomine
1298 5420 1353 5465 et
1382 5411 1559 5467 ofIicio
1584 5411 1837 5465 monachi
1871 5427 1990 5480 pag.
2020 5408 2137 5473 254,

1200 5427 1265 5465 ηε
1298 5420 1353 5465 ει
1382 5411 1559 5467 ofIicio
1584 5411 1837 5465 monachi
1871 5427 1990 5480 pag.
2020 5408 2145 5473 254,
2171 5407 2205 5460 b
2235 5426 2247 5459 :
2281 5412 2339 5462 Τί
2352 5412 2481 5464 ἐστι
2502 5412 2786 5478 μονάζων.

551 5496 785 5551 Homilia
818 5497 953 5553 LVII
984 5496 1051 5552 de
1081 5500 1248 5553 variis
1275 5499 1514 5569 Spiritus
1541 5500 1714 5554 sancti
1745 5501 2137 5569 operationibu:

1918 5501 2159 5555 tionibus
2180 5520 2302 5575 pag.
2340 5506 2465 5569 258,
2495 5506 2529 5560 b
2563 5522 2574 5555 :
2609 5504 2679 5558 Τὸ
2709 5507 2943 5573 πνεῦμα
2971 5510 3122 5563 ὅπου
3154 5509 3330 5569 θέλει,
3360 5499 3504 5558 πνεῖ.

550 5589 699 5654 Quae
725 5590 953 5644 eandem
980 5605 1103 5645 cum
1132 5591 1416 5661 impressis
1456 5595 1799 5658 methodum,
1830 5595 2059 5649 eandem
2104 5598 2411 5653 doctrinam
2449 5601 2742 5656 asceticam
2784 5603 3087 5668 continent,
3111 5616 3273 5675 atque
3310 5604 3364 5657 in
3389 5599 3503 5655 aliis
3532 5583 3693 5647 Ηοῐῐιί·

481 5677 677 5732 liarum
711 5680 979 5735 eiusmodi
1019 5681 1167 5736 MSS.
1204 5684 1610 5752 exemplaribus
1632 5702 1741 5741 non
1775 5688 2148 5757 reperiuntur.

508 5834 513 5839 ι
550 5767 806 5823 Adducor
836 5782 1015 5827 autent
1054 5774 1287 5830 maxime
1330 5786 1391 5830 ut
1434 5775 1674 5843 credam,
1717 5777 1816 5831 has
1858 5793 2047 5833 omnes
2072 5780 2334 5838 Homilias
2370 5794 2417 5837 et
2459 5784 2801 5850 Quaestiones
2837 5788 3085 5841 asceticas
3114 5800 3355 5859 spectare
3380 5782 3441 5840 ad
3472 5775 3685 5836 Marcum
