4016 6448
318 347 413 405 581
1166 360 1255 416 DE
1299 360 1398 418 SS.
1434 363 1766 420 MACARIIS
1804 365 2152 422 AEGYPTIO
2190 368 2279 422 ET
2319 369 2834 429 ALEXANDRINO.
3495 383 3602 441 582

334 475 576 532 Ascetam
608 489 711 531 seu
735 477 1199 546 Exercitatorem,
1222 484 1315 552 qui
1342 484 1486 538 inter
1511 485 1810 540 monachos
1833 486 2138 542 Nitrienses
2164 478 2464 544 solitariam
2500 493 2667 546 vitam
2701 493 2875 558 duxit,
2914 505 3079 564 atque
3110 496 3330 552 Macarii
3356 499 3605 572 Aegyptii

336 571 563 627 iunioris
590 571 913 644 discipulus
946 577 1068 640 fuit,
1094 579 1274 632 clarus
1307 595 1454 633 anno
1486 580 1588 634 400
1612 597 1731 652 sqq.
1760 598 1934 650 usque
1969 583 2034 637 ad
2077 600 2279 639 annum
2307 587 2530 642 circiter
2565 587 2670 642 440
2694 589 2780 642 vel
2808 589 2982 654 ultra;
3018 592 3084 646 de
3125 608 3235 661 quo
3272 571 3607 651 Sozomenus

334 663 430 717 lib.
465 663 536 718 Vl
568 680 692 735 cap.
723 667 818 731 29,
847 668 1118 723 Palladius
1150 669 1284 723 Hist.
1314 670 1476 725 Laus.
1502 687 1658 742 capp.
1689 674 1758 727 20
1777 683 1833 728 et
1862 675 1952 739 21,
1976 675 2320 745 Nicephorus
2361 677 2498 732 Hist.
2536 679 2679 734 Eccl.
2708 681 2804 735 lib.
2847 681 2967 736 XIV
2997 699 3116 752 cap.
3157 686 3243 740 54.
3281 687 3432 743 Vixit
3458 689 3607 743 enim

334 765 456 824 post
494 755 850 826 Pelagianam
889 760 1158 814 haeresim
1200 762 1388 816 multis
1432 765 1611 829 annis,
1649 766 1977 834 perveniens
2017 769 2084 822 ad
2120 769 2455 838 decrepitam
2497 786 2671 840 usque
2710 783 2964 840 aetatem,
2997 776 3243 846 obiitque
3289 782 3607 835 centenario

334 848 528 901 maior.
559 848 678 903 Nec
713 851 852 904 mihi
889 851 1128 906 rationes
1172 867 1269 906 seu
1298 854 1648 908 coniecturae
1689 856 1890 911 desunt
1917 875 1928 909 :
1955 857 1996 911 I.
2023 858 2141 927 Ipsa
2177 858 2424 913 doctrina
2457 860 2763 930 Pelagiana,
2791 879 2955 934 quam
2997 867 3228 922 eandem
3267 884 3392 923 cum
3423 871 3606 926 Marco

343 942 704 997 Exercitatore
731 959 960 1013 prorsus
993 945 1176 1000 habet.
1221 947 1285 1001 ll.
1314 947 1548 1002 Ilomilia
1576 948 1818 1004 XXXVII
1845 949 1922 1003 De
1954 953 2203 1021 paradiso
2244 960 2294 1004 et
2338 951 2448 1022 lege
2489 954 2757 1023 spirituali
2791 955 3025 1012 habetur
3079 960 3416 1017 verbotenus
3456 963 3605 1018 inter

346 1034 611 1103 Opuscula
654 1035 822 1091 Marci
869 1038 1278 1105 Exercitatoris,
1314 1044 1458 1096 unde
1504 1059 1614 1098 non
1664 1046 1782 1099 leve
1822 1045 2087 1100 indicium
2126 1055 2230 1108 est,
2264 1061 2481 1100 omnem
2524 1047 2666 1102 hanc
2711 1048 3071 1106 Homiliarum
3113 1054 3491 1110 collectionem
3532 1056 3600 1111 ad

340 1139 463 1177 eum
496 1125 802 1193 pertinere,
837 1127 1071 1180 maxime
1115 1145 1240 1182 cum
1289 1131 1558 1186 Macarius
1595 1133 1892 1202 Aegyptius
1931 1132 2101 1187 abbas
2138 1134 2302 1187 etiam
2343 1133 2524 1188 iunior
2559 1136 2628 1189 ad
2673 1145 2920 1207 tempora
2956 1142 3273 1213 Pelagianae
3311 1145 3604 1202 haereseos

335 1231 444 1269 non
471 1218 808 1286 pervenerit,
842 1219 937 1272 sed
964 1219 1177 1273 Marcus
1213 1219 1571 1283 Exercitator,
1607 1221 1699 1290 qui
1729 1237 1848 1275 eam
1883 1222 2088 1292 ubique
2115 1238 2344 1292 operum
2391 1225 2611 1294 sparsit.
2653 1226 2742 1280 III.
2774 1227 2956 1300 Stylus
2978 1233 3338 1289 Homiliarum
3370 1236 3599 1291 istarum

330 1312 584 1379 apprime
611 1313 870 1367 convenit
895 1327 1018 1366 cum
1046 1314 1184 1383 ston
1211 1314 1374 1368 Marci
1401 1315 1815 1380 Exercitatoris,
1867 1316 1936 1371 de
1973 1334 2082 1387 quo
2108 1319 2360 1388 loquitur
2393 1319 2619 1376 Photius
2651 1321 2706 1375 in
2735 1321 3055 1379 Bibliotheca
3086 1326 3207 1380 cod.
3239 1326 3361 1380 200.
3391 1327 3599 1383 lV.Hae

332 1400 604 1458 llomiliae
652 1403 708 1458 S.
755 1404 974 1460 Macarii
1020 1409 1268 1480 Aegyptii
1307 1411 1348 1464 L
1389 1420 1621 1479 possunt
1671 1416 1969 1467 convenire
2009 1429 2133 1468 cum
2163 1415 2250 1478 iis,
2289 1430 2430 1484 quae
2471 1416 2653 1471 Marco
2691 1418 3049 1476 Exercitatori
3086 1421 3124 1475 Ι.
3170 1422 3207 1474 l.
3253 1422 3599 1492 Nicephorus

327 1496 592 1553 Callistus
625 1502 840 1566 asserit,
875 1519 938 1556 ea:
966 1503 1135 1558 Marci
1172 1506 1554 1561 Exercitatoris
1590 1507 1830 1577 aperibus
1871 1509 1940 1560 ad
1970 1518 2199 1562 aetatem
2227 1527 2380 1563 suam
2421 1513 2714 1581 pervenisse
2743 1512 2896 1567 libros
2928 1523 3040 1568 octo
3064 1516 3440 1571 universalium
3473 1521 3598 1589 aﬂ'e-

327 1591 566 1645 ctionum
605 1609 880 1647 numerum
917 1605 1223 1665 aequantes,
1260 1605 1308 1649 et
1341 1597 1474 1651 alios
1517 1599 1738 1668 triginta
1771 1598 1900 1652 duos
1943 1599 2006 1651 de
2039 1615 2095 1652 re
2136 1601 2378 1654 ascetica.
2415 1601 2649 1656 Possunt
2677 1603 2824 1656 enim
2858 1605 2960 1660 hae
2992 1605 3255 1660 Homiliae
3288 1607 3330 1660 L
3361 1607 3466 1661 sub
3497 1623 3596 1661 no-

327 1689 481 1743 mine
525 1689 583 1744 S.
628 1689 849 1745 Macarii
883 1691 1133 1763 Aegyptii
1182 1694 1472 1764 complecti
1504 1693 1778 1764 Opuscula
1815 1695 1905 1748 illa
1947 1682 2233 1765 XL,-quae
2271 1695 2452 1750 Marco
2488 1697 2850 1752 Exercitatori
2881 1713 2910 1751 a
2938 1698 3218 1753 veteribus
3253 1699 3591 1758 tribuuntur.

324 1783 466 1838 Nam
496 1784 719 1855 plurimi
759 1786 1001 1842 Marcum
1033 1791 1394 1845 consulebant
1431 1790 1844 1860 quaestionibus
1888 1792 2161 1856 asceticis,
2195 1792 2396 1862 quibus
2437 1793 2526 1846 ille
2568 1793 2953 1861 responsiones
2983 1794 3167 1858 dabat,
3196 1805 3257 1848 ut
3287 1804 3498 1850 constat
3525 1812 3593 1850 ex

325 1877 575 1947 Epistola
615 1878 824 1933 Nicolai
866 1881 1171 1947 cuiusdam,
1203 1898 1311 1952 qua
1344 1884 1548 1952 gratias
1589 1884 1770 1937 Marco
1800 1883 1911 1953 agit
1953 1884 2023 1938 ob
2057 1895 2347 1954 praecepta
2379 1886 2501 1939 eius
2535 1871 2795 1940 salutaria
2823 1885 2926 1939 sibi
2961 1897 3292 1956 nuncupata.
3323 1886 3460 1941 Cum
3489 1903 3588 1942 au-

325 1981 438 2028 tem
469 1975 657 2043 plures
680 1993 842 2046 quam
870 1977 962 2031 XL
999 1979 1129 2043 sint,
1160 1979 1266 2034 hoc
1305 1979 1442 2032 nihil
1473 1979 1603 2034 facit
1641 1988 1830 2033 contra
1859 1979 2100 2033 Marcum
2127 1980 2580 2044 Exercitatorem,
2609 1979 2740 2049 quia
2783 1979 2966 2034 omnia
3017 1979 3189 2048 ipsius
3227 1995 3392 2051 opera
3431 1980 3590 2034 Nice-

324 2063 537 2132 phorus
569 2081 676 2119 non
707 2077 989 2122 assecutus
1019 2069 1214 2124 fuerat.
1260 2069 1399 2124 Huic
1438 2070 1672 2124 Macario
1701 2070 1965 2140 Aegyptio
2010 2071 2211 2125 seniori
2252 2069 2525 2141 Opuscula
2561 2071 2745 2125 omnia
2774 2071 3024 2125 Macariis
3055 2070 3291 2124 diversis
3323 2071 3587 2126 attributa

323 2161 591 2215 adscribit
625 2160 878 2231 imperite
908 2165 1132 2218 omnino
1155 2166 1390 2220 Joannes
1413 2165 1680 2236 Georgius
1710 2166 1938 2230 Pritius,
1966 2165 2061 2235 qui
2094 2181 2158 2220 ea
2187 2167 2411 2220 collecta
2443 2165 2604 2220 simul
2627 2165 2836 2219 edenda
2886 2179 3078 2235 graece
3104 2174 3160 2218 et
3181 2164 3350 2223 latine
3375 2165 3585 2220 curavit

327 2253 540 2322 Lipsiae
565 2270 616 2308 a.
650 2256 785 2309 1698
813 2263 868 2310 et
901 2257 1036 2311 1699
1070 2259 1233 2314 tomis
1271 2258 1488 2313 duobus
1528 2259 1664 2323 in—8,
1697 2259 1937 2328 itemque
1983 2274 2034 2312 a.
2076 2258 2212 2312 1709
2256 2274 2378 2313 cum
2424 2257 2848 2327 Prolegomenis.
2903 2256 3144 2325 Denique
3185 2257 3455 2312 Macarius
3496 2257 3587 2312 hic

335 2349 508 2402 senior
541 2351 748 2405 exactis
767 2353 822 2404 in
856 2350 1152 2406 solitudine
1187 2353 1463 2423 sexaginta
1492 2352 1786 2424 [Pag.479]
1804 2354 1963 2407 annis
1990 2352 2128 2407 obiit
2158 2351 2578 2422 nonagenarius,
2613 2351 2902 2413 utvolunt,
2933 2365 2984 2402 a.
3007 2349 3103 2403 591
3128 2349 3216 2404 die
3242 2350 3286 2404 II
3311 2349 3581 2406 Januarii.

399 2438 659 2493 Macarius
676 2441 834 2504 alter,
869 2441 1055 2495 iunior
1080 2443 1282 2512 passim
1303 2443 1503 2507 dictus,
1523 2443 1888 2499 Alexandriae
1916 2451 2098 2498 ortum
2122 2443 2299 2506 duxit,
2327 2444 2383 2496 in
2403 2458 2510 2512 qua
2529 2441 2840 2496 iunioribus
2865 2441 3022 2494 annis
3042 2441 3271 2495 bellaria
3289 2443 3580 2499 vendendo

324 2546 608 2604 quaestum
640 2537 958 2606 quaerebat,
985 2554 1110 2593 cum
1131 2540 1416 2609 superiore
1443 2540 1680 2595 Macario
1719 2539 1965 2595 eiusdem
2003 2539 2230 2593 Antonii
2254 2538 2580 2607 discipulus.
2617 2536 2752 2590 Nam
2781 2535 2918 2589 urbe
2951 2535 3114 2588 simul
3137 2534 3505 2590 Alexandrina
3526 2546 3584 2592 et

317 2637 434 2680 arte
473 2627 825 2692 renuntiatis,
865 2629 921 2682 in
961 2645 1208 2684 eremum
1225 2631 1557 2686 Nitriensem
1603 2632 1886 2694 secedens,
1927 2631 2096 2685 vitam
2142 2627 2810 2697 monasticamamplexus
2837 2634 2940 2681 cst.
2970 2631 3129 2680 Anno
3160 2627 3580 2698 quadragesimo

315 2719 519 2772 aetatis
553 2718 890 2788 baptismum
935 2723 1198 2792 suscepit,
1247 2723 1448 2778 deinde
1495 2739 1754 2777 successu
1809 2733 2120 2791 temporum
2162 2721 2449 2791 presbyter
2483 2719 2659 2772 factus
2707 2727 2761 2771 et
2790 2716 3218 2771 archimandrita
3263 2719 3576 2774 Nitriensis.

311 2815 626 2867 Arctiorem
657 2815 801 2870 vitae
830 2817 1163 2872 monasticae
1195 2817 1548 2888 disciplinam
1584 2827 1733 2872 tanto
1761 2817 1945 2871 studio
1977 2823 2218 2870 sectatus
2253 2824 2356 2878 est,
2395 2824 2453 2868 ut
2481 2830 2548 2868 ex
2587 2813 2754 2865 nin'iia
2781 2813 2924 2868 cutis
2951 2813 3208 2867 ariditate
3241 2813 3337 2883 pili
3373 2815 3579 2871 barbae

310 2906 363 2958 ei
405 2920 517 2958 non
545 2907 939 2971 succreverint,
985 2909 1164 2977 inquit
1192 2908 1528 2964 Sozomenus
1571 2910 1707 2963 Hist.
1749 2908 1894 2963 Eccl.
1928 2907 2024 2960 lib.
2075 2907 2142 2960 Ill
2169 2922 2290 2975 cap.
2325 2906 2409 2960 14.
2447 2905 2716 2958 Macarius
2748 2917 2882 2956 vero
2930 2902 3356 2968 Alexandrinus,
3400 2905 3579 2975 inquit

311 2995 575 3051 Socrates
615 2996 748 3050 Hist.
795 2997 938 3052 Eccl.
986 2999 1084 3053 lib.
1127 3001 1193 3056 lV
1221 3016 1340 3070 cap.
1379 3002 1467 3064 25,
1506 3018 1630 3056 cum
1664 3016 2058 3070 usquequaque
2089 3000 2284 3054 similis
2321 3008 2465 3051 esset
2499 2997 2785 3067 Aegyptio,
2829 2996 2884 3048 in
2919 2995 3025 3048 hoc
3059 3011 3168 3049 uno
3199 2995 3573 3065 discrepabat,

308 3084 460 3152 quod
508 3084 702 3139 hilaris
747 3095 893 3140 esset
937 3103 1066 3157 erga
1105 3106 1201 3145 eos
1237 3092 1330 3160 qui
1374 3091 1440 3145 ad
1488 3092 1665 3160 ipsum
1711 3098 2077 3154 accesserant,
2115 3100 2170 3144 et
2217 3089 2528 3143 urbanitate
2562 3089 2796 3158 quadam
2833 3087 3079 3141 iuniores
3127 3087 3195 3141 ad
3222 3088 3571 3158 disciplinam

307 3181 672 3234 monasticam
697 3182 958 3236 alliceret.
991 3183 1125 3236 Mira
1170 3182 1376 3236 deeius
1400 3183 1717 3244 virtutibus,
1762 3182 2126 3245 abstinentia,
2170 3180 2452 3234 miraculis
2495 3178 2726 3248 patratis
2756 3187 2811 3232 et
2862 3177 3225 3234 daemonibus
3272 3195 3372 3249 per
3411 3180 3568 3234 illum

303 3272 562 3340 expulsis
610 3281 798 3327 narrat
834 3274 1112 3329 Palladius
1161 3275 1299 3328 Hist.
1361 3274 1522 3328 Laus.
1565 3291 1684 3344 cap.
1727 3274 1815 3338 20,
1871 3273 1938 3328 dc
1968 3274 2169 3343 quibus
2220 3273 2518 3342 plurimum
2571 3270 2808 3341 ambigo,
2858 3270 3112 3337 quamvis
3137 3285 3204 3324 eo
3226 3270 3574 3325 familiariter

306 3374 565 3422 uteretur
595 3369 690 3437 qui
718 3377 983 3423 recenset.
1017 3369 1118 3424 Ilic
1134 3385 1352 3438 quoque
1389 3386 1514 3424 cum
1537 3370 1770 3423 Macario
1803 3369 2067 3439 Aegyptio
2100 3368 2399 3422 virtutibus
2425 3375 2479 3419 et
2517 3365 2799 3419 miraculis
2832 3363 3064 3417 inferior
3085 3380 3196 3418 non
3229 3375 3394 3429 esset,
3423 3366 3572 3419 inter

303 3458 714 3514 ecclesiasticos
770 3475 989 3530 quoque
1032 3461 1341 3531 Scriptores
1384 3462 1658 3516 recenseri
1694 3477 1725 3513 a
1772 3460 2059 3516 monachis
2101 3459 2311 3529 graecis
2338 3457 2739 3512 recentioribus
2767 3455 2978 3519 debuit,
3028 3471 3097 3510 ne
3131 3455 3383 3511 doctrina
3408 3459 3570 3514 alteri

304 3553 551 3608 cederet.
602 3555 842 3610 lIabetur
897 3570 1029 3625 ergo
1056 3556 1329 3629 adscripta
1359 3559 1434 3613 illi
1481 3560 1646 3613 latine
1678 3557 1883 3629 Regula
1908 3557 2221 3619 monastica,
2254 3553 2400 3608 XXX
2435 3553 2690 3624 capitulis
2712 3549 3128 3618 comprehensa,
3170 3565 3334 3618 quam
3359 3551 3573 3619 primus

308 3647 482 3701 edidit
527 3649 724 3704 Petrus
755 3651 1024 3708 Rovcrius
1067 3653 1278 3709 Jesuita
1324 3653 1380 3706 in
1413 3653 1652 3708 Historia
1696 3651 2019 3706 monasterii
2063 3649 2453 3703 Reomacensis
2497 3664 2617 3718 pag.
2666 3648 2754 3700 2i.
2797 3644 3149 3713 Eandemque
3184 3645 3360 3699 edidit
3389 3644 3568 3700 Lucas

315 3733 622 3790 Ilolstenius
671 3738 726 3790 in
758 3737 943 3794 Codice
973 3741 1301 3811 Regularum
1334 3741 1505 3794 Paris.
1540 3756 1588 3792 a.
1627 3739 1931 3792 1663in—1l°
1971 3736 2114 3805 apud
2166 3733 2504 3788 Ludovicum
2543 3735 2790 3788 Billaine.
2834 3735 2943 3789 Sed
2977 3751 3100 3789 cum
3148 3737 3388 3806 Regulae
3427 3737 3568 3793 istae

318 3827 472 3879 nullo
513 3830 819 3886 testimonio
857 3843 1106 3889 veterum
1138 3835 1298 3888 nixae
1350 3834 1480 3896 sint,
1526 3833 1780 3902 ﬁgmenta
1816 3830 2182 3884 recentiorum
2229 3827 2620 3881 monachorum
2651 3825 2910 3881 Graeciae
2940 3842 2972 3880 a
3019 3827 3154 3882 viris
3193 3827 3569 3896 prudentibus

313 3929 619 3976 censentur.
659 3924 843 3980 Edidit
885 3936 940 3981 et
968 3926 1179 3983 Caveus
1218 3929 1320 3982 sub
1352 3927 1595 3981 eiusdem
1625 3925 1842 3979 Macarii
1869 3923 2222 3979 Alexandrini
2255 3921 2476 3976 nomine
2507 3921 2827 3976 Sermonem
2855 3934 2923 3973 ex
2953 3918 3063 3974 MS.
3088 3919 3278 3974 codice
3308 3919 3568 3998 Paulinae

307 4009 605 4080 Lipsiensis
643 4016 1015 4073 Bibliothecae
1040 4019 1517 4082 absurdissimum,
1544 4032 1734 4088 graece
1781 4024 1837 4070 et
1870 4016 2057 4080 latine,
2088 4017 2144 4069 in
2197 4015 2332 4068 Hist.
2364 4013 2465 4067 Lit.
2511 4013 2727 4084 Scriptt.
2764 4009 2906 4067 Eccl.
2940 4009 3006 4063 ad
3037 4024 3087 4062 a.
3130 4009 3235 4062 575
3272 4024 3394 4080 pag.
3436 4010 3564 4092 208.

301 4101 552 4158 Eundem
579 4123 883 4162 sermonem
901 4110 1066 4163 etiam
1083 4126 1277 4180 graece
1319 4120 1374 4164 ct
1399 4110 1562 4164 latine
1585 4110 1782 4163 iterum
1805 4123 1872 4161 ex
1911 4105 2106 4160 eodem
2135 4107 2243 4162 MS.
2273 4107 2460 4160 codice
2482 4105 2655 4159 edidit
2674 4106 2910 4160 Jacobus
2934 4105 3144 4161 Tollius
3167 4121 3218 4160 a.
3250 4106 3386 4160 1696
3424 4105 3570 4160 ἰπὶ-4⁸

301 4193 542 4251 Traiecti
581 4200 645 4253 ad
686 4200 938 4255 Rhenum
961 4201 1105 4271 apud
1132 4201 1481 4255 Franciscum
1513 4200 1756 4254 llalmam
1788 4201 1841 4254 in
1869 4199 2168 4270 Insignibus
2209 4199 2482 4253 Itinerarii
2504 4197 2680 4251 Italici
2705 4214 2825 4268 pag.
2869 4197 2992 4261 192,
3028 4199 3284 4252 collatum
3322 4198 3388 4252 ad
3410 4195 3562 4252 MSS.

298 4287 525 4342 codices
568 4289 937 4346 Bibliothecae
978 4293 1274 4347 Caesareae
1307 4293 1455 4364 [Pag.
1494 4292 1618 4364 480]
1646 4291 2090 4347 Vindobonensis
2133 4308 2196 4346 ac
2243 4292 2582 4346 variantibus
2627 4291 2960 4345 lectionibus
2989 4290 3243 4346 ditatum.
3288 4290 3458 4346 Cuius
3496 4305 3566 4345 ex

295 4381 537 4436 lectione
569 4382 622 4436 in
653 4392 908 4453 promptu
938 4397 1021 4438 est
1053 4385 1355 4454 intelligere
1385 4385 1778 4454 impudentiam
1805 4393 1970 4453 atque
2004 4385 2366 4454 ignorantiam
2400 4398 2612 4446 eorum,
2632 4383 2727 4450 qui
2763 4383 2900 4437 tales
2927 4384 3154 4438 naenias
3187 4383 3559 4437 recentiorum

295 4480 613 4542 temporum
636 4475 878 4545 antiquis
910 4476 1188 4531 Ecclesiae
1232 4475 1487 4530 Patribus
1518 4474 1841 4529 obtrudunt.
1875 4477 2123 4530 Mortuus
2165 4477 2368 4530 dicitur
2412 4474 2679 4529 Macarius
2720 4475 3123 4530 Alexandrinus
3165 4475 3312 4530 circa
3350 4492 3401 4530 a.
3432 4476 3559 4541 404,

294 4585 472 4624 annos
505 4571 700 4625 aetatis
743 4579 964 4625 centum
1005 4573 1232 4634 habens,
1274 4573 1431 4625 cuius
1465 4571 1729 4625 memoria
1764 4573 1817 4626 in
1847 4572 2231 4643 Martyrologio
2256 4573 2500 4626 Romano
2532 4569 2622 4624 die
2651 4570 2744 4625 XV
2771 4572 2975 4626 mensis
3011 4572 3252 4626 Januarii
3285 4573 3486 4643 agitur.

365 4662 589 4716 Tertius
651 4663 940 4728 Macarius,
990 4663 1155 4718 etiam
1178 4664 1232 4717 S.
1281 4664 1504 4717 Antonii
1545 4664 1721 4734 Magni
1768 4664 2091 4735 discipulus,
2129 4665 2414 4718 amborum
2476 4662 2924 4731 praecedentium
2979 4665 3244 4734 aequalis,
3294 4665 3560 4720 Amathae

289 4754 502 4817 socius,
550 4754 617 4808 ab
643 4754 767 4809 aliis
786 4754 1023 4820 duobus,
1065 4757 1239 4810 altero
1265 4757 1549 4827 Aegyptio,
1599 4759 1774 4812 altero
1820 4757 2190 4813 Alexandrino
2233 4756 2586 4827 distinctus.”
2602 4757 2678 4811 De
2730 4756 2835 4810 hoc
2877 4755 3115 4811 Macario
3142 4757 3306 4811 tertio
3339 4756 3557 4814 abunde

289 4847 556 4902 Pessinus
603 4848 658 4900 in
693 4847 1083 4918 Prolegomenis
1128 4849 1193 4902 ad
1234 4848 1578 4903 Thesaurum
1625 4850 1922 4904 asceticum
1953 4864 2106 4903 num.
2130 4848 2193 4902 V.
2232 4847 2298 4901 Vl
2339 4863 2481 4917 sqq.,
2513 4847 2608 4902 ubi
2645 4857 2793 4903 recte
2833 4857 2942 4902 tres
2975 4849 3256 4911 Macarios,
3293 4847 3350 4901 S.
3380 4848 3558 4903 Patris

285 4937 515 4994 Antonii
546 4937 863 5008 discipulos,
893 4940 1200 5009 distinguit,
1227 4955 1423 5010 nempe
1451 4941 1797 5012 Aegyptium,
1823 4942 1917 5010 qui
1963 4940 2153 5012 Scythi
2186 4939 2370 4994 sedem
2406 4940 2620 5003 habuit,
2656 4939 3108 5002 Alexandrinum,
3141 4937 3237 5007 qui
3276 4937 3333 4992 in
3365 4937 3556 4995 Celliis

283 5045 430 5101 quae
450 5029 506 5083 in
526 5029 695 5102 Libya
717 5041 863 5094 sunt,
890 5032 1024 5086 locis
1044 5032 1204 5102 longe
1223 5032 1558 5087 distantibus
1592 5048 1622 5086 a
1643 5032 2046 5096 Thebaide,ubi
2074 5033 2344 5087 Antonius
2372 5031 2622 5102 degebat.
2655 5031 2842 5100 Itaque
2874 5031 2928 5083 in
2950 5030 3228 5083 Thebaide
3250 5037 3370 5083 erat
3396 5047 3553 5085 mons

283 5123 543 5186 interior,
588 5123 678 5176 ubi
722 5122 872 5176 solus
917 5123 1240 5192 plerumque
1272 5123 1547 5178 residebat
1603 5124 1893 5189 Antonius,
1928 5132 1985 5178 et
2026 5140 2184 5178 mons
2222 5123 2484 5185 exterior,
2541 5123 2597 5176 in
2625 5137 2788 5191 quem
2825 5121 3057 5175 subinde
3109 5122 3456 5187 excurrehat,
3491 5136 3553 5179 ut

284 5216 604 5270 habitantes
663 5215 720 5268 in
765 5229 832 5269 eo
877 5231 1006 5269 suos
1043 5216 1340 5269 monachos
1384 5217 1667 5271 inviseret.
1717 5217 1776 5270 In
1814 5234 1881 5272 eo
1955 5218 2046 5272 hic
2088 5219 2272 5270 tertius
2312 5216 2577 5270 Macarius
2638 5214 2931 5276 habitavit,
2989 5213 3091 5267 sub
3136 5213 3296 5268 cuius
3326 5217 3549 5272 nomine

284 5309 558 5381 Opuscula
580 5319 810 5381 septem,
847 5326 1042 5380 nempe
1070 5312 1132 5363 de
1149 5313 1382 5365 custodia
1418 5315 1588 5366 cordis
1613 5330 1732 5383 pag.
1768 5313 1853 5376 19,
1885 5314 1948 5367 de
1981 5314 2295 5384 perfectione
2314 5315 2368 5366 in
2395 5312 2585 5382 spiritu
2616 5326 2738 5379 pag.
2770 5309 2858 5371 47,
2883 5309 2946 5361 de
2968 5310 3206 5362 oratione
3237 5325 3360 5380 pag.
3379 5310 3466 5372 65,
3485 5312 3550 5363 de

284 5404 540 5476 patientia
565 5411 615 5456 et
635 5404 944 5456 discretione
968 5419 1087 5474 pag.
1123 5405 1210 5468 81,
1245 5405 1306 5456 de
1333 5405 1619 5458 elevatione
1643 5410 1829 5460 utentis
1860 5423 1982 5477 pag.
2017 5406 2138 5470 115,
2184 5405 2247 5457 de
2277 5405 2500 5457 caritate
2532 5419 2654 5472 pag.
2690 5401 2811 5464 141,
2845 5402 2907 5454 de
2929 5401 3172 5455 libertate
3199 5403 3387 5454 utentis
3421 5418 3542 5472 pag.

284 5492 387 5547 185
411 5494 582 5549 edidit
627 5494 826 5549 Petrus
851 5495 1111 5548 Pessinus
1155 5496 1209 5549 in
1258 5496 1523 5550 Thesauro
1571 5499 1803 5552 Ascetico
1849 5515 2041 5569 graece
2067 5509 2123 5553 et
2167 5498 2337 5552 latine
2371 5498 2638 5566 impresso
2685 5495 2914 5549 Tolosae
2956 5494 3101 5548 ἰπὶ-4ο
3136 5511 3185 5548 a.
3223 5494 3358 5548 1684
3398 5493 3542 5563 apud

278 5580 628 5638 Guilielmum
653 5584 853 5638 Bosch.
896 5584 1133 5638 Plurima
1175 5586 1287 5640 illic
1330 5588 1383 5640 in
1432 5587 1842 5657 Prolegomenis
1869 5589 1937 5644 de
1966 5589 2070 5643 isto
2103 5588 2336 5642 Macario
2381 5587 2570 5651 tertio,
2613 5601 2778 5655 quem
2808 5585 3135 5656 Aegyptium
3171 5599 3389 5654 quoque
3415 5599 3540 5638 cum

277 5679 452 5746 primo
502 5680 652 5744 facit,
695 5689 754 5734 et
787 5679 875 5732 cui
920 5680 1086 5733 etiam
1126 5681 1387 5737 Homilies
1423 5686 1832 5755 quinquaginta,
1869 5702 2010 5757 quae
2038 5696 2220 5742 tamen
2240 5687 2408 5756 vulgo
2455 5685 2719 5756 Aegyptio
2745 5685 2949 5740 seniori
2986 5685 3388 5746 inscribuntur,
3412 5684 3541 5740 huic

279 5769 472 5828 iuniori
499 5771 732 5843 quidem
779 5779 835 5824 et
864 5771 1024 5826 tertio
1065 5774 1337 5828 attribuit.
1361 5776 1567 5832 Claruit
1598 5777 1790 5832 eodem
1819 5789 2065 5849 tempore
2092 5795 2201 5848 quo
2224 5779 2493 5833 Antonius
2525 5777 2711 5842 abbas,
2741 5778 2828 5831 cui
2862 5793 2910 5831 a.
2932 5777 3032 5831 557
3058 5776 3312 5831 morienti
3342 5774 3535 5829 adfuit.
