4016 6446
560 356 666 412 583
1802 349 2223 407 GUILIELMUS
2289 350 2563 406 CAVEUS
3712 356 3808 413 585

556 469 772 524 Incerta
803 467 969 538 igitur
992 467 1179 522 omnia
1210 464 1506 537 Opuscula,
1541 478 1682 534 quae
1718 462 1895 516 tribus
1917 462 2005 517 his
2033 460 2284 516 Macariis
2310 461 2415 515 hoc
2436 461 2656 516 saeculo
2679 477 2710 515 a
2735 460 2913 516 doctis
2935 461 3071 517 viris
3107 461 3385 533 adscripta
3409 470 3563 528 sunt,
3585 477 3809 532 quorum

558 561 747 616 nullus
764 569 1014 615 veterum
1034 560 1366 616 mentionem
1389 557 1538 610 fecit.
1570 557 1646 609 De
1670 554 1756 608 his
1782 555 1959 608 tribus
1980 554 2093 624 agit
2119 553 2370 608 Macariis
2384 554 2580 609 Petrus
2599 552 2860 608 Possinus
2881 554 2936 608 in
2958 553 3350 624 Prolegomenis
3377 553 3451 608 ad
3479 553 3807 610 Thesaurum

557 651 892 716 Asceticum,
915 649 1240 706 Guillelmus
1253 648 1465 704 Caveus
1486 646 1542 699 in
1558 645 1696 699 Hist.
1729 643 1832 697 Lit.
1855 643 1990 698 Saec
2013 643 2080 698 ιν
2106 643 2176 698 ad
2196 659 2246 697 a.
2274 643 2379 698 575
2400 659 2522 714 pag.
2543 643 2667 710 207,
2699 644 2804 699 208
2828 653 2886 699 et
2903 644 3029 708 212,
3053 645 3190 701 Acta
3213 645 3582 701 Eruditorum
3609 644 3811 716 Lipsiae

557 761 609 800 a.
638 744 775 800 l685
800 760 989 801 mense
1010 742 1308 800 Novembri
1327 758 1449 812 pag.
1474 740 1579 796 488
1604 739 1867 794 latissime
1893 739 1963 793 ad
1989 740 2116 794 491.

573 939 832 968 κει-..της

1537 1104 2290 1196 GUILIELMUS
2366 1104 2822 1199 CAVEUS

1364 1295 1464 1354 DE
1502 1293 1602 1352 SS.
1643 1293 1984 1353 HACARIIS
2021 1293 2368 1352 AEGYPTIO
2399 1293 2492 1350 ET
2515 1294 3038 1354 ALEXANDRINO.

795 1453 1078 1522 [Guilielmi
1099 1453 1228 1505 Cave
1252 1453 1562 1516 Scriptorum
1587 1448 2036 1501 ecclesiasticorum
2059 1448 2276 1500 Historia
2306 1449 2541 1500 Literaria
2563 1450 2652 1500 Ed.
2685 1449 2832 1499 Basil.
2861 1449 2975 1498 m1
3002 1448 3087 1498 fol.
3108 1449 3166 1499 T.
3191 1447 3210 1496 l
3240 1462 3286 1512 p.
3312 1447 3581 1514 ’ἥδ-260]

617 1718 966 1775 MACARIUS
996 1719 1184 1773 senior
1207 1717 1306 1791 (l),
1327 1721 1652 1790 cognomine
1683 1721 1928 1792 Magnus,
1954 1727 2114 1790 gente
2143 1716 2459 1787 Aegyptius,
2487 1731 2551 1770 ex
2585 1715 2865 1771 Thebaide
2883 1714 3161 1785 provincia
3190 1713 3491 1776 oriundus,
3521 1716 3799 1770 monachus

549 1810 845 1874 Scetensis,
895 1811 1072 1881 Magni
1127 1811 1350 1865 Antonii
1408 1813 1731 1884 discipulus,
1779 1814 1976 1868 claruit
2003 1812 2149 1866 circa
2181 1825 2230 1862 a.
2261 1811 2383 1863 575.
2421 1808 2596 1881 [Socr.
2638 1810 2733 1863 lib.
2776 1810 2842 1864 IV
2873 1825 2992 1878 cap.
3021 1808 3120 1873 25;
3150 1807 3274 1861 Soz.
3310 1807 3412 1861 lib.
3451 1807 3524 1862 Ill
3562 1823 3678 1878 cap.
3708 1809 3798 1873 ll;

548 1904 882 1959 Theodoret.
906 1905 1005 1958 lib.
1036 1904 1104 1960 1V
1134 1919 1254 1973 cap.
1288 1903 1404 1976 2L]
1445 1905 1502 1958 1n
1524 1907 1812 1977 juventute
1847 1906 2029 1960 adhuc
2052 1903 2386 1958 constitutus
2409 1903 2709 1956 virtutibus
2727 1917 2789 1955 ac
2816 1901 3196 1971 philosophico
3232 1905 3293 1953 et
3339 1908 3572 1953 austero
3600 1901 3796 1956 vivendi

544 2008 750 2062 genere
791 1993 866 2046 ita
917 1993 1137 2059 enituit,
1173 2005 1234 2048 ut
1286 1995 1721 2066 παιδαριογέρων
1757 2011 1789 2049 a
1834 1995 2119 2049 monachis
2169 2003 2482 2048 vocaretur.
2522 1994 2710 2047 Annos
2733 2000 2896 2047 natus
2956 1991 3327 2062 quadraginta
3374 1993 3448 2048 ad
3491 1992 3797 2064 presbyterii

545 2085 776 2157 gradum
832 2093 1057 2139 evectus
1107 2093 1212 2151 est,
1249 2094 1305 2139 et
1335 2089 1543 2141 exactis
1582 2089 1638 2142 in
1670 2088 1967 2143 solitudine
2002 2089 2161 2142 annis
2201 2088 2480 2157 sexaginta
2513 2087 2651 2142 obiit
2696 2090 3097 2158 nonagenarius
3143 2105 3309 2154 anno,
3343 2098 3407 2145 ut
3453 2091 3664 2156 volunt,
3690 2090 3794 2145 591.

544 2176 790 2230 Moribus
831 2184 952 2230 erat
986 2176 1325 2231 reverendus
1350 2178 1556 2247 pariter
1598 2193 1662 2232 ac
1705 2193 1932 2232 severus
1973 2193 2103 2249 erga
2143 2177 2267 2231 illos
2315 2178 2409 2246 qui
2432 2178 2610 2246 ipsum
2640 2177 2890 2232 adibant.
2927 2178 3204 2236 Miraculis
3225 2193 3283 2237 et
3311 2185 3614 2254 prophetia
3636 2186 3797 2240 clarus

547 2276 627 2323 tot
654 2269 869 2324 sanavit
894 2285 1108 2340 aegros,
1140 2279 1219 2324 tot
1250 2272 1556 2327 obsessosa
1582 2273 1942 2327 daemonibus
1961 2273 2235 2338 liberavit,
2277 2281 2337 2327 ut
2363 2282 2500 2328 teste
2531 2273 2755 2329 Socrate
2784 2275 3049 2330 miracula
3084 2277 3153 2332 ab
3186 2294 3254 2334 eo
3288 2289 3515 2350 patrata
3545 2281 3795 2353 peculiare

543 2373 684 2431 Opus
707 2359 1007 2430 exigerent.
1045 2359 1118 2412 De
1157 2359 1223 2412 iis
1268 2360 1389 2416 fuse
1421 2361 1533 2433 agit
1564 2361 1842 2416 Palladius
1866 2362 2004 2415 Hist.
2040 2361 2206 2416 Laus.
2248 2376 2368 2430 cap.
2402 2361 2488 2415 l9.

610 2457 840 2528 Scripsit
870 2457 1131 2512 [familias
1151 2455 1453 2528 spirituales
1482 2472 1511 2509 ι.
1536 2456 1598 2508 de
1626 2456 1929 2526 integritate
1945 2471 2080 2524 quae
2110 2455 2250 2508 decet
2283 2454 2628 2516 Christianos.
2647 2471 2788 2526 quae
2815 2456 2884 2513 ab
2897 2458 3081 2529 aliquo
3094 2458 3278 2515 forsan
3304 2463 3586 2532 sequioris
3615 2461 3791 2518 saeculi

541 2543 907 2622 interpolatae
940 2562 1156 2608 exstant
1177 2569 1259 2624 gr.
1284 2551 1464 2606 Paris.
1494 2550 1651 2615 1559,
1681 2549 1757 2616 8°;
1784 2549 1983 2604 deinde
2013 2565 2145 2603 cura
2169 2548 2332 2602 Zacb.
2369 2549 2640 2604 Palthenii
2687 2549 3024 2622 Francofurt.
3056 2553 3278 2610 1594111
3313 2555 3392 2623 8°;
3427 2557 3665 2628 denique
3686 2575 3788 2614 cum

539 2645 813 2717 Opcribus
838 2647 1087 2717 Gregorii
1122 2645 1514 2715 Thaumaturgi
1554 2644 1729 2698 Paris.
1761 2644 1897 2698 1629.
1921 2644 2014 2698 fol.
2041 2644 2172 2714 Ejus
2199 2643 2366 2698 ctiam
2391 2652 2519 2697 sunt
2540 2644 2815 2714 Opuscula
2839 2645 2930 2700 VII
2955 2645 3210 2702 videlicet
3230 2647 3295 2699 de
3319 2646 3577 2704 Custodia
3620 2652 3783 2715 cordis,

540 2739 604 2792 de
638 2739 966 2809 Perfectione
1002 2739 1058 2792 in
1100 2739 1311 2809 spiritu,
1354 2737 1418 2789 de
1469 2735 1742 2800 Oratione,
1789 2735 1852 2788 de
1893 2733 2162 2787 Patientia
2206 2741 2258 2785 et
2295 2733 2639 2798 Discretione,
2680 2734 2745 2786 de
2783 2734 3096 2790 Elevatione
3147 2739 3363 2803 mentis,
3415 2739 3480 2793 de
3519 2739 3783 2802 Charitate,

538 2835 604 2888 de
651 2835 915 2890 Libertate
956 2837 1164 2889 mentis.
1205 2833 1355 2888 llaec
1386 2832 1624 2886 eundern
1656 2847 1780 2886 cum
1837 2829 2203 2885 llomiliarum
2248 2839 2472 2884 auctore
2523 2839 2806 2900 parentem
2840 2811 3064 2896 habere,
3105 2831 3252 2887 idem
3298 2835 3478 2905 stylus
3511 2843 3568 2889 et
3596 2833 3782 2889 dicendi

539 2931 846 2996 character,
885 2931 1032 2984 idem
1071 2930 1374 3001 ingenium,
1404 2926 1598 2982 eadem
1628 2925 1882 3000 dogmata
1909 2925 2042 2979 satis
2070 2933 2326 2994 arguunt.
2349 2923 2625 2993 Opuscula
2655 2925 2791 2980 haec
2817 2941 3015 2996 graece
3055 2933 3112 2982 et
3140 2927 3310 2984 latine
3336 2929 3394 2982 in
3425 2928 3684 2982 Thesauro
3705 2941 3782 2980 suo

536 3027 773 3083 Ascetico
803 3029 997 3082 Petrus
1029 3027 1290 3081 Possinus
1314 3024 1439 3079 Soc.
1488 3024 1599 3078 Jes.
1621 3021 2044 3077 edidit'l‘olosae
2071 3020 2229 3085 1681,
2256 3021 2332 3074 4ο.
2377 3020 2619 3075 Tandem
2655 3021 2840 3076 omnia
2879 3021 3099 3077 Macarii
3132 3038 3324 3093 Opera,
3373 3032 3490 3080 tum
3525 3023 3777 3084 Homilies,

540 3132 658 3178 tum
701 3122 978 3192 Opuscula
1024 3121 1256 3178 ascetica
1305 3128 1364 3174 et
1408 3118 1884 3190 Apophthegmata
1933 3117 2153 3187 collegit
2195 3126 2494 3187 et-graece
2532 3117 2695 3171 simul
2737 3132 2801 3172 ac
2839 3117 3007 3172 latine
3053 3119 3263 3184 edidit,
3305 3129 3521 3174 textum
3552 3131 3778 3190 graecum

538 3216 762 3281 revidit,
811 3216 1123 3271 versionem
1167 3213 1503 3279 emendavit,
1530 3224 1588 3269 et
1627 3223 1886 3284 excerpta
1923 3229 1993 3270 ex
2038 3213 2282 3268 Palladio
2318 3223 2376 3268 et
2401 3213 2666 3269 Cassiano
2695 3213 2906 3269 addidit
2928 3214 3012 3270 Jo.
3049 3211 3250 3283 Georg.
3274 3212 3487 3268 Pritius
3513 3209 3779 3282 Lipsiensis

536 3307 686 3378 Lips.
718 3306 880 3372 1698,
909 3307 965 3361 8°
998 3306 1098 3379 (‘2).
1136 3304 1246 3360 Sed
1283 3313 1502 3375 praeter
1530 3303 1754 3375 scripta,
1799 3318 1940 3373 quae
1981 3303 2034 3357 ei
2061 3303 2224 3375 vulgo
2248 3303 2417 3357 tribui
2452 3304 2650 3370 solent,
2682 3303 2955 3358 habentur
2983 3319 3177 3374 graece
3202 3307 3358 3364 M55.
3397 3307 3454 3362 in
3473 3305 3776 3363 Bibliotheca

537 3403 954 3460 Vindobonensi
995 3401 1099 3456 sub
1125 3401 1246 3471 ejus
1269 3399 1492 3454 nomine
1518 3398 1794 3470 Opuscula
1819 3399 1991 3464 varia,
2019 3415 2215 3470 nempe
2239 3397 2429 3470 Capita
2447 3402 2670 3454 ascetica
2700 3399 2822 3464 170,
2840 3400 3175 3471 metaphrasi
3202 3401 3479 3458 illustrata
3501 3416 3531 3455 a
3555 3400 3774 3454 Simeone

535 3497 881 3570 Logotheta;
914 3497 1051 3553 Cod.
1097 3496 1264 3552 theol.
1301 3496 1423 3550 10-1.
1460 3494 1778 3549 Parenacsis
1825 3495 2049 3547 ascetica
2095 3492 2230 3547 Cod.
2258 3493 2361 3546 MO
2387 3493 2618 3559 num.3,
2655 3491 2848 3564 Capita
2872 3495 3094 3550 ascetica
3129 3495 3230 3550 100
3255 3496 3396 3553 Cod.
3437 3498 3540 3552 179
3562 3509 3702 3551 num.
3729 3490 3770 3543 8.

533 3584 615 3640 De
635 3585 885 3642 Custodia
907 3587 1078 3641 cordis
1102 3586 1292 3657 Capita
1317 3586 1384 3640 '50
1401 3585 1535 3641 Cod.
1565 3584 1667 3639 192
1686 3600 1837 3638 num.
1865 3583 1950 3651 15,
1975 3583 2168 3654 Capita
2193 3583 2295 3638 170
2312 3583 2374 3636 de
2390 3584 2713 3655 Perfectione
2728 3585 2997 3657 spirituali
3013 3585 3150 3642 Cod.
3178 3587 3282 3643 192
3310 3604 3466 3644 num.
3495 3587 3579 3642 16.
3598 3585 3770 3638 Verum

536 3684 672 3741 haec
715 3685 901 3739 omnia
931 3683 1070 3738 nihil
1114 3683 1231 3738 fere
1263 3682 1415 3737 aliud
1443 3682 1730 3738 continent
1772 3696 1937 3750 quam
1979 3682 2072 3737 Vll
2110 3681 2209 3737 illa
2241 3681 2504 3752 Opuscula
2545 3684 2791 3747 ascetica,
2837 3696 2979 3752 quae
3010 3682 3066 3736 in
3089 3685 3378 3743 Thesauro
3408 3702 3509 3742 suo
3535 3685 3694 3740 edidit
3719 3682 3765 3734 P.

533 3781 794 3836 Possinus
835 3780 1009 3835 Paris.
1052 3779 1207 3846 1684,
1231 3794 1484 3849 quaeque
1518 3779 1683 3833 tertio
1720 3778 1941 3833 cuidam
1986 3778 2223 3834 Macario
2255 3777 2550 3834 tribuenda
2579 3795 2701 3835 esse
2748 3779 3064 3848 contendit;
3119 3793 3275 3840 certe
3338 3786 3427 3841 vel
3473 3791 3669 3845 nostro,
3698 3775 3764 3830 vel

532 3877 772 3932 Macario
801 3875 1174 3930 Alexandrino
1201 3874 1555 3940 vindicanda,
1591 3875 1670 3930 uti
1709 3891 1836 3929 mox
1861 3875 2237 3931 ostendemus.
2741 3945 2748 3949 Α

624 3971 975 4028 MACARIUS
1005 3973 1194 4043 junior
1211 3971 1311 4044 (3),
1341 3982 1397 4026 et
1427 3971 1725 4035 Ποὶιτικὸς
1755 3972 1959 4036 dictus,
2003 3972 2166 4027 domo
2206 3973 2630 4040 Alexandrinus,
2662 3951 2755 4029 ubi
2783 3984 2960 4032 aetate
3007 3973 3184 4046 prima
3224 3972 3457 4030 bellaria
3511 3963 3760 4025 vendendo

532 4071 821 4132 quaestum
852 4061 1166 4126 exercebat,
1193 4061 1418 4116 Antonii
1466 4061 1789 4130 discipulus,
1821 4062 2051 4116 alterius
2091 4060 2313 4117 Macarii
2347 4062 2643 4132 σύγχρονος
2675 4064 2836 4133 eique
2879 4078 3180 4136 superstes,
3223 4069 3364 4123 urbe
3387 4065 3546 4121 simul
3571 4078 3628 4117 ac
3665 4065 3760 4114 arte

533 4151 892 4214 renunciata,
909 4150 966 4204 in
985 4165 1236 4204 eremum
1257 4149 1588 4202 Nitriensem
1615 4147 1898 4211 secedens,
1922 4149 2091 4202 vitam
2125 4149 2482 4204 monasticam
2506 4152 2788 4222 amplexus
2809 4161 2912 4208 est.
2949 4154 3184 4226 [Socrat.
3210 4156 3246 4210 l.
3277 4158 3347 4212 IV
3371 4173 3420 4211 c.
3447 4155 3514 4209 25
3537 4171 3550 4219 ;
3573 4151 3755 4206 Sozom-

532 4244 568 4298 Ι.
605 4245 672 4298 111
699 4260 747 4298 c.
776 4245 863 4308 14;
898 4241 1234 4298 Theodoret.
1265 4242 1303 4295 1.
1326 4241 1393 4296 Ν
1419 4257 1468 4295 c.
1503 4239 1618 4312 21].
1644 4241 1803 4295 Anno
1830 4245 2026 4298 aetatis
2051 4243 2471 4315 quadragesimo
2501 4247 2834 4317 baptismum
2857 4253 3118 4323 suscepit,
3153 4253 3282 4307 dein
3311 4253 3590 4324 presbyter
3613 4246 3756 4300 factus

530 4349 586 4392 et
611 4338 1038 4394 archimandrita
1064 4337 1372 4395 Nitriensis.
1405 4337 1553 4392 Obiit
1582 4337 1932 4392 centonarius
1972 4338 2117 4393 circa
2140 4355 2192 4394 a.
2228 4340 2348 4395 404.
2379 4342 2685 4397 Arctiorem
2715 4345 2861 4400 vitae
2891 4349 3224 4404 monasticae
3265 4349 3602 4420 disciplinam
3637 4350 3754 4395 tanta

531 4431 717 4486 studio
765 4431 1024 4494 excoluit,
1053 4439 1116 4484 ut
1140 4445 1209 4484 ex
1232 4430 1401 4484 nimia
1428 4429 1572 4484 cutis
1597 4429 1849 4484 ariditate
1876 4429 1972 4499 pili
2014 4429 2217 4485 barbae
2245 4431 2296 4486 ei
2325 4448 2437 4488 non
2471 4437 2870 4490 succreverint.
2907 4438 3132 4493 Interim
3163 4443 3221 4492 in
3261 4440 3367 4495 hoc
3392 4454 3499 4494 uno
3521 4436 3585 4490 ab
3611 4432 3752 4486 altero

529 4522 768 4578 Macario
797 4521 1164 4592 discrepabat,
1201 4521 1347 4591 quod
1374 4521 1532 4574 hilari
1563 4520 1744 4575 fronte
1778 4520 1851 4575 ad
1874 4521 2052 4590 ipsum
2083 4521 2440 4579 advenientes
2468 4528 2749 4595 exceperit
2781 4537 2837 4582 et
2860 4528 3042 4598 lepido
3073 4546 3326 4586 sermone
3357 4525 3648 4587 oblectarit,
3678 4535 3752 4573 ur-

529 4616 773 4672 banitate
803 4614 1038 4684 quadam
1065 4613 1315 4683 juniores
1357 4611 1424 4665 ad
1453 4611 1800 4681 disciplinam
1852 4612 2209 4665 monasticam
2243 4612 2512 4670 alliciens.
2538 4615 2675 4668 Mira
2701 4615 2769 4672 de
2793 4619 2912 4687 ejus
2946 4619 3267 4688 virtutibus,
3304 4619 3637 4678 abstinentia,
3665 4609 3747 4666 mi-

527 4706 732 4762 raculis
750 4704 981 4776 patratis
1005 4715 1062 4758 et
1079 4703 1440 4758 daemonibus
1465 4703 1534 4757 ab
1555 4718 1620 4757 eo
1641 4702 1839 4773 fugatis
1863 4712 2050 4756 narrat
2072 4702 2368 4770 Palladius,
2397 4706 2492 4776 qui
2515 4723 2582 4761 co
2601 4707 2944 4764 familiariter
2967 4713 3248 4779 utebatur,
3277 4714 3414 4768 llist.
3439 4712 3591 4766 Laus.
3615 4721 3655 4759 c.
3676 4699 3746 4754 2οι

525 4799 686 4867 Quod
743 4815 875 4854 vero
920 4795 1162 4866 politicus
1218 4794 1528 4856 dicebatur,
1572 4793 1700 4847 inde
1743 4792 1948 4847 factum
1987 4803 2092 4857 est,
2132 4793 2280 4862 quod
2323 4811 2433 4851 non
2468 4797 2632 4852 modo
2657 4798 2713 4852 in
2758 4801 3055 4857 solitudine
3098 4805 3240 4859 inter
3280 4803 3568 4860 monachos
3590 4808 3745 4850 versa-

525 4907 699 4960 retur,
725 4895 820 4949 sed
843 4905 902 4950 et
922 4897 978 4946 ὲν
1001 4893 1257 4964 τῇπόλει,
1277 4892 1312 4946 i.
1331 4905 1381 4943 e.
1415 4891 1469 4942 in
1493 4889 1618 4942 urbe
1632 4889 1960 4943 Alexandria
1978 4899 2160 4956 natus,
2188 4906 2438 4962 magnam
2455 4892 2600 4948 vitae
2622 4905 2830 4964 partem
2850 4897 2905 4951 in
2929 4899 3147 4968 publica
3171 4900 3450 4955 hominum
3468 4897 3580 4951 luce
3596 4900 3744 4942 trans-

523 4987 658 5059 egit.
685 4986 875 5041 Fuisse
899 4985 1121 5040 scholae
1138 4983 1501 5039 catechesetuv
1543 4981 1945 5036 Alexandrinae
1972 4982 2308 5051 praefectum
2339 4991 2572 5038 testatur
2598 4986 2885 5057 Philippus
2902 4988 3138 5046 Sidetes.
3163 4991 3319 5058 Quod
3337 5004 3460 5045 vero
3479 4997 3592 5040 eum
3608 4980 3742 5032 Pelro

524 5082 751 5154 martyri
781 5082 837 5135 in
884 5081 992 5135 hoc
1017 5095 1246 5136 munere
1282 5078 1615 5134 successisse
1646 5078 1860 5142 scribit,
1885 5093 2084 5134 vereor
2120 5088 2182 5133 ut
2215 5093 2284 5133 ne
2316 5079 2452 5133 illud
2487 5096 2612 5135 cum
2641 5084 2905 5153 temporis
2938 5087 3154 5142 ratione
3187 5099 3332 5143 stare
3365 5085 3544 5156 possit.
3570 5080 3742 5133 Demus

522 5176 922 5239 enim,Petrum
940 5173 1182 5227 scholam
1198 5189 1305 5228 una
1316 5187 1440 5226 cum
1461 5171 1778 5242 episcopatu
1794 5171 1862 5225 ad
1877 5170 2021 5225 vitae
2043 5186 2218 5240 usque
2243 5168 2406 5225 linem
2425 5173 2684 5237 tenuisse,
2705 5177 2851 5245 quod
2870 5186 3051 5233 tamen
3074 5194 3184 5232 non
3207 5188 3435 5240 constat,
3460 5182 3618 5240 neque
3630 5170 3738 5216 satis

523 5266 809 5340 probabile
825 5264 1067 5332 videtur,
1083 5282 1209 5320 cum
1232 5277 1443 5322 certum
1460 5266 1550 5331 sit,
1576 5267 1798 5320 Petrum
1820 5267 2114 5320 maximam
2155 5265 2505 5336 episcopatus
2525 5269 2610 5322 sui
2633 5279 2844 5338 partem
2865 5273 2968 5327 sub
2991 5275 3374 5343 persecutione
3398 5280 3453 5326 et
3479 5267 3530 5321 in
3548 5266 3736 5316 carcere

2048 5403 2302 5460 NOTAE.

597 5503 674 5572 (1)
700 5501 783 5558 Cf.
807 5499 978 5572 oadin
1021 5499 1190 5572 Tom.
1222 5502 1241 5555 l
1274 5499 1491 5572 μω,
1512 5499 1595 5552 Du
1636 5499 1735 5572 Piri
1769 5498 1910 5572 Hist.
1949 5498 2086 5572 eccl.

2271 5498 2349 5572 (2)
2375 5499 2570 5572 Denuo
2585 5499 2733 5572 Lips.
2758 5503 2917 5559 1714.
2949 5506 3003 5560 8.
3438 5563 3539 5572 _____
3604 5556 3616 5572 ,
3642 5550 3681 5572 __,

529 5556 728 5627 v61!“
757 5587 812 5642 p.
839 5571 906 5642 55
929 5586 1011 5640 sq.
1032 5587 1046 5642 ;
1067 5570 1254 5642 rate.
1275 5556 1426 5642 Bibl.
1453 5569 1646 5642 Graec.
1680 5570 1846 5642 lib'LV
1870 5569 2094 5642 capue
2211 5556 2351 5642 μὴ»)
2379 5556 2769 5642 summa";
2805 5556 3104 5631 Memoires
3133 5580 3268 5635 eccl.
3295 5573 3410 5630 Vol.
3437 5556 3618 5642 ψῃά
3642 5556 3719 5642 ξξξί

524 5616 1114 5722 sitia-Wfilin???
1139 5616 1268 5722 ῐέὶίε
1282 5616 1664 5722 Ῑίξῆοὲἰῖὄί-
1680 5616 1807 5722 ξίῆἓμ
1822 5616 2093 5722 ’ρξῖῐὲήέ
2202 5616 2440 5722 ιιᾱξιὶνζῗξ
2451 5616 2783 5722 filiiﬁlii
2813 5616 3113 5722 δῖ’ἱῖἠῖ
3133 5616 3421 5722 ἓέιῖἶέἕῖὲ
3449 5616 3616 5722 ﬁt];
3648 5616 3723 5722 v.5!

525 5685 820 5789 ἲίῐιεᾶὀξῃρξ
837 5685 1124 5765 ᾖίρνιὶιᾶίῖἒὲ
1144 5685 1292 5789 Ecl.
1306 5685 1697 5766 varum
1714 5685 1822 5764 Ἑίἱ.
1841 5685 2096 5777 Ἥιιῖςῖίτΐξ
2202 5685 2434 5789 {Et}:
2457 5685 2854 5789 ’[Εέξῐὶξιῖὶὲὲῗ
2865 5685 2914 5773 ἰζ
2936 5685 3054 5789 ’ἧς
3086 5685 3240 5775 hall“
3249 5691 3260 5701 ’
3275 5685 3421 5772 [illi]?
3452 5685 3634 5763 iaceres.
3659 5685 3718 5744 ad

525 5781 692 5850 Long.
737 5781 876 5836 Bibl.
913 5796 1053 5836 sacr.
1087 5797 1140 5852 p.
1176 5781 1298 5837 859.

1087 5797 1140 5852 p.
1176 5781 1298 5837 859.
2210 5780 2448 5837 Gennad.
2479 5780 2534 5838 c.
2570 5782 2651 5838 10.
