4016 6454
231 449 322 508 385
1069 452 1158 508 DE
1197 451 1293 507 SS.
1334 449 1656 506 MACAI’JIS
1694 444 2033 501 AEGYPTIO
2073 443 2158 498 ET
2199 442 2711 498 ALEXANDRINO.
3399 448 3504 505 386

248 576 445 649 egisse;
479 583 618 630 utut
638 577 742 641 sit,
772 575 917 630 obiit
935 575 979 628 is
1000 573 1256 643 martyrio
1296 580 1584 626 coronatus
1601 583 1746 623 anno
1763 565 1886 619 502.
1905 566 2024 631 Quo
2042 575 2285 633 tempore
2302 563 2595 618 Macarium
2610 571 2858 616 nostrum
2883 578 3011 617 vere
3022 563 3192 620 fuisse
3221 566 3502 635 juniorem

260 685 465 740 acpene
479 683 730 738 puerum
766 681 990 722 necesse
1006 675 1108 721 est.
1132 666 1303 732 Quem
1318 663 1588 718 Historiae
1611 658 2026 716 Ecclesiasticae
2063 657 2376 712 conditores
2429 655 2604 726 Magni
2622 654 2842 709 Antonii
2859 653 3188 725 discipulum
3211 656 3360 728 [Pag.
3377 653 3502 724 257]

263 764 479 822 faciunt,
497 770 557 814 et
573 759 894 814 Constantii
925 755 1257 826 temporibus
1289 755 1553 810 claruisse
1580 753 1792 816 volunt,
1817 753 1925 805 imo
1948 764 2206 819 quocum,
2241 758 2478 802 exeunte
2531 748 2636 801 hoc
2660 746 2896 810 saeculo,
2950 763 3049 818 per
3101 748 3400 806 triennium
3448 752 3502 809 in

262 853 553 912 solitudine
588 852 732 906 vixit
752 847 1025 905 Palladius
1057 846 1216 919 [Hist.
1257 845 1504 899 Lausiae.
1541 857 1589 896 e.
1617 841 1686 896 20
1735 857 1786 911 p.
1818 839 1962 910 9:24].
1994 838 2102 892 Aut
2123 838 2286 907 igitur
2308 835 2524 906 juvenis
2548 835 2841 890 admodum
2864 852 3064 893 munus
3087 839 3191 893 hoc
3215 840 3505 897 scholasti-

267 966 390 1006 cum
412 947 552 1011 iniit,
578 955 678 1000 aut
725 954 850 1016 post
872 945 1016 999 Petri
1053 943 1376 1015 martyrium
1411 941 1596 996 schola
1655 938 1950 1001 vacaverit,
1973 945 2088 999 aut,
2115 935 2263 1004 quod
2287 934 2471 1003 potius
2507 933 2771 1001 suspicari
2793 933 2943 999 licet,
2969 934 3110 989 alius
3133 937 3257 1005 quis
3287 939 3506 994 scholae

275 1046 523 1117 magister
564 1042 927 1097 intervenerit
949 1057 980 1095 a
1010 1041 1260 1110 Philippo
1277 1027 1630 1109 'praeteritus.
1662 1035 1852 1090 Nullos
1883 1034 2030 1089 enim
2075 1033 2213 1087 alios
2267 1047 2298 1085 a
2330 1031 2476 1085 Petri
2501 1038 2696 1093 morte,
2749 1036 2966 1096 praeter
3021 1028 3315 1084 Macarium
3339 1032 3507 1103 Didy—

281 1153 444 1201 mum,
478 1152 582 1205 per
611 1135 887 1203 integrum
920 1151 1093 1204 paene
1123 1136 1228 1190 hoc
1254 1136 1532 1190 saeculum
1577 1134 1741 1203 hujus
1766 1131 1984 1185 scholae
2021 1137 2407 1201 praeceptores
2429 1126 2670 1181 exhibet.
2700 1125 2830 1180 Erat
2868 1133 2924 1180 et
2946 1125 3086 1180 alter
3111 1127 3376 1182 Macarius
3397 1127 3506 1184 Ae-

269 1236 507 1308 gyptius,
539 1231 726 1287 Senior
751 1231 948 1295 dictus,
975 1231 1040 1286 de
1063 1249 1170 1302 quo
1211 1249 1309 1286 nos
1332 1232 1484 1286 alibi.
1511 1229 1654 1296 Quin
1676 1238 1733 1282 et
1764 1227 2007 1290 tertium,
2033 1224 2257 1280 Antonii
2277 1224 2443 1278 etiam
2473 1222 2803 1290 discipulum
2826 1228 2882 1274 et
2912 1221 3190 1287 comitem,
3241 1225 3508 1284 Amathae

265 1330 503 1391 socium,
531 1326 692 1380 nobis
723 1326 1020 1395 exsculpsit
1054 1327 1250 1380 Petrus
1284 1323 1543 1379 Pessinus
1571 1321 1803 1392 [Proleg.
1839 1319 1895 1372 in
1932 1319 2097 1372 Thes.
2127 1315 2356 1386 Ascet.],
2387 1315 2477 1368 cui
2499 1314 2664 1367 etiam
2694 1311 2735 1366 L
2765 1310 3009 1365 homilias
3036 1329 3067 1365 a
3096 1311 3221 1366 Pico
3267 1318 3508 1384 primum

263 1425 472 1488 editas,
494 1421 664 1477 etVII
701 1421 973 1491 Opuscula
1005 1435 1036 1474 a
1065 1435 1123 1474 se
1174 1420 1228 1473 in
1255 1420 1432 1474 lucem
1484 1418 1703 1480 emissa,
1729 1413 2089 1486 adjudieanda
2110 1419 2314 1467 censet.
2364 1410 2433 1464 Et
2468 1409 2522 1462 in
2564 1409 2665 1464 hac
2690 1405 2912 1476 quidem
2959 1409 3231 1464 sententia
3256 1425 3344 1464 me
3378 1412 3511 1472 olim

261 1512 445 1567 fuisse
481 1511 673 1568 fateor.
692 1511 910 1577 [Verum
950 1523 1010 1562 re
1053 1509 1250 1563 melius
1290 1522 1557 1578 perpensa
1584 1521 1742 1576 aegre
1765 1520 1796 1558 a
1822 1521 1909 1558 me
1933 1505 2226 1573 impetrare
2247 1515 2469 1571 possum
2500 1507 2560 1552 ut
2581 1497 2822 1560 credam,
2859 1507 3078 1565 praeter
3104 1498 3426 1570 Aegyptium
3452 1516 3510 1561 et

256 1603 701 1661 Alexandrinum
728 1602 947 1656 tertium
975 1599 1139 1654 etiam
1181 1595 1491 1666 fingendum
1514 1609 1635 1649 esse
1660 1593 1976 1657 Macarium,
2003 1589 2227 1646 Antonii
2259 1589 2611 1658 discipulum,
2661 1587 2923 1641 Amathae
2957 1588 3239 1658 collegam,
3267 1591 3509 1660 Operum

258 1695 704 1753 Macarianorum
730 1702 1027 1748 auctorem.
1067 1687 1226 1741 Certe
1260 1701 1368 1740 non
1410 1685 1545 1740 alios
1568 1683 1831 1738 Maearios
1865 1682 2088 1738 Antonii
2122 1680 2422 1750 discipulos
2449 1678 2607 1733 nobis
2634 1677 2900 1732 exhibent
2937 1675 3208 1744 Socrates,
3249 1680 3510 1739 Sozome-
3533 1709 3545 1724 ι

257 1802 399 1848 nus,
437 1782 834 1846 Theodoretus,
862 1781 1220 1851 Nicephorus,
1245 1789 1302 1834 et
1342 1779 1436 1848 qui
1476 1778 1581 1832 hoc
1604 1777 1723 1849 ipso
1761 1785 2030 1846 tempore,
2071 1774 2156 1828 his
2199 1773 2332 1843 ipsis
2362 1773 2495 1827 locis
2545 1771 2681 1826 vixit
2712 1769 2888 1836 deque
2910 1768 2978 1824 iis
3000 1771 3210 1841 prolixe
3240 1773 3369 1844 agit,
3395 1774 3513 1845 ipse

257 1875 570 1932 Palladius.
607 1872 678 1928 Ut
695 1871 986 1926 Macarium
1015 1885 1173 1924 suum
1207 1869 1402 1940 probet
1429 1867 1707 1930 Pessinus,
1736 1864 2091 1920 Athanasium
2118 1863 2174 1916 in
2201 1863 2310 1917 vita
2344 1861 2558 1916 Antonii
2604 1869 2661 1914 et
2691 1858 3080 1933 Hieronymum
3121 1862 3178 1918 in
3223 1867 3329 1919 vita
3352 1866 3515 1925 Pauli

263 1977 446 2020 testes
469 1965 621 2019 citat.
650 1962 976 2018 Athanasius
995 1975 1126 2014 vero
1163 1959 1231 2014 de
1261 1957 1495 2012 Macario
1527 1973 1597 2012 ne
1623 1956 1850 2011 verbum
1873 1954 2094 2023 quidem
2115 1953 2299 2007 habet.
2344 1951 2706 2022 Hieronymus
2738 1950 2957 2008 Macarii
2986 1963 3043 2006 et
3093 1954 3356 2012 Amathae
3398 1960 3513 2014 An-

261 2057 413 2111 tonii
437 2055 829 2126 discipulorum
854 2053 1123 2116 meminit,
1147 2061 1204 2107 et
1225 2051 1511 2106 Amatham
1541 2049 1760 2118 quidem
1787 2047 2105 2118 magistrum
2134 2061 2293 2100 suum
2331 2045 2609 2116 sepeliisse
2638 2038 2829 2110 docet;
2889 2046 2957 2101 de
2982 2047 3217 2105 Macario
3255 2051 3392 2108 nihil
3420 2053 3518 2110 ha-

264 2152 387 2206 bet.
421 2151 636 2218 Quaero
668 2151 833 2220 igitur
853 2165 887 2205 a
917 2146 1164 2212 Possino,
1192 2163 1294 2201 cur
1316 2161 1384 2200 ex
1407 2146 1612 2201 nostris
1639 2160 1802 2208 unus,
1831 2143 2054 2199 Antonii
2084 2141 2409 2211 discipulus,
2443 2139 2708 2195 Amathae
2733 2137 2960 2209 collega,
2988 2139 3391 2210 Opusculorum
3415 2161 3516 2221 pa-

269 2250 362 2296 ter
393 2242 609 2297 censeri
633 2258 742 2296 non
788 2241 992 2312 possit?
1024 2241 1144 2296 Non
1187 2240 1506 2312 Aegyptius,
1541 2239 1738 2308 inquit,
1794 2252 1919 2292 cum
1961 2235 2239 2306 sexaginta
2268 2248 2442 2289 annos
2471 2233 2524 2287 in
2564 2231 2816 2304 Scythica
2851 2231 3146 2286 solitudine
3187 2239 3516 2310 transegisse

277 2331 498 2387 dicitur.
525 2332 666 2398 Quid
697 2334 867 2388 vero?
885 2333 967 2389 An
991 2332 1216 2403 Stylitae
1237 2333 1304 2387 ad
1327 2332 1499 2386 instar
1525 2330 1658 2386 totis
1677 2328 1953 2399 sexaginta
1976 2327 2136 2381 annis
2167 2325 2224 2379 in
2255 2324 2392 2381 cella
2417 2339 2536 2378 sua'
2563 2323 2860 2380 immobilis
2888 2328 3161 2398 perstitit?
3212 2329 3354 2396 Quid
3380 2335 3514 2390 soli-

281 2421 440 2476 tariis
463 2421 566 2478 illis
595 2422 921 2478 familiarius
943 2440 1104 2494 quam
1135 2427 1422 2496 ἀσκήσεως
1457 2437 1589 2478 suae
1609 2422 1770 2478 sedes
1799 2421 2029 2478 subinde
2053 2419 2309 2475 mutare?
2345 2419 2417 2475 Ut
2452 2418 2590 2474 adeo
2621 2417 2739 2472 loca
2769 2421 3035 2489 quaedam
3065 2423 3304 2486 Antonio
3336 2429 3517 2489 vicina

274 2512 584 2567 inhabitare
612 2513 768 2569 facile
800 2515 1044 2585 potuerit
1067 2516 1355 2581 Macarius,
1381 2516 1543 2586 eique
1563 2514 1687 2569 data
1722 2514 2028 2578 occasione,
2052 2511 2375 2582 praesertim
2390 2520 2649 2580 vergente
2672 2510 2741 2565 ad
2763 2511 2928 2567 linem
2965 2515 3099 2581 vita,
3127 2531 3346 2588 praesto
3369 2536 3512 2586 esse,

267 2613 331 2658 et
354 2603 594 2659 defuncti
634 2620 834 2674 corpus
857 2622 962 2660 una
983 2623 1106 2662 cum
1155 2608 1385 2664 Amatha
1423 2608 1676 2679 sepelire.
1703 2605 1815 2660 Nec
1868 2605 2014 2659 enim
2041 2604 2164 2674 plus
2193 2603 2260 2657 de
2283 2603 2392 2656 hac
2417 2617 2475 2656 re
2509 2611 2738 2656 testatur
2773 2602 3008 2661 Cronius
3045 2609 3334 2680 presbyter
3367 2615 3515 2683 apud

267 2694 577 2749 Palladium
612 2710 729 2765 cap.
765 2697 854 2751 9.5.
886 2698 1072 2769 Neque
1106 2699 1240 2754 dicit
1262 2698 1616 2764 Sozomenus,
1652 2697 1947 2752 Macarium
1974 2696 2029 2750 in
2058 2695 2171 2749 sola
2191 2691 2350 2757 Sceti,
2378 2693 2473 2748 sed
2505 2703 2559 2747 et
2587 2694 2645 2744 ἐν
2671 2696 2792 2757 ταῖς
2820 2698 3046 2767 ἐρήμοις
3080 2699 3173 2756 LX
3235 2717 3364 2760 suos
3413 2720 3515 2761 an-

268 2800 375 2839 nos
409 2785 675 2855 exegisse.
711 2788 878 2844 Multo
920 2790 1103 2846 minus
1149 2790 1204 2844 id
1250 2791 1618 2846 Alexandrino
1640 2797 1830 2844 nostro
1869 2787 2053 2859 negari
2086 2795 2284 2856 potest,
2329 2800 2492 2855 quem
2517 2783 2764 2841 diversas
2809 2785 3068 2844 habuisse
3105 2793 3270 2847 cellas
3310 2795 3517 2852 diserte

271 2886 512 2933 testatur
539 2879 809 2934 Palladius
839 2899 852 2934 :
886 2897 1046 2935 unam
1069 2882 1291 2952 quidem
1311 2881 1368 2936 in
1395 2880 1531 2936 Sceti
1555 2897 1694 2951 quae
1721 2889 1806 2936 est
1820 2880 2051 2936 interior
2075 2880 2130 2933 in
2165 2877 2479 2941 solitudine,
2505 2893 2668 2931 unam
2693 2878 2750 2930 in
2772 2877 2938 2952 Libya
2964 2882 3020 2937 in
3047 2884 3252 2953 Celliis,
3277 2900 3332 2946 et
3352 2907 3516 2950 unam

267 2973 328 3029 in
365 2983 555 3029 monte
601 2975 826 3039 Nitriae,
873 2987 933 3031 ut
958 2977 1195 3033 Antonio
1221 2977 1412 3033 adesse
1466 2977 1627 3048 eique
1675 2977 1986 3031 ministrare
2010 2974 2167 3030 facile
2196 2973 2387 3044 possit.
2423 2972 2535 3028 Nec
2568 2971 2831 3029 validiora
2868 2984 2999 3029 sunt
3021 2990 3360 3048 argumenta,
3391 2986 3514 3053 qui-

270 3067 381 3122 bus
404 3062 686 3137 praedicta
712 3068 982 3140 Opuscula
1007 3073 1205 3128 horum
1229 3073 1413 3129 neutri
1436 3071 1797 3128 adseribenda
1821 3087 1941 3126 esse
1964 3071 2196 3141 probare
2224 3068 2421 3124 nititur
2444 3068 2723 3124 Possinus.
2750 3068 2866 3123 Non
2894 3070 3173 3142 Aegyptio,
3202 3077 3329 3144 quia
3350 3081 3522 3138 refert

270 3159 594 3242 Gennadius
623 3159 710 3232 [de
743 3161 942 3231 Script.
980 3163 1125 3219 Eccl.
1152 3182 1200 3220 e.
1230 3163 1363 3237 10.],
1393 3165 1572 3235 ipsum
1604 3179 1770 3220 unam
1795 3173 2006 3219 tantum
2054 3161 2122 3216 ad
2143 3162 2392 3232 juniores
2435 3159 2790 3229 professionis
2845 3175 2976 3216 suae
3013 3163 3294 3234 scripsisse
3316 3171 3521 3240 episto-

269 3253 407 3308 lam.
453 3253 594 3320 Quid
630 3255 674 3308 si
706 3269 836 3308 vero
874 3254 1194 3311 Gennadius
1241 3257 1309 3310 de
1346 3255 1475 3309 solis
1499 3253 1720 3308 Macarii
1749 3252 1996 3323 epistolis
2033 3253 2318 3323 loquitur?
2341 3251 2483 3318 Quid
2540 3250 2585 3306 si
2618 3250 2722 3304 alia
2749 3251 3034 3322 scripserit
3067 3255 3354 3327 Macarius,
3377 3255 3522 3335 quae

271 3345 544 3401 Cennadii
569 3347 907 3417 diligentiam
943 3349 1201 3420 fugerint,
1228 3365 1354 3403 cum
1387 3366 1498 3404 non
1534 3365 1706 3419 pauca
1731 3349 1937 3417 scripta
1963 3347 2090 3413 sint,
2121 3362 2260 3418 quae
2283 3345 2488 3401 frustra
2512 3343 2654 3415 apud
2675 3344 3016 3402 Gennadium
3043 3355 3230 3421 quaeri
3253 3362 3523 3425 possunt?

271 3435 395 3490 Non
424 3436 664 3506 denique
697 3437 1068 3494 Alexandrino
1107 3449 1317 3503 nostro,
1343 3440 1471 3510 quia
1503 3440 1715 3495 scilicet
1781 3439 1929 3493 inter
1970 3439 2166 3502 multa,
2202 3452 2342 3507 quae
2375 3437 2442 3492 de
2464 3451 2531 3490 eo
2555 3436 2761 3491 habent
2799 3437 3155 3507 Sozomenus,
3183 3443 3434 3504 Socrates
3462 3459 3523 3504 et

276 3525 647 3596 Nicephorus,
678 3530 813 3584 nihil
841 3546 1067 3601 prorsus
1097 3532 1356 3597 referant,
1384 3532 1525 3587 unde
1545 3532 1830 3602 scripsisse
1868 3531 2166 3600 quidquam
2196 3546 2345 3594 eum,
2390 3529 2537 3600 quod
2555 3530 2611 3584 in
2641 3530 2821 3584 lucem
2847 3547 2910 3587 ac
2928 3532 3125 3588 famam
3142 3537 3358 3604 exierit,
3381 3557 3518 3610 pos—

274 3619 351 3671 sit
384 3618 635 3690 intelligi.
662 3621 895 3676 meclle
943 3637 1172 3692 prorsus
1220 3633 1276 3678 et
1321 3624 1479 3692 plane
1538 3623 1833 3677 ficulnequ
1901 3623 2303 3691 argumentum!
2333 3620 2468 3685 Quis
2494 3619 2642 3673 enim
2685 3618 2878 3682 nescit,
2913 3635 3022 3674 non
3065 3621 3118 3674 id
3149 3623 3251 3677 sibi
3283 3626 3522 3685 voluisse

279 3705 557 3764 Socratem
587 3720 643 3764 et
672 3713 1056 3777 Sozomenum,
1092 3713 1160 3768 de
1211 3713 1572 3784 scriptoribus
1621 3710 2007 3766 ecclesiasticis
2056 3727 2124 3764 ex
2168 3710 2415 3779 professo
2467 3709 2663 3779 agere?
2718 3708 2873 3762 Viros
2928 3709 3151 3779 quidem
3209 3715 3522 3772 eruditione

287 3797 466 3851 claros
489 3814 806 3856 enumerare
833 3802 1030 3867 solent,
1066 3804 1266 3876 scripta
1297 3819 1421 3857 raro
1466 3811 1561 3858 aut
1597 3817 1875 3871 nunquam
1915 3815 2237 3865 recensere;
2274 3800 2412 3854 adeo
2439 3808 2498 3853 ut
2553 3799 2689 3853 nihil
2755 3801 2955 3866 obstet,
2983 3806 3348 3875 nequicquam
3379 3812 3525 3864 reni-

288 3895 444 3942 tente
495 3889 732 3956 Possino,
777 3893 1071 3962 quominus
1122 3891 1402 3962 praedicta
1441 3891 1712 3961 Opuscula
1743 3890 2101 3945 Macariorum
2125 3897 2440 3944 nostrorum
2485 3889 2774 3953 alterutri,
2806 3901 2862 3946 et
2910 3891 3094 3947 forsan
3152 3895 3525 3954 Alexandrino

284 3991 497 4048 nostro,
523 4001 628 4040 non
650 3987 926 4042 immerito
959 3988 1248 4044 tribuenda
1287 3989 1416 4044 sint.
1450 3989 1839 4059 Exstatgraeee
1867 3987 1978 4042 MS.
2016 3987 2121 4041 sub
2155 3986 2374 4041 Macarii
2415 3986 2591 4040 nostri
2616 3985 2970 4040 Alexandrini
3009 3987 3232 4044 nomine
3253 3989 3527 4062 fragmen-

279 4081 400 4126 tum
420 4089 485 4127 ex
516 4073 913 4139 Quaestionibus
937 4081 1005 4133 ad
1054 4081 1303 4152 Magnum
1354 4080 1637 4134 Eusebium
1686 4081 1980 4151 episcopum
2016 4078 2440 4132 Alexandrinum
2468 4077 2608 4131 Bibl.
2640 4076 2873 4131 Vindoh.
2898 4077 3031 4132 Cod.
3066 4078 3258 4134 Theo].
3297 4079 3384 4144 84,
3413 4097 3527 4151 quo

276 4170 530 4238 anonymi
559 4171 842 4241 cujusdam
871 4172 992 4228 Loci
1016 4191 1316 4229 communes
1354 4176 1557 4228 ascetici
1582 4175 1646 4227 de
1691 4177 1992 4228 charactere
2041 4175 2150 4228 veri
2197 4171 2586 4229 Christianismi
2607 4187 2673 4227 ex
2696 4173 2863 4228 variis
2895 4172 2988 4229 SS.
3010 4175 3232 4231 Patrum
3259 4177 3524 4246 operibus

270 4260 492 4316 collecti
517 4266 888 4321 continentur.
912 4267 1046 4335 Quis
1077 4285 1210 4324 vero
1234 4270 1400 4326 fuerit
1433 4271 1522 4326 hic
1541 4269 1764 4340 Magnus
1789 4271 2064 4333 Eusebius,
2101 4270 2206 4324 hoc
2248 4270 2468 4324 circiter
2491 4277 2737 4340 tempore
2765 4267 3058 4337 episcopus
3095 4267 3520 4338 Alexandrinus,

268 4360 341 4416 ad
385 4373 547 4426 quem
579 4359 679 4416 hae
709 4365 1054 4431 quaestiones
1091 4368 1326 4437 scriptae
1351 4375 1499 4431 sunt,
1534 4366 1708 4421 fateor
1735 4383 1820 4420 me
1859 4383 1960 4421 nec
1987 4365 2282 4421 divinando
2319 4365 2538 4435 assequi
2569 4379 2746 4434 posse.

341 4449 590 4505 Ilabetur
635 4450 807 4505 latine
851 4453 901 4506 ei
937 4452 1200 4524 inscripta
1225 4454 1433 4525 Regula
1483 4457 1771 4508 monastica
1799 4454 1949 4508 XXX
1971 4454 2224 4524 capitulis
2252 4453 2668 4523 comprehensa,
2699 4468 2861 4521 quam
2891 4450 3102 4521 primus
3130 4452 3304 4506 edidit
3326 4453 3525 4508 Petrus

272 4540 547 4595 Reverius
569 4539 774 4596 Jesuita
801 4542 855 4596 in
889 4543 1128 4598 Historia
1154 4546 1470 4599 monasterii
1515 4545 1869 4601 Reomaensis
1909 4560 2029 4614 pag.
2077 4543 2166 4596 2i.
2197 4544 2401 4598 Verum
2439 4560 2508 4598 an
2554 4557 2753 4597 revera
2781 4540 3002 4596 Macarii
3041 4540 3218 4594 nostri
3259 4541 3350 4606 sit,
3385 4542 3522 4596 mihi

271 4632 516 4686 nondum
549 4640 780 4686 constat.
839 4633 1009 4688 lmine
1047 4635 1204 4703 plane
1232 4634 1447 4690 videtur
1479 4636 1660 4704 potius
1716 4633 2101 4704 compendium
2149 4634 2459 4703 regularum
2506 4649 2574 4688 ex
2612 4633 2832 4687 Macarii
2882 4632 3226 4702 aliorumque
3265 4631 3523 4703 ἀσκητῶν

274 4722 496 4792 scriptis
529 4722 900 4792 compilatum.
942 4725 1130 4778 Exstat
1159 4739 1326 4795 penes
1351 4740 1436 4780 me
1457 4725 1676 4779 Macarii
1696 4724 2072 4788 Alexandrini,
2108 4725 2182 4778 ita
2211 4725 2358 4778 enim
2381 4725 2546 4778 habet
2576 4725 2789 4788 titulus,
2815 4721 3000 4776 Sermo
3023 4723 3086 4775 de
3111 4726 3253 4776 exitu
3276 4731 3522 4792 statuque

274 4819 580 4870 animarum
623 4825 736 4886 post
778 4819 912 4870 hanc
949 4819 1133 4881 vitam,
1177 4835 1244 4872 ex
1275 4817 1642 4874 bibliothecae
1671 4817 1929 4873 Paulinae
1960 4815 2263 4885 Lipsiensis
2317 4815 2426 4871 MS.
2478 4816 2667 4871 codice
2695 4814 3024 4883 descriptus.
3072 4814 3265 4868 Plures
3297 4815 3521 4882 quidem

275 4908 489 4978 ineptas
516 4917 573 4962 et
601 4909 774 4964 aniles
799 4909 1009 4964 fabulas
1039 4912 1303 4976 continet,
1334 4921 1390 4966 et
1431 4910 1757 4966 recentioris
1786 4909 2066 4979 cujusdam
2119 4908 2372 4963 Graeculi
2418 4918 2790 4964 commentum
2822 4909 2958 4963 mihi
2988 4907 3224 4971 videtur,
3255 4910 3350 4976 qui
3382 4925 3521 4978 quae

273 5000 377 5055 hac
408 5001 479 5056 de
502 5017 560 5055 re
585 5002 895 5066 somniavit,
917 5003 985 5058 ad
1006 5003 1202 5075 dialogi
1234 5005 1463 5058 formam
1483 5004 1778 5058 Macarium
1812 5000 1955 5055 inter
1979 5012 2032 5056 ct
2065 5001 2286 5071 angelos
2320 5001 2546 5070 redegit.
2584 5000 2850 5067 Quoniam
2880 5018 3011 5056 vero
3034 5002 3317 5065 ἀνέκδοτος
3342 5003 3433 5070 sit,
3463 5015 3524 5059 et

264 5097 466 5152 saltem
507 5096 744 5152 novitate
764 5113 861 5152 sua
887 5114 944 5153 se
979 5099 1170 5154 lectori
1199 5100 1624 5162 commendabit,
1649 5095 2096 5156 versione’latina
2130 5105 2384 5150 ornatum
2411 5096 2501 5149 hic
2541 5096 2852 5164 subjiciam.
2887 5095 3035 5166 [Pag.
3086 5094 3236 5164 258.]

1847 5239 1913 5248 ...ο-

272 5322 393 5378 Τοῦ
440 5322 611 5392 ἁγίου
669 5324 974 5389 Μακαρίου
1030 5322 1136 5376 τοῦ
1197 5323 1622 5390 Ἀλεξανδρέως
1669 5325 1850 5389 λόγος

1949 5316 2003 5369 S.
2041 5314 2262 5366 Macarii
2303 5312 2648 5365 Alexandrini
2678 5326 2846 5362 sermo
2901 5309 2964 5360 de
2993 5309 3133 5392 cuitu
3185 5308 3396 5360 animae
3438 5310 3518 5360 iu-

343 5379 500 5459 :zepl'
523 5393 735 5456 ἐξόδου
769 5379 991 5462 fill-{1117c
1037 5394 1282 5447 δικαίων
1320 5379 1417 5445 aiat
1467 5379 1847 5461 ἆμαρτωλῶνξ

2016 5393 2218 5436 δῖοι-ατη
2275 5392 2322 5434 et
2393 5389 2742 5450 peccatorum,
2804 5379 3058 5450 quomodo
3109 5386 3427 5446 separantur
3487 5396 3519 5432 α

343 5457 429 5514 τίδ’
453 5464 579 5528 πῶς
610 5457 1066 5530 χωρίζὸνσὲὰιίέκ
1114 5462 1218 5516 τοῦ
1265 5457 1537 5532 σώματοξε
1583 5457 1679 5515 icui
1725 5463 1850 5526 πῶς

1407 5457 1537 5528 utor
1583 5457 1679 5515 ὶιιιὶ
1725 5463 1850 5526 πῶς
2017 5470 2253 5523 corpore,
2291 5461 2339 5506 et
2366 5457 2419 5504 in
2460 5467 2560 5520 quo
2589 5459 2731 5503 statu
2763 5457 2993 5503 manent.

344 5535 523 5586 εἰσιν.

341 5644 480 5697 Ποτὲ
518 5645 858 5700 διοδευόντων
893 5645 1050 5716 ἡμῶν
1094 5647 1152 5698 ὲν
1189 5646 1256 5716 τῇ
1306 5646 1528 5716 ἐρήμῳ,
1574 5641 1710 5698 εἶδον
1756 5644 1848 5695 δύο

2016 5653 2186 5706 Nobis
2239 5651 2513 5720 quondam
2556 5651 2609 5704 in
2657 5665 2844 5704 eremo
2884 5649 2988 5702 iter
3025 5645 3348 5700 facientibus
3404 5646 3515 5706 vidi

279 5737 536 5804 ἀγγέλους
583 5735 1109 5798 συνακολουθοῦντας
1139 5735 1216 5806 τῷ
1244 5737 1384 5805 ἁγίῳ
1409 5735 1676 5807 Μακαρῐῳ
1697 5777 1712 5797 ,
1746 5736 1841 5788 Eva.

1945 5746 2083 5799 duos
2128 5745 2347 5814 angelos
2416 5743 2471 5797 S.
2515 5743 2807 5798 Macarium
2864 5742 3148 5809 stipantes,
3191 5739 3422 5792 alterum
3484 5756 3514 5795 a

285 5827 338 5878 ἐκ
367 5829 573 5895 δεξιῶν,
609 5831 703 5882 καὶ
727 5830 824 5882 ἕνα
853 5827 913 5891 ἐξ
943 5827 1268 5896 εὐωνύμων·
1303 5828 1395 5882 καὶ
1425 5831 1482 5884 ἐν
1515 5829 1593 5900 τῷ
1629 5845 1841 5898 συμπο-

1945 5835 2156 5898 dextra,
2198 5850 2228 5887 a
2251 5833 2472 5888 sinistra
2508 5833 2775 5896 alterum;
2811 5846 3045 5900 eumque
3079 5843 3184 5881 una
3219 5827 3501 5898 progrede-

500 5924 774 5984 Parnon.
820 5920 933 5978 Gn.
967 5920 1222 5983 XXXIV.
3045 5921 3112 5983 13
