4016 6472
557 454 659 506 5⁴ἓ7

1829 437 2245 494 GllllJELML'S
2284 437 2547 492 CAVEL’S

3739 448 3838 504 588

552 583 763 628 remur,
804 571 1080 632 repertum
1122 570 1202 612 est
1240 559 1468 611 cadaver
1523 558 1705 626 jam-ns
1733 566 1786 609 et
1833 558 2116 611 foetidum.

2241 558 2476 610 σεύεσθαι
2535 561 2710 628 ἡμεῖς,
2765 559 2960 630 εὑρέθη
3013 561 3361 633 θνησημαῖον
3428 563 3696 633 κείμενον
3750 565 3838 618 καὶ

555 660 838 712 Foetorem
866 654 1206 724 persentiens
1245 653 1299 705 S.
1344 651 1608 704 Macarius
1638 665 1795 702 nares
1830 650 1933 702 sibi
1958 667 2121 703 manu

551 748 847 810 obstruxit,
881 746 1056 799 donec
1084 744 1440 797 transivisset.
1470 742 1733 795 Similiter
1769 741 2017 795 fecerunt
2069 753 2124 796 et

551 842 748 912 angeli.
785 839 842 893 Id
867 837 1059 891 videns
1090 853 1262 891 senex
1287 835 1424 890 dixit
1451 835 1557 890 illis
1600 853 1611 886 :
1640 834 1722 888 An
1760 843 1815 887 et
1835 849 1930 887 vos
1961 833 2124 888 etiam

551 931 742 986 mundi
766 930 1026 984 foetorem
1066 925 1364 982 suboletis?
1400 923 1819 993 Responderunt
1842 924 1919 977 illi
1962 941 1974 976 :
2016 924 2124 978 Ne-

553 1038 857 1093 quaquam;
917 1029 970 1074 te
1022 1034 1154 1072 vero
1211 1032 1370 1070 nares
1435 1015 1812 1069 oceludentem
1851 1016 2123 1080 videntes,

552 1113 785 1168 fecimus
810 1122 866 1164 et
893 1126 995 1163 nos
1032 1107 1314 1171 similiter;
1352 1123 1451 1158 nos
1483 1106 1630 1160 enim
1672 1105 1936 1160 foetorem
1970 1122 2128 1159 mun-

553 1205 757 1259 danum
796 1203 1020 1256 minime
1053 1201 1337 1262 sentimus,
1373 1200 1545 1252 solum
1594 1209 1775 1252 autem
1824 1200 2126 1253 animarum

554 1297 918 1367 peccatricum
941 1293 1206 1346 foetorem
1239 1291 1668 1354 subolfacimus;
1707 1290 1824 1360 pari
1859 1290 2018 1343 modo
2066 1306 2128 1343 ae

555 1396 615 1440 tu
659 1386 940 1440 cadaveris
987 1385 1147 1437 istius
1209 1381 1473 1436 foetorem
1527 1383 1816 1438 aversaris.
1860 1381 2000 1435 Dicit
2022 1383 2128 1436 illis

555 1494 719 1532 senex
752 1495 762 1529 :
799 1476 997 1530 Notum
1026 1475 1160 1528 mihi
1205 1474 1387 1538 facite,
1444 1491 1667 1544 quaeso,
1713 1483 1897 1528 utrum
1940 1475 1995 1528 in
2029 1476 2130 1529 hac

552 1569 664 1622 vita
697 1569 780 1622 vel
814 1576 936 1636 post
965 1575 1197 1620 mortem
1228 1565 1484 1620 foetidam
1510 1575 1857 1636 peccatorum
1894 1567 2128 1620 animam

553 1659 849 1714 sentiatis?
899 1659 968 1712 Et
1011 1657 1286 1726 quomodo
1335 1658 1478 1712 inter
1524 1667 1874 1727 peccatorum
1923 1660 2130 1713 animas

553 1749 692 1813 illas,
717 1765 854 1817 quae
882 1747 934 1800 in
961 1747 1248 1801 Dominum
1283 1746 1654 1810 crediderunt,
1688 1748 1756 1801 ab
1793 1747 1974 1818 impiis
2023 1766 2130 1803 non

553 1841 907 1896 credentibus
936 1839 1301 1909 dignoscatis?
1330 1839 1386 1892 ld
1432 1840 1566 1893 mihi
1609 1840 1796 1904 dicite,
1826 1841 1872 1895 si
1903 1842 2129 1910 gratiam

554 1933 698 2002 apud
750 1947 847 1986 vos
921 1939 1247 1985 consecutus
1300 1931 1519 1985 luerim.
1576 1933 1838 1986 Dixerunt
1907 1934 2122 2003 angeli:

554 2023 837 2087 Ausculta,
876 2024 1048 2077 electo
1088 2023 1182 2076 Dei
1224 2023 1439 2076 Macari.
1497 2025 1775 2077 Peccatrix
1799 2025 1978 2077 anima
1999 2024 2128 2077 dum

555 2116 736 2169 adhuc
763 2115 818 2168 in
845 2129 1076 2184 corpore
1124 2123 1325 2176 manet,
1362 2114 1625 2167 malarum
1687 2114 1963 2168 actionum
2019 2115 2132 2167 foe-

558 2217 734 2261 torem
768 2206 971 2260 emittit
1011 2205 1307 2275 quendam,
1352 2214 1474 2275 post
1507 2215 1742 2260 mortem
1789 2221 1921 2260 vero
1959 2206 2131 2276 majo-

559 2315 674 2353 rem
709 2299 898 2353 multo.
929 2299 1185 2353 Actiones
1224 2298 1368 2351 enim
1402 2312 1531 2351 suae
1583 2298 1816 2352 animam
1849 2299 2132 2353 manifeste

559 2396 891 2457 prementes,
928 2387 1178 2441 tenebras
1204 2387 1279 2440 illi
1309 2387 1626 2458 nigramque
1647 2388 1916 2442 inducunt
1934 2390 2129 2444 dicam.

557 2479 751 2534 Anima
779 2479 924 2532 enim
954 2495 1020 2531 ex
1053 2488 1248 2531 natura
1291 2494 1388 2531 sua
1419 2478 1597 2533 lucida
1625 2487 1680 2532 et
1706 2495 1840 2549 pura
1878 2489 1981 2543 est,
2036 2481 2137 2534 im-

561 2569 808 2622 mortalis
841 2569 1042 2638 quippe
1082 2568 1223 2622 lueis
1258 2568 1572 2638 spiramen;
1620 2569 1671 2621 in
1707 2585 1934 2639 corpore
1952 2580 2132 2624 autem

562 2660 760 2730 posita,
792 2660 836 2713 si
875 2659 1011 2713 illud
1045 2660 1185 2714 bene
1211 2677 1320 2713 non
1358 2661 1660 2730 gubernet,
1688 2677 1718 2714 a
1746 2671 1969 2730 peccato
2001 2677 2137 2730 quo-

560 2749 851 2803 dammodo
898 2749 1186 2818 polluitur,
1221 2749 1324 2802 ista
1369 2749 1590 2818 quidem
1642 2749 1830 2818 magis,
1886 2749 1976 2803 illa
2005 2765 2137 2802 vero

561 2842 760 2896 minus.
799 2840 1083 2906 Quomodo
1125 2851 1306 2894 autem
1347 2842 1558 2898 animae
1618 2858 1647 2894 e
1678 2842 1999 2910 corporibus
2027 2850 2136 2894 tam

563 2933 803 2988 ﬁdelium
834 2949 995 3001 quam
1026 2932 1331 2987 infidelium
1363 2932 1692 2994 liberantur,
1730 2932 1877 2996 audi,
1928 2941 1982 2985 et
2028 2940 2137 2986 ter-

563 3023 760 3079 restria
818 3038 914 3076 seu
964 3021 1208 3090 vulgaria
1263 3020 1594 3074 coelestibus
1658 3020 1883 3074 omnino
1926 3020 2139 3073 minora

563 3129 683 3169 esse
722 3123 902 3183 putes,
935 3111 1152 3166 Macari.
1181 3110 1647 3177 Quemadmodum
1678 3110 1823 3163 enim
1853 3127 1881 3163 a
1921 3118 2141 3163 terreno

566 3221 694 3276 rege
710 3203 862 3257 missi
880 3202 1143 3257 satellites
1157 3201 1223 3254 ad
1243 3199 1764 3270 apprehendendum
1787 3200 2021 3268 aliquem
2047 3215 2140 3253 su-

565 3293 952 3351 oervenientes
1001 3292 1088 3344 vel
1146 3292 1378 3345 invitum
1419 3291 1844 3362 constringunt;
1879 3292 1981 3344 iste
2011 3307 2144 3345 vero

568 3388 766 3443 timore
807 3386 1011 3448 tremit,
1056 3385 1338 3453 ipsamque
1382 3384 1616 3438 militum
1662 3383 1728 3437 ad
1789 3384 1893 3437 iter
1937 3383 1990 3436 vi
2033 3393 2144 3438 tra-

569 3480 818 3533 hentium
848 3478 1216 3547 praesentiam
1250 3475 1771 3544 exhorrescitzpari
1805 3475 1988 3538 modo,
2021 3491 2146 3529 cum

568 3570 864 3623 mittuntur
895 3568 1072 3637 angeli
1121 3569 1357 3621 animam
1395 3581 1492 3620 seu
1521 3567 1654 3636 justi
1689 3583 1784 3620 seu
1840 3567 2025 3637 injusti
2053 3583 2145 3620 ae-

568 3660 804 3730 cepturi,
837 3661 1030 3714 timore
1058 3660 1241 3714 tremit
1279 3658 1400 3722 ista,
1433 3659 1713 3727 ipsamque
1739 3658 2062 3712 terribilium
2093 3667 2147 3710 et

568 3753 980 3809 inclementiam
1008 3753 1323 3822 angelorum
1365 3752 1729 3822 praesentiam
1785 3749 2144 3805 exhorrescit.

568 3844 724 3899 Tune
745 3844 902 3898 facile
933 3844 1079 3897 enim
1121 3843 1288 3897 sentit
1324 3844 1503 3896 anima
1565 3843 1782 3896 inanem
1818 3858 1959 3905 esse,
1992 3841 2148 3894 debi-

567 3936 677 3990 lem
707 3952 770 3990 ac
805 3936 1054 3990 inutilem
1106 3937 1333 3989 omnino
1383 3936 1719 3999 divitiarum,
1773 3945 2148 4004 cognatorum,

569 4034 732 4080 atoue
777 4027 1076 4080 amicorum
1108 4027 1350 4098 copiam;
1398 4027 1727 4082 adstantium
1760 4027 2063 4097 lachrymas
2088 4041 2152 4079 ac

572 4114 800 4168 naenias
872 4114 1060 4167 videt:
1131 4115 1245 4184 ipsa
1315 4130 1448 4168 vero
1510 4130 1579 4168 ne
1648 4114 1875 4167 verbum
1951 4115 2151 4168 mutire

573 4213 775 4274 potest,
797 4220 920 4258 cum
943 4221 1220 4274 nunquam
1267 4214 1425 4258 antea
1464 4205 1734 4259 eiusmodi
1780 4205 2150 4258 evocationem

572 4305 802 4366 experta
825 4297 994 4351 fuerit
1016 4315 1030 4362 ;
1055 4299 1188 4366 quin
1208 4297 1544 4351 etinlinitam
1567 4299 1709 4351 vitae
1728 4298 2148 4367 longitudinem,

573 4388 959 4458 diversamque
1019 4390 1163 4445 vitae
1215 4391 1585 4446 instituendae
1621 4393 1884 4446 rationem
1935 4392 2147 4446 metuit.

574 4479 944 4536 Contristatur
1000 4481 1165 4535 etiam
1222 4483 1631 4552 praesentium,
1682 4499 1914 4552 (piorum
1989 4483 2145 4555 [Pag.

2227 650 2366 712 ὄζον.
2409 652 2501 703 καὶ
2543 652 2927 722 αἰσθανόμενος
2961 655 2989 705 ό
3022 653 3175 722 ἅγιος
3206 657 3524 722 Μακάριος
3573 657 3678 726 τῆς
3719 657 3838 710 δυσ-

2227 742 2409 804 ωδίας,
2443 743 2751 796 συνέκλεισε
2780 745 2914 813 μετά
2935 744 3035 813 τῆς
3069 745 3205 809 ίδίας
3233 746 3438 816 χειρὸς
3484 747 3619 808 τοὺς
3648 749 3835 801 ἑαυτοῦ

2229 831 2532 901 μυκτῆρας,
2564 831 2666 894 ἕως
2691 826 2750 886 οὗ
2788 833 3090 904 παρῆλθεν·
3131 837 3409 907 ἐποίησαν
3436 836 3499 888 δὲ
3534 838 3635 890 καὶ
3660 839 3708 889 οἱ
3741 839 3837 905 ἀγ-

2227 923 2373 989 γελοι
2394 922 2585 986 οὕτως.
2613 924 2705 977 καὶ
2732 923 2854 977 ἰδὼν
2872 927 2900 978 ὁ
2921 926 3100 996 γέρων
3122 921 3270 979 εἶπεν
3299 928 3529 990 αὐτοῖς·
3562 929 3657 980 καὶ
3689 929 3836 998 ὑμεῖς

2227 1015 2397 1079 οὕτως
2429 1017 2788 1087 όσφραίνεσθε
2849 1019 2944 1090 τὴν
2973 1019 3236 1072 δυσωδίαν
3269 1018 3378 1070 τοῦ
3415 1019 3679 1086 κόσμου;
3709 1023 3757 1070 οἱ
3784 1021 3836 1071 δὲ

2227 1103 2412 1159 εἷπον·
2443 1108 2562 1176 οὐχὶ
2587 1148 2600 1172 ,
2632 1107 2768 1161 ἀλλά
2811 1109 2870 1160 σέ
2915 1109 3112 1171 ἰδόντες
3152 1110 3514 1178 ἐποιήσαμεν
3553 1109 3654 1162 καὶ
3685 1111 3834 1179 ἡμεῖς

2227 1196 2430 1259 οὕτως’
2479 1200 2638 1268 ἡμεῖς
2686 1199 2794 1269 γὰρ
2843 1201 2941 1269 τῆς
2983 1199 3245 1262 δυσωδίας
3308 1199 3418 1252 τοῦ
3479 1201 3699 1270 κόσμου
3744 1204 3833 1253 οὐκ

2228 1287 2626 1358 αἰσθανόμεθα,
2663 1290 2799 1342 ἀλλά
2843 1291 2942 1360 τῆς
2985 1289 3268 1360 ὀζομενίας
3325 1289 3447 1342 τῶν
3495 1290 3694 1359 ᾴυχῶν
3736 1292 3831 1344 τῶν

2230 1379 2567 1449 ἁμαρτωλῶν
2599 1381 3003 1451 όσφραινόμεθα
3036 1382 3224 1451 μόνον,
3265 1381 3329 1432 ὃν
3380 1382 3601 1452 τρόπον
3647 1383 3710 1434 σὺ
3745 1383 3828 1452 τὴν

2228 1471 2489 1525 δυσωδίαν
2527 1473 2619 1524 τοῦ
2657 1472 2992 1542 θνησημαίου
3037 1473 3225 1525 τούτου
3274 1473 3650 1544 ἀποστρέφῃ.
3688 1477 3775 1528 καὶ
3806 1480 3827 1528 ὁ

2234 1563 2404 1632 γέρων
2428 1562 2571 1630 λέγει
2595 1564 2795 1626 αὐτοῖς·
2825 1563 3124 1634 γνωρίσατέ
3147 1582 3258 1634 μοι,
3284 1566 3642 1634 παρακαλῶ,
3662 1567 3825 1618 τοῦτο·

2229 1657 2324 1725 τῆς
2345 1656 2613 1716 δυσώδους
2636 1656 2809 1726 ψυχῆς
2827 1657 2934 1708 τῶν
2961 1658 3298 1728 ἁμαρτωλῶν
3330 1659 3394 1709 ἐν
3423 1660 3499 1728 τῇ
3528 1658 3645 1728 ζωῇ
3672 1659 3822 1728 ταύτῃ

2232 1747 2628 1818 αίσθάνεσθε,ῆ
2661 1753 2796 1817 μετά
2826 1748 3051 1801 θάνατον
3072 1765 3085 1812 ;
3109 1749 3202 1801 καὶ
3233 1749 3354 1812 πῶς
3384 1751 3494 1812 τὰς
3528 1749 3710 1818 ψυχὰς
3731 1751 3820 1802 τῶν

2232 1839 2604 1909 ἁμαρτωλῶν,
2636 1839 2750 1903 πῶς
2781 1840 2837 1892 δὲ
2871 1841 2944 1908 τῷ
2976 1841 3146 1911 κυρίῳ
3195 1843 3702 1906 πεπιστευκότων,
3729 1841 3821 1892 τῶν

2233 1932 2463 1997 ἀσεϐῶν,
2491 1931 2596 1982 τῶν
2624 1933 2699 2002 μὴ
2724 1933 3163 1985 πεπιστευκότων
3187 1932 3448 2004 [δηέρετε
3480 1933 3587 2003 (1)]
3609 1951 3623 1997 ;
3649 1933 3820 1986 εἴπατε

2237 2041 2345 2091 μοι,
2388 2024 2436 2075 εἰ
2484 2016 2640 2093 εὗρον
2685 2025 2841 2092 χάριν
2875 2023 3101 2076 ἐνώπιον
3136 2024 3309 2094 ὑμῶν.
3369 2026 3476 2078 καὶ
3512 2026 3567 2076 οἱ
3622 2024 3819 2092 ἄγγελοι

2233 2109 2412 2165 εἷπον·
2451 2115 2701 2176 ἄκουσον,
2729 2115 2950 2167 ἐκλεκτὲ
2977 2115 3068 2168 τοῦ
3099 2114 3234 2167 Θεοῦ
3266 2115 3567 2185 Μακάριε.
3601 2118 3635 2185 ἡ
3663 2118 3814 2184 ἀμαρ-

2231 2205 2398 2268 coxa;
2426 2205 2570 2276 ψυχὴ
2601 2207 2695 2258 καὶ
2729 2207 2807 2259 ἔτι
2836 2202 2970 2259 οὖσα
3001 2208 3057 2258 ἐν
3085 2205 3162 2276 τῷ
3194 2206 3418 2275 σώματι
3457 2207 3564 2276 τὴν
3594 2207 3705 2258 τῶν
3737 2224 3812 2258 κα-

2233 2297 2344 2348 κῶν
2359 2297 2606 2368 πρόιξεων
2629 2298 2851 2363 όζωδίαν
2868 2298 3332 2367 ἀποδίδωσι,μετὰ
3354 2299 3416 2350 δὲ
3441 2297 3680 2351 θάνατον
3701 2296 3810 2349 πολὺ

2235 2389 2414 2441 πλέον.
2446 2390 2553 2442 τῶν
2581 2389 2689 2458 γὰρ
2724 2390 2971 2462 πράξεων
3007 2391 3252 2460 φανερῶς
3281 2389 3670 2459 ἐπικειμένων
3698 2389 3812 2455 αὐτῇ

2237 2481 2486 2534 σκοτοῦσι
2534 2483 2627 2536 καὶ
2662 2483 2917 2552 μελανίαν
2963 2483 3117 2553 δίκην
3157 2484 3293 2552 αὐτῇ
3339 2481 3807 2552 περισήπουσιοή

2235 2575 2341 2643 γὰρ
2369 2574 2515 2644 ψυχὴ
2541 2575 2660 2627 καθ’
2694 2576 2887 2645 ἑαυτὴν
2905 2575 3148 2644 ,φωτεινὴ
3181 2577 3275 2626 καὶ
3298 2574 3534 2646 καθαρά
3567 2575 3731 2635 ἐστιν,
3753 2571 3810 2632 ὡς

2235 2665 2328 2717 τοῦ
2365 2663 2631 2718 ἀθανάτου
2668 2666 2841 2733 φωτὸς
2873 2664 3195 2734 ἐμφύσημα’
3236 2663 3379 2716 ἀλλά
3415 2665 3480 2715 ἐν
3514 2662 3596 2732 τῷ
3627 2661 3805 2728 σώματι

2243 2757 2515 2826 γινομένη,
2551 2757 2645 2809 καὶ
2673 2757 2748 2827 μὴ
2777 2757 2958 2818 καλῶς
2987 2757 3117 2808 αὐτὸ
3146 2756 3480 2827 κυόερνῶσα
3501 2794 3516 2818 ,
3551 2753 3806 2823 μολύνεται

2240 2848 2380 2901 κατά
2411 2849 2575 2918 μέρος
2608 2850 2673 2901 ἐκ
2700 2848 2796 2916 τῆς
2821 2848 3112 2916 ἁμαρτίας,
3134 2850 3167 2915 ἡ
3198 2848 3294 2917 μὲν
3322 2846 3517 2909 πλέον,
3545 2844 3653 2915 ἠδὲ
3677 2843 3806 2894 ἔλατ·

2240 2959 2349 2995 τον.
2381 2943 2442 2994 τὸ
2475 2942 2530 2994 δέ
2564 2940 2678 3004 πῶς
2702 2942 2756 2993 αἱ
2793 2940 2960 3009 ψυχαὶ
2988 2941 3052 2991 ἐκ
3080 2939 3186 2992 τῶν
3216 2939 3499 3007 σωμάτων
3535 2933 3808 3005 λαμϐάνον-

2241 3049 2330 3084 ται
2359 3031 2566 3084 πιστῶν
2585 3049 2640 3083 τε
2667 3031 2758 3083 καὶ
2787 3030 3046 3093 ἀπίστων,
3076 3030 3328 3091 ἄκουσον,
3351 3032 3452 3082 καὶ
3478 3029 3687 3081 πάντων
3711 3022 3807 3074 ἐπί-

2243 3139 2367 3191 γεια
2401 3123 2433 3192 ἢ
2464 3121 2618 3174 κοινὰ
2647 3121 2940 3190 ἐλαχίστων
3000 3121 3075 3188 (‘2)
3112 3119 3216 3172 τῶν
3260 3119 3612 3190 ἐπουρανίων
3647 3112 3805 3183 νόμιζε

2170 3238 2213 3295 C
2251 3211 2410 3276 εἶναι,
2435 3213 2710 3283 Μακὰριε.
2741 3212 2928 3281 ῶσπερ
2952 3211 3059 3281 γὰρ
3081 3212 3144 3263 ἐκ
3170 3209 3258 3263 τοῦ
3286 3209 3546 3277 ἐπιγείου
3574 3203 3806 3278 βασιλέως

2247 3303 2694 3373 ἀποστελλόμενοι
2725 3302 3050 3372 στρατιῶται
3078 3302 3168 3354 ἐπὶ
3195 3299 3272 3371 τῷ
3303 3297 3659 3371 παραστῆσαί
3684 3308 3800 3350 τινα.

2247 3397 2490 3458 ἐλθόντες
2547 3395 2860 3463 συνέχουσιν
2912 3393 3071 3446 αὐτὸν
3125 3393 3217 3444 καὶ
3267 3392 3344 3462 μὴ
3397 3391 3643 3442 θέλοντα’
3687 3386 3710 3435 ὁ
3759 3381 3801 3433 δὲ

2247 3487 2619 3556 καταπτήσσει
2647 3487 2744 3556 μὲν
2766 3485 2842 3554 τῷ
2873 3484 3042 3553 φόϐῳ,
3069 3483 3259 3552 τρέμει
3286 3483 3343 3534 δὲ
3377 3483 3473 3533 καὶ
3502 3481 3598 3548 τὴν
3632 3490 3799 3544 παρου-

2251 3575 2371 3628 σίαν
2404 3576 2510 3628 τῶν
2536 3573 2874 3643 ἁσυμπαθῶς
2903 3572 3037 3643 πρὸς
3063 3571 3159 3640 τὴν
3195 3571 3512 3640 ὁδοιπορίαν
3545 3567 3799 3620 ἑλκόντωνο

2247 3667 2389 3719 οὕτω
2417 3666 2510 3718 καὶ
2536 3667 2664 3718 ὅταν
2696 3662 3071 3716 ἀποσταλῶσιν
3114 3661 3330 3728 ἄγγελοι
3365 3658 3697 3730 παραλαϐεῖν
3723 3651 3802 3719 τὴν

2249 3757 2446 3829 ψυχὴν,
2475 3758 2585 3810 εἴτε
2604 3756 2833 3817 δικαίου,
2855 3757 2961 3806 εἴτε
2983 3752 3330 3824 ἁμαρτωλοῦ,
3357 3754 3722 3818 καταπτήσσει

2250 3849 2431 3920 φόϐῳ,
2469 3849 2563 3902 καὶ
2597 3848 2786 3919 τρέμει
2818 3843 2919 3916 τὴν
2967 3845 3265 3914 παρουσίαν
3312 3845 3425 3898 τῶν
3459 3839 3695 3912 φοϐερῶν
3723 3833 3795 3886 καὶ

2251 3940 2541 4010 ἀποτόμων
2569 3938 2834 4007 ἀγγέλων.
2865 3936 3073 4007 καθορᾷ
3101 3936 3210 4006 γὰρ
3236 3936 3357 3987 τότε
3390 3938 3424 4006 ἡ
3455 3933 3599 4003 ψυχὴ
3628 3931 3796 3995 ἄπορον

2252 4033 2346 4087 καὶ
2393 4032 2594 4100 ἀσθενῆ
2629 4031 2722 4084 καὶ
2750 4029 3003 4099 ἀνωφελῆ
3033 4027 3296 4083 πάντοθεν
3335 4028 3435 4098 τὴν
3473 4025 3565 4078 τοῦ
3601 4017 3790 4074 πλούτου

2251 4124 2344 4176 καὶ
2391 4122 2668 4191 συγγενῶν
2699 4121 2792 4174 καὶ
2827 4121 2994 4189 φίλων
3026 4119 3350 4190 παρουσίαν,
3403 4118 3472 4169 τὰ
3503 4117 3696 4184 δάκρυα
3720 4106 3792 4158 καὶ

2249 4216 2377 4278 τοὺς
2402 4217 2632 4286 θρήνους
2659 4213 2767 4266 τῶν
2791 4209 3166 4282 περιεστώτων
3192 4209 3526 4271 αἰσθάνεται,
3554 4204 3639 4258 καὶ
3659 4195 3783 4262 λα)ιῆ

2254 4325 2345 4361 σαι
2387 4308 2420 4377 ἦ
2470 4307 2687 4376 ἀφιέναι
2728 4305 2912 4374 φωνὴν
2936 4303 2995 4354 οὐ
3025 4300 3267 4363 δύναται,
3323 4301 3590 4369 μηδέποτε
3632 4303 3784 4356 πειρα-

2255 4400 2440 4452 σθεῖσα
2467 4399 2689 4469 τοιαύτῃ
2720 4397 2929 4464 κλήσει,
2960 4395 3163 4448 δέδοικε
3195 4393 3251 4444 δέ
3283 4393 3376 4444 καὶ
3407 4391 3466 4442 τὸ
3490 4389 3782 4469 ἄπειρον

2251 4492 2371 4546 ὀδοῦ
2419 4491 2513 4544 καὶ
2552 4491 2648 4559 τὴν
2674 4488 2970 4556 ἐναλλαγὴν
2997 4485 3093 4556 τῆς
3121 4484 3421 4550 διαγωγῆς.
3465 4478 3721 4545 συνέχεται
3743 4466 3786 4516 δε

573 4571 703 4642 259]
733 4583 816 4626 est
847 4573 902 4626 in
931 4581 1218 4650 potestate,
1254 4575 1573 4643 angelorum
1623 4575 1988 4629 inclementia.
2025 4574 2139 4629 0m-

2258 4587 2351 4638 καί
2380 4588 2446 4654 τῇ
2479 4584 2586 4636 τῶν
2617 4582 2906 4652 ὁρωμένων
2937 4579 3210 4650 ἀρχόντων
3249 4572 3610 4643 ἀσυμπαθεὶαε
3652 4573 3783 4630 προσι

577 4663 745 4717 nibus
776 4664 911 4732 quin
944 4665 1109 4718 etiam
1164 4665 1515 4734 compatitur,
1552 4665 1765 4734 ipsique
1791 4666 2036 4735 corporis
2066 4666 2150 4719 in—

576 4754 840 4807 fortunio.
872 4753 1108 4823 Hujusce
1129 4755 1531 4822 separationem
1553 4755 1719 4817 dolet,
1747 4754 1814 4808 ab
1837 4770 1904 4809 eo
1926 4756 2149 4824 quippe,

576 4845 667 4899 cui
716 4845 924 4914 jamdiu
956 4846 1261 4909 consuevit,
1309 4846 1603 4916 disiuncta,
1644 4863 1768 4900 eum
1831 4848 2045 4901 unicam
2091 4863 2153 4901 ae

577 4941 748 4994 solam
809 4937 1261 5002 consolationem,
1317 4953 1456 5008 quae
1507 4953 1574 4991 ex
1629 4939 1850 5007 propria
1910 4939 2154 4992 exoritur

579 5031 934 5095 conscientia,
966 5031 1168 5083 habere
1205 5046 1311 5082 non
1344 5030 1536 5098 possit,
1569 5030 1672 5082 nisi
1725 5030 1897 5083 bonas
1918 5031 2159 5084 actiones

579 5123 815 5176 coluisse
846 5123 951 5176 sibi
973 5121 1195 5176 conscia
1216 5122 1404 5175 fuerit.
1433 5121 1581 5175 Talis
1604 5122 1784 5175 anima
1800 5122 1964 5175 etiam
2002 5132 2158 5176 ante-

578 5228 741 5281 quam
769 5211 996 5265 sistatur
1026 5211 1222 5280 judici,
1263 5228 1292 5265 a
1337 5211 1676 5264 conscientia
1707 5227 1802 5264 sua
1841 5209 2161 5264 indesinen-

583 5313 666 5357 ter
690 5302 988 5371 judicatur.
1020 5303 1162 5356 Dicit
1210 5303 1408 5356 iterum
1458 5304 1626 5357 abbas
1680 5303 1948 5358 Macarius
1977 5305 2157 5358 :ltane

578 5395 750 5448 vero?
789 5395 1004 5449 Domini
1034 5397 1160 5457 mei,
1194 5395 1247 5448 id
1273 5397 1407 5450 mihi
1457 5399 1620 5451 etiam
1654 5397 1982 5465 explicatum
2005 5397 2152 5452 detis

580 5503 701 5542 oro.
735 5487 1185 5555 Quandoquidem
1223 5502 1287 5539 ex
1325 5489 1571 5557 patribus
1620 5489 1878 5542 traditum
1912 5499 2014 5554 est,
2051 5501 2158 5545 ter-

2261 4679 2458 4747 πάσχει
2487 4678 2542 4728 δὲ
2573 4676 2663 4730 καὶ
2702 4674 2842 4746 πρὸς
2873 4673 3078 4733 πάντας
3105 4669 3203 4740 (5),
3235 4669 3328 4719 καὶ
3353 4671 3420 4737 τῇ
3447 4663 3537 4716 τοῦ
3577 4657 3782 4753 σώματεςς

2263 4767 2579 4838 συμϐιώσει·
2613 4767 2706 4818 καὶ
2735 4765 2921 4835 θρηνεῖ
2951 4763 3048 4836 τὴν
3071 4761 3258 4814 τούτου
3281 4757 3582 4821 ἁπόζευξιν,
3606 4750 3671 4810 ὡς
3688 4750 3782 4797 Tw‘

2261 4879 2351 4913 του
2377 4863 2433 4912 ἐν
2465 4857 2722 4928 συνηθείᾳ
2749 4855 3088 4928 χωριζομένη
3111 4870 3125 4884 ⁸
3165 4853 3289 4922 μίαν
3317 4851 3409 4905 καὶ
3450 4848 3608 4918 μόνην
3637 4849 3783 4905 παρ-τ’

2266 4952 2461 5021 μυθίαν
2491 4949 2564 5020 μὴ
2595 4948 2861 5017 δυναμένη
2894 4947 3034 5016 ἔχειν
3064 4949 3126 5000 ἐκ
3151 4944 3241 4996 τοῦ
3277 4945 3470 4997 οἰκείου
3507 4929 3780 5021 συνειδότος..

2258 5044 2306 5094 εί
2353 5042 2426 5111 μὴ
2473 5041 2566 5092 ἐὰν
2606 5038 2788 5091 καλῶν
2837 5035 3011 5105 ἔργων
3057 5034 3252 5107 πρᾷξιν
3289 5035 3452 5102 ἑαυτῇ
3495 5019 3721 5079 σύνοιδεν.

2257 5133 2477 5200 τοιαύτη
2516 5131 2661 5201 ψυχὴ
2709 5131 2800 5182 καὶ
2834 5127 2937 5197 πρὸ
2987 5127 3086 5196 τῆς
3137 5127 3459 5194 ἀποφάσεως
3499 5116 3581 5170 τοῦ
3625 5119 3779 5201 κριτον

2257 5221 2364 5274 ἀπὸ
2384 5219 2476 5272 τοῦ
2503 5219 2800 5280 συνειδότος
2821 5216 3182 5277 ἀδιαλείπτως
3205 5217 3462 5285 κρίνεται.
3492 5206 3577 5260 καὶ
3597 5204 3618 5253 ό
3642 5193 3778 5249 αὗῦαξ

2259 5312 2543 5380 Μακάριος
2585 5310 2732 5375 λέγει
2779 5308 2969 5360 πάλιν“
3014 5307 3064 5357 τί
3095 5301 3220 5364 οὖν;
3259 5303 3432 5373 κύριοί
3475 5315 3588 5368 μου,
3623 5289 3775 5379 δέομαι

2262 5403 2433 5471 ὑμῶν.
2467 5400 2738 5453 καὶτοῦτο
2769 5397 3162 5468 ἐρμηνεύσατε·
3201 5396 3381 5465 ἐπειδὴ
3413 5397 3470 5445 ἐκ
3513 5387 3608 5439 τῶν
3643 5386 3773 5472 τῖατες

2267 5511 2373 5564 ρων
2400 5490 2757 5561 παραδέδοται
2787 5493 2842 5542 ἐν
2873 5492 2937 5560 τῇ
2978 5495 3024 5556 γ’
3072 5491 3256 5560 ἡμέρᾳ
3304 5488 3395 5540 καὶ
3426 5485 3485 5546 τῆ
3533 5476 3575 5528 θ’
3602 5469 3680 5525 καὶ
3718 5475 3768 5525 τῃ

2068 5604 2320 5662 NOTAE.

654 5711 732 5833 (ιλ
761 5713 875 5765 Vox
909 5712 1043 5765 haec
1070 5713 1122 5765 in
1151 5712 1258 5767 MS.
1288 5729 1446 5783 aegre
1481 5716 1608 5788 legi.
1632 5726 1827 5784 potest.
1879 5717 2054 5770 Forte'
2078 5716 2159 5770 le-

655 5798 687 5833 n
732 5797 821 5833 um
843 5782 1200 5833 διακοίνεσθε.
1237 5783 1387 5833 lLea.
1425 5785 1703 5833 διαιρεῖτε.
1732 5785 1977 5833 Ευιτοιιῖ.

585 5782 823 5855 gendum
843 5782 1200 5855 διακρίνεσθε.
1237 5782 1387 5853 [Legl
1413 5782 1703 5855 ﬁngitis.
1730 5785 1977 5855 Epiron].

659 5849 736 5918 (2)
785 5850 944 5905 Forte
975 5849 1286 5922 VlegenduI—n
1342 5849 1578 5920 πάντως
1631 5855 1844 5922 ἐπίγεια
1877 5849 1972 5908 καὶ
2005 5857 2156 5908 κοινᾶ

2266 5718 2558 5772 ἐλάττονα
2584 5717 2670 5771 vel
2702 5717 3148 5784 ἐλαχιστότερα.

2339 5787 2413 5872 (5’))
2440 5788 2580 5857 Lege
2607 5787 2754 5854 πρὸς
2777 5786 2988 5838 πάντα.
