4016 6454
241 364 359 422 389

1096 368 1182 423 DE
1215 365 1313 425 SS.
1356 366 1680 423 MACARIIS
1718 366 2060 423 AEGYPTIO
2102 369 2188 424 ET
2228 367 2739 424 ALEXANDRINO.

3429 371 3536 430 590

256 486 304 552 μ’
338 483 768 552 προσφέρεσθαι
799 485 880 553 τῷ
920 483 1036 554 Θεῷ
1065 488 1120 537 ἐν
1149 486 1215 553 τῇ
1244 484 1509 555 ἐκκλησίᾳ
1533 482 1853 554 προσφορὰν

1969 483 2029 536 tia
2079 493 2133 536 et
2168 500 2308 536 nona
2357 494 2411 537 et
2445 481 2858 552 quadragesima
2912 481 2996 535 die
3045 481 3374 535 oblationem
3433 499 3537 552 pl‘u

250 575 406 642 ὑπὲρ
435 573 529 625 τοῦ
566 574 1032 642 τελευτήσαντος,
1069 575 1119 628 τί
1151 577 1213 628 τὸ
1239 576 1439 644 ,ὄφελος
1469 578 1533 627 ἐκ
1566 574 1756 627 τούτου
1789 575 1855 644 τῇ

251 665 604 740 μεταστάσει,
648 666 728 735 (4)
783 667 930 737 ψυχῇ
975 667 1220 735 γίνεται;
1252 667 1345 720 καὶ
1377 669 1405 716 6
1450 667 1680 734 ἄγγελος
1717 665 1853 736 ἔφη’

246 759 422 810 οὐδὲν
455 759 678 828 ἀκέρως
705 760 784 828 (5)
810 760 931 812 οὐδὲ
964 758 1252 827 ἀνωφελῶς
1281 762 1338 812 ἐν
1368 761 1434 828 τῇ
1467 759 1730 828 ἐκκλησίᾳ
1761 759 1860 810 αύ-

247 850 360 902 τοῦ
389 849 776 921 συνεχώρησεν
804 855 833 904 6
857 851 988 915 Θεὸς
1011 851 1274 919 γίνεσθαι,
1306 850 1440 904 ἀλλὰ
1467 852 1534 903 τὰ
1561 851 1860 920 ἐπουράνια

254 943 374 996 καὶ
406 943 468 995 τὰ
502 943 728 1009 ἐπίγεια
765 943 926 996 αὐτοῦ
969 944 1241 1013 μυστήρια
1272 945 1329 995 ἐν
1362 944 1427 1012 τῇ
1461 942 1728 1012 ἐκκλησίᾳ.
1758 942 1859 993 αὑ-

263 1033 378 1087 τοῦ
433 1032 818 1104 συνεχώρησεν
866 1037 895 1087 6
945 1034 1077 1098 Θεὸς
1123 1035 1405 1102 γίγνεσθαι
1459 1033 1552 1086 καὶ
1605 1031 1860 1084 ἐκέλευσε

268 1127 571 1180 τελεῖσθαι·
595 1128 656 1178 ἐν
676 1127 785 1196 γὰρ
800 1130 866 1197 τῇ
889 1128 1047 1199 τρίτῃ
1071 1127 1253 1197 ἡμέρᾳ
1277 1125 1603 1195 γιγνομένης
1624 1141 1860 1194 προσφο-

268 1221 384 1290 ρᾶς
427 1220 484 1271 ἐν
532 1221 599 1289 τῇ
650 1219 950 1290 ἐκκλησίᾳ,
997 1218 1349 1290 παραμυθίαν
1387 1221 1485 1288 τῆς
1534 1217 1783 1286 θλίψεως,

263 1311 641 1382 ἀπεχωρίσθη
672 1311 765 1364 τοῦ
797 1310 1068 1382 σώματος,
1104 1311 1317 1380 δέχεται
1361 1311 1394 1381 ἡ
1425 1309 1572 1381 ψυχὴ
1614 1311 1713 1377 μέν
1761 1309 1857 1361 θα-

263 1404 448 1456 νοῦσα
475 1403 628 1469 παρὰ
657 1402 750 1455 τοῦ
780 1404 1091 1473 συνέχοντος
1122 1403 1288 1473 αὐτὴν
1319 1403 1571 1470 ἀγγέλου,
1600 1403 1683 1455 ὅτι
1709 1401 1861 1454 εὐλό-

261 1513 446 1568 γησις
475 1497 572 1549 καὶ
599 1494 886 1566 προσφορὰ
917 1495 1056 1564 ὑπὲρ
1087 1495 1255 1564 αὐτῆς
1288 1496 1345 1547 ἐν
1369 1497 1436 1564 τῇ
1465 1493 1732 1563 ἐκκλησίᾳ
1766 1493 1859 1547 τοῦ

259 1584 421 1638 Θεοῦ
452 1585 944 1655 προσκεκόμισται,
972 1585 1066 1636 καὶ
1094 1582 1312 1646 εὔελπις
1339 1582 1548 1651 γίνεται
1577 1584 1634 1636 ἐν
1661 1582 1854 1652 τούτῳ.

258 1677 376 1739 τὰς
405 1676 519 1746 γὰρ
552 1676 644 1729 δύο
679 1675 891 1747 ἡμέρας
926 1677 1288 1745 συγχωρείται
1325 1676 1358 1746 ἡ
1392 1675 1537 1746 ψυχὴ
1591 1674 1708 1746 ἅμα
1748 1679 1858 1740 τοῖς

261 1769 539 1822 συνοῦσιν
569 1769 705 1839 αὐτῇ
743 1767 992 1837 ἀγγέλοις
1021 1767 1395 1838 πορεύεσθαι,
1430 1767 1560 1821 ἔνθα
1589 1767 1858 1838 βούλεται,

1967 584 2184 629 mortuo
2215 575 2268 628 in
2290 576 2522 630 ecclesia
2555 576 2666 629 Deo
2696 573 2872 638 reddi,
2903 573 3033 643 quid
3067 573 3316 628 utilitatis
3339 575 3534 630 exinde

1965 669 2177 722 animae
2229 668 2285 722 in
2339 668 2491 722 exitu
2547 666 2867 722 redundat?
2917 666 3064 720 Dixit
3110 668 3333 736 angelus
3390 685 3402 719 :
3447 667 3533 723 Nil

1965 759 2330 829 inopportune
2379 777 2558 830 neque
2589 759 2856 814 inutiliter
2906 760 2960 812 in
3020 759 3252 814 ecclesia
3281 774 3379 813 sua
3415 758 3535 814 ﬁeri

1966 851 2238 904 concessit
2291 851 2455 914 Deus,
2517 851 2774 905 coelestia
2829 867 2962 904 vero
2995 859 3050 903 et
3095 861 3315 905 terrena
3362 850 3537 920 ipsius

1966 943 2225 1013 mysteria
2267 944 2321 996 in
2351 943 2582 998 ecclesia
2620 959 2715 998 sua
2747 942 2864 997 ﬁeri
2893 943 3164 997 concessit
3185 944 3328 997 Deus
3356 952 3412 996 et
3449 957 3539 996 ce-

1966 1034 2168 1090 lebrari
2215 1037 2397 1107 jussit.
2437 1036 2624 1089 Tertio
2677 1036 2825 1090 enim
2884 1035 2973 1089 die
3027 1034 3167 1089 facta
3217 1035 3273 1088 in
3305 1034 3540 1087 ecclesia

1967 1128 2242 1182 oblatione
2265 1129 2515 1183 levamen
2537 1129 2764 1194 doloris,
2801 1144 2963 1199 quem
2992 1143 3021 1182 a
3043 1142 3272 1197 corpore
3291 1134 3540 1196 separata

1966 1221 2156 1286 subiit,
2177 1221 2245 1275 ab
2264 1221 2456 1293 angelo
2477 1221 2646 1291 ipsam
2670 1221 3117 1291 apprehendente
3143 1219 3342 1289 accipit
3359 1219 3540 1274 anima

1967 1313 2243 1378 defuncta,
2281 1313 2538 1382 quoniam
2572 1314 2868 1384 gratiarum
2897 1313 3040 1367 actio
3093 1323 3150 1365 et
3199 1311 3400 1365 oblatio
3437 1326 3542 1381 pro

1969 1406 2083 1474 ipsa
2111 1405 2166 1458 in
2189 1405 2421 1461 ecclesia
2442 1406 2539 1460 Dei
2561 1413 2819 1475 apparata
2851 1415 2972 1470 est;
2998 1413 3056 1459 et
3079 1404 3278 1459 exinde
3338 1404 3537 1459 bonam

1967 1512 2117 1566 spem
2149 1496 2390 1565 concipit
2429 1496 2629 1550 anima.
2660 1497 2766 1549 Per
2805 1495 2943 1550 duos
2973 1494 3120 1548 enim
3159 1493 3278 1547 dies
3303 1491 3539 1561 permit-
3563 1503 3582 1518 '

1971 1587 2102 1642 titur
2140 1590 2373 1648 animae,
2395 1588 2462 1642 ab
2483 1588 2688 1657 angelis
2721 1586 2804 1640 sui
2834 1585 3160 1640 satellitibus
3194 1585 3444 1655 stipatae,
3483 1583 3541 1637 in

1969 1689 2134 1744 terra,
2164 1680 2480 1750 ubicunque
2499 1679 2650 1742 velit,
2677 1678 3050 1733 obambulare.
3105 1678 3254 1743 Quae
3292 1677 3542 1746 corporis

1969 1770 2132 1840 igitur
2169 1770 2342 1824 amori
2385 1769 2692 1838 mancipata
2737 1776 2823 1822 est
2864 1767 3065 1831 anima,
3107 1765 3399 1836 aliquando
3437 1764 3538 1818 do-

264 1862 372 1913 ἐπὶ
414 1863 517 1932 τῆς
555 1862 676 1930 γῆς.
730 1861 763 1930 ἠ
808 1856 902 1914 οὖν
953 1859 1330 1929 φιλοσώματος
1380 1859 1526 1929 ψυχὴ
1563 1859 1863 1930 ἀπέρχεται

1969 1877 2138 1926 mum,
2189 1877 2220 1916 a
2255 1877 2364 1931 qua
2417 1869 2667 1930 separata
2715 1869 2821 1923 est,
2882 1859 3348 1927 eireumvagatur,
3398 1872 3538 1910 non-

263 1952 417 2005 ποτὲ
449 1951 553 2021 μὲν
596 1953 723 2022 περὶ
760 1950 851 2004 τὸν
879 1946 1045 2014 οἷκον,
1081 1949 1208 2003 ἔνθα
1247 1950 1582 2021 ἁπεζεύχθη,
1627 1951 1759 2003 ποτὲ
1805 1950 1860 2003 δὲ

265 2045 413 2113 περὶ
431 2045 496 2096 τὸ
531 2043 737 2114 μνῆμα,
765 2043 900 2096 ὃπου
939 2042 1204 2112 κατετέθη
1239 2042 1300 2096 τὸ
1330 2043 1520 2112 σῶμα,
1552 2043 1644 2095 καὶ
1689 2041 1862 2105 οὕτως

265 2135 496 2190 ὲκτελεῖ
532 2135 629 2198 τὰς
658 2134 750 2187 δύο
785 2134 999 2204 ἡμέρας
1032 2133 1505 2204 ζητοῦσα,,ὧσπερ
1543 2133 1731 2204 ὄρνεον
1785 2133 1862 2205 (6)

269 2231 380 2299 τὴν
409 2227 596 2280 νοσιὰν
630 2227 707 2298 (Ἰ)
734 2227 922 2296 αὐτῆς.
956 2228 989 2298 η
1017 2226 1074 2280 δέ
1111 2225 1361 2296 ἐνάρετος
1393 2225 1538 2296 ψυχὴ
1565 2225 1863 2296 ἀπέρχεται

281 2319 366 2381 εἰς
391 2319 612 2379 τόπους,
645 2317 778 2368 ὅπου
815 2310 928 2384 εἶχε
962 2313 1247 2385 συνήθειαν
1287 2311 1614 2382 ἐργάζεσθαι
1653 2312 1751 2381 τὴν
1788 2312 1866 2364 δι-

289 2410 604 2480 καιοσύνην.
662 2411 729 2478 τῇ
780 2408 838 2461 δέ
881 2407 1043 2479 τρίτῃ
1087 2407 1271 2478 ἡμέρᾳ
1322 2404 1684 2476 [ἀνυτοῦσθαι
1741 2404 1864 2475 (8)]

291 2500 497 2553 κελεύει
533 2499 686 2571 πάσῃ
713 2500 860 2569 ψυχῇ
900 2496 1240 2569 Χριστιανῶν
1279 2497 1359 2558 είς
1387 2495 1648 2567 οὐρανοὺς
1677 2496 1741 2548 ἐκ
1780 2512 1866 2547 νε-

294 2591 438 2661 κρῶν
477 2592 719 2654 ἀναστὰς
762 2593 828 2659 τῇ
879 2589 1038 2660 τρίτῃ
1085 2587 1270 2659 ἡμέρᾳ
1309 2586 1545 2658 Χριστὸς
1586 2589 1614 2639 ὁ
1649 2585 1865 2640 πάντων

285 2683 454 2746 Θεὸς,
502 2683 645 2736 κατὰ
695 2681 925 2752 μίμησιν
976 2681 1076 2750 τῆς
1134 2679 1300 2733 αὑτοῦ
1349 2679 1730 2745 ἀναστάσεως,
1786 2681 1864 2742 εἰς

281 2775 660 2844 προσκύνησιν
710 2772 806 2826 τοῦ
861 2771 996 2824 Θεοῦ
1046 2771 1154 2826 τῶν
1206 2771 1482 2825 ἁπάντων.
1539 2771 1720 2834 καλῶς
1773 2767 1865 2824 οὖν

284 2869 508 2938 κατέχει
533 2869 567 2938 ὴ
595 2866 860 2936 ἐκκλησία
890 2867 956 2936 τῇ
997 2865 1155 2935 τρίτῃ
1199 2865 1386 2935 ἡμέρᾳ
1418 2864 1735 2934 προσφοράν
1771 2865 1866 2916 καὶ

283 2960 453 3029 εὐχὴν
483 2957 752 3010 ποιεῖσθαι
780 2957 921 3027 ὑπὲρ
952 2958 1048 3026 τῆς
1079 2954 1275 3026 ψυχῆς.
1313 2955 1448 3025 μετὰ
1475 2952 1568 3008 οὖν
1595 2957 1656 3007 τὺ
1696 2972 1866 3026 προσο

282 3051 518 3120 κύνησει
549 3051 624 3120 (9)
669 3049 758 3102 τὸν
796 3048 928 3101 Θεὸν
982 3047 1188 3116 γίνεται
1224 3047 1470 3110 κέλευσις
1514 3049 1647 3118 παρ’
1676 3046 1862 3110 αὑτοῦ,

281 3142 426 3194 ὥστε
461 3140 833 3210 ἐπιδειχθῆναι
873 3139 1010 3210 αὐτῇ
1043 3138 1140 3202 τὰς
1167 3137 1456 3208 διαφόρους
1499 3137 1594 3191 καὶ
1626 3140 1865 3210 τερπνὰς

284 3232 498 3302 σκηνὰς
517 3232 625 3284 τῶν
645 3232 815 3299 ἁγίων
838 3231 929 3283 καὶ
947 3229 1044 3301 τὴν
1060 3229 1154 3283 τοῦ
1180 3229 1506 3300 παραδείσου
1531 3229 1860 3300 ὡραιότητα.

285 3324 382 3378 καὶ
408 3324 586 3377 ταῦτα
618 3323 794 3376 πάντα
841 3321 1245 3392 καταμανθάνει
1285 3323 1318 3391 ἠ
1352 3320 1500 3392 ψυχὴ
1526 3321 1586 3386 ἒξ
1631 3321 1864 3392 ἡμέραις

284 3415 647 3485 θαυμάζουσα
679 3415 772 3468 κει)⁹
812 3412 1106 3480 δοξάζουσιν.
1145 3413 1236 3466 τὸν
1272 3413 1632 3483 εὐτρεπιστὴν
1661 3412 1865 3465 τούτων

284 3508 420 3560 Θεὸν
439 3524 454 3539 ο
486 3506 772 3559 καὶταῦτα
802 3506 979 3559 πάντα
1020 3505 1300 3576 θεωροῦσα
1341 3505 1374 3574 ή
1408 3504 1554 3574 ψυχὴ
1588 3502 1860 3574 μεταϐάλ-

285 3601 440 3652 λεται
479 3598 575 3651 καὶ
612 3596 1026 3651 ἐπιλανθάνεται
1054 3595 1152 3665 τῆς
1196 3594 1448 3663 θλίψεως,
1487 3589 1669 3665 ἧσπερ
1719 3589 1864 3663 εἶχεν

295 3693 353 3743 ἐν
375 3690 453 3760 τῷ
473 3689 686 3759 σώματι
714 3685 868 3742 οὖσα.
895 3688 988 3740 ἐὰν
1009 3687 1066 3740 δέ
1088 3689 1206 3739 ἐστι
1229 3687 1287 3738 ἐν
1311 3686 1605 3756 ἁμαρτίαις
1633 3684 1864 3737 ὑπεύθυ-

303 3798 410 3843 νος,
439 3780 712 3852 θεωροῦσα
754 3780 852 3844 τὰς
896 3779 1227 3841 ἀπολαύσεις
1273 3779 1379 3830 τῶν
1417 3777 1588 3845 άγίων
1639 3776 1864 3846 ἄρχεται

306 3873 577 3927 λυπεῖσθαι
608 3874 705 3928 καὶ
752 3870 1182 3940 καταγινώσκειν
1228 3871 1448 3940 ἑαυτὴν,
1485 3867 1748 3935 λέγουσα·
1799 3864 1865 3919 Oi

304 3982 428 4035 μοι,
465 3966 572 4029 πῶς
605 3963 951 4036 ἐματαιώθην
983 3965 1040 4016 ἐν
1066 3963 1142 4034 τῷ
1184 3961 1377 4032 κόσμῳ
1413 3960 1626 4031 ἐκείνῳ,
1659 3961 1717 4012 ἐν
1745 3962 1865 4021 ταῖς

299 4057 612 4126 ἐπιθυμίαις
651 4056 746 4112 τοῦ
789 4055 906 4125 βίου
953 4055 1336 4125 ἀσχοληθεῖσα.
1376 4053 1440 4106 τδ
1483 4052 1732 4105 πλεῖστον
1768 4052 1863 4104 τοῦ

295 4148 408 4218 βίου
428 4148 741 4219 ἐδαπάνησα
758 4147 816 4200 ἐν
830 4147 1078 4218 ἀμελείᾳ,
1101 4147 1192 4199 καὶ
1215 4147 1314 4198 οὐκ
1337 4143 1624 4198 ἐδούλευσα
1643 4143 1721 4214 τῷ
1743 4142 1864 4212 Θεῷ

291 4241 433 4293 κατὰ
460 4241 522 4294 τὸ
568 4241 778 4311 πρέπον
798 4279 812 4298 ,
848 4242 997 4302 ὅπως
1046 4237 1202 4307 κάγὼ
1235 4237 1474 4306 ἠξιώθην
1507 4237 1604 4306 τῆς
1645 4241 1863 4309 χάριτος

290 4335 383 4386 καὶ
409 4336 508 4403 τῆς
538 4333 693 4401 δόξης
721 4333 946 4403 ταύτης.
978 4327 1028 4384 οῖ
1059 4349 1149 4401 μοι
1177 4332 1244 4401 τῇ
1277 4329 1457 4400 ἀθλία,
1484 4330 1563 4382 ἔτι
1599 4347 1690 4400 μοι
1721 4349 1862 4401 συμ-

289 4424 575 4476 ϐάλλονται
593 4425 646 4476 αἱ
671 4423 943 4494 φροντίδες
967 4422 1058 4474 καὶ
1075 4423 1102 4474 6
1123 4421 1218 4474 άκε
1229 4437 1319 4484 ρος
1345 4420 1456 4490 (10)
1484 4421 1864 4490 περισπασμὸς

1965 1969 2244 2023 nunquam
2279 1953 2652 2023 sepulchrum,
2694 1951 2750 2005 in
2779 1965 2887 2020 quo
2925 1949 3268 2003 reconditum
3294 1957 3378 2002 est
3415 1963 3541 2002 cor—

1964 2060 2100 2112 pus;
2126 2052 2182 2097 et
2218 2044 2286 2098 ad
2319 2045 2467 2098 hunc
2498 2044 2722 2098 modum
2773 2042 3001 2096 biduum
3034 2041 3220 2111 exigit,
3247 2049 3438 2110 portus
3473 2041 3542 2095 ad

1965 2136 2138 2192 instar
2167 2136 2400 2190 cadaver
2423 2153 2584 2191 suum
2617 2151 2908 2205 quaerens.
2950 2135 3047 2190 Pia
3086 2151 3217 2189 vero
3255 2134 3437 2188 anima
3473 2132 3541 2188 ad

1964 2228 2134 2293 locos,
2159 2229 2218 2282 in
2250 2228 2454 2298 quibus
2488 2228 2754 2300 justitiam
2789 2227 3005 2298 operari
3064 2226 3368 2290 consuevit,
3402 2225 3537 2280 abit.

1967 2319 2153 2374 Tertio
2189 2328 2374 2374 autem
2403 2319 2494 2374 die
2521 2334 2712 2374 omnes
2752 2317 3190 2374 Christianorum
3229 2318 3439 2372 animas
3471 2317 3542 2371 ad

1965 2410 2148 2465 coelos
2181 2410 2379 2464 adduci
2425 2410 2602 2480 jubet,
2653 2411 2747 2480 qui
2789 2408 2878 2464 die
2935 2411 3100 2465 tertio
3131 2425 3162 2464 e
3191 2409 3424 2464 mortuis
3450 2425 3542 2463 re-

1966 2502 2223 2568 surrexit,
2244 2501 2498 2557 Christus
2510 2502 2757 2556 omnium
2780 2502 2945 2567 Deus,
2982 2511 3042 2556 ut
3078 2501 3544 2556 resurrectionem

1967 2594 2139 2664 ipsius
2163 2594 2404 2648 imitatae
2425 2594 2596 2648 Deum
2623 2595 2868 2648 omnium
2886 2601 3264 2649 creaturarum
3290 2591 3540 2648 adorent.

1967 2685 2112 2740 Bene
2137 2685 2303 2756 igitur
2317 2701 2526 2739 morem
2558 2685 2724 2740 istum
2774 2685 2978 2738 retinet
3022 2684 3274 2748 ecclesia,
3302 2694 3362 2738 ut
3387 2684 3542 2738 obla-

1968 2778 2173 2833 tionem
2224 2786 2280 2832 et
2315 2778 2620 2832 orationem
2648 2777 2737 2832 die
2776 2777 2939 2833 tertio
2995 2793 3094 2847 pro
3133 2777 3315 2831 anima
3357 2776 3540 2831 faciat.

1967 2869 2096 2924 Post
2136 2869 2421 2923 adoratum
2471 2868 2636 2938 igitur
2684 2868 2854 2921 Deum
2882 2867 2950 2921 ab
2989 2868 3082 2921 illo
3127 2865 3438 2930 mandatur,
3484 2875 3548 2920 ut

1968 2960 2187 3014 diversa
2224 2976 2560 3030 amoenaque
2609 2969 2925 3014 sanctorum
2958 2959 3270 3013 habitacula
3314 2967 3369 3012 et
3389 2974 3548 3028 para-

1969 3052 2072 3106 disi
2126 3051 2477 3121 pulchritudo
2519 3051 2733 3107 animae
2788 3051 3166 3106 ostendantur.
3215 3051 3320 3104 lsta
3363 3052 3546 3105 omnia

1969 3143 2231 3212 perdiscit
2264 3145 2446 3198 anima
2479 3159 2575 3198 sex
2601 3143 2825 3213 integris
2863 3143 3059 3199 diebus
3081 3143 3252 3197 Deum
3299 3143 3546 3197 omnium

1973 3236 2317 3291 conditorem
2348 3235 2629 3291 admirans
2647 3244 2704 3291 et
2732 3235 3069 3290 collaudans.
3107 3235 3202 3290 Illa
3240 3237 3423 3290 omnia
3465 3236 3549 3290 vi-

1972 3327 2109 3382 dens
2163 3327 2348 3383 anima
2394 3327 2692 3397 derepente
2744 3335 2988 3382 mutatur
3042 3335 3099 3380 et
3159 3327 3364 3383 doloris
3420 3328 3543 3392 sui,

1972 3434 2136 3488 quem
2157 3419 2215 3473 in
2239 3435 2471 3490 corpore
2498 3420 2676 3489 posita
2697 3419 3030 3488 patiebatur,
3059 3419 3427 3474 obliviscitur.
3450 3419 3546 3474 Sin

1971 3525 2104 3564 vero
2131 3511 2371 3580 peccatis
2400 3511 2636 3565 obnoxia
2672 3511 2764 3573 sit,
2792 3526 2916 3564 cum
2959 3519 3268 3565 sanctorum
3296 3512 3547 3581 volupta-

1972 3608 2054 3655 tes
2084 3601 2253 3664 videt,
2275 3598 2587 3654 contristari
2637 3599 2980 3668 seipsamque
3010 3598 3375 3652 condemnare
3403 3598 3544 3652 inci-

1971 3691 2053 3758 pit
2073 3689 2388 3760 hujusmodi
2418 3686 2533 3743 fere
2579 3687 2767 3741 verbis
2816 3702 2955 3740 usa:
2995 3685 3092 3740 Hei
3123 3685 3298 3739 mihi!
3340 3696 3544 3756 quanta

1973 3782 2027 3835 in
2061 3782 2154 3835 illo
2184 3779 2390 3835 mundo
2435 3779 2679 3834 laboravi
2724 3779 2996 3844 stultitia,
3043 3779 3098 3832 in
3151 3779 3546 3850 cupiditatibus

1971 3873 2115 3927 vitae
2158 3881 2442 3942 occupata.
2472 3870 2758 3926 Maximam
2807 3871 2952 3926 vitae
3002 3880 3215 3941 partem
3250 3872 3546 3926 oscitanter

1971 3965 2185 4028 decoxi,
2214 3980 2394 4034 neque
2428 3964 2565 4026 Deo,
2596 3964 2675 4016 uti
2707 3979 2806 4033 par
2830 3973 2970 4027 erat,
2990 3963 3211 4028 servivi,
3249 3971 3310 4018 ut
3354 3975 3411 4020 et
3431 3964 3545 4033 ipsa

1971 4052 2199 4122 gratiam
2226 4052 2562 4122 gloriamque
2615 4052 2773 4107 istam
2808 4068 3194 4122 consequerer.
3261 4054 3372 4109 Vae
3409 4055 3545 4108 mihi

1972 4147 2204 4201 miserae
2229 4163 2244 4212 ;
2267 4145 2448 4200 adhuc
2482 4145 2665 4199 animo
2694 4161 2815 4198 meo
2837 4144 3075 4199 insident
3111 4160 3274 4200 curae
3299 4154 3355 4199 et
3395 4145 3541 4216 [Pag.

1969 4238 2096 4310 260]
2125 4238 2508 4308 intempestiva
2537 4237 2868 4301 sollicitudo,
2913 4237 3115 4307 quibus
3136 4238 3229 4292 illo
3253 4238 3310 4293 in
3340 4240 3548 4294 mundo

1971 4331 2294 4387 distinebar.
2346 4330 2487 4396 Quid
2547 4330 2682 4383 mihi
2720 4330 2830 4399 jam
2883 4337 3113 4398 prosunt
3159 4330 3379 4394 vineta,
3408 4346 3550 4400 quae

1973 4423 2236 4494 plantavi,
2267 4430 2323 4477 et
2374 4423 2618 4477 oliveta?
2657 4423 2874 4490 qualem
2926 4438 3058 4477 vero
3097 4423 3232 4477 mihi
3256 4424 3548 4479 utilitatem

288 4515 347 4567 ὃν
398 4509 548 4583 εἶχον
610 4516 667 4566 ἐν
719 4514 796 4583 τῷ
862 4515 1071 4583 κόσμῳ.
1137 4510 1240 4564 ποῦ
1301 4511 1358 4564 δέ
1422 4529 1511 4580 μοι
1559 4514 1864 4583 χρησιμεύ-

1972 4512 2236 4576 conferet,
2297 4526 2461 4581 quem
2497 4510 2740 4580 possedi,
2785 4511 2956 4579 ager?
3013 4512 3156 4578 Quid
3197 4513 3418 4569 demum
3459 4515 3548 4568 hic

289 4622 406 4658 ουσι
439 4606 490 4657 oi
521 4605 856 4674 ἀμπελῶνες,
891 4603 984 4668 οὓς
1013 4604 1307 4671 ἐφύτευσα,
1346 4603 1440 4656 καὶ
1479 4603 1530 4655 οί
1574 4603 1863 4669 ἐλαιῶνες;

292 4698 450 4751 ποίαν
496 4697 554 4749 δέ
603 4714 691 4765 μοι
739 4697 1004 4767 ὠφελείαν
1062 4695 1387 4766 παρέξεται,
1432 4696 1490 4747 ὃν
1546 4697 1864 4766 ἐκτησάμην

294 4791 492 4859 ἀγρόν;
563 4788 617 4840 τί
670 4789 728 4842 δέ
790 4805 883 4857 μοι
946 4789 1148 4858 ὠφελεῖ
1168 4790 1228 4842 τὸ
1257 4787 1459 4860 [ἐθνοῦ]
1485 4790 1599 4842 ἐκεῖ
1621 4789 1862 4859 χρυσίον;

1974 4606 2110 4659 mihi
2136 4605 2385 4674 proderit
2417 4605 2534 4660 auri
2561 4604 2930 4674 pondus?aut
2950 4605 3111 4673 quale
3150 4605 3284 4659 mihi
3308 4622 3549 4661 commo-

1972 4699 2100 4751 dum
2141 4697 2326 4750 hocin
2390 4697 2510 4752 loco
2554 4696 2761 4750 dabunt
2807 4695 3071 4750 divitiae?
3105 4697 3211 4751 Aut
3256 4713 3546 4766 quamnam

1973 4789 2107 4842 mihi
2135 4788 2427 4841 utilitatem
2463 4787 2908 4842 aﬂeruntomnes
2933 4788 3080 4842 vitae
3113 4797 3170 4841 et
3199 4788 3386 4842 mundi
3405 4789 3553 4842 illius

296 4886 442 4935 ποῖον
472 4882 529 4935 δέ
559 4899 648 4950 μοι
680 4881 869 4949 ὄφελος
896 4882 1124 4952 παρέχει
1150 4883 1178 4934 6
1211 4880 1439 4942 πλοῦτος
1478 4881 1689 4945 ἐκεῖσε;
1730 4881 1781 4932 τί
1808 4881 1864 4932 δέ

1969 4879 2380 4950 jucunditates?
2405 4879 2504 4933 Hei
2522 4880 2655 4932 mihi
2681 4881 2694 4932 l
2719 4879 3184 4935 frustralaboravi
3209 4897 3222 4945 ;
3256 4880 3343 4934 hei
3373 4881 3508 4935 mihi
3534 4885 3546 4934 !

306 4990 386 5042 μοι
429 4974 587 5044 δνησι
630 4975 738 5027 πᾶν
789 4973 1018 5042 τερπνὸν
1067 4972 1164 5025 τοῦ
1215 4972 1329 5042 βίου
1376 4974 1467 5025 καὶ
1517 4970 1611 5024 τοῦ
1659 4973 1863 5042 κόσμου

1976 4972 2118 5040 quod
2160 4973 2324 5026 stulte
2371 4972 2618 5026 vixerim.
2671 4972 2770 5026 Hei
2827 4972 2996 5026 mihi!
3050 4973 3227 5042 exigui
3289 4974 3554 5042 temporis

303 5063 536 5130 ἐκείνους
580 5061 633 5118 οἵ
683 5083 808 5134 μοι,
854 5067 933 5128 εἰς
971 5065 1147 5136 μάτην
1193 5065 1486 5117 ἐκοπίασα·
1532 5061 1583 5117 οἷ
1619 5083 1739 5134 μοι,
1787 5067 1869 5117 ὅτι

1969 5064 2196 5133 gloriam
2237 5066 2434 5128 amavi,
2465 5075 2744 5119 aeternam
2785 5074 3161 5135 paupertatem
3191 5066 3424 5120 obtinui.
3451 5067 3550 5120 llci

305 5157 538 5226 ἀφρόνως
579 5159 801 5210 ἐϐίωσα·
835 5154 884 5209 οἱ
924 5174 1032 5226 μοι,
1072 5156 1172 5227 τὴν
1216 5156 1273 5208 ἐν
1312 5156 1475 5225 ὀλίγῳ
1506 5155 1686 5226 καιρῷ
1716 5155 1870 5218 δόξαν

301 5250 571 5322 ἠγάπησα,
615 5251 716 5320 τὴν
749 5249 972 5302 αἰωνίαν
1009 5247 1254 5318 πτωχίαν
1295 5247 1635 5317 ἐκτησάμην·
1663 5243 1716 5300 οἵ
1757 5265 1848 5316 μοι

1970 5156 2140 5209 mihi!
2178 5157 2310 5225 quid
2344 5171 2503 5226 passa
2534 5158 2694 5211 sum?
2725 5158 2834 5212 Vae
2857 5156 2992 5210 mihi
3019 5158 3031 5209 ι
3089 5158 3367 5226 quomodo
3390 5157 3548 5212 obte-

1969 5247 2199 5300 nebrata
2230 5264 2351 5302 sum
2369 5249 2390 5300 ?
2407 5248 2527 5303 Non
2559 5249 2685 5302 novi
2703 5263 2854 5304 sane.
2885 5248 2996 5302 Vae
3021 5247 3154 5302 milii
3173 5249 3185 5300 l
3203 5247 3396 5302 Nullus
3412 5247 3548 5304 mihi

1781 5401 2028 5457 NOTAE.

380 5525 430 5589 lt)
468 5526 613 5596 Lege
642 5525 713 5596 ἐν
754 5526 822 5596 τῇ
861 5524 1208 5590 μεταστάσει.
1233 5522 1294 5594 [Γ.
1328 5523 1658 5595 μεταστάσῃ.
1692 5520 1866 5591 Eutr.]

379 5597 427 5667 5)
463 5593 609 5667 Lege
647 5593 933 5667 ἀκαίρως.

379 5663 426 5734 6)
455 5663 664 5720 Forsan
691 5663 903 5732 ὅρμον.

377 5729 424 5808 7)
454 5737 663 5792 Forsan
709 5729 996 5808 κοσσςιᾴν.
1034 5731 1088 5784 Si
1135 5733 1281 5802 legas
1306 5733 1604 5804 ὅρνεοντὴν
1630 5732 1867 5793 νοσσιάν,

300 5800 459 5864 vertas
500 5809 637 5862 sicut
665 5806 780 5859 avis
818 5800 998 5856 nidum
1039 5800 1314 5872 quaerens.

2056 5519 2302 5599 (8)~Vox
2340 5521 2495 5599 _haec
2519 5590 2528 5599 ι
2553 5521 2605 5574 in
2640 5520 2763 5599 bl$._
2799 5520 2920 5599 vix_
2952 5520 3057 5599 legi
3105 5520 3549 5599 potesthorsan

1984 5589 2308 5662 ἀνοροῦσθαι
2340 5590 2566 5659 legenda
2593 5600 2694 5662 est.
2721 5591 2852 5662 [Leg
2887 5589 3274 5659 ἀνυψοῦσθαι
3305 5591 3545 5647 Eunoni.

2053 5660 2128 5728 (-9)
2156 5659 2298 5729 Lege
2331 5659 2770 5727 προσκυνῆσαι.

2052 5728 2162 5789 (10)
2197 5728 2337 5800 Lege
2401 5729 2666 5799 ἄκαιρορ.
