4016 6434
607 367 704 420 593
1831 362 1896 416 ΙΟ
1950 363 2163 416 ALBEII

2280 364 2637 421 FABRICIUS
3741 368 3829 422 3S9.

604 484 867 539 auxilium
898 483 1039 534 ferre
1071 490 1265 549 potest,
1299 490 1357 533 ut
1394 490 1448 534 et
1481 496 1579 550 ego
1626 480 1787 533 etiam
1828 480 2024 533 misera
2061 482 2163 533 Do—

2273 482 2326 533 τί
2374 482 2649 547 πέπονθας
2700 482 2819 534 οὐαί
2855 499 2980 550 μοι,
3031 480 3146 542 πῶς
3181 480 3536 549 ὲσκοτίσθηνς
3575 480 3670 531 οὐκ
3710 476 3827 534 οἶδα.

606 576 736 629 mini
765 574 988 645 gloriam
1028 587 1350 640 consequar.
1380 572 1671 639 Postquam
1704 580 1875 625 totum
1900 574 2163 642 justorunt

2278 576 2399 627 οὐαί
2429 592 2549 644 μοι,
2587 573 2761 636 οὐδεὶς
2804 574 3089 643 δυνήσεται
3130 574 3223 623 νῦν
3261 570 3525 640 βοηθῆσαί
3562 588 3680 640 μοι,
3705 572 3831 634 ὅπως

605 668 863 737 gaudium
886 680 979 718 sex
1000 664 1198 717 diebus
1231 663 1409 715 anima
1446 662 1849 731 inspectaverit,
1894 680 2086 718 rursus
2106 665 2173 719 ab

605 758 810 829 angelis
836 756 903 810 ad
931 755 1269 809 adorandum
1295 754 1464 807 Deum
1493 752 1801 806 adducitur.
1830 754 1973 808 Bene
2005 755 2174 825 igitur

602 850 833 905 ecclesia
881 849 970 902 die
1020 845 1434 914 nonaliturgias
1473 862 1570 913 pro
1603 845 1860 900 defuncto
1918 848 2078 903 offert
2118 858 2175 904 et

601 943 933 998 oblationem
962 939 1221 994 celebrat.
1257 937 1384 990 Post
1410 936 1701 989 secundam
1734 947 1917 991 autem
1974 940 2171 993 adora-

600 1032 805 1086 tionem
839 1042 1029 1081 rursus
1055 1026 1123 1079 ab
1159 1024 1405 1079 omnium
1456 1038 1639 1076 rerum
1679 1023 1909 1078 Domino
1943 1026 2169 1079 manda-

600 1129 710 1186 tur,
752 1129 811 1174 ut
848 1120 904 1173 in
934 1117 1206 1171 infernum
1233 1114 1537 1168 deducatur
1560 1114 1762 1178 anima,
1787 1122 1842 1168 et
1872 1131 2171 1184 poenarum

600 1213 718 1267 loca
748 1212 823 1265 ibi
871 1208 1066 1279 posita,
1125 1205 1448 1272 diversaque
1486 1203 1787 1257 inferorum
1816 1206 2073 1271 claustra,
2117 1217 2172 1262 et

598 1304 847 1359 diversae
881 1302 958 1355 illi
986 1300 1347 1355 ostendantur
1378 1298 1672 1366 impiorum
1716 1312 1943 1367 poenae,
1971 1299 2172 1368 quibus

595 1397 898 1452 assidentes
942 1401 1290 1461 peccatorum
1334 1389 1545 1442 animae
1596 1389 1818 1442 assiduo
1869 1390 2055 1459 lugent
2107 1407 2172 1444 ac

594 1491 786 1544 dentes
815 1486 1074 1541 stridunt.
1128 1484 1231 1539 Per
1250 1483 1414 1536 hasce
1472 1497 1773 1551 poenarum
1824 1481 2171 1537 diversitates

589 1579 978 1637 circumfertur
1023 1576 1207 1630 anima
1256 1574 1376 1627 dies
1432 1573 1675 1643 triginta,
1714 1573 2165 1637 contremiscens,

591 1682 661 1721 ne
685 1676 740 1721 et
770 1666 884 1735 ipsa
907 1664 1135 1719 forsitan
1157 1662 1210 1716 in
1238 1662 1329 1716 illo
1345 1662 1465 1716 loco
1490 1662 1817 1715 incarcerari
1836 1662 2169 1717 condemne-

2279 665 2433 733 κάγὼ
2477 667 2510 736 ἡ
2554 664 2713 717 ἀθλία
2756 664 2902 733 τύχω
2931 665 3030 733 τῆς
3055 664 3213 733 δόξης
3247 662 3340 715 τοῦ
3373 663 3591 730 κυρὲου.
3633 660 3756 731 μετὰ
3784 663 3829 715 δὲ

2275 758 2336 810 τὸ
2381 756 2655 826 θεωρῆσαι
2688 756 2876 825 ,πᾶσαν
2908 756 3005 825 τὴν
3034 754 3205 826 χαρὰν
3241 754 3349 805 τῶν
3385 752 3609 805 δικαίων
3649 755 3701 805 ὲν
3730 759 3831 816 ταῖς

2275 847 2334 913 ἒξ
2359 843 2612 920 ἡμέράις,
2654 847 2813 900 πάλιν
2849 848 3177 917 ἀναφέρεται
3222 846 3324 898 ὑπὸ
3359 845 3469 897 τῶν
3511 846 3742 913 ἀγγέλων
3766 849 3830 909 είς

2276 939 2644 1009 προσκύνησιν
2668 938 2763 991 τοῦ
2788 937 2939 990 Θεοῦ.
2967 936 3148 1000 καλῶς
3174 934 3264 989 οὖν
3286 937 3588 1006 προσφέρει
3617 938 3670 987 ἐν
3715 940 3770 1004 τῇ
3792 937 3828 989 θ’

2274 1031 2459 1101 ἡμέρᾳ
2506 1030 2841 1099 λειτουργίας
2886 1031 2980 1082 καὶ
3033 1028 3350 1098 προσφορὰν
3391 1026 3679 1080 ἐκτελοῦσα
3710 1028 3828 1097 ὑπὲρ

2272 1121 2367 1173 τοῦ
2406 1120 2845 1190 τελευτήσαντος.
2895 1120 3032 1189 μετὰ.
3076 1119 3132 1171 δὲ
3171 1119 3269 1188 τὴν
3314 1118 3584 1186 δευτέραν
3617 1119 3825 1187 προσκύ-

2273 1224 2427 1279 νησιν
2455 1208 2615 1260 πάλιν
2640 1208 2847 1275 γίνεται
2869 1208 3115 1269 κέλευσις
3136 1206 3283 1275 παρά
3306 1204 3404 1258 τοῦ
3428 1208 3644 1260 πάντων
3666 1208 3828 1259 δεσπό-

2271 1316 2388 1363 του,
2424 1301 2758 1366 καταγαγεῖν
2784 1298 2951 1369 αὐτὴν
2977 1299 3034 1350 ὲν
3062 1296 3139 1368 τῷ
3166 1296 3267 1369 ᾅδῃ
3296 1297 3395 1349 καὶ
3425 1296 3598 1359 δεῖξαι
3626 1297 3751 1367 αὐτῇ
3771 1298 3824 1350 τὰ

2272 1392 2452 1443 ἐκεῖσε
2483 1391 2815 1461 κολαστήρια
2848 1391 2942 1444 καὶ
2966 1390 3197 1459 διάφορα
3227 1390 3403 1458 ταμία
3444 1379 3539 1441 τοῦ
3572 1388 3722 1458 ᾅδου,
3750 1389 3824 1440 καὶ

2270 1483 2368 1546 τὰς
2399 1481 2508 1534 τῶν
2548 1482 2762 1535 ἀσεϐῶν
2786 1482 3073 1551 διαφόρους
3106 1481 3373 1542 κολάσεις,
3404 1482 3486 1543 είς
3514 1480 3580 1543 ἃς
3606 1498 3823 1550 παρακα-

2272 1572 2558 1644 θεζόμεναι
2597 1576 2653 1626 αἱ
2686 1573 2854 1643 ψυχαὶ
2888 1574 2996 1625 τῶν
3036 1574 3375 1643 ἁμαρτωλῶν
3408 1573 3672 1643 διηνεκῶς
3711 1572 3821 1641 θρη-

2272 1665 2421 1719 νοῦσι
2449 1667 2541 1719 καὶ
2577 1666 2834 1736 βρύχουσι
2874 1667 2998 1728 τοὺς
3023 1668 3257 1730 ὀδόντας.
3294 1667 3394 1719 καὶ
3434 1668 3495 1718 ὲν
3526 1668 3647 1727 ταῖς
3670 1666 3821 1717 τοιαύ-

592 1768 703 1813 tur.
738 1760 834 1813 Die
867 1756 1285 1827 quadragesimo
1332 1769 1552 1808 sursum
1589 1753 1789 1807 iterum
1833 1753 1900 1807 ad
1933 1753 2163 1809 adoran-

2269 1775 2393 1821 ταις
2431 1758 2713 1827 διαφοραῖς
2757 1758 2865 1811 τῶν
2912 1759 3185 1812 κολάσεων
3233 1757 3592 1828 περιφέρεται
3627 1759 3659 1825 ἡ
3702 1757 3819 1826 ψυχὴ

590 1852 722 1907 dum
780 1851 952 1904 Deum
986 1848 1305 1911 reducitur;
1358 1853 1415 1899 et
1470 1855 1602 1900 tunc
1654 1844 1957 1899 secundum
2000 1859 2163 1915 opera

2270 1847 3024 1926 ήμέρᾳ(11-12)λ¹τρέμουσα,
3042 1852 3239 1921 μήπως
3266 1850 3377 1919 ἄρα
3404 1850 3501 1902 καὶ
3530 1847 3662 1919 αὑτὴ
3687 1848 3739 1899 ὲν
3759 1848 3818 1917 τῷ

588 1944 739 1997 illius
763 1942 944 1996 locum
986 1940 1084 2003 illi,
1118 1940 1214 1993 ubi
1242 1940 1299 1992 in
1327 1946 1614 1992 aeternum
1645 1945 1979 2001 asservetur,
2019 1938 2163 1992 indi-

2264 1942 2489 2009 τοιούτῳ
2538 1941 2687 2011 τόπῳ
2736 1941 3039 2011 κατακριθῇ
3094 1939 3484 2009 φυλάττεσθαι.
3538 1939 3632 1993 καὶ
3676 1940 3734 2007 τῇ
3778 1937 3815 2006 μ’

588 2036 666 2091 cit
697 2034 885 2106 judex.
948 2033 1092 2086 Bene
1152 2032 1320 2101 igitur
1364 2031 1419 2083 in
1468 2030 1699 2084 ecclesia
1750 2030 2062 2085 celebratur
2108 2030 2164 2083 in

587 2126 972 2180 defunctorum
1006 2130 1062 2177 et
1091 2122 1490 2191 baptizatorum
1532 2120 1875 2175 memoriam.
1912 2122 1987 2175 De
2042 2121 2162 2174 ani—

588 2214 782 2270 mabus
804 2229 955 2277 vero,
988 2228 1127 2282 quae
1168 2226 1383 2266 sacrum
1414 2210 1681 2279 baptisma
1698 2226 1978 2279 nunquam
2008 2226 2161 2265 rece-

583 2314 808 2377 perunt,
841 2320 931 2359 res
953 2320 1071 2358 sese
1102 2304 1218 2373 pari
1269 2301 1433 2356 modo
1472 2318 1581 2355 non
1614 2302 1800 2365 habet,
1836 2302 1932 2356 sed
1979 2303 2034 2357 in
2095 2318 2162 2357 eo

584 2416 717 2456 casu
751 2398 929 2470 angeli
962 2397 1320 2450 inclementes
1359 2395 1571 2449 animas
1610 2410 1717 2448 non
1767 2395 2070 2465 baptizatas
2129 2411 2161 2450 e

583 2506 815 2559 corpore
850 2488 1147 2557 accipiunt,
1206 2486 1559 2540 verberantes
1606 2486 1725 2540 illas
1778 2496 1835 2539 et
1867 2486 2113 2541 dicentes
2145 2504 2157 2539 :

582 2584 884 2647 Adesdum,
920 2581 1085 2653 impia
1154 2580 1373 2644 anima;
1404 2580 1528 2648 quis
1563 2579 1828 2633 Dominus
1868 2589 1995 2633 tuus
2045 2596 2162 2633 om-

582 2677 843 2744 niumque
886 2675 1049 2737 Deus,
1080 2686 1243 2741 quem
1280 2669 1421 2724 scire
1464 2668 1709 2731 noluisti,
1754 2655 1811 2721 in
1844 2669 2047 2723 mundo
2070 2685 2158 2723 se-

581 2783 716 2822 cura
773 2766 975 2835 degens
993 2766 1016 2817 ?
1066 2762 1222 2817 Nunc
1247 2777 1379 2816 vero
1426 2775 1554 2814 eum
1626 2774 1859 2830 agnosce
1919 2761 2161 2815 aeternis

580 2860 797 2915 addicta
820 2857 1031 2927 poenis.
1053 2856 1189 2911 Dein
1216 2853 1281 2908 ad
1312 2853 1549 2922 primum
1568 2866 1741 2921 usque
1780 2852 1993 2906 coelum
2012 2852 2159 2907 illam

585 2949 937 3011 adducentes,
988 2961 1108 3000 eam
1144 2944 1365 3007 sistunt,
1417 2942 1604 3011 illique
1655 2957 1687 2996 e
1720 2943 2019 3013 longinquo
2065 2958 2157 2999 os-

580 3042 813 3097 tendunt
833 3039 1150 3109 angelorum
1190 3037 1544 3105 omniumque
1571 3035 1889 3090 coelestium
1921 3046 2159 3106 potesta-

2264 2036 2445 2107 ἡμέρᾳ
2470 2036 2803 2105 ἀναφέρεται
2829 2035 2988 2088 πάλιν
3017 2034 3401 2106 προσκυνῆσαι
3428 2032 3507 2103 τῷ
3534 2032 3720 2102 κυρίῳ,
3744 2032 3816 2083 καὶ

2261 2126 2381 2178 τότε
2418 2124 2600 2177 λοιπὸν
2636 2124 2771 2195 πρὸς
2817 2123 2885 2176 τά
2930 2122 3069 2193 ἔργα
3108 2122 3278 2192 αὐτῆς
3317 2120 3536 2174 κελεύει
3585 2122 3611 2171 ὁ
3657 2115 3813 2188 κριτὴς

2260 2215 2353 2269 τὸν
2384 2216 2549 2268 τόπον
2573 2218 2673 2285 τῆς
2703 2214 3122 2283 παραφυλακῆς.
3156 2213 3337 2275 καλῶς
3368 2212 3668 2265 ὲκτελεῖται
3692 2210 3743 2260 ὲν
3762 2209 3809 2275 τῇ

2263 2308 2528 2377 ἐκκλησίᾳ
2555 2310 2672 2369 ταῖς
2710 2304 2920 2375 μνείαις
2948 2304 3056 2356 τῶν
3088 2304 3508 2375 μεθισταμένων
3539 2303 3632 2354 καὶ
3662 2316 3811 2366 mw-

2261 2398 2553 2467 τισμένων.
2590 2398 2682 2450 ἐπὶ
2708 2397 2763 2449 δὲ
2783 2396 2893 2449 τῶν
2920 2395 3107 2467 ψυχῶν
3139 2396 3245 2448 τῶν
3272 2397 3349 2465 μὴ
3391 2392 3631 2464 ἐχουσῶν
3653 2390 3810 2461 βάπτι-

2264 2507 2373 2558 σμα
2406 2490 2467 2541 τὸ
2498 2489 2675 2558 ἅγιον,
2697 2490 2795 2560 οὐχ
2834 2488 3026 2550 οὕτως.
3057 2488 3192 2541 ἀλλά
3228 2486 3486 2559 [ἀπονοῖς
3513 2483 3656 2555 (15)]
3679 2481 3809 2547 ἀγγε-

2259 2582 2341 2635 λοι
2374 2582 2637 2653 ἀπότομοι
2671 2583 2779 2651 (14)
2806 2581 3139 2651 λαμϐάνουσι
3170 2580 3264 2643 τάς
3302 2578 3643 2642 ἀφωτίστους
3667 2573 3807 2643 ψυχὰς

2260 2675 2367 2729 ἀπὸ
2399 2675 2492 2727 τοῦ
2542 2674 2812 2745 σώματος,
2852 2675 3146 2739 τύπτοντες
3188 2674 3283 2727 καὶ
3334 2674 3614 2740 λέγοντες·
3648 2666 3799 2736 δεῦρο.

2260 2765 2463 2835 ἀσεϐὴς
2488 2764 2653 2836 ψυχὴ,
2679 2765 2762 2827 τίς
2789 2767 2817 2818 ό
2842 2766 3108 2835 δεσπότης
3138 2782 3233 2817 σου
3263 2765 3359 2816 καὶ
3384 2762 3602 2815 πάντων
3633 2758 3799 2828 κύριος,

2258 2857 2318 2910 ὃν
2359 2858 2459 2910 οὐκ
2500 2858 2761 2928 ἐθέλησας
2793 2855 3023 2926 γνῶναι,
3060 2860 3117 2910 ὲν
3153 2856 3338 2911 ἀνέσει
3382 2855 3641 2922 διάγουσα
3672 2852 3721 2902 ὲν
3746 2846 3800 2914 τῷ

2260 2950 2481 3020 κόσμῳ;
2513 2949 2607 3003 νῦν
2636 2949 2806 3017 γνῶθι
2841 2952 3227 3021 τιμωρουμένη
3265 2948 3523 3009 αίωνίως.
3554 2946 3642 2999 καὶ
3676 2942 3801 3011 μέχρι

2257 3041 2350 3094 τοῦ
2396 3041 2611 3113 πρώτου
2660 3042 2887 3114 οὐρανοῦ
2931 3043 3223 3110 ἀνάγοντες
3266 3044 3451 3095 ἱστᾶσι
3500 3039 3593 3090 καί
3630 3028 3803 3088 δεικνῦ-

580 3144 697 3189 tum
734 3133 962 3203 gloriam
992 3130 1275 3186 dicentes:
1318 3129 1554 3183 Istorum
1605 3130 1853 3182 omnium
1892 3130 2158 3185 Dominus

2264 3150 2345 3185 σιν
2388 3134 2523 3205 αὐτῇ
2578 3137 2641 3187 ὲκ
2676 3134 2911 3205 μήκοθέν
2954 3134 3053 3202 τὴν
3097 3122 3255 3199 δόξαν
3290 3134 3405 3187 τῶν
3452 3129 3688 3199 ἀγγέλων
3728 3122 3803 3174 καὶ

579 3236 664 3280 est
692 3226 851 3281 Jesus
882 3223 1134 3279 Christus
1164 3222 1260 3277 Dei
1316 3221 1425 3275 vivi
1467 3219 1632 3283 filius,
1666 3235 1829 3289 quem
1856 3237 2156 3291 agnoscere

2264 3225 2481 3279 πάντων
2528 3226 2637 3278 τῶν
2690 3225 2956 3295 οὐρανίων
3014 3225 3328 3294 δυνάμεων,
3388 3225 3649 3292 λέγοντες·
3705 3213 3800 3266 τοὺ·

576 3326 635 3374 et
657 3317 888 3373 adorare
926 3315 1169 3369 noluisti.
1205 3313 1386 3383 Apage
1407 3312 1608 3367 abhinc
1643 3328 1776 3367 vero
1797 3313 1864 3367 ad
1890 3314 1969 3367 tui
2004 3313 2156 3368 simi-

577 3411 659 3468 les
688 3410 885 3481 impios
947 3422 1246 3476 eorumque
1277 3405 1579 3475 principem
1612 3404 1889 3459 diabolum
1918 3406 2155 3461 abducta

577 3505 633 3559 in
658 3511 945 3558 aeternum
968 3500 1145 3569 ignem
1171 3506 1488 3567 apparatum
1513 3497 1732 3552 diabolo
1760 3507 1922 3567 atque
1946 3498 2153 3569 angelis

573 3596 714 3665 ejus,
756 3608 897 3662 quos
923 3592 980 3645 in
1002 3590 1142 3643 vivis
1167 3590 1346 3643 adhuc
1370 3590 1545 3658 posita
1574 3600 1833 3658 tanquam
1856 3590 1999 3644 Deos
2048 3592 2149 3643 ad-

574 3685 764 3740 orasti.
795 3685 1087 3752 Postquam
1126 3681 1228 3735 ista
1256 3680 1522 3735 dixissent
1552 3681 1757 3749 angeli,
1803 3696 2020 3735 servum
2051 3681 2147 3735 Dei

574 3774 868 3830 Macarium
896 3772 1125 3841 amplexi
1157 3788 1187 3824 c
1228 3778 1524 3840 conspectu
1564 3782 1752 3824 nostro
1780 3781 2141 3824 evanuerunt.

571 3869 682 3923 Nos
719 3883 850 3921 vero
881 3866 1109 3935 gloriam
1138 3863 1429 3917 reddamus
1454 3862 1601 3916 Patri
1632 3872 1686 3916 et
1734 3863 1870 3915 Filio
1895 3870 1952 3915 et
1975 3861 2148 3931 Spiri-

570 3961 652 4014 tui
694 3966 882 4014 sancto
934 3970 1080 4009 nunc
1107 3953 1245 4007 etin
1291 3953 1506 4007 saecula
1537 3953 1899 4007 saeculorum.
1947 3953 2142 4007 Amen.

2261 3334 2371 3369 των
2411 3317 2664 3370 ἁπάντων
2708 3316 2896 3388 κύριός
2936 3319 3083 3369 ἐστιν
3137 3315 3347 3385 Ἰησοῦς
3390 3313 3619 3385 Χριστὸς
3652 3311 3677 3362 ὁ
3709 3305 3799 3364 υἱδς

2260 3406 2355 3461 τοῦ
2393 3406 2528 3460 Θεοῦ
2568 3406 2661 3461 τοῦ
2701 3406 2922 3471 ζῶντος,
2958 3408 3018 3461 ὃν
3057 3408 3157 3460 οὐκ
3188 3406 3465 3476 ἠθέλησας
3500 3402 3691 3472 γνῶναι
3726 3392 3798 3448 καὶ

2262 3500 2656 3569 προσκυνῆσαι·
2712 3499 2827 3552 ἀλλ’
2882 3498 3191 3568 ἀπαχθεῖσα
3248 3498 3390 3567 πρὸς
3437 3497 3562 3557 τοὺς
3613 3487 3796 3560 ὁμοίοκ

2259 3590 2476 3652 ἀσεϐεῖς
2504 3592 2598 3643 καὶ
2625 3590 2717 3642 τὸν
2746 3590 2950 3642 τούτων
2992 3590 3226 3660 ἄρχοντα
3257 3589 3351 3641 τὸν
3388 3585 3627 3641 διάϐολον
3654 3582 3723 3641 είς
3752 3572 3796 3626 τὸ

2256 3678 2366 3748 πῦρ
2409 3680 2471 3732 τὸ
2508 3679 2723 3732 αἰώνιον
2777 3681 2838 3732 τὸ
2885 3680 3285 3750 ἡτοιμασμένον
3334 3679 3416 3749 τῷ
3466 3675 3681 3741 διαϐόλῳ
3722 3665 3795 3720 καὶ

2250 3775 2363 3835 τοῖς
2408 3772 2661 3839 ἀγγέλοις
2701 3772 2886 3835 αὐτοῦ,
2912 3772 3005 3836 οὓς
3052 3773 3109 3824 ὲν
3152 3771 3229 3841 τῷ
3282 3772 3385 3842 βίῳ
3428 3788 3518 3824 σου
3565 3768 3634 3828 ὡς
3669 3758 3795 3819 θεοὺς

2252 3864 2686 3935 προσεκύνησας.
2720 3865 2893 3917 ταῦτα
2924 3866 3171 3926 εἰπόντες
3197 3867 3244 3917 οἱ
3279 3864 3503 3932 ἄγγελοι
3534 3859 3623 3913 καὶ
3648 3856 3790 3908 ἀσπα-

2255 3955 2479 4025 σάμενοι
2510 3956 2601 4008 τὸν
2626 3954 2810 4008 δοῦλον
2833 3955 2926 4008 τοῦ
2953 3956 3087 4009 θεοῦ
3120 3956 3431 4026 Μακάριον,
3462 3951 3671 4022 ἀφανεῖς
3695 3941 3787 4006 ἐγέ”

568 4070 721 4107 νοντο
753 4052 845 4120 ἀφ’
881 4050 1058 4121 ήμῶν.
1112 4050 1301 4118 Ἰιίμεῖς
1347 4048 1404 4101 δὲ
1472 4048 1627 4111 δόξαν
1694 4047 2107 4119 ἀναπέμψωμεν
2141 4047 2220 4118 τῷ
2259 4051 2427 4121 πατρὶ
2478 4050 2571 4103 καὶ
2607 4050 2685 4120 τῷ
2724 4050 2823 4121 υἱῴ
2871 4050 2963 4103 καὶ
2996 4049 3075 4119 τῷ
3122 4049 3262 4118 ἁγίῳ
3302 4048 3571 4118 πνεύματι
3602 4040 3683 4095 νῦν
3713 4034 3788 4087 καὶ

568 4146 657 4199 ἀεὶ
695 4145 791 4197 καὶ
825 4142 906 4205 είς
934 4142 1061 4205 τοὺς
1100 4140 1302 4203 αἰῶνας
1334 4139 1443 4193 τῶν
1482 4140 1712 4194 αἰώνων.
1748 4142 1915 4211 ἀμήν.

2052 4236 2304 4291 NOTAE.

642 4328 845 4401 (tt-ia)
876 4328 1020 4400 Lege
1048 4326 1288 4399 ἡμέρας.

645 4396 754 4472 (15)
789 4403 905 4458 Vox
930 4396 1385 4470 forte'corrupta.
1411 4398 1562 4470 [Leg.
1592 4396 1855 4466 ἀπηνῶς.
1885 4399 2081 4472 Eum].

864 4550 3416 4581 Μ
1360 4551 1368 4560 ¹
1411 4550 3416 4561 -"

2328 4331 2439 4402 (14)
2489 4330 2702 4402 Forsan
2747 4331 3038 4401 legendum
3076 4330 3209 4385 ἀλλὰ
3268 4330 3513 4402 ἄγγελοι
3575 4310 3783 4384 ἁπηγεῖς

2253 4402 2350 4454 καὶ
2390 4400 2679 4471 ἀπότομοι.

3403 4541 3663 4560 ___,_.....

1215 4735 1745 4828 IOANNES
1842 4738 2467 4829 ALBERTUS
2573 4740 3202 4829 FABRICIUS

2166 4908 2233 4946 DF.

1051 5007 1147 5064 SS.
1188 5004 1645 5062 MACARIORUM
1678 5004 1997 5060 AEGYPTII
2037 5007 2126 5060 ET
2164 5005 2637 5060 ALEXANDRINI
2677 5005 2857 5060 VITIS
2895 5006 2984 5059 ET
3021 5003 3329 5060 SCRIPTIS

1576 5119 1710 5175 Cum
1743 5122 1876 5174 notis
1905 5121 2151 5176 Cottlieb.
2176 5121 2535 5190 Christophori
2566 5122 2779 5176 Harles.

557 5240 650 5307 [10.
693 5240 801 5290 Alb.
828 5239 1038 5291 Fabricii
1062 5240 1366 5291 Bibliotheca
1396 5242 1579 5307 Graeca
1602 5241 1709 5307 sive
1735 5241 1911 5307 notitia
1942 5238 2245 5307 scriptorum
2252 5246 2489 5307 veterum
2512 5254 2824 5307 graecorum;
2849 5239 3039 5307 ὲῙῐόἱιὶο
3065 5252 3189 5287 nova
3212 5251 3327 5286 cura
3350 5232 3493 5285 Gottl.
3520 5212 3761 5278 Christnph-

1541 5303 1736 5351 Harles.
1775 5301 1950 5349 Hatnb.
1979 5302 2120 5359 18032,
2148 5300 2197 5345 4ο
2226 5300 2333 5348 Vol.
2371 5303 2473 5351 VIII
2506 5300 2549 5363 ρ.
2581 5300 2870 5365 561—566.]

2137 5412 2208 5422 ..ι-

618 5495 643 5547 1
680 5493 944 5547 Macarius
976 5490 1218 5559 Magnus,
1250 5490 1547 5560 Aegyptius
1574 5489 1875 5543 monachus
1897 5499 1951 5543 et
1981 5492 2284 5563 presbyter,
2311 5493 2366 5546 S.
2391 5490 2614 5545 Antonii
2644 5489 2948 5559 discipulus
2977 5489 3075 5559 (l),
3103 5488 3361 5558 magister
3390 5463 3757 5563 EvagriinPon-

554 5586 664 5651 tici,
696 5587 831 5641 obiit
860 5587 915 5640 in
947 5584 1165 5639 deserto
1187 5582 1380 5649 Scithi,
1412 5585 1466 5639 in
1494 5599 1603 5653 quo
1632 5582 1700 5637 ab
1725 5598 1775 5637 a.
1797 5581 1857 5637 C.
1886 5584 1981 5637 59.1
2022 5594 2273 5639 versatus
2313 5596 2415 5653 est,
2452 5584 2851 5655 nonagenarius
2872 5583 3017 5639 circa
3042 5596 3090 5638 a.
3127 5581 3188 5639 C.
3215 5580 3336 5638 591.
3370 5578 3440 5634 De
3467 5580 3566 5639 quo
3589 5556 3752 5612 Socra'
3794 5630 3807 5648 ⁸

2027 5699 2278 5753 NOTAE.

626 5789 699 5859 (1)
731 5791 809 5846 (1f.
854 5791 1089 5846 Lambcc.
1128 5793 1337 5848 Comm.
1372 5793 1433 5847 T.
1463 5789 1578 5845 VIII
1598 5805 1718 5879 pag.
1758 5790 1859 5843 7:22
1893 5806 2009 5859 sqq.
2044 5789 2216 5844 llam“
