4016 6454
267 376 381 434 ωε
1767 376 1853 433 ΕΡ

1998 377 2170 434 )LAE.
3479 380 3584 438 λίθὲ

274 533 3585 567 W

920 645 1076 888 S.
1194 727 1993 889 MACARII
2103 734 3031 895 AEGYPTII

1194 1044 2026 1194 EPISTOLAE,
2116 1051 2703 1167 PRECES.

1474 1398 2419 1493 PRAEMONENDA.

367 1707 494 1781 Qui
538 1706 851 1770 Gennadii
915 1705 1015 1786 (de
1068 1704 1213 1766 viris
1241 1703 1581 1766 illustribus
1614 1721 1752 1785 cap.
1814 1703 1909 1785 10)
1944 1705 2132 1768 verba
2184 1706 2343 1770 haec
2379 1707 2531 1786 legit
2576 1726 2591 1770 :
2634 1732 2662 1766 α
2703 1710 3005 1775 Macarius
3062 1710 3411 1775 monachus
3467 1716 3574 1775 me

277 1809 652 1889 Aegyptius
681 1808 876 1886 signis
904 1812 965 1868 et
994 1804 1321 1866 virtutibus
1353 1803 1556 1866 clarus
1610 1821 1801 1865 unam
1836 1810 2075 1867 tantum
2106 1805 2182 1868 ad
2222 1805 2503 1869 iuniores
2532 1808 2942 1887 professionis
2970 1829 3121 1875 suae
3158 1814 3405 1893 scripsit
3434 1820 3573 1898 epi-

279 1914 561 1987 stolam,
612 1913 679 1974 in
730 1929 854 1993 qua
906 1910 1091 1971 docet
1158 1907 1339 1970 illum
1388 1906 1668 1988 perfecte
1722 1926 1910 1989 posse
1958 1910 2192 1972 servire
2230 1912 2409 1987 ,Deo,
2442 1913 2551 1993 qui
2586 1913 3018 1976 conditionem
3056 1915 3390 1979 creationis
3426 1936 3575 1982 suae

282 2030 703 2092 cognoscens
730 2013 805 2074 ad
838 2027 1059 2073 omnes
1089 2009 1496 2090 semetipsum
1526 2010 1915 2073 inclinaverit
1941 2011 2210 2087 labores,
2235 2020 2297 2076 et
2324 2014 2619 2079 luctando
2647 2022 2834 2096 atque
2863 2016 2974 2079 Dei
3002 2018 3329 2080 adversum
3359 2036 3572 2096 omne,

284 2112 471 2194 quod
502 2114 571 2173 in
603 2112 719 2174 hac
747 2112 868 2173 vita
898 2126 1082 2172 suave
1108 2115 1222 2183 est,
1256 2108 1555 2170 auxilium
1586 2110 2008 2190 implorando,
2040 2112 2119 2174 ad
2143 2115 2489 2177 naturalem
2520 2133 2777 2197 quoque
2808 2118 3181 2197 perveniens
3211 2119 3571 2198 puritatem,

286 2217 761 2281 continentiam
795 2215 966 2277 velut
1003 2219 1258 2275 naturae
1289 2213 1569 2275 debitum
1614 2232 1843 2275 munus
1877 2217 2217 2279 obtinuerit
2250 2242 2303 2294 »,
2350 2218 2408 2280 ei
2454 2219 2591 2280 ﬁeri
2620 2237 2752 2281 non
2786 2226 2994 2301 potest
3022 2220 3175 2301 quin
3213 2221 3571 2283 suboriatur

294 2319 604 2397 suspicio,
634 2317 966 2380 Macarium
995 2317 1368 2398 Aegyptium
1399 2316 1721 2379 doctrinae
1758 2318 2153 2397 Pelagianae,
2186 2339 2221 2383 e
2268 2339 2390 2401 qua
2422 2322 2807 2385 continentia
2850 2328 3129 2395 naturae,
3164 2340 3294 2385 non
3334 2324 3567 2401 gratiae

304 2420 541 2481 donum
574 2423 691 2493 est,
729 2417 907 2497 quasi
948 2416 1147 2480 facem
1179 2416 1572 2497 praetulisse.
1606 2416 1785 2478 Unde
1815 2419 2097 2482 Oudinus
2130 2419 2195 2481 in
2224 2422 2699 2483 Commentariis
2730 2420 2807 2482 de
2852 2422 3260 2500 scriptoribus
3292 2430 3367 2483 ‘et
3408 2422 3567 2485 scri-

309 2524 431 2601 ptis
466 2520 905 2585 ecclesiasticis
954 2538 1014 2580 v.
1054 2519 1330 2580 Macarii
1375 2526 1500 2579 tres
1551 2518 1864 2596 monachi,
1914 2520 2169 2601 aliique,
2210 2522 2376 2583 inter
2417 2540 2578 2602 quos
2624 2522 3081 2585 Petitdidierius
3130 2522 3197 2583 in
3249 2522 3410 2582 libm
3458 2522 3570 2603 qui

298 2621 662 2688 inscribitur
695 2644 709 2686 :
742 2626 1129 2703 Remarques
1158 2622 1353 2711 surola
1393 2622 1829 2704 bibliotheque
1866 2626 1976 2688 des
2020 2631 2274 2688 auteurs
2305 2626 2813 2705 ecclésiastiques
2845 2627 2924 2689 de
2953 2630 3032 2689 Μ.
3072 2629 3165 2689 Du
3197 2628 3310 2689 Pin
3373 2626 3567 2689 Paris.

298 2731 452 2791 1692
522 2735 591 2793 T.
624 2735 678 2794 Il
718 2749 779 2811 p.
821 2727 928 2789 198
960 2746 1124 2808 sqq.,
1160 2726 1453 2789 homilias
1482 2745 1761 2807 quoque,
1798 2748 1959 2809 quae
1984 2732 2233 2792 Macarii
2259 2731 2556 2810 Aegyptii
2590 2732 2847 2792 nomine
2882 2731 3190 2805 feruntur,
3222 2751 3382 2811 puro
3412 2738 3568 2813 puto

290 2832 757 2909 Pelagianismo
792 2830 1056 2892 infectas
1093 2846 1230 2891 esse
1262 2830 1531 2908 probare
1563 2837 1708 2892 sunt
1738 2833 1968 2893 conati.
2001 2833 2230 2895 Verum
2282 2833 2546 2914 epistola
2578 2851 2611 2893 a
2654 2834 3079 2894 Petitdidierio
3107 2834 3149 2894 l.
3184 2834 3225 2895 l.
3296 2856 3360 2915 p.
3394 2835 3507 2896 220
3532 2851 3569 2896 e

292 2930 525 2994 codice
576 2948 693 2993 ms.
742 2931 1025 2993 abbatiae
1072 2932 1141 2990 S-
1171 2932 1382 2993 Vitoni
1417 2932 1499 3009 (S.
1557 2930 1796 3011 Vanne)
1836 2934 2073 3013 prolata
2113 2935 2191 2996 ab
2234 2954 2332 3009 ea,
2380 2951 2565 3015 quam
2594 2934 2955 2996 Gennadius
2999 2944 3471 3011 commemorat,
3505 2942 3567 2998 et

289 3045 672 3117 argumento
703 3043 763 3099 et
792 3037 1087 3097 universo
1123 3042 1345 3098 tenore
1388 3036 1471 3098 ita
1500 3036 1703 3105 distat.
1736 3046 1805 3100 ut
1836 3040 2050 3102 eadem
2082 3058 2225 3102 cum
2260 3040 2367 3103 illa
2416 3041 2590 3103 nullo
2640 3040 2829 3101 modo
2864 3039 3077 3101 haberi
3112 3040 3332 3119 possit.
3368 3041 3565 3111 Quam

288 3138 675 3217 ipsissimam
704 3154 804 3198 me
832 3136 898 3197 in
929 3134 1148 3198 codice
1178 3152 1294 3195 ms.
1328 3133 1477 3195 olim
1506 3136 1899 3213 Treverensi,
1938 3155 2127 3218 quem
2158 3138 2258 3200 Dr.
2292 3138 2595 3200 Binterim
2642 3158 2700 3200 v.
2750 3138 2828 3201 cl.
2861 3138 3066 3203 pretio
3101 3144 3376 3218 emptum
3418 3143 3563 3199 ante

289 3239 416 3302 hos
443 3238 918 3320 quatuordecim
953 3254 1152 3299 annos
1197 3236 1594 3299 Bollandistis
1624 3237 1689 3299 in
1721 3238 1933 3316 Belgia
1963 3239 2131 3302 dono
2164 3240 2357 3315 dedit,
2390 3241 2700 3303 detexisse
2747 3256 2825 3302 eo
2860 3240 3056 3319 magis
3094 3240 3358 3318 gaudeo,
3392 3238 3564 3319 quod

293 3356 437 3400 eam
466 3354 547 3399 ne
578 3337 886 3399 levissima
913 3336 1169 3415 quidem
1228 3336 1537 3399 eiusmodi
1585 3336 1923 3400 haereseos
1962 3339 2206 3402 macula
2236 3358 2641 3420 conspersam
2675 3358 2809 3403 esse
2836 3343 3042 3403 statim
3070 3340 3219 3401 mihi
3254 3338 3561 3418 persuasi.

291 3445 451 3504 Eam
480 3442 669 3520 igitur
689 3438 1043 3520 epistolam,
1082 3456 1243 3519 quae
1272 3440 1426 3519 quin
1457 3440 1704 3502 Macarii
1724 3441 2015 3521 Aegyptii
2047 3442 2125 3503 sit
2159 3442 2427 3505 dubitari
2459 3443 2704 3521 nequit,
2730 3443 2807 3504 ad
2837 3443 3022 3504 ﬁdem
3055 3441 3241 3502 trium
3272 3438 3563 3501 codicum

297 3544 509 3624 primo
554 3543 697 3604 loco
744 3541 1077 3603 edidimus.
1118 3540 1277 3603 Huic
1308 3541 1565 3603 alteram
1606 3558 1894 3620 graecam
1942 3544 2378 3605 subiunximus
2428 3561 2462 3605 e
2510 3544 2730 3605 codice
2766 3542 3155 3604 Berolinensi
3193 3547 3454 3613 erutam,
3495 3539 3562 3600 in

300 3663 428 3725 quo
472 3644 675 3705 eidem
715 3642 979 3705 Macario
1008 3643 1315 3723 Aegyptio
1347 3643 1577 3705 diserte
1610 3644 1922 3705 tribuitur.
1956 3647 2121 3717 Quae
2148 3664 2289 3707 cum
2321 3645 2569 3707 Macarii
2596 3645 2885 3724 Aegyptii
2910 3644 3184 3706 homiliis
3213 3644 3296 3704 ita
3326 3658 3561 3704 conve-

308 3751 422 3820 nit,
446 3756 512 3810 ut
540 3748 618 3809 ab
650 3748 875 3809 eodem
919 3753 1174 3809 auctore
1223 3746 1505 3826 profecta
1554 3764 1692 3809 esse
1736 3754 2050 3826 arguatur.
2099 3749 2304 3810 Tertia
2349 3765 2541 3827 porro
2592 3748 2854 3827 epistola
2900 3747 3271 3809 adscribitur
3315 3745 3564 3807 cuidam

315 3850 590 3924 Macario,
638 3866 829 3930 quem
877 3847 954 3910 ab
1000 3848 1307 3927 Aegyptio
1356 3847 1668 3908 diversum
1716 3865 1853 3909 esse
1903 3855 1966 3910 et
2013 3849 2209 3927 stylus
2247 3856 2308 3910 et
2343 3850 2791 3910 sententiarum
2830 3848 3247 3927 discrepantia
3294 3848 3562 3927 prodere

313 3955 609 4017 videntur.
642 3957 933 4027 Quartam
962 3951 1238 4030 denique
1268 3949 1599 4030 epistolam
1632 3950 1988 4012 addidimus
2018 3952 2211 4025 illam,
2245 3969 2431 4031 quam
2461 3951 2923 4013 Petitdidierius
2950 3949 3183 4030 publici
3205 3950 3355 4011 iuris
3388 3950 3558 4025 fecit,

306 4076 344 4122 δ
371 4058 549 4120 nobis
584 4057 662 4119 ad
711 4056 901 4118 ﬁdem
950 4055 1219 4116 duorum
1266 4053 1554 4116 codicum
1599 4055 2008 4132 recognitam.
2041 4056 2235 4127 Quam
2272 4055 2528 4134 quidem
2579 4054 2906 4133 epistolam
2956 4071 2990 4115 e
3040 4054 3249 4133 prima
3286 4060 3346 4114 et
3379 4054 3561 4116 tertia

305 4160 701 4240 compilatam
746 4175 906 4232 esse,
946 4157 998 4218 si
1042 4157 1206 4219 inter
1251 4174 1318 4219 se
1355 4158 1815 4236 comparaveris
1865 4157 2027 4233 illas,
2074 4157 2258 4221 facile
2311 4158 2647 4236 intelliges.
2697 4159 3031 4238 Reliquum
3066 4164 3180 4230 est,
3212 4164 3279 4218 ut
3309 4157 3561 4219 codices

304 4260 747 4322 describamus.

379 4363 623 4423 Primae
652 4360 952 4441 epistolae
982 4359 1233 4424 codices
1261 4366 1389 4422 tres
1418 4378 1580 4440 quos
1608 4361 1991 4425 contulimus
2041 4370 2186 4425 sunt
2222 4366 2560 4426 Vaticanus
2605 4364 3026 4427 bibliothecae
3060 4364 3404 4426 Christinae
3445 4361 3557 4424 588

306 4468 838 4541 membranaceus,
884 4483 1049 4529 saec.
1101 4468 1266 4540 XIII,
1320 4465 1385 4527 in
1431 4467 1661 4542 fol.,in
1713 4485 1841 4547 quo
1889 4469 2153 4547 epistola
2210 4469 2440 4547 legitur
2484 4470 2597 4531 fol.
2638 4468 2930 4544 112-114,
2977 4470 3371 4529 Treverensis
3404 4468 3558 4528 olim

308 4569 720 4633 bibliothecae
753 4571 814 4630 S.
866 4569 1184 4631 Maximini
1226 4569 1335 4648 qui
1382 4586 1548 4632 nunc
1586 4572 1753 4649 apud
1801 4570 2213 4631 Bollandistas
2246 4570 2313 4631 in
2342 4571 2552 4649 Belgia
2594 4579 2965 4646 asservatur,
3012 4570 3554 4642 membranaceus,

311 4689 465 4737 saec.
500 4674 632 4746 XV,
666 4673 730 4735 in
773 4672 911 4746 fol.,
947 4679 1009 4735 et
1056 4672 1534 4751 Conﬂuentinus
1579 4672 1999 4735 bibliothecae
2036 4673 2342 4752 gymnasii
2381 4673 2479 4748 23,
2531 4674 2919 4749 chartaceus,
2966 4691 3127 4736 saec.
3159 4675 3285 4747 XV,
3316 4675 3383 4733 in
3417 4672 3554 4745 fol.,

314 4780 409 4841 ubi
439 4778 550 4842 fol.
590 4778 721 4852 125,
753 4778 939 4839 2-127
977 4784 1197 4840 exstat.
1228 4780 1299 4839 In
1345 4778 1565 4839 codice
1592 4785 1803 4840 autem
1833 4779 2129 4841 Vaticano
2156 4779 2485 4859 epistolam
2528 4780 2849 4860 excipiunt
2892 4798 3119 4843 novem
3152 4779 3447 4841 historiae
3478 4777 3559 4839 de

316 4888 552 4943 mortuo
582 4900 617 4943 a
641 4883 907 4944 Macario
942 4882 1247 4962 Aegyptio
1278 4882 1666 4957 resuscitato,
1697 4883 1776 4945 de
1810 4884 2034 4946 eodem
2063 4884 2353 4957 Macario,
2386 4891 2722 4964 postquam
2749 4886 3035 4964 fatigatus
3071 4885 3287 4959 oravit,
3321 4884 3558 4945 elevato

322 4990 375 5044 et
401 4990 568 5045 trans
600 4983 834 5045 ﬂumen
860 4983 1159 5057 demisso,
1198 4982 1274 5045 de
1304 4984 1521 5045 cranio
1558 4984 1901 5046 sacerdotis
1948 4984 2196 5062 gentilis
2231 4985 2437 5046 eidem
2482 5003 2724 5065 poenas
2770 4987 3161 5048 infernarum
3200 4989 3555 5054 enarrante,

326 5087 393 5148 de
418 5088 660 5150 duobus
694 5086 1022 5150 monachis
1054 5104 1215 5167 quos
1244 5088 1310 5148 in
1344 5087 1547 5149 insula
1578 5089 1771 5149 eremi
1816 5088 2021 5150 nudos
2057 5090 2399 5160 invenerat,
2435 5090 2514 5150 de
2555 5090 2834 5151 eiusdem
2873 5087 3177 5156 doctrina,
3218 5105 3329 5147 cur
3370 5101 3554 5147 accc-

325 5193 545 5266 ptarum
577 5189 657 5249 ab
684 5186 1428 5250 hominibusiniuriarum
1455 5188 1918 5250 reminiscendo
1948 5189 2067 5249 vim
2100 5190 2439 5250 memoriae
2469 5188 2810 5263 laedamus,
2841 5186 3147 5249 malorum
3171 5201 3320 5247 vero
3348 5202 3382 5246 a
3403 5183 3555 5244 dac-

325 5289 593 5350 monibus
624 5288 1009 5349 inﬂictorum
1052 5287 1491 5349 recordatione
1520 5306 1651 5350 non
1688 5289 2030 5361 laedamus,
2062 5290 2139 5351 de
2168 5290 2433 5351 Macario
2472 5289 2777 5369 Aegyptio
2809 5304 2843 5349 e
2873 5285 3209 5367 sepulchro
3240 5291 3556 5346 mortuum

319 5389 638 5467 quendam,
672 5388 781 5468 qui
810 5387 1167 5466 depositum
1198 5386 1515 5465 quoddam
1542 5388 1653 5449 ubi
1684 5388 1963 5467 posuerit
1988 5388 2248 5462 indicet,
2281 5394 2601 5463 evocante,
2634 5388 2916 5449 eiusdem
2948 5403 3321 5466 responsum
3351 5385 3556 5446 Theo-

317 5491 454 5553 doro
483 5492 695 5554 abbati
736 5490 949 5552 datum
979 5490 1058 5551 de
1085 5494 1451 5569 paupertate
1480 5488 1762 5570 pulchris
1797 5490 2149 5553 actionibus
2182 5488 2616 5569 praeferenda,
2657 5489 2935 5551 eiusdem
2977 5488 3053 5549 ad
3089 5484 3455 5557 monachos,
3488 5490 3558 5546 ut

319 5595 769 5675 multiloquium
801 5593 1067 5670 fugiant,
1097 5591 1470 5667 exhortatio,
1503 5593 1778 5671 denique
1810 5593 2115 5655 sententia
2145 5593 2427 5654 eiusdem
2449 5592 2721 5666 Macarii,
2752 5609 2966 5653 verum
2990 5588 3369 5652 monachum
3398 5605 3559 5649 nun-

324 5713 483 5773 quam
525 5699 603 5762 ad
648 5695 1038 5760 iracundiam
1087 5694 1345 5769 moveri,
1397 5694 1507 5756 sed
1545 5711 1797 5775 semper
1844 5713 1910 5758 se
1952 5696 2224 5758 vincere.
2273 5695 2383 5756 His
2428 5694 2690 5773 aliisque
2728 5692 3033 5753 similibus
3064 5693 3312 5751 Patrum
3360 5688 3554 5751 eremi

325 5796 565 5866 historiis
605 5801 846 5879 plenus
881 5802 973 5857 est
1003 5797 1202 5860 codex
1231 5796 1358 5859 ille.
1399 5796 1605 5859 Codex
1633 5796 1788 5859 alter
1817 5796 1967 5858 olim
1996 5795 2393 5883 Tycvercnsis
2423 5794 2591 5857 hunc
2624 5810 2769 5873 prae
2811 5810 2875 5854 se
2918 5793 3038 5854 fert
3065 5791 3337 5853 indicem
3372 5809 3384 5850 :
3420 5791 3554 5850 Istz
