4016 6478
503 416 608 473 ωδ
1914 416 1968 469 S.
2013 415 2089 468 MA

2186 413 2296 468 1R1!
2334 410 2653 466 AEGYPTII
3673 412 3772 464 ωλι

505 535 904 590 continentur
935 532 1003 591 in
1037 532 1155 592 isto
1189 530 1498 590 volumine
1538 547 1649 606 per
1680 527 1960 586 ordinem
1989 523 2389 603 requirenda.
2437 522 2622 583 Liber
2665 522 2904 599 primus
2948 533 3217 578 vttarum
3262 529 3562 600 patrum.
3596 521 3776 581 Liber

505 630 834 689 secundus.
881 631 1020 691 Vita
1050 631 1268 692 Sancti
1296 631 1592 690 Frontini
1623 627 1868 688 abbatis
1897 626 2160 686 habetur
2184 633 2326 703 post
2362 623 2590 684 librum
2628 621 2982 683 secundum.
3006 621 3192 682 Liber
3227 623 3470 682 tertius
3502 621 3776 680 vitarum

507 736 791 796 Patrum.
837 735 1216 794 Vita-sancte
1236 735 1489 804 Marine
1519 733 1789 810 virginis
1822 750 1935 810 que
1966 732 2031 791 in
2059 730 2436 789 monasterio
2465 729 2742 787 virorum
2777 724 3054 804 degebat.
3098 727 3237 784 Vita
3273 724 3513 785 Sancti
3544 723 3776 783 Pacho-

507 833 621 892 mii
651 850 828 911 quem
862 831 1134 910 Angelus
1160 832 1412 892 Domini
1453 831 1750 890 erudivit.
1790 829 1974 890 Liber
2004 837 2263 907 quartus
2295 829 2568 888 vitarum
2605 835 2878 904 patrum.
2931 826 3070 884 Vita
3105 825 3330 886 Sancti
3364 825 3628 885 Abrahe
3657 823 3777 887 viri

509 931 620 991 dei
647 940 790 1009 post
823 944 1115 1011 quartum
1161 933 1389 993 librum
1430 932 1714 993 habetur.
1756 929 2048 1009 Epistola
2097 929 2260 989 beati
2304 927 2620 989 Macharii
2656 927 2900 988 abbatis
2943 928 3025 988 ad
3073 927 3232 1005 filios
3287 947 3449 987 suos
3497 926 3774 988 dilectos.

509 1031 724 1090 Sermo
765 1029 931 1091 beati
973 1033 1288 1094 athanasii
1325 1035 1752 1097 Alexandri-ne
1791 1034 2066 1095 civitatis
2110 1032 2382 1110 episcopi
2410 1031 2492 1090 ad
2521 1030 2872 1092 monachos.
2933 1030 3258 1107 Profectus
3305 1028 3779 1106 Religiosorum

507 1129 767 1190 moralis
805 1151 842 1190 a
893 1131 1068 1192 beato
1107 1135 1472 1196 Bernhardo
1511 1140 1763 1198 metrice
1817 1135 2211 1212 compositus.
2266 1133 2495 1194 0milia
2545 1132 2708 1193 beati
2755 1132 3105 1192 Bernhardi
3139 1149 3334 1210 super
3389 1130 3778 1208 evangelium

512 1231 670 1290 Ecce
693 1249 819 1290 non
861 1243 975 1292 etc.
1016 1235 1080 1293 in
1111 1234 1210 1295 die
1244 1235 1590 1297 Benedicti.
1641 1235 2129 1298 Constitutiones
2160 1232 2480 1292 Benedicti
2519 1251 2717 1310 papae
2764 1232 3111 1292 duodecimi
3156 1231 3228 1292 de
3270 1230 3514 1290 ordine
3562 1231 3776 1307 nigro-

510 1348 651 1389 rum
696 1332 1158 1398 monachorum.
1200 1333 1524 1395 Sermones
1568 1335 1731 1395 beati
1763 1333 2119 1394 Bernhardi
2168 1351 2353 1410 super
2386 1330 2698 1391 Psalmum
2729 1331 2852 1407 Qui
2893 1329 3156 1390 habitat.
3215 1331 3268 1390 Τ
3265 1337 3573 1389 ructatus
3620 1328 3776 1390 beati

510 1429 788 1489 Anselmi
828 1430 1274 1492 Cantuarensis
1320 1434 1593 1511 episcopi
1649 1434 1816 1494 Unde
1865 1450 2077 1509 supra.
2125 1431 2353 1492 Omilia
2387 1430 2603 1490 Sancti
2635 1429 2988 1490 Bernhardi
3038 1448 3223 1508 super
3266 1427 3678 1506 evangelium
3712 1430 3778 1490 de

513 1529 717 1588 decem
763 1532 1138 1609 virginibus.
1188 1537 1460 1614 Tempus
1506 1553 1677 1609 vero,
1718 1553 1846 1615 quo
1898 1536 2164 1614 scriptus
2211 1535 2288 1595 sit
2332 1534 2552 1605 codex,
2603 1533 2816 1594 notula
2859 1533 3013 1594 haec
3059 1533 3300 1595 indicat.
3359 1551 3373 1593 :
3426 1535 3618 1594 Anno
3669 1535 3772 1595 do-

510 1631 669 1690 mini
695 1630 836 1692 1461
877 1634 989 1694 sub
1027 1638 1370 1699 venerabili
1394 1648 1574 1717 patre
1615 1648 1671 1700 et
1698 1640 1945 1700 domino
1976 1639 2291 1700 Anthonio
2323 1637 2542 1698 abbate
2586 1638 2855 1716 scriptus
2886 1646 2972 1697 est
3002 1637 3162 1697 liber
3189 1640 3308 1698 iste
3347 1656 3472 1716 per
3516 1640 3775 1714 fratrem

511 1729 891 1791 Ludovicum
922 1735 1278 1814 Rathingen
1308 1739 1686 1816 professum.
1723 1739 1912 1800 Orate
1946 1758 2062 1817 pro
2110 1759 2200 1798 eo.
2241 1738 2485 1798 Tertius
2524 1737 2797 1814 denique
2828 1736 3049 1811 codex,
3081 1737 3598 1810 Confluentinus,
3641 1739 3773 1798 satis

511 1828 675 1888 bene
708 1838 1016 1908 exaratns,
1056 1842 1299 1899 constat
1333 1835 1498 1898 foliis
1525 1836 1660 1912 242,
1693 1844 1753 1898 et
1787 1837 1951 1898 foliis
1988 1837 2056 1897 21
2094 1855 2253 1917 quae
2284 1843 2500 1900 vacant
2521 1837 2845 1914 scriptura.
2875 1834 3039 1896 Folia
3087 1835 3425 1898 chartacea
3465 1837 3773 1898 antecedit

511 1943 710 1987 unum
747 1945 1198 2006 pergamenum
1258 1953 1401 1996 cum
1429 1936 1638 1998 indice
1668 1940 1972 1998 rerumln
1996 1939 2338 2015 tegumenti
2367 1945 2541 2016 parte
2569 1937 3038 2013 interiorelegis
3064 1954 3075 1996 :
3101 1937 3224 1997 Iste
3245 1937 3420 1997 liber
3445 1948 3561 1998 est.
3595 1940 3765 1998 mihi.

515 2025 588 2086 de
617 2027 840 2089 Merle.
872 2031 943 2091 In
973 2031 1093 2093 hoc
1123 2040 1329 2095 autem
1357 2033 1574 2104 eodice
1602 2036 1757 2099 haec
1795 2037 2198 2098 continentur
2230 2055 2242 2096 :
2278 2037 2388 2097 fol.
2426 2035 2635 2109 1-33,?2
2666 2036 2822 2096 liber
2849 2036 3162 2096 secundus
3189 2036 3472 2097 vitarum
3500 2039 3766 2111 Patrum,

513 2141 550 2186 ει
600 2126 924 2189 Rosweido
977 2130 1178 2192 editus
1224 2137 1398 2194 Antv.
1448 2133 1592 2194 1628
1643 2154 1708 2215 p.
1759 2135 1869 2195 448
1905 2154 2071 2216 sqq.,

2181 2135 2208 2195 ul
2233 2184 2246 2195 .
2283 2134 2634 2209 34,1-125,1
2687 2135 2846 2196 liber
2873 2135 3127 2214 quintus
3157 2141 3217 2196 et
3261 2144 3490 2197 sextus
3521 2137 3767 2198 vitarum

516 2224 769 2288 Patrum
834 2230 1058 2302 [Rosw.
1109 2251 1171 2311 p.
1207 2233 1316 2292 562
1349 2252 1516 2314 sqq.,
1554 2235 1667 2296 644
1715 2241 1907 2316 sqq.],
1953 2237 2062 2298 fol.

2181 2236 2508 2310 ῑ5,2-127,1
2549 2237 2755 2298 Sancti
2798 2237 3044 2297 Macarii
3095 2237 3367 2316 epistola
3418 2238 3500 2298 ad
3549 2238 3703 2299 filios
3740 2255 3767 2299 a

517 2325 701 2386 nobis
734 2332 1003 2406 primum
1049 2333 1114 2394 in
1163 2335 1368 2396 lucem
1403 2338 1666 2416 prolata,
1704 2339 1815 2400 fol.
1853 2340 2241 2414 127,1-138,1
2281 2365 2307 2395 ‹‹
2344 2342 2652 2419 Excerpta
2681 2340 2852 2401 utilia
2887 2363 2913 2395 ››
2946 2359 2980 2401 0
3010 2341 3169 2401 libro
3201 2342 3487 2420 septimo
3518 2343 3768 2402 vitarum

516 2425 767 2487 Patrum
806 2432 1028 2504 [Rosw.
1103 2452 1166 2512 p.
1201 2434 1362 2510 665],
1393 2436 1503 2497 fol.
1549 2437 1945 2512 138,1-141,2
1988 2441 2102 2499 vita

2181 2473 2207 2498 ›.
2258 2439 2430 2499 Pauli
2480 2441 2703 2514 [Rosw.
2757 2458 2818 2517 p.
2867 2437 2931 2498 17
2981 2443 3171 2518 sqq.],
3207 2440 3324 2500 fol.
3383 2439 3767 2512 142,1ο168,2

514 2533 638 2594 vita
669 2535 728 2593 S.
761 2538 1011 2598 Antonii
1039 2538 1279 2601 abbatis
1312 2544 1535 2617 [Rosw.
1595 2561 1660 2622 p.
1691 2543 1764 2604 35
1787 2547 1976 2623 sqq.],
2009 2543 2120 2604 fol.
2159 2541 2553 2616 168,2-178,2
2582 2543 2703 2604 vita
2730 2545 2792 2602 S.
2822 2543 3158 2604 Hilarionis
3185 2543 3492 2604 monachi
3554 2545 3760 2618 [RGSVL

518 2653 585 2714 p.
619 2636 694 2696 75
726 2642 916 2717 sqq.],
964 2640 1075 2701 fol.
1117 2642 1506 2718 178,2-183,1
1544 2646 1663 2708 vita
1697 2649 1758 2706 S.
1795 2647 2066 2708 Simonis
2096 2647 2346 2726 Stylitae
2396 2649 2620 2722 [_Rosw.
2672 2665 2737 2725 p.
2803 2645 2912 2706 170
2963 2651 3154 2726 sqq.],
3205 2647 3321 2708 fol.
3374 2645 3762 2718 183,1-185,2

517 2743 644 2831 vita
693 2743 754 2802 8.
809 2743 1032 2806 Malchi
1080 2748 1304 2826 captivi
1350 2749 1642 2810 monachi
1697 2752 1921 2825 [Rosw.
1995 2771 2058 2831 p.
2115 2750 2238 2827 93],
2276 2751 2385 2811 fol.
2445 2748 2839 2824 185,2-188,2
2873 2750 2994 2811 vita
3046 2752 3107 2809 S.
3160 2750 3494 2810 Frontonii
3546 2747 3760 2807 abbatis

520 2826 744 2904 [Rosw.
831 2864 894 2923 p.
949 2847 1062 2908 238
1122 2853 1314 2928 sqq.],
1364 2851 1472 2911 fol.
1515 2849 1901 2926 188,2-190,1
1954 2826 2073 2913 vita
2121 2826 2491 2913 S.7Marinae
2541 2852 2792 2928 virginis
2861 2853 3082 2926 [Rosw.
3164 2870 3227 2930 p.
3281 2851 3400 2911 393
3455 2852 3602 2928 sq.],
3665 2844 3792 2920 fol._

526 2943 913 3020 190,1-194,1
948 2949 1010 3007 8.
1044 2949 1355 3012 Athanasii
1389 2968 1595 3012 sermo
1637 2953 1714 3013 ad
1743 2952 2086 3015 monachos
2121 2971 2133 3013 :
2171 2976 2198 3007 «
2233 2955 2304 3012 Et.
2334 2951 2385 3011 si
2415 2951 2560 3028 quid
2598 2950 2990 3027 gloriari—et
3019 2951 3181 3013 Deus
3212 2950 3392 3031 pacis
3423 2951 3544 3009 erit
3570 2945 3760 3007 vobis-

521 3065 667 3109 cum
709 3072 762 3123 ιι,
799 3048 906 3126 qui
935 3057 1131 3111 exstat
1160 3051 1224 3111 in
1257 3053 1317 3112 S.
1351 3053 1667 3113 Athanasii
1691 3055 1852 3134 Opp.
1883 3055 1982 3115 ed.
2016 3056 2248 3117 Bened.
2282 3055 2510 3116 Patavii
2545 3053 2686 3115 1777
2721 3054 2790 3113 Τ.
2833 3053 2890 3114 ΙΙ
2963 3073 3028 3132 p.
3064 3053 3201 3128 642,
3234 3054 3348 3114 fol.
3392 3045 3752 3126 194,1-198,1

520 3147 643 3208 vita
672 3149 732 3208 S.
765 3149 1047 3226 Pelagiae
1086 3152 1430 3214 meretricis
1473 3156 1698 3229 [Rosw.
1768 3173 1833 3234 p.
1874 3154 1985 3216 376
2024 3160 2216 3234 sqq.],
2251 3157 2360 3218 fol.
2402 3153 2791 3230 198,1-210,1
2836 3151 2957 3214 vita
2986 3156 3090 3214 SS.
3123 3155 3392 3233 Epicteti
3430 3145 3760 3233 presbyteri

522 3252 586 3310 et
611 3248 881 3310 Astionis
915 3252 1208 3313 monachi
1239 3255 1464 3328 [Rosw.
1526 3274 1590 3336 p.
1625 3255 1732 3317 211
1767 3260 1957 3336 sqq.],
2003 3257 2112 3318 fol.
2161 3257 2562 3332 210,1-218,2
2602 3257 2725 3318 vita
2764 3257 2826 3316 S.
2866 3255 3144 3318 Abrahae
3183 3258 3489 3318 eremitae
3555 3255 3755 3328 iRosw.

522 3365 590 3427 p.
628 3347 738 3408 144
786 3354 951 3428 sqq.]
983 3357 1044 3412 et
1072 3352 1193 3413 vita
1238 3355 1298 3413 S.
1330 3355 1558 3416 Mariae
1607 3357 1951 3419 meretricis
1981 3358 2188 3437 neptis
2230 3358 2510 3420 Abrahae
2559 3357 2853 3418 eremitae
2904 3358 3125 3430 [Rosw.
3188 3376 3252 3436 p.
3289 3357 3408 3417 368
3446 3357 3635 3433 sqq.],
3663 3346 3755 3410 fol.

525 3446 927 3526 218,2-222,2
958 3454 1078 3515 vita
1107 3456 1169 3516 S.
1201 3455 1652 3535 Euphrosynae
1683 3459 1932 3536 virginis
1970 3462 2111 3535 [Bos

2169 3478 2195 3518 ν.
2257 3460 2463 3539 p.363
2509 3462 2702 3538 sqq.],
2733 3457 2842 3519 fol.
2877 3457 3267 3530 222,2-231,1
3307 3459 3429 3518 vita
3461 3459 3523 3515 8.
3555 3449 3755 3513 Mariae

523 3549 942 3628 Aegyptiacae
992 3554 1216 3626 [Rosw.
1303 3575 1367 3635 p.
1419 3557 1531 3616 382
1581 3560 1939 3638 sqq.],-fol.
1996 3560 2391 3635 231,1-242,1
2455 3561 2709 3622 Palladii
2774 3560 3045 3621 Historia
3089 3560 3389 3620 Lausiaca
3443 3571 3644 3634 usque
3691 3549 3752 3611 ad

524 3647 759 3709 verba:
795 3673 821 3704 α
856 3649 934 3710 de
971 3653 1266 3729 periculis
1312 3656 1578 3718 liberare
1624 3664 1686 3719 et
1731 3675 2186 3735 cognoscamus
2235 3678 2446 3721 earum
2496 3662 2666 3740 apud
2710 3662 3034 3724 dominum
3079 3659 3430 3740 potentiam
3475 3682 3501 3712 »
3539 3659 3750 3733 [ROSW-

525 3767 590 3829 p.
629 3749 1011 3827 964-9992].
1046 3754 1313 3834 Explicit
1338 3756 1541 3819 codex
1571 3779 1591 3818 :
1622 3759 1696 3818 Et
1723 3757 1813 3820 sic
1846 3765 1940 3820 est
1980 3759 2119 3820 finis
2149 3759 2336 3820 huius
2370 3759 2682 3840 cpusculi.

1513 3925 1694 3996 Penna
1725 3924 1829 3978 fuit
1857 3924 1982 3979 vilis
2014 3934 2070 3980 et
2101 3925 2278 3994 palma
2308 3923 2454 3996 [fuit]
2485 3925 2740 3996 puerilis;

1508 3994 1718 4048 Dentur
1747 4011 1848 4064 pro
1884 4010 2061 4064 penna
2091 3994 2345 4066 scriptori
2373 3994 2576 4051 caelic'a
2608 4011 2791 4065 regna.

603 4161 943 4240 Epistolam
990 4162 1328 4225 secundam
1383 4181 1668 4242 graecam
1716 4185 1750 4228 e
1800 4169 1942 4230 cod.
1991 4188 2106 4230 ms.
2154 4187 2246 4248 gr.
2291 4171 2366 4232 N°
2403 4168 2470 4230 16
2525 4169 2683 4230 Bibl.
2735 4172 2891 4247 Reg.
2934 4168 3358 4230 Berolinensis
3396 4159 3742 4242 bombycino

529 4264 800 4342 optimae
850 4272 1038 4327 notae
1081 4266 1148 4326 in
1184 4266 1320 4341 fo|.,
1350 4268 1457 4341 ubi
1487 4267 1824 4331 duodecim
1852 4271 2084 4333 ultimis
2113 4292 2115 4332 :

2155 4271 2279 4333 )liis
2308 4278 2505 4333 exstat
2535 4271 2651 4332 sub
2682 4271 2862 4331 titulo
2899 4287 2911 4330 :
2962 4284 3056 4331 τοῦ
3093 4278 3258 4331 αὐτοῦ
3294 4278 3452 4347 ἁγίου
3501 4267 3741 4340 Μεγαρὲου

529 4370 777 4428 ἐπιστολή
811 4373 1013 4445 μεγάλη
1035 4376 1124 4426 καὶ
1155 4373 1292 4429 πάνυ
1314 4376 1601 4447 ὠφιέλιμσς,
1643 4371 1971 4451 descripsi.
2009 4377 2115 4434 An‘

2137 4373 2405 4435 ecedunt
2432 4372 2582 4433 inde
2623 4372 2700 4432 ab
2745 4373 2920 4432 initio
2952 4371 3187 4433 codicis
3240 4384 3346 4430 Τοῦ
3377 4365 3723 4438 ὁσίουπατρός

526 4469 676 4538 ἡμῶν
699 4475 976 4544 Μακαρὶου
1002 4480 1098 4528 τοῦ
1122 4477 1411 4547 αἰγυπτίον
1434 4477 1632 4550 ὁμιλίαι
1659 4481 2184 4552 ωευματικαὶ,πάνυ
2208 4463 2400 4540 πολλῆς
2427 4480 2681 4552 ὠφελείας
2709 4478 3132 4552 πεπληρωμέναι,
3173 4480 3294 4552 περὶ
3317 4483 3413 4536 τῆς
3443 4465 3743 4542 ὀφειλομένης

529 4573 618 4625 καὶ
643 4570 1080 4646 σπουδαζομένης
1100 4584 1436 4648 χριστιανοῖς
1467 4577 1828 4638 τελειότητος-ς
1861 4571 2032 4632 unde
2061 4589 2115 4651 Θ]

2151 4571 2384 4633 istolam
2413 4570 2574 4631 hanc
2619 4569 2898 4629 eiusdem
2937 4587 3073 4631 esse
3101 4573 3346 4633 Macarii
3380 4566 3737 4632 manifestum

529 4672 643 4727 est.
694 4667 780 4728 De
824 4667 946 4728 hoc
990 4669 1206 4730 codice
1261 4669 1437 4748 plura
1487 4670 1771 4732 invenies
1817 4672 1979 4732 infra
2029 4679 2276 4732 nostrae
2312 4669 2573 4731 editioni
2623 4671 2685 4728 S.
2735 4670 2983 4731 Macarii
3028 4672 3318 4750 Aegyptii
3367 4665 3738 4732 Homiliarum

525 4768 887 4844 praemissa.
922 4769 1289 4830 Versionem
1325 4771 1626 4851 epistolae
1658 4771 1912 4832 latinam
1945 4777 2220 4832 nostram
2252 4769 2629 4832 addidimus.

474 4892 485 4953 ί
604 4867 692 4927 Ad
736 4869 978 4930 tertiam
1009 4869 1337 4947 epistolam
1370 4871 1538 4950 quod
1569 4871 1807 4940 attinet,
1840 4870 2256 4932 bibliothecae
2292 4869 2724 4946 Burgundicae
2763 4868 3182 4931 Bruxellensis
3214 4871 3493 4931 codicem
3522 4861 3736 4924 charta-

524 4985 730 5042 ceum,
763 4988 925 5032 saec.
957 4971 1084 5044 XV,
1118 4971 1184 5032 in
1219 4970 1356 5045 fol.,
1393 4974 1467 5032 Νο
1508 4972 1719 5045 15010,
1751 4971 1859 5032 ubi
1890 4977 2088 5032 exstat
2113 4969 2224 5031 fol.
2259 4970 2355 5044 67,
2389 4971 2447 5043 2,
2482 4971 2636 5048 quin
2668 4989 2812 5032 cum
2845 4978 3017 5032 textu
3062 4972 3368 5033 Holstenii
3401 4965 3538 5028 Cod.
3595 4961 3726 5027 Reg-

525 5075 593 5132 T.
627 5075 652 5132 Ι
710 5093 769 5153 p.
804 5073 872 5134 21
911 5073 1220 5135 Bruxellis
1257 5091 1510 5136 versans
1543 5073 1919 5147 conferrem,
1951 5072 2291 5152 impeditus
2334 5089 2494 5132 sum.
2526 5072 2796 5132 Titulum
2827 5071 3029 5133 solum
3061 5078 3121 5132 et
3165 5071 3498 5133 clausulam
3526 5079 3595 5124 ex
3632 5055 3735 5114 hoc

527 5170 744 5232 codice
780 5171 1080 5250 descripsi
1119 5180 1179 5233 et
1207 5190 1320 5234 suo
1357 5171 1498 5234 loco
1530 5173 1765 5252 recepi.
1799 5174 2083 5232 Ceterum
2112 5169 2360 5233 Macarii
2386 5170 2787 5232 Alexandrini
2817 5188 2954 5232 esse
2987 5170 3312 5249 epistolam
3341 5164 3498 5230 haud
3527 5162 3731 5220 temere

528 5272 832 5351 suspicari
867 5274 1018 5334 mihi
1050 5275 1285 5336 videor.

609 5373 870 5444 Quartae
918 5372 1190 5450 denique
1238 5375 1538 5454 epistolae
1585 5393 1621 5437 a
1668 5373 1881 5436 nescio
1913 5389 2038 5451 quo
2085 5371 2549 5434 consarcinatae
2604 5373 2855 5434 codices
2901 5373 3050 5445 duo,
3091 5389 3249 5450 quos
3317 5362 3558 5432 contuli,
3606 5355 3725 5458 511.1]:

537 5469 1029 5531 Vindobone-nsis
1062 5447 1478 5536 bibliothecae
1517 5476 1856 5536 Caesareae
1888 5447 2064 5546 4800,
2103 5474 2250 5535 olim
2289 5473 2429 5535 cod.
2463 5473 2656 5533 theol.
2711 5470 2846 5544 361,
2895 5447 3342 5542 membranae,
3396 5480 3546 5528 saec.
3590 5447 3718 5546 Χιῖο

528 5571 638 5631 ubi
668 5577 864 5633 exstat
909 5572 1018 5633 fol.
1091 5571 1222 5647 146,
1264 5572 1322 5646 2,
1366 5580 1427 5634 et
1455 5573 1877 5633 Bruxellensis
1910 5543 2323 5633 bibliothecae
2371 5571 2804 5647 Burgundicae
2834 5569 3198 5631 chartaceus
3227 5586 3387 5630 saec.
3420 5561 3513 5624 XV
3540 5557 3596 5616 in
3624 5543 3714 5647 f0}-

533 5670 607 5730 N'
666 5669 887 5746 15011,
945 5672 1054 5734 ubi
1106 5644 1332 5750 legitur
1384 5671 1496 5733 fol.
1551 5671 1711 5744 68,1.
1767 5670 2056 5733 Codicem
2103 5671 2380 5751 priorem
2428 5644 2756 5750 descripsit
2802 5671 2988 5732 Denis
3040 5668 3228 5731 Catal.
3272 5667 3405 5729 Vol.
3452 5661 3502 5721 Il
3547 5653 3606 5714 T-
3666 5644 3714 5722 Ῐρ

535 5786 600 5847 p.
664 5766 798 5827 802.
