  <div class='ocr_page' id='page_1' title='image "/cluster/home/n/w/nwhite01/storage/ocr_20150623/34/coo.31924054869312/216.png"; bbox 0 0 4016 6448; ppageno 0'>
   <div class='ocr_carea' id='block_1_1' title="bbox 354 397 3626 460">
    <p class='ocr_par' dir='ltr' id='par_1_1' title="bbox 354 397 3626 460">
     <span class='ocr_line' id='line_1_1' title="bbox 354 397 3626 460; baseline 0 0"><span class='ocrx_word' id='word_1_1' title='bbox 354 397 461 460; x_wconf 64' lang='grc'>805</span> <span class='ocrx_word' id='word_1_2' title='bbox 1789 398 2190 456; x_wconf 79' lang='lat' dir='ltr'>EPISTOLAE.</span> <span class='ocrx_word' id='word_1_3' title='bbox 3521 405 3626 460; x_wconf 77' lang='lat'>406</span> 
     </span>
    </p>
   </div>
   <div class='ocr_carea' id='block_1_2' title="bbox 439 520 3632 602">
    <p class='ocr_par' dir='ltr' id='par_1_2' title="bbox 439 520 3632 602">
     <span class='ocr_line' id='line_1_2' title="bbox 439 520 3632 602; baseline 0.001 -19"><span class='ocrx_word' id='word_1_4' title='bbox 439 520 791 602; x_wconf 81' lang='lat' dir='ltr'>Reliquum</span> <span class='ocrx_word' id='word_1_5' title='bbox 825 527 921 584; x_wconf 89' lang='lat' dir='ltr'>est</span> <span class='ocrx_word' id='word_1_6' title='bbox 956 527 1023 583; x_wconf 90' lang='lat' dir='ltr'>ut</span> <span class='ocrx_word' id='word_1_7' title='bbox 1061 536 1351 582; x_wconf 89' lang='lat' dir='ltr'>moneam</span> <span class='ocrx_word' id='word_1_8' title='bbox 1408 523 1468 582; x_wconf 93' lang='lat' dir='ltr'>S.</span> <span class='ocrx_word' id='word_1_9' title='bbox 1511 521 1764 582; x_wconf 82' lang='lat' dir='ltr'>Macarii</span> <span class='ocrx_word' id='word_1_10' title='bbox 1795 520 2083 600; x_wconf 73' lang='lat' dir='ltr'>Aegyptii</span> <span class='ocrx_word' id='word_1_11' title='bbox 2118 520 2520 599; x_wconf 88' lang='lat' dir='ltr'>epistolarum</span> <span class='ocrx_word' id='word_1_12' title='bbox 2561 521 2745 582; x_wconf 88' lang='lat' dir='ltr'>etiam</span> <span class='ocrx_word' id='word_1_13' title='bbox 2793 520 2948 581; x_wconf 87' lang='lat' dir='ltr'>alios</span> <span class='ocrx_word' id='word_1_14' title='bbox 2986 520 3234 583; x_wconf 83' lang='lat' dir='ltr'>codices</span> <span class='ocrx_word' id='word_1_15' title='bbox 3281 538 3432 584; x_wconf 89' lang='lat' dir='ltr'>mss.</span> <span class='ocrx_word' id='word_1_16' title='bbox 3473 540 3632 586; x_wconf 88' lang='lat' dir='ltr'>non-</span> 
     </span>
    </p>
   </div>
   <div class='ocr_carea' id='block_1_3' title="bbox 369 623 3631 704">
    <p class='ocr_par' dir='ltr' id='par_1_3' title="bbox 369 623 3631 704">
     <span class='ocr_line' id='line_1_3' title="bbox 369 623 3631 704; baseline -0.001 -16"><span class='ocrx_word' id='word_1_17' title='bbox 369 627 521 688; x_wconf 91' lang='lat' dir='ltr'>dum</span> <span class='ocrx_word' id='word_1_18' title='bbox 554 626 825 689; x_wconf 87' lang='lat' dir='ltr'>collatos</span> <span class='ocrx_word' id='word_1_19' title='bbox 877 627 943 688; x_wconf 90' lang='lat' dir='ltr'>in</span> <span class='ocrx_word' id='word_1_20' title='bbox 976 626 1372 689; x_wconf 86' lang='lat' dir='ltr'>bibliothecis</span> <span class='ocrx_word' id='word_1_21' title='bbox 1403 626 1794 688; x_wconf 84' lang='lat' dir='ltr'>delitescere.</span> <span class='ocrx_word' id='word_1_22' title='bbox 1825 625 1924 687; x_wconf 90' lang='lat' dir='ltr'>Sic</span> <span class='ocrx_word' id='word_1_23' title='bbox 1966 631 2124 688; x_wconf 87' lang='lat' dir='ltr'>teste</span> <span class='ocrx_word' id='word_1_24' title='bbox 2170 624 2469 703; x_wconf 83' lang='lat' dir='ltr'>Catalogo</span> <span class='ocrx_word' id='word_1_25' title='bbox 2516 624 2696 686; x_wconf 90' lang='lat' dir='ltr'>codd.</span> <span class='ocrx_word' id='word_1_26' title='bbox 2742 623 3005 704; x_wconf 83' lang='lat' dir='ltr'>Angliae</span> <span class='ocrx_word' id='word_1_27' title='bbox 3032 625 3172 686; x_wconf 89' lang='lat' dir='ltr'>Vol.</span> <span class='ocrx_word' id='word_1_28' title='bbox 3202 627 3231 686; x_wconf 93' lang='grc' dir='ltr'><strong>Ι</strong></span> <span class='ocrx_word' id='word_1_29' title='bbox 3259 631 3320 688; x_wconf 90' lang='lat' dir='ltr'>et</span> <span class='ocrx_word' id='word_1_30' title='bbox 3348 627 3402 686; x_wconf 92' lang='lat' dir='ltr'>II</span> <span class='ocrx_word' id='word_1_31' title='bbox 3434 632 3631 687; x_wconf 76' lang='lat' dir='ltr'>exstat</span> 
     </span>
    </p>
   </div>
   <div class='ocr_carea' id='block_1_4' title="bbox 369 722 3631 803">
    <p class='ocr_par' dir='ltr' id='par_1_4' title="bbox 369 722 3631 803">
     <span class='ocr_line' id='line_1_4' title="bbox 369 722 3631 803; baseline -0.001 -16"><span class='ocrx_word' id='word_1_32' title='bbox 369 728 436 787; x_wconf 87' lang='lat' dir='ltr'>in</span> <span class='ocrx_word' id='word_1_33' title='bbox 473 725 660 788; x_wconf 90' lang='lat' dir='ltr'>codd.</span> <span class='ocrx_word' id='word_1_34' title='bbox 693 727 955 803; x_wconf 87' lang='lat' dir='ltr'>Digbaei</span> <span class='ocrx_word' id='word_1_35' title='bbox 1001 728 1074 787; x_wconf 88' lang='lat' dir='ltr'>N°</span> <span class='ocrx_word' id='word_1_36' title='bbox 1128 725 1280 787; x_wconf 62' lang='lat' dir='ltr'>163&#39;s</span> <span class='ocrx_word' id='word_1_37' title='bbox 1329 726 1482 788; x_wconf 86' lang='lat' dir='ltr'>etin</span> <span class='ocrx_word' id='word_1_38' title='bbox 1523 725 1708 788; x_wconf 92' lang='lat' dir='ltr'>codd.</span> <span class='ocrx_word' id='word_1_39' title='bbox 1761 723 1998 790; x_wconf 90' lang='lat' dir='ltr'>Bodlei.</span> <span class='ocrx_word' id='word_1_40' title='bbox 2049 727 2124 787; x_wconf 93' lang='lat' dir='ltr'>N°</span> <span class='ocrx_word' id='word_1_41' title='bbox 2164 723 2421 799; x_wconf 89' lang='lat'>2211,22</span> <span class='ocrx_word' id='word_1_42' title='bbox 2456 741 2527 785; x_wconf 88' lang='lat' dir='ltr'>ac</span> <span class='ocrx_word' id='word_1_43' title='bbox 2573 725 2648 784; x_wconf 90' lang='lat' dir='ltr'>N°</span> <span class='ocrx_word' id='word_1_44' title='bbox 2695 723 2910 798; x_wconf 89' lang='lat'>2572,8</span> <span class='ocrx_word' id='word_1_45' title='bbox 2940 724 3214 784; x_wconf 80' lang='lat' dir='ltr'>Macarii</span> <span class='ocrx_word' id='word_1_46' title='bbox 3243 722 3504 801; x_wconf 86' lang='lat' dir='ltr'>epistola</span> <span class='ocrx_word' id='word_1_47' title='bbox 3548 723 3631 784; x_wconf 85' lang='lat' dir='ltr'>ad</span> 
     </span>
    </p>
   </div>
   <div class='ocr_carea' id='block_1_5' title="bbox 371 821 3630 906">
    <p class='ocr_par' dir='ltr' id='par_1_5' title="bbox 371 821 3630 906">
     <span class='ocr_line' id='line_1_5' title="bbox 371 821 3630 906; baseline 0 -25"><span class='ocrx_word' id='word_1_48' title='bbox 371 824 560 900; x_wconf 80' lang='lat' dir='ltr'>ﬁlios,</span> <span class='ocrx_word' id='word_1_49' title='bbox 597 825 661 884; x_wconf 92' lang='lat' dir='ltr'>in</span> <span class='ocrx_word' id='word_1_50' title='bbox 706 825 894 886; x_wconf 90' lang='lat' dir='ltr'>codd.</span> <span class='ocrx_word' id='word_1_51' title='bbox 946 824 1182 886; x_wconf 90' lang='lat' dir='ltr'>Bodlei.</span> <span class='ocrx_word' id='word_1_52' title='bbox 1233 827 1307 886; x_wconf 82' lang='lat' dir='ltr'>N°</span> <span class='ocrx_word' id='word_1_53' title='bbox 1359 823 1616 900; x_wconf 88' lang='lat'>2229,13</span> <span class='ocrx_word' id='word_1_54' title='bbox 1654 832 1715 887; x_wconf 90' lang='lat' dir='ltr'>et</span> <span class='ocrx_word' id='word_1_55' title='bbox 1741 827 2166 906; x_wconf 82' lang='lat' dir='ltr'>Cantabrigiae</span> <span class='ocrx_word' id='word_1_56' title='bbox 2212 826 2278 886; x_wconf 90' lang='lat' dir='ltr'>in</span> <span class='ocrx_word' id='word_1_57' title='bbox 2327 825 2467 887; x_wconf 89' lang='lat' dir='ltr'>cod.</span> <span class='ocrx_word' id='word_1_58' title='bbox 2512 825 2736 886; x_wconf 90' lang='lat' dir='ltr'>domus</span> <span class='ocrx_word' id='word_1_59' title='bbox 2771 827 2832 884; x_wconf 94' lang='lat' dir='ltr'>S.</span> <span class='ocrx_word' id='word_1_60' title='bbox 2883 824 3047 884; x_wconf 90' lang='lat' dir='ltr'>Petri</span> <span class='ocrx_word' id='word_1_61' title='bbox 3076 825 3150 884; x_wconf 90' lang='lat' dir='ltr'>N°</span> <span class='ocrx_word' id='word_1_62' title='bbox 3196 821 3449 896; x_wconf 90' lang='lat'>1776,15</span> <span class='ocrx_word' id='word_1_63' title='bbox 3483 823 3630 883; x_wconf 89' lang='lat' dir='ltr'>Ma-</span> 
     </span>
    </p>
   </div>
   <div class='ocr_carea' id='block_1_6' title="bbox 379 921 3630 1003">
    <p class='ocr_par' dir='ltr' id='par_1_6' title="bbox 379 921 3630 1003">
     <span class='ocr_line' id='line_1_6' title="bbox 379 921 3630 1003; baseline -0.001 -19"><span class='ocrx_word' id='word_1_64' title='bbox 379 925 537 984; x_wconf 86' lang='lat' dir='ltr'>carii</span> <span class='ocrx_word' id='word_1_65' title='bbox 579 925 840 1003; x_wconf 79' lang='lat' dir='ltr'>epistola</span> <span class='ocrx_word' id='word_1_66' title='bbox 869 926 952 986; x_wconf 92' lang='lat' dir='ltr'>ad</span> <span class='ocrx_word' id='word_1_67' title='bbox 977 927 1329 996; x_wconf 78' lang='lat' dir='ltr'>monachos,</span> <span class='ocrx_word' id='word_1_68' title='bbox 1372 927 1439 988; x_wconf 89' lang='lat' dir='ltr'>in</span> <span class='ocrx_word' id='word_1_69' title='bbox 1479 927 1667 989; x_wconf 90' lang='lat' dir='ltr'>codd.</span> <span class='ocrx_word' id='word_1_70' title='bbox 1700 926 1854 989; x_wconf 89' lang='lat' dir='ltr'>eccl.</span> <span class='ocrx_word' id='word_1_71' title='bbox 1885 928 2162 990; x_wconf 87' lang='lat' dir='ltr'>cathedr.</span> <span class='ocrx_word' id='word_1_72' title='bbox 2195 925 2672 987; x_wconf 87' lang='lat' dir='ltr'>Sarisburiensis</span> <span class='ocrx_word' id='word_1_73' title='bbox 2718 926 2792 986; x_wconf 89' lang='lat' dir='ltr'>N°</span> <span class='ocrx_word' id='word_1_74' title='bbox 2830 923 2978 985; x_wconf 87' lang='lat'>1042</span> <span class='ocrx_word' id='word_1_75' title='bbox 3006 923 3280 985; x_wconf 81' lang='lat' dir='ltr'>Macarii</span> <span class='ocrx_word' id='word_1_76' title='bbox 3309 921 3630 1000; x_wconf 80' lang='lat' dir='ltr'>epistolae.</span> 
     </span>
    </p>
   </div>
   <div class='ocr_carea' id='block_1_7' title="bbox 380 1020 3632 1102">
    <p class='ocr_par' dir='ltr' id='par_1_7' title="bbox 380 1020 3632 1102">
     <span class='ocr_line' id='line_1_7' title="bbox 380 1020 3632 1102; baseline -0.002 -19"><span class='ocrx_word' id='word_1_77' title='bbox 380 1024 555 1084; x_wconf 89' lang='lat' dir='ltr'>Teste</span> <span class='ocrx_word' id='word_1_78' title='bbox 604 1025 1073 1086; x_wconf 85' lang='lat' dir='ltr'>Montfauconio</span> <span class='ocrx_word' id='word_1_79' title='bbox 1121 1031 1318 1086; x_wconf 80' lang='lat' dir='ltr'>exstat</span> <span class='ocrx_word' id='word_1_80' title='bbox 1345 1024 1680 1086; x_wconf 82' lang='lat' dir='ltr'>Mediolani</span> <span class='ocrx_word' id='word_1_81' title='bbox 1726 1024 1793 1086; x_wconf 89' lang='lat' dir='ltr'>in</span> <span class='ocrx_word' id='word_1_82' title='bbox 1834 1025 2020 1087; x_wconf 91' lang='lat' dir='ltr'>codd.</span> <span class='ocrx_word' id='word_1_83' title='bbox 2059 1025 2296 1102; x_wconf 86' lang='lat' dir='ltr'>graccis</span> <span class='ocrx_word' id='word_1_84' title='bbox 2324 1023 2483 1084; x_wconf 87' lang='lat' dir='ltr'>Bibl.</span> <span class='ocrx_word' id='word_1_85' title='bbox 2526 1023 2968 1084; x_wconf 84' lang='lat' dir='ltr'>Ambrosianae</span> <span class='ocrx_word' id='word_1_86' title='bbox 3004 1022 3280 1082; x_wconf 86' lang='lat' dir='ltr'>Macarii</span> <span class='ocrx_word' id='word_1_87' title='bbox 3311 1020 3632 1080; x_wconf 83' lang='lat' dir='ltr'>cuiusdam</span> 
     </span>
    </p>
   </div>
   <div class='ocr_carea' id='block_1_8' title="bbox 376 1120 3632 1206">
    <p class='ocr_par' dir='ltr' id='par_1_8' title="bbox 376 1120 3632 1206">
     <span class='ocr_line' id='line_1_8' title="bbox 376 1120 3632 1206; baseline 0.001 -26"><span class='ocrx_word' id='word_1_88' title='bbox 376 1126 666 1185; x_wconf 80' lang='lat' dir='ltr'>monachi</span> <span class='ocrx_word' id='word_1_89' title='bbox 695 1127 955 1204; x_wconf 88' lang='lat' dir='ltr'>epistola</span> <span class='ocrx_word' id='word_1_90' title='bbox 983 1128 1066 1188; x_wconf 90' lang='lat' dir='ltr'>ad</span> <span class='ocrx_word' id='word_1_91' title='bbox 1091 1129 1444 1188; x_wconf 87' lang='lat' dir='ltr'>Macarium</span> <span class='ocrx_word' id='word_1_92' title='bbox 1481 1127 1659 1206; x_wconf 88' lang='lat' dir='ltr'>(Bibl.</span> <span class='ocrx_word' id='word_1_93' title='bbox 1692 1128 2056 1190; x_wconf 89' lang='lat' dir='ltr'>bibliothec.</span> <span class='ocrx_word' id='word_1_94' title='bbox 2087 1146 2234 1189; x_wconf 88' lang='lat' dir='ltr'>mss.</span> <span class='ocrx_word' id='word_1_95' title='bbox 2265 1129 2334 1187; x_wconf 91' lang='lat' dir='ltr'>T.</span> <span class='ocrx_word' id='word_1_96' title='bbox 2393 1128 2418 1186; x_wconf 93' lang='grc' dir='ltr'><strong>Ι</strong></span> <span class='ocrx_word' id='word_1_97' title='bbox 2450 1145 2514 1206; x_wconf 91' lang='lat' dir='ltr'>p.</span> <span class='ocrx_word' id='word_1_98' title='bbox 2549 1125 2710 1202; x_wconf 86' lang='lat'>501),</span> <span class='ocrx_word' id='word_1_99' title='bbox 2754 1125 3104 1186; x_wconf 83' lang='lat' dir='ltr'>Florentiae</span> <span class='ocrx_word' id='word_1_100' title='bbox 3144 1125 3212 1185; x_wconf 90' lang='lat' dir='ltr'>in</span> <span class='ocrx_word' id='word_1_101' title='bbox 3251 1120 3632 1184; x_wconf 82' lang='lat' dir='ltr'>bibliotheca</span> 
     </span>
    </p>
   </div>
   <div class='ocr_carea' id='block_1_9' title="bbox 375 1223 3624 1308">
    <p class='ocr_par' dir='ltr' id='par_1_9' title="bbox 375 1223 3624 1308">
     <span class='ocr_line' id='line_1_9' title="bbox 375 1223 3624 1308; baseline 0.001 -26"><span class='ocrx_word' id='word_1_102' title='bbox 375 1224 939 1290; x_wconf 87' lang='lat' dir='ltr'>Camaldulensium</span> <span class='ocrx_word' id='word_1_103' title='bbox 972 1231 1039 1289; x_wconf 90' lang='lat' dir='ltr'>B.</span> <span class='ocrx_word' id='word_1_104' title='bbox 1071 1230 1297 1291; x_wconf 86' lang='lat' dir='ltr'>Mariae</span> <span class='ocrx_word' id='word_1_105' title='bbox 1346 1231 1423 1292; x_wconf 88' lang='lat' dir='ltr'>de</span> <span class='ocrx_word' id='word_1_106' title='bbox 1468 1231 1718 1308; x_wconf 82' lang='lat' dir='ltr'>Angelis</span> <span class='ocrx_word' id='word_1_107' title='bbox 1748 1234 1814 1292; x_wconf 90' lang='lat' dir='ltr'>S.</span> <span class='ocrx_word' id='word_1_108' title='bbox 1851 1233 2125 1293; x_wconf 86' lang='lat' dir='ltr'>Macarii</span> <span class='ocrx_word' id='word_1_109' title='bbox 2154 1230 2400 1290; x_wconf 81' lang='lat' dir='ltr'>abbatis</span> <span class='ocrx_word' id='word_1_110' title='bbox 2446 1230 2738 1307; x_wconf 80' lang='lat' dir='ltr'>Aegyptii</span> <span class='ocrx_word' id='word_1_111' title='bbox 2788 1229 3080 1306; x_wconf 88' lang='lat' dir='ltr'>epistolae</span> <span class='ocrx_word' id='word_1_112' title='bbox 3127 1226 3300 1307; x_wconf 88' lang='lat' dir='ltr'>(ibid.</span> <span class='ocrx_word' id='word_1_113' title='bbox 3375 1244 3440 1305; x_wconf 92' lang='lat' dir='ltr'>p.</span> <span class='ocrx_word' id='word_1_114' title='bbox 3486 1223 3624 1285; x_wconf 91' lang='lat'>413.</span> 
     </span>
    </p>
   </div>
   <div class='ocr_carea' id='block_1_10' title="bbox 374 1325 3628 1414">
    <p class='ocr_par' dir='ltr' id='par_1_10' title="bbox 374 1325 3628 1414">
     <span class='ocr_line' id='line_1_10' title="bbox 374 1325 3628 1414; baseline 0 -29"><span class='ocrx_word' id='word_1_115' title='bbox 374 1325 543 1405; x_wconf 87' lang='lat'>430),</span> <span class='ocrx_word' id='word_1_116' title='bbox 575 1329 640 1389; x_wconf 91' lang='lat' dir='ltr'>in</span> <span class='ocrx_word' id='word_1_117' title='bbox 664 1331 848 1394; x_wconf 92' lang='lat' dir='ltr'>codd.</span> <span class='ocrx_word' id='word_1_118' title='bbox 881 1335 1243 1395; x_wconf 87' lang='lat' dir='ltr'>monasterii</span> <span class='ocrx_word' id='word_1_119' title='bbox 1273 1337 1332 1396; x_wconf 94' lang='lat' dir='ltr'>S.</span> <span class='ocrx_word' id='word_1_120' title='bbox 1369 1336 1654 1396; x_wconf 90' lang='lat' dir='ltr'>Audoeni</span> <span class='ocrx_word' id='word_1_121' title='bbox 1684 1335 2234 1414; x_wconf 84' lang='lat' dir='ltr'>Rothomagensis,</span> <span class='ocrx_word' id='word_1_122' title='bbox 2267 1353 2434 1396; x_wconf 89' lang='lat' dir='ltr'>nunc</span> <span class='ocrx_word' id='word_1_123' title='bbox 2464 1334 2622 1395; x_wconf 89' lang='lat' dir='ltr'>Bibl.</span> <span class='ocrx_word' id='word_1_124' title='bbox 2660 1333 2835 1413; x_wconf 89' lang='lat' dir='ltr'>pub].</span> <span class='ocrx_word' id='word_1_125' title='bbox 2867 1331 3390 1408; x_wconf 82' lang='lat' dir='ltr'>Rothomagensis</span> <span class='ocrx_word' id='word_1_126' title='bbox 3415 1331 3490 1390; x_wconf 76' lang='grc' dir='ltr'>Ν⁹</span> <span class='ocrx_word' id='word_1_127' title='bbox 3516 1327 3628 1387; x_wconf 86' lang='grc'>508</span> 
     </span>
    </p>
   </div>
   <div class='ocr_carea' id='block_1_11' title="bbox 373 1428 3628 1516">
    <p class='ocr_par' dir='ltr' id='par_1_11' title="bbox 373 1428 3628 1516">
     <span class='ocr_line' id='line_1_11' title="bbox 373 1428 3628 1516; baseline 0 -29"><span class='ocrx_word' id='word_1_128' title='bbox 373 1429 825 1507; x_wconf 68' lang='grc' dir='ltr'>Π]ΘωῦΓᾶΠᾶοη</span> <span class='ocrx_word' id='word_1_129' title='bbox 859 1435 1118 1512; x_wconf 86' lang='lat' dir='ltr'>epistola</span> <span class='ocrx_word' id='word_1_130' title='bbox 1148 1438 1422 1498; x_wconf 82' lang='lat' dir='ltr'>Macarii</span> <span class='ocrx_word' id='word_1_131' title='bbox 1458 1438 1606 1497; x_wconf 87' lang='lat' dir='ltr'>data</span> <span class='ocrx_word' id='word_1_132' title='bbox 1643 1439 1726 1498; x_wconf 88' lang='lat' dir='ltr'>ad</span> <span class='ocrx_word' id='word_1_133' title='bbox 1753 1438 2087 1498; x_wconf 81' lang='lat' dir='ltr'>monachos</span> <span class='ocrx_word' id='word_1_134' title='bbox 2125 1437 2298 1516; x_wconf 88' lang='lat' dir='ltr'>(ibid.</span> <span class='ocrx_word' id='word_1_135' title='bbox 2333 1438 2402 1496; x_wconf 90' lang='lat' dir='ltr'>T.</span> <span class='ocrx_word' id='word_1_136' title='bbox 2437 1439 2493 1496; x_wconf 93' lang='lat' dir='ltr'>II</span> <span class='ocrx_word' id='word_1_137' title='bbox 2541 1455 2604 1515; x_wconf 87' lang='lat' dir='ltr'>p.</span> <span class='ocrx_word' id='word_1_138' title='bbox 2646 1432 2818 1507; x_wconf 87' lang='lat'>1238;</span> <span class='ocrx_word' id='word_1_139' title='bbox 2850 1431 3087 1494; x_wconf 86' lang='lat' dir='ltr'>IIaenel</span> <span class='ocrx_word' id='word_1_140' title='bbox 3125 1430 3393 1508; x_wconf 86' lang='lat' dir='ltr'>Catalogi</span> <span class='ocrx_word' id='word_1_141' title='bbox 3432 1428 3628 1490; x_wconf 87' lang='lat' dir='ltr'>libro-</span> 
     </span>
    </p>
   </div>
   <div class='ocr_carea' id='block_1_12' title="bbox 375 1528 3629 1618">
    <p class='ocr_par' dir='ltr' id='par_1_12' title="bbox 375 1528 3629 1618">
     <span class='ocr_line' id='line_1_12' title="bbox 375 1528 3629 1618; baseline -0.001 -28"><span class='ocrx_word' id='word_1_142' title='bbox 375 1548 518 1591; x_wconf 86' lang='lat' dir='ltr'>rum</span> <span class='ocrx_word' id='word_1_143' title='bbox 563 1550 712 1594; x_wconf 85' lang='lat' dir='ltr'>mss.</span> <span class='ocrx_word' id='word_1_144' title='bbox 786 1553 852 1614; x_wconf 91' lang='lat' dir='ltr'>p.</span> <span class='ocrx_word' id='word_1_145' title='bbox 905 1535 1067 1616; x_wconf 88' lang='lat'>423).</span> <span class='ocrx_word' id='word_1_146' title='bbox 1107 1537 1361 1598; x_wconf 81' lang='lat' dir='ltr'>Taurini</span> <span class='ocrx_word' id='word_1_147' title='bbox 1407 1537 1469 1598; x_wconf 94' lang='lat' dir='ltr'>in</span> <span class='ocrx_word' id='word_1_148' title='bbox 1514 1539 1656 1599; x_wconf 87' lang='lat' dir='ltr'>cod.</span> <span class='ocrx_word' id='word_1_149' title='bbox 1694 1538 1768 1598; x_wconf 93' lang='lat'>80</span> <span class='ocrx_word' id='word_1_150' title='bbox 1818 1546 1909 1600; x_wconf 85' lang='lat' dir='ltr'>est</span> <span class='ocrx_word' id='word_1_151' title='bbox 1952 1538 2217 1618; x_wconf 87' lang='lat' dir='ltr'>epistola</span> <span class='ocrx_word' id='word_1_152' title='bbox 2257 1539 2324 1598; x_wconf 90' lang='lat' dir='ltr'>S.</span> <span class='ocrx_word' id='word_1_153' title='bbox 2373 1536 2691 1599; x_wconf 86' lang='lat' dir='ltr'>Macharii</span> <span class='ocrx_word' id='word_1_154' title='bbox 2725 1536 2807 1597; x_wconf 91' lang='lat' dir='ltr'>ad</span> <span class='ocrx_word' id='word_1_155' title='bbox 2848 1533 3178 1595; x_wconf 87' lang='lat' dir='ltr'>monachos</span> <span class='ocrx_word' id='word_1_156' title='bbox 3231 1531 3296 1592; x_wconf 90' lang='lat' dir='ltr'>in</span> <span class='ocrx_word' id='word_1_157' title='bbox 3337 1528 3629 1608; x_wconf 85' lang='lat' dir='ltr'>gallicum</span> 
     </span>
    </p>
   </div>
   <div class='ocr_carea' id='block_1_13' title="bbox 370 1635 3631 1714">
    <p class='ocr_par' dir='ltr' id='par_1_13' title="bbox 370 1635 3631 1714">
     <span class='ocr_line' id='line_1_13' title="bbox 370 1635 3631 1714; baseline 0.001 -25"><span class='ocrx_word' id='word_1_158' title='bbox 370 1646 734 1692; x_wconf 87' lang='lat' dir='ltr'>sermonem</span> <span class='ocrx_word' id='word_1_159' title='bbox 775 1649 1100 1710; x_wconf 87' lang='lat' dir='ltr'>conversa,</span> <span class='ocrx_word' id='word_1_160' title='bbox 1134 1635 1311 1698; x_wconf 88' lang='lat' dir='ltr'>cuius</span> <span class='ocrx_word' id='word_1_161' title='bbox 1338 1636 1585 1697; x_wconf 83' lang='lat' dir='ltr'>initium</span> <span class='ocrx_word' id='word_1_162' title='bbox 1623 1654 1636 1696; x_wconf 93' lang='lat'>:</span> <span class='ocrx_word' id='word_1_163' title='bbox 1672 1660 1698 1692; x_wconf 89' lang='lat'><strong>«</strong></span> <span class='ocrx_word' id='word_1_164' title='bbox 1734 1637 1796 1697; x_wconf 90' lang='lat' dir='ltr'>Si</span> <span class='ocrx_word' id='word_1_165' title='bbox 1826 1654 1955 1714; x_wconf 89' lang='lat' dir='ltr'>ung</span> <span class='ocrx_word' id='word_1_166' title='bbox 1983 1636 2240 1698; x_wconf 88' lang='lat' dir='ltr'>homme</span> <span class='ocrx_word' id='word_1_167' title='bbox 2279 1635 2563 1713; x_wconf 86' lang='lat' dir='ltr'>cognoist</span> <span class='ocrx_word' id='word_1_168' title='bbox 2599 1635 2745 1697; x_wconf 89' lang='lat' dir='ltr'>bien</span> <span class='ocrx_word' id='word_1_169' title='bbox 2785 1653 2908 1714; x_wconf 90' lang='lat' dir='ltr'>que</span> <span class='ocrx_word' id='word_1_170' title='bbox 2940 1635 2981 1695; x_wconf 93' lang='lat' dir='ltr'>il</span> <span class='ocrx_word' id='word_1_171' title='bbox 3015 1639 3106 1694; x_wconf 89' lang='lat' dir='ltr'>est</span> <span class='ocrx_word' id='word_1_172' title='bbox 3149 1639 3360 1710; x_wconf 88' lang='lat' dir='ltr'>etque</span> <span class='ocrx_word' id='word_1_173' title='bbox 3391 1635 3484 1690; x_wconf 90' lang='lat' dir='ltr'>est</span> <span class='ocrx_word' id='word_1_174' title='bbox 3512 1645 3631 1689; x_wconf 83' lang='lat' dir='ltr'>son</span> 
     </span>
    </p>
   </div>
   <div class='ocr_carea' id='block_1_14' title="bbox 370 1731 3630 1821">
    <p class='ocr_par' dir='ltr' id='par_1_14' title="bbox 370 1731 3630 1821">
     <span class='ocr_line' id='line_1_14' title="bbox 370 1731 3630 1821; baseline 0 -25"><span class='ocrx_word' id='word_1_175' title='bbox 370 1737 669 1797; x_wconf 87' lang='lat' dir='ltr'>Createur</span> <span class='ocrx_word' id='word_1_176' title='bbox 705 1742 765 1798; x_wconf 86' lang='lat' dir='ltr'>et</span> <span class='ocrx_word' id='word_1_177' title='bbox 799 1735 842 1796; x_wconf 91' lang='lat' dir='ltr'>il</span> <span class='ocrx_word' id='word_1_178' title='bbox 873 1753 940 1798; x_wconf 93' lang='lat' dir='ltr'>se</span> <span class='ocrx_word' id='word_1_179' title='bbox 969 1738 1136 1798; x_wconf 91' lang='lat' dir='ltr'>veult</span> <span class='ocrx_word' id='word_1_180' title='bbox 1163 1739 1441 1817; x_wconf 87' lang='lat' dir='ltr'>repentir</span> <span class='ocrx_word' id='word_1_181' title='bbox 1474 1740 1551 1800; x_wconf 86' lang='lat' dir='ltr'>de</span> <span class='ocrx_word' id='word_1_182' title='bbox 1581 1755 1680 1799; x_wconf 89' lang='lat' dir='ltr'>ses</span> <span class='ocrx_word' id='word_1_183' title='bbox 1711 1739 1941 1818; x_wconf 84' lang='lat' dir='ltr'>peches</span> <span class='ocrx_word' id='word_1_184' title='bbox 1977 1747 2097 1802; x_wconf 88' lang='lat' dir='ltr'>cet.</span> <span class='ocrx_word' id='word_1_185' title='bbox 2140 1741 2306 1821; x_wconf 84' lang='lat' dir='ltr'>(Mss.</span> <span class='ocrx_word' id='word_1_186' title='bbox 2345 1741 2529 1802; x_wconf 89' lang='lat' dir='ltr'>codd.</span> <span class='ocrx_word' id='word_1_187' title='bbox 2569 1739 2726 1800; x_wconf 90' lang='lat' dir='ltr'>Bibl.</span> <span class='ocrx_word' id='word_1_188' title='bbox 2773 1741 2926 1815; x_wconf 83' lang='lat' dir='ltr'>Reg.</span> <span class='ocrx_word' id='word_1_189' title='bbox 2966 1736 3364 1797; x_wconf 86' lang='lat' dir='ltr'>Taurinensis</span> <span class='ocrx_word' id='word_1_190' title='bbox 3409 1731 3630 1797; x_wconf 87' lang='lat' dir='ltr'>Tauri-</span> 
     </span>
    </p>
   </div>
   <div class='ocr_carea' id='block_1_15' title="bbox 370 1833 3633 1920">
    <p class='ocr_par' dir='ltr' id='par_1_15' title="bbox 370 1833 3633 1920">
     <span class='ocr_line' id='line_1_15' title="bbox 370 1833 3633 1920; baseline -0.001 -20"><span class='ocrx_word' id='word_1_191' title='bbox 370 1856 500 1901; x_wconf 88' lang='lat' dir='ltr'>nae</span> <span class='ocrx_word' id='word_1_192' title='bbox 537 1838 684 1900; x_wconf 88' lang='lat'>1749</span> <span class='ocrx_word' id='word_1_193' title='bbox 713 1840 781 1898; x_wconf 88' lang='lat' dir='ltr'>T.</span> <span class='ocrx_word' id='word_1_194' title='bbox 812 1841 868 1899; x_wconf 92' lang='lat' dir='ltr'>II</span> <span class='ocrx_word' id='word_1_195' title='bbox 899 1857 964 1919; x_wconf 91' lang='lat' dir='ltr'>p.</span> <span class='ocrx_word' id='word_1_196' title='bbox 1007 1837 1171 1920; x_wconf 70' lang='lat'>482).</span> <span class='ocrx_word' id='word_1_197' title='bbox 1199 1839 1450 1902; x_wconf 83' lang='lat' dir='ltr'>Parisiis</span> <span class='ocrx_word' id='word_1_198' title='bbox 1478 1840 1543 1900; x_wconf 89' lang='lat' dir='ltr'>in</span> <span class='ocrx_word' id='word_1_199' title='bbox 1573 1839 1734 1900; x_wconf 91' lang='lat' dir='ltr'>Bibl.</span> <span class='ocrx_word' id='word_1_200' title='bbox 1779 1840 1956 1904; x_wconf 81' lang='lat' dir='ltr'>nubi.</span> <span class='ocrx_word' id='word_1_201' title='bbox 2005 1841 2146 1903; x_wconf 91' lang='lat' dir='ltr'>cod.</span> <span class='ocrx_word' id='word_1_202' title='bbox 2205 1839 2318 1902; x_wconf 89' lang='lat'>916</span> <span class='ocrx_word' id='word_1_203' title='bbox 2351 1847 2547 1902; x_wconf 78' lang='lat' dir='ltr'>exstat</span> <span class='ocrx_word' id='word_1_204' title='bbox 2584 1838 2845 1919; x_wconf 86' lang='lat' dir='ltr'>cpistola</span> <span class='ocrx_word' id='word_1_205' title='bbox 2879 1839 2946 1899; x_wconf 90' lang='lat' dir='ltr'>S.</span> <span class='ocrx_word' id='word_1_206' title='bbox 2974 1837 3248 1898; x_wconf 86' lang='lat' dir='ltr'>Macarii</span> <span class='ocrx_word' id='word_1_207' title='bbox 3277 1834 3519 1896; x_wconf 84' lang='lat' dir='ltr'>abbatis</span> <span class='ocrx_word' id='word_1_208' title='bbox 3548 1833 3633 1896; x_wconf 84' lang='lat' dir='ltr'>ad</span> 
     </span>
    </p>
   </div>
   <div class='ocr_carea' id='block_1_16' title="bbox 369 1940 2398 2022">
    <p class='ocr_par' dir='ltr' id='par_1_16' title="bbox 369 1940 2398 2022">
     <span class='ocr_line' id='line_1_16' title="bbox 369 1940 2398 2022; baseline 0 -20"><span class='ocrx_word' id='word_1_209' title='bbox 369 1941 640 2002; x_wconf 80' lang='lat' dir='ltr'>Esaiam</span> <span class='ocrx_word' id='word_1_210' title='bbox 685 1940 1002 2009; x_wconf 85' lang='lat' dir='ltr'>abbatem;</span> <span class='ocrx_word' id='word_1_211' title='bbox 1038 1942 1186 2003; x_wconf 86' lang='lat' dir='ltr'>item</span> <span class='ocrx_word' id='word_1_212' title='bbox 1239 1942 1306 2002; x_wconf 89' lang='lat' dir='ltr'>in</span> <span class='ocrx_word' id='word_1_213' title='bbox 1342 1941 1484 2004; x_wconf 90' lang='lat' dir='ltr'>cod.</span> <span class='ocrx_word' id='word_1_214' title='bbox 1533 1941 1644 2002; x_wconf 88' lang='lat'>975</span> <span class='ocrx_word' id='word_1_215' title='bbox 1693 1944 1759 2005; x_wconf 88' lang='lat' dir='ltr'>S.</span> <span class='ocrx_word' id='word_1_216' title='bbox 1798 1944 2074 2004; x_wconf 83' lang='lat' dir='ltr'>Macarii</span> <span class='ocrx_word' id='word_1_217' title='bbox 2113 1942 2398 2022; x_wconf 86' lang='lat' dir='ltr'>epistola.</span> 
     </span>
    </p>
   </div>
   <div class='ocr_carea' id='block_1_17' title="bbox 451 2035 3635 2120">
    <p class='ocr_par' dir='ltr' id='par_1_17' title="bbox 451 2035 3635 2120">
     <span class='ocr_line' id='line_1_17' title="bbox 451 2035 3635 2120; baseline -0.003 -18"><span class='ocrx_word' id='word_1_218' title='bbox 451 2043 652 2104; x_wconf 89' lang='lat' dir='ltr'>Porro</span> <span class='ocrx_word' id='word_1_219' title='bbox 691 2042 1102 2104; x_wconf 89' lang='lat' dir='ltr'>Assemannio</span> <span class='ocrx_word' id='word_1_220' title='bbox 1134 2050 1389 2105; x_wconf 88' lang='lat' dir='ltr'>auctore</span> <span class='ocrx_word' id='word_1_221' title='bbox 1419 2043 1664 2104; x_wconf 78' lang='lat' dir='ltr'>arabico</span> <span class='ocrx_word' id='word_1_222' title='bbox 1695 2049 1946 2104; x_wconf 86' lang='lat' dir='ltr'>exstant</span> <span class='ocrx_word' id='word_1_223' title='bbox 1976 2044 2042 2104; x_wconf 90' lang='lat' dir='ltr'>in</span> <span class='ocrx_word' id='word_1_224' title='bbox 2077 2044 2298 2107; x_wconf 86' lang='lat' dir='ltr'>codice</span> <span class='ocrx_word' id='word_1_225' title='bbox 2327 2061 2384 2104; x_wconf 88' lang='lat' dir='ltr'>a.</span> <span class='ocrx_word' id='word_1_226' title='bbox 2415 2041 2555 2102; x_wconf 86' lang='lat' dir='ltr'>Chr.</span> <span class='ocrx_word' id='word_1_227' title='bbox 2593 2039 2740 2101; x_wconf 87' lang='lat'>1055</span> <span class='ocrx_word' id='word_1_228' title='bbox 2771 2041 3002 2120; x_wconf 89' lang='lat' dir='ltr'>scripto</span> <span class='ocrx_word' id='word_1_229' title='bbox 3033 2041 3100 2102; x_wconf 89' lang='lat' dir='ltr'>S.</span> <span class='ocrx_word' id='word_1_230' title='bbox 3142 2038 3417 2100; x_wconf 86' lang='lat' dir='ltr'>Macarii</span> <span class='ocrx_word' id='word_1_231' title='bbox 3445 2035 3635 2096; x_wconf 87' lang='lat' dir='ltr'>abba-</span> 
     </span>
    </p>
   </div>
   <div class='ocr_carea' id='block_1_18' title="bbox 370 2141 3632 2226">
    <p class='ocr_par' dir='ltr' id='par_1_18' title="bbox 370 2141 3632 2226">
     <span class='ocr_line' id='line_1_18' title="bbox 370 2141 3632 2226; baseline -0.002 -19"><span class='ocrx_word' id='word_1_232' title='bbox 370 2149 456 2207; x_wconf 85' lang='lat' dir='ltr'>tis</span> <span class='ocrx_word' id='word_1_233' title='bbox 515 2147 812 2225; x_wconf 81' lang='lat' dir='ltr'>epistolae</span> <span class='ocrx_word' id='word_1_234' title='bbox 843 2157 900 2208; x_wconf 87' lang='lat' dir='ltr'>et</span> <span class='ocrx_word' id='word_1_235' title='bbox 929 2166 1240 2208; x_wconf 86' lang='lat' dir='ltr'>sermones</span> <span class='ocrx_word' id='word_1_236' title='bbox 1269 2149 1352 2209; x_wconf 90' lang='lat' dir='ltr'>ad</span> <span class='ocrx_word' id='word_1_237' title='bbox 1381 2148 1712 2208; x_wconf 86' lang='lat' dir='ltr'>monachos</span> <span class='ocrx_word' id='word_1_238' title='bbox 1743 2149 1981 2220; x_wconf 77' lang='lat' dir='ltr'><strong><em>XXVI,</em></strong></span> <span class='ocrx_word' id='word_1_239' title='bbox 2016 2156 2076 2209; x_wconf 86' lang='lat' dir='ltr'>et</span> <span class='ocrx_word' id='word_1_240' title='bbox 2118 2149 2182 2208; x_wconf 90' lang='lat' dir='ltr'>in</span> <span class='ocrx_word' id='word_1_241' title='bbox 2217 2147 2340 2209; x_wconf 89' lang='lat' dir='ltr'>alio</span> <span class='ocrx_word' id='word_1_242' title='bbox 2389 2148 2608 2209; x_wconf 88' lang='lat' dir='ltr'>codice</span> <span class='ocrx_word' id='word_1_243' title='bbox 2651 2147 2903 2209; x_wconf 90' lang='lat' dir='ltr'>arabico</span> <span class='ocrx_word' id='word_1_244' title='bbox 2948 2146 3182 2226; x_wconf 87' lang='lat' dir='ltr'>scripto</span> <span class='ocrx_word' id='word_1_245' title='bbox 3232 2163 3290 2206; x_wconf 90' lang='lat' dir='ltr'>a.</span> <span class='ocrx_word' id='word_1_246' title='bbox 3337 2143 3476 2204; x_wconf 87' lang='lat' dir='ltr'>Chr.</span> <span class='ocrx_word' id='word_1_247' title='bbox 3518 2141 3632 2202; x_wconf 88' lang='lat'>885</span> 
     </span>
    </p>
   </div>
   <div class='ocr_carea' id='block_1_19' title="bbox 372 2248 3633 2334">
    <p class='ocr_par' dir='ltr' id='par_1_19' title="bbox 372 2248 3633 2334">
     <span class='ocr_line' id='line_1_19' title="bbox 372 2248 3633 2334; baseline -0.002 -22"><span class='ocrx_word' id='word_1_248' title='bbox 372 2255 438 2312; x_wconf 86' lang='lat' dir='ltr'>S.</span> <span class='ocrx_word' id='word_1_249' title='bbox 474 2250 752 2312; x_wconf 88' lang='lat' dir='ltr'>Macarii</span> <span class='ocrx_word' id='word_1_250' title='bbox 783 2271 982 2314; x_wconf 85' lang='lat' dir='ltr'>sermo</span> <span class='ocrx_word' id='word_1_251' title='bbox 1013 2255 1086 2315; x_wconf 90' lang='lat' dir='ltr'>de</span> <span class='ocrx_word' id='word_1_252' title='bbox 1106 2254 1404 2334; x_wconf 81' lang='lat' dir='ltr'>Oratione</span> <span class='ocrx_word' id='word_1_253' title='bbox 1438 2260 1633 2332; x_wconf 83' lang='lat' dir='ltr'>atque</span> <span class='ocrx_word' id='word_1_254' title='bbox 1673 2251 1934 2330; x_wconf 89' lang='lat' dir='ltr'>epistola</span> <span class='ocrx_word' id='word_1_255' title='bbox 1956 2253 2038 2313; x_wconf 88' lang='lat' dir='ltr'>ad</span> <span class='ocrx_word' id='word_1_256' title='bbox 2061 2252 2394 2312; x_wconf 88' lang='lat' dir='ltr'>monachos</span> <span class='ocrx_word' id='word_1_257' title='bbox 2420 2253 2598 2332; x_wconf 83' lang='lat' dir='ltr'>(Bibl.</span> <span class='ocrx_word' id='word_1_258' title='bbox 2632 2253 2868 2314; x_wconf 88' lang='lat' dir='ltr'>Orient.</span> <span class='ocrx_word' id='word_1_259' title='bbox 2895 2254 2970 2311; x_wconf 91' lang='grc' dir='ltr'>Τ.</span> <span class='ocrx_word' id='word_1_260' title='bbox 3003 2253 3059 2310; x_wconf 93' lang='lat' dir='ltr'>II</span> <span class='ocrx_word' id='word_1_261' title='bbox 3095 2269 3158 2329; x_wconf 90' lang='lat' dir='ltr'>p.</span> <span class='ocrx_word' id='word_1_262' title='bbox 3193 2248 3351 2321; x_wconf 91' lang='lat'>511).</span> <span class='ocrx_word' id='word_1_263' title='bbox 3381 2248 3633 2326; x_wconf 80' lang='lat' dir='ltr'>Syriaco</span> 
     </span>
    </p>
   </div>
   <div class='ocr_carea' id='block_1_20' title="bbox 380 2349 3636 2436">
    <p class='ocr_par' dir='ltr' id='par_1_20' title="bbox 380 2349 3636 2436">
     <span class='ocr_line' id='line_1_20' title="bbox 380 2349 3636 2436; baseline -0 -24"><span class='ocrx_word' id='word_1_264' title='bbox 380 2360 587 2413; x_wconf 81' lang='lat' dir='ltr'>autem</span> <span class='ocrx_word' id='word_1_265' title='bbox 640 2353 702 2414; x_wconf 90' lang='lat' dir='ltr'>in</span> <span class='ocrx_word' id='word_1_266' title='bbox 761 2355 906 2417; x_wconf 91' lang='lat' dir='ltr'>cod.</span> <span class='ocrx_word' id='word_1_267' title='bbox 954 2357 1251 2418; x_wconf 89' lang='lat' dir='ltr'>Nitriensi</span> <span class='ocrx_word' id='word_1_268' title='bbox 1287 2355 1356 2417; x_wconf 93' lang='lat'>18</span> <span class='ocrx_word' id='word_1_269' title='bbox 1411 2364 1662 2419; x_wconf 78' lang='lat' dir='ltr'>exarato</span> <span class='ocrx_word' id='word_1_270' title='bbox 1707 2377 1763 2418; x_wconf 87' lang='lat' dir='ltr'>a.</span> <span class='ocrx_word' id='word_1_271' title='bbox 1818 2357 1926 2418; x_wconf 90' lang='lat' dir='ltr'>Ch.</span> <span class='ocrx_word' id='word_1_272' title='bbox 1972 2357 2084 2419; x_wconf 88' lang='lat'>769</span> <span class='ocrx_word' id='word_1_273' title='bbox 2126 2359 2418 2436; x_wconf 85' lang='lat' dir='ltr'>leguntur</span> <span class='ocrx_word' id='word_1_274' title='bbox 2453 2357 2729 2417; x_wconf 87' lang='lat' dir='ltr'>Macarii</span> <span class='ocrx_word' id='word_1_275' title='bbox 2770 2355 2992 2433; x_wconf 86' lang='lat' dir='ltr'>Magni</span> <span class='ocrx_word' id='word_1_276' title='bbox 3021 2352 3312 2430; x_wconf 82' lang='lat' dir='ltr'>Aegyptii</span> <span class='ocrx_word' id='word_1_277' title='bbox 3342 2349 3636 2429; x_wconf 81' lang='lat' dir='ltr'>discipuli</span> 
     </span>
    </p>
   </div>
   <div class='ocr_carea' id='block_1_21' title="bbox 383 2452 3632 2542">
    <p class='ocr_par' dir='ltr' id='par_1_21' title="bbox 383 2452 3632 2542">
     <span class='ocr_line' id='line_1_21' title="bbox 383 2452 3632 2542; baseline -0.002 -25"><span class='ocrx_word' id='word_1_278' title='bbox 383 2458 446 2517; x_wconf 89' lang='lat' dir='ltr'>S.</span> <span class='ocrx_word' id='word_1_279' title='bbox 499 2459 763 2519; x_wconf 83' lang='lat' dir='ltr'>Antonii</span> <span class='ocrx_word' id='word_1_280' title='bbox 801 2479 1113 2522; x_wconf 84' lang='lat' dir='ltr'>sermones</span> <span class='ocrx_word' id='word_1_281' title='bbox 1161 2462 1270 2522; x_wconf 88' lang='lat' dir='ltr'>III</span> <span class='ocrx_word' id='word_1_282' title='bbox 1319 2470 1376 2521; x_wconf 86' lang='lat' dir='ltr'>et</span> <span class='ocrx_word' id='word_1_283' title='bbox 1432 2461 1726 2542; x_wconf 83' lang='lat' dir='ltr'>epistolae</span> <span class='ocrx_word' id='word_1_284' title='bbox 1770 2465 1951 2537; x_wconf 76' lang='lat' dir='ltr'><strong><em>VIII,</em></strong></span> <span class='ocrx_word' id='word_1_285' title='bbox 2002 2470 2063 2524; x_wconf 92' lang='lat' dir='ltr'>et</span> <span class='ocrx_word' id='word_1_286' title='bbox 2111 2463 2385 2524; x_wconf 85' lang='lat' dir='ltr'>Macarii</span> <span class='ocrx_word' id='word_1_287' title='bbox 2433 2460 2855 2522; x_wconf 74' lang='lat' dir='ltr'>Alexandrini</span> <span class='ocrx_word' id='word_1_288' title='bbox 2891 2475 3198 2518; x_wconf 84' lang='lat' dir='ltr'>sermones</span> <span class='ocrx_word' id='word_1_289' title='bbox 3246 2455 3358 2514; x_wconf 88' lang='lat' dir='ltr'>III</span> <span class='ocrx_word' id='word_1_290' title='bbox 3399 2462 3455 2513; x_wconf 87' lang='lat' dir='ltr'>et</span> <span class='ocrx_word' id='word_1_291' title='bbox 3499 2452 3632 2530; x_wconf 85' lang='lat' dir='ltr'>epi-</span> 
     </span>
    </p>
   </div>
   <div class='ocr_carea' id='block_1_22' title="bbox 382 2552 3636 2642">
    <p class='ocr_par' dir='ltr' id='par_1_22' title="bbox 382 2552 3636 2642">
     <span class='ocr_line' id='line_1_22' title="bbox 382 2552 3636 2642; baseline -0 -28"><span class='ocrx_word' id='word_1_292' title='bbox 382 2557 573 2615; x_wconf 82' lang='lat' dir='ltr'>stolae</span> <span class='ocrx_word' id='word_1_293' title='bbox 619 2559 740 2618; x_wconf 72' lang='grc' dir='ltr'>ΥΙΙ</span> <span class='ocrx_word' id='word_1_294' title='bbox 772 2559 946 2638; x_wconf 89' lang='lat' dir='ltr'>(ibid.</span> <span class='ocrx_word' id='word_1_295' title='bbox 983 2563 1115 2622; x_wconf 92' lang='lat' dir='ltr'>T.I</span> <span class='ocrx_word' id='word_1_296' title='bbox 1160 2582 1221 2642; x_wconf 92' lang='lat' dir='ltr'>p.</span> <span class='ocrx_word' id='word_1_297' title='bbox 1275 2563 1434 2641; x_wconf 92' lang='lat'>567).</span> <span class='ocrx_word' id='word_1_298' title='bbox 1484 2567 1640 2624; x_wconf 91' lang='lat' dir='ltr'>Item</span> <span class='ocrx_word' id='word_1_299' title='bbox 1683 2564 1750 2624; x_wconf 90' lang='lat' dir='ltr'>in</span> <span class='ocrx_word' id='word_1_300' title='bbox 1791 2564 1932 2625; x_wconf 92' lang='lat' dir='ltr'>cod.</span> <span class='ocrx_word' id='word_1_301' title='bbox 1978 2565 2279 2625; x_wconf 86' lang='lat' dir='ltr'>Beroensi</span> <span class='ocrx_word' id='word_1_302' title='bbox 2329 2563 2563 2641; x_wconf 86' lang='lat' dir='ltr'>scripto</span> <span class='ocrx_word' id='word_1_303' title='bbox 2615 2580 2672 2623; x_wconf 93' lang='lat' dir='ltr'>a.</span> <span class='ocrx_word' id='word_1_304' title='bbox 2728 2559 2876 2620; x_wconf 92' lang='lat'>1578</span> <span class='ocrx_word' id='word_1_305' title='bbox 2927 2557 3329 2620; x_wconf 87' lang='lat' dir='ltr'>inveniuntur</span> <span class='ocrx_word' id='word_1_306' title='bbox 3360 2552 3636 2614; x_wconf 83' lang='lat' dir='ltr'>Macarii</span> 
     </span>
    </p>
   </div>
   <div class='ocr_carea' id='block_1_23' title="bbox 375 2655 3632 2746">
    <p class='ocr_par' dir='ltr' id='par_1_23' title="bbox 375 2655 3632 2746">
     <span class='ocr_line' id='line_1_23' title="bbox 375 2655 3632 2746; baseline -0.003 -23"><span class='ocrx_word' id='word_1_307' title='bbox 375 2662 675 2740; x_wconf 83' lang='lat' dir='ltr'>Aegyptii</span> <span class='ocrx_word' id='word_1_308' title='bbox 720 2685 1030 2726; x_wconf 87' lang='lat' dir='ltr'>sermones</span> <span class='ocrx_word' id='word_1_309' title='bbox 1058 2669 1171 2728; x_wconf 86' lang='lat' dir='ltr'><strong><em>III</em></strong></span> <span class='ocrx_word' id='word_1_310' title='bbox 1215 2678 1271 2728; x_wconf 85' lang='lat' dir='ltr'>et</span> <span class='ocrx_word' id='word_1_311' title='bbox 1315 2669 1608 2746; x_wconf 87' lang='lat' dir='ltr'>epistolae</span> <span class='ocrx_word' id='word_1_312' title='bbox 1649 2670 1808 2730; x_wconf 72' lang='lat' dir='ltr'><strong><em>VIII</em></strong></span> <span class='ocrx_word' id='word_1_313' title='bbox 1834 2669 2190 2730; x_wconf 85' lang='lat' dir='ltr'>etMacarii</span> <span class='ocrx_word' id='word_1_314' title='bbox 2220 2666 2642 2727; x_wconf 74' lang='lat' dir='ltr'>Alexandrini</span> <span class='ocrx_word' id='word_1_315' title='bbox 2669 2681 2979 2724; x_wconf 89' lang='lat' dir='ltr'>sermones</span> <span class='ocrx_word' id='word_1_316' title='bbox 3009 2662 3082 2722; x_wconf 90' lang='grc' dir='ltr'>ΙΙ</span> <span class='ocrx_word' id='word_1_317' title='bbox 3114 2670 3168 2720; x_wconf 89' lang='lat' dir='ltr'>et</span> <span class='ocrx_word' id='word_1_318' title='bbox 3211 2655 3504 2736; x_wconf 85' lang='lat' dir='ltr'>epistolae</span> <span class='ocrx_word' id='word_1_319' title='bbox 3535 2655 3632 2715; x_wconf 79' lang='lat' dir='ltr'><strong><em>IX</em></strong></span> 
     </span>
    </p>
   </div>
   <div class='ocr_carea' id='block_1_24' title="bbox 380 2755 3637 2846">
    <p class='ocr_par' dir='ltr' id='par_1_24' title="bbox 380 2755 3637 2846">
     <span class='ocr_line' id='line_1_24' title="bbox 380 2755 3637 2846; baseline -0.001 -30"><span class='ocrx_word' id='word_1_320' title='bbox 380 2761 560 2824; x_wconf 66' lang='lat' dir='ltr'>(ibid.</span> <span class='ocrx_word' id='word_1_321' title='bbox 599 2783 658 2843; x_wconf 89' lang='lat' dir='ltr'>p.</span> <span class='ocrx_word' id='word_1_322' title='bbox 701 2764 870 2846; x_wconf 90' lang='lat'>586);</span> <span class='ocrx_word' id='word_1_323' title='bbox 904 2767 1052 2828; x_wconf 88' lang='lat' dir='ltr'>item</span> <span class='ocrx_word' id='word_1_324' title='bbox 1084 2768 1147 2828; x_wconf 90' lang='lat' dir='ltr'>in</span> <span class='ocrx_word' id='word_1_325' title='bbox 1181 2769 1399 2830; x_wconf 85' lang='lat' dir='ltr'>codice</span> <span class='ocrx_word' id='word_1_326' title='bbox 1433 2769 1676 2846; x_wconf 74' lang='lat' dir='ltr'>syriaco</span> <span class='ocrx_word' id='word_1_327' title='bbox 1708 2768 1766 2843; x_wconf 93' lang='lat'>6,</span> <span class='ocrx_word' id='word_1_328' title='bbox 1799 2775 2050 2830; x_wconf 78' lang='lat' dir='ltr'>exarato</span> <span class='ocrx_word' id='word_1_329' title='bbox 2082 2786 2138 2830; x_wconf 89' lang='lat' dir='ltr'>a.</span> <span class='ocrx_word' id='word_1_330' title='bbox 2175 2767 2347 2838; x_wconf 87' lang='lat'>1223,</span> <span class='ocrx_word' id='word_1_331' title='bbox 2381 2768 2449 2828; x_wconf 90' lang='lat' dir='ltr'>S.</span> <span class='ocrx_word' id='word_1_332' title='bbox 2480 2765 2756 2825; x_wconf 84' lang='lat' dir='ltr'>Macarii</span> <span class='ocrx_word' id='word_1_333' title='bbox 2782 2761 3076 2841; x_wconf 85' lang='lat' dir='ltr'>Aegyptii</span> <span class='ocrx_word' id='word_1_334' title='bbox 3101 2775 3409 2820; x_wconf 88' lang='lat' dir='ltr'>sermones</span> <span class='ocrx_word' id='word_1_335' title='bbox 3429 2755 3542 2816; x_wconf 91' lang='lat' dir='ltr'>III</span> <span class='ocrx_word' id='word_1_336' title='bbox 3574 2760 3637 2814; x_wconf 84' lang='lat' dir='ltr'>et</span> 
     </span>
    </p>
   </div>
   <div class='ocr_carea' id='block_1_25' title="bbox 380 2860 3636 2950">
    <p class='ocr_par' dir='ltr' id='par_1_25' title="bbox 380 2860 3636 2950">
     <span class='ocr_line' id='line_1_25' title="bbox 380 2860 3636 2950; baseline -0.002 -26"><span class='ocrx_word' id='word_1_337' title='bbox 380 2868 682 2944; x_wconf 83' lang='lat' dir='ltr'>epistolae</span> <span class='ocrx_word' id='word_1_338' title='bbox 708 2872 788 2944; x_wconf 80' lang='grc' dir='ltr'>Χ,</span> <span class='ocrx_word' id='word_1_339' title='bbox 824 2877 885 2932; x_wconf 86' lang='lat' dir='ltr'>et</span> <span class='ocrx_word' id='word_1_340' title='bbox 913 2873 1187 2933; x_wconf 84' lang='lat' dir='ltr'>Macarii</span> <span class='ocrx_word' id='word_1_341' title='bbox 1242 2873 1665 2934; x_wconf 76' lang='lat' dir='ltr'>Alexandrini</span> <span class='ocrx_word' id='word_1_342' title='bbox 1719 2893 2026 2934; x_wconf 83' lang='lat' dir='ltr'>sermones</span> <span class='ocrx_word' id='word_1_343' title='bbox 2079 2874 2128 2934; x_wconf 76' lang='grc' dir='ltr'><em>Υ</em></span> <span class='ocrx_word' id='word_1_344' title='bbox 2167 2878 2228 2934; x_wconf 86' lang='lat' dir='ltr'>et</span> <span class='ocrx_word' id='word_1_345' title='bbox 2301 2870 2562 2950; x_wconf 86' lang='lat' dir='ltr'>epistola</span> <span class='ocrx_word' id='word_1_346' title='bbox 2615 2869 2697 2929; x_wconf 90' lang='lat' dir='ltr'>ad</span> <span class='ocrx_word' id='word_1_347' title='bbox 2737 2862 3271 2928; x_wconf 87' lang='lat' dir='ltr'>sanctimonialem</span> <span class='ocrx_word' id='word_1_348' title='bbox 3323 2860 3636 2942; x_wconf 86' lang='lat' dir='ltr'>quandam</span> 
     </span>
    </p>
   </div>
   <div class='ocr_carea' id='block_1_26' title="bbox 381 2967 890 3048">
    <p class='ocr_par' dir='ltr' id='par_1_26' title="bbox 381 2967 890 3048">
     <span class='ocr_line' id='line_1_26' title="bbox 381 2967 890 3048; baseline 0.01 -22"><span class='ocrx_word' id='word_1_349' title='bbox 381 2967 561 3042; x_wconf 85' lang='lat' dir='ltr'>(ibid.</span> <span class='ocrx_word' id='word_1_350' title='bbox 622 2989 685 3048; x_wconf 86' lang='lat' dir='ltr'>p.</span> <span class='ocrx_word' id='word_1_351' title='bbox 729 2969 890 3044; x_wconf 85' lang='lat'>610).</span> 
     </span>
    </p>
   </div>
   <div class='ocr_carea' id='block_1_27' title="bbox 462 3061 3635 3145">
    <p class='ocr_par' dir='ltr' id='par_1_27' title="bbox 462 3061 3635 3145">
     <span class='ocr_line' id='line_1_27' title="bbox 462 3061 3635 3145; baseline -0.002 -19"><span class='ocrx_word' id='word_1_352' title='bbox 462 3068 522 3126; x_wconf 93' lang='lat' dir='ltr'>S.</span> <span class='ocrx_word' id='word_1_353' title='bbox 559 3069 803 3130; x_wconf 89' lang='lat' dir='ltr'>Macarii</span> <span class='ocrx_word' id='word_1_354' title='bbox 832 3071 1054 3131; x_wconf 87' lang='lat' dir='ltr'>Preces</span> <span class='ocrx_word' id='word_1_355' title='bbox 1082 3089 1115 3132; x_wconf 91' lang='lat' dir='ltr'>e</span> <span class='ocrx_word' id='word_1_356' title='bbox 1149 3070 1569 3132; x_wconf 83' lang='lat' dir='ltr'>Bibliothecae</span> <span class='ocrx_word' id='word_1_357' title='bbox 1594 3071 2102 3132; x_wconf 83' lang='lat' dir='ltr'>Vindobonensis</span> <span class='ocrx_word' id='word_1_358' title='bbox 2129 3071 2346 3132; x_wconf 86' lang='lat' dir='ltr'>codice</span> <span class='ocrx_word' id='word_1_359' title='bbox 2373 3088 2488 3131; x_wconf 89' lang='lat' dir='ltr'>ms.</span> <span class='ocrx_word' id='word_1_360' title='bbox 2523 3068 2714 3129; x_wconf 90' lang='lat' dir='ltr'>theol.</span> <span class='ocrx_word' id='word_1_361' title='bbox 2749 3085 2951 3145; x_wconf 88' lang='lat' dir='ltr'>graec.</span> <span class='ocrx_word' id='word_1_362' title='bbox 2984 3065 3120 3137; x_wconf 89' lang='lat'>231,</span> <span class='ocrx_word' id='word_1_363' title='bbox 3152 3064 3297 3124; x_wconf 91' lang='lat' dir='ltr'>olim</span> <span class='ocrx_word' id='word_1_364' title='bbox 3327 3063 3424 3135; x_wconf 91' lang='lat'>76,</span> <span class='ocrx_word' id='word_1_365' title='bbox 3450 3061 3635 3123; x_wconf 91' lang='lat' dir='ltr'>char-</span> 
     </span>
    </p>
   </div>
   <div class='ocr_carea' id='block_1_28' title="bbox 379 3167 3640 3254">
    <p class='ocr_par' dir='ltr' id='par_1_28' title="bbox 379 3167 3640 3254">
     <span class='ocr_line' id='line_1_28' title="bbox 379 3167 3640 3254; baseline -0 -24"><span class='ocrx_word' id='word_1_366' title='bbox 379 3178 588 3242; x_wconf 85' lang='lat' dir='ltr'>taceo,</span> <span class='ocrx_word' id='word_1_367' title='bbox 628 3171 912 3250; x_wconf 87' lang='lat' dir='ltr'>antiquo,</span> <span class='ocrx_word' id='word_1_368' title='bbox 966 3172 1031 3234; x_wconf 92' lang='lat' dir='ltr'>in</span> <span class='ocrx_word' id='word_1_369' title='bbox 1081 3172 1158 3244; x_wconf 83' lang='lat'>4&quot;,</span> <span class='ocrx_word' id='word_1_370' title='bbox 1211 3175 1613 3252; x_wconf 84' lang='lat' dir='ltr'>proferimus,</span> <span class='ocrx_word' id='word_1_371' title='bbox 1653 3175 1763 3236; x_wconf 90' lang='lat' dir='ltr'>ubi</span> <span class='ocrx_word' id='word_1_372' title='bbox 1812 3174 1924 3237; x_wconf 88' lang='lat' dir='ltr'>fol.</span> <span class='ocrx_word' id='word_1_373' title='bbox 1969 3175 2068 3248; x_wconf 90' lang='lat'>61,</span> <span class='ocrx_word' id='word_1_374' title='bbox 2124 3176 2150 3236; x_wconf 93' lang='lat'>1</span> <span class='ocrx_word' id='word_1_375' title='bbox 2221 3193 2362 3254; x_wconf 87' lang='lat' dir='ltr'>sqq.</span> <span class='ocrx_word' id='word_1_376' title='bbox 2419 3175 2733 3252; x_wconf 88' lang='lat' dir='ltr'>leguntur,</span> <span class='ocrx_word' id='word_1_377' title='bbox 2798 3170 3207 3250; x_wconf 84' lang='lat' dir='ltr'>sequentibus</span> <span class='ocrx_word' id='word_1_378' title='bbox 3260 3167 3516 3230; x_wconf 89' lang='lat' dir='ltr'>canticis</span> <span class='ocrx_word' id='word_1_379' title='bbox 3559 3168 3640 3229; x_wconf 84' lang='lat' dir='ltr'>ad</span> 
     </span>
    </p>
   </div>
   <div class='ocr_carea' id='block_1_29' title="bbox 381 3269 3634 3356">
    <p class='ocr_par' dir='ltr' id='par_1_29' title="bbox 381 3269 3634 3356">
     <span class='ocr_line' id='line_1_29' title="bbox 381 3269 3634 3356; baseline -0.001 -25"><span class='ocrx_word' id='word_1_380' title='bbox 381 3274 445 3331; x_wconf 91' lang='lat' dir='ltr'>S.</span> <span class='ocrx_word' id='word_1_381' title='bbox 500 3273 831 3333; x_wconf 76' lang='lat' dir='ltr'>Antonium</span> <span class='ocrx_word' id='word_1_382' title='bbox 875 3280 937 3334; x_wconf 84' lang='lat' dir='ltr'>et</span> <span class='ocrx_word' id='word_1_383' title='bbox 985 3275 1046 3333; x_wconf 94' lang='lat' dir='ltr'>S.</span> <span class='ocrx_word' id='word_1_384' title='bbox 1080 3275 1430 3335; x_wconf 82' lang='lat' dir='ltr'>Onul&#39;rium.</span> <span class='ocrx_word' id='word_1_385' title='bbox 1474 3278 1677 3352; x_wconf 23' lang='lat' dir='ltr'>{Quare</span> <span class='ocrx_word' id='word_1_386' title='bbox 1724 3276 1970 3337; x_wconf 84' lang='lat' dir='ltr'>Macarii</span> <span class='ocrx_word' id='word_1_387' title='bbox 2016 3276 2298 3356; x_wconf 74' lang='lat' dir='ltr'>Aegyptii</span> <span class='ocrx_word' id='word_1_388' title='bbox 2350 3275 2484 3336; x_wconf 89' lang='lat' dir='ltr'>illas</span> <span class='ocrx_word' id='word_1_389' title='bbox 2535 3293 2671 3336; x_wconf 85' lang='lat' dir='ltr'>esse</span> <span class='ocrx_word' id='word_1_390' title='bbox 2705 3271 3036 3335; x_wconf 80' lang='lat' dir='ltr'>verisimile</span> <span class='ocrx_word' id='word_1_391' title='bbox 3073 3270 3253 3332; x_wconf 89' lang='lat' dir='ltr'>nobis</span> <span class='ocrx_word' id='word_1_392' title='bbox 3284 3269 3482 3329; x_wconf 79' lang='lat' dir='ltr'>visum</span> <span class='ocrx_word' id='word_1_393' title='bbox 3520 3275 3634 3328; x_wconf 83' lang='lat' dir='ltr'>est.</span> 
     </span>
    </p>
   </div>
   <div class='ocr_carea' id='block_1_30' title="bbox 380 3369 3634 3460">
    <p class='ocr_par' dir='ltr' id='par_1_30' title="bbox 380 3369 3634 3460">
     <span class='ocr_line' id='line_1_30' title="bbox 380 3369 3634 3460; baseline 0 -26"><span class='ocrx_word' id='word_1_394' title='bbox 380 3375 672 3437; x_wconf 86' lang='lat' dir='ltr'>Codicem</span> <span class='ocrx_word' id='word_1_395' title='bbox 699 3377 1067 3439; x_wconf 87' lang='lat' dir='ltr'>Lambecius</span> <span class='ocrx_word' id='word_1_396' title='bbox 1097 3381 1512 3441; x_wconf 85' lang='lat' dir='ltr'>Commentar.</span> <span class='ocrx_word' id='word_1_397' title='bbox 1545 3383 1616 3441; x_wconf 88' lang='grc' dir='ltr'>Τ.</span> <span class='ocrx_word' id='word_1_398' title='bbox 1659 3383 1742 3440; x_wconf 86' lang='grc' dir='ltr'>ΙΙΙ</span> <span class='ocrx_word' id='word_1_399' title='bbox 1773 3381 1874 3443; x_wconf 91' lang='lat' dir='ltr'>ed.</span> <span class='ocrx_word' id='word_1_400' title='bbox 1903 3381 2101 3444; x_wconf 85' lang='lat' dir='ltr'>altera</span> <span class='ocrx_word' id='word_1_401' title='bbox 2145 3400 2207 3460; x_wconf 86' lang='lat' dir='ltr'>p.</span> <span class='ocrx_word' id='word_1_402' title='bbox 2243 3380 2355 3440; x_wconf 88' lang='lat'>372</span> <span class='ocrx_word' id='word_1_403' title='bbox 2388 3397 2556 3459; x_wconf 87' lang='lat' dir='ltr'>sqq.,</span> <span class='ocrx_word' id='word_1_404' title='bbox 2605 3379 2683 3440; x_wconf 91' lang='lat' dir='ltr'>de</span> <span class='ocrx_word' id='word_1_405' title='bbox 2722 3377 2937 3440; x_wconf 87' lang='lat' dir='ltr'>Nessel</span> <span class='ocrx_word' id='word_1_406' title='bbox 2997 3375 3183 3438; x_wconf 85' lang='lat' dir='ltr'>Catal.</span> <span class='ocrx_word' id='word_1_407' title='bbox 3240 3376 3310 3435; x_wconf 89' lang='lat'>&#39;1‘.</span> <span class='ocrx_word' id='word_1_408' title='bbox 3344 3375 3372 3433; x_wconf 95' lang='grc' dir='ltr'>Ι</span> <span class='ocrx_word' id='word_1_409' title='bbox 3425 3391 3489 3452; x_wconf 91' lang='lat' dir='ltr'>p.</span> <span class='ocrx_word' id='word_1_410' title='bbox 3523 3369 3634 3432; x_wconf 79' lang='lat'>327</span> 
     </span>
    </p>
   </div>
   <div class='ocr_carea' id='block_1_31' title="bbox 380 3473 1049 3553">
    <p class='ocr_par' dir='ltr' id='par_1_31' title="bbox 380 3473 1049 3553">
     <span class='ocr_line' id='line_1_31' title="bbox 380 3473 1049 3553; baseline 0.007 -22"><span class='ocrx_word' id='word_1_411' title='bbox 380 3488 522 3551; x_wconf 87' lang='lat' dir='ltr'>sqq.</span> <span class='ocrx_word' id='word_1_412' title='bbox 559 3473 1049 3553; x_wconf 89' lang='lat' dir='ltr'>descripserunt.</span> 
     </span>
    </p>
   </div>
   <div class='ocr_carea' id='block_1_32' title="bbox 1984 3777 2063 3862">
    <p class='ocr_par' dir='ltr' id='par_1_32' title="bbox 1984 3777 2063 3862">
     <span class='ocr_line' id='line_1_32' title="bbox 1984 3777 2063 3862; baseline 0 0"><span class='ocrx_word' id='word_1_413' title='bbox 1984 3777 2063 3862; x_wconf 87' lang='grc' dir='ltr'><strong>Ι.</strong></span> 
     </span>
    </p>
   </div>
   <div class='ocr_carea' id='block_1_33' title="bbox 805 3941 3218 4036">
    <p class='ocr_par' dir='ltr' id='par_1_33' title="bbox 805 3941 3218 4036">
     <span class='ocr_line' id='line_1_33' title="bbox 805 3941 3218 4036; baseline 0.003 -8"><span class='ocrx_word' id='word_1_414' title='bbox 805 3941 1393 4034; x_wconf 82' lang='lat' dir='ltr'>EPISTOLA</span> <span class='ocrx_word' id='word_1_415' title='bbox 1492 3943 1902 4030; x_wconf 86' lang='lat' dir='ltr'>SANCTI</span> <span class='ocrx_word' id='word_1_416' title='bbox 1991 3941 2490 4033; x_wconf 80' lang='lat' dir='ltr'>MACABII</span> <span class='ocrx_word' id='word_1_417' title='bbox 2599 3945 3218 4036; x_wconf 82' lang='lat' dir='ltr'>AEGYPTH.</span> 
     </span>
    </p>
   </div>
   <div class='ocr_carea' id='block_1_34' title="bbox 446 4203 3634 4262">
    <p class='ocr_par' dir='ltr' id='par_1_34' title="bbox 446 4203 3634 4262">
     <span class='ocr_line' id='line_1_34' title="bbox 446 4203 3634 4262; baseline 0.003 -13"><span class='ocrx_word' id='word_1_418' title='bbox 446 4207 563 4256; x_wconf 77' lang='lat' dir='ltr'>Cod.</span> <span class='ocrx_word' id='word_1_419' title='bbox 603 4219 693 4252; x_wconf 92' lang='lat' dir='ltr'>ms.</span> <span class='ocrx_word' id='word_1_420' title='bbox 721 4204 831 4252; x_wconf 79' lang='lat' dir='ltr'>Vat.</span> <span class='ocrx_word' id='word_1_421' title='bbox 859 4203 982 4253; x_wconf 85' lang='lat' dir='ltr'>Bibl.</span> <span class='ocrx_word' id='word_1_422' title='bbox 1011 4205 1284 4254; x_wconf 82' lang='lat' dir='ltr'>Chrislinae</span> <span class='ocrx_word' id='word_1_423' title='bbox 1311 4206 1401 4252; x_wconf 68' lang='lat'>588</span> <span class='ocrx_word' id='word_1_424' title='bbox 1426 4205 1924 4255; x_wconf 49' lang='lat' dir='ltr'>membranaeﬁaec.</span> <span class='ocrx_word' id='word_1_425' title='bbox 1953 4207 2122 4256; x_wconf 81' lang='lat' dir='ltr'>xml‘ol</span> <span class='ocrx_word' id='word_1_426' title='bbox 2193 4243 2203 4253; x_wconf 94' lang='lat'>.</span> <span class='ocrx_word' id='word_1_427' title='bbox 2273 4243 2284 4252; x_wconf 92' lang='lat'>.</span> <span class='ocrx_word' id='word_1_428' title='bbox 2354 4242 2366 4252; x_wconf 91' lang='lat'>.</span> <span class='ocrx_word' id='word_1_429' title='bbox 2439 4243 2449 4253; x_wconf 89' lang='lat'>.</span> <span class='ocrx_word' id='word_1_430' title='bbox 2521 4242 2530 4250; x_wconf 95' lang='lat'>.</span> <span class='ocrx_word' id='word_1_431' title='bbox 2605 4243 2615 4251; x_wconf 93' lang='lat'>.</span> <span class='ocrx_word' id='word_1_432' title='bbox 2686 4242 2698 4254; x_wconf 95' lang='lat'>.</span> <span class='ocrx_word' id='word_1_433' title='bbox 2769 4243 2780 4252; x_wconf 95' lang='lat'>.</span> <span class='ocrx_word' id='word_1_434' title='bbox 2853 4241 2865 4253; x_wconf 94' lang='lat'>.</span> <span class='ocrx_word' id='word_1_435' title='bbox 2934 4241 2946 4253; x_wconf 92' lang='lat'>.</span> <span class='ocrx_word' id='word_1_436' title='bbox 3016 4240 3030 4254; x_wconf 90' lang='lat'>.</span> <span class='ocrx_word' id='word_1_437' title='bbox 3101 4243 3111 4254; x_wconf 96' lang='lat'>.</span> <span class='ocrx_word' id='word_1_438' title='bbox 3181 4244 3194 4256; x_wconf 96' lang='lat'>.</span> <span class='ocrx_word' id='word_1_439' title='bbox 3264 4245 3275 4255; x_wconf 98' lang='lat'>.</span> <span class='ocrx_word' id='word_1_440' title='bbox 3348 4244 3360 4255; x_wconf 95' lang='lat'>.</span> <span class='ocrx_word' id='word_1_441' title='bbox 3432 4245 3443 4257; x_wconf 92' lang='lat'>.</span> <span class='ocrx_word' id='word_1_442' title='bbox 3514 4245 3526 4258; x_wconf 96' lang='lat'>.</span> <span class='ocrx_word' id='word_1_443' title='bbox 3592 4215 3634 4262; x_wconf 80' lang='grc' dir='ltr'><strong>Α</strong></span> 
     </span>
    </p>
   </div>
   <div class='ocr_carea' id='block_1_35' title="bbox 451 4265 3639 4327">
    <p class='ocr_par' dir='ltr' id='par_1_35' title="bbox 451 4265 3639 4327">
     <span class='ocr_line' id='line_1_35' title="bbox 451 4265 3639 4327; baseline 0.003 -15"><span class='ocrx_word' id='word_1_444' title='bbox 451 4269 571 4315; x_wconf 65' lang='lat' dir='ltr'>(Ind.</span> <span class='ocrx_word' id='word_1_445' title='bbox 599 4281 688 4314; x_wconf 87' lang='lat' dir='ltr'>ms.</span> <span class='ocrx_word' id='word_1_446' title='bbox 719 4265 836 4314; x_wconf 91' lang='lat' dir='ltr'>olim</span> <span class='ocrx_word' id='word_1_447' title='bbox 869 4267 991 4314; x_wconf 76' lang='lat' dir='ltr'>llibl.</span> <span class='ocrx_word' id='word_1_448' title='bbox 1020 4267 1072 4313; x_wconf 92' lang='lat' dir='ltr'>S.</span> <span class='ocrx_word' id='word_1_449' title='bbox 1103 4267 1348 4315; x_wconf 71' lang='lat' dir='ltr'>Maximini</span> <span class='ocrx_word' id='word_1_450' title='bbox 1373 4267 1717 4327; x_wconf 83' lang='lat' dir='ltr'>Treverensis,</span> <span class='ocrx_word' id='word_1_451' title='bbox 1743 4281 1869 4316; x_wconf 87' lang='lat' dir='ltr'>nunc</span> <span class='ocrx_word' id='word_1_452' title='bbox 1896 4270 2298 4318; x_wconf 73' lang='lat' dir='ltr'>ltollandistarum</span> <span class='ocrx_word' id='word_1_453' title='bbox 2321 4265 2591 4325; x_wconf 77' lang='lat' dir='ltr'>Bruxellis,</span> <span class='ocrx_word' id='word_1_454' title='bbox 2620 4266 2946 4315; x_wconf 88' lang='lat' dir='ltr'>membranae.</span> <span class='ocrx_word' id='word_1_455' title='bbox 2978 4267 3118 4316; x_wconf 89' lang='lat' dir='ltr'>Saec.</span> <span class='ocrx_word' id='word_1_456' title='bbox 3149 4282 3210 4316; x_wconf 83' lang='lat' dir='ltr'><strong>xv</strong></span> <span class='ocrx_word' id='word_1_457' title='bbox 3233 4268 3314 4317; x_wconf 82' lang='lat' dir='ltr'>fol.</span> <span class='ocrx_word' id='word_1_458' title='bbox 3384 4305 3396 4317; x_wconf 94' lang='lat'>.</span> <span class='ocrx_word' id='word_1_459' title='bbox 3467 4307 3478 4318; x_wconf 93' lang='lat'>.</span> <span class='ocrx_word' id='word_1_460' title='bbox 3549 4311 3560 4321; x_wconf 96' lang='lat'>.</span> <span class='ocrx_word' id='word_1_461' title='bbox 3600 4275 3639 4322; x_wconf 87' lang='lat' dir='ltr'>B</span> 
     </span>
    </p>
   </div>
   <div class='ocr_carea' id='block_1_36' title="bbox 448 4327 3640 4390">
    <p class='ocr_par' dir='ltr' id='par_1_36' title="bbox 448 4327 3640 4390">
     <span class='ocr_line' id='line_1_36' title="bbox 448 4327 3640 4390; baseline 0.003 -14"><span class='ocrx_word' id='word_1_462' title='bbox 448 4330 566 4381; x_wconf 72' lang='lat' dir='ltr'>Cod.</span> <span class='ocrx_word' id='word_1_463' title='bbox 595 4343 683 4377; x_wconf 89' lang='lat' dir='ltr'>ms.</span> <span class='ocrx_word' id='word_1_464' title='bbox 719 4327 1242 4387; x_wconf 79' lang='lat' dir='ltr'>Conﬂuentinuthbl.</span> <span class='ocrx_word' id='word_1_465' title='bbox 1272 4331 1520 4390; x_wconf 70' lang='lat' dir='ltr'>Gyuinasii</span> <span class='ocrx_word' id='word_1_466' title='bbox 1546 4331 1606 4376; x_wconf 77' lang='lat'>2.3</span> <span class='ocrx_word' id='word_1_467' title='bbox 1635 4331 1848 4379; x_wconf 84' lang='lat' dir='ltr'>chartae.</span> <span class='ocrx_word' id='word_1_468' title='bbox 1875 4331 2018 4380; x_wconf 89' lang='lat' dir='ltr'>Saec.</span> <span class='ocrx_word' id='word_1_469' title='bbox 2044 4345 2106 4379; x_wconf 77' lang='grc' dir='ltr'>ιν</span> <span class='ocrx_word' id='word_1_470' title='bbox 2134 4330 2216 4378; x_wconf 83' lang='lat' dir='ltr'>fol.</span> <span class='ocrx_word' id='word_1_471' title='bbox 2293 4367 2306 4378; x_wconf 95' lang='lat'>.</span> <span class='ocrx_word' id='word_1_472' title='bbox 2375 4367 2386 4378; x_wconf 95' lang='lat'>.</span> <span class='ocrx_word' id='word_1_473' title='bbox 2459 4363 2472 4376; x_wconf 92' lang='lat'>.</span> <span class='ocrx_word' id='word_1_474' title='bbox 2542 4365 2553 4375; x_wconf 95' lang='lat'>.</span> <span class='ocrx_word' id='word_1_475' title='bbox 2622 4365 2636 4377; x_wconf 95' lang='lat'>.</span> <span class='ocrx_word' id='word_1_476' title='bbox 2705 4365 2716 4377; x_wconf 90' lang='lat'>.</span> <span class='ocrx_word' id='word_1_477' title='bbox 2785 4362 2798 4376; x_wconf 88' lang='lat'>.</span> <span class='ocrx_word' id='word_1_478' title='bbox 2870 4367 2879 4377; x_wconf 92' lang='lat'>.</span> <span class='ocrx_word' id='word_1_479' title='bbox 2949 4365 2963 4376; x_wconf 95' lang='lat'>.</span> <span class='ocrx_word' id='word_1_480' title='bbox 3035 4365 3046 4376; x_wconf 95' lang='lat'>.</span> <span class='ocrx_word' id='word_1_481' title='bbox 3115 4365 3128 4378; x_wconf 95' lang='lat'>.</span> <span class='ocrx_word' id='word_1_482' title='bbox 3199 4367 3209 4378; x_wconf 93' lang='lat'>.</span> <span class='ocrx_word' id='word_1_483' title='bbox 3283 4367 3293 4378; x_wconf 96' lang='lat'>.</span> <span class='ocrx_word' id='word_1_484' title='bbox 3364 4367 3376 4380; x_wconf 92' lang='lat'>.</span> <span class='ocrx_word' id='word_1_485' title='bbox 3444 4369 3455 4380; x_wconf 94' lang='lat'>.</span> <span class='ocrx_word' id='word_1_486' title='bbox 3524 4369 3538 4383; x_wconf 94' lang='lat'>.</span> <span class='ocrx_word' id='word_1_487' title='bbox 3602 4335 3640 4384; x_wconf 75' lang='grc' dir='ltr'>ϐ</span> 
     </span>
    </p>
   </div>
   <div class='ocr_carea' id='block_1_37' title="bbox 456 4420 3638 4518">
    <p class='ocr_par' dir='ltr' id='par_1_37' title="bbox 456 4420 3638 4518">
     <span class='ocr_line' id='line_1_37' title="bbox 456 4420 3638 4518; baseline 0.003 -20"><span class='ocrx_word' id='word_1_488' title='bbox 456 4453 633 4500; x_wconf 76' lang='lat' dir='ltr'>Exstat</span> <span class='ocrx_word' id='word_1_489' title='bbox 662 4453 786 4518; x_wconf 82' lang='lat' dir='ltr'>haec</span> <span class='ocrx_word' id='word_1_490' title='bbox 811 4450 1037 4518; x_wconf 73' lang='lat' dir='ltr'>epistola</span> <span class='ocrx_word' id='word_1_491' title='bbox 1060 4452 1168 4518; x_wconf 60' lang='lat' dir='ltr'>ma.</span> <span class='ocrx_word' id='word_1_492' title='bbox 1201 4451 1256 4518; x_wconf 66' lang='grc' dir='ltr'>ᾼΔ</span> <span class='ocrx_word' id='word_1_493' title='bbox 1275 4453 1361 4518; x_wconf 58' lang='lat' dir='ltr'>tot.</span> <span class='ocrx_word' id='word_1_494' title='bbox 1389 4451 1615 4512; x_wconf 66' lang='lat' dir='ltr'>ita-ut,</span> <span class='ocrx_word' id='word_1_495' title='bbox 1641 4453 1748 4501; x_wconf 88' lang='lat' dir='ltr'>cod.</span> <span class='ocrx_word' id='word_1_496' title='bbox 1777 4453 1816 4502; x_wconf 89' lang='lat' dir='ltr'>B</span> <span class='ocrx_word' id='word_1_497' title='bbox 1838 4420 2153 4510; x_wconf 61' lang='grc' dir='ltr'>τετεῖιὲᾎιο,</span> <span class='ocrx_word' id='word_1_498' title='bbox 2173 4458 2225 4502; x_wconf 89' lang='lat' dir='ltr'>et</span> <span class='ocrx_word' id='word_1_499' title='bbox 2247 4451 2355 4500; x_wconf 88' lang='lat' dir='ltr'>cod.</span> <span class='ocrx_word' id='word_1_500' title='bbox 2377 4451 2412 4501; x_wconf 85' lang='lat' dir='ltr'>c</span> <span class='ocrx_word' id='word_1_501' title='bbox 2437 4450 2518 4499; x_wconf 72' lang='grc' dir='ltr'>τοι.</span> <span class='ocrx_word' id='word_1_502' title='bbox 2548 4451 2653 4510; x_wconf 74' lang='lat'>125,</span> <span class='ocrx_word' id='word_1_503' title='bbox 2679 4451 2842 4500; x_wconf 66' lang='lat'>249.7.</span> <span class='ocrx_word' id='word_1_504' title='bbox 2890 4453 2962 4502; x_wconf 87' lang='lat' dir='ltr'>De</span> <span class='ocrx_word' id='word_1_505' title='bbox 2988 4453 3235 4502; x_wconf 82' lang='lat' dir='ltr'>codicibus</span> <span class='ocrx_word' id='word_1_506' title='bbox 3259 4461 3310 4503; x_wconf 88' lang='lat' dir='ltr'>et</span> <span class='ocrx_word' id='word_1_507' title='bbox 3341 4455 3404 4504; x_wconf 88' lang='lat' dir='ltr'>de</span> <span class='ocrx_word' id='word_1_508' title='bbox 3429 4455 3638 4518; x_wconf 86' lang='lat' dir='ltr'>epistola</span> 
     </span>
    </p>
   </div>
   <div class='ocr_carea' id='block_1_38' title="bbox 382 4512 1310 4576">
    <p class='ocr_par' dir='ltr' id='par_1_38' title="bbox 382 4512 1310 4576">
     <span class='ocr_line' id='line_1_38' title="bbox 382 4512 1310 4576; baseline -0.001 -15"><span class='ocrx_word' id='word_1_509' title='bbox 382 4517 789 4576; x_wconf 81' lang='lat' dir='ltr'>praemonuimus</span> <span class='ocrx_word' id='word_1_510' title='bbox 809 4527 956 4574; x_wconf 82' lang='lat' dir='ltr'>supra</span> <span class='ocrx_word' id='word_1_511' title='bbox 968 4513 1060 4561; x_wconf 87' lang='lat' dir='ltr'>col.</span> <span class='ocrx_word' id='word_1_512' title='bbox 1084 4512 1310 4560; x_wconf 59' lang='grc' dir='ltr'>κίοι-404.</span> 
     </span>
    </p>
   </div>
   <div class='ocr_carea' id='block_1_39' title="bbox 483 4679 3638 4754">
    <p class='ocr_par' dir='ltr' id='par_1_39' title="bbox 483 4679 3638 4754">
     <span class='ocr_line' id='line_1_39' title="bbox 483 4679 3638 4754; baseline 0.001 -19"><span class='ocrx_word' id='word_1_513' title='bbox 483 4680 673 4750; x_wconf 83' lang='lat' dir='ltr'>Incipit</span> <span class='ocrx_word' id='word_1_514' title='bbox 700 4679 920 4751; x_wconf 84' lang='lat' dir='ltr'>epistola</span> <span class='ocrx_word' id='word_1_515' title='bbox 949 4683 1116 4735; x_wconf 81' lang='lat' dir='ltr'>sancti</span> <span class='ocrx_word' id='word_1_516' title='bbox 1138 4681 1396 4736; x_wconf 76' lang='lat' dir='ltr'>Macharii</span> <span class='ocrx_word' id='word_1_517' title='bbox 1421 4683 1491 4736; x_wconf 85' lang='lat' dir='ltr'>ad</span> <span class='ocrx_word' id='word_1_518' title='bbox 1518 4682 1656 4751; x_wconf 85' lang='lat' dir='ltr'>ﬁlios</span> <span class='ocrx_word' id='word_1_519' title='bbox 1686 4681 1781 4736; x_wconf 89' lang='lat' dir='ltr'>Dei</span> <span class='ocrx_word' id='word_1_520' title='bbox 1812 4681 1873 4754; x_wconf 90' lang='grc'><strong>¹).</strong></span> <span class='ocrx_word' id='word_1_521' title='bbox 1986 4689 2043 4749; x_wconf 80' lang='grc' dir='ltr'>Α</span> <span class='ocrx_word' id='word_1_522' title='bbox 2067 4690 2149 4737; x_wconf 88' lang='lat' dir='ltr'>tas</span> <span class='ocrx_word' id='word_1_523' title='bbox 2183 4683 2287 4736; x_wconf 87' lang='lat' dir='ltr'>sibi</span> <span class='ocrx_word' id='word_1_524' title='bbox 2332 4682 2562 4736; x_wconf 86' lang='lat' dir='ltr'>iniurias</span> <span class='ocrx_word' id='word_1_525' title='bbox 2612 4680 2859 4743; x_wconf 77' lang='lat' dir='ltr'>sull‘erat,</span> <span class='ocrx_word' id='word_1_526' title='bbox 2895 4690 2951 4734; x_wconf 88' lang='lat' dir='ltr'>et</span> <span class='ocrx_word' id='word_1_527' title='bbox 2998 4691 3059 4736; x_wconf 91' lang='lat' dir='ltr'>ut</span> <span class='ocrx_word' id='word_1_528' title='bbox 3095 4683 3222 4736; x_wconf 92' lang='lat' dir='ltr'>odio</span> <span class='ocrx_word' id='word_1_529' title='bbox 3255 4683 3452 4738; x_wconf 89' lang='lat' dir='ltr'>habeat</span> <span class='ocrx_word' id='word_1_530' title='bbox 3477 4699 3638 4738; x_wconf 87' lang='lat' dir='ltr'>omne</span> 
     </span>
    </p>
   </div>
   <div class='ocr_carea' id='block_1_40' title="bbox 457 4774 3638 4846">
    <p class='ocr_par' dir='ltr' id='par_1_40' title="bbox 457 4774 3638 4846">
     <span class='ocr_line' id='line_1_40' title="bbox 457 4774 3638 4846; baseline 0 -18"><span class='ocrx_word' id='word_1_531' title='bbox 457 4774 519 4828; x_wconf 79' lang='lat' dir='ltr'>In</span> <span class='ocrx_word' id='word_1_532' title='bbox 543 4774 732 4842; x_wconf 88' lang='lat' dir='ltr'>primis</span> <span class='ocrx_word' id='word_1_533' title='bbox 751 4774 971 4842; x_wconf 86' lang='lat' dir='ltr'>quidem</span> <span class='ocrx_word' id='word_1_534' title='bbox 991 4775 1089 4842; x_wconf 82' lang='lat' dir='ltr'>si’)</span> <span class='ocrx_word' id='word_1_535' title='bbox 1109 4775 1405 4843; x_wconf 77' lang='lat' dir='ltr'>coeperit’)</span> <span class='ocrx_word' id='word_1_536' title='bbox 1429 4775 1590 4829; x_wconf 87' lang='lat' dir='ltr'>homo</span> <span class='ocrx_word' id='word_1_537' title='bbox 1614 4777 1967 4844; x_wconf 89' lang='lat' dir='ltr'>semetipsum</span> <span class='ocrx_word' id='word_1_538' title='bbox 2066 4775 2411 4846; x_wconf 79' lang='lat' dir='ltr'>refrigerium</span> <span class='ocrx_word' id='word_1_539' title='bbox 2444 4775 2747 4844; x_wconf 81' lang='lat' dir='ltr'>corporale,</span> <span class='ocrx_word' id='word_1_540' title='bbox 2772 4784 2828 4829; x_wconf 88' lang='lat' dir='ltr'>et</span> <span class='ocrx_word' id='word_1_541' title='bbox 2854 4783 2915 4828; x_wconf 89' lang='lat' dir='ltr'>ut</span> <span class='ocrx_word' id='word_1_542' title='bbox 2946 4775 3133 4845; x_wconf 82' lang='lat' dir='ltr'>diligat</span> <span class='ocrx_word' id='word_1_543' title='bbox 3165 4777 3436 4845; x_wconf 86' lang='lat' dir='ltr'>planctum</span> <span class='ocrx_word' id='word_1_544' title='bbox 3469 4776 3638 4845; x_wconf 83' lang='lat' dir='ltr'>magis</span> 
     </span>
    </p>
   </div>
   <div class='ocr_carea' id='block_1_41' title="bbox 386 4865 3638 4937">
    <p class='ocr_par' dir='ltr' id='par_1_41' title="bbox 386 4865 3638 4937">
     <span class='ocr_line' id='line_1_41' title="bbox 386 4865 3638 4937; baseline 0.001 -19"><span class='ocrx_word' id='word_1_545' title='bbox 386 4881 708 4936; x_wconf 83' lang='lat' dir='ltr'>agnoscere,</span> <span class='ocrx_word' id='word_1_546' title='bbox 739 4881 836 4919; x_wconf 91' lang='lat' dir='ltr'>cur</span> <span class='ocrx_word' id='word_1_547' title='bbox 857 4876 1075 4920; x_wconf 87' lang='lat' dir='ltr'>creatus</span> <span class='ocrx_word' id='word_1_548' title='bbox 1108 4866 1199 4931; x_wconf 87' lang='lat' dir='ltr'>sit,</span> <span class='ocrx_word' id='word_1_549' title='bbox 1225 4874 1280 4920; x_wconf 91' lang='lat' dir='ltr'>et</span> <span class='ocrx_word' id='word_1_550' title='bbox 1307 4865 1565 4920; x_wconf 80' lang='lat' dir='ltr'>factorem</span> <span class='ocrx_word' id='word_1_551' title='bbox 1592 4882 1751 4921; x_wconf 90' lang='lat' dir='ltr'>suum</span> <span class='ocrx_word' id='word_1_552' title='bbox 1780 4868 1966 4934; x_wconf 90' lang='lat' dir='ltr'>deum,</span> <span class='ocrx_word' id='word_1_553' title='bbox 2065 4883 2229 4937; x_wconf 89' lang='lat' dir='ltr'>quam</span> <span class='ocrx_word' id='word_1_554' title='bbox 2271 4867 2462 4920; x_wconf 90' lang='lat' dir='ltr'>risum.</span> <span class='ocrx_word' id='word_1_555' title='bbox 2502 4868 2632 4922; x_wconf 89' lang='lat' dir='ltr'>Post</span> <span class='ocrx_word' id='word_1_556' title='bbox 2674 4867 2775 4921; x_wconf 90' lang='lat' dir='ltr'>hcc</span> <span class='ocrx_word' id='word_1_557' title='bbox 2815 4867 3020 4920; x_wconf 81' lang='lat' dir='ltr'>tribuet</span> <span class='ocrx_word' id='word_1_558' title='bbox 3061 4867 3135 4920; x_wconf 89' lang='lat' dir='ltr'>illi</span> <span class='ocrx_word' id='word_1_559' title='bbox 3171 4865 3504 4920; x_wconf 89' lang='lat' dir='ltr'>desiderium</span> <span class='ocrx_word' id='word_1_560' title='bbox 3544 4867 3638 4922; x_wconf 84' lang='lat' dir='ltr'>ﬂe-</span> 
     </span>
    </p>
   </div>
   <div class='ocr_carea' id='block_1_42' title="bbox 389 4955 3638 5028">
    <p class='ocr_par' dir='ltr' id='par_1_42' title="bbox 389 4955 3638 5028">
     <span class='ocr_line' id='line_1_42' title="bbox 389 4955 3638 5028; baseline 0 -18"><span class='ocrx_word' id='word_1_561' title='bbox 389 4967 525 5010; x_wconf 86' lang='lat' dir='ltr'>tunc</span> <span class='ocrx_word' id='word_1_562' title='bbox 564 4955 786 5026; x_wconf 87' lang='lat' dir='ltr'>incipiet</span> <span class='ocrx_word' id='word_1_563' title='bbox 813 4957 1095 5028; x_wconf 86' lang='lat' dir='ltr'>poenitere</span> <span class='ocrx_word' id='word_1_564' title='bbox 1119 4957 1160 5027; x_wconf 73' lang='grc'><strong>⁸)</strong></span> <span class='ocrx_word' id='word_1_565' title='bbox 1187 4973 1351 5025; x_wconf 85' lang='lat' dir='ltr'>super</span> <span class='ocrx_word' id='word_1_566' title='bbox 1394 4957 1519 5020; x_wconf 83' lang='lat' dir='ltr'>hiis,</span> <span class='ocrx_word' id='word_1_567' title='bbox 1560 4974 1667 5026; x_wconf 86' lang='lat' dir='ltr'>que</span> <span class='ocrx_word' id='word_1_568' title='bbox 1696 4959 1970 5012; x_wconf 87' lang='lat' dir='ltr'>commisit</span> <span class='ocrx_word' id='word_1_569' title='bbox 2065 4968 2219 5012; x_wconf 87' lang='lat' dir='ltr'>tuum</span> <span class='ocrx_word' id='word_1_570' title='bbox 2242 4958 2625 5026; x_wconf 86' lang='lat' dir='ltr'>planctumque</span> <span class='ocrx_word' id='word_1_571' title='bbox 2644 4965 2700 5011; x_wconf 83' lang='lat' dir='ltr'>et</span> <span class='ocrx_word' id='word_1_572' title='bbox 2722 4958 3086 5011; x_wconf 86' lang='lat' dir='ltr'>humilitatem</span> <span class='ocrx_word' id='word_1_573' title='bbox 3117 4968 3173 5011; x_wconf 88' lang='lat' dir='ltr'>ct</span> <span class='ocrx_word' id='word_1_574' title='bbox 3195 4957 3638 5011; x_wconf 89' lang='lat' dir='ltr'>humiliacionem</span> 
     </span>
    </p>
   </div>
   <div class='ocr_carea' id='block_1_43' title="bbox 394 5045 3641 5119">
    <p class='ocr_par' dir='ltr' id='par_1_43' title="bbox 394 5045 3641 5119">
     <span class='ocr_line' id='line_1_43' title="bbox 394 5045 3641 5119; baseline 0.001 -20"><span class='ocrx_word' id='word_1_575' title='bbox 394 5047 446 5100; x_wconf 90' lang='lat' dir='ltr'>in</span> <span class='ocrx_word' id='word_1_576' title='bbox 474 5045 520 5115; x_wconf 74' lang='grc'><strong>⁸)</strong></span> <span class='ocrx_word' id='word_1_577' title='bbox 553 5055 794 5118; x_wconf 89' lang='lat' dir='ltr'>tempore</span> <span class='ocrx_word' id='word_1_578' title='bbox 828 5049 1160 5118; x_wconf 83' lang='lat' dir='ltr'>negligencie</span> <span class='ocrx_word' id='word_1_579' title='bbox 1188 5066 1305 5104; x_wconf 91' lang='lat' dir='ltr'>suc.</span> <span class='ocrx_word' id='word_1_580' title='bbox 1330 5049 1418 5103; x_wconf 89' lang='lat' dir='ltr'>Sic</span> <span class='ocrx_word' id='word_1_581' title='bbox 1450 5049 1671 5103; x_wconf 90' lang='lat' dir='ltr'>demum</span> <span class='ocrx_word' id='word_1_582' title='bbox 1701 5048 1970 5119; x_wconf 89' lang='lat' dir='ltr'>benignus</span> <span class='ocrx_word' id='word_1_583' title='bbox 2066 5047 2268 5110; x_wconf 86' lang='lat' dir='ltr'>cordis,</span> <span class='ocrx_word' id='word_1_584' title='bbox 2304 5054 2440 5101; x_wconf 89' lang='lat' dir='ltr'>etut</span> <span class='ocrx_word' id='word_1_585' title='bbox 2470 5047 2681 5100; x_wconf 86' lang='lat' dir='ltr'>trabem</span> <span class='ocrx_word' id='word_1_586' title='bbox 2707 5048 2851 5100; x_wconf 90' lang='lat' dir='ltr'>oculi</span> <span class='ocrx_word' id='word_1_587' title='bbox 2887 5048 2970 5100; x_wconf 90' lang='lat' dir='ltr'>sui</span> <span class='ocrx_word' id='word_1_588' title='bbox 3006 5047 3336 5111; x_wconf 85' lang='lat' dir='ltr'>consideret,</span> <span class='ocrx_word' id='word_1_589' title='bbox 3363 5063 3473 5101; x_wconf 91' lang='lat' dir='ltr'>non</span> <span class='ocrx_word' id='word_1_590' title='bbox 3503 5047 3641 5101; x_wconf 85' lang='lat' dir='ltr'>alte-</span> 
     </span>
    </p>
   </div>
   <div class='ocr_carea' id='block_1_44' title="bbox 395 5137 3644 5211">
    <p class='ocr_par' dir='ltr' id='par_1_44' title="bbox 395 5137 3644 5211">
     <span class='ocr_line' id='line_1_44' title="bbox 395 5137 3644 5211; baseline 0 -20"><span class='ocrx_word' id='word_1_591' title='bbox 395 5138 529 5193; x_wconf 89' lang='lat' dir='ltr'>deus</span> <span class='ocrx_word' id='word_1_592' title='bbox 567 5140 660 5195; x_wconf 87' lang='lat' dir='ltr'>dat</span> <span class='ocrx_word' id='word_1_593' title='bbox 700 5141 782 5195; x_wconf 91' lang='lat' dir='ltr'>illi</span> <span class='ocrx_word' id='word_1_594' title='bbox 830 5141 1115 5195; x_wconf 86' lang='lat' dir='ltr'>tristiciam</span> <span class='ocrx_word' id='word_1_595' title='bbox 1148 5157 1248 5211; x_wconf 88' lang='lat' dir='ltr'>pro</span> <span class='ocrx_word' id='word_1_596' title='bbox 1282 5141 1540 5210; x_wconf 86' lang='lat' dir='ltr'>peccatis,</span> <span class='ocrx_word' id='word_1_597' title='bbox 1587 5150 1643 5194; x_wconf 86' lang='lat' dir='ltr'>et</span> <span class='ocrx_word' id='word_1_598' title='bbox 1689 5149 1814 5209; x_wconf 89' lang='lat' dir='ltr'>post</span> <span class='ocrx_word' id='word_1_599' title='bbox 1868 5141 1970 5194; x_wconf 91' lang='lat' dir='ltr'>hec</span> <span class='ocrx_word' id='word_1_600' title='bbox 2067 5140 2181 5192; x_wconf 89' lang='lat' dir='ltr'>rius</span> <span class='ocrx_word' id='word_1_601' title='bbox 2211 5139 2473 5191; x_wconf 82' lang='lat' dir='ltr'>festucam</span> <span class='ocrx_word' id='word_1_602' title='bbox 2503 5137 2708 5191; x_wconf 86' lang='lat' dir='ltr'>nitatur</span> <span class='ocrx_word' id='word_1_603' title='bbox 2736 5153 2954 5199; x_wconf 88' lang='lat' dir='ltr'>eruere,</span> <span class='ocrx_word' id='word_1_604' title='bbox 2985 5147 3038 5192; x_wconf 90' lang='lat' dir='ltr'>et</span> <span class='ocrx_word' id='word_1_605' title='bbox 3074 5138 3219 5191; x_wconf 87' lang='lat' dir='ltr'>dicat</span> <span class='ocrx_word' id='word_1_606' title='bbox 3247 5154 3482 5207; x_wconf 89' lang='lat' dir='ltr'>semper,</span> <span class='ocrx_word' id='word_1_607' title='bbox 3507 5154 3644 5207; x_wconf 89' lang='lat' dir='ltr'>quo-</span> 
     </span>
    </p>
   </div>
   <div class='ocr_carea' id='block_1_45' title="bbox 397 5229 3640 5304">
    <p class='ocr_par' dir='ltr' id='par_1_45' title="bbox 397 5229 3640 5304">
     <span class='ocr_line' id='line_1_45' title="bbox 397 5229 3640 5304; baseline -0.001 -19"><span class='ocrx_word' id='word_1_608' title='bbox 397 5233 594 5285; x_wconf 89' lang='lat' dir='ltr'>iterum</span> <span class='ocrx_word' id='word_1_609' title='bbox 632 5250 733 5303; x_wconf 88' lang='lat' dir='ltr'>per</span> <span class='ocrx_word' id='word_1_610' title='bbox 772 5249 929 5288; x_wconf 87' lang='lat' dir='ltr'>suam</span> <span class='ocrx_word' id='word_1_611' title='bbox 967 5233 1359 5304; x_wconf 87' lang='lat' dir='ltr'>benignitatem</span> <span class='ocrx_word' id='word_1_612' title='bbox 1403 5233 1570 5287; x_wconf 83' lang='lat' dir='ltr'>donat</span> <span class='ocrx_word' id='word_1_613' title='bbox 1604 5232 1683 5286; x_wconf 90' lang='lat' dir='ltr'>illi</span> <span class='ocrx_word' id='word_1_614' title='bbox 1719 5233 1970 5286; x_wconf 85' lang='lat' dir='ltr'>alllictio-</span> <span class='ocrx_word' id='word_1_615' title='bbox 2064 5232 2210 5284; x_wconf 88' lang='lat' dir='ltr'>niam</span> <span class='ocrx_word' id='word_1_616' title='bbox 2258 5229 2601 5298; x_wconf 85' lang='lat' dir='ltr'>iniquitatem</span> <span class='ocrx_word' id='word_1_617' title='bbox 2647 5244 2822 5282; x_wconf 90' lang='lat' dir='ltr'>meam</span> <span class='ocrx_word' id='word_1_618' title='bbox 2863 5245 2962 5297; x_wconf 87' lang='lat' dir='ltr'>ego</span> <span class='ocrx_word' id='word_1_619' title='bbox 2999 5245 3232 5298; x_wconf 86' lang='lat' dir='ltr'>agnosco</span> <span class='ocrx_word' id='word_1_620' title='bbox 3262 5240 3316 5283; x_wconf 87' lang='lat' dir='ltr'>et</span> <span class='ocrx_word' id='word_1_621' title='bbox 3357 5237 3640 5298; x_wconf 85' lang='lat' dir='ltr'>peccatum</span> 
     </span>
    </p>
   </div>
   <div class='ocr_carea' id='block_1_46' title="bbox 390 5317 3636 5396">
    <p class='ocr_par' dir='ltr' id='par_1_46' title="bbox 390 5317 3636 5396">
     <span class='ocr_line' id='line_1_46' title="bbox 390 5317 3636 5396; baseline -0.001 -22"><span class='ocrx_word' id='word_1_622' title='bbox 390 5336 516 5378; x_wconf 85' lang='lat' dir='ltr'>nem</span> <span class='ocrx_word' id='word_1_623' title='bbox 538 5325 579 5396; x_wconf 71' lang='grc'><strong>⁸)</strong></span> <span class='ocrx_word' id='word_1_624' title='bbox 610 5325 864 5395; x_wconf 86' lang='lat' dir='ltr'>corporis</span> <span class='ocrx_word' id='word_1_625' title='bbox 896 5324 950 5378; x_wconf 88' lang='lat' dir='ltr'>in</span> <span class='ocrx_word' id='word_1_626' title='bbox 978 5325 1198 5379; x_wconf 89' lang='lat' dir='ltr'>ieiuniis</span> <span class='ocrx_word' id='word_1_627' title='bbox 1223 5324 1342 5393; x_wconf 83' lang='lat' dir='ltr'>et&quot;)</span> <span class='ocrx_word' id='word_1_628' title='bbox 1367 5324 1587 5394; x_wconf 79' lang='lat' dir='ltr'>vigiliis,</span> <span class='ocrx_word' id='word_1_629' title='bbox 1618 5331 1674 5377; x_wconf 92' lang='lat' dir='ltr'>et</span> <span class='ocrx_word' id='word_1_630' title='bbox 1695 5323 1968 5377; x_wconf 89' lang='lat' dir='ltr'>oracionis</span> <span class='ocrx_word' id='word_1_631' title='bbox 2064 5336 2246 5376; x_wconf 88' lang='lat' dir='ltr'>meum</span> <span class='ocrx_word' id='word_1_632' title='bbox 2269 5325 2458 5372; x_wconf 90' lang='lat' dir='ltr'>contra</span> <span class='ocrx_word' id='word_1_633' title='bbox 2482 5334 2565 5370; x_wconf 88' lang='lat' dir='ltr'>me</span> <span class='ocrx_word' id='word_1_634' title='bbox 2593 5328 2937 5387; x_wconf 87' lang='lat' dir='ltr'>estsemper,</span> <span class='ocrx_word' id='word_1_635' title='bbox 2962 5329 3017 5373; x_wconf 89' lang='lat' dir='ltr'>et</span> <span class='ocrx_word' id='word_1_636' title='bbox 3044 5328 3103 5372; x_wconf 88' lang='lat' dir='ltr'>ut</span> <span class='ocrx_word' id='word_1_637' title='bbox 3128 5320 3270 5373; x_wconf 90' lang='lat' dir='ltr'>diem</span> <span class='ocrx_word' id='word_1_638' title='bbox 3292 5322 3470 5373; x_wconf 80' lang='lat' dir='ltr'>exitus</span> <span class='ocrx_word' id='word_1_639' title='bbox 3489 5318 3575 5372; x_wconf 86' lang='lat' dir='ltr'>sui</span> <span class='ocrx_word' id='word_1_640' title='bbox 3595 5317 3636 5386; x_wconf 76' lang='grc'><strong>⁸)</strong></span> 
     </span>
    </p>
   </div>
   <div class='ocr_carea' id='block_1_47' title="bbox 389 5407 3642 5488">
    <p class='ocr_par' dir='ltr' id='par_1_47' title="bbox 389 5407 3642 5488">
     <span class='ocr_line' id='line_1_47' title="bbox 389 5407 3642 5488; baseline -0.002 -17"><span class='ocrx_word' id='word_1_641' title='bbox 389 5415 735 5484; x_wconf 84' lang='lat' dir='ltr'>instanciam,</span> <span class='ocrx_word' id='word_1_642' title='bbox 761 5428 820 5473; x_wconf 89' lang='lat' dir='ltr'>et</span> <span class='ocrx_word' id='word_1_643' title='bbox 845 5427 1216 5488; x_wconf 89' lang='lat' dir='ltr'>contemptum</span> <span class='ocrx_word' id='word_1_644' title='bbox 1247 5417 1456 5481; x_wconf 85' lang='lat' dir='ltr'>mundi,</span> <span class='ocrx_word' id='word_1_645' title='bbox 1485 5427 1540 5470; x_wconf 84' lang='lat' dir='ltr'>ct</span> <span class='ocrx_word' id='word_1_646' title='bbox 1563 5425 1621 5470; x_wconf 91' lang='lat' dir='ltr'>ut</span> <span class='ocrx_word' id='word_1_647' title='bbox 1642 5415 1822 5469; x_wconf 87' lang='lat' dir='ltr'>libens</span> <span class='ocrx_word' id='word_1_648' title='bbox 1851 5415 1966 5468; x_wconf 90' lang='lat' dir='ltr'>illa—</span> <span class='ocrx_word' id='word_1_649' title='bbox 2066 5412 2121 5466; x_wconf 90' lang='lat' dir='ltr'>in</span> <span class='ocrx_word' id='word_1_650' title='bbox 2156 5415 2336 5463; x_wconf 87' lang='lat' dir='ltr'>mente</span> <span class='ocrx_word' id='word_1_651' title='bbox 2370 5407 2588 5471; x_wconf 89' lang='lat' dir='ltr'>habeat,</span> <span class='ocrx_word' id='word_1_652' title='bbox 2611 5417 2666 5462; x_wconf 91' lang='lat' dir='ltr'>et</span> <span class='ocrx_word' id='word_1_653' title='bbox 2699 5408 2974 5477; x_wconf 89' lang='lat' dir='ltr'>quomodo</span> <span class='ocrx_word' id='word_1_654' title='bbox 3016 5409 3070 5462; x_wconf 90' lang='lat' dir='ltr'>in</span> <span class='ocrx_word' id='word_1_655' title='bbox 3101 5417 3395 5480; x_wconf 87' lang='lat' dir='ltr'>conspectu</span> <span class='ocrx_word' id='word_1_656' title='bbox 3430 5409 3518 5464; x_wconf 88' lang='lat' dir='ltr'>dei</span> <span class='ocrx_word' id='word_1_657' title='bbox 3550 5422 3642 5464; x_wconf 84' lang='lat' dir='ltr'>oo-</span> 
     </span>
    </p>
   </div>
   <div class='ocr_carea' id='block_1_48' title="bbox 1689 5595 2380 5654">
    <p class='ocr_par' dir='ltr' id='par_1_48' title="bbox 1689 5595 2380 5654">
     <span class='ocr_line' id='line_1_48' title="bbox 1689 5595 2380 5654; baseline -0.006 -2"><span class='ocrx_word' id='word_1_658' title='bbox 1689 5600 1938 5653; x_wconf 75' lang='lat' dir='ltr'><strong>VARIAE</strong></span> <span class='ocrx_word' id='word_1_659' title='bbox 1978 5595 2380 5654; x_wconf 79' lang='lat' dir='ltr'>LECTIONES.</span> 
     </span>
    </p>
   </div>
   <div class='ocr_carea' id='block_1_49' title="bbox 387 5706 3534 5790">
    <p class='ocr_par' dir='ltr' id='par_1_49' title="bbox 387 5706 3534 5790">
     <span class='ocr_line' id='line_1_49' title="bbox 387 5706 3534 5790; baseline -0.002 -20"><span class='ocrx_word' id='word_1_660' title='bbox 387 5719 428 5789; x_wconf 77' lang='lat'>&#39;)</span> <span class='ocrx_word' id='word_1_661' title='bbox 455 5718 549 5773; x_wconf 79' lang='lat' dir='ltr'>Dei</span> <span class='ocrx_word' id='word_1_662' title='bbox 575 5734 688 5772; x_wconf 88' lang='lat' dir='ltr'>om.</span> <span class='ocrx_word' id='word_1_663' title='bbox 943 5716 1046 5790; x_wconf 72' lang='lat' dir='ltr'>’)__B</span> <span class='ocrx_word' id='word_1_664' title='bbox 1064 5720 1316 5788; x_wconf 81' lang='lat' dir='ltr'>siquidem</span> <span class='ocrx_word' id='word_1_665' title='bbox 1338 5721 1400 5774; x_wconf 84' lang='lat' dir='ltr'>si.</span> <span class='ocrx_word' id='word_1_666' title='bbox 1428 5751 1497 5759; x_wconf 88' lang='lat'>—-</span> <span class='ocrx_word' id='word_1_667' title='bbox 1518 5720 1559 5782; x_wconf 88' lang='grc'><strong>³)</strong></span> <span class='ocrx_word' id='word_1_668' title='bbox 1583 5718 1664 5773; x_wconf 85' lang='lat' dir='ltr'>BC</span> <span class='ocrx_word' id='word_1_669' title='bbox 1685 5722 1969 5790; x_wconf 80' lang='lat' dir='ltr'>ceperil.—</span> <span class='ocrx_word' id='word_1_670' title='bbox 2042 5719 2083 5789; x_wconf 76' lang='grc'>⁸)</span> <span class='ocrx_word' id='word_1_671' title='bbox 2109 5719 2190 5773; x_wconf 86' lang='lat' dir='ltr'>BC</span> <span class='ocrx_word' id='word_1_672' title='bbox 2237 5719 2562 5790; x_wconf 37' lang='lat' dir='ltr'>peniteretct</span> <span class='ocrx_word' id='word_1_673' title='bbox 2603 5714 2682 5790; x_wconf 79' lang='lat' dir='ltr'>sic</span> <span class='ocrx_word' id='word_1_674' title='bbox 2726 5713 2931 5783; x_wconf 89' lang='lat' dir='ltr'>ubique</span> <span class='ocrx_word' id='word_1_675' title='bbox 2975 5709 3254 5766; x_wconf 86' lang='lat' dir='ltr'>scribitur.</span> <span class='ocrx_word' id='word_1_676' title='bbox 3295 5738 3364 5748; x_wconf 91' lang='grc'><strong><em>--</em></strong></span> <span class='ocrx_word' id='word_1_677' title='bbox 3386 5706 3433 5779; x_wconf 85' lang='grc'><strong>⁵)</strong></span> <span class='ocrx_word' id='word_1_678' title='bbox 3481 5707 3534 5762; x_wconf 74' lang='lat' dir='ltr'>in</span> 
     </span>
    </p>
   </div>
   <div class='ocr_carea' id='block_1_50' title="bbox 455 5785 2829 5858">
    <p class='ocr_par' dir='ltr' id='par_1_50' title="bbox 455 5785 2829 5858">
     <span class='ocr_line' id='line_1_50' title="bbox 455 5785 2829 5858; baseline -0.003 -14"><span class='ocrx_word' id='word_1_679' title='bbox 455 5806 566 5846; x_wconf 85' lang='lat' dir='ltr'>om.</span> <span class='ocrx_word' id='word_1_680' title='bbox 601 5791 661 5844; x_wconf 87' lang='lat' dir='ltr'>B.</span> <span class='ocrx_word' id='word_1_681' title='bbox 694 5821 768 5829; x_wconf 92' lang='lat'>——</span> <span class='ocrx_word' id='word_1_682' title='bbox 795 5785 907 5856; x_wconf 40' lang='lat' dir='ltr'>‘)‘C</span> <span class='ocrx_word' id='word_1_683' title='bbox 932 5785 1284 5857; x_wconf 76' lang='lat' dir='ltr'>amiccionem,</span> <span class='ocrx_word' id='word_1_684' title='bbox 1317 5799 1372 5846; x_wconf 89' lang='lat' dir='ltr'>et</span> <span class='ocrx_word' id='word_1_685' title='bbox 1407 5791 1484 5846; x_wconf 88' lang='lat' dir='ltr'>sic</span> <span class='ocrx_word' id='word_1_686' title='bbox 1512 5785 1829 5858; x_wconf 47' lang='lat' dir='ltr'>ubiqucl—</span> <span class='ocrx_word' id='word_1_687' title='bbox 1852 5790 1893 5858; x_wconf 90' lang='grc'><strong>⁷)</strong></span> <span class='ocrx_word' id='word_1_688' title='bbox 1923 5799 1970 5843; x_wconf 86' lang='lat' dir='ltr'>ct</span> <span class='ocrx_word' id='word_1_689' title='bbox 2045 5785 2154 5844; x_wconf 85' lang='lat' dir='ltr'>om.</span> <span class='ocrx_word' id='word_1_690' title='bbox 2205 5790 2263 5845; x_wconf 86' lang='lat' dir='ltr'>C.</span> <span class='ocrx_word' id='word_1_691' title='bbox 2293 5820 2359 5828; x_wconf 91' lang='lat'>——</span> <span class='ocrx_word' id='word_1_692' title='bbox 2383 5785 2427 5856; x_wconf 83' lang='grc'><strong>⁸)</strong></span> <span class='ocrx_word' id='word_1_693' title='bbox 2460 5786 2500 5842; x_wconf 87' lang='lat' dir='ltr'><strong>C</strong></span> <span class='ocrx_word' id='word_1_694' title='bbox 2545 5786 2683 5839; x_wconf 88' lang='lat' dir='ltr'>male</span> <span class='ocrx_word' id='word_1_695' title='bbox 2720 5799 2829 5837; x_wconf 80' lang='lat' dir='ltr'>sue.</span> 
     </span>
    </p>
   </div>
  </div>
