4016 6494
393 410 498 466 407
1636 422 1690 476 s.
1729 419 2014 476 meum

2054 420 2374 477 AEGYPTII

3611 413 3721 468 408

391 545 657 586 cursurus
681 542 773 599 sit,
806 536 901 591 sed
948 548 1005 594 et
1036 540 1237 596 iudicia
1281 551 1339 596 et
1373 556 1542 612 penas
1590 540 1868 595 describat
1907 541 1963 593 in
1997 549 2036 602 Α
2070 550 2212 595 ture.
2247 541 2302 596 Si
2340 550 2522 595 autem
2549 541 2614 594 ad
2647 541 2746 594 has
2784 539 3241 610 impugnaciones
3281 551 3417 591 non
3453 534 3722 589 lassave-

393 631 690 690 conspectu
734 625 933 681 mentis
966 644 1098 692 sue,
1146 646 1247 684 nec
1299 647 1406 684 non
1451 632 1620 685 eciam
1676 631 1965 700 meritos’)

390 708 629 767 honores
669 716 762 782 qui
806 716 971 770 dandi
1017 729 1146 774 sunt
1188 722 1408 774 sanctis.
1457 721 1511 774 Si
1562 720 1725 790 igitur
1760 718 1967 791 [192]

386 803 607 868 viderit,
636 809 892 876 quoniam
917 811 1017 864 hec
1054 812 1129 865 illi
1157 813 1343 866 suavia
1368 821 1493 865 sunt
1517 852 1530 876 ,
1563 820 1793 880 temptat
1817 827 1964 876 eum,

387 893 806 951 siabrenuntiat
849 901 1258 970 voluptatibus,
1282 910 1338 956 et
1379 901 1665 970 resistit”)
1703 901 1968 955 adversus

390 985 772 1056 impugnantes
795 992 860 1060 ”)
884 991 1048 1047 huius
1060 994 1249 1047 mundi
1269 993 1546 1062 principes
1564 993 1751 1061 "),qui
1773 992 1964 1045 vinxe-

388 1086 520 1130 runt
548 1095 675 1132 eum
706 1081 879 1150 prius,
903 1083 998 1137 sed
1018 1092 1074 1138 et
1093 1099 1346 1138 escarum
1369 1087 1520 1138 varie
1540 1083 1962 1146 delectaciones,

387 1183 497 1234 que
547 1171 780 1226 emolliri
814 1173 1019 1227 faciunt
1043 1190 1158 1238 cor,
1192 1183 1250 1229 ut
1274 1175 1336 1244 ¹³)
1374 1191 1566 1228 rursus
1588 1173 1651 1242 “)
1677 1188 1966 1242 propemO-

389 1259 521 1313 dum
547 1261 610 1332 ³⁵)
641 1263 781 1317 vinci
813 1273 978 1333 queat
1005 1282 1036 1320 e
1055 1267 1119 1335 ¹⁶)
1154 1266 1474 1320 lassitudine
1495 1268 1742 1336 corporis
1768 1278 1822 1322 et
1841 1267 1962 1320 lon-

387 1349 726 1420 ginquitate,
790 1354 1099 1411 dicentibus
1158 1357 1237 1410 illi
1297 1358 1730 1427 cogitacionibus
1799 1359 1960 1413 suis:

389 1450 594 1509 quanto
623 1445 882 1513 temporis
927 1448 1113 1516 spacio
1148 1447 1293 1502 hunc
1323 1449 1568 1503 laborem
1608 1451 1836 1505 suﬁ‘erre
1863 1466 1962 1520 po-

390 1531 542 1594 teris,
574 1543 629 1587 et
659 1537 786 1604 quia
828 1538 986 1591 ardui
1037 1538 1241 1594 laboris
1279 1541 1370 1603 sit,
1410 1551 1470 1595 ut
1518 1550 1797 1596 mereatur
1839 1543 1964 1611 quis

388 1622 811 1681 inhabitatorem
834 1628 1035 1685 habere
1061 1631 1246 1693 deum,
1270 1633 1556 1702 presertim
1586 1633 1770 1702 tu,qui
1793 1634 1963 1689 multa

385 1716 646 1782 peccasti,
674 1726 730 1772 et
767 1729 969 1788 quanta
1011 1721 1109 1774 tibi
1156 1731 1386 1791 possunt
1426 1724 1626 1776 remitti
1675 1733 1894 1793 peccata
1932 1742 1963 1780 a

384 1803 527 1858 deo!
573 1805 630 1860 Si
671 1818 855 1862 autem
902 1811 1240 1879 cognoverit,
1269 1811 1396 1879 quia
1429 1827 1524 1865 cor
1570 1812 1716 1865 illius
1744 1812 1960 1866 ﬁrmum

383 1905 471 1950 est
502 1897 556 1950 in
583 1899 773 1955 timore
800 1901 887 1956 dei
931 1912 1118 1956 etnon
1153 1903 1384 1958 dimittit
1417 1905 1595 1958 locum
1644 1922 1825 1967 suum,
1867 1907 1959 1960 sed
1994 1893 2032 1946 Β

386 1987 606 2044 fortiter
643 1993 850 2046 resistit
877 2005 932 2048 et
965 2003 1168 2064 pugnat
1191 1996 1277 2064 ‘7),
1324 2006 1452 2051 tunc
1490 1999 1708 2052 venient
1756 1999 1831 2052 illi
1859 2001 1961 2054 sub

388 2081 675 2136 occasione
705 2085 926 2154 justicie
960 2086 1241 2143 dicentes:
1294 2088 1535 2142 Peceasti
1581 2089 1801 2157 quidem
1824 2131 1838 2154 ,
1866 2091 1961 2145 sed

392 2173 760 2242 peniteneiam
795 2177 976 2246 egisti,
1010 2178 1120 2247 jam
1165 2189 1386 2233 sanctus
1427 2195 1523 2244 es;
1564 2190 1621 2234 et
1656 2180 1864 2234 faciunt
1892 2181 1960 2235 il-

389 2259 506 2316 lum
530 2262 592 2333 ι⁸)
628 2265 907 2320 recordari
940 2267 1284 2336 quorundam
1306 2268 1588 2322 hominum
1619 2273 1960 2341 peecata,qui

384 2367 494 2407 non
526 2363 757 2423 egerunt
795 2357 1186 2429 penitenciam,
1231 2361 1738 2428 superseminantes
1786 2363 1864 2417 illi
1905 2365 1960 2418 in

386 2443 553 2499 corde
580 2461 772 2500 vanam
825 2447 1075 2518 gloriam.
1117 2450 1237 2504 Non
1280 2452 1457 2504 solum
1509 2466 1642 2505 vero
1685 2453 1822 2518 hec,
1863 2454 1960 2509 sed

383 2535 557 2589 eciam
590 2537 797 2594 faciunt
828 2541 1092 2609 quosdam
1132 2541 1383 2596 homines
1416 2544 1639 2598 laudare
1665 2561 1789 2599 cum
1827 2548 1960 2599 sub-

385 2623 530 2689 dole,
565 2636 621 2681 et
659 2643 959 2697 provocare
993 2646 1119 2684 eum
1166 2631 1234 2684 ad
1283 2648 1470 2702 opera,
1511 2650 1618 2703 que
1661 2635 1804 2689 ferre
1850 2652 1959 2691 non

382 2725 583 2785 potest,
613 2719 1066 2776 immittentesilli
1097 2724 1466 2792 cogitaeiones
1497 2741 1606 2779 non
1631 2729 1884 2782 vescendi
1906 2737 1960 2783 et

383 2823 494 2861 non
536 2808 780 2874 bibendi,
810 2827 912 2865 nec
940 2828 1047 2866 non
1077 2821 1133 2867 et
1158 2813 1465 2882 vigiliarum
1486 2856 1500 2879 ,
1530 2826 1587 2870 et
1626 2819 1796 2871 multa
1831 2819 1956 2882 alia,

383 2915 491 2970 que
525 2899 746 2971 longum
796 2911 880 2956 est
914 2903 1118 2968 dicere,
1164 2914 1222 2959 et
1260 2904 1579 2962 facilitatem
1616 2909 1694 2962 illi
1745 2909 1814 2963 ad
1857 2911 1959 2965 hec

382 2991 716 3061 perﬁcienda
757 2996 1026 3059 tribuunt,
1061 2998 1104 3050 si
1129 2997 1192 3067 ")
1227 3015 1336 3068 quo
1376 2999 1541 3053 modo
1581 3017 1708 3055 eum
1751 3002 1817 3056 ad
1857 3002 1960 3057 hec

384 3085 614 3139 illiciant
659 3084 1099 3157 ‘°),precavente
1161 3090 1440 3158 scriptura
1493 3100 1550 3146 et
1593 3092 1848 3147 dicente:
1886 3110 1957 3149 ne

383 3176 740 3234 declinaveris
782 3179 850 3233 ad
880 3180 1126 3236 dextram
1172 3197 1352 3251 neque
1387 3182 1455 3236 ad
1497 3183 1814 3248 sinistram,
1857 3186 1950 3240 sed

384 3274 596 3320 rectum
646 3268 750 3322 iter
797 3269 1105 3339 ingredere.
1155 3271 1212 3325 Si
1256 3283 1440 3328 autem
1491 3275 1762 3346 benignus
1816 3277 1954 3333 deus

381 3361 741 3429 perspexerit,
769 3362 896 3432 quia
930 3364 1064 3417 nulli
1111 3380 1302 3419 eorum
1338 3368 1612 3436 acquievit
1638 3384 1733 3422 cor
1763 3369 1953 3438 ipsius,

381 3449 600 3503 dicente
626 3451 786 3506 david
825 3461 880 3507 et
904 3452 971 3506 de
997 3453 1375 3510 huiuscemodi
1404 3459 1864 3527 temptacionibus
1887 3461 1954 3533 “)

384 3542 756 3612 significante:
787 3545 1031 3614 probasti
1054 3561 1149 3600 cor
1164 3562 1344 3601 meum
1365 3560 1421 3604 et
1441 3551 1671 3606 visitasti
1691 3564 1851 3609 nocte
1865 3554 1954 3624 “),

383 3634 508 3703 igne
539 3650 625 3688 me
670 3637 1018 3701 examinasti,
1046 3648 1102 3692 et
1122 3655 1232 3692 non
1262 3649 1350 3694 est
1380 3641 1602 3697 inventa
1645 3644 1698 3697 in
1731 3661 1817 3699 me
1848 3646 1956 3699 ini-

381 3723 585 3793 quitas.
619 3725 684 3778 Et
709 3725 812 3779 hoc
841 3727 1304 3797 perspiciendum,
1334 3746 1434 3783 cur
1479 3741 1642 3787 nocte
1663 3732 1728 3804 θ’)
1756 3734 1959 3790 dixerit

381 3825 439 3872 et
457 3832 566 3870 non
587 3817 674 3871 die
697 3817 784 3888 ");
807 3817 1061 3874 videlicet
1079 3821 1206 3890 quia
1224 3822 1732 3879 circumvenciones
1753 3827 1957 3880 inimici

380 3923 491 3962 nox
509 3909 804 3972 sunt,sicut
820 3910 887 3980 ’⁸)
911 3911 1105 3966 beatus
1129 3914 1325 3982 paulus
1361 3915 1498 3968 dixit
1517 3915 1822 3989 "),[193]
1848 3936 1959 3974 non

381 4014 504 4055 esse
542 4017 642 4054 nos
670 4002 808 4056 ﬁlios
835 4003 1184 4059 tenebrarum
1207 4005 1298 4076 ’7),
1329 4007 1424 4061 sed
1465 4008 1626 4072 lucis,
1652 4011 1780 4078 quia
1815 4011 1959 4065 ﬁlius

337 4092 343 4097 ”
383 4091 472 4146 dei
498 4093 615 4148 dies
633 4103 716 4148 est
735 4096 824 4164 ³³),
844 4095 1094 4150 diabolus
1113 4096 1178 4167 ")
1203 4113 1333 4151 vero
1356 4098 1503 4151 nocti
1524 4100 1876 4155 assimilatur.
1901 4102 1957 4156 Si

382 4198 515 4237 vero
546 4185 648 4238 hec
665 4186 846 4238 omnia
873 4185 1014 4239 bella
1037 4201 1389 4256 supergressa
1416 4187 1584 4242 fuerit
1603 4191 1802 4252 anima,
1830 4200 1960 4246 tunc

383 4273 654 4344 incipiunt
683 4277 761 4330 illi
793 4276 1084 4330 immittere
1105 4277 1448 4332 adversarios
1467 4279 1535 4348 ³ο)
1569 4282 1956 4350 cogitaciones,

384 4363 771 4422 fornicaeionis
799 4367 1137 4422 desiderium
1168 4377 1223 4422 et
1257 4369 1552 4424 nefandum
1575 4371 1640 4440 ³¹)
1683 4381 1954 4442 stuprum.

382 4455 445 4509 In
472 4455 580 4509 hiis
601 4456 665 4527 ”)
697 4458 862 4527 igitur
881 4459 1137 4512 omnibus
1159 4457 1466 4516 inﬁrmatur
1485 4461 1664 4516 anima
1685 4472 1741 4516 et
1765 4479 1859 4517 cor
1883 4474 1960 4518 ta-

385 4547 580 4612 bescit,
613 4559 673 4603 ut
697 4549 1035 4619 impossibile
1058 4551 1122 4619 ³³)
1149 4551 1251 4605 sibi
1289 4551 1479 4606 credat
1508 4570 1627 4607 esse
1657 4555 1959 4609 custodiam

384 4640 680 4705 castitatis,
707 4641 1102 4711 subiungentcs
1129 4641 1232 4706 illi,
1258 4651 1319 4696 ut
1359 4643 1492 4707 dixi,
1529 4645 1789 4714 temporis
1830 4663 1958 4715 pro-

382 4732 690 4798 lixitatem,
736 4735 1005 4788 virtutum
1057 4735 1292 4788 arduum
1315 4734 1381 4804 3")
1413 4736 1676 4798 laborem,
1732 4746 1788 4790 et
1833 4740 1960 4806 quia

383 4826 590 4896 grande
621 4825 691 4881 sit
718 4840 858 4880 onus
883 4839 1126 4895 ipsarum
1155 4833 1210 4878 et
1245 4824 1695 4896 importabile“),
1732 4827 1961 4880 subiun-

313 4981 318 4992 Ι
384 4926 574 4987 gentes
605 4917 681 4972 illi
710 4917 1082 4972 inﬁrmitatem
1114 4917 1365 4986 corporis
1389 4925 1445 4972 et
1482 4917 1832 4988 fragilitatem
1863 4935 1960 4972 na-

1979 3229 2022 3286 C

2071 632 2164 695 rit,
2191 641 2320 686 tunc
2346 633 2615 702 benignus
2636 642 2690 686 et
2722 633 3038 686 misericors
3060 632 3194 685 deus
3225 628 3436 684 mittit
3471 625 3562 679 illi
3595 623 3722 676 vir-

2070 732 2241 777 tutem
2284 738 2458 786 suam,
2512 733 2568 776 et
2617 722 2907 777 conﬁrmat
2955 737 3052 776 cor
3106 721 3320 791 ipsius,
3369 727 3439 771 et
3490 715 3596 768 dat
3637 711 3720 767 illi

2067 813 2307 870 leticiam
2341 823 2398 868 et
2434 812 2780 883 refrigerium
2812 825 2868 866 et
2895 812 3364 883 possibilitatem,
3393 815 3468 861 ut
3498 804 3724 860 forcior

2068 907 2305 960 inimicis
2345 907 2674 970 inveniatur,
2728 916 2788 959 ut
2831 908 3050 960 illorum
3093 905 3396 959 adversus
3445 899 3622 954 illum
3647 895 3721 967 ⁸⁸)

2066 1014 2246 1068 pugna
2277 999 2342 1068 ³⁷)
2375 1015 2483 1051 non
2515 999 2813 1067 prevaleat,
2847 996 3287 1064 timentibusque
3330 999 3579 1062 prestat
3606 989 3723 1042 vir-

2066 1097 2239 1143 tutem
2263 1090 2353 1159 "),
2383 1090 2526 1143 sicut
2553 1100 2608 1144 et
2635 1099 2856 1143 sanctus
2894 1089 3088 1157 paulus
3112 1089 3251 1141 dicit
3283 1104 3296 1137 :
3321 1081 3714 1146 contendite,

2065 1190 2123 1234 et
2171 1182 2454 1250 accipietis
2497 1181 2778 1234 virtutem.
2831 1179 2942 1233 Hec
2981 1179 3181 1248 quippe
3223 1176 3306 1244 ³¹’)
3349 1183 3453 1226 est
3495 1172 3716 1233 virtus,

2065 1286 2228 1338 quam
2263 1270 2456 1324 beatus
2504 1279 2694 1339 petrus
2732 1268 2976 1337 loquitur
3012 1269 3239 1320 dicens:
3293 1261 3718 1316 hereditatem

2067 1364 2436 1431 incorruptam
2491 1371 2546 1416 et
2591 1360 3099 1414 immarcessibilem
3158 1364 3598 1411 conservatam
3657 1352 3716 1405 in

2065 1456 2197 1509 eelis
2231 1458 2286 1507 in
2312 1455 2484 1515 vobis,
2509 1453 2602 1522 qui
2635 1454 2689 1506 in
2720 1452 3003 1518 virtute”)
3037 1449 3123 1504 dei
3160 1443 3572 1502 custodimini
3611 1457 3718 1511 per

2066 1543 2247 1596 ﬁdem.
2281 1543 2434 1596 Tunc
2470 1543 2740 1612 benignus
2780 1550 2835 1594 et
2868 1543 3110 1595 clemens
3148 1538 3324 1598 deus,
3358 1535 3412 1589 si
3462 1533 3711 1595 viderit,

2063 1633 2191 1702 quia
2213 1635 2277 1704 δ’)
2313 1650 2407 1687 cor
2429 1634 2596 1703 ipsius
2635 1633 3053 1687 eorroboratum
3079 1641 3165 1684 est
3192 1643 3386 1697 super
3428 1625 3715 1680 inimicos

2063 1739 2211 1788 suos,
2251 1734 2382 1779 tunc
2421 1726 2683 1796 paulatim
2724 1725 3003 1779 subtrahit
3034 1723 3336 1783 virtutem,
3380 1734 3507 1788 quc
3535 1716 3708 1785 illi“)

2064 1817 2453 1885 opitulabatnr,
2484 1826 2538 1870 et
2560 1815 2811 1872 concedit
2833 1815 3070 1869 inimicis
3099 1813 3457 1882 impugnare
3475 1808 3550 1877 ’⁵³)
3573 1821 3709 1862 eum

2064 1909 2232 1961 variis
2259 1907 2731 1977 concupisccnciis
2748 1908 2949 1970 carnis,
2983 1921 3083 1959 nec
3125 1919 3236 1956 non
3269 1910 3337 1955 el.
3376 1916 3538 1953 vane
3577 1898 3704 1969 glo-

2066 2000 2146 2052 rie
2165 1998 2230 2068 ⁸⁵)
2261 1999 2581 2068 cupiditate,
2613 2007 2669 2053 et
2700 1997 2978 2066 superbia,
3006 1994 3328 2062 ceterisque
3352 1989 3463 2056 ⁸⁸),
3493 2004 3614 2058 que
3633 1988 3705 2056 “)

2065 2091 2130 2144 ad
2157 2091 2526 2159 pet-dicionem
2560 2091 2802 2152 trahunt,
2830 2097 2891 2142 ut
2916 2085 3327 2156 propemodum
3353 2081 3432 2152 δ’)
3463 2079 3703 2135 assimi-

2063 2180 2208 2234 lctur
2245 2181 2391 2243 navi,
2429 2196 2536 2249 que
2569 2182 2688 2234 sine
2728 2178 3100 2250 gubernaculo
3147 2177 3203 2229 in
3251 2173 3540 2243 scopulis
3589 2172 3706 2225 huc

2064 2273 2384 2342 illucque")
2409 2272 2659 2327 oﬁ‘endit.
2703 2271 2838 2326 Cum
2880 2279 3061 2324 autem
3097 2284 3194 2322 cor
3225 2267 3370 2320 eius
3389 2265 3471 2336 δ’)
3505 2279 3700 2326 emar-

2062 2364 2238 2418 cuerit
2271 2364 2325 2417 in
2352 2364 2479 2427 hiis,
2509 2371 2565 2418 et
2592 2363 2665 2417 ita
2687 2363 2754 2433 ⁸⁸)
2779 2361 3046 2416 defecerit
3071 2360 3134 2414 ad
3166 2360 3404 2430 singula
3439 2366 3700 2426 tempta-

2063 2454 2332 2525 menta")
2368 2454 2608 2516 inimici,
2648 2465 2778 2509 tunc
2811 2454 2882 2506 ho
2926 2451 3132 2524 [195.]
3179 2452 3418 2504 minum
3469 2455 3698 2503 amator

2062 2546 2232 2610 deus,
2268 2562 2454 2600 curam
2507 2546 2722 2600 habens
2766 2553 3020 2598 creature
3075 2559 3207 2606 sue,
3256 2540 3548 2595 immittit
3613 2535 3694 2590 illi

2061 2647 2305 2694 sanetam
2343 2639 2606 2692 virtutem
2658 2645 2714 2690 et
2768 2636 3076 2697 conﬁrmat,
3129 2633 3442 2687 subiciens
3487 2645 3595 2685 cor
3633 2639 3690 2682 et

2061 2729 2297 2782 animam
2328 2738 2383 2782 et
2414 2744 2616 2798 corpus
2655 2728 2825 2798 ipsius
2851 2737 2907 2781 et
2936 2726 3119 2780 omnia
3158 2725 3385 2780 viscera
3419 2723 3555 2777 eius
3583 2721 3689 2776 sub

2061 2820 2186 2891 iugo
2214 2821 2462 2890 paracliti
2487 2821 2578 2889 δ’),
2617 2821 2735 2889 ipso
2757 2819 3010 2872 dicente:
3048 2817 3220 2872 tollite
3244 2817 3457 2886 iugum
3494 2827 3685 2867 meum

2060 2927 2225 2981 super
2253 2927 2349 2965 vos
2381 2920 2437 2964 et
2459 2911 2652 2965 discite
2679 2925 2708 2963 a
2733 2925 2841 2972 me,
2881 2909 3016 2978 quia
3058 2908 3203 2961 mitis
3230 2922 3364 2960 sum
3395 2912 3458 2959 et
3491 2904 3681 2957 humi-

2059 3003 2128 3056 lis
2167 3003 2352 3056 corde.
2407 3003 2477 3057 Et
2528 3003 2607 3055 sic
2660 3002 2881 3055 demum
2929 3000 3203 3069 benignus
3247 2998 3404 3051 deus
3445 2993 3682 3064 incipiet

2059 3092 2421 3161 adaperire”)
2469 3092 2658 3145 oculos
2708 3091 2890 3145 cordis
2921 3090 3095 3159 ipsius
3113 3087 3204 3158 ⁵1⁵),
3240 3097 3308 3142 ιιι
3362 3086 3674 3155 intelligat.

2060 3185 2319 3253 quoniam
2353 3184 2468 3253 ipse
2492 3194 2595 3245 est,
2629 3184 2722 3252 qui
2757 3181 3048 3236 conﬁrmat
3071 3195 3198 3235 eum
3219 3219 3234 3243 ,
3268 3187 3334 3234 et
3370 3187 3516 3232 tunc
3547 3191 3676 3231 vere

2066 3275 2290 3343 incipiet
2330 3290 2487 3328 nosse
2529 3275 2692 3327 homo
2725 3273 2988 3327 honorem
3039 3271 3170 3326 dare
3191 3270 3294 3325 deo
3341 3285 3479 3325 cum
3519 3268 3666 3322 omni

2065 3365 2373 3418 humilitate
2412 3374 2469 3418 et
2497 3363 2711 3417 actione
2740 3361 3072 3431 graciarum,
3105 3360 3249 3413 sicut
3283 3356 3462 3411 david
3497 3353 3667 3410 dicit:

2065 3455 2393 3510 sacriﬁcium
2425 3455 2529 3508 dco
2554 3453 2779 3522 spiritus
2810 3451 3232 3505 contribulatus.
3265 3449 3350 3503 Ex
3380 3449 3494 3502 hoc
3515 3447 3664 3501 enim

2065 3549 2252 3602 labore
2280 3548 2438 3618 prelii
2479 3546 2763 3600 humilitas
2799 3553 2856 3600 et
2881 3543 3288 3598 eontribnlacio
3309 3551 3369 3596 et
3396 3552 3663 3594 mansue-

2066 3641 2198 3694 tudo
2239 3639 2471 3694 eﬁieitur
2526 3638 2616 3708 ⁵⁵).
2663 3638 2800 3692 Cum
2841 3637 2947 3690 hiis
2987 3635 3154 3704 igitur
3186 3634 3455 3687 omnibus
3495 3627 3661 3683 fuerit

2066 3731 2352 3801 probatus,
2387 3738 2518 3784 tunc
2542 3729 2767 3797 incipiet
2793 3728 2868 3781 illi
2900 3727 3128 3796 spiritus
3149 3735 3379 3779 sanctus
3415 3719 3657 3776 revelare

2065 3820 2390 3890 occulta"),
2419 3821 2524 3873 hoc
2559 3828 2662 3882 est,
2695 3835 2800 3888 que
2832 3818 3174 3872 sanctisiure
3215 3817 3535 3883 meritoque
3567 3810 3654 3864 de-

2065 3911 2266 3967 bentur
2297 3922 2352 3966 et
2383 3912 2510 3975 hiis,
2537 3912 2630 3980 qui
2662 3918 2885 3980 sperant
2908 3924 3073 3978 super
3096 3905 3487 3962 misericordia
3514 3903 3650 3963 eius,

2064 4012 2121 4057 et
2151 4012 2280 4058 tunc
2311 4010 2529 4072 reputat
2557 4018 2742 4057 secum
2787 4001 2951 4055 homo
2979 3998 3171 4053 dicens
3204 3998 3338 4052 illud
3385 3991 3648 4065 apostoli-

2066 4109 2190 4147 cum
2216 4111 2229 4146 :
2267 4095 2395 4163 quia
2426 4109 2535 4148 non
2569 4102 2698 4147 sunt
2721 4091 2988 4160 condigne
3015 4089 3302 4158 passiones
3323 4086 3498 4140 huius
3521 4091 3650 4134 tem-

2065 4184 2217 4253 poris
2255 4184 2322 4237 ad
2346 4183 2585 4237 futuram
2613 4182 2860 4251 gloriam,
2885 4194 2992 4250 que
3024 4178 3362 4233 revelabitur
3393 4176 3450 4230 in
3471 4171 3642 4229 nobis.

2065 4285 2122 4329 et
2142 4275 2274 4328 illud
2301 4275 2495 4328 david:
2538 4273 2670 4343 quid
2701 4273 2847 4326 enim
2879 4271 3046 4325 michi
3077 4279 3159 4324 est
3193 4269 3246 4322 in
3275 4269 3398 4323 celo
3419 4307 3434 4328 ,
3459 4277 3516 4319 et
3543 4279 3573 4315 a
3596 4271 3645 4314 te

2065 4366 2198 4436 quid
2222 4367 2368 4420 volui
2395 4381 2560 4434 super
2584 4364 2822 4419 terram?
2843 4363 2947 4415 hoc
2973 4373 3056 4416 est
3079 4378 3092 4413 :
3118 4377 3151 4414 o
3174 4360 3419 4420 domine,
3445 4359 3641 4425 quanta

2065 4457 2232 4511 michi
2269 4472 2561 4527 paraveras
2607 4456 2662 4509 in
2708 4455 2847 4517 celo,
2881 4463 2938 4508 et
2978 4469 3080 4523 ego
3121 4453 3251 4521 quid
3289 4469 3322 4505 a
3359 4460 3412 4504 te
3450 4455 3675 4516 quere-'

2067 4547 2192 4601 bam
2207 4547 2274 4617 ³⁷)
2313 4548 2369 4601 in
2409 4547 2520 4600 vita
2545 4545 2804 4600 mortali?
2835 4545 2901 4597 Et
2935 4545 3014 4598 sic
3052 4545 3225 4596 eciam
3266 4541 3534 4610 incipient
3564 4531 3636 4586 illi

2068 4641 2298 4696 revelari
2331 4645 2632 4700 tormenta,
2665 4653 2772 4706 que
2802 4636 3016 4704 passuri
3047 4642 3177 4688 sunt
3214 4641 3557 4702 peccatores,
3585 4631 3637 4677 et

2067 4733 2236 4787 multa
2283 4733 2409 4794 alia,
2449 4745 2556 4800 quc
2603 4744 2690 4782 me
2722 4735 2936 4782 tacente
2986 4736 3206 4780 sanctus
3243 4724 3328 4777 vir
3365 4715 3632 4785 intelligit.

2066 4825 2195 4878 Post
2215 4823 2317 4877 hec
2336 4837 2466 4876 vero
2486 4821 2668 4874 omnia
2689 4820 2914 4888 incipiet
2942 4819 3239 4888 paraclitus
3265 4817 3402 4870 inire
3423 4821 3630 4883 pactum

2067 4932 2192 4970 cum
2227 4914 2466 4984 puritate
2503 4912 2686 4967 cordis
2737 4910 2910 4980 ipsius
2965 4919 3021 4964 et
3073 4910 3253 4963 anime
3292 4907 3543 4961 ﬁrmitate
3580 4905 3633 4951 et

1689 5037 1942 5091 VARIAE
1981 5032 2384 5089 LECTIONES.

472 5150 582 5238 as
630 5151 874 5206 radendo
896 5151 1270 5238 cergmeriw-
1295 5181 1352 5189 —
1385 5148 1461 5238 ιτ)
1495 5150 1535 5204 Β
1573 5140 3253 5238 resistet-73%“‘ng'teﬁiot'es-tii)EP’:"¢"¥::".::II’
3279 5137 3622 5238 Gem-.1;

390 5221 455 5290 ν’)
1323 5201 1553 5275 ηιοάίιτῖι.
1575 5201 1824 5287 Lua”
1854 5201 2089 5292 vincique
2111 5201 2260 5292 a:——v_
2279 5219 2320 5246 "
2343 5218 2437 5292 )ct
2459 5201 2668 5286 pugnat,
2685 5201 2793 5267 om'.
2822 5201 3026 5292 argi)
3049 5210 3090 5264 C
3122 5201 3408 5292 comi—“ﬂ

385 5293 496 5346 sed.
538 5289 609 5332 σέ
627 5292 695 5362 ⁵ο)
723 5293 812 5362 ΑΒ
838 5289 1093 5362 illiceant.
1117 5289 1186 5330 4—
1210 5289 1276 5361 “)
1303 5292 1346 5345 A
1371 5292 1787 5360 cogitationibus.
1847 5289 2006 5362 ᾖξ’)

2147 5268 2496 5356 probaslivco'r
2525 5268 2699 5338 meum
2718 5293 2768 5356 et
2786 5268 3316 5356 visi_tasti'_cor_m_cu_m
3343 5268 3401 5330 et,
3418 5268 3622 5356 uisitain

459 5369 624 5416 nocte.
650 5347 803 5430 4-")
839 5361 921 5416 BC
950 5363 1005 5414 in
1030 5371 1194 5415 nocte.
1222 5347 1292 5401 έ-
1312 5362 1378 5426 ")
1408 5347 1488 5417 B’C
1520 5363 1573 5414 in
1598 5363 1701 5414 die.
1731 5391 1801 5400 --
1825 5347 2198 5438 ")‘Cﬁ'hsicud,
2228 5365 2284 5410 et
2316 5359 2395 5438 sic
2421 5357 2718 5438 ubique:
2758 5355 2802 5385 ’θ
2926 5354 3068 5438 dicit.
3101 5350 3167 5421 ’⁷)
3311 5347 3620 5438 tergemina?!

386 5408 677 5500 mat"—
708 5408 1308 5502 u)'.a~;..;'.-.x:jf_i=»)
1340 5408 1380 5486 ό
1407 5408 1701 5502 ᾖξαιξιῖιλέῑ
1757 5462 1827 5470 -
1850 5408 2601 5502 “fuci:idieisa‘iiéijéi‘)
2631 5425 2718 5502 Bg
2739 5408 3204 5502 'Lep’wudumz-.-':
3225 5420 3412 5502 ξλιιείςς

385 5480 547 5570 £335
596 5503 640 5556 A
665 5480 1181 5572 posgiiaea“':‘u)
1207 5500 1252 5554 Α
1900 5480 2094 5572 21;”)
2124 5480 2520 5572 Β,ξριροτιαι›ίιε-
2565 5480 2726 5572 ὲὶθ)
2748 5480 3152 5572 sever")
3176 5480 3612 5572 ᾼβῑηιρνσηαέῖίες

399 5603 469 5612 —-
500 5561 566 5639 δέ)
602 5572 643 5626 Α
665 5561 1068 5693 ἰὶιηεηεέιιηιῖτιθ
1117 5561 1251 5640 ᾳάαε
1276 5561 1534 5625 inhabitet
1566 5574 1619 5624 in
1643 5588 1700 5624 eo
1738 5561 2129 5633 virtutcnz.:'—-
2159 5566 2222 5636 a")
2245 5561 2333 5636 qui
2371 5584 2432 5638 pe
2455 5583 2564 5622 om.
2595 5561 2715 5620 BC}
2766 5594 2837 5646 .—-
2860 5562 2925 5631 δθ)
2957 5561 2998 5614 Β
3031 5579 3120 5630 per
3145 5563 3403 5613 virtutem.
3437 5583 3498 5593 ——

399 5651 665 5708 nantium.
717 5642 820 5708 -α
849 5642 916 5708 η)
951 5640 1033 5694 ili
1067 5657 1176 5693 om.
1215 5639 1314 5693 BC.
1376 5671 1446 5680 -——
1513 5640 1618 5695 "C
1649 5642 1789 5695 male
1862 5654 2118 5708 pugnare.
2174 5666 2244 5708 —_—_-
2287 5585 2435 5708 ιιῗΑ
2472 5635 2846 5708 υαηαηςιοηα.
2909 5632 3065 5708 tt“)
3109 5631 3190 5684 BC
3225 5640 3498 5708 ceterarum

1897 5654 2118 5709 ugnare.
2174 5666 2244 5711 -_—_-
2287 5638 2351 5708 “)
2390 5638 2435 5691 A
2472 5638 2846 5711 va_na__gloria.
2909 5638 3065 5711 it")
3109 5638 3190 5684 Bt;
3225 5640 3422 5711 αἱρεταί

1711 5659 1789 5695 ille
1897 5659 2118 5707 “quare.
2174 5666 2244 5675 —
2287 5659 2351 5708 ⁷⁷)
2390 5659 2435 5691 Α
2472 5659 2611 5691 vana
2655 5659 2846 5704 gwnu.
2909 5662 2978 5670 ’-
3009 5659 3065 5700 Ἶ)
3109 5659 3190 5684 nu
3225 5659 3609 5711 ιιίιϋιαιοσυηιινι-

1711 5742 1782 5752 --
1817 5659 1951 5834 “£5
1985 5717 2141 5778 atque
2165 5705 2397 5760 illuc.——
2426 5709 2491 5778 ιθ)
2525 5707 2570 5761 Α
2593 5707 2756 5761 illius.
2817 5733 2888 5786 —_—
2924 5701 2990 5772 ⁵⁰)
3023 5701 3067 5755 Α
3106 5711 3156 5753 et
3177 5710 3235 5752 ut
3264 5700 3611 5780 itaodwam.’

1747 5779 1814 5834 "l
1924 5780 2148 5834 aperire.
2185 5807 2253 5816 —
2277 5778 2345 5834 “l
2383 5777 2466 5834 BC
2509 5778 2672 5834 ipsius
2710 5774 2897 5829 cordis.
2956 5801 3025 5810 ——-
3048 5769 3116 5834 ⁸⁵)
3145 5771 3186 5824 Β
3223 5769 3525 5834 efﬁciuntur.
3549 5780 3608 5796 -~

1924 5769 2148 5850 aperire.
2185 5807 2253 5816 —
2277 5778 2345 5849 l")
2383 5769 2483 5834 BC'
2509 5778 2672 5848 ipsius
2710 5774 2897 5829 cordis.
2956 5769 3025 5810 -'-—-
3048 5769 3116 5841 “)
3145 5771 3186 5824 Β
3223 5769 3525 5840 efﬁciuntur.
3549 5780 3608 5796 -~

387 5651 665 5712 quantum.
717 5642 820 5710 —a
849 5642 916 5712 η)
951 5639 1033 5694 illi
1067 5657 1176 5693 om.
1215 5639 1314 5693 BC.
1376 5671 1446 5680 -——
1513 5640 1618 5695 "C
1649 5642 1789 5695 male

384 5740 457 5751 -——
477 5711 544 5770 “l
582 5727 679 5780 que
699 5727 806 5764 om.
832 5711 892 5766 C.
949 5742 1018 5749 —
1047 5712 1111 5780 ’⁵⁷)
1140 5711 1181 5762 Β
1208 5726 1370 5780 prope
1403 5709 1636 5764 modum.
1711 5742 1782 5752 —-

392 5775 958 5850 u)Bdtmtptamcnta.
1015 5775 1547 5850 ——-"”)l\ipcraclyti.
1607 5812 1676 5820 ——
1747 5779 1814 5847 ⁸³)

390 5851 460 5919 ⁸“)
499 5851 546 5905 Α
572 5849 854 5902 ecclesiam.
896 5850 1050 5919 —-")
1088 5850 1128 5903 B
1160 5849 1284 5917 quid
1323 5868 1353 5903 τι
1388 5849 1592 5919 tequid
1627 5852 1926 5920 quercbam.

3519 5546 3613 5599 us

2390 5638 2435 5691 A
2472 5655 2611 5691 vana
2655 5635 2846 5704 gloria.
2909 5632 3065 5704 ᾖδε)
3109 5631 3190 5684 BC
3225 5632 3609 5704 ceterarumque-
