4016 6440
322 384 428 440 409

1796 377 2124 432 EPISTULA
2133 379 2194 431 Ε.

3498 383 3602 439 ιη’)

331 497 622 554 sanctitate
647 496 908 566 corporis
936 503 991 549 et
1019 510 1140 548 cum
1177 495 1403 564 spiritus
1429 495 1549 550 eius
1585 493 1917 555 humilitate,
1951 504 1991 555 Α
2023 501 2127 554 est,
2158 503 2212 547 ct
2238 495 2496 562 quoniam
2520 493 2634 562 ipse
2657 492 2720 564 ⁸³)
2746 493 2961 548 estvita
2988 493 3126 558 eius,
3153 494 3370 549 dicente
3398 495 3558 550 david
3591 509 3602 542 ε

329 600 389 647 et
406 590 569 644 faciet
585 589 658 659 ³⁸)
689 605 821 642 eum
844 586 1099 658 progredi
1114 587 1180 657 ⁵⁸)
1197 602 1413 641 omnem
1437 594 1766 649 creaturam,
1784 593 1841 638 et
1861 592 1922 638 ut

329 697 442 738 non
473 681 736 750 loquatur
776 695 841 734 os
865 681 987 735 eius
1024 695 1187 749 opera
1217 679 1531 742 hominum,
1577 689 1633 732 et
1672 685 1733 731 ut
1771 685 1922 731 recta

329 775 508 829 oculis
539 774 655 828 suis
689 773 897 836 videat,
939 781 996 826 et
1025 779 1084 826 ut
1127 773 1210 826 ori
1257 787 1355 825 suo
1389 770 1695 824 custodiam
1733 776 1920 839 ponat,

332 874 392 920 et
412 865 519 919 iter
544 864 713 918 faciat
735 872 950 917 rectum
968 861 1321 932 “)gressibus
1343 860 1538 924 suis,et
1562 867 1625 913 ut
1653 859 1923 914 iusticiam

340 957 535 1012 habeat
585 971 850 1009 manuum
889 970 1141 1018 suarum,
1172 953 1276 1007 hoc
1308 961 1393 1006 est
1430 966 1680 1020 operum,
1715 959 1771 1005 et
1798 964 1924 1004 ora-

345 1049 511 1104 cionis
534 1047 884 1111 instanciam,
917 1062 1018 1100 nec
1041 1061 1151 1099 non
1170 1044 1305 1114 et")
1337 1042 1695 1097 aﬂliccionem
1725 1056 1923 1110 corpo-

347 1144 420 1196 ris
439 1153 496 1196 et
527 1141 840 1212 vigiliarum
884 1138 1274 1208 frequeneiam.
1304 1136 1372 1190 Et
1395 1137 1498 1191 hec
1535 1134 1774 1204 disponit
1799 1148 1926 1187 cum

342 1251 410 1290 eo
430 1235 488 1287 in
517 1249 775 1286 mensura
807 1239 862 1285 et
887 1231 1246 1292 discrecione,
1265 1239 1320 1282 et
1343 1243 1451 1280 non
1476 1227 1531 1280 in
1557 1223 1921 1287 turbulencia,

335 1326 432 1381 sed
466 1327 524 1379 in
552 1326 740 1394 quiete
762 1324 852 1394 6’).
881 1322 936 1377 Si
961 1336 1091 1375 vero
1117 1337 1271 1374 mens
1307 1321 1479 1390 ipsius
1501 1317 1925 1387 disposicionem

333 1416 514 1470 sancti
553 1414 764 1486 [195]
823 1414 1050 1483 spiritus
1090 1410 1512 1480 contempserit,
1559 1419 1689 1463 tunc
1727 1407 1923 1471 virtus,

335 1524 442 1578 que
469 1509 526 1562 in
549 1525 676 1562 eum
696 1508 762 1577 ⁸³)
789 1507 984 1561 collata
1003 1504 1282 1573 fuerat“),
1302 1502 1556 1565 discedit,
1575 1510 1632 1555 et
1649 1501 1728 1554 sic
1746 1516 1926 1571 pugne

332 1599 653 1653 efﬁciuntur
693 1597 748 1651 in
790 1597 954 1652 corde
997 1596 1119 1650 eius
1170 1603 1225 1648 et
1269 1591 1838 1662 conturbaeiones“),
1873 1602 1928 1647 et

331 1690 676 1744 conturbant
697 1689 906 1759 eum“)
941 1688 1225 1758 passiones
1251 1686 1500 1755 corporis
1522 1699 1619 1754 per
1647 1694 1925 1738 momenta

330 1782 552 1853 singula
579 1782 989 1853 expugnacione
1021 1780 1250 1834 inimici.
1291 1778 1347 1832 Si
1381 1786 1562 1832 autem
1597 1792 1926 1831 conversum

2025 588 2256 641 clamavi
2282 585 2350 641 ad
2381 597 2432 642 te
2460 596 2515 642 et
2543 588 2746 642 sanasti
2784 602 2903 653 me;
2929 595 2984 642 et
3015 587 3213 642 iterum
3241 605 3254 641 :
3296 589 3423 658 quia
3461 593 3608 660 apud

2023 688 2077 733 te
2104 687 2189 733 est
2211 678 2332 733 fons
2354 679 2518 734 vitae.
2547 680 2718 750 Igitur
2751 679 3056 734 secundum
3088 695 3271 733 meum
3312 681 3609 734 consilium

2024 771 2248 839 quidem
2269 771 2472 839 7°),nisi
2493 771 2658 825 homo
2680 771 2940 841 grandem
2959 771 3349 844 possederit")
3379 773 3606 827 humili-

2026 867 2214 923 tatem,
2246 875 2351 928 que
2389 859 2656 914 virtutum
2681 860 2926 914 omnium
2955 861 3171 914 culmen
3205 870 3308 925 est,
3341 870 3398 916 et
3429 874 3611 917 custo-

2027 950 2171 1004 diam
2197 950 2443 1020 posuerit
2463 951 2545 1005 ori
2570 966 2690 1015 suo,
2717 961 2774 1006 et
2792 952 2944 1006 cordi
2970 952 3221 1008 timorem
3245 954 3356 1020 dei,
3380 964 3436 1008 et
3461 955 3516 1008 iu
3541 963 3609 1010 eo

2026 1043 2251 1113 quidem
2289 1058 2346 1096 se
2379 1043 2572 1112 probat
2598 1044 2870 1098 excellere
2915 1045 3135 1110 ceteris,
3164 1062 3275 1099 non
3325 1063 3382 1101 se
3422 1048 3608 1117 prefe—

2027 1136 2196 1206 rat")
2230 1144 2489 1205 tanquam
2528 1136 2735 1206 aliquid
2778 1137 2907 1190 boni
2936 1137 3150 1203 fecerit,
3192 1149 3248 1192 et
3291 1148 3350 1192 ut
3381 1139 3611 1210 injurias

2027 1227 2131 1280 sibi
2161 1227 2339 1280 illatas
2377 1227 2614 1282 libenter
2639 1227 2883 1292 sufferat,
2927 1240 2983 1283 et
3014 1230 3240 1299 prebeat
3279 1233 3608 1300 percutienti

2027 1334 2085 1372 se
2117 1319 2279 1372 aliam
2317 1319 2614 1385 maxillam,
2641 1329 2696 1373 et
2723 1331 2781 1373 ut
2803 1321 2872 1374 ad
2893 1337 3053 1375 omne
3089 1338 3227 1392 opus
3255 1323 3461 1376 bonum
3490 1324 3609 1376 vio-

2027 1411 2204 1465 lenter
2226 1419 2478 1482 erumpat
2517 1420 2572 1466 et
2621 1412 2865 1482 diripiat,
2891 1424 2948 1468 et
2989 1423 3052 1468 ut
3086 1415 3322 1468 animam
3363 1431 3517 1468 suam
3553 1416 3610 1470 in

2027 1520 2193 1558 manu
2220 1513 2404 1574 portet
2430 1506 2588 1575 quasi
2631 1506 2860 1562 cottidie
2888 1507 3192 1562 moriturus
3213 1549 3227 1572 ,
3261 1518 3316 1564 et
3354 1517 3415 1561 ut
3472 1525 3610 1564 vana

2028 1598 2193 1652 ducat
2243 1601 2447 1664 omnia,
2499 1615 2606 1669 que
2648 1600 2750 1653 sub
2801 1599 2994 1670 hoc”)
3042 1600 3238 1671 sole”)
3282 1610 3607 1660 cernuntur,

2029 1699 2085 1742 et
2108 1689 2176 1756 τ’)
2206 1687 2354 1744 dicat
2379 1707 2392 1742 :
2430 1690 2591 1760 cupio
2619 1690 2843 1745 dissolvi
2873 1701 2930 1745 et
2951 1707 3072 1745 esse
3105 1697 3230 1745 cum
3255 1691 3494 1755 Christo,
3520 1700 3606 1745 et:

2029 1779 2197 1834 michi
2225 1781 2410 1836 vivere
2447 1781 2700 1836 Christus
2723 1792 2806 1836 est
2844 1790 2900 1836 et
2939 1783 3076 1836 mori
3107 1783 3341 1846 lucrum,
3374 1799 3483 1836 non
3509 1799 3609 1852 po—

331 1875 507 1929 fuerit
536 1891 632 1928 cor
678 1874 798 1928 eius
847 1881 903 1928 et
957 1869 1352 1942 optinuerit“)
1396 1877 1654 1939 precepta
1696 1868 1922 1938 spiritus
1957 1853 1998 1906 Β
2030 1872 2158 1926 terit
2197 1884 2455 1942 precepta
2488 1889 2705 1928 servare
2748 1874 2976 1942 spiritus
3002 1875 3195 1928 sancti.
3237 1873 3467 1945 Explicit
3499 1873 3608 1944 epi-

329 1967 532 2031 sancti,
556 1967 828 2037 proteceio
849 1966 1056 2020 domini
1081 1965 1140 2018 ﬁt
1163 1979 1327 2034 super
1348 1976 1495 2015 eum.
1514 1962 1582 2016 Et
1600 1970 1730 2016 tunc
1753 1961 1919 2017 homo

330 2061 702 2131 agnoscet"),
731 2060 860 2130 quia
887 2058 1266 2113 indesinenter
1297 2055 1566 2109 adherere
1597 2053 1700 2109 deo
1713 2053 1918 2108 bonum

2026 1963 2167 2018 stola
2194 1965 2331 2018 beati
2361 1965 2620 2020 Macharii
2645 1965 2714 2019 ad
2741 1965 2989 2038 ﬁlios"),

1615 2212 1874 2268 VARIAE
1915 2212 2318 2272 LECTIONES.

421 2333 492 2402 ⁸⁸)
521 2334 597 2408 Ak
616 2333 760 2408 [αείτ.
791 2363 862 2408 _—:
884 2331 974 2408 '2).
1093 2331 1420 2408 supergredi.
1452 2364 1522 2408 ῖ-
1662 2333 1707 2387 Λ
1763 2336 1864 2408 iter
1904 2342 2122 2408 factum
2175 2337 2359 2405 faciat.
2394 2369 2464 2376 —
2491 2338 2558 2408 σί)

2615 2348 2663 2392 et
2705 2356 2814 2394 om.
2967 2340 3126 2408 ——")
3187 2342 3277 2394 sed
3340 2343 3395 2394 in
3440 2343 3612 2412 quiete

410 2421 531 2482 om._
565 2403 668 2457 BC.
703 2434 775 2441 —
797 2403 863 2472 ³³)
896 2402 1089 2482 Βϐωἱιι
1125 2402 1203 2482 eo.
1237 2433 1306 2446 -η
1339 2403 1407 2470 ⁸⁵⁸)
1437 2403 1506 2482 __B
1539 2404 1655 2482 fuit.
1681 2435 1754 2443 —
1781 2405 1849 2472 ⁸⁵)
1893 2402 2344 2482 ς]ένίιηιιαιέὶοηιειιιἶ
2381 2440 2454 2448 —
2487 2402 2558 2482 “)7
2590 2427 2708 2463 eum
2741 2427 2850 2464 om.
2876 2410 2936 2464 C.
2968 2442 3038 2451 —-
3067 2402 3133 2482 δ”)
3165 2412 3205 2466 C
3237 2402 3612 2465 obtinuerit.—

507 2475 547 2528 Α
579 2483 953 2544 cognoscet.——
973 2475 1038 2555 δέ)
1063 2473 1107 2526 Α
1131 2474 1322 2595 ipsum.
1349 2474 1505 2542 ——-"°)
1528 2475 1738 2544 quidem
1758 2491 1868 2529 om.
1895 2474 1997 2528 BC.
2071 2507 2142 2516 -—-
2162 2479 2229 2546 “)
2375 2473 2661 2561 possederit
2689 2482 2964 2552 grandem.
2996 2511 3064 2520 -—
3084 2473 3152 2551 τί)
3183 2483 3223 2537 C
3253 2483 3517 2604 proferat.
3540 2513 3610 2522 -—-

421 2615 424 2616 ν
499 2547 591 2616 hoc
609 2560 726 2616 oui.
763 2545 823 2597 Β.
847 2543 998 2616 -ῘὈ
1019 2543 1058 2598 C
1083 2560 1140 2595 so
1167 2561 1192 2596 e
1231 2545 1346 2616 nec.
1371 2574 1442 2583 —
1471 2545 1540 2615 ”)
1571 2553 1620 2597 et
1653 2560 1770 2600 om.
1809 2545 1869 2601 C.
1890 2573 1960 2583 --
2034 2546 2101 2616 ⁷⁸)
2127 2549 2361 2616 Explica
2402 2550 2624 2616 epistola
2654 2551 2791 2605 beati
2824 2551 3085 2606 Macharii
3109 2553 3178 2606 ad
3207 2553 3243 2616 ﬁ
3265 2569 3346 2605 ws
3377 2568 3487 2606 orn.
3517 2552 3609 2616 A.;

415 2543 474 2622 τ’)
499 2543 726 2622 hbeam.
1083 2543 1192 2596 sole
1228 2545 1346 2622 Iliae.
1371 2574 1442 2583 —
1471 2545 1540 2615 ”)
1571 2553 1620 2597 et
1653 2560 1770 2600 om.
1809 2545 1869 2601 C.
1890 2573 1960 2583 —-
2034 2546 2101 2617 ⁷⁸)
2127 2543 2624 2622 Επριὶι-ιιέρίδιοια
2654 2543 2791 2605 ὁὲαιὶ
2824 2551 3085 2606 Macharii
3109 2543 3178 2606 ad
3207 2543 3487 2622 ﬁlios'om.
3517 2552 3609 2618 A.;

404 2612 537 2669 me
564 2614 795 2669 Macarii
826 2616 895 2668 ad
918 2612 1054 2682 filios
1091 2628 1201 2667 om.
1222 2612 1282 2668 C.

1897 2980 2030 3067 II.

798 3197 1389 3291 EPISTULA
1485 3199 1902 3289 SANCTI
1996 3196 2491 3288 MACABII
2582 3195 3150 3288 AEGYPTII

1484 3390 1647 3451 CUM
1688 3388 2075 3452 VERSlONE
2116 3388 2498 3450 FDITOBIS.

828 3679 941 3731 Cod.
965 3692 1057 3729 ms.
1084 3691 1253 3742 graec.
1281 3677 1391 3729 F01.
1423 3677 1481 3728 16
1501 3677 1632 3728 Bibl.
1655 3679 1782 3742 Reg.
1813 3679 2155 3731 Berolinensis
2179 3679 2506 3742 bombycinus
2538 3679 2682 3730 Saec.
2713 3693 2780 3728 xu
2803 3680 2886 3730 vel
2910 3692 2996 3729 xui
3026 3677 3114 3726 fol.

406 3792 708 3862 Anteeedunt
731 3790 990 3862 epistolam
1020 3788 1148 3862 ‘inde
1172 3788 1231 3862 ab
1281 3786 1423 3862 initio
1444 3788 1625 3862 codicis
1643 3804 1671 3862 ἱ(
1697 3786 1799 3862 Τοῦ
1825 3791 1962 3862 ὁσίου
2008 3790 2195 3862 Harpe:
2215 3792 2352 3862 ἡμῶν
2371 3789 2643 3862 ὶῐμακαρίοιί
2657 3787 2754 3862 τοῦ.
2792 3783 3612 3862 ιιξῖγνειιῑτίοι)ΠιξιξιᾷίοιιΞ

345 3854 464 3899 πάνυ
483 3855 651 3914 πολλῆς
676 3846 906 3914 ὠφελείας
923 3851 1288 3914 πεπληρωμέναι
1311 3851 1418 3911 περὶ
1437 3855 1521 3914 ιςῆς
1539 3851 1841 3914 ὀφειλομένης
1859 3853 1938 3898 καὶ
1963 3846 2345 3914 σπουδαζομένης
2371 3846 2666 3914 Χριπιανοῖς
2685 3846 3003 3914 τελειρτλητος)
3031 3848 3189 3914 :unde
3211 3846 3469 3914 epistolam
3491 3848 3617 3896 hanc

350 3914 559 3978 eiusdem
584 3907 786 3978 λίποεέιὶ
809 3913 1044 3978 Aegyptii
1067 3907 1182 3959 esse
1205 3907 1426 3978 apparet.
1452 3907 1729 3978 Notandum
1767 3919 1863 3978 est,
1896 3914 1946 3961 in
1974 3912 2155 3961 codicis
2185 3907 2265 3960 tet
2282 3917 2333 3960 tu
2381 3907 2692 3978 homiljarum
2735 3912 2883 3978 verba
2905 3910 3153 3978 interdum
3179 3907 3414 3978 nonnulla
3439 3922 3614 3978 errore

347 3975 521 4023 librarii
553 3975 822 4033 excidisse,
857 3969 989 4035 qiio'd
1042 3986 1102 4035 an
1147 3969 1249 4020 non’
1272 3969 1424 4035 etiam
1459 3973 1805 4035 in_epistolae'
1834 3980 1975 4022 textu
2021 3987 2372 4035 nonnunquam
2416 3973 2673 4035 acciderit,
2716 3975 2883 4022 dicere
2934 3972 3144 4020 haesito.
3180 3971 3256 4019 De
3288 3969 3457 4019 codice
3503 3969 3614 4019 vide

344 4036 703 4086 ΡυειοιιειωΔ
732 4037 791 4087 ad
817 4032 1096 4084 SfMacarii
1121 4036 1357 4097 Aegyptii
1385 4032 1624 4084 Homilias
1651 4032 1774 4084 infra
1803 4035 1896 4086 col.
1919 4036 2144 4084 447448.

347 4185 456 4240 Τοῦ
477 4185 666 4240 αὑτοῦ
707 4185 881 4255 ἁγίου
911 4186 1221 4252 Μακαρίου
1245 4182 1540 4252 ἐπιστολὴ
1565 4182 1799 4254 μεγάλη
1829 4183 1928 4238 καὶ
1957 4188 1998 4246 C
2032 4182 2284 4238 Eiusdem
2318 4185 2490 4238 sancti
2511 4182 2736 4237 Macarii
2779 4180 3001 4252 epistola
3037 4198 3233 4251 magna
3270 4190 3315 4232 et
3345 4180 3608 4251 perutilis.

837 4255 1000 4308 πάνυ
1045 4255 1342 4323 ὠφέλιμος
1370 4256 1434 4322 ⁸).

409 4345 709 4399 Γινώσκειν
755 4343 1015 4416 βούλομαι
1044 4347 1145 4416 τὴν
1179 4344 1396 4397 σύνεσίν
1425 4361 1520 4397 σου
1545 4383 1559 4408 ,
1595 4345 1677 4397 ὅτι
1709 4343 1816 4416 χρὴ
1843 4345 1932 4399 τὸν

271 4485 286 4493 -
334 4437 548 4489 τέλειον
580 4435 746 4505 ἄνδρα
772 4436 1146 4506 ἀφιερωμένων
1174 4435 1514 4504 τυγχάνοντα
1541 4435 1613 4506 μὴ
1643 4436 1802 4506 μόνον
1833 4437 1931 4489 αὐ-

335 4528 431 4579 τὸν
462 4527 519 4578 ὲν
535 4524 660 4595 Θεῷ
695 4522 853 4589 εἶναι,
886 4525 1024 4578 ἀλλὰ
1054 4527 1146 4578 καὶ
1171 4525 1262 4578 τὸν
1281 4526 1414 4581 Θεὸν
1442 4529 1500 4579 ὲν
1536 4525 1706 4596 αὐτῷ’
1742 4525 1930 4590 καθώς

338 4633 509 4688 φησιν
550 4615 582 4667 ὁ
609 4615 822 4685 κύριος’
859 4619 892 4669 ό
930 4616 1131 4684 μένων
1159 4615 1228 4668 ὲν
1259 4616 1392 4684 ἐμοί
1412 4658 1426 4683 ,
1461 4617 1625 4686 κάγὼ
1651 4617 1722 4670 ἐν
1745 4616 1928 4682 αὐτῷ.

335 4708 421 4761 δεῖ
450 4708 563 4780 γὰρ
603 4707 697 4759 τὸν
734 4706 828 4760 τοῦ
859 4706 998 4762 Θεοῦ
1044 4705 1330 4775 ἄνθρωπον
1364 4707 1460 4762 καὶ
1498 4710 1833 4778 παροικῆσαι.
1869 4711 1926 4761 ὲν

339 4799 420 4868 τῷ
455 4798 774 4870 σκηνώματι
806 4798 886 4869 τῷ
919 4797 1118 4868 θεῖκῷ,
1154 4800 1247 4852 καὶ
1280 4800 1704 4871 κατασκηνῶσαι
1751 4802 1808 4852 ὲν
1849 4799 1927 4870 τῷ

343 4891 484 4962 ἁγιῳ
511 4891 629 4962 ὄρει
660 4891 758 4960 τῆς
790 4891 1058 4960 ἀχράντου
1093 4889 1366 4961 Θεότητος,
1403 4892 1490 4944 ἵνα
1523 4893 1596 4962 μὴ
1631 4892 1791 4962 μόνον
1827 4910 1927 4944 πε-

352 4977 612 5053 ριέχωνῇ,
640 4982 774 5035 ἀλλὰ
798 4981 890 5034 καὶ
905 4982 1292 5051 περιεχόμενος
1315 4981 1421 5034 ὑπὸ
1441 4983 1540 5053 τῆς
1563 4983 1721 5052 δόξης
1736 4981 1829 5034 τοῦ
1852 4981 1928 5052 μὴ

349 5074 754 5146 συγχωροῦντος
780 5074 822 5144 ²)
875 5075 1441 5128 καταδυναστεύεσθαι
1506 5075 1610 5128 ὑπὸ
1677 5077 1776 5145 τῆς
1830 5074 1926 5127 τοῦ

354 5168 568 5232 σκάτους
585 5167 868 5239 ἐνεργείας
908 5166 1014 5218 τῶν
1067 5166 1276 5220 παθῶν.
1319 5166 1592 5236 ἁγιασμοῦ
1615 5165 1722 5236 γὰρ
1772 5164 1928 5235 χάριν

349 5259 444 5312 καὶ
465 5261 562 5331 τῆς
584 5261 796 5322 οἰκείας
825 5257 1090 5320 ἀπαθείας
1113 5261 1314 5311 ἐνοικεῖ
1336 5261 1447 5322 τοῖς
1474 5258 1647 5322 ἀξίοις
1670 5261 1698 5311 ὁ
1723 5260 1924 5326 σωτήρ,

346 5353 433 5407 ἵνα
464 5354 592 5420 καὶ,
629 5353 706 5415 ὡς
736 5351 897 5412 αὐτὸς
928 5349 1144 5420 ἀπαθὴς
1176 5349 1440 5420 τυγχάνῃ,
1485 5349 1579 5402 καὶ
1607 5349 1736 5411 τοὺς
1777 5346 1931 5411 δεξα-

2103 4335 2266 4407 199
2291 4336 2637 4408 Cognoscere
2683 4336 2845 4405 cupio
2886 4344 3133 4389 mentem
3171 4343 3342 4398 tuam,
3376 4349 3444 4386 an
3485 4348 3615 4388 cen-

2027 4443 2149 4483 seas
2183 4444 2409 4482 necesse
2447 4443 2566 4482 esse
2608 4428 2887 4498 perfectus
2915 4427 3020 4491 vir,
3049 4427 3144 4496 qui
3185 4427 3258 4480 sit
3301 4426 3610 4481 sanctifica-

2029 4529 2136 4584 tus,
2168 4536 2276 4573 non
2324 4521 2499 4573 solum
2544 4519 2660 4589 ipse
2687 4520 2742 4572 in
2769 4520 2882 4572 Deo
2908 4519 2998 4582 sit,
3034 4519 3130 4573 sed
3160 4528 3216 4573 et
3256 4519 3400 4573 Deus
3428 4519 3482 4571 in
3524 4534 3610 4582 eo,

2028 4608 2171 4661 sicut
2200 4608 2278 4662 ait
2307 4608 2570 4662 Dominus
2594 4626 2605 4659 :
2633 4610 2721 4678 qui
2755 4617 2932 4662 manet
2951 4610 3005 4661 in
3028 4625 3130 4673 me,
3167 4618 3214 4661 et
3238 4625 3329 4679 ego
3347 4611 3402 4662 in
3429 4625 3489 4661 eo
3513 4609 3612 4679 (1).

2033 4699 2262 4770 Oportet
2290 4701 2439 4756 enim
2461 4701 2558 4755 Dei
2583 4700 2865 4754 hominem
2893 4710 2949 4756 et
2987 4702 3239 4755 habitare
3271 4701 3325 4754 in
3358 4700 3614 4754 taberna-

2033 4793 2159 4847 culo
2211 4793 2437 4858 divino,
2472 4802 2529 4848 et
2593 4783 2803 4863 ponere
2853 4794 3269 4849 tabernaculum
3315 4793 3371 4846 in
3425 4801 3616 4846 sancto

2035 4895 2220 4939 monte
2245 4885 2628 4940 immaculatae
2661 4884 2914 4949 Deitatis,
2947 4895 3008 4940 ut
3042 4901 3150 4938 non
3172 4884 3349 4938 solum
3375 4883 3615 4936 circum—

2037 4977 2148 5040 det,
2185 4977 2281 5031 sed
2309 4977 2474 5031 etiam
2502 4977 2874 5031 circumdatus
2899 4976 2971 5031 sit
2995 4975 3166 5046 gloria
3198 4975 3338 5039 eius,
3377 4974 3472 5043 qui
3505 4990 3612 5028 non

2035 5071 2242 5140 patitur
2275 5069 2447 5140 redigi
2490 5085 2616 5124 eum
2662 5069 2766 5122 sub
2803 5078 3128 5139 potestatem
3174 5066 3526 5120 tenebrarum
3553 5082 3616 5120 ac

2036 5162 2370 5230 passionum.
2419 5160 2880 5216 Sanctiﬁcationis
2913 5160 3062 5213 enim
3106 5167 3162 5212 et
3191 5158 3446 5226 propriae
3481 5174 3612 5226 apa—

2035 5253 2180 5306 thiae
2223 5252 2394 5322 gratia
2423 5251 2694 5306 inhabitat
2732 5252 2909 5320 dignis
2937 5252 3205 5312 Salvator,
3232 5260 3312 5311 ut.
3347 5249 3611 5318 quemad-

2035 5344 2260 5399 modum
2279 5346 2393 5416 ipse
2413 5343 2728 5414 passionum
2745 5360 2942 5415 expers
2959 5353 3064 5410 est,
3085 5343 3156 5398 ita
3173 5344 3337 5398 etiam
3359 5343 3501 5408 illos,
3518 5341 3611 5411 qui

1636 5500 1893 5558 VARIAE
1931 5499 2331 5556 LECTlONES.

406 5607 447 5678 ¹)
475 5602 617 5661 6οά-
649 5599 937 5668 ὁςέλιμος.
968 5626 1036 5637 --
1066 5597 1108 5668 ’)
1148 5595 1285 5653 Cod.
1336 5592 1754 5665 συγχοροῦντος.

1865 5750 2095 5808 NOTAE

399 5861 637 5939 (1)1011.
669 5857 790 5921 XV,
831 5854 882 5908 ὅ.
