4016 6434
555 325 654 380 411

1863 329 1914 382 S.
1959 327 2236 384 MACARH
2275 328 2593 384 AEGYPTII
3673 332 3762 387 6ξῖ

553 460 680 499 cum
699 454 1043 515 receperunt,
1076 461 1105 500 ει
1139 446 1482 516 passionibus
1509 447 1726 510 liberet,
1758 447 1861 500 iam
1891 463 1996 502 non
2020 451 2114 520 agi-

2237 451 2428 518 μένους
2459 450 2620 504 αὐτὸν
2651 449 2880 511 ἀπαθεῖς
2908 449 3324 520 κατασκευάσῃ,
3359 451 3549 520 μηκέτι
3585 451 3766 505 κλυδω-

555 545 698 591 tatos
724 548 781 592 et
822 538 1172 591 circumlatos
1209 538 1403 607 quovis
1439 548 1624 592 vento.
1675 538 1813 594 Sunt
1854 540 2002 593 enim
2032 541 2123 609 qui

553 645 664 683 non
703 630 866 684 modo
890 630 992 700 ipsi
1020 633 1213 699 procul
1239 647 1270 682 a
1297 630 1502 686 Christi
1533 631 1807 702 mysteriis
1840 631 2121 702 degentes,

550 735 745 774 verum
775 721 939 773 etiam
979 720 1244 788 proximis
1280 728 1467 789 potum
1500 718 1751 772 sordidae
1782 719 2124 788 corruptelae

554 813 902 881 praebentes,
936 813 1222 867 veritatem
1269 812 1362 865 Dei
1399 808 1464 882 _in
1513 811 1782 864 iniustitia
1820 811 2120 876 detineant,

552 904 608 958 in
634 904 856 973 quibus,
883 905 1080 974 inquit,
1119 905 1279 973 200
1311 904 1448 974 quod
1483 912 1662 955 notum
1690 911 1763 956 est
1787 902 1904 965 Dei,
1943 903 2120 956 mani-

551 995 743 1064 festum
767 1006 839 1048 est
856 997 902 1067 (1
924 996 961 1066 ).
982 996 1114 1050 Nam
1142 996 1266 1048 vani
1299 996 1352 1047 in
1367 993 1791 1066 cogitationibus
1814 994 1926 1046 suis
1944 1005 1998 1047 et
2028 992 2126 1046 ob-

549 1086 698 1138 scuri
730 1086 785 1139 in
820 1086 1098 1154 insipienti
1121 1085 1286 1138 corde
1318 1099 1416 1137 suo
1442 1083 1592 1146 facti,
1619 1083 1810 1138 dicunt
1848 1083 2125 1136 naturales

547 1192 668 1231 esse
686 1187 741 1230 et
759 1194 788 1230 a
813 1177 923 1230 Deo
945 1185 1258 1246 procreatas
1280 1175 1563 1244 passiones
1591 1175 1944 1246 ignominiae,
1965 1175 2122 1227 volu-

550 1274 757 1334 ptatem
805 1265 1024 1334 inquam
1051 1265 1438 1334 corruptionis,
1477 1273 1532 1319 et
1564 1265 1806 1318 animum
1838 1265 2120 1329 iniustum,

551 1359 686 1412 iram
719 1359 1054 1422 indecorum,
1097 1373 1208 1412 non
1247 1357 1549 1412 secundum
1587 1358 1758 1412 Deum
1793 1367 2016 1423 motam,
2068 1367 2125 1412 et

546 1447 652 1498 alia
677 1445 967 1499 eiusmodi.

614 1536 723 1589 Nos
755 1535 919 1604 igitur
946 1544 1001 1588 et
1025 1536 1148 1590 illos
1173 1545 1228 1588 et
1252 1551 1413 1589 voces
1437 1551 1624 1589 eorum
1655 1548 1907 1605 tanquam
1929 1552 1958 1590 a
1993 1553 2121 1607 pro-

545 1628 723 1697 posito
743 1628 1064 1682 aberrantes
1083 1628 1278 1681 missos
1297 1627 1577 1689 facientes,
1600 1628 2011 1682 consideremus
2052 1629 2121 1682 li-

545 1719 774 1773 bertatis
807 1719 1098 1773 arbitrium
1151 1718 1219 1770 ab
1253 1734 1318 1772 eo
1349 1718 1509 1772 nobis
1536 1719 1721 1771 datum
1754 1719 1847 1788 qui
1876 1719 2121 1779 condidit

545 1824 665 1871 nos,
703 1817 762 1861 ut
792 1807 847 1861 in
887 1815 1073 1861 nostra
1117 1816 1381 1876 potestate
1415 1809 1486 1862 sit
1527 1818 1580 1861 et
1601 1809 1824 1862 meliora
1865 1818 2121 1879 appetere

542 1906 601 1953 et
638 1915 669 1952 a
710 1899 994 1968 peioribus
1029 1899 1328 1952 abstinere.
1368 1899 1552 1968 Neque
1584 1899 1728 1953 enim
1758 1901 1933 1954 iustus
1958 1901 2119 1954 iudex

541 1991 766 2060 puniret
785 2006 885 2045 nos
900 1991 1247 2060 passionibus
1269 1991 1536 2054 subditos,
1563 1991 1606 2045 si
1629 1992 1742 2061 ipse
1763 2002 1909 2046 esset
1928 2007 2119 2046 earum

559 2091 771 2136 auctor.
812 2083 1014 2152 Apage,
1074 2082 1274 2145 iubeo,
1329 2098 1518 2151 apage,
1562 2098 1740 2152 neque
1777 2084 1832 2137 in
1880 2096 2118 2138 mentem

539 2174 748 2228 venias.
787 2173 1167 2228 Abominanda
1209 2173 1354 2227 enim
1402 2175 1549 2227 omni
1583 2175 1702 2244 piae
1746 2175 1913 2229 menti
1953 2191 2118 2244 prava

541 2264 634 2318 illa
672 2273 727 2318 et
749 2265 911 2319 stulta
933 2264 1203 2320 doctrina.
1236 2266 1369 2319 Nam
1409 2267 1738 2320 mundarum
1768 2275 1823 2321 et
1843 2266 2001 2320 valde
2023 2266 2119 2320 bo-

540 2371 735 2409 narum
775 2364 1093 2409 naturarum
1121 2355 1300 2425 opifex
1337 2357 1499 2422 Deus,
1523 2358 1665 2412 sicut
1689 2359 1969 2428 praedicat
1989 2359 2114 2429 Spi-

539 2446 681 2500 ritus
717 2456 940 2501 sanctus
966 2446 1021 2500 in
1078 2446 1267 2500 mundi
1313 2449 1784 2502 creationezEcce
1828 2452 1988 2514 enim,
2028 2451 2114 2504 in-

537 2542 680 2609 quit,
729 2546 917 2591 cuncta
940 2536 1094 2590 valde
1115 2537 1249 2590 bona
1281 2537 1379 2608 (2).
1410 2539 1674 2594 Jeremias
1699 2549 1881 2594 autem
1922 2542 2115 2611 lugens

535 2642 595 2686 et
632 2629 922 2698 ambigens
961 2628 1028 2682 de
1075 2628 1393 2697 passionum
1439 2630 1737 2700 ignominia
1785 2650 1797 2684 :
1833 2632 2109 2697 Dominus,

536 2723 734 2791 inquit,
759 2740 862 2776 non
897 2724 1026 2776 dixit
1050 2740 1067 2776 :
1093 2722 1218 2788 Quis
1243 2732 1317 2775 est
1340 2722 1437 2776 iste
1457 2725 1544 2792 qui
1562 2724 1690 2776 dixit
1723 2734 1780 2776 ut
1805 2724 1975 2793 ﬁeret,
2000 2727 2109 2780 Do—

535 2817 678 2869 mino
703 2833 804 2869 non
828 2817 1036 2869 iubente
1062 2817 1189 2870 ?Ea:
1233 2833 1321 2869 ore
1340 2815 1596 2869 Altissimi
1631 2833 1734 2868 non
1780 2820 2110 2887 egredientur

539 2906 706 2970 mala,
729 2907 818 2959 sed
851 2907 984 2960 bona
1013 2907 1111 2976 (5).
1140 2906 1208 2959 Et
1237 2907 1437 2960 iterum
1470 2906 1824 2976 interrogatio
1848 2908 1899 2961 in
1933 2909 2110 2963 Evan-

535 2997 678 3064 gelio
712 2997 778 3049 ad
811 2998 1101 3051 Dominum
1132 2997 1200 3050 ab
1251 2997 1714 3054 intellectualibus
1745 2999 2109 3067 potestatibus

536 3085 696 3139 facta.
717 3086 956 3152 Domine,
975 3088 1148 3150 aiunt,
1175 3104 1344 3141 nonne
1365 3087 1552 3140 bonum
1567 3104 1741 3140 semen
1763 3090 2031 3142 semiitasti
2052 3092 2105 3143 in

537 3195 668 3248 agro
694 3189 780 3231 tuo
811 3180 835 3232 ?
859 3178 1003 3233 Unde
1027 3180 1154 3232 haec
1176 3179 1382 3232 zizania
1410 3179 1483 3247 (4)
1506 3180 1528 3231 ?
1548 3179 1690 3232 Alibi
1710 3194 1842 3233 vero
1865 3179 2112 3233 Salvator

2225 540 2537 611 νιζομένους
2571 541 2665 593 καὶ
2698 541 3160 610 περιφερομένους
3187 540 3289 592 ὑπὸ
3330 540 3530 604 παντὸς
3559 540 3761 611 ἀνέμου.

2224 634 2330 685 sic).
2354 633 2461 703 γάρ
2491 649 2653 696 τινες,
2685 633 2735 685 οἳ
2763 632 2822 684 ού
2857 633 3016 701 μόνον
3055 633 3209 686 αὐτοὶ
3243 632 3522 703 πόρρωθεν
3553 632 3654 685 τῶν
3681 635 3763 687 τοῦ

2223 723 2457 794 Χριστοῦ
2489 721 2800 792 μυστηρίων
2836 722 3211 791 τυγχάνοντες,
3238 719 3375 774 ἀλλὰ
3401 722 3492 776 καὶ
3515 723 3631 786 τοὺς
3654 721 3768 796 πλη.

2225 818 2340 870 σίον
2394 817 2701 881 ποτίζοντες
2741 814 3055 884 ἀνατροπὴν
3092 815 3314 886 θολεράν
3343 817 3382 880 ⁸,
3409 816 3507 885 τὴν
3538 816 3766 885 ἀλήθειαν

2221 907 2314 960 τοῦ
2336 906 2468 959 Θεοῦ
2496 907 2553 958 ὲν
2579 903 2761 976 ἀδικίᾳ
2785 906 3126 974 κατέχουσινο
3161 907 3218 956 ὲν
3243 898 3343 968 οἷς,
3380 904 3532 974 φησί,
3554 906 3615 958 τὸ
3641 925 3765 976 γνω-

2223 999 2374 1054 στὸν
2411 998 2519 1051 τοῦ
2555 997 2700 1050 Θεοῦ
2726 997 2987 1065 φανερόν
3025 995 3214 1048 ἐστιν.
3252 995 3645 1064 ματαιωοέντες
3673 998 3766 1068 γὰρ

2224 1093 2281 1143 ἐν
2321 1092 2432 1152 τοῖς
2472 1088 2837 1157 διαλογισμοῖς
2869 1086 3070 1148 αὐτῶν,
3111 1086 3206 1138 καὶ
3239 1086 3610 1151 σκοτισθὲντες
3643 1091 3764 1142 κατά

2221 1181 2318 1252 τὴν
2352 1179 2609 1233 ἀσύνετον
2638 1177 2815 1246 αὐτῶν
2857 1177 3100 1249 καρδίαν,
3134 1178 3400 1246 φάσκουσι
3429 1179 3626 1248 φυσικά
3647 1172 3766 1234 εἶναι

2223 1271 2317 1323 καὶ
2351 1272 2413 1322 ἐκ
2438 1269 2572 1321 Θεοῦ
2599 1267 2926 1338 γεγενῆσθαι
2947 1269 3015 1321 τὰ
3040 1267 3187 1337 πάοη
3215 1269 3314 1336 τῆς
3339 1269 3580 1338 ἀτιμίας,
3601 1271 3766 1341 ἡδονὴν

2222 1362 2365 1428 λέγω
2401 1361 2626 1432 φθορᾶς,
2663 1361 2757 1414 καὶ
2789 1360 2958 1430 Θυμὸν
2990 1361 3195 1425 ἄδικον,
3234 1361 3407 1434 ὀργὴν
3439 1363 3672 1434 ἀπρεπῆ,
3703 1366 3763 1434 μὴ

2223 1453 2364 1505 κατά
2388 1455 2522 1509 Θεὸν
2551 1454 2902 1523 κινουμένην,
2937 1455 3030 1506 καὶ
3059 1454 3160 1505 ὅσα
3197 1454 3442 1506 τοιαῦτα.

2304 1544 2493 1614 Ἡμεῖς
2524 1545 2703 1597 τοίνυν
2732 1545 2928 1609 αύτούς
2959 1563 3018 1598 τε
3048 1546 3142 1600 καὶ
3171 1546 3271 1609 τὰς
3298 1546 3483 1614 φωνὰς
3514 1545 3680 1599 αὐτῶν
3703 1548 3764 1609 ὡς

2222 1637 2494 1708 ἐκτροπάς
2546 1639 2828 1704 ἐάσαντες,
2875 1638 3187 1710 ὲπιγνῶμεν
3231 1638 3331 1709 τὴν
3380 1638 3620 1692 δοθεῖσαν
3655 1641 3764 1708 ἡμῖν

2223 1730 2316 1800 τῆς
2351 1731 2661 1802 ἐλευθερίας
2698 1731 3143 1801 αὑτεξουσιότητα
3183 1731 3335 1801 παρά
3377 1731 3472 1784 τοῦ
3513 1731 3761 1795 κτίσαντος

2155 1799 2193 1851 Β
2223 1799 2404 1890 ἡμᾶς,
2458 1799 2554 1874 ἵνα*
2591 1823 2675 1891 ἐφ’
2726 1825 2855 1894 ἡμῖν
2983 1799 3129 1893 τδί)
3174 1799 3278 1877 καί
3312 1824 3421 1878 τῶν
3474 1825 3763 1896 κρειττόνων

2222 1914 2538 1984 ὀρέγεσθαι,
2572 1917 2667 1970 καὶ
2702 1919 2810 1970 τῶν
2840 1918 3097 1988 χειρόνων
3132 1917 3456 1990 ἀπέχεσθαι.
3489 1919 3547 1972 οὐ
3586 1918 3684 1989 γὰρ
3711 1917 3761 1970 ἂν

2220 2008 2247 2058 ὀ
2273 2006 2478 2070 δίκαιος
2519 2008 2712 2078 κριτὴς
2755 2009 3010 2074 ἐκόλαζεν
3038 2011 3182 2080 ἡμᾶς
3222 2011 3642 2081 ὲνεργουμένους
3681 2008 3762 2061 ὑπὸ

2220 2099 2326 2151 τῶν
2355 2099 2560 2164 παθῶν,
2585 2101 2741 2171 εἴπερ
2763 2097 2831 2172 ἦν
2865 2101 3025 2164 αὐτὸς
3056 2101 3234 2154 αὐτῶν
3269 2103 3523 2172 ποιητής.
3579 2101 3754 2170 ἄπαγε.

2219 2189 2542 2261 παρακαλῶ,
2568 2192 2768 2260 ἄπαγε,
2805 2193 2939 2263 μηδὲ
2970 2195 3050 2258 είς
3072 2193 3278 2246 ἔννοιαν
3300 2193 3484 2265 ἔλθῃς’
3510 2193 3760 2262 βδελυκτὺν

2217 2285 2326 2356 γὰρ
2357 2285 2536 2355 nam;
2576 2286 2832 2352 εὐσεϐοῦς
2875 2288 3114 2350 διανοίας
3159 2288 3221 2341 τὸ
3263 2289 3468 2342 ἄτοπον
3506 2287 3656 2342 τοῦτο
3687 2291 3758 2343 καὶ

2214 2375 2408 2447 εὔηθες
2439 2377 2634 2448 δόγμα.
2670 2378 2924 2450 καθαρῶν
2953 2379 3062 2450 γάρ
3093 2381 3187 2432 καὶ
3215 2380 3342 2433 λίαν
3370 2380 3550 2435 καλῶν
3577 2381 3757 2450 φύσεων

2213 2469 2545 2540 δημιουργὸς
2566 2471 2595 2522 ὁ
2613 2469 2765 2533 Θεόςο
2788 2468 2970 2533 καθὼς
2995 2471 3303 2541 διαγορεύει
3323 2472 3384 2525 τὸ
3405 2471 3556 2541 ἆγιον
3578 2471 3757 2541 πνεῦμα

2215 2562 2272 2614 ὲν
2315 2563 2380 2631 τῇ
2427 2562 2773 2632 κοσμοποιτᾳ·
2814 2561 2941 2615 ιδοὺ
2997 2563 3126 2634 γάρ,
3177 2563 3342 2634 φησί,
3396 2563 3589 2617 πάντα
3631 2563 3756 2614 καλὰ

2211 2653 2370 2706 λίαν.
2386 2650 2651 2723 Ἱερεμίας
2681 2652 2738 2705 δὲ
2775 2652 3095 2724 ὀδυρόμενος
3138 2655 3232 2708 καὶ
3266 2653 3623 2726 ἀμφισϐητῶν
3655 2653 3751 2720 περὶ

2210 2745 2306 2813 τῆς
2327 2742 2436 2794 τῶν
2463 2742 2650 2796 παθῶν
2674 2743 2917 2814 ἀτιμίας·
2943 2746 3165 2812 κύριος,
3197 2747 3356 2816 φησί,
3382 2748 3493 2801 οὐκ
3519 2741 3660 2799 εἶπε·
3686 2743 3748 2805 τίς

2210 2831 2395 2894 οὕτως
2420 2830 2440 2860 ³
2461 2827 2590 2884 εἶπε
2615 2831 2711 2885 καί
2747 2831 3000 2900 ἐγενήθη
3022 2848 3038 2894 ;
3059 2833 3258 2902 κύριος
3285 2835 3400 2888 οὐκ
3431 2833 3751 2888 ἐνετείλατο.

2209 2919 2277 2972 ἐκ
2309 2922 2604 2989 στόματος
2632 2922 2898 2988 ὑψίστου
2930 2923 3040 2974 οὐκ
3071 2921 3453 2986 ἐξελεύσεται
3487 2922 3557 2974 τὰ
3595 2916 3751 2978 κακά,

2212 3011 2374 3066 ἀλλὰ
2400 3013 2471 3064 τὰ
2500 3011 2708 3080 ἀγαθά.
2747 3013 2840 3065 καὶ
2873 3009 3024 3076 αὖθις
3053 3015 3087 3083 ἡ
3121 3015 3178 3065 ὲν
3211 3013 3288 3082 τῷ
3320 3013 3616 3082 εὐαγγελίῳ
3643 3008 3754 3079 πρὸς

2213 3099 2302 3152 τὸν
2328 3099 2514 3170 κύριον
2541 3100 2879 3171 ἐπερώτησις
2893 3101 3000 3154 τῶν
3021 3101 3251 3169 λογικῶν
3275 3102 3572 3173 δυνάμεων·
3592 3100 3749 3166 κύριε,

2214 3191 2398 3258 φησίν,
2426 3193 2497 3244 οὐ
2518 3193 2709 3245 καλὸν
2735 3192 2971 3262 σπέρμα
2993 3193 3277 3261 ἔσπειρας
3296 3194 3368 3247 ἐν
3387 3195 3466 3259 τῷ
3487 3192 3573 3258 σῷ
3590 3188 3751 3260 (inmiti

536 3269 653 3338 ipse
692 3269 758 3322 de
809 3268 1003 3323 iisdem
1062 3269 1197 3323 dicit
1233 3287 1246 3321 :
1281 3267 1458 3322 Omnis
1490 3267 1778 3338 plantatio,
1815 3287 1972 3340 quam
2014 3289 2114 3324 non

2213 3282 2396 3334 πόθεν
2421 3281 2593 3334 τοῦτο
2622 3283 2688 3334 τὸ
2723 3280 3004 3347 Carior;
3049 3284 3273 3355 ἑτέρωθι
3301 3285 3358 3339 δὲ
3378 3285 3536 3348 αὐτὸς
3552 3287 3578 3338 ό
3599 3280 3750 3349 σωτὴρ

533 3360 958 3431 plantavitPater
973 3361 1586 3424 coelestis,eradicabitur
1602 3361 1932 3432 (5).Omnem
1947 3365 2115 3430 enim,

2213 3371 2343 3440 mp).
2371 3372 2480 3424 τῶν
2508 3371 2688 3424 αὐτῶν
2715 3390 2849 3442 φησι
2874 3390 2888 3404 ⁸
2920 3373 3087 3428 πᾶσα
3119 3377 3356 3443 φυτεία,
3385 3376 3465 3444 ἢν
3495 3378 3599 3430 οὐκ
3627 3373 3748 3443 ege-

552 3473 693 3526 quae
720 3473 787 3513 ex
833 3459 944 3512 Deo
984 3459 1075 3522 sit,
1119 3458 1510 3528 plantationem
1554 3473 1674 3512 esse
1709 3459 1909 3514 bonam
1949 3470 2114 3515 testa-

2214 3478 2430 3516 τευσεν
2457 3464 2489 3516 ὸ
2520 3463 2716 3531 πατὴρ
2747 3465 2778 3517 ὁ
2807 3464 2876 3517 ὲν
2901 3465 3024 3530 τοῖς
3056 3466 3366 3534 οὐρανοῖς,
3397 3464 3747 3535 ἐκριζωθήσε·

533 3557 624 3603 tur
672 3549 893 3614 Paulus,
915 3551 969 3603 in
994 3567 1104 3620 quo
1145 3549 1396 3604 Christus
1427 3550 1712 3619 loquitur:
1763 3549 1899 3616 Quia
1939 3555 2108 3606 omnis

530 3650 776 3694 creatura
801 3641 897 3694 Dei
930 3642 1064 3695 bona
1092 3652 1168 3694 est
1195 3641 1288 3713 (6).
1318 3642 1360 3695 E
1383 3641 1585 3712 quibus
1609 3642 1872 3714 intellige,
1895 3654 2114 3699 nostras

529 3746 639 3784 non
677 3745 798 3784 esse
823 3731 1108 3800 passiones
1148 3731 1204 3784 in
1243 3731 1404 3786 nobis
1445 3732 1774 3798 reconditas,
1823 3733 1921 3788 sed
1973 3736 2108 3789 alie-

529 3838 647 3876 nas.
672 3823 806 3876 Nam
833 3841 846 3876 :
871 3824 933 3876 ab
957 3822 1172 3876 occultis
1197 3826 1345 3887 meis,
1371 3823 1570 3892 inquit,
1596 3826 1795 3878 munda
1828 3843 1933 3891 me,
1962 3836 2010 3879 et
2038 3827 2103 3880 ab

531 3911 718 3966 alienis
763 3929 921 3983 parce
958 3930 1104 3967 servo
1130 3924 1218 3966 tuo
1245 3913 1342 3983 (7).
1368 3914 1433 3967 Et
1459 3932 1470 3965 :
1498 3914 1668 3969 Alieni
1703 3918 2108 3970 insurrexerunt

530 4002 808 4056 adversum
833 4020 934 4064 me,
952 4013 1000 4056 et
1017 4005 1174 4072 fortes
1200 4005 1539 4074 quaesierunt
1567 4007 1805 4060 animam
1829 4007 2104 4078 meam(8).

528 4091 632 4145 Et:
660 4092 868 4155 Iudico,
889 4092 1374 4156 Domine,nocentcs
1399 4111 1500 4159 me,
1528 4111 1768 4165 expugna
1791 4098 2108 4168 impugnan-

529 4189 605 4233 tes
629 4197 710 4234 me
757 4181 853 4250 (9).
880 4180 1224 4251 Quaegigitur
1249 4182 1484 4245 occulta,
1528 4183 1614 4235 vel
1635 4183 1729 4252 qui
1762 4193 2024 4239 nocentes
2048 4195 2106 4241 et

529 4271 933 4340 impugnantes,
993 4272 1081 4325 vel
1119 4273 1212 4341 qui
1261 4273 1416 4341 201
1483 4273 1677 4336 alieni,
1716 4273 1822 4328 nisi
1866 4276 2104 4332 malitiae

530 4361 757 4430 spiritus
790 4361 993 4416 Christi
1023 4363 1326 4418 virtutibus
1368 4365 1649 4434 oppositi?

2212 3565 2326 3602 ται.
2360 3549 2482 3602 Ὅτι
2514 3549 2620 3620 γὰρ
2641 3552 2789 3603 πᾶσα
2828 3553 2861 3622 ἡ
2896 3554 2961 3604 ὲκ
2986 3555 3124 3608 Θεοῦ
3149 3556 3346 3623 φυτεία
3375 3557 3543 3627 καλή,
3575 3569 3748 3625 μαρτυ-

2219 3643 2300 3710 ρεῖ
2327 3639 2558 3705 Παῦλος,
2590 3643 2648 3695 ὲν
2683 3637 2728 3710 ᾧ
2758 3645 2786 3696 ὁ
2814 3645 3046 3716 Χριστὸς
3082 3647 3256 3699 λαλεῖ·
3294 3650 3384 3702 ὅτι
3417 3649 3537 3703 πᾶν
3560 3647 3748 3714 κτίσμα

2203 3731 2352 3786 Θεοῦ
2383 3734 2590 3788 καλόν.
2637 3735 2868 3802 γίνωσκε
2900 3738 3097 3804 τοίνυν,
3132 3740 3208 3809 μὴ
3248 3741 3491 3812 ἡμέτερα
3527 3735 3651 3792 εἶναι
3689 3734 3746 3787 τὰ

2214 3825 2736 3897 ὲναποκεκρυμμένα
2776 3830 2911 3899 ἡμῖν
2956 3831 3124 3901 πάθη,
3161 3832 3296 3887 ἀλλὰ
3325 3833 3368 3902 ⁸)
3407 3832 3661 3901 ἀλλότρια.
3688 3828 3746 3879 ἐκ

2212 3913 2332 3967 τῶν
2365 3917 2634 3984 κρυφίως·
2653 3935 2773 3986 μου
2806 3918 2936 3989 γάρ,
2973 3921 3126 3992 φησί,
3169 3923 3496 3992 καθάρισόν
3527 3939 3628 3992 με,
3662 3917 3740 3969 καὶ

2211 4007 2327 4061 ἀπὸ
2359 4008 2692 4077 ἀλλοτρίων
2726 4011 2928 4079 φεῖσαι
2957 4013 3061 4067 τοῦ
3095 4013 3320 4070 δούλου
3350 4033 3486 4071 σου.
3515 4013 3626 4068 καί·
3653 4011 3739 4063 άλ-

2209 4100 2432 4166 λότριοι
2452 4100 2878 4169 ἐπανέστησαν
2893 4103 2986 4157 ἐπ’
3009 4115 3131 4174 εμὲ,
3163 4107 3256 4160 καί
3283 4107 3540 4176 reparato!
3569 4101 3739 4167 ὲῷίτη·

2210 4207 2332 4243 σαν
2373 4191 2488 4261 τὴν
2532 4195 2746 4274 ψυχήν
2788 4214 2927 4266 μου.
2977 4198 3092 4251 καί·
3139 4199 3412 4266 δίκασον,
3434 4199 3604 4268 κύριε,
3622 4190 3738 4251 τοὺς

2207 4281 2565 4351 ἀδικοῦντάς
2588 4303 2683 4354 με,
2711 4288 3061 4357 πολέμησον
3081 4291 3222 4357 τοὺς
3248 4284 3645 4360 πολεμοῦντάς
3657 4295 3736 4351 με·

2206 4372 2260 4425 τί
2299 4370 2392 4428 οῦν
2427 4376 2496 4429 τά
2527 4377 2754 4448 κρύφια,
2788 4380 2820 4451 ἦ
2863 4381 3006 4444 τίνες
3039 4385 3088 4436 oi
3121 4383 3433 4446 ἀδικοῦντες
3479 4380 3567 4436 καί
3609 4373 3737 4428 πολε·

530 4457 778 4528 μοῦντες,
835 4459 868 4529 ἢ
897 4459 1040 4522 τίνες
1071 4461 1119 4512 οἱ
1181 4459 1467 4530 ἀλλότριοι,
1497 4463 1544 4514 εἰ
1602 4462 1675 4532 μὴ
1737 4462 1805 4515 τὰ
1834 4465 1932 4534 τῆς
1967 4467 2224 4536 πονηρίας
2256 4470 2538 4541 πνεύματα
2565 4473 2632 4526 τὰ
2659 4476 3003 4547 ἀντικείμενα
3037 4481 3155 4542 ταῖς
3186 4479 3418 4551 Χριστοῦ
3449 4476 3678 4549 ἀρεταῖς

598 4585 830 4641 Attende
879 4586 1208 4658 diligenter,
1242 4590 1703 4658 quemadmodum
1753 4607 1810 4649 et
1881 4596 1969 4650 lex
2015 4597 2102 4651 di-

2278 4603 2515 4676 Πρόσεχε
2543 4608 2805 4676 ἀκριϐῶς,
2831 4611 2978 4672 ὅπως
3009 4613 3101 4666 καὶ
3125 4615 3152 4665 ό
3176 4615 3338 4683 νόμος
3361 4610 3635 4684 διαρρήδην
3655 4601 3734 4672 βοᾷ

525 4689 672 4733 serte
728 4679 972 4734 clamitet
1030 4681 1097 4736 de
1149 4681 1430 4738 interioris
1500 4685 1737 4741 hominis
1783 4688 2098 4743 munditia:

524 4771 644 4828 Non
685 4775 1002 4844 usurpabis,
1049 4774 1146 4840 ait,
1193 4792 1379 4830 nomen
1419 4777 1630 4832 Domini
1678 4779 1774 4833 Dei
1816 4782 1892 4834 tui
1959 4782 2100 4850 frus-

2208 4700 2334 4768 περὶ
2371 4700 2469 4770 τῆς
2507 4703 2647 4754 κατὰ
2673 4703 2762 4755 τὸν
2793 4705 2899 4757 ἔσω
2947 4706 3232 4776 ἄνθρωπον
3274 4707 3646 4777 καθαρότητος·
3674 4694 3734 4747 οὐ

2199 4786 2404 4855 λήψῃ’
2447 4789 2600 4860 φησιν
2644 4792 2710 4844 τὸ
2744 4791 2932 4861 ὄνομα
2962 4798 3174 4862 κιιρίου
3211 4795 3320 4852 τοῦ
3343 4796 3484 4853 Θεοῦ
3513 4809 3618 4848 σου
3650 4781 3733 4838 ἐπὶ

1823 4921 2074 4979 VARIAE
2113 4925 2514 4985 LECTIONES.

611 5001 1173 5094 ‘)”qu-_§33;=99§_'§"
1215 5003 1468 5094 9ολερᾶπζο
1503 5005 1556 5094 (ἐξ
1583 5023 1725 5070 τινες
1771 5011 1957 5094 tigna.
1997 5031 2049 5067 τ.
2086 5015 2134 5067 λ.
2167 5016 2270 5094 Ubi
2302 5019 2447 5094 haud
2487 5020 2652 5075 dubie
2691 5036 2847 5075 error
2874 5023 3068 5078 calami
3108 5024 3346 5094 irrepsit.
3388 5023 3506 5094 Sive
3539 5015 3668 5072 enim

522 5075 1000 5160 ofﬂyac‘corrigif.
1037 5075 1150 5160 SiYe
1169 5075 1235 5160 lg?
1261 5075 1402 5137 τινὲς
1433 5076 1471 5160 ἱ..
1521 5091 1571 5129 0.
1605 5098 1633 5160 Α(
1669 5095 1767 5160 vae
1794 5075 2318 5160 quidamrretines,
2358 5091 2458 5143 hac
2509 5107 2674 5146 voces
2727 5075 3509 5160 quoniodovnesui—[orationis
3554 5101 3666 5160 CQ"-

523 5144 914 5230 Ve'nifgltlltpﬂl
945 5144 1136 5230 lique}.
1167 5145 1468 5230 Quare‘aut
1499 5157 1620 5230 post
1667 5144 1890 5230 βολερριν
1915 5144 2386 5230 excidisseverba
2421 5144 2713 5226 nonnulla,
2747 5144 2992 5217 Ξιιιῇῖᾱέ
3039 5144 3235 5230 ὂῖέὶξές
3261 5144 3532 5229 ⁷(οίίιξινες),
3555 5157 3669 5230 Si)?

525 5213 810 5304 relativum
1125 5216 1443 5304 antecedit,
1488 5211 1718 5298 delenda
1749 5211 2117 5278 videntur.—-
2168 5211 2719 5299 ’)c*oﬁi‘I,"c};;iJ'i{£a3
2742 5211 3232 5304 :3)cd‘rr.','é3.i.'
3259 5211 3668 5298 οῦτόςξῖίλβίο

524 5283 577 5338 in
609 5282 799 5338 codice
837 5282 956 5335 sine
989 5287 1342 5355 apostropho,
1379 5296 1442 5341 ut
1479 5289 1698 5356 passim.

2044 5435 2294 5494 NOTAE.

615 5512 668 5576 1)
707 5513 928 5576 Rom.l,
953 5513 1040 5567 19.

609 5582 675 5650 2):
703 5582 927 5650 Gcn.,'l,
966 5584 1052 5635 51.

596 5649 671 5719 (5)
713 5649 916 5706 Thren.
953 5654 1149 5714 "1,56.
1179 5655 1265 5710 57.
1309 5657 1394 5709 58.

586 5716 662 5788 (4)
704 5720 894 5775 Matth.
931 5723 1070 5786 xm,
1111 5726 1198 5777 27.

588 5788 664 5859 (ὅ)
697 5789 894 5860 Matth.
923 5793 1034 5856 XV,
1070 5796 1152 5848 15.

2276 5534 2351 5673 (οξ
2381 5535 2393 5588 l
2427 5536 2566 5590 Tim.
2593 5537 2680 5600 Iv,
2706 5539 2760 5603 ι,

2276 5608 2328 5672 (7
2373 5606 2573 5660 Psalm.
2599 5607 2760 5663 xvul

2273 5606 2350 5672 (7)
2373 5606 2573 5660 Psalm.
2599 5607 2786 5672 XVIII,
2811 5609 2904 5664 15.
2937 5612 3024 5665 14,

2275 5677 2349 5744 (8)
2380 5676 2578 5730 Psalm.
2622 5678 2754 5740 LIII,
2787 5679 2838 5733 5.

2276 5739 2349 5817 (9)
2381 5746 2580 5800 Psalm.
2609 5739 2845 5815 XXXIV,
2869 5751 2919 5804 1.
