4016 6442
303 390 412 447 ΜΞ

1773 371 2176 430 EPISTOLAE.

3446 350 3561 408 414

304 523 555 598 ματαίῳ·
583 524 658 576 οὺ
680 523 794 591 γὰρ
816 518 901 589 μὴ
929 506 1235 585 καθαρίσει
1272 513 1476 581 κύριος
1498 510 1612 579 τὴν
1639 507 1887 598 καρδίαι*

2016 526 2118 573 ra;
2191 523 2355 576 neque
2417 506 2555 559 enim
2617 504 2891 558 mundubit
2958 502 3212 557 Dominus
3272 516 3361 554 cor
3411 502 3560 564 eius,

306 595 416 672 toi:
435 612 855 683 ,λαμϐάνοντος
878 608 943 661 τὸ
967 606 1150 675 ὄνομα
1176 603 1362 658 αὐτοῦ
1393 600 1491 655 ἐπὶ
1517 598 1764 669 ματαίῳ.
1804 595 1887 649 διὸ

312 709 409 766 καὶ
429 709 461 761 ὁ
508 703 807 764 ἀπόστολος
830 698 1015 769 σαφῶς
1030 699 1283 769 παραινεῖ
1302 695 1542 764 φάσκων·
1558 690 1889 758 καθαρίσωο

311 819 427 872 μεν
479 796 737 861 ἑαυτοὺς
784 791 902 848 ἀπὸ
949 789 1173 855 παντὸς
1213 783 1534 858 μολυσμοῦ
1583 783 1655 836 οὐ
1701 780 1891 850 μόνον

317 894 567 963 σαρκός,
589 887 751 944 ἀλλὰ
783 884 881 939 καί
908 883 1260 952 πνεύματος.
1294 878 1387 932 καὶ
1411 873 1655 949 ἑτέρωθι·
1674 873 1890 963 pappar-

327 962 627 1051 τιό-μένοι,
662 974 826 1048 φησί,
877 973 990 1041 τὴν
1032 970 1280 1038 καρδίαν
1317 969 1435 1024 ἀπὸ
1487 962 1893 1028 συνειδήσεως

327 1068 612 1139 πονηρᾶς.
645 1068 741 1122 καὶ
771 1065 961 1119 πάλιν·
1020 1065 1358 1128 ὀλόκληρον
1385 1057 1553 1127 ὑμῶν
1596 1054 1663 1108 τὸ
1700 1052 1892 1122 σῶμα,

326 1168 391 1221 τὸ
421 1163 663 1232 πνεῦμα
690 1158 785 1213 καί
820 1159 857 1226 ἡ
880 1156 1068 1225 ψυχή,
1098 1153 1410 1222 ἀμέμπτως
1437 1145 1890 1216 διαφυλαχθείη.

324 1258 438 1313 καί·
469 1257 573 1309 ἵνα
600 1252 855 1322 γένησθε
874 1247 1053 1301 τέκνα
1065 1242 1215 1302 Θεοῦ
1242 1240 1541 1311 ἀμώμητα.
1572 1236 1687 1290 ὅσοι
1715 1236 1895 1289 τοίνυν

325 1350 610 1423 βούλονται
633 1345 732 1413 τῆς
757 1340 1027 1402 υἱοθεσίας
1051 1336 1364 1406 ἀξιωθῆναι,
1384 1332 1444 1386 οὐ
1468 1331 1529 1384 τὸ
1550 1328 1709 1401 σῶμα
1739 1327 1896 1398 μόνον

324 1419 494 1513 ἁγνὸν
536 1433 844 1512 [ἐχόντων]
876 1434 941 1502 ³),
986 1427 1122 1483 ἀλλὰ
1160 1428 1254 1481 καὶ
1291 1426 1389 1497 τὴν
1413 1422 1590 1494 ψυχὴν
1629 1419 1769 1513 κατὰ
1805 1419 1897 1473 τὸν

321 1510 559 1602 λέγοντα
572 1546 590 1561 ο
620 1524 921 1597 γενηθήτω
951 1524 990 1590 η
1031 1520 1243 1588 καρδία
1274 1535 1392 1588 μου
1415 1515 1665 1584 ἄμωμος·
1683 1512 1751 1564 ἐν
1774 1510 1900 1602 τοῖς

318 1600 681 1691 δικαιώμασί
723 1631 838 1672 σου
861 1656 876 1679 ,
918 1614 1076 1677 ὅπως
1106 1610 1183 1665 ἂν
1206 1608 1292 1679 μὴ
1339 1602 1678 1675 ιιίσχυνθῶ.
1718 1603 1769 1656 οἰ
1800 1600 1899 1672 μὲν

323 1718 439 1789 γὰρ
466 1714 574 1768 ὑπὸ
595 1712 755 1782 νόμον
779 1707 849 1761 τὰ
873 1705 972 1776 τῆς
1001 1701 1199 1774 σαρκὸς
1222 1696 1566 1766 δικαιώματα
1594 1691 1901 1789 ἐπιτελοῦνῗ

1988 602 2079 671 qui
2105 616 2261 671 super
2285 616 2339 652 re
2365 615 2506 653 vana
2536 614 2723 651 nomen
2749 598 2857 650 eius
2897 595 3231 667 assumpscrit
3264 592 3359 665 (1).
3383 590 3563 658 Quare

1987 698 2045 744 et
2098 689 2390 760 Apostolus
2427 697 2615 759 aperte
2662 696 2849 743 monet
2868 686 3090 742 dicens:
3123 684 3429 739 Mundcmus
3469 699 3563 737 nos

1990 779 2054 833 ab
2099 781 2242 834 omni
2288 781 2688 849 inquinamento
2746 796 2849 832 non
2905 778 3079 831 carnis
3121 775 3328 839 solum,
3384 773 3474 827 sed
3513 781 3565 825 et

1989 871 2207 939 spiritus
2246 869 2343 941 (2).
2390 868 2458 923 Et
2495 868 2667 922 alibi:
2702 868 2914 940 Aspersi
2940 910 2955 932 ,
2989 867 3193 937 inquit,
3236 883 3324 919 cor
3365 882 3397 919 a
3437 881 3563 917 con-

1990 963 2208 1016 scientia
2270 960 2416 1015 maia
2480 959 2578 1031 (5).
2622 960 2693 1014 Ει
2748 961 2948 1015 iterum
2997 978 3009 1013 :
3051 960 3320 1028 [ntegrum
3376 974 3568 1027 corpus

1994 1063 2103 1109 vest
2116 1071 2258 1119 rum,
2304 1062 2353 1105 et
2391 1053 2605 1123 spiritus
2647 1060 2695 1104 et
2724 1054 2903 1105 anima
2926 1053 3036 1104 sine
3061 1050 3271 1121 querela
3305 1051 3570 1105 custodia-

1995 1157 2082 1201 tur
2107 1146 2204 1217 (4).
2260 1146 2328 1199 Et
2379 1161 2391 1197 :
2449 1143 2511 1197 Ut
2561 1144 2672 1196 sitis
2708 1142 2807 1211 filii
2853 1142 2949 1196 Dei
3000 1144 3113 1196 sine
3175 1142 3387 1212 querela
3466 1143 3562 1211 (5).

1994 1238 2273 1306 Quotquot
2335 1235 2503 1304 igitur
2559 1234 2753 1288 volunt
2820 1233 3113 1303 adoptione
3172 1232 3412 1287 ﬁliorum
3479 1233 3567 1286 di-

1996 1326 2087 1396 gni
2137 1324 2350 1389 haberi,
2382 1339 2489 1377 non
2529 1338 2731 1393 corpus
2772 1323 2946 1377 solum
2988 1332 3195 1376 castum
3235 1321 3565 1393 [habento],

1998 1420 2092 1473 sed
2151 1419 2395 1472 animum
2451 1434 2669 1486 quoque
2727 1416 3025 1471 secundum
3079 1431 3204 1470 eum
3244 1417 3336 1485 qui
3387 1415 3565 1469 dicit:

1960 1516 1973 1531 ⁴
1997 1511 2115 1565 Fiat
2135 1528 2226 1564 cor
2254 1526 2423 1563 meum
2447 1507 2850 1562 immaculatum
2883 1509 2938 1560 in
2954 1506 3419 1577 justiﬁcationibus
3444 1508 3569 1567 tuis,

1998 1618 2064 1654 ne
2090 1598 2495 1670 confundar(6).
2520 1598 2654 1652 Nam
2673 1598 2709 1651 ii
2733 1597 2976 1666 quidem,
3009 1597 3101 1666 qui
3120 1596 3221 1649 sub
3246 1596 3363 1665 lege
3390 1597 3575 1649 carnis

1994 1692 2415 1763 iustiﬁcationes
2456 1698 2758 1759 operantur
2781 1729 2795 1752 ,
2830 1689 3160 1742 exteriorem
3198 1696 3408 1742 tantum
3454 1703 3571 1740 ser-

321 1777 422 1873 τες
460 1805 621 1878 μόνον
648 1777 746 1871 τὴν
784 1798 941 1860 ἐκτὸς
975 1794 1299 1864 φυλάττουσι
1344 1786 1726 1878 καθαρότητα,
1763 1783 1818 1878 ὀί
1844 1782 1900 1834 δὲ

2009 1788 2130 1835 vant
2166 1780 2521 1846 munditiam;
2555 1779 2592 1832 ii
2620 1795 2773 1843 vero,
2803 1778 2897 1849 qui
2929 1778 3032 1833 sub
3069 1777 3261 1848 gratia,
3284 1778 3449 1831 etiam
3488 1778 3571 1830 in-

326 1863 437 1949 ὕπο
460 1863 626 1964 ἆὰριν
648 1863 742 1943 καὶ
768 1886 867 1956 τῆς
894 1863 1040 1937 ἔνδον
1071 1884 1127 1936 ἐν
1155 1876 1413 1950 ἁγιασμῷ
1438 1877 1659 1947 εἰρήνης
1683 1872 1899 1944 ὀρέγον-

2009 1873 2257 1927 teriorem
2291 1887 2430 1943 quae
2464 1873 2521 1926 in
2546 1871 2980 1926 sanctificatione
3013 1871 3231 1925 condita
3270 1881 3354 1925 est
3384 1887 3573 1941 pacem

328 2003 445 2049 ται,
482 1981 790 2043 πεισθέντες
835 1976 914 2047 τῷ
952 1974 1221 2045 εἰρηκότι·
1267 1970 1375 2025 ἐὰν
1396 1969 1483 2040 μὴ
1526 1966 1899 2035 περισσεύσῃ

2001 1970 2294 2032 appetunt,
2327 1960 2573 2015 obsecuti
2625 1960 2704 2013 illi
2737 1959 2831 2028 qui
2877 1959 3016 2013 dixit
3048 1960 3199 2014 :Nisi
3235 1960 3577 2014 abundaverit

322 2074 505 2147 ὑμῶν
531 2074 570 2141 η
611 2069 963 2134 δικαιοσύνη
1005 2064 1229 2118 πλείων
1270 2061 1389 2115 τῶν
1423 2058 1758 2129 φαρισαίωιν
1802 2053 1901 2108 καί

2009 2054 2205 2119 iustitia
2233 2064 2406 2107 vestra
2458 2052 2576 2123 plus
2608 2069 2771 2123 quam
2819 2051 3232 2106 Pharisaeorum
3276 2063 3323 2104 et
3362 2049 3574 2105 Scriba-

331 2145 737 2237 γραμματέων,
768 2160 839 2213 οὐ
864 2156 949 2226 μὴ
979 2153 1290 2221 εἰσέλθητε
1322 2153 1404 2216 εἰς
1436 2149 1549 2218 τὴν
1578 2145 1904 2213 βασιλείαν

330 2257 453 2312 τῶν
485 2252 776 2323 οὐρανῶν.
807 2252 855 2303 οί
882 2248 991 2320 γὰρ
1030 2249 1305 2319 φαρισαῖοι
1325 2283 1340 2307 ,
1370 2241 1774 2312 τυφλώττοντες
1806 2237 1904 2309 τὴν

341 2350 606 2410 διάνοιαν,
632 2344 694 2398 τὸ
719 2343 823 2410 ἔξω
853 2340 947 2394 τοῦ
980 2337 1238 2410 ποτηρίου
1269 2335 1545 2389 πλύνουσι.
1579 2332 1655 2397 ὡς
1687 2332 1782 2385 καὶ
1810 2328 1905 2383 νῦν

347 2444 397 2498 οἰ
445 2440 565 2496 κατ’
611 2436 807 2499 αὐτοὺς
856 2433 964 2487 νέοι
1016 2432 1291 2503 φαρισαῖοι
1338 2427 1430 2481 τὸν
1474 2426 1578 2490 ἔξω
1622 2423 1906 2494 ἄνθρωπον

349 2529 740 2603 ἁνεπιτηδεύτῳ
768 2525 847 2581 νοῒ
877 2522 1321 2595 σχηματίζοντες,
1354 2520 1582 2581 ἑαυτοὺς
1616 2513 1904 2580 δικαιοῦσι,

342 2622 419 2692 μὴ
445 2602 961 2689 συμμαρτυροῦντος
989 2610 1082 2664 τοῦ
1119 2610 1274 2679 ἁγίου
1310 2606 1621 2677 πνεύματος
1644 2605 1721 2675 τῷ
1747 2602 1910 2656 πνεύ-

344 2728 477 2782 ματι
516 2708 722 2771 αὐτῶν,
762 2706 852 2759 ἵνα
894 2698 996 2758 ὦσι
1040 2701 1205 2755 τέκνα
1224 2699 1360 2757 Θεοῦ
1400 2697 1542 2752 κατὰ
1568 2697 1659 2750 τὸν
1684 2695 1910 2763 λέγοντα

340 2797 658 2853 ἀπόστολον
686 2796 831 2849 αὐτὸ
855 2794 923 2848 τὸ
942 2792 1176 2861 πνεῦμα
1205 2786 1616 2859 συμμαρτυρεῖ
1631 2784 1712 2852 τῷ
1737 2787 1912 2840 πνεύ-

335 2907 479 2960 ματι
503 2886 691 2958 ἡμῶν,
714 2886 803 2939 ὅτι
824 2884 1012 2953 ἐσμὲν
1038 2881 1221 2937 τέκνα
1235 2880 1399 2937 Θεοῦ*
1430 2878 1523 2933 καὶ
1555 2878 1630 2950 μή
1654 2877 1912 2949 βουλόμε-

340 3000 424 3036 νοι
454 2980 718 3052 γνωρίσαι
759 2978 857 3047 τὴν
897 2978 956 3029 ὲν
994 2972 1250 3045 ἁγιασμῷ
1283 2969 1511 3042 αὔξησιν
1541 2969 1634 3022 τοῦ
1667 2968 1775 3022 ἔσω
1816 2969 1912 3022 ἁν-

340 3074 567 3147 θρὼπου
593 3112 608 3135 ,
642 3070 777 3125 ἀλλὰ
821 3066 1322 3139 πληροφορούμενοι
1364 3063 1522 3134 μόνον
1563 3063 1622 3115 ὲν
1662 3062 1776 3123 τοῖς
1814 3059 1912 3129 τῆς

344 3165 549 3238 σαρκὸς
578 3160 978 3234 κατορθώμασι·
1016 3158 1091 3229 μὴ
1120 3157 1360 3248 γνόντες,
1395 3155 1478 3208 ὅτι
1502 3152 1672 3207 πᾶσα
1695 3150 1733 3219 η
1764 3151 1914 3216 δόξα
1941 3190 1984 3248 C

339 3256 458 3327 τῆς
476 3252 764 3323 θυτατρὸς
781 3250 888 3305 τοῦ
911 3247 1216 3315 ,ϐασιλέως
1237 3248 1482 3300 ἔσωθεν.
1530 3243 1646 3298 ἔστι
1673 3243 1783 3314 γάρ
1809 3260 1914 3306 τις,

342 3352 421 3414 ὡς
448 3348 645 3412 ἔοικεν,
675 3345 904 3407 ἕκαστος
933 3341 1089 3412 ήμῶν
1115 3340 1279 3411 νοητὴ
1310 3336 1472 3407 συκῆ.
1511 3338 1637 3407 παρ’
1667 3330 1734 3406 ἧς
1761 3338 1790 3389 ὸ
1821 3334 1918 3389 κύ·-

348 3459 463 3514 ριος
483 3441 578 3494 τὸν
599 3437 746 3491 ἔνδον
770 3434 981 3506 καρπὸν
1007 3430 1272 3501 ἐπιζητεῖ,
1302 3430 1396 3484 καὶ
1421 3430 1480 3482 οὐ
1508 3429 1598 3481 τὸν
1624 3429 1687 3481 ὲκ
1707 3426 1919 3495 φύλλων

348 3533 697 3603 ἐπικείμενον
736 3526 1133 3599 σχηματισμόν.
1182 3525 1212 3577 ὁ
1246 3523 1426 3577 τοίνυν
1465 3520 1776 3593 συνηγορῶν
1808 3520 1920 3582 τοῖς

350 3626 550 3680 πάθεσι
590 3623 693 3693 τῆς
737 3619 957 3687 ἀτιμίας
989 3617 1064 3681 ὼς
1094 3617 1373 3684 φυσικοῖς,
1404 3613 1500 3667 καὶ
1531 3612 1629 3682 οὐχ
1670 3611 1745 3674 ὡς
1786 3627 1922 3681 συμ-

357 3715 643 3785 ϐεϐηκόσι,
681 3709 977 3783 μετήλλαξε
1010 3708 1108 3779 τὴν
1151 3706 1246 3760 τοῦ
1266 3704 1399 3760 Θεοῦ
1440 3702 1699 3773 ἀλήθειαν
1745 3703 1802 3753 ὲν
1842 3699 1921 3770 τῷ

365 3805 536 3870 οἰκείῳ
574 3800 778 3872 ψεύδει.
827 3798 902 3861 ὡς
955 3797 1065 3868 γὰρ
1121 3794 1385 3867 προέφην,
1439 3795 1469 3847 ό
1515 3792 1781 3861 ἄχραντος
1829 3790 1922 3842 καὶ

368 3894 590 3967 καθαρὸς
622 3893 718 3946 καὶ
742 3890 839 3962 τὴν
872 3888 1056 3943 εἰκόνα
1093 3886 1258 3940 αὑτοῦ
1302 3884 1493 3954 ὁμοίαν
1521 3880 1925 3935 κατεσκεύασεν

360 3985 551 4054 ἐαυτῷ·
596 3980 870 4052 φθόνῳδὲ
912 3978 1157 4032 διαϐόλου
1192 3976 1421 4037 θάνατος
1471 3976 1549 4036 εἰς
1592 3972 1683 4025 τὸν
1722 3972 1926 4041 κόσμον

356 4076 569 4147 εἰσῆλθε
594 4118 607 4132 .
649 4072 834 4142 ἐπειδὴ
883 4070 1062 4123 τοίνυν
1092 4069 1155 4122 τὺ
1198 4065 1306 4120 τῶν
1346 4064 1646 4136 ἀνθρώπων
1677 4062 1926 4147 γένοςνὲν

354 4146 608 4236 ἀνομίαις
661 4160 860 4232 κυηθέν
892 4160 973 4226 '),
1022 4157 1118 4211 καὶ
1183 4156 1241 4207 ὲν
1293 4151 1588 4223 ἁμαρτίαις
1637 4146 1923 4218 γεννηθέν,

353 4252 770 4327 ἀπηλλοτριὼοη
820 4250 929 4304 ἀπὸ
971 4249 1181 4319 μήτρας
1226 4244 1323 4298 καὶ
1361 4241 1635 4327 ἐπλανήθη
1678 4238 1785 4293 ἀπὸ
1828 4254 1929 4307 γα-

355 4326 537 4419 στρός,
580 4342 969 4415 βασιλευσάσης
997 4339 1097 4409 τῆς
1129 4335 1400 4407 ἁμαρτίας
1420 4332 1528 4388 ἀπὸ
1561 4326 1734 4400 ’Δδὰμ
1769 4330 1929 4400 μέχρι

352 4442 455 4510 τῆς
494 4435 798 4509 παρουσίας
820 4431 915 4487 τοῦ
943 4428 1203 4502 Χριστοῦ,
1234 4423 1396 4499 ἦλθεν
1428 4423 1661 4486 ἰλασθείς
1706 4423 1735 4474 ὁ
1760 4422 1931 4492 ἀμνὸς

2003 2150 2168 2209 rum,
2211 2162 2315 2198 non
2342 2145 2613 2199 intrabitis
2636 2145 2691 2196 in
2721 2159 2942 2213 regnum
2977 2142 3237 2197 caelorum
3257 2141 3578 2213 (7).Etenim

2003 2233 2279 2289 Pharisaei
2324 2243 2508 2288 mente
2547 2232 2825 2286 obcaecati
2856 2240 3097 2287 cxteram
3141 2233 3320 2303 poculi
3362 2226 3580 2301 partem

2002 2326 2206 2380 lavant.
2244 2324 2398 2380 Sicut
2428 2325 2594 2379 etiam
2615 2340 2762 2377 nunc
2783 2324 2910 2376 novi
2930 2323 3230 2378 secundum
3265 2339 3361 2377 eos
3384 2323 3579 2389 Phari-

2006 2420 2115 2473 saei
2146 2419 2472 2473 exteriorem
2498 2417 2777 2471 hominem
2807 2416 2991 2471 nativa
3020 2414 3252 2484 quadam
3286 2413 3582 2483 sagacitate

2006 2516 2335 2563 exornantes
2357 2524 2414 2562 se
2441 2508 2588 2578 ipsos
2620 2508 2937 2571 iustiﬁcam,
2965 2505 3174 2576 Spiritu
3211 2513 3399 2558 sancto
3424 2504 3581 2558 testi-

2007 2598 2253 2652 monium
2300 2612 2411 2651 non
2446 2596 2771 2667 perhibente
2823 2595 3042 2665 spiritui
3086 2609 3316 2656 eorum,
3366 2600 3426 2645 ut
3476 2593 3587 2645 sint

2009 2689 2107 2743 ﬁlii
2172 2688 2269 2743 Dei
2344 2688 2647 2743 secundum
2710 2687 3028 2757 Apostolum
3089 2686 3362 2741 dicentem
3412 2703 3424 2738 :
3466 2684 3589 2755 Ipse

2010 2784 2149 2835 enim
2173 2780 2398 2853 Spiritus
2426 2781 2776 2835 testimonium
2805 2777 2975 2832 reddit
3003 2780 3213 2849 spiritui
3246 2785 3422 2831 nostro
3448 2777 3588 2848 quod

2009 2888 2189 2926 sumus
2223 2870 2438 2940 ﬁliiDei
2467 2869 2541 2941 (8)
2567 2911 2581 2935 ,
2624 2885 2806 2939 neque
2849 2869 3097 2922 volentes
3135 2882 3461 2937 cognoscere
3501 2868 3588 2919 in-

2013 2964 2232 3020 terioris
2257 2964 2497 3018 hominis
2518 2970 2869 3034 augmentum
2896 2960 3042 3030 quod
3060 2970 3146 3015 est
3184 2960 3240 3013 in
3278 2958 3588 3013 sanctiﬁca-

2012 3053 2184 3117 tione,
2221 3052 2317 3107 sed
2350 3051 2695 3105 abundantes
2730 3056 2939 3103 tantum
2976 3049 3031 3101 in
3074 3047 3255 3101 carnis
3304 3047 3590 3115 operibus,

2018 3147 2349 3217 ignorantes,
2378 3161 2585 3198 omnem
2616 3145 2841 3216 gloriam
2872 3144 3019 3213 ﬁliae
3040 3144 3174 3213 regis
3202 3141 3264 3195 ab
3294 3142 3434 3194 intus
3475 3142 3578 3213 (9).

2018 3236 2258 3306 Quisque
2291 3237 2440 3290 enim
2480 3244 2750 3299 nostrum,
2781 3243 2841 3290 ut
2866 3235 2941 3288 ita
2978 3234 3177 3297 dicam,
3213 3232 3347 3286 ﬁcus
3381 3232 3474 3286 illa
3517 3232 3598 3285 iu-

2020 3324 2346 3380 tellectualis
2364 3339 2485 3378 esse
2524 3324 2783 3387 videtur,
2829 3323 2987 3377 cuius
3029 3322 3306 3376 internum
3360 3321 3597 3375 fructum

2019 3415 2285 3470 Dominus
2314 3416 2550 3485 quaerit,
2581 3424 2637 3469 et
2664 3431 2775 3469 non
2802 3414 3137 3484 propositam
3166 3413 3311 3467 foliis
3340 3412 3595 3466 formam.

2020 3506 2071 3560 Is
2098 3506 2286 3577 igitur,
2319 3506 2414 3576 qui
2463 3521 2684 3560 causam
2727 3506 2862 3560 dicit
2906 3504 3220 3573 passionum
3265 3503 3599 3572 ignominiae

2022 3606 2085 3652 ut
2118 3598 2471 3661 naturalium,
2497 3605 2553 3650 et
2574 3613 2682 3650 non
2708 3606 2768 3650 ut
2817 3596 2977 3664 202
3005 3594 3394 3657 accidentium,
3447 3610 3601 3648 com-

2023 3691 2255 3744 mutavit
2305 3689 2593 3743 veritatem
2637 3687 2732 3741 Dei
2790 3686 2844 3739 in
2896 3684 3179 3754 proprium
3229 3683 3599 3738 mendacium.

2023 3781 2093 3836 Ut
2124 3780 2270 3834 enim
2314 3794 2479 3847 supra
2528 3776 2660 3841 dixi,
2713 3775 3095 3829 immaculatus
3138 3782 3193 3827 et
3231 3790 3402 3842 purus
3436 3773 3603 3828 etiam

2025 3871 2319 3941 imaginem
2356 3884 2509 3923 suam
2539 3868 2771 3922 similem
2803 3867 3017 3935 paravit
3046 3865 3149 3927 sui,
3180 3864 3382 3919 invidia
3418 3877 3602 3918 autem

2025 3965 2227 4021 diaboli
2268 3979 2418 4018 mors
2450 3963 2505 4017 in
2536 3962 2800 4016 mundum
2833 3960 3079 4014 intravit.
3117 3960 3407 4028 Postquam
3439 3959 3605 4028 igitur

2026 4072 2198 4129 genus
2226 4057 2525 4110 humanum
2554 4055 2607 4108 in
2640 4054 3027 4123 iniquitatibus
3076 4061 3404 4121 conceptum
3450 4062 3506 4105 et
3544 4050 3604 4104 in

2027 4146 2270 4217 peccatis
2292 4145 2535 4216 genitum
2557 4144 2925 4199 abalienatum
2951 4154 3035 4197 est
3053 4144 3120 4197 ab
3142 4153 3317 4206 utero,
3348 4150 3404 4194 et
3426 4157 3455 4194 a
3472 4157 3609 4195 ven-

2028 4248 2110 4295 tre
2134 4239 2187 4292 in
2204 4254 2449 4291 errorem
2473 4237 2779 4300 inductum,
2808 4242 3069 4305 regnante
3093 4242 3320 4304 peccato
3348 4232 3417 4286 ab
3436 4231 3608 4285 Adam

2029 4342 2202 4397 usque
2223 4326 2290 4381 ad
2314 4327 2607 4381 adventum
2631 4325 2858 4388 Christi,
2902 4326 3054 4378 venit
3088 4322 3395 4393 propitiaris
3438 4337 3612 4390 agnus

2030 4423 2152 4485 Dei,
2178 4428 2240 4475 ut
2262 4421 2481 4474 tolleret
2509 4426 2793 4490 peccatum
2833 4417 3022 4471 mundi
3050 4417 3271 4487 propria
3299 4431 3394 4469 sua
3415 4425 3613 4485 poten-

353 4505 450 4583 τοῦ
471 4505 630 4587 Θεοῦ,
677 4522 808 4596 ἆραι
852 4523 951 4594 τὴν
990 4517 1266 4591 ἁμαρτίαν
1309 4514 1405 4569 τοῦ
1443 4513 1649 4583 κόσμου
1695 4511 1782 4565 διὰ
1826 4512 1911 4581 τῆς

2032 4513 2126 4578 tia,
2148 4522 2437 4582 postquam
2457 4511 2651 4569 fortem
2675 4510 2871 4572 vinxit,
2899 4509 2970 4562 ita
2995 4510 3200 4578 ereptis
3219 4507 3449 4577 captivis
3472 4505 3618 4559 vasis

355 4619 567 4681 οἰκείας
591 4615 754 4669 αὐτοῦ
774 4612 1076 4681 δυνάμεως,
1095 4609 1264 4679 δήσας
1289 4604 1552 4676 πρότερον
1578 4601 1670 4654 τὸν
1693 4601 1933 4672 ἰσχυρόν,

2032 4605 2175 4668 eius,
2211 4605 2355 4659 sicut
2392 4604 2600 4657 dictum
2624 4611 2710 4656 est
2741 4620 2753 4655 :
2788 4601 3065 4672 Captivam
3086 4601 3204 4669 fecit
3226 4600 3616 4669 captivitatem;

357 4714 455 4765 atat
509 4709 683 4771 οὕτως
743 4704 1051 4777 διαρπάσας
1105 4700 1175 4754 τὰ
1228 4693 1709 4768 αἱχμαλωτισμένα
1766 4692 1911 4745 αὐτοὶ

2033 4706 2091 4751 et
2114 4697 2315 4750 iterum
2356 4714 2368 4748 :
2400 4696 2546 4766 Cepit
2567 4696 2928 4765 captivitatem
2960 4692 3096 4763 (10).
3121 4692 3389 4746 Nimirum
3422 4704 3619 4743 curare

360 4804 533 4873 σκεύη
575 4799 716 4853 κατὰ
758 4798 819 4850 τὸ
870 4792 1193 4864 εἰρημένονο
1240 4788 1716 4858 ᾐχμαλώτευσας
1783 4786 1914 4851 αἰχ-

2034 4786 2325 4850 debemus,
2362 4796 2425 4840 ut
2458 4801 2784 4840 revocemur
2807 4800 2837 4839 a
2885 4784 3204 4854 captivitate
3253 4792 3308 4836 et
3335 4789 3621 4851 portemus

356 4894 693 4966 μαλωσίαν·
716 4890 810 4943 καὶ
827 4887 987 4941 πάλιν
1010 4901 1022 4914 ο
1053 4884 1268 4959 ἐλαϐεν
1290 4876 1725 4948 αἰχμαλωσίαν.
1768 4875 1911 4946 ήγουε

2034 4878 2328 4948 imaginem
2389 4878 2682 4941 caelestis,
2739 4877 2883 4930 sicut
2937 4876 3278 4946 portavimus
3329 4875 3620 4944 imaginem

362 4988 509 5041 ἐστιν
534 4985 667 5055 ήμῖν
697 4977 914 5052 φροντίς
936 5017 951 5041 ,
980 4971 1349 5043 ἀνακληθῆναι
1377 4968 1484 5023 ἀπὸ
1522 4966 1620 5038 τῆς
1656 4966 1936 5037 αἰχμαλω-

2034 4969 2235 5023 terreni
2261 4970 2305 5040 (1
2322 4968 2394 5039 1),
2417 4977 2473 5023 ct
2491 4969 2852 5023 exhibeamus
2893 4968 3135 5021 membra
3161 4975 3346 5020 nostra
3371 5006 3385 5029 ,
3414 4967 3622 5020 servire

1666 5098 1927 5153 VAIIIAE
1967 5097 2371 5154 LECTIONES.

466 5212 510 5283 ι)
544 5202 1167 5283 Menon-"coniectura
1200 5193 1531 5251 addidimus.
1557 5223 1625 5231 -—
1649 5193 1691 5251 η
1724 5191 1800 5244 Ex
1848 5189 2016 5253 coni.,
2054 5191 2182 5245 cod.
2218 5191 2473 5261 κι..ηοὲν.
2514 5191 2655 5245 Num
2689 5205 2797 5243 una
2837 5204 2905 5243 an
2955 5187 3095 5242 duae
3139 5187 3329 5240 literae
3371 5168 3525 5240 (ιπερὶ-ν

372 5271 759 5346 ἀει-ἰίιι,”οοι“ιο
786 5275 893 5331 diei
931 5271 1141 5343 nequit.

1889 5380 2139 5437 NOTAE.

434 5495 705 5571 (ΌΪΡθέηο
730 5488 908 5571 Ϋλίί·

459 5559 579 5622 ΞΠΙ
603 5564 729 5619 Cor.
752 5561 867 5622 VII,
902 5559 954 5611 1.

463 5628 519 5707 δ)
550 5634 748 5707 nem.
773 5628 957 5707 me.

463 5696 518 5775 ιδ
548 5706 569 5759 I
603 5704 797 5775 Thess.
824 5696 1005 5775 Y,_2’5.

442 5768 519 5845 (‘5')
554 5775 696 5830 Phil.
737 5768 927 5845 “Lis.

443 5782 499 5845 (5
554 5782 696 5830 Phil.
737 5782 804 5832 ll,
840 5782 927 5820 ιι).

443 5782 519 5920 (ti;
541 5847 741 5902 Psalm.
771 5835 998 5897 CXVIII,
1026 5835 1058 5889 5
1098 5833 1151 5888 6.

2112 5479 2189 5545 (7)
2227 5479 2420 5533 Matth.
2462 5478 2526 5541 V,
2564 5476 2654 5531 20.

2129 5548 2181 5611 8)
2214 5550 2372 5603 Rom.
2407 5548 2543 5611 VIII,
2574 5548 2660 5601 16.

2133 5616 2186 5685 9')
2215 5620 2414 5672 Psalm.
2441 5618 2626 5678 κων,
2656 5616 2724 5670 tt.

2135 5682 2221 5754 ιο)
2253 5689 2453 5743 Psalm.
2488 5687 2689 5750 LXVII,
2712 5686 2798 5741 is.
2823 5685 2961 5757 Eph.
2985 5700 3074 5751 IV,
3101 5682 3153 5739 8.

2111 5759 2227 5831 (11)
2254 5760 2273 5813 I
2304 5758 2433 5814 Cor.
2459 5758 2573 5823 XV,
2604 5757 2693 5811 49.
