4016 6506
411 414 518 471 415

410 521 652 584 iustitiae
699 537 755 584 et
819 530 1254 594 sanctiﬁcationi,
1290 531 1430 586 sicut
1467 530 1818 585 exhibuimus
1856 545 1981 600 pec-

411 629 534 680 cato
559 619 658 690 (I).
688 619 994 676 Credamus
1013 622 1216 676 debere
1252 638 1354 677 nos
1377 624 1432 676 in
1480 623 1602 676 luce
1636 622 1978 676 ambulantes

412 711 532 764 sine
547 711 753 766 offensa
773 713 959 766 videre
988 713 1261 767 mirabilia
1286 715 1379 768 Dei
1405 713 1703 767 secundum
1728 727 1852 766 eum
1884 712 1977 781 qui

413 799 490 853 ait
524 818 535 852 :
589 800 780 855 Revela
805 802 982 856 oculos
1012 820 1150 856 meos
1181 811 1227 856 et
1253 802 1590 856 considerabo
1609 801 1874 854 mirabilia
1888 809 1979 854 tua

413 889 477 941 de
518 889 626 960 lege
646 890 846 961 tua(‘2).
874 892 1011 945 Nam
1034 899 1115 956 ut,
1152 891 1297 960 quod
1327 891 1397 945 ad
1419 906 1612 945 sensus
1628 891 1883 960 pertinet,
1911 890 1978 955 is,

413 983 506 1050 qui
530 982 584 1035 in
612 983 732 1036 luce
762 983 1023 1046 ambulat,
1046 999 1154 1037 non
1168 981 1414 1045 oﬂ‘endit,
1438 981 1536 1044 sic,
1559 980 1706 1050 quod
1733 980 1799 1035 ad
1817 981 1980 1050 spiri-

414 1081 532 1126 tum
565 1073 779 1137 attinet,
804 1074 868 1136 is,
889 1073 981 1142 qui
1011 1073 1316 1142 inperfecta
1341 1071 1770 1126 sanctificatione
1793 1087 1980 1126 versa-

416 1173 658 1232 tur,non_
685 1163 1022 1231 concupiscit
1055 1162 1213 1225 mala,
1245 1176 1356 1214 non
1377 1161 1578 1230 cogitat
1608 1177 1792 1231 prava.
1823 1161 1982 1215 Nulla

429 1259 575 1307 enim
596 1264 680 1308 est
701 1255 931 1308 societas
957 1253 1063 1307 luci
1086 1253 1152 1305 ad
1175 1253 1429 1306 tenebras
1449 1253 1730 1323 (5),neque
1749 1266 1979 1306 consen-

416 1359 511 1396 sus
545 1345 744 1412 templo
772 1342 866 1396 Dei
902 1358 1024 1395 cum
1043 1341 1202 1394 idolis
1231 1341 1518 1412 (4).ltaque
1549 1348 1803 1408 tanquam
1844 1349 1982 1394 tem-

416 1435 566 1501 plum
623 1434 718 1487 Dei
778 1433 1063 1486 considera
1109 1433 1364 1501 teipsum,
1397 1431 1665 1501 effugiens
1731 1431 1986 1500 spiritua-

417 1529 549 1581 lium
615 1527 882 1581 idolorum
946 1527 1004 1580 in
1071 1526 1235 1582 corde
1293 1525 1541 1595 efﬁgiem.
1593 1524 1783 1579 Omnis
1835 1525 1984 1579 enim

417 1619 645 1673 aﬂ‘ectus
681 1635 915 1688 opcrans
944 1619 1000 1672 in
1047 1619 1228 1672 anima
1271 1618 1479 1671 idolum
1522 1626 1624 1672 est.
1667 1617 1821 1673 Unde
1846 1617 1984 1670 bene

418 1714 644 1766 dictum:
668 1731 700 1766 a
722 1730 823 1783 quo
846 1714 960 1782 quis
981 1720 1255 1783 superatus
1271 1715 1522 1776 est,huius
1542 1723 1588 1766 et
1609 1729 1784 1767 servus
1807 1713 1981 1782 est(5).

419 1803 512 1856 Sin
554 1804 734 1857 carnis
791 1804 1167 1872 voluptatibus
1218 1805 1363 1857 servi
1411 1803 1538 1857 facti
1593 1819 1818 1868 sumus,
1873 1819 1988 1857 ma—

418 1893 678 1950 nifestum
703 1899 823 1956 est,
872 1893 1045 1946 sancti
1099 1901 1156 1946 et
1195 1893 1503 1947 innocentis
1540 1894 1764 1963 spiritus
1800 1907 1988 1947 servos
2018 1916 2060 1969 Β

417 1997 522 2036 nos
558 1981 729 2035 factos
766 1999 875 2035 non
932 1997 1071 2036 esse.
1131 1983 1302 2036 Nemo
1339 1984 1486 2037 enim
1541 1993 1721 2052 potest
1775 1984 1988 2039 duobus

419 2069 658 2123 dominis
709 2070 912 2124 servire
963 2071 1123 2124 :Nou
1164 2074 1371 2140 potestis
1400 2113 1415 2137 ,
1470 2073 1682 2144 inquit,
1742 2074 1848 2128 Deo
1874 2091 1988 2127 ser-

417 2163 530 2215 vire
605 2168 655 2214 et
726 2178 1063 2215 mammonae
1103 2162 1207 2234 (6).
1261 2164 1548 2234 Templum
1621 2166 1769 2220 enim
1829 2166 1988 2236 203

418 2249 516 2304 Dei
538 2257 784 2303 sanctum
804 2260 906 2313 est,
925 2267 1026 2303 non
1047 2252 1240 2304 habens
1271 2253 1536 2307 maculam
1561 2262 1653 2307 aut
1676 2271 1864 2325 rugam
1894 2263 1988 2308 aut

423 2339 629 2410 aliquid
658 2342 953 2395 huiusmodi
981 2341 1081 2413 (7).
1119 2341 1296 2408 Quare
1325 2343 1560 2414 Spiritus
1577 2352 1796 2400 sanctus
1821 2345 1994 2418 fugiet

430 2433 618 2488 dolum
672 2443 731 2489 et
789 2434 1009 2489 recedet
1053 2451 1084 2490 a
1133 2436 1558 2507 cogitationibus
1588 2439 1991 2510 insipientibus,

425 2539 605 2593 neque
631 2525 690 2578 in
719 2523 1118 2578 fraudulentam
1158 2527 1394 2581 animam
1433 2528 1656 2584 intrabit
1686 2530 1992 2601 disciplina.

419 2614 721 2669 Credentes
747 2615 931 2686 igitur,
958 2629 1175 2669 omnem
1203 2625 1443 2672 nostram
1475 2618 1649 2689 legem
1686 2619 1858 2691 digito
1899 2623 1995 2678 Dei

424 2705 479 2759 in
509 2706 672 2760 corde
709 2707 896 2772 scribi,
921 2721 1032 2760 non
1060 2715 1384 2774 atramento,
1425 2709 1519 2764 sed
1543 2710 1748 2780 Spiritu
1784 2713 1994 2782 divino,

423 2798 788 2866 suscipiamus
803 2799 1084 2853 veritatem
1105 2801 1431 2870 legislatoris
1453 2802 1684 2858 dicentis
1705 2821 1718 2857 :
1745 2804 1859 2876 Ego
1880 2822 1996 2861 sum

420 2891 615 2944 veritas
643 2888 739 2960 (8),
771 2889 911 2951 eius,
934 2889 1026 2958 qui
1057 2899 1112 2943 et
1149 2889 1329 2945 cordis
1351 2893 1823 2949 circumcisionem
1869 2911 2001 2967 ope-

423 2990 596 3043 ratur,
617 2989 673 3033 et
696 2981 946 3035 inscribit
987 2981 1043 3036 in
1087 2984 1364 3038 mentibus
1405 2983 1696 3054 dignorum
1740 2987 2000 3043 bonitatis

424 3087 555 3125 suae
580 3072 771 3138 legem,
798 3071 938 3125 sicut
961 3073 1014 3126 in
1040 3074 1303 3144 propheta
1322 3075 1397 3129 ait
1415 3075 1580 3130 :Dabo
1623 3077 1787 3148 legem
1827 3096 1999 3134 meam

423 3164 480 3215 in
503 3163 740 3215 cordibus
784 3180 984 3229 eorum,
1030 3173 1078 3217 et
1123 3168 1178 3219 in
1223 3168 1498 3222 visceribus
1548 3184 1726 3222 eorum
1773 3171 1998 3224 scribam

426 3269 546 3307 eam
577 3251 676 3323 (9).
708 3254 858 3308 Illico
893 3253 1095 3325 itaque,
1140 3258 1558 3328 quibuscunque
1598 3275 1762 3315 curae
1807 3269 1891 3316 est
1935 3263 1992 3317 in
2017 3253 2060 3309 Ο

427 3363 588 3415 genus
613 3346 852 3411 electum,
874 3347 927 3400 in
951 3348 1128 3418 regale
1151 3350 1522 3416 sacerdotium,
1557 3351 1614 3406 in
1639 3363 1843 3422 gentem
1865 3371 1994 3407 san-

424 3445 589 3494 ctam.
620 3437 676 3491 in
699 3439 949 3509 populum
984 3441 1352 3510 acceptabilem
1377 3441 1486 3513 (10)
1511 3445 1817 3513 pervenire,
1840 3445 1998 3500 facile

428 3531 703 3599 rccipiunt
736 3531 791 3584 in
832 3547 888 3586 se
939 3531 1265 3586 viviﬁcantis
1315 3534 1549 3604 Spiritus
1603 3537 1994 3605 operationem.

427 3622 768 3692 Quapropter
791 3623 1159 3677 admonemini
1194 3625 1261 3679 ad
1303 3626 1597 3689 orandum,
1625 3637 1686 3682 ut
1711 3629 1859 3698 digni
1905 3629 2000 3683 lla-

429 3711 680 3778 beamur,
724 3714 818 3783 qui
866 3714 1114 3784 quamvis
1165 3715 1406 3772 breviter
1460 3718 1825 3790 intelligamus
1863 3722 1999 3775 sim-

428 3803 626 3874 plicem
651 3807 1082 3860 conversationis
1103 3807 1159 3860 in
1176 3806 1396 3861 Christo
1420 3811 1825 3866 rectitudinem.
1855 3812 2000 3866 Talis

425 3895 572 3949 enim
589 3895 788 3960 anima,
817 3914 957 3966 quae
983 3898 1237 3968 deposuit
1279 3899 1463 3954 vultus
1479 3902 1876 3966 confusionem,
1900 3919 2002 3957 nec

427 3987 536 4042 iam
561 4000 818 4060 regnatur
847 3991 1188 4060 turpitudine
1217 3993 1633 4061 cogitationum,
1653 4011 1755 4049 nec
1788 3995 2003 4050 adulte—

440 4086 595 4132 ratur
624 4095 653 4132 a
674 4079 933 4149 maligno,
981 4095 1106 4133 cum
1135 4081 1252 4134 solo
1269 4081 1555 4135 manifeste
1571 4083 2006 4153 coelestisponso

429 4169 749 4224 societatem
770 4171 913 4234 iniit,
929 4177 1116 4240 utpote
1141 4171 1257 4239 ipsa
1275 4170 1523 4240 simplex.
1542 4173 1838 4226 Vulnerata
1856 4172 2003 4226 enim

429 4274 614 4313 amore
643 4276 772 4330 erga
812 4277 959 4325 eum,
1009 4261 1284 4316 desiderio
1334 4263 1584 4327 moritur,
1637 4271 1699 4317 ut
1747 4262 2006 4318 audacter

430 4351 643 4419 loquar,
679 4353 1081 4422 pulcherrimae
1106 4353 1255 4408 illius
1292 4354 1683 4408 intellectualis
1726 4364 1784 4409 et
1816 4356 2005 4426 mysti—

431 4457 528 4496 cae
543 4445 944 4499 communionis
967 4460 1092 4498 cum
1121 4460 1186 4499 eo
1212 4445 1515 4500 secundum
1535 4445 2004 4516 incorruptibilem

431 4532 796 4601 aptitudinem
828 4535 884 4588 in
928 4536 1358 4591 sanctiﬁcatione
1401 4537 1654 4592 conditae
1707 4538 2000 4594 societatis.

431 4623 595 4678 Beata
628 4641 815 4680 revera
848 4635 905 4680 et
926 4626 1057 4681 felix
1080 4628 1203 4682 talis
1225 4629 1427 4693 anima,
1451 4644 1590 4698 quae
1611 4631 1755 4684 victa
1772 4631 2002 4701 spiritali

431 4729 638 4778 amore,
677 4715 838 4787 digne
865 4718 1192 4786 desponsata
1215 4728 1300 4774 est
1320 4721 1431 4776 Deo
1451 4721 1652 4775 Verbo.
1680 4723 1834 4777 Dicat
1873 4738 2003 4793 ergo

431 4805 569 4877 ipsa,
597 4806 744 4862 dicat
767 4827 777 4861 :
813 4808 1089 4864 Exultabit
1113 4813 1293 4864 anima
1317 4827 1435 4866 mea
1460 4813 1514 4865 in
1540 4811 1786 4878 Domino,
1811 4815 1899 4882 qui
1925 4815 2004 4867 in-

1609 414 1649 470 S
1699 411 1980 468 MACARII
2011 412 2328 468 AEGYP'I'II

3633 403 3752 460 416

2010 564 2054 620 Α
2084 531 2226 595 σίας,
2248 529 2344 583 καὶ
2375 528 2600 600 φορέσαι
2625 527 2721 596 τὴν
2748 526 2931 578 εἰκόνα
2957 524 3051 578 τοῦ
3086 522 3500 593 ἐπουρανίου,
3548 521 3756 620 καθὼς

2082 622 2424 692 ἐφορέσαμεν
2452 620 2551 689 τὴν
2577 618 2760 671 είκόνα
2799 614 2895 669 τοῦ
2929 614 3133 686 χοϊκοῦ,
3163 615 3283 668 καὶ
3329 612 3756 682 παραστῆσαι

2079 715 2147 768 τὰ
2179 712 2311 783 μέλη
2331 711 2488 783 ἡμῶν
2508 709 2668 763 δοῦλα
2694 710 2760 778 τῇ
2797 705 3114 776 δικαιοσύνῃ
3142 705 3252 760 καὶ
3287 703 3390 774 τῷ
3422 702 3752 773 ἁγιασμῷ,

2079 805 2259 868 καθὼς
2312 803 2734 874 παρεστήσαμεν
2782 801 2847 868 τῇ
2902 798 3168 868 ἁμαρτίᾳ..
3233 795 3751 865 πιστεύωμεν¹),

2080 898 2160 950 ὃτι
2199 898 2304 967 χρὴ
2335 895 2479 964 ἡμᾶς
2526 895 2582 946 ἐν
2609 891 2686 961 τῷ
2733 891 2870 959 φωτὶ
2910 887 3392 958 περιπατοῦντας
3432 885 3753 955 ἀπροσκό-

2082 1007 2199 1052 πως
2222 988 2356 1057 όρᾷν
2377 985 2447 1038 τὰ
2477 983 2570 1036 τοῦ
2593 980 2727 1038 Θεοῦ
2753 981 3052 1050 θαυμάσια,
3085 978 3234 1032 κατὰ
3276 977 3393 1030 τὸν
3433 978 3743 1047 φήσαντα·

2080 1080 2482 1147 ἀποκάλυψωρ
2503 1076 2646 1141 τοὺς
2673 1072 3016 1143 ὀφθαλμούς
3023 1088 3161 1140 μου,
3179 1069 3301 1122 καὶ
3331 1067 3750 1132 κατανοήσω

2082 1170 2154 1224 τὰ
2191 1167 2492 1237 θαυμάσιά
2513 1183 2628 1220 σου
2652 1164 2720 1217 ἐκ
2745 1164 2850 1217 τοῦ
2871 1163 3056 1230 νόμου
3093 1175 3238 1213 σου.
3275 1158 3372 1220 ὡς
3414 1155 3547 1225 γὰρ
3589 1155 3746 1210 κατὰ

2082 1261 2142 1315 τὺ
2169 1259 2422 1330 αἰσθητὸν
2453 1261 2480 1310 ὁ
2503 1259 2558 1310 ἐν
2591 1255 2666 1326 τῷ
2695 1254 2834 1324 φωτὶ
2864 1250 3180 1323 περιπατῶν
3208 1250 3286 1302 οὐ
3325 1248 3744 1318 προσκόπτει,

2083 1352 2254 1414 οὕτως
2305 1349 2445 1404 κατά
2494 1349 2554 1401 τὸ
2605 1347 2792 1416 νοητὸν
2848 1347 2876 1398 ὁ
2931 1346 2987 1396 ἐν
3035 1341 3112 1412 τῷ
3161 1339 3393 1410 τελείῳ
3450 1338 3740 1408 ἁγιασμῷ

2085 1443 2345 1512 ὑπάρχων
2371 1441 2469 1492 οὑκ
2493 1438 2803 1507 ἐνθυμεῖται
2828 1433 3057 1504 πονηρά,
3081 1433 3141 1484 ού
3163 1429 3492 1498 λογίζεται
3519 1428 3740 1496 φαῦλα·

2084 1532 2311 1598 οὐδεμία
2368 1531 2420 1600 Ἰ)
2458 1529 2565 1597 γὰρ
2612 1525 2865 1580 κοινωνία
2912 1524 3050 1591 φωτὶ
3096 1522 3236 1592 πρὸς
3281 1521 3550 1582 σκότος,
3608 1518 3736 1571 οὐδὲ

2088 1621 2477 1692 συγκατάθεσις
2509 1617 2636 1672 ναοῦ
2684 1615 2820 1688 μετὰ
2853 1613 3110 1669 εἰδώλων.
3154 1612 3236 1676 ὡς
3270 1607 3388 1664 οὖν
3426 1609 3574 1673 ναὸς
3592 1609 3735 1663 Θεοῦ

2085 1712 2344 1782 ἐπίγνωθι
2382 1711 2627 1774 σεαυτόν,
2661 1706 3070 1777 ἀποδιδράσκων
3098 1703 3195 1773 τὴν
3233 1705 3306 1756 ὲν
3345 1700 3577 1772 καρδίᾳ
3619 1700 3730 1754 τῶν

2087 1804 2291 1875 νοητῶν
2324 1801 2558 1856 εἰδώλων
2591 1796 2960 1853 ἀποτύπωσιν·
2997 1796 3104 1848 πᾶν
3142 1793 3262 1863 γὰρ
3304 1791 3514 1854 πάθος
3567 1793 3727 1875 ἐνερ-

2087 1874 2214 1964 γοῦν
2237 1896 2384 1965 ψυχῇ
2413 1892 2626 1947 εἴδωλόν
2658 1894 2826 1944 ἐστιν·
2853 1889 2975 1942 ὅθεν
3009 1886 3186 1948 καλῶς
3220 1885 3483 1954 εἴρηται
3502 1900 3516 1912 ·
3553 1874 3608 1949 ᾧ
3638 1899 3726 1948 τις

2092 1987 2355 2054 ἥττηται,
2401 1987 2587 2049 τούτῳ
2627 1983 2726 2036 καὶ
2774 1979 3152 2035 δεδούλωται.
3203 1977 3263 2029 εί
3319 1975 3390 2029 δὲ
3445 1977 3575 2037 τοῖς
3625 1977 3727 2043 τῆς

2091 2077 2293 2148 σαρκὸς
2319 2074 2513 2129 πάθεσι
2530 2070 2919 2142 δεδουλώμεθα,
2947 2067 3187 2139 δηλονότι
3237 2066 3290 2136 ³)
3323 2063 3418 2135 τῷ
3450 2064 3607 2134 ἁγίῳ
3631 2062 3725 2116 καὶ

2088 2169 2290 2224 ἀπαθεῖ
2323 2167 2595 2238 πνεύματι
2637 2166 2700 2219 οὐ
2745 2160 3148 2231 δεδουλώμεθα·
3187 2158 3258 2212 οὐ
3310 2159 3441 2228 γὰρ
3484 2155 3720 2211 δύναταί

2089 2279 2174 2326 τις
2207 2259 2328 2315 δυσ)⁵
2365 2260 2571 2330 κυρίοις
2597 2255 2885 2312 δουλεύειν·
2916 2255 2986 2308 οὐ
3023 2252 3340 2313 δύνασθε,
3386 2248 3565 2320 φησί,
3598 2244 3720 2312 Θεῷ

2090 2353 2402 2407 δουλεύειν
2430 2349 2529 2405 καί
2550 2345 2862 2420 μαμμωνᾷ.
2891 2347 2920 2399 ὁ
2948 2345 3056 2416 γὰρ
3084 2344 3212 2407 ναδς
3242 2341 3356 2396 τοῦ
3372 2339 3530 2400 Θεοῦ
3561 2339 3715 2407 ἅγιός

2092 2446 2230 2507 ἐστι,
2255 2445 2342 2514 μὴ
2375 2441 2526 2511 ἔχων
2553 2441 2781 2495 σπῖλον
2811 2437 2850 2507 ἢ
2880 2434 3126 2506 ῥυτίδα,
3153 2433 3192 2501 ἤ
3235 2451 3302 2487 τι
3345 2429 3486 2486 τῶν
3518 2430 3714 2484 τοιού-

2091 2553 2230 2592 των.
2273 2535 2408 2588 διότι
2435 2532 2589 2599 ἅγιον
2616 2529 2835 2600 πνεῦμα
2865 2526 3118 2597 φεύξεται
3145 2524 3337 2588 δόλον,
3369 2522 3480 2575 καὶ
3505 2521 3710 2574 ἀπανα-

2093 2627 2347 2695 στήσεται
2371 2621 2480 2676 ἀπὸ
2501 2618 2777 2689 λογισμῶν
2801 2617 3099 2682 ἀσυνέτων,
3122 2614 3218 2669 καὶ
3244 2615 3338 2678 είς
3365 2612 3712 2682 κακότεχνον

2098 2717 2276 2787 ψυχὴν
2309 2715 2411 2768 οὐκ
2444 2711 2812 2766 εἰσελεύσεται
2847 2709 3084 2764 παιδεία.
3124 2706 3558 2768 πιστεύσαντες
3595 2699 3700 2767 οῦν,

2092 2809 2174 2863 ὅτι
2202 2809 2310 2872 πᾶς
2333 2809 2362 2861 ὁ
2385 2805 2542 2876 ἡμῶν
2574 2804 2736 2874 νόμος
2759 2799 3005 2871 δακτύλῳ
3021 2799 3161 2857 Θεοῦ
3208 2801 3276 2852 ἐν
3315 2797 3540 2869 καρδία
3569 2794 3705 2867 γρά-

2096 2919 2276 2972 φεται,
2302 2901 2361 2954 οὐ
2390 2901 2602 2970 μέλανι,
2633 2895 2768 2951 ἀλλά
2789 2893 3057 2966 πνεύματι
3081 2892 3232 2963 θείῳ,
3270 2889 3581 2960 δεξώμεθα
3605 2887 3699 2958 τὴν

2096 2993 2354 3062 ἀλήθειαν
2379 2989 2472 3044 τοῦ
2483 2989 2772 3060 νομοθέτου
2789 2986 3050 3049 εἰπόντος·
3076 2983 3191 3054 ἐγώ
3209 2985 3339 3052 είμι
3355 2983 3398 3050 ἡ
3420 2980 3681 3047 ἀλήθεια

2095 3085 2188 3139 τοῦ
2222 3099 2317 3139 και
2343 3084 2441 3154 τὴν
2474 3083 2575 3151 τῆς
2605 3081 2831 3152 καρδίας
2857 3077 3158 3150 περιτομὴν
3200 3075 3579 3144 ποιουμένου,
3608 3068 3697 3123 καὶ

2100 3176 2492 3248 ἐπιγράφοντος
2525 3173 2618 3226 ἐπὶ
2661 3171 2762 3234 τὰς
2801 3169 3036 3233 διανοίας
3081 3167 3192 3221 τῶν
3241 3165 3428 3231 ἀξίων
3463 3163 3559 3216 τὸν
3601 3163 3696 3229 τῆς

2095 3269 2458 3341 χρηστότητος
2495 3264 2658 3320 αὑτοῦ
2687 3264 2870 3334 νόμον·
2896 3263 2972 3324 ὥς
2995 3277 3159 3332 φησιν
3199 3261 3260 3314 ἐν
3293 3258 3382 3330 τῷ
3413 3258 3688 3328 προφήτη-

2097 3357 2299 3423 διδοὺς
2322 3355 2522 3428 [δώσω
2569 3353 2614 3425 ⁸]
2635 3355 2857 3423 νόμους
2873 3371 2993 3422 μου
3027 3353 3072 3422 ⁸)
3087 3351 3297 3416 εἰςτὰς
3313 3349 3577 3419 καρδίας
3593 3347 3693 3398 αὐ-

2095 3449 2234 3512 τῶν,
2252 3449 2348 3502 καί
2368 3448 2465 3501 ἐπὶ
2487 3446 2593 3511 τὰς
2609 3445 2875 3512 διανοίας
2889 3443 3086 3498 αὐτῶν
3101 3442 3430 3512 emde
3443 3439 3682 3502 αὐτούς·

2097 3539 2293 3594 αὐτίκα
2319 3537 2448 3606 γοῦν
2469 3537 2617 3598 ὅσοις
2649 3535 2867 3607 φροντίς
2908 3537 3053 3587 ἐστιν
3079 3533 3158 3595 είς
3182 3533 3371 3602 γένος
3401 3526 3684 3584 ἐκλεκτὸν

2097 3631 2324 3699 φθάσαι,
2350 3632 2428 3692 είς
2454 3628 2774 3692 ,Βασίλειον
2807 3625 3138 3694 ἱεράτευμα,
3166 3626 3250 3687 εἰς
3281 3622 3469 3687 ἔθνος
3497 3619 3679 3688 ἄτιον.

2097 3725 2177 3787 είς
2199 3721 2354 3778 λαὸν
2378 3721 2744 3788 περιούσιον,
2769 3717 2966 3790 ῥᾳδίως
2989 3716 3233 3786 δέχονται
3259 3717 3322 3769 ἐν
3349 3713 3568 3774 ἑαυτοῖς
3589 3709 3682 3778 τὴν

2096 3814 2192 3868 τοῦ
2219 3809 2479 3878 ζωοποιοῦ
2501 3809 2812 3882 πνεύματος
2838 3809 3137 3880 ἐνέργειαν.
3167 3806 3363 3877 διόπερ
3397 3801 3674 3875 παρακλή-

2101 3905 2232 3976 θητε
2277 3903 2532 3974 εῦχεσθαι
2557 3904 2621 3966 ⁸),
2651 3903 2799 3964 ὅπως
2828 3897 3252 3968 καταξιωθῶμεν
3274 3897 3388 3952 κᾶν
3407 3894 3540 3965 γοῦν
3560 3892 3680 3962 βρα-

2100 3997 2240 4066 χέως
2268 3998 2503 4048 συνεῖναι
2538 3992 2637 4064 τὴν
2682 3992 3010 4062 μονότροπον
3038 3990 3095 4042 ἐν
3133 3987 3365 4057 Χριστῷ
3408 3982 3672 4040 πολιτείας

2102 4085 2394 4154 εὐθύτητα.
2436 4086 2470 4154 ἡ
2517 4083 2626 4154 γὰρ
2664 4081 2886 4152 τοιαύτη
2919 4079 3063 4150 ψυχὴ
3105 4077 3429 4148 ἀποθεμένη
3460 4074 3558 4143 τὴν
3589 4067 3669 4123 τοῦ

2104 4175 2394 4247 προσώπου
2442 4173 2730 4245 αἰσχύνην,
2784 4173 2881 4226 καὶ
2933 4171 3128 4243 μηκέτι
3167 4161 3667 4240 κατακυριευομένη

2106 4267 2212 4320 ὑπὸ
2246 4267 2345 4336 τῆς
2368 4266 2722 4338 αίσχρότητος
2745 4264 2852 4317 τῶν
2876 4263 3172 4334 λογισμῶν,
3195 4261 3292 4314 καὶ
3317 4253 3668 4331 μοιχευομένη

2106 4360 2210 4413 ὑπὸ
2237 4359 2332 4412 τοῦ
2363 4358 2622 4430 πονηροῦ,
2657 4360 2816 4429 μόνου
2833 4356 3030 4428 δηλαδὴ
3061 4355 3156 4408 τοῦ
3186 4352 3513 4426 ἐπουρανίου
3547 4362 3670 4415 νυμ-

2107 4451 2231 4520 φίου
2253 4453 2516 4514 κοινωνεῖ,
2538 4449 2613 4513 ὡς
2630 4449 2766 4519 αὐτὴ
2778 4449 2821 4517 ⁷)
2865 4449 3208 4518 μονότροπος·
3232 4442 3547 4517 τετρωμένη
3569 4438 3666 4508 γὰρ

2107 4545 2172 4613 τῇ
2196 4543 2276 4606 είς
2303 4543 2466 4595 αὑτὸν
2494 4541 2683 4610 ἀγάπῃ
2715 4538 2964 4592 ἐπιποθεῖ
2995 4538 3089 4591 καὶ
3121 4536 3367 4590 ἐκλείπει
3386 4575 3402 4600 ,
3442 4534 3526 4586 ἵνα
3555 4528 3664 4582 τολ-

2113 4636 2290 4702 μήσας
2321 4631 2477 4696 εἴπω,
2507 4631 2604 4700 τὴν
2634 4631 2770 4702 πρὸς
2801 4629 2963 4682 αὐτὸν
3003 4627 3079 4691 ὡς
3102 4627 3311 4698 ὡραίαν
3352 4621 3545 4694 νοητὴν
3578 4613 3662 4676 καὶ

2114 4723 2380 4794 μυστικὴν
2430 4723 2714 4776 συνουσίαν
2759 4720 2903 4774 κατὰ
2939 4719 3040 4788 τὴν
3075 4718 3350 4789 ἄφθαρτον
3390 4710 3664 4776 συνάφειαν

2107 4793 2207 4886 τῆς
2240 4819 2297 4867 ὲν
2326 4793 2582 4886 ἀγιασμῷ
2612 4813 2915 4876 κοινωνίας.
2961 4810 3204 4882 μακαρία
3233 4809 3306 4873 ὡς
3337 4802 3544 4876 ἀληθῶς
3574 4793 3659 4850 καὶ

1733 4952 1988 5008 VARIAE
2026 4953 2430 5010 LECTIONES.

521 5063 560 5134 ¹.)
592 5063 726 5137 Cod.
780 5083 1132 5137 πιστεσομεν.
1167 5067 1412 5122 Primum
1438 5066 1699 5121 librarius
1719 5067 2004 5137 scripsisse
2033 5068 2255 5122 videtur
2292 5067 2639 5135 πιστεύομεν,
2690 5065 2888 5137 deinde
2949 5071 3130 5137 autem
3177 5061 3396 5137 lite_r_a_u
3441 5063 3593 5137 sul),ra

433 5129 703 5206 adscripta
751 5129 1055 5192 correxisse
1105 5147 1200 5191 aut
1249 5137 1629 5206 πιστεύσομεν,
1672 5154 1702 5188 υ
1728 5136 1784 5188 in
1817 5129 1868 5200 ὁ,
1901 5145 1995 5190 aut
2033 5137 2396 5206 πιστεύωμεν,
2429 5155 2489 5188 υο
2513 5129 2569 5191 in
2596 5154 2640 5189 ω
2674 5136 2783 5206 (ιῖὀ)
2807 5135 3230 5206 emendansn:
3265 5129 3587 5206 ')EI__00"':12

434 5203 556 5257 cod.
597 5195 787 5267 οὐδεὶς.
824 5209 958 5278 -³)
1008 5208 1152 5272 Em.,
1184 5208 1306 5263 cod.
1341 5195 1625 5278 δῆλον’ὅτιζ
1659 5237 1730 5245 -
1758 5206 1800 5275 δ)
1857 5195 2017 5258 ’δώσω
2053 5223 2162 5260 om.
2196 5195 2342 5270 cod.,
2371 5195 2556 5261 addidi
2596 5195 2894 5266 ex‘Jerem.
2937 5203 3127 5268 XXXI,
3165 5203 3252 5257 '55.
3287 5195 3355 5239 '—
3394 5195 3435 5265 ⁶)
3495 5205 3586 5259 μου

435 5337 598 5393 supra
655 5325 832 5380 adscr.
895 5327 999 5380 alia
1048 5344 1120 5382 ιιι.
1150 5359 1219 5367 —
1251 5328 1292 5397 ⁶)
1363 5327 1486 5384 cod.
1544 5295 1819 5398 εῦχεσθαῗ,
1851 5345 1877 5380 ε
1909 5342 2075 5396 supra

2114 5327 2294 5381 adscr.
2328 5327 2450 5381 cad.
2483 5345 2556 5381 ιιι.
2582 5359 2652 5367 —
2688 5328 2732 5397 ")
2798 5325 2978 5394 Coni.,
3027 5325 3149 5380 cod,
3188 5321 3313 5378 αὔτε
3345 5317 3423 5373 vel
3447 5311 3579 5366 οὔτε.

1947 5438 2200 5494 NOTAE.

508 5548 583 5686 ἑὲ)
608 5548 1110 5686 ἓξηῖξξξῗτὶξὲίγίιῖῗτ

569 5618 583 5687 )
615 5618 814 5687 Psalm.
845 5620 1076 5685 CXVIII,
1107 5622 1194 5677 18.

509 5685 584 5820 (5)
616 5688 658 5756 lj
681 5685 806 5741 Cor.
835 5690 920 5774 νιν,
959 5691 1044 5742 14.

537 5757 588 5820 4)
636 5756 677 5807 Il
709 5757 835 5809 Cor.
870 5760 960 5820 Vl,
994 5761 1044 5813 1(

537 5757 588 5821 4)
636 5756 677 5807 Il
709 5757 835 5809 Cor.
870 5760 960 5821 Ἦ,
994 5760 1082 5813 16.

514 5757 588 5894 (4)
636 5757 677 5807 Il
709 5757 835 5809 Cor.
870 5760 960 5821 Ἦ,
994 5760 1052 5813 lii

509 5825 564 5893 (5
623 5825 664 5877 ll
694 5826 842 5880 Petr.
876 5828 937 5891 ll,
966 5829 1052 5881 19.

2200 5552 2254 5615 6)
2292 5552 2480 5606 Matth.
2506 5554 2598 5615 VI,
2643 5552 2732 5606 24.

2201 5623 2252 5690 τ)
2286 5623 2424 5690 Ep‘h.
2449 5623 2512 5680 v.
2541 5625 2630 5676 ει.

2203 5694 2255 5760 ιι)
2287 5692 2409 5745 Joh.
2445 5693 2584 5751 xw.
2624 5694 2677 5746 6.

2203 5697 2255 5760 8)
2287 5697 2409 5745 Joh.
2446 5697 2584 5751 XIV.
2624 5697 2677 5746 6.

2180 5697 2257 5828 (9)
2283 5762 2482 5815 Jerem.
2511 5763 2703 5824 XXXI,
2731 5762 2819 5816 ⁸55.

2181 5831 2290 5900 (ιο)
2321 5831 2338 5884 ι
2373 5834 2486 5888 Pet.
2517 5834 2580 5899 ιι,
2608 5834 2659 5888 9.
2696 5832 2802 5887 Tit.
2837 5831 2901 5896 ιι,
2941 5830 3029 5885 ιι.
