4016 6438
359 259 460 314 M7

1845 254 2246 315 El‘lSTOLAE.

3523 256 3630 310 418

357 379 630 449 εὐδαίμων
661 380 698 449 ἡ
725 379 960 451 τοιαύτη
989 381 1129 452 ψυχή
1151 421 1166 446 ,
1196 381 1314 451 ἥτις
1342 381 1634 451 ἡττηθεῖσα
1673 379 1750 450 τῷ
1784 398 1944 434 πνευο

2056 381 2164 434 duit
2207 395 2293 434 me
2345 377 2662 432 vestimentis
2719 375 2908 428 salutis
2969 384 3018 428 et
3059 374 3368 428 indumento
3408 379 3641 432 iustitiae

363 469 581 542 ματικῷ
631 469 821 540 ἔρωτι,
877 472 1042 535 ἀξίως
1083 471 1395 542 ἑνυμφεύθη
1441 472 1518 542 τῷ
1570 471 1677 541 θεῷ
1705 471 1745 541 ¹)
1781 471 1940 542 λόγῳ.

360 565 570 633 λεγέτω
595 565 779 617 τοίνυν
811 565 951 634 αὐτή
976 605 990 626 ,
1027 565 1248 631 λεγέτω·
1276 563 1668 633 ἀγαλλιάσθω
1698 565 1737 631 ἠ
1776 561 1947 632 ψυχή

354 669 478 721 μου
509 651 610 705 ἐπὶ
637 651 717 704 τῶ
748 652 957 718 κυρίῳ·
991 651 1241 705 ἐνέδυσε
1270 651 1382 721 γάρ
1404 669 1482 720 με
1503 650 1734 720 ἱμάτιον
1759 667 1952 718 σωτη-

351 743 520 810 ρίου,
563 744 658 796 καὶ
695 762 919 812 χιτωνα
957 745 1340 812 εὐφροσύνης
1371 742 1682 810 περιέθηκέ
1708 759 1832 810 μοι,
1871 743 1952 806 ὠς

359 853 528 904 νυμφ
537 837 604 900 [ῳ
617 835 839 903 μίτραν
859 836 930 905 ²),
957 837 1054 889 καὶ
1074 836 1154 900 ὡς
1175 837 1418 904 νύμφην
1436 832 1852 902 κατεκόσμησε
1876 849 1953 901 με

367 927 593 992 κόσμῳ.
629 924 833 994 ταύτης
858 926 968 992 γὰρ
990 925 1051 978 τὸ
1069 925 1261 988 κάλλος
1284 924 1628 995 ἐπιθυμήσας
1651 926 1680 976 6
1701 923 1953 994 βασιλεὺς

369 1017 465 1086 τῆς
501 1015 666 1084 δόξης
692 1015 1032 1085 κατηξίωσεν
1057 1016 1227 1086 αὐτὴν
1251 1016 1685 1086 χρηματίζεσθαι
1704 1017 1764 1068 οὐ
1794 1017 1953 1086 μόνον

369 1109 494 1161 ναὸν
518 1107 670 1167 θεοῦ,
697 1105 836 1159 ἀλλὰ
866 1109 959 1160 καὶ
983 1106 1255 1177 θυγατέρα
1278 1107 1541 1178 βασιλέως
1571 1107 1664 1160 καὶ
1686 1106 1950 1176 βασιλίδα’

365 1199 494 1254 ναὸν
545 1199 647 1269 μὲν
683 1199 805 1252 θεοῦ
839 1199 915 1261 ὠς
957 1199 1331 1253 οἱκειωθείσαν
1367 1199 1446 1268 τῷ
1484 1199 1624 1269 ἁγίῳ
1657 1198 1950 1268 πνεύματι·

364 1291 650 1361 θυγατέρα
680 1291 737 1344 δὲ
769 1290 1033 1359 βασιλέως
1059 1291 1134 1354 ὡς
1166 1290 1650 1360 τεκνοποιηθεῖσαν
1678 1290 1831 1358 παρὰ
1859 1289 1954 1343 τοῦ

363 1383 577 1454 πατρὸς
605 1381 716 1434 τῶν
746 1380 940 1451 φώτων
966 1398 979 1412 ·
1013 1383 1108 1436 καὶ
1131 1382 1378 1452 βασιλίδα
1403 1382 1476 1445 ὡς
1505 1381 1868 1450 συναφθεῖσαν
1887 1383 1954 1453 τῇ

364 1474 584 1543 θεότητι
621 1475 722 1542 τῆς
749 1472 906 1542 δόξης
931 1472 1026 1526 τοῦ
1059 1473 1403 1544 μονογενοῦς.
1440 1474 1562 1526 καθ’
1604 1473 1662 1526 ὃν
1693 1473 1802 1545 γὰρ
1829 1474 1955 1544 τρό⁸

361 1583 468 1618 πον
494 1568 526 1617 6
547 1565 758 1635 κύριος,
793 1561 876 1628 εἷς
899 1563 974 1617 ῶν
1001 1565 1122 1618 κατ’
1149 1565 1356 1628 οὐσίαν,
1389 1564 1739 1635 πολυώνυμος
1766 1565 1957 1634 γέγονε

2049 469 2389 524 circumdedit
2414 486 2516 532 me,
2542 470 2693 540 quasi
2717 484 2964 539 sponsum
3003 468 3310 521 decoratum
3356 485 3548 524 corona
3593 483 3641 524 et

2051 565 2204 634 quasi
2224 579 2474 633 sponsam
2494 571 2742 616 ornatam
2769 561 3049 615 monilibus
3068 563 3174 614 suis
3199 561 3478 631 (l).Huius
3493 563 3639 616 enim

2050 655 2516 725 pulchritudinem
2559 654 2956 722 concupiscens
2993 667 3088 705 rex
3138 652 3341 721 gloriae
3389 654 3645 724 dignatus

2051 755 2137 799 est
2164 761 2284 798 eam
2327 759 2647 813 nuncupare
2686 758 2796 797 non
2835 744 3011 796 solum
3037 743 3298 810 templum
3325 742 3441 805 Dei,
3467 743 3561 795 sed
3589 753 3643 796 et

2055 838 2220 891 ﬁliam
2248 839 2391 907 regis
2419 846 2475 891 et
2517 837 2789 905 reginam:
2852 836 3114 904 templum
3165 834 3390 903 quidem
3439 835 3534 887 Dei
3586 845 3646 886 ut

2054 929 2217 1000 204
2231 929 2533 982 habitatum
2563 943 2590 979 a
2625 926 2833 995 Spiritu
2863 934 3074 988 sancto,
3101 923 3266 976 ﬁliam
3290 933 3472 977 autem
3503 926 3646 994 regis

2056 1027 2118 1071 ut
2143 1018 2454 1087 adoptatam
2488 1032 2518 1069 a
2557 1025 2712 1084 patre
2741 1015 3035 1077 luminum,
3067 1023 3124 1067 et
3167 1014 3426 1083 reginam.
3452 1022 3514 1066 ut
3545 1031 3644 1083 ap-

2056 1120 2224 1165 tatam
2258 1110 2535 1164 divinitati
2570 1108 2773 1179 gloriae
2813 1109 3111 1178 [TnigcnitL
3155 1108 3251 1161 Ad.
3283 1123 3445 1177 quem
3498 1107 3648 1161 enim

2056 1204 2279 1258 modum
2313 1203 2598 1264 Dominus,
2625 1202 2816 1271 quiest
2857 1217 3000 1255 unus
3032 1201 3337 1254 secundum
3385 1201 3650 1255 substan-

2058 1296 2209 1359 tiam,
2239 1295 2409 1348 multa
2442 1293 2666 1347 nomina
2721 1293 2932 1362 accepit
2993 1294 3204 1362 trepiec
3259 1301 3486 1362 propter
3533 1291 3649 1346 dis-

2059 1388 2437 1458 pensationem
2503 1385 2696 1440 salutis
2751 1385 3074 1438 hominum?
3139 1385 3428 1451 Quomodo
3483 1392 3637 1454 petra

2059 1482 2366 1550 appellatur
2408 1490 2465 1535 et
2515 1480 2753 1536 ostium?
2799 1479 3076 1550 quomodo
3143 1479 3354 1532 securis
3410 1489 3466 1532 et
3517 1479 3648 1531 via?

2059 1583 2115 1627 et
2137 1574 2336 1628 iterum
2361 1573 2495 1628 vitis
2517 1583 2572 1627 et
2610 1572 2811 1643 panis?
2866 1572 3026 1626 Petra
3078 1571 3301 1640 quidem
3355 1570 3426 1623 ob
3479 1570 3651 1623 robur

361 1658 512 1712 κατὰ
545 1657 908 1728 τροπολογίαν
943 1657 1130 1712 ἕνεκεν
1177 1660 1278 1728 τῆς
1318 1658 1634 1728 οἰκονομίας
1683 1657 1953 1727 σωτηρίας

2061 1666 2182 1720 eius
2239 1665 2627 1719 inconcussum
2669 1673 2725 1718 et
2775 1662 3175 1718 inaccessibile.
3224 1661 3435 1716 Ostium
3493 1677 3646 1724 vero,

355 1749 474 1804 τῶν
508 1725 816 1820 ἀνθρώπων
845 1748 952 1820 (πῆ
980 1752 1078 1821 μὲν
1107 1725 1284 1819 πέτρα
1312 1725 1638 1820 ὀνομασθεὶς
1665 1750 1759 1802 καί¹
1783 1725 1921 1820 θθρα
1941 1793 1953 1817 ,

2063 1755 2192 1826 quia
2207 1755 2324 1825 ipse
2348 1764 2432 1809 est
2447 1755 2712 1808 introitus
2734 1762 2990 1807 aeternae
3009 1751 3175 1805 vitae.
3197 1751 3418 1804 Securis
3439 1759 3648 1812 autem,

357 1842 443 1911 πῆ
479 1842 540 1895 δὲ
570 1842 726 1910 ἀξίνη
757 1843 849 1894 καὶ
886 1844 1032 1908 ὁδός,
1057 1844 1151 1896 καὶ
1183 1839 1338 1905 αὖθις
1369 1842 1613 1912 ἄμπελος
1643 1844 1738 1896 καὶ
1759 1843 1958 1912 ἄρτος,

2063 1845 2193 1915 quia
2220 1845 2496 1901 exscindit
2521 1844 2735 1898 radices
2763 1841 3068 1912 pravitatis.
3105 1841 3173 1894 Et
3212 1841 3320 1903 via,
3353 1840 3480 1910 quia
3499 1839 3653 1894 ducit

358 1928 547 1998 πέτρα
580 1929 678 1997 μὲν
711 1929 800 1981 διὰ
824 1930 882 1982 τὸ
916 1932 974 1982 ὲν
1006 1933 1070 2001 τῇ
1106 1929 1265 2002 ῥώμῃ
1296 1931 1460 1983 αὑτοῦ
1492 1929 1742 1984 ἄσειστον
1775 1949 1833 1984 τε
1865 1933 1953 1986 καὶ

2062 1937 2256 2007 dignos
2283 1937 2352 1991 ad
2389 1936 2638 1990 veritatis
2671 1934 3062 2005 cognitionem.
3113 1933 3181 1987 Et
3209 1932 3355 1995 vitis,
3395 1933 3543 2002 quod
3583 1950 3648 1987 ex

358 2019 699 2089 ἀπρόσιτον·
734 2019 872 2091 θύρα
905 2022 965 2074 δὲ
1009 2022 1096 2075 διὰ
1140 2023 1202 2074 τὸ
1249 2024 1412 2074 αὐτὸν
1444 2021 1586 2075 εἶναι
1615 2025 1822 2077 εἴσοδον
1861 2026 1953 2094 τῆς

2062 2029 2180 2098 ipso
2203 2028 2520 2082 exhilarans
2547 2043 2642 2080 cor
2663 2025 2906 2080 hominis
2939 2026 3130 2078 vinum
3175 2025 3437 2094 carpitur.
3490 2024 3652 2079 Simi-

356 2110 589 2166 αἰωνίου
622 2111 768 2181 ζωῆς
792 2129 806 2141 ·
839 2112 994 2183 ἀξίνη
1027 2113 1084 2166 δὲ
1115 2113 1202 2166 διὰ
1231 2113 1293 2166 τὸ
1336 2115 1624 2168 ἐκκόπτειν
1663 2116 1824 2168 αὑτὸν
1859 2116 1959 2180 τὰς

356 2204 460 2272 τῆς
485 2203 688 2264 κακίας
733 2203 888 2273 ῥίζας
907 2221 920 2234 ·
953 2205 1047 2258 καὶ
1081 2205 1200 2268 ὁδὸς
1235 2204 1324 2258 διὰ
1366 2205 1428 2258 τὸ
1459 2205 1613 2273 ἄγειν
1641 2206 1803 2258 αὐτὸν
1832 2208 1959 2270 τοὺς

365 2293 554 2358 ἀξίους
583 2294 678 2347 ἐπὶ
701 2294 798 2363 τὴν
821 2294 924 2361 τῆς
951 2294 1211 2364 ἀληθείας
1234 2296 1548 2364 ἐπίγνωσινο
1575 2298 1668 2351 καὶ
1692 2297 1954 2368 ἄμπελος,

377 2387 454 2439 Em
491 2385 554 2450 ἐξ
601 2384 768 2438 αὐτοῦ
817 2387 846 2438 6
876 2386 1183 2456 εὐφραίνων
1225 2388 1452 2458 καρδίαν
1493 2388 1783 2460 ἀνθρώπου
1813 2384 1957 2453 οἶνος

377 2479 799 2546 καρποφορείται
821 2493 835 2508 ·
864 2478 1066 2546 ὁμοίως
1101 2478 1158 2531 δὲ
1202 2480 1299 2532 καὶ
1333 2480 1529 2552 ἄρτος,
1563 2482 1645 2534 ὄτι
1685 2481 1956 2551 στηρίζων

373 2567 593 2635 καῴίαν
630 2567 852 2635 λογικοῦ
904 2567 1204 2638 ζώου)·τὸν
1241 2572 1405 2626 αὐτὸν
1434 2572 1636 2643 τρόπον
1671 2573 1764 2625 καὶ
1797 2574 1830 2644 ἡ
1871 2573 1954 2626 ol-

366 2658 658 2711 κειωθεῖσα
687 2657 765 2728 τῷ
797 2658 904 2728 θεῴ
935 2659 980 2729 ³)
1012 2660 1153 2730 λόγῳ
1193 2660 1422 2731 ἄμωμος
1451 2661 1594 2732 ψυχὴ
1621 2663 1954 2730 μονότροπος

361 2751 712 2819 τυγχάνουσα
730 2753 870 2803 κατὰ
892 2750 1096 2814 πολλὰς
1123 2753 1405 2822 προκοπὰς
1426 2753 1535 2805 τῶν
1563 2753 1952 2823 πνευματικῶν

360 2841 577 2911 ἀρετῶν
609 2840 702 2894 καὶ
730 2842 838 2895 τῶν
858 2842 1078 2912 δωρεῶν
1110 2843 1496 2914 ἀξιωθήσεται.
1527 2845 1743 2914 εἴρηται
1772 2844 1828 2898 δέ
1861 2863 1951 2916 μοι

357 2931 542 2985 ταῦτα
591 2933 777 2986 ἕνεκεν
822 2934 917 2987 τοῦ
942 2935 986 3004 ⁸)
1045 2937 1103 2989 οὐ
1159 2935 1318 3006 μόνον
1357 2937 1518 3008 τριχῆ
1571 2937 1807 2990 νοεῖσθαι
1857 2937 1950 2990 τὸν

359 3025 752 3096 χρηματισμὸν
783 3027 882 3095 τῆς
922 3025 1161 3096 νύμφης,
1200 3027 1338 3080 ἀλλὰ
1375 3028 1468 3080 καὶ
1507 3027 1806 3098 πολλαχῶς.
1861 3027 1948 3094 γί-

359 3131 544 3168 νωσκε
575 3113 652 3177 δέ,
685 3115 767 3167 ὅτι
790 3115 951 3168 τοῦτο
979 3118 1148 3180 κόπος
1175 3117 1230 3186 ⁸)
1265 3117 1412 3171 ἐστὶν
1446 3117 1679 3170 ἐνώπιον
1704 3117 1860 3188 ἡμῶν
1881 3119 1948 3187 ⁸),

358 3206 469 3268 ἓως
514 3200 576 3258 οὗ
605 3205 933 3278 εἰσέλθωμεν
957 3209 1002 3279 ⁷)
1033 3210 1114 3272 είς
1149 3209 1214 3261 τὸ
1254 3209 1643 3278 armatiipr
1671 3209 1778 3264 τοῦ
1815 3210 1953 3265 θεοῦ

361 3297 520 3366 πρὸς
538 3297 646 3350 τὸν
655 3297 793 3352 θεὸν
811 3302 918 3352 τὸν
935 3301 1152 3368 εὑρραὶ
1155 3319 1222 3353 νο
1231 3319 1337 3355 ντιι
1355 3302 1468 3369 τὴν
1485 3304 1737 3368 νεότητα
1760 3301 1952 3372 ἡμῶν.

364 3388 622 3458 βούλεται
663 3389 772 3461 γὰρ
807 3393 954 3462 ἡμᾶς
984 3393 1012 3444 ὁ
1040 3393 1223 3463 σωτὴρ
1257 3395 1315 3445 ἐν
1347 3394 1514 3464 σαρκὶ
1540 3393 1699 3456 ὄντας
1734 3394 1828 3446 καὶ
1855 3392 1956 3463 τῆς

359 3481 640 3546 ἀπαθείας
685 3483 850 3538 αὐτοῦ
907 3484 1344 3554 καταξιωθῆναι,
1399 3487 1493 3540 καὶ
1532 3485 1628 3539 τοῦ
1679 3485 1954 3556 ἀγιασμοῦ

363 3573 752 3644 πληρωθῆναι,
814 3575 900 3629 ἵνα
948 3575 1278 3648 θαρροῦντες
1328 3576 1612 3648 λέγωμενο
1652 3577 1723 3630 ἐν
1773 3577 1954 3646 σαρκὶ

366 3665 835 3732 περιπατοῦντες
864 3669 936 3722 οὺ
966 3667 1118 3722 κατὰ
1149 3667 1352 3736 σάρκα
1377 3670 1850 3738 στρατευόμεθα·
1883 3670 1956 3724 τὰ

375 3758 484 3827 γὰρ
512 3758 669 3812 ὅπλα
693 3758 802 3828 τῆς
831 3761 1148 3828 στρατείας
1169 3759 1339 3827 ἡμῶν
1364 3761 1436 3813 οὐ
1467 3757 1756 3827 σαρκικὰ,
1797 3761 1958 3815 ἀλλὰ

379 3847 598 3904 δυνατὰ
643 3850 726 3914 τῷ
777 3849 890 3916 θεῷ
923 3851 1072 3919 πρὸς
1123 3850 1472 3918 καθαίρεσιν
1527 3850 1952 3919 ὀχυρωμάτων·

374 3942 700 4010 λογισμοὺς
727 3943 1154 4010 καθαιροῦντες
1184 3941 1284 3996 καί
1314 3939 1437 3995 πᾶν
1463 3941 1682 4011 ὕψωμα
1716 3942 1956 4009 ἐπαιρό-

362 4049 555 4102 μενον
590 4032 741 4086 κατὰ
762 4032 875 4102 τῆς
900 4032 1177 4102 γνώσεως
1203 4033 1310 4088 τοῦ
1335 4033 1494 4087 θεοῦ.
1528 4033 1633 4104 χρὴ
1659 4033 1836 4086 τοίνυν
1870 4037 1956 4087 ἐν-

367 4119 560 4173 τεῦθεν
583 4121 686 4192 ήδη
711 4122 1062 4192 προσηλῶσαι
1091 4121 1239 4192 ἡμᾶς
1259 4121 1338 4192 τῷ
1361 4122 1580 4194 σταυρῷ
1601 4123 1670 4176 τὰ
1691 4123 1838 4193 πάθη
1857 4123 1960 4194 τῆς

367 4210 648 4280 ἀμαρτίας
667 4210 806 4264 κατὰ
820 4212 919 4282 τὴν
949 4210 1044 4263 τοῦ
1077 4213 1360 4282 προφήτου
1387 4212 1572 4282 εὐχήν·
1599 4211 1961 4280 καθήλωσον

2059 2119 2186 2173 liter
2199 2133 2330 2172 vero
2351 2119 2514 2172 etiam
2538 2117 2714 2187 panis,
2742 2125 2931 2185 utpote
2948 2115 3280 2169 conﬁrmans
3300 2131 3396 2169 cor
3414 2115 3652 2170 rationa-

2059 2209 2186 2262 bilis
2207 2208 2473 2262 animalis.
2511 2208 2570 2261 ln
2597 2206 2827 2260 eandem
2862 2206 3129 2259 rationem
3152 2205 3316 2258 etiam
3349 2204 3650 2259 inhabitata

2058 2314 2088 2352 a
2125 2299 2236 2352 Deo
2263 2298 2433 2352 verbo
2478 2296 2825 2350 immaculata
2869 2293 3070 2356 anima,
3103 2293 3334 2361 simplex
3364 2291 3526 2355 facta,
3565 2307 3651 2345 se-

2058 2387 2300 2440 cundum
2345 2387 2548 2440 multos
2601 2384 2880 2454 profectus
2920 2381 3304 2451 spiritualibus
3350 2379 3651 2433 virtutibus

2057 2479 2328 2550 donisque
2362 2477 2698 2548 dignabitur.
2729 2477 2883 2530 Dicta
2920 2484 3105 2529 autem
3137 2481 3266 2527 sunt
3299 2473 3434 2526 haec
3474 2487 3504 2524 a
3537 2487 3647 2535 mc,

2055 2580 2118 2626 ut
2160 2588 2270 2626 non
2321 2571 2498 2625 solum
2545 2570 2836 2639 tripliciter
2878 2567 3216 2637 intelligatur
3259 2565 3541 2620 oraculum
3579 2565 3647 2618 de

2054 2680 2274 2734 sponsa,
2301 2663 2395 2717 sed
2422 2663 2586 2716 etiam
2613 2661 2992 2715 multifariam.
3017 2658 3299 2728 Cognosce
3320 2672 3472 2720 vero,
3499 2655 3650 2710 hunc

2053 2769 2173 2808 esse
2199 2754 2476 2822 planctum
2494 2752 2548 2805 in
2572 2761 2869 2820 conspectu
2896 2749 3284 2814 nostri,donec
3308 2747 3649 2801 introeamus

2053 2845 2124 2898 ad
2151 2844 2327 2898 altare
2357 2845 2474 2908 Dei,
2505 2845 2574 2897 ad
2594 2844 2762 2897 Deum
2791 2845 2878 2914 qui
2906 2842 3160 2910 laetiﬁcat
3192 2843 3519 2894 iuventutem
3548 2855 3646 2892 no-

2048 2946 2215 2990 stram
2232 2937 2330 3006 (2).
2362 2937 2490 2992 Vult
2509 2936 2656 2990 enim
2677 2935 2949 2999 Salvator,
2965 2935 3129 2988 etiam
3148 2948 3271 2997 nos,
3295 2933 3386 3002 qui
3411 2932 3465 2985 in
3484 2947 3648 2984 carne

2051 3044 2262 3092 sumus,
2284 3043 2381 3083 sua
2403 3027 2619 3098 apathia
2641 3027 2836 3098 dignos
2857 3026 3009 3080 reddi
3037 3025 3361 3094 implerique
3391 3023 3649 3077 sanctita-

2054 3131 2129 3187 te,
2167 3129 2228 3175 ut
2257 3119 2599 3174 conﬁdenter
2625 3118 2907 3172 dicamus:
2928 3117 2992 3171 In
3012 3133 3169 3170 carne
3190 3115 3521 3170 ambulantes
3544 3132 3649 3168 non

2053 3213 2336 3268 secundum
2367 3229 2583 3266 carnem
2624 3210 3096 3273 militamus;nam
3115 3224 3267 3262 arma
3288 3207 3510 3261 militiae
3549 3223 3649 3259 uo-

2053 3315 2198 3360 strae
2220 3323 2324 3360 non
2349 3305 2592 3359 carnalia
2609 3312 2752 3366 sunt,
2767 3303 2856 3357 sed
2872 3305 3103 3373 potentia
3125 3302 3234 3355 Deo
3252 3303 3322 3355 ad
3339 3299 3650 3354 destructio-

2057 3411 2174 3448 nem
2193 3395 2566 3455 munitionum,
2582 3391 2803 3445 consilia
2824 3390 3148 3443 destruentes
3172 3396 3220 3441 et
3237 3404 3444 3440 omnem
3467 3385 3652 3440 altitu-

2056 3487 2228 3539 dinem
2261 3482 2598 3538 extollentem
2621 3500 2678 3536 se
2700 3483 2949 3536 adversus
2983 3482 3258 3535 scientiam
3284 3480 3380 3534 Dei
3397 3479 3495 3552 (5).
3517 3479 3650 3534 Inde

2058 3576 2224 3646 igitur
2260 3583 2480 3644 Oportet
2511 3573 2616 3626 iam
2643 3570 2860 3642 aﬁigere
2891 3585 2993 3625 nos
3016 3569 3168 3624 cruci
3194 3569 3478 3638 passiones
3517 3583 3648 3637 pec-

2059 3667 2163 3723 cati
2187 3666 2488 3721 secundum
2513 3665 2815 3735 prophetae
2840 3663 3150 3717 orationem
3176 3678 3189 3713 :
3216 3657 3433 3730 Conﬁge
3461 3660 3650 3712 timore

2062 3766 2149 3810 tuo
2175 3774 2361 3811 carnes
2393 3773 2535 3810 meas
2561 3756 2659 3825 (4).
2686 3755 2820 3808 Nam
2846 3770 2976 3808 caro
2998 3762 3054 3807 et
3076 3751 3320 3821 sanguis,
3347 3767 3484 3821 quas
3515 3751 3650 3805 dicit

2059 3848 2355 3918 Apostolus
2379 3862 2488 3900 non
2511 3861 2670 3917 posse
2702 3861 2930 3914 regnum
2965 3845 3061 3899 Dei
3097 3842 3302 3907 sortiri,
3335 3858 3445 3897 non
3486 3842 3648 3912 205

2059 3949 2142 3993 est
2164 3940 2269 3993 hoc
2294 3938 2440 4008 quod
2463 3937 2799 4006 conspicitur
2819 3952 3038 4006 corpus,
3062 3936 3168 3990 hoc
3186 3933 3332 3989 enim
3359 3950 3388 3989 a
3406 3933 3518 3987 Deo
3537 3932 3650 3987 for-

2060 4040 2268 4085 matum
2287 4039 2392 4096 est,
2415 4031 2509 4086 sed
2537 4030 2816 4101 prudentia
2844 4030 3021 4082 carnis
3045 4027 3144 4100 (5),
3176 4042 3316 4097 quae
3343 4033 3596 4079 movetur
3622 4043 3650 4080 a

2061 4121 2346 4190 spiritibus
2376 4119 2675 4190 nequitiae,
2703 4121 2791 4191 qui
2825 4128 3112 4189 aperantur
3145 4120 3198 4171 in
3227 4117 3365 4186 ﬁlios
3406 4116 3634 4187 (ti/ﬁden-

2063 4215 2167 4266 tiae
2189 4212 2286 4284 (6).
2311 4213 2527 4268 Etenim
2570 4228 2682 4266 non
2729 4213 2980 4266 adversus
3015 4227 3229 4264 carnem
3256 4217 3304 4262 et
3327 4209 3642 4278 sanguinem

366 4302 436 4356 be
471 4301 584 4356 τοῦ
612 4303 800 4371 φόϐου
830 4319 947 4358 σου
978 4304 1085 4370 τὰς
1118 4302 1354 4372 σάρκας
1377 4322 1518 4374 μου.
1553 4304 1690 4375 σὰρξ
1717 4305 1828 4377 γὰρ
1866 4307 1953 4359 καὶ

2063 4308 2319 4377 perfectis
2343 4308 2398 4362 in
2423 4307 2642 4362 Christo
2665 4305 3032 4362 eertatoribus
3073 4313 3148 4358 est
3190 4303 3511 4366 colluctatio,
3557 4300 3648 4356 sed

368 4387 538 4463 αἷμα,
578 4395 708 4466 περὶ
733 4388 808 4448 ὧν
847 4393 995 4463 λέγει
1027 4397 1056 4449 6
1078 4395 1374 4459 ἀπόστολος
1410 4395 1770 4467 μὴδύνασθαι
1806 4397 1953 4468 βασι-

2066 4400 2312 4454 adversus
2335 4400 2516 4454 mundi
2555 4407 2779 4453 rectores
2825 4398 3154 4452 tenebrarum
3200 4396 3412 4460 harum,
3459 4401 3647 4448 contra

367 4484 524 4540 λείαν
546 4485 670 4540 θεοῦ
710 4486 1136 4559 κληρονομῆσαι,
1171 4487 1233 4541 οὐ
1264 4487 1424 4542 τοῦτό
1456 4489 1572 4541 ἐστι
1599 4487 1661 4540 τὸ
1684 4487 1953 4560 ὁρώμενον

2073 4491 2379 4562 spiritualia
2402 4494 2668 4563 nequitiae
2684 4493 2781 4563 (7).

371 4592 558 4663 σῶμα·
587 4592 743 4646 τοῦτο
765 4595 874 4666 γὰρ
901 4594 1006 4650 ὑπὸ
1029 4594 1164 4662 ,θεοῦ
1212 4594 1454 4666 ἐπλάσθη
1479 4613 1494 4626 ο
1530 4595 1665 4649 ἀλλὰ
1701 4595 1768 4649 τὸ
1809 4599 2086 4668 φρόνημα
2107 4600 2219 4670 τῆς
2239 4603 2467 4671 σαρκὸς
2513 4603 2577 4655 τὸ
2633 4601 2951 4670 κινούμενον
2977 4598 3083 4652 ὑπὸ
3140 4596 3251 4650 τῶν
3318 4592 3648 4662 πνευμάτων

368 4684 474 4752 τῆς
521 4685 812 4756 πονηρίας,
861 4685 980 4740 τῶν
1025 4687 1430 4758 ἐνεργούντων
1477 4689 1601 4754 τοῖς
1646 4690 1798 4756 υἱοῖς
1837 4689 1951 4761 τῆς
1986 4694 2312 4762 ἀπειθείας.
2355 4697 2428 4751 οὐ
2491 4697 2601 4768 γὰρ
2673 4694 2827 4763 πρὸς
2859 4691 3004 4763 αἷμα
3052 4691 3152 4745 καὶ
3191 4691 3390 4758 σάρκα
3434 4689 3548 4750 τοῖς
3587 4689 3646 4739 ἓν

370 4775 601 4847 Χριστῷ
662 4777 886 4841 τελείοις
925 4779 1258 4847 ἀγωνισταῖς
1310 4780 1348 4845 ὴ
1401 4777 1602 4847 πάλη,
1655 4779 1818 4834 ἀλλὰ
1882 4783 2032 4850 πρὸς
2070 4785 2212 4852 τοὺς
2264 4785 2752 4857 κοσμοκράτορας
2803 4781 2912 4837 τοῦ
2965 4783 3227 4845 σκότους
3274 4775 3382 4850 τοῦ
3429 4773 3646 4840 αἰῶνος

369 4868 614 4933 τούτου,
643 4870 794 4936 πρὸς
819 4868 891 4923 τὰ
918 4869 1292 4938 πνευματικὰ
1323 4868 1436 4938 τῆς
1463 4872 1776 4939 πονηρίας.

1660 4983 1917 5038 VARIAE
1959 4984 2255 5040 LECTION
2267 4984 2368 5038 ES.

449 5071 499 5151 ‘)__
527 5070 618 5151 Sic
647 5071 792 5151 c¢»d_.,
830 5064 941 5151 min
974 5071 1160 5142 θεῐκῷ.
1188 5074 1334 5151 ές)
1369 5073 1622 5151 Emend.)
1663 5075 1784 5128 cod.
1834 5077 2065 5151 μῆτραν.
2097 5108 2173 5151 _——-
2195 5077 2238 5148 ³)
2279 5076 2368 5130 Sic
2396 5074 2545 5139 c0d.,
2577 5090 2684 5151 nop
2729 5068 2914 5151 θεῖκῷ.
2942 5099 3012 5107 -
3037 5065 3356 5151 ⁸).ΕΠΙ.θΠά-,
3398 5065 3520 5119 cod.
3561 5066 3640 5147 τό.

378 5137 507 5209 -⁶)
537 5142 630 5220 Sic
668 5143 815 5204 cod,
875 5144 1013 5196 forte
1061 5137 1292 5203 σκοπόςῖ
1319 5137 1390 5184 ’μ-
1414 5143 1458 5212 ⁶)
1496 5143 1628 5196 Cod.
1685 5162 1808 5214 μου,
1834 5137 1962 5199 ἐὶιά
2013 5137 2230 5200 eadem,
2260 5161 2332 5199 ιιι.
2380 5137 2543 5215 supra
2598 5142 2780 5198 adscr.
2816 5137 3031 5193 literam
3082 5141 3126 5260 η
3164 5138 3489 5207 signumque
3531 5137 3612 5191 Cir

381 5211 629 5260 cumnam
669 5213 903 5260 svllabae
937 5230 1034 5260 uou
1064 5213 1346 5260 imnosnit-
1396 5214 1540 5260 unde.
1585 5215 1739 5260 ἡνιῶν
1775 5215 2062 5260 legendum
2103 5234 2222 5260 ρςςρ
2261 5215 2590 5260 ρῐίςίὶιηεινί.
2627 5242 2694 5256 ρ-
2727 5212 2770 5260 ⁷λ
2797 5209 2912 5260 Cod
2985 5209 3094 5260 είςέ
3130 5207 3226 5260 θω.
3259 5207 3355 5260 sed
3395 5205 3520 5260 ead.
3565 5223 3612 5259 ιιι

381 5205 629 5335 cumﬁexdi
669 5213 903 5281 syllabae
937 5230 1034 5282 μου
1064 5213 1346 5281 imposuit,
1396 5205 1540 5266 unde
1585 5205 1739 5281 ἡμῶν
1772 5215 2063 5283 legendum
2103 5234 2222 5270 esse
2261 5205 2590 5270 existimavi.
2627 5242 2694 5256 ——
2727 5212 2770 5283 ")
2797 5209 2912 5265 Cod
2985 5205 3234 5273 είςέλθω,
3259 5207 3355 5261 sed
3395 5205 3520 5262 ead.
3565 5223 3640 5259 ιιι.

381 5297 536 5335 sunra
559 5299 591 5334 a
633 5298 740 5335 scr.
773 5298 924 5335 οιιεν.

377 5297 536 5352 supra
559 5297 740 5336 adscr.
773 5298 924 5352 ομεν.

1901 5395 2151 5450 NOTAE.

2139 5493 2646 5562 m)nmnnwu,o.

2135 5567 2209 5638 (ις)
2240 5565 2384 5638 ΕΜ]-
2413 5565 2479 5638 ll»
2519 5565 2570 5638 2-

2135 5635 2210 5706 (7)
2240 5635 2374 5704 Eph.
2412 5635 2496 5697 VI,
2526 5635 2610 5686 l2.

438 5489 974 5559 ti)nm.Ltho.

439 5561 516 5690 ἓξ)
552 5562 754 5644 Psalm.
784 5561 943 5646 X.Ll_l',
966 5563 1018 5614 4.

465 5640 516 5690 ;›)
556 5633 594 5684 ll
620 5633 751 5684 Lor.
796 5631 862 5690 λ,
897 5653 948 5682 .›.
983 5633 1014 5682 Α

465 5633 751 5695 δ)η(ωη
796 5630 1112 5690 x,3.t;L

442 5701 1169 5773 (ειτωημαχγημιεα

608 5799 888 5857 ΡΑτιιοῐ..
935 5800 1049 5857 Gn.
1091 5797 1354 5857 XXXIV.
3053 5784 3124 5844 14
