4016 6476
481 286 584 342 419

1736 284 1793 340 S.
1832 283 2116 340 MACARII
2152 283 2472 338 AEGYPTII

3687 283 3794 340 420

551 404 757 470 Quodsi
780 403 1123 468 conﬁtemur,
1151 418 1262 458 non
1288 403 1591 458 naturalem
1624 416 1744 458 esse
1773 402 2046 470 operatio—

2220 402 2284 454 Εἰ
2312 397 2405 455 οὖν
2441 401 2830 472 ὁμολογοῦμεν,
2884 401 2958 472 μὴ
3000 399 3243 472 φυσικὴν
3277 393 3440 453 εἶναι
3491 397 3602 469 τὴν
3634 400 3793 471 ὲνέρο

479 513 604 551 nem
640 497 818 558 istam,
842 496 937 550 sed
978 496 1412 551 adversariarum
1427 495 2051 564 virtutum,poterimus,

477 597 699 649 accepta
750 587 1016 641 adsersus
1059 603 1154 642 eas
1202 597 1483 642 armatura
1528 586 1753 651 Christi,
1803 587 2056 642 resistere

476 694 668 733 earum
692 679 1008 749 insidiis(l),
1037 679 1275 734 donante
1321 679 1480 733 nobis
1503 686 1824 749 potestatem
1867 677 2057 733 Salva-

480 777 598 821 tore
633 767 875 821 calcandi
895 784 1058 837 supra
1082 778 1343 837 serpentes
1387 775 1434 819 et
1479 766 1771 834 scorpiones
1812 772 1860 816 et
1902 780 2059 834 super

480 873 685 910 omnem
719 858 964 910 virtutem
996 856 1293 910 adversarii
1313 856 1427 927 (2);
1455 866 1517 909 ut
1549 853 1850 908 audeamus
1875 853 2057 908 dicere

479 947 612 1002 dum
645 948 698 1001 in
723 963 885 1002 carne
916 964 1106 1002 sumus
1129 967 1142 1001 :
1169 947 1511 1018 Iniquitatem
1543 948 1587 1000 si
1605 947 1782 1017 aspexi
1803 947 1857 1000 in
1883 946 2055 1008 corde,

481 1056 586 1093 non
615 1038 857 1092 exaudiet
874 1037 1127 1091 Dominus
1152 1038 1251 1109 (5);
1277 1045 1332 1091 ct
1356 1055 1368 1090 :
1393 1035 1520 1091 Sine
1539 1038 1828 1107 iniquitate
1851 1037 2059 1089 cucurri

481 1139 530 1184 et
548 1131 713 1184 direxi
729 1130 852 1201 (4)),
869 1129 924 1183 id
941 1138 1044 1192 est,
1073 1129 1190 1182 sine
1211 1127 1407 1182 atl‘ectu
1431 1128 1666 1198 quodam
1690 1128 1890 1182 carnali
1915 1127 2057 1180 viam

482 1221 736 1276 coelestis
780 1218 1209 1274 conversationis
1247 1217 1404 1272 facile
1443 1217 1738 1289 ingredior,
1791 1218 1860 1271 ad
1905 1217 2060 1270 desti-

482 1322 670 1366 natum
719 1327 1052 1382 persequens,
1102 1311 1172 1364 ad
1227 1311 1467 1364 brevium
1521 1325 1778 1380 supernae
1827 1310 2058 1362 vocatio-

481 1404 561 1456 nis
586 1403 686 1473 (5).
715 1402 797 1455 Ab
824 1400 973 1454 omni
996 1401 1142 1455 enim
1171 1399 1369 1454 aﬂ‘ectu
1401 1398 1694 1454 abalienati
1734 1398 2060 1453 audebimus

480 1493 694 1546 dicere:
721 1507 832 1545 non
857 1491 1020 1545 modo
1038 1491 1197 1559 ﬁdem
1237 1491 1458 1553 servavi,
1507 1489 1603 1544 sed
1644 1491 1809 1544 etiam
1847 1506 2060 1543 cursum

478 1583 835 1638 consummavi
857 1582 956 1654 (6).
988 1583 1178 1652 Neque
1215 1583 1364 1636 enim
1398 1581 1620 1636 credere
1645 1582 1821 1636 solum
1843 1589 2060 1651 oportet

477 1676 715 1737 Christo,
751 1674 847 1728 sed
891 1673 1056 1728 etiam
1116 1672 1228 1742 pati
1268 1688 1392 1727 cum
1439 1687 1527 1736 eo,
1582 1671 1884 1726 secundum
1923 1669 2058 1725 illud

479 1767 626 1837 quod
655 1766 864 1820 dictum
902 1774 987 1820 est
1011 1783 1024 1818 :
1053 1764 1200 1820 Vobis
1225 1767 1362 1818 enim
1388 1763 1643 1816 donatum
1665 1771 1738 1816 est
1765 1779 1870 1816 non
1887 1761 2059 1816 solum

479 1868 538 1912 ut
560 1861 615 1912 in
641 1856 906 1912 Christum
929 1856 1175 1920 credatis,
1199 1855 1290 1909 sed
1320 1865 1378 1908 ut
1411 1855 1572 1908 etiam
1613 1870 1709 1924 pro
1746 1852 1838 1907 illo
1883 1853 2061 1923 patia-

481 1949 613 2003 mini
655 1949 754 2020 (7).
795 1947 930 2001 Nam
968 1946 1148 2000 solum
1197 1945 1420 2000 credere
1457 1944 1570 1998 Deo
1609 1958 1800 1998 eorum
1841 1952 1925 1998 est
1965 1944 2060 2014 qui

482 2049 698 2092 terrena
725 2036 963 2106 sapiunt,
999 2050 1068 2089 ne
1117 2034 1296 2089 dicam
1343 2043 1400 2088 et
1447 2033 1856 2088 immundorum
1896 2034 2060 2104 spiri—

481 2134 638 2178 tuum
677 2124 771 2194 qui
819 2123 1046 2178 dicunt:
1086 2121 1290 2178 Scimus
1339 2132 1389 2176 te
1433 2125 1522 2194 qui
1551 2124 1644 2187 sis,
1689 2123 1770 2192 ﬁli
1817 2123 1914 2178 Dei
1958 2123 2057 2196 (8).

481 2217 726 2286 Utraque
748 2215 897 2270 enim
925 2230 1054 2285 pars
1077 2214 1298 2269 inimica
1323 2224 1408 2270 est
1430 2214 1612 2270 crucis
1643 2213 1884 2281 Christi;
1928 2232 2061 2286 quo-

482 2325 603 2362 rum
623 2307 747 2376 linis
769 2307 1031 2370 interitus,
1063 2321 1287 2375 quorum
1311 2304 1452 2358 Deus
1489 2314 1665 2358 uenter
1695 2314 1769 2358 est
1806 2313 1853 2358 et
1888 2304 2060 2375 gloria

480 2399 538 2452 in
575 2396 874 2466 confusione
904 2397 1140 2466 ipsorum
1187 2395 1276 2465 qui
1325 2403 1533 2448 terrena
1574 2395 1790 2464 sapiunt
1819 2394 1917 2464 (9).
1967 2393 2061 2447 Vi-

481 2487 673 2550 desne,
727 2501 840 2540 non
884 2493 1094 2539 tantum
1146 2484 1476 2554 apostaticas
1521 2484 1758 2538 virtutes
1812 2484 2063 2538 inimicos

481 2579 660 2634 crucis
687 2594 828 2642 esse,
854 2577 950 2632 sed
980 2586 1036 2631 et
1062 2591 1158 2632 eos
1179 2578 1275 2647 qui
1297 2585 1518 2632 terrena
1540 2577 1800 2648 sapiunt?
1821 2577 1935 2631 Pati
1961 2593 2061 2632 au-

481 2681 593 2726 tem
618 2685 742 2725 cum
767 2669 988 2725 Christo
1009 2676 1065 2722 et
1092 2668 1490 2739 conglorificari
1533 2669 1708 2722 solum
1737 2684 1927 2722 eorum
1951 2677 2058 2732 est,

481 2762 578 2831 qui
602 2775 724 2815 sese
749 2759 1141 2814 cruciﬁxerunt
1188 2759 1355 2813 rebus
1398 2759 1564 2820 huius
1603 2758 1816 2821 mundi,
1855 2759 2062 2828 quique

484 2852 698 2908 Domini
729 2852 982 2922 stigmata
1015 2850 1069 2902 in
1109 2851 1335 2920 propriis
1359 2851 1659 2920 corporibus
1682 2859 1897 2921 portant
1925 2849 2059 2920 (10).

479 2943 711 3015 Oportet
731 2943 880 2997 enim
903 2957 1021 3008 eos,
1046 2941 1142 3010 qui
1167 2949 1316 2996 recte
1334 2941 1709 3010 phiIoSOphari
1740 2951 1962 3004 norunt,
1985 2949 2065 2995 at-

481 3051 590 3107 que
619 3034 830 3088 animas
857 3049 927 3087 ex
948 3031 1187 3087 malitiae
1230 3032 1662 3101 inquinamentis
1693 3031 2062 3094 redemerunt,

483 3133 739 3180 accurate
769 3123 910 3178 scire
944 3121 1324 3193 philosophiae
1356 3119 1542 3186 ﬁnem,
1568 3130 1629 3174 ut
1651 3120 1869 3191 cognito
1891 3130 1947 3175 et
1980 3122 2068 3175 iti-

484 3215 635 3270 neris
677 3214 865 3269 Iabore
907 3223 964 3268 et
1014 3228 1210 3267 cursus
1247 3211 1507 3274 termino,
1558 3226 1750 3266 omnes
1812 3211 2071 3267 deiiciant

484 3303 799 3374 superbiam
820 3313 876 3358 et
900 3301 1280 3374 gloriationem
1311 3299 1380 3354 de
1407 3299 1566 3354 bonis
1594 3300 1758 3371 206
1785 3301 2066 3371 operibus,

483 3401 648 3460 atque
672 3391 908 3444 animam
949 3405 1104 3444 suam
1137 3405 1246 3443 una
1268 3405 1394 3443 cum
1417 3389 1528 3442 vita
1556 3390 1859 3444 secundum
1906 3407 2069 3460 prae-

485 3490 707 3552 ceptum
736 3480 1057 3552 Scripturae
1083 3480 1544 3552 abnegantes(lI)
1563 3496 1730 3534 unum
1751 3481 2068 3536 intueantur

487 3574 839 3638 thesaurum,
895 3588 1060 3642 quem
1111 3570 1422 3627 dilectionis
1466 3572 1522 3626 in
1567 3572 1848 3627 Christum
1907 3588 2068 3642 prae-

483 3664 654 3721 mium
680 3664 1040 3735 diligentibus
1065 3663 1353 3734 proposuit
1377 3663 1540 3729 Deus,
1587 3678 1786 3718 vocans
1825 3663 1894 3717 ad
1939 3678 2067 3716 eum

482 3771 672 3815 omnes
705 3756 799 3828 qui
837 3764 1116 3810 certamen
1158 3753 1462 3823 accipiendi
1507 3752 1772 3826 [crucem]
1815 3753 2068 3808 lubenter

482 3851 758 3904 subeunt:
784 3846 988 3920 quibus
1008 3845 1207 3903 suilicit
1228 3844 1297 3900 ad
1319 3845 1586 3900 eiusmodi
1603 3845 1915 3900 certaminis
1938 3860 2065 3898 cur-

483 3959 604 3997 sum
625 3943 883 3997 viaticum
908 3959 1043 3998 crux
1079 3936 1306 4004 Christi,
1351 3953 1514 4008 quam
1562 3952 1688 3992 cum
1727 3936 2066 3991 iucunditate

484 4037 734 4107 bonaque
767 4052 862 4106 spe
892 4045 1172 4106 portantes
1197 4034 1350 4104 sequi
1372 4045 1595 4088 necesse
1617 4038 1703 4083 est
1727 4029 2064 4084 Salvatorcm

483 4127 677 4189 Deum,
703 4127 877 4195 legem
901 4132 955 4178 et
978 4125 1119 4178 viam
1151 4123 1293 4176 vitae
1320 4121 1584 4176 facientes
1608 4117 1754 4174 illius
1777 4117 2064 4189 dispensa-

485 4216 709 4272 tionem.
743 4217 897 4270 Sicut
927 4215 1065 4269 dixit
1104 4214 1218 4284 ipsc
1243 4213 1571 4282 Apostolus:
1617 4213 1912 4264 imitatores
1957 4209 2061 4264 mei

485 4315 664 4370 estote,
694 4306 827 4358 sicut
847 4312 894 4356 et
914 4320 1004 4373 ego
1025 4302 1218 4358 Christi
1236 4301 1376 4371 (1‘2),
1401 4309 1455 4354 et
1474 4314 1668 4353 rursus
1692 4316 1704 4350 :
1737 4315 1828 4369 per
1857 4299 2064 4368 patien-

2156 509 2310 560 γειαν
2353 493 2575 563 ταύτην,
2608 493 2721 546 ἀλλ’
2755 495 2822 547 ἐκ
2855 493 2966 546 τῶν
3009 490 3434 562 ἀντικειμένων
3473 489 3797 561 δυνάμεων,

2155 584 2520 655 δυνησόμεθα,
2569 586 2692 638 κατ’
2733 583 2912 637 αὐτῶν
2955 583 3335 646 ἀναλαϐόντες
3383 582 3496 652 τὴν
3547 583 3794 652 Χριστοῦ

2156 676 2520 741 πανοπλίαν,
2548 676 2862 745 ἀντιστῆναι
2890 675 3019 741 ταῖς
3042 674 3412 743 μεθοδείαις
3444 671 3665 735 αὐτῶν,
3695 673 3797 726 δω-

2159 766 2421 838 ρουμένου
2448 768 2580 837 ἡμῖν
2609 767 2839 837 δύναμιν
2866 765 2958 819 τοῦ
2989 766 3238 837 σωτῆρος
3276 764 3438 836 πρὸς
3469 763 3538 818 τὺ
3580 765 3794 820 πατεῖν

2157 859 2304 928 ἡμᾶς
2335 857 2534 911 ἐπάνω
2567 859 2761 928 ὄφεων
2797 858 2894 911 καὶ
2932 857 3249 926 σκορπίων
3286 856 3401 910 καὶ
3431 855 3546 909 ἐπὶ
3580 855 3795 912 πᾶσαν

2155 947 2273 1014 τὴν
2298 947 2555 1016 δύναμιν
2580 948 2673 1001 τοῦ
2702 947 3095 1018 ἀντικειμένου·
3127 946 3216 1000 ἵνα
3249 944 3588 1019 θαρρῶμεν
3613 946 3791 1016 λέγειν

2157 1039 2216 1091 ὲν
2244 1040 2407 1108 σαρκὶ
2439 1040 2608 1104 ὄντες·
2641 1039 2880 1093 ἀδικίαν
2904 1040 2959 1092 εί
2985 1037 3292 1106 ἐθεώρουν
3314 1039 3397 1092 ἐν
3427 1037 3682 1106 καρδίᾳ,
3707 1039 3792 1107 μὴ

2157 1127 2570 1180 είσακουσάτω
2599 1127 2820 1194 κύριος.
2860 1127 2976 1181 καίο
3015 1127 3163 1181 ἄνευ
3199 1127 3498 1196 ἀνομίας
3527 1126 3793 1198 ἔδραμον

2158 1217 2258 1271 καὶ
2287 1219 2641 1271 κατεύθυνα·
2673 1217 2819 1270 τοῦτ’
2850 1217 3014 1284 ἐστιν,
3048 1219 3178 1274 ἀνευ
3209 1218 3446 1282 πάθους
3471 1217 3630 1283 τινος
3663 1237 3793 1292 σαρο

2158 1308 2317 1360 κικοῦ
2348 1308 2448 1379 τὴν
2479 1310 2538 1361 ὲν
2563 1309 2812 1378 οὐρανοῖς
2838 1309 3111 1365 πολιτείαν
3139 1310 3359 1381 ῥᾳδίως
3397 1309 3608 1380 βαίνω,
3641 1311 3791 1366 κατὰ

2159 1399 2397 1452 σκοπὸν
2423 1397 2650 1453 διώκων
2661 1400 2757 1452 ἐπὶ
2779 1400 2846 1452 τό
2862 1400 3148 1468 βραϐεῖον
3168 1401 3286 1468 τῆς
3310 1400 3453 1454 ἀνω
3481 1400 3788 1470 κλήσεως.
3861 1409 3864 1412 ’

2161 1486 2363 1550 παντὸς
2410 1486 2520 1558 γὰρ
2555 1487 2759 1550 πάθους
2794 1487 3247 1559 ἀλλοτριωθέντες
3279 1489 3680 1560 τολμήσαιμεν
3706 1488 3788 1543 λέ-

2159 1595 2293 1646 γειν·
2329 1580 2390 1632 ού
2427 1580 2586 1648 μόνον
2614 1579 2728 1647 τὴν
2752 1583 2962 1634 πίστιν
2990 1581 3324 1650 τετήρηκα,
3364 1581 3522 1635 ἀλλά
3551 1582 3653 1634 καὶ
3685 1582 3787 1636 τὸν

2159 1671 2384 1740 δρόμον
2404 1670 2706 1726 τετέλεκα.
2723 1674 2782 1726 ού
2800 1673 2909 1744 γὰρ
2931 1674 3205 1727 πιστεύειν
3230 1674 3418 1746 μόνον
3439 1674 3530 1742 δεῖ
3542 1674 3781 1746 Χριστῷ,

2091 1739 2133 1796 Β
2160 1739 2298 1812 ἀλλά
2327 1759 2420 1812 καὶ
2445 1761 2788 1832 συμπάσχειν
2810 1739 2980 1833 αὐτῷ,
3009 1763 3150 1817 κατά
3174 1739 3246 1817 ei
3266 1739 3615 1835 εἰρημένονἰ
3644 1739 3782 1834 ὑμίν

2161 1852 2271 1922 γὰρ
2293 1851 2580 1920 ἐχαρίσθη
2610 1856 2682 1906 οὐ
2698 1855 2892 1921 μόνον
2919 1855 2987 1909 τὸ
3017 1860 3108 1921 εις
3128 1856 3414 1923 Χριστὸν
3444 1842 3775 1921 πιστεύειν,

2161 1943 2322 1998 ἀλλὰ
2346 1944 2443 1997 καὶ
2490 1943 2558 1996 τὸ
2597 1944 2750 2012 ὑπὲρ
2791 1945 2978 2000 αὐτοῦ
3012 1947 3306 2014 πάσχειν.
3352 1946 3423 2000 τὸ
3473 1947 3594 2018 γὰρ
3627 1948 3776 2018 μόνον

2165 2032 2442 2086 πιστεύειν
2472 2032 2580 2102 θεῷ
2601 2034 2710 2086 τῶν
2737 2034 2806 2088 τὰ
2839 2036 3058 2102 ἐπίγεια
3087 2035 3461 2106 φρονούντων
3489 2035 3670 2102 ἐστίν,
3699 2038 3775 2092 ἴνα

2166 2123 2243 2195 μὴ
2288 2124 2453 2192 λέγω,
2486 2125 2568 2178 ὅτι
2605 2124 2700 2179 καὶ
2743 2125 2852 2178 τῶν
2887 2125 3216 2196 ἀκαθάρτων
3270 2127 3630 2198 πνευμάτων
3677 2128 3771 2180 τῶν

2162 2215 2446 2284 λεγόντωνο
2473 2216 2720 2285 οιδαμέν
2738 2233 2814 2272 σε
2845 2219 2938 2286 τίς
2963 2215 3037 2284 εἷ,
3058 2219 3153 2274 vlt}
3180 2217 3298 2274 τοῦ
3331 2220 3508 2274 θεοῦ·
3543 2219 3770 2290 ἑκάτερα

2162 2310 2272 2379 γὰρ
2307 2310 2377 2362 τὰ
2412 2311 2553 2382 μέρη
2583 2311 2755 2383 ἐχθρά
2781 2312 3016 2383 ὑπάρχει
3055 2312 3152 2366 τοῦ
3189 2311 3452 2384 σταυροῦ
3479 2311 3579 2367 τοῦ
3613 2314 3769 2384 Χρισ-

2163 2400 2259 2454 τοῦ
2280 2417 2293 2430 ·
2323 2394 2412 2454 ὧν
2431 2401 2498 2454 τὸ
2515 2399 2690 2468 τέλος
2706 2401 2991 2466 ἀπώλεια,
3017 2395 3105 2457 ὧν
3128 2405 3163 2458 ό
3183 2405 3333 2470 θεὸς
3358 2405 3403 2471 ἠ
3426 2405 3656 2469 κοιλία,
3685 2402 3770 2458 καί

2163 2491 2203 2558 τ)
2231 2490 2382 2554 δόξα
2415 2491 2488 2544 ἐν
2522 2490 2597 2558 τῇ
2618 2493 2884 2560 αἰσχύνῃ
2913 2491 3131 2558 αὐτῶν,
3163 2495 3218 2546 οι
3254 2493 3338 2548 τὰ
3371 2493 3618 2564 ἐπίγεια
3644 2508 3767 2561 φρο-

2163 2580 2432 2646 νοῦντες.
2461 2582 2616 2651 ὁρᾷς,
2641 2581 2721 2633 ὅτι
2742 2582 2804 2634 ού
2842 2581 3004 2652 μόνον
3029 2583 3084 2634 ai
3105 2583 3498 2637 άποστατικαὶ
3523 2583 3763 2651 δυνάμεις

2165 2671 2350 2742 ἐχθροὶ
2377 2669 2470 2724 τοῦ
2500 2673 2734 2744 σταυροῦ
2759 2673 3139 2744 τυγχάνουσιν,
3169 2674 3315 2728 ἀλλά
3344 2677 3448 2728 καὶ
3480 2677 3532 2728 οἱ
3562 2675 3630 2728 τὰ
3659 2674 3757 2726 ἐπί-

2163 2779 2286 2831 γεια
2313 2763 2667 2834 φρονοῦντεςς
2696 2762 2756 2817 τὸ
2785 2764 2843 2818 δὲ
2877 2765 3222 2836 συμπάσχειν
3259 2766 3503 2836 Χριστῷ
3531 2767 3628 2818 καὶ
3654 2781 3754 2816 συν-

2163 2853 2484 2920 ὼξάζεσοαι
2531 2855 2690 2926 μόνον
2727 2855 2839 2910 τῶν
2886 2855 3112 2920 ἑαυτοὺς
3163 2859 3624 2929 σταυρωσάντων
3664 2853 3757 2907 τῶν

2164 2945 2258 2998 τοῦ
2294 2946 2500 3015 κόσμου
2526 2945 2716 2999 τούτου
2751 2945 2846 3000 καὶ
2875 2947 2944 3000 τὰ
2977 2945 3086 3000 τοῦ
3117 2949 3342 3014 κυρίου
3372 2949 3677 3018 στίγματα
3699 2944 3760 2997 ἐν

2169 3036 2293 3104 τοῖς
2308 3038 2548 3104 οἰκείοις
2567 3037 2804 3108 σώμασι
2817 3036 3252 3102 βασταζόντων
3276 3040 3320 3111 ¹)
3343 3039 3526 3094 ἐστίν.
3561 3039 3643 3092 δεῖ
3663 3036 3756 3106 γὰρ

2171 3129 2294 3191 τοὺς
2322 3126 2497 3198 ὀρθῶς
2528 3128 2837 3198 φιλοσοφεῖν
2865 3130 3196 3197 ἐγνωκότας,
3234 3131 3340 3184 καὶ
3364 3131 3473 3195 τὰς
3498 3129 3674 3200 ψυχὰς
3701 3128 3757 3180 ἐκ

2171 3219 2279 3272 τῶν
2309 3220 2406 3288 τῆς
2457 3219 2654 3283 κακίας
2691 3220 2985 3292 μολυσμῶν
3025 3223 3482 3294 λυτρουμένους,
3528 3219 3756 3294 ἀκριϐῶς

2171 3309 2370 3364 εἰδέναι
2389 3310 2480 3364 τὸν
2501 3313 2599 3382 τῆς
2617 3313 2936 3382 φιλοσοφίας
2959 3315 3180 3380 σκοπόν,
3205 3315 3368 3380 ὅπως
3388 3313 3755 3388 μεμαθηκότες

2168 3402 2267 3472 τῆς
2294 3419 2354 3454 τε
2387 3404 2614 3474 πορείας
2643 3405 2734 3458 τὸν
2769 3406 2954 3469 πόνον,
2989 3407 3084 3461 καὶ
3122 3407 3216 3462 τοῦ
3249 3409 3467 3480 δρόμου
3509 3409 3568 3462 τὸ
3599 3406 3754 3476 πέρας

2173 3494 2372 3564 ptem:
2405 3497 2504 3565 μὲν
2527 3497 2728 3560 πάντες
2752 3497 2852 3572 τὴν
2873 3493 3182 3562 αὐθάδειαν,
3209 3502 3314 3555 καὶ
3343 3501 3408 3554 τὸ
3429 3501 3645 3572 φρονεῖν
3672 3494 3752 3548 ἐπὶ

2169 3589 2281 3650 τοῖς
2325 3586 2743 3658 κατορθώμασι,
2788 3590 2890 3660 τήν
2931 3606 2992 3643 τε
3018 3591 3228 3644 ἑαυτῶν
3275 3592 3464 3663 ψυχὴν
3510 3590 3645 3662 μετὰ
3671 3585 3750 3640 τοῦ

2171 3675 2288 3744 βίου
2323 3678 2466 3730 κατὰ
2504 3678 2566 3730 τὸ
2608 3679 2937 3751 πρόσταγμα
2978 3681 3077 3752 τῆς
3120 3683 3350 3751 γραφῆς
3397 3679 3749 3753 ἀρνησάμενοι

2170 3767 2308 3837 πρὸς
2355 3768 2450 3821 ἕνα
2500 3768 2737 3838 βλέπωσι
2758 3772 2801 3843 ²)
2847 3771 3094 3836 πλοῦτον,
3141 3773 3200 3825 ὃν
3251 3773 3362 3844 τῆς
3414 3775 3495 3834 είς
3536 3765 3748 3841 Χριστὸν

2169 3858 2391 3930 ἀγάπης
2431 3855 2593 3914 ἆθλον
2622 3863 2737 3924 τοῖς
2775 3863 3063 3930 ἀγαπῶσιν
3102 3862 3304 3934 ἔθηκεν
3343 3866 3374 3918 ὁ
3403 3863 3546 3926 θεός,
3588 3855 3746 3913 καλῶν

2169 3953 2249 4013 εἰς
2279 3950 2442 4006 αὐτὸν
2473 3952 2681 4015 πάντας
2711 3955 2837 4016 τοὺς
2861 3954 2953 4007 τὸν
2993 3954 3182 4021 ἀγῶνα
3204 3955 3304 4008 τοῦ
3335 3955 3529 4008 λαϐεῖν
3558 3947 3740 4022 προθύ-

2170 4056 2289 4109 μως
2318 4039 2740 4111 ὑφισταμένους·
2773 4036 2853 4106 οἷς
2870 4043 3093 4114 ἐξαρκεῖ
3111 4043 3250 4115 πρὸς
3279 4047 3383 4115 τὴν
3407 4042 3504 4097 τοῦ
3525 4037 3738 4128 τοιούτοιξ

2167 4131 2390 4198 πορείαν
2412 4130 2664 4201 ἐφόδιονδ
2698 4135 2932 4205 σταυρὸς
2975 4136 3070 4189 τοῦ
3121 4136 3392 4204 Χριστοῦ,
3432 4135 3492 4189 ὃν
3523 4133 3604 4187 δεῖ
3637 4143 3721 4199 μετ

2166 4221 2509 4293 εὐφροσύνης
2539 4223 2631 4276 καὶ
2659 4225 2869 4297 ἀγαθῆς
2895 4227 3111 4290 ἐλπίδος
3135 4226 3512 4294 βαστάζοντας
3535 4219 3737 4276 ἀκολου-

2170 4313 2283 4367 θεῖν
2312 4313 2390 4384 τῷ
2423 4316 2629 4386 σωτῆρι
2665 4314 2802 4386 θεῷ,
2834 4317 2998 4388 νόμον
3049 4311 3146 4373 καὶ
3189 4319 3311 4372 ὁδὸν
3352 4317 3448 4371 τοῦ
3496 4313 3606 4386 βίον
3651 4307 3738 4376 τὴν

487 4395 619 4447 tiam
654 4402 912 4447 currimus
939 4395 1007 4446 ad
1036 4393 1360 4462 propositum
1394 4389 1536 4442 nobis
1559 4396 1844 4453 certamen,
1877 4387 2058 4458 adspi-

2171 4405 2379 4458 ἐκείνου
2409 4405 2720 4475 ποιούμενοι
2747 4387 3060 4478 οἰκονομίαν
3087 4422 3103 4438 ⁹
3127 4406 3313 4475 καθὼς
3347 4405 3502 4463 εἷπεν
3543 4401 3691 4461 αὐτὸς
3711 4397 3735 4449 ὅ

485 4483 678 4536 cientes
705 4482 761 4535 in
791 4491 1055 4534 auctorem
1083 4481 1208 4550 ﬁdei
1249 4488 1298 4533 et
1337 4486 1813 4533 consummatorem
1856 4478 2057 4543 Iesum,

487 4573 576 4642 qui
609 4573 871 4642 proposito
891 4573 989 4626 sibi
1018 4573 1210 4643 gaudio
1239 4572 1487 4625 sustinuit
1516 4587 1741 4634 crucem,
1767 4572 2069 4640 confusione

486 4671 804 4732 contempta,
834 4673 990 4734 atque
1010 4665 1063 4716 in
1090 4663 1305 4716 dextera
1331 4663 1466 4716 sedis
1501 4662 1594 4715 Dei
1613 4663 1751 4716 sedet
1770 4664 1902 4734 (15).
1931 4664 2068 4717 Nam

489 4754 844 4808 metuendum
873 4764 976 4817 est,
1005 4770 1072 4809 ne
1092 4754 1253 4808 donis
1283 4769 1312 4808 a
1343 4753 1550 4823 Spiritu
1577 4755 1815 4823 acceptis
1839 4756 1989 4819 elati,
2013 4763 2070 4809 ct

491 4854 636 4899 recte
659 4844 911 4899 faciendo
934 4843 1142 4914 aliquid
1172 4861 1272 4898 aer
1298 4846 1557 4899 virtutem
1590 4845 1934 4900 occasionem
1976 4861 2067 4900 ar-

2171 4496 2490 4558 ἀπόστολος·
2509 4500 2766 4565 μιμηταί
2781 4516 2902 4567 μου
2919 4503 3180 4570 γίνεσθε,
3204 4503 3403 4567 καθὼς
3435 4497 3592 4566 κάγὼ
3620 4494 3736 4558 XP“

2175 4585 2346 4638 στοῦ.
2380 4586 2474 4638 καὶ
2505 4587 2686 4642 πάλιν
2711 4587 2785 4641 δι’
2824 4589 3137 4659 ὑπομονῆς
3162 4595 3455 4661 τρέχωμεν
3482 4587 3584 4641 τὸν
3611 4595 3732 4648 προ·

2176 4673 2455 4740 κείμενον
2505 4673 2652 4742 ἡμῖν
2699 4673 2920 4743 ἀγῶνα,
2963 4677 3307 4745 ἀφορῶντες
3360 4679 3448 4741 εἰς
3493 4674 3594 4727 τὸν
3639 4663 3733 4729 τῆς

2180 4760 2443 4828 πίστεως
2474 4763 2742 4832 ἀρχηγὸν
2767 4765 2865 4818 καὶ
2895 4767 3215 4837 τελειωτὴν
3257 4767 3518 4836 Ἰησοῦν,
3539 4763 3602 4825 ὃς
3616 4751 3730 4811 ἀντὶ

2177 4848 2286 4919 τῆς
2316 4853 2714 4922 προκειμένης
2749 4855 2911 4921 αὐτῷ
2942 4857 3132 4926 χαρᾶς
3163 4858 3439 4931 ὑπέμεινε
3468 4845 3728 4916 σταυρόν.

1782 5001 2041 5056 VARIAE
2078 5002 2478 5064 LLLTIONES.

585 5098 626 5169 ί)
656 5097 789 5152 Cod.
814 5095 1254 5162 βασταζόντων,
1283 5097 1375 5153 sed
1402 5098 1522 5153 ead.
1555 5114 1628 5152 m.
1655 5114 1798 5153 corr.
1819 5098 2280 5162 βασταξιὶντων.
2308 5135 2378 5144 -—
2410 5108 2429 5137 '
2456 5106 2709 5172 Emend,
2739 5108 2864 5162 cod.
2899 5109 3174 5179 βλέπουσι.

2013 5193 2265 5251 NOTAE.

592 5282 645 5352 ι)
677 5283 817 5352 Eph.
855 5284 940 5346 v1,
973 5285 1058 5338 ιι.
1090 5286 1177 5338 15.

588 5353 642 5415 2)
683 5353 815 5406 Luc.
845 5353 914 5415 Χ,
947 5355 1030 5408 19.

591 5422 646 5484 5)
680 5422 878 5476 Psalm.
913 5423 1070 5484 LXV,
1109 5424 1192 5478 18.

591 5492 644 5556 4)
675 5492 876 5546 Psalm.
913 5493 1094 5556 LVIII,
1126 5495 1194 5547 5.·

594 5561 647 5624 5)
685 5561 826 5615 Phil.
857 5563 944 5624 III,
981 5564 1066 5616 M.

594 5630 649 5748 6)
680 5630 722 5682 ll
752 5631 890 5710 'I‘iul.
924 5633 1008 5694 IV,
1042 5633 1092 5685 7.

599 5698 626 5748 7
683 5700 820 5748 I’lul-
849 5702 885 5748 Ι-
921 5703 1008 5748 '29-

683 5700 820 5753 I’Itil.
847 5702 886 5764 Ι,
921 5703 1008 5754 ‘29.

2263 5291 2339 5428 (8)
2381 5293 2513 5347 Luc.
2548 5296 2636 5358 IV,
2665 5298 2752 5351 54.

2263 5363 2311 5428 (ί)
2377 5363 2518 5418 Phil.
2545 5366 2636 5428 III,
2669 5368 2752 5420 19.

2279 5363 2334 5428 ιι)
2377 5363 2518 5418 Phil.
2545 5366 2636 5430 Ill,
2669 5368 2753 5420 ις).

2286 5431 2366 5500 ιυ)
2403 5434 2484 5487 cr.
2520 5435 2637 5489 Gal.
2679 5437 2767 5499 Vl,
2796 5439 2883 5491 ιγ.

2405 5504 2570 5578 Matii.
2776 5508 2847 5561 24
2875 5525 2957 5578 sq.
2991 5510 3124 5564 Luc.
3147 5511 3237 5570 IX.
3269 5510 3355 5565 24.

2260 5573 2370 5642 (ιε)
2405 5573 2572 5627 ICnr.
2598 5576 2685 5635 ιν.
2720 5579 2802 5631 ιο.

2261 5642 2372 5712 (15)
2412 5644 2576 5697 llcbr.
2622 5646 2733 5710 XII,
2775 5648 2823 5699 1.
2853 5648 2908 5702 2.
