4016 6472
465 340 570 398 421

1944 341 2343 398 EPISTOLAE.

3616 337 3726 396 ιιι

463 455 767 524 αἰσχύνης
796 458 1288 527 καταφρονήσας,
1328 457 1398 512 ἐν
1426 457 1593 526 δεξιᾷ
1612 474 1676 512 τε
1702 459 1810 514 τοῦ
1836 461 2029 528 θρόνοι

2153 459 2413 530 ripientes
2433 456 2788 528 superbiendi
2814 465 2870 512 et
2895 455 3186 527 gloriandi,
3215 455 3531 526 priusquam
3556 454 3612 513 in
3655 455 3720 510 ﬁ-

462 549 578 603 τοῦ
606 545 742 601 θεοῦ
770 547 1052 602 acstth
1073 549 1135 617 ⁸).
1167 549 1284 613 δέος
1313 548 1442 620 γάρ,
1479 551 1555 621 μὴ
1603 554 1713 616 τοῖς
1751 554 1902 622 παρᾶ
1947 551 2043 603 τοῦ

460 638 777 708 πνεύματος
793 639 1113 710 δωρήμασιν
1129 639 1500 711 ἐπαιρόμενοι,
1517 643 1612 694 καὶ
1625 644 1686 695 τὸ
1701 641 2045 712 κατορθῶσαί

457 745 517 783 τι
539 730 608 782 δι’
633 729 830 802 ἀρετὴν
855 732 1114 803 ἀφορμὴν
1134 730 1390 795 λαϐόντες
1409 733 1486 796 είς
1507 732 1568 785 τὸ
1592 736 1812 804 φρονεῖν
1839 735 1932 787 καὶ
1959 750 2046 786 σε·

461 821 762 893 μνύνεσθαι
788 863 802 887 ,
827 823 958 892 πρὶν
996 825 1075 886 εἰς
1105 823 1257 888 τέλος
1306 823 1417 877 τῶν
1442 822 1814 894 ἐλπιζομένων
1847 825 2041 890 ἐλθεῖν,

462 914 789 983 ἐκπέσωμεν
818 914 861 983 ⁸)
911 915 1011 984 τῆς
1060 914 1258 985 ὁρμῆς,
1294 916 1511 986 ἀχρεῖον
1555 917 1769 979 ἑαυτοῖς
1813 917 1910 971 καὶ
1951 916 2043 970 τὸν

466 1005 804 1075 προλαϐόντα
831 1006 992 1059 πόνον
1035 1009 1101 1076 τῇ
1148 1006 1406 1079 αὐθαδείᾳ
1439 1009 1783 1078 ποιήσαντες,
1825 1011 1918 1062 καὶ
1947 1011 2043 1062 ἀν-

463 1098 604 1162 άξιοι
627 1099 887 1168 φανέντες
907 1100 1002 1170 τῆς
1015 1099 1368 1170 τελειότητος,
1386 1103 1466 1163 εἰς
1481 1101 1548 1170 ἢν
1571 1103 1603 1171 ἡ
1622 1101 1712 1154 τοῦ
1735 1102 2044 1173 πνεύματος

459 1191 713 1243 εἵλκυσεν
742 1191 889 1260 ἡμᾶς
916 1192 1093 1262 χάρις.
1130 1193 1214 1244 δεῖ
1238 1187 1330 1246 οὖν
1364 1193 1613 1263 μτῖδαμοῦ
1638 1195 1729 1246 τὸν
1756 1195 1850 1246 τοῦ
1879 1196 2040 1249 πόνου

455 1281 614 1333 τόνον
659 1279 893 1346 ἐκλύειν,
949 1283 1084 1353 μηδέ
1129 1283 1446 1350 ἐξίστασθαι
1494 1284 1604 1338 τῶν
1664 1285 2040 1356 προκειμένων

455 1373 710 1441 ἀγώνων,
748 1373 880 1444 μηδὲ
910 1377 1021 1437 τοῖς
1051 1375 1300 1440 κατόπιν,
1334 1375 1388 1428 εἴ
1409 1393 1462 1429 τι
1492 1376 1827 1447 πέπρακται,
1875 1395 2042 1431 σπου-

453 1464 607 1516 δαῖον
638 1464 904 1534 κατέχειν,
937 1464 1052 1517 ἀλλ’
1089 1465 1316 1519 ἐκείνων
1358 1466 1457 1535 μὲν
1505 1465 1676 1538 λήθην
1719 1467 2038 1537 λαμϐάνειν,

451 1556 553 1607 ἐπὶ
581 1554 640 1607 δέ
665 1553 781 1608 τῶν
815 1554 1157 1624 ἔμπροσθεν
1175 1555 1314 1609 κατά
1334 1557 1426 1610 τὸν
1454 1557 1752 1611 ἀπόστολον
1780 1558 2042 1612 ἐπεκτεί-

449 1649 691 1710 νεσθαι,
727 1647 820 1700 καὶ
853 1648 1158 1719 συντρίϐειν
1186 1651 1308 1711 ταῖς
1332 1647 1442 1701 τῶν
1461 1651 1643 1702 πόνων
1665 1650 1914 1721 φροντίσι
1939 1651 2039 1721 τὴν

449 1736 719 1806 καρδίαν,
763 1736 1059 1808 ἀκόρεστον
1115 1736 1339 1807 ἔχοντας
1393 1736 1493 1808 τὴν
1548 1738 1649 1807 τῆς
1690 1735 2036 1803 δικαιοσύνης

2147 569 2274 608 nem
2311 563 2497 606 rerum
2542 559 2882 622 speratarum
2925 550 3360 622 pervenerimus,
3406 549 3723 604 excidamus

2146 645 2350 707 studio,
2367 643 2623 698 inutilem
2648 643 2811 698 nobis
2835 645 2998 699 etiam
3031 651 3344 712 susceptum
3367 641 3608 696 laborem
3626 656 3721 694 su-

2144 735 2334 806 perbia
2381 734 2668 799 facientes,
2719 741 2886 803 atque
2933 732 3140 803 indigni
3182 739 3504 802 apparentes
3539 731 3722 801 perfe-

2144 824 2349 888 ctione,
2379 823 2434 878 in
2465 839 2627 893 quam
2671 823 2907 894 Spiritus
2933 823 3096 876 traxit
3122 837 3223 875 nos
3263 821 3455 892 gratia.
3495 819 3724 890 Oportet

2143 915 2311 986 igitur
2333 931 2605 986 nusquam
2629 915 2834 970 laboris
2850 915 3258 969 contentionem
3277 913 3522 979 dissolvi,
3542 925 3723 982 neque

2143 1024 2244 1063 nos
2265 1008 2550 1062 discedere
2574 1023 2602 1060 a
2635 1007 2932 1077 propositis
2971 1007 3386 1069 certaminibus,
3429 1020 3606 1074 neque
3655 1005 3724 1060 iis

2142 1115 2282 1170 quae
2307 1109 2456 1154 retro
2497 1107 2646 1164 sunt,
2696 1099 2742 1152 si
2788 1098 2921 1167 quid
2967 1106 3151 1151 actum
3205 1097 3298 1162 sit,
3342 1097 3582 1162 studere,
3624 1097 3722 1151 sed

2139 1209 2333 1247 eorum
2379 1193 2713 1247 oblivionem
2757 1206 2973 1260 capere,
3005 1190 3074 1243 ad
3135 1206 3197 1243 ea
3250 1205 3372 1243 vero
3415 1205 3551 1258 quae
3596 1199 3720 1242 sunt

2141 1287 2321 1356 priora
2350 1283 2650 1338 secundum
2675 1282 2996 1352 Apostoluln
3021 1281 3296 1334 extendere
3337 1296 3430 1332 nos
3454 1281 3591 1351 ipsos
3618 1279 3717 1350 (l),

2139 1378 2500 1446 laborumque
2536 1376 2684 1430 curis
2713 1392 2808 1430 cor
2839 1383 3146 1437 conterere,
3183 1373 3446 1427 habentes
3493 1372 3717 1427 insatia—

2141 1470 2306 1523 bilem
2348 1468 2587 1522 iustitiae
2641 1466 3018 1537 cupiditatem,
3081 1479 3244 1534 quam
3287 1463 3460 1517 solam
3503 1463 3719 1517 esurire

2139 1560 2403 1629 sitireque
2437 1558 2642 1613 debent
2681 1557 2741 1622 ii,
2794 1555 2889 1624 qui
2935 1554 3004 1609 ad
3045 1554 3435 1624 perfectionem
3497 1554 3720 1608 student

2137 1645 2470 1716 pertingere.
2501 1644 2749 1699 Humiles
2776 1658 2880 1698 nos
2903 1651 2960 1697 et
2980 1642 3364 1697 timidissimos
3390 1640 3509 1698 ﬁeri
3555 1658 3720 1712 opor-

2138 1745 2238 1802 tet,
2274 1745 2464 1807 utpote
2497 1736 2592 1806 qui
2625 1736 2816 1806 procul
2851 1735 3026 1789 simus
3057 1749 3086 1788 a
3114 1734 3403 1804 promissis
3447 1734 3718 1805 longeque

448 1827 778 1898 ἐπιθυμίαν,
816 1824 884 1899 ῆς
923 1829 1090 1899 μόνης
1129 1830 1233 1901 χρὴ
1266 1830 1456 1900 πεινῆν
1484 1829 1578 1882 καὶ
1612 1827 1771 1899 διψῇν
1800 1827 1928 1891 τοὺς
1952 1830 2029 1892 είς

2132 1827 2329 1881 remoti
2363 1841 2394 1880 a
2428 1825 2670 1896 perfecta
2708 1824 2913 1880 Christi
2956 1823 3272 1878 dilectione.
3325 1823 3462 1877 Nam
3505 1823 3573 1891 is,
3621 1824 3716 1895 qui

445 1920 515 1972 τὸ
536 1919 744 1972 τέλειον
769 1919 971 1988 φθάσαι
996 1919 1315 1990 ζητοῦντας.
1346 1920 1634 1982 ταπεινοὺς
1661 1918 1742 1971 δεῖ
1768 1919 1864 1972 καὶ
1887 1936 2037 1990 περι-

450 2010 600 2074 δεεῖς
639 2011 949 2081 γινομένους
982 2011 1058 2074 ὡς
1099 2011 1286 2082 πόρρω
1315 2028 1418 2064 που
1469 2009 1578 2062 τῶν
1611 2010 2036 2080 ἐπηγγελμένων

442 2103 823 2174 τυγχάνοντας
861 2103 958 2156 καὶ
995 2103 1094 2173 τῆς
1137 2103 1348 2166 τελείας
1393 2102 1485 2156 τοῦ
1533 2102 1772 2174 Χριστοῦ
1817 2102 2034 2173 μακρὰν

443 2196 872 2267 ἀπῳκισμένους
915 2196 1157 2265 ἀγάπης.
1182 2197 1212 2248 ὁ
1241 2197 1349 2268 γάρ
1376 2195 1593 2266 ἐκείνης
1611 2195 1769 2268 ἐρῶν,
1789 2196 2034 2267 καὶπρὸς

444 2289 548 2360 τὴν
575 2288 692 2344 ἀνω
718 2289 928 2360 βλέπων
953 2289 1286 2359 ἐπαγγελίαν
1319 2291 1388 2360 ³),
1423 2287 1546 2344 οὔτε
1574 2289 1870 2360 νηστεύων,
1910 2289 2033 2343 οὔτε

453 2382 771 2450 ἀγρυπνῶν,
801 2381 924 2434 οὗτε
955 2381 1085 2435 ἄλλο
1126 2399 1178 2434 τι
1203 2384 1311 2434 τῶν
1355 2382 1453 2451 τῆς
1484 2381 1686 2452 ἀρετῆς
1717 2381 2034 2446 σπουδάζων

458 2473 664 2528 ῑσταται
699 2477 813 2538 τοῖς
856 2473 1182 2545 προλαϐοῦσι
1225 2473 1643 2544 κατορθώμασιν
1689 2474 2026 2544 ἐπηρμένος·

455 2561 584 2615 ἀλλά
601 2563 800 2633 μεστὸς
816 2562 891 2618 ὢν
910 2563 1003 2617 τοῦ
1024 2563 1168 2618 θείου
1192 2564 1379 2630 πόθου,
1398 2565 1494 2616 καὶ
1511 2563 1646 2636 πρὸς
1657 2563 1747 2617 τὸν
1763 2564 2029 2618 καλοῦντα

449 2654 720 2719 συντόνως
748 2655 981 2726 βλέπων,
1005 2657 1114 2708 πᾶν
1145 2657 1265 2724 μὲν,
1295 2656 1324 2708 δ
1349 2671 1402 2708 τι
1422 2654 1488 2708 ἂν
1509 2653 1867 2725 ἀγωνίσηται,
1892 2655 2031 2728 πρὸς

443 2743 508 2797 τὺ
531 2748 716 2815 τυχεῖν
749 2745 957 2799 ἐκείνου
985 2745 1179 2816 μικρὸν
1207 2747 1424 2816 ἡγεῖται
1455 2747 1548 2798 καὶ
1575 2745 1685 2798 τῶν
1711 2746 1910 2800 ἄθλων.
1943 2765 2031 2816 φι-

441 2835 680 2890 λονεικεῖ
695 2837 751 2890 δὲ
777 2837 938 2909 μέχρι
962 2839 1062 2909 τῆς
1082 2837 1176 2890 τοῦ
1203 2837 1316 2908 βίου
1335 2836 1528 2890 τούτου
1547 2836 1825 2906 τελευτῆς,
1849 2838 2029 2901 πόνοις

441 2929 668 2992 πόνους,
703 2931 796 2982 καὶ
827 2929 1028 3000 ἀρετὰς
1060 2931 1283 3000 ἀρεταῖς
1307 2929 1615 2994 συνάπτων,
1652 2929 1843 3001 μέχρις
1865 2929 1931 2983 ἂν
1951 2930 2031 2982 τί-

445 3035 574 3089 μιον
602 3020 792 3074 ἐαυτὸν
821 3019 900 3091 τῷ
931 3020 1039 3091 θεῷ
1089 3022 1406 3093 καταστήσῃ
1437 3020 1526 3074 διὰ
1555 3021 1664 3073 τῶν
1697 3021 1898 3091 ἔργων,
1927 3021 2030 3074 οὐκ

441 3107 588 3179 ἔχων
626 3109 684 3161 ἐν
711 3108 788 3179 τῷ
817 3109 1078 3162 συνειδότι
1118 3108 1179 3162 τὸ
1221 3109 1463 3180 νομίζειν
1513 3110 1663 3176 ἄξιον
1701 3110 1890 3163 ἐαυτὸν
1930 3127 2028 3162 πε-

439 3201 731 3271 ποιηκέναι
760 3201 890 3271 θεῷ.
925 3200 1084 3253 τοῦτο
1126 3202 1234 3273 γάρ
1267 3203 1383 3254 ἐστι
1413 3201 1742 3273 κατόρθωμα
1772 3201 2026 3271 μέγιστον

439 3291 786 3362 φιλοσοφίας,
823 3292 886 3344 τὸ
924 3293 1096 3362 μέγαν
1119 3292 1249 3344 ὄντα
1276 3294 1387 3355 τοῖς
1425 3291 1607 3363 ἔργοις
1637 3291 2023 3346 συστέλλεσθαι

432 3388 506 3456 τῇ
544 3382 742 3454 καρδίᾳ
769 3382 863 3435 καὶ
911 3380 1341 3450 καταγινώσκειν
1385 3381 1481 3435 τοῦ
1517 3381 1667 3452 βίου,
1718 3383 1866 3436 κάτω
1920 3401 2022 3436 που

439 3476 681 3547 ῥίψαντα
709 3474 752 3542 ⁸)
781 3473 859 3544 τῷ
898 3473 1035 3545 πρὸς
1063 3473 1156 3526 τὸν
1189 3473 1309 3526 θεὸν
1335 3473 1486 3544 φόϐῳ
1516 3475 1616 3544 τὴν
1644 3475 1840 3545 οἴησιν,
1876 3476 2024 3538 ὅπως

435 3567 729 3640 ἀπολαύσῃ
775 3568 876 3638 τῆς
926 3566 1278 3635 ἐπαγγελίας,
1330 3565 1509 3630 καθὼς
1555 3568 1618 3622 ἂν
1638 3568 1682 3639 ⁵)
1729 3568 2027 3632 πιστεύσας

439 3661 660 3733 ἠράσθη
693 3660 916 3730 ταύτης,
941 3660 1002 3712 ού
1029 3657 1210 3722 καθὼς
1255 3659 1322 3712 ἂν
1342 3659 1385 3726 ⁸)
1423 3659 1656 3722 πονέσας
1705 3659 2021 3729 είργάσατω

451 3753 696 3822 μεγάλων
739 3751 846 3824 γὰρ
900 3751 1068 3804 ὄντων
1091 3750 1198 3804 τῶν
1244 3751 1464 3819 δωρεῶν
1513 3751 1613 3804 οὐκ
1659 3749 1777 3803 ἔστι
1825 3751 2022 3815 πόνους

2138 1917 2287 1972 illam
2332 1916 2592 1970 ardenter
2639 1914 2918 1970 desiderat
2965 1922 3023 1968 ct
3059 1913 3127 1966 ad
3172 1927 3466 1982 supernam
3508 1922 3718 1983 spectat

2136 2008 2578 2079 promissionem,
2632 2022 2736 2061 nec
2779 2006 3050 2069 ieiunans,
3097 2019 3200 2060 nec
3250 2004 3499 2074 vigilans,
3539 2017 3717 2076 neque

2136 2099 2230 2153 alii
2276 2099 2533 2169 cuiquam
2572 2098 2795 2152 virtutis
2832 2097 3131 2153 excercitio
3161 2113 3360 2152 vacans
3393 2104 3501 2152 stat
3541 2098 3718 2152 elatus

2135 2191 2206 2247 ad
2261 2192 2404 2246 bona
2453 2206 2639 2262 opera,
2688 2203 2828 2259 quae
2871 2188 2998 2243 talia
3046 2188 3368 2259 anticipant,
3414 2188 3509 2244 sed
3556 2190 3716 2261 207

2135 2283 2333 2353 plenus
2372 2283 2560 2338 divino
2594 2282 2889 2347 desiderio,
2945 2289 3002 2336 et
3050 2280 3118 2335 ad
3172 2289 3459 2336 vocantem
3509 2281 3716 2337 intente

2135 2385 2408 2446 spectans,
2439 2377 2524 2431 vel
2555 2391 2719 2432 omne
2746 2384 3048 2439 certamen,
3077 2375 3446 2445 quodcunque
3468 2385 3714 2431 certave-

2133 2469 2225 2534 rit,
2255 2469 2324 2524 ad
2355 2469 2491 2525 illud
2508 2470 2954 2540 consequendum
2996 2484 3224 2538 parvum
3263 2468 3533 2523 aestimat.
3581 2469 3714 2524 Eni-

2135 2561 2270 2615 titur
2293 2569 2477 2615 autem
2515 2561 2582 2615 ad
2619 2560 2783 2616 ﬁnem
2813 2576 2989 2630 usque
3024 2560 3190 2614 huius
3230 2559 3396 2626 vitae,
3430 2560 3716 2616 laboribus

2133 2653 2352 2708 labores
2379 2662 2436 2708 et
2471 2653 2702 2708 virtutes
2724 2653 3023 2708 virtutibus
3051 2653 3349 2723 iungendo,
3387 2651 3565 2707 donec
3593 2669 3710 2723 pre-

2133 2743 2332 2797 tiosum
2371 2758 2431 2797 se
2462 2743 2576 2797 Deo
2606 2749 2849 2812 praestet
2875 2750 3102 2811 propter
3131 2757 3320 2811 opera,
3349 2757 3452 2796 nec
3479 2741 3534 2796 in
3577 2758 3713 2797 con-

2132 2838 2361 2893 scientia
2400 2853 2498 2892 sua
2530 2838 2782 2903 credens,
2815 2837 3040 2908 dignum
3088 2836 3266 2908 ipsum
3305 2852 3362 2892 se
3411 2834 3712 2890 reddidisse

2130 2929 2263 2984 Deo.
2306 2929 2420 2984 Hoc
2451 2929 2598 2984 enim
2651 2937 2736 2984 est
2781 2945 2922 2999 opus
2962 2929 3261 2983 maximum
3309 2927 3710 2998 philosophiae,

2132 3038 2387 3094 magnum
2413 3021 2470 3076 in
2500 3021 2764 3092 operibus
2790 3020 3071 3075 humiliari
3099 3019 3288 3086 corde,
3317 3029 3374 3076 et
3410 3020 3710 3090 reprehen-

2132 3114 2262 3169 dere
2303 3114 2496 3178 vitam,
2539 3110 2851 3184 abjiciendo
2887 3114 3084 3169 timore
3129 3111 3227 3168 Dei
3270 3112 3611 3183 opinionem,
3650 3123 3709 3167 ut

2130 3210 2405 3280 particeps
2432 3209 2524 3264 ﬁat
2549 3209 3010 3281 repromissionis,
3042 3210 3198 3280 quasi
3243 3207 3520 3264 credendo
3570 3206 3711 3260 hanc

2132 3299 2484 3369 appetiverit,
2521 3315 2633 3354 non
2655 3301 2809 3370 quasi
2838 3299 3116 3370 operando
3153 3311 3274 3353 eam
3319 3298 3565 3352 lucratus
3612 3295 3706 3351 sit.

2129 3391 2396 3457 Quoniam
2421 3391 2570 3445 enim
2589 3407 2784 3462 magna
2822 3399 2950 3445 sunt
2975 3390 3139 3453 dona,
3165 3389 3382 3444 labores
3424 3388 3574 3459 digni
3623 3387 3707 3442 in-

2128 3482 2306 3535 veniri
2340 3497 2451 3536 non
2491 3492 2761 3551 possunt;
2799 3497 2994 3550 magna
3027 3488 3210 3534 autem
3239 3479 3346 3534 ﬁde
3372 3488 3428 3534 et
3450 3494 3546 3549 spe
3571 3494 3708 3548 opus

2127 3580 2232 3635 est,
2274 3579 2338 3625 ut
2389 3572 2494 3635 his,
2532 3586 2643 3624 non
2705 3570 3008 3635 laboribus,
3061 3576 3523 3638 compensentur:
3580 3566 3705 3623 ﬁdei

2127 3672 2312 3716 autem
2345 3661 2653 3716 substantia
2691 3669 2776 3716 est
2797 3661 3026 3731 spiritus
3049 3669 3344 3731 paupertas
3369 3670 3427 3715 ct
3455 3660 3705 3716 inﬁnitus

2125 3769 2252 3822 erga
2281 3754 2453 3806 Deum
2482 3767 2655 3806 amor.

452 3849 624 3914 ἀξίους
654 3849 855 3918 εὑρεῖν·
896 3847 1136 3918 μεγάλης
1167 3846 1224 3899 δέ
1261 3846 1341 3899 δεῖ
1385 3845 1620 3909 πίστεως
1651 3845 1745 3900 καὶ
1773 3846 2014 3913 ἐλπίδος,
2056 3848 2137 3911 είς
2157 3848 2216 3901 τὸ
2237 3849 2459 3911 ταύταις
2483 3847 2840 3919 μετρηθῆναι,
2877 3847 2952 3919 μὴ
2978 3849 3088 3912 τοῖς
3150 3847 3354 3914 πόνοις,
3417 3848 3518 3921 τὴν
3543 3850 3695 3922 ἀμοι-

449 3941 568 4011 ϐήνο
596 3943 830 4002 πίστεως
874 3940 931 3992 δὲ
973 3939 1272 4000 ὑπόστασις
1299 3936 1609 4008 πνεύματος
1642 3937 1885 4007 πτωχεία
1915 3938 2010 3990 καὶ
2047 3940 2080 4010 ἡ
2107 3940 2244 4011 πρὸς
2271 3939 2392 3993 θεὸν
2420 3941 2656 4011 ἄμετρος
2685 3939 2899 4008 ἀγάπη.

512 4034 595 4089 Τά
626 4037 722 4106 μὲν
745 4036 808 4106 δὴ
842 4036 984 4090 κατά
1014 4036 1112 4108 τὴν
1143 4037 1331 4091 ἐλπίδα
1355 4034 1451 4088 τοῦ
1479 4033 1685 4086 σκοποῦ
1725 4035 1838 4096 τοῖς
1867 4032 2018 4102 φιλο-

439 4126 624 4192 σόφως
671 4125 770 4196 ζῇν
800 4127 1096 4198 ᾑρημένοις
1133 4127 1332 4191 ἱκανῶς
1387 4123 1639 4196 εἰρῆσθαι
1683 4124 1908 4194 νομίζω.
1937 4123 2020 4176 δεῖ

433 4215 495 4268 δέ
517 4215 706 4267 λοιπὸν
734 4216 1044 4284 προσθεῖναι
1085 4218 1197 4278 τοῖς
1227 4216 1557 4286 εἰρημένοις,
1593 4215 1742 4276 ὅπως
1773 4215 1872 4285 μὲν
1910 4212 2018 4285 χρὴ

2193 4035 2262 4089 Et
2304 4034 2439 4088 haec
2484 4033 2729 4103 quidem,
2761 4051 2903 4105 quae
2943 4036 3013 4091 ad
3065 4052 3217 4107 spem
3257 4039 3542 4108 pertinent
3579 4038 3702 4096 ﬁnis

2122 4125 2209 4188 iis,
2249 4125 2342 4195 qui
2379 4125 2756 4195 philosophice
2799 4129 2984 4183 vivere
3029 4130 3335 4199 elegerunt,
3378 4131 3510 4187 satis
3555 4129 3700 4187 dicta

2120 4230 2241 4270 esse
2267 4231 2483 4271 censeo.
2511 4215 2742 4286 Oportet
2770 4219 2936 4289 igitur
2960 4230 3145 4276 cetera
3172 4237 3274 4276 nos
3302 4221 3528 4285 addere,
3565 4239 3698 4293 quo-

437 4305 681 4356 συνεῖναι
704 4306 816 4366 τοῖς
839 4303 1101 4366 τοιούτοις
1143 4303 1392 4374 ἀλλήλοις
1410 4345 1424 4368 ,
1455 4304 1675 4366 ὁποίους
1707 4303 1767 4356 δὲ
1794 4305 2016 4374 ἀγαπᾷν

2132 4307 2287 4362 modo
2312 4308 2447 4362 tales
2479 4309 2618 4363 alius
2648 4309 2739 4364 alii
2781 4311 2973 4366 adesse
3010 4312 3266 4378 debeant,
3289 4315 3479 4382 quales
3515 4330 3699 4371 amare

435 4393 663 4456 πόνους,
690 4392 836 4456 ὅπως
867 4395 945 4446 δεῖ
962 4393 1004 4462 ⁷)
1042 4393 1256 4464 τρέχειν
1290 4395 1406 4465 μετ’
1433 4393 1700 4463 ἀλλήλων,
1722 4392 1826 4456 ἓως
1843 4391 1908 4446 ἂν
1921 4393 2015 4447 ἐπὶ

2132 4399 2359 4462 labores,
2395 4400 2672 4467 quomodo
2703 4411 2954 4471 oporteat
2981 4419 3078 4458 eos
3112 4420 3221 4458 una
3247 4420 3492 4472 currere,
3523 4406 3698 4462 donec

431 4483 542 4552 τὴν
576 4482 687 4535 ἀνω
719 4482 871 4534 πόλιν
899 4482 1224 4550 ἀφίκωνται.

508 4574 607 4626 Δεῖ
630 4573 805 4626 τοίνυν
830 4574 920 4626 τὸν
944 4575 1010 4626 τὰ
1050 4573 1144 4626 τοῦ
1187 4573 1299 4643 βίου
1330 4574 1519 4627 τούτου
1554 4573 1728 4644 σεμνὰ
1757 4573 2015 4645 καθαρῶς

432 4661 795 4730 ἀτιμάζοντα,
830 4665 922 4715 καὶ
944 4663 1274 4734 ἀρνούμενον
1305 4664 1405 4734 μὲν
1436 4665 1563 4726 τοὺς
1591 4666 1890 4732 συγγενεῖς,
1909 4665 2011 4733 ἀρ·-

431 4753 534 4806 voti
543 4770 700 4823 μενον
722 4754 778 4807 δὲ
801 4758 976 4808 πᾶσαν
998 4757 1096 4827 τὴν
1112 4757 1264 4810 κάτω
1283 4756 1464 4820 δόξαν,
1490 4757 1585 4810 καὶ
1603 4757 1817 4827 ὁρῶντα
1827 4755 2008 4831 [rt-ﬂ“)

429 4846 538 4914 τῆς
574 4847 828 4914 οὐρανίας
873 4848 1058 4917 τιμῆς,
1114 4849 1208 4900 καὶ
1253 4851 1369 4911 τοῖς
1405 4847 1547 4901 κατά
1597 4847 1719 4901 θεὸν
1762 4848 2013 4917 ἀδελφοῖς

432 4938 823 5002 πνευματικῶς
876 4939 1296 5010 συναπτόμενον,
1341 4940 1684 5011 ἀρνήσασθαι
1735 4939 1874 5011 μετά
1915 4941 2011 4994 τοῦ

437 5028 556 5097 βίου
601 5029 697 5080 καὶ
748 5031 848 5099 τὴν
878 5031 1071 5083 ἐαυτοῦ
1113 5031 1315 5102 ψυχήν.
1365 5032 1592 5103 ἄρνησις
1634 5033 1690 5084 δὲ
1733 5032 1918 5102 ψυχῆς
1950 5033 2013 5086 τὺ

440 5119 691 5192 μηδαμοῦ
714 5121 894 5192 ζητεῖν
917 5123 977 5175 τὸ
998 5123 1190 5176 ἑαυτοῦ
1214 5123 1446 5194 θέλημα,
1463 5123 1786 5193 θεραπεύειν
1812 5124 2012 5194 μᾶλλον

437 5212 490 5264 δὲ
523 5213 718 5268 ἐαυτοῦ
752 5213 980 5284 θέλημα,
1010 5217 1182 5268 ποιεῖν
1207 5215 1299 5267 τὸν
1333 5216 1615 5284 ἐφεστῶτα
1644 5213 1735 5266 τοῦ
1766 5213 1889 5266 θεοῦ
1919 5214 2008 5268 λό-

2120 4490 2188 4542 ad
2220 4505 2513 4559 supernam
2539 4490 2815 4546 civitatem
2845 4495 3186 4562 perveniant.

2190 4579 2418 4648 Oportet
2461 4594 2594 4650 ergo
2629 4595 2777 4644 eum,
2816 4582 2912 4650 qui
2959 4583 3123 4654 hujus
3161 4585 3306 4641 vitae
3347 4588 3695 4656 splendorem

2119 4687 2256 4741 pure
2293 4679 2629 4736 contemnat,
2665 4678 2721 4727 et
2758 4673 2992 4745 abneget
3028 4688 3306 4747 cognatos,
3354 4680 3695 4750 abnegetq’ue

2117 4763 2281 4818 etiam
2315 4778 2532 4818 omnem
2575 4773 2845 4819 terrenam
2879 4766 3129 4836 gloriam,
3169 4779 3225 4823 et
3262 4769 3541 4824 intueatur
3573 4786 3693 4825 coc-

2111 4853 2305 4907 lestem
2353 4853 2653 4918 honorem,
2701 4854 2966 4911 fratribus
3011 4858 3315 4912 secundum
3355 4859 3527 4913 Deum
3579 4860 3693 4916 suis

2110 4945 2470 5014 spiritualiter
2513 4937 2871 5013 Coniunctus,
2917 4949 3191 5020 abnegare
3251 4966 3360 5004 una
3407 4967 3534 5005 cum
3581 4951 3691 5006 vita

2109 5036 2275 5089 etiam
2307 5037 2544 5090 animam
2578 5051 2753 5092 suam.
2787 5038 3094 5110 Abnegatio
3136 5049 3320 5095 autem
3357 5043 3574 5097 animae
3607 5051 3689 5097 est

2109 5141 2392 5196 nunquam
2433 5143 2698 5196 quaerere
2728 5144 2884 5184 suam
2926 5132 3284 5196 voluntatem,
3323 5133 3492 5189 immo
3536 5135 3689 5189 subi-

2110 5233 2237 5286 gere
2285 5218 2563 5288 propriam
2607 5222 2966 5287 voluntatem,
3029 5223 3210 5278 facere
3266 5225 3477 5282 instans
3529 5226 3688 5281 nobis

1703 5331 1958 5387 VARIAE
1993 5332 2395 5390 LECTIONES.

497 5422 538 5511 ξ)
565 5420 700 5475 Cod.
733 5420 1027 5511 κεκξιρηκε.
1069 5421 1214 5501 -·²)
1250 5419 1500 5511 Emend,
1538 5419 1661 5511 cod...
1689 5421 2012 5511 Ξκπέσομεν.
2072 5424 2202 5511 ντ³ὶ
2237 5423 2650 5511 Ειηοηξξᾞροᾶ.
2686 5425 3071 5511 ἐπαχγελείριν.
3121 5429 3686 5511 :‘)Ementl:._cod.

419 5492 710 5594 ἔρεψαντας.
740 5519 814 5571 -ς
843 5490 887 5558 ⁵)
928 5489 1006 5544 Ex
1034 5489 1202 5552 coni.,
1239 5493 1362 5571 cod.
1397 5491 1474 5542 ὃν.
1508 5521 1578 5528 -—-
1610 5490 1652 5571 ξ)
1690 5489 1766 5543 Ex
1804 5489 1978 5557 coni.,
2012 5494 2136 5547 cod.
2178 5489 2258 5548 ὃν.
2291 5525 2360 5534 ——
2405 5495 2447 5562 ⁷)
2483 5497 2573 5552 Sic
2602 5497 2752 5564 cod.,
2785 5489 2930 5554 forte
2982 5499 3089 5570 leg.
3131 5489 3248 5569 as,’
3273 5503 3356 5556 vel
3379 5518 3442 5555 τε
3467 5502 3577 5557 δεῖ.
3621 5532 3686 5543 --

444 5563 646 5632 )Coui_.
684 5561 943 5617 addimus
973 5561 1062 5625 τά,
1091 5561 1236 5630 quod
1275 5577 1329 5615 Ill
1364 5560 1485 5616 cod.
1519 5560 1880 5616 dcsrderatur.

490 5563 646 5634 Coni.
684 5561 943 5617 addimus
973 5561 1062 5625 τά,
1091 5561 1236 5630 quod
1275 5561 1329 5615 in
1364 5560 1485 5616 cod.
1519 5560 1880 5616 desideratur.

1943 5674 2190 5731 NOTAE.

469 5768 555 5844 (ι)
591 5767 742 5825 Phil.
781 5764 874 5828 Ill,
910 5762 996 5816 ιδ.
