4016 6434
489 310 593 364 423

1764 308 1819 363 S.
1864 306 2144 362 MACARII
2189 298 2511 363 AEGYPTII

3648 310 3744 365 42$

488 426 718 479 verbum
745 424 863 490 Dei,
886 439 1061 497 eoque
1094 426 1175 480 uti
1217 435 1477 495 tanquam
1508 425 1655 480 bono
1682 426 2069 496 gubernatore,

2175 441 2291 492 γον,
2315 427 2410 478 καὶ
2428 426 2604 496 τούτῳ
2620 422 2919 495 κεχρῆσθαι
2942 423 3196 494 καθάπερ
3215 422 3410 493 ἀγαθῷ
3430 424 3745 498 κυϐερνήτῃ,

488 516 967 587 congregationem
1005 517 1235 571 fratrum
1274 533 1397 571 cum
1431 516 1726 571 concordia
1759 516 1828 571 ad
1859 525 2077 586 portum

486 608 787 661 voluntatis
814 608 909 662 Dei
944 608 1239 678 dirigente.
1271 607 1558 662 Possidere
1587 614 1770 661 autem
1806 606 1946 659 nihil
1985 606 2081 660 de-

488 700 586 753 bes
619 699 708 752 vel
748 698 1033 753 nominare
1082 699 1364 768 proprium
1410 708 1565 753 extra
1624 698 1700 762 id,
1738 698 1885 767 quod
1931 713 2080 752 com-

489 804 653 843 mune
691 798 795 853 est,
822 799 1208 860 praeterquam
1233 792 1458 860 pallium
1489 805 1600 860 quo
1622 806 1823 860 corpus
1855 792 2073 861 tegitur.

486 881 703 935 Etenim
737 882 781 935 si
816 881 956 935 nihil
994 896 1188 935 eorum
1232 881 1418 944 habet,
1450 880 1546 935 sed
1587 888 1789 934 exutus
1823 891 1910 935 est
1952 896 2079 950 pro—

484 972 639 1040 priae
681 972 829 1026 vitae
871 986 1023 1035 cura,
1068 971 1378 1025 communis
1415 970 1522 1025 erit
1569 971 1736 1040 208
1776 971 2077 1025 necessitu-

486 1062 631 1116 dinis
668 1062 956 1127 minister,
990 1072 1045 1117 et
1083 1062 1527 1133 praepositorum
1572 1061 1783 1116 iussum
1823 1076 1947 1116 cum
1980 1076 2077 1115 vo-

486 1154 699 1223 luptate
738 1162 794 1208 et
839 1167 935 1224 Spe
975 1163 1231 1223 prompte
1272 1152 1541 1222 perﬁciet,
1573 1162 1831 1221 tanquam
1868 1152 2075 1221 probus

486 1261 553 1300 ac
588 1246 819 1315 simplex
859 1261 1049 1300 servus
1088 1246 1317 1309 Christi,
1353 1246 1421 1300 ad
1454 1260 1801 1300 communem
1841 1244 2072 1298 fratrum

487 1335 953 1391 necessitudinem
978 1335 1318 1405 redemptus.
1349 1335 1464 1389 Hoc
1490 1334 1639 1389 enim
1666 1334 1931 1388 Dominus
1956 1335 2075 1389 vult

486 1437 782 1496 monetque
818 1427 1009 1481 dicens
1047 1444 1059 1480 :
1095 1426 1200 1492 Qui
1225 1427 1338 1481 vult
1375 1427 1514 1480 inter
1544 1442 1632 1480 vos
1662 1426 1864 1495 primus
1892 1440 1999 1477 esse
2022 1435 2073 1478 et

487 1534 733 1589 magnus,
758 1526 866 1571 esto
896 1518 1131 1571 omnium
1158 1517 1469 1570 novissimus
1493 1525 1543 1569 et
1567 1518 1802 1569 omnium
1834 1517 2073 1569 minister

484 1619 534 1662 ct
554 1612 791 1664 omnium
812 1626 992 1664 servus
1017 1610 1114 1681 (l).
1149 1608 1377 1679 Oportet
1402 1610 1568 1680 igitur
1604 1609 1928 1665 servitutem
1975 1624 2070 1663 co-

484 1712 601 1755 ram
654 1701 975 1755 hominibus
1026 1700 1424 1755 infructuosam
1467 1715 1619 1762 esse,
1663 1716 1843 1769 neque
1896 1700 2070 1754 ullum

2184 510 2244 563 τὸ
2276 511 2452 565 κοινὸν
2495 513 2593 582 τῆς
2627 513 2986 583 ἀδελφότητος
3030 513 3304 582 πλήρωμα
3354 514 3474 582 μεθ’
3512 516 3748 583 ὁμονοίας

2183 600 2276 653 ἐπὶ
2320 602 2411 656 τὸν
2440 602 2634 673 λιμένα
2661 603 2754 656 τοῦ
2798 604 3105 676 θελήματος
3146 601 3241 655 τοῦ
3295 602 3425 655 θεοῦ
3465 604 3746 661 εὑθύνοντι.

2182 692 2481 763 κεκτῆσθαι
2506 695 2563 748 δὲ
2593 695 2744 748 οὐδὲν
2770 696 2873 767 χρὴ
2909 696 3004 766 ἢί)
3032 697 3322 766 ὀνομάζειν
3360 696 3493 750 ἴδιον
3530 698 3671 769 παρά
3697 701 3751 754 τὸ

2181 784 2380 845 κοινόν,
2431 783 2570 855 πλὴν
2610 784 2703 837 τοῦ
2729 785 2791 837 τὸ
2835 785 2993 856 σῶμα
3033 786 3406 850 καλύπτοντος
3439 786 3670 855 ἱματίου.
3707 793 3748 843 εί

2178 876 2289 947 γὰρ
2319 877 2485 947 μηδὲν
2511 878 2623 947 ἔχει
2665 878 2891 940 τούτων,
2927 878 3061 932 ἀλλά
3090 876 3292 947 γυμνὸς
3328 878 3415 946 εἴη
3443 880 3487 948 ’}
3517 878 3613 949 τῆς
3642 880 3750 931 καθ’

2180 968 2369 1021 ἑαυτὸν
2396 968 2490 1021 τοῦ
2522 968 2635 1038 βίου
2678 970 2975 1039 φροντίδος,
3012 970 3113 1038 τῆς
3154 970 3345 1039 κοινῆς
3392 971 3546 1023 ἔσται
3576 973 3751 1040 χρείας

2178 1060 2537 1131 θεραπευτής,
2572 1062 2666 1113 καὶ
2699 1062 2759 1114 τὸ
2788 1064 2938 1130 παρά
2958 1061 3063 1114 τῶν
3088 1062 3451 1133 προεστώτων
3483 1063 3751 1115 ἐπιτασσό-

2181 1169 2339 1222 μενον
2368 1152 2486 1222 μεθ⁹
2511 1152 2704 1223 ἡδονῆς
2742 1155 2837 1207 καὶ
2869 1155 3083 1218 ἐλπίδος
3134 1152 3438 1223 προθύμως
3481 1153 3747 1217 ἐπιτελῶν,

2176 1244 2427 1314 καθάπερ
2455 1243 2639 1308 εὔνους
2667 1248 2759 1299 καὶ
2786 1246 2990 1310 ἁπλοῦς
3010 1245 3194 1309 δοῦλος
3222 1245 3323 1298 τοῦ
3346 1245 3605 1315 Χριστοῦ,
3627 1246 3749 1317 πρὸς

2174 1340 2273 1407 τὴν
2302 1339 2487 1409 κοινὴν
2518 1339 2628 1391 τῶν
2660 1339 2906 1408 ἀδελφῶν
2944 1339 3133 1410 χρείαν
3163 1338 3567 1410 ἠγορασμένος.
3604 1337 3749 1389 τοῦτο

2174 1428 2283 1499 γὰρ
2313 1431 2340 1481 ὁ
2361 1428 2546 1500 κύριος
2579 1429 2825 1499 βούλεται
2859 1431 2953 1484 καὶ
2977 1432 3236 1502 παραινεῖ
3270 1429 3474 1497 λέγων·
3509 1432 3542 1482 ό
3573 1428 3750 1481 θέλων

2172 1519 2243 1571 ἐν
2274 1520 2417 1588 ὑμῖν
2456 1515 2608 1573 εἶναι
2658 1518 2889 1587 πρῶτος
2934 1518 3031 1572 καί
3056 1521 3266 1589 μέγας,
3317 1520 3480 1572 ἔστω
3526 1516 3748 1570 πάντων

2172 1610 2456 1679 ἔσχατος,
2495 1611 2593 1664 καί
2635 1611 2878 1664 πάντων
2906 1610 3213 1676 διάκονος,
3242 1610 3341 1663 καὶ
3366 1608 3606 1662 πάντων
3622 1607 3747 1662 δοῦ-

2172 1706 2306 1766 λος.
2357 1704 2464 1774 χρὴ
2512 1699 2605 1757 οῦν
2654 1704 2753 1774 τὴν
2798 1702 3044 1755 δουλείαν
3086 1701 3239 1772 παρά
3290 1704 3406 1763 τοῖς
3460 1698 3747 1770 ἀνθρώποις

483 1794 748 1849 servienti
793 1793 992 1848 afferre
1032 1793 1300 1847 honorem
1349 1793 1437 1847 vel
1479 1792 1730 1862 gloriam,
1770 1807 1839 1846 ne
1878 1802 2069 1847 contra

2175 1796 2420 1867 ἄκαρπον
2444 1790 2583 1850 εἶναι
2602 1836 2615 1858 ,
2642 1796 2735 1849 καί⁵
2766 1795 3036 1866 μηδεμίαν
3060 1794 3335 1863 φέρουσαν
3359 1792 3437 1863 τῷ
3465 1791 3745 1844 δουλεύοντι

485 1885 825 1955 Seripturam
857 1884 1013 1955 quasi
1062 1885 1352 1938 hominibus
1391 1884 1607 1954 placens
1653 1883 1931 1947 videatur,
1971 1899 2066 1953 ap-

482 1990 742 2047 pareatve
780 1978 849 2031 ad
879 1976 1087 2031 oculum
1108 1979 1335 2031 serviens
1372 1976 1472 2049 (2),
1509 1990 1688 2045 neque
1729 1976 2065 2040 hominibus,

484 2068 582 2124 sed
618 2082 680 2123 ut
722 2070 825 2139 ipsi
870 2069 1105 2123 Domino
1147 2070 1412 2133 serviens,
1449 2078 1766 2137 arctamque
1803 2069 1948 2121 viam
1989 2067 2072 2121 in-

480 2160 703 2214 sistens.
764 2159 865 2216 Uni
916 2159 1063 2214 illius
1110 2160 1237 2229 iugo
1279 2168 1529 2229 prompte
1578 2159 1782 2212 collum
1833 2156 2069 2213 submit—

484 2258 626 2314 tens,
659 2250 825 2320 idque
867 2261 1093 2321 portans
1142 2251 1510 2313 continenter,
1544 2250 1599 2304 in
1635 2252 1915 2319 voluptate
1957 2249 2070 2303 fer-

484 2352 576 2397 tur
604 2342 671 2397 ad
708 2342 871 2396 ﬁnem
901 2356 1027 2397 cum
1065 2343 1210 2397 bona
1242 2357 1357 2412 spe.
1387 2342 1562 2397 Debet
1593 2341 1762 2412 igitur
1791 2342 2073 2397 subiectus

481 2450 603 2489 esse
647 2435 925 2499 omnibus,
961 2445 1017 2490 et
1054 2445 1313 2505 tanquam
1350 2436 1527 2489 mutui
1565 2434 1676 2489 dati
1717 2434 1935 2489 debitor
1965 2435 2071 2488 mi-

481 2527 717 2581 nistrare
748 2526 1034 2591 fratribus,
1068 2527 1316 2581 omnium
1348 2527 1499 2580 curis
1536 2526 1593 2579 in
1633 2526 1815 2580 anima
1848 2541 1945 2580 sua
1985 2539 2073 2580 re-

482 2618 708 2687 positis,
772 2618 1120 2687 reddensque
1173 2616 1412 2671 debitam
1473 2617 1781 2671 caritatem.
1845 2616 2075 2687 Oportet

482 2719 665 2765 autem
726 2710 893 2763 etiam
948 2710 1290 2780 praepositos
1343 2709 1643 2779 spiritualis
1701 2709 1855 2763 chori
1907 2724 2072 2763 curae

479 2801 585 2856 sibi
624 2801 993 2856 incumbentis
1026 2799 1459 2871 magnitudinem
1490 2800 1789 2865 intuentes,
1818 2810 2072 2868 artesque

481 2891 795 2946 insidiantis
835 2891 960 2945 ﬁdei
1002 2891 1239 2945 malitiae
1264 2890 1634 2953 attendentes,
1674 2890 1836 2959 digne
1860 2890 2071 2959 praesi-

480 2982 575 3037 dio
621 2994 722 3035 suo
761 2991 996 3045 certare,
1032 2997 1134 3036 nec
1171 2982 1243 3035 ob
1277 2988 1603 3051 potestatem
1644 2994 1924 3035 assumere
1963 2980 2073 3049 Spl-

481 3074 671 3126 ritum.
699 3072 815 3125 Hoc
838 3071 987 3126 enim
1016 3070 1139 3123 loco
1164 3078 1251 3124 est
1279 3070 1608 3139 periculum.
1643 3069 1711 3122 Et
1744 3078 1873 3123 sunt
1908 3084 2067 3137 quos,

2172 1888 2339 1959 τιμὴν
2385 1888 2517 1959 μηδὲ
2565 1886 2742 1953 δόξαν,
2777 1889 2925 1950 ὃπως
2970 1888 3047 1957 μὴ
3086 1887 3239 1957 παρὰ
3285 1886 3349 1939 τὸ
3379 1884 3744 1956 γεγραμμένον

2173 1979 2676 2048 ἀνθρωπάρεσκος
2724 1979 3003 2048 φαίνοιτο,
3062 1978 3419 2048 σχηματίζων
3467 1977 3652 2030 ἑαυτὸν
3697 1979 3744 2027 ἐν

2170 2070 2694 2140 ὀφθαλμοδουλείςι
2728 2071 2794 2140 ³),
2832 2070 2967 2141 μηδὲ
2998 2068 3328 2141 ἀνθρώποις,
3374 2069 3490 2122 ἀλλ’
3517 2069 3592 2131 ὡς
3615 2066 3741 2136 αὐτῷ

2168 2160 2246 2231 τῷ
2280 2162 2454 2232 κυρίῳ
2495 2160 2783 2225 δουλεύων,
2824 2161 2919 2213 καὶ
2969 2160 3067 2230 τὴν
3109 2160 3487 2230 τεθλιμμένην
3533 2158 3740 2228 βαδίζων

2169 2254 2311 2307 ὀδόν.
2353 2254 2434 2307 ἑνὶ
2457 2253 2501 2317 ⁸)
2533 2252 2610 2322 τῷ
2638 2252 2844 2306 ἐκείνου
2886 2252 3036 2322 ζυγῷ
3067 2251 3369 2322 προθύμως
3420 2250 3635 2312 ὑποθεὶς
3664 2249 3739 2300 τὸν

2171 2348 2393 2417 αὐχένα,
2434 2349 2527 2400 καὶ
2559 2344 2843 2415 βαστάζων
2870 2345 2958 2399 διά
2995 2345 3203 2407 τέλους,
3246 2346 3304 2396 ὲν
3342 2343 3505 2412 ἡδονῇ
3539 2343 3737 2411 φέρεται

2174 2441 2311 2512 πρὸς
2332 2440 2392 2492 τὸ
2419 2439 2571 2501 τέλος
2605 2438 2745 2509 μετά
2773 2437 2992 2507 ἀγαθῆς
3032 2437 3269 2499 ἐλπίδος.
3316 2437 3401 2488 δεῖ
3434 2431 3525 2488 οὖν
3560 2436 3730 2487 ὑποτε-

2171 2532 2367 2602 τάχθαι
2410 2533 2562 2594 πᾶσι,
2611 2532 2706 2583 καὶ
2752 2530 3008 2598 καθάπερ
3038 2529 3253 2581 δανείου
3286 2528 3571 2598 χρεώστην
3608 2525 3737 2593 θερα·

2174 2622 2361 2676 πεύειν
2399 2623 2525 2683 τοὺς
2565 2620 2871 2688 ἀδελφοὺς,
2903 2620 3001 2682 τὰς
3034 2620 3172 2689 ὑπὲρ
3214 2619 3438 2672 πάντων
3479 2615 3735 2688 φροντίδας

2174 2713 2570 2782 ὲναποθέμενον
2603 2715 2669 2782 τῇ
2703 2711 2876 2781 ψυχῇ,
2908 2712 3001 2763 καὶ
3028 2710 3458 2781 ἀποπληροῦντα
3488 2708 3582 2777 τὴν
3608 2708 3730 2772 ὀφει-

2173 2806 2405 2874 λομένην
2445 2805 2690 2872 ἀγάπην.
2730 2805 2838 2873 χρὴ
2879 2803 2934 2855 δὲ
2967 2803 3060 2854 καὶ
3106 2803 3230 2864 τοὺς
3279 2799 3625 2871 προεστῶτας
3658 2795 3731 2847 τοῦ

2174 2897 2546 2967 πνευματικοῦ
2576 2895 2738 2967 χοροῦ
2765 2897 2822 2947 τὸ
2849 2895 3077 2966 μέγεθος
3104 2897 3202 2964 τῆς
3222 2894 3407 2947 αὐτῶν
3430 2889 3733 2946 σκοποῦντας

2175 2990 2453 3060 φροντίδος
2482 2990 2525 3057 ⁵)
2560 2990 2652 3041 καὶ
2677 2989 2775 3057 τῆς
2805 2986 3200 3056 ὲφεδρευούσης
3221 2986 3325 3057 τὴν
3353 2986 3535 3037 πίστιν
3567 2979 3735 3039 κακίας

2174 3082 2555 3149 λογιζομένους
2582 3080 2681 3142 τὰς
2707 3081 2922 3150 τέχνας,
2954 3078 3123 3143 ἀξίως
3142 3078 3242 3147 τῆς
3267 3075 3586 3136 ἐπιστασίας
3613 3072 3735 3138 ἀγω-

480 3177 609 3217 cum
643 3162 844 3216 ceteris
892 3162 998 3214 iam
1036 3176 1094 3215 se
1139 3169 1421 3230 praestare
1449 3169 1729 3231 putarent,
1764 3174 1967 3227 eosque
2003 3158 2070 3211 ad

2175 3174 2437 3237 νίζεσθαι,
2465 3174 2537 3244 μὴ
2560 3174 2695 3244 πρὸς
2714 3174 2813 3243 τὴν
2838 3172 3087 3237 ἐξουσίαν
3104 3171 3469 3241 ἀναιροῦντας
3489 3168 3732 3237 φρόνημα.

480 3262 767 3307 aeternam
802 3252 1006 3306 ducere
1044 3252 1235 3315 vitam,
1266 3251 1512 3314 latuerit,
1544 3251 1802 3320 superbia
1836 3267 1893 3305 se
1926 3250 2073 3319 ipsos

482 3345 734 3399 interire.
788 3345 1001 3399 Debent
1051 3344 1215 3414 igitur
1264 3343 1321 3396 in
1375 3342 1651 3412 praesidio
1700 3343 1823 3412 plus
1873 3343 2074 3397 ceteris

481 3435 777 3505 praepositi
814 3434 1085 3498 laborare,
1116 3432 1380 3487 humilius
1410 3441 1593 3486 autem
1636 3431 1899 3486 subiectis
1927 3430 2074 3501 cogi—

481 3535 620 3590 tare,
656 3534 820 3595 atque
858 3536 1044 3596 typum
1080 3525 1365 3579 servitutis
1395 3524 1565 3578 vitam
1610 3539 1765 3578 suam
1804 3523 2072 3593 praebere

479 3617 766 3684 fratribus,
801 3628 965 3689 atque
999 3619 1313 3690 depositum
1348 3618 1445 3672 Dei
1480 3617 1796 3672 existimare
1829 3632 1947 3677 eos,
1976 3615 2071 3685 qui

482 3711 589 3765 sibi
621 3713 922 3768 concrediti
960 3722 1107 3768 sunt.
1144 3712 1362 3767 Etenim
1390 3712 1435 3765 si
1465 3711 1540 3765 ita
1568 3726 1627 3765 se
1660 3710 1883 3772 habent,
1910 3724 2070 3763 exer-

482 3813 672 3859 centes
725 3805 890 3860 simul
943 3815 1194 3861 sanctum
1234 3804 1545 3859 ministerio
1584 3819 1685 3858 suo
1728 3802 1981 3865 chorum,
2017 3810 2074 3855 et

483 3896 792 3950 doctrinam
828 3898 1127 3952 secundum
1162 3898 1430 3965 cuiusque
1465 3894 1849 3950 necessitatem
1892 3894 2069 3963 palam

483 3999 873 4059 proponentcs,
910 3989 978 4043 ad
1021 3988 1343 4043 salvandnm
1393 3988 1593 4057 cuique
1640 3996 2070 4041 consentaneum

480 4077 757 4141 ordinem,
796 4078 853 4131 in
898 4079 1117 4133 occulto
1162 4093 1297 4132 vero
1341 4077 1710 4133 humilitatem
1750 4087 2073 4133 exercentes

485 4166 543 4223 in
572 4178 778 4233 mente,
812 4178 1072 4239 tanquam
1101 4170 1261 4239 probi
1294 4169 1535 4225 ministri
1567 4169 1729 4223 fidem
1766 4179 2069 4233 servantes,

484 4274 738 4330 magnam
784 4260 891 4315 sibi
934 4262 1221 4316 lucramur
1253 4262 1348 4317 tali
1390 4263 1505 4317 vita
1545 4262 1881 4317 mercedem.
1909 4262 2075 4332 209

487 4351 580 4407 Sic
626 4352 794 4423 igitur
834 4368 1031 4408 eorum
1075 4365 1265 4407 curam
1308 4366 1502 4424 gerere
1544 4352 1779 4417 debent,
1825 4358 1889 4407 ut
1939 4351 2070 4407 boni

486 4443 733 4514 magistri
768 4458 1065 4513 puerorum
1110 4452 1447 4508 tenerorum,
1487 4445 1582 4515 qui
1618 4444 1725 4499 sibi
1763 4443 2068 4499 concrediti

487 4542 616 4589 sunt
640 4549 671 4588 a
696 4533 944 4603 patribus
965 4549 1179 4589 eorum.
1203 4535 1339 4590 Nam
1374 4535 1474 4599 illi,
1498 4551 1800 4606 puerorum
1828 4534 2070 4590 indolem

487 4635 833 4696 spectantes,
892 4626 986 4681 alii
1042 4626 1308 4691 verbera,
1361 4628 1455 4682 alii
1506 4628 1917 4699 correptiones,
1976 4627 2071 4683 alii

488 4715 730 4781 laudem,
759 4715 852 4771 alii
889 4716 1039 4771 aliud
1079 4716 1394 4773 huiusmodi
1435 4718 1695 4783 aﬂ'erunt,
1730 4734 1911 4789 neque
1943 4734 2072 4774 cum

491 4806 694 4870 studio,
716 4821 897 4876 neque
933 4822 1060 4860 cum
1088 4806 1217 4861 odio
1250 4807 1550 4878 quidquam
1575 4825 1767 4863 eorum
1796 4809 2069 4874 faciendo,

490 4898 584 4951 sed
621 4900 762 4954 sicut
794 4901 871 4955 rei
899 4901 1177 4965 convenit,
1212 4911 1270 4956 et
1302 4902 1458 4971 pueri
1494 4898 1734 4972 postulat
1767 4914 1982 4967 natura,
2009 4914 2073 4958 ut

490 4989 623 5042 tiant
651 4990 817 5045 huius
840 4992 984 5046 vitae
1014 4992 1267 5047 homines
1295 4994 1531 5048 honesti.
1558 4992 1694 5065 [Sic]
1734 5010 1835 5049 nos
1858 5010 2078 5064 quoque

490 5090 709 5147 oportet
752 5084 901 5137 omni
944 5083 1072 5138 odio
1104 5085 1162 5139 in
1194 5084 1420 5140 fratrem
1467 5087 1727 5156 omnique
1761 5087 2077 5157 arrogantia

2174 3267 2417 3329 κίνδυνος
2440 3268 2548 3337 γὰρ
2578 3264 2832 3319 ἐνταῦθα.
2858 3265 2952 3317 καί
2976 3282 3118 3325 τινες
3142 3264 3240 3333 ἤδη
3277 3260 3557 3322 δοκοῦντες
3582 3258 3617 3325 ⁸)
3640 3253 3735 3307 ἑτέ·

2178 3374 2285 3429 ρων
2317 3358 2667 3428 προεστάναι,
2698 3357 2792 3409 καὶ
2819 3356 3037 3417 τούτους
3071 3355 3164 3406 ἐπὶ
3194 3354 3296 3424 τὴν
3324 3354 3569 3423 οὐράνιον
3593 3342 3730 3400 εὐθύ-

2174 3464 2284 3500 νειν
2332 3447 2501 3517 ζωήν,
2539 3447 2729 3500 ἔλαθον
2781 3447 2887 3501 ὑπὸ
2920 3449 3269 3517 φρονήματος
3319 3443 3540 3503 ἑαυτοὺς
3572 3433 3736 3492 ἀπολέο

2176 3556 2390 3601 σαντες.
2413 3540 2493 3592 δεῖ
2512 3535 2605 3591 οὖν
2630 3540 2686 3590 ὲν
2706 3541 2773 3609 τῇ
2796 3537 3089 3607 ἐπιστασίᾳ
3106 3532 3333 3605 μείζονα
3354 3534 3451 3605 μὲν
3466 3531 3565 3586 τῶν
3584 3526 3735 3583 ἀλλων

2172 3634 2297 3695 τοὺς
2322 3630 2673 3701 προεστῶτας
2698 3633 2902 3692 πονεῖν,
2926 3628 3291 3697 ταπεινότερα
3317 3628 3373 3680 δὲ
3404 3626 3508 3679 τῶν
3532 3615 3734 3692 ἀρχομέ-

2172 3740 2280 3776 νων
2307 3725 2542 3794 φρονεῖν,
2570 3723 2665 3776 καὶ
2683 3721 2853 3774 τύπον
2878 3720 3119 3782 δουλείας
3147 3720 3237 3771 τὸν
3271 3716 3465 3772 ἑαυτοῦ
3491 3713 3594 3785 βίον
3620 3723 3734 3779 περ·

2174 3812 2317 3882 ἐχειν
2358 3813 2472 3875 τοῖς
2515 3811 2782 3879 ἀδελφοῖς,
2826 3808 3305 3878 παρακαταθήκην
3346 3806 3469 3860 θεοῦ
3518 3798 3730 3870 νομίζον·

2171 3921 2269 3967 τας
2294 3904 2457 3973 ἔχειν,
2498 3902 2592 3965 οὒς
2641 3901 3064 3969 ἐπιστεύθησαν.
3110 3903 3159 3953 εί
3206 3900 3320 3971 γὰρ
3352 3898 3522 3960 οὕτως
3563 3893 3725 3961 ἔχοιεν,

2174 3996 2604 4065 συγκροτοῠντες
2626 3996 2717 4047 τὸν
2754 3993 2899 4065 ἱερὸν
2927 3996 2992 4064 τῇ
3032 3992 3303 4063 θεραπεία
3338 3990 3513 4061 χορόν,
3541 3983 3623 4037 καὶ
3640 3977 3721 4047 τὴν

2176 4088 2274 4159 μὲν
2291 4087 2511 4157 διδαχὴν
2526 4086 2668 4139 κατά
2680 4085 2777 4155 τὴν
2794 4085 3025 4138 ἑκάστου
3046 4084 3235 4155 χρείαν
3258 4084 3320 4136 ὲν
3339 4078 3550 4151 φανερῷ
3572 4067 3718 4131 τωιούσ

2176 4191 2349 4244 μενοι,
2381 4175 2514 4245 πρὸς
2542 4176 2603 4226 τὸ
2633 4172 2829 4237 σώζειν
2858 4175 2957 4242 τὴν
2993 4175 3223 4228 ἑκάστου
3248 4176 3557 4243 πρέπουσαν
3576 4161 3719 4226 τάξιν.

2174 4266 2231 4316 ὲν
2257 4262 2334 4333 τῷ
2361 4262 2591 4333 κρυπτῷ
2613 4262 2670 4315 δὲ
2692 4262 2836 4315 κατά
2852 4261 3090 4315 διάνοιαν
3112 4262 3210 4331 τὴν
3236 4252 3722 4326 ταπεινοφροσύνην»

2173 4353 2427 4425 καθάπερ
2475 4352 2816 4423 εὐγνώμονες
2862 4352 3038 4406 δοῦλοι
3078 4351 3371 4422 τηροῦντες
3409 4347 3503 4418 τὴν
3547 4341 3718 4397 πίστιν,

2180 4446 2353 4516 μέγαν
2398 4447 2611 4507 ἑαυτοῖς
2644 4445 2969 4515 ἐργάζονται
3012 4443 3087 4515 τῷ
3130 4444 3360 4513 τοιούτῳ
3389 4442 3486 4511 βίῳ
3529 4429 3715 4506 μισθόν·

2175 4536 2348 4601 οὕτως
2384 4533 2479 4592 οὖν
2514 4535 2639 4609 [δεῖ]
2660 4538 2703 4606 ⁷)
2744 4537 3121 4607 ἑπιμελείσθαι
3155 4536 3360 4595 αὐτῶν.
3408 4532 3482 4596 ὡς
3514 4529 3578 4582 ἂν
3604 4538 3717 4594 χρη-

2178 4627 2297 4679 στοὶ
2345 4626 2687 4695 παιδαγωγοὶ
2715 4627 2924 4679 παίδων
2950 4625 3197 4681 ἁπαλῶν.
3224 4624 3318 4688 οὓς
3358 4614 3717 4682 ἐπιστεύθησαν

2178 4718 2328 4790 παρά
2354 4719 2465 4771 τῶν
2488 4718 2742 4790 πατέρων
2779 4718 2981 4772 αὐτῶν.
3023 4720 3221 4771 ἐκεῖνοι
3250 4717 3378 4788 γάρ,
3415 4711 3517 4766 τῶν
3544 4702 3717 4759 παίδων

2177 4809 2278 4873 τὰς
2308 4809 2450 4875 ἕξεις
2480 4809 2829 4874 σκοποῦντες,
2872 4813 2949 4881 τῷ
2972 4810 3073 4880 μὲν
3110 4810 3345 4880 πληγὰς,
3375 4804 3451 4873 τῷ
3476 4802 3528 4855 δὲ
3559 4791 3715 4848 νουθε-

2180 4901 2323 4965 σίας,
2354 4903 2431 4973 τῷ
2462 4902 2519 4955 δὲ
2552 4903 2795 4965 ἔπαινον,
2824 4902 2902 4971 τῷ
2941 4903 2998 4955 δὲ
3028 4902 3155 4956 ἀλλο
3194 4919 3246 4953 τι
3304 4896 3549 4953 τοιοῦτον,
3571 4896 3714 4955 προσε

2179 4994 2427 5064 ἀγουσιν,
2456 4996 2609 5049 οὐδὲν
2643 4995 2768 5048 οὔτε
2795 4996 2932 5065 πρὸς
2958 4997 3117 5066 χάριν
3142 4994 3267 5047 οὔτε
3290 4991 3421 5062 πρὸς
3454 4978 3716 5073 ἀπέχθειαν

2175 5088 2381 5141 τούτων
2408 5088 2709 5152 ποιοῦντες,
2733 5088 2845 5141 ἀλλ’
2874 5088 2949 5151 ῶς
2975 5088 3146 5158 ἀνῆκε
3169 5087 3264 5141 τοῦ
3286 5084 3606 5156 πράγματοςν
3636 5078 3715 5116 καί

1758 5241 2012 5296 VARIAE
2053 5241 2457 5298 LECTIONES.

567 5346 603 5415 ')
642 5348 796 5404 Coni.
832 5354 955 5405 add.

1000 5355 1054 5432 ᾗ,
1101 5354 1154 5406 in
1184 5355 1317 5432 _ced.
1373 5356 1739 5432 desideratur.
1778 5391 1853 5432 __—
1898 5358 1941 5417 ³)
1980 5362 2069 5417 Sic
2104 5361 2226 5415 cod.
2280 5359 2408 5432 ——:’)
2446 5360 2700 5424 Emend,
2741 5363 2863 5417 cod.
2918 5357 3404 5432 ὀφθαλμωδουὶξξᾳο
3441 5380 3496 5389 -’
3525 5331 3702 5432 Ἶξθά·

492 5418 588 5470 ἐνὶ.
622 5450 689 5457 —
719 5420 761 5488 ⁵)
804 5418 1058 5487 Ειηριιιιζ,
1098 5425 1217 5477 cod.
1262 5424 1567 5494 φροντίδας.
1601 5458 1667 5465 —-
1695 5426 1736 5497 ⁴⁸)
1778 5430 2033 5493 Emend,
2066 5432 2188 5487 cod.
2221 5418 2504 5494 δοκῶντες.
2545 5464 2615 5471 —-
2639 5418 2810 5502 ⁷)’δεῖ
2840 5418 2972 5487 οηι.’
2993 5418 3142 5496 οοιΙί,
3194 5418 3374 5486 addidi
3404 5438 3464 5477 ex
3492 5418 3618 5472 00m-

2011 5567 2260 5622 NOTAE.

861 5673 953 5737 IX,
984 5673 1083 5737 5i;
1116 5674 1185 5737 Χ,
1217 5675 1283 5727 45
1314 5692 1417 5743 sq.;
1452 5676 1639 5730 Matth.
1677 5676 1792 5741 XX,
1826 5678 1894 5732 96
1934 5695 2077 5747 sqq.,

2265 5684 2340 5754 (2)
2384 5687 2519 5755 Eph.
2566 5688 2652 5751 Ἦ,
2682 5688 2737 5751 6,
2777 5689 2827 5753 7;
2860 5687 2973 5743 Col.
3016 5686 3104 5747 lll,
3134 5686 3221 5739 9.2.
