4016 6488
346 476 459 539 ιτε

1859 496 2263 555 EPISTOLAE.

3589 492 3783 574 ιελς,

375 607 405 661 δ
431 603 530 659 τοῦ
560 608 773 675 παιδὸς
808 613 1054 669 ἀπαιτεῖ
1076 614 1297 686 τρόπος,
1320 617 1401 679 εἰς
1420 616 1483 668 τὸ
1515 615 1771 683 γενέσθαι
1794 617 1995 679 αὐτοὺς

2115 613 2335 682 ιθροείῑιι
2396 611 2464 665 ad
2498 612 2767 680 cuiusque
2820 611 3080 665 virtutem
3122 627 3185 666 ae
3217 619 3455 666 mentem
3486 627 3699 668 accom-
3739 589 3752 622 θ

393 696 485 753 τοῦ
515 696 636 770 βίου
672 700 888 757 τούτου
932 704 1186 775 σεμνούς.
1240 703 1429 777 ῖοΰτω]
1479 707 1522 777 ⁸)
1579 707 1674 759 καὶ
1719 707 1867 776 ἡμᾶς
1896 706 2004 775 χρὴ

408 794 513 846 πάν
542 794 699 862 μῖσος
725 797 885 848 κατά
930 796 1027 850 τοῦ
1074 795 1301 866 ἁδελφοῦ
1346 797 1442 850 καὶ
1492 799 1674 851 πᾶσαν
1716 796 2006 850 αὐθάδειαν

407 881 788 953 ἀποθεμένους
821 885 964 955 πρὸς
983 885 1083 956 τὴν
1111 885 1329 956 ἑκάστῳ
1351 887 1393 955 ¹)
1416 884 1645 956 δύναμιν
1662 884 1758 938 καὶ
1779 882 2007 953 γνώμην

421 974 677 1047 ἁρμόζειν
708 976 806 1030 τὸν
856 977 1039 1045 λόγον.
1083 976 1145 1030 τὸ
1178 977 1223 1047 ³)
1260 976 1359 1048 μὲν
1404 978 1753 1048 ἐπιτίμησον,
1789 977 1852 1028 τὸ
1884 976 1928 1048 ⁸)
1949 974 2008 1028 δὲ

424 1071 768 1141 νουθέτησον,
799 1070 964 1127 ἄλλον
1009 1069 1411 1143 παρακάλεσον,
1453 1069 1592 1141 πρὸς
1621 1067 1727 1139 τὴν
1772 1066 2008 1121 ἑκάστου

422 1164 633 1236 χρείαν,
666 1162 924 1233 καθάπερ
950 1162 1134 1234 ίατρὸς
1153 1161 1360 1231 ἀγαθὸς
1398 1160 1690 1232 προσάγων
1705 1159 1767 1213 τὸ
1790 1159 2010 1231 φάρμα-

422 1271 540 1307 κον.
578 1254 793 1316 ἐκεῖνος
840 1252 939 1322 μὲν
973 1254 1104 1324 γάρ,
1155 1252 1294 1323 πρὸς
1330 1250 1401 1305 τά
1454 1250 1605 1321 πάθη
1634 1250 1876 1318 σκοπῶν,
1929 1248 2009 1320 τῷ

424 1344 530 1417 μὲν
559 1345 759 1416 πρᾷον,
791 1342 873 1415 τῷ
908 1344 967 1397 δὲ
1003 1344 1365 1416 σφοδρότερον
1412 1342 1655 1414 ἐπέθηκε
1694 1342 2007 1414 φάρμακον,

420 1436 606 1494 οὐδενὶ
630 1438 741 1491 τῶν
775 1436 1073 1510 θεραπείας
1088 1436 1361 1509 δεομόνων
1379 1435 1702 1507 ἀχθόμενος,
1730 1434 1871 1490 ἀλλὰ
1886 1436 2011 1499 ταῖς

422 1530 668 1603 πληγαῖς
705 1528 801 1583 καὶ
841 1531 956 1592 τοῖς
990 1545 1240 1599 σωμασιν
1272 1527 1527 1599 ἁρμόζων
1567 1526 1666 1599 τὴν
1690 1527 1907 1599 τέχνην.
1942 1526 2008 1581 σὺ

419 1622 484 1677 δὲ
522 1619 809 1677 ἀκολούθει
851 1623 917 1693 τῇ
969 1621 1131 1692 χρείᾳ
1179 1618 1273 1675 τοῦ
1318 1620 1668 1692 πράγματος,
1722 1619 1871 1683 ὅπως
1911 1618 2013 1691 τήν

419 1713 607 1785 ψυχὴν
638 1712 733 1767 τοῦ
760 1713 894 1784 πρὸς
912 1713 973 1766 σὲ
1010 1712 1300 1783 βλέποντος
1327 1710 1571 1784 μαθητοῦ
1614 1710 1797 1776 καλῶς
1825 1714 2012 1767 ἐκπαι-

419 1806 625 1870 δεύσας
653 1805 913 1877 λαμπράν
942 1805 1041 1876 τὴν
1073 1804 1289 1876 ἐκείνης
1316 1803 1519 1877 ἀρετὴν
1550 1805 1911 1878 προσαγάγῃς
1933 1804 2012 1876 τῷ

421 1899 628 1969 πατρί,
675 1895 1011 1969 κληρονόμον
1040 1896 1190 1963 ἄξιον
1235 1896 1337 1966 τῆς
1381 1896 1593 1950 ἐκείνου
1635 1897 1868 1966 δωρεᾶς.
1915 1896 2011 1951 ὲάν

417 1989 601 2053 οὕτως
642 1988 804 2061 ἔχητε
862 1988 999 2060 πρὸς
1038 1987 1325 2059 ἀλλήλους,
1364 1988 1422 2042 οῖ
1474 2005 1534 2043 τε
1569 1986 1877 2057 ἐφεστῶτες
1913 1988 2009 2044 καὶ
2039 1980 2082 2035 Β

416 2083 472 2134 οῖ
516 2080 732 2144 τούτοις
767 2078 1042 2151 χρώμενοι
1076 2078 1438 2157 διδασκάλοις,
1472 2079 1524 2132 oi.
1569 2078 1671 2150 μὲν
1698 2080 2008 2152 πειθόμενοι

420 2172 568 2243 μετά
621 2171 795 2241 χαρᾶς
824 2172 939 2234 τοῖς
979 2172 1442 2243 ἐπιταττομένοις,
1470 2173 1519 2226 οἱ
1560 2171 1619 2226 δὲ
1664 2172 1782 2244 μεθ’
1813 2173 2009 2244 ἡδονῆς

418 2264 552 2326 τοὺς
610 2262 875 2331 ἀδελφοὺς
922 2262 1017 2315 ἐπὶ
1062 2263 1125 2316 τὸ
1156 2264 1362 2318 τέλειον
1414 2264 1854 2336 προσαγόμενοι,
1913 2266 2010 2319 καὶ

422 2359 542 2421 ταῖς
572 2357 767 2426 τιμαῖς
789 2354 1060 2426 ἀλλήλους
1085 2356 1403 2428 προηγῆσθε
1424 2357 1488 2428 ⁵),
1509 2358 1602 2411 τὸν
1623 2359 1733 2411 τῶν
1762 2358 2009 2428 ἀγγέλων

434 2450 521 2500 ἐπὶ
550 2447 661 2517 γῆς
678 2445 911 2518 ζήσεσθε
936 2446 1071 2518 βίον.
1102 2449 1291 2518 μηδεὶς
1312 2442 1405 2502 οὖν
1432 2451 1488 2503 ὲν
1507 2449 1637 2520 ὑμῖν
1659 2450 2010 2521 γνωριζέσθω

441 2540 624 2609 τῦφος,
655 2540 790 2593 ἀλλὰ
808 2540 1047 2611 ἁπλότης
1080 2543 1175 2594 καὶ
1203 2542 1426 2611 ὁμόνοια
1452 2543 1546 2595 καὶ
1564 2542 1805 2607 διάθεσις
1827 2542 2011 2607 ἄδολος

434 2631 803 2701 συγκροτείτω
828 2630 920 2683 τὸν
952 2632 1131 2701 χορόν.
1169 2630 1407 2685 πειθέτω
1438 2632 1498 2685 δὲ
1530 2632 1761 2696 ἕκαστος
1791 2633 2007 2697 ἑαυτόν,

424 2722 503 2786 ὡς
527 2724 591 2776 οὐ
628 2722 728 2776 τοῦ
752 2723 1000 2786 συνόντος
1017 2723 1248 2793 ἀδελφοῦ
1285 2723 1443 2794 μόνον
1469 2723 1623 2778 ἔσται
1653 2725 2012 2778 καταδεέστε-

424 2833 542 2887 ρος,
562 2815 701 2868 ἀλλὰ
732 2816 828 2869 καὶ
852 2816 1055 2878 παντὸς
1072 2814 1386 2886 ἀνθρώπου.
1414 2814 1576 2868 τοῦτο
1594 2815 1702 2887 γὰρ
1723 2815 2011 2885 γινώσκων

426 2907 678 2979 μαθητὴς
713 2907 882 2969 ὅντως
915 2907 1068 2961 ἔσται
1092 2907 1351 2980 Χριστοῦ·
1388 2910 1422 2961 ὀ
1449 2908 1560 2978 γὰρ
1592 2908 1767 2976 ὑψῶν
1792 2909 2013 2962 ἑαυτὸν

422 2999 960 3067 ταπεινωθήσεται,
999 3005 1097 3055 καὶ
1134 3004 1166 3055 ό
1201 3000 1500 3055 ταπεινῶν
1527 3001 1746 3055 ἑαυτὸν
1772 3001 2013 3071 ὑψωθή-

421 3112 623 3150 σεται.
656 3098 752 3148 καὶ
781 3096 945 3149 πάλιν
967 3111 980 3124 ·
1019 3099 1051 3149 ό
1076 3096 1267 3152 θέλων
1298 3095 1369 3149 ἐν
1395 3095 1540 3165 ὑμῖν
1568 3092 1723 3150 εἶναι
1746 3096 2011 3165 πρῶτος,

420 3188 607 3243 ἔσται
654 3187 894 3242 πάντων
932 3190 1193 3256 ἔσχατος
1249 3188 1350 3242 καί
1412 3189 1654 3242 πάντων
1710 3188 2010 3256 διάκονος.

421 3277 615 3341 καθὼς
638 3278 764 3331 καί·
798 3281 831 3333 ό
868 3280 1002 3343 υίὸς
1040 3278 1147 3331 τοῦ
1187 3276 1509 3345 ἀνθρώπου
1555 3280 1667 3333 οὐκ
1697 3275 1845 3350 ἦλθε
1890 3279 2015 3333 δια·
2042 3314 2084 3372 C

420 3368 784 3439 κονηθῆναι,
842 3370 1008 3424 ἀλλὰ
1054 3367 1433 3436 διακονῆσαι,
1482 3371 1582 3424 καὶ
1640 3370 1851 3425 δοῦναι
1899 3370 2016 3441 τὴν

424 3461 652 3532 ψυχὴν
680 3462 867 3515 αὐτοῦ
888 3463 1119 3528 λύτρον
1146 3462 1277 3515 ἀντὶ
1303 3460 1568 3517 πολλῶν.
1601 3464 1697 3516 καὶ
1728 3464 1756 3515 ὁ
1785 3464 2018 3517 ἀπόστο-

421 3555 516 3618 λος
540 3570 557 3584 ’
600 3556 672 3607 οὺ
705 3554 815 3623 γὰρ
848 3554 1103 3619 ἑαυτοὺς
1129 3555 1540 3624 κηρύσσομεν,
1576 3556 1737 3611 ἀλλὰ
1762 3559 2020 3625 Χριστὸν

436 3645 705 3726 Ἶηοξοῦν,
734 3647 965 3714 κύριον,
996 3646 1253 3711 ἑαυτοὺς
1290 3646 1359 3699 δὲ
1399 3646 1658 3713 δούλους
1705 3650 1875 3719 ὑμῶν
1921 3650 2020 3703 διὰ

442 3738 704 3806 Ἰησοῦν.
734 3738 937 3802 εἰδότες
965 3736 1056 3793 οὖν
1079 3741 1176 3812 τῆς
1205 3759 1265 3795 τε
1294 3743 1679 3813 ταπεινότητος
1720 3745 1846 3807 τοὺς
1883 3762 2020 3815 καρ-

440 3831 593 3893 πούς,
644 3831 743 3883 καὶ
788 3830 887 3902 τὴν
920 3833 1122 3903 ζημίαν
1169 3836 1212 3903 ⁸)
1251 3834 1344 3887 τοῦ
1379 3834 1571 3902 τύφου,
1609 3837 1922 3905 μιμήσασθε
1973 3837 2017 3909 ⁷)

443 3920 534 3972 τὸν
558 3921 840 3992 δεσπότην,
872 3924 1197 3992 ἀγαπῶντες
1239 3924 1522 3995 ἀλλήλους,
1558 3927 1652 3978 καὶ
1686 3928 1823 3995 μήτε
1853 3926 2018 3980 θάνα-

436 4028 547 4075 τον,
587 4014 721 4084 μήτε
753 4012 919 4084 ἄλλην
952 4013 1075 4067 τινὰ
1120 4015 1393 4085 τιμωρίαν
1421 4017 1502 4080 είς
1540 4015 1745 4083 ἀγαθὸν
1778 4018 1895 4085 μετ’
1928 4017 2022 4069 άλ-

432 4102 611 4174 λήλων
636 4106 846 4157 ὀκνεῖτε
884 4106 952 4175 ⁸),
1009 4106 1123 4160 ἀλλ’
1150 4108 1217 4178 ἢν
1265 4108 1513 4162 ὲ6άδισεν
1558 4111 1615 4176 ὲν
1663 4111 1795 4180 ἡμῖν
1847 4109 1964 4164 όδδν
1992 4111 2021 4162 ὁ

433 4192 648 4263 σωτήρ,
686 4192 887 4265 ταύτην
934 4195 1095 4266 ὑμεῖς
1146 4197 1284 4266 πρὸς
1329 4199 1535 4251 ἐκεῖνον
1584 4198 1909 4269 βαδίζοντες,
1964 4201 2022 4253 ἐν

432 4282 656 4355 σώματι
686 4290 778 4339 καί⁵
805 4286 949 4357 ψυχῇ
984 4288 1081 4357 μιᾷ
1106 4290 1331 4359 χωρεῖτε
1365 4289 1500 4364 πρὸς
1533 4289 1630 4360 τὴν
1660 4291 1771 4344 ἀνω
1805 4292 2019 4362 κλῆσιν,

428 4375 761 4442 ἀγαπῶντες
793 4377 884 4431 τὸν
917 4378 1037 4430 θεὸν
1070 4378 1164 4430 καὶ
1208 4378 1496 4450 ἀλλήλους’
1542 4381 1731 4451 ἀγάπη
1775 4382 1883 4454 γὰρ
1928 4385 2022 4437 καὶ

430 4464 606 4533 φόϐος
631 4468 661 4519 ό
690 4467 824 4536 πρὸς
868 4468 961 4521 τὸν
990 4467 1182 4539 κύριον
1208 4469 1269 4522 τὸ
1309 4470 1525 4543 πρῶτον
1558 4471 1653 4525 τοῦ
1689 4474 1855 4543 νόμου
1906 4475 2022 4528 ἐστὶ

430 4556 737 4627 πλήρωμα.
776 4559 859 4613 δεῖ
903 4556 997 4614 οὖν
1040 4561 1273 4616 ἕκαστον
1319 4562 1475 4634 ὑμῶν
1508 4565 1761 4636 καθάπερ
1796 4568 2021 4638 ἰσχυράν

2092 704 2336 758 ἰιιοόιιτο
2364 703 2613 757 verbum.
2657 701 2772 755 Hoc
2798 701 3067 771 vitupera,
3100 701 3235 756 illud
3265 702 3506 771 increpa,
3533 702 3701 756 alium

2108 797 2401 852 adhortare
2457 794 2760 849 secundum
2806 794 3049 848 cuiusvis
3099 794 3488 863 indigentiam,
3543 796 3700 863 quasi

2108 890 2290 945 bonus
2337 885 2586 941 medicus
2632 883 2903 939 adhibens
2950 883 3302 938 medicinam.
3342 882 3391 938 ls
3439 883 3588 937 enim
3632 883 3702 937 ad

2108 981 2392 1054 passiones
2438 985 2711 1048 spectans,
2761 977 2895 1031 huic
2944 976 3142 1041 levius,
3188 977 3268 1031 illi
3316 976 3703 1031 vehementius

2110 1072 2369 1146 proponit
2402 1069 2888 1133 medicamentum,
2916 1069 3124 1124 nemini
3165 1084 3381 1135 eorum,
3410 1069 3507 1139 qui
3546 1084 3704 1123 cura-

2110 1165 2259 1220 tione
2314 1162 2581 1233 indigent,
2623 1161 2827 1223 iratus,
2876 1158 2974 1215 sed
3036 1160 3210 1231 plagis
3266 1160 3702 1230 corporibusque

2109 1254 2530 1311 accommodans
2567 1260 2760 1308 artem.
2798 1251 2881 1306 Tu
2922 1260 3104 1307 autem
3140 1252 3214 1307 ita
3246 1268 3479 1322 sequere
3512 1267 3701 1307 rerum

2109 1346 2519 1412 necessitatem,
2556 1351 2640 1410 ut,
2671 1344 2855 1399 anima
2890 1343 3146 1414 discipuli
3176 1344 3244 1398 ad
3274 1353 3327 1400 te
3354 1345 3705 1416 respicientis

2110 1440 2254 1498 bene
2284 1441 2522 1504 exculta,
2550 1438 2841 1495 candidam
2873 1437 2997 1493 eius
3033 1438 3294 1493 virtutem
3331 1437 3576 1493 adducas
3608 1453 3705 1507 pa-

2108 1535 2206 1601 tri,
2240 1535 2467 1607 dignum
2503 1532 2821 1589 donationis
2859 1532 2981 1588 eius
3017 1531 3333 1587 haeredem.
3375 1531 3433 1587 Si
3473 1532 3569 1589 tali
3603 1546 3705 1587 vos

2111 1628 2351 1685 invicem
2396 1626 2564 1683 modo
2605 1626 2851 1691 habetis,
2902 1634 2960 1681 et
3010 1624 3342 1696 praepositi,
3389 1632 3447 1679 et
3492 1624 3586 1695 qui
3634 1624 3706 1679 iis

2112 1728 2345 1776 utuntur
2376 1718 2672 1791 magistris,
2709 1718 2769 1775 hi
2812 1734 2938 1774 cum
2984 1717 3182 1789 gaudio
3220 1718 3386 1773 iussis
3423 1717 3707 1786 obtempe—

2112 1820 2324 1878 rantes,
2364 1812 2445 1868 illi
2492 1827 2619 1867 cum
2658 1812 2937 1881 voluptate
2978 1811 3177 1866 fratres
3210 1810 3276 1865 ad
3309 1810 3706 1881 perfectionem
3746 1880 3749 1887 λ

2112 1903 2363 1959 addueen
2373 1912 2472 1969 tes,
2490 1911 2654 1973 atque
2670 1902 2979 1958 honoribus
2998 1903 3237 1958 invicem
3258 1900 3703 1973 praevenitis(l),

2109 1997 2430 2068 angelorum
2486 1996 2544 2051 in
2589 2005 2739 2052 terra
2776 1996 2978 2051 vivetis
3018 1996 3210 2051 vitam.
3250 1995 3409 2050 Nulla
3448 1994 3615 2065 igitur
3648 1993 3707 2048 in

2108 2089 2269 2145 vobis
2305 2096 2668 2159 cognoscatur
2699 2087 2981 2157 superbia,
3017 2087 3113 2141 sed
3144 2086 3468 2156 simplicitas
3496 2096 3553 2141 et
3576 2101 3709 2140 con-

2110 2177 2300 2233 cordia
2347 2186 2404 2232 et
2444 2177 2662 2233 animus
2705 2176 2819 2233 doli
2859 2192 3057 2247 expers
3107 2177 3405 2247 coniungat
3450 2176 3703 2231 chorum.

2112 2268 2317 2324 Doceat
2358 2277 2543 2323 autem
2572 2269 2807 2340 quisque
2837 2285 2895 2323 se
2927 2269 3129 2338 ipsum,
3159 2283 3270 2322 non
3303 2267 3473 2321 fratre
3504 2268 3704 2330 solum,

2110 2360 2207 2430 qui
2246 2375 2432 2415 secum
2467 2360 2650 2431 degat,
2688 2375 2746 2415 se
2787 2359 3106 2413 inferiorem
3146 2358 3285 2422 fore,
3328 2357 3423 2412 sed
3461 2365 3517 2412 et
3554 2359 3707 2412 omni

2112 2451 2355 2506 homine.
2390 2452 2450 2506 ld
2491 2452 2639 2506 enim
2680 2452 2773 2521 qui
2818 2451 3121 2521 cognoscit,
3156 2449 3202 2504 is
3231 2464 3362 2503 vere
3399 2449 3506 2504 erit
3544 2449 3709 2502 disci-

2111 2544 2277 2615 pulus
2304 2543 2530 2599 Christi.
2572 2542 2707 2597 Nam
2743 2544 2833 2613 qui
2875 2557 2931 2595 se
2974 2540 3200 2605 exultat,
3237 2538 3623 2602 humiliabitur,
3659 2547 3708 2591 et

2113 2637 2203 2705 qui
2240 2652 2295 2689 se
2336 2634 2605 2701 humiliat,
2634 2635 2959 2689 exaltabitur
2984 2632 3083 2705 (2),
3122 2642 3178 2688 et
3218 2632 3418 2687 iterum
3454 2624 3477 2684 ε’
3500 2630 3604 2695 Qui
3644 2647 3709 2686 ex

2112 2728 2253 2782 vobis
2301 2727 2411 2782 vult
2461 2728 2663 2797 primus
2711 2744 2841 2790 esse,
2881 2728 2980 2779 erit
3024 2727 3259 2779 omnium
3303 2726 3613 2779 novissimus
3658 2732 3708 2778 et

2113 2821 2347 2873 omnium
2368 2819 2603 2873 minister
2617 2819 2715 2890 ('5).
2739 2818 2893 2872 Sicut
2923 2817 3087 2871 etiam
3121 2834 3133 2869 :
3164 2815 3327 2869 Filius
3358 2816 3578 2869 hominis
3602 2831 3706 2867 non

2113 2914 2251 2966 venit
2284 2913 2601 2977 ministrari,
2636 2911 2726 2965 sed
2760 2912 3088 2973 ministrare,
3126 2916 3176 2961 et
3215 2907 3378 2977 210
3413 2907 3542 2961 dare
3584 2906 3707 2961 an."-

2114 3022 2258 3058 mam
2282 3021 2436 3057 suam
2465 3003 2875 3074 redemptionem
2902 3018 2995 3073 pro
3026 3001 3206 3055 multis
3236 3001 3333 3071 (4).
3376 3001 3444 3055 Et
3476 2999 3709 3069 Apostoc

2116 3095 2203 3149 lus
2234 3113 2246 3148 :
2276 3095 2394 3149 Non
2431 3097 2571 3148 enim
2613 3096 2955 3165 nosmetipsos
2988 3093 3376 3165 praedicamus,
3413 3092 3502 3145 sed
3530 3090 3709 3145 Jesum

2117 3189 2383 3245 Christum
2426 3188 2715 3242 Dominum
2755 3196 3014 3251 nostrum,
3063 3202 3156 3238 nos
3199 3194 3375 3239 autem
3411 3199 3583 3237 servos
3626 3200 3714 3237 ve-

2115 3293 2253 3338 stros
2301 3299 2394 3354 per
2439 3280 2621 3335 Iesum
2656 3280 2754 3352 (5).
2793 3279 3044 3333 Scientes
3076 3275 3245 3345 igitur
3288 3285 3343 3331 et
3384 3273 3711 3329 humilitatis

2118 3372 2331 3428 fructus
2379 3380 2436 3427 et
2487 3371 2749 3424 damnum
2804 3367 3116 3439 superbiae,
3168 3367 3459 3421 imitamini
3522 3365 3712 3420 Domi-

2118 3479 2273 3527 num,
2325 3462 2618 3532 diligentes
2664 3476 2762 3515 vos
2818 3460 3092 3523 invicem,
3136 3467 3191 3514 et
3242 3473 3421 3528 neque
3475 3466 3711 3511 mortem

2119 3570 2299 3623 neque
2335 3553 2497 3607 aliam
2530 3550 2806 3622 quandam
2834 3550 3246 3621 castigationem
3276 3550 3343 3604 ad
3378 3550 3583 3603 bonum
3623 3549 3711 3601 in-

2119 3647 2295 3701 vicem
2338 3644 2549 3706 timetc,
2580 3641 2677 3696 sed
2720 3657 2884 3711 quam
2926 3642 3230 3697 ambulavit
3272 3641 3329 3695 in
3366 3641 3530 3695 nobis
3564 3641 3712 3693 viam

2121 3738 2391 3801 Salvator,
2436 3750 2558 3789 eam
2602 3749 2702 3787 vos
2740 3733 2808 3787 ad
2854 3733 3011 3787 illum
3056 3734 3354 3797 ambulate,
3399 3742 3456 3787 et
3498 3731 3553 3785 in
3592 3747 3712 3786 cor-

2120 3846 2254 3901 pore
2283 3829 2575 3897 animaque
2602 3840 2712 3880 una
2735 3826 3016 3895 procedite
3044 3825 3109 3879 ad
3138 3840 3431 3895 supernam
3464 3822 3709 3876 vocatio-

2120 3936 2269 3985 nem,
2300 3918 2594 3989 diligentes
2629 3917 2803 3970 Deum
2841 3925 2899 3970 et
2933 3931 3032 3970 vos
3069 3915 3324 3969 invicem.
3359 3915 3527 3968 Amor
3563 3912 3709 3966 enim

2120 4022 2177 4069 et
2197 4012 2360 4069 timor
2383 4009 2597 4065 Domini
2625 4008 2803 4078 prima
2822 4008 2958 4078 legis
2984 4014 3069 4063 est
3095 4006 3515 4062 consummatio.
3536 4002 3711 4073 Opor-

2125 4112 2201 4160 tet
2240 4104 2410 4175 igitur
2451 4115 2726 4173 quemque
2771 4108 3017 4155 vestrum
3064 4107 3322 4169 tanquam
3361 4096 3501 4152 forte
3535 4094 3710 4165 quod-

2123 4199 2248 4255 dam
2289 4197 2619 4267 firmumque
2653 4195 3074 4252 fundamentum
3102 4192 3358 4245 timorem
3388 4199 3444 4244 et
3471 4202 3714 4243 amorem

2122 4307 2329 4363 ponere
2366 4291 2423 4345 in
2460 4290 2643 4348 anima
2676 4306 2795 4355 sua,
2815 4287 3043 4343 ethunc
3070 4284 3247 4356 rigare
3270 4282 3431 4337 bonis
3455 4280 3715 4351 operibus

2122 4393 2179 4439 et
2214 4382 2464 4438 oratione
2492 4380 2806 4436 sufﬁcienti.
2836 4379 3027 4448 Neque
3052 4376 3201 4431 enim
3240 4372 3583 4444 simpliciter,
3620 4388 3717 4427 ne-

2124 4490 2231 4544 que
2260 4490 2359 4529 sua
2384 4480 2578 4543 Sponte
2610 4486 2766 4526 amor
2784 4486 2914 4541 erga
2942 4471 3118 4524 Deum
3150 4468 3208 4522 in
3238 4466 3399 4522 nobis
3441 4464 3591 4520 nasci
3623 4478 3714 4518 so-

2124 4566 2220 4629 let,
2258 4562 2353 4617 sed
2392 4562 2583 4616 multis
2618 4561 2906 4615 laboribus
2946 4559 3317 4629 gravibusque
3354 4556 3501 4611 curis
3534 4561 3591 4608 et
3620 4570 3714 4609 co-

429 4665 560 4701 τινα
580 4649 676 4701 καὶ
704 4650 928 4722 στερεὰν
966 4655 1206 4724 κρηπῖδα
1235 4654 1327 4707 τὸν
1360 4655 1525 4725 φόϐον
1546 4674 1605 4709 τε
1634 4658 1727 4710 καὶ
1756 4658 1856 4732 τῂν
1880 4659 2016 4727 άγά-

2127 4655 2448 4726 operatione
2483 4653 2711 4717 Christi,
2742 4653 2885 4708 sicut
2923 4652 3064 4706 dixit
3109 4650 3385 4721 Sapientia
3419 4668 3431 4702 :
3465 4646 3521 4703 Si
3568 4648 3715 4700 enim

432 4758 551 4809 πην
581 4742 640 4791 ὲν
661 4744 726 4813 τῇ
760 4744 952 4797 ἑαυτοῦ
982 4746 1187 4799 τιθέναι
1218 4746 1386 4819 ψυχῇ,
1409 4748 1504 4802 καὶ
1538 4749 1739 4820 ταύτην
1766 4750 2021 4821 ἐπάρδειν

433 4831 622 4901 ἔργοις
641 4850 701 4885 τε
728 4835 953 4903 ἀγαθοῖς
991 4838 1085 4890 καὶ
1116 4838 1248 4910 εὐχῇ
1293 4839 1525 4909 διαρκεῖ.
1573 4843 1637 4894 οὐ
1668 4842 1778 4913 γὰρ
1811 4843 2017 4909 ἁπλῶς,

433 4922 562 4975 οὐδὲ
592 4923 915 4995 αὐτομάτως
939 4928 1074 4996 ἡμῖν
1102 4928 1134 4996 ή
1169 4928 1305 4999 πρὸς
1330 4928 1452 4980 θεὸν
1482 4929 1670 5000 ἀγάπη
1707 4930 2017 4998 ἐγγίνεσθαι

438 5015 704 5082 πέφυκεν,
755 5016 891 5071 ἀλλὰ
943 5018 1032 5071 διὰ
1079 5019 1294 5073 πολλῶν
1346 5020 1556 5085 πόνων,
1604 5023 1699 5075 καὶ
1769 5023 2022 5093 μεγάλων

440 5108 761 5178 φροντίδων,
794 5111 888 5164 καὶ
938 5113 1259 5181 συνεογείας
1288 5113 1391 5184 τῆς
1424 5114 1516 5167 τοῦ
1546 5114 1805 5186 Χριστοῦ,
1840 5116 2024 5183 καθὼς

2128 4748 2432 4819 quaesieras
2471 4761 2624 4809 eam,
2670 4744 2878 4815 inquit,
2927 4744 3081 4814 quasi
3127 4742 3439 4813 pecuniam,
3492 4748 3539 4791 et
3582 4739 3713 4790 sicut

2129 4843 2400 4896 thesauros
2451 4838 2684 4909 eﬂ'oderis
2734 4837 2889 4892 illaut
2929 4854 2947 4891 :
2990 4845 3112 4889 tunc
3158 4833 3413 4903 intelliges
3478 4831 3715 4883 timerent

2127 4933 2362 4996 Domini,
2384 4942 2433 4986 et
2460 4933 2737 4985 scientiam
2757 4930 3101 4984 Deiinvenies
3120 4927 3217 5000 (6).
3250 4926 3343 4981 Dei
3376 4940 3509 4979 vero
3539 4924 3716 4978 scien-

2127 5026 2260 5081 tiam
2310 5024 2593 5079 inveniens
2641 5034 2698 5078 et
2743 5022 3000 5077 timorem
3052 5017 3395 5088 intelligens,
3447 5015 3605 5069 facile
3661 5023 3717 5067 et

2131 5117 2277 5188 quod
2314 5117 2564 5187 sequitur
2602 5125 2750 5170 recte
2777 5113 3050 5184 perﬁcies,
3080 5110 3289 5165 scilicet
3321 5119 3378 5164 ut
3404 5108 3712 5178 proximum

1712 5279 1968 5333 \TARIAE
2008 5277 2413 5333 LECTIONES.

478 5461 503 5473 _
568 5390 587 5462 )
629 5391 1117 5473 οῇτρριηροᾳ..
1175 5396 1485 5473 addidici:
1536 5401 1681 5473 coni.
1739 5433 1809 5442 —
1839 5401 1881 5473 ¹)
1915 5401 2006 5455 Sic
2058 5373 2205 5464 cod.,
2248 5398 2595 5473 forte_mavis
2627 5398 2882 5473 ἑκάστου.
2948 5426 3017 5473 ἢ
3048 5394 3088 5473 ᾖ)
3121 5394 3211 5473 Sic
3243 5391 3563 5473 cod.,‘forte_
3604 5389 3710 5457 leg.

432 5461 534 5532 τῷ.
561 5459 635 5502 ὲ·-
663 5461 703 5581 ⁶)
745 5462 837 5518 Sic
861 5465 1009 5530 cod.,
1038 5459 1178 5521 forte
1209 5467 1312 5538 leg.
1340 5469 1465 5523 τὸν.
1497 5501 1568 5509 —-—
1593 5471 1638 5542 ⁸)
1670 5459 1924 5537 Emend,
1960 5472 2083 5526 cod.
2131 5459 2511 5542 προηγεῖσθαι.
2546 5499 2615 5506 -
2646 5469 2666 5500 ⁵
2699 5466 3013 5532 Corr.,cod.
3043 5459 3265 5536 ζύμίαν.
3288 5494 3357 5503 -
3379 5464 3420 5533 ⁷)
3450 5459 3586 5515 Co-J.
3626 5477 3714 5529 μι-

437 5595 748 5665 μήσασθαι,
775 5612 802 5650 ε
842 5610 1010 5666 supra
1047 5598 1230 5654 adscr.
1262 5600 1387 5656 ead.
1443 5617 1519 5657 ιι).
1550 5632 1621 5645 -
1642 5604 1686 5670 ⁸)
1709 5604 1890 5668 Corr.,
1925 5604 2049 5658 cod.
2083 5602 2322 5670 ὀκνῆτε.

1966 5720 2217 5777 NOTAE.

515 5800 592 5927 (Ι)
630 5802 789 5857 Rom.
824 5801 943 5867 ΧΠ,
972 5802 1058 5858 10.

515 5870 571 5927 (2
634 5873 767 5927 Luc.
796 5872 938 5927 XIV.
972 5874 1058 5927 ll.

514 5870 592 5941 (2)
634 5873 767 5928 Luc.
796 5872 938 5937 XIV,
972 5874 1058 5931 Η.

516 5946 591 6016 (δ)
631 5945 799 6002 Marc.
828 5943 921 6011 ιχ,
955 5945 1044 6000 δι.

2185 5804 2262 5875 (4)
2306 5807 2495 5859 Matth.
2530 5804 2649 5867 ΧΧ,
2684 5805 2775 5859 9.8.

2186 5877 2261 5944 (δ)
2301 5878 2344 5930 ιι
2378 5878 2503 5931 Cur.
2540 5878 2624 5939 ιν,
2658 5877 2708 5929 5.

2189 5946 2263 6009 (ϐ)
2296 5948 2457 6003 Prov.
2494 5948 2557 6003 ll.
2595 5948 2651 6005 4.
