4016 6482
439 460 544 518 427
1691 463 1747 518 S.
1790 462 2070 519 MACARII
2108 462 2428 520 AEGYPTII
3627 483 3729 537 £28

432 573 647 644 diligas.
677 573 860 631 Primo
886 572 1034 628 enim
1067 583 1125 628 et
1162 589 1356 645 magno
1385 574 1570 630 labore
1604 576 1846 641 condito,
1877 577 2012 631 alte-

2114 580 2389 650 εῑρηκενὴ
2422 580 2584 648 σοφία
2606 596 2619 611 ·
2649 581 2757 634 ἐὰν
2803 582 2910 656 γὰρ
2933 581 3196 652 ζητήσῃς
3250 585 3491 649 αὐτήν,
3535 593 3724 655 φησιν,

432 681 558 719 rum
597 665 719 729 hoc,
756 679 880 717 cum
919 665 1102 719 minus
1143 664 1234 729 sit,
1265 665 1478 720 facilius
1511 667 1688 737 primo
1721 668 2010 738 consequi—

2114 667 2189 733 ὡς
2223 668 2526 737 ἀργύριον,
2561 669 2658 721 καί
2699 670 2780 735 ὡς
2813 671 3154 739 θησαυροὺς
3195 668 3652 739 ἐξερευνήσῃς
3683 669 3730 743 ⁸)

433 764 553 819 tur;
596 755 690 810 sed
733 755 827 810 ubi
857 755 946 810 ille
985 755 1352 832 desideratur,
1380 774 1484 813 nec
1509 759 1744 813 alterum
1780 775 1917 828 pure
1953 770 2012 816 et

2114 757 2326 824 αὑτήν,
2353 759 2489 812 τότε
2520 757 2816 825 συνήσεις
2841 762 3030 828 φόϐον
3054 763 3274 828 κυρίου
3325 759 3439 814 καὶ
3471 758 3726 832 ἐπίγνω-

431 854 620 900 sancte
665 845 776 900 ﬁet.
816 845 950 900 Nam
982 845 1076 916 qui
1122 830 1296 901 Deum
1341 863 1451 902 non
1492 863 1560 902 ex
1598 858 1709 904 tota
1743 850 1925 904 anima
1955 860 2012 906 et

2114 865 2216 903 σιν
2254 851 2393 905 θεοῦ
2443 851 2749 920 εὑρήσεις.
2783 851 2906 906 θεοῦ
2952 853 3010 907 δὲ
3059 853 3382 923 ἐπίγνωσιν
3411 830 3602 921 εὑρὼν
3638 859 3732 911 καὶ

431 945 549 992 ιοιο
595 937 760 992 corde
802 937 1001 1008 diligit,
1035 939 1310 1009 quomodo
1350 939 1648 996 salubriter
1695 951 1750 995 et
1795 941 2010 1000 sincere

2114 942 2277 1011 φόϐον
2307 945 2506 1008 συνείς,
2533 945 2732 1015 ῥᾳδίως
2765 947 2860 1000 καὶ
2891 945 2952 999 τὸ
2976 945 3174 1016 ἐφεξῆς
3201 944 3635 1014 κατορθώσεις,
3671 948 3732 1002 τὸ

429 1030 661 1089 fratrum
702 1031 1015 1087 dilectionis
1041 1047 1228 1086 curam
1263 1040 1437 1102 gerat,
1471 1047 1596 1086 cum
1625 1048 1866 1088 amorem
1898 1051 2010 1089 non

427 1121 726 1194 adimpleat
777 1137 998 1187 eorum,
1051 1138 1150 1193 per
1205 1138 1347 1192 quae
1409 1122 1643 1178 fratrum
1697 1125 2010 1181 dilectionis

429 1229 559 1269 cura
595 1215 837 1285 geritur?
868 1215 1000 1270 Nam
1032 1231 1181 1279 eum,
1207 1215 1302 1286 qui
1335 1216 1412 1272 ita
1438 1233 1498 1271 se
1525 1217 1711 1281 habet,
1740 1227 1800 1273 ut
1831 1235 2010 1290 neque

429 1313 600 1361 totam
637 1309 870 1367 animam
897 1323 1050 1366 Suam
1103 1309 1216 1364 Deo
1258 1309 1566 1375 tradiderit,
1604 1327 1707 1367 nec
1743 1312 1814 1367 ad
1861 1313 2011 1368 illius

430 1399 682 1461 trahatur
719 1417 982 1466 amorem,
1020 1403 1287 1463 inermem
1335 1404 1622 1462 inveniens
1655 1406 1850 1460 artifex
1896 1423 2012 1462 ma-

425 1491 579 1553 litiae
621 1493 779 1550 facile
816 1494 989 1551 vincit
1043 1495 1338 1566 pravisque
1387 1497 1812 1568 cogitationibus
1875 1499 2008 1554 sub-

426 1584 632 1639 vertit:
662 1601 812 1640 nunc
843 1586 1066 1657 quidem
1107 1588 1370 1654 elIiciens,
1401 1599 1463 1651 ut
1495 1590 1684 1661 gravia
1717 1590 2010 1648 videantur

425 1675 741 1748 Scripturae
780 1679 1035 1738 mandata
1055 1689 1111 1736 et
1137 1681 1296 1753 211
1339 1683 1628 1740 molestum
1657 1698 1788 1754 erga
1812 1683 2011 1739 fratres

424 1768 814 1835 ministerium,
849 1786 998 1833 nunc
1038 1771 1097 1828 in
1140 1773 1454 1842 superbiam
1493 1775 1580 1828 vel
1627 1783 1899 1829 tumorem
1941 1791 2009 1830 ex

427 1861 547 1932 ipsa
584 1877 710 1934 erga
747 1878 1045 1919 conservos
1082 1879 1214 1919 cura
1249 1881 1377 1922 eum
1410 1866 1667 1930 efferens,
1695 1867 1856 1937 eique
1887 1882 2011 1937 per-

425 1954 695 2016 suadens.
754 1953 1067 2026 implevisse
1137 1972 1265 2012 eum
1341 1958 1598 2018 mandata
1651 1959 1896 2022 Domini,
1954 1967 2011 2013 et

427 2058 686 2113 magnum
722 2059 842 2098 esse
874 2043 928 2099 in
963 2044 1150 2105 coelis.
1182 2046 1294 2105 Nec
1330 2062 1495 2116 parva
1535 2048 1672 2103 haec
1712 2048 2006 2117 iniquitas;

427 2134 596 2190 debet
643 2135 792 2190 enim
842 2137 1048 2206 probus
1098 2151 1163 2192 ac
1211 2138 1483 2197 sollicitus
1542 2154 1734 2194 servus
1778 2140 2011 2195 Domino

425 2226 774 2282 committere
816 2227 1109 2298 probitatis
1143 2229 1435 2300 judicium,
1470 2245 1574 2284 nec
1615 2229 1730 2301 ipse
1769 2247 1870 2300 pro
1907 2231 2012 2285 Do-

426 2316 582 2371 mino
613 2317 776 2372 iudex
811 2327 869 2373 et
910 2317 1162 2373 laudator
1200 2335 1330 2380 suae
1370 2319 1543 2391 ipsius
1577 2321 2013 2377 conversationis

429 2406 569 2462 ﬁeri.
615 2407 671 2464 Si
711 2409 860 2464 enim
893 2409 1011 2479 ipse
1046 2409 1139 2464 fiat
1173 2409 1358 2475 iudex,
1388 2426 1520 2466 vero
1554 2410 1736 2468 iudice
1765 2419 2009 2476 extruso,

427 2513 534 2556 nec
570 2500 880 2558 mercedem
911 2500 1037 2555 inde
1070 2502 1324 2572 accipiet,
1358 2519 1527 2572 quum
1566 2512 1690 2563 ante
1719 2502 1840 2558 eius
1873 2503 2014 2558 iudiv

426 2591 577 2649 cium
624 2591 738 2661 ipse
779 2607 837 2648 se
876 2591 1136 2647 laudibus
1164 2608 1228 2648 ac
1258 2609 1397 2648 vana
1434 2593 1502 2649 de
1541 2610 1599 2650 se
1631 2594 1888 2665 opinione
1922 2611 2012 2650 re-

426 2682 679 2760 pleverit.
726 2682 955 2754 Oportet
991 2684 1138 2739 enim
1183 2685 1486 2742 secundum
1532 2686 1812 2755 eloquium
1858 2685 2013 2742 Pauli

427 2769 688 2843 Spiritum
711 2774 807 2829 Dei
833 2777 1188 2830 testimonium
1214 2777 1430 2830 reddere
1472 2779 1684 2849 spiritui
1717 2789 1893 2832 nostra
1912 2778 2011 2848 (l),

428 2879 609 2934 neque
657 2882 788 2920 vero
835 2877 1026 2922 nostro
1086 2868 1294 2924 iudicio
1349 2880 1537 2925 nostra
1592 2870 1845 2926 iudicari.
1893 2872 2014 2926 Non

426 2956 592 3020 enim,
625 2955 826 3026 inquit,
854 2957 942 3027 qui
974 2975 1029 3012 se
1058 2959 1230 3030 ipsum
1264 2961 1613 3025 commendat,
1645 2960 1734 3014 ille
1763 2962 2014 3033 probatus

425 3047 549 3109 erit,
579 3047 666 3101 sed
687 3065 838 3119 quem
858 3048 995 3109 Deus
1016 3052 1456 3123 commendata).
1489 3053 1590 3120 Qui
1619 3068 1750 3107 vero
1781 3069 1888 3108 non
1921 3071 2015 3108 ex-

429 3147 661 3206 spectat,
688 3141 784 3194 sed
812 3143 1099 3211 praevenit
1129 3143 1275 3198 illius
1312 3144 1597 3209 iudicium,
1629 3145 1682 3199 in
1720 3146 2012 3200 humanam

2111 1036 2333 1106 ἀγαπᾷν
2361 1036 2505 1106 λέγω
2535 1038 2625 1091 τὸν
2665 1036 2912 1108 πλησίον.
2938 1037 3033 1090 τοῦ
3077 1038 3185 1108 γὰρ
3221 1035 3469 1108 πρώτου
3499 1037 3597 1090 καὶ
3635 1053 3730 1107 με-

2111 1128 2279 1197 γάλου
2321 1129 2484 1182 πόνου
2536 1128 2869 1192 κτισθέντος,
2911 1128 2975 1180 τὸ
3030 1127 3298 1199 δεύτερον
3375 1127 3614 1180 ἔλαττον
3670 1125 3728 1180 ὃν

2111 1217 2456 1290 ἀπονώτερον
2481 1219 2675 1272 ἐπεται
2702 1219 2797 1272 τοῦ
2821 1218 3063 1290 πρώτου.
3101 1219 3324 1273 ἐκείνου
3358 1217 3424 1271 δὲ
3456 1217 3538 1288 μὴ
3578 1217 3729 1280 δντος

2110 1315 2232 1368 οὐδὲ
2255 1315 2317 1368 τὸ
2347 1313 2603 1387 δεύτερον
2634 1314 2700 1370 ἂν
2721 1316 2932 1384 γένοιτο
2958 1316 3243 1388 καθαρῶς.
3273 1317 3308 1368 6
3333 1315 3458 1385 γὰρ
3489 1315 3618 1368 θεὸν
3652 1315 3727 1386 μὴ

2103 1405 2341 1473 ’ἀγαπῶν
2369 1405 2430 1470 ἐξ
2454 1407 2584 1476 ὅλης
2609 1406 2788 1478 ψυχῆς
2809 1407 2904 1462 καὶ
2934 1407 2994 1472 ἐξ
3028 1408 3155 1480 ὅλης
3185 1408 3466 1478 καρδίας,
3505 1406 3630 1470 πῶς
3664 1407 3728 1461 ἂν

2112 1496 2281 1566 ὑγιῶς
2312 1498 2406 1550 κει)⁵
2427 1497 2629 1561 ἀδόλως
2653 1498 2967 1568 ἐπιμελοῖτο
2999 1499 3100 1568 τῆς
3128 1498 3242 1551 τῶν
3281 1497 3554 1564 ἀδελφῶν
3587 1498 3727 1565 ἀγά-

2112 1607 2244 1660 πης,
2270 1589 2500 1643 ἐκείνων
2536 1589 2610 1661 μὴ
2643 1589 2869 1661 πληρῶν
2896 1591 2996 1661 τὴν
3032 1592 3289 1662 ἀγάπην.
3311 1591 3390 1644 δι’
3422 1584 3504 1644 ὧν
3533 1592 3728 1658 ἐπιμε-

2111 1678 2285 1733 λεῖται
2305 1679 2509 1749 ταύτης
2535 1679 2741 1734 τούτων
2764 1697 2780 1744 ;
2806 1681 2897 1734 τὸν
2913 1681 3022 1752 γὰρ
3043 1681 3221 1746 οὕτως
3246 1684 3488 1753 ἔχοντα,
3516 1682 3616 1736 καὶ
3647 1681 3720 1752 μή

2110 1769 2210 1840 τὴν
2237 1769 2414 1841 ψυχὴν
2435 1770 2565 1840 ὅλην
2593 1769 2860 1823 ἀποδόντα
2889 1769 3015 1841 θεῷ,
3051 1771 3188 1842 μηδὲ
3202 1773 3357 1842 πρὸς
3375 1773 3484 1842 τὴν
3508 1773 3720 1824 ἐκείνου

2112 1861 2504 1932 κεκωνωμένον
2547 1862 2591 1930 ³)
2623 1861 2846 1931 ἀγάπην
2883 1860 3060 1932 εὑρὼν
3094 1861 3534 1934 ἐξωπλισμένον
3565 1865 3595 1916 6
3627 1861 3724 1931 τῆς

2111 1953 2312 2016 κακίας
2332 1952 2582 2024 τεχνίτης
2607 1951 2890 2023 χειροῦται
2913 1952 3112 2023 ῥᾳδίως
3133 1953 3442 2025 λογισμοῖς
3461 1955 3720 2024 πονηροῖς

2111 2042 2506 2107 ὑποσκελίζων,
2542 2041 2639 2096 νῦν
2672 2043 2769 2114 μὲν
2801 2042 2974 2114 βαρέα
3003 2043 3306 2112 φαίνεσθαι
3332 2043 3520 2096 ποιῶν
3542 2044 3612 2096 τὰ
3628 2042 3721 2112 τῆς

2110 2137 2328 2209 γραφῆς
2347 2135 2700 2206 ἐπιτάγματα
2722 2135 2814 2189 καὶ
2837 2136 3052 2206 ἐπαχθῆ
3065 2135 3162 2205 τὴν
3185 2135 3276 2198 εἰς
3302 2135 3442 2198 τοὺς
3455 2135 3717 2202 ἀδελφοὺς

2113 2227 2435 2299 θεραπείαν,
2459 2226 2554 2280 νῦν
2573 2226 2632 2280 δέ
2660 2226 2906 2296 ἐπαίρων
2928 2227 3010 2288 είς
3037 2223 3380 2288 ἀλαζονείαν
3411 2223 3447 2295 ἦ
3478 2223 3652 2293 τῦφον
3679 2223 3716 2288 ³)

2112 2320 2208 2373 ἀπ’
2231 2319 2401 2390 αὐτῆς
2429 2321 2528 2390 τῆς
2560 2319 2642 2381 εἰς
2671 2317 2798 2380 τούς
2829 2316 3159 2387 ὁμοδούλους
3184 2317 3231 2383 ⁸)
3260 2317 3586 2379 διακονίας,
3626 2315 3712 2368 καὶ

2112 2410 2317 2464 πείθων
2355 2411 2539 2474 αὐτόν,
2575 2409 2672 2472 ὡς,
2720 2410 2804 2462 ὅτι
2847 2409 3137 2480 ἐπλήρωσε
3180 2407 3290 2472 τὰς
3341 2407 3579 2470 ἐντολὰς
3625 2403 3712 2459 τοῦ

2113 2503 2326 2573 κυρίου,
2357 2500 2454 2555 καὶ
2483 2499 2602 2554 ἔστι
2657 2500 2832 2571 μέγας
2880 2503 2939 2554 ἐν
2979 2500 3256 2571 οὐρανοῖς.
3311 2501 3378 2552 οὐ
3419 2499 3622 2570 μικρὸν
3654 2497 3706 2550 δέ

2111 2594 2271 2649 τοῦτο
2307 2594 2574 2664 ἀδίκημα·
2618 2594 2699 2648 δεῖ
2735 2593 2842 2664 γὰρ
2889 2593 2981 2647 τὸν
3021 2592 3216 2646 εὔνουν
3274 2593 3381 2645 καὶ
3424 2591 3710 2644 σπουδαῖον

2111 2681 2296 2738 δοῦλον
2317 2681 2394 2749 τῷ
2415 2679 2650 2750 δεσπότῃ
2679 2678 2961 2733 πιστεύειν
2990 2679 3089 2749 τῆς
3113 2676 3345 2741 εὐνοίας
3368 2677 3477 2746 τὴν
3511 2675 3700 2746 κρίσιν,

2112 2773 2250 2834 ἀλλὰ
2280 2775 2356 2846 μὴ
2402 2773 2566 2828 αὐτὸν
2589 2773 2634 2839 ⁸)
2665 2773 2788 2826 ἀντὶ
2837 2770 2935 2825 τοῦ
2985 2770 3256 2826 δεσπότου
3308 2768 3592 2836 δικαστὴν
3626 2766 3702 2818 καὶ

2115 2867 2408 2938 ἐπαινέτην
2443 2867 2540 2936 τῆς
2582 2863 2750 2918 αὐτοῦ
2783 2864 2828 2934 ⁸)
2873 2862 3132 2933 γενέσθαι
3170 2861 3493 2924 πολιτείας.
3529 2860 3580 2912 εἰ
3606 2856 3702 2928 γὰρ

2115 2959 2278 3023 αὐτὸς
2313 2961 2529 3029 γένοιτο
2570 2961 2787 3030 κριτής,
2821 2957 2916 3011 τὸν
2966 2957 3225 3027 ἀληθινὸν
3278 2956 3704 3028 παρωσάμενος,

2113 3053 2234 3115 οὐδὲ
2261 3053 2353 3104 τὸν
2378 3051 2566 3122 μισθὸν
2589 3049 2800 3104 ἐκεῖθεν
2822 3049 2953 3114 ἕξει,
2978 3048 3086 3120 πρὸ
3105 3051 3204 3117 τῆς
3224 3049 3447 3102 ἐκείνου
3473 3047 3696 3118 κρίσεως

2117 3143 2306 3204 ἑαυτὸν
2333 3141 2376 3213 ⁷)
2411 3146 2523 3206 τοῖς
2555 3141 2800 3204 ἐπαίνοις
2832 3141 2924 3195 καὶ
2944 3143 3011 3210 τῇ
3041 3140 3221 3210 οἰήσει
3268 3137 3701 3210 ἀποπληρώσας.

431 3227 628 3288 incidit
656 3230 907 3300 gloriam,
945 3232 1209 3289 honorem
1239 3234 1343 3288 sibi
1386 3235 1530 3304 apud
1561 3235 1760 3290 fratres
1789 3252 1854 3289 ex
1882 3252 2010 3306 pro-

2114 3234 2196 3288 δεῖ
2215 3234 2324 3306 γὰρ
2343 3233 2485 3294 κατά
2509 3233 2569 3290 τὸ
2596 3233 2775 3302 λόγιον
2801 3233 3012 3286 Παύλου
3058 3232 3124 3286 τὸ
3153 3232 3406 3301 πνεῦμα
3443 3230 3552 3284 τοῦ
3575 3224 3702 3282 θεοῦ

428 3319 568 3398 priis
606 3321 891 3378 laboribus
925 3340 1216 3393 quaerens,
1259 3335 1316 3380 et
1366 3342 1532 3397 Opera
1586 3327 1890 3382 inﬁdelium
1937 3329 2015 3382 fa-

428 3409 602 3464 ciens.
635 3410 876 3466 lnlidelis
905 3414 1054 3467 enim
1084 3423 1187 3478 est,
1219 3415 1312 3485 qui
1350 3415 1618 3471 humanos
1645 3417 1882 3471 honores
1913 3433 2015 3487 pro

427 3501 761 3557 coelestibus
784 3512 1040 3558 sectatur.
1079 3506 1147 3561 Ut
1169 3506 1282 3576 ipse
1306 3507 1504 3562 alicubi
1544 3508 1807 3566 Dominus
1838 3510 1971 3570 dicit
1998 3528 2010 3563 :

429 3592 700 3666 Quomodo
732 3613 819 3650 vos
845 3599 1054 3668 potestis
1079 3599 1308 3664 credere,
1335 3602 1422 3670 qui
1447 3599 1676 3670 gloriam
1700 3601 1764 3655 ab
1796 3603 2014 3656 invicem

429 3687 686 3757 accipitis,
720 3699 768 3742 et
804 3687 1052 3760 gloriam,
1089 3708 1226 3762 quae
1263 3710 1293 3746 a
1323 3691 1434 3746 solo
1457 3692 1566 3747 Deo
1595 3702 1691 3758 est,
1722 3711 1824 3747 non
1854 3711 2016 3767 quae-

429 3779 546 3832 ritis
574 3780 698 3850 (5)?
732 3779 804 3837 lis
837 3782 1040 3853 quippe
1073 3784 1283 3840 similes
1309 3801 1429 3840 esse
1454 3785 1588 3840 mihi
1612 3786 1888 3850 videntur,
1919 3786 2014 3857 qui

428 3873 713 3936 mandant,
745 3879 883 3944 quod
913 3875 1104 3944 deforis
1126 3885 1202 3930 est
1233 3877 1411 3931 colicis
1447 3887 1495 3931 et
1531 3880 1848 3950 paropsidis,
1874 3880 2014 3934 intus

424 3972 608 4025 autem
646 3965 786 4035 pleni
820 3978 942 4022 sunt
973 3971 1273 4024 omnimoda
1308 3969 1515 4024 malitia
1548 3971 1644 4042 (4).
1691 3971 1886 4026 Videte
1917 3971 2016 4041 igi-

424 4064 544 4122 tur,
571 4072 642 4118 ne
684 4059 794 4121 tale
828 4059 962 4138 quid
1003 4061 1314 4131 patiamini,
1354 4062 1450 4118 sed
1485 4078 1704 4117 sursum
1739 4064 2016 4119 elevantes

427 4144 665 4210 animas,
702 4155 760 4207 et
784 4148 954 4211 solam
983 4164 1170 4204 curam
1202 4150 1490 4215 habentes,
1513 4160 1576 4204 ut
1597 4153 1709 4206 Deo
1734 4153 2014 4222 placeatis,

429 4249 612 4304 neque
650 4253 892 4314 unquam
936 4240 1200 4298 memoria
1241 4241 1561 4294 coelestium
1599 4242 1886 4306 excidatis,
1921 4257 2018 4297 ne-

431 4340 540 4406 que
573 4327 712 4382 vitae
752 4329 917 4390 huius
949 4331 1187 4390 honores
1225 4331 1527 4402 arripiatis,
1563 4333 1636 4386 ita
1673 4333 1896 4398 currite,
1920 4349 2015 4388 oc-

427 4419 707 4480 cultantes
742 4423 913 4476 verbo
948 4424 1248 4487 certamina
1278 4425 1502 4479 virtutis
1541 4441 1704 4480 causa
1739 4435 2015 4495 suscepta,

430 4526 504 4576 ne
549 4510 847 4582 quidquam
895 4514 1143 4578 inveniat
1198 4516 1279 4582 is,
1327 4516 1422 4587 qui
1486 4525 1735 4572 terrenos
1781 4518 2019 4573 honores

2115 3323 2565 3392 συμμαρτυρεῖν
2608 3321 2689 3388 τῷ
2737 3325 3030 3392 πνεύματι
3081 3319 3280 3391 ἡμῶν,
3339 3321 3482 3375 ἀλλά
3517 3318 3591 3389 μὴ
3640 3317 3700 3387 τῇ

2117 3415 2370 3488 ἡμετέρᾳ
2410 3416 2592 3486 κρίσει
2626 3414 2694 3467 τά
2721 3415 2967 3486 ἡμέτερα
3003 3413 3434 3484 δοκιμάζεσθαι.
3468 3413 3541 3466 οὐ
3577 3409 3698 3478 γὰρ,

2116 3508 2304 3577 φησὶν,
2330 3510 2362 3561 ό
2388 3506 2607 3561 ἑαυτὸν
2641 3505 2953 3560 συνιστῶν
2973 3505 3144 3559 ἔσται
3171 3506 3219 3576 ⁸)
3248 3505 3526 3573 δόκιμος,
3571 3497 3699 3554 ἀλλ’

2115 3601 2190 3656 ὃν
2221 3605 2254 3656 ὀ
2283 3602 2484 3670 κύριος
2521 3599 2916 3667 συνίστησιν.
2957 3599 2986 3651 ό
3013 3597 3071 3651 δὲ
3108 3597 3183 3668 μὴ
3217 3597 3542 3668 ἀναμένων,
3573 3588 3700 3646 ἀλλά

2117 3693 2337 3763 φθάνων
2366 3692 2466 3763 τὴν
2497 3692 2708 3746 ἐκείνου
2739 3691 2945 3762 κρίσιν,
2987 3691 3066 3753 είς
3086 3690 3186 3753 τὰς
3222 3685 3582 3761 ἀνθρωπίνας
3616 3683 3697 3735 ἐκ·

2116 3786 2307 3838 πίπτει
2339 3784 2520 3850 δόξας,
2551 3783 2720 3854 τιμὴν
2757 3779 2938 3851 ἐαυτῷ
2980 3780 3078 3851 τὴν
3121 3783 3280 3853 παρὰ
3313 3779 3428 3833 τῶν
3464 3772 3694 3842 ἀδελφῶν

2115 3877 2182 3929 ἐκ
2204 3874 2312 3928 τῶν
2343 3874 2488 3928 ἰδίων
2514 3873 2690 3926 πόνων
2723 3871 3272 3943 πραγματευόμενος,
3305 3870 3405 3924 καὶ
3452 3866 3615 3921 ποιῶν
3636 3862 3690 3914 τὸ

2114 3967 2224 4022 τῶν
2269 3967 2537 4020 ἀπίστων·
2570 3965 2798 4027 ἄπιστος
2831 3964 2940 4036 γὰρ
2969 3965 2998 4016 6
3043 3963 3143 4026 τὰς
3186 3962 3546 4035 ἀνθρωπίνας
3583 3953 3685 4012 ἀντὶ

2115 4060 2226 4114 τῶν
2259 4059 2527 4129 οὐρανίων
2557 4056 2808 4127 θηρεύων
2826 4055 2994 4127 τιμάς
3014 4071 3028 4086 ο
3049 4056 3126 4118 ὼς
3147 4055 3318 4118 αὐτός
3339 4053 3445 4108 πού
3473 4054 3517 4119 ο)
3541 4060 3678 4119 φησιν

2115 4154 2145 4206 6
2193 4150 2380 4222 κύριος
2405 4165 2416 4180 ·
2449 4148 2576 4216 πῶς
2615 4148 2882 4201 δύνασθε
2922 4146 3094 4216 ὑμεῖς
3141 4147 3482 4207 πιστεύειν,
3519 4139 3680 4202 δόξαν

2116 4243 2278 4311 παρά
2312 4240 2604 4310 ἀλλήλων
2628 4241 2695 4308 ¹⁰)
2724 4238 3154 4309 λαμϐάνοντες,
3200 4239 3303 4292 καί
3353 4238 3472 4305 τὴν
3517 4231 3683 4295 δόξαν

2118 4335 2232 4404 τὴν
2264 4333 2424 4403 παρὰ
2447 4331 2554 4387 τοῦ
2571 4333 2765 4402 μόνου
2792 4331 2932 4386 θεοῦ
2955 4333 3028 4385 οὺ
3055 4324 3317 4397 ζητεῖτες
3345 4329 3488 4383 τισὶν
3511 4325 3573 4394 ¹¹)
3602 4314 3686 4373 οὖν

2117 4427 2354 4481 ἐοικέναι
2378 4443 2466 4495 μοι
2485 4426 2549 4495 ¹⁸)
2563 4423 2828 4486 δοκοῦσιν,
2846 4423 2896 4476 οἳ
2918 4423 2982 4494 ¹³)
3007 4422 3118 4476 τοῦ
3144 4422 3442 4490 ποτηρίου
3462 4411 3678 4478 καὶτῆς

2119 4517 2457 4587 παροψίδος
2497 4515 2564 4569 τὸ
2600 4513 2774 4579 ἐκτὸς
2819 4513 3377 4582 περικαθαίρουσιν,
3423 4507 3593 4570 ἐντὸς
3625 4501 3686 4553 δὲ

426 4603 699 4674 suggerit,
740 4605 886 4660 unde
941 4607 1115 4678 rapiat
1144 4609 1386 4664 animam
1424 4617 1685 4673 vestram,
1726 4619 1782 4664 et
1822 4625 1889 4663 ex
1924 4626 2015 4664 ve-

2116 4608 2363 4680 μεστοῖς
2388 4605 2678 4670 παντοίας
2702 4599 2845 4658 οὖσι
2867 4605 2931 4671 ¹⁵)
2951 4603 3187 4669 κακίας.
3216 4603 3385 4673 ὁρᾶτε
3401 4594 3511 4654 οὗν.
3544 4593 3611 4663 μή
3636 4604 3682 4680 '6"-

431 4695 615 4758 ritatis
647 4696 859 4753 incuria
887 4700 958 4764 ad
995 4716 1083 4760 res
1121 4716 1289 4763 vanas
1315 4708 1369 4754 et
1397 4717 1586 4755 errore
1611 4702 1802 4770 plenas
1827 4701 2014 4756 detru-

425 4786 546 4851 dat.
573 4789 761 4867 Neque
790 4791 938 4855 enim
973 4791 1199 4848 omnino
1229 4792 1516 4848 inveniens
1547 4793 2014 4862 opportunitatem

431 4879 595 4949 212
645 4897 747 4946 nec
789 4882 1099 4949 introitum,
1129 4893 1190 4939 ut
1209 4901 1327 4948 eos,
1363 4901 1597 4954 quorum
1635 4885 1852 4940 animae
1898 4902 2018 4940 sur-

431 4987 554 5032 sum
591 4972 814 5044 degunt,
844 4977 1108 5055 pelliciat,
1139 4980 1284 5047 perit
1308 4977 1557 5048 iacetque
1584 4987 1863 5044 mortuus;
1890 4994 2018 5031 nam
2047 5039 2058 5070 ἴ

432 5079 582 5120 mors
608 5075 692 5127 est
713 5067 940 5136 diaboli,
967 5070 1238 5136 malitiam
1264 5086 1386 5132 esse
1417 5071 1656 5133 inertem
1679 5080 1739 5125 et
1765 5071 2016 5127 otiosam.
2041 5067 2062 5115 ἰζ

2120 4677 2346 4756 πάθοιτε
2377 4699 2608 4758 τοιοῦτο,
2648 4697 2787 4751 ἀλλά
2827 4695 2941 4750 ἀνω
2980 4695 3162 4757 δόντες
3213 4694 3315 4756 τὰς
3360 4688 3552 4760 ψυχάς,
3599 4677 3684 4734 καὶ

2122 4794 2252 4864 μίαν
2290 4790 2505 4861 ἔχοντες
2567 4788 2823 4860 φροντίδα
2871 4787 2968 4840 τοῦ
3015 4785 3212 4858 ἀρέσαι
3245 4784 3325 4855 τῷ
3377 4780 3566 4850 κυρίῳ,
3598 4768 3681 4824 καὶ

2123 4882 2392 4954 μηδέποτε
2464 4881 2564 4950 τῆς
2633 4877 2741 4930 τῶν
2804 4876 3050 4946 οὐρανῶν
3101 4875 3390 4929 ἐκπίπτειν
3457 4869 3678 4954 μνήμης,

2123 4952 2259 5046 μηδὲ
2301 4973 2366 5045 ’³)
2405 4971 2662 5037 δέξασθαι
2705 4970 2802 5032 τὰς
2844 4969 2940 5021 τοῦ
2976 4967 3090 5039 βίου
3113 4967 3306 5020 τούτου
3336 4961 3521 5052 τιμάς,
3549 4952 3678 5052 οὗῗω

2119 5067 2366 5138 τρέχετε,
2397 5064 2729 5138 κρύπτοντες
2755 5062 2832 5132 τῷ
2859 5061 3004 5131 λόγῳ
3037 5061 3162 5124 τοὺς
3195 5059 3338 5128 ὑπὲρ
3366 5054 3462 5124 τῆς
3493 5050 3678 5119 ἀρετῆς

1711 5238 1968 5294 γΑΒιΑΕ
2006 5232 2408 5290 LECTIONES.

542 5353 584 5423 ‘)
618 5353 808 5443 ⁹(Σοὶ-ξ..
859 5357 988 5443 eod;
1036 5359 1434 5443 ἐξερευνήσας,
1487 5389 1555 5443 ῖς

1601 5358 1644 5426 ³)
1677 5358 1758 5412 Ex
1805 5355 1976 5418 coni.,
2017 5347 2138 5407 eod.
2205 5351 2602 5426 κεκυνωμρνον.
2627 5421 2640 5426 _
2653 5351 2736 5405 An
2775 5352 3020 5426 praefers
3057 5335 3569 5426 κεκορεσμένον,Ϊή
3598 5345 3670 5426 κεῖ

438 5410 765 5494 κινηξιένονῖ
791 5410 862 5498 ξέ
883 5426 924 5494 ³)
951 5410 1097 5482 διο(ἰῖ
1463 5430 1504 5491 ⁸)
1542 5410 1794 5489 Emend,
1822 5425 1944 5498 cod.
1965 5410 2270 5498 δμοδνξλους.
2287 5452 2356 5498 τ·-
2380 5423 2399 5452 “
2424 5410 2689 5498 'Eltiend._,
2710 5410 2859 5498 Στοά..
2879 5422 3068 5498 αὐτὴν.
3100 5450 3168 5498 έ-
3193 5417 3235 5486 ⁶)
3259 5413 3398 5498 Οοάῖ
3418 5410 3588 5498 {12532-
3609 5425 3670 5498 ς

649 5474 856 5548 saved).
895 5474 1458 5560 L'iiEié'cBlinnon
1478 5474 1794 5567 ἐσῖὶῗζνῐ
1815 5474 2145 5555 (Ζοιτηόοθ.
2175 5474 2308 5567 »αὐτό
2337 5509 2493 5567 σπου.
2527 5522 2596 5567 _—
2615 5492 2680 5567 “_’)
2708 5490 2802 5567 Sic
2819 5561 2825 5567 _
2849 5491 2903 5567 in
2931 5474 3052 5542 eod.
3095 5474 3229 5567 sine,
3253 5474 3668 5567 ἓροδιτοριξῌνιὲθ

437 5566 658 5637 passim.
697 5567 835 5637 -_—“)
855 5565 1009 5637 qud,
1045 5569 1208 5621 τίσιν.
1237 5570 1374 5637 —-”)
1407 5571 1485 5624 Ex
1511 5569 1679 5633 coni.,
1707 5565 1830 5622 cod.
1869 5567 2042 5618 ἔοικεν
2073 5565 2214 5634 ἐμοὶ.

438 5634 605 5698 coni.,
645 5635 767 5688 cod.
805 5635 898 5706 μὴ.

2249 5538 2320 5601 :-
2343 5538 2569 5632 ῖέῖἁὸά.
2607 5538 2677 5613 οῑῖ
2701 5538 3051 5625 Ζῖίίᾶοἶέξ,
3075 5538 3206 5614 (ἑὸἇξ
3224 5538 3402 5624 οῡόης.
3429 5538 3494 5588 —'—
3516 5541 3573 5611 ’⁵)
3595 5538 3661 5592 Ελ

1954 5723 2208 5780 NOTAE.

513 5817 589 5876 (I)
634 5819 786 5872 Ilum.
826 5823 960 5883 VIII,
1001 5821 1080 5874 Ili.

511 5885 591 5955 {2)
631 5887 671 5939 ll
701 5887 820 5944 Cor.
853 5891 919 5959 Χ,
959 5891 1043 5943 I8.

2187 5816 2260 5882 (5)
2289 5816 2411 5871 Joh.
2446 5816 2508 5879 v,
2547 5816 2630 5868 μ.

2188 5887 2262 5957 (i)
2299 5887 2488 5942 .‘Iatth.
2512 5885 2701 5951 XXIII,
2737 5886 2825 5940 25.
