4016 6492
264 485 354 546 ιιι

1744 506 2147 564 EPISTOLAE.

3491 485 3598 544 £30

292 604 529 680 δ’(ῶνας,
560 609 727 682 ὅπως
763 622 983 690 μικρὸν
1013 620 1185 692 εὑρὼν
1211 622 1238 674 ό
1267 622 1354 685 ςάς
1385 624 1448 675 ὲκ
1482 622 1580 691 τῆς
1617 622 1721 690 γῆς
1751 622 1916 691 τιμὰς
1946 672 1949 680 ι

2051 616 2224 684 ῥυοᾱεὶ
2270 632 2424 670 amor
2455 615 2550 669 Dei
2578 611 2735 667 vobis
2777 612 2940 670 inest,
2967 624 3189 663 necesse
3215 613 3297 660 est
3328 615 3385 660 et
3417 614 3600 658 cetera

311 698 644 768 ῦποῦἀλλων,
682 708 791 760 καὶ
844 709 1102 762 ἐντεῦθεν
1143 711 1396 780 ἀρπάσας
1444 711 1599 780 ὑμῶν
1647 711 1736 763 τὸν
1766 710 1909 773 νοῦν,

325 801 385 852 ἐκ
411 795 509 866 τῆς
533 793 648 849 τῶν
693 797 979 868 ἀληθινῶν
1019 799 1271 869 ἀσχολίας
1317 801 1412 853 ἐπὶ
1456 801 1527 852 τὰ
1584 801 1786 869 μάταια
1822 800 1916 852 καὶ

328 889 536 959 πλάνης
585 890 760 959 μεστά
817 889 1104 962 καταϐάλῃ
1153 893 1220 950 ¹).
1285 893 1359 962 μὴ
1408 891 1585 961 εὑρὼν
1625 891 1681 944 δὲ
1725 891 1917 962 καιρὸν

336 980 472 1042 ’ὅλως
519 977 657 1050 μηδὲ
703 979 1082 1050 παρείσδυσιν,
1116 980 1196 1042 εἰς
1235 979 1296 1032 τὸ
1338 980 1588 1034 δελεᾶσαι
1645 982 1770 1044 τοὺς
1804 980 1918 1034 ἀνω

341 1076 459 1133 ταῖς
502 1071 706 1141 ψυχαῖς
778 1071 1155 1142 διατρίϐοντας
1211 1073 1458 1126 ἀπόλωλε
1509 1074 1556 1143 ⁸)
1604 1075 1700 1127 καὶ
1741 1075 1918 1128 κεῖται

339 1164 553 1234 νεκρός·
593 1163 819 1228 θάνατος
848 1162 956 1234 γὰρ
990 1163 1233 1218 διαϐόλου
1261 1165 1320 1217 τὺ
1343 1164 1622 1237 ἄπρακτον
1655 1165 1798 1236 ἔχειν
1827 1166 1920 1219 καὶ

335 1256 702 1328 ἀνενέργητον
725 1255 824 1328 τὴν
851 1258 1068 1313 κακίαν.
1103 1258 1326 1328 ἀγάπης
1347 1255 1440 1311 οὖν
1470 1260 1528 1310 ἐν
1561 1258 1689 1329 ὑμῖν
1715 1257 1923 1329 παρού-

335 1364 439 1416 σης
463 1347 561 1401 τοῦ
581 1346 707 1402 θεοῦ
737 1347 949 1417 ἀνάγκη
981 1348 1075 1401 καὶ¹
1100 1347 1169 1401 τὰ
1195 1347 1358 1402 λοιπά
1376 1347 1549 1421 ταύτῃ
1571 1347 1920 1412 συνέπεσθαι,

331 1437 394 1492 τὺ
424 1437 776 1507 φιλάδελφον,
810 1438 873 1492 τὸ
900 1441 1096 1510 πρᾶον,
1147 1439 1210 1493 τὸ
1253 1439 1644 1508 ἀνυπόκριτον,
1686 1438 1750 1492 τὸ
1793 1440 1923 1509 περὶ

330 1531 436 1594 τὰς
463 1530 634 1600 εὺχάς
665 1529 887 1600 διαρκὲς
914 1531 1010 1585 καὶ
1051 1531 1360 1592 σπουδαῖον,
1396 1532 1491 1584 καὶ
1526 1529 1712 1592 ἀπλῶς
1742 1531 1924 1584 πᾶσαν

332 1624 575 1695 ἀρετήν.
601 1622 677 1686 ὡς
703 1618 796 1676 οῦν
827 1623 1066 1694 μεγάλου
1087 1623 1180 1676 τοῦ
1198 1623 1474 1694 κτήματος
1497 1622 1648 1685 δντος
1676 1622 1926 1692 μεγάλων

335 1715 435 1767 καὶ
481 1714 665 1768 πόνων
712 1714 794 1768 δεῖ
841 1715 970 1786 περὶ
996 1713 1096 1784 τὴν
1145 1715 1338 1785 κτῆσιν
1363 1755 1380 1781 ,
1428 1714 1490 1768 οὐ
1543 1714 1681 1785 πρὸς
1707 1713 1927 1778 ἔνδειξιν

336 1803 656 1877 ἀνθρώπων
696 1807 1016 1876 γινομένων,
1049 1805 1164 1859 ἀλλ’
1189 1807 1269 1869 είς
1303 1806 1367 1859 τὺ
1398 1805 1593 1876 ἀρέσαι
1621 1805 1700 1877 τῷ
1754 1808 1929 1876 κυρίῳ

336 1896 418 1968 τῷ
453 1897 526 1950 τὰ
560 1896 784 1968 κρυπτὰ
809 1897 992 1960 είδότι,
1031 1897 1170 1969 πρὸς
1189 1896 1249 1951 δν
1271 1898 1352 1952 δεῖ
1382 1898 1600 1969 βλέπειν
1629 1899 1736 1962 ἀεί,
1755 1899 1930 1952 καὶτὸ

2019 712 2174 765 illum
2221 707 2520 777 consequi,
2574 719 2817 759 amorem
2861 703 3183 763 fraternum,
3226 694 3602 750 m:msuetud-i-

2019 814 2166 863 nem,
2205 797 2599 859 sinceritatem,
2643 794 2700 848 in
2742 794 2989 848 oratione
3031 787 3519 860 perseverantiam,
3546 792 3603 839 ct

2017 892 2229 956 zelum,
2268 897 2324 944 et
2376 887 2602 942 omnino
2640 900 2860 940 omnem
2923 883 3207 936 virtutem.
3268 879 3374 934 Sed
3431 893 3601 947 quum

2021 996 2250 1051 magnus
2291 979 2363 1034 sit
2401 979 2726 1040 thesaurus,
2777 974 2958 1046 magni
2990 973 3156 1027 etiam
3209 969 3319 1024 sint
3384 968 3606 1023 labores

2020 1086 2245 1126 necesse
2296 1079 2382 1124 est
2446 1068 2514 1122 ad
2565 1083 2692 1121 eum
2753 1062 3193 1136 adipiscendum,
3234 1057 3327 1129 qui
3379 1073 3488 1111 non
3535 1054 3604 1108 ad

2020 1163 2444 1219 ostentationem
2488 1159 2632 1230 apud
2671 1157 2924 1212 homines
2967 1156 3115 1219 fiant,
3158 1152 3252 1207 sed
3297 1161 3356 1204 ut
3395 1150 3607 1221 placea—

2022 1272 2147 1311 mus
2196 1255 2428 1310 Domino
2463 1253 2557 1322 qui
2598 1250 2752 1305 novit
2802 1246 3142 1310 abscondita,
3180 1259 3342 1314 quem
3391 1255 3608 1308 semper

2021 1349 2296 1418 respicere
2315 1346 2598 1408 debemus,
2627 1351 2679 1397 et
2714 1340 2976 1396 interiora
3008 1337 3175 1392 animi
3208 1334 3462 1398 scrutari,
3489 1333 3608 1402 pie-

2026 1441 2264 1510 tatisque
2298 1437 2515 1492 munire
2557 1431 3003 1504 cogitationibus,
3029 1445 3098 1484 nc
3135 1428 3418 1482 introitum
3459 1425 3611 1478 inve-

2025 1532 2144 1586 niat
2181 1544 2361 1598 neque
2389 1528 2571 1581 locum
2599 1523 2922 1578 insidiarum
2956 1519 3322 1581 adversarius,
3351 1530 3610 1570 exercere

2025 1638 2159 1677 vero
2193 1631 2249 1676 et
2283 1620 2484 1674 ducere
2520 1617 2587 1671 ad
2633 1614 2758 1668 boni
2796 1624 2852 1668 et
2887 1611 3010 1666 mali
3057 1610 3422 1680 cognitionem
3462 1622 3614 1660 mor--

2027 1715 2156 1772 bida
2176 1712 2388 1766 animae
2410 1709 2674 1763 membra.
2689 1708 2955 1762 Exercere
2983 1711 3165 1756 autem
3180 1716 3299 1755 eam
3319 1699 3423 1752 scit.
3439 1697 3612 1750 Deum

2031 1821 2268 1876 sequens
2314 1818 2469 1857 mens
2511 1809 2568 1854 et
2619 1808 2786 1854 totam
2827 1797 3064 1852 animam
3102 1791 3208 1846 sibi
3247 1790 3510 1860 copulans
3544 1787 3613 1842 ad

2032 1895 2186 1949 illum
2221 1907 2287 1946 ex
2322 1889 2417 1945 Dei
2452 1904 2656 1954 amore,
2693 1897 2748 1943 ct
2781 1885 3012 1940 occultis
3033 1881 3254 1937 virtutis
3275 1877 3615 1949 cogitationi-

339 1989 492 2042 ἔνδον
519 1989 625 2058 τῆς
643 1989 822 2058 ψυχῆς
849 1989 1148 2061 διερευνᾷν,
1169 1990 1264 2044 καὶ
1279 1990 1676 2061 περιφράσσειν
1697 1991 1810 2052 τοῖς
1829 1991 1929 2061 τῆς

2051 2001 2138 2040 ωε
2175 1983 2668 2050 mandatorumque
2700 1977 2963 2048 operibus
2997 1971 3280 2044 putridum
3322 1984 3520 2024 sanans
3563 1976 3619 2022 et

338 2077 636 2142 εὐσεϐείας
664 2078 968 2149 λογισμοῖς,
991 2078 1139 2140 ὅπως
1169 2077 1244 2149 μὴ
1274 2077 1624 2148 παρείσδυσιν
1647 2077 1785 2152 εὕρῃ
1812 2077 1935 2132 τινὰ

345 2169 494 2241 μηδὲ
522 2169 712 2240 χώραν
743 2169 1080 2241 ἐπιϐουλῆςό
1107 2170 1398 2237 ἀντίδικος,
1427 2169 1727 2240 γυμνάζειν
1754 2169 1811 2222 δὲ
1842 2169 1938 2223 καὶ

339 2261 655 2333 προσάγειν
690 2261 826 2332 πρὸς
862 2261 960 2331 τὴν
986 2260 1081 2314 τοῦ
1115 2261 1281 2315 καλοῦ
1309 2262 1402 2314 καί¹
1439 2261 1680 2332 πονηροῦ
1708 2261 1940 2330 διάγνω-

350 2372 435 2408 σιν
475 2354 544 2407 τά
580 2352 922 2424 ⁴ἠσθενηκότα
959 2354 1058 2424 τῆς
1103 2353 1285 2424 ψυχῆς
1332 2353 1492 2424 μέλη.
1538 2352 1838 2422 γυμνάζειν
1883 2352 1940 2406 δὲ

358 2445 521 2518 α”.ηὴν
537 2440 685 2500 οἶδεν
710 2445 739 2498 ό
763 2444 841 2516 τῷ
862 2444 968 2516 θεῷ
985 2445 1250 2516 ἑπόμενος
1279 2445 1322 2513 ³)
1348 2443 1472 2508 νοῦς
1498 2445 1592 2498 καὶ
1619 2443 1939 2506 συνοικίζων

365 2536 532 2608 ἐαυτῷ
563 2538 751 2590 πᾶσαν
803 2537 901 2606 τὴν
947 2535 1127 2607 ψυχὴν
1160 2535 1298 2606 πρὸς
1327 2536 1532 2589 ἐκεῖνον
1565 2535 1629 2588 ἐκ
1661 2534 1762 2605 τῆς
1803 2532 1940 2604 πρὸς

366 2628 486 2682 θεδν
509 2629 758 2698 ἀγάπης,
807 2626 904 2680 καὶ
927 2625 1038 2680 τῶν
1071 2625 1332 2697 κρυπτῶν
1362 2627 1461 2696 τῆς
1491 2623 1692 2696 ἀρετῆς
1724 2621 1944 2676 ἐννοιῶν

359 2722 454 2775 καὶ
477 2719 655 2793 ἐργων
696 2719 918 2789 ἐντολῆς
953 2717 1180 2790 ἰώμενος
1209 2717 1269 2771 τὺ
1300 2716 1504 2788 σαθρὸν
1530 2716 1626 2769 καὶ¹
1659 2714 1945 2768 συνάπτων

355 2815 437 2884 τῷ
473 2811 709 2882 δυνατῷ.
738 2813 860 2866 ἐπεὶ
892 2805 986 2864 οὖν
1021 2810 1118 2882 μία
1142 2809 1259 2863 ἐστὶ
1292 2808 1504 2881 φρουρά
1547 2808 1644 2862 καὶ
1681 2805 1948 2878 θεραπεία

357 2904 568 2976 ψυχῆς,
617 2903 681 2957 τὸ
713 2901 1024 2974 μεμνῆσθαι
1061 2902 1119 2955 ἐν
1164 2900 1316 2970 πόθῳ
1358 2899 1505 2965 θεοῦ,
1557 2898 1654 2952 καὶ
1699 2899 1787 2952 ἀεὶ
1839 2897 1949 2951 τῶν

360 2997 594 3066 ἀγαθῶν
619 2995 838 3068 ἔχεσθαι
867 2993 1108 3058 ἐννοιῶν,
1132 2994 1207 3065 μὴ
1231 2993 1556 3063 ἀποστῶμεν
1572 2991 1673 3062 τῆς
1693 2991 1950 3062 τοιαύτης

365 3089 632 3162 σπουδῆς,
669 3089 766 3160 ἦτε
802 3087 1095 3152 ἐσθίοντες,
1119 3087 1216 3158 ἣτε
1247 3086 1516 3149 πίνοντες,
1567 3085 1664 3156 ἥτε
1690 3083 1951 3156 ἠρεμοῦν-

363 3200 480 3247 τες,
528 3183 630 3252 ἥτε
669 3179 951 3243 ποιοῦντές
997 3195 1070 3245 τι,
1106 3179 1140 3249 ἢ
1174 3178 1558 3248 φθεγγόμενοι,
1596 3177 1744 3240 ὅπως
1774 3176 1952 3230 πάντα

2036 2087 2304 2149 quantum
2359 2075 2490 2129 licet
2534 2074 2890 2143 conjungens.
2937 2067 3115 2133 Quum
3160 2071 3342 2118 autem
3391 2075 3500 2114 una
3549 2058 3621 2113 sit

2037 2164 2285 2220 custodia
2323 2171 2378 2217 et
2414 2177 2544 2216 cura
2579 2161 2813 2224 animae,
2847 2157 2943 2212 Dei
2985 2154 3198 2210 scilicet
3229 2167 3354 2207 cum
3399 2149 3619 2204 deside-

2040 2259 2124 2313 rio
2169 2255 2470 2318 recordari,
2501 2264 2558 2308 et
2607 2268 2823 2321 semper
2866 2249 3026 2303 bonis
3066 2241 3493 2315 cogitationibus
3539 2240 3622 2292 in—

2040 2349 2291 2410 haerere,
2325 2361 2391 2400 ne
2419 2343 2736 2400 cxcidamus
2768 2342 2859 2396 tali
2897 2339 3036 2401 zelo,
3074 2336 3188 2391 sive
3222 2335 3470 2397 edentes,
3507 2331 3622 2386 sive

2043 2439 2315 2502 bibentes,
2347 2437 2462 2492 sive
2495 2435 2677 2498 otiosi,
2712 2434 2827 2488 sive
2868 2439 3091 2500 agentes
3131 2424 3359 2494 aliquid,
3392 2423 3506 2478 sive
3547 2421 3626 2475 In.

2044 2539 2296 2602 quentes,
2329 2538 2391 2582 ut
2438 2529 2641 2590 omnia,
2673 2541 2814 2596 quae
2874 2523 3124 2584 facimus,
3162 2520 3217 2572 in
3260 2514 3357 2572 Dei
3405 2513 3625 2568 laudem

2045 2625 2260 2688 cedant,
2295 2639 2405 2676 non
2456 2621 2510 2674 in
2545 2628 2786 2673 nostram
2827 2617 3092 2686 ipsorum,
3129 2625 3309 2681 neque
3341 2607 3472 2679 quid
3511 2622 3629 2659 sor-

2046 2717 2236 2773 didum
2269 2717 2355 2770 vel
2396 2713 2778 2769 immunditiae
2808 2711 2918 2765 vita
2949 2719 3137 2764 nostra
3159 2723 3226 2762 ex
3264 2703 3466 2760 diaboli
3498 2701 3631 2756 insi-

2047 2809 2155 2864 diis
2189 2808 2388 2862 trahat.
2431 2807 2721 2860 Praeterea
2759 2803 2931 2856 Deum
2974 2797 3330 2869 diligentibus
3361 2794 3537 2849 facilis
3575 2798 3632 2846 et

2049 2900 2233 2955 suavis
2277 2898 2656 2952 mandatorum
2701 2895 2879 2958 labor,
2925 2907 3095 2962 quum
3136 2891 3257 2945 leve
3301 2897 3358 2942 et
3399 2883 3633 2940 amabile

2049 2990 2211 3045 nobis
2254 2997 2533 3044 certamen
2585 2986 2780 3041 reddat
2829 2983 2978 3039 illius
3023 2996 3196 3037 amor.
3245 2978 3426 3046 Quare
3466 2975 3635 3031 etiam

2054 3083 2308 3138 diabolus
2333 3080 2483 3136 omni
2521 3079 2684 3134 modo
2718 3076 2936 3138 nititur,
2973 3083 3034 3128 ut
3070 3073 3321 3128 timorem
3354 3067 3571 3124 Domini
3603 3079 3637 3119 e

2054 3175 2317 3233 cordibus
2367 3173 2596 3237 evellat,
2648 3178 2705 3227 et
2756 3182 2999 3224 amorem
3051 3179 3181 3236 erga
3231 3155 3386 3217 illum
3430 3158 3638 3215 illicitis

364 3273 440 3327 τὰ
468 3251 604 3344 παρ’
635 3272 766 3342 ἡμῖν
798 3272 877 3335 εἰς
907 3270 1007 3341 τὴν
1025 3270 1118 3324 τοῦ
1149 3268 1272 3323 θεοῦ
1301 3267 1526 3339 συντελῇ
1553 3266 1732 3331 δόξαν.
1758 3267 1851 3321 καλ⁸
1877 3265 1949 3338 μὴ

2056 3265 2432 3336 voluptatibus
2476 3261 2847 3330 suavibusque
2892 3251 3070 3312 liamis
3098 3253 3380 3318 dissolvat,
3416 3259 3641 3305 conten-

364 3367 448 3430 εις
493 3330 597 3436 την
626 3330 904 3435 ἡμετέραν
942 3330 1144 3427 αὐτῶν,
1189 3361 1324 3432 μηδὲ
1353 3359 1450 3432 ἔχῃ
1475 3330 1662 3428 1’ςτινά
1700 3330 1889 3428 ῥύπον.

2060 3330 2272 3426 ditque,
2317 3363 2398 3418 ut,
2441 3367 2566 3407 cum
2612 3351 2851 3405 animam
2886 3346 3091 3403 nudam
3138 3341 3521 3415 spiritualibus
3557 3355 3644 3394 ar-

367 3457 570 3530 κηλῖδα
599 3455 756 3526 ἡμῶν
777 3457 806 3509 δ
843 3454 958 3525 βίος
997 3456 1061 3508 ἐκ
1090 3456 1192 3526 τῆς
1215 3451 1312 3506 τοῦ
1355 3450 1594 3522 πονηροῦ
1627 3449 1917 3517 ἐπιϐουλῆς
1938 3462 1954 3478 ⁸

365 3551 467 3605 καὶ
500 3549 680 3612 ἄλλως
711 3548 756 3619 ⁸)
782 3547 841 3601 δὲ
882 3550 994 3611 τοῖς
1025 3545 1288 3614 ἀγαπῶσι
1317 3545 1409 3598 τὸν
1437 3543 1558 3598 θεὸν
1604 3542 1824 3606 εὔκολος
1865 3541 1962 3595 καὶ

370 3643 505 3713 ἡδὺς
555 3639 667 3694 τῶν
700 3637 929 3694 ἐντολῶν
963 3639 992 3692 δ
1022 3639 1204 3702 πόνος,
1251 3635 1484 3708 ἐλαφρὸν
1535 3636 1630 3690 καὶ
1663 3636 1962 3706 ἐπέραστον

376 3733 509 3802 ἡμῖν
532 3729 629 3783 τὸν
659 3729 848 3798 ἀγῶνα
884 3727 987 3799 τῆς
1027 3727 1164 3800 πρὸς
1193 3729 1403 3781 ἐκεῖνον
1429 3725 1690 3795 ποιούσης
1716 3725 1960 3794 ἀγάπης.

387 3819 476 3874 διὰ
502 3820 659 3875 τοῦτο
689 3820 783 3874 καὶ
813 3822 842 3874 ό
891 3818 1125 3888 πονηρὸς
1175 3817 1353 3871 πάντα
1386 3815 1712 3885 ἀγωνίζεται
1739 3815 1962 3886 τρόπον,

390 3910 630 3966 ἐκϐαλεῖν
650 3911 744 3965 τὸν
767 3908 862 3964 τοῦ
905 3910 1098 3982 κυρίου
1133 3908 1298 3980 φόϐον
1325 3908 1434 3962 ἀπὸ
1470 3907 1581 3960 τῶν
1621 3905 1832 3977 ψυχῶν,
1871 3905 1966 3959 καὶ

383 3999 633 4056 διαλῦσαι
655 4001 756 4073 τὴν
787 4001 924 4073 πρὸς
952 4003 1160 4054 ἐκεῖνον
1201 3999 1424 4070 ἀγάπην
1466 4000 1682 4070 ἡδοναῖς
1730 3996 1966 4068 παρανό-

380 4110 512 4168 μοις
561 4093 654 4148 ut
704 4095 957 4164 τερπνοῖς
1004 4091 1352 4162 ἀγκίστροις,
1411 4088 1768 4160 φιλονεικῶν,
1817 4089 1969 4151 ὅπως

383 4185 604 4261 γυμνὴν
646 4185 757 4238 τῶν
809 4183 1196 4253 πνευματικῶν
1233 4182 1412 4236 ὅπλων
1457 4183 1500 4252 ⁸)
1553 4181 1649 4235 καὶ
1695 4181 1970 4253 ἄφρουρον

381 4276 576 4330 λαϐὼν
603 4277 702 4347 τὴν
729 4277 930 4348 ψυχήν,
966 4276 1095 4338 τοὺς
1121 4273 1320 4338 πόνους
1345 4274 1504 4344 ἡμῶν
1528 4273 1837 4345 διαφθείρῃ,
1872 4271 1972 4344 τὴν

386 4371 457 4423 ικ
489 4368 594 4438 τῆς
623 4366 728 4436 γῆς
767 4369 898 4437 ἡμῖν
931 4365 1088 4432 δόξαν
1135 4365 1442 4433 ἐπεισάγων
1475 4367 1540 4436 τῇ
1571 4364 1828 4436 οὐρανίῳ,
1879 4365 1974 4418 καὶ

386 4459 666 4516 ἐπιθολῶν
694 4460 764 4514 τά
792 4460 960 4523 δντως
995 4456 1138 4511 καλά
1181 4459 1293 4521 τοῖς
1330 4457 1578 4511 δοκοῦσιν
1615 4453 1755 4510 εἶναι
1787 4456 1975 4519 καλοῖς

383 4555 456 4624 τῇ
484 4550 598 4606 τῶν
626 4552 996 4622 ἀπατωμένιιω
1032 4550 1326 4619 φαντασίᾳ.
1363 4548 1534 4610 δεινὸς
1559 4548 1668 4620 γάρ
1706 4549 1823 4602 ἐστι
1849 4547 1973 4609 καὶ,

2060 3446 2166 3501 mis
2195 3453 2252 3498 et
2286 3441 2678 3498 incustoditam
2712 3435 3162 3509 deprehenderit,
3188 3441 3405 3489 nostros
3428 3431 3645 3486 labores

2060 3537 2274 3608 perdat,
2313 3544 2588 3588 terrenam
2640 3530 2800 3584 nobis
2846 3527 3074 3600 gloriam
3114 3541 3214 3596 pro
3249 3522 3473 3579 coelesti
3519 3536 3646 3591 sug-

2062 3642 2279 3698 gerens,
2307 3634 2364 3680 et
2392 3624 2692 3679 obscurans
2717 3634 2858 3690 quae
2888 3631 3016 3672 vere
3045 3615 3274 3690 pulchra
3302 3612 3463 3686 213
3495 3620 3643 3676 sunt,

2064 3720 2134 3775 iis
2175 3732 2316 3788 quae
2353 3715 2582 3787 pulchra
2619 3727 2740 3769 esse
2777 3709 3039 3765 videntur
3069 3703 3442 3776 imaginationi
3488 3701 3650 3756 dece-

2064 3821 2302 3883 ptorum.
2328 3805 2620 3863 Terribilis
2639 3804 2786 3859 enim
2805 3811 2981 3868 estet,
3006 3799 3346 3871 negligentes
3360 3795 3408 3850 si
3426 3794 3650 3848 invene-

2067 3903 2144 3956 rit
2181 3898 2456 3962 custodes,
2490 3896 2546 3950 in
2585 3893 3001 3966 opportunitate
3042 3887 3353 3965 arripienda
3383 3895 3440 3942 et
3471 3884 3650 3940 virtu-

2068 3993 2141 4048 tis
2185 3990 2469 4046 laboribus
2522 3985 2836 4058 irrependo,
2869 3991 2927 4039 et
2971 3983 3154 4039 tritico
3196 3996 3295 4036 sua
3327 3977 3538 4034 zizania
3570 3976 3655 4030 in-

2069 4083 2409 4147 terserendo,
2429 4081 2784 4137 maledictum
2807 4077 3022 4133 scilicet
3043 4083 3101 4130 et
3120 4072 3434 4144 superbiam
3455 4078 3512 4126 et
3535 4068 3652 4123 ina-

2069 4192 2195 4231 nem
2223 4175 2452 4247 gloriam
2475 4181 2532 4229 et
2550 4171 2778 4227 honoris
2807 4167 3122 4240 cupidinem
3157 4174 3215 4220 et
3246 4162 3656 4220 contentionem

2071 4277 2128 4325 et
2159 4277 2345 4324 cetera
2386 4265 2628 4322 malitiae
2667 4263 2930 4319 facinora.
2974 4259 3202 4330 Oportet
3236 4257 3404 4329 igitur
3434 4253 3658 4324 vigilem

2071 4379 2192 4419 esse
2237 4370 2295 4418 et
2324 4360 2569 4431 undique
2623 4357 2902 4414 custodire
2950 4354 3266 4417 inimicum,
3306 4357 3401 4414 ut,
3443 4345 3659 4401 etiamsi

2074 4455 2385 4511 machinam
2437 4452 2712 4524 quandam
2761 4448 3113 4521 impudenter
3161 4443 3441 4508 adhibeat,
3481 4439 3663 4511 priusp-

2076 4563 2240 4618 quam
2280 4546 2518 4600 animam
2557 4544 2757 4614 capiat,
2793 4557 2921 4598 eum
2968 4537 3374 4611 propulsemus.
3424 4533 3664 4589 Memen-

389 4641 776 4715 ρᾳθυμοῦντας
797 4644 843 4695 εί
866 4643 913 4713 ⁷)
939 4642 1074 4714 εὕρῃ
1097 4643 1221 4703 τοὺς
1245 4639 1512 4708 φύλακας,
1544 4639 1740 4709 κλέψαι
1760 4637 1949 4710 καιρόν

2079 4648 2190 4694 tote
2224 4654 2357 4692 vero
2389 4636 2526 4692 mihi
2567 4636 2735 4691 etiam
2779 4649 3019 4704 semper,
3055 4629 3203 4702 quod
3239 4627 3374 4684 Abel
3423 4625 3537 4681 Deo
3580 4638 3666 4677 sa-

388 4733 493 4786 καὶ
524 4731 864 4786 ἐπεισελθεῖν
891 4732 1008 4794 τοῖς
1039 4730 1139 4799 τῆς
1165 4728 1369 4800 ἀρετῆς
1403 4729 1606 4793 πόνοις,
1637 4727 1733 4781 καὶ
1763 4743 1949 4793 συγκα‹

2079 4731 2348 4786 orificium
2397 4729 2466 4784 de
2513 4727 2777 4800 primitiis
2830 4727 3016 4782 ovium
3066 4733 3123 4780 et
3172 4722 3395 4792 adipum
3441 4715 3662 4778 obtulit,

390 4825 691 4893 τασπεῖραι
717 4821 793 4894 τῷ
818 4822 948 4891 σίτῳ
963 4821 1032 4874 τὰ
1053 4818 1244 4874 ἑαυτοῦ
1273 4817 1509 4883 ζιζάνια,
1539 4818 1804 4889 λοιδορίαν
1833 4817 1977 4886 λέγω

393 4916 492 4969 καὶ
521 4913 696 4984 τῦφον
728 4915 822 4967 καὶ
869 4913 1177 4976 κενοδοξίαν
1219 4912 1316 4965 καὶ
1348 4911 1512 4982 τιμῆς
1549 4910 1844 4980 ἐπιθυμίαν
1886 4911 1979 4962 καὶ

399 5007 518 5079 ἐριν
551 5009 648 5062 καὶ
672 5007 740 5061 τὰ
759 5007 922 5061 λοιπά
936 5007 1036 5076 τῆς
1056 5006 1256 5070 κακίας
1281 5005 1761 5075 δημιουργήματα.
1789 5005 1871 5058 δεῖ
1884 5000 1977 5058 οὖν

403 5097 766 5169 ἐγρηγορέναι
796 5098 889 5150 καὶ
914 5099 1102 5166 τηρεῖν
1134 5094 1398 5149 πάντοθεν
1426 5094 1518 5147 τὸν
1546 5094 1758 5165 ἐχθρόν,
1806 5095 1976 5165 ὅπως,

401 5162 505 5242 κεῖ,
526 5162 816 5259 προσϐάλῃ
838 5162 1251 5255 τινὰ-’μηχανὴν
1281 5185 1372 5236 ὑπ’
1398 5162 1804 5254 ἀναισχῦντίας,
1852 5162 1982 5256 πρὶν

403 5278 640 5346 ἅψασθαι
686 5279 788 5348 τῆς
835 5277 1035 5348 ψυχῆς,
1083 5275 1552 5344 ἀποκρούσασθαι.
1614 5276 1982 5347 μνημονεύετε

395 5371 458 5425 δέ
480 5389 570 5442 μοι
600 5371 843 5441 συνεχῶς
860 5367 1240 5432 κάκείνωνβτι
1257 5366 1420 5419 Ἀϐελ
1455 5367 1554 5438 μὲν
1577 5368 1882 5438 προσέφερε
1905 5369 1984 5439 τῷ

393 5464 508 5537 θεῷ
533 5464 730 5518 θυσίαν
760 5463 868 5518 ἀπὺ
897 5459 1265 5532 πρωτοτόκων
1283 5456 1574 5530 προϐάτων
1597 5459 1691 5511 καὶ
1721 5459 1983 5527 στεάτων,

2079 4823 2212 4879 Cain
2242 4838 2375 4878 vero
2402 4822 2470 4877 de
2501 4821 2772 4876 fructibus
2804 4827 3006 4883 terrae,
3037 4815 3134 4872 sed
3164 4831 3276 4870 non
3306 4813 3374 4868 de
3406 4806 3666 4879 primitiis

2078 4917 2378 4971 fructuum.
2402 4914 2470 4968 Et
2488 4913 2735 4985 respexit,
2757 4909 2958 4980 inquit,
2980 4909 3122 4964 Deus
3145 4905 3214 4960 ad
3230 4899 3494 4968 sacriﬁcia
3515 4894 3664 4961 Abel,

2083 5008 2153 5061 ad
2179 5023 2399 5060 munera
2423 5003 2559 5061 Cain
2586 5013 2765 5059 autem
2793 5018 2899 5056 non
2941 4999 3170 5072 respexit
3188 4994 3288 5068 (l).
3313 4992 3466 5059 Quae
3501 4989 3671 5060 igitur

2085 5099 2350 5153 historiae
2381 5097 2626 5152 utilitas?
2670 5095 2934 5159 Discitur,
2968 5107 3132 5162 quam
3165 5087 3532 5158 beneplacens
3560 5084 3672 5138 Deo

2087 5207 2250 5246 omne
2297 5191 2389 5254 sit,
2429 5189 2576 5260 quod
2605 5204 2731 5243 cum
2762 5189 2959 5242 timore
2993 5193 3050 5240 et
3091 5182 3197 5238 fide
3229 5181 3308 5244 fit,
3337 5193 3516 5249 neque
3543 5191 3674 5230 vero

2089 5279 2145 5334 id
2183 5279 2329 5349 quod
2360 5287 2679 5349 sumptuose
2713 5277 2830 5332 sine
2863 5291 3049 5330 amore
3091 5272 3394 5344 perficitur.
3433 5267 3545 5324 Nec
3577 5267 3676 5321 ali-

2089 5381 2174 5426 ter
2206 5371 2483 5425 Abraham
2524 5386 2555 5425 a
2596 5367 2998 5424 Melchisedech
3042 5364 3483 5422 benedictionem
3522 5373 3676 5413 acce-

2090 5462 2190 5531 pit,
2221 5463 2328 5516 nisi
2359 5462 2526 5517 etiam
2554 5461 2824 5532 primitias
2847 5469 2903 5516 et
2926 5461 3109 5532 opima
3135 5458 3374 5516 offerens
3402 5449 3674 5508 sacerdoti

1669 5575 1926 5630 VARIAE
1965 5577 2260 5635 LECTION
2268 5579 2370 5635 ES.

509 5674 527 5705 ¹
553 5669 745 5758 λλιξοά.
777 5665 1112 5758 κατὲϐάλλῃ.
1142 5661 1444 5758 ῖκξλςοιι.
1474 5663 1763 5758 ’ἀπόθευλὲ
1790 5665 2101 5758 ῖς)ΑοΠοιῇ
2144 5669 2425 5758 ἑπόμενος.
2445 5701 2513 5709 -
2545 5668 2783 5740 l’)Cort'.,
2821 5667 2945 5758 cod.
2975 5667 3160 5758 ἔχειν.
3223 5696 3292 5708 -
3333 5665 3379 5737 ⁵)
3414 5661 3674 5731 Εωθιιᾶ..

398 5744 528 5801 cod.
555 5735 741 5804 ἀλλος.
781 5768 852 5778 ——
882 5737 924 5808 ⁸)
955 5735 1090 5792 Cod.
1141 5735 1341 5789 ὅπλων.
1379 5763 1450 5772 ——-
1474 5735 1518 5804 τ)
1569 5737 1617 5787 εί
1669 5750 1780 5789 om.
1827 5735 2110 5803 librarius,
2150 5740 2266 5795 sed.
2315 5755 2386 5794 ιιι.
2428 5735 2578 5796 corr.
2616 5755 2786 5810 supra
2819 5735 3104 5794 adscrfoi.

1920 5854 2176 5916 NOTAE.

476 5936 554 6009 (Ι)
597 5934 795 5991 Genes.
831 5925 921 5993 Ν,
954 5925 1008 5979 4.
