4016 6484
423 465 516 521 ιδι

1701 474 1756 528 S.
1801 475 2083 531 MACARII
2121 478 2439 532 AEGYPTII

3662 478 3770 531 4-32

424 582 521 636 Dei
551 581 660 654 (l);
689 583 870 652 opima
902 593 1083 638 autem
1129 585 1265 640 dicit
1291 596 1346 641 et
1383 588 1653 657 primitias
1679 589 2012 644 substantia—

2129 595 2238 651 ἱάῖν
2257 595 2312 647 δὲ
2339 595 2447 647 ἀπὸ
2469 595 2699 664 καρπῶν
2717 597 2815 663 τῆς
2832 594 2959 662 γῆς,
2991 595 3101 646 ἀλλ’
3132 594 3256 645 οὐκ
3297 591 3424 644 ἀπὸ
3456 591 3581 644 τῶν
3607 592 3768 663 πρώ-

426 692 550 729 rum
599 676 769 745 ipsam
817 676 1055 729 animam
1099 686 1156 732 et
1203 680 1375 748 ipsam
1421 690 1692 745 mentem,
1740 682 2016 751 imperans

425 765 606 824 nobis.
641 782 710 820 ne
752 766 1178 835 pusillanimiter
1223 771 1570 826 immolemus
1597 772 1709 826 Deo
1738 772 1929 828 laudes
1959 783 2017 830 et

425 872 652 926 preces,
702 873 880 926 neque
915 859 1077 914 obvia
1123 877 1376 931 quaeque
1418 863 1649 917 Domino
1695 865 2011 929 oﬂ‘eramus,

425 948 522 1002 sed
553 949 698 1018 quod
733 951 1004 1020 optimum
1039 961 1124 1007 est
1155 954 1390 1020 animae,
1425 955 1592 1010 immo
1624 956 1807 1026 potius
1837 956 2008 1026 ipsam

426 1047 595 1092 totam
647 1041 866 1095 tradere
912 1057 1036 1095 cum
1084 1045 1234 1098 onmi
1282 1061 1467 1100 amore
1510 1057 1568 1101 et
1617 1048 1918 1113 alacritate,
1953 1056 2013 1102 ut

424 1146 642 1201 semper
667 1132 865 1187 nutriti
886 1132 1125 1204 Spiritus
1155 1138 1348 1208 gratia,
1371 1147 1428 1192 et
1455 1138 1736 1204 virtutem,
1772 1155 1914 1209 quae
1945 1156 2014 1194 ex

423 1221 648 1278 Christo
679 1234 784 1290 est,
822 1235 1166 1283 assumentes
1189 1228 1444 1298 expedite
1472 1244 1764 1284 curramus
1787 1246 2013 1286 cursum

425 1313 642 1379 salutis,
679 1332 918 1388 eumque
957 1317 1174 1374 facilem
1202 1328 1260 1375 et
1290 1335 1513 1374 suavem
1547 1319 1860 1387 reddamus,
1887 1337 2018 1377 cur-

428 1420 551 1460 sum
579 1407 790 1464 scilicet
811 1409 1072 1473 iustitiae,
1103 1410 1408 1481 opitulante
1441 1411 1603 1466 nobis
1625 1412 1737 1466 Deo
1767 1412 1836 1467 ad
1864 1413 2016 1467 labo-

430 1513 554 1552 rum
581 1501 845 1567 studium,
881 1512 938 1558 et
959 1503 1276 1573 perﬁciente
1303 1520 1402 1574 per
1426 1519 1527 1558 nos
1549 1504 1796 1574 justitiae
1825 1521 2010 1576 opera.

2115 702 2224 738 των
2253 687 2500 756 καρπῶν.
2531 688 2628 738 καὶ
2654 686 2872 748 ἐπεῖδε,
2911 687 3062 754 φησί,
3091 688 3124 737 ὁ
3158 684 3318 747 θεὸς
3351 682 3461 734 ἐπὶ
3493 682 3640 745 ταῖς
3668 689 3771 736 0v-

2115 777 2281 841 σίαις
2313 771 2622 838 τοῦἊὸελ,
2660 776 2759 828 ἐπὶ
2797 776 2865 828 δὲ
2897 776 3022 841 τοῖς
3059 775 3300 840 δώροις
3340 772 3466 825 τοῦ
3496 772 3652 826 Κάϊν
3698 777 3769 827 οὐ

2113 866 2438 930 προσέσχε.
2469 865 2524 918 τί
2561 865 2738 918 τοίνυν
2781 866 2880 935 τῆς
2923 864 3176 935 ἱστορίας
3227 863 3302 915 τὸ
3372 862 3634 931 κέρδοςε
3687 864 3768 914 ὅτι

2114 952 2233 1005 ἔστι
2254 951 2466 1020 μαθεῖν,
2484 952 2559 1016 ὼς
2581 953 2876 1024 εὐάρεστον
2899 952 2978 1022 τῷ
2999 952 3106 1022 θεῷ
3131 949 3534 1022 πάντοτε[τὸ]
3555 951 3573 981 ¹
3584 961 3599 1019 )
3627 953 3765 1020 μετὰ

2118 1045 2291 1114 φόϐου
2323 1047 2417 1099 καὶ
2465 1045 2722 1109 πίστεως,
2757 1047 2819 1100 ού
2866 1046 2928 1099 τὸ
2957 1045 3291 1108 πολυτελῶς
3338 1043 3490 1098 ἄνευ
3537 1045 3768 1113 ἀγάπης

2117 1137 2420 1208 γινόμενον.
2449 1137 2573 1191 οὐδὲ
2600 1135 2849 1210 Ἀϐραὰμ
2866 1137 3018 1208 παρά
3041 1137 3134 1190 to:
3162 1136 3554 1205 Μελχισεδὲκ
3588 1136 3766 1201 άλλως

2118 1227 2338 1294 ἐδέξατο
2359 1227 2461 1300 τὴν
2491 1227 2766 1296 εὐλογίαν,
2799 1227 2939 1282 ἀλλά
2969 1228 3062 1282 καὶ
3083 1227 3195 1290 τὰς
3226 1227 3526 1296 ἀπαρχὰς
3558 1230 3659 1280 καὶ
3699 1230 3766 1282 τά

2117 1321 2308 1393 καίρια
2332 1320 2708 1390 προσενέγκας
2733 1320 2814 1390 τῷ
2845 1321 2983 1392 ἱερεῖ
3013 1321 3109 1374 τοῦ
3151 1319 3334 1373 θεοῦο
3362 1319 3440 1373 τὰ
3479 1318 3680 1391 καίρια
3707 1320 3763 1374 δὲ

2123 1411 2276 1480 λέγει
2306 1411 2401 1464 καὶ
2437 1409 2509 1463 τά
2535 1407 2824 1480 ἀκροθίνια
2865 1410 2974 1462 τῶν
3017 1408 3416 1479 ὑπαρχόντων
3452 1408 3640 1476 αὐτὴν
3667 1406 3748 1476 τὴ-

2117 1503 2298 1574 ψυχὴν
2314 1504 2409 1556 καὶ⁵
2423 1503 2516 1556 τὸν
2543 1500 2667 1554 νοῦν
2685 1501 2869 1564 αὐτόν,
2891 1500 3132 1554 κελεύων
3156 1501 3210 1570 ²)
3249 1501 3425 1570 ἡμῖν,
3455 1498 3538 1570 μὴ
3563 1515 3760 1569 μικρο-

429 1591 658 1659 πρεπῶς
709 1593 857 1647 θύειν
909 1595 988 1665 τῷ
1028 1593 1137 1664 θεῷ
1171 1595 1272 1658 τὰς
1319 1595 1556 1658 αίνέσεις
1595 1595 1690 1650 καὶ
1732 1596 1832 1660 τὰς
1865 1597 2052 1666 εύχάς,
2095 1593 2230 1665 μηδὲ
2259 1593 2302 1661 ³)
2331 1592 2401 1644 τά
2426 1591 2662 1662 τυχόντα
2699 1589 2778 1660 τῷ
2805 1589 3040 1661 δεσπότῃ
3073 1590 3441 1660 προσάγειν,
3473 1588 3598 1642 ἀλλ’
3633 1588 3688 1639 εἰ
3707 1606 3758 1641 τι

429 1683 648 1752 καίριον
676 1689 776 1757 τῆς
804 1686 1005 1759 ψυχῆς,
1040 1688 1242 1758 μᾶλλον
1294 1689 1354 1742 δὲ
1401 1689 1573 1761 αὐτὴν
1613 1690 1742 1760 ὃλην
1775 1691 2089 1745 ἀνατιθέναι
2131 1688 2270 1759 μετά
2304 1689 2485 1757 πάσης
2513 1685 2738 1756 ἀγάπης
2764 1687 2859 1740 καὶ
2888 1685 3240 1756 προθυμίας,
3286 1685 3461 1747 ὅπως
3497 1685 3590 1737 ἀεὶ
3633 1701 3754 1754 τρε-

432 1776 659 1845 φόμενοι
681 1781 746 1848 τῇ
771 1778 864 1832 τοῦ
898 1782 1206 1851 πνεύματος
1229 1783 1411 1852 χάριτι
1439 1784 1532 1836 καὶ
1563 1783 1794 1853 δύναμιν
1821 1784 1919 1854 τῆν
1955 1786 2019 1836 ἐκ
2057 1783 2153 1836 τοῦ
2217 1779 2459 1852 Χριστοῦ
2518 1777 3055 1850 προσλαμϐάνοντες,
3099 1777 3432 1848 τρέχωμεν
3459 1776 3509 1846 ⁴⁵)
3558 1775 3754 1847 ῥᾳδίως

429 1869 524 1922 τὸν
554 1873 823 1942 σωτηρίου
854 1875 898 1937 ⁵)
935 1875 1157 1946 δρόμον,
1202 1877 1404 1944 κοῦφον
1455 1879 1550 1932 καὶ
1589 1879 1718 1949 ἡδὺν
1783 1878 2086 1944 ποιοῦντες,
2122 1879 2213 1931 τὸν
2248 1877 2390 1947 ὑπὲρ
2422 1875 2522 1944 τῆς
2556 1873 2923 1943 δικαιοσύνης,
2952 1871 3602 1941 συναντιλαμϐάνοντος
3630 1872 3750 1942 ἡμῖν

433 1958 540 2014 τοῦ
581 1961 706 2015 Θεοῦ
748 1965 885 2034 πρὸς
916 1967 1014 2035 τὴν
1051 1967 1162 2020 τῶν
1192 1969 1369 2022 πόνων
1397 1972 1656 2043 σπουδήν,
1685 1974 1782 2026 κοιλ¹
1830 1971 2223 2034 ἀποτελοῦντος
2251 1969 2324 2024 δι’
2357 1967 2515 2040 ἡμῶν
2534 1967 2603 2021 τὰ
2635 1968 2735 2038 τῆς
2765 1965 3114 2038 δικαιοσύνης
3147 1965 3330 2036 ἔργα.

506 2055 576 2109 Et
605 2056 742 2111 haec
762 2057 986 2126 quidem
1010 2059 1296 2116 hactenus.
1326 2063 1402 2118 De
1423 2064 1646 2120 virtutis
1669 2075 1852 2120 autem
1888 2081 2016 2136 par-

2190 2066 2300 2118 Καὶ
2332 2062 2505 2116 ταῦτα
2537 2061 2635 2132 μὲν
2689 2061 2854 2130 μέχρι
2899 2059 3113 2113 τούτου.
3167 2059 3320 2128 περὶ
3374 2059 3438 2112 δὲ
3491 2058 3608 2112 τῶν
3656 2059 3742 2128 τῆς

436 2145 606 2211 tibus,
637 2164 905 2218 quaenam
940 2151 1135 2214 melior
1175 2153 1247 2208 sit
1279 2154 1640 2212 existimanda
1667 2167 1724 2212 et
1752 2174 1881 2228 prae
1923 2173 2018 2212 ce-

437 2237 574 2292 teris
616 2241 939 2309 expetenda,
978 2259 1248 2312 quaenam
1297 2253 1422 2315 post
1469 2264 1590 2302 eam
1635 2249 1911 2313 secunda,
1965 2257 2024 2304 et

437 2339 654 2385 ceterae
689 2332 952 2404 deinceps
991 2337 1260 2408 singulae,
1294 2339 1404 2394 dici
1451 2340 1661 2410 nequit.
1691 2341 1855 2414 214
1885 2341 2023 2396 Nam

438 2421 558 2490 pari
583 2423 793 2479 honore
824 2425 969 2481 inter
1004 2441 1064 2482 se
1106 2437 1254 2494 sunt,
1286 2437 1344 2484 et
1377 2430 1615 2486 invicem
1649 2434 1925 2490 studiosos
1954 2434 2024 2489 ad

438 2511 718 2584 fastigium
755 2515 986 2572 ducunt.
1029 2518 1247 2574 Etenim
1287 2522 1612 2592 simplicitas
1645 2525 1713 2580 ad
1753 2525 2024 2580 obedien—

439 2603 575 2657 tiam
610 2605 886 2674 perducit,
912 2607 1228 2665 obedientia
1263 2611 1334 2666 ad
1355 2612 1517 2668 ﬁdem
1539 2655 1552 2678 ,
1583 2613 1717 2670 ﬁdes
1746 2615 1813 2670 ad
1849 2631 2022 2686 spem,

438 2709 565 2766 spes
601 2695 670 2750 ad
697 2697 1181 2766 ministrationem,
1223 2710 1280 2757 et
1324 2703 1462 2759 haec
1504 2705 1570 2758 ad
1620 2706 2022 2775 humilitatem;

437 2801 470 2840 a
497 2802 603 2854 qua
632 2791 999 2845 mansuetudo
1022 2793 1304 2862 excipiens
1333 2795 1402 2849 ad
1431 2797 1693 2866 gaudium
1739 2798 2023 2867 perducit,

437 2878 696 2945 gaudium
737 2880 804 2934 ad
831 2883 1137 2946 caritatem,
1171 2885 1373 2939 caritas
1401 2887 1468 2940 ad
1501 2887 1832 2964 orationem,
1863 2898 1920 2942 et
1952 2889 2027 2942 ita

441 2979 634 3025 mutuo
657 2971 944 3029 devinctae
963 2984 1021 3029 et
1046 2976 1420 3032 devincientes
1445 2993 1592 3042 eum,
1616 2980 1709 3048 qui
1731 2995 1826 3034 eas
1851 2980 2028 3048 possi—

442 3058 556 3122 det,
583 3060 649 3114 ad
674 3061 852 3131 ipsum
890 3064 1203 3132 perducunt
1234 3067 1312 3120 rei
1343 3067 1685 3124 desideratae
1714 3069 2024 3140 fastigium:

444 3152 592 3206 sicut
626 3168 656 3206 e
678 3156 958 3209 contrario
990 3157 1235 3227 nequitia
1265 3174 1393 3213 suos
1429 3161 1634 3216 amicos
1654 3178 1754 3231 per
1783 3163 2030 3232 proprias

445 3243 622 3312 ipsius
644 3253 831 3314 partes
861 3246 930 3300 ad
962 3258 1267 3303 extremam
1294 3251 1556 3305 malitiam
1589 3253 1832 3308 deducit.
1859 3254 2032 3324 Opor-

449 3342 530 3388 tet
565 3344 748 3390 autem
769 3353 868 3390 vos
889 3339 1062 3407 magis
1088 3341 1326 3396 orationi
1351 3357 1571 3411 operam
1596 3360 1814 3398 navare.
1843 3345 2028 3416 Siqui-

2121 2157 2325 2228 ἀρετῆς
2357 2154 2562 2227 μερῶν,
2593 2156 2745 2207 ποῖον
2787 2153 2868 2205 δεῖ
2900 2155 3150 2222 κρεῖττον
3198 2151 3486 2222 ἡγεῖσθαι
3519 2154 3619 2206 καὶ
3650 2153 3732 2222 πρὸ

2120 2250 2230 2303 τῶν
2253 2249 2430 2304 ἀλλων
2452 2245 2822 2316 ἐπιτηδεύειν,
2846 2246 2998 2298 ποῖον
3024 2243 3081 2297 δὲ
3098 2243 3315 2297 τούτου
3343 2244 3638 2315 δεύτερον,
3661 2243 3736 2296 καὶ

2121 2341 2190 2394 τὰ
2241 2340 2378 2393 ἄλλα
2429 2338 2632 2408 ἐφεξῆς
2683 2336 2807 2392 καθ’
2860 2337 3111 2401 ἕκαστον,
3155 2336 3272 2389 οὐκ
3332 2336 3499 2388 ἐστιν
3551 2337 3732 2388 εἰπεῖν.

2121 2432 2366 2503 ἀλλήλων
2389 2430 2499 2500 γάρ
2526 2430 2804 2500 ὁμοτίμως
2834 2427 3070 2498 ἔχονται,
3103 2429 3208 2480 καὶ
3241 2428 3323 2481 δι’
3366 2427 3631 2498 ἀλλήλων
3653 2425 3734 2478 ἐπὶ

2121 2525 2223 2594 τὴν
2267 2521 2509 2594 κορυφὴν
2535 2520 2661 2582 τοὺς
2689 2519 3005 2590 χρωμένους
3035 2517 3383 2587 ἀνάγουσιν.
3429 2520 3464 2588 ἡ
3514 2518 3614 2587 μὲν
3639 2515 3734 2583 γὰρ

2126 2616 2362 2686 ἁπλότης
2405 2616 2472 2682 τῇ
2520 2613 2736 2682 ὑπακοῇ
2783 2609 3155 2682 παραδίδωσιν
3180 2650 3196 2672 ,
3251 2612 3289 2681 ἡ
3321 2610 3384 2662 δὲ
3427 2607 3646 2677 ὑπακοὴ
3676 2609 3729 2674 τῇ

2125 2709 2330 2768 πίστει,
2367 2705 2506 2776 αῦτη
2539 2707 2584 2775 ⁸)
2623 2705 2680 2757 δὲ
2715 2707 2784 2774 τῇ
2813 2703 3013 2766 ἑλπίδι,
3040 2702 3133 2756 καὶ
3168 2704 3204 2772 ἡ
3241 2702 3410 2763 ἐλπὶς
3449 2703 3519 2771 τῇ
3560 2700 3726 2752 διαιιο⁴

2125 2801 2232 2869 νίᾳ,
2289 2798 2518 2868 κάκείνη
2572 2798 2637 2866 τῇ
2685 2794 3057 2864 ταπεινότητι,
3112 2794 3283 2863 παρά
3339 2792 3400 2844 δὲ
3453 2789 3725 2860 ταύτηςή

2125 2887 2370 2958 πρᾳότης
2401 2883 2906 2954 παραλαμϐάνουσα
2941 2884 3007 2952 τῇ
3057 2884 3211 2953 χαρᾷ
3263 2882 3570 2953 προσάγει,
3607 2881 3638 2950 ή
3677 2878 3726 2929 δὲ

2128 2978 2273 3048 χαρὰ
2317 2980 2384 3047 τῇ
2416 2977 2630 3048 ἀγάπῃ,
2669 2975 2827 3044 καὶὴ
2865 2974 3056 3042 ἀγάπη
3085 2975 3154 3044 τῇ
3208 2975 3380 3042 εὐχῇ,
3429 2975 3529 3025 καὶ
3571 2971 3726 3030 οὕτως

2125 3069 2372 3138 ἀλλήλων
2406 3066 2770 3137 ἐξηρτημέναι
2794 3068 2891 3118 καὶ
2915 3063 3301 3136 ὲξαρτήσασαι
3333 3065 3432 3118 τὸν
3461 3065 3720 3134 ἐχόμενον,

2127 3163 2216 3214 ἐπ’
2262 3160 2434 3230 αὐτὴν
2479 3160 2743 3227 ἀνάγουσι
2785 3158 2881 3210 τοῦ
2909 3157 3258 3226 ποθουμένου
3303 3158 3409 3227 τὴν
3460 3155 3722 3226 κορυφήν

2128 3252 2380 3320 καθάπερ
2406 3252 2500 3304 ἀπ’
2522 3250 2783 3304 ἐναντίων
2812 3252 2845 3320 ὴ
2876 3249 3111 3319 πονηρία
3143 3250 3283 3312 τοὺς
3314 3251 3521 3317 ἑαυτῆς
3554 3245 3721 3313 φίλους

2128 3343 2216 3396 διὰ
2244 3343 2354 3395 τῶν
2375 3343 2594 3395 οἰκείων
2628 3341 2800 3410 αὐτῆς
2839 3340 3024 3411 μερῶν
3054 3341 3148 3392 ἐπὶ
3184 3342 3291 3406 τὴν
3329 3340 3578 3410 ἐσχάτην
3607 3351 3721 3388 κατ-

450 3423 576 3478 clem
608 3441 672 3480 ea
715 3426 826 3480 dux
862 3428 1133 3496 quaedam
1163 3440 1247 3486 est
1289 3431 1345 3484 in
1382 3433 1552 3487 choro
1576 3435 1867 3490 virtutum.
1917 3438 2021 3491 Per

2129 3435 2246 3503 ἀγει
2277 3436 2493 3488 κακίαν.
2519 3433 2600 3486 δεῖ
2628 3434 2686 3486 δὲ
2720 3434 2865 3502 ὑμᾶς
2913 3433 3076 3485 πλέον
3101 3436 3184 3504 τῇ
3217 3434 3359 3504 εὐχῇ
3394 3443 3716 3504 προσκαρτε-

449 3529 615 3584 quam
635 3524 691 3568 et
714 3525 924 3570 ceteras
943 3516 1172 3574 virtutes
1189 3535 1216 3573 a
1239 3521 1350 3573 Deo
1370 3520 1627 3589 petimus,
1648 3531 1704 3575 ut
1720 3523 2033 3576 communio

452 3616 616 3675 atque
651 3607 967 3663 coniunctio
995 3609 1212 3675 existat,
1238 3627 1337 3680 per
1370 3612 1653 3682 mysticam
1683 3614 2032 3668 sanctitatem

451 3707 510 3751 et
531 3697 870 3767 spiritualem
892 3701 1167 3770 quandam
1194 3705 1576 3772 operationem
1611 3715 1667 3760 et
1703 3705 2036 3759 inell‘abilcm

451 3788 906 3859 dispositionem,
952 3792 1074 3845 eius
1123 3792 1217 3862 qui
1273 3793 1330 3847 in
1385 3794 1688 3849 orationem
1743 3794 2030 3850 incumbit.

454 3882 693 3951 Spiritus
725 3883 872 3938 enim
916 3884 1044 3938 inde
1073 3884 1268 3938 ducem
1299 3892 1358 3940 et
1382 3887 1612 3940 militiae
1641 3886 1851 3940 socium
1883 3903 2035 3941 assu-

455 3988 611 4027 mens
635 3973 946 4027 ineenditur
984 3974 1053 4028 ad
1081 3975 1304 4030 Domini
1345 3992 1592 4032 amorem
1615 4018 1628 4041 ,
1653 3985 1712 4032 et
1751 3979 1909 4033 ardet
1935 3979 2035 4032 de-

453 4064 680 4128 siderio,
704 4065 982 4120 fastidium
1004 4067 1271 4121 orationis
1300 4083 1409 4122 non
1445 4069 1755 4134 inveniens,
1781 4069 1877 4124 sed
1897 4084 2040 4125 sem;

456 4169 554 4222 per
585 4156 652 4208 ad
679 4172 925 4211 amorem
959 4156 1089 4210 boni
1135 4157 1504 4213 inﬂammatus
1542 4167 1599 4212 et
1638 4162 1877 4215 animam
1922 4163 2039 4215 ala-

456 4247 655 4301 critate
689 4248 1043 4318 refrigerans,
1072 4248 1216 4302 sicut
1242 4248 1448 4302 dictum
1480 4260 1565 4304 est
1589 4268 1600 4303 :
1626 4249 1725 4314 Qui
1747 4251 1905 4303 edunt
1937 4268 2037 4315 me,

459 4342 628 4394 adhuc
656 4344 906 4406 esuriem,
935 4352 983 4396 et
1009 4345 1097 4414 qui
1125 4343 1302 4396 bibunt
1343 4361 1442 4408 me,
1466 4345 1635 4398 adhuc
1662 4348 1836 4399 sitiant
1855 4345 1952 4416 (2),
1985 4357 2042 4402 ct

458 4431 591 4485 alibi
623 4451 634 4484 :
673 4433 869 4487 Dedisti
900 4435 1158 4489 laetitiam
1200 4436 1257 4488 in
1285 4436 1441 4490 corde
1491 4453 1607 4490 meo
1635 4436 1736 4507 (5),
1774 4446 1831 4492 et
1856 4439 2042 4492 Donni-

459 4539 602 4577 nus:
639 4525 875 4595 Regnum
917 4527 1183 4581 coelorum
1228 4531 1372 4582 intra
1405 4546 1492 4582 vos
1533 4537 1607 4582 est
1630 4529 1727 4600 (4).
1757 4529 2042 4595 Quodnam

459 4630 688 4686 regnum
701 4617 847 4670 vdieit
870 4619 1011 4674 intra
1033 4634 1133 4672 nos
1160 4635 1302 4683 esse,
1335 4621 1440 4674 nisi
1463 4621 1686 4674 omnino
1709 4621 1853 4674 illam
1877 4620 2044 4675 desu-

2135 3527 2267 3596 ρείν.
2315 3520 2426 3578 οἷον
2451 3523 2560 3594 γὰρ
2594 3525 2888 3596 κορυφαῖός
2935 3541 3020 3587 τις
3059 3522 3136 3593 τῷ
3181 3523 3338 3594 χορῷ
3390 3522 3503 3575 τῶν
3528 3515 3717 3590 ἀρετῶν

2135 3614 2274 3685 αὐτῆ
2300 3615 2577 3684 τυγχάνει·
2623 3615 2689 3668 δι’
2727 3611 2796 3685 ἧς
2829 3615 2925 3668 καὶ
2953 3615 3054 3677 τὰς
3086 3614 3292 3676 λοιπὰς
3321 3613 3527 3685 ἀρετάς
3552 3607 3716 3663 αίτοὺ-

2139 3704 2280 3775 μεοα
2319 3704 2470 3776 παρὰ
2509 3703 2602 3757 τοῦ
2644 3705 2791 3767 θεοῦ,
2843 3705 2920 3767 ὡς
2957 3706 3218 3756 κοινωνεῖ
3252 3706 3351 3756 καὶ
3406 3701 3714 3754 συνάπτεται

2135 3795 2200 3847 δι’
2222 3796 2511 3865 ἁγιότητος
2554 3796 2823 3865 μυστικῆς
2856 3797 2950 3849 καὶ
2984 3795 3379 3864 πνευματικῆς
3409 3809 3554 3854 τινος
3575 3790 3710 3854 ἐνερ-

2137 3887 2291 3955 γείας
2305 3888 2402 3940 καὶ
2413 3887 2706 3948 διαθέσεως
2719 3888 2962 3957 ἀρρήτου
2977 3889 3004 3939 ό
3020 3889 3086 3956 τῇ
3107 3887 3164 3938 εὖ
3173 3889 3245 3956 χῇ
3273 3877 3706 3956 προσκαρτερῶν.

2135 3979 2198 4030 τὸ
2227 3979 2337 4049 γάρ
2367 3978 2584 4047 πνεῦμα
2611 3978 2787 4031 λαϐὼν
2818 3977 3069 4030 ἐντεῦθεν
3095 3977 3299 4045 ὁδηγὸν
3329 3977 3427 4029 καὶ
3446 3976 3704 4043 σύμμαχον

2139 4069 2397 4137 φλέγεται
2445 4069 2580 4140 πρὸς
2601 4068 2699 4139 τὴν
2728 4069 2820 4120 τοῦ
2863 4069 3055 4139 κυρίου
3088 4069 3343 4138 ἀγάπην,
3386 4067 3481 4119 καὶ
3520 4063 3614 4126 ζέει
3634 4054 3699 4123 τῷ

2141 4159 2314 4227 πόθῳ,
2349 4160 2512 4228 κόρον
2546 4161 2648 4228 τῆς
2677 4159 2845 4228 εὐχῆς
2876 4161 2973 4229 οὐχ
3000 4159 3300 4231 εὑρίσκων,
3327 4153 3446 4212 ἀλλ’
3480 4155 3561 4209 ἀεὶ
3588 4147 3698 4220 πρὸς

2140 4249 2232 4301 τὸν
2280 4249 2458 4320 ἔρωτα
2500 4249 2594 4302 τοῦ
2625 4249 2832 4316 ἀγαθοῦ
2877 4251 3262 4319 ἐκκαιόμενος,
3300 4248 3397 4302 καὶ
3437 4244 3602 4316 ἄρδων
3640 4237 3698 4304 τῇ

2143 4339 2419 4411 προθυμίᾳ
2440 4341 2540 4410 τὴν
2577 4341 2778 4409 ψυχήν,
2820 4339 3001 4402 καθὼς
3034 4341 3287 4411 εἴρηταιο
3320 4343 3374 4392 οἱ
3410 4325 3697 4404 τρώγοντές

2137 4449 2214 4502 με
2233 4433 2321 4486 ἔτι
2349 4431 2731 4490 πεινάσουσι,
2755 4432 2853 4485 καὶ
2876 4437 2930 4486 ot
2962 4432 3246 4497 πίνοντές
3274 4433 3319 4499 ⁷)
3348 4446 3426 4498 με
3439 4429 3524 4480 ἔτι
3543 4415 3701 4486 διψή⁴

2144 4537 2349 4578 σουσι.
2383 4523 2479 4585 καὶ
2516 4521 2754 4590 ἀλλαχοῦ
2779 4537 2792 4550 ο
2821 4520 3048 4586 ἔδωκας
3077 4521 3472 4589 εὐφροσύνην
3490 4517 3570 4577 εἰς
3603 4527 3630 4560 τ
3635 4507 3701 4572 ἦν

2145 4611 2395 4678 καρδίαν
2415 4628 2554 4679 μου.
2593 4611 2686 4662 καὶ
2703 4611 2732 4662 ὁ
2759 4611 2947 4681 κύριος
2972 4627 2986 4640 ’
3011 4613 3049 4678 ὴ
3085 4610 3368 4666 ϐασιλεία
3406 4604 3518 4658 τῶν
3545 4600 3697 4662 οὐρα-

460 4685 562 4778 per
616 4724 715 4778 per
783 4709 1048 4779 Spiritum
1106 4711 1341 4766 infusam
1392 4712 1680 4766 animabus
1742 4712 2027 4767 laetitiam‘

2145 4701 2270 4754 νῶν
2289 4701 2463 4767 ἐντὸς
2489 4701 2659 4770 ὑμῶν
2675 4702 2828 4754 ἐστι.
2857 4703 2978 4754 τίνα
3005 4702 3064 4754 δὲ
3089 4702 3238 4769 λέγει
3269 4696 3536 4799 βασιλεἶαῖ
3568 4685 3698 4744 ἐντὸς

463 4774 770 4856 ilaceeriilll
788 4774 956 4857 estut
971 4802 1105 4858 illud
1133 4813 1189 4858 et
1208 4805 1520 4873 exemplum
1542 4812 1598 4857 et
1615 4804 1812 4873 pignus
1834 4813 2022 4858 aetern

2150 4793 2309 4864 ἡμῶν
2337 4789 2497 4858 εἶναι,
2527 4794 2558 4863 ἥ
2587 4794 2806 4855 πάντως
2826 4793 2925 4864 τὴν
2955 4794 3162 4847 ἄνωθεν
3184 4793 3271 4845 διὰ
3293 4791 3385 4844 τοῦ
3417 4784 3693 4852 πνεύματος

462 4892 668 4960 gaudii,
693 4909 804 4962 quo
847 4901 1163 4948 sanctorum
1203 4895 1416 4948 animae
1451 4895 1506 4947 in
1546 4905 1781 4948 venturo
1818 4895 2039 4949 saeculo

463 4982 844 5048 perfruuntur.
893 4984 1223 5040 Consolatur
1280 4984 1447 5055 igitur
1491 5001 1593 5038 nos
1635 4985 1898 5040 Dominus
1939 5000 2041 5054 per

462 5075 838 5140 operationem
874 5076 1112 5146 Spiritus
1148 5078 1202 5131 in
1248 5078 1396 5131 oxnni
1447 5077 1798 5130 tribulatione
1831 5085 2039 5138 nostra,

2149 4886 2508 4955 ἐγγινομένην
2523 4888 2644 4946 ταῖς
2662 4884 2864 4953 ψυχαῖς
2884 4884 3225 4953 εὐφροσύνην
3245 4901 3259 4948 ;
3279 4881 3414 4948 αὕτη
3445 4877 3544 4944 γάρ
3566 4873 3694 4972 ὲςῖιν

2148 4975 2260 5033 οἷον
2296 4980 2488 5049 ἐκείνῳ
2515 4980 2558 5046 ⁸)
2591 4978 2684 5031 καὶ
2716 4979 2916 5048 δεῖγμα
2955 4979 3048 5031 καὶ
3089 4975 3343 5049 ἀρραϐὼν
3371 4972 3465 5039 τῆς
3497 4967 3687 5062 αἰωνίου

2152 5073 2349 5142 χαρᾶς,
2381 5067 2450 5144 ῆς
2481 5069 2846 5123 ἀπολαύουσιν
2873 5071 2930 5122 αἱ
2957 5070 3062 5122 τῶν
3093 5069 3261 5136 ἁγίων
3289 5067 3346 5116 ἐν
3374 5060 3448 5130 τῷ
3488 5060 3688 5144 πρθσδψ

467 5169 528 5213 ιιι
562 5163 734 5217 salvet
785 5142 1005 5229 nos,-et
1041 5166 1112 5220 de
1155 5166 1537 5236 spiritualibus
1577 5165 1735 5219 bonis
1773 5175 1830 5219 et
1875 5164 2027 5234 ipsius

2154 5163 2388 5233 κωμένῳ
2408 5142 2594 5215 Ϋαίῶνι
2624 5162 2815 5231 ψυχαί.
2846 5160 3156 5229 παρακαλεί
3183 5154 3274 5210 οὖν
3305 5153 3441 5224 ἡμᾶς
3466 5150 3491 5199 ὁ

465 5252 817 5311 charismatis
865 5257 1028 5313 nobis
1065 5259 1454 5315 communicet.
1502 5256 1605 5321 Qui
1639 5257 1812 5321 enim,
1849 5256 2049 5325 inquit.

2155 5227 2253 5308 διά-
2270 5227 2370 5324 τῆς
2393 5227 2676 5324 ἐνεργείας
2703 5227 2797 5306 τοῦ
2822 5227 3130 5321 πνεύματος
3154 5251 3244 5302 ἐπὶ
3277 5247 3416 5312 πάσῃ
3447 5239 3506 5307 τῇ
3535 5227 3683 5294 θλίψει

1733 5410 1990 5465 VARIAE
2029 5407 2435 5464 LECTIONES.

545 5522 584 5590 ')
613 5523 674 5574 τὸ
700 5539 808 5576 om.
845 5525 992 5588 eod.,
1023 5527 1209 5580 addidi
1239 5545 1306 5580 ex
1325 5527 1470 5580 coni.
1492 5524 1616 5590 —-’)
1646 5527 1826 5589 Corn,
1861 5525 1982 5578 eod.
2017 5527 2306 5578 κελεύειν.
2339 5555 2409 5563 —
2433 5524 2477 5590 ³)
2513 5524 2836 5585 Corr.,eod.
2861 5524 2938 5591 Εη
2967 5523 3044 5575 δὲ.
3077 5553 3147 5562 --
3170 5522 3211 5590 ³)
3241 5517 3419 5591 C9";
3443 5502 3548 5591 (⁵οᾷίῖ-

3571 5488 3651 5562 τρέ
3663 5516 3672 5523 -

569 5564 582 5590 ,
625 5564 673 5574 η
845 5564 992 5588 ιιιιιοι
1023 5564 1209 5580 ιιι-ηις..
1239 5564 1306 5580 ιλ
1326 5564 1470 5580 νυνι.
1494 5564 1506 5565 ί
1535 5564 1546 5566 -
1603 5564 1616 5590 ,
1649 5564 1770 5580 νυ..
1791 5566 1826 5589 .,
1863 5564 1982 5578 ωιυ.
2020 5564 2270 5577 "unum...
2294 5566 2306 5578 .
2462 5564 2500 5608 ,Ἰ
2516 5564 2609 5577 υι..
2629 5564 2639 5576 .
2659 5565 2694 5585 .,
2863 5564 2949 5608 ,ιη’
2969 5564 3044 5575 νυ.
3196 5564 3210 5590 ι
3411 5579 3419 5588 .
3486 5564 3672 5624 θοὰ-,ο

471 5604 655 5660 χομεν.
686 5623 756 5632 -—-
780 5595 822 5664 ⁵)
851 5595 989 5650 Corr
1018 5637 1033 5658 ,
1063 5597 1185 5651 cod.
1230 5597 1512 5666 σωτηρίων.
1542 5626 1612 5635 —
1657 5596 1701 5663 °)
1743 5595 1924 5659 Corr.,
1959 5595 2081 5649 eod.
2111 5595 2271 5664 αὑτὴ.
2301 5625 2372 5634 -
2394 5597 2440 5664 τ)
2463 5596 2644 5658 Lorr.,
2685 5594 2808 5648 cod.
2859 5610 3154 5656 πεινοντες.
3185 5620 3253 5630 -——
3312 5588 3329 5657 )
3371 5582 3452 5635 διο

1983 5731 2234 5788 NOTAE.

554 5817 630 5882 (l)
666 5819 860 5873 Genes.
896 5823 1032 5882 XIV,
1075 5824 1158 5877 18.

557 5877 632 5953 (ε)
663 5885 827 5943 Eceli.
855 5877 1041 5956 xxxv,
1072 5893 1162 5946 ea.

2236 5821 2313 5888 (3i
2349 5825 2547 5877 Psahn.
2571 5825 2656 5881 IV,
2692 5816 2748 5873 7..

2225 5896 2299 5964 (ι)
2339 5895 2468 5948 Luc.
2504 5894 2663 5959 xvu,
2689 5893 2775 5945 ~21.
