4016 6492
281 476 387 534 ιῖιῦ

1813 511 1921 564 EPI
1929 511 2009 566 ST
2015 513 2214 568 OLAE.

3534 510 3641 566 45-1

304 605 493 677 ἡμῖν),
520 605 609 672 εἰς
633 611 708 665 τὸ
731 615 934 672 σῶσαι
968 620 1062 672 καὶ
1082 617 1406 688 μεταδοῦναι
1429 618 1538 672 τῶν
1571 621 1942 692 πνευματικιῖη

2059 625 2368 679 consolatur
2388 642 2480 679 nos
2504 627 2559 679 in
2587 627 2730 679 omni
2764 625 2988 678 veritate
3011 631 3211 686 nostra,
3239 629 3297 676 ut
3321 624 3640 694 possimusct

332 695 544 770 ἀγαθῶν
576 703 678 757 καὶ
708 705 831 759 τῶν
864 710 1070 762 ἑαυτοῦ
1103 708 1477 779 χαρισμάτων.
1517 713 1548 764 ὁ
1586 712 1942 778 παρακαλῶν

2048 719 2150 786 ipsi
2177 716 2440 770 consolari
2461 735 2566 781 eos,
2599 719 2688 788 qui
2713 719 2768 771 in
2793 718 2936 770 omni
2965 732 3210 786 pressura
3237 722 3360 767 sunt
3394 712 3493 784 (1).
3534 711 3638 766 Et:

346 799 473 869 γάρ,
500 796 690 866 φησίν,
729 799 902 868 ’ἡμᾶς
927 802 1030 854 ἐπὶ
1065 800 1232 868 πάσῃ
1262 799 1334 867 τῇ
1364 801 1616 868 ἀληθείᾳ
1643 802 1832 870 ἡμῶν,
1859 806 1942 868 εὶς

343 890 408 946 τὸ
437 890 739 945 δύνασθαι
766 889 937 960 ἡμᾶς
960 893 1328 959 παρακαλεῖν
1359 892 1500 957 τοὺς
1523 894 1592 945 ἐν
1621 893 1790 962 πάσῃ
1819 895 1939 948 θλί-

350 989 484 1054 ψει.
515 985 644 1038 καί·
688 984 727 1052 ἡ
751 985 972 1053 καρδία
990 1002 1108 1054 μου
1129 985 1228 1038 καὶ
1259 985 1296 1052 ή
1325 983 1484 1051 σάρξ
1509 1003 1630 1053 μου
1653 985 1946 1054 ἠγαλλιά-

354 1095 544 1130 carro
564 1076 664 1129 ἐπὶ
697 1075 838 1131 θεὸν
877 1075 1084 1136 ζῶντα.
1128 1075 1222 1128 καί
1245 1092 1258 1105 ·
1301 1076 1443 1130 ὡσεὶ
1481 1079 1525 1142 ¹)
1559 1077 1814 1142 στέατος
1846 1078 1944 1131 καί

2050 807 2155 862 Cor
2197 825 2369 862 meum
2422 819 2471 863 et
2505 827 2631 863 caro
2658 826 2773 863 mea
2812 809 3179 863 exultauerunt
3233 808 3290 860 in
3346 807 3512 859 Deum
3560 807 3639 858 vi-

2048 919 2169 955 vum
2183 900 2283 973 (2).
2309 903 2376 956 Ει
2399 919 2412 954 :
2439 902 2574 954 sicut
2604 899 2758 968 adipe
2787 897 3014 967 etzls
3043 896 3356 967 pinguedine
3373 893 3644 964 repleati-r

2064 995 2247 1047 anima
2275 1010 2389 1047 mea
2419 992 2518 1065 (3).
2543 991 2689 1046 Haec
2721 991 2904 1044 omnia
2928 990 3196 1048 laetitiam
3225 999 3284 1042 et
3313 987 3643 1043 consolatio-

2048 1097 2176 1138 nem
2201 1100 2272 1139 ει
2309 1083 2517 1154 Spiritu
2551 1099 2650 1152 per
2681 1082 2991 1151 aenigmata
3017 1080 3285 1134 indicant.

345 1171 641 1238 πιότητος
660 1169 1035 1236 ὲκπλησθείη
1059 1168 1106 1236 ¹)
1136 1169 1175 1238 ἡ
1197 1167 1369 1238 ψυχή
1393 1185 1537 1238 μου.
1594 1168 1770 1224 ταῦτα
1821 1169 2002 1225 πάντα
2037 1173 2138 1246 τὴν
2170 1177 2237 1231 ὲκ
2275 1176 2367 1231 τοῦ
2411 1174 2724 1245 πνεύματος
2754 1172 3092 1246 εὐφροσύνην
3134 1171 3229 1224 καὶ
3293 1168 3644 1240 παράκλησιν

337 1261 417 1320 δι’
441 1256 790 1328 αἰνιγμάτων
813 1255 1136 1326 παραδηλοῖ.

429 1348 664 1419 Ἐπειδὴ
708 1347 890 1401 τοίνυν
933 1346 1242 1411 δέδεικται,
1287 1343 1373 1408 τίς
1422 1345 1453 1399 ὁ
1501 1344 1604 1416 τῆς
1652 1343 1938 1410 εὐσεϐείας

335 1440 564 1502 σκοπός
584 1477 602 1502 ,
634 1438 694 1491 ὃν
716 1435 823 1509 χρὴ
847 1435 1168 1507 προκεῖσθαι
1191 1437 1306 1499 τοῖς
1334 1434 1426 1489 τὸν
1454 1434 1674 1507 θεοφιλῆ
1697 1435 1812 1507 βίον
1841 1437 1941 1507 ζῇν

332 1531 744 1603 αἱρουμένοις.
793 1530 853 1594 ὃς
909 1529 1030 1582 ἐστι
1084 1527 1265 1598 ψυχῆς
1310 1526 1655 1600 καθαρισμδς
1700 1529 1798 1582 κα).
1845 1527 1941 1583 τοῦ

329 1627 675 1692 πνεύματος
702 1623 769 1676 δι’
809 1623 985 1696 ἔργων
1019 1620 1242 1690 ἀγαθῶν
1265 1621 1586 1692 προτροπῆς
1633 1621 1943 1691 ὲνοίκησιςτ,

329 1718 587 1779 ἕκαστος
610 1717 639 1768 ὐ
646 1713 764 1786 μῶν
779 1713 922 1768 κατά
939 1713 1030 1767 τὸν
1047 1711 1361 1784 ὑπαχθέντα
1378 1713 1579 1766 σκοπὸν
1598 1713 1946 1784 παρασκευά-

331 1825 449 1872 σας
481 1806 587 1878 τὴν
612 1806 793 1878 ψυχήν
811 1846 826 1871 ,
848 1807 944 1860 κα)⁵
977 1805 1232 1876 μέγιστον
1257 1802 1382 1857 θεοῦ
1405 1807 1637 1875 ποιήσας
1673 1804 1853 1876 ἔρωτα
1871 1806 1938 1875 ³),

329 1897 524 1960 οὕτως
575 1895 821 1950 ἀποδότω
867 1894 1058 1948 ἑαυτὸν
1104 1898 1228 1958 ταῖς
1273 1895 1462 1966 εὐχαῖς
1509 1896 1606 1949 καὶ
1654 1896 1934 1966 νηστείαις

330 1988 492 2042 κατά
535 1987 600 2040 τὺ
647 1985 814 2038 αὐτοῦ
860 1984 1114 2056 θέλημα,
1167 1985 1507 2056 μεμνημένοι
1541 1985 1635 2038 τοῦ
1684 2003 1940 2058 παρακα-

325 2079 571 2142 λοῦντος
601 2078 663 2131 τὸ
701 2077 1066 2140 ἀδιαλείπτως
1111 2076 1512 2148 προσεύχεσθαι
1533 2117 1548 2143 ,
1577 2079 1673 2132 καὶ
1702 2081 1767 2150 τῇ
1809 2079 1940 2150 εὐχῇ

329 2167 901 2244 προσκαρτεροῦντες
927 2169 1020 2223 καὶ
1044 2172 1164 2232 ταῖς
1198 2167 1293 2222 τοῦ
1323 2169 1516 2239 κυρίου
1550 2170 1940 2238 ἐπαγγελίαις,

330 2266 400 2318 ὲν
507 2263 552 2334 ⁸)
586 2278 744 2332 φησι·
796 2261 949 2332 πόσῳ
985 2260 1184 2333 μᾶλλον
1211 2261 1455 2330 ποιήσει
1482 2261 1599 2329 τὴν
1624 2262 1943 2329 ἐκδίκησιν

341 2359 377 2411 ό
404 2354 542 2420 θεὸς
577 2352 697 2407 τῶν
722 2352 1012 2418 ,βοώντων
1037 2354 1188 2424 πρὸς
1218 2356 1407 2407 αὐτὸν
1424 2351 1645 2418 νυκτὸς
1669 2353 1768 2406 καί
1799 2351 1944 2422 ἠμέ-

346 2464 483 2516 ρας.
520 2445 700 2516 ἔλεγε
731 2445 876 2516 γάρ,
927 2445 1095 2514 φησί,
1143 2444 1244 2499 καὶ
1291 2445 1646 2512 παραϐολὴν
1685 2445 1834 2514 πρὸς
1875 2444 1942 2498 τὸ

355 2539 488 2592 δεῖν
511 2540 775 2592 πάντοτε
805 2539 1093 2608 εὔχεσθαι
1117 2539 1217 2591 καὶ
1243 2538 1332 2608 μὴ
1357 2537 1657 2593 ἐκκακεῖν.
1702 2539 1785 2592 ὅτι
1814 2538 1870 2592 δὲ
1907 2538 1940 2609 ἡ

353 2633 482 2702 περὶ
517 2632 620 2701 τὴν
650 2630 816 2702 εὐχὴν
855 2630 1058 2700 σπουδὴ
1087 2630 1297 2702 μεγάλα
1322 2629 1636 2701 χαρίζεται,
1685 2631 1780 2682 καὶ
1809 2629 1942 2684 αὐτὸ

345 2723 410 2776 τὸ
443 2724 664 2793 πνεῦμα
693 2725 812 2786 ταῖς
860 2721 1064 2791 ψυχαῖς
1111 2720 1364 2785 ὲνοικίζει
1384 2760 1399 2786 ,
1431 2718 1582 2788 δηλοῖ
1612 2718 1797 2787 σαφῶς
1818 2760 1832 2780 ,
1854 2719 1940 2784 ,δι’

341 2806 424 2866 ὧν
458 2813 762 2884 προτρέπει
790 2815 940 2883 ἡμᾶς
969 2814 996 2866 ὁ
1037 2809 1334 2872 ἀπόστολος
1359 2810 1561 2877 λέγων·
1608 2809 1705 2862 διὰ
1738 2807 1942 2875 πάσης

344 2903 707 2974 προσευχῆς
730 2905 829 2957 καὶ
859 2901 1126 2968 δεήσεως
1153 2903 1643 2971 προσευχόμενος
1665 2899 1734 2952 ἐν
1759 2899 1941 2951 παντὶ

344 2996 536 3063 καιρῷ
575 2997 644 3048 ἐν
681 2997 975 3065 πνεύματι
1000 3034 1014 3058 ,
1050 2994 1149 3047 καὶ
1203 2996 1292 3060 εἰς
1342 2993 1490 3046 αὐτὸ
1536 2991 1714 3045 τοῦτο
1762 2992 1942 3059 ἀγρυ-

2111 1346 2292 1415 Quum
2330 1345 2499 1418 igitur
2525 1346 2962 1402 demonstratum
3000 1352 3107 1411 sit,
3142 1347 3269 1416 quis
3307 1345 3379 1401 sit
3416 1346 3645 1416 pietatis

2041 1438 2188 1503 ﬁnis,
2213 1452 2378 1508 quem
2413 1453 2726 1511 proponere
2766 1437 2874 1492 sibi
2909 1437 3118 1493 debent
3158 1438 3329 1493 vitam
3368 1438 3482 1492 Deo
3521 1439 3642 1508 pla-

2041 1537 2259 1586 centem
2279 1529 2561 1600 eligentes,
2605 1545 2693 1599 ,ιιι
2718 1535 2802 1583 est
2840 1528 3055 1583 animae
3085 1528 3340 1598 purgatio
3368 1536 3426 1582 et
3455 1527 3642 1598 Spiri-

2044 1631 2135 1678 tus
2160 1638 2260 1694 per
2295 1621 2737 1676 exhortationem
2770 1621 2838 1676 ad
2879 1620 3024 1675 bona
3064 1637 3234 1691 opera
3284 1619 3636 1686 inhabitatio,

2037 1714 2430 1784 unusquisque
2461 1722 2707 1773 vestrum
2730 1711 2798 1767 ad
2828 1713 3169 1782 propositum
3201 1712 3364 1770 ﬁnem
3392 1712 3640 1767 animum

2044 1813 2356 1876 praeparet,
2391 1813 2449 1860 et
2478 1804 2576 1859 Dei
2611 1819 2855 1859 amorem
2886 1819 3160 1859 summum
3192 1803 3451 1868 reddens,
3481 1803 3556 1858 ita
3579 1819 3640 1858 se

2043 1895 2209 1950 dedat
2233 1894 2582 1951 orationibus
2607 1902 2665 1950 et
2684 1893 2911 1949 ieiuniis
2935 1893 3245 1948 secundum
3277 1893 3397 1948 eius
3439 1893 3640 1947 volun-

2044 1993 2516 2052 tatem,memores
2540 1985 2663 2042 eius
2688 1985 2784 2056 qui
2815 1985 3092 2049 hortatur,
3124 1995 3186 2042 ut
3215 1984 3334 2039 sine
3367 1983 3644 2039 intermis-

2042 2079 2198 2135 sione
2247 2093 2470 2134 oremus
2511 2088 2569 2133 et
2618 2078 2676 2132 in
2708 2077 3020 2132 orationem
3066 2077 3452 2131 incumbentes
3488 2085 3544 2132 et
3581 2077 3640 2130 in

2051 2174 2270 2229 Domini
2297 2173 2588 2244 promissa,
2621 2171 2751 2228 ubi:
2785 2181 2997 2241 quanto
3027 2171 3222 2242 magis,
3261 2171 3461 2240 inquit,
3491 2171 3644 2240 faciet

2041 2265 2328 2318 uindictam
2352 2263 2492 2318 Deus
2515 2263 2864 2317 clamantium
2894 2263 2962 2316 ad
2977 2279 3032 2316 se
3055 2263 3138 2316 die
3173 2279 3236 2316 ac
3257 2270 3405 2315 nocte
3423 2261 3518 2332 (4).
3546 2260 3643 2314 Di-

2043 2353 2190 2406 cebat
2226 2361 2424 2417 autem,
2475 2351 2675 2422 inquit,
2739 2350 3088 2422 parabolam,
3148 2353 3400 2422 quoniam
3437 2359 3645 2421 oportet

2043 2460 2250 2515 semper
2297 2460 2454 2498 orare
2500 2451 2549 2496 et
2595 2459 2700 2497 non
2733 2442 2956 2512 deﬁcere
2989 2441 3088 2512 (5).
3128 2441 3285 2507 Quod
3337 2457 3470 2496 vero
3515 2457 3640 2494 ora-

2043 2537 2209 2592 tionis
2225 2537 2376 2591 zelus
2403 2552 2601 2606 magna
2622 2537 2880 2607 largitur,
2903 2545 2980 2601 et,
3010 2535 3128 2606 ipse
3155 2535 3396 2606 Spiritus
3428 2535 3635 2589 animis

2043 2638 2105 2683 ut
2129 2627 2418 2692 inhabitet,
2436 2627 2588 2691 facit,
2613 2636 2802 2696 aperte
2825 2625 3126 2681 ostendunt
3145 2641 3231 2691 ea,
3259 2626 3464 2695 quibus
3488 2623 3640 2694 Apo-

2042 2720 2217 2774 stolus
2258 2735 2358 2774 nos
2402 2720 2730 2774 exhortatur
2780 2719 3018 2773 dicens:
3064 2735 3156 2788 per
3189 2735 3395 2772 omnem
3447 2719 3645 2771 oratio-

2044 2829 2164 2865 nem
2199 2818 2248 2864 et
2273 2811 2679 2864 obsecrationem
2705 2819 2917 2864 orantes
2939 2811 3082 2863 omni
3113 2817 3342 2879 tempore
3357 2811 3409 2862 in
3439 2808 3642 2879 Spiritu

2044 2911 2091 2954 et
2114 2903 2168 2955 in
2193 2901 2302 2970 ipso
2317 2900 2590 2970 vigilantes
2611 2901 2666 2954 in
2685 2901 2827 2954 omni
2839 2899 3098 2954 instantia
3115 2907 3163 2953 et
3180 2898 3616 2969 observatione(6)

2042 2991 2306 3060 Quisquis
2339 3006 2371 3046 e
2404 2991 2672 3046 fratribus
2708 2991 2840 3046 huic
2871 2991 3050 3061 parti,
3094 2991 3364 3046 orationis
3407 2990 3640 3053 scilicet,

345 3082 652 3148 πνοῦντες
678 3082 748 3135 ἑν
799 3082 965 3150 πάσῃ
1008 3081 1529 3150 προσκαρτερήσει
1574 3080 1672 3133 καί
1709 3078 1938 3145 δεήσει.

2047 3097 2103 3159 se
2137 3082 2310 3146 dedit,
2363 3083 2659 3152 pulchrum
2722 3084 3044 3138 thesaurum
3110 3092 3346 3147 tractat,
3403 3081 3500 3150 qui
3558 3091 3641 3136 est

345 3173 502 3237 ὅστις
527 3177 573 3242 ³)
613 3175 724 3227 τῶν
770 3175 1015 3244 ἀδελφῶν
1062 3173 1237 3245 τούτῳ
1267 3173 1310 3246 ⁸)
1357 3173 1434 3244 τῷ
1487 3173 1642 3245 μέρει
1691 3174 1860 3243 αὐτῆς
1892 3173 1936 3241 ’⁷)

346 3267 548 3319 ἑαυτὸν
584 3265 893 3332 ἀποδίδωσι,
929 3265 1008 3336 τῷ
1037 3267 1134 3337 τῆς
1157 3266 1323 3336 εὐχῆς
1346 3265 1514 3334 λέγω,
1539 3265 1704 3318 καλὸν
1743 3263 1940 3336 θησαυ-

353 3359 450 3429 ρὸν
503 3357 761 3427 περιέπει
805 3359 901 3411 καὶ
946 3357 1178 3429 ἐραστοῦ
1223 3358 1483 3428 μεγίστου
1513 3357 1556 3429 ⁸)
1592 3358 1868 3428 κτήματος
1895 3357 1939 3425 θ)

353 3449 520 3517 μόνον
577 3448 812 3518 συντόνῳ
851 3449 948 3502 καὶ
985 3448 1118 3520 ὀρθῇ
1152 3448 1479 3520 συνειδήσει,
1514 3446 1766 3518 μηδαμοῦ
1801 3446 1944 3500 κατὰ

351 3538 452 3608 τὴν
474 3538 714 3591 διάνοιαν
741 3538 1003 3601 ἑκουσίως
1041 3537 1556 3609 περιπλανώμενος,
1587 3537 1722 3608 μηδὲ
1752 3536 1942 3608 ὥσπερ

352 3629 613 3684 ἀκούσιον
637 3629 921 3693 ἀποδιδοὺς
945 3630 1010 3699 ‘°)
1031 3630 1123 3681 ὐπ’
1148 3631 1392 3700 ἀνάγκης
1417 3629 1602 3700 χρέος,
1631 3628 1746 3682 ἀλλ’
1765 3628 1944 3700 ἔρωτα

358 3723 453 3774 καὶ
490 3721 657 3774 πόθον
686 3721 1024 3791 ἀποπληρῶν
1066 3721 1163 3791 τῆς
1197 3721 1396 3791 ψυχῆς,
1437 3721 1530 3773 κα).
1554 3720 1681 3783 τοὺς
1707 3719 1946 3788 ἀγαθοὺς

366 3811 466 3882 τῆς
503 3814 830 3884 παραμονῆς
878 3814 1122 3883 καρποὺς
1164 3814 1332 3872 πᾶσιν
1377 3811 1706 3874 ἐπιδεικνύς.
1752 3811 1858 3883 χρὴ
1889 3811 1945 3863 δὲ

374 3904 467 3957 καὶ
506 3906 622 3968 τοὺς
670 3905 890 3968 λοιποὺς
935 3904 1132 3958 διδόναι
1186 3903 1264 3975 τῷ
1307 3902 1534 3973 τοιούτῳ
1579 3903 1800 3974 καιρόν,
1851 3907 1946 3956 καὶ

374 3999 687 4068 συγχαίρειν
722 4000 788 4069 τῇ
819 3999 1112 4068 παραμονῇ
1143 3998 1246 4066 τῆς
1289 3995 1602 4066 προσευχῆς
1624 4036 1637 4056 ,
1675 3995 1823 4058 ὅπως
1851 3995 1946 4047 καὶ

363 4078 519 4143 αὐτοὶ
545 4090 856 4161 μετάσχωσι
879 4089 986 4141 τῶν
1009 4088 1231 4157 ἀγαθῶν
1251 4088 1504 4159 καρπῶν,
1533 4087 1630 4140 ἅτε
1659 4087 1723 4158 δὴ
1758 4105 1948 4141 κοινω-

361 4183 442 4233 νοὶ
473 4181 571 4235 τοῦ
605 4183 845 4235 τοιούτου
898 4181 1013 4252 βίου
1048 4181 1126 4252 τῷ
1178 4180 1501 4253 συνήδεσθαι
1531 4181 1818 4249 γεγονότες
1852 4180 1941 4250 ¹ι).

359 4273 524 4326 δώσει
556 4271 614 4324 δὲ
662 4274 755 4326 καὶ
803 4273 964 4335 αὐτὸς
1015 4276 1043 4326 ὁ
1091 4271 1279 4344 κύριος
1328 4275 1440 4336 τοῖς
1491 4272 1766 4338 αἰτοῦσιν,
1798 4273 1947 4334 ὅπως

360 4364 619 4435 εὖχεσθαι
641 4365 736 4427 δεῖ,
762 4366 904 4417 κατὰ
931 4364 993 4416 τὸ
1018 4363 1328 4435 εἰρημένον·
1353 4366 1385 4418 ὁ
1413 4363 1619 4430 διδοὺς
1646 4363 1838 4433 εὐχὴν
1867 4361 1949 4428 τῷ

2041 3165 2300 3228 amatoris
2343 3176 2612 3230 maximae
2649 3176 3019 3246 possessionis
3074 3174 3455 3231 tantummodo
3488 3178 3644 3228 tirma

2043 3286 2107 3325 ac
2157 3281 2306 3326 recta
2342 3270 2691 3325 conscientia
2720 3310 2733 3334 ,
2790 3285 3058 3338 nusquam
3104 3269 3158 3321 in
3210 3276 3391 3321 mente
3447 3265 3645 3318 volun-

2045 3361 2183 3415 tarie
2228 3362 2683 3432 circumvagans,
2730 3375 2910 3429 neque
2977 3360 3132 3430 quasi
3200 3358 3432 3412 invitum
3495 3356 3647 3410 debi-

2046 3464 2160 3509 tum
2224 3455 2536 3510 necessario
2612 3455 2872 3516 solvens,
2908 3453 3007 3509 sed
3062 3468 3306 3506 amorem
3379 3460 3436 3506 et
3492 3449 3646 3504 desi-

2045 3547 2264 3601 derium
2317 3546 2484 3600 animi
2543 3545 2792 3614 explens,
2851 3544 3140 3613 bonosque
3198 3541 3644 3612 perseverantiae

2045 3638 2263 3692 fructus
2292 3637 2552 3692 omnibus
2578 3636 2898 3691 ostendens.
2930 3634 3160 3705 Oportet
3194 3642 3378 3687 autem
3409 3641 3464 3685 et
3491 3640 3646 3684 cete-

2048 3746 2141 3783 ros
2164 3730 2256 3783 tali
2293 3729 2424 3783 dare
2453 3737 2698 3798 tempus,
2731 3737 2787 3781 et
2819 3725 3165 3796 congaudere
3197 3724 3643 3793 perseverantiae

2047 3821 2104 3874 in
2127 3821 2398 3884 oratione,
2427 3827 2487 3873 ut
2511 3828 2566 3874 et
2593 3819 2696 3888 ipsi
2728 3818 2998 3871 bonorum
3028 3817 3306 3869 fructuum
3343 3812 3643 3884 participes

2047 3911 2200 3973 ﬁant,
2219 3921 2408 3980 utpote
2431 3919 2714 3965 consortes
2738 3909 2865 3963 talis
2895 3909 3038 3962 vitae
3075 3907 3201 3961 facti
3231 3905 3646 3975 congaudendo.

2047 4003 2210 4058 Dabit
2246 4017 2378 4056 vero
2405 4012 2463 4056 et
2487 4001 2604 4071 ipse
2643 4001 2910 4055 Dominus
2947 3999 3287 4070 petentibus,
3334 4012 3445 4065 quo
3483 3997 3650 4049 modo

2048 4103 2302 4166 oporteat
2325 4109 2520 4158 orare,
2553 4092 2858 4146 secundum
2902 4091 3046 4160 quod
3086 4090 3250 4160 216
3287 4089 3491 4142 dictum
3529 4098 3646 4141 cst.-

2049 4188 2138 4257 qui
2171 4187 2260 4240 dat
2292 4186 2595 4257 petitionem
2621 4185 2814 4253 petenti
2838 4182 2936 4254 (7).
2959 4182 3229 4236 Debemus
3255 4180 3420 4250 igitur
3457 4187 3649 4247 petere

2050 4283 2108 4328 et
2136 4275 2300 4338 scire,
2325 4284 2536 4343 quanto
2578 4273 2779 4326 melius
2833 4271 2899 4334 is,
2953 4269 3048 4340 qui
3099 4270 3155 4322 in
3200 4268 3508 4322 orationem
3560 4266 3647 4318 in-

2050 4369 2262 4424 cumbit
2287 4367 2568 4437 negotium
2589 4375 2821 4429 tantum,
2845 4379 3182 4433 cummagna
3202 4359 3571 4415 sollicitudine
3595 4370 3651 4412 et

358 4459 687 4529 εὐχομένη).
718 4459 798 4512 δεῖ
824 4456 918 4512 οὖν
964 4460 1135 4513 αἰτεῖν
1164 4459 1261 4511 καὶ
1305 4458 1540 4520 είδέναι,
1580 4457 1657 4520 ὡς
1698 4459 1942 4527 κρεῖττον

2049 4462 2198 4516 omni
2223 4461 2431 4516 virtute
2463 4469 2741 4514 certamen
2777 4457 3084 4521 sustineat;
3117 4471 3311 4526 magna
3352 4453 3500 4508 enim
3529 4469 3651 4506 ρετ-ν

357 4556 427 4623 τῇ
451 4553 590 4621 εὐχῇ
622 4551 1155 4623 προσκαρτεροῦντα,
1194 4551 1483 4620 πράγματι
1515 4548 1778 4618 τοσούτῳ,
1811 4548 1949 4618 μετὰ

361 4643 571 4712 πολλῆς
617 4644 846 4714 σπουδῆς
897 4644 990 4694 κα).
1029 4642 1209 4710 πάσης
1267 4640 1548 4706 δυνάμεως
1589 4639 1832 4692 ὲναθλεῖν
1871 4638 1949 4710 τῷ

360 4735 559 4804 ἀγῶνι·
581 4736 649 4789 τά
665 4737 766 4807 γὰρ
789 4737 999 4807 μεγάλα
1019 4733 1156 4789 ἆθλα
1176 4734 1424 4804 μεγάλων
1441 4733 1612 4785 δεῖται
1635 4733 1728 4784 καὶ
1749 4731 1948 4798 πόνων,

361 4827 555 4896 ἐπειδὴ
590 4827 822 4897 μάλιστα
843 4828 1062 4899 ἡκακία
1092 4829 1205 4890 τοῖς
1223 4825 1485 4889 τοιούτοις
1507 4824 1786 4895 ἐφεδρεύει
1815 4842 1952 4878 παν-

362 4919 622 4990 ταχὸθεν,
664 4919 1135 4991 περιεργαζομένη
1169 4920 1264 4972 καὶ
1293 4917 1689 4989 περιτρέχουσα
1725 4917 1819 4971 καί
1847 4917 1944 4989 ζη-

365 5009 533 5061 τοῦσα
575 5011 899 5081 περιτρέψαι
941 5013 1038 5081 τὴν
1074 5008 1336 5079 σπουδήν·
1378 5009 1590 5061 ἐκεῖθεν
1636 5007 1803 5072 ὕπνος
1848 5009 1944 5062 κα).

372 5099 599 5170 βαρησις
630 5101 904 5172 σώματος,
933 5103 1027 5155 καὶ
1041 5101 1223 5171 ψυχῆς
1251 5099 1520 5170 μαλακία,
1559 5098 1792 5169 ἁκηδία,
1831 5099 1944 5153 ὀλι-

2049 4554 2256 4607 tamina
2303 4568 2532 4622 magnos
2565 4551 2735 4605 etiam
2785 4549 3067 4619 postulant
3106 4548 3345 4611 labores,
3391 4545 3648 4615 quoniam

2049 4643 2285 4696 maxime
2324 4642 2536 4696 malitia
2571 4640 2777 4695 talibus
2809 4638 3054 4708 undique
3095 4637 3410 4700 insidietur,
3433 4634 3650 4688 curiose

2047 4751 2235 4806 agens,
2260 4735 2594 4791 circumiens
2615 4743 2672 4788 et
2693 4731 3122 4787 sollicitudinem
3147 4731 3370 4785 demere
3399 4720 3646 4784 tentansi

2047 4827 2179 4882 inde
2207 4844 2434 4882 somnus
2467 4836 2523 4881 et
2556 4826 2795 4897 gravitas
2829 4824 3079 4894 corporis
3121 4833 3178 4878 et
3211 4823 3428 4876 animae
3461 4819 3648 4873 molli-

2051 4921 2173 4983 ties,
2207 4920 2419 4984 acedia,
2447 4919 2680 4981 incuria,
2715 4916 3082 4971 inconstantia
3104 4956 3117 4978 ,
3159 4923 3215 4968 et
3245 4923 3460 4967 ceterae
3490 4910 3652 4964 mali-

2055 5011 2161 5066 tiae
2221 5011 2508 5081 passiones
2567 5019 2625 5065 et
2678 5007 3063 5078 operationes,
3120 5004 3324 5074 quibus
3371 5001 3681 5080 occiditur.

2053 5104 2234 5159 anima
2271 5119 2338 5158 ex
2367 5113 2525 5172 parte
2557 5111 2714 5171 rapta
2749 5109 2805 5154 et
2839 5099 2909 5152 ad
2943 5098 3116 5167 ipsius
3147 5095 3436 5149 inimicum
3467 5106 3647 5148 trans-

1640 5239 1898 5295 VARIAE
1937 5240 2348 5298 LECTIONES.

374 5335 413 5400 ³)
443 5334 621 5399 Corr.,
662 5335 786 5389 cod.
825 5335 907 5398 ὡς
930 5332 1184 5404 ἐκη-η
1219 5332 1375 5387 Corr.
1413 5331 1537 5404 cod,
1567 5332 1926 5404 ἑμπλησθήη.
1953 5365 2024 5373 -
2074 5334 2116 5403 ³)
2151 5333 2332 5397 Corr.,
2371 5331 2492 5386 cod.
2532 5331 2830 5404 μεγίστην
2856 5325 3020 5404 θείου
3055 5327 3287 5404 ποιήσας
3312 5327 3554 5404 ἔρωτος.
3579 5355 3651 5404 -τ-

367 5395 408 5478 ⁸)
444 5407 532 5461 Sic
571 5395 695 5460 cod.
743 5435 812 5447 -—-
859 5395 902 5478 δ)
937 5403 1072 5459 Cod.
1114 5395 1188 5467 ὥς
1245 5406 1349 5466 τίς.
1381 5433 1452 5441 —-
1490 5403 1532 5472 °)
1565 5395 1821 5467 Emend,
1855 5395 1986 5458 'cod.
2021 5395 2268 5458 τοῦτων.
2300 5395 2372 5444 -ὲ-
2400 5404 2442 5475 ⁷)
2474 5395 2729 5464 Emend.,
2767 5396 2891 5453 cod.
2943 5395 3068 5462 τῆς.
3127 5425 3197 5435 --
3225 5397 3269 5464 ⁸)
3304 5397 3486 5462 Corr.,
3519 5395 3645 5451 cod.

359 5540 614 5611 μεγὶτου.
647 5568 716 5577 -
741 5536 786 5607 ⁹)
817 5535 1000 5603 Coni.,
1026 5536 1149 5592 cod.
1181 5533 1508 5605 Στὴματος.
1539 5564 1610 5574 -
1645 5533 1710 5607 ¹⁰)
1741 5533 1922 5599 Corr.,
1949 5537 2071 5590 cod.
2104 5536 2390 5599 ἀποδίδως.
2413 5566 2484 5575 -
2504 5535 2570 5588 ιι)
2599 5535 2854 5603 Emend.,
2881 5537 3003 5592 cod.
3025 5501 3271 5602 γεγονόξ-

1890 5624 2141 5686 NOTAE.

460 5730 513 5802 ι)
536 5729 582 5784 u
612 5729 738 5784 Cor.
772 5728 889 5802 [ηις

455 5797 510 5883 2'2
537 5802 738 5883 εεεξιηι
769 5797 1076 5883 tam",
1109 5798 1162 5851 εε-
1467 5834 1504 5883 .

456 5869 510 5943 δ)
537 5869 933 5943 ρελιςηίξιλξ-ιι,
948 5870 1012 5943 ρ.

456 5939 512 6016 ι)
548 5942 665 5998 Luc
727 5941 916 6006 mu,
948 5939 1000 5993 -.

2138 5723 2214 5796 (5)
2239 5713 2380 5796 [ΜΛ.
2401 5721 2605 5796 ᾲξνῐη,
2640 5723 2691 5775 1.

2136 5743 2214 5862 ἓξῆ
2237 5743 2380 5864 iiii:
2401 5743 2618 5864 ἣῖἳὲ.

2134 5864 2209 5936 (7)
2243 5862 2439 5920 PSalm.
2469 5862 2579 5927 CV,
2619 5862 2705 5917 15.
