4016 6498
414 484 521 540 ιόὅ

1711 476 1766 532 S.
1806 472 2090 531 MACARII
2126 472 2447 529 AEGYPTII

3688 472 3798 529 L56

419 600 568 669 fuga.
607 599 838 670 Oportet
882 598 1049 669 igitur
1079 597 1135 652 in
1160 596 1433 662 oratione,
1477 605 1537 651 ut
1575 594 1878 665 sapientem
1917 609 2013 663 gu-

2127 590 2329 663 γωρία,
2379 591 2825 663 ἀνυπομονησία,
2876 592 2971 646 καὶ
3020 591 3092 644 τὰ
3148 590 3353 644 λοιπὰ
3411 590 3527 662 τῆς
3579 592 3795 657 κακίας

421 695 801 757 bernatorem,
832 691 1104 746 collocare
1132 689 1396 753 animum,
1429 701 1531 741 nec
1571 701 1811 755 unquam
1852 700 2011 738 men-

424 793 535 838 tem
567 780 979 836 turbationibus
1017 780 1240 851 maligni
1267 779 1496 849 spiritus
1518 776 1805 846 praebere,
1833 790 2013 845 neque

424 875 576 930 illius
622 873 889 928 ﬂuctibus
939 871 1308 937 circumferri,
1358 869 1454 924 sed
1502 869 1670 923 rectis
1712 868 1889 922 oculis
1943 867 2012 921 ad

425 976 654 1035 portum
698 964 995 1019 coelestem
1047 962 1323 1032 respicere
1366 969 1423 1015 et
1463 959 1702 1013 animam
1743 959 2012 1029 integram

424 1057 663 1111 reddere
691 1057 841 1122 Deo,
870 1056 963 1125 qui
1001 1070 1123 1109 eam
1162 1053 1268 1123 ipsi
1307 1050 1654 1107 concredidit
1695 1059 1753 1106 et
1792 1049 2009 1120 repetit.

422 1149 615 1218 Neque
652 1149 801 1202 enim
835 1148 892 1201 in
926 1162 1102 1217 genua
1145 1144 1509 1215 procumbere
1534 1183 1549 1209 ,
1589 1150 1647 1198 et
1684 1143 1741 1197 in
1789 1142 2014 1197 modum

423 1254 619 1293 eorum
646 1240 739 1308 qui
772 1239 952 1292 iacent
973 1237 1027 1290 in
1050 1236 1296 1290 oratione
1317 1233 1562 1299 extendi,
1583 1242 2013 1288 consentaneum

424 1340 510 1385 est
533 1332 851 1401 Scripturae
879 1339 937 1384 et
965 1328 1393 1398 beneplacitum,
1424 1335 1607 1381 mente
1633 1325 1825 1395 procul
1850 1340 1881 1379 λ
1900 1325 2014 1379 Deo

427 1430 678 1491 vagante,
713 1435 904 1473 verum
937 1433 1159 1473 onmem
1192 1417 1585 1488 cogitationum
1624 1414 2011 1486 negligentiam

422 1522 483 1566 et
539 1511 806 1581 injustum
862 1524 1086 1563 sensum
1135 1509 1513 1578 expostulare,
1559 1514 1841 1576 totamque
1885 1522 2012 1560 cum

428 1620 658 1673 corpore
686 1603 924 1656 animam
962 1602 1200 1656 orationi
1232 1600 1649 1670 tradere.Atqui
1669 1600 1837 1655 etiam
1859 1614 2016 1669 prae-

424 1696 593 1766 positi
624 1696 830 1750 debent
874 1695 967 1749 tali
1007 1694 1289 1764 opitulari,
1320 1704 1379 1749 et
1407 1710 1533 1748 cum
1564 1693 1714 1748 omni
1747 1693 2015 1748 sollicitu-

424 1790 559 1843 dine
590 1795 647 1843 et
678 1786 1031 1857 correptione
1058 1787 1273 1841 nutrire
1309 1786 1518 1840 orantis
1556 1784 1626 1839 ad
1672 1784 2016 1855 propositum

424 1883 738 1947 fervorem,
800 1890 858 1935 et
921 1880 1213 1950 diligenter
1264 1880 1415 1934 illius
1467 1878 1706 1934 animam
1756 1892 2011 1948 purgare.

2116 685 2262 752 πάθη
2298 686 2392 737 καὶ
2422 686 2793 755 ἐνεργήματα,
2820 683 2887 737 δι’
2917 683 2953 737 ἀ
2978 682 3320 737 ἀπόλλυται
3364 682 3405 752 ἠ
3445 681 3615 752 ψυχὴ
3648 685 3796 736 κατά

2117 776 2283 847 μέρος
2313 776 2672 849 ἀρπαζομένη
2699 778 2795 830 καὶ
2816 774 3215 847 αύτομολοῦσα
3250 774 3419 845 πρὸς
3451 774 3557 828 τὸν
3586 774 3792 845 ἐχθρὸν

2114 870 2335 940 ἑαυτῆς.
2373 870 2481 941 χρὴ
2518 866 2611 924 οὖν
2654 870 2949 940 ἐφεστάναι
2995 871 3059 940 τῇ
3094 870 3430 939 προσευχῇ
3457 906 3475 931 ,
3523 867 3789 940 καθάπερ

2118 962 2281 1031 σοφὸν
2309 965 2650 1035 κυϐερνήτην
2670 1004 2684 1027 ,
2713 964 2805 1017 τὸν
2846 961 3145 1032 λογισμόν⁹
3186 959 3493 1032 μηδαμοῦ
3526 959 3635 1031 τὴν
3670 961 3782 1014 διά-

2113 1074 2265 1112 νοιαν
2306 1057 2578 1110 ἐνδιδόντα
2619 1056 2759 1127 πρὸς
2805 1056 2906 1119 τὰς
2948 1053 3044 1107 τοῦ
3093 1051 3385 1123 πονηροῦ
3446 1052 3785 1120 πνεύματος

2112 1150 2381 1222 ταραχάς,
2418 1149 2552 1220 μηδέ
2581 1152 2695 1211 τοῖς
2726 1148 2937 1201 ἐκείνου
2967 1147 3187 1218 κύμασι
3240 1162 3317 1198 συ
3328 1146 3777 1217 μπεριφερόμε-

2113 1261 2225 1310 νον,
2260 1242 2375 1296 ἀλλ’
2409 1242 2540 1295 εὐθὺ
2574 1241 2838 1311 βλέποντα
2877 1240 3015 1311 πρὸς
3062 1240 3159 1294 τὸν
3218 1240 3358 1294 ἄνω
3403 1238 3653 1307 λιμένα,
3692 1240 3780 1292 καὶ

2112 1336 2290 1407 ψυχὴν
2322 1334 2578 1406 ἀκέραιον
2627 1335 2668 1405 ¹)
2708 1333 3035 1388 ἀποδιδόντα
3084 1330 3168 1403 τῷ
3227 1331 3641 1385 πιστεύσαντι
3687 1332 3777 1385 καί

2115 1427 2437 1482 ἀπαιτοῦντι
2466 1426 2594 1499 θεῷ.
2625 1428 2685 1481 ού
2714 1427 2822 1498 γὰρ
2852 1426 2913 1479 τὸ
2946 1428 3131 1479 πεσεῖν
3166 1425 3284 1478 ἐπὶ
3320 1424 3474 1493 γόνυ
3512 1425 3615 1476 καὶ
3642 1425 3773 1493 σχή-

2119 1536 2249 1591 ματι
2275 1518 2385 1571 τῶν
2423 1518 2490 1571 δι’
2527 1517 2690 1588 εὐχὴν
2736 1516 3009 1586 κειμένων
3056 1513 3439 1569 ἐκτετάσθαι
3477 1513 3774 1568 σπουδαῖον

2112 1614 2181 1682 τῇ
2213 1612 2400 1682 γραφῇ
2445 1610 2539 1664 καί⁵
2570 1613 2614 1678 ²)
2649 1609 2966 1680 εὐάρεστον,
3012 1607 3112 1677 τῆς
3158 1605 3451 1669 διανοίας
3517 1605 3633 1670 ἔξω
3680 1605 3773 1658 τοῦ

2116 1705 2241 1758 θεοῦ
2272 1702 2633 1774 πλανωμένης
2660 1703 2724 1773 ³),
2756 1702 2893 1756 ἀλλά
2922 1702 2984 1754 τὸ
3012 1702 3203 1755 πᾶσαν
3243 1697 3632 1754 ἐκκαλοῦντα
3666 1698 3769 1754 τῶν

2115 1795 2394 1869 λογισμῶν
2421 1794 2695 1866 ῥαθυμίαν
2730 1812 2788 1847 τε
2808 1796 2903 1847 καὶ
2929 1794 3113 1849 ἀδικον
3142 1792 3420 1856 ἔννοιαν,
3454 1791 3598 1862 ὃλην
3635 1789 3767 1860 μετά

2116 1888 2213 1941 τοῦ
2240 1889 2493 1959 σώματος
2521 1886 2814 1941 ἀποδοῦναι
2861 1885 2960 1955 τὴν
3007 1885 3199 1956 ψυχὴν
3232 1886 3378 1947 ταῖς
3415 1884 3641 1953 εὐχαῖς.
3674 1881 3761 1936 καὶ

428 1976 640 2031 Eorum
669 1973 843 2039 enim,
877 1972 975 2042 qui
1015 1975 1090 2027 ita
1134 1989 1193 2027 se
1236 1973 1471 2037 habent,
1498 1971 1712 2027 fructus
1748 1972 2017 2026 virtutum

2127 1981 2245 2044 τοὺς
2310 1980 2665 2052 προεστῶτας
2739 1977 2798 2031 δέ
2860 1978 2967 2049 χρὴ
3039 1974 3629 2046 συναντιλαμϐάνειν
3690 1972 3759 2044 τῷ

425 2083 604 2138 quam
636 2065 871 2120 infirmis
922 2065 1257 2130 ostenditur,
1290 2080 1399 2118 non
1455 2066 1633 2119 solum
1676 2065 1751 2129 ei,
1782 2065 1879 2134 qui
1911 2065 2019 2118 iam

425 2157 686 2227 profecit,
708 2158 804 2212 sed
835 2158 1001 2213 etiam
1023 2156 1269 2227 parvulis
1290 2165 1347 2211 et
1373 2154 1623 2210 doctrina
1648 2156 2022 2227 indigentibus

428 2252 498 2304 ﬁt
527 2250 697 2316 utilis,
725 2252 1015 2306 consolans
1048 2264 1144 2304 eos
1174 2258 1231 2304 et
1258 2248 1327 2303 ad
1369 2248 1733 2303 imitationem
1768 2250 2021 2305 excitans

423 2359 653 2408 eorum,
695 2360 834 2413 quae
880 2344 1088 2399 vident.
1128 2343 1362 2398 Fructus
1392 2353 1575 2398 autem
1610 2344 1858 2399 sincerae
1895 2360 2023 2399 ora-

426 2435 605 2490 .tionis
657 2446 787 2491 sunt
832 2436 1191 2505 simplicitas,
1225 2434 1483 2501 dilectio,
1522 2436 1836 2501 humilitas,
1864 2436 2022 2493 forti-

430 2529 590 2591 tudo,
623 2527 961 2591 innocentia,
984 2537 1039 2582 et
1068 2543 1209 2597 quae
1244 2538 1375 2583 sunt
1402 2527 1695 2594 eiusmodi,
1728 2545 1868 2599 quos
1898 2538 2025 2586 ante

425 2622 706 2675 coclestes
734 2621 948 2676 fructus
977 2636 1074 2690 per
1099 2620 1242 2674 hanc
1267 2621 1434 2673 vitam
1452 2620 1670 2676 solliciti
1695 2621 1752 2675 in
1776 2622 2026 2677 oratione

428 2713 680 2767 hominis
702 2713 859 2767 labor
891 2714 981 2768 hic
1009 2715 1299 2784 germinat.
1333 2713 1559 2768 Talibus
1588 2714 1765 2769 oratio
1798 2723 2028 2770 ornatur

426 2805 729 2861 fructibus.
757 2806 969 2872 Quibus
1008 2822 1206 2861 carens
1245 2806 1463 2861 inanem
1499 2807 1729 2877 suscipit
1757 2807 2026 2863 laborem.

434 2900 600 2970 217
645 2900 760 2957 Nec
784 2899 963 2954 solum
993 2901 1193 2965 oratio,
1228 2900 1324 2955 sed
1361 2900 1527 2954 etiam
1567 2903 1748 2957 omnis
1782 2903 2027 2973 philoso-

432 2993 600 3062 phiae
630 2992 738 3056 via,
768 3007 801 3046 e
826 2991 921 3045 tali
952 2992 1199 3062 germine
1228 3001 1375 3056 nata,
1409 3009 1536 3048 vere
1561 2993 1803 3049 iustitiae
1836 3005 1921 3050 est
1940 2996 2029 3051 via

432 3096 497 3139 et
524 3083 592 3137 ad
625 3092 838 3136 rectum
861 3083 1116 3152 perducit
1141 3082 1324 3137 linem.
1356 3085 1469 3139 lllis
1497 3096 1679 3142 autem
1707 3088 1799 3157 qui
1827 3088 2029 3158 spolia-

436 3186 532 3230 tus
561 3184 666 3240 est,
697 3175 749 3230 ei
777 3191 980 3230 vanum
1014 3192 1213 3231 nomen
1246 3178 1599 3247 relinquitur,
1639 3190 1694 3235 et
1733 3182 2026 3235 stultarum

437 3268 716 3338 virginum
751 3267 949 3321 similis
983 3276 1087 3333 est,
1134 3270 1338 3338 quibus
1379 3280 1626 3341 tempore
1678 3273 2028 3329 necessitatis

439 3373 551 3411 non
579 3357 769 3411 aderat
784 3357 967 3411 oleum
991 3357 1047 3411 in
1073 3358 1310 3413 thalamo
1326 3359 1425 3431 (l).
1443 3361 1561 3415 Non
1579 3362 1724 3417 enim
1746 3363 2040 3449 habebant;

439 3448 501 3503 in
523 3449 724 3503 animis
750 3449 959 3514 lumen,
989 3449 1214 3506 virtutis
1248 3451 1509 3518 fructum,
1536 3470 1715 3524 neque
1741 3448 2033 3525 lucernam;

438 3542 687 3612 Spiritus
718 3541 775 3596 in
820 3552 1023 3597 mente.
1048 3544 1230 3609 Quare
1264 3554 1320 3599 et
1353 3546 1549 3600 stultas
1575 3546 1774 3601 merito
1810 3547 2027 3603 vocavit

436 3650 539 3689 eas
556 3634 858 3705 Scriptura,
892 3635 1184 3693 deﬁciente
1220 3654 1408 3693 earum
1451 3639 1676 3704 virtute,
1703 3640 2025 3710 priusquam

441 3725 656 3780 veniret
688 3742 943 3796 sponsus,
972 3737 1029 3781 et
1062 3738 1355 3800 propterea
1386 3730 1616 3786 miseras
1653 3732 1896 3786 thalamo
1926 3748 2026 3787 su-

443 3833 617 3888 perno
646 3818 900 3873 exclusit.
934 3820 1055 3874 Non
1083 3820 1231 3874 enim
1260 3821 1317 3875 in
1354 3822 1486 3892 ipsis
1527 3822 1771 3877 studium
1798 3824 2029 3895 virgini-

444 3911 575 3965 tatis
600 3911 892 3981 reputavit,
916 3927 1087 3982 quum
1105 3914 1352 3983 operatio
1367 3914 1607 3984 Spiritus
1632 3915 1766 3985 ipsis
1791 3915 2027 3971 deesset.

452 4004 523 4059 Et
547 4004 704 4059 valde
736 4005 955 4060 merito.
990 4006 1208 4060 Etenim
1236 4022 1378 4075 quae
1431 4008 1644 4061 utilitas
1671 4008 1801 4063 vitis
1827 4009 2028 4073 cultae,

445 4098 491 4153 si
530 4097 743 4153 fructus
776 4099 996 4163 desunt,
1031 4110 1258 4169 propter
1281 4116 1418 4170 quos
1439 4100 1685 4154 laborem
1716 4102 1867 4157 subit
1891 4102 2033 4172 agri-

443 4190 598 4244 cola?
630 4190 781 4257 Quae
833 4191 1044 4245 utilitas
1077 4190 1269 4245 ieiunii
1309 4199 1364 4246 et
1408 4192 1673 4247 orationis
1718 4202 1774 4249 et
1814 4193 2033 4263 vigilia—

447 4298 591 4345 rum,
619 4283 665 4337 si
692 4300 798 4352 pax
830 4283 985 4339 deest
1010 4292 1065 4337 et
1093 4283 1317 4338 dilectio
1338 4291 1393 4338 et
1421 4286 1591 4338 ceteri
1618 4285 1824 4356 gratiae
1861 4285 2035 4357 Spiri-

450 4383 539 4427 tus
584 4375 836 4441 l'ructus,
884 4390 1025 4445 quos
1073 4385 1297 4430 sanctus
1362 4386 1653 4431 enumerat
1708 4376 2035 4446 Apostolus?

448 4467 679 4523 Omnem
692 4467 839 4522 enim
864 4468 1093 4523 sustinet
1115 4468 1361 4523 laborem
1379 4476 1601 4539 propter
1620 4485 1682 4525 ea
1712 4478 1923 4524 amator
1941 4484 2036 4524 su-

450 4577 653 4633 pernae
672 4562 902 4630 patriae,
919 4563 1119 4631 quibus
1136 4562 1376 4632 Spiritus
1393 4563 1710 4617 attrahitur.
1726 4563 2032 4634 Etgratiae,

2119 2072 2365 2143 τοιούτῳ,
2391 2072 2485 2126 καί
2515 2071 2604 2125 διά
2632 2070 2813 2141 πάσης
2846 2069 3080 2141 σπουδῆς
3112 2068 3222 2123 καὶ
3274 2066 3602 2129 νουθεσίας
3636 2063 3753 2135 τρέ-

2121 2182 2242 2234 φειν
2266 2165 2366 2236 τὴν
2398 2164 2527 2235 περὶ
2555 2165 2617 2214 τὸ
2650 2161 3011 2233 προκείμενον
3054 2160 3149 2213 τοῦ
3204 2159 3543 2230 εὐχομένου
3573 2156 3749 2210 ἐπιθυ-

2127 2257 2277 2327 μίαν,
2306 2257 2400 2310 καὶ
2430 2256 2714 2327 καθαίρειν
2742 2252 2988 2325 ἀκριϋῶς
3017 2252 3118 2325 τὴν
3148 2251 3374 2306 τούτου
3407 2250 3625 2322 ψυχὴν.
3656 2247 3749 2302 τῶν

2122 2351 2231 2421 γὰρ
2257 2349 2430 2412 οὕτως
2462 2348 2739 2418 ἐχομένων
2761 2347 2789 2399 ὀ
2830 2346 3042 2417 καρπὸς
3086 2344 3204 2398 τῶν
3252 2343 3497 2416 ἀρετῶν
3528 2345 3644 2405 τοῖς
3672 2358 3748 2394 νο-

2126 2442 2310 2496 σοῦσιν
2344 2440 2790 2511 ἐπιδεικνύμενος
2817 2438 2878 2491 ού
2903 2436 2977 2508 τῷ
3008 2435 3379 2508 προκόψαντι
3404 2435 3603 2506 μόνον,
3624 2431 3748 2486 ἀλλὰ

2124 2536 2223 2589 καὶ⁵
2253 2536 2366 2597 τοῖς
2405 2533 2486 2586 ἔτι
2519 2532 2740 2602 νηπίοις
2766 2530 2861 2583 καὶ
2886 2529 3168 2601 δεομένοις
3207 2525 3595 2589 διδασκαλίας
3624 2523 3745 2594 χρή-

2127 2644 2286 2699 σιμος
2309 2626 2522 2695 γίνεται
2559 2624 2629 2695 ⁸),
2665 2623 3002 2697 παρακαλῶν
3030 2622 3242 2686 αὐτοὺς
3270 2620 3379 2675 καὶ
3419 2618 3739 2691 προτρέπων

2126 2722 2207 2783 εἰς
2236 2719 2491 2791 μίμησιν,
2534 2709 2608 2769 ὧν
2639 2714 2830 2787 ὁρῶσι.
2862 2713 3069 2786 καρποὶ
3100 2712 3160 2767 δὲ
3196 2709 3564 2784 εἰλικρινοῦς
3588 2708 3725 2779 εὐχῆς

2129 2812 2390 2881 ἀπλότης,
2439 2808 2654 2880 ἀγάπη,
2715 2804 3229 2877 ταπεινοφροσύνη,
3271 2802 3584 2876 καρτερία,
3614 2803 3731 2856 ἀκα-

2129 2905 2245 2966 κία,
2295 2904 2392 2957 καὶ
2440 2901 2510 2955 τά
2558 2900 2807 2961 τοιαῦτα,
2845 2899 2884 2954 ἀ
2922 2898 3029 2970 πρὸ
3054 2898 3165 2952 τῶν
3208 2897 3467 2952 αἰωνίων
3522 2892 3730 2965 καρπῶν

2130 2994 2283 3067 παρά
2316 2993 2408 3047 τὸν
2438 2992 2550 3064 βίον
2573 2994 2601 3047 ὁ
2624 2990 2721 3045 τοῦ
2747 2990 3037 3044 σπουδαίου
3066 2989 3202 3060 περὶ
3241 2988 3354 3059 τὴν
3385 2987 3562 3058 εὐχὴν
3591 2983 3734 3042 πόνος

2128 3088 2370 3145 ἐνταῦθα
2415 3086 2727 3158 βλαστάνει.
2770 3083 2983 3147 τούτοις
3035 3081 3174 3153 εὐχὴ
3236 3077 3653 3142 καλλωπίζεται
3690 3074 3727 3142 ⁸)

2130 3187 2241 3248 τοῖς
2267 3184 2524 3253 καρποῖς·
2550 3177 2836 3251 ἀποροῦσα
2872 3176 2929 3229 δὲ
2965 3175 3174 3229 τούτων
3222 3173 3477 3245 μάταιον
3518 3166 3732 3238 ἔχειτὸν

2134 3277 2314 3330 πόνον.
2355 3274 2449 3327 καὶ
2480 3272 2581 3326 ούκ
2610 3270 2743 3343 εύχὴ
2780 3272 2964 3343 μόνον,
2991 3267 3129 3324 ἀλλά
3160 3268 3267 3321 καὶ
3314 3268 3478 3320 πᾶσα
3530 3260 3730 3332 φιλοσο-

2132 3370 2259 3438 φίας
2293 3367 2446 3430 ὁδός.
2495 3364 2752 3434 τοιαύτην
2806 3364 2907 3435 μὲν
2953 3363 3151 3433 ἔχουσα
3187 3359 3297 3431 τὴν
3354 3357 3627 3429 βλάστην,
3654 3350 3719 3403 δι.

2114 3456 2420 3545 ριαιοσύνης
2443 3455 2610 3519 ὅντως
2634 3454 2779 3506 ἐστὶν
2803 3452 2939 3518 ὁδός,
2954 3451 3049 3545 καὶ
3237 3448 3408 3520 ὀρθὸν
3426 3440 3721 3545 ἀγειτέλοςθ

2123 3536 2329 3605 τούτων
2378 3549 2436 3603 δὲ
2476 3546 2825 3618 ἐστερημένῳ
2878 3543 3034 3599 κενδν
3079 3543 3261 3613 ὄνομα
3302 3536 3721 3595 καταλείπεται,

2113 3620 2223 3699 ’καὶ
2265 3644 2390 3704 ταῖς
2440 3643 2651 3713 μωραῖς
2697 3636 2891 3702 ἐοικὼς
2939 3635 3280 3707 παρθένοις,
3327 3627 3422 3696 αἷς
3462 3627 3611 3699 παρά
3638 3622 3719 3677 τὸν

2128 3738 2320 3811 καιρὸν
2342 3737 2441 3807 τῆς
2470 3735 2661 3808 χρείας
2685 3734 2747 3787 οὐ
2775 3732 2958 3804 παρῆν
2979 3733 3037 3784 ἐν
3060 3729 3139 3800 τῷ
3158 3747 3227 3782 νυ
3236 3727 3428 3800 μφῶνι
3451 3724 3512 3777 τὸ
3534 3721 3717 3811 ἔλαιον.

2128 3831 2188 3884 οὒ
2211 3806 2319 3900 γάρ
2345 3806 2491 3899 εἶχον
2512 3806 2578 3880 ἐν
2606 3828 2728 3887 ταῖς
2764 3825 2965 3895 ψυχαῖς
2994 3822 3057 3875 τὸ
3083 3819 3227 3890 φῶς,
3259 3819 3362 3873 τὸν
3401 3816 3504 3885 τῆς
3527 3806 3711 3900 ἀρετῆς

2135 3898 2362 3991 καρπόν,
2382 3915 2503 3970 οὐδὲ
2521 3913 2612 3967 τὸν
2640 3912 2732 3966 τοῦ
2757 3910 3067 3982 πνεύματος
3090 3911 3146 3961 ἐν
3173 3911 3247 3980 τῇ
3270 3903 3488 3974 διανοίᾳ
3510 3898 3708 3968 λύχνον.

2130 3987 2252 4065 ὅθεν
2278 4009 2375 4063 καὶ
2421 4008 2613 4078 μωράς
2656 4003 2885 4066 εἰκότως
2922 4002 3215 4070 ὠνόμασεν
3248 4000 3284 4071 ὴ
3321 3994 3533 4069 γραφή,
3560 3987 3703 4054 συλη-

2133 4102 2354 4173 σθείσης
2371 4100 2412 4171 ³)
2434 4098 2613 4153 αὐτῶν
2632 4098 2734 4168 τῆς
2759 4094 2965 4168 ἀρετῆς
2987 4096 3119 4166 πρὶν
3147 4092 3333 4145 ἐλθεῖν
3359 4090 3452 4144 τὸν
3476 4078 3697 4155 νυμφίον.

2132 4195 2226 4248 καὶ
2254 4193 2341 4247 διά
2359 4191 2517 4245 τοῦτο
2539 4188 2630 4243 τοῦ
2657 4188 2770 4242 ἀνω
2798 4186 3090 4258 νυμφῶνος
3117 4184 3219 4250 τὰς
3248 4182 3447 4245 ἀθλίας
3467 4174 3698 4235 ἀπέκλει-

2135 4304 2247 4341 σεν.
2287 4285 2348 4338 οὐ
2378 4284 2487 4355 γάρ
2512 4280 2793 4351 ἐλογίσατο
2827 4281 3021 4342 αὕταῖς
3052 4277 3153 4349 τὴν
3186 4276 3433 4345 σπουδὴν
3461 4271 3557 4340 τῆς
3581 4278 3702 4333 παρ’

2135 4378 2316 4442 θενίας
2339 4376 2433 4430 τοῦ
2464 4375 2538 4446 μὴ
2561 4376 2818 4445 παρεῖναι
2840 4373 2939 4444 τὴν
2962 4370 3056 4425 τοῦ
3088 4369 3405 4441 πνεύματος
3422 4363 3696 4436 ἐνέργειανο

2135 4471 2231 4525 καὶ
2264 4469 2405 4522 πάνυ
2443 4467 2689 4529 δικαίως.
2730 4465 2783 4519 τί
2830 4465 2940 4535 γάρ
2970 4462 3162 4532 δφελος
3195 4458 3448 4532 ἀμπέλου
3483 4464 3699 4516 πεποντι⁸

2141 4564 2329 4637 μένης,
2350 4560 2579 4634 καρπῶν
2610 4560 2686 4631 μὴ
2713 4559 3019 4632 παρόντων,
3041 4548 3117 4610 ὧν
3135 4554 3325 4607 ἕνεκεν
3352 4547 3598 4620 ὑπομένει
3619 4539 3697 4637 τον

450 4668 590 4723 quae
614 4651 740 4706 inde
758 4653 1024 4718 nascitur,
1050 4654 1323 4725 particeps
1348 4653 1523 4709 factus
1543 4657 1779 4710 fructum
1798 4655 1958 4710 aﬂ‘ert
1977 4664 2024 4709 et

2137 4626 2301 4709 πόνον
2326 4656 2354 4707 ὁ
2381 4626 2628 4727 γεωργός
2647 4626 2746 4716 ;’τί
2785 4626 2975 4720 κέρδος
3004 4644 3259 4715 νηστείας
3292 4642 3387 4696 καὶ
3417 4626 3695 4727 προσευχῇ

448 4761 575 4799 cum
606 4744 806 4816 gaudio
834 4744 1040 4800 fruitur
1073 4748 1290 4801 cultura
1322 4747 1459 4818 agri,
1490 4764 1653 4817 quam
1696 4749 1753 4802 in
1799 4748 2029 4802 humili—

450 4847 561 4892 tate
602 4852 701 4891 sua
747 4846 802 4890 et
849 4836 1033 4891 studio
1066 4853 1293 4907 operum
1336 4839 1577 4909 Spiritus
1622 4839 1794 4894 coluit
1830 4838 2025 4909 gratia.

449 4928 678 4999 Oportet
704 4928 871 5000 igitur
901 4929 1120 4984 labores
1148 4930 1414 4985 orationis
1440 4939 1495 4985 et
1531 4931 1722 4986 ieiunii
1746 4940 1802 4987 et
1822 4943 2033 4986 cetero-

451 5035 572 5073 rum
604 5035 833 5090 operum
872 5036 996 5073 cum
1025 5021 1197 5073 multo
1218 5021 1412 5091 gaudio
1438 5030 1494 5075 et
1515 5020 1660 5075 bona
1692 5036 1787 5091 spe
1820 5021 2029 5085 subire,

451 5111 614 5165 ﬂores
648 5126 779 5166 vero
839 5112 1092 5167 laborum
1140 5120 1198 5167 et
1246 5112 1462 5167 fructus
1520 5114 1749 5168 credere
1792 5112 2032 5183 Spiritus

450 5216 570 5257 esse
596 5203 962 5275 operationes.
982 5203 1131 5269 Quae
1145 5204 1191 5258 si
1208 5204 1332 5274 quis
1350 5204 1455 5258 sibi
1474 5204 1819 5260 adscribatet
1841 5206 2027 5261 omnia

451 5294 566 5349 suis
592 5292 876 5348 laboribus
906 5294 1195 5361 attribuat,
1215 5310 1316 5365 pro
1343 5296 1896 5353 immarccscibilihus
1918 5297 2037 5352 fru-

2136 4751 2232 4804 καὶ
2266 4717 2604 4819 ἀγρυπνίας,
2634 4717 3123 4814 εἰρήνηςνάπούσης
3150 4738 3246 4791 καὶ
3261 4734 3479 4804 ἀγάπης
3495 4724 3581 4819 καί
3600 4717 3694 4771 τῶν

2137 4813 2457 4909 λοιπῶντῆς
2474 4836 2566 4890 τοῦ
2587 4813 2897 4905 πνεύματος
2912 4831 3135 4904 χάριτος
3150 4826 3401 4900 καρπῶν,
3417 4820 3504 4882 οὒς
3519 4818 3545 4868 ὁ
3559 4813 3692 4909 huic

2139 4898 2535 5003 ἀπαριθμεῖται
2575 4898 2870 4989 ἀπόστολος
2890 4898 3122 4991 {nam
3152 4898 3262 4991 γὰρ
3296 4898 3691 5008 ὑφίσταται-διξάς

2139 5041 2229 5077 νον
2261 4998 2469 5075 τούτων
2489 5021 2675 5074 ’ἐνεκεν
2722 5020 2751 5072 ὁ
2770 5018 2869 5088 τῆς
2899 5018 3011 5072 ἅνω
3039 5014 3225 5086 Χώρας
3260 5007 3505 5097 ἐραστῄςν
3534 4998 3595 5097 ἔξ,

2141 5113 2427 5184 ἐφέλκεται
2458 5110 2519 5164 τὸ
2546 5107 2784 5179 πνεῦμα.
2804 5084 2900 5161 καὶ
2928 5105 3025 5175 τῆς
3042 5084 3265 5156 ἐκεῖθεν
3290 5084 3686 5184 μεταλαμῦἀνιίνξ

2140 5168 2359 5276 χάριτος
2381 5168 2721 5272 καρποφορέῖ
2740 5200 2833 5253 καὶ
2853 5168 3116 5252 ἀπολαύει
3141 5192 3256 5265 μετ’
3270 5168 3682 5276 εύφροσύντιςθτῇς

2139 5262 2437 5366 ἷεῶργίας,
2460 5262 2537 5366 ¹ἥν
2565 5262 2622 5346 ἐν
2638 5262 2713 5364 τῇ
2744 5288 2939 5344 ἐαυτοῦ
2968 5262 3431 5355 ταπεινοφροσύνῃ
3462 5266 3549 5322 καὶ
3578 5262 3681 5313 ἐπι-

1746 5435 2003 5491 VARIAE
2043 5432 2449 5491 LECTIONES.

458 5644 550 5682 *δ

460 5707 645 5767 blattis
670 5707 967 5767 exstinctus
1006 5711 1151 5764 coni.
1188 5707 1397 5762 addidi.

528 5574 569 5639 ¹)
595 5572 847 5634 Ειιιεῐιάη
886 5568 1008 5624 cod.
1048 5569 1354 5638 ἀκαίραιον.
1414 5599 1483 5609 -—
1509 5568 1550 5639 ¹)
1576 5571 1668 5623 καί
1716 5570 1771 5624 in
1812 5570 1934 5625 cod.
1977 5572 2163 5626 delere
2202 5572 2414 5628 studuit
2439 5586 2550 5628 rec.
2580 5587 2655 5626 m.
2719 5600 2791 5609 —
2816 5568 2859 5636 ⁸)
2914 5567 3170 5639 Emend,
3200 5559 3320 5639 eod.
3349 5538 3666 5639 mergetfrl‘fi

595 5575 847 5634 Emend,
886 5575 1008 5624 cod.
1048 5575 1354 5638 ἀκαίραιον.
1414 5599 1483 5609 -—
1509 5575 1550 5639 ')
1576 5575 1668 5623 καί
1716 5575 1771 5624 in
1812 5575 1934 5625 cod.
1977 5575 2163 5626 delere
2202 5575 2414 5628 studuit
2439 5586 2550 5628 rec.
2580 5587 2655 5626 m.
2719 5600 2791 5609 —
2816 5575 2859 5636 ‘)
2914 5575 3170 5625 Emend.,
3202 5575 3320 5615 eoa.
3349 5575 3380 5604 ’π

552 5575 571 5713 ζ
602 5640 1020 5712 Αιιγενὴσεταιῖ
1050 5639 1171 5713 (ῖθςιο
1208 5639 1452 5713 γὲγῄται.
1488 5640 1617 5709 ——“)
1651 5641 1903 5709 Emend,
1928 5643 2051 5698 cod.
2084 5643 2487 5709 καλλοπίζεται.
2513 5644 2641 5712 --⁶)
2667 5640 2849 5705 Corr.,
2889 5636 3013 5694 cod.
3052 5632 3380 5702 σηεσθήσηςι

3423 5598 3589 5674 literas
3614 5598 3668 5655 νλ

1955 5826 2207 5885 NOTAE.

539 5913 614 5981 (ι)
643 5914 829 5968 Ma‘tth.
866 5915 1023 5978 XXV,
1067 5916 1086 5969 l
1124 5933 1245 5986 sqq.
