4016 6476
215 470 296 528 837

1709 489 2115 547 EPISTOLAE.

3456 486 3563 541 438

224 590 405 664 μελεία
424 593 559 649 τῶν
583 597 813 671 ἔργων
850 608 886 676 ή
908 606 1003 660 τοῦ
1025 604 1329 676 πνεύματος
1356 603 1670 675 ὲγεώργησε
1694 604 1873 674 χάρις.

1985 600 2159 655 ctibus
2180 597 2288 653 illis
2310 596 2483 652 fastus
2506 597 2599 651 tali
2633 606 2688 650 et
2716 596 2972 665 superbia
3002 597 3267 666 quaedam
3300 597 3561 667 gignitur.

233 687 303 741 δεῖ
325 682 424 740 οῦν
461 691 616 754 τοὺς
657 696 782 763 μὲν
822 700 1021 761 πόνους
1049 698 1147 767 τῆς
1178 698 1343 767 εὐχῆς
1372 697 1467 749 καὶ
1491 696 1745 765 νηστείας
1783 695 1879 748 καὶ

240 778 335 834 τῶν
356 780 587 834 λοιπῶν
640 784 854 858 ἔργων
885 790 1021 859 μετὰ
1064 790 1261 857 πολλῆς
1290 790 1483 860 ἡδονῆς
1536 790 1629 841 καὶ
1666 787 1878 857 ἀγαθῆς

261 872 465 937 ἐλπίδος
503 874 908 943 ὑφίστασθαι,
939 881 1007 933 τά
1038 880 1093 933 δὲ
1126 880 1259 950 ἀνθη
1282 880 1390 934 τῶν
1420 879 1618 943 πόνων,
1639 880 1733 932 καὶ
1752 880 1879 942 τοὺς

278 965 508 1038 καρπούς
534 1008 551 1029 ,
580 967 690 1019 τοῦ
732 970 1052 1040 πνεύματος
1079 966 1217 1023 εἶναι
1259 970 1534 1023 πιστεύειν
1573 968 1873 1040 ἐνεργείας.

292 1063 336 1113 εἰ
362 1061 454 1129 γὰρ
502 1060 703 1131 ἐαυτῷ
738 1078 827 1123 τις
856 1061 1119 1131 λογίζοιτο
1154 1061 1356 1123 ταῦτα,
1382 1062 1474 1115 καὶ
1509 1061 1571 1114 τὸ
1612 1062 1719 1113 πᾶν
1748 1061 1879 1112 ἀνα-

296 1154 399 1222 θείη
421 1156 535 1215 τοῖς
562 1153 786 1217 πόνοις,
810 1155 931 1208 ἀντὶ
956 1154 1061 1207 τῶν
1084 1155 1375 1225 ἀκηράτων
1397 1153 1621 1206 ἐκείνων
1649 1151 1879 1221 καρπῶν

286 1242 575 1307 ἀλαζονεία
629 1243 716 1315 τῷ
756 1244 981 1314 τοιούτῳ
1035 1245 1130 1296 καὶ
1177 1243 1435 1313 φρόνημά
1463 1261 1514 1296 τι
1558 1244 1599 1310 1)
1658 1240 1874 1309 φύεται.

285 1335 460 1390 ταῦτα
490 1337 554 1389 δὲ
600 1335 675 1389 τά
703 1335 853 1403 πάθη
879 1335 1130 1407 καθάπερ
1168 1352 1253 1398 τις
1281 1333 1529 1405 σηπεδὼν
1558 1335 1601 1403 ’)
1624 1335 1744 1395 ταῖς
1770 1332 1880 1385 τῶν

278 1428 527 1482 εύκόλων
551 1428 760 1498 ψυχαῖς
799 1426 1114 1496 ἐμφυόμενα
1143 1424 1444 1494 διαφθείρει
1478 1425 1571 1477 καὶ
1605 1422 1878 1476 ἀπόλλυσι

269 1518 408 1580 τοὺς
454 1518 684 1579 πόνους.
728 1516 781 1569 τί
824 1510 918 1568 οῦν
955 1513 1065 1585 χρὴ
1092 1515 1265 1567 ποιεῖν
1294 1511 1384 1565 τὸν
1420 1510 1498 1581 τῷ
1536 1509 1643 1579 θεῷ
1689 1508 1783 1561 καί
1812 1510 1877 1578 τῇ

269 1608 498 1662 ἐκείνου
554 1607 737 1671 ζῶντα
777 1604 986 1671 ἐλπίδι;
1037 1604 1166 1667 τοὺς
1218 1604 1317 1674 μὲν
1348 1602 1489 1673 ὑπὲρ
1532 1600 1631 1670 τῆς
1679 1598 1880 1671 ἀρετῆς

270 1700 515 1769 ἀγῶνας
571 1698 692 1768 μεθ’
741 1696 935 1767 ἡδονῆς
982 1696 1276 1766 ὑπομένειν
1297 1736 1311 1760 ,
1346 1694 1445 1764 τὴν
1481 1692 1750 1763 λύτρωσιν
1783 1692 1878 1760 τῆς

270 1794 475 1862 ψυχῆς
511 1794 582 1844 ὲκ
630 1789 740 1842 τῶν
775 1786 998 1850 παθῶν,
1032 1787 1127 1838 καὶ
1158 1783 1295 1855 πρὸς
1345 1783 1444 1852 τὴν
1496 1782 1804 1853 ἀκροτάτην
1835 1779 1878 1849 ⁸)

272 1886 393 1937 τῶν
458 1880 682 1953 ἀρετῶν
726 1879 909 1935 ἄνοδον
968 1878 1069 1947 τῆς
1117 1874 1492 1944 τελειότητος,
1546 1872 1632 1925 ἐπ’
1684 1870 1880 1940 ἐκείνῳ

1979 692 2138 747 Tales
2188 701 2368 745 autem
2402 690 2684 759 passiones
2709 701 2769 743 ut
2804 692 3040 759 putredo
3072 692 3340 761 quaedam
3383 692 3440 745 in
3471 709 3565 746 so-

1978 783 2239 837 cordibus
2282 782 2482 836 animis
2522 781 2685 834 insita
2718 781 2934 836 labores
2967 784 3295 853 dispertiunt
3342 793 3399 837 et
3440 799 3564 837 cor-

1978 884 2258 945 rumpunt.
2293 874 2563 940 Quidnam
2589 875 2755 944 igitur
2780 874 2960 929 facere
2993 875 3157 929 debet
3185 876 3231 929 is
3261 875 3354 944 qui
3376 876 3486 928 Deo
3508 883 3568 928 et

1978 967 2094 1036 spei
2124 967 2245 1021 eius
2270 966 2437 1019 vivit?
2455 966 2764 1021 Certamina
2788 968 3010 1021 virtutis
3047 983 3171 1021 cum
3205 967 3405 1037 gaudio
3434 982 3563 1021 sus-

1979 1058 2177 1120 tinere,
2212 1056 2592 1127 purgationem
2656 1060 2868 1113 animae
2916 1075 2947 1112 a
2991 1058 3357 1128 passionibus,
3397 1066 3453 1112 et
3494 1057 3564 1110 ad

1979 1164 2254 1204 summum
2296 1149 2565 1203 virtutum
2616 1150 2845 1219 gradum
2882 1149 3259 1219 perfectionis,
3304 1150 3469 1219 218
3505 1151 3564 1203 in

1980 1240 2099 1310 ipso
2128 1255 2279 1309 spem
2302 1256 2526 1309 ponere,
2561 1251 2616 1294 et
2642 1240 2791 1295 illius
2816 1241 3141 1311 benignitati
3162 1241 3461 1295 conlidere.
3486 1241 3566 1295 Ita

1978 1332 2129 1386 enim
2158 1342 2382 1401 paratus
2422 1340 2478 1385 et
2520 1331 2708 1386 fruens
2749 1348 2832 1397 ea,
2862 1350 3025 1403 quam
3070 1334 3337 1400 credidit,
3366 1334 3563 1405 gratia,

1980 1422 2098 1477 sine
2129 1422 2316 1477 labore
2350 1422 2545 1487 currit,
2583 1423 2892 1493 despiciens
2924 1424 3225 1479 adversarii
3269 1425 3563 1493 malitiam,

1980 1514 2185 1583 quippe
2219 1530 2390 1584 quum
2422 1514 2530 1568 iam
2569 1514 2641 1569 sit
2666 1516 2991 1587 peregrinus
3043 1517 3135 1570 ille
3184 1527 3242 1572 et
3288 1518 3503 1572 solutus
3534 1533 3568 1573 a

1978 1605 2327 1675 passionibus
2360 1607 2531 1677 gratia
2554 1605 2781 1662 Christi.
2818 1608 2975 1663 Sicut
3007 1609 3155 1662 enim
3180 1650 3194 1673 ,
3227 1609 3321 1679 qui
3349 1608 3568 1678 iniquas

1981 1697 2264 1766 passiones
2285 1713 2383 1767 per
2413 1699 2720 1769 neglectum
2742 1700 3013 1754 bonorum
3037 1700 3091 1753 in
3129 1700 3373 1769 ipsarum
3401 1713 3569 1756 natu-

1982 1801 2097 1840 ram
2136 1785 2514 1852 introducunt,
2543 1796 2599 1842 et
2627 1788 2681 1842 in
2706 1789 2839 1858 ipsis
2875 1805 3000 1843 cum
3041 1789 3406 1850 delectatione
3438 1806 3537 1844 ver

1982 1887 2193 1942 santur,
2211 1878 2368 1932 facile
2398 1879 2553 1948 quasi
2578 1879 2821 1934 innatam
2843 1889 2901 1935 et
2932 1881 3209 1950 propriam
3232 1881 3569 1950 voluptatem

270 1972 674 2045 παρίστασθαι
699 1970 797 2039 τὴν
828 1968 1040 2032 ἐλπίδα,
1073 1967 1166 2020 καὶ
1198 1967 1264 2036 τῇ
1296 1966 1425 2034 παρ’
1454 1963 1664 2017 ἐκείνου
1694 1962 1882 2030 φιλαν-

1985 1968 2040 2023 in
2064 1985 2121 2024 se
2142 1970 2468 2039 suscipiunt,
2503 1970 2898 2027 fruetificantes
2919 1973 3203 2027 avaritiam
3226 1982 3282 2027 et
3307 1973 3571 2028 invidiam

269 2066 519 2139 θρωπίᾳ
571 2062 871 2117 πιστεύειν.
924 2060 1098 2123 οὕτως
1144 2059 1254 2129 γὰρ
1287 2055 1807 2128 παρεσκευασμένος
1835 2054 1879 2125 Ι⁵)

266 2160 379 2215 καὶ
421 2156 746 2218 ἀπολαύσας
778 2154 898 2224 τῆς,
931 2152 959 2206 ὃ
983 2152 1028 2222 ⁸)
1068 2152 1399 2204 πεπίστευκε
1421 2189 1435 2212 ,
1464 2149 1710 2220 χάριτος,
1744 2146 1880 2199 ἀπό-

267 2269 394 2314 νως
432 2250 646 2320 τρέχει,
676 2244 1031 2317 καταφρονῶν
1067 2247 1166 2313 τῆς
1190 2243 1283 2296 τοῦ
1312 2241 1504 2313 ἐχθροῦ
1529 2239 1727 2302 κακίας
1746 2278 1760 2301 ,
1785 2239 1881 2292 ἆτε

279 2341 359 2411 δὴ
409 2339 563 2404 ξένος
598 2338 803 2397 ἐκεῖνος
834 2336 929 2387 καὶ
970 2331 1375 2404 λελυτρωμένος
1420 2329 1526 2382 τῶν
1576 2327 1767 2381 παθῶν
1812 2328 1879 2397 τῇ

289 2430 399 2486 τοῦ
428 2428 666 2501 Χριστοῦ
693 2428 896 2498 χάριτι.
945 2425 1134 2494 ὥσπερ
1165 2427 1273 2495 γάρ
1302 2424 1351 2475 οἰ
1385 2423 1453 2476 τά
1478 2420 1691 2493 πονηρὰ
1732 2420 1879 2491 πάθη

289 2524 397 2578 διὰ
420 2523 511 2590 τῆς
539 2521 653 2575 τῶν
690 2520 868 2573 καλῶν
912 2519 1184 2591 ραθυμίας
1212 2520 1277 2587 τῇ
1314 2515 1521 2569 ἑαυτῶν
1560 2513 1883 2581 ἐπεισάγον-

291 2632 397 2682 τις
418 2615 459 2687 ⁸)
479 2615 667 2685 ψύσει,
701 2614 795 2667 καὶ
819 2611 1189 2681 διατρίϐοντες
1218 2611 1276 2661 ἐν
1304 2611 1488 2672 αὐτοῖς
1525 2606 1663 2679 μετὰ
1682 2608 1877 2677 χαρᾶς.

284 2700 605 2761 ἐπιτελοῦσι
658 2704 853 2777 ῥᾳδίως
902 2702 1093 2773 ὥσπερ
1124 2703 1247 2756 τινά
1278 2701 1517 2772 ἔμφυτον
1552 2699 1746 2771 ήδονῆν
1785 2698 1882 2751 καὶ

282 2800 533 2863 οίκείαν,
560 2794 929 2867 καρπούμενοι
963 2793 1278 2858 πλεονεξίαν
1312 2790 1405 2845 καί
1438 2791 1529 2845 τὸν
1563 2790 1757 2859 φθόνον
1784 2790 1881 2842 καὶ

285 2892 392 2963 τὴν
424 2890 696 2961 πονηρίαν
727 2890 822 2941 καὶ
865 2887 934 2941 τὰ
983 2886 1146 2939 λοιπά
1181 2886 1323 2957 μέρη
1355 2884 1454 2955 τῆς
1502 2882 1882 2952 ἀντικειμένης

288 2983 522 3047 κακίας,
556 2980 732 3043 οὓτως
761 2979 859 3033 καὶ
893 2980 943 3032 οἰ
980 2977 1075 3032 τοῦ
1103 2976 1341 3048 Χριστοῦ
1376 2976 1472 3028 καὶ
1500 2977 1596 3046 τῆς
1622 2974 1883 3043 ἀληθείας

289 3073 531 3143 ἐργάται
560 3070 651 3123 διά
672 3087 732 3123 τε
766 3070 865 3139 τῆς
888 3068 1124 3131 πίστεως
1165 3065 1261 3119 καὶ
1286 3064 1396 3118 τῶν
1430 3064 1527 3133 τῆς
1556 3064 1756 3134 ἀρετῆς
1788 3062 1884 3113 πό-

288 3184 405 3218 νων
428 3164 502 3218 τά
552 3163 693 3234 ὑπὲρ
737 3163 834 3232 τὴν
866 3160 1027 3229 φύσιν
1057 3159 1237 3213 αὐτῶν
1272 3157 1454 3226 ἀγαθά
1481 3156 1637 3225 παρὰ
1660 3155 1757 3225 τῆς
1787 3152 1882 3206 τοῦ

289 3257 614 3325 πνεύματος
648 3254 865 3324 χάριτος
889 3250 1008 3321 μεθ’
1031 3250 1224 3320 ήδονῆς
1258 3250 1500 3320 ἀρρήτου
1523 3246 1879 3317 καρποῦνται,

293 3347 391 3400 καὶ
434 3345 661 3407 ἀπόνως
718 3341 1027 3395 ἐπιτελοῦσι
1076 3341 1177 3411 τὴν
1226 3340 1414 3395 ἄδολον
1466 3340 1562 3393 καὶ
1616 3339 1885 3409 ἄτρεπτον

293 3439 503 3498 πίστιν,
523 3436 628 3507 τὴν
657 3436 1052 3489 ἀμετάπτωτον
1078 3434 1321 3504 εἰρήνην,
1358 3432 1459 3502 τὴν
1489 3430 1658 3493 ὅντως
1689 3429 1889 3497 ἀγαθό-

286 3549 457 3609 ειητα,
506 3529 582 3582 τά
624 3546 683 3581 τε
732 3527 894 3581 λοιπά
936 3526 1150 3588 πάντα,
1201 3524 1270 3577 δι’
1304 3519 1378 3577 ὧν
1424 3522 1570 3593 ψυχὴ
1620 3520 1887 3592 κρείττων

294 3622 503 3692 ἑαυτῆς
554 3618 815 3689 γινομένη
861 3618 956 3671 καὶ
990 3617 1091 3685 τῆς
1136 3614 1231 3669 τοῦ
1284 3613 1479 3684 ἐχθροῦ
1530 3611 1882 3682 δυνατωτέρα

302 3712 538 3774 κακίας,
586 3708 905 3779 οἰκητήριον
959 3704 1197 3775 καθαρὸν
1249 3703 1449 3774 ἑαυτὴν
1516 3702 1746 3773 παρέχει
1809 3699 1889 3769 τῷ

314 3800 671 3873 προσκυνητῷ
702 3801 798 3852 καὶ
821 3798 960 3869 ἁγίῳ
994 3798 1285 3868 πνεύματι,
1318 3796 1447 3865 παρ’
1482 3787 1543 3849 οῦ
1569 3793 1667 3863 τὴν
1697 3790 1890 3844 ἀθάνα-

311 3913 410 3948 τον
455 3892 545 3946 τοῦ
590 3890 829 3965 Χριστοῦ
868 3890 1108 3944 λαδοῦσα
1155 3889 1412 3959 εἰρήνην,
1453 3885 1781 3939 συνάπτεται
1818 3882 1887 3936 δι’

310 3988 487 4057 αὐτῆς
524 3987 614 4040 καὶ
648 3985 1050 4056 προσκολλᾶται
1087 3983 1164 4053 τῷ
1195 3982 1403 4053 κυρίῳ.
1439 3978 1680 4032 λαϐοῦσα
1705 3977 1763 4030 δὲ
1788 3977 1888 4047 τὴν

304 4081 401 4134 τοῦ
434 4079 745 4149 πνεύματος
775 4077 933 4149 χάριν
966 4077 1062 4130 καὶ
1084 4074 1404 4145 κολληθεῖσα
1433 4071 1509 4143 τῷ
1535 4070 1663 4142 θεῷ,
1690 4069 1785 4122 καί⁸
1808 4069 1888 4132 εἰς

304 4172 363 4225 ἓν
397 4173 623 4239 πνεῦμα
668 4170 782 4238 μετ’
830 4168 995 4223 αὑτοῦ
1041 4166 1307 4237 γενομένη
1330 4206 1344 4229 ,
1396 4165 1457 4219 οὐ
1495 4163 1655 4235 μόνον
1681 4166 1751 4216 τὰ
1790 4160 1889 4231 τῆς

301 4265 513 4326 οἰκείας
541 4265 745 4332 ἀρετῆς
781 4262 917 4332 ἔργα
956 4261 1152 4331 ῥᾳδίως
1182 4259 1450 4323 ἐπιτελεῖ,
1491 4256 1659 4327 μηδὲν
1692 4256 1891 4323 ἀγωνι-

304 4357 521 4427 ζομένη
557 4356 693 4425 πρὸς
731 4355 821 4408 τὸν
866 4353 1059 4424 ἐχθρὸν
1102 4351 1196 4405 τοῦ
1242 4349 1507 4422 κρείττων
1543 4349 1642 4419 τῆς
1679 4347 1890 4400 ἐκείνου

300 4447 603 4519 τυγχάνειν
642 4444 966 4516 ἐπιϐουλῆς,
1018 4443 1155 4498 ἀλλά
1193 4443 1255 4495 τὸ
1300 4442 1517 4496 πάντων
1559 4438 1780 4510 μεῖζον,
1822 4437 1892 4491 τά

301 4542 397 4597 τοῦ
431 4539 685 4609 σαπῆρος
728 4540 807 4601 εἰς
857 4535 1055 4603 ἑαυτὴν
1096 4534 1415 4604 ἀναδέχεται
1458 4531 1643 4601 πάθη,
1673 4531 1766 4583 καὶ
1806 4530 1894 4582 ἐν·

304 4633 492 4703 τρυφᾷ
532 4628 739 4692 τούτοις
778 4628 938 4681 πλέον
977 4628 1009 4699 ἢ
1053 4630 1101 4679 oi
1135 4625 1362 4697 ἐρασταὶ
1403 4622 1498 4676 τοῦ
1532 4622 1646 4692 βίου
1701 4618 1892 4673 τούτου

304 4726 424 4785 ταῖς
454 4720 619 4791 παρά
642 4718 747 4771 τῶν
784 4718 1090 4790 ἀνθρώπων
1127 4718 1315 4786 τιμαῖς
1346 4716 1439 4767 καὶ
1462 4712 1643 4777 δόξαις
1682 4711 1778 4765 καὶ
1802 4710 1893 4763 δυ-

307 4815 617 4876 ναστείαις.
676 4810 1001 4883 χριστιανῶν
1047 4809 1157 4881 γὰρ
1206 4808 1295 4861 διὰ
1346 4806 1623 4867 πολιτείας
1681 4803 1893 4873 ἀγαθῆς

313 4906 404 4961 καὶ
448 4908 554 4977 τῆς
584 4903 680 4958 τοῦ
724 4904 1033 4973 πνεύματος
1076 4902 1314 4972 δωρεᾶς,
1348 4903 1428 4963 εἰς
1470 4898 1530 4951 τὸ
1559 4897 1659 4967 τῆς
1698 4896 1896 4966 νοητῆς

314 4998 530 5067 ἡλικίας
560 4997 757 5069 μέτρον
778 5038 791 5061 ,
816 4997 915 5067 τῆς
937 4996 1231 5066 δεδομένης
1264 4994 1437 5063 αὐτῆς
1483 4991 1733 5065 χάριτος,
1764 5006 1897 5061 προ-

319 5088 581 5143 ελθόντων
611 5089 737 5154 δόξα
760 5090 853 5142 καὶ
880 5088 1061 5159 τρυφὴ
1084 5088 1177 5141 καὶ
1205 5085 1387 5157 πάσης
1413 5085 1604 5156 ἡδονῆς
1631 5082 1896 5154 κρείττων

318 5180 619 5243 ἀπόλαυσις
646 5181 707 5234 τὸ
740 5180 1015 5251 μισεῖσθαι
1048 5178 1137 5231 διά
1163 5177 1423 5247 Χριστόν,
1462 5177 1522 5229 τὸ
1545 5174 1895 5238 ἐλαύνεσθαι,

318 5275 381 5324 τὸ
405 5274 578 5325 πᾶσαν
611 5272 769 5342 ῦὸριν
806 5272 900 5323 καὶ
936 5269 1195 5339 αἰσχύνην
1228 5267 1369 5338 ὑπὲρ
1399 5268 1500 5337 τῆς
1530 5268 1609 5329 είς
1645 5265 1768 5318 θεὸν
1802 5264 1895 5317 πί-

314 5380 493 5428 στεως
527 5365 843 5436 ὑπομένειν.
880 5361 982 5431 τῆς
1031 5360 1139 5431 γάρ
1186 5359 1398 5423 ἐλπίδος
1442 5359 1571 5430 ὅλης
1609 5358 1776 5428 οὔσης
1820 5355 1899 5426 τῷ

1981 2069 2038 2115 et
2064 2062 2325 2116 malitiam
2348 2072 2404 2117 et
2425 2072 2637 2118 ceteras
2657 2073 2844 2134 partes
2875 2064 3220 2119 adversariae
3252 2065 3569 2135 pravitatis;

1983 2152 2060 2206 ita
2080 2161 2135 2206 et
2157 2150 2361 2206 Christi
2383 2160 2439 2205 et
2463 2152 2717 2206 veritatis
2740 2154 2980 2207 cultores
3006 2170 3103 2222 per
3129 2154 3289 2207 fidem
3306 2162 3363 2207 et
3393 2155 3570 2208 virtu-

1985 2244 2054 2299 tis
2088 2244 2301 2297 labores
2333 2244 2477 2299 bona
2521 2260 2619 2299 sua
2668 2245 3109 2314 supernaturalia
3143 2261 3268 2299 cum
3303 2246 3568 2300 ineffabili

1986 2334 2190 2403 gaudio
2230 2333 2585 2397 fructiﬁcant,
2617 2343 2673 2389 et
2712 2334 2831 2388 sine
2863 2335 3050 2389 labore
3087 2335 3357 2389 sinceram
3384 2345 3440 2390 et
3473 2336 3575 2389 im—

1982 2425 2239 2479 mobilem
2268 2426 2430 2479 lidem
2458 2426 2770 2495 perficiunt,
2795 2426 3192 2492 immutabilem
3218 2443 3431 2496 pacem,
3468 2442 3569 2481 ve—

1983 2534 2102 2573 ram
2135 2519 2435 2572 bonitatem
2458 2559 2473 2583 ,
2515 2528 2571 2573 et
2600 2528 2787 2573 cetera
2819 2519 3034 2583 omnia,
3064 2520 3267 2589 quibus
3295 2520 3473 2574 anima
3512 2536 3572 2576 se

1983 2612 2101 2682 ipsa
2132 2612 2328 2665 melior
2352 2612 2513 2676 facta,
2530 2620 2585 2665 et
2604 2611 2799 2665 fortior
2820 2612 3119 2666 adversarii
3140 2612 3363 2675 malitia,
3388 2612 3572 2666 taber-

1980 2704 2238 2759 naculum
2260 2720 2457 2773 purum
2483 2719 2541 2757 se
2568 2703 2739 2772 ipsam
2758 2703 3260 2758 exhibetadorabili
3288 2715 3345 2759 et
3384 2714 3575 2759 sancto

1982 2795 2231 2865 Spiritui,
2262 2812 2291 2849 a
2325 2810 2434 2865 quo
2470 2795 2833 2849 immortalem
2867 2796 3069 2851 Christi
3120 2812 3308 2866 pacem
3337 2797 3569 2867 accipit,

1982 2905 2081 2958 per
2131 2904 2298 2957 quam
2351 2887 2597 2958 iungitur
2633 2896 2689 2942 ct
2726 2889 3014 2957 copulatur
3051 2889 3301 2943 Domino.
3338 2888 3575 2959 Accepta

1983 2988 2166 3033 autem
2203 2978 2441 3047 Spiritus
2484 2978 2687 3047 gratia,
2728 2988 2785 3032 et
2831 2979 2943 3033 Deo
2983 2980 3276 3034 coniuncta
3326 2986 3383 3031 et
3426 2995 3573 3034 unus

1985 3068 2221 3138 Spiritus
2248 3085 2373 3121 cum
2399 3083 2465 3121 eo
2489 3067 2649 3131 facta,
2687 3083 2795 3121 non
2828 3068 3004 3121 solum
3048 3068 3307 3137 propriae
3345 3068 3571 3123 virtutis

1984 3175 2154 3230 opera
2182 3159 2343 3215 facile
2374 3159 2611 3229 perficit,
2651 3159 2788 3213 nihil
2821 3168 3039 3214 certans
3069 3169 3259 3213 contra
3290 3159 3579 3214 inimicum

1995 3261 2058 3305 ut
2100 3250 2295 3305 fortior
2340 3250 2434 3304 fiat
2471 3250 2620 3304 illius
2676 3249 2923 3314 insidiis,
2959 3250 3078 3314 sed,
3133 3249 3281 3319 quod
3332 3249 3581 3304 omnium

1991 3343 2289 3397 maximum
2346 3351 2451 3407 est,
2502 3342 2803 3397 Salvatoris
2858 3342 3145 3412 passiones
3194 3342 3251 3396 in
3298 3358 3357 3397 se
3405 3343 3580 3413 ipsam

1987 3434 2239 3504 suscipit,
2265 3440 2321 3488 et
2348 3434 2404 3487 in
2433 3430 2540 3487 illis
2566 3434 2742 3503 magis
2770 3434 3095 3497 delectatur,
3115 3449 3279 3503 quam
3307 3443 3582 3489 amatores

1987 3525 2131 3579 vitae
2166 3525 2331 3579 huius
2367 3525 2625 3579 humanis
2654 3525 2961 3579 honoribus
3003 3532 3060 3578 et
3094 3525 3269 3595 gloria
3292 3535 3347 3579 et
3375 3524 3579 3595 regnis.

1986 3615 2315 3672 Christianis
2336 3615 2485 3669 enim
2520 3631 2620 3685 per
2644 3616 2846 3669 bonam
2884 3616 3360 3669 conversationem
3390 3622 3447 3669 et
3474 3614 3579 3668 do-

1987 3722 2119 3761 num
2150 3705 2385 3775 Spiritus
2421 3704 2597 3759 sancti
2626 3704 2683 3757 in
2719 3704 3115 3759 intellectualis
3136 3703 3330 3757 aetatis
3356 3720 3582 3758 mensu-

1989 3813 2127 3861 ram,
2148 3798 2399 3869 gratiam,
2416 3798 2661 3866 inquam,
2685 3796 2818 3865 ipsis
2836 3796 3038 3860 datam,
3056 3796 3332 3865 provectis
3346 3796 3515 3866 gloria
3528 3803 3588 3851 et

1988 3890 2217 3945 deliciae
2233 3897 2289 3944 et
2309 3889 2459 3943 omni
2487 3888 2830 3943 iucunditate
2856 3888 3054 3941 melior
3083 3889 3337 3957 voluptas
3356 3897 3440 3942 est
3456 3886 3585 3941 odio

1988 3979 2180 4033 haberi
2202 3988 2427 4049 propter
2440 3978 2739 4043 Christum,
2761 3979 2937 4043 tundi,
2964 3995 3179 4035 omnem
3199 3978 3586 4034 contumeliam

1988 4081 2047 4127 et
2094 4072 2453 4143 ignominiam
2494 4081 2721 4143 propter
2750 4072 2911 4127 ﬁdem
2960 4072 3015 4126 in
3068 4074 3241 4127 Deum
3285 4072 3583 4127 sustinere.

1990 4166 2170 4233 Quum
2196 4166 2344 4220 enim
2377 4182 2502 4235 spes
2528 4166 2707 4221 omnis
2736 4167 2868 4220 huic
2895 4167 2967 4220 sit
2999 4166 3054 4220 in
3088 4165 3495 4221 resurrectione
3525 4169 3586 4219 et

1990 4259 2193 4313 futuris
2219 4259 2380 4313 bonis
2411 4259 2609 4329 posita,
2636 4261 2969 4315 contumelia
2999 4260 3179 4313 omnis
3212 4270 3266 4313 et
3290 4258 3501 4329 ﬂagella
3524 4266 3584 4313 et

1993 4350 2158 4421 219
2192 4352 2606 4420 persecutiones
2632 4359 2688 4404 et
2729 4361 2945 4406 ceterae
2979 4350 3262 4421 passiones
3300 4365 3475 4418 usque
3516 4349 3585 4403 ad

1993 4458 2215 4496 crucem
2246 4458 2438 4497 omnes
2475 4443 2707 4497 deliciae
2746 4452 2803 4498 et
2842 4443 3064 4513 requies
3096 4452 3154 4497 et
3194 4442 3424 4511 pignora
3458 4447 3589 4495 sunt

1994 4531 2316 4587 coelestium
2348 4532 2757 4586 thesaurorum.
2797 4531 2952 4585 Beati
3000 4532 3149 4585 enim
3190 4531 3333 4593 estis,
3384 4528 3586 4598 inquit,

1924 4658 1969 4713 Β
1997 4638 2115 4675 cum
2136 4620 2513 4675 maledixerint
2534 4622 2675 4677 vobis
2694 4628 2742 4675 et
2768 4622 3025 4693 persecuti
3048 4638 3134 4674 vos
3160 4620 3354 4689 fuerint
3398 4632 3590 4672 omnes

1998 4713 2251 4769 homines
2278 4722 2327 4766 et
2353 4713 2582 4766 dixerint
2605 4730 2759 4767 omne
2788 4712 2992 4767 malum
3026 4712 3306 4765 adversum
3327 4727 3415 4763 vos
3439 4726 3589 4762 men-

1993 4806 2201 4868 tientes,
2223 4812 2435 4874 prapter
2457 4820 2566 4869 me;
2587 4804 2812 4874 gaudete
2835 4811 2883 4856 et
2904 4802 3161 4867 exultate,
3184 4801 3436 4872 quoniam
3455 4814 3590 4851 mer-

1992 4911 2072 4949 ces
2094 4903 2269 4949 vestra
2289 4896 2500 4965 copiosa
2534 4905 2608 4949 est
2638 4896 2693 4948 in
2715 4893 2870 4947 coelis
2888 4892 2987 4967 (l).
3009 4895 3077 4948 Et
3108 4892 3408 4962 Apostolus
3431 4908 3443 4942 :
3470 4888 3589 4943 Non

1993 4987 2168 5042 solum
2191 4997 2392 5051 autem,
2427 4987 2517 5041 sed
2552 4996 2600 5041 et
2625 4986 2916 5057 gloriantes
2942 4988 2997 5039 in
3021 4976 3445 5039 tribulationibus
3478 4982 3587 5052 (‘2);

1995 5089 2054 5135 et
2086 5080 2249 5135 alibi:
2297 5080 2540 5134 Libenter
2584 5081 2748 5149 igitur
2788 5077 3059 5149 gloriabor
3101 5077 3159 5129 in
3192 5073 3589 5142 inﬁrmitatibus

1998 5174 2147 5235 meis,
2183 5180 2239 5223 ut
2273 5172 2528 5226 inhabitet
2557 5172 2613 5224 in
2647 5188 2730 5224 me
2755 5171 2921 5223 virtus
2951 5167 3166 5223 Christi.
3207 5164 3429 5235 Propter
3453 5164 3592 5235 quod

2006 5263 2185 5334 placeo
2232 5265 2358 5317 mihi
2386 5265 2443 5317 in
2470 5262 2894 5327 inﬁrmitatibus,
2930 5262 2987 5313 in
3019 5257 3379 5323 contumeliis,
3407 5257 3465 5310 in
3498 5273 3591 5310 ne-

2005 5355 2348 5421 cessitatibus,
2380 5357 2437 5409 in
2464 5355 2795 5421 carceribus;
2835 5369 2954 5407 cum
2988 5353 3129 5407 enim
3170 5350 3437 5420 inﬁrmor,
3470 5357 3593 5404 tunc

1627 5513 1885 5568 VARIAE
1925 5514 2328 5571 LECTIONES.

423 5631 439 5660 ‘
501 5630 637 5683 Cod.
676 5631 1003 5701 φρονήματι.
1065 5664 1131 5671 —-—
1159 5632 1201 5695 ¹)
1242 5628 1497 5687 Emend,
1534 5628 1657 5681 cod.
1700 5629 2026 5701 τισηπεδὼν.
2056 5661 2143 5701 7-—
2177 5628 2219 5694 ⁸)
2262 5628 2517 5692 Emend,
2552 5626 2676 5682 cod.
2718 5624 3040 5698 ἀκρότατον.
3077 5651 3146 5664 --
3176 5621 3219 5693 δ)
3246 5620 3428 5689 Corn,
3468 5616 3590 5676 cod.

311 5699 866 5773 παρασκευασμένοςζ
893 5734 962 5742 -
986 5704 1029 5773 ⁵)
1055 5702 1145 5757 Sic
1182 5702 1304 5757 cod.
1325 5733 1393 5741 —
1417 5702 1457 5771 6)
1490 5701 1671 5761 Curta,
1710 5699 1831 5752 cod.
1879 5700 2283 5768 ἐπεισάγονται.

1827 5809 2076 5864 NOTAE.

389 5925 466 5995 (ι)
504 5925 698 5981 Matth.
727 5924 791 5990 ν,
824 5924 904 5977 ιι.

2080 5925 2156 5992 (:1)
2200 5922 2355 5977 liuius.
2386 5923 2447 5987 Υ,
2472 5921 2525 5974 5.
