4016 6472
541 445 652 505 459

1845 441 1901 496 S.
1946 439 2231 496 MACARII
2265 438 2586 494 AEGYPTII

545 573 730 633 potens
748 561 967 633 sum(i).
989 561 1057 615 Et
1079 560 1277 616 iterum
1299 577 1312 612 :
1338 557 1484 614 Sicut
1511 558 1608 613 Dei
1632 559 1856 612 ministri
1875 560 1930 612 in
1954 556 2120 612 multa

2226 556 2451 626 τοιούτῳ
2479 555 2617 626 πρὸς
2645 557 2712 628 τῇ
2739 553 3035 610 ἀναστάσει
3079 554 3188 608 καὶ
3233 555 3361 619 τοῖς
3397 552 3702 625 μέλλουσιν
3729 559 3853 630 ἁγα-

456 655 464 664 ’
545 653 910 726 patientia(2).
932 653 1078 706 Haec
1093 651 1240 706 enim
1261 652 1434 722 gratia
1455 650 1689 721 Spiritus
1708 658 1874 704 totam
1891 650 2129 705 animam

460 764 469 796 -.
545 761 842 816 occupans,
877 755 934 799 et
971 744 1202 814 iinplens
1242 743 1641 798 habitationem
1675 741 1875 812 gaudio
1920 748 1978 795 et
2013 741 2128 796 vir—

543 845 684 901 tute,
721 837 910 891 dulces
957 836 1139 890 reddit
1178 838 1393 889 animae
1431 833 1649 889 Domini
1693 833 2007 904 passiones,
2032 848 2129 903 spe

540 928 856 984 futurorum
897 926 1201 998 praesentis
1236 927 1443 982 doloris
1485 941 1708 981 sensum
1746 925 2124 997 exstinguens.

541 1017 605 1074 In
642 1027 751 1072 tam
773 1018 1044 1072 excelsam
1078 1017 1244 1087 igitur
1265 1018 1523 1071 virtutem
1545 1024 1602 1071 et
1632 1015 1898 1071 honorem
1922 1031 2128 1086 coope-

542 1109 757 1165 ratione
798 1109 1032 1178 Spiritus
1078 1107 1366 1179 pervenire
1394 1107 1678 1178 cupientes
1711 1107 1788 1163 ita
1831 1122 2126 1164 conversa-

539 1199 702 1264 mini,
757 1214 975 1253 omnem
1007 1197 1254 1252 laborem
1305 1205 1364 1253 et
1410 1207 1692 1252 certamen
1739 1213 1867 1253 cum
1924 1197 2126 1268 gaudio

534 1289 864 1352 subeuntes,
889 1296 950 1344 ut
971 1287 1121 1359 digni
1145 1286 1443 1342 videamini
1470 1286 1868 1342 inbabitatione
1889 1286 2127 1358 Spiritus

537 1377 600 1434 in
624 1378 804 1443 nobis,
833 1387 888 1433 et
910 1377 1217 1434 hereditate
1244 1393 1369 1434 cum
1390 1377 1610 1435 Christo
1625 1393 1973 1449 nequaquam
1992 1377 2126 1435 elati

540 1483 719 1538 neque
743 1468 964 1524 levitate
988 1469 1262 1536 dissoluti,
1287 1480 1348 1526 ut
1366 1487 1544 1542 neque
1572 1470 1676 1542 ipsi
1701 1471 1928 1537 cadatis,
1947 1487 2126 1543 neque

539 1559 663 1616 aliis
698 1569 950 1617 auctores
1001 1562 1210 1632 peccati
1258 1561 1418 1618 ﬁatis.
1464 1563 1522 1619 Si
1570 1563 1666 1635 qui
1707 1579 1841 1620 vero
1877 1563 2124 1620 nondum

539 1665 784 1707 summae
817 1653 1084 1708 orationis
1115 1653 1382 1710 habentes
1419 1663 1668 1710 tenorem
1693 1696 1709 1720 ,
1741 1671 1923 1726 neque
1963 1656 2123 1711 debi-

541 1751 652 1798 tam
684 1743 816 1798 huic
840 1743 995 1814 operi
1024 1743 1362 1815 diligentiam
1385 1753 1442 1800 et
1465 1745 1746 1810 virtutem,
1782 1746 1885 1802 hae
1916 1747 2124 1802 virtute

538 1833 958 1892 destituuntur:
991 1836 1048 1890 in
1076 1838 1277 1892 ceteris
1312 1837 1572 1908 impleant
1605 1839 1998 1904 obedientiam,
2023 1855 2124 1910 pro

2232 649 2364 710 θοῖς,
2395 644 2551 716 ὕϐρις
2598 647 2747 699 πᾶσα
2785 645 2881 698 καί
2923 645 3200 716 μάστιγες
3231 647 3342 700 καὶ⁸
3372 645 3620 718 διωγμοὶ
3663 652 3758 705 καὶ
3791 655 3852 708 τὰ

2229 735 2392 790 λοιπὰ
2411 735 2556 806 πάθη
2589 736 2749 806 μέχρι
2775 734 2870 788 τοῦ
2899 736 3140 806 σταυροῦ
3171 736 3375 789 πάντα
3401 737 3592 808 τρυφὴ
3618 741 3713 794 καὶ
3737 744 3851 800 ἀνά.

2230 845 2431 892 παυσις
2457 829 2551 882 καὶ
2580 827 2689 882 τῶν
2714 827 2982 898 οὐρανίων
3011 827 3266 900 ἐνέχυρα
3293 827 3608 899 θησαυρῶν
3627 847 3642 862 ο
3672 835 3851 900 μακά.

2219 938 2342 989 ριοι
2370 921 2483 992 γάρ
2511 921 2672 984 ἐστε,
2701 919 2866 990 φησίν
2885 961 2901 986 ,
2929 921 3074 974 ὅταν
3105 919 3538 974 ὀνειδίσωσιν
3576 921 3732 992 ὑμᾶς
3761 927 3846 981 καὶ

2229 1013 2485 1080 διώξωσι
2517 1014 2718 1077 πάντες
2762 1015 2813 1068 οἱ
2842 1013 3146 1084 ἄνθρωποι.
3186 1012 3300 1066 καὶ
3336 1014 3568 1068 clamat
3597 1014 3720 1070 πᾶν
3755 1033 3849 1071 πο-

2225 1107 2417 1175 νηρὸν
2457 1105 2627 1177 ῥῆμα
2692 1108 2824 1162 καθ’
2875 1106 3074 1176 ὑμῶν,
3131 1104 3566 1177 ψευδόμεν[οι
3587 1147 3604 1172 ,
3653 1106 3846 1163 ἕνεκεν

2227 1195 2404 1268 cuius
2440 1199 2482 1266 ί)
2503 1212 2516 1228 ·
2542 1195 2778 1267 χαίρετε
2799 1197 2844 1262 ⁸)
2874 1195 2976 1250 καὶ
3005 1195 3418 1266 ἀγαλλιᾶσθε
3435 1197 3557 1260 ,ὅτι
3588 1200 3623 1250 ό
3637 1200 3842 1266 μισθὸς

2227 1285 2397 1357 ὑμῶν
2431 1286 2629 1353 πολὺς
2664 1287 2736 1341 ἐν
2770 1285 2896 1354 τοῖς
2927 1285 3242 1355 οὐρανοῖς.
3291 1287 3399 1340 καὶ
3440 1287 3473 1341 ὁ
3518 1287 3836 1354 ἀπόστολος

2226 1377 2301 1432 οὐ
2317 1379 2514 1446 μόνον
2537 1375 2605 1432 δέ
2627 1415 2643 1440 ,
2672 1376 2833 1432 ἀλλὰ
2864 1376 2965 1431 καὶ
3008 1374 3418 1447 καυχώμενοι
3447 1377 3525 1431 ἐν
3551 1377 3684 1444 ταῖς
3723 1379 3836 1434 θλί-

2225 1471 2395 1538 ψεσι.
2441 1469 2538 1523 καὶ
2581 1469 2851 1542 ἀλλαχοῦ·
2899 1468 3121 1537 ἥδιστα
3160 1465 3293 1526 οὖν
3345 1469 3742 1541 καυχήσομαι
3774 1471 3833 1526 ir

2226 1559 2358 1628 ταῖς
2381 1561 2724 1627 ἀσθενείαις
2759 1579 2910 1632 μου,
2945 1563 3048 1616 ἵνα
3071 1560 3508 1630 ἐπισκηνώσῃ
3541 1562 3635 1616 ἐπ’
3669 1563 3767 1632 ἐμὲ
3793 1565 3827 1633 ἠ

2225 1652 2478 1720 δύναμις
2498 1651 2604 1707 τοῦ
2640 1650 2902 1720 Χριστοῦ
2915 1668 2930 1684 ο
2959 1650 3052 1705 διὸ
3077 1649 3331 1706 εὐδοκῶ
3362 1652 3444 1705 ἐν
3477 1652 3822 1720 ἀσθενείαις,

2225 1745 2297 1799 ἐν
2315 1745 2593 1814 ὕϐρεσιν.
2621 1743 2692 1799 ἐν
2721 1743 3037 1814 ἀνάγκαις,
3069 1743 3141 1798 ἐν
3162 1741 3523 1813 φυλακαῖς
3559 1741 3704 1798 ὅταν
3730 1743 3821 1813 γὰρ

2225 1835 2491 1896 ἀσθενῶ.
2522 1836 2654 1890 τότε
2697 1835 2962 1902 δυνατός
3003 1837 3142 1905 ειμι.
3186 1835 3294 1890 καὶ
3343 1834 3550 1888 πάλιν·
3583 1835 3666 1901 ὡς
3702 1834 3819 1890 θεοῦ

538 1925 755 1982 viribus
803 1928 1143 1994 servientes,
1170 1929 1428 1984 lubenter
1477 1938 1788 2001 operantes,
1833 1931 2120 2003 diligenter

2223 1927 2492 1983 didicerat
2519 1929 2590 1982 ὲν
2613 1926 2893 1999 ὑπομονῇ
2915 1925 3142 1995 πολλῇ.
3171 1925 3332 1997 αὕτη
3360 1926 3479 1998 γάρ
3505 1929 3540 1999 ἡ
3571 1927 3722 1998 χάρις
3738 1926 3810 1980 τοῦ

540 2018 918 2072 ministrantes
970 2034 1097 2073 cum
1151 2019 1370 2090 gaudio,
1413 2035 1524 2075 non
1561 2021 1815 2077 mercede
1872 2022 2118 2088 honoris,

546 2124 728 2178 neque
770 2118 994 2179 propter
1043 2110 1339 2165 humanam
1381 2112 1647 2183 gloriam,
1676 2127 1854 2182 neque
1898 2122 2122 2184 propter

492 2273 499 2281 _
543 2200 832 2255 mollitiam
858 2202 941 2255 vel
980 2202 1286 2257 socordiam
1313 2203 1530 2260 labores
1560 2205 1923 2270 remittentes,
1943 2221 2121 2275 neque

541 2297 606 2344 ut
624 2290 818 2348 alienis
847 2292 1174 2362 corporibus
1197 2303 1254 2349 et
1287 2295 1575 2350 animabus
1597 2295 1761 2365 220
1794 2297 2118 2362 servientes,

533 2379 635 2434 sed
673 2389 732 2434 ut
754 2379 958 2435 Christi
988 2383 1180 2448 servis,
1218 2392 1280 2438 ut
1317 2385 1522 2440 nostris
1551 2386 1893 2453 visceribus,
1928 2397 1990 2442 ut
2021 2404 2123 2458 pu-

537 2488 663 2526 rum
715 2481 772 2526 et
811 2473 1088 2528 sincerum
1139 2491 1277 2546 opus
1327 2484 1575 2531 vestrum
1621 2488 1882 2548 appareat
1933 2495 2121 2534 coram

536 2564 670 2620 Deo.
687 2565 859 2622 Nemo
885 2583 1017 2622 vero
1041 2567 1108 2622 de
1131 2568 1400 2623 bonorum
1423 2584 1650 2640 operum
1671 2571 1854 2626 studio
1883 2571 2118 2639 dictitet,

536 2671 650 2709 non
693 2672 853 2726 posse
892 2673 950 2712 se
997 2659 1261 2729 perlicere
1307 2675 1372 2714 ea
1427 2676 1567 2731 quae
1614 2662 1850 2716 animam
1887 2663 2118 2718 salvent.

537 2745 728 2816 Neque
757 2749 903 2802 enim
947 2749 1093 2804 Deus
1126 2749 1485 2819 impossibilia
1529 2750 1765 2824 iniungit
1791 2753 1964 2806 servis
1985 2792 2000 2816 ,
2023 2751 2120 2806 sed

533 2845 646 2896 tam
683 2840 1058 2896 abundantem
1084 2850 1141 2898 et
1165 2843 1376 2910 largum
1404 2843 1646 2898 ostendit
1674 2859 1915 2899 amorem
1945 2855 2001 2899 et
2023 2844 2120 2899 bo-

533 2927 764 2982 nitatem
809 2930 1056 2995 Deitatis,
1093 2938 1155 2985 ut
1191 2932 1492 3001 unicuique
1540 2948 1642 3002 pro
1689 2933 1972 2988 voluntate
2021 2949 2120 2990 sua

534 3019 745 3075 tribuat
771 3021 901 3075 boni
925 3021 1134 3092 aliquid
1159 3024 1338 3079 facere
1371 3040 1553 3094 posse,
1589 3033 1647 3079 et
1682 3041 1864 3090 nemo,
1890 3027 1984 3096 qui
2006 3035 2121 3081 stu-

533 3107 693 3164 dium
747 3111 917 3166 habet
967 3114 1180 3179 salutis,
1231 3123 1503 3184 potestate
1544 3125 1745 3170 careat.
1792 3115 2117 3188 Quicunque,

535 3201 735 3274 inquit,
759 3215 939 3276 potum
963 3208 1162 3262 dederit
1190 3225 1360 3279 aquae
1383 3209 1610 3280 frigidae
1637 3211 1692 3263 in
1721 3209 1934 3264 nomine
1959 3209 2117 3262 disci-

539 3296 676 3367 puli,
698 3315 851 3351 amen
881 3299 993 3352 dico
1023 3301 1182 3365 vobis,
1206 3318 1309 3354 non
1327 3301 1504 3370 perdet
1529 3301 1817 3355 mercedem
1841 3317 1994 3354 suam
2016 3300 2113 3369 (5).

534 3388 678 3457 Quid
711 3391 816 3445 hoc
839 3392 1093 3446 mandato
1125 3394 1733 3463 potentius?Frigidum
1761 3402 1949 3463 potum
1979 3409 2122 3448 mer-

535 3496 630 3536 ces
664 3483 921 3537 coclestis
961 3486 1230 3554 sequitur.
1283 3486 1350 3540 Et
1380 3485 1503 3540 vide
1537 3485 1672 3539 mihi
1711 3485 1914 3540 amoris
1945 3485 2121 3539 homi-

533 3585 666 3625 num
715 3571 1064 3627 immensum.
1099 3573 1404 3638 Quamdiu,
1447 3575 1656 3644 inquit,
1688 3575 1878 3644 fecistis
1913 3577 2005 3629 uni
2056 3591 2120 3628 ea:

533 3663 632 3727 Lis,
661 3663 786 3716 mihi
810 3662 1002 3732 fecistis
1029 3663 1125 3736 (4).
1154 3665 1712 3735 Mandatum-quidem
1738 3682 1988 3735 parvum,
2021 3667 2118 3722 sed

533 3752 882 3810 obedientiae
910 3757 1117 3811 utilitas
1147 3773 1362 3828 magna,
1390 3772 1530 3827 quae
1559 3772 1590 3812 a
1623 3757 1735 3812 Deo
1772 3758 2119 3813 abundanter

533 3844 802 3900 redditur.
837 3847 1024 3917 Itaque
1049 3849 1188 3903 nihil
1231 3850 1375 3904 ultra
1400 3849 1547 3904 vires
1579 3851 1840 3920 postulat.
1870 3850 1978 3906 Sed
2003 3853 2118 3906 sive

531 3949 763 4008 parvum
793 3939 907 3993 sive
943 3956 1198 4011 magnum
1227 3940 1364 3996 facis
1385 3981 1399 4004 ,
1422 3949 1475 3997 te
1513 3943 1765 4012 sequitur
1794 3958 1894 4012 pro
1919 3943 2118 3998 volun-

535 4036 646 4085 tate
673 4047 904 4086 merces.
941 4032 997 4086 Si
1049 4033 1104 4088 in
1132 4035 1355 4090 nomine
1379 4051 1443 4090 ac
1483 4036 1677 4090 timore
1711 4036 1831 4100 Dei,
1872 4037 2117 4107 splendi-

533 4122 668 4179 dum
692 4133 858 4192 atque
882 4123 1241 4182 inamissibile
1270 4127 1494 4182 advenit
1518 4127 1752 4193 donum;
1782 4128 1868 4182 sin
1889 4145 2021 4183 vero
2049 4128 2120 4183 ad

533 4213 958 4269 ostentationem
1005 4224 1063 4270 et
1121 4216 1350 4287 gloriam
1404 4217 1714 4284 hominum,
1769 4219 1897 4274 audi
1939 4219 2119 4290 ipsum

533 4301 826 4358 Dominum
873 4305 1174 4360 iurantem:
1205 4307 1374 4360 Amen
1435 4308 1548 4362 dico
1589 4310 1760 4373 vobis,
1811 4319 2117 4380 receperunt

534 4395 823 4447 mercedem
853 4413 1008 4450 suam
1035 4397 1131 4470 (5).
1151 4399 1230 4454 Ne
1257 4399 1424 4470 igitur
1441 4399 1545 4454 hoc
1565 4400 1860 4470 patiamur,
1895 4400 2118 4456 mandat

533 4483 817 4554 discipulis
840 4489 955 4542 suis
988 4498 1044 4543 et
1076 4491 1235 4545 nobis
1267 4507 1366 4561 per
1394 4492 1549 4548 illos:
1586 4493 1868 4548 Attendite
1889 4534 1902 4558 ,
1933 4508 2002 4547 ne
2031 4493 2116 4547 fa-

2219 2019 2531 2090 πνεύματος
2557 2018 2684 2088 ὅλην
2714 2016 3065 2089 κατασχοῦσα
3107 2017 3216 2088 τὴν
3245 2017 3443 2089 ψυχὴν
3477 2019 3578 2071 καὶ
3617 2017 3806 2090 πληρώ-

2223 2125 2362 2163 σασα
2387 2109 2450 2162 τὸ
2473 2110 2785 2180 οἰκητήριον
2806 2109 2905 2181 τῆς
2923 2107 3278 2180 εὐφροσύνης
3309 2125 3378 2162 τε
3409 2108 3512 2162 καὶ
3533 2108 3792 2178 δυνάμεως.

2220 2202 2424 2272 γλυκέα
2451 2202 2495 2268 ⁸)
2530 2204 2674 2256 ποιεῖ
2697 2203 2764 2273 τῇ
2795 2201 2944 2273 ψυχῇ
2992 2200 3064 2255 τά
3093 2200 3193 2255 τοῦ
3246 2200 3458 2272 κυρίου
3504 2200 3792 2272 παθήματι,

2220 2296 2286 2365 τῇ
2311 2292 2421 2347 τῶν
2448 2292 2750 2364 μελλόντων
2776 2292 2950 2347 ἑλπίδι
2978 2292 3077 2364 τῆς
3125 2292 3436 2364 παρούσης
3463 2292 3654 2362 ὀδύνης
3675 2293 3795 2359 ἀφαι-

2222 2384 2394 2457 ροῦσα
2416 2385 2516 2455 τὴν
2544 2383 2816 2454 αἴσθησιν.
2849 2384 2925 2448 ὡς
2952 2378 3046 2438 οὖν
3082 2384 3173 2452 ἐφ’
3197 2382 3390 2446 οὕτως
3423 2381 3639 2452 ὑψηλὴν
3666 2380 3706 2450 ⁸)
3729 2379 3798 2433 δύο

2220 2492 2384 2546 ναμιν
2410 2475 2504 2527 καὶ
2534 2471 2690 2537 δόξαν
2723 2473 3010 2544 μέλλοντες
3051 2473 3278 2526 ἀνιέναι
3312 2475 3386 2544 τῇ
3414 2469 3697 2542 συνεργείᾳ
3720 2469 3790 2522 τοῦ

2221 2567 2564 2638 πνεύματος,
2596 2565 2794 2637 ο[ῠ]τω
2845 2563 3207 2618 πολιτεύεσθε
3252 2565 3339 2634 ⁸),
3392 2562 3627 2636 πάντ[α]
3666 2562 3792 2616 πόνον

2221 2660 2315 2712 καὶ
2359 2657 2547 2726 ἀγῶνα
2595 2655 2781 2729 με[τὰ]
2831 2655 3059 2728 χαιρᾶ]ς
3109 2656 3532 2726 ὑφιστάμενοι,
3571 2654 3691 2726 πρὸς
3718 2651 3780 2723 [τὸ

2219 2749 2387 2822 didm
2413 2750 2652 2819 φανῆναι
2675 2747 2800 2820 τῆ[ς
2823 2747 2912 2820 ιὲ]ν
2947 2750 3079 2819 ἡμῖν
3105 2749 3425 2818 ἐπιδημίας
3457 2745 3554 2800 τοῦ
3579 2744 3773 2812 πνεύμα-

2218 2859 2332 2905 τος,
2366 2841 2461 2894 καὶ
2489 2840 2586 2910 τῆς
2621 2840 2756 2909 μετὰ
2784 2839 2878 2892 τοῦ
2911 2837 3149 2909 Χριστοῦ
3196 2833 3626 2909 κλη[ρονομίας]
3652 2833 3685 2893 ⁸)
3704 2848 3779 2900 μη·

2219 2931 2392 3004 δαμοῦ
2421 2931 2801 3002 χαυνούμενοι,
2837 2929 2972 3000 μηδὲ
3008 2928 3342 3000 ἐκλυόμενοι
3379 2927 3490 2982 ἀπὸ
3519 2923 3782 2998 saeuum,

2222 3024 2358 3095 πρὸς
2378 3023 2439 3076 τὸ
2479 3023 2616 3092 μήτε
2639 3022 2792 3074 αὐτοὶ
2824 3023 3042 3086 πεσεῖν,
3087 3021 3239 3090 μήτε
3274 3021 3396 3082 τοῖς
3437 3018 3616 3080 ἄλλοις
3651 3014 3781 3068 αἴτιοι

2219 3117 2314 3171 τοῦ
2354 3117 2690 3187 ἁμαρτάνειν
2727 3102 3002 3183 γενέσθαιξ
3042 3115 3092 3168 εί
3117 3114 3177 3167 δέ
3218 3130 3372 3177 τινες
3408 3113 3574 3183 μήπω
3607 3108 3686 3162 τὸν
3707 3103 3784 3175 τῆς

2221 3209 2398 3279 ἄκρας
2437 3208 2605 3277 εὐχῆς
2655 3206 2869 3276 ἔχοντες
2910 3207 3099 3270 τόνον,
3146 3207 3297 3277 μηδὲ
3334 3205 3438 3277 τὴν
3469 3200 3782 3274 ὀφειλομένην

2219 3301 2298 3373 τῷ
2328 3300 2610 3371 πράγματι
2649 3298 2885 3370 σπουδήν
2909 3316 2969 3352 τε
2997 3297 3093 3352 καὶ
3114 3296 3380 3369 δύναμιν,
3408 3292 3780 3364 ἁπολιμπάνον-

2219 3411 2307 3449 ται
2336 3393 2537 3463 ταύτης
2568 3391 2667 3462 τῆς
2707 3391 2930 3461 ἀρετῆς,
2963 3392 3024 3444 ἐν
3052 3391 3165 3453 τοῖς
3201 3390 3393 3453 ἄλλοις
3427 3386 3776 3457 πληροὺτωσαν

2218 3486 2316 3556 τὴν
2348 3485 2615 3554 ὑπακοήν,
2645 3481 2788 3537 κατά
2823 3481 3052 3553 δύναμιν
3081 3481 3492 3544 διακονοῦντες,
3520 3473 3774 3546 προθύμως

2220 3575 2596 3648 ἐργαζόμενοι,
2645 3573 2951 3637 σπουδαίως
2995 3573 3408 3644 θεραπεύοντες
3451 3568 3568 3641 μεθ’
3595 3563 3769 3638 ἡδονῆς,

2223 3669 2297 3740 μὴ
2349 3669 2444 3722 ἐπὶ
2493 3666 2673 3740 μισθῷ
2704 3667 2889 3736 τιμῆς,
2933 3666 3068 3737 μηδὲ
3113 3667 3218 3736 τῆς
3263 3662 3609 3736 ἀνθρωπίνης
3648 3655 3771 3720 δόξης

2219 3764 2401 3827 ἕνεκα,
2457 3761 2592 3832 μηδὲ
2639 3760 2930 3822 ἐνδιδόντες
2977 3759 3083 3813 ὑπὸ
3128 3758 3416 3827 μαλακίας
3463 3756 3496 3826 ἢ
3541 3745 3771 3824 ῥαθυμίας

2219 3859 2330 3920 τοῖς
2363 3855 2568 3919 πόνοις,
2607 3853 2745 3924 μηδὲ
2773 3852 2850 3916 ὡς
2875 3850 3180 3922 ἀλλοτρίοις
3222 3849 3446 3920 σώμασι
3487 3844 3577 3898 καὶ
3604 3837 3768 3910 ψυχαῖς

2220 3947 2655 4018 ὑπηρετούμενοι
2679 3986 2693 4008 ,
2721 3945 2837 3999 ἀλλ’
2867 3943 2943 4008 ὡς
2971 3942 3214 4015 Χριστοῦ
3245 3943 3480 4004 δούλοις,
3510 3936 3579 4000 ὡς
3607 3925 3765 4018 fumi:

2222 4011 2405 4111 βοά-⁷)
2437 4011 2789 4108 σπλάγχνοις,
2831 4036 2919 4089 ἶνα
2965 4011 3207 4105 καθαρὸν
3242 4034 3398 4104 ὑμῶν
3424 4030 3485 4083 τὸ
3525 4027 3659 4097 ἔργον
3682 4011 3760 4111 καὶ

2219 4108 2402 4188 άὸολον
2440 4131 2725 4202 ἀποφανθῇ
2762 4129 2840 4202 τῷ
2874 4127 3002 4199 θεῷ.
3045 4125 3481 4200 προφασιξέσθω
3525 4121 3578 4216 δὲ

2219 4223 2356 4294 πρὸς
2395 4221 2578 4285 καλῶν
2617 4220 2796 4290 ἔργων
2838 4219 3101 4290 σπουδήν,
3135 4221 3213 4282 ὡς
3250 4216 3510 4277 ἀδύνατος
3539 4212 3759 4264 ἐπιτελεῖν

2217 4314 2288 4368 τὰ
2333 4313 2573 4379 σώζοντα
2613 4313 2711 4383 τὴν
2735 4311 2932 4382 ψυχήν.
2977 4311 3098 4364 οὐδὲ
3142 4309 3254 4382 γὰρ
3301 4311 3331 4363 ι
3383 4306 3501 4366 θεὸς
3539 4297 3759 4383 ἀδύνατον

2219 4378 2493 4460 ἐπιτάττει
2527 4409 2639 4468 τοῖς
2668 4378 2906 4468 πλάξ,
2934 4403 3050 4458 ἀλλ’
3097 4378 3275 4466 οὕτως
3305 4391 3658 4468 ὲκκεχυμένην
3684 4378 3759 4435 κειὶ

2219 4498 2480 4552 πλουσίαν
2515 4497 2682 4561 testes
2717 4496 2816 4567 τὴν
2840 4497 3062 4566 ἀγάπην
3091 4495 3184 4548 καὶ
3221 4491 3531 4561 ἀγαθότητα
3551 4481 3639 4550 τῆς
3665 4471 3760 4567 ei"?

533 4577 693 4632 ciatis
743 4579 1178 4636 misericordiam
1224 4595 1464 4639 vestram
1514 4595 1611 4639 aut
1665 4586 1971 4641 orationem
2021 4595 2118 4640 aut

2222 4607 2408 4662 τητος,
2443 4589 2518 4652 ὼς
2565 4559 2784 4655 ἑκάστω
2821 4559 2966 4641 κατὰ
3014 4559 3078 4639 τὸ
3127 4559 3344 4654 θέλημα
3392 4570 3671 4649 παρασχεῖν
3707 4559 3756 4614 τδ

533 4668 802 4724 ieiunium
833 4681 1076 4728 vestrum
1111 4690 1292 4730 coram
1329 4676 1682 4744 hominibus;
1713 4678 1950 4750 alioquin
1977 4695 2118 4733 mer-

531 4761 708 4816 cedem
744 4781 850 4817 non
881 4765 1131 4820 habebitis
1183 4769 1324 4839 apud
1373 4780 1581 4839 patrem
1620 4779 1874 4834 vestrum,
1920 4771 2009 4841 qui
2061 4771 2120 4824 in

531 4856 688 4910 caelis
721 4866 796 4911 est
840 4858 937 4931 (6).
985 4860 1065 4914 Ita
1093 4861 1376 4932 despicere
1424 4863 1576 4918 iubet
1615 4872 1778 4933 atque
1806 4863 1996 4935 fugere
2018 4863 2119 4918 hos

534 4949 795 5005 mortales
817 4953 1246 5026 mortaliumque
1271 4956 1482 5021 laudes,
1517 4967 1575 5012 et
1605 4965 2036 5011 niarcescentem
2063 4965 2123 5012 et

2223 4681 2483 4753 πράττειν
2512 4699 2565 4733 τι
2593 4679 2856 4734 δύνασθαι
2880 4677 3114 4748 ἀγαθόν,
3141 4677 3237 4730 καὶ
3267 4672 3470 4745 μηδένα
3498 4665 3596 4719 τῶν

2222 4740 2318 4844 δῆν
2357 4773 2590 4844 ἐχόντων
2621 4771 2860 4842 σωθῆναι
2887 4740 3209 4841 διαμαρτεῖν
3233 4740 3621 4822 τοῦνδύνασθαι·
3644 4747 3700 4811 ὃς
3717 4740 3750 4844 ξ)

2225 4835 2334 4930 di",
2376 4835 2538 4937 ᾧησί,
2586 4835 2810 4932 ποτίσῃ
2861 4835 3151 4930 ποτήριον
3182 4854 3421 4929 ψυχροῦ
3455 4835 3754 4937 μόνονιιεὶς

2225 4928 2415 5029 ὄνομα
2435 4928 2706 5029 μαθητοῦ
2723 4997 2738 5023 ,
2762 4928 2926 5028 άμὴν
2950 4928 3106 5025 λέγω
3126 4953 3288 5025 ὑμῖν,
3313 4951 3383 5006 οὺ
3401 4945 3482 5017 μὴ
3506 4928 3754 4996 ἀπολέσει

1848 5092 2105 5148 νΑιιιΑΕ
2141 5093 2546 5152 LECTIONES.

621 5205 921 5287 ’_)__Literae
960 5211 1119 5267 uncis
1145 5211 1425 5287 _in_clusae_,
1465 5211 1519 5265 in
1551 5209 1742 5287 codice
1773 5208 1962 5264 blattis
1999 5226 2201 5287 paene_
2216 5213 2554 5287 exstinctae,
2587 5216 2864 5287 probabili
2905 5232 2936 5270 a
2965 5215 3128 5287 nobis
3146 5211 3477 5287 coniectura

535 5271 824 5355 restitutae
882 5288 1032 5355 sunt.
1067 5271 1460 5355 _—')-Er_nend._,
1493 5281 1614 5355 eod.
1649 5280 1920 5355 χαίρεται.
1955 5271 2050 5355 -—-__
2071 5280 2121 5355 ‘)_
2151 5281 2414 5355 _Emend.,
2457 5271 2605 5339 cod.‘
2637 5271 2885 5354 γλυκεῖα.
2937 5317 3007 5325 -
3034 5285 3077 5355 ⁵)
3135 5282 3313 5355 Coni.,
3365 5271 3584 5355 codff

535 5346 620 5416 ἐφ’
646 5331 1031 5420 ὑψηλὴν.ίέέᾷ
1064 5331 1471 5416 Emend;
1501 5331 1999 5405 ῖτέάίιτὲιέάοάίζ-
2017 5349 2060 5421 ⁸)
2096 5331 2885 5413 Liiéi'ié'Bﬁcié'iﬁcih'ééé'iﬁ'
2911 5331 3100 5411 codicle
3139 5331 3322 5409 ιῖῑεὲἐὶίὲ
3355 5331 3582 5402 mutilatb
3602 5331 3744 5400 paene

535 5479 839 5559 exstinctae
880 5492 1035 5559 sunt,
1077 5483 1171 5537 sed
1199 5482 1474 5559 probabili
1532 5483 1852 5539 coniectura
1895 5498 1926 5538 a
1965 5482 2125 5538 nobis
2137 5483 2209 5548 ,in
2239 5491 2448 5541 textum
2488 5487 2797 5543 restitutae.
2841 5520 2911 5530 —
2943 5486 2987 5559 ⁷)
3023 5485 3324 5558 ὑμετέροις,
3351 5496 3383 5548 η
3409 5479 3559 5540 supra
3591 5455 3739 5513 Μεθ’

537 5547 657 5603 ead.
685 5565 760 5604 m.
782 5581 852 5590 -—
878 5552 920 5622 ⁸)
956 5551 1138 5616 Corr.,
1171 5547 1294 5606 cod.
1343 5553 1448 5616 Ὡς.

2044 5645 2293 5701 NOTAE.

613 5743 691 5883 ξιξ
729 5751 773 5804 Il
803 5753 930 5807 Cor.
964 5753 1082 5817 XII,
1104 5755 1137 5808 9
1162 5770 1244 5824 sq.

638 5820 670 5870 2
722 5821 767 5873 ll
798 5822 905 5876 Cor
937 5825 1022 5883 Vl,
1059 5825 1111 5878 4.

638 5820 691 5883 2)
722 5821 767 5873 ιι
798 5822 905 5876 Cor
937 5825 1022 5885 Vl,
1059 5825 1111 5878 4.

627 5887 703 5956 (5)
733 5891 921 5948 Matth.
951 5894 1016 5959 Χ,
1037 5895 1119 5948 42.

2293 5754 2370 5824 (ι)
2407 5756 2596 5809 Matth.
2633 5755 2796 5817 xxv,
2824 5755 2910 5810 to.

2302 5827 2377 5891 (ὅ)
2413 5826 2598 5878 Matth.
2636 5827 2724 5890 VI,
2754 5826 2805 5879 ‘2.

2295 5899 2368 5968 (ο)
2403 5896 2591 5950 Matth.
2619 5897 2705 5960 γι,
2739 5895 2784 5948 l.

3760 444 3859 502 ιω
