  <div class='ocr_page' id='page_1' title='image "/cluster/home/n/w/nwhite01/storage/ocr_20150623/34/coo.31924054869312/234.png"; bbox 0 0 4016 6466; ppageno 0'>
   <div class='ocr_carea' id='block_1_1' title="bbox 269 326 351 388">
    <p class='ocr_par' dir='ltr' id='par_1_1' title="bbox 269 326 351 388">
     <span class='ocr_line' id='line_1_1' title="bbox 269 326 351 388; baseline -0.073 0"><span class='ocrx_word' id='word_1_1' title='bbox 269 326 351 388; x_wconf 71' lang='grc' dir='ltr'><strong>ιιι</strong></span> 
     </span>
    </p>
   </div>
   <div class='ocr_carea' id='block_1_2' title="bbox 1702 332 2102 390">
    <p class='ocr_par' dir='ltr' id='par_1_2' title="bbox 1702 332 2102 390">
     <span class='ocr_line' id='line_1_2' title="bbox 1702 332 2102 390; baseline 0.003 -1"><span class='ocrx_word' id='word_1_2' title='bbox 1702 332 1988 390; x_wconf 83' lang='lat' dir='ltr'><strong>EPISTOL</strong></span> <span class='ocrx_word' id='word_1_3' title='bbox 1997 335 2102 390; x_wconf 77' lang='grc' dir='ltr'><strong>ΑΕ.</strong></span> 
     </span>
    </p>
   </div>
   <div class='ocr_carea' id='block_1_3' title="bbox 3443 345 3552 400">
    <p class='ocr_par' dir='ltr' id='par_1_3' title="bbox 3443 345 3552 400">
     <span class='ocr_line' id='line_1_3' title="bbox 3443 345 3552 400; baseline 0 -1"><span class='ocrx_word' id='word_1_4' title='bbox 3443 345 3552 400; x_wconf 68' lang='grc'><strong>442</strong></span> 
     </span>
    </p>
   </div>
   <div class='ocr_carea' id='block_1_4' title="bbox 271 444 1867 534">
    <p class='ocr_par' dir='ltr' id='par_1_4' title="bbox 271 444 1864 523">
     <span class='ocr_line' id='line_1_4' title="bbox 271 444 1864 523; baseline 0.002 -20"><span class='ocrx_word' id='word_1_5' title='bbox 271 450 366 506; x_wconf 76' lang='grc' dir='ltr'><strong>τὸν</strong></span> <span class='ocrx_word' id='word_1_6' title='bbox 389 444 615 516; x_wconf 73' lang='grc' dir='ltr'>μισθὸν·</span> <span class='ocrx_word' id='word_1_7' title='bbox 640 448 866 504; x_wconf 76' lang='grc' dir='ltr'>αὑτοῦ.</span> <span class='ocrx_word' id='word_1_8' title='bbox 892 449 949 502; x_wconf 84' lang='grc' dir='ltr'><strong>τί</strong></span> <span class='ocrx_word' id='word_1_9' title='bbox 973 451 1068 519; x_wconf 82' lang='grc' dir='ltr'>τῆς</span> <span class='ocrx_word' id='word_1_10' title='bbox 1097 449 1314 520; x_wconf 79' lang='grc' dir='ltr'><strong>ἐντολῆς</strong></span> <span class='ocrx_word' id='word_1_11' title='bbox 1343 451 1547 523; x_wconf 84' lang='grc' dir='ltr'><strong>ταύτης</strong></span> <span class='ocrx_word' id='word_1_12' title='bbox 1576 452 1864 506; x_wconf 87' lang='grc' dir='ltr'>δυνατώτε-</span> 
     </span>
    </p>
   </div>
   <div class='ocr_carea' id='block_1_5' title="bbox 1970 444 3549 534">
    <p class='ocr_par' dir='ltr' id='par_1_5' title="bbox 1970 453 3549 534">
     <span class='ocr_line' id='line_1_5' title="bbox 1970 453 3549 534; baseline 0.009 -27"><span class='ocrx_word' id='word_1_13' title='bbox 1970 453 2264 524; x_wconf 76' lang='lat' dir='ltr'><strong>fugientem</strong></span> <span class='ocrx_word' id='word_1_14' title='bbox 2309 470 2411 510; x_wconf 90' lang='lat' dir='ltr'><strong>nos</strong></span> <span class='ocrx_word' id='word_1_15' title='bbox 2449 455 2695 526; x_wconf 76' lang='lat' dir='ltr'><strong>gloriam,</strong></span> <span class='ocrx_word' id='word_1_16' title='bbox 2723 458 2866 512; x_wconf 80' lang='lat' dir='ltr'><strong>illam</strong></span> <span class='ocrx_word' id='word_1_17' title='bbox 2907 475 3036 513; x_wconf 85' lang='lat' dir='ltr'><strong>vero</strong></span> <span class='ocrx_word' id='word_1_18' title='bbox 3069 461 3236 517; x_wconf 88' lang='lat' dir='ltr'><strong>solam</strong></span> <span class='ocrx_word' id='word_1_19' title='bbox 3262 479 3549 534; x_wconf 81' lang='lat' dir='ltr'><strong>quaerere,</strong></span> 
     </span>
    </p>
   </div>
   <div class='ocr_carea' id='block_1_6' title="bbox 278 538 1868 615">
    <p class='ocr_par' dir='ltr' id='par_1_6' title="bbox 278 538 1868 615">
     <span class='ocr_line' id='line_1_6' title="bbox 278 538 1868 615; baseline 0.002 -21"><span class='ocrx_word' id='word_1_20' title='bbox 278 559 397 615; x_wconf 63' lang='lat' dir='ltr'><strong>pou;</strong></span> <span class='ocrx_word' id='word_1_21' title='bbox 427 538 619 610; x_wconf 72' lang='grc' dir='ltr'>ψυχρῷ</span> <span class='ocrx_word' id='word_1_22' title='bbox 662 542 924 612; x_wconf 86' lang='grc' dir='ltr'>ποτηρίῳ</span> <span class='ocrx_word' id='word_1_23' title='bbox 960 542 1148 611; x_wconf 85' lang='grc' dir='ltr'>μισθὸς</span> <span class='ocrx_word' id='word_1_24' title='bbox 1178 544 1497 614; x_wconf 75' lang='grc' dir='ltr'><strong>ἐπουράνιος</strong></span> <span class='ocrx_word' id='word_1_25' title='bbox 1529 544 1740 600; x_wconf 74' lang='grc' dir='ltr'>ἕπεται.</span> <span class='ocrx_word' id='word_1_26' title='bbox 1775 545 1868 598; x_wconf 88' lang='grc' dir='ltr'><strong>καί</strong></span> 
     </span>
    </p>
   </div>
   <div class='ocr_carea' id='block_1_7' title="bbox 275 633 1870 706">
    <p class='ocr_par' dir='ltr' id='par_1_7' title="bbox 275 633 1870 706">
     <span class='ocr_line' id='line_1_7' title="bbox 275 633 1870 706; baseline 0 -19"><span class='ocrx_word' id='word_1_27' title='bbox 275 653 363 703; x_wconf 84' lang='grc' dir='ltr'><strong>μοι</strong></span> <span class='ocrx_word' id='word_1_28' title='bbox 397 633 594 686; x_wconf 75' lang='grc' dir='ltr'>σκόπει</span> <span class='ocrx_word' id='word_1_29' title='bbox 620 633 723 703; x_wconf 74' lang='grc' dir='ltr'>τῆς</span> <span class='ocrx_word' id='word_1_30' title='bbox 761 633 1176 704; x_wconf 78' lang='grc' dir='ltr'>φιλανθρωπίας</span> <span class='ocrx_word' id='word_1_31' title='bbox 1217 635 1278 688; x_wconf 80' lang='grc' dir='ltr'><strong>τὸ</strong></span> <span class='ocrx_word' id='word_1_32' title='bbox 1307 639 1563 706; x_wconf 79' lang='grc' dir='ltr'>ἄμετρον.</span> <span class='ocrx_word' id='word_1_33' title='bbox 1594 636 1685 705; x_wconf 62' lang='grc' dir='ltr'><strong>ἐφ’</strong></span> <span class='ocrx_word' id='word_1_34' title='bbox 1718 634 1870 688; x_wconf 83' lang='grc' dir='ltr'>ὅσον</span> 
     </span>
    </p>
   </div>
   <div class='ocr_carea' id='block_1_8' title="bbox 267 725 1865 797">
    <p class='ocr_par' dir='ltr' id='par_1_8' title="bbox 267 725 1865 797">
     <span class='ocr_line' id='line_1_8' title="bbox 267 725 1865 797; baseline 0.001 -18"><span class='ocrx_word' id='word_1_35' title='bbox 267 726 360 779; x_wconf 75' lang='grc' dir='ltr'><strong>ἐνὶ</strong></span> <span class='ocrx_word' id='word_1_36' title='bbox 411 726 647 779; x_wconf 68' lang='grc' dir='ltr'>τούτων</span> <span class='ocrx_word' id='word_1_37' title='bbox 670 769 683 789; x_wconf 91' lang='grc'><strong>,</strong></span> <span class='ocrx_word' id='word_1_38' title='bbox 731 726 935 796; x_wconf 73' lang='grc' dir='ltr'>φησίν,</span> <span class='ocrx_word' id='word_1_39' title='bbox 969 725 1312 791; x_wconf 75' lang='grc' dir='ltr'>ἐποιήσατε,</span> <span class='ocrx_word' id='word_1_40' title='bbox 1345 727 1474 797; x_wconf 81' lang='grc' dir='ltr'>ἐμοὶ</span> <span class='ocrx_word' id='word_1_41' title='bbox 1519 726 1865 791; x_wconf 74' lang='grc' dir='ltr'>ἐποιήσατε.</span> 
     </span>
    </p>
   </div>
   <div class='ocr_carea' id='block_1_9' title="bbox 264 818 1870 889">
    <p class='ocr_par' dir='ltr' id='par_1_9' title="bbox 264 818 1870 889">
     <span class='ocr_line' id='line_1_9' title="bbox 264 818 1870 889; baseline -0.001 -18"><span class='ocrx_word' id='word_1_42' title='bbox 264 819 326 871; x_wconf 79' lang='grc' dir='ltr'>τὸ</span> <span class='ocrx_word' id='word_1_43' title='bbox 358 818 462 888; x_wconf 77' lang='grc' dir='ltr'><strong>μὲν</strong></span> <span class='ocrx_word' id='word_1_44' title='bbox 495 818 782 887; x_wconf 78' lang='grc' dir='ltr'>ἐπίταγμα</span> <span class='ocrx_word' id='word_1_45' title='bbox 813 819 1010 888; x_wconf 70' lang='grc' dir='ltr'>μικρόν</span> <span class='ocrx_word' id='word_1_46' title='bbox 1031 861 1042 879; x_wconf 85' lang='grc'><strong>,</strong></span> <span class='ocrx_word' id='word_1_47' title='bbox 1073 819 1130 871; x_wconf 71' lang='grc' dir='ltr'>τὸ</span> <span class='ocrx_word' id='word_1_48' title='bbox 1168 818 1222 871; x_wconf 85' lang='grc' dir='ltr'>δὲ</span> <span class='ocrx_word' id='word_1_49' title='bbox 1266 819 1364 888; x_wconf 82' lang='grc' dir='ltr'>τῆς</span> <span class='ocrx_word' id='word_1_50' title='bbox 1403 819 1649 887; x_wconf 76' lang='grc' dir='ltr'>ὑπακοῆς</span> <span class='ocrx_word' id='word_1_51' title='bbox 1678 819 1870 889; x_wconf 83' lang='grc' dir='ltr'>κέρδος</span> 
     </span>
    </p>
   </div>
   <div class='ocr_carea' id='block_1_10' title="bbox 269 907 1865 984">
    <p class='ocr_par' dir='ltr' id='par_1_10' title="bbox 269 907 1865 984">
     <span class='ocr_line' id='line_1_10' title="bbox 269 907 1865 984; baseline 0.002 -24"><span class='ocrx_word' id='word_1_52' title='bbox 269 909 451 971; x_wconf 60' lang='grc' dir='ltr'>πολὺ,</span> <span class='ocrx_word' id='word_1_53' title='bbox 499 907 596 960; x_wconf 69' lang='grc' dir='ltr'><strong>καὶ</strong></span> <span class='ocrx_word' id='word_1_54' title='bbox 654 907 806 978; x_wconf 81' lang='grc' dir='ltr'>παρὰ</span> <span class='ocrx_word' id='word_1_55' title='bbox 864 909 970 984; x_wconf 82' lang='grc' dir='ltr'><strong>θεῷ</strong></span> <span class='ocrx_word' id='word_1_56' title='bbox 1031 910 1297 973; x_wconf 77' lang='grc' dir='ltr'>πλουσίως</span> <span class='ocrx_word' id='word_1_57' title='bbox 1361 910 1865 980; x_wconf 81' lang='grc' dir='ltr'>ἀνταποδιδόμενον.</span> 
     </span>
    </p>
   </div>
   <div class='ocr_carea' id='block_1_11' title="bbox 1969 545 3551 620">
    <p class='ocr_par' dir='ltr' id='par_1_11' title="bbox 1969 545 3551 620">
     <span class='ocr_line' id='line_1_11' title="bbox 1969 545 3551 620; baseline 0.009 -24"><span class='ocrx_word' id='word_1_58' title='bbox 1969 545 2126 598; x_wconf 88' lang='lat' dir='ltr'><strong>cuius</strong></span> <span class='ocrx_word' id='word_1_59' title='bbox 2170 560 2348 615; x_wconf 88' lang='lat' dir='ltr'><strong>neque</strong></span> <span class='ocrx_word' id='word_1_60' title='bbox 2375 547 2732 615; x_wconf 80' lang='lat' dir='ltr'><strong>pulchritudo</strong></span> <span class='ocrx_word' id='word_1_61' title='bbox 2790 549 2896 602; x_wconf 89' lang='lat' dir='ltr'><strong>dici</strong></span> <span class='ocrx_word' id='word_1_62' title='bbox 2937 566 3115 620; x_wconf 84' lang='lat' dir='ltr'><strong>neque</strong></span> <span class='ocrx_word' id='word_1_63' title='bbox 3156 553 3280 608; x_wconf 81' lang='lat' dir='ltr'><strong>linis</strong></span> <span class='ocrx_word' id='word_1_64' title='bbox 3316 554 3551 610; x_wconf 77' lang='lat' dir='ltr'><strong>inveniri</strong></span> 
     </span>
    </p>
   </div>
   <div class='ocr_carea' id='block_1_12' title="bbox 1970 641 3552 716">
    <p class='ocr_par' dir='ltr' id='par_1_12' title="bbox 1970 641 3552 716">
     <span class='ocr_line' id='line_1_12' title="bbox 1970 641 3552 716; baseline 0.009 -27"><span class='ocrx_word' id='word_1_65' title='bbox 1970 647 2168 706; x_wconf 82' lang='lat' dir='ltr'><strong>potest,</strong></span> <span class='ocrx_word' id='word_1_66' title='bbox 2202 655 2299 707; x_wconf 90' lang='lat' dir='ltr'><strong>per</strong></span> <span class='ocrx_word' id='word_1_67' title='bbox 2333 655 2497 708; x_wconf 88' lang='lat' dir='ltr'><strong>quam</strong></span> <span class='ocrx_word' id='word_1_68' title='bbox 2534 652 2590 694; x_wconf 89' lang='lat' dir='ltr'><strong>et</strong></span> <span class='ocrx_word' id='word_1_69' title='bbox 2625 641 2727 711; x_wconf 89' lang='lat' dir='ltr'><strong>ipsi</strong></span> <span class='ocrx_word' id='word_1_70' title='bbox 2763 644 3067 712; x_wconf 90' lang='lat' dir='ltr'><strong>poterimus</strong></span> <span class='ocrx_word' id='word_1_71' title='bbox 3096 647 3397 716; x_wconf 73' lang='lat' dir='ltr'><strong>participes</strong></span> <span class='ocrx_word' id='word_1_72' title='bbox 3434 648 3552 703; x_wconf 79' lang='lat' dir='ltr'><strong>fieri</strong></span> 
     </span>
    </p>
   </div>
   <div class='ocr_carea' id='block_1_13' title="bbox 1971 727 3553 800">
    <p class='ocr_par' dir='ltr' id='par_1_13' title="bbox 1971 727 3553 800">
     <span class='ocr_line' id='line_1_13' title="bbox 1971 727 3553 800; baseline 0.008 -21"><span class='ocrx_word' id='word_1_73' title='bbox 1971 727 2332 782; x_wconf 79' lang='lat' dir='ltr'><strong>inell‘abilium</strong></span> <span class='ocrx_word' id='word_1_74' title='bbox 2382 729 2600 784; x_wconf 91' lang='lat' dir='ltr'><strong>illorum</strong></span> <span class='ocrx_word' id='word_1_75' title='bbox 2642 733 3030 800; x_wconf 70' lang='lat' dir='ltr'><strong>mysteriorum</strong></span> <span class='ocrx_word' id='word_1_76' title='bbox 3077 735 3130 788; x_wconf 89' lang='lat' dir='ltr'><strong>in</strong></span> <span class='ocrx_word' id='word_1_77' title='bbox 3162 736 3381 792; x_wconf 82' lang='lat' dir='ltr'><strong>Christo</strong></span> <span class='ocrx_word' id='word_1_78' title='bbox 3422 738 3553 793; x_wconf 83' lang='lat' dir='ltr'><strong>Jesu</strong></span> 
     </span>
    </p>
   </div>
   <div class='ocr_carea' id='block_1_14' title="bbox 1970 817 3550 892">
    <p class='ocr_par' dir='ltr' id='par_1_14' title="bbox 1970 817 3550 892">
     <span class='ocr_line' id='line_1_14' title="bbox 1970 817 3550 892; baseline 0.009 -22"><span class='ocrx_word' id='word_1_79' title='bbox 1970 817 2202 873; x_wconf 88' lang='lat' dir='ltr'><strong>Domino</strong></span> <span class='ocrx_word' id='word_1_80' title='bbox 2244 830 2464 885; x_wconf 92' lang='lat' dir='ltr'><strong>nostro,</strong></span> <span class='ocrx_word' id='word_1_81' title='bbox 2508 823 2595 875; x_wconf 84' lang='lat' dir='ltr'><strong>cui</strong></span> <span class='ocrx_word' id='word_1_82' title='bbox 2623 822 2794 892; x_wconf 80' lang='lat' dir='ltr'><strong>gloria</strong></span> <span class='ocrx_word' id='word_1_83' title='bbox 2827 824 2882 876; x_wconf 91' lang='lat' dir='ltr'><strong>in</strong></span> <span class='ocrx_word' id='word_1_84' title='bbox 2926 827 3140 880; x_wconf 87' lang='lat' dir='ltr'><strong>saecula</strong></span> <span class='ocrx_word' id='word_1_85' title='bbox 3183 831 3550 884; x_wconf 81' lang='lat' dir='ltr'><strong>saeculorum.</strong></span> 
     </span>
    </p>
   </div>
   <div class='ocr_carea' id='block_1_15' title="bbox 1969 908 2163 964">
    <p class='ocr_par' dir='ltr' id='par_1_15' title="bbox 1969 908 2163 964">
     <span class='ocr_line' id='line_1_15' title="bbox 1969 908 2163 964; baseline 0.005 -1"><span class='ocrx_word' id='word_1_86' title='bbox 1969 908 2140 964; x_wconf 85' lang='lat' dir='ltr'><strong>Amen</strong></span> <span class='ocrx_word' id='word_1_87' title='bbox 2151 951 2163 964; x_wconf 95' lang='lat'><strong>.</strong></span> 
     </span>
    </p>
   </div>
   <div class='ocr_carea' id='block_1_16' title="bbox 277 1004 3556 1087">
    <p class='ocr_par' dir='ltr' id='par_1_16' title="bbox 277 1004 3556 1087">
     <span class='ocr_line' id='line_1_16' title="bbox 277 1004 3556 1087; baseline 0.003 -30"><span class='ocrx_word' id='word_1_88' title='bbox 277 1005 425 1057; x_wconf 78' lang='grc' dir='ltr'>ὥστε</span> <span class='ocrx_word' id='word_1_89' title='bbox 448 1005 601 1057; x_wconf 71' lang='grc' dir='ltr'>οὐδὲν</span> <span class='ocrx_word' id='word_1_90' title='bbox 633 1005 773 1074; x_wconf 79' lang='grc' dir='ltr'>ὑπὲρ</span> <span class='ocrx_word' id='word_1_91' title='bbox 821 1004 1046 1075; x_wconf 84' lang='grc' dir='ltr'>δύναμιν</span> <span class='ocrx_word' id='word_1_92' title='bbox 1080 1007 1324 1062; x_wconf 84' lang='grc' dir='ltr'>ἀπαιτεῖ.</span> <span class='ocrx_word' id='word_1_93' title='bbox 1389 1007 1525 1060; x_wconf 71' lang='grc' dir='ltr'>ἀλλὰ</span> <span class='ocrx_word' id='word_1_94' title='bbox 1599 1007 1701 1060; x_wconf 84' lang='grc' dir='ltr'><strong>κᾶν</strong></span> <span class='ocrx_word' id='word_1_95' title='bbox 1746 1009 1942 1081; x_wconf 78' lang='grc' dir='ltr'>μικρὸν</span> <span class='ocrx_word' id='word_1_96' title='bbox 1985 1008 2088 1060; x_wconf 74' lang='grc' dir='ltr'>κᾶν</span> <span class='ocrx_word' id='word_1_97' title='bbox 2117 1010 2258 1078; x_wconf 87' lang='grc' dir='ltr'>μέγα</span> <span class='ocrx_word' id='word_1_98' title='bbox 2306 1013 2511 1073; x_wconf 83' lang='grc' dir='ltr'>ποιεῖς,</span> <span class='ocrx_word' id='word_1_99' title='bbox 2541 1011 2734 1064; x_wconf 84' lang='grc' dir='ltr'>’έπεταί</span> <span class='ocrx_word' id='word_1_100' title='bbox 2765 1031 2846 1066; x_wconf 86' lang='grc' dir='ltr'><strong>σοι</strong></span> <span class='ocrx_word' id='word_1_101' title='bbox 2891 1015 3030 1068; x_wconf 74' lang='grc' dir='ltr'>κατὰ</span> <span class='ocrx_word' id='word_1_102' title='bbox 3057 1017 3155 1085; x_wconf 75' lang='grc' dir='ltr'><strong>τὴν</strong></span> <span class='ocrx_word' id='word_1_103' title='bbox 3187 1017 3506 1087; x_wconf 84' lang='grc' dir='ltr'>προαίρεσιν</span> <span class='ocrx_word' id='word_1_104' title='bbox 3529 1018 3556 1068; x_wconf 77' lang='grc' dir='ltr'>ὁ</span> 
     </span>
    </p>
   </div>
   <div class='ocr_carea' id='block_1_17' title="bbox 287 1101 3557 1181">
    <p class='ocr_par' dir='ltr' id='par_1_17' title="bbox 287 1101 3557 1181">
     <span class='ocr_line' id='line_1_17' title="bbox 287 1101 3557 1181; baseline 0.002 -26"><span class='ocrx_word' id='word_1_105' title='bbox 287 1103 496 1174; x_wconf 47' lang='grc' dir='ltr'>μισθὼ.</span> <span class='ocrx_word' id='word_1_106' title='bbox 563 1101 658 1155; x_wconf 73' lang='grc' dir='ltr'><strong>ἐὰν</strong></span> <span class='ocrx_word' id='word_1_107' title='bbox 708 1103 807 1172; x_wconf 80' lang='grc' dir='ltr'><strong>μὲν</strong></span> <span class='ocrx_word' id='word_1_108' title='bbox 843 1103 950 1174; x_wconf 84' lang='grc' dir='ltr'><strong>γὰρ</strong></span> <span class='ocrx_word' id='word_1_109' title='bbox 999 1104 1080 1166; x_wconf 81' lang='grc' dir='ltr'>εἰς</span> <span class='ocrx_word' id='word_1_110' title='bbox 1129 1103 1298 1174; x_wconf 78' lang='grc' dir='ltr'>ὄνομα</span> <span class='ocrx_word' id='word_1_111' title='bbox 1346 1107 1438 1158; x_wconf 81' lang='grc' dir='ltr'><strong>καὶ</strong></span> <span class='ocrx_word' id='word_1_112' title='bbox 1495 1106 1660 1174; x_wconf 75' lang='grc' dir='ltr'>φόϐον</span> <span class='ocrx_word' id='word_1_113' title='bbox 1717 1106 1868 1171; x_wconf 82' lang='grc' dir='ltr'>θεοῦ,</span> <span class='ocrx_word' id='word_1_114' title='bbox 1907 1108 2136 1178; x_wconf 78' lang='grc' dir='ltr'>λαμπρὰ</span> <span class='ocrx_word' id='word_1_115' title='bbox 2202 1108 2296 1160; x_wconf 70' lang='grc' dir='ltr'>καὶ</span> <span class='ocrx_word' id='word_1_116' title='bbox 2339 1108 2698 1178; x_wconf 70' lang='grc' dir='ltr'>ἀναφαίρετος</span> <span class='ocrx_word' id='word_1_117' title='bbox 2731 1105 2893 1180; x_wconf 74' lang='grc' dir='ltr'>ἦλθεν</span> <span class='ocrx_word' id='word_1_118' title='bbox 2962 1111 3223 1181; x_wconf 76' lang='grc' dir='ltr'><strong>ἡδωρεά·</strong></span> <span class='ocrx_word' id='word_1_119' title='bbox 3266 1111 3358 1164; x_wconf 81' lang='grc' dir='ltr'>ἐὰν</span> <span class='ocrx_word' id='word_1_120' title='bbox 3394 1112 3450 1165; x_wconf 85' lang='grc' dir='ltr'><strong>δέ</strong></span> <span class='ocrx_word' id='word_1_121' title='bbox 3477 1114 3557 1172; x_wconf 86' lang='grc' dir='ltr'>εἰς</span> 
     </span>
    </p>
   </div>
   <div class='ocr_carea' id='block_1_18' title="bbox 280 1194 3556 1270">
    <p class='ocr_par' dir='ltr' id='par_1_18' title="bbox 280 1194 3556 1270">
     <span class='ocr_line' id='line_1_18' title="bbox 280 1194 3556 1270; baseline 0 -19"><span class='ocrx_word' id='word_1_122' title='bbox 280 1195 547 1259; x_wconf 72' lang='grc' dir='ltr'>ἐπίδειξιν</span> <span class='ocrx_word' id='word_1_123' title='bbox 593 1196 688 1248; x_wconf 76' lang='grc' dir='ltr'><strong>καὶ</strong></span> <span class='ocrx_word' id='word_1_124' title='bbox 735 1195 893 1260; x_wconf 80' lang='grc' dir='ltr'>δόξαν</span> <span class='ocrx_word' id='word_1_125' title='bbox 974 1194 1305 1266; x_wconf 80' lang='grc' dir='ltr'>ἀνθρώπων,</span> <span class='ocrx_word' id='word_1_126' title='bbox 1361 1195 1593 1250; x_wconf 80' lang='grc' dir='ltr'>ἄκουσον</span> <span class='ocrx_word' id='word_1_127' title='bbox 1643 1197 1906 1268; x_wconf 82' lang='grc' dir='ltr'>ὀμνύντος</span> <span class='ocrx_word' id='word_1_128' title='bbox 1938 1200 2102 1252; x_wconf 82' lang='grc' dir='ltr'>αὐτοῦ</span> <span class='ocrx_word' id='word_1_129' title='bbox 2130 1199 2221 1252; x_wconf 73' lang='grc' dir='ltr'>τοῦ</span> <span class='ocrx_word' id='word_1_130' title='bbox 2253 1201 2464 1270; x_wconf 84' lang='grc' dir='ltr'>κυρίου·</span> <span class='ocrx_word' id='word_1_131' title='bbox 2492 1199 2655 1267; x_wconf 72' lang='grc' dir='ltr'>ἀμὴν</span> <span class='ocrx_word' id='word_1_132' title='bbox 2685 1200 2839 1269; x_wconf 70' lang='grc' dir='ltr'>λέγω</span> <span class='ocrx_word' id='word_1_133' title='bbox 2868 1202 3040 1270; x_wconf 76' lang='grc' dir='ltr'>ὑμῖν,</span> <span class='ocrx_word' id='word_1_134' title='bbox 3107 1203 3404 1270; x_wconf 79' lang='grc' dir='ltr'><strong>ἀπέχουσι</strong></span> <span class='ocrx_word' id='word_1_135' title='bbox 3449 1203 3556 1254; x_wconf 79' lang='grc' dir='ltr'><strong>τὸν</strong></span> 
     </span>
    </p>
   </div>
   <div class='ocr_carea' id='block_1_19' title="bbox 267 1283 3550 1364">
    <p class='ocr_par' dir='ltr' id='par_1_19' title="bbox 267 1283 3550 1364">
     <span class='ocr_line' id='line_1_19' title="bbox 267 1283 3550 1364; baseline 0.001 -23"><span class='ocrx_word' id='word_1_136' title='bbox 267 1289 504 1359; x_wconf 77' lang='grc' dir='ltr'>μισθὸν</span> <span class='ocrx_word' id='word_1_137' title='bbox 533 1288 756 1342; x_wconf 84' lang='grc' dir='ltr'><strong>αὐτῶν.</strong></span> <span class='ocrx_word' id='word_1_138' title='bbox 787 1289 871 1342; x_wconf 81' lang='grc' dir='ltr'><strong>ἵνα</strong></span> <span class='ocrx_word' id='word_1_139' title='bbox 898 1283 991 1342; x_wconf 82' lang='grc' dir='ltr'>οὖν</span> <span class='ocrx_word' id='word_1_140' title='bbox 1023 1288 1098 1359; x_wconf 83' lang='grc' dir='ltr'><strong>μὴ</strong></span> <span class='ocrx_word' id='word_1_141' title='bbox 1130 1290 1288 1342; x_wconf 79' lang='grc' dir='ltr'>τοῦτο</span> <span class='ocrx_word' id='word_1_142' title='bbox 1355 1289 1638 1360; x_wconf 83' lang='grc' dir='ltr'>πάθωμεν.</span> <span class='ocrx_word' id='word_1_143' title='bbox 1687 1293 2058 1364; x_wconf 82' lang='grc' dir='ltr'>παραγγέλλει</span> <span class='ocrx_word' id='word_1_144' title='bbox 2127 1295 2238 1355; x_wconf 81' lang='grc' dir='ltr'>τοῖς</span> <span class='ocrx_word' id='word_1_145' title='bbox 2283 1293 2549 1363; x_wconf 76' lang='grc' dir='ltr'>μαθηταῖς</span> <span class='ocrx_word' id='word_1_146' title='bbox 2592 1293 2792 1357; x_wconf 80' lang='grc' dir='ltr'>αὑτοῦ,</span> <span class='ocrx_word' id='word_1_147' title='bbox 2844 1295 2937 1345; x_wconf 74' lang='grc' dir='ltr'><strong>καὶ</strong></span> <span class='ocrx_word' id='word_1_148' title='bbox 2977 1294 3044 1346; x_wconf 87' lang='grc' dir='ltr'><strong>δι’</strong></span> <span class='ocrx_word' id='word_1_149' title='bbox 3113 1295 3336 1347; x_wconf 78' lang='grc' dir='ltr'>ἐκείνων</span> <span class='ocrx_word' id='word_1_150' title='bbox 3401 1295 3550 1364; x_wconf 76' lang='grc' dir='ltr'>ἡμῖν’</span> 
     </span>
    </p>
   </div>
   <div class='ocr_carea' id='block_1_20' title="bbox 272 1379 3554 1454">
    <p class='ocr_par' dir='ltr' id='par_1_20' title="bbox 272 1379 3554 1454">
     <span class='ocr_line' id='line_1_20' title="bbox 272 1379 3554 1454; baseline 0.002 -24"><span class='ocrx_word' id='word_1_151' title='bbox 272 1380 536 1448; x_wconf 80' lang='grc' dir='ltr'>βλέπετε,</span> <span class='ocrx_word' id='word_1_152' title='bbox 591 1381 664 1451; x_wconf 87' lang='grc' dir='ltr'><strong>μὴ</strong></span> <span class='ocrx_word' id='word_1_153' title='bbox 719 1379 908 1450; x_wconf 78' lang='grc' dir='ltr'>ποιῆτε</span> <span class='ocrx_word' id='word_1_154' title='bbox 939 1380 1036 1450; x_wconf 75' lang='grc' dir='ltr'>τὴν</span> <span class='ocrx_word' id='word_1_155' title='bbox 1083 1379 1454 1450; x_wconf 74' lang='grc' dir='ltr'>ἐλεημοσύνην</span> <span class='ocrx_word' id='word_1_156' title='bbox 1508 1381 1663 1450; x_wconf 82' lang='grc' dir='ltr'>ὑμῶν</span> <span class='ocrx_word' id='word_1_157' title='bbox 1703 1381 1866 1452; x_wconf 77' lang='grc' dir='ltr'>ἢτὴν</span> <span class='ocrx_word' id='word_1_158' title='bbox 1903 1383 2068 1452; x_wconf 78' lang='grc' dir='ltr'>εὐχὴν</span> <span class='ocrx_word' id='word_1_159' title='bbox 2112 1382 2275 1454; x_wconf 81' lang='grc' dir='ltr'>ἢτὴν</span> <span class='ocrx_word' id='word_1_160' title='bbox 2306 1383 2558 1451; x_wconf 80' lang='grc' dir='ltr'>νηστείαν</span> <span class='ocrx_word' id='word_1_161' title='bbox 2617 1383 2769 1452; x_wconf 77' lang='grc' dir='ltr'>ὑμῶν</span> <span class='ocrx_word' id='word_1_162' title='bbox 2837 1381 3148 1452; x_wconf 76' lang='grc' dir='ltr'>ἔμπροσθεν</span> <span class='ocrx_word' id='word_1_163' title='bbox 3191 1381 3297 1434; x_wconf 82' lang='grc' dir='ltr'><strong>τῶν</strong></span> <span class='ocrx_word' id='word_1_164' title='bbox 3345 1382 3554 1452; x_wconf 58' lang='lat' dir='ltr'><strong>ciu/09(5)-</strong></span> 
     </span>
    </p>
   </div>
   <div class='ocr_carea' id='block_1_21' title="bbox 271 1475 3554 1547">
    <p class='ocr_par' dir='ltr' id='par_1_21' title="bbox 271 1475 3554 1547">
     <span class='ocr_line' id='line_1_21' title="bbox 271 1475 3554 1547; baseline -0.001 -14"><span class='ocrx_word' id='word_1_165' title='bbox 271 1495 419 1533; x_wconf 71' lang='grc' dir='ltr'>πων·</span> <span class='ocrx_word' id='word_1_166' title='bbox 451 1477 600 1532; x_wconf 82' lang='grc' dir='ltr'><strong>εἰδὲ</strong></span> <span class='ocrx_word' id='word_1_167' title='bbox 628 1475 803 1546; x_wconf 70' lang='grc' dir='ltr'>μήτε,</span> <span class='ocrx_word' id='word_1_168' title='bbox 818 1476 1042 1543; x_wconf 78' lang='grc' dir='ltr'>μισθὸν</span> <span class='ocrx_word' id='word_1_169' title='bbox 1071 1477 1180 1528; x_wconf 88' lang='grc' dir='ltr'>οὐκ</span> <span class='ocrx_word' id='word_1_170' title='bbox 1205 1475 1374 1543; x_wconf 82' lang='grc' dir='ltr'>ἔχετε</span> <span class='ocrx_word' id='word_1_171' title='bbox 1401 1477 1561 1544; x_wconf 80' lang='grc' dir='ltr'>παρὰ</span> <span class='ocrx_word' id='word_1_172' title='bbox 1586 1475 1665 1542; x_wconf 86' lang='grc' dir='ltr'>τῷ</span> <span class='ocrx_word' id='word_1_173' title='bbox 1695 1476 1872 1544; x_wconf 77' lang='grc' dir='ltr'>πατρὶ</span> <span class='ocrx_word' id='word_1_174' title='bbox 1930 1476 2098 1546; x_wconf 84' lang='grc' dir='ltr'><strong>ὑμῶν</strong></span> <span class='ocrx_word' id='word_1_175' title='bbox 2136 1477 2216 1542; x_wconf 83' lang='grc' dir='ltr'>τῷ</span> <span class='ocrx_word' id='word_1_176' title='bbox 2254 1478 2324 1530; x_wconf 75' lang='grc' dir='ltr'>ἐν</span> <span class='ocrx_word' id='word_1_177' title='bbox 2388 1477 2513 1543; x_wconf 73' lang='grc' dir='ltr'>τοῖς</span> <span class='ocrx_word' id='word_1_178' title='bbox 2562 1479 2651 1545; x_wconf 54' lang='grc' dir='ltr'><strong>οὐχ</strong></span> <span class='ocrx_word' id='word_1_179' title='bbox 2671 1477 2860 1542; x_wconf 74' lang='grc' dir='ltr'>ανοῖς.</span> <span class='ocrx_word' id='word_1_180' title='bbox 2899 1477 3070 1539; x_wconf 77' lang='grc' dir='ltr'>οὕτως</span> <span class='ocrx_word' id='word_1_181' title='bbox 3114 1477 3554 1547; x_wconf 65' lang='grc' dir='ltr'>ἀποστρέφεσθαι</span> 
     </span>
    </p>
   </div>
   <div class='ocr_carea' id='block_1_22' title="bbox 267 1568 3557 1642">
    <p class='ocr_par' dir='ltr' id='par_1_22' title="bbox 267 1568 3557 1642">
     <span class='ocr_line' id='line_1_22' title="bbox 267 1568 3557 1642; baseline -0.002 -17"><span class='ocrx_word' id='word_1_182' title='bbox 267 1571 495 1626; x_wconf 77' lang='grc' dir='ltr'>κελεύει</span> <span class='ocrx_word' id='word_1_183' title='bbox 530 1571 626 1622; x_wconf 74' lang='grc' dir='ltr'><strong>καὶ</strong></span> <span class='ocrx_word' id='word_1_184' title='bbox 685 1569 904 1638; x_wconf 76' lang='grc' dir='ltr'>φεύγειν</span> <span class='ocrx_word' id='word_1_185' title='bbox 933 1570 1058 1633; x_wconf 78' lang='grc' dir='ltr'>τοὺς</span> <span class='ocrx_word' id='word_1_186' title='bbox 1100 1570 1325 1641; x_wconf 82' lang='grc' dir='ltr'>θνητοὺς</span> <span class='ocrx_word' id='word_1_187' title='bbox 1353 1569 1576 1632; x_wconf 85' lang='grc' dir='ltr'>τούτους</span> <span class='ocrx_word' id='word_1_188' title='bbox 1621 1569 1714 1622; x_wconf 75' lang='grc' dir='ltr'>καὶ</span> <span class='ocrx_word' id='word_1_189' title='bbox 1785 1569 1936 1642; x_wconf 76' lang='grc' dir='ltr'>παρὰ</span> <span class='ocrx_word' id='word_1_190' title='bbox 1979 1571 2187 1640; x_wconf 83' lang='grc' dir='ltr'>θνητῶν</span> <span class='ocrx_word' id='word_1_191' title='bbox 2215 1570 2490 1633; x_wconf 81' lang='grc' dir='ltr'>ἐπαίνους,</span> <span class='ocrx_word' id='word_1_192' title='bbox 2518 1571 2611 1623; x_wconf 73' lang='grc' dir='ltr'><strong>καὶ</strong></span> <span class='ocrx_word' id='word_1_193' title='bbox 2637 1569 2736 1640; x_wconf 71' lang='grc' dir='ltr'>τὴν</span> <span class='ocrx_word' id='word_1_194' title='bbox 2777 1569 3182 1639; x_wconf 82' lang='grc' dir='ltr'>μαραινομένην</span> <span class='ocrx_word' id='word_1_195' title='bbox 3214 1570 3306 1620; x_wconf 68' lang='grc' dir='ltr'>καὶ</span> <span class='ocrx_word' id='word_1_196' title='bbox 3331 1568 3557 1636; x_wconf 76' lang='grc' dir='ltr'>φεύγου·</span> 
     </span>
    </p>
   </div>
   <div class='ocr_carea' id='block_1_23' title="bbox 271 1656 3554 1734">
    <p class='ocr_par' dir='ltr' id='par_1_23' title="bbox 271 1656 3554 1734">
     <span class='ocr_line' id='line_1_23' title="bbox 271 1656 3554 1734; baseline -0.001 -18"><span class='ocrx_word' id='word_1_197' title='bbox 271 1683 374 1716; x_wconf 76' lang='grc' dir='ltr'><strong>σαν</strong></span> <span class='ocrx_word' id='word_1_198' title='bbox 416 1663 456 1731; x_wconf 78' lang='grc'><strong>³)</strong></span> <span class='ocrx_word' id='word_1_199' title='bbox 489 1662 642 1731; x_wconf 72' lang='grc' dir='ltr'>ἡμᾶς</span> <span class='ocrx_word' id='word_1_200' title='bbox 677 1662 857 1727; x_wconf 80' lang='grc' dir='ltr'>δόξαν,</span> <span class='ocrx_word' id='word_1_201' title='bbox 896 1660 1079 1732; x_wconf 80' lang='grc' dir='ltr'>ζητεῖν</span> <span class='ocrx_word' id='word_1_202' title='bbox 1108 1661 1163 1714; x_wconf 86' lang='grc' dir='ltr'><strong>δὲ</strong></span> <span class='ocrx_word' id='word_1_203' title='bbox 1193 1661 1351 1731; x_wconf 86' lang='grc' dir='ltr'>μόνον</span> <span class='ocrx_word' id='word_1_204' title='bbox 1379 1663 1616 1733; x_wconf 87' lang='grc' dir='ltr'>ἐκείνην,</span> <span class='ocrx_word' id='word_1_205' title='bbox 1644 1657 1710 1733; x_wconf 85' lang='grc' dir='ltr'>ἦς</span> <span class='ocrx_word' id='word_1_206' title='bbox 1739 1665 1779 1732; x_wconf 81' lang='grc'><strong>’)</strong></span> <span class='ocrx_word' id='word_1_207' title='bbox 1812 1663 1934 1716; x_wconf 82' lang='grc' dir='ltr'>οὑδέ</span> <span class='ocrx_word' id='word_1_208' title='bbox 1972 1665 2168 1728; x_wconf 77' lang='grc' dir='ltr'>κάλλος</span> <span class='ocrx_word' id='word_1_209' title='bbox 2197 1663 2342 1716; x_wconf 72' lang='grc' dir='ltr'>ἐςτιν</span> <span class='ocrx_word' id='word_1_210' title='bbox 2382 1666 2556 1716; x_wconf 77' lang='grc' dir='ltr'>εἰπεῖν</span> <span class='ocrx_word' id='word_1_211' title='bbox 2589 1663 2706 1716; x_wconf 79' lang='grc' dir='ltr'>οὐδὲ</span> <span class='ocrx_word' id='word_1_212' title='bbox 2736 1664 2777 1734; x_wconf 88' lang='grc'><strong>³)</strong></span> <span class='ocrx_word' id='word_1_213' title='bbox 2819 1663 2991 1734; x_wconf 81' lang='grc' dir='ltr'>πέρας</span> <span class='ocrx_word' id='word_1_214' title='bbox 3036 1663 3233 1733; x_wconf 83' lang='grc' dir='ltr'>εὑρεῖν,</span> <span class='ocrx_word' id='word_1_215' title='bbox 3264 1662 3331 1714; x_wconf 84' lang='grc' dir='ltr'>δι’</span> <span class='ocrx_word' id='word_1_216' title='bbox 3361 1656 3427 1732; x_wconf 77' lang='grc' dir='ltr'>ἦς</span> <span class='ocrx_word' id='word_1_217' title='bbox 3458 1661 3554 1712; x_wconf 82' lang='grc' dir='ltr'><strong>καὶ</strong></span> 
     </span>
    </p>
   </div>
   <div class='ocr_carea' id='block_1_24' title="bbox 269 1747 3554 1828">
    <p class='ocr_par' dir='ltr' id='par_1_24' title="bbox 269 1747 3554 1828">
     <span class='ocr_line' id='line_1_24' title="bbox 269 1747 3554 1828; baseline -0.002 -17"><span class='ocrx_word' id='word_1_218' title='bbox 269 1757 434 1812; x_wconf 74' lang='grc' dir='ltr'>αὐτοὶ</span> <span class='ocrx_word' id='word_1_219' title='bbox 485 1755 831 1826; x_wconf 81' lang='grc' dir='ltr'>δυνησόμεθα</span> <span class='ocrx_word' id='word_1_220' title='bbox 871 1757 1056 1826; x_wconf 81' lang='grc' dir='ltr'>τυχεῖν</span> <span class='ocrx_word' id='word_1_221' title='bbox 1131 1756 1240 1808; x_wconf 85' lang='grc' dir='ltr'><strong>τῶν</strong></span> <span class='ocrx_word' id='word_1_222' title='bbox 1279 1757 1532 1827; x_wconf 77' lang='grc' dir='ltr'>ἀρῤήτων</span> <span class='ocrx_word' id='word_1_223' title='bbox 1583 1756 1899 1827; x_wconf 82' lang='grc' dir='ltr'>μυστηρίων</span> <span class='ocrx_word' id='word_1_224' title='bbox 1938 1758 2184 1824; x_wconf 82' lang='grc' dir='ltr'>ἐκείνων,</span> <span class='ocrx_word' id='word_1_225' title='bbox 2244 1759 2301 1810; x_wconf 87' lang='grc' dir='ltr'><strong>ἐν</strong></span> <span class='ocrx_word' id='word_1_226' title='bbox 2323 1756 2545 1828; x_wconf 79' lang='grc' dir='ltr'>Χριστῷ</span> <span class='ocrx_word' id='word_1_227' title='bbox 2580 1757 2755 1826; x_wconf 77' lang='grc' dir='ltr'>Ἰησοῦ</span> <span class='ocrx_word' id='word_1_228' title='bbox 2783 1756 2862 1826; x_wconf 77' lang='grc' dir='ltr'>τῷ</span> <span class='ocrx_word' id='word_1_229' title='bbox 2893 1755 3065 1826; x_wconf 84' lang='grc' dir='ltr'>κυρίῳ</span> <span class='ocrx_word' id='word_1_230' title='bbox 3096 1753 3270 1824; x_wconf 73' lang='grc' dir='ltr'>ἡμῶν,</span> <span class='ocrx_word' id='word_1_231' title='bbox 3294 1747 3336 1821; x_wconf 81' lang='grc' dir='ltr'><strong>ᾧ</strong></span> <span class='ocrx_word' id='word_1_232' title='bbox 3362 1756 3396 1824; x_wconf 76' lang='grc' dir='ltr'><strong>ἡ</strong></span> <span class='ocrx_word' id='word_1_233' title='bbox 3426 1753 3554 1817; x_wconf 77' lang='grc' dir='ltr'><strong>δόξα</strong></span> 
     </span>
    </p>
   </div>
   <div class='ocr_carea' id='block_1_25' title="bbox 267 1846 1347 1918">
    <p class='ocr_par' dir='ltr' id='par_1_25' title="bbox 267 1846 1347 1918">
     <span class='ocr_line' id='line_1_25' title="bbox 267 1846 1347 1918; baseline -0.002 -16"><span class='ocrx_word' id='word_1_234' title='bbox 267 1853 349 1915; x_wconf 69' lang='grc' dir='ltr'>εἰς</span> <span class='ocrx_word' id='word_1_235' title='bbox 368 1851 504 1914; x_wconf 75' lang='grc' dir='ltr'>τοὺς</span> <span class='ocrx_word' id='word_1_236' title='bbox 537 1848 744 1912; x_wconf 85' lang='grc' dir='ltr'>αἰῶνας</span> <span class='ocrx_word' id='word_1_237' title='bbox 768 1846 878 1900; x_wconf 83' lang='grc' dir='ltr'><strong>τῶν</strong></span> <span class='ocrx_word' id='word_1_238' title='bbox 911 1846 1144 1902; x_wconf 86' lang='grc' dir='ltr'>αιώνων.</span> <span class='ocrx_word' id='word_1_239' title='bbox 1179 1847 1347 1918; x_wconf 83' lang='grc' dir='ltr'>ἀμήν.</span> 
     </span>
    </p>
   </div>
   <div class='ocr_carea' id='block_1_26' title="bbox 1568 2022 2273 2082">
    <p class='ocr_par' dir='ltr' id='par_1_26' title="bbox 1568 2022 2273 2082">
     <span class='ocr_line' id='line_1_26' title="bbox 1568 2022 2273 2082; baseline -0.007 -1"><span class='ocrx_word' id='word_1_240' title='bbox 1568 2025 1826 2082; x_wconf 73' lang='lat' dir='ltr'><strong>VARIAE</strong></span> <span class='ocrx_word' id='word_1_241' title='bbox 1866 2023 2161 2080; x_wconf 74' lang='lat' dir='ltr'><strong>LECTION</strong></span> <span class='ocrx_word' id='word_1_242' title='bbox 2171 2022 2273 2077; x_wconf 88' lang='lat' dir='ltr'><strong>ES.</strong></span> 
     </span>
    </p>
   </div>
   <div class='ocr_carea' id='block_1_27' title="bbox 347 2139 3247 2223">
    <p class='ocr_par' dir='ltr' id='par_1_27' title="bbox 347 2139 3247 2223">
     <span class='ocr_line' id='line_1_27' title="bbox 347 2139 3247 2223; baseline -0.003 -19"><span class='ocrx_word' id='word_1_243' title='bbox 347 2150 393 2223; x_wconf 78' lang='grc'><strong>⁸)</strong></span> <span class='ocrx_word' id='word_1_244' title='bbox 437 2149 536 2204; x_wconf 86' lang='lat' dir='ltr'><strong>Sic</strong></span> <span class='ocrx_word' id='word_1_245' title='bbox 571 2148 697 2204; x_wconf 89' lang='lat' dir='ltr'><strong>cod.</strong></span> <span class='ocrx_word' id='word_1_246' title='bbox 727 2180 798 2188; x_wconf 95' lang='lat'><strong>—</strong></span> <span class='ocrx_word' id='word_1_247' title='bbox 828 2146 872 2218; x_wconf 81' lang='lat'><strong>’)</strong></span> <span class='ocrx_word' id='word_1_248' title='bbox 902 2147 1082 2213; x_wconf 90' lang='lat' dir='ltr'><strong>Corr.,</strong></span> <span class='ocrx_word' id='word_1_249' title='bbox 1120 2147 1243 2202; x_wconf 92' lang='lat' dir='ltr'><strong>cod.</strong></span> <span class='ocrx_word' id='word_1_250' title='bbox 1277 2148 1438 2220; x_wconf 74' lang='grc' dir='ltr'><strong>ἣν.-</strong></span> <span class='ocrx_word' id='word_1_251' title='bbox 1468 2145 1512 2213; x_wconf 86' lang='grc'><strong>³)</strong></span> <span class='ocrx_word' id='word_1_252' title='bbox 1541 2144 1631 2200; x_wconf 84' lang='lat' dir='ltr'><strong>Sic</strong></span> <span class='ocrx_word' id='word_1_253' title='bbox 1658 2143 1780 2197; x_wconf 91' lang='lat' dir='ltr'><strong>cod.</strong></span> <span class='ocrx_word' id='word_1_254' title='bbox 1822 2142 1943 2194; x_wconf 75' lang='grc' dir='ltr'>οὐδὲ</span> <span class='ocrx_word' id='word_1_255' title='bbox 1969 2173 2040 2182; x_wconf 92' lang='lat'><strong>——</strong></span> <span class='ocrx_word' id='word_1_256' title='bbox 2071 2141 2212 2195; x_wconf 67' lang='grc' dir='ltr'>οὐδὲ.</span> <span class='ocrx_word' id='word_1_257' title='bbox 2244 2141 2405 2195; x_wconf 87' lang='lat' dir='ltr'><strong>Forte</strong></span> <span class='ocrx_word' id='word_1_258' title='bbox 2439 2141 2826 2211; x_wconf 86' lang='lat' dir='ltr'><strong>corrigendum</strong></span> <span class='ocrx_word' id='word_1_259' title='bbox 2865 2139 2988 2195; x_wconf 78' lang='grc' dir='ltr'>οὔτε</span> <span class='ocrx_word' id='word_1_260' title='bbox 3011 2174 3081 2181; x_wconf 93' lang='grc'><strong>-</strong></span> <span class='ocrx_word' id='word_1_261' title='bbox 3102 2139 3247 2195; x_wconf 78' lang='grc' dir='ltr'>οὔτε.</span> 
     </span>
    </p>
   </div>
   <div class='ocr_carea' id='block_1_28' title="bbox 297 2339 3541 2372">
    <p class='ocr_par' dir='ltr' id='par_1_28' title="bbox 297 2339 3541 2372">
     <span class='ocr_line' id='line_1_28' title="bbox 297 2339 3541 2372; baseline 0 -6"><span class='ocrx_word' id='word_1_262' title='bbox 297 2339 3541 2372; x_wconf 70' lang='lat' dir='ltr'><strong>.______——-——————————————————————-—————-—-—-———-———-a</strong></span> 
     </span>
    </p>
   </div>
   <div class='ocr_carea' id='block_1_29' title="bbox 1825 2510 2015 2598">
    <p class='ocr_par' dir='ltr' id='par_1_29' title="bbox 1825 2510 2015 2598">
     <span class='ocr_line' id='line_1_29' title="bbox 1825 2510 2015 2598; baseline -0.011 0"><span class='ocrx_word' id='word_1_263' title='bbox 1825 2510 2015 2598; x_wconf 85' lang='grc' dir='ltr'><strong>ΙΙΙ.</strong></span> 
     </span>
    </p>
   </div>
   <div class='ocr_carea' id='block_1_30' title="bbox 783 2719 3072 2817">
    <p class='ocr_par' dir='ltr' id='par_1_30' title="bbox 783 2719 3072 2817">
     <span class='ocr_line' id='line_1_30' title="bbox 783 2719 3072 2817; baseline -0.002 -3"><span class='ocrx_word' id='word_1_264' title='bbox 783 2721 1365 2817; x_wconf 85' lang='lat' dir='ltr'><strong>EPISTOLA</strong></span> <span class='ocrx_word' id='word_1_265' title='bbox 1438 2719 2048 2812; x_wconf 86' lang='lat' dir='ltr'><strong>CUIUSDAM</strong></span> <span class='ocrx_word' id='word_1_266' title='bbox 2125 2721 2477 2810; x_wconf 85' lang='lat' dir='ltr'><strong>BEATI</strong></span> <span class='ocrx_word' id='word_1_267' title='bbox 2578 2721 3072 2812; x_wconf 79' lang='lat' dir='ltr'><strong>MACABII</strong></span> 
     </span>
    </p>
   </div>
   <div class='ocr_carea' id='block_1_31' title="bbox 1475 2943 2372 2991">
    <p class='ocr_par' dir='ltr' id='par_1_31' title="bbox 1475 2943 2372 2991">
     <span class='ocr_line' id='line_1_31' title="bbox 1475 2943 2372 2991; baseline -0.006 0"><span class='ocrx_word' id='word_1_268' title='bbox 1475 2947 1558 2991; x_wconf 86' lang='lat' dir='ltr'><strong>UT</strong></span> <span class='ocrx_word' id='word_1_269' title='bbox 1598 2944 1876 2990; x_wconf 81' lang='lat' dir='ltr'><strong>VIDETUR</strong></span> <span class='ocrx_word' id='word_1_270' title='bbox 1917 2943 2372 2988; x_wconf 79' lang='lat' dir='ltr'><strong>ALEXANDRINI.</strong></span> 
     </span>
    </p>
   </div>
   <div class='ocr_carea' id='block_1_32' title="bbox 970 3158 2904 3225">
    <p class='ocr_par' dir='ltr' id='par_1_32' title="bbox 970 3158 2904 3225">
     <span class='ocr_line' id='line_1_32' title="bbox 970 3158 2904 3225; baseline -0.001 -14"><span class='ocrx_word' id='word_1_271' title='bbox 970 3163 1133 3213; x_wconf 83' lang='lat' dir='ltr'><strong>Lucae</strong></span> <span class='ocrx_word' id='word_1_272' title='bbox 1155 3163 1401 3213; x_wconf 81' lang='lat' dir='ltr'><strong>Holstenii</strong></span> <span class='ocrx_word' id='word_1_273' title='bbox 1429 3163 1581 3213; x_wconf 82' lang='lat' dir='ltr'><strong>codex</strong></span> <span class='ocrx_word' id='word_1_274' title='bbox 1608 3164 1910 3225; x_wconf 76' lang='lat' dir='ltr'><strong>Regularum</strong></span> <span class='ocrx_word' id='word_1_275' title='bbox 1952 3161 2209 3221; x_wconf 79' lang='lat' dir='ltr'><strong>Augustae</strong></span> <span class='ocrx_word' id='word_1_276' title='bbox 2230 3159 2429 3210; x_wconf 80' lang='lat' dir='ltr'><strong>Viudel.</strong></span> <span class='ocrx_word' id='word_1_277' title='bbox 2475 3159 2595 3208; x_wconf 75' lang='lat'><strong>1759</strong></span> <span class='ocrx_word' id='word_1_278' title='bbox 2618 3160 2676 3210; x_wconf 86' lang='grc' dir='ltr'><strong>Τ.</strong></span> <span class='ocrx_word' id='word_1_279' title='bbox 2703 3158 2720 3207; x_wconf 91' lang='lat' dir='ltr'><strong>l</strong></span> <span class='ocrx_word' id='word_1_280' title='bbox 2750 3173 2796 3222; x_wconf 90' lang='lat' dir='ltr'><strong>p.</strong></span> <span class='ocrx_word' id='word_1_281' title='bbox 2824 3159 2904 3209; x_wconf 76' lang='lat' dir='ltr'><strong>2i.</strong></span> 
     </span>
    </p>
   </div>
   <div class='ocr_carea' id='block_1_33' title="bbox 339 3256 3556 3331">
    <p class='ocr_par' dir='ltr' id='par_1_33' title="bbox 339 3256 3556 3331">
     <span class='ocr_line' id='line_1_33' title="bbox 339 3256 3556 3331; baseline -0.004 -10"><span class='ocrx_word' id='word_1_282' title='bbox 339 3273 523 3321; x_wconf 74' lang='lat' dir='ltr'><strong>Exstat</strong></span> <span class='ocrx_word' id='word_1_283' title='bbox 547 3270 672 3319; x_wconf 83' lang='lat' dir='ltr'><strong>haec</strong></span> <span class='ocrx_word' id='word_1_284' title='bbox 693 3267 904 3331; x_wconf 76' lang='lat' dir='ltr'><strong>epistola</strong></span> <span class='ocrx_word' id='word_1_285' title='bbox 927 3266 1125 3331; x_wconf 13' lang='lat' dir='ltr'><strong>inillihl.</strong></span> <span class='ocrx_word' id='word_1_286' title='bbox 1151 3267 1493 3331; x_wconf 76' lang='lat' dir='ltr'><strong>Burgundirae</strong></span> <span class='ocrx_word' id='word_1_287' title='bbox 1529 3263 1888 3331; x_wconf 60' lang='lat' dir='ltr'><strong>Bruxellensis</strong></span> <span class='ocrx_word' id='word_1_288' title='bbox 1917 3265 2010 3312; x_wconf 88' lang='lat' dir='ltr'><strong>cod</strong></span> <span class='ocrx_word' id='word_1_289' title='bbox 2047 3279 2136 3312; x_wconf 88' lang='lat' dir='ltr'><strong>ms.</strong></span> <span class='ocrx_word' id='word_1_290' title='bbox 2170 3264 2235 3312; x_wconf 75' lang='grc' dir='ltr'><strong>Νο</strong></span> <span class='ocrx_word' id='word_1_291' title='bbox 2275 3265 2426 3312; x_wconf 71' lang='lat'><strong>15010</strong></span> <span class='ocrx_word' id='word_1_292' title='bbox 2465 3264 2868 3331; x_wconf 49' lang='lat' dir='ltr'><strong>chartaeﬁaec.</strong></span> <span class='ocrx_word' id='word_1_293' title='bbox 2913 3261 2995 3312; x_wconf 77' lang='lat' dir='ltr'><strong>XV</strong></span> <span class='ocrx_word' id='word_1_294' title='bbox 3037 3261 3121 3311; x_wconf 84' lang='lat' dir='ltr'><strong>fol.</strong></span> <span class='ocrx_word' id='word_1_295' title='bbox 3148 3261 3227 3322; x_wconf 85' lang='lat'><strong>67,</strong></span> <span class='ocrx_word' id='word_1_296' title='bbox 3251 3262 3298 3310; x_wconf 78' lang='lat'><strong>2.</strong></span> <span class='ocrx_word' id='word_1_297' title='bbox 3325 3256 3556 3312; x_wconf 89' lang='lat' dir='ltr'><strong>Codicem</strong></span> 
     </span>
    </p>
   </div>
   <div class='ocr_carea' id='block_1_34' title="bbox 278 3325 2780 3396">
    <p class='ocr_par' dir='ltr' id='par_1_34' title="bbox 278 3325 2780 3396">
     <span class='ocr_line' id='line_1_34' title="bbox 278 3325 2780 3396; baseline -0.004 -14"><span class='ocrx_word' id='word_1_298' title='bbox 278 3333 397 3396; x_wconf 87' lang='lat' dir='ltr'><strong>quin</strong></span> <span class='ocrx_word' id='word_1_299' title='bbox 440 3325 740 3382; x_wconf 74' lang='lat' dir='ltr'><strong>conferrem</strong></span> <span class='ocrx_word' id='word_1_300' title='bbox 769 3330 1023 3381; x_wconf 83' lang='lat' dir='ltr'><strong>Bruxellis</strong></span> <span class='ocrx_word' id='word_1_301' title='bbox 1051 3325 1276 3380; x_wconf 56' lang='lat' dir='ltr'><strong>versans&#39;</strong></span> <span class='ocrx_word' id='word_1_302' title='bbox 1291 3329 1558 3394; x_wconf 86' lang='lat' dir='ltr'><strong>impeditus</strong></span> <span class='ocrx_word' id='word_1_303' title='bbox 1598 3344 1726 3379; x_wconf 89' lang='lat' dir='ltr'><strong>sum.</strong></span> <span class='ocrx_word' id='word_1_304' title='bbox 1753 3328 1824 3379; x_wconf 81' lang='lat' dir='ltr'><strong>Cf.</strong></span> <span class='ocrx_word' id='word_1_305' title='bbox 1857 3327 2226 3378; x_wconf 61' lang='lat' dir='ltr'><strong>Passaron.an</strong></span> <span class='ocrx_word' id='word_1_306' title='bbox 2251 3327 2521 3389; x_wconf 17' lang='lat' dir='ltr'><strong>supravcol.</strong></span> <span class='ocrx_word' id='word_1_307' title='bbox 2550 3325 2729 3375; x_wconf 59' lang='lat'><strong>40540</strong></span> <span class='ocrx_word' id='word_1_308' title='bbox 2742 3327 2780 3373; x_wconf 77' lang='grc' dir='ltr'>ι.</span> 
     </span>
    </p>
   </div>
   <div class='ocr_carea' id='block_1_35' title="bbox 275 3584 3553 3661">
    <p class='ocr_par' dir='ltr' id='par_1_35' title="bbox 275 3584 3553 3661">
     <span class='ocr_line' id='line_1_35' title="bbox 275 3584 3553 3661; baseline -0.002 -16"><span class='ocrx_word' id='word_1_309' title='bbox 275 3587 471 3659; x_wconf 75' lang='lat' dir='ltr'><strong>Incipit</strong></span> <span class='ocrx_word' id='word_1_310' title='bbox 497 3587 720 3659; x_wconf 74' lang='lat' dir='ltr'><strong>epistola</strong></span> <span class='ocrx_word' id='word_1_311' title='bbox 748 3587 888 3642; x_wconf 80' lang='lat' dir='ltr'><strong>beati</strong></span> <span class='ocrx_word' id='word_1_312' title='bbox 910 3587 1171 3642; x_wconf 74' lang='lat' dir='ltr'><strong>Macharii</strong></span> <span class='ocrx_word' id='word_1_313' title='bbox 1199 3588 1328 3642; x_wconf 84' lang='lat' dir='ltr'><strong>data</strong></span> <span class='ocrx_word' id='word_1_314' title='bbox 1358 3593 1427 3642; x_wconf 87' lang='lat' dir='ltr'><strong>ad</strong></span> <span class='ocrx_word' id='word_1_315' title='bbox 1455 3591 1737 3644; x_wconf 78' lang='lat' dir='ltr'><strong>monachos</strong></span> <span class='ocrx_word' id='word_1_316' title='bbox 1764 3588 1862 3661; x_wconf 82' lang='lat' dir='ltr'><strong>(l).</strong></span> <span class='ocrx_word' id='word_1_317' title='bbox 1895 3593 1937 3648; x_wconf 78' lang='grc' dir='ltr'>Α</span> <span class='ocrx_word' id='word_1_318' title='bbox 1967 3590 2299 3645; x_wconf 86' lang='lat' dir='ltr'><strong>absconsum</strong></span> <span class='ocrx_word' id='word_1_319' title='bbox 2337 3601 2576 3656; x_wconf 78' lang='lat' dir='ltr'><strong>namque</strong></span> <span class='ocrx_word' id='word_1_320' title='bbox 2613 3585 2668 3639; x_wconf 93' lang='lat' dir='ltr'><strong>in</strong></span> <span class='ocrx_word' id='word_1_321' title='bbox 2709 3585 2793 3640; x_wconf 83' lang='lat' dir='ltr'><strong>eis</strong></span> <span class='ocrx_word' id='word_1_322' title='bbox 2824 3593 2911 3640; x_wconf 90' lang='lat' dir='ltr'><strong>est</strong></span> <span class='ocrx_word' id='word_1_323' title='bbox 2948 3600 3220 3640; x_wconf 85' lang='lat' dir='ltr'><strong>venenum</strong></span> <span class='ocrx_word' id='word_1_324' title='bbox 3252 3584 3553 3640; x_wconf 84' lang='lat' dir='ltr'><strong>bestiarum</strong></span> 
     </span>
    </p>
   </div>
   <div class='ocr_carea' id='block_1_36' title="bbox 347 3673 3552 3750">
    <p class='ocr_par' dir='ltr' id='par_1_36' title="bbox 347 3673 3552 3750">
     <span class='ocr_line' id='line_1_36' title="bbox 347 3673 3552 3750; baseline -0.002 -16"><span class='ocrx_word' id='word_1_325' title='bbox 347 3680 651 3750; x_wconf 79' lang='lat' dir='ltr'><strong>Lignorum</strong></span> <span class='ocrx_word' id='word_1_326' title='bbox 679 3680 837 3750; x_wconf 81' lang='lat' dir='ltr'><strong>cupia</strong></span> <span class='ocrx_word' id='word_1_327' title='bbox 866 3678 1142 3748; x_wconf 79' lang='lat' dir='ltr'><strong>ingentem</strong></span> <span class='ocrx_word' id='word_1_328' title='bbox 1177 3680 1380 3734; x_wconf 79' lang='lat' dir='ltr'><strong>excitat</strong></span> <span class='ocrx_word' id='word_1_329' title='bbox 1402 3677 1696 3743; x_wconf 83' lang='lat' dir='ltr'><strong>ﬂammam,</strong></span> <span class='ocrx_word' id='word_1_330' title='bbox 1728 3679 1868 3733; x_wconf 89' lang='lat' dir='ltr'><strong>mul—</strong></span> <span class='ocrx_word' id='word_1_331' title='bbox 1968 3676 2390 3748; x_wconf 88' lang='lat' dir='ltr'><strong>nequissimum.</strong></span> <span class='ocrx_word' id='word_1_332' title='bbox 2458 3675 2627 3745; x_wconf 78' lang='lat' dir='ltr'><strong>Magis</strong></span> <span class='ocrx_word' id='word_1_333' title='bbox 2701 3674 3079 3744; x_wconf 86' lang='lat' dir='ltr'><strong>appropinqua</strong></span> <span class='ocrx_word' id='word_1_334' title='bbox 3135 3673 3248 3744; x_wconf 89' lang='lat' dir='ltr'><strong>igni</strong></span> <span class='ocrx_word' id='word_1_335' title='bbox 3315 3673 3552 3740; x_wconf 77' lang='lat' dir='ltr'><strong>ardenti,</strong></span> 
     </span>
    </p>
   </div>
   <div class='ocr_carea' id='block_1_37' title="bbox 290 3764 3551 3840">
    <p class='ocr_par' dir='ltr' id='par_1_37' title="bbox 290 3764 3551 3840">
     <span class='ocr_line' id='line_1_37' title="bbox 290 3764 3551 3840; baseline -0.002 -15"><span class='ocrx_word' id='word_1_336' title='bbox 290 3769 469 3825; x_wconf 78' lang='lat' dir='ltr'><strong>titudo</strong></span> <span class='ocrx_word' id='word_1_337' title='bbox 522 3779 708 3823; x_wconf 89' lang='lat' dir='ltr'><strong>aute</strong></span> <span class='ocrx_word' id='word_1_338' title='bbox 771 3783 1022 3823; x_wconf 80' lang='lat' dir='ltr'><strong>escarum</strong></span> <span class='ocrx_word' id='word_1_339' title='bbox 1079 3767 1283 3822; x_wconf 87' lang='lat' dir='ltr'><strong>emittit</strong></span> <span class='ocrx_word' id='word_1_340' title='bbox 1343 3767 1863 3838; x_wconf 84' lang='lat' dir='ltr'><strong>concupiscentiam.</strong></span> <span class='ocrx_word' id='word_1_341' title='bbox 1969 3785 2134 3840; x_wconf 89' lang='lat' dir='ltr'><strong>quam</strong></span> <span class='ocrx_word' id='word_1_342' title='bbox 2167 3767 2385 3823; x_wconf 88' lang='lat' dir='ltr'><strong>mulieri</strong></span> <span class='ocrx_word' id='word_1_343' title='bbox 2427 3766 2698 3820; x_wconf 82' lang='lat' dir='ltr'><strong>novellae.</strong></span> <span class='ocrx_word' id='word_1_344' title='bbox 2731 3765 2869 3820; x_wconf 88' lang='lat' dir='ltr'><strong>Cum</strong></span> <span class='ocrx_word' id='word_1_345' title='bbox 2913 3764 2989 3819; x_wconf 86' lang='lat' dir='ltr'><strong>sis</strong></span> <span class='ocrx_word' id='word_1_346' title='bbox 3029 3764 3263 3828; x_wconf 88' lang='lat' dir='ltr'><strong>iuvenis,</strong></span> <span class='ocrx_word' id='word_1_347' title='bbox 3293 3764 3418 3835; x_wconf 81' lang='lat' dir='ltr'><strong>fuge</strong></span> <span class='ocrx_word' id='word_1_348' title='bbox 3453 3764 3551 3818; x_wconf 81' lang='lat' dir='ltr'><strong>im-</strong></span> 
     </span>
    </p>
   </div>
   <div class='ocr_carea' id='block_1_38' title="bbox 294 3860 1867 3931">
    <p class='ocr_par' dir='ltr' id='par_1_38' title="bbox 294 3860 1867 3931">
     <span class='ocr_line' id='line_1_38' title="bbox 294 3860 1867 3931; baseline -0.001 -15"><span class='ocrx_word' id='word_1_349' title='bbox 294 3860 531 3916; x_wconf 83' lang='lat' dir='ltr'><strong>Pessima</strong></span> <span class='ocrx_word' id='word_1_350' title='bbox 584 3860 1033 3931; x_wconf 85' lang='lat' dir='ltr'><strong>concupiscentia</strong></span> <span class='ocrx_word' id='word_1_351' title='bbox 1085 3875 1336 3915; x_wconf 80' lang='lat' dir='ltr'><strong>escarum</strong></span> <span class='ocrx_word' id='word_1_352' title='bbox 1384 3869 1440 3914; x_wconf 92' lang='lat' dir='ltr'><strong>et</strong></span> <span class='ocrx_word' id='word_1_353' title='bbox 1499 3860 1867 3915; x_wconf 88' lang='lat' dir='ltr'><strong>inobedientia</strong></span> 
     </span>
    </p>
   </div>
   <div class='ocr_carea' id='block_1_39' title="bbox 291 3951 1869 4024">
    <p class='ocr_par' dir='ltr' id='par_1_39' title="bbox 291 3951 1869 4024">
     <span class='ocr_line' id='line_1_39' title="bbox 291 3951 1869 4024; baseline 0.001 -18"><span class='ocrx_word' id='word_1_354' title='bbox 291 3961 516 4023; x_wconf 86' lang='lat' dir='ltr'><strong>generat</strong></span> <span class='ocrx_word' id='word_1_355' title='bbox 561 3963 821 4008; x_wconf 84' lang='lat' dir='ltr'><strong>mortem.</strong></span> <span class='ocrx_word' id='word_1_356' title='bbox 878 3952 1142 4024; x_wconf 49' lang='lat' dir='ltr'><strong>indigns</strong></span> <span class='ocrx_word' id='word_1_357' title='bbox 1186 3963 1380 4007; x_wconf 79' lang='lat' dir='ltr'><strong>venter</strong></span> <span class='ocrx_word' id='word_1_358' title='bbox 1421 3952 1479 4011; x_wconf 88' lang='lat' dir='ltr'><strong>in</strong></span> <span class='ocrx_word' id='word_1_359' title='bbox 1524 3951 1869 4008; x_wconf 85' lang='lat' dir='ltr'><strong>orationibus</strong></span> 
     </span>
    </p>
   </div>
   <div class='ocr_carea' id='block_1_40' title="bbox 289 4043 1865 4116">
    <p class='ocr_par' dir='ltr' id='par_1_40' title="bbox 289 4043 1865 4116">
     <span class='ocr_line' id='line_1_40' title="bbox 289 4043 1865 4116; baseline 0.001 -18"><span class='ocrx_word' id='word_1_360' title='bbox 289 4045 626 4115; x_wconf 75' lang='lat' dir='ltr'><strong>vigilantiam</strong></span> <span class='ocrx_word' id='word_1_361' title='bbox 670 4054 911 4116; x_wconf 85' lang='lat' dir='ltr'><strong>praestat</strong></span> <span class='ocrx_word' id='word_1_362' title='bbox 951 4053 1008 4100; x_wconf 87' lang='lat' dir='ltr'><strong>et</strong></span> <span class='ocrx_word' id='word_1_363' title='bbox 1051 4059 1310 4099; x_wconf 83' lang='lat' dir='ltr'><strong>coronam</strong></span> <span class='ocrx_word' id='word_1_364' title='bbox 1351 4043 1564 4098; x_wconf 88' lang='lat' dir='ltr'><strong>animae</strong></span> <span class='ocrx_word' id='word_1_365' title='bbox 1609 4043 1865 4114; x_wconf 88' lang='lat' dir='ltr'><strong>acquirit,</strong></span> 
     </span>
    </p>
   </div>
   <div class='ocr_carea' id='block_1_41' title="bbox 287 4135 1864 4207">
    <p class='ocr_par' dir='ltr' id='par_1_41' title="bbox 287 4135 1864 4207">
     <span class='ocr_line' id='line_1_41' title="bbox 287 4135 1864 4207; baseline -0.001 -16"><span class='ocrx_word' id='word_1_366' title='bbox 287 4137 535 4207; x_wconf 85' lang='lat' dir='ltr'><strong>repletus</strong></span> <span class='ocrx_word' id='word_1_367' title='bbox 607 4148 788 4192; x_wconf 89' lang='lat' dir='ltr'><strong>autem</strong></span> <span class='ocrx_word' id='word_1_368' title='bbox 861 4151 1121 4192; x_wconf 77' lang='lat' dir='ltr'><strong>somnum</strong></span> <span class='ocrx_word' id='word_1_369' title='bbox 1183 4135 1397 4191; x_wconf 85' lang='lat' dir='ltr'><strong>inducit</strong></span> <span class='ocrx_word' id='word_1_370' title='bbox 1463 4136 1864 4206; x_wconf 86' lang='lat' dir='ltr'><strong>gravissimum.</strong></span> 
     </span>
    </p>
   </div>
   <div class='ocr_carea' id='block_1_42' title="bbox 284 4227 1868 4299">
    <p class='ocr_par' dir='ltr' id='par_1_42' title="bbox 284 4227 1868 4299">
     <span class='ocr_line' id='line_1_42' title="bbox 284 4227 1868 4299; baseline -0.001 -16"><span class='ocrx_word' id='word_1_371' title='bbox 284 4227 497 4283; x_wconf 86' lang='lat' dir='ltr'><strong>Oculus</strong></span> <span class='ocrx_word' id='word_1_372' title='bbox 542 4229 720 4299; x_wconf 88' lang='lat' dir='ltr'><strong>gulosi</strong></span> <span class='ocrx_word' id='word_1_373' title='bbox 775 4229 1027 4283; x_wconf 79' lang='lat' dir='ltr'><strong>convivia</strong></span> <span class='ocrx_word' id='word_1_374' title='bbox 1092 4237 1387 4292; x_wconf 86' lang='lat' dir='ltr'><strong>scrutatur,</strong></span> <span class='ocrx_word' id='word_1_375' title='bbox 1433 4227 1626 4283; x_wconf 90' lang='lat' dir='ltr'><strong>oculus</strong></span> <span class='ocrx_word' id='word_1_376' title='bbox 1682 4237 1868 4283; x_wconf 88' lang='lat' dir='ltr'><strong>autem</strong></span> 
     </span>
    </p>
   </div>
   <div class='ocr_carea' id='block_1_43' title="bbox 283 4316 1870 4390">
    <p class='ocr_par' dir='ltr' id='par_1_43' title="bbox 283 4316 1870 4390">
     <span class='ocr_line' id='line_1_43' title="bbox 283 4316 1870 4390; baseline 0 -16"><span class='ocrx_word' id='word_1_377' title='bbox 283 4319 600 4390; x_wconf 77' lang='lat' dir='ltr'><strong>sapientum</strong></span> <span class='ocrx_word' id='word_1_378' title='bbox 648 4319 944 4374; x_wconf 77' lang='lat' dir='ltr'><strong>meditatur</strong></span> <span class='ocrx_word' id='word_1_379' title='bbox 993 4317 1408 4372; x_wconf 86' lang='lat' dir='ltr'><strong>continentiam.</strong></span> <span class='ocrx_word' id='word_1_380' title='bbox 1460 4316 1870 4374; x_wconf 84' lang='lat' dir='ltr'><strong>Formidolosus</strong></span> 
     </span>
    </p>
   </div>
   <div class='ocr_carea' id='block_1_44' title="bbox 281 4407 1866 4481">
    <p class='ocr_par' dir='ltr' id='par_1_44' title="bbox 281 4407 1866 4481">
     <span class='ocr_line' id='line_1_44' title="bbox 281 4407 1866 4481; baseline -0.001 -14"><span class='ocrx_word' id='word_1_381' title='bbox 281 4411 448 4467; x_wconf 87' lang='lat' dir='ltr'><strong>miles</strong></span> <span class='ocrx_word' id='word_1_382' title='bbox 497 4411 768 4467; x_wconf 85' lang='lat' dir='ltr'><strong>horrescit</strong></span> <span class='ocrx_word' id='word_1_383' title='bbox 812 4411 890 4470; x_wconf 64' lang='lat' dir='ltr'><strong>ad,</strong></span> <span class='ocrx_word' id='word_1_384' title='bbox 927 4411 1114 4466; x_wconf 84' lang='lat' dir='ltr'><strong>tubam</strong></span> <span class='ocrx_word' id='word_1_385' title='bbox 1169 4424 1307 4479; x_wconf 86' lang='lat' dir='ltr'><strong>quae</strong></span> <span class='ocrx_word' id='word_1_386' title='bbox 1344 4409 1551 4464; x_wconf 85' lang='lat' dir='ltr'><strong>bellum</strong></span> <span class='ocrx_word' id='word_1_387' title='bbox 1576 4407 1866 4481; x_wconf 84' lang='lat' dir='ltr'><strong>signiﬁcat,</strong></span> 
     </span>
    </p>
   </div>
   <div class='ocr_carea' id='block_1_45' title="bbox 282 4501 1865 4576">
    <p class='ocr_par' dir='ltr' id='par_1_45' title="bbox 282 4501 1865 4576">
     <span class='ocr_line' id='line_1_45' title="bbox 282 4501 1865 4576; baseline -0.001 -17"><span class='ocrx_word' id='word_1_388' title='bbox 282 4515 339 4560; x_wconf 80' lang='lat' dir='ltr'><strong>et</strong></span> <span class='ocrx_word' id='word_1_389' title='bbox 362 4505 615 4576; x_wconf 84' lang='lat' dir='ltr'><strong>gulosus,</strong></span> <span class='ocrx_word' id='word_1_390' title='bbox 646 4503 692 4558; x_wconf 88' lang='lat' dir='ltr'><strong>si</strong></span> <span class='ocrx_word' id='word_1_391' title='bbox 730 4503 1116 4558; x_wconf 82' lang='lat' dir='ltr'><strong>abstinentiam</strong></span> <span class='ocrx_word' id='word_1_392' title='bbox 1159 4501 1566 4573; x_wconf 85' lang='lat' dir='ltr'><strong>praedicantem</strong></span> <span class='ocrx_word' id='word_1_393' title='bbox 1611 4502 1865 4568; x_wconf 87' lang='lat' dir='ltr'><strong>audierit,</strong></span> 
     </span>
    </p>
   </div>
   <div class='ocr_carea' id='block_1_46' title="bbox 285 4595 1867 4661">
    <p class='ocr_par' dir='ltr' id='par_1_46' title="bbox 285 4595 1867 4661">
     <span class='ocr_line' id='line_1_46' title="bbox 285 4595 1867 4661; baseline -0.001 -10"><span class='ocrx_word' id='word_1_394' title='bbox 285 4612 394 4652; x_wconf 83' lang='lat' dir='ltr'><strong>non</strong></span> <span class='ocrx_word' id='word_1_395' title='bbox 456 4596 696 4652; x_wconf 80' lang='lat' dir='ltr'><strong>libenter</strong></span> <span class='ocrx_word' id='word_1_396' title='bbox 742 4596 1032 4652; x_wconf 84' lang='lat' dir='ltr'><strong>auscultat.</strong></span> <span class='ocrx_word' id='word_1_397' title='bbox 1084 4595 1328 4651; x_wconf 78' lang='lat' dir='ltr'><strong>Flamma</strong></span> <span class='ocrx_word' id='word_1_398' title='bbox 1379 4611 1505 4651; x_wconf 87' lang='lat' dir='ltr'><strong>cum</strong></span> <span class='ocrx_word' id='word_1_399' title='bbox 1557 4596 1867 4661; x_wconf 83' lang='lat' dir='ltr'><strong>marcescit,</strong></span> 
     </span>
    </p>
   </div>
   <div class='ocr_carea' id='block_1_47' title="bbox 284 4688 1870 4758">
    <p class='ocr_par' dir='ltr' id='par_1_47' title="bbox 284 4688 1870 4758">
     <span class='ocr_line' id='line_1_47' title="bbox 284 4688 1870 4758; baseline 0 -15"><span class='ocrx_word' id='word_1_400' title='bbox 284 4688 553 4744; x_wconf 87' lang='lat' dir='ltr'><strong>elucescit</strong></span> <span class='ocrx_word' id='word_1_401' title='bbox 630 4688 829 4744; x_wconf 85' lang='lat' dir='ltr'><strong>iterum</strong></span> <span class='ocrx_word' id='word_1_402' title='bbox 877 4688 923 4742; x_wconf 83' lang='lat' dir='ltr'><strong>si</strong></span> <span class='ocrx_word' id='word_1_403' title='bbox 969 4688 1248 4758; x_wconf 87' lang='lat' dir='ltr'><strong>acceperit</strong></span> <span class='ocrx_word' id='word_1_404' title='bbox 1293 4688 1537 4758; x_wconf 87' lang='lat' dir='ltr'><strong>lignum,</strong></span> <span class='ocrx_word' id='word_1_405' title='bbox 1585 4697 1642 4743; x_wconf 89' lang='lat' dir='ltr'><strong>et</strong></span> <span class='ocrx_word' id='word_1_406' title='bbox 1696 4688 1870 4743; x_wconf 88' lang='lat' dir='ltr'><strong>libido</strong></span> 
     </span>
    </p>
   </div>
   <div class='ocr_carea' id='block_1_48' title="bbox 285 4778 1876 4850">
    <p class='ocr_par' dir='ltr' id='par_1_48' title="bbox 285 4778 1876 4850">
     <span class='ocr_line' id='line_1_48' title="bbox 285 4778 1876 4850; baseline 0.001 -17"><span class='ocrx_word' id='word_1_407' title='bbox 285 4781 471 4850; x_wconf 53' lang='lat' dir='ltr'><strong>sopita,</strong></span> <span class='ocrx_word' id='word_1_408' title='bbox 496 4795 716 4833; x_wconf 80' lang='lat' dir='ltr'><strong>rursum</strong></span> <span class='ocrx_word' id='word_1_409' title='bbox 749 4779 948 4834; x_wconf 89' lang='lat' dir='ltr'><strong>crescit</strong></span> <span class='ocrx_word' id='word_1_410' title='bbox 981 4778 1035 4832; x_wconf 91' lang='lat' dir='ltr'><strong>in</strong></span> <span class='ocrx_word' id='word_1_411' title='bbox 1065 4779 1374 4833; x_wconf 86' lang='lat' dir='ltr'><strong>saturitate.</strong></span> <span class='ocrx_word' id='word_1_412' title='bbox 1409 4779 1528 4833; x_wconf 84' lang='lat' dir='ltr'><strong>Non</strong></span> <span class='ocrx_word' id='word_1_413' title='bbox 1557 4779 1876 4835; x_wconf 84' lang='lat' dir='ltr'><strong>miserearis</strong></span> 
     </span>
    </p>
   </div>
   <div class='ocr_carea' id='block_1_49' title="bbox 289 4870 1872 4941">
    <p class='ocr_par' dir='ltr' id='par_1_49' title="bbox 289 4870 1872 4941">
     <span class='ocr_line' id='line_1_49' title="bbox 289 4870 1872 4941; baseline 0.001 -15"><span class='ocrx_word' id='word_1_414' title='bbox 289 4872 523 4941; x_wconf 87' lang='lat' dir='ltr'><strong>corpori,</strong></span> <span class='ocrx_word' id='word_1_415' title='bbox 552 4872 596 4926; x_wconf 92' lang='lat' dir='ltr'><strong>si</strong></span> <span class='ocrx_word' id='word_1_416' title='bbox 629 4871 952 4926; x_wconf 83' lang='lat' dir='ltr'><strong>lassitudine</strong></span> <span class='ocrx_word' id='word_1_417' title='bbox 980 4870 1243 4926; x_wconf 84' lang='lat' dir='ltr'><strong>defecerit</strong></span> <span class='ocrx_word' id='word_1_418' title='bbox 1271 4887 1284 4923; x_wconf 84' lang='lat'>:</span> <span class='ocrx_word' id='word_1_419' title='bbox 1314 4887 1490 4940; x_wconf 91' lang='lat' dir='ltr'><strong>equus</strong></span> <span class='ocrx_word' id='word_1_420' title='bbox 1519 4873 1872 4928; x_wconf 86' lang='lat' dir='ltr'><strong>consentiens</strong></span> 
     </span>
    </p>
   </div>
   <div class='ocr_carea' id='block_1_50' title="bbox 1969 3856 3551 3931">
    <p class='ocr_par' dir='ltr' id='par_1_50' title="bbox 1969 3856 3551 3931">
     <span class='ocr_line' id='line_1_50' title="bbox 1969 3856 3551 3931; baseline -0.001 -16"><span class='ocrx_word' id='word_1_421' title='bbox 1969 3873 2156 3931; x_wconf 88' lang='lat' dir='ltr'><strong>petum</strong></span> <span class='ocrx_word' id='word_1_422' title='bbox 2211 3857 2459 3914; x_wconf 80' lang='lat' dir='ltr'><strong>libidinis</strong></span> <span class='ocrx_word' id='word_1_423' title='bbox 2500 3866 2558 3911; x_wconf 92' lang='lat' dir='ltr'><strong>et</strong></span> <span class='ocrx_word' id='word_1_424' title='bbox 2598 3856 3097 3912; x_wconf 85' lang='lat' dir='ltr'><strong>confabulationem</strong></span> <span class='ocrx_word' id='word_1_425' title='bbox 3135 3857 3403 3912; x_wconf 87' lang='lat' dir='ltr'><strong>mulieris.</strong></span> <span class='ocrx_word' id='word_1_426' title='bbox 3447 3857 3551 3924; x_wconf 86' lang='lat' dir='ltr'><strong>Qui</strong></span> 
     </span>
    </p>
   </div>
   <div class='ocr_carea' id='block_1_51' title="bbox 1971 3950 3552 4023">
    <p class='ocr_par' dir='ltr' id='par_1_51' title="bbox 1971 3950 3552 4023">
     <span class='ocr_line' id='line_1_51' title="bbox 1971 3950 3552 4023; baseline -0.002 -16"><span class='ocrx_word' id='word_1_427' title='bbox 1971 3954 2328 4023; x_wconf 88' lang='lat' dir='ltr'><strong>repleverunt</strong></span> <span class='ocrx_word' id='word_1_428' title='bbox 2377 3960 2651 4014; x_wconf 87' lang='lat' dir='ltr'><strong>ventrem,</strong></span> <span class='ocrx_word' id='word_1_429' title='bbox 2703 3959 2761 4005; x_wconf 91' lang='lat' dir='ltr'><strong>et</strong></span> <span class='ocrx_word' id='word_1_430' title='bbox 2817 3950 3192 4020; x_wconf 86' lang='lat' dir='ltr'><strong>proiserunt</strong></span> <span class='ocrx_word' id='word_1_431' title='bbox 3224 3951 3552 4018; x_wconf 88' lang='lat' dir='ltr'><strong>castitatem,</strong></span> 
     </span>
    </p>
   </div>
   <div class='ocr_carea' id='block_1_52' title="bbox 1970 4042 3552 4114">
    <p class='ocr_par' dir='ltr' id='par_1_52' title="bbox 1970 4042 3552 4114">
     <span class='ocr_line' id='line_1_52' title="bbox 1970 4042 3552 4114; baseline 0 -16"><span class='ocrx_word' id='word_1_432' title='bbox 1970 4044 2075 4098; x_wconf 90' lang='lat' dir='ltr'><strong>sibi</strong></span> <span class='ocrx_word' id='word_1_433' title='bbox 2105 4043 2475 4099; x_wconf 89' lang='lat' dir='ltr'><strong>mentiuntur.</strong></span> <span class='ocrx_word' id='word_1_434' title='bbox 2508 4043 2704 4098; x_wconf 88' lang='lat' dir='ltr'><strong>Forma</strong></span> <span class='ocrx_word' id='word_1_435' title='bbox 2739 4042 3169 4113; x_wconf 87' lang='lat' dir='ltr'><strong>pulchritudinis</strong></span> <span class='ocrx_word' id='word_1_436' title='bbox 3197 4042 3356 4114; x_wconf 87' lang='lat' dir='ltr'><strong>peius</strong></span> <span class='ocrx_word' id='word_1_437' title='bbox 3388 4059 3552 4114; x_wconf 88' lang='lat' dir='ltr'><strong>quam</strong></span> 
     </span>
    </p>
   </div>
   <div class='ocr_carea' id='block_1_53' title="bbox 1969 4135 3556 4208">
    <p class='ocr_par' dir='ltr' id='par_1_53' title="bbox 1969 4135 3556 4208">
     <span class='ocr_line' id='line_1_53' title="bbox 1969 4135 3556 4208; baseline 0.001 -18"><span class='ocrx_word' id='word_1_438' title='bbox 1969 4137 2212 4208; x_wconf 86' lang='lat' dir='ltr'><strong>procella</strong></span> <span class='ocrx_word' id='word_1_439' title='bbox 2271 4135 2596 4207; x_wconf 81' lang='lat' dir='ltr'><strong>submergit.</strong></span> <span class='ocrx_word' id='word_1_440' title='bbox 2669 4135 2893 4206; x_wconf 87' lang='lat' dir='ltr'><strong>Species</strong></span> <span class='ocrx_word' id='word_1_441' title='bbox 2945 4135 3231 4200; x_wconf 86' lang='lat' dir='ltr'><strong>mulieris,</strong></span> <span class='ocrx_word' id='word_1_442' title='bbox 3284 4136 3330 4191; x_wconf 90' lang='lat' dir='ltr'><strong>si</strong></span> <span class='ocrx_word' id='word_1_443' title='bbox 3384 4137 3556 4192; x_wconf 87' lang='lat' dir='ltr'><strong>semel</strong></span> 
     </span>
    </p>
   </div>
   <div class='ocr_carea' id='block_1_54' title="bbox 1970 4228 3555 4298">
    <p class='ocr_par' dir='ltr' id='par_1_54' title="bbox 1970 4228 3555 4298">
     <span class='ocr_line' id='line_1_54' title="bbox 1970 4228 3555 4298; baseline -0.003 -15"><span class='ocrx_word' id='word_1_444' title='bbox 1970 4237 2210 4284; x_wconf 90' lang='lat' dir='ltr'><strong>mentem</strong></span> <span class='ocrx_word' id='word_1_445' title='bbox 2245 4228 2590 4291; x_wconf 80' lang='lat' dir='ltr'><strong>contriverit,</strong></span> <span class='ocrx_word' id='word_1_446' title='bbox 2622 4229 2788 4283; x_wconf 88' lang='lat' dir='ltr'><strong>etiam</strong></span> <span class='ocrx_word' id='word_1_447' title='bbox 2819 4228 2990 4298; x_wconf 89' lang='lat' dir='ltr'><strong>ipsam</strong></span> <span class='ocrx_word' id='word_1_448' title='bbox 3029 4237 3270 4284; x_wconf 88' lang='lat' dir='ltr'><strong>mentem</strong></span> <span class='ocrx_word' id='word_1_449' title='bbox 3305 4237 3555 4285; x_wconf 82' lang='lat' dir='ltr'><strong>contem.</strong></span> 
     </span>
    </p>
   </div>
   <div class='ocr_carea' id='block_1_55' title="bbox 1969 4319 3552 4394">
    <p class='ocr_par' dir='ltr' id='par_1_55' title="bbox 1969 4319 3552 4394">
     <span class='ocr_line' id='line_1_55' title="bbox 1969 4319 3552 4394; baseline 0.002 -19"><span class='ocrx_word' id='word_1_450' title='bbox 1969 4336 2106 4377; x_wconf 88' lang='lat' dir='ltr'><strong>nere</strong></span> <span class='ocrx_word' id='word_1_451' title='bbox 2133 4320 2446 4392; x_wconf 82' lang='lat' dir='ltr'><strong>persuadet.</strong></span> <span class='ocrx_word' id='word_1_452' title='bbox 2478 4321 2549 4377; x_wconf 87' lang='lat' dir='ltr'><strong>Ut</strong></span> <span class='ocrx_word' id='word_1_453' title='bbox 2575 4319 2747 4385; x_wconf 88' lang='lat' dir='ltr'><strong>enim,</strong></span> <span class='ocrx_word' id='word_1_454' title='bbox 2776 4321 2820 4375; x_wconf 88' lang='lat' dir='ltr'><strong>si</strong></span> <span class='ocrx_word' id='word_1_455' title='bbox 2857 4320 3028 4391; x_wconf 86' lang='lat' dir='ltr'><strong>paleis</strong></span> <span class='ocrx_word' id='word_1_456' title='bbox 3053 4330 3360 4376; x_wconf 89' lang='lat' dir='ltr'><strong>remoretur</strong></span> <span class='ocrx_word' id='word_1_457' title='bbox 3392 4321 3552 4394; x_wconf 87' lang='lat' dir='ltr'><strong>ignis,</strong></span> 
     </span>
    </p>
   </div>
   <div class='ocr_carea' id='block_1_56' title="bbox 1969 4412 3560 4484">
    <p class='ocr_par' dir='ltr' id='par_1_56' title="bbox 1969 4412 3560 4484">
     <span class='ocr_line' id='line_1_56' title="bbox 1969 4412 3560 4484; baseline 0.004 -16"><span class='ocrx_word' id='word_1_458' title='bbox 1969 4413 2174 4470; x_wconf 75' lang='lat' dir='ltr'><strong>excitat</strong></span> <span class='ocrx_word' id='word_1_459' title='bbox 2201 4412 2505 4477; x_wconf 80' lang='lat' dir='ltr'><strong>ﬂammam;</strong></span> <span class='ocrx_word' id='word_1_460' title='bbox 2538 4412 2618 4466; x_wconf 90' lang='lat' dir='ltr'><strong>sic</strong></span> <span class='ocrx_word' id='word_1_461' title='bbox 2646 4413 2913 4467; x_wconf 89' lang='lat' dir='ltr'><strong>memoria</strong></span> <span class='ocrx_word' id='word_1_462' title='bbox 2943 4412 3194 4468; x_wconf 89' lang='lat' dir='ltr'><strong>mulieris</strong></span> <span class='ocrx_word' id='word_1_463' title='bbox 3227 4429 3560 4484; x_wconf 85' lang='lat' dir='ltr'><strong>permanens</strong></span> 
     </span>
    </p>
   </div>
   <div class='ocr_carea' id='block_1_57' title="bbox 1971 4503 3546 4573">
    <p class='ocr_par' dir='ltr' id='par_1_57' title="bbox 1971 4503 3546 4573">
     <span class='ocr_line' id='line_1_57' title="bbox 1971 4503 3546 4573; baseline 0.004 -15"><span class='ocrx_word' id='word_1_464' title='bbox 1971 4503 2259 4559; x_wconf 83' lang='lat' dir='ltr'><strong>succendit</strong></span> <span class='ocrx_word' id='word_1_465' title='bbox 2295 4503 2820 4573; x_wconf 87' lang='lat' dir='ltr'><strong>concupiscentiam.</strong></span> <span class='ocrx_word' id='word_1_466' title='bbox 2856 4505 2928 4561; x_wconf 87' lang='lat' dir='ltr'><strong>Ut</strong></span> <span class='ocrx_word' id='word_1_467' title='bbox 2963 4505 3111 4560; x_wconf 89' lang='lat' dir='ltr'><strong>enim</strong></span> <span class='ocrx_word' id='word_1_468' title='bbox 3148 4509 3426 4563; x_wconf 83' lang='lat' dir='ltr'><strong>cumulata</strong></span> <span class='ocrx_word' id='word_1_469' title='bbox 3456 4525 3546 4564; x_wconf 85' lang='lat' dir='ltr'><strong>na-</strong></span> 
     </span>
    </p>
   </div>
   <div class='ocr_carea' id='block_1_58' title="bbox 1970 4594 3563 4669">
    <p class='ocr_par' dir='ltr' id='par_1_58' title="bbox 1970 4594 3563 4669">
     <span class='ocr_line' id='line_1_58' title="bbox 1970 4594 3563 4669; baseline 0.004 -20"><span class='ocrx_word' id='word_1_470' title='bbox 1970 4595 2056 4650; x_wconf 80' lang='lat' dir='ltr'><strong>vis</strong></span> <span class='ocrx_word' id='word_1_471' title='bbox 2107 4594 2382 4650; x_wconf 86' lang='lat' dir='ltr'><strong>undarum</strong></span> <span class='ocrx_word' id='word_1_472' title='bbox 2429 4594 2541 4649; x_wconf 82' lang='lat' dir='ltr'><strong>ictu</strong></span> <span class='ocrx_word' id='word_1_473' title='bbox 2589 4595 2871 4661; x_wconf 90' lang='lat' dir='ltr'><strong>obruitur,</strong></span> <span class='ocrx_word' id='word_1_474' title='bbox 2913 4596 2995 4651; x_wconf 87' lang='lat' dir='ltr'><strong>sic</strong></span> <span class='ocrx_word' id='word_1_475' title='bbox 3045 4597 3218 4653; x_wconf 87' lang='lat' dir='ltr'><strong>multa</strong></span> <span class='ocrx_word' id='word_1_476' title='bbox 3272 4599 3563 4669; x_wconf 86' lang='lat' dir='ltr'><strong>possidens</strong></span> 
     </span>
    </p>
   </div>
   <div class='ocr_carea' id='block_1_59' title="bbox 1969 4687 3566 4761">
    <p class='ocr_par' dir='ltr' id='par_1_59' title="bbox 1969 4687 3566 4761">
     <span class='ocr_line' id='line_1_59' title="bbox 1969 4687 3566 4761; baseline -0.001 -18"><span class='ocrx_word' id='word_1_477' title='bbox 1969 4687 2277 4743; x_wconf 86' lang='lat' dir='ltr'><strong>monachus</strong></span> <span class='ocrx_word' id='word_1_478' title='bbox 2313 4703 2424 4742; x_wconf 89' lang='lat' dir='ltr'><strong>non</strong></span> <span class='ocrx_word' id='word_1_479' title='bbox 2463 4689 2786 4744; x_wconf 81' lang='lat' dir='ltr'><strong>salvabitur.</strong></span> <span class='ocrx_word' id='word_1_480' title='bbox 2837 4689 2986 4745; x_wconf 89' lang='lat' dir='ltr'><strong>Nihil</strong></span> <span class='ocrx_word' id='word_1_481' title='bbox 3037 4691 3326 4761; x_wconf 90' lang='lat' dir='ltr'><strong>possidens</strong></span> <span class='ocrx_word' id='word_1_482' title='bbox 3372 4709 3566 4747; x_wconf 90' lang='lat' dir='ltr'><strong>mona-</strong></span> 
     </span>
    </p>
   </div>
   <div class='ocr_carea' id='block_1_60' title="bbox 1970 4779 3546 4852">
    <p class='ocr_par' dir='ltr' id='par_1_60' title="bbox 1970 4779 3546 4852">
     <span class='ocr_line' id='line_1_60' title="bbox 1970 4779 3546 4852; baseline 0.002 -18"><span class='ocrx_word' id='word_1_483' title='bbox 1970 4779 2109 4834; x_wconf 89' lang='lat' dir='ltr'><strong>chus</strong></span> <span class='ocrx_word' id='word_1_484' title='bbox 2153 4779 2358 4835; x_wconf 84' lang='lat' dir='ltr'><strong>athleta</strong></span> <span class='ocrx_word' id='word_1_485' title='bbox 2403 4781 2813 4851; x_wconf 87' lang='lat' dir='ltr'><strong>insuperabilis,</strong></span> <span class='ocrx_word' id='word_1_486' title='bbox 2853 4782 2992 4836; x_wconf 87' lang='lat' dir='ltr'><strong>nihil</strong></span> <span class='ocrx_word' id='word_1_487' title='bbox 3042 4783 3330 4852; x_wconf 87' lang='lat' dir='ltr'><strong>possidens</strong></span> <span class='ocrx_word' id='word_1_488' title='bbox 3370 4799 3546 4837; x_wconf 87' lang='lat' dir='ltr'><strong>mona-</strong></span> 
     </span>
    </p>
   </div>
   <div class='ocr_carea' id='block_1_61' title="bbox 1971 4871 3562 4936">
    <p class='ocr_par' dir='ltr' id='par_1_61' title="bbox 1971 4871 3562 4936">
     <span class='ocr_line' id='line_1_61' title="bbox 1971 4871 3562 4936; baseline 0.003 -12"><span class='ocrx_word' id='word_1_489' title='bbox 1971 4871 2110 4926; x_wconf 89' lang='lat' dir='ltr'><strong>chus</strong></span> <span class='ocrx_word' id='word_1_490' title='bbox 2142 4886 2335 4925; x_wconf 90' lang='lat' dir='ltr'><strong>cursor</strong></span> <span class='ocrx_word' id='word_1_491' title='bbox 2368 4871 2524 4936; x_wconf 84' lang='lat' dir='ltr'><strong>lcvis,</strong></span> <span class='ocrx_word' id='word_1_492' title='bbox 2569 4873 2834 4928; x_wconf 89' lang='lat' dir='ltr'><strong>velociter</strong></span> <span class='ocrx_word' id='word_1_493' title='bbox 2869 4873 2936 4928; x_wconf 90' lang='lat' dir='ltr'><strong>ad</strong></span> <span class='ocrx_word' id='word_1_494' title='bbox 2968 4873 3218 4928; x_wconf 84' lang='lat' dir='ltr'><strong>bravium</strong></span> <span class='ocrx_word' id='word_1_495' title='bbox 3255 4874 3562 4929; x_wconf 87' lang='lat' dir='ltr'><strong>vocationis</strong></span> 
     </span>
    </p>
   </div>
   <div class='ocr_carea' id='block_1_62' title="bbox 290 4959 3556 5036">
    <p class='ocr_par' dir='ltr' id='par_1_62' title="bbox 290 4959 3556 5036">
     <span class='ocr_line' id='line_1_62' title="bbox 290 4959 3556 5036; baseline 0.001 -22"><span class='ocrx_word' id='word_1_496' title='bbox 290 4961 536 5032; x_wconf 81' lang='lat' dir='ltr'><strong>indigens</strong></span> <span class='ocrx_word' id='word_1_497' title='bbox 573 4977 778 5031; x_wconf 89' lang='lat' dir='ltr'><strong>corpus</strong></span> <span class='ocrx_word' id='word_1_498' title='bbox 821 4976 926 5015; x_wconf 89' lang='lat' dir='ltr'><strong>nec</strong></span> <span class='ocrx_word' id='word_1_499' title='bbox 971 4974 1316 5014; x_wconf 88' lang='lat' dir='ltr'><strong>ascensorem</strong></span> <span class='ocrx_word' id='word_1_500' title='bbox 1380 4959 1570 5014; x_wconf 86' lang='lat' dir='ltr'><strong>deiicit</strong></span> <span class='ocrx_word' id='word_1_501' title='bbox 1608 4975 1868 5029; x_wconf 87' lang='lat' dir='ltr'><strong>unquam.</strong></span> <span class='ocrx_word' id='word_1_502' title='bbox 1904 4978 1944 5036; x_wconf 73' lang='grc' dir='ltr'><strong><em>Β</em></strong></span> <span class='ocrx_word' id='word_1_503' title='bbox 1973 4962 2244 5031; x_wconf 85' lang='lat' dir='ltr'><strong>pervenit.</strong></span> <span class='ocrx_word' id='word_1_504' title='bbox 2282 4961 2496 5016; x_wconf 87' lang='lat' dir='ltr'><strong>Avarus</strong></span> <span class='ocrx_word' id='word_1_505' title='bbox 2527 4965 2829 5018; x_wconf 86' lang='lat' dir='ltr'><strong>monachus</strong></span> <span class='ocrx_word' id='word_1_506' title='bbox 2871 4963 3087 5033; x_wconf 87' lang='lat' dir='ltr'><strong>operari</strong></span> <span class='ocrx_word' id='word_1_507' title='bbox 3129 4962 3384 5033; x_wconf 86' lang='lat' dir='ltr'><strong>negligit;</strong></span> <span class='ocrx_word' id='word_1_508' title='bbox 3419 4963 3556 5018; x_wconf 91' lang='lat' dir='ltr'><strong>nihil</strong></span> 
     </span>
    </p>
   </div>
   <div class='ocr_carea' id='block_1_63' title="bbox 291 5050 1867 5124">
    <p class='ocr_par' dir='ltr' id='par_1_63' title="bbox 291 5050 1867 5124">
     <span class='ocr_line' id='line_1_63' title="bbox 291 5050 1867 5124; baseline -0.001 -18"><span class='ocrx_word' id='word_1_509' title='bbox 291 5052 739 5124; x_wconf 71' lang='lat' dir='ltr'><strong>Concilpiscentia</strong></span> <span class='ocrx_word' id='word_1_510' title='bbox 794 5053 954 5121; x_wconf 87' lang='lat' dir='ltr'><strong>gulae</strong></span> <span class='ocrx_word' id='word_1_511' title='bbox 1004 5061 1182 5105; x_wconf 91' lang='lat' dir='ltr'><strong>mater</strong></span> <span class='ocrx_word' id='word_1_512' title='bbox 1225 5061 1311 5106; x_wconf 83' lang='lat' dir='ltr'><strong>est</strong></span> <span class='ocrx_word' id='word_1_513' title='bbox 1357 5050 1624 5105; x_wconf 90' lang='lat' dir='ltr'><strong>libidinis.</strong></span> <span class='ocrx_word' id='word_1_514' title='bbox 1675 5050 1867 5106; x_wconf 90' lang='lat' dir='ltr'><strong>Oleum</strong></span> 
     </span>
    </p>
   </div>
   <div class='ocr_carea' id='block_1_64' title="bbox 292 5142 1866 5219">
    <p class='ocr_par' dir='ltr' id='par_1_64' title="bbox 292 5142 1866 5219">
     <span class='ocr_line' id='line_1_64' title="bbox 292 5142 1866 5219; baseline -0.003 -19"><span class='ocrx_word' id='word_1_515' title='bbox 292 5149 461 5202; x_wconf 90' lang='lat' dir='ltr'><strong>nutrit</strong></span> <span class='ocrx_word' id='word_1_516' title='bbox 489 5147 743 5219; x_wconf 88' lang='lat' dir='ltr'><strong>lampada</strong></span> <span class='ocrx_word' id='word_1_517' title='bbox 778 5147 1037 5200; x_wconf 87' lang='lat' dir='ltr'><strong>lucernae</strong></span> <span class='ocrx_word' id='word_1_518' title='bbox 1079 5152 1136 5200; x_wconf 89' lang='lat' dir='ltr'><strong>et</strong></span> <span class='ocrx_word' id='word_1_519' title='bbox 1172 5144 1351 5214; x_wconf 84' lang='lat' dir='ltr'><strong>ignem</strong></span> <span class='ocrx_word' id='word_1_520' title='bbox 1389 5142 1701 5198; x_wconf 84' lang='lat' dir='ltr'><strong>reaccendit</strong></span> <span class='ocrx_word' id='word_1_521' title='bbox 1733 5157 1866 5196; x_wconf 89' lang='lat' dir='ltr'><strong>con-</strong></span> 
     </span>
    </p>
   </div>
   <div class='ocr_carea' id='block_1_65' title="bbox 292 5235 1868 5305">
    <p class='ocr_par' dir='ltr' id='par_1_65' title="bbox 292 5235 1868 5305">
     <span class='ocr_line' id='line_1_65' title="bbox 292 5235 1868 5305; baseline -0.003 -13"><span class='ocrx_word' id='word_1_522' title='bbox 292 5238 541 5298; x_wconf 78' lang='lat' dir='ltr'><strong>fabulatio</strong></span> <span class='ocrx_word' id='word_1_523' title='bbox 575 5239 852 5296; x_wconf 90' lang='lat' dir='ltr'><strong>mulieris.</strong></span> <span class='ocrx_word' id='word_1_524' title='bbox 890 5237 1078 5292; x_wconf 87' lang='lat' dir='ltr'><strong>Facies</strong></span> <span class='ocrx_word' id='word_1_525' title='bbox 1113 5235 1365 5290; x_wconf 90' lang='lat' dir='ltr'><strong>mulieris</strong></span> <span class='ocrx_word' id='word_1_526' title='bbox 1409 5235 1601 5305; x_wconf 83' lang='lat' dir='ltr'><strong>sagitta</strong></span> <span class='ocrx_word' id='word_1_527' title='bbox 1638 5244 1723 5289; x_wconf 90' lang='lat' dir='ltr'><strong>est</strong></span> <span class='ocrx_word' id='word_1_528' title='bbox 1755 5243 1868 5288; x_wconf 88' lang='lat' dir='ltr'><strong>tru-</strong></span> 
     </span>
    </p>
   </div>
   <div class='ocr_carea' id='block_1_66' title="bbox 283 5325 1866 5419">
    <p class='ocr_par' dir='ltr' id='par_1_66' title="bbox 283 5325 1866 5419">
     <span class='ocr_line' id='line_1_66' title="bbox 283 5325 1866 5419; baseline -0.006 -30"><span class='ocrx_word' id='word_1_529' title='bbox 283 5335 509 5401; x_wconf 86' lang='lat' dir='ltr'><strong>culenta,</strong></span> <span class='ocrx_word' id='word_1_530' title='bbox 530 5335 715 5405; x_wconf 84' lang='lat' dir='ltr'><strong>inﬁgit</strong></span> <span class='ocrx_word' id='word_1_531' title='bbox 743 5330 1027 5419; x_wconf 46' lang='lat' dir='ltr'><strong>vulnus‘in</strong></span> <span class='ocrx_word' id='word_1_532' title='bbox 1052 5328 1310 5383; x_wconf 87' lang='lat' dir='ltr'><strong>animam.</strong></span> <span class='ocrx_word' id='word_1_533' title='bbox 1339 5327 1410 5382; x_wconf 89' lang='lat' dir='ltr'><strong>Ut</strong></span> <span class='ocrx_word' id='word_1_534' title='bbox 1437 5340 1709 5380; x_wconf 84' lang='lat' dir='ltr'><strong>venenum</strong></span> <span class='ocrx_word' id='word_1_535' title='bbox 1741 5325 1866 5394; x_wconf 82' lang='lat' dir='ltr'><strong>fuge</strong></span> 
     </span>
    </p>
   </div>
   <div class='ocr_carea' id='block_1_67' title="bbox 277 5417 1861 5486">
    <p class='ocr_par' dir='ltr' id='par_1_67' title="bbox 277 5417 1861 5486">
     <span class='ocr_line' id='line_1_67' title="bbox 277 5417 1861 5486; baseline -0.008 -3"><span class='ocrx_word' id='word_1_536' title='bbox 277 5427 783 5485; x_wconf 79' lang='lat' dir='ltr'><strong>confabulationem</strong></span> <span class='ocrx_word' id='word_1_537' title='bbox 821 5417 1089 5486; x_wconf 86' lang='lat' dir='ltr'><strong>mulieris,</strong></span> <span class='ocrx_word' id='word_1_538' title='bbox 1123 5419 1168 5475; x_wconf 91' lang='lat' dir='ltr'><strong>si</strong></span> <span class='ocrx_word' id='word_1_539' title='bbox 1211 5430 1395 5474; x_wconf 90' lang='lat' dir='ltr'><strong>castus</strong></span> <span class='ocrx_word' id='word_1_540' title='bbox 1429 5433 1549 5473; x_wconf 89' lang='lat' dir='ltr'><strong>esse</strong></span> <span class='ocrx_word' id='word_1_541' title='bbox 1585 5417 1861 5483; x_wconf 81' lang='lat' dir='ltr'><strong>volueris;</strong></span> 
     </span>
    </p>
   </div>
   <div class='ocr_carea' id='block_1_68' title="bbox 1965 5053 3544 5124">
    <p class='ocr_par' dir='ltr' id='par_1_68' title="bbox 1965 5053 3544 5124">
     <span class='ocr_line' id='line_1_68' title="bbox 1965 5053 3544 5124; baseline -0.001 -16"><span class='ocrx_word' id='word_1_542' title='bbox 1965 5054 2258 5123; x_wconf 87' lang='lat' dir='ltr'><strong>possidens</strong></span> <span class='ocrx_word' id='word_1_543' title='bbox 2290 5053 2598 5109; x_wconf 90' lang='lat' dir='ltr'><strong>monachus</strong></span> <span class='ocrx_word' id='word_1_544' title='bbox 2629 5063 2754 5124; x_wconf 89' lang='lat' dir='ltr'><strong>post</strong></span> <span class='ocrx_word' id='word_1_545' title='bbox 2783 5070 2923 5124; x_wconf 91' lang='lat' dir='ltr'><strong>opus</strong></span> <span class='ocrx_word' id='word_1_546' title='bbox 2963 5054 3311 5108; x_wconf 90' lang='lat' dir='ltr'><strong>moderatum</strong></span> <span class='ocrx_word' id='word_1_547' title='bbox 3350 5055 3544 5108; x_wconf 84' lang='lat' dir='ltr'><strong>oratio-</strong></span> 
     </span>
    </p>
   </div>
   <div class='ocr_carea' id='block_1_69' title="bbox 1967 5145 3547 5201">
    <p class='ocr_par' dir='ltr' id='par_1_69' title="bbox 1967 5145 3547 5201">
     <span class='ocr_line' id='line_1_69' title="bbox 1967 5145 3547 5201; baseline 0 -3"><span class='ocrx_word' id='word_1_548' title='bbox 1967 5145 2132 5199; x_wconf 91' lang='lat' dir='ltr'><strong>nibus</strong></span> <span class='ocrx_word' id='word_1_549' title='bbox 2165 5154 2221 5199; x_wconf 89' lang='lat' dir='ltr'><strong>et</strong></span> <span class='ocrx_word' id='word_1_550' title='bbox 2249 5145 2583 5200; x_wconf 86' lang='lat' dir='ltr'><strong>lectionibus</strong></span> <span class='ocrx_word' id='word_1_551' title='bbox 2616 5154 2795 5201; x_wconf 86' lang='lat' dir='ltr'><strong>vacat.</strong></span> <span class='ocrx_word' id='word_1_552' title='bbox 2836 5145 3050 5200; x_wconf 81' lang='lat' dir='ltr'><strong>Avarus</strong></span> <span class='ocrx_word' id='word_1_553' title='bbox 3099 5145 3403 5200; x_wconf 86' lang='lat' dir='ltr'><strong>monachus</strong></span> <span class='ocrx_word' id='word_1_554' title='bbox 3442 5146 3547 5200; x_wconf 86' lang='lat' dir='ltr'><strong>the-</strong></span> 
     </span>
    </p>
   </div>
   <div class='ocr_carea' id='block_1_70' title="bbox 1965 5236 3558 5305">
    <p class='ocr_par' dir='ltr' id='par_1_70' title="bbox 1965 5236 3558 5305">
     <span class='ocr_line' id='line_1_70' title="bbox 1965 5236 3558 5305; baseline 0 -15"><span class='ocrx_word' id='word_1_555' title='bbox 1965 5236 2206 5290; x_wconf 88' lang='lat' dir='ltr'><strong>saurizat</strong></span> <span class='ocrx_word' id='word_1_556' title='bbox 2248 5237 2353 5291; x_wconf 89' lang='lat' dir='ltr'><strong>sibi</strong></span> <span class='ocrx_word' id='word_1_557' title='bbox 2395 5237 2530 5290; x_wconf 90' lang='lat' dir='ltr'><strong>iram</strong></span> <span class='ocrx_word' id='word_1_558' title='bbox 2572 5238 2626 5291; x_wconf 89' lang='lat' dir='ltr'><strong>in</strong></span> <span class='ocrx_word' id='word_1_559' title='bbox 2669 5237 2759 5293; x_wconf 87' lang='lat' dir='ltr'><strong>die</strong></span> <span class='ocrx_word' id='word_1_560' title='bbox 2799 5237 3056 5303; x_wconf 90' lang='lat' dir='ltr'><strong>ultionis;</strong></span> <span class='ocrx_word' id='word_1_561' title='bbox 3096 5237 3232 5292; x_wconf 83' lang='lat' dir='ltr'><strong>nihil</strong></span> <span class='ocrx_word' id='word_1_562' title='bbox 3273 5237 3558 5305; x_wconf 85' lang='lat' dir='ltr'><strong>possidens</strong></span> 
     </span>
    </p>
   </div>
   <div class='ocr_carea' id='block_1_71' title="bbox 1964 5327 3556 5385">
    <p class='ocr_par' dir='ltr' id='par_1_71' title="bbox 1964 5327 3556 5385">
     <span class='ocr_line' id='line_1_71' title="bbox 1964 5327 3556 5385; baseline -0.001 -4"><span class='ocrx_word' id='word_1_563' title='bbox 1964 5329 2269 5382; x_wconf 89' lang='lat' dir='ltr'><strong>monachus</strong></span> <span class='ocrx_word' id='word_1_564' title='bbox 2328 5329 2668 5385; x_wconf 83' lang='lat' dir='ltr'><strong>thesaurizat</strong></span> <span class='ocrx_word' id='word_1_565' title='bbox 2721 5329 2778 5382; x_wconf 91' lang='lat' dir='ltr'><strong>in</strong></span> <span class='ocrx_word' id='word_1_566' title='bbox 2827 5330 2981 5384; x_wconf 91' lang='lat' dir='ltr'><strong>coelo</strong></span> <span class='ocrx_word' id='word_1_567' title='bbox 3029 5339 3082 5384; x_wconf 90' lang='lat' dir='ltr'><strong>et</strong></span> <span class='ocrx_word' id='word_1_568' title='bbox 3135 5327 3291 5384; x_wconf 80' lang='lat' dir='ltr'><strong>dabit.</strong></span> <span class='ocrx_word' id='word_1_569' title='bbox 3339 5329 3556 5383; x_wconf 86' lang='lat' dir='ltr'><strong>laudem</strong></span> 
     </span>
    </p>
   </div>
   <div class='ocr_carea' id='block_1_72' title="bbox 1963 5419 3557 5492">
    <p class='ocr_par' dir='ltr' id='par_1_72' title="bbox 1963 5419 3557 5492">
     <span class='ocr_line' id='line_1_72' title="bbox 1963 5419 3557 5492; baseline -0.001 -20"><span class='ocrx_word' id='word_1_570' title='bbox 1963 5434 2086 5473; x_wconf 91' lang='lat' dir='ltr'><strong>cum</strong></span> <span class='ocrx_word' id='word_1_571' title='bbox 2138 5421 2346 5489; x_wconf 86' lang='lat' dir='ltr'><strong>angelis</strong></span> <span class='ocrx_word' id='word_1_572' title='bbox 2389 5421 2521 5475; x_wconf 89' lang='lat' dir='ltr'><strong>Deo.</strong></span> <span class='ocrx_word' id='word_1_573' title='bbox 2562 5420 2830 5476; x_wconf 88' lang='lat' dir='ltr'><strong>Gloriatio</strong></span> <span class='ocrx_word' id='word_1_574' title='bbox 2883 5422 3141 5476; x_wconf 88' lang='lat' dir='ltr'><strong>monachi</strong></span> <span class='ocrx_word' id='word_1_575' title='bbox 3185 5419 3449 5492; x_wconf 87' lang='lat' dir='ltr'><strong>patientia</strong></span> <span class='ocrx_word' id='word_1_576' title='bbox 3502 5419 3557 5472; x_wconf 90' lang='lat' dir='ltr'><strong>in</strong></span> 
     </span>
    </p>
   </div>
   <div class='ocr_carea' id='block_1_73' title="bbox 1805 5551 2057 5610">
    <p class='ocr_par' dir='ltr' id='par_1_73' title="bbox 1805 5551 2057 5610">
     <span class='ocr_line' id='line_1_73' title="bbox 1805 5551 2057 5610; baseline 0.016 -4"><span class='ocrx_word' id='word_1_577' title='bbox 1805 5551 2057 5610; x_wconf 73' lang='lat' dir='ltr'><strong>NOTAE.</strong></span> 
     </span>
    </p>
   </div>
   <div class='ocr_carea' id='block_1_74' title="bbox 333 5673 3555 5761">
    <p class='ocr_par' dir='ltr' id='par_1_74' title="bbox 333 5673 3555 5761">
     <span class='ocr_line' id='line_1_74' title="bbox 333 5673 3555 5761; baseline -0.004 -15"><span class='ocrx_word' id='word_1_578' title='bbox 333 5691 404 5761; x_wconf 89' lang='lat' dir='ltr'><strong>(l)</strong></span> <span class='ocrx_word' id='word_1_579' title='bbox 446 5691 538 5746; x_wconf 88' lang='lat' dir='ltr'><strong>Sic</strong></span> <span class='ocrx_word' id='word_1_580' title='bbox 589 5676 932 5740; x_wconf 88' lang='lat' dir='ltr'><strong>inscribitur</strong></span> <span class='ocrx_word' id='word_1_581' title='bbox 997 5677 1224 5748; x_wconf 82' lang='lat' dir='ltr'><strong>epistola</strong></span> <span class='ocrx_word' id='word_1_582' title='bbox 1266 5676 1319 5730; x_wconf 90' lang='lat' dir='ltr'><strong>iu</strong></span> <span class='ocrx_word' id='word_1_583' title='bbox 1360 5674 1481 5729; x_wconf 87' lang='lat' dir='ltr'><strong>cod.</strong></span> <span class='ocrx_word' id='word_1_584' title='bbox 1532 5691 1631 5728; x_wconf 89' lang='lat' dir='ltr'><strong>ms.</strong></span> <span class='ocrx_word' id='word_1_585' title='bbox 1703 5673 2039 5731; x_wconf 76' lang='lat' dir='ltr'><strong>Bruxellensi</strong></span> <span class='ocrx_word' id='word_1_586' title='bbox 2087 5677 2174 5732; x_wconf 67' lang='grc' dir='ltr'><strong>Νη.</strong></span> <span class='ocrx_word' id='word_1_587' title='bbox 2221 5676 2412 5731; x_wconf 68' lang='lat'><strong>15010.</strong></span> <span class='ocrx_word' id='word_1_588' title='bbox 2456 5677 2654 5734; x_wconf 72' lang='lat' dir='ltr'><strong>Vocem</strong></span> <span class='ocrx_word' id='word_1_589' title='bbox 2699 5679 2890 5749; x_wconf 81' lang='lat' dir='ltr'><strong>Incipit</strong></span> <span class='ocrx_word' id='word_1_590' title='bbox 2936 5694 3046 5734; x_wconf 92' lang='lat' dir='ltr'><strong>om.</strong></span> <span class='ocrx_word' id='word_1_591' title='bbox 3088 5677 3189 5732; x_wconf 88' lang='lat' dir='ltr'><strong>Ed.</strong></span> <span class='ocrx_word' id='word_1_592' title='bbox 3261 5676 3555 5736; x_wconf 79' lang='lat' dir='ltr'><strong>Holstenii.</strong></span> 
     </span>
    </p>
   </div>
   <div class='ocr_carea' id='block_1_75' title="bbox 269 5762 400 5820">
    <p class='ocr_par' dir='ltr' id='par_1_75' title="bbox 269 5762 400 5820">
     <span class='ocr_line' id='line_1_75' title="bbox 269 5762 400 5820; baseline -0.015 0"><span class='ocrx_word' id='word_1_593' title='bbox 269 5762 400 5820; x_wconf 77' lang='lat' dir='ltr'><strong>Eutr.</strong></span> 
     </span>
    </p>
   </div>
  </div>
