4016 6434
551 272 660 329 443

1824 264 1880 320 S.
1919 261 2202 318 MACARII
2239 259 2556 317 AEGYPTII

3703 262 3797 320 ιιι

551 381 1004 443 tribulationibus
1029 380 1167 435 cius.
1192 379 1456 436 Gloriatio
1482 376 1732 432 monachi
1754 375 2137 446 longanimitas
2167 381 2206 433 A
2239 388 2388 426 suae.
2423 371 2580 426 Sicut
2609 369 2824 440 pondus
2853 368 2984 424 salis
3012 368 3272 439 deprimit
3310 368 3489 424 virum
3520 370 3799 442 infirmum,

553 493 678 532 cum
719 475 1004 530 charitatc.
1040 473 1306 533 Gloriatio
1348 471 1602 525 monachi
1637 470 1816 523 nullas
1855 484 1943 522 res
1978 483 2139 537 prae-

553 565 726 620 sentis
764 565 908 626 vitae
954 562 1256 632 possidere.
1309 560 1573 614 Gloriatio
1620 558 1871 612 monachi
1923 557 2140 627 vigiliae

553 666 611 711 et
661 657 820 710 ﬂetus
863 657 916 709 in
965 655 1327 708 orationibus.
1376 652 1640 707 Gloriatio
1685 649 1938 704 monachi
1988 664 2142 702 Inari-

555 748 790 802 suetudo
842 753 898 799 et
956 745 1139 798 cordis
1193 744 1492 799 silentium.
1549 742 1812 797 Gloriatio
1862 742 2136 805 monachi,

559 839 774 907 quando
804 837 1094 891 Dominum
1126 852 1192 888 ex
1226 845 1338 890 toto
1369 834 1533 888 corde
1566 833 1842 895 dilexerit,
1877 843 1932 886 et
1959 833 2142 902 proxi-

556 943 705 981 mum
754 943 913 980 suum
964 937 1219 994 tauquam
1273 925 1536 993 seipsum.
1583 923 1850 978 Gloriatio
1887 923 2139 976 monachi

555 1019 885 1073 abstinentia
952 1032 1202 1071 escarum
1265 1027 1321 1070 ct
1377 1032 1407 1069 a
1482 1015 1833 1085 multiloquio
1903 1015 2138 1086 linguae.

557 1109 825 1164 Gloriatio
868 1109 1143 1170 monachi,
1190 1109 1410 1177 quando
1447 1107 1756 1177 proximum
1799 1123 1958 1161 suum
1999 1107 2144 1161 sicut

561 1201 800 1270 seipsum
835 1199 1056 1269 patitur.
1097 1199 1362 1252 Gloriatio
1410 1199 1685 1263 monachi,
1726 1197 1942 1267 quando
1976 1197 2142 1250 verba

557 1290 680 1342 eius
705 1289 964 1359 operibus
986 1295 1309 1342 consonant.
1337 1287 1604 1342 Gloriatio
1629 1286 1903 1348 monachi,
1925 1284 2143 1355 quando

559 1379 612 1432 in
651 1379 771 1433 loco
806 1395 905 1432 suo
944 1387 1230 1448 permanet
1260 1386 1318 1431 et
1349 1377 1457 1430 huc
1488 1377 1727 1446 illucque
1754 1393 1862 1430 non
1895 1386 2139 1445 vagatur.

554 1468 819 1524 Gloriatio
875 1468 1129 1522 monachi
1184 1468 1588 1538 longanimitas.
1633 1468 1787 1521 Sicut
1833 1468 2040 1536 lampas
2090 1468 2142 1520 in

554 1560 675 1614 loco
741 1561 1054 1624 tenebroso,
1109 1559 1254 1614 sicut
1313 1561 1393 1613 sol
1448 1559 1690 1622 radians,
1725 1559 1804 1614 sic
1844 1559 2145 1612 monachus

554 1663 738 1708 mente
778 1651 963 1708 sobria
997 1659 1054 1706 et
1082 1652 1250 1706 corde
1281 1651 1531 1722 pervigili
1572 1651 1628 1704 in
1660 1661 1904 1720 tempore
1952 1650 2144 1703 salutis

653 1883 688 1937 2
739 1883 860 1939 Act.
891 1901 984 1946 xx,
1015 1883 1104 1937 55.

631 1883 709 2028 ἱδῖ
748 1954 839 2009 Sic
871 1955 992 2009 cod.
1021 1955 1104 2008 Bri

2240 466 2319 519 sic
2383 480 2609 519 somnus
2653 463 3004 517 monachum.
3059 462 3217 516 Sicut
3277 462 3472 532 spinae
3524 473 3580 517 et
3635 468 3804 526 tribuli

2239 573 2370 627 agro
2405 557 2608 626 opimo,
2636 556 2718 610 sic
2757 565 2814 609 et
2848 553 3210 624 cogitationes
3250 561 3450 623 turpes
3480 557 3732 624 pessimae
3757 561 3805 615 in

2241 647 2407 700 corde
2452 646 2726 699 monachi.
2776 645 2937 699 Sicut
2981 645 3130 698 tinea
3166 643 3509 698 exterminat
3540 647 3809 702 vestimen-

2243 745 2392 800 tum,
2443 738 2522 792 sic
2569 736 2955 790 distractiones
3001 733 3240 788 animam
3290 734 3569 789 monachi.
3611 736 3722 792 Noli
3761 749 3807 796 te

2241 828 2372 882 dare
2404 829 2470 882 ad
2507 828 2841 897 colloquium
2884 828 3201 891 mulierum,
3233 842 3308 880 ne
3352 826 3452 880 tias
3487 840 3753 896 separatus
3781 848 3807 886 a

2241 935 2410 989 regno
2436 919 2566 985 Dei;
2593 929 2650 974 et
2683 935 2753 974 ne
2789 919 2928 973 velis
2957 919 3140 974 dicere
3173 936 3186 970 :
3219 917 3427 988 loquar
3448 933 3572 972 cum
3605 921 3809 978 liere

2243 1019 2298 1064 et
2333 1010 2573 1064 mundus
2619 1027 2760 1064 sum.
2806 1010 3106 1064 Monachus
3150 1009 3379 1078 sapiens
3427 1011 3544 1064 suis
3584 1013 3808 1069 manibus

2243 1110 2504 1172 operatur
2541 1110 2597 1156 ct
2643 1102 2849 1155 victum
2901 1101 3009 1155 sibi
3063 1101 3456 1170 quotidianum
3500 1103 3725 1172 acquirit
3763 1114 3809 1159 et

2243 1194 2490 1248 lucratus
2527 1202 2613 1247 est
2653 1194 2933 1248 orationes
2971 1201 3028 1247 et
3063 1194 3272 1248 ieiunia
3307 1181 3514 1258 sua;'si
3552 1206 3721 1250 autem
3753 1199 3816 1251 ab

2245 1286 2352 1338 alio
2396 1285 2673 1354 acceperit
2712 1285 2939 1349 victum,
2971 1285 3104 1355 quid
3148 1284 3384 1355 prodest
3426 1285 3573 1354 quod
3621 1294 3732 1340 orat
3764 1299 3808 1342 et

2244 1377 2464 1446 vigilat?
2513 1377 2665 1431 Sicut
2718 1378 3098 1431 mercenarius
3157 1377 3344 1430 malus
3396 1376 3580 1430 nudus
3621 1377 3804 1443 evadit;

2246 1469 2374 1537 quia
2395 1469 2658 1538 scriptum
2699 1479 2783 1523 est.
2803 1487 2815 1521 :
2833 1469 3020 1523 Melius
3043 1478 3118 1522 est
3141 1470 3274 1523 dare
3291 1487 3459 1540 quam
3485 1471 3705 1540 accipere
3724 1470 3801 1540 (2).

2245 1559 2349 1626 Qui
2388 1560 2560 1628 legis,
2604 1560 2847 1631 intellige
2905 1560 2961 1614 in
3004 1560 3238 1614 Domino
3303 1575 3547 1628 semper.
3605 1558 3803 1628 Explicit

2247 1650 2469 1720 epistola
2502 1650 2640 1704 beati
2671 1651 2932 1706 Maclmrii
2959 1653 3158 1706 abbatis
3175 1652 3308 1706 data
3341 1651 3416 1706 ad
3444 1649 3798 1721 monachos(5).

2073 1765 2328 1822 NOTAE.

748 1954 839 2009 Sic
871 1955 992 2009 cod.
1021 1953 1428 2020 Bruxellensis;
1466 1953 1667 2007 abbatis
1700 1951 1829 2006 data
1870 1950 1940 2004 ad
1970 1951 2252 2003 monachos
2287 1964 2398 2004 om.
2440 1949 2541 2004 Ed.
2574 1948 2864 2004 llolstcnii.
2897 1948 3053 2002 EDIT.

595 2118 3779 2150 ,ΜΨ

2105 2289 2270 2378 IV.

1455 2498 2048 2592 EPISTOLA
2133 2494 2967 2591 SUPPOSITICIA

1065 2701 1158 2756 sub
1194 2699 1406 2753 nomine
1427 2693 1688 2750 Macharii
1709 2711 1739 2746 a
1763 2689 2079 2744 Petitdidier
2101 2687 2266 2752 edita,
2294 2687 2362 2742 ad
2392 2687 2552 2757 ﬁdem
2576 2688 2810 2742 codicum
2831 2688 2912 2741 hic
2938 2689 3109 2743 denuo
3133 2704 3379 2743 excussa.

620 2923 736 2975 Cod.
780 2937 870 2972 ms.
903 2920 1032 2972 Bibl.
1060 2922 1201 2972 Caes.
1246 2919 1457 2968 \‘indob.
1483 2919 1762 2978 £800,01im
1784 2921 1893 2970 cod.
1921 2921 2078 2970 theol.
2123 2921 2233 2980 561,
2269 2920 2587 2969 membranae.
2621 2921 2765 2970 Saec.
2800 2921 2904 2971 XIV
2937 2920 3020 2971 fol.
3089 2958 3102 2971 .
3175 2959 3184 2968 .
3262 2958 3278 2971 .
3347 2962 3357 2972 .
3429 2959 3442 2971 .
3511 2960 3524 2972 .
3587 2957 3598 2969 .
3658 2955 3670 2968 .
3751 2915 3784 2980 ᾼ

622 2987 738 3034 Cod.
781 2999 868 3032 ms.
915 2981 1410 3042 ltibl.Burgundicae
1453 2981 1796 3030 Bruxeliensis
1821 2982 1884 3030 N°
1926 2983 2070 3030 15011
2106 2979 2488 3032 chartac.Saec.
2525 2983 2609 3033 XV
2649 2984 2732 3031 fol.
2803 3018 2816 3031 .
2887 3021 2900 3032 .
2968 3020 2980 3032 .
3051 3019 3064 3032 .
3135 3020 3147 3032 .
3222 3021 3235 3034 .
3309 3023 3321 3034 .
3392 3020 3404 3032 .
3560 3020 3571 3031 .
3632 3019 3642 3029 .
3697 3021 3702 3027 .
3757 2979 3786 3028 Β

623 3044 789 3089 Editin
833 3043 1702 3089 Petitdidier.ecod.ms.abbatiae
1727 3041 2223 3089 S.\’itoniadornata
2293 3081 2304 3089 .
2374 3079 2387 3089 .
2459 3080 2472 3089 .
2539 3081 2552 3089 .
2619 3081 2635 3089 -
2703 3081 2716 3089 .
2787 3082 2800 3089 -
2869 3081 2880 3089 .
2953 3081 2966 3089 .
3035 3082 3047 3089 .
3117 3082 3129 3089 .
3202 3083 3214 3089 -
3289 3084 3301 3089 -
3459 3082 3471 3089 .
3539 3082 3549 3089 .
3617 3081 3627 3089 .
3685 3080 3694 3089 .
3758 3039 3786 3089 (Ζ

623 3044 789 3096 Editio
833 3044 1149 3096 Petitdidier.
1172 3041 1202 3092 e
1227 3045 1333 3092 cod.
1359 3057 1449 3091 ms.
1476 3043 1702 3092 abbatiae
1727 3044 1779 3091 S.
1808 3041 1973 3092 νὴοηί
1993 3043 2223 3093 adornata

621 3155 812 3206 Prodiit
840 3155 1048 3216 epistola
1070 3153 1196 3202 haec
1217 3164 1253 3216 e_
1290 3165 1379 3216 ms.
1419 3151 1524 3216 cod.
1552 3149 1855 3216 abbatiaehs.
1881 3149 2055 3216 Vitnni
2092 3151 2387 3216 (Si-vanae)
2412 3151 2460 3200 in
2492 3151 2617 3216 libro
2633 3156 2716 3215 qui
2754 3151 3042 3216 inscribitur
3073 3166 3115 3216 zu
3129 3154 3282 3216 Remo

3361 3169 3430 3206 tes
3475 3167 3557 3203 sur
3579 3151 3622 3201 la
3655 3145 3788 3198 biblio-

627 3168 812 3206 I'roaut
840 3168 1048 3216 epistola
1073 3168 1196 3202 nare
1217 3168 1253 3221 θ’
1290 3168 1379 3221 ms.
1419 3168 1524 3202 cna.
1552 3168 1780 3200 aonauae
1805 3168 1855 3222 ξ.
1889 3168 2049 3200 νιιηηι
2092 3168 2146 3212 (δ
2170 3168 2387 3221 danae;
2412 3168 2617 3224 innare
2633 3168 2716 3215 qui
2754 3168 3042 3224 mscnmtur
3073 3168 3085 3202 :
3129 3168 3430 3264 πίθηαι-ἔπιες
3475 3168 3557 3203 sur
3579 3168 3622 3201 tu
3655 3168 3787 3216 maug-

560 3219 730 3283 theguc
752 3219 838 3283 des
860 3223 1056 3283 autenm
1072 3213 1547 3283 ecclesiastiqneade
1573 3214 1640 3283 AM;
1668 3213 1883 3283 (Junlfm1
1907 3227 1998 3276 par
2024 3215 2084 3263 D.
2117 3213 2332 3263 Mat/neu
2377 3214 2698 3283 Petitdidier._
2712 3217 2883 3283 Raris.
2912 3213 3049 3265 1692.
3078 3214 3136 3265 Τ.
3159 3214 3204 3265 ll
3230 3230 3280 3280 p.
3341 3219 3554 3278 mseqq.
3577 3214 3722 3264 Exstat
3750 3219 3787 3256 In

561 3274 672 3330 Cod'.
720 3282 762 3330 Α
809 3278 893 3327 fol.
936 3276 1044 3336 H6,
1070 3277 1126 3335 2;
1153 3274 1202 3323 in
1241 3274 1426 3324 code
1457 3275 1542 3323 fol.
1568 3274 1648 3335 68,
1674 3276 1717 3324 ί.
1746 3275 1818 3324 Cf.
1849 3274 2177 3324 Pannoniam

2259 3289 2408 3338 supra
2436 3280 2532 3327 col.
2559 3277 2790 3326 405408.

630 3467 830 3537 Incipit
875 3465 1107 3535 epistola
1146 3463 1291 3518 beati
1323 3465 1338 3495 ‘
1378 3463 1637 3518 Macbarii
1679 3465 1746 3519 ad
1790 3467 2153 3524 monachos’.
2191 3483 2230 3536 Β
2258 3471 2506 3533 auferre,
2557 3479 2614 3524 et
2668 3469 2816 3525 dicat
2857 3486 3077 3541 semper

629 3558 887 3630 Inprimis
912 3556 1134 3627 quidem
1161 3556 1206 3609 si
1234 3555 1441 3624 ceperit
1476 3556 1641 3610 homo
1666 3557 1906 3626 seipsum
1936 3560 1956 3589 ³
1983 3576 2148 3630 agno-

558 3667 713 3708 scere
746 3667 845 3704 cur
886 3658 1104 3703 creatus
1136 3645 1228 3710 sit,
1254 3657 1306 3700 et
1333 3646 1660 3716 exquisierit
1694 3647 1954 3702 factorem
1987 3666 2146 3704 suum

559 3745 724 3798 deum
745 3743 788 3808 ⁸,
824 3751 956 3796 tunc
983 3741 1119 3795 sciet
1139 3740 1160 3771 ⁸
1186 3739 1432 3809 penitere
1469 3738 1538 3793 de
1570 3739 1698 3804 hiis,
1730 3757 1843 3810 que
1875 3742 2153 3797 commisit

561 3836 616 3889 in
641 3845 887 3905 tempore
916 3831 1255 3903 negligencie
1280 3846 1398 3894 sue,
1427 3839 1482 3884 et
1506 3831 1586 3884 sic
1619 3831 1840 3886 demum
1879 3832 2152 3904 benignus

560 3928 698 3980 deus
725 3926 747 3956 ⁸
785 3925 878 3979 dat
916 3923 994 3978 illi
1029 3923 1316 3978 tristiciam
1357 3938 1459 3992 pro
1497 3924 1758 3992 peccatis,
1797 3935 1854 3979 et
1885 3937 2009 3996 post
2044 3927 2150 3982 ite-

560 4035 682 4072 rum
727 4033 825 4086 per
871 4031 1025 4070 suam
1073 4014 1470 4084 benignitatem
1521 4013 1616 4067 dat
1668 4014 1746 4068 illi
1800 4016 2151 4072 aﬂlictionem

560 4107 809 4177 corporis
838 4107 892 4158 in
923 4107 941 4136 ⁷
985 4104 1226 4166 ieiuniis,
1263 4105 1318 4158 in
1349 4104 1389 4134 ⁷·
1428 4102 1649 4172 vigiliis,
1686 4112 1742 4158 et
1777 4107 2096 4160 oracionum
2131 4108 2153 4140 ³

562 4197 886 4251 iustanciam
914 4198 957 4258 θ,
1007 4205 1063 4250 et
1107 4202 1483 4264 contemptum
1520 4196 1564 4225 ¹⁶
1612 4195 1824 4260 mundi,
1876 4207 1936 4252 ut
1977 4198 2155 4255 libens

563 4289 740 4342 illatas
781 4289 1010 4341 iniurias
1045 4287 1082 4318 “
1120 4286 1368 4349 sufferat,
1405 4295 1461 4339 et
1511 4286 1640 4339 odio
1681 4286 1879 4341 habeat
1905 4288 1948 4319 η
1989 4304 2153 4343 omne

562 4380 903 4448 retrigerium
937 4378 1240 4447 corporale,
1276 4387 1332 4431 et
1367 4376 1558 4446 diligat
1592 4377 1635 4408 ¹³
1665 4377 1943 4446 planctum
1977 4382 2151 4452 magis

561 4486 724 4542 quam
770 4471 959 4525 risum.
1009 4471 1137 4524 Post
1187 4469 1289 4522 hec
1328 4469 1536 4523 tribuet
1577 4469 1656 4522 illi
1703 4469 2062 4538 desiderium,
2097 4482 2155 4528 et

559 4563 771 4624 fletum,
805 4570 861 4616 et
893 4561 1260 4615 humilitatem
1287 4560 1331 4592 "*
1359 4559 1541 4614 cordis
1564 4561 1628 4624 ³⁵,
1663 4570 1726 4615 ιιι
1762 4562 1973 4617 trabem
2003 4560 2152 4618 oculi

560 4655 646 4709 sui
680 4653 1010 4716 consideret,
1049 4666 1160 4704 non
1193 4651 1236 4682 “
1281 4650 1510 4704 alterius
1551 4649 1817 4704 festucam
1862 4652 2077 4709 nitatur
2106 4653 2151 4685 "

3120 3490 3134 3526 :
3179 3476 3444 3544 quoniam
3497 3467 3786 3538 iniquitatem

2256 3579 2433 3617 meam
2487 3579 2588 3634 ego
2621 3563 2664 3594 "
2717 3578 2987 3632 cognosco
3023 3565 3086 3628 ⁸⁸,
3139 3574 3193 3620 et
3248 3573 3530 3636 peccatum
3565 3562 3606 3592 "
3643 3566 3786 3612 meum

2257 3665 2449 3711 contra
2486 3671 2573 3710 me
2609 3663 2693 3709 est
2727 3669 2966 3724 semper,
2999 3664 3055 3709 et
3084 3663 3145 3709 ut
3177 3656 3291 3711 diei
3327 3657 3370 3688 “
3405 3655 3574 3709 exitus
3597 3648 3670 3704 sui
3697 3658 3786 3698 me-

2257 3761 2378 3800 mor
2421 3745 2512 3809 sit,
2556 3753 2612 3799 et
2645 3744 2920 3814 quomodo
2953 3744 3010 3798 in
3037 3757 3341 3815 conspectu
3381 3745 3468 3800 dei
3498 3745 3540 3776 "
3575 3746 3786 3793 occursu-

2257 3853 2352 3890 rus
2381 3836 2471 3899 sit,
2497 3835 2771 3891 etiudicia
2799 3843 2856 3889 et
2879 3850 3048 3904 penas
3072 3834 3355 3891 describat
3383 3835 3429 3867 "
3460 3834 3512 3888 in
3540 3828 3782 3895 conspectu

2257 3928 2457 3981 mentis
2505 3940 2624 3989 sue,
2667 3940 2770 3979 nec
2815 3940 2927 3979 non
2971 3925 3143 3980 eciam
3170 3926 3219 3958 "
3261 3926 3459 3980 merita
3501 3930 3554 3976 et
3593 3919 3782 3972 honores

2259 4018 2352 4087 qui
2371 4017 2536 4070 dandi
2556 4023 2684 4070 sunt
2704 4015 2909 4070 sanctis
2931 4015 2975 4086 (l
2991 4018 3028 4085 ).
3048 4015 3105 4071 Si
3133 4024 3323 4072 autem
3346 4009 3653 4085 cognoverit,
3673 3998 3775 4070 quia

2249 4121 2346 4158 eor
2401 4105 2550 4159 illius
2598 4104 2815 4158 ﬁrmum
2859 4113 2944 4159 est
2990 4105 3046 4158 in
3097 4105 3302 4162 timore
3358 4101 3577 4162 domini,
3609 4103 3654 4149 et
3687 4100 3775 4143 ηοιι

2251 4195 2479 4250 dimittit
2504 4195 2684 4248 locum
2707 4210 2890 4259 suum,
2926 4196 3022 4250 sed
3049 4195 3271 4252 fortiter
3301 4195 3505 4251 resistit
3533 4190 3602 4263 (2)
3626 4183 3777 4240 adver-

2251 4289 2396 4342 sario
2426 4303 2547 4352 suo,
2574 4287 2667 4341 ille
2703 4286 2980 4356 perfectus
3018 4291 3324 4343 monachus
3356 4298 3414 4343 et
3449 4285 3596 4340 miles
3615 4266 3777 4333 Chrisli

2258 4389 2511 4434 vocatur.
2546 4379 2618 4435 Ut
2655 4380 2800 4434 enim
2834 4380 3109 4436 cumulata
3139 4381 3187 4413 "
3224 4381 3379 4436 navis
3415 4376 3661 4433 undarum
3690 4365 3775 4418 ictu

2253 4473 2531 4536 obruitur,
2559 4473 2640 4526 sic
2670 4472 2842 4527 multa
2868 4471 3155 4541 possidens
3183 4472 3484 4529 monachus
3515 4480 3612 4520 non
3636 4456 3776 4541 salvaf

2251 4563 2420 4618 hitur.
2448 4563 2597 4617 Nihil
2626 4540 2916 4633 possidens
2948 4565 3252 4620 monachus
3274 4566 3446 4618 viator
3469 4552 3720 4626 expeditus
3739 4540 3776 4572 "

2251 4663 2354 4709 est.
2392 4653 2541 4708 Nihil
2579 4653 2866 4724 possidens
2900 4657 3201 4711 monachus
3223 4655 3378 4726 quasi
3414 4650 3581 4720 aquila
3612 4640 3670 4697 ad
3699 4647 3776 4689 ει·

1881 4811 2142 4867 VARIAE
2179 4811 2589 4870 LECTIONES.

638 4932 818 5006 εὐδικιί
849 4947 959 5006 om.
991 4931 1035 5006 Α
1135 4933 1155 4962 ²
1183 4931 1225 4985 Β
1259 4933 1453 5003 Incipit
1488 4934 1599 4989 alia
1643 4933 1867 5006 epistola
1911 4935 2144 5006 eiusdem
2180 4933 2440 4989 Illac/uarii
2479 4935 2703 4999 abbatis,
2738 4950 2836 5005 quc
2869 4941 3048 4988 tamen
3085 4930 3351 5006 in_muftis
3397 4921 3776 5006 maqn‘aﬂfnmn'r

561 4983 1091 5076 vestiant-iantwltabet
1132 4983 1274 5076 ρηῖιί
1285 4983 1864 5076 ἷπῖέέάἑεῖιὶέερἔὲὶὸ⁷ι⁷άζ’
1896 4983 2016 5076 ς”ῖ
2027 4983 2080 5076 Ῐιξ
2094 4983 2463 5076 agninae};
2481 4983 2534 4988 ”’
2548 4983 2678 5060 ’ῖὸ
2690 4983 3000 5076 ᾉόᾖέῑιίιῖίᾶξ
3014 4983 3042 4986 ”
3076 4983 3134 5076 ξί
3148 4983 3253 5057 pas
3269 4983 3428 5076 tunc"
3439 4983 3578 5076 sciet
3591 4983 3771 5076 ij-

559 5075 580 5103 ⁶
609 5074 650 5127 G
699 5074 976 5126 dominus.’
1073 5075 1092 5104 ⁷
1124 5075 1179 5126 in
1232 5055 1341 5127 oni.
1380 5075 1440 5128 Ο.
1554 5055 1669 5128 "ira
1716 5092 1825 5128 om.
1885 5073 1946 5128 C.
2061 5075 2081 5104 ⁸
2133 5075 2172 5129 C
2217 5055 2562 5129 ordtionibus.
2676 5055 3304 5130 ’iVIiCVVinstanciaiﬂ”
3351 5068 3430 5122 BC
3500 5055 3772 5130 (Wmmim’

562 5144 604 5175 ¹¹
735 5141 1099 5196 contumelias.
1206 5146 1248 5174 ¹²
1283 5144 1322 5196 Β
1382 5156 1437 5199 et
1478 5145 1582 5198 idio
1648 5145 1820 5198 habet.
1937 5143 2099 5214 "BC
2134 5144 2322 5214 diligit.
2428 5147 2471 5175 “
2513 5146 2554 5198 Β
2587 5125 3032 5207 Itmniliacionem,
3098 5143 3138 5198 C
3173 5137 3574 5214 Inuniliaciamln
3590 5130 3660 5214 ἐξ

559 5211 858 5266 utilitatem.
940 5214 980 5243 ⁸⁵
1007 5214 1178 5268 cordis
1203 5230 1310 5266 mn.
1336 5215 1395 5268 C.
1477 5217 1518 5245 ”‘
1547 5216 1586 5268 C
1620 5223 1670 5267 et
1699 5231 1830 5268 non.
1911 5214 1952 5244 ¹⁷
1983 5213 2022 5266 Α
2057 5185 2333 5268 άεεὶιιίιίει.
2449 5215 2492 5246 ¹⁸
2530 5232 2624 5282 ego
2657 5233 2768 5269 «nn.
2829 5217 2889 5272 C.
3019 5185 3071 5245 "’
3113 5214 3152 5267 C
3185 5225 3425 5282 agnosco.
3515 5200 3557 5230 ¹⁰
3590 5185 3769 5282 [fidei

1007 5250 1178 5268 wn...
1548 5250 1586 5268 υ
1983 5250 2022 5266 η
2057 5250 2333 5268 ..νημαι-η.
2530 5250 2572 5267 ω,
2594 5250 2622 5268 υ
2657 5250 2768 5269 ιη...
2879 5258 2889 5268 .
3115 5250 3152 5267 υ
3256 5250 3425 5264 ..νανν-

560 5284 762 5354 (ictum.
848 5283 891 5312 ’ί
921 5283 961 5354 β
997 5282 1151 5336 diem.
1227 5287 1272 5315 "
1299 5286 1338 5337 (1
1375 5286 1592 5339 domini.
1697 5286 1744 5315 ’³
1777 5283 1860 5338 BC
1885 5283 2148 5354 describit.
2263 5287 2305 5315 “
2335 5287 2502 5338 eciam
2534 5250 2645 5339 oJm.
2683 5288 2748 5341 A.
2830 5250 2870 5272 υ
2896 5287 2943 5318 ³³
2965 5285 3046 5340 Ex
3088 5250 3260 5354 conj:
3305 5293 3404 5350 pro
3453 5250 3768 5326 ιιιηιιιιαταυΑ

563 5353 878 5416 multarum,
924 5352 965 5404 Β
1003 5369 1121 5405 cum
1169 5354 1341 5408 multa
1387 5364 1630 5424 portans,
1663 5354 1704 5410 C
1739 5371 1859 5407 cum
1899 5353 2091 5407 ntttlta.

2079 5469 2332 5525 NOTAE.

633 5566 708 5642 gl)
734 5561 1088 5642 Ili'ncincipit
1117 5559 1425 5642 discrepare
1457 5563 1591 5618 haec
1611 5564 1679 5618 ab
1701 5580 1785 5627 ca,
1807 5580 1970 5634 quam
1993 5518 2163 5620 sub‘l'
2365 5577 2513 5642 sunt,
2547 5577 2603 5623 et
2641 5584 2672 5624 e
2709 5564 2926 5622 Macarii
2973 5556 3362 5637 (Alexandrini)
3393 5540 3600 5622 cpistola
3626 5531 3684 5588 N‘
3711 5518 3763 5577 ΠΙ

559 5631 918 5707 vulgavimus,
943 5631 1193 5757 cristola.
1824 5631 1840 5634 ⁷
2249 5639 2560 5709 compilata.

627 5710 710 5757 Μ)
731 5708 879 5757 Uuae
905 5703 974 5757 ah
997 5717 1108 5755 nuc
1139 5716 1311 5757 usoue
1341 5703 1406 5757 ad
1441 5702 1600 5757 finem
1644 5713 1971 5757 scouuntur.
2008 5720 2136 5757 snu-

627 5702 710 5776 (ip
731 5708 879 5770 Quae
905 5702 1108 5757 ahhiuc
1139 5716 1311 5768 usque
1341 5703 1406 5757 ad
1441 5702 1600 5758 finem
1644 5713 1971 5775 sequuntur,
2008 5720 2136 5774 spu-

2449 5215 2492 5246 ¹⁸
2530 5232 2624 5284 ego
2657 5233 2768 5269 οιη.
2829 5217 2889 5272 C.

2263 5287 2305 5315 “
2335 5287 2502 5338 eciam
2534 5302 2645 5339 om.
2683 5288 2748 5341 A.

2205 5354 2251 5385 ’⁸
2289 5356 2334 5409 Α
2375 5358 2688 5426 expeditior.
