4016 6434
598 336 699 401 451

1834 343 1894 401 S.
1939 339 2257 401 MACARII
2299 342 2623 407 [EGYPTII

3752 363 3848 428 452

599 452 970 508 nifestandum
1020 460 1202 508 tamen
1236 455 1449 509 ultimis
1489 454 1833 526 temporibus
1874 456 1933 511 in
1964 455 2173 526 appari-

2291 462 2518 526 φανείας
2543 461 2638 515 τοῦ
2665 463 2922 536 Χριστοῦ.
2951 467 3145 539 Ψυχῆς
3166 469 3274 541 γὰρ
3300 473 3609 543 μυστήριον
3630 476 3852 549 ἐθεώρει,

601 544 752 599 tione
774 542 1004 599 Christi.
1028 544 1265 599 Videbat
1284 550 1433 599 enim
1466 545 1790 616 mysterium
1824 545 2041 609 animm,
2061 561 2173 615 qum

2288 558 2388 624 τῆς
2436 556 2740 629 μελλούσης
2790 560 3043 631 δέχεσθαι
3085 562 3177 616 τὸν
3226 565 3437 637 ἑαυτῆς
3490 568 3728 639 Κύριον,
3763 542 3852 629 ’καὶ

598 637 889 693 Dominum
938 651 1100 691 suum
1147 638 1485 707 amplexura,
1533 646 1589 691 et
1620 637 1853 693 thronus
1887 638 2075 707 gloriae
2101 637 2185 691 fu-

599 741 723 784 tura
743 738 883 784 erat.
917 728 1115 785 Anima
1157 729 1451 799 siquidem,
1478 744 1601 798 quae
1628 729 1697 783 de
1716 727 1956 798 Spiritus
1985 728 2180 793 sancti,

600 817 960 887 praeparantis
995 818 1142 872 illam
1192 817 1295 871 sibi
1348 818 1404 870 in
1436 816 1620 870 sedem
1658 824 1715 870 et
1759 814 2179 880 habitationem,

597 909 933 979 participare
963 910 1171 963 lumine
1196 908 1360 979 digna
1387 909 1653 980 judicata,
1679 917 1736 961 et
1761 908 2181 979 pulchritudine

600 1003 986 1058 inenarrabilis
1056 1003 1243 1074 glorim
1301 1005 1420 1073 ejus
1481 1003 1750 1058 illustrata
1806 1012 1913 1070 est,
1963 1010 2077 1057 tota
2124 1002 2183 1056 lit

598 1095 810 1162 lumen,
850 1103 962 1150 tota
992 1096 1162 1150 {acies
1189 1102 1245 1149 et
1273 1102 1384 1150 tota
1408 1096 1605 1149 oculus
1632 1114 1643 1149 :
1680 1111 1783 1151 nec
1814 1096 1926 1149 ulla
1954 1104 2039 1149 est
2063 1095 2182 1165 ejus

598 1203 746 1257 pars,
792 1203 915 1256 qua:
966 1188 1142 1242 oculis
1180 1187 1565 1258 spiritualibus
1603 1188 1830 1245 luminis
1857 1187 2018 1257 plena
2068 1203 2180 1241 non

598 1279 703 1333 sit:
739 1279 843 1333 hoc
872 1288 978 1345 est,
1044 1280 1195 1333 nulla
1238 1281 1360 1352 ejus
1409 1296 1537 1350 pars
1573 1281 1823 1337 tenebris
1860 1280 2059 1344 offusa,
2082 1280 2181 1334 sed

600 1381 712 1425 tota
751 1371 937 1425 lumen
970 1380 1027 1425 et
1069 1372 1313 1441 Spiritus
1341 1373 1559 1439 eii‘ecta,
1592 1382 1648 1428 et
1670 1383 1788 1430 tota
1813 1375 2049 1439 oculata,
2078 1388 2183 1429 nec

596 1460 956 1526 anteriorem,
999 1479 1104 1518 nec
1137 1465 1497 1533 posteriorem
1532 1472 1744 1534 partem
1775 1466 1944 1520 ullam
1993 1464 2179 1529 habet,

595 1551 693 1607 sed
726 1552 972 1623 undique
1012 1554 1068 1607 in
1097 1553 1238 1609 facie
1271 1564 1377 1619 est,
1413 1555 1785 1612 descendente
1813 1572 1980 1626 super
2006 1556 2178 1621 illam,

594 1652 653 1699 et
681 1644 737 1699 in
776 1661 842 1699 ea
896 1645 1178 1701 insidente
1214 1646 1482 1701 ineffabili
1536 1648 1953 1718 pulchritudine
1996 1647 2182 1719 gloriae

592 1734 824 1791 luminis
855 1737 1082 1792 Christi.
1118 1737 1182 1792 Et
1210 1739 1675 1808 quemadmodum
1701 1740 1783 1796 sol
1811 1740 2181 1809 undequaque

2291 646 2479 718 θρόνος
2511 648 2674 719 δόξης
2701 650 2852 721 αὑτῷ
2900 654 3178 720 γενέσθαι,
3200 657 3369 726 Ψυχὴ
3398 657 3511 729 γὰρ
3545 662 3578 730 ἠ
3615 664 3853 729 καταξιω-

2291 739 2442 792 θεῖσα
2481 742 2810 811 κοινωνῆσαι
2865 743 2941 813 τῷ
2992 745 3270 815 Πνεύματι
3322 748 3423 801 τοῦ
3463 751 3641 819 φωτὸς
3685 756 3847 822 αὑτοῦ,

2289 833 2383 886 καὶ
2413 833 2869 905 καταλαμφθεῖσα
2913 838 3021 891 ὑπὸ
3059 838 3153 891 τοῦ
3198 841 3441 904 κάλλους
3492 845 3591 914 τῆς
3637 848 3848 920 ἀρρήτου

2288 923 2451 995 δόξης
2480 925 2669 992 αὐτοῦ,
2699 929 3051 999 ἑτοιμάσαντι
3085 933 3254 1002 αὐτὴν
3286 935 3475 1004 ἑαυτῴ
3506 940 3586 1001 εἰς
3611 940 3847 1011 καθέδραν

2290 1014 2381 1067 καὶ
2407 1016 2746 1087 οἰκητήριον,
2778 1019 2876 1089 ὅλη
2906 1021 3021 1089 φῶς
3054 1024 3288 1091 γίνεται,
3317 1025 3418 1077 καὶ
3443 1025 3542 1094 ὅλη
3570 1029 3845 1098 πρόσωπον,

2288 1107 2383 1160 καὶ
2410 1106 2509 1177 ὅλη
2546 1108 2842 1178 ὀφθαλμός
2887 1114 2982 1164 καὶ
3010 1113 3163 1165 οὐδὲν
3190 1115 3368 1185 αὐτῆς
3401 1117 3571 1187 μέρος
3602 1119 3672 1188 μὴ
3707 1122 3845 1189 γέμον

2288 1200 2396 1251 τῶν
2430 1202 2818 1270 πνευματικῶν
2847 1204 3145 1275 ὀφθαλμῶν
3187 1206 3285 1260 τοῦ
3328 1209 3532 1277 φωτός·
3560 1212 3697 1264 τοῦτ’
3725 1214 3843 1265 ἔστιν

2288 1292 2441 1346 οὐδὲν
2494 1295 2917 1365 ἐσκοτισμένον,
2972 1298 3089 1351 ἀλλ’
3138 1300 3233 1371 ὅλη
3285 1301 3360 1352 δι’
3427 1302 3554 1355 ὅλου
3619 1304 3726 1371 φῶς
3770 1309 3841 1359 uni

2290 1385 2509 1456 πνεῦμα
2541 1387 2973 1459 άπεργασθεῐσα,
2998 1390 3095 1443 καὶ
3131 1391 3226 1461 ὅλη
3273 1392 3580 1463 ὀφθαλμῶν
3609 1397 3836 1465 γέμουσα,

2293 1476 2369 1546 μὴ
2396 1476 2595 1547 ἔχουσα
2624 1478 2681 1531 δὲ
2714 1478 2940 1552 ὕστερόν
2960 1481 3062 1552 τιῆ
3088 1482 3320 1536 ὄπισθεν
3345 1484 3536 1556 μέρος,
3570 1485 3697 1540 ἀλλὰ
3729 1491 3836 1541 πάνυ

2288 1585 2355 1636 τη
2386 1570 2531 1623 κατὰ
2556 1570 2851 1641 πρόσωπον
2884 1574 3144 1644 τυγχάνει
3172 1570 3332 1641 οὖσα,
3368 1576 3749 1647 ἐπιϐεϐηκότας
3770 1582 3834 1632 ἐπ’

2287 1662 2459 1734 αὐτὴν
2501 1666 2597 1717 xui.
2622 1666 3076 1731 ὲπικαθεσθέντος
3107 1668 3201 1721 τοῦ
3226 1670 3481 1741 ἀρρήτου
3517 1672 3732 1736 κάλλους
3757 1675 3834 1743 τῆς

2288 1756 2449 1827 δόξης
2479 1756 2576 1809 τοῦ
2613 1758 2812 1827 φωτὸς,
2858 1758 2954 1811 τοῦ
2999 1761 3260 1829 Χριστοῦ.
3298 1763 3415 1815 Καὶ
3443 1763 3630 1833 ὥσπερ
3659 1768 3685 1818 ὁ
3714 1766 3831 1836 ἥλιος

592 1830 683 1884 sui
714 1830 934 1897 similis,
958 1830 1014 1901 4
1038 1832 1246 1886 nullam
1276 1843 1487 1903 partem
1501 1843 1776 1905 posteram
1801 1845 1896 1891 aut
1923 1834 2173 1905 imperie-

2290 1818 2466 1917 πάντη
2500 1818 2683 1919 ὅμοιὸς
2714 1818 2853 1916 ἐστι,
2888 1853 2962 1921 μὴ
2992 1818 3131 1921 ἔχων
3155 1871 3206 1906 τι
3242 1853 3415 1924 μέρος
3450 1818 3673 1926 ὕστερον
3704 1818 3827 1927 ῆιέὶ.ζ

592 1931 738 1977 ctam
773 1922 962 1987 habet,
999 1923 1096 1978 sed
1131 1932 1281 1981 totus
1303 1928 1531 1983 omnino
1580 1929 1789 1985 lumine
1823 1940 2097 1993 coruscat,
2123 1938 2179 1984 et

595 2022 745 2068 totus
786 2014 973 2069 lumen
1013 2026 1120 2080 est,
1159 2034 1227 2072 ex
1269 2018 1547 2076 similibus
1586 2022 1838 2092 partibus
1870 2022 2175 2087 conﬂatus;

590 2114 691 2162 aut
738 2108 1205 2178 quemadmodum
1266 2112 1427 2183 ignis,
1486 2114 1665 2185 ipsum
1718 2116 1932 2171 scilicet
1989 2118 2177 2172 lumen

593 2200 759 2271 ignis,
806 2208 956 2257 totus
1004 2202 1107 2257 sibi
1137 2203 1334 2259 similis
1358 2215 1465 2271 est,
1498 2222 1601 2261 nec
1648 2208 1916 2274 anterius,
1962 2218 2057 2264 aut
2081 2226 2180 2278 po-

592 2291 815 2357 sterius,
846 2301 941 2346 aut
975 2294 1171 2363 majus,
1205 2304 1302 2349 aut
1324 2295 1508 2352 minus
1537 2297 1670 2367 quid
1694 2299 1750 2352 in
1774 2314 1833 2353 se
1863 2299 2030 2355 habet
2054 2317 2067 2353 :
2095 2301 2179 2355 sic

579 2392 650 2438 ~ct
697 2384 901 2450 anima,
960 2386 1228 2441 ineffabili
1288 2388 1705 2458 pulchritudine
1734 2391 1921 2461 gloria:
1950 2393 2177 2448 luminis

586 2474 752 2531 faciei
782 2474 987 2531 Christi
1024 2477 1271 2547 perfecte
1310 2479 1607 2545 illustrata,
1644 2488 1700 2536 et
1731 2482 1971 2553 Spiritus
2000 2484 2176 2538 sancti

584 2567 837 2638 perfecte
878 2568 1156 2640 particeps
1197 2570 1360 2637 facta,
1396 2580 1597 2643 etquae
1636 2572 1793 2628 ﬁeret
1826 2573 2094 2629 habitatio
2122 2583 2178 2629 et

587 2658 750 2716 sedes
784 2659 881 2714 Dei
924 2659 1085 2731 digna
1108 2661 1374 2733 judicata,
1436 2671 1549 2718 tota
1583 2664 1798 2729 oculus,
1831 2673 1944 2720 tota
1964 2666 2173 2732 lumen,

593 2758 708 2806 tota
755 2751 1089 2817 facles,»tota
1137 2754 1311 2825 gloria
1336 2764 1392 2810 et
1412 2765 1536 2811 tota
1568 2757 1795 2827 spiritus
1824 2757 1906 2822 ﬁt,
1933 2758 2004 2812 ita
2038 2773 2177 2829 prae-

574 2848 818 2911 :parante
838 2857 961 2897 eam
979 2843 1226 2911 Christo,
1253 2844 1490 2912 ferente,
1523 2858 1739 2918 agente,
1761 2858 2041 2919 portante,
2082 2865 2176 2921 ge-

586 2942 792 3001 stante,
824 2936 1013 3005 sicque
1030 2947 1335 2991 exornante
1350 2953 1414 2993 ac
1435 2937 1732 2995 decorante
1764 2940 1913 2994 illam
1935 2941 2177 3011 pulchri-

590 3028 784 3083 tudine
812 3028 1122 3099 spirituali;
1160 3030 1341 3100 inquit
1364 3031 1513 3086 enim
1539 3049 1554 3085 :
1593 3032 1783 3087 Manus
1808 3033 2035 3088 hominis
2060 3044 2174 3089 erat

576 3119 769 3173 subtus
792 3118 1073 3176 Cherubim
1098 3122 1139 3174 ’.
1167 3120 1303 3187 Quia
1336 3122 1454 3191 ipse
1486 3130 1573 3178 est
1618 3124 1716 3195 qui
1753 3125 1811 3179 in
1836 3141 1902 3183 ea
1926 3127 2169 3195 vehitur,

588 3217 645 3264 et
681 3209 777 3280 qui
804 3210 950 3264 viam
971 3211 1021 3266 ei
1052 3222 1471 3268 commonstrat.

660 3408 751 3465 III.
780 3411 1028 3477 Quatuor
1053 3423 1240 3469 autem
1272 3416 1365 3469 illa
1396 3416 1656 3474 animalia
1684 3435 1908 3475 currum
1937 3421 2172 3478 ferentia

574 3508 780 3572 typum
805 3518 919 3573 pra:
959 3520 1018 3559 se
1053 3504 1307 3561 ferebant
1341 3508 1744 3579 praecipuarum
1775 3512 1971 3567 animae
2004 3514 2173 3567 ratio-

584 3594 726 3649 nalis
754 3595 1019 3664 partium.
1053 3596 1526 3663 Quemadmodum
1550 3601 1701 3656 enim
1742 3603 1925 3673 aquila
1958 3604 2173 3659 exteris

571 3687 787 3742 avibus
825 3686 1167 3754 dominatur,
1213 3700 1271 3745 et
1304 3691 1395 3746 leo
1431 3695 1743 3764 agrestibus
1775 3694 1928 3764 feris,
1952 3712 2018 3752 ac
2048 3707 2170 3752 tau-

588 3794 691 3835 rus
728 3783 1033 3839 mansuetis
1075 3784 1430 3854 animalibus,
1458 3795 1516 3843 et
1536 3788 1704 3843 homo
1736 3790 2008 3846 creaturis
2032 3807 2172 3862 prae-

574 3876 732 3926 stat:
768 3869 850 3924 sic
891 3882 950 3926 et
992 3871 1189 3927 animae
1230 3884 1361 3929 sunt
1388 3878 1667 3945 potentiae,
1695 3879 1815 3935 alia:
1844 3882 1968 3937 aliis
1989 3882 2170 3937 excel-

580 3960 873 4020 lentiores.
926 3962 1061 4019 Dico
1090 3976 1298 4032 autem,
1345 3969 1706 4033 voluntatem,
1748 3973 2166 4033 conscientiam,

586 4062 830 4109 mentem
870 4063 929 4111 et
961 4055 1227 4128 diligendi
1274 4059 1407 4113 vim.
1461 4062 1566 4116 Per
1613 4063 1740 4118 illas
1784 4065 1933 4119 enim
1967 4080 2169 4121 currus

570 4145 1170 4217 xanimzegubernatur,
1198 4160 1255 4205 et
1277 4150 1332 4204 in
1363 4152 1449 4206 his
1472 4155 1771 4224 requiescit
1794 4156 1959 4211 Deus.
1990 4157 2169 4213 Aliter

581 4249 717 4290 vero
749 4245 805 4293 et
847 4238 916 4293 ad
968 4240 1252 4296 cmlestem
1310 4252 1629 4307 sanctorum
1660 4247 1960 4304 Ecclesiam
1990 4258 2167 4307 trans-

576 4326 719 4381 ferri
768 4329 875 4383 hoc
924 4340 1134 4401 potest.
1182 4334 1255 4389 Et
1291 4338 1762 4406 quemadmodum
1815 4342 1950 4398 illuc
2004 4344 2163 4413 dicit,

585 4421 739 4490 quod
790 4424 1049 4479 animalia
1107 4429 1438 4485 erantvalde
1460 4432 1732 4499 sublimia,
1776 4435 1937 4506 plena
1978 4439 2164 4506 oculis,

2197 3177 2241 3235 C

2280 1942 2485 2007 λεῖπον,
2536 1941 2650 1995 ἀλλ’
2677 1942 2799 2007 ὅλος
2844 1942 2904 2007 ἐξ
2949 1943 3071 1996 ὅλου
3126 1944 3449 2009 δεδόξασται
3488 1947 3565 2017 τῷ
3595 1950 3735 2017 φωτὶ,
3757 1949 3825 2000 καὶ

2279 2033 2399 2097 ὅλος
2450 2032 2566 2102 φῶς
2625 2035 2795 2099 ἐστιν,
2839 2034 3175 2107 ὀμοιομερὴς
3240 2039 3556 2107 τυγχάνων·
3612 2040 3821 2108 ἦῶσπερ

2279 2122 2416 2197 πῦρ,
2445 2126 2578 2180 αὐτὸ
2605 2125 2667 2179 τὸ
2696 2127 2814 2195 φῶς
2832 2125 2926 2179 τοῦ
2958 2126 3151 2197 πυρὸς,
3182 2127 3310 2181 ὅλον
3335 2129 3528 2198 ὅμοιον
3552 2130 3689 2200 αὑτῷ
3716 2133 3813 2192 ἐστι,

2280 2221 2375 2271 καὶ
2398 2220 2498 2270 οὐκ
2527 2218 2638 2287 ἔχει
2671 2220 2729 2271 ὲν
2769 2219 2947 2289 ἐαυτῷ
2984 2219 3224 2290 πρῶτον,
3254 2221 3290 2291 ἦ
3316 2220 3569 2291 ἔσχατον,
3603 2221 3634 2291 ἢ
3658 2220 3813 2288 μεῖζον,

2282 2312 2377 2364 καὶ
2411 2310 2634 2363 ἔλαττον
2661 2328 2673 2340 ·
2722 2310 2867 2363 οὕτω
2900 2311 2995 2363 καὶ
3031 2309 3179 2379 ψυχὴ
3224 2312 3262 2382 ή
3305 2311 3736 2382 καταλαμφθεῖσα
3754 2327 3815 2361 τε·

2281 2404 2440 2465 λείως
2485 2402 2587 2455 ὑπὸ
2618 2404 2711 2456 τοῦ
2745 2405 2985 2475 ἀρρήτου
3019 2403 3254 2465 κάλλους
3302 2405 3406 2475 τῆς
3443 2404 3601 2474 δόξης
3630 2404 3710 2457 τοῦ
3735 2421 3814 2473 φω-

2277 2502 2370 2563 τὸς
2400 2498 2494 2553 τοῦ
2544 2497 2840 2570 προσώπου
2885 2500 2981 2553 τοῦ
3022 2497 3293 2571 Χριστοῦ,
3343 2499 3443 2553 καὶ
3496 2500 3808 2569 κοινωνήσασα

2279 2591 2559 2661 Πνεύματι
2591 2591 2731 2662 ἁγίῳ
2757 2591 3001 2656 τελείως,
3035 2592 3129 2645 καὶ
3156 2593 3596 2663 κατοικητήριον
3624 2590 3806 2658 καὶθρό-

2278 2700 2366 2746 νος
2390 2681 2526 2736 Θεοῦ
2553 2682 2954 2747 καταξιωθεῖσα
2994 2682 3277 2751 γενέσθαι,
3316 2683 3415 2755 ὅλη
3455 2681 3708 2753 ὀφθαλμὸς,
3730 2678 3793 2729 καὶ

2277 2775 2374 2845 ὅλη
2413 2775 2549 2845 φῶς,
2590 2775 2683 2829 καὶ
2712 2774 2810 2846 ὅλη
2839 2777 3154 2846 πρόσωπον,
3186 2776 3294 2830 καὶ
3328 2776 3428 2848 ὅλη
3457 2775 3600 2842 δόξα,
3635 2772 3703 2826 καὶ
3725 2770 3793 2837 ὅλη

2278 2867 2497 2938 πνεῦμα
2521 2867 2749 2937 γίνεται,
2778 2866 2948 2929 οὕτως
2982 2868 3151 2939 αὐτὴν
3179 2869 3673 2932 κατασκευάζοντος
3704 2862 3797 2929 Χρι-

2280 2959 2430 3024 στοῦ,
2469 2959 2565 3013 τοῦ
2613 2959 2873 3031 φέροντος
2928 2963 3021 3013 καὶ
3053 2961 3307 3028 ἄγοντος,
3346 2962 3441 3015 καὶ
3481 2959 3799 3030 βαστάζοντος.

2277 3051 2371 3102 καὶ
2416 3049 2706 3121 φοροῦντος
2736 3051 2928 3120 αὐτὴν,
2967 3052 3060 3103 καὶ
3099 3050 3246 3105 οὕτω
3284 3050 3691 3123 εὐτρεπίζοντος,
3732 3041 3802 3098 κε’-

2277 3144 2751 3212 κατακοσμοῦντος
2796 3143 2982 3198 κάλλει
3014 3143 3408 3215 πνευμπικῷ·
3440 3145 3533 3197 καὶ
3568 3141 3664 3210 γάρ
3685 3151 3799 3207 φησιν

2276 3236 2410 3306 Χειρ
2424 3236 2739 3304 ἀνθρώπου
2756 3235 3033 3295 ὑποκάτω
3053 3232 3132 3307 ἦν
3162 3238 3288 3291 τῶν
3309 3235 3611 3306 Χερου6Ιμ·
3630 3234 3698 3286 ὅτι
3730 3227 3801 3281 air

2273 3328 2365 3393 τός
2386 3329 2533 3380 ἐστιν
2560 3327 2589 3380 ὁ
2623 3329 2682 3381 ὲν
2702 3327 2839 3399 αὐτῇ
2870 3326 3295 3398 βασταζόμενος,
3320 3330 3416 3383 καὶ
3434 3325 3633 3397 ὁδηγῶν
3652 3318 3798 3388 αὑτήν.

2344 3422 2420 3476 Γθ.
2445 3421 2628 3474 Τύπον
2661 3421 2719 3474 δὲ
2762 3421 2957 3492 ἔφερον
2983 3422 3053 3476 τὰ
3078 3422 3329 3495 τέσσαρα
3359 3422 3475 3487 ζῶα
3512 3419 3576 3473 τὰ
3617 3417 3799 3485 φέροντι

2273 3514 2336 3568 τὸ
2362 3513 2537 3585 ἅρμα,
2569 3513 2752 3568 αὐτῶν
2780 3514 2890 3567 τῶν
2918 3516 3269 3585 ἡγεμονικῶν
3319 3513 3590 3585 λογισμῶν
3615 3509 3700 3578 τῆς
3724 3505 3799 3574 ψυ-

2246 3644 2249 3647 “
2272 3608 2395 3676 κῆς·
2423 3606 2641 3679 Ϊοσπερ
2668 3606 2776 3678 γὰρ
2803 3606 2831 3658 ὁ
2861 3606 3020 3669 ἀετὸς
3053 3605 3336 3676 βασιλεύει
3365 3605 3475 3659 τῶν
3504 3601 3701 3673 ὀρνέων,
3729 3592 3797 3647 καὶ

2273 3699 2301 3751 ὁ
2330 3698 2465 3753 λέων
2493 3698 2604 3751 τῶν
2659 3699 2870 3770 ἀγρίων
2902 3698 3125 3769 θηρίων,
3158 3699 3260 3753 καὶ
3302 3701 3333 3752 ὁ
3362 3696 3556 3767 ταῦρος
3580 3691 3675 3745 τῶν
3691 3684 3797 3758 ἡμέ-

2277 3807 2384 3862 ρων
2418 3790 2598 3856 ζώων,
2639 3794 2734 3844 καὶ
2770 3794 2798 3845 ὁ
2840 3789 3127 3862 ἄνθρωπος
3168 3791 3284 3844 τῶν
3322 3787 3638 3860 κτισμάτων·
3664 3779 3797 3834 οὔτως

2272 3883 2381 3936 εἰσὶ
2410 3884 2505 3937 καὶ
2542 3883 2593 3936 οἱ
2625 3882 3040 3954 βασιλικώτεροι
3068 3883 3325 3953 λογισμοὶ⁸
3354 3882 3457 3951 τῆς
3483 3875 3660 3949 ψυχῆς·
3687 3868 3795 3933 λέγω

2271 3974 2349 4041 δὲ,
2388 3974 2450 4027 τὸ
2482 3973 2718 4045 θέλημα,
2769 3974 2802 4043 ἡ
2842 3973 3166 4043 συνείδησις,
3209 3976 3239 4026 ὀ
3272 3972 3418 4037 νοῦς,
3453 3972 3485 4040 ἡ
3533 3954 3792 4033 ἀγαπητεκὴ

2269 4067 2530 4139 δύναμις·
2564 4067 2630 4120 δι’
2676 4066 2857 4120 αὐτῶν
2885 4065 2993 4136 γὰρ
3037 4068 3098 4118 ἐδ
3125 4068 3284 4137 ἅρμα
3316 4065 3419 4135 τῆς
3451 4060 3610 4153 Ψυκῆἲ
3632 4048 3791 4153 κυέῳῖ

2272 4163 2452 4224 νᾶται,
2488 4162 2584 4214 καὶ
2612 4160 2694 4223 είς
2738 4158 2964 4222 τούτους
3010 4158 3427 4212 ἐπαναπαύεται
3463 4158 3491 4208 ὀ
3521 4150 3648 4209 Θεός-
3680 4143 3774 4243 Ra“

2271 4252 2434 4307 ἄλλον
2468 4253 2526 4305 δὲ
2554 4252 2776 4323 τρόπον,
2804 4253 2885 4314 εἰς
2916 4250 3015 4321 τὴν
3038 4252 3361 4322 ἐπουράνιον
3392 4240 3685 4334 Ἐκκλησίαν
3714 4240 3790 4334 τιν

2271 4346 2381 4399 τῶν
2418 4345 2592 4413 ἁγίων
2643 4343 3002 4413 λαμϐάνεται.
3044 4343 3154 4396 Καὶ
3185 4342 3378 4411 ὥσπερ
3409 4338 3521 4391 ἐκεῖ
3561 4332 3702 4396 λέγειν
3728 4332 3787 4413 mf

2275 4439 2351 4495 Τὰ
2374 4407 2485 4500 (ad
2520 4434 2600 4509 ἦν
2636 4407 2846 4505 ὐψίηλὰ
2873 4437 3043 4501 λίαν,
3075 4407 3683 4506 γέμοντα-ὀφθαλμῶν,
3712 4407 3789 4509 κρῖ

583 4529 679 4567 nec
700 4515 949 4587 cuiquam
982 4517 1169 4574 licebat
1194 4526 1629 4594 comprehendere
1674 4544 1955 4585 numerum
1983 4533 2166 4588 oculo-

2278 4535 2385 4587 οὐκ
2410 4529 2490 4602 ἦν
2510 4530 2774 4585 δυνατόν
2803 4545 2919 4582 τινι
2944 4526 3304 4582 καταλαϐεῖν
3323 4523 3430 4577 τὸν
3451 4511 3677 4587 ἀριθμὸν
3699 4513 3790 4601 τυςν

583 4626 727 4675 rum,
774 4620 871 4665 aut
897 4612 1279 4671 sublimitatem
1306 4620 1348 4684 ³,
1375 4620 1506 4690 quia
1534 4622 1733 4677 horum
1766 4627 2010 4695 cognitio
2042 4628 2170 4683 data

2278 4622 2615 4693 ὀφθαλμῶν,
2646 4623 2685 4691 ἢ
2711 4621 2778 4674 τὸ
2800 4621 2981 4689 ὕψος,
3016 4622 3098 4673 ὅτι
3116 4621 3223 4673 -ούκ
3246 4616 3400 4686 ἐδόθη
3427 4602 3661 4695 τούτωνή
3678 4608 3788 4695 γνὺξ·

572 4717 695 4756 non
725 4711 845 4771 est;
880 4714 937 4759 et
958 4707 1421 4776 quemadmodum
1453 4712 1637 4768 sidera
1663 4715 1720 4769 in
1751 4717 1892 4772 ccelo
1919 4727 2139 4774 contem

580 4791 727 4861 plari
780 4800 838 4848 et
879 4794 1141 4850 admirari
1184 4798 1372 4853 datum
1403 4812 1488 4856 est
1511 4805 1769 4860 omnibus
1806 4806 2166 4865 hominibus:

2273 4682 2378 4779 σις’
2414 4682 2509 4770 κᾶι
2534 4682 2723 4784 ὥσπερ
2760 4682 2917 4766 τὰῠὲν
2936 4682 3158 4782 ⁷ούρανῷ
3187 4682 3463 4780 ἄστραξτὸ
3491 4699 3590 4793 μὲγ-

2270 4808 2365 4861 καὶ
2396 4782 2701 4877 θαυμάζειν
2725 4806 2884 4875 ἐδόθη
2908 4808 3074 4858 πᾶσιν
3101 4801 3428 4873 ἀνθρώποις,
3458 4792 3515 4845 τὸ
3551 4788 3603 4841 δὲ
3632 4782 3785 4877 εἶδξναι

578 4899 878 4943 numerum
904 4903 1037 4943 vero
1058 4904 1250 4944 eorum
1276 4906 1610 4963 cognoscere
1632 4896 1689 4950 in
1722 4898 1931 4954 nullius
1957 4901 2169 4957 viribus

2278 4903 2360 4955 τὸν
2399 4868 2635 4971 ἀριθμὸν
2663 4899 2841 4953 αὐτῶν
2868 4868 3043 4951 οὐδενὶ
3078 4868 3319 4951 δυνατόν·
3343 4891 3433 4944 τὸν
3460 4881 3608 4939 αὐτὸν
3627 4868 3788 4971 τρόπιν

579 4984 702 5028 est:
739 4976 934 5034 eodem
991 4980 1156 5035 modo
1216 4982 1270 5035 in
1304 4984 1584 5040 caelestem
1619 4998 1938 5043 sanctorum
1972 4991 2164 5047 Eccle-

580 5064 720 5120 sium
764 5069 975 5138 ingredi
1025 5072 1251 5140 quidem
1278 5083 1336 5128 et
1360 5076 1664 5133 refocillari
1702 5082 1960 5138 omnibus
1985 5095 2166 5141 certa-

583 5170 712 5210 men
735 5157 960 5214 inituris
980 5161 1113 5217 licet
1137 5181 1150 5215 :
1181 5179 1519 5234 cognoscere
1545 5184 1682 5224 vero
1707 5180 1766 5225 et
1791 5177 2164 5244 comprehen—

583 5248 719 5304 dere
769 5267 1085 5318 numerum,
1120 5258 1223 5311 soli
1288 5259 1401 5315 Deo
1446 5262 1765 5330 ascribitur,
1822 5266 2010 5337 illique
2063 5271 2165 5325 soli

584 5343 871 5400 tribuitur.
918 5346 1116 5401 Fertur
1161 5349 1327 5420 igitur
1375 5363 1432 5407 et
1475 5355 1699 5410 vehitur
1740 5358 1988 5417 insidens
2013 5363 2106 5418 ille
2135 5381 2166 5418 a

584 5451 752 5490 curru
822 5446 881 5491 et
927 5438 1127 5493 throno
1195 5443 1543 5500 oculatorum
1618 5449 1961 5519 animalium,
2012 5467 2168 5511 auta

586 5530 831 5598 qualibet
849 5531 1052 5597 anima,
1085 5549 1208 5601 quae
1233 5535 1338 5604 ipsi
1364 5538 1600 5595 thronus
1621 5550 1677 5596 et
1704 5544 1865 5601 sedes
1888 5546 2031 5603 facta
2059 5560 2164 5615 est,

583 5630 782 5679 etaua:
836 5625 1031 5680 oculus
1085 5636 1141 5680 et
1173 5626 1359 5682 lumen
1405 5632 1641 5699 exsistit,
1664 5650 1800 5691 cum
1850 5639 2167 5696 ascenderit

656 5800 677 5831 ³
706 5800 908 5855 Ezech.
943 5818 995 5868 Σ,
1032 5803 1084 5855 4.
1168 5803 1188 5834 ⁸
1213 5803 1355 5858 ibid.
1390 5804 1478 5859 12.

2273 4997 2366 5049 ἐπὶ
2404 4958 2503 5066 της
2535 4958 2866 5065 επουρανίου
2892 4991 3223 5062 Ἐκκλησίας
3256 4987 3363 5041 τῶν
3411 4979 3600 5048 ἁγίων,
3632 4966 3682 5066 Eb

2273 5057 2537 5143 εἰσελθείν
2579 5057 3003 5141 καὶῡὰπολαύειν
3030 5057 3121 5146 είς
3149 5081 3317 5150 αὐτὴν
3354 5076 3483 5129 πᾶσι
3509 5066 3609 5123 τοῖς
3633 5057 3787 5150 βοξλφ

2275 5140 2460 5251 μένοις
2492 5177 2865 5248 ἀγωνίσασθαι
2895 5177 3073 5245 ἐδόθη·
3102 5140 3423 5264 ⁷ἰ·ί>ιδὲ’ἱδείν
3462 5156 3551 5264 καλ

2272 5247 2388 5327 ὅείν
2438 5273 2533 5326 τὸν
2565 5270 2819 5342 ἀριθμὸν,
2862 5269 3011 5339 αὑτῷ
3046 5269 3196 5338 μόνῳ
3225 5262 3342 5333 θεῷ
3391 5247 3760 5342 ἀπονέμεῗανιμῗ

2275 5364 2528 5416 νώσκειν.
2570 5329 2818 5429 ’Ᾱγεταί
2837 5329 3020 5412 τοίνυν
3049 5329 3143 5411 καὶ
3174 5346 3443 5449 φέρεθπαι..ὀ

2271 5454 2375 5508 ὑπὸ
2403 5454 2498 5508 τοῦ
2548 5454 2819 5524 ἅρματος,
2857 5451 2951 5505 καὶ
2980 5451 3074 5503 τοῦ
3108 5447 3297 5520 θρόνου
3346 5438 3449 5493 τῶν
3480 5416 3773 5554 ὁλοξέθζλθῗὲἶ

2278 5548 2302 5554 ,κ
2322 5549 2333 5554 -
2485 5549 2506 5554 --
2634 5547 2646 5554 .
2704 5546 2717 5554 .
2752 5547 2764 5554 .
2829 5544 2839 5554 ι
3022 5543 3033 5554 ι
3122 5544 3143 5554 α
3315 5552 3322 5554 _
3341 5533 3493 5554 .-1....ρ
3520 5530 3621 5554 Πητί

2272 5548 2451 5615 ζώων,
2480 5518 2603 5618 ἡτοί
2625 5518 2718 5614 ὕφ’
2748 5544 2985 5649 Exim.“
3006 5518 3755 5649 ‘l’f’ﬁlg.7‘:°‘fﬂg.af$::

2269 5608 2360 5696 νου
2388 5608 2481 5694 xui.
2503 5608 2822 5709 ¹καθέὅρσις,
2873 5608 2968 5693 xui.
3007 5608 3174 5708 οὔσης
3198 5618 3474 5701 Ιόφθαλμοῦ
3502 5608 3585 5668 καὶ
3611 5608 3773 5671 φωτοςο
