  <div class='ocr_page' id='page_1' title='image "/cluster/home/n/w/nwhite01/storage/ocr_20150623/34/coo.31924054869312/240.png"; bbox 0 0 4016 6472; ppageno 0'>
   <div class='ocr_carea' id='block_1_1' title="bbox 250 443 1944 519">
    <p class='ocr_par' dir='ltr' id='par_1_1' title="bbox 250 443 1944 519">
     <span class='ocr_line' id='line_1_1' title="bbox 250 443 1944 519; baseline -0.004 -16"><span class='ocrx_word' id='word_1_1' title='bbox 250 443 625 518; x_wconf 71' lang='grc' dir='ltr'>ἐπιϐεϐηκὼς</span> <span class='ocrx_word' id='word_1_2' title='bbox 650 446 797 519; x_wconf 78' lang='grc' dir='ltr'>αὐτῇ</span> <span class='ocrx_word' id='word_1_3' title='bbox 833 446 932 500; x_wconf 69' lang='lat' dir='ltr'><strong>xui.</strong></span> <span class='ocrx_word' id='word_1_4' title='bbox 955 445 1186 518; x_wconf 80' lang='grc' dir='ltr'>ἡνιοχῶν</span> <span class='ocrx_word' id='word_1_5' title='bbox 1213 446 1332 510; x_wconf 87' lang='grc' dir='ltr'>ταῖς</span> <span class='ocrx_word' id='word_1_6' title='bbox 1360 443 1539 517; x_wconf 83' lang='grc' dir='ltr'>ήνίαις</span> <span class='ocrx_word' id='word_1_7' title='bbox 1565 444 1661 497; x_wconf 81' lang='grc' dir='ltr'>τοῦ</span> <span class='ocrx_word' id='word_1_8' title='bbox 1690 443 1866 497; x_wconf 80' lang='grc' dir='ltr'>Πνεύ-</span> <span class='ocrx_word' id='word_1_9' title='bbox 1889 446 1944 506; x_wconf 81' lang='grc' dir='ltr'><strong>Α</strong></span> 
     </span>
    </p>
   </div>
   <div class='ocr_carea' id='block_1_2' title="bbox 248 537 1867 612">
    <p class='ocr_par' dir='ltr' id='par_1_2' title="bbox 248 537 1867 612">
     <span class='ocr_line' id='line_1_2' title="bbox 248 537 1867 612; baseline -0.004 -19"><span class='ocrx_word' id='word_1_10' title='bbox 248 557 471 612; x_wconf 68' lang='grc' dir='ltr'>ματος,</span> <span class='ocrx_word' id='word_1_11' title='bbox 504 540 605 593; x_wconf 53' lang='grc' dir='ltr'><strong>καὶ⁵</strong></span> <span class='ocrx_word' id='word_1_12' title='bbox 641 539 831 604; x_wconf 87' lang='grc' dir='ltr'>καθὼς</span> <span class='ocrx_word' id='word_1_13' title='bbox 860 541 1168 604; x_wconf 77' lang='grc' dir='ltr'>ἐπίσταται,</span> <span class='ocrx_word' id='word_1_14' title='bbox 1201 539 1409 610; x_wconf 77' lang='grc' dir='ltr'><strong>ὁδηγῶν</strong></span> <span class='ocrx_word' id='word_1_15' title='bbox 1432 538 1623 610; x_wconf 84' lang='grc' dir='ltr'>αὐτήν.</span> <span class='ocrx_word' id='word_1_16' title='bbox 1654 537 1867 608; x_wconf 82' lang='grc' dir='ltr'>Ὠσπερ</span> 
     </span>
    </p>
   </div>
   <div class='ocr_carea' id='block_1_3' title="bbox 240 628 1869 702">
    <p class='ocr_par' dir='ltr' id='par_1_3' title="bbox 240 628 1869 702">
     <span class='ocr_line' id='line_1_3' title="bbox 240 628 1869 702; baseline -0.004 -16"><span class='ocrx_word' id='word_1_17' title='bbox 240 634 377 702; x_wconf 73' lang='grc' dir='ltr'>γὰρ</span> <span class='ocrx_word' id='word_1_18' title='bbox 421 632 498 684; x_wconf 78' lang='grc' dir='ltr'>τὰ</span> <span class='ocrx_word' id='word_1_19' title='bbox 549 630 668 695; x_wconf 80' lang='grc' dir='ltr'>ζῶα</span> <span class='ocrx_word' id='word_1_20' title='bbox 720 630 791 685; x_wconf 82' lang='grc' dir='ltr'>τὰ</span> <span class='ocrx_word' id='word_1_21' title='bbox 837 630 1206 702; x_wconf 81' lang='grc' dir='ltr'>πνευματικὰ,</span> <span class='ocrx_word' id='word_1_22' title='bbox 1251 631 1348 701; x_wconf 89' lang='grc' dir='ltr'>ούχ</span> <span class='ocrx_word' id='word_1_23' title='bbox 1399 632 1533 684; x_wconf 84' lang='grc' dir='ltr'>ὅπου</span> <span class='ocrx_word' id='word_1_24' title='bbox 1587 628 1869 682; x_wconf 76' lang='grc' dir='ltr'>ἐϐούλοντο</span> 
     </span>
    </p>
   </div>
   <div class='ocr_carea' id='block_1_4' title="bbox 236 719 1869 796">
    <p class='ocr_par' dir='ltr' id='par_1_4' title="bbox 236 719 1869 796">
     <span class='ocr_line' id='line_1_4' title="bbox 236 719 1869 796; baseline -0.004 -18"><span class='ocrx_word' id='word_1_25' title='bbox 236 722 613 795; x_wconf 79' lang='grc' dir='ltr'>πορεύεσθαι</span> <span class='ocrx_word' id='word_1_26' title='bbox 650 723 999 796; x_wconf 89' lang='grc' dir='ltr'>ἐπορεύοντο,</span> <span class='ocrx_word' id='word_1_27' title='bbox 1024 724 1140 777; x_wconf 84' lang='grc' dir='ltr'>ἀλλ’</span> <span class='ocrx_word' id='word_1_28' title='bbox 1171 725 1307 777; x_wconf 83' lang='grc' dir='ltr'>ὅπου</span> <span class='ocrx_word' id='word_1_29' title='bbox 1337 723 1454 793; x_wconf 80' lang='grc' dir='ltr'>ᾔδει</span> <span class='ocrx_word' id='word_1_30' title='bbox 1503 721 1598 774; x_wconf 70' lang='grc' dir='ltr'><strong>καὶ</strong></span> <span class='ocrx_word' id='word_1_31' title='bbox 1626 719 1818 792; x_wconf 72' lang='grc' dir='ltr'>ἢθελεν</span> <span class='ocrx_word' id='word_1_32' title='bbox 1840 720 1869 772; x_wconf 99' lang='lat'><strong>6</strong></span> 
     </span>
    </p>
   </div>
   <div class='ocr_carea' id='block_1_5' title="bbox 232 812 1872 885">
    <p class='ocr_par' dir='ltr' id='par_1_5' title="bbox 232 812 1872 885">
     <span class='ocr_line' id='line_1_5' title="bbox 232 812 1872 885; baseline -0.002 -16"><span class='ocrx_word' id='word_1_33' title='bbox 232 813 690 885; x_wconf 73' lang='grc' dir='ltr'>ὲπικαθήμενος</span> <span class='ocrx_word' id='word_1_34' title='bbox 736 815 832 869; x_wconf 71' lang='grc' dir='ltr'><strong>καὶ</strong></span> <span class='ocrx_word' id='word_1_35' title='bbox 866 815 1123 871; x_wconf 83' lang='grc' dir='ltr'>εὐθύνων.</span> <span class='ocrx_word' id='word_1_36' title='bbox 1172 812 1329 869; x_wconf 79' lang='grc' dir='ltr'>Οὕτω</span> <span class='ocrx_word' id='word_1_37' title='bbox 1362 815 1458 866; x_wconf 76' lang='grc' dir='ltr'><strong>καὶ</strong></span> <span class='ocrx_word' id='word_1_38' title='bbox 1490 812 1746 875; x_wconf 80' lang='grc' dir='ltr'>ἐνταῦθα,</span> <span class='ocrx_word' id='word_1_39' title='bbox 1775 813 1872 865; x_wconf 88' lang='grc' dir='ltr'>αύ-</span> 
     </span>
    </p>
   </div>
   <div class='ocr_carea' id='block_1_6' title="bbox 238 905 1866 979">
    <p class='ocr_par' dir='ltr' id='par_1_6' title="bbox 238 905 1866 979">
     <span class='ocr_line' id='line_1_6' title="bbox 238 905 1866 979; baseline -0.001 -20"><span class='ocrx_word' id='word_1_40' title='bbox 238 908 365 969; x_wconf 79' lang='grc' dir='ltr'><strong>τδς</strong></span> <span class='ocrx_word' id='word_1_41' title='bbox 411 908 633 976; x_wconf 67' lang='grc' dir='ltr'>ἡνιοχεῖ</span> <span class='ocrx_word' id='word_1_42' title='bbox 673 906 767 960; x_wconf 80' lang='grc' dir='ltr'><strong>καὶ</strong></span> <span class='ocrx_word' id='word_1_43' title='bbox 806 907 932 975; x_wconf 82' lang='grc' dir='ltr'>ἄγει</span> <span class='ocrx_word' id='word_1_44' title='bbox 979 907 1188 979; x_wconf 84' lang='grc' dir='ltr'>ὁδηγῶν</span> <span class='ocrx_word' id='word_1_45' title='bbox 1230 908 1309 979; x_wconf 80' lang='grc' dir='ltr'>τῷ</span> <span class='ocrx_word' id='word_1_46' title='bbox 1354 906 1632 977; x_wconf 82' lang='grc' dir='ltr'>Πνεύματι</span> <span class='ocrx_word' id='word_1_47' title='bbox 1664 905 1866 959; x_wconf 83' lang='grc' dir='ltr'>αὐτοῦ·</span> 
     </span>
    </p>
   </div>
   <div class='ocr_carea' id='block_1_7' title="bbox 252 996 1872 1069">
    <p class='ocr_par' dir='ltr' id='par_1_7' title="bbox 252 996 1872 1069">
     <span class='ocr_line' id='line_1_7' title="bbox 252 996 1872 1069; baseline 0 -18"><span class='ocrx_word' id='word_1_48' title='bbox 252 996 450 1060; x_wconf 68' lang='grc' dir='ltr'>οὕτως</span> <span class='ocrx_word' id='word_1_49' title='bbox 492 998 595 1050; x_wconf 70' lang='grc' dir='ltr'><strong>καὶ</strong></span> <span class='ocrx_word' id='word_1_50' title='bbox 650 997 993 1069; x_wconf 86' lang='grc' dir='ltr'>πορεύονται,</span> <span class='ocrx_word' id='word_1_51' title='bbox 1038 1000 1101 1052; x_wconf 87' lang='grc' dir='ltr'><strong>οὐ</strong></span> <span class='ocrx_word' id='word_1_52' title='bbox 1158 1000 1300 1053; x_wconf 86' lang='grc' dir='ltr'><strong>κατά</strong></span> <span class='ocrx_word' id='word_1_53' title='bbox 1338 999 1398 1053; x_wconf 82' lang='grc' dir='ltr'>τὺ</span> <span class='ocrx_word' id='word_1_54' title='bbox 1438 997 1620 1053; x_wconf 85' lang='grc' dir='ltr'>αὑτῶν</span> <span class='ocrx_word' id='word_1_55' title='bbox 1657 997 1872 1067; x_wconf 79' lang='grc' dir='ltr'>θέλημα</span> 
     </span>
    </p>
   </div>
   <div class='ocr_carea' id='block_1_8' title="bbox 259 1086 1871 1162">
    <p class='ocr_par' dir='ltr' id='par_1_8' title="bbox 259 1086 1871 1162">
     <span class='ocr_line' id='line_1_8' title="bbox 259 1086 1871 1162; baseline -0.001 -19"><span class='ocrx_word' id='word_1_56' title='bbox 259 1091 367 1143; x_wconf 78' lang='grc' dir='ltr'><strong>ὅτε</strong></span> <span class='ocrx_word' id='word_1_57' title='bbox 414 1088 710 1159; x_wconf 86' lang='grc' dir='ltr'>βούλονται</span> <span class='ocrx_word' id='word_1_58' title='bbox 750 1091 808 1143; x_wconf 86' lang='grc' dir='ltr'><strong>ἐν</strong></span> <span class='ocrx_word' id='word_1_59' title='bbox 848 1089 925 1160; x_wconf 82' lang='grc' dir='ltr'>τῷ</span> <span class='ocrx_word' id='word_1_60' title='bbox 972 1090 1220 1162; x_wconf 83' lang='grc' dir='ltr'>οὐρανῷ·</span> <span class='ocrx_word' id='word_1_61' title='bbox 1251 1092 1347 1145; x_wconf 75' lang='grc' dir='ltr'>καὶ</span> <span class='ocrx_word' id='word_1_62' title='bbox 1390 1086 1728 1162; x_wconf 79' lang='grc' dir='ltr'>ἐρριμμένου</span> <span class='ocrx_word' id='word_1_63' title='bbox 1777 1087 1871 1141; x_wconf 83' lang='grc' dir='ltr'>τοῦ</span> 
     </span>
    </p>
   </div>
   <div class='ocr_carea' id='block_1_9' title="bbox 262 1178 1869 1255">
    <p class='ocr_par' dir='ltr' id='par_1_9' title="bbox 262 1178 1869 1255">
     <span class='ocr_line' id='line_1_9' title="bbox 262 1178 1869 1255; baseline -0.003 -18"><span class='ocrx_word' id='word_1_64' title='bbox 262 1182 542 1253; x_wconf 72' lang='grc' dir='ltr'>σώματος</span> <span class='ocrx_word' id='word_1_65' title='bbox 572 1185 783 1255; x_wconf 79' lang='grc' dir='ltr'>ἡνιοχεῖ</span> <span class='ocrx_word' id='word_1_66' title='bbox 812 1183 906 1237; x_wconf 77' lang='grc' dir='ltr'><strong>καὶ</strong></span> <span class='ocrx_word' id='word_1_67' title='bbox 954 1183 1167 1237; x_wconf 81' lang='grc' dir='ltr'>ἐλαύνει</span> <span class='ocrx_word' id='word_1_68' title='bbox 1211 1184 1271 1237; x_wconf 86' lang='grc' dir='ltr'><strong>ἐν</strong></span> <span class='ocrx_word' id='word_1_69' title='bbox 1325 1187 1439 1246; x_wconf 85' lang='grc' dir='ltr'>τοῖς</span> <span class='ocrx_word' id='word_1_70' title='bbox 1492 1182 1743 1254; x_wconf 81' lang='grc' dir='ltr'>ούρανοῖς</span> <span class='ocrx_word' id='word_1_71' title='bbox 1788 1178 1869 1249; x_wconf 86' lang='grc' dir='ltr'>τῷ</span> 
     </span>
    </p>
   </div>
   <div class='ocr_carea' id='block_1_10' title="bbox 257 1271 1872 1347">
    <p class='ocr_par' dir='ltr' id='par_1_10' title="bbox 257 1271 1872 1347">
     <span class='ocr_line' id='line_1_10' title="bbox 257 1271 1872 1347; baseline -0.002 -19"><span class='ocrx_word' id='word_1_72' title='bbox 257 1276 600 1347; x_wconf 70' lang='grc' dir='ltr'>φρονήματι</span> <span class='ocrx_word' id='word_1_73' title='bbox 648 1276 747 1346; x_wconf 83' lang='grc' dir='ltr'>τὴν</span> <span class='ocrx_word' id='word_1_74' title='bbox 787 1276 985 1346; x_wconf 78' lang='grc' dir='ltr'>ψυχήν·</span> <span class='ocrx_word' id='word_1_75' title='bbox 1022 1277 1117 1329; x_wconf 76' lang='grc' dir='ltr'><strong>καὶ</strong></span> <span class='ocrx_word' id='word_1_76' title='bbox 1152 1275 1316 1329; x_wconf 83' lang='grc' dir='ltr'>πάλιν</span> <span class='ocrx_word' id='word_1_77' title='bbox 1345 1275 1435 1328; x_wconf 85' lang='grc' dir='ltr'>ὅτε</span> <span class='ocrx_word' id='word_1_78' title='bbox 1467 1272 1743 1343; x_wconf 85' lang='grc' dir='ltr'>βούλεται,</span> <span class='ocrx_word' id='word_1_79' title='bbox 1775 1271 1872 1343; x_wconf 81' lang='grc' dir='ltr'><strong>ἔρ-</strong></span> 
     </span>
    </p>
   </div>
   <div class='ocr_carea' id='block_1_11' title="bbox 255 1361 1873 1438">
    <p class='ocr_par' dir='ltr' id='par_1_11' title="bbox 255 1361 1873 1438">
     <span class='ocr_line' id='line_1_11' title="bbox 255 1361 1873 1438; baseline -0.004 -17"><span class='ocrx_word' id='word_1_80' title='bbox 255 1384 439 1437; x_wconf 78' lang='grc' dir='ltr'>χεται</span> <span class='ocrx_word' id='word_1_81' title='bbox 474 1370 538 1421; x_wconf 83' lang='grc' dir='ltr'><strong>ἐν</strong></span> <span class='ocrx_word' id='word_1_82' title='bbox 566 1366 648 1437; x_wconf 82' lang='grc' dir='ltr'>τῷ</span> <span class='ocrx_word' id='word_1_83' title='bbox 680 1366 894 1437; x_wconf 84' lang='grc' dir='ltr'>σώματι</span> <span class='ocrx_word' id='word_1_84' title='bbox 942 1367 1038 1421; x_wconf 76' lang='grc' dir='ltr'><strong>καὶ</strong></span> <span class='ocrx_word' id='word_1_85' title='bbox 1064 1370 1177 1431; x_wconf 91' lang='grc' dir='ltr'>τοῖς</span> <span class='ocrx_word' id='word_1_86' title='bbox 1205 1368 1512 1438; x_wconf 82' lang='grc' dir='ltr'><strong>λογισμοῖς·</strong></span> <span class='ocrx_word' id='word_1_87' title='bbox 1541 1365 1631 1419; x_wconf 82' lang='grc' dir='ltr'><strong>ὅτε</strong></span> <span class='ocrx_word' id='word_1_88' title='bbox 1658 1363 1714 1417; x_wconf 81' lang='grc' dir='ltr'>δὲ</span> <span class='ocrx_word' id='word_1_89' title='bbox 1746 1361 1873 1433; x_wconf 85' lang='grc' dir='ltr'>βού-</span> 
     </span>
    </p>
   </div>
   <div class='ocr_carea' id='block_1_12' title="bbox 253 1455 1875 1529">
    <p class='ocr_par' dir='ltr' id='par_1_12' title="bbox 253 1455 1875 1529">
     <span class='ocr_line' id='line_1_12' title="bbox 253 1455 1875 1529; baseline -0.003 -17"><span class='ocrx_word' id='word_1_90' title='bbox 253 1459 429 1512; x_wconf 76' lang='grc' dir='ltr'>λεται</span> <span class='ocrx_word' id='word_1_91' title='bbox 482 1461 568 1522; x_wconf 83' lang='grc' dir='ltr'><strong>είς</strong></span> <span class='ocrx_word' id='word_1_92' title='bbox 598 1458 669 1511; x_wconf 85' lang='grc' dir='ltr'>τὰ</span> <span class='ocrx_word' id='word_1_93' title='bbox 705 1458 921 1529; x_wconf 87' lang='grc' dir='ltr'>πέρατα</span> <span class='ocrx_word' id='word_1_94' title='bbox 948 1458 1048 1529; x_wconf 84' lang='grc' dir='ltr'>τῆς</span> <span class='ocrx_word' id='word_1_95' title='bbox 1089 1460 1215 1529; x_wconf 74' lang='grc' dir='ltr'>γῆς,</span> <span class='ocrx_word' id='word_1_96' title='bbox 1253 1458 1349 1512; x_wconf 75' lang='grc' dir='ltr'>καὶ</span> <span class='ocrx_word' id='word_1_97' title='bbox 1376 1455 1745 1526; x_wconf 74' lang='grc' dir='ltr'>ἀποκαλύψεις</span> <span class='ocrx_word' id='word_1_98' title='bbox 1770 1471 1875 1525; x_wconf 85' lang='grc' dir='ltr'>μυ-</span> 
     </span>
    </p>
   </div>
   <div class='ocr_carea' id='block_1_13' title="bbox 255 1544 1872 1621">
    <p class='ocr_par' dir='ltr' id='par_1_13' title="bbox 255 1544 1872 1621">
     <span class='ocr_line' id='line_1_13' title="bbox 255 1544 1872 1621; baseline -0.004 -18"><span class='ocrx_word' id='word_1_99' title='bbox 255 1550 531 1620; x_wconf 76' lang='grc' dir='ltr'>στηρίων</span> <span class='ocrx_word' id='word_1_100' title='bbox 559 1549 830 1603; x_wconf 87' lang='grc' dir='ltr'>δείκνυσιν</span> <span class='ocrx_word' id='word_1_101' title='bbox 858 1549 1020 1621; x_wconf 81' lang='grc' dir='ltr'>αὐτῇ.</span> <span class='ocrx_word' id='word_1_102' title='bbox 1058 1551 1121 1603; x_wconf 87' lang='grc' dir='ltr'><strong>Ὢ</strong></span> <span class='ocrx_word' id='word_1_103' title='bbox 1148 1549 1243 1603; x_wconf 81' lang='grc' dir='ltr'>τοῦ</span> <span class='ocrx_word' id='word_1_104' title='bbox 1275 1547 1441 1601; x_wconf 77' lang='grc' dir='ltr'>καλοῦ</span> <span class='ocrx_word' id='word_1_105' title='bbox 1487 1547 1582 1601; x_wconf 78' lang='grc' dir='ltr'>καὶ</span> <span class='ocrx_word' id='word_1_106' title='bbox 1610 1544 1872 1616; x_wconf 82' lang='grc' dir='ltr'><strong>χρηστοῦ,</strong></span> 
     </span>
    </p>
   </div>
   <div class='ocr_carea' id='block_1_14' title="bbox 261 1636 1874 1713">
    <p class='ocr_par' dir='ltr' id='par_1_14' title="bbox 261 1636 1874 1713">
     <span class='ocr_line' id='line_1_14' title="bbox 261 1636 1874 1713; baseline -0.005 -18"><span class='ocrx_word' id='word_1_107' title='bbox 261 1642 450 1713; x_wconf 75' lang='grc' dir='ltr'>μόνου</span> <span class='ocrx_word' id='word_1_108' title='bbox 489 1641 712 1712; x_wconf 81' lang='grc' dir='ltr'>ἡνιόχου</span> <span class='ocrx_word' id='word_1_109' title='bbox 741 1641 1029 1713; x_wconf 78' lang='grc' dir='ltr'>ἀληθινοῦί</span> <span class='ocrx_word' id='word_1_110' title='bbox 1072 1641 1230 1695; x_wconf 76' lang='grc' dir='ltr'>Οὕτω</span> <span class='ocrx_word' id='word_1_111' title='bbox 1267 1640 1325 1694; x_wconf 83' lang='grc' dir='ltr'>δὲ</span> <span class='ocrx_word' id='word_1_112' title='bbox 1372 1636 1874 1706; x_wconf 76' lang='grc' dir='ltr'>καταξιωθήσονται</span> 
     </span>
    </p>
   </div>
   <div class='ocr_carea' id='block_1_15' title="bbox 262 1726 1875 1803">
    <p class='ocr_par' dir='ltr' id='par_1_15' title="bbox 262 1726 1875 1803">
     <span class='ocr_line' id='line_1_15' title="bbox 262 1726 1875 1803; baseline -0.005 -16"><span class='ocrx_word' id='word_1_113' title='bbox 262 1733 375 1787; x_wconf 75' lang='grc' dir='ltr'>καὶ</span> <span class='ocrx_word' id='word_1_114' title='bbox 406 1731 486 1786; x_wconf 71' lang='grc' dir='ltr'>τὰ</span> <span class='ocrx_word' id='word_1_115' title='bbox 521 1732 751 1801; x_wconf 84' lang='grc' dir='ltr'>σώματα</span> <span class='ocrx_word' id='word_1_116' title='bbox 785 1734 844 1787; x_wconf 91' lang='grc' dir='ltr'><strong>ἐν</strong></span> <span class='ocrx_word' id='word_1_117' title='bbox 898 1735 965 1803; x_wconf 80' lang='grc' dir='ltr'>τῇ</span> <span class='ocrx_word' id='word_1_118' title='bbox 1013 1732 1333 1795; x_wconf 80' lang='grc' dir='ltr'>ἀναστάσει,</span> <span class='ocrx_word' id='word_1_119' title='bbox 1373 1730 1476 1799; x_wconf 84' lang='grc' dir='ltr'>τῆς</span> <span class='ocrx_word' id='word_1_120' title='bbox 1503 1728 1682 1799; x_wconf 78' lang='grc' dir='ltr'>ψυχῆς</span> <span class='ocrx_word' id='word_1_121' title='bbox 1731 1726 1875 1780; x_wconf 76' lang='grc' dir='ltr'>οὕτω</span> 
     </span>
    </p>
   </div>
   <div class='ocr_carea' id='block_1_16' title="bbox 265 1821 1874 1896">
    <p class='ocr_par' dir='ltr' id='par_1_16' title="bbox 265 1821 1874 1896">
     <span class='ocr_line' id='line_1_16' title="bbox 265 1821 1874 1896; baseline -0.005 -18"><span class='ocrx_word' id='word_1_122' title='bbox 265 1824 375 1878; x_wconf 71' lang='grc' dir='ltr'>νῦν</span> <span class='ocrx_word' id='word_1_123' title='bbox 429 1824 937 1896; x_wconf 75' lang='grc' dir='ltr'>προδοξαζομένης,</span> <span class='ocrx_word' id='word_1_124' title='bbox 992 1825 1088 1878; x_wconf 81' lang='grc' dir='ltr'>καὶ</span> <span class='ocrx_word' id='word_1_125' title='bbox 1135 1823 1215 1894; x_wconf 85' lang='grc' dir='ltr'>τῷ</span> <span class='ocrx_word' id='word_1_126' title='bbox 1256 1822 1535 1894; x_wconf 83' lang='grc' dir='ltr'>Πνεύματι</span> <span class='ocrx_word' id='word_1_127' title='bbox 1572 1821 1874 1891; x_wconf 85' lang='grc' dir='ltr'>άνακιρνω-</span> 
     </span>
    </p>
   </div>
   <div class='ocr_carea' id='block_1_17' title="bbox 266 1914 479 1986">
    <p class='ocr_par' dir='ltr' id='par_1_17' title="bbox 266 1914 479 1986">
     <span class='ocr_line' id='line_1_17' title="bbox 266 1914 479 1986; baseline 0 -19"><span class='ocrx_word' id='word_1_128' title='bbox 266 1914 479 1986; x_wconf 76' lang='grc' dir='ltr'>μένης.</span> 
     </span>
    </p>
   </div>
   <div class='ocr_carea' id='block_1_18' title="bbox 344 1996 1876 2075">
    <p class='ocr_par' dir='ltr' id='par_1_18' title="bbox 344 1996 1876 2075">
     <span class='ocr_line' id='line_1_18' title="bbox 344 1996 1876 2075; baseline -0.006 -17"><span class='ocrx_word' id='word_1_129' title='bbox 344 2005 428 2058; x_wconf 85' lang='grc' dir='ltr'><strong>Δ’.</strong></span> <span class='ocrx_word' id='word_1_130' title='bbox 470 2004 605 2057; x_wconf 86' lang='grc' dir='ltr'>Ὀτι</span> <span class='ocrx_word' id='word_1_131' title='bbox 634 2002 689 2056; x_wconf 81' lang='grc' dir='ltr'>δὲ</span> <span class='ocrx_word' id='word_1_132' title='bbox 713 2003 964 2075; x_wconf 81' lang='grc' dir='ltr'>οὐράνιον</span> <span class='ocrx_word' id='word_1_133' title='bbox 1002 2003 1120 2073; x_wconf 77' lang='grc' dir='ltr'>φῶς</span> <span class='ocrx_word' id='word_1_134' title='bbox 1153 2003 1437 2072; x_wconf 82' lang='grc' dir='ltr'>γίγνονται</span> <span class='ocrx_word' id='word_1_135' title='bbox 1476 2001 1534 2054; x_wconf 89' lang='grc' dir='ltr'><strong>αί</strong></span> <span class='ocrx_word' id='word_1_136' title='bbox 1565 1998 1737 2069; x_wconf 78' lang='grc' dir='ltr'>ψυχαὶ</span> <span class='ocrx_word' id='word_1_137' title='bbox 1765 1996 1876 2050; x_wconf 89' lang='grc' dir='ltr'><strong>τῶν</strong></span> 
     </span>
    </p>
   </div>
   <div class='ocr_carea' id='block_1_19' title="bbox 262 2091 1873 2167">
    <p class='ocr_par' dir='ltr' id='par_1_19' title="bbox 262 2091 1873 2167">
     <span class='ocr_line' id='line_1_19' title="bbox 262 2091 1873 2167; baseline -0.004 -17"><span class='ocrx_word' id='word_1_138' title='bbox 262 2095 554 2160; x_wconf 78' lang='grc' dir='ltr'>δικαίων,</span> <span class='ocrx_word' id='word_1_139' title='bbox 600 2096 764 2160; x_wconf 81' lang='grc' dir='ltr'>αὐτὸς</span> <span class='ocrx_word' id='word_1_140' title='bbox 806 2097 836 2149; x_wconf 89' lang='lat'><strong>6</strong></span> <span class='ocrx_word' id='word_1_141' title='bbox 881 2094 1084 2167; x_wconf 80' lang='grc' dir='ltr'>Κύριος</span> <span class='ocrx_word' id='word_1_142' title='bbox 1115 2097 1230 2159; x_wconf 88' lang='grc' dir='ltr'>τοῖς</span> <span class='ocrx_word' id='word_1_143' title='bbox 1273 2091 1591 2155; x_wconf 84' lang='grc' dir='ltr'>ἀποστόλοις</span> <span class='ocrx_word' id='word_1_144' title='bbox 1651 2091 1873 2160; x_wconf 73' lang='grc' dir='ltr'>ἔλεγεν·</span> 
     </span>
    </p>
   </div>
   <div class='ocr_carea' id='block_1_20' title="bbox 277 2183 1880 2260">
    <p class='ocr_par' dir='ltr' id='par_1_20' title="bbox 277 2183 1880 2260">
     <span class='ocr_line' id='line_1_20' title="bbox 277 2183 1880 2260; baseline -0.006 -17"><span class='ocrx_word' id='word_1_145' title='bbox 277 2187 488 2260; x_wconf 85' lang='grc' dir='ltr'>Ὑμεῖς</span> <span class='ocrx_word' id='word_1_146' title='bbox 519 2188 661 2242; x_wconf 83' lang='grc' dir='ltr'>ἐστε</span> <span class='ocrx_word' id='word_1_147' title='bbox 690 2189 759 2241; x_wconf 88' lang='grc' dir='ltr'>τὸ</span> <span class='ocrx_word' id='word_1_148' title='bbox 797 2185 925 2257; x_wconf 76' lang='grc' dir='ltr'>φῶς</span> <span class='ocrx_word' id='word_1_149' title='bbox 945 2186 1054 2242; x_wconf 85' lang='grc' dir='ltr'>τοῦ</span> <span class='ocrx_word' id='word_1_150' title='bbox 1090 2187 1347 2257; x_wconf 81' lang='grc' dir='ltr'>κόσμου.</span> <span class='ocrx_word' id='word_1_151' title='bbox 1379 2186 1555 2246; x_wconf 80' lang='grc' dir='ltr'>Αὐτὸς</span> <span class='ocrx_word' id='word_1_152' title='bbox 1580 2185 1689 2254; x_wconf 86' lang='grc' dir='ltr'>γὰρ</span> <span class='ocrx_word' id='word_1_153' title='bbox 1706 2183 1880 2252; x_wconf 84' lang='grc' dir='ltr'>άπερ-</span> 
     </span>
    </p>
   </div>
   <div class='ocr_carea' id='block_1_21' title="bbox 273 2271 1879 2351">
    <p class='ocr_par' dir='ltr' id='par_1_21' title="bbox 273 2271 1879 2351">
     <span class='ocr_line' id='line_1_21' title="bbox 273 2271 1879 2351; baseline -0.006 -18"><span class='ocrx_word' id='word_1_154' title='bbox 273 2281 608 2351; x_wconf 79' lang='grc' dir='ltr'>γασάμενος</span> <span class='ocrx_word' id='word_1_155' title='bbox 640 2278 837 2342; x_wconf 78' lang='grc' dir='ltr'>αὐτοὺς</span> <span class='ocrx_word' id='word_1_156' title='bbox 888 2276 1027 2347; x_wconf 78' lang='grc' dir='ltr'>φῶς,</span> <span class='ocrx_word' id='word_1_157' title='bbox 1074 2276 1142 2331; x_wconf 86' lang='grc' dir='ltr'>δι’</span> <span class='ocrx_word' id='word_1_158' title='bbox 1175 2276 1357 2332; x_wconf 79' lang='grc' dir='ltr'>αὐτῶν</span> <span class='ocrx_word' id='word_1_159' title='bbox 1401 2271 1736 2346; x_wconf 78' lang='grc' dir='ltr'>φωτίζεσθαι</span> <span class='ocrx_word' id='word_1_160' title='bbox 1786 2271 1879 2325; x_wconf 79' lang='grc' dir='ltr'><strong>τὸν</strong></span> 
     </span>
    </p>
   </div>
   <div class='ocr_carea' id='block_1_22' title="bbox 286 2365 1877 2442">
    <p class='ocr_par' dir='ltr' id='par_1_22' title="bbox 286 2365 1877 2442">
     <span class='ocr_line' id='line_1_22' title="bbox 286 2365 1877 2442; baseline -0.006 -17"><span class='ocrx_word' id='word_1_161' title='bbox 286 2373 495 2442; x_wconf 73' lang='grc' dir='ltr'>κόσμον</span> <span class='ocrx_word' id='word_1_162' title='bbox 528 2369 854 2442; x_wconf 81' lang='grc' dir='ltr'>προσέταξε·</span> <span class='ocrx_word' id='word_1_163' title='bbox 876 2371 990 2435; x_wconf 73' lang='grc' dir='ltr'>καὶ,</span> <span class='ocrx_word' id='word_1_164' title='bbox 1018 2369 1100 2424; x_wconf 82' lang='grc' dir='ltr'><strong>Οὐ</strong></span> <span class='ocrx_word' id='word_1_165' title='bbox 1129 2369 1394 2430; x_wconf 83' lang='grc' dir='ltr'>καίουσι,</span> <span class='ocrx_word' id='word_1_166' title='bbox 1436 2367 1591 2437; x_wconf 69' lang='grc' dir='ltr'>φησι,</span> <span class='ocrx_word' id='word_1_167' title='bbox 1621 2365 1877 2433; x_wconf 86' lang='grc' dir='ltr'>λύχνον,</span> 
     </span>
    </p>
   </div>
   <div class='ocr_carea' id='block_1_23' title="bbox 292 2457 1878 2531">
    <p class='ocr_par' dir='ltr' id='par_1_23' title="bbox 292 2457 1878 2531">
     <span class='ocr_line' id='line_1_23' title="bbox 292 2457 1878 2531; baseline -0.006 -12"><span class='ocrx_word' id='word_1_168' title='bbox 292 2465 397 2519; x_wconf 74' lang='grc' dir='ltr'>καὶ</span> <span class='ocrx_word' id='word_1_169' title='bbox 424 2462 697 2518; x_wconf 81' lang='grc' dir='ltr'>τιθέασιν</span> <span class='ocrx_word' id='word_1_170' title='bbox 739 2463 861 2518; x_wconf 83' lang='grc' dir='ltr'><strong>ὑπὸ</strong></span> <span class='ocrx_word' id='word_1_171' title='bbox 908 2463 1017 2517; x_wconf 84' lang='grc' dir='ltr'>τὸν</span> <span class='ocrx_word' id='word_1_172' title='bbox 1045 2460 1282 2531; x_wconf 79' lang='grc' dir='ltr'><strong>μόδιον,</strong></span> <span class='ocrx_word' id='word_1_173' title='bbox 1321 2458 1461 2514; x_wconf 81' lang='grc' dir='ltr'>ἀλλ’</span> <span class='ocrx_word' id='word_1_174' title='bbox 1491 2457 1590 2512; x_wconf 75' lang='grc' dir='ltr'>ἐπὶ</span> <span class='ocrx_word' id='word_1_175' title='bbox 1612 2458 1730 2525; x_wconf 85' lang='grc' dir='ltr'>τὴν</span> <span class='ocrx_word' id='word_1_176' title='bbox 1766 2459 1878 2510; x_wconf 81' lang='grc' dir='ltr'>λυ-</span> 
     </span>
    </p>
   </div>
   <div class='ocr_carea' id='block_1_24' title="bbox 294 2548 1883 2627">
    <p class='ocr_par' dir='ltr' id='par_1_24' title="bbox 294 2548 1883 2627">
     <span class='ocr_line' id='line_1_24' title="bbox 294 2548 1883 2627; baseline -0.006 -18"><span class='ocrx_word' id='word_1_177' title='bbox 294 2558 495 2627; x_wconf 79' lang='grc' dir='ltr'>χνίαν,</span> <span class='ocrx_word' id='word_1_178' title='bbox 532 2555 637 2611; x_wconf 78' lang='grc' dir='ltr'>καὶ</span> <span class='ocrx_word' id='word_1_179' title='bbox 672 2554 896 2625; x_wconf 82' lang='grc' dir='ltr'>λάμπει</span> <span class='ocrx_word' id='word_1_180' title='bbox 947 2551 1101 2609; x_wconf 80' lang='grc' dir='ltr'>πᾶσι</span> <span class='ocrx_word' id='word_1_181' title='bbox 1140 2551 1267 2619; x_wconf 81' lang='grc' dir='ltr'>τοῖς</span> <span class='ocrx_word' id='word_1_182' title='bbox 1307 2551 1378 2606; x_wconf 79' lang='grc' dir='ltr'><strong>ἐν</strong></span> <span class='ocrx_word' id='word_1_183' title='bbox 1424 2549 1499 2620; x_wconf 77' lang='grc' dir='ltr'>τῇ</span> <span class='ocrx_word' id='word_1_184' title='bbox 1523 2549 1701 2616; x_wconf 72' lang='grc' dir='ltr'>οἰκίᾳ·</span> <span class='ocrx_word' id='word_1_185' title='bbox 1730 2548 1883 2601; x_wconf 85' lang='grc' dir='ltr'>οὕτω</span> 
     </span>
    </p>
   </div>
   <div class='ocr_carea' id='block_1_25' title="bbox 286 2639 1881 2720">
    <p class='ocr_par' dir='ltr' id='par_1_25' title="bbox 286 2639 1881 2720">
     <span class='ocr_line' id='line_1_25' title="bbox 286 2639 1881 2720; baseline -0.008 -15"><span class='ocrx_word' id='word_1_186' title='bbox 286 2649 589 2720; x_wconf 64' lang='grc' dir='ltr'>λαμψάτω</span> <span class='ocrx_word' id='word_1_187' title='bbox 630 2648 698 2702; x_wconf 83' lang='grc' dir='ltr'>τὸ</span> <span class='ocrx_word' id='word_1_188' title='bbox 727 2647 854 2717; x_wconf 70' lang='grc' dir='ltr'>φῶς</span> <span class='ocrx_word' id='word_1_189' title='bbox 896 2645 1063 2716; x_wconf 83' lang='grc' dir='ltr'>ὑμῶν</span> <span class='ocrx_word' id='word_1_190' title='bbox 1115 2645 1457 2716; x_wconf 70' lang='grc' dir='ltr'>ἔμπροσθεν</span> <span class='ocrx_word' id='word_1_191' title='bbox 1506 2643 1628 2697; x_wconf 88' lang='grc' dir='ltr'><strong>τῶν</strong></span> <span class='ocrx_word' id='word_1_192' title='bbox 1656 2639 1881 2708; x_wconf 78' lang='grc' dir='ltr'>ἀνθρώ-</span> 
     </span>
    </p>
   </div>
   <div class='ocr_carea' id='block_1_26' title="bbox 282 2732 1882 2811">
    <p class='ocr_par' dir='ltr' id='par_1_26' title="bbox 282 2732 1882 2811">
     <span class='ocr_line' id='line_1_26' title="bbox 282 2732 1882 2811; baseline -0.008 -14"><span class='ocrx_word' id='word_1_193' title='bbox 282 2759 437 2797; x_wconf 66' lang='grc' dir='ltr'>πων·</span> <span class='ocrx_word' id='word_1_194' title='bbox 477 2742 604 2795; x_wconf 73' lang='grc' dir='ltr'>ἀντὶ</span> <span class='ocrx_word' id='word_1_195' title='bbox 631 2739 750 2803; x_wconf 81' lang='grc' dir='ltr'>τοῦ,</span> <span class='ocrx_word' id='word_1_196' title='bbox 781 2740 874 2811; x_wconf 83' lang='grc' dir='ltr'><strong>Μὴ</strong></span> <span class='ocrx_word' id='word_1_197' title='bbox 903 2737 1150 2810; x_wconf 74' lang='grc' dir='ltr'>κρύψατε</span> <span class='ocrx_word' id='word_1_198' title='bbox 1176 2738 1238 2792; x_wconf 84' lang='grc' dir='ltr'><strong>τὸ</strong></span> <span class='ocrx_word' id='word_1_199' title='bbox 1259 2738 1399 2809; x_wconf 88' lang='grc' dir='ltr'><strong>δόμα</strong></span> <span class='ocrx_word' id='word_1_200' title='bbox 1433 2736 1461 2790; x_wconf 88' lang='lat'><strong>6</strong></span> <span class='ocrx_word' id='word_1_201' title='bbox 1489 2734 1711 2789; x_wconf 76' lang='grc' dir='ltr'>ἐλάϐετε</span> <span class='ocrx_word' id='word_1_202' title='bbox 1750 2732 1882 2803; x_wconf 87' lang='grc' dir='ltr'>παρ’</span> 
     </span>
    </p>
   </div>
   <div class='ocr_carea' id='block_1_27' title="bbox 287 2825 1880 2906">
    <p class='ocr_par' dir='ltr' id='par_1_27' title="bbox 287 2825 1880 2906">
     <span class='ocr_line' id='line_1_27' title="bbox 287 2825 1880 2906; baseline -0.007 -17"><span class='ocrx_word' id='word_1_203' title='bbox 287 2835 456 2906; x_wconf 80' lang='grc' dir='ltr'>ἐμοῦ,</span> <span class='ocrx_word' id='word_1_204' title='bbox 492 2834 634 2889; x_wconf 83' lang='grc' dir='ltr'>ἀλλὰ</span> <span class='ocrx_word' id='word_1_205' title='bbox 676 2834 797 2888; x_wconf 88' lang='grc' dir='ltr'>δότε</span> <span class='ocrx_word' id='word_1_206' title='bbox 837 2835 973 2887; x_wconf 84' lang='grc' dir='ltr'>πᾶσι</span> <span class='ocrx_word' id='word_1_207' title='bbox 1013 2833 1127 2897; x_wconf 88' lang='grc' dir='ltr'>τοῖς</span> <span class='ocrx_word' id='word_1_208' title='bbox 1163 2829 1530 2903; x_wconf 82' lang='grc' dir='ltr'>βουλομένοις·</span> <span class='ocrx_word' id='word_1_209' title='bbox 1564 2828 1660 2882; x_wconf 69' lang='grc' dir='ltr'><strong>καὶ</strong></span> <span class='ocrx_word' id='word_1_210' title='bbox 1697 2825 1880 2880; x_wconf 85' lang='grc' dir='ltr'>πάλιν·</span> 
     </span>
    </p>
   </div>
   <div class='ocr_carea' id='block_1_28' title="bbox 298 2917 1887 2998">
    <p class='ocr_par' dir='ltr' id='par_1_28' title="bbox 298 2917 1887 2998">
     <span class='ocr_line' id='line_1_28' title="bbox 298 2917 1887 2998; baseline -0.008 -14"><span class='ocrx_word' id='word_1_211' title='bbox 298 2928 361 2983; x_wconf 87' lang='lat'><strong>&#39;0</strong></span> <span class='ocrx_word' id='word_1_212' title='bbox 384 2929 628 2998; x_wconf 83' lang='grc' dir='ltr'>λύχνος</span> <span class='ocrx_word' id='word_1_213' title='bbox 652 2926 759 2980; x_wconf 90' lang='grc' dir='ltr'>τοῦ</span> <span class='ocrx_word' id='word_1_214' title='bbox 791 2924 1085 2995; x_wconf 86' lang='grc' dir='ltr'>σώματος,</span> <span class='ocrx_word' id='word_1_215' title='bbox 1109 2923 1283 2977; x_wconf 77' lang='grc' dir='ltr'>ἐστίν</span> <span class='ocrx_word' id='word_1_216' title='bbox 1313 2923 1346 2976; x_wconf 86' lang='lat' dir='ltr'><strong>d</strong></span> <span class='ocrx_word' id='word_1_217' title='bbox 1373 2920 1701 2990; x_wconf 70' lang='grc' dir='ltr'>ὀφθαλμός.</span> <span class='ocrx_word' id='word_1_218' title='bbox 1751 2917 1887 2971; x_wconf 83' lang='grc' dir='ltr'><strong>Ἐὰν</strong></span> 
     </span>
    </p>
   </div>
   <div class='ocr_carea' id='block_1_29' title="bbox 282 3005 1885 3092">
    <p class='ocr_par' dir='ltr' id='par_1_29' title="bbox 282 3005 1885 3092">
     <span class='ocr_line' id='line_1_29' title="bbox 282 3005 1885 3092; baseline -0.01 -17"><span class='ocrx_word' id='word_1_219' title='bbox 282 3013 325 3092; x_wconf 71' lang='grc' dir='ltr'><strong><em>ᾖ</em></strong></span> <span class='ocrx_word' id='word_1_220' title='bbox 349 3022 385 3074; x_wconf 82' lang='grc' dir='ltr'><em>ὁ</em></span> <span class='ocrx_word' id='word_1_221' title='bbox 434 3017 749 3087; x_wconf 76' lang='grc' dir='ltr'>ὀφθαλμός</span> <span class='ocrx_word' id='word_1_222' title='bbox 780 3032 898 3070; x_wconf 89' lang='grc' dir='ltr'><strong>σου</strong></span> <span class='ocrx_word' id='word_1_223' title='bbox 952 3012 1261 3085; x_wconf 72' lang='grc' dir='ltr'>φωτεινὸς,</span> <span class='ocrx_word' id='word_1_224' title='bbox 1296 3010 1446 3066; x_wconf 78' lang='grc' dir='ltr'>ὅλον</span> <span class='ocrx_word' id='word_1_225' title='bbox 1465 3011 1533 3065; x_wconf 86' lang='grc' dir='ltr'>τὸ</span> <span class='ocrx_word' id='word_1_226' title='bbox 1559 3005 1732 3077; x_wconf 78' lang='grc' dir='ltr'>σῶμά</span> <span class='ocrx_word' id='word_1_227' title='bbox 1767 3021 1885 3060; x_wconf 87' lang='grc' dir='ltr'><strong>σου</strong></span> 
     </span>
    </p>
   </div>
   <div class='ocr_carea' id='block_1_30' title="bbox 1898 1789 1947 1851">
    <p class='ocr_par' dir='ltr' id='par_1_30' title="bbox 1898 1789 1947 1851">
     <span class='ocr_line' id='line_1_30' title="bbox 1898 1789 1947 1851; baseline 0 0"><span class='ocrx_word' id='word_1_228' title='bbox 1898 1789 1947 1851; x_wconf 89' lang='grc' dir='ltr'><strong><em>Β</em></strong></span> 
     </span>
    </p>
   </div>
   <div class='ocr_carea' id='block_1_31' title="bbox 1520 337 1979 402">
    <p class='ocr_par' dir='ltr' id='par_1_31' title="bbox 1520 337 1979 402">
     <span class='ocr_line' id='line_1_31' title="bbox 1520 337 1979 402; baseline 0.007 -3"><span class='ocrx_word' id='word_1_229' title='bbox 1520 337 1892 402; x_wconf 71' lang='lat' dir='ltr'><strong>HOMILIIE.</strong></span> <span class='ocrx_word' id='word_1_230' title='bbox 1909 362 1979 376; x_wconf 88' lang='grc'><strong><em>-</em></strong></span> 
     </span>
    </p>
   </div>
   <div class='ocr_carea' id='block_1_32' title="bbox 2004 337 3541 406">
    <p class='ocr_par' dir='ltr' id='par_1_32' title="bbox 2004 337 3541 406">
     <span class='ocr_line' id='line_1_32' title="bbox 2004 337 3541 406; baseline 0.004 -8"><span class='ocrx_word' id='word_1_231' title='bbox 2004 337 2195 399; x_wconf 80' lang='grc' dir='ltr'><strong>ΗΟΜ.</strong></span> <span class='ocrx_word' id='word_1_232' title='bbox 2236 339 2287 399; x_wconf 88' lang='grc' dir='ltr'><strong>Ι.</strong></span> <span class='ocrx_word' id='word_1_233' title='bbox 3433 340 3541 406; x_wconf 70' lang='grc'><strong>454</strong></span> 
     </span>
    </p>
   </div>
   <div class='ocr_carea' id='block_1_33' title="bbox 1968 444 3546 519">
    <p class='ocr_par' dir='ltr' id='par_1_33' title="bbox 1968 444 3546 519">
     <span class='ocr_line' id='line_1_33' title="bbox 1968 444 3546 519; baseline 0.003 -21"><span class='ocrx_word' id='word_1_234' title='bbox 1968 458 2138 514; x_wconf 84' lang='lat' dir='ltr'><strong>super</strong></span> <span class='ocrx_word' id='word_1_235' title='bbox 2168 445 2341 511; x_wconf 85' lang='lat' dir='ltr'><strong>illam,</strong></span> <span class='ocrx_word' id='word_1_236' title='bbox 2380 444 2616 499; x_wconf 86' lang='lat' dir='ltr'><strong>habenis</strong></span> <span class='ocrx_word' id='word_1_237' title='bbox 2646 444 2886 517; x_wconf 79' lang='lat' dir='ltr'><strong>Spiritus</strong></span> <span class='ocrx_word' id='word_1_238' title='bbox 2907 460 3029 504; x_wconf 88' lang='lat' dir='ltr'><strong>eam</strong></span> <span class='ocrx_word' id='word_1_239' title='bbox 3050 461 3265 516; x_wconf 80' lang='lat' dir='ltr'><strong>regens,</strong></span> <span class='ocrx_word' id='word_1_240' title='bbox 3297 456 3355 502; x_wconf 90' lang='lat' dir='ltr'><strong>et</strong></span> <span class='ocrx_word' id='word_1_241' title='bbox 3378 457 3546 519; x_wconf 92' lang='lat' dir='ltr'><strong>prout</strong></span> 
     </span>
    </p>
   </div>
   <div class='ocr_carea' id='block_1_34' title="bbox 1968 537 3547 604">
    <p class='ocr_par' dir='ltr' id='par_1_34' title="bbox 1968 537 3547 604">
     <span class='ocr_line' id='line_1_34' title="bbox 1968 537 3547 604; baseline 0.003 -13"><span class='ocrx_word' id='word_1_242' title='bbox 1968 539 2126 592; x_wconf 81' lang='lat' dir='ltr'><strong>no‘vit</strong></span> <span class='ocrx_word' id='word_1_243' title='bbox 2154 537 2266 592; x_wconf 79' lang='lat' dir='ltr'><strong>dux</strong></span> <span class='ocrx_word' id='word_1_244' title='bbox 2306 538 2411 593; x_wconf 73' lang='lat' dir='ltr'><strong>viae</strong></span> <span class='ocrx_word' id='word_1_245' title='bbox 2452 538 2505 592; x_wconf 88' lang='lat' dir='ltr'><strong>ei</strong></span> <span class='ocrx_word' id='word_1_246' title='bbox 2543 538 2832 594; x_wconf 78' lang='lat' dir='ltr'><strong>exsistens.</strong></span> <span class='ocrx_word' id='word_1_247' title='bbox 2878 538 3355 604; x_wconf 84' lang='lat' dir='ltr'><strong>Quemadmodum</strong></span> <span class='ocrx_word' id='word_1_248' title='bbox 3397 542 3547 596; x_wconf 90' lang='lat' dir='ltr'><strong>enim</strong></span> 
     </span>
    </p>
   </div>
   <div class='ocr_carea' id='block_1_35' title="bbox 1969 628 3547 700">
    <p class='ocr_par' dir='ltr' id='par_1_35' title="bbox 1969 628 3547 700">
     <span class='ocr_line' id='line_1_35' title="bbox 1969 628 3547 700; baseline 0.003 -18"><span class='ocrx_word' id='word_1_249' title='bbox 1969 629 2229 684; x_wconf 84' lang='lat' dir='ltr'><strong>animalia</strong></span> <span class='ocrx_word' id='word_1_250' title='bbox 2297 628 2626 699; x_wconf 85' lang='lat' dir='ltr'><strong>spiritualia,</strong></span> <span class='ocrx_word' id='word_1_251' title='bbox 2680 644 2792 684; x_wconf 89' lang='lat' dir='ltr'><strong>non</strong></span> <span class='ocrx_word' id='word_1_252' title='bbox 2874 644 3206 700; x_wconf 89' lang='lat' dir='ltr'><strong>quocunque</strong></span> <span class='ocrx_word' id='word_1_253' title='bbox 3262 631 3547 695; x_wconf 87' lang='lat' dir='ltr'><strong>volebant,</strong></span> 
     </span>
    </p>
   </div>
   <div class='ocr_carea' id='block_1_36' title="bbox 1969 720 3551 793">
    <p class='ocr_par' dir='ltr' id='par_1_36' title="bbox 1969 720 3551 793">
     <span class='ocr_line' id='line_1_36' title="bbox 1969 720 3551 793; baseline 0.003 -19"><span class='ocrx_word' id='word_1_254' title='bbox 1969 721 2492 793; x_wconf 76' lang='lat' dir='ltr'><strong>progrediebantur,</strong></span> <span class='ocrx_word' id='word_1_255' title='bbox 2556 720 2654 777; x_wconf 76' lang='lat' dir='ltr'><strong>sed</strong></span> <span class='ocrx_word' id='word_1_256' title='bbox 2712 738 2779 776; x_wconf 91' lang='lat' dir='ltr'><strong>eo</strong></span> <span class='ocrx_word' id='word_1_257' title='bbox 2830 738 2941 792; x_wconf 85' lang='lat' dir='ltr'><strong>quo</strong></span> <span class='ocrx_word' id='word_1_258' title='bbox 2996 724 3207 778; x_wconf 89' lang='lat' dir='ltr'><strong>sciebat</strong></span> <span class='ocrx_word' id='word_1_259' title='bbox 3234 733 3291 779; x_wconf 90' lang='lat' dir='ltr'><strong>et</strong></span> <span class='ocrx_word' id='word_1_260' title='bbox 3328 726 3551 780; x_wconf 88' lang='lat' dir='ltr'><strong>volebat</strong></span> 
     </span>
    </p>
   </div>
   <div class='ocr_carea' id='block_1_37' title="bbox 1970 809 3551 885">
    <p class='ocr_par' dir='ltr' id='par_1_37' title="bbox 1970 809 3551 885">
     <span class='ocr_line' id='line_1_37' title="bbox 1970 809 3551 885; baseline 0.003 -18"><span class='ocrx_word' id='word_1_261' title='bbox 1970 809 2085 880; x_wconf 88' lang='lat' dir='ltr'><strong>ille,</strong></span> <span class='ocrx_word' id='word_1_262' title='bbox 2135 812 2231 883; x_wconf 91' lang='lat' dir='ltr'><strong>qui</strong></span> <span class='ocrx_word' id='word_1_263' title='bbox 2272 811 2547 868; x_wconf 88' lang='lat' dir='ltr'><strong>insidebat</strong></span> <span class='ocrx_word' id='word_1_264' title='bbox 2592 821 2649 869; x_wconf 91' lang='lat' dir='ltr'><strong>et</strong></span> <span class='ocrx_word' id='word_1_265' title='bbox 2704 812 2976 884; x_wconf 80' lang='lat' dir='ltr'><strong>dirigebat</strong></span> <span class='ocrx_word' id='word_1_266' title='bbox 3025 832 3040 868; x_wconf 86' lang='lat'><strong>:</strong></span> <span class='ocrx_word' id='word_1_267' title='bbox 3095 815 3175 869; x_wconf 89' lang='lat' dir='ltr'><strong>sic</strong></span> <span class='ocrx_word' id='word_1_268' title='bbox 3206 830 3428 885; x_wconf 89' lang='lat' dir='ltr'><strong>quoque</strong></span> <span class='ocrx_word' id='word_1_269' title='bbox 3458 815 3551 872; x_wconf 92' lang='lat' dir='ltr'><strong>hic</strong></span> 
     </span>
    </p>
   </div>
   <div class='ocr_carea' id='block_1_38' title="bbox 1972 904 3554 975">
    <p class='ocr_par' dir='ltr' id='par_1_38' title="bbox 1972 904 3554 975">
     <span class='ocr_line' id='line_1_38' title="bbox 1972 904 3554 975; baseline 0.003 -16"><span class='ocrx_word' id='word_1_270' title='bbox 1972 904 2091 975; x_wconf 90' lang='lat' dir='ltr'><strong>ipse</strong></span> <span class='ocrx_word' id='word_1_271' title='bbox 2154 904 2399 959; x_wconf 89' lang='lat' dir='ltr'><strong>habenas</strong></span> <span class='ocrx_word' id='word_1_272' title='bbox 2447 913 2596 959; x_wconf 88' lang='lat' dir='ltr'><strong>tenet</strong></span> <span class='ocrx_word' id='word_1_273' title='bbox 2642 920 2707 959; x_wconf 91' lang='lat' dir='ltr'><strong>ac</strong></span> <span class='ocrx_word' id='word_1_274' title='bbox 2752 906 3094 972; x_wconf 87' lang='lat' dir='ltr'><strong>moderatur,</strong></span> <span class='ocrx_word' id='word_1_275' title='bbox 3125 916 3182 961; x_wconf 89' lang='lat' dir='ltr'><strong>et</strong></span> <span class='ocrx_word' id='word_1_276' title='bbox 3209 909 3352 961; x_wconf 88' lang='lat' dir='ltr'><strong>viam</strong></span> <span class='ocrx_word' id='word_1_277' title='bbox 3393 923 3554 963; x_wconf 88' lang='lat' dir='ltr'><strong>mon-</strong></span> 
     </span>
    </p>
   </div>
   <div class='ocr_carea' id='block_1_39' title="bbox 1972 996 3556 1070">
    <p class='ocr_par' dir='ltr' id='par_1_39' title="bbox 1972 996 3556 1070">
     <span class='ocr_line' id='line_1_39' title="bbox 1972 996 3556 1070; baseline 0.003 -19"><span class='ocrx_word' id='word_1_278' title='bbox 1972 1004 2154 1051; x_wconf 90' lang='lat' dir='ltr'><strong>strans</strong></span> <span class='ocrx_word' id='word_1_279' title='bbox 2177 996 2331 1051; x_wconf 89' lang='lat' dir='ltr'><strong>ducit</strong></span> <span class='ocrx_word' id='word_1_280' title='bbox 2357 996 2413 1051; x_wconf 93' lang='lat' dir='ltr'><strong>in</strong></span> <span class='ocrx_word' id='word_1_281' title='bbox 2429 996 2637 1066; x_wconf 85' lang='lat' dir='ltr'><strong>Spiritu</strong></span> <span class='ocrx_word' id='word_1_282' title='bbox 2671 1010 2806 1052; x_wconf 87' lang='lat' dir='ltr'><strong>suo:</strong></span> <span class='ocrx_word' id='word_1_283' title='bbox 2831 997 2911 1053; x_wconf 87' lang='lat' dir='ltr'><strong>sic</strong></span> <span class='ocrx_word' id='word_1_284' title='bbox 2945 1015 3162 1069; x_wconf 88' lang='lat' dir='ltr'><strong>quoque</strong></span> <span class='ocrx_word' id='word_1_285' title='bbox 3188 999 3556 1070; x_wconf 79' lang='lat' dir='ltr'><strong>progrediun-</strong></span> 
     </span>
    </p>
   </div>
   <div class='ocr_carea' id='block_1_40' title="bbox 1972 1067 3555 1160">
    <p class='ocr_par' dir='ltr' id='par_1_40' title="bbox 1972 1067 3555 1160">
     <span class='ocr_line' id='line_1_40' title="bbox 1972 1067 3555 1160; baseline 0.003 -18"><span class='ocrx_word' id='word_1_286' title='bbox 1972 1095 2066 1142; x_wconf 86' lang='lat' dir='ltr'><strong>tur</strong></span> <span class='ocrx_word' id='word_1_287' title='bbox 2095 1103 2207 1143; x_wconf 88' lang='lat' dir='ltr'><strong>non</strong></span> <span class='ocrx_word' id='word_1_288' title='bbox 2244 1104 2344 1158; x_wconf 91' lang='lat' dir='ltr'><strong>pro</strong></span> <span class='ocrx_word' id='word_1_289' title='bbox 2374 1105 2474 1144; x_wconf 90' lang='lat' dir='ltr'><strong>suo</strong></span> <span class='ocrx_word' id='word_1_290' title='bbox 2525 1089 2743 1155; x_wconf 88' lang='lat' dir='ltr'><strong>habitu,</strong></span> <span class='ocrx_word' id='word_1_291' title='bbox 2796 1106 2906 1160; x_wconf 90' lang='lat' dir='ltr'><strong>quo</strong></span> <span class='ocrx_word' id='word_1_292' title='bbox 2952 1067 3165 1156; x_wconf 70' lang='lat' dir='ltr'><strong>volunt,</strong></span> <span class='ocrx_word' id='word_1_293' title='bbox 3288 1067 3449 1147; x_wconf 75' lang='lat' dir='ltr'><strong>coelo.</strong></span> <span class='ocrx_word' id='word_1_294' title='bbox 3482 1094 3555 1148; x_wconf 86' lang='lat' dir='ltr'><strong>Et</strong></span> 
     </span>
    </p>
   </div>
   <div class='ocr_carea' id='block_1_41' title="bbox 1972 1178 3559 1253">
    <p class='ocr_par' dir='ltr' id='par_1_41' title="bbox 1972 1178 3559 1253">
     <span class='ocr_line' id='line_1_41' title="bbox 1972 1178 3559 1253; baseline 0.004 -21"><span class='ocrx_word' id='word_1_295' title='bbox 1972 1178 2186 1250; x_wconf 85' lang='lat' dir='ltr'><strong>abjecto</strong></span> <span class='ocrx_word' id='word_1_296' title='bbox 2223 1196 2456 1251; x_wconf 88' lang='lat' dir='ltr'><strong>corpore</strong></span> <span class='ocrx_word' id='word_1_297' title='bbox 2493 1180 2649 1236; x_wconf 86' lang='lat' dir='ltr'><strong>ducit</strong></span> <span class='ocrx_word' id='word_1_298' title='bbox 2689 1192 2746 1237; x_wconf 92' lang='lat' dir='ltr'><strong>et</strong></span> <span class='ocrx_word' id='word_1_299' title='bbox 2772 1182 2913 1253; x_wconf 81' lang='lat' dir='ltr'><strong>regit</strong></span> <span class='ocrx_word' id='word_1_300' title='bbox 2942 1183 2998 1237; x_wconf 94' lang='lat' dir='ltr'><strong>in</strong></span> <span class='ocrx_word' id='word_1_301' title='bbox 3025 1184 3181 1238; x_wconf 63' lang='lat' dir='ltr'><strong>caelis</strong></span> <span class='ocrx_word' id='word_1_302' title='bbox 3207 1185 3447 1238; x_wconf 90' lang='lat' dir='ltr'><strong>animam</strong></span> <span class='ocrx_word' id='word_1_303' title='bbox 3471 1200 3559 1239; x_wconf 89' lang='lat' dir='ltr'><strong>sa-</strong></span> 
     </span>
    </p>
   </div>
   <div class='ocr_carea' id='block_1_42' title="bbox 1973 1272 3559 1348">
    <p class='ocr_par' dir='ltr' id='par_1_42' title="bbox 1973 1272 3559 1348">
     <span class='ocr_line' id='line_1_42' title="bbox 1973 1272 3559 1348; baseline 0.004 -22"><span class='ocrx_word' id='word_1_304' title='bbox 1973 1272 2183 1343; x_wconf 89' lang='lat' dir='ltr'><strong>pientia</strong></span> <span class='ocrx_word' id='word_1_305' title='bbox 2211 1290 2225 1327; x_wconf 92' lang='lat'><strong>:</strong></span> <span class='ocrx_word' id='word_1_306' title='bbox 2251 1282 2307 1329; x_wconf 88' lang='lat' dir='ltr'><strong>et</strong></span> <span class='ocrx_word' id='word_1_307' title='bbox 2338 1289 2541 1330; x_wconf 78' lang='lat' dir='ltr'><strong>rursus</strong></span> <span class='ocrx_word' id='word_1_308' title='bbox 2569 1274 2791 1345; x_wconf 85' lang='lat' dir='ltr'><strong>quando</strong></span> <span class='ocrx_word' id='word_1_309' title='bbox 2816 1276 2972 1339; x_wconf 90' lang='lat' dir='ltr'><strong>libet,</strong></span> <span class='ocrx_word' id='word_1_310' title='bbox 3002 1277 3157 1331; x_wconf 80' lang='lat' dir='ltr'><strong>venit</strong></span> <span class='ocrx_word' id='word_1_311' title='bbox 3186 1277 3241 1330; x_wconf 92' lang='lat' dir='ltr'><strong>in</strong></span> <span class='ocrx_word' id='word_1_312' title='bbox 3264 1292 3470 1348; x_wconf 90' lang='lat' dir='ltr'><strong>corpus</strong></span> <span class='ocrx_word' id='word_1_313' title='bbox 3500 1286 3559 1333; x_wconf 89' lang='lat' dir='ltr'><strong>et</strong></span> 
     </span>
    </p>
   </div>
   <div class='ocr_carea' id='block_1_43' title="bbox 1976 1364 3558 1436">
    <p class='ocr_par' dir='ltr' id='par_1_43' title="bbox 1976 1364 3558 1436">
     <span class='ocr_line' id='line_1_43' title="bbox 1976 1364 3558 1436; baseline 0.004 -17"><span class='ocrx_word' id='word_1_314' title='bbox 1976 1364 2379 1434; x_wconf 75' lang='lat' dir='ltr'><strong>cogitationes;</strong></span> <span class='ocrx_word' id='word_1_315' title='bbox 2406 1367 2630 1436; x_wconf 89' lang='lat' dir='ltr'><strong>quando</strong></span> <span class='ocrx_word' id='word_1_316' title='bbox 2655 1377 2838 1422; x_wconf 90' lang='lat' dir='ltr'><strong>autem</strong></span> <span class='ocrx_word' id='word_1_317' title='bbox 2861 1368 2997 1423; x_wconf 88' lang='lat' dir='ltr'><strong>libet</strong></span> <span class='ocrx_word' id='word_1_318' title='bbox 3024 1368 3081 1422; x_wconf 93' lang='lat' dir='ltr'><strong>in</strong></span> <span class='ocrx_word' id='word_1_319' title='bbox 3120 1369 3255 1423; x_wconf 85' lang='lat' dir='ltr'><strong>lines</strong></span> <span class='ocrx_word' id='word_1_320' title='bbox 3291 1378 3470 1434; x_wconf 62' lang='lat' dir='ltr'><strong>terrae,</strong></span> <span class='ocrx_word' id='word_1_321' title='bbox 3497 1379 3558 1425; x_wconf 88' lang='lat' dir='ltr'><strong>et</strong></span> 
     </span>
    </p>
   </div>
   <div class='ocr_carea' id='block_1_44' title="bbox 1974 1458 3561 1530">
    <p class='ocr_par' dir='ltr' id='par_1_44' title="bbox 1974 1458 3561 1530">
     <span class='ocr_line' id='line_1_44' title="bbox 1974 1458 3561 1530; baseline 0.004 -20"><span class='ocrx_word' id='word_1_322' title='bbox 1974 1458 2347 1514; x_wconf 85' lang='lat' dir='ltr'><strong>revelationes</strong></span> <span class='ocrx_word' id='word_1_323' title='bbox 2374 1460 2765 1530; x_wconf 88' lang='lat' dir='ltr'><strong>mysteriorum</strong></span> <span class='ocrx_word' id='word_1_324' title='bbox 2798 1460 3041 1515; x_wconf 87' lang='lat' dir='ltr'><strong>ostendit</strong></span> <span class='ocrx_word' id='word_1_325' title='bbox 3067 1462 3166 1516; x_wconf 93' lang='lat' dir='ltr'><strong>illi.</strong></span> <span class='ocrx_word' id='word_1_326' title='bbox 3196 1462 3241 1518; x_wconf 90' lang='grc' dir='ltr'><strong>Ο</strong></span> <span class='ocrx_word' id='word_1_327' title='bbox 3270 1462 3475 1517; x_wconf 87' lang='lat' dir='ltr'><strong>bonum</strong></span> <span class='ocrx_word' id='word_1_328' title='bbox 3504 1469 3561 1517; x_wconf 89' lang='lat' dir='ltr'><strong>et</strong></span> 
     </span>
    </p>
   </div>
   <div class='ocr_carea' id='block_1_45' title="bbox 1975 1547 3561 1622">
    <p class='ocr_par' dir='ltr' id='par_1_45' title="bbox 1975 1547 3561 1622">
     <span class='ocr_line' id='line_1_45' title="bbox 1975 1547 3561 1622; baseline 0.003 -21"><span class='ocrx_word' id='word_1_329' title='bbox 1975 1547 2171 1602; x_wconf 85' lang='lat' dir='ltr'><strong>utilem</strong></span> <span class='ocrx_word' id='word_1_330' title='bbox 2198 1557 2255 1603; x_wconf 92' lang='lat' dir='ltr'><strong>et</strong></span> <span class='ocrx_word' id='word_1_331' title='bbox 2281 1549 2459 1605; x_wconf 90' lang='lat' dir='ltr'><strong>solum</strong></span> <span class='ocrx_word' id='word_1_332' title='bbox 2488 1564 2683 1605; x_wconf 88' lang='lat' dir='ltr'><strong>verum</strong></span> <span class='ocrx_word' id='word_1_333' title='bbox 2724 1550 3047 1622; x_wconf 81' lang='lat' dir='ltr'><strong>agitatorem</strong></span> <span class='ocrx_word' id='word_1_334' title='bbox 3074 1552 3087 1604; x_wconf 76' lang='grc' dir='ltr'><strong>ι</strong></span> <span class='ocrx_word' id='word_1_335' title='bbox 3117 1551 3327 1605; x_wconf 88' lang='lat' dir='ltr'><strong>Eodem</strong></span> <span class='ocrx_word' id='word_1_336' title='bbox 3376 1560 3561 1607; x_wconf 88' lang='lat' dir='ltr'><strong>autem</strong></span> 
     </span>
    </p>
   </div>
   <div class='ocr_carea' id='block_1_46' title="bbox 1976 1640 3564 1713">
    <p class='ocr_par' dir='ltr' id='par_1_46' title="bbox 1976 1640 3564 1713">
     <span class='ocr_line' id='line_1_46' title="bbox 1976 1640 3564 1713; baseline 0.003 -21"><span class='ocrx_word' id='word_1_337' title='bbox 1976 1646 2034 1692; x_wconf 89' lang='lat' dir='ltr'><strong>et</strong></span> <span class='ocrx_word' id='word_1_338' title='bbox 2061 1653 2295 1709; x_wconf 88' lang='lat' dir='ltr'><strong>corpora</strong></span> <span class='ocrx_word' id='word_1_339' title='bbox 2322 1640 2378 1694; x_wconf 93' lang='lat' dir='ltr'><strong>in</strong></span> <span class='ocrx_word' id='word_1_340' title='bbox 2401 1643 2812 1697; x_wconf 89' lang='lat' dir='ltr'><strong>resurrectione</strong></span> <span class='ocrx_word' id='word_1_341' title='bbox 2841 1641 3004 1712; x_wconf 79' lang='lat' dir='ltr'><strong>digna</strong></span> <span class='ocrx_word' id='word_1_342' title='bbox 3033 1642 3434 1713; x_wconf 75' lang='lat' dir='ltr'><strong>iudicabuntur</strong></span> <span class='ocrx_word' id='word_1_343' title='bbox 3463 1642 3564 1696; x_wconf 87' lang='lat' dir='ltr'><strong>ho-</strong></span> 
     </span>
    </p>
   </div>
   <div class='ocr_carea' id='block_1_47' title="bbox 1978 1733 3558 1804">
    <p class='ocr_par' dir='ltr' id='par_1_47' title="bbox 1978 1733 3558 1804">
     <span class='ocr_line' id='line_1_47' title="bbox 1978 1733 3558 1804; baseline 0.003 -22"><span class='ocrx_word' id='word_1_344' title='bbox 1978 1744 2135 1794; x_wconf 88' lang='lat' dir='ltr'><strong>nore,</strong></span> <span class='ocrx_word' id='word_1_345' title='bbox 2158 1745 2324 1799; x_wconf 89' lang='lat' dir='ltr'><strong>quem</strong></span> <span class='ocrx_word' id='word_1_346' title='bbox 2347 1746 2497 1787; x_wconf 89' lang='lat' dir='ltr'><strong>nunc</strong></span> <span class='ocrx_word' id='word_1_347' title='bbox 2520 1733 2726 1799; x_wconf 87' lang='lat' dir='ltr'><strong>anima,</strong></span> <span class='ocrx_word' id='word_1_348' title='bbox 2755 1749 2879 1804; x_wconf 71' lang='lat' dir='ltr'><strong>qua:</strong></span> <span class='ocrx_word' id='word_1_349' title='bbox 2899 1733 3134 1804; x_wconf 90' lang='lat' dir='ltr'><strong>Spiritui</strong></span> <span class='ocrx_word' id='word_1_350' title='bbox 3164 1734 3427 1804; x_wconf 90' lang='lat' dir='ltr'><strong>permista</strong></span> <span class='ocrx_word' id='word_1_351' title='bbox 3450 1740 3558 1800; x_wconf 91' lang='lat' dir='ltr'><strong>est,</strong></span> 
     </span>
    </p>
   </div>
   <div class='ocr_carea' id='block_1_48' title="bbox 1974 1822 2419 1893">
    <p class='ocr_par' dir='ltr' id='par_1_48' title="bbox 1974 1822 2419 1893">
     <span class='ocr_line' id='line_1_48' title="bbox 1974 1822 2419 1893; baseline 0.009 -19"><span class='ocrx_word' id='word_1_352' title='bbox 1974 1822 2130 1892; x_wconf 90' lang='lat' dir='ltr'><strong>prius</strong></span> <span class='ocrx_word' id='word_1_353' title='bbox 2163 1822 2419 1893; x_wconf 84' lang='lat' dir='ltr'><strong>percipit.</strong></span> 
     </span>
    </p>
   </div>
   <div class='ocr_carea' id='block_1_49' title="bbox 2046 2003 3562 2072">
    <p class='ocr_par' dir='ltr' id='par_1_49' title="bbox 2046 2003 3562 2072">
     <span class='ocr_line' id='line_1_49' title="bbox 2046 2003 3562 2072; baseline 0.006 -14"><span class='ocrx_word' id='word_1_354' title='bbox 2046 2003 2138 2059; x_wconf 87' lang='lat' dir='ltr'><strong>IV.</strong></span> <span class='ocrx_word' id='word_1_355' title='bbox 2168 2004 2327 2072; x_wconf 83' lang='lat' dir='ltr'><strong>Quod</strong></span> <span class='ocrx_word' id='word_1_356' title='bbox 2355 2016 2541 2063; x_wconf 87' lang='lat' dir='ltr'><strong>autem</strong></span> <span class='ocrx_word' id='word_1_357' title='bbox 2578 2008 2634 2063; x_wconf 91' lang='lat' dir='ltr'><strong>in</strong></span> <span class='ocrx_word' id='word_1_358' title='bbox 2667 2009 2892 2066; x_wconf 60' lang='lat' dir='ltr'><strong>caeleste</strong></span> <span class='ocrx_word' id='word_1_359' title='bbox 2942 2010 3134 2066; x_wconf 86' lang='lat' dir='ltr'><strong>lumen</strong></span> <span class='ocrx_word' id='word_1_360' title='bbox 3178 2011 3416 2067; x_wconf 85' lang='lat' dir='ltr'><strong>evadant</strong></span> <span class='ocrx_word' id='word_1_361' title='bbox 3440 2011 3562 2067; x_wconf 50' lang='lat' dir='ltr'><strong>ani.</strong></span> 
     </span>
    </p>
   </div>
   <div class='ocr_carea' id='block_1_50' title="bbox 1977 2098 3567 2174">
    <p class='ocr_par' dir='ltr' id='par_1_50' title="bbox 1977 2098 3567 2174">
     <span class='ocr_line' id='line_1_50' title="bbox 1977 2098 3567 2174; baseline 0.006 -23"><span class='ocrx_word' id='word_1_362' title='bbox 1977 2111 2081 2151; x_wconf 73' lang='lat' dir='ltr'><strong>ma:</strong></span> <span class='ocrx_word' id='word_1_363' title='bbox 2111 2098 2411 2169; x_wconf 86' lang='lat' dir='ltr'><strong>justorum,</strong></span> <span class='ocrx_word' id='word_1_364' title='bbox 2461 2100 2579 2172; x_wconf 92' lang='lat' dir='ltr'><strong>ipse</strong></span> <span class='ocrx_word' id='word_1_365' title='bbox 2623 2103 2889 2159; x_wconf 87' lang='lat' dir='ltr'><strong>Dominus</strong></span> <span class='ocrx_word' id='word_1_366' title='bbox 2928 2104 3195 2174; x_wconf 87' lang='lat' dir='ltr'><strong>apostolis</strong></span> <span class='ocrx_word' id='word_1_367' title='bbox 3242 2104 3414 2161; x_wconf 87' lang='lat' dir='ltr'><strong>dicit:</strong></span> <span class='ocrx_word' id='word_1_368' title='bbox 3468 2105 3567 2161; x_wconf 86' lang='lat' dir='ltr'><strong>Vos</strong></span> 
     </span>
    </p>
   </div>
   <div class='ocr_carea' id='block_1_51' title="bbox 1978 2190 3561 2267">
    <p class='ocr_par' dir='ltr' id='par_1_51' title="bbox 1978 2190 3561 2267">
     <span class='ocr_line' id='line_1_51' title="bbox 1978 2190 3561 2267; baseline 0.006 -23"><span class='ocrx_word' id='word_1_369' title='bbox 1978 2191 2101 2244; x_wconf 82' lang='lat' dir='ltr'><strong>estis</strong></span> <span class='ocrx_word' id='word_1_370' title='bbox 2137 2190 2231 2245; x_wconf 77' lang='lat' dir='ltr'><strong>tua:</strong></span> <span class='ocrx_word' id='word_1_371' title='bbox 2257 2194 2444 2248; x_wconf 86' lang='lat' dir='ltr'><strong>mundi</strong></span> <span class='ocrx_word' id='word_1_372' title='bbox 2466 2195 2511 2248; x_wconf 68' lang='grc'>⁵.</span> <span class='ocrx_word' id='word_1_373' title='bbox 2544 2195 2665 2265; x_wconf 90' lang='lat' dir='ltr'><strong>Ipse</strong></span> <span class='ocrx_word' id='word_1_374' title='bbox 2692 2196 2862 2260; x_wconf 91' lang='lat' dir='ltr'><strong>enim,</strong></span> <span class='ocrx_word' id='word_1_375' title='bbox 2894 2196 2989 2267; x_wconf 92' lang='lat' dir='ltr'><strong>qui</strong></span> <span class='ocrx_word' id='word_1_376' title='bbox 3016 2196 3201 2252; x_wconf 79' lang='lat' dir='ltr'><strong>eﬂ‘ecit</strong></span> <span class='ocrx_word' id='word_1_377' title='bbox 3228 2212 3324 2253; x_wconf 90' lang='lat' dir='ltr'><strong>eos</strong></span> <span class='ocrx_word' id='word_1_378' title='bbox 3357 2198 3561 2264; x_wconf 87' lang='lat' dir='ltr'><strong>lucem,</strong></span> 
     </span>
    </p>
   </div>
   <div class='ocr_carea' id='block_1_52' title="bbox 1979 2283 3566 2360">
    <p class='ocr_par' dir='ltr' id='par_1_52' title="bbox 1979 2283 3566 2360">
     <span class='ocr_line' id='line_1_52' title="bbox 1979 2283 3566 2360; baseline 0.005 -23"><span class='ocrx_word' id='word_1_379' title='bbox 1979 2297 2082 2352; x_wconf 88' lang='lat' dir='ltr'><strong>per</strong></span> <span class='ocrx_word' id='word_1_380' title='bbox 2126 2283 2251 2339; x_wconf 93' lang='lat' dir='ltr'><strong>illos</strong></span> <span class='ocrx_word' id='word_1_381' title='bbox 2295 2286 2597 2343; x_wconf 88' lang='lat' dir='ltr'><strong>illuminari</strong></span> <span class='ocrx_word' id='word_1_382' title='bbox 2644 2289 2910 2344; x_wconf 91' lang='lat' dir='ltr'><strong>mundum</strong></span> <span class='ocrx_word' id='word_1_383' title='bbox 2945 2290 3110 2360; x_wconf 88' lang='lat' dir='ltr'><strong>jussit</strong></span> <span class='ocrx_word' id='word_1_384' title='bbox 3164 2304 3229 2344; x_wconf 91' lang='lat' dir='ltr'><strong>ac</strong></span> <span class='ocrx_word' id='word_1_385' title='bbox 3279 2290 3566 2359; x_wconf 60' lang='lat' dir='ltr'><strong>pracepit.</strong></span> 
     </span>
    </p>
   </div>
   <div class='ocr_carea' id='block_1_53' title="bbox 1979 2374 3570 2452">
    <p class='ocr_par' dir='ltr' id='par_1_53' title="bbox 1979 2374 3570 2452">
     <span class='ocr_line' id='line_1_53' title="bbox 1979 2374 3570 2452; baseline 0.005 -23"><span class='ocrx_word' id='word_1_386' title='bbox 1979 2374 2103 2430; x_wconf 88' lang='lat' dir='ltr'><strong>Non</strong></span> <span class='ocrx_word' id='word_1_387' title='bbox 2150 2379 2443 2433; x_wconf 84' lang='lat' dir='ltr'><strong>accendunt</strong></span> <span class='ocrx_word' id='word_1_388' title='bbox 2499 2379 2792 2447; x_wconf 81' lang='lat' dir='ltr'><strong>lucernam,</strong></span> <span class='ocrx_word' id='word_1_389' title='bbox 2835 2382 3037 2452; x_wconf 90' lang='lat' dir='ltr'><strong>inquit,</strong></span> <span class='ocrx_word' id='word_1_390' title='bbox 3096 2389 3144 2434; x_wconf 83' lang='lat' dir='ltr'><strong>et</strong></span> <span class='ocrx_word' id='word_1_391' title='bbox 3187 2389 3391 2452; x_wconf 86' lang='lat' dir='ltr'><strong>ponunt</strong></span> <span class='ocrx_word' id='word_1_392' title='bbox 3415 2381 3570 2437; x_wconf 84' lang='lat' dir='ltr'><strong>illam</strong></span> 
     </span>
    </p>
   </div>
   <div class='ocr_carea' id='block_1_54' title="bbox 1979 2468 3572 2543">
    <p class='ocr_par' dir='ltr' id='par_1_54' title="bbox 1979 2468 3572 2543">
     <span class='ocr_line' id='line_1_54' title="bbox 1979 2468 3572 2543; baseline 0.004 -22"><span class='ocrx_word' id='word_1_393' title='bbox 1979 2468 2157 2522; x_wconf 85' lang='lat' dir='ltr'><strong>subter</strong></span> <span class='ocrx_word' id='word_1_394' title='bbox 2187 2471 2443 2535; x_wconf 92' lang='lat' dir='ltr'><strong>modium,</strong></span> <span class='ocrx_word' id='word_1_395' title='bbox 2469 2472 2561 2525; x_wconf 85' lang='lat' dir='ltr'><strong>sed</strong></span> <span class='ocrx_word' id='word_1_396' title='bbox 2582 2489 2740 2543; x_wconf 81' lang='lat' dir='ltr'><strong>super</strong></span> <span class='ocrx_word' id='word_1_397' title='bbox 2767 2472 3168 2537; x_wconf 84' lang='lat' dir='ltr'><strong>candelabrum,</strong></span> <span class='ocrx_word' id='word_1_398' title='bbox 3210 2482 3257 2525; x_wconf 89' lang='lat' dir='ltr'><strong>et</strong></span> <span class='ocrx_word' id='word_1_399' title='bbox 3290 2471 3429 2525; x_wconf 87' lang='lat' dir='ltr'><strong>lucet</strong></span> <span class='ocrx_word' id='word_1_400' title='bbox 3464 2489 3572 2527; x_wconf 88' lang='lat' dir='ltr'><strong>om-</strong></span> 
     </span>
    </p>
   </div>
   <div class='ocr_carea' id='block_1_55' title="bbox 1982 2555 3572 2629">
    <p class='ocr_par' dir='ltr' id='par_1_55' title="bbox 1982 2555 3572 2629">
     <span class='ocr_line' id='line_1_55' title="bbox 1982 2555 3572 2629; baseline 0.004 -20"><span class='ocrx_word' id='word_1_401' title='bbox 1982 2555 2155 2622; x_wconf 88' lang='lat' dir='ltr'><strong>nibus,</strong></span> <span class='ocrx_word' id='word_1_402' title='bbox 2194 2559 2285 2629; x_wconf 91' lang='lat' dir='ltr'><strong>qui</strong></span> <span class='ocrx_word' id='word_1_403' title='bbox 2312 2567 2434 2612; x_wconf 86' lang='lat' dir='ltr'><strong>sunt</strong></span> <span class='ocrx_word' id='word_1_404' title='bbox 2462 2559 2515 2613; x_wconf 85' lang='lat' dir='ltr'><strong>in</strong></span> <span class='ocrx_word' id='word_1_405' title='bbox 2543 2559 2733 2615; x_wconf 88' lang='lat' dir='ltr'><strong>domo:</strong></span> <span class='ocrx_word' id='word_1_406' title='bbox 2762 2560 2837 2614; x_wconf 89' lang='lat' dir='ltr'><strong>sic</strong></span> <span class='ocrx_word' id='word_1_407' title='bbox 2863 2558 3033 2614; x_wconf 80' lang='lat' dir='ltr'><strong>luceat</strong></span> <span class='ocrx_word' id='word_1_408' title='bbox 3057 2559 3149 2614; x_wconf 74' lang='lat' dir='ltr'><strong>lux</strong></span> <span class='ocrx_word' id='word_1_409' title='bbox 3181 2568 3356 2614; x_wconf 82' lang='lat' dir='ltr'><strong>vestra</strong></span> <span class='ocrx_word' id='word_1_410' title='bbox 3388 2575 3572 2615; x_wconf 79' lang='lat' dir='ltr'><strong>coram</strong></span> 
     </span>
    </p>
   </div>
   <div class='ocr_carea' id='block_1_56' title="bbox 1982 2644 3559 2717">
    <p class='ocr_par' dir='ltr' id='par_1_56' title="bbox 1982 2644 3559 2717">
     <span class='ocr_line' id='line_1_56' title="bbox 1982 2644 3559 2717; baseline 0 -16"><span class='ocrx_word' id='word_1_411' title='bbox 1982 2648 2277 2702; x_wconf 81' lang='lat' dir='ltr'><strong>hominibus</strong></span> <span class='ocrx_word' id='word_1_412' title='bbox 2297 2649 2340 2714; x_wconf 85' lang='lat'><strong>&#39;,</strong></span> <span class='ocrx_word' id='word_1_413' title='bbox 2382 2650 2491 2704; x_wconf 91' lang='lat' dir='ltr'><strong>hoc</strong></span> <span class='ocrx_word' id='word_1_414' title='bbox 2549 2658 2656 2714; x_wconf 90' lang='lat' dir='ltr'><strong>est,</strong></span> <span class='ocrx_word' id='word_1_415' title='bbox 2711 2664 2782 2705; x_wconf 88' lang='lat' dir='ltr'><strong>ne</strong></span> <span class='ocrx_word' id='word_1_416' title='bbox 2839 2649 3101 2704; x_wconf 90' lang='lat' dir='ltr'><strong>ocultetis</strong></span> <span class='ocrx_word' id='word_1_417' title='bbox 3146 2648 3375 2709; x_wconf 86' lang='lat' dir='ltr'><strong>donum,</strong></span> <span class='ocrx_word' id='word_1_418' title='bbox 3410 2644 3559 2717; x_wconf 92' lang='lat' dir='ltr'><strong>quod</strong></span> 
     </span>
    </p>
   </div>
   <div class='ocr_carea' id='block_1_57' title="bbox 1982 2738 3569 2810">
    <p class='ocr_par' dir='ltr' id='par_1_57' title="bbox 1982 2738 3569 2810">
     <span class='ocr_line' id='line_1_57' title="bbox 1982 2738 3569 2810; baseline 0 -17"><span class='ocrx_word' id='word_1_419' title='bbox 1982 2739 2275 2810; x_wconf 89' lang='lat' dir='ltr'><strong>accepistis</strong></span> <span class='ocrx_word' id='word_1_420' title='bbox 2302 2756 2332 2795; x_wconf 91' lang='lat' dir='ltr'><strong>a</strong></span> <span class='ocrx_word' id='word_1_421' title='bbox 2358 2756 2466 2804; x_wconf 91' lang='lat' dir='ltr'><strong>me,</strong></span> <span class='ocrx_word' id='word_1_422' title='bbox 2521 2742 2617 2796; x_wconf 90' lang='lat' dir='ltr'><strong>sed</strong></span> <span class='ocrx_word' id='word_1_423' title='bbox 2670 2740 2798 2796; x_wconf 86' lang='lat' dir='ltr'><strong>date</strong></span> <span class='ocrx_word' id='word_1_424' title='bbox 2844 2741 3106 2795; x_wconf 90' lang='lat' dir='ltr'><strong>omnibus</strong></span> <span class='ocrx_word' id='word_1_425' title='bbox 3132 2738 3469 2795; x_wconf 89' lang='lat' dir='ltr'><strong>volentibus.</strong></span> <span class='ocrx_word' id='word_1_426' title='bbox 3498 2739 3569 2794; x_wconf 88' lang='lat' dir='ltr'><strong>Et</strong></span> 
     </span>
    </p>
   </div>
   <div class='ocr_carea' id='block_1_58' title="bbox 1984 2830 3570 2905">
    <p class='ocr_par' dir='ltr' id='par_1_58' title="bbox 1984 2830 3570 2905">
     <span class='ocr_line' id='line_1_58' title="bbox 1984 2830 3570 2905; baseline -0.001 -20"><span class='ocrx_word' id='word_1_427' title='bbox 1984 2845 2220 2890; x_wconf 86' lang='lat' dir='ltr'><strong>rursus:</strong></span> <span class='ocrx_word' id='word_1_428' title='bbox 2257 2832 2500 2888; x_wconf 80' lang='lat' dir='ltr'><strong>Lucerna</strong></span> <span class='ocrx_word' id='word_1_429' title='bbox 2540 2834 2774 2905; x_wconf 82' lang='lat' dir='ltr'><strong>corporis</strong></span> <span class='ocrx_word' id='word_1_430' title='bbox 2832 2842 2909 2887; x_wconf 86' lang='lat' dir='ltr'><strong>est</strong></span> <span class='ocrx_word' id='word_1_431' title='bbox 2956 2832 3157 2887; x_wconf 87' lang='lat' dir='ltr'><strong>oculus.</strong></span> <span class='ocrx_word' id='word_1_432' title='bbox 3223 2830 3355 2887; x_wconf 87' lang='lat' dir='ltr'><strong>Cum</strong></span> <span class='ocrx_word' id='word_1_433' title='bbox 3406 2832 3570 2902; x_wconf 83' lang='lat' dir='ltr'><strong>igitur</strong></span> 
     </span>
    </p>
   </div>
   <div class='ocr_carea' id='block_1_59' title="bbox 1985 2924 3570 2997">
    <p class='ocr_par' dir='ltr' id='par_1_59' title="bbox 1985 2924 3570 2997">
     <span class='ocr_line' id='line_1_59' title="bbox 1985 2924 3570 2997; baseline -0.001 -19"><span class='ocrx_word' id='word_1_434' title='bbox 1985 2925 2165 2981; x_wconf 89' lang='lat' dir='ltr'><strong>oculus</strong></span> <span class='ocrx_word' id='word_1_435' title='bbox 2182 2934 2300 2979; x_wconf 88' lang='lat' dir='ltr'><strong>tuus</strong></span> <span class='ocrx_word' id='word_1_436' title='bbox 2322 2926 2481 2997; x_wconf 78' lang='lat' dir='ltr'><strong>fuerit</strong></span> <span class='ocrx_word' id='word_1_437' title='bbox 2519 2924 2743 2991; x_wconf 89' lang='lat' dir='ltr'><strong>lucidus,</strong></span> <span class='ocrx_word' id='word_1_438' title='bbox 2776 2933 2942 2979; x_wconf 86' lang='lat' dir='ltr'><strong>totum</strong></span> <span class='ocrx_word' id='word_1_439' title='bbox 2971 2941 3174 2996; x_wconf 87' lang='lat' dir='ltr'><strong>quoque</strong></span> <span class='ocrx_word' id='word_1_440' title='bbox 3200 2941 3389 2996; x_wconf 86' lang='lat' dir='ltr'><strong>corpus</strong></span> <span class='ocrx_word' id='word_1_441' title='bbox 3418 2935 3570 2978; x_wconf 87' lang='lat' dir='ltr'><strong>tuum</strong></span> 
     </span>
    </p>
   </div>
   <div class='ocr_carea' id='block_1_60' title="bbox 1988 3013 3572 3085">
    <p class='ocr_par' dir='ltr' id='par_1_60' title="bbox 1988 3013 3572 3085">
     <span class='ocr_line' id='line_1_60' title="bbox 1988 3013 3572 3085; baseline -0.002 -16"><span class='ocrx_word' id='word_1_442' title='bbox 1988 3013 2038 3085; x_wconf 79' lang='lat'><strong>5</strong></span> <span class='ocrx_word' id='word_1_443' title='bbox 2058 3014 2288 3070; x_wconf 85' lang='lat' dir='ltr'><strong>lucidum</strong></span> <span class='ocrx_word' id='word_1_444' title='bbox 2317 3017 2437 3071; x_wconf 89' lang='lat' dir='ltr'><strong>erit.</strong></span> <span class='ocrx_word' id='word_1_445' title='bbox 2466 3014 2623 3082; x_wconf 83' lang='lat' dir='ltr'><strong>Quod</strong></span> <span class='ocrx_word' id='word_1_446' title='bbox 2635 3017 2680 3070; x_wconf 86' lang='lat' dir='ltr'><strong>si</strong></span> <span class='ocrx_word' id='word_1_447' title='bbox 2700 3016 2874 3070; x_wconf 88' lang='lat' dir='ltr'><strong>malus</strong></span> <span class='ocrx_word' id='word_1_448' title='bbox 2895 3016 3014 3080; x_wconf 87' lang='lat' dir='ltr'><strong>erit,</strong></span> <span class='ocrx_word' id='word_1_449' title='bbox 3038 3024 3206 3069; x_wconf 88' lang='lat' dir='ltr'><strong>totum</strong></span> <span class='ocrx_word' id='word_1_450' title='bbox 3226 3031 3427 3085; x_wconf 89' lang='lat' dir='ltr'><strong>quoque</strong></span> <span class='ocrx_word' id='word_1_451' title='bbox 3452 3030 3572 3067; x_wconf 84' lang='lat' dir='ltr'><strong>cor-</strong></span> 
     </span>
    </p>
   </div>
   <div class='ocr_carea' id='block_1_61' title="bbox 281 3100 1877 3193">
    <p class='ocr_par' dir='ltr' id='par_1_61' title="bbox 281 3100 1877 3193">
     <span class='ocr_line' id='line_1_61' title="bbox 281 3100 1877 3193; baseline -0.009 -26"><span class='ocrx_word' id='word_1_452' title='bbox 281 3111 679 3183; x_wconf 68' lang='grc' dir='ltr'>πεςρὼτισται·</span> <span class='ocrx_word' id='word_1_453' title='bbox 714 3111 766 3164; x_wconf 81' lang='grc' dir='ltr'>εὶ</span> <span class='ocrx_word' id='word_1_454' title='bbox 794 3108 864 3162; x_wconf 84' lang='grc' dir='ltr'>δὲ</span> <span class='ocrx_word' id='word_1_455' title='bbox 890 3110 922 3162; x_wconf 86' lang='grc' dir='ltr'><strong>ό</strong></span> <span class='ocrx_word' id='word_1_456' title='bbox 953 3104 1263 3177; x_wconf 75' lang='grc' dir='ltr'>ὀφθαλμός</span> <span class='ocrx_word' id='word_1_457' title='bbox 1290 3120 1407 3159; x_wconf 88' lang='grc' dir='ltr'>σου</span> <span class='ocrx_word' id='word_1_458' title='bbox 1429 3100 1711 3193; x_wconf 64' lang='grc' dir='ltr'>πονηρὸς,</span> <span class='ocrx_word' id='word_1_459' title='bbox 1736 3100 1877 3193; x_wconf 80' lang='grc' dir='ltr'>ὅλον</span> 
     </span>
    </p>
   </div>
   <div class='ocr_carea' id='block_1_62' title="bbox 1983 3100 3565 3193">
    <p class='ocr_par' dir='ltr' id='par_1_62' title="bbox 1987 3103 3565 3177">
     <span class='ocr_line' id='line_1_62' title="bbox 1987 3103 3565 3177; baseline -0.003 -17"><span class='ocrx_word' id='word_1_460' title='bbox 1987 3123 2084 3177; x_wconf 85' lang='lat' dir='ltr'><strong>pus</strong></span> <span class='ocrx_word' id='word_1_461' title='bbox 2113 3115 2260 3161; x_wconf 88' lang='lat' dir='ltr'><strong>tuum</strong></span> <span class='ocrx_word' id='word_1_462' title='bbox 2302 3106 2634 3161; x_wconf 84' lang='lat' dir='ltr'><strong>tenebrosum</strong></span> <span class='ocrx_word' id='word_1_463' title='bbox 2666 3108 2786 3161; x_wconf 88' lang='lat' dir='ltr'><strong>erit.</strong></span> <span class='ocrx_word' id='word_1_464' title='bbox 2821 3103 2880 3161; x_wconf 90' lang='lat' dir='ltr'><strong>Si</strong></span> <span class='ocrx_word' id='word_1_465' title='bbox 2910 3106 3073 3177; x_wconf 86' lang='lat' dir='ltr'><strong>igitur</strong></span> <span class='ocrx_word' id='word_1_466' title='bbox 3112 3104 3307 3169; x_wconf 81' lang='lat' dir='ltr'><strong>lumen,</strong></span> <span class='ocrx_word' id='word_1_467' title='bbox 3339 3104 3476 3174; x_wconf 88' lang='lat' dir='ltr'><strong>quod</strong></span> <span class='ocrx_word' id='word_1_468' title='bbox 3509 3104 3565 3156; x_wconf 83' lang='lat' dir='ltr'><strong>in</strong></span> 
     </span>
    </p>
   </div>
   <div class='ocr_carea' id='block_1_63' title="bbox 282 3191 1879 3274">
    <p class='ocr_par' dir='ltr' id='par_1_63' title="bbox 282 3191 1879 3274">
     <span class='ocr_line' id='line_1_63' title="bbox 282 3191 1879 3274; baseline -0.008 -16"><span class='ocrx_word' id='word_1_469' title='bbox 282 3206 351 3258; x_wconf 82' lang='grc' dir='ltr'>τὸ</span> <span class='ocrx_word' id='word_1_470' title='bbox 416 3201 607 3274; x_wconf 80' lang='grc' dir='ltr'>σῶμά</span> <span class='ocrx_word' id='word_1_471' title='bbox 648 3218 769 3258; x_wconf 89' lang='grc' dir='ltr'><strong>σου</strong></span> <span class='ocrx_word' id='word_1_472' title='bbox 819 3199 1140 3256; x_wconf 79' lang='grc' dir='ltr'>σκοτεινὸν</span> <span class='ocrx_word' id='word_1_473' title='bbox 1181 3200 1373 3254; x_wconf 79' lang='grc' dir='ltr'>ἔσται.</span> <span class='ocrx_word' id='word_1_474' title='bbox 1409 3199 1479 3251; x_wconf 88' lang='grc' dir='ltr'>Εί</span> <span class='ocrx_word' id='word_1_475' title='bbox 1509 3191 1623 3251; x_wconf 85' lang='grc' dir='ltr'>οὖν</span> <span class='ocrx_word' id='word_1_476' title='bbox 1649 3194 1715 3249; x_wconf 84' lang='grc' dir='ltr'>τὸ</span> <span class='ocrx_word' id='word_1_477' title='bbox 1752 3192 1879 3264; x_wconf 69' lang='grc' dir='ltr'>φῶς</span> 
     </span>
    </p>
   </div>
   <div class='ocr_carea' id='block_1_64' title="bbox 281 3291 1879 3364">
    <p class='ocr_par' dir='ltr' id='par_1_64' title="bbox 281 3291 1879 3364">
     <span class='ocr_line' id='line_1_64' title="bbox 281 3291 1879 3364; baseline -0.006 -11"><span class='ocrx_word' id='word_1_478' title='bbox 281 3300 351 3353; x_wconf 84' lang='grc' dir='ltr'>τὸ</span> <span class='ocrx_word' id='word_1_479' title='bbox 387 3299 467 3353; x_wconf 80' lang='grc' dir='ltr'><strong>ἐν</strong></span> <span class='ocrx_word' id='word_1_480' title='bbox 491 3297 620 3364; x_wconf 80' lang='grc' dir='ltr'>σοὶ,</span> <span class='ocrx_word' id='word_1_481' title='bbox 662 3297 906 3362; x_wconf 84' lang='grc' dir='ltr'>σκότος,</span> <span class='ocrx_word' id='word_1_482' title='bbox 936 3297 1001 3350; x_wconf 89' lang='grc' dir='ltr'>τὸ</span> <span class='ocrx_word' id='word_1_483' title='bbox 1039 3295 1260 3361; x_wconf 79' lang='grc' dir='ltr'>σκότος</span> <span class='ocrx_word' id='word_1_484' title='bbox 1278 3293 1477 3348; x_wconf 80' lang='grc' dir='ltr'>πόσον</span> <span class='ocrx_word' id='word_1_485' title='bbox 1496 3308 1516 3359; x_wconf 90' lang='grc'><em>;</em></span> <span class='ocrx_word' id='word_1_486' title='bbox 1542 3291 1879 3363; x_wconf 86' lang='grc' dir='ltr'>’Ὢσπεργὰρ</span> 
     </span>
    </p>
   </div>
   <div class='ocr_carea' id='block_1_65' title="bbox 280 3383 1877 3461">
    <p class='ocr_par' dir='ltr' id='par_1_65' title="bbox 280 3383 1877 3461">
     <span class='ocr_line' id='line_1_65' title="bbox 280 3383 1877 3461; baseline -0.004 -17"><span class='ocrx_word' id='word_1_487' title='bbox 280 3390 376 3444; x_wconf 73' lang='grc' dir='ltr'>τοῦ</span> <span class='ocrx_word' id='word_1_488' title='bbox 408 3388 673 3461; x_wconf 84' lang='grc' dir='ltr'>σώματος</span> <span class='ocrx_word' id='word_1_489' title='bbox 710 3389 760 3441; x_wconf 87' lang='grc' dir='ltr'><strong>οί</strong></span> <span class='ocrx_word' id='word_1_490' title='bbox 813 3387 1084 3457; x_wconf 71' lang='grc' dir='ltr'>ὀφθαλμοὶ</span> <span class='ocrx_word' id='word_1_491' title='bbox 1139 3388 1255 3456; x_wconf 73' lang='grc' dir='ltr'><strong>φῶς</strong></span> <span class='ocrx_word' id='word_1_492' title='bbox 1307 3386 1436 3449; x_wconf 87' lang='grc' dir='ltr'>εἱσι,</span> <span class='ocrx_word' id='word_1_493' title='bbox 1499 3384 1595 3438; x_wconf 70' lang='grc' dir='ltr'>καὶ</span> <span class='ocrx_word' id='word_1_494' title='bbox 1650 3383 1788 3439; x_wconf 87' lang='grc' dir='ltr'><strong>ἐπάν</strong></span> <span class='ocrx_word' id='word_1_495' title='bbox 1826 3384 1877 3437; x_wconf 74' lang='lat' dir='ltr'><strong>oi</strong></span> 
     </span>
    </p>
   </div>
   <div class='ocr_carea' id='block_1_66' title="bbox 278 3472 1875 3552">
    <p class='ocr_par' dir='ltr' id='par_1_66' title="bbox 278 3472 1875 3552">
     <span class='ocr_line' id='line_1_66' title="bbox 278 3472 1875 3552; baseline -0.005 -17"><span class='ocrx_word' id='word_1_496' title='bbox 278 3481 568 3552; x_wconf 75' lang='grc' dir='ltr'>ὀφθαλμοὶ</span> <span class='ocrx_word' id='word_1_497' title='bbox 599 3479 774 3549; x_wconf 77' lang='grc' dir='ltr'>ὑγιεῖς</span> <span class='ocrx_word' id='word_1_498' title='bbox 827 3472 983 3542; x_wconf 79' lang='grc' dir='ltr'>ὦσιν,</span> <span class='ocrx_word' id='word_1_499' title='bbox 1029 3476 1151 3531; x_wconf 83' lang='grc' dir='ltr'>ὅλον</span> <span class='ocrx_word' id='word_1_500' title='bbox 1194 3476 1256 3530; x_wconf 87' lang='grc' dir='ltr'>τὺ</span> <span class='ocrx_word' id='word_1_501' title='bbox 1310 3476 1470 3547; x_wconf 89' lang='grc' dir='ltr'>σῶμα</span> <span class='ocrx_word' id='word_1_502' title='bbox 1517 3473 1875 3546; x_wconf 80' lang='grc' dir='ltr'>πεφώτισται·</span> 
     </span>
    </p>
   </div>
   <div class='ocr_carea' id='block_1_67' title="bbox 282 3564 1879 3641">
    <p class='ocr_par' dir='ltr' id='par_1_67' title="bbox 282 3564 1879 3641">
     <span class='ocr_line' id='line_1_67' title="bbox 282 3564 1879 3641; baseline -0.005 -16"><span class='ocrx_word' id='word_1_503' title='bbox 282 3574 426 3627; x_wconf 83' lang='grc' dir='ltr'>ἐπάν</span> <span class='ocrx_word' id='word_1_504' title='bbox 468 3572 530 3626; x_wconf 79' lang='grc' dir='ltr'>δὲ</span> <span class='ocrx_word' id='word_1_505' title='bbox 573 3568 911 3641; x_wconf 79' lang='grc' dir='ltr'>παρεμπέσῃ</span> <span class='ocrx_word' id='word_1_506' title='bbox 966 3587 1019 3622; x_wconf 87' lang='grc' dir='ltr'><strong>τι</strong></span> <span class='ocrx_word' id='word_1_507' title='bbox 1072 3568 1169 3622; x_wconf 72' lang='grc' dir='ltr'>καὶ</span> <span class='ocrx_word' id='word_1_508' title='bbox 1219 3566 1606 3632; x_wconf 84' lang='grc' dir='ltr'>σκοτισθῶσιν,</span> <span class='ocrx_word' id='word_1_509' title='bbox 1657 3567 1776 3621; x_wconf 83' lang='grc' dir='ltr'>ὅλον</span> <span class='ocrx_word' id='word_1_510' title='bbox 1815 3564 1879 3619; x_wconf 79' lang='grc' dir='ltr'><strong>τὸ</strong></span> 
     </span>
    </p>
   </div>
   <div class='ocr_carea' id='block_1_68' title="bbox 290 3658 1879 3736">
    <p class='ocr_par' dir='ltr' id='par_1_68' title="bbox 290 3658 1879 3736">
     <span class='ocr_line' id='line_1_68' title="bbox 290 3658 1879 3736; baseline -0.004 -18"><span class='ocrx_word' id='word_1_511' title='bbox 290 3665 455 3736; x_wconf 80' lang='grc' dir='ltr'>σῶμα</span> <span class='ocrx_word' id='word_1_512' title='bbox 482 3663 763 3717; x_wconf 87' lang='grc' dir='ltr'>σκοτεινόν</span> <span class='ocrx_word' id='word_1_513' title='bbox 797 3662 968 3714; x_wconf 87' lang='grc' dir='ltr'>ἐστιν·</span> <span class='ocrx_word' id='word_1_514' title='bbox 1004 3659 1180 3723; x_wconf 73' lang='grc' dir='ltr'>οὕτως</span> <span class='ocrx_word' id='word_1_515' title='bbox 1202 3661 1251 3713; x_wconf 84' lang='grc' dir='ltr'><strong>οί</strong></span> <span class='ocrx_word' id='word_1_516' title='bbox 1275 3660 1588 3723; x_wconf 89' lang='grc' dir='ltr'>ἀπόστολοι,</span> <span class='ocrx_word' id='word_1_517' title='bbox 1610 3658 1879 3729; x_wconf 75' lang='grc' dir='ltr'>ὀφθαλμοὶ</span> 
     </span>
    </p>
   </div>
   <div class='ocr_carea' id='block_1_69' title="bbox 297 3747 1877 3824">
    <p class='ocr_par' dir='ltr' id='par_1_69' title="bbox 297 3747 1877 3824">
     <span class='ocr_line' id='line_1_69' title="bbox 297 3747 1877 3824; baseline -0.003 -15"><span class='ocrx_word' id='word_1_518' title='bbox 297 3758 395 3810; x_wconf 70' lang='grc' dir='ltr'>καὶ</span> <span class='ocrx_word' id='word_1_519' title='bbox 427 3756 537 3824; x_wconf 80' lang='grc' dir='ltr'>φῶς</span> <span class='ocrx_word' id='word_1_520' title='bbox 566 3755 693 3808; x_wconf 84' lang='grc' dir='ltr'>ὅλου</span> <span class='ocrx_word' id='word_1_521' title='bbox 718 3754 815 3808; x_wconf 82' lang='grc' dir='ltr'>τοῦ</span> <span class='ocrx_word' id='word_1_522' title='bbox 844 3753 1052 3824; x_wconf 87' lang='grc' dir='ltr'>κόσμου</span> <span class='ocrx_word' id='word_1_523' title='bbox 1080 3752 1368 3823; x_wconf 75' lang='grc' dir='ltr'>ἐτέθησαν.</span> <span class='ocrx_word' id='word_1_524' title='bbox 1402 3752 1631 3820; x_wconf 86' lang='grc' dir='ltr'>Ἔλεγεν</span> <span class='ocrx_word' id='word_1_525' title='bbox 1656 3747 1751 3805; x_wconf 79' lang='grc' dir='ltr'><strong>οὖν</strong></span> <span class='ocrx_word' id='word_1_526' title='bbox 1778 3751 1877 3806; x_wconf 83' lang='grc' dir='ltr'>αύ-</span> 
     </span>
    </p>
   </div>
   <div class='ocr_carea' id='block_1_70' title="bbox 302 3841 1873 3922">
    <p class='ocr_par' dir='ltr' id='par_1_70' title="bbox 302 3841 1873 3922">
     <span class='ocr_line' id='line_1_70' title="bbox 302 3841 1873 3922; baseline -0.006 -18"><span class='ocrx_word' id='word_1_527' title='bbox 302 3853 419 3913; x_wconf 85' lang='grc' dir='ltr'>τοῖς</span> <span class='ocrx_word' id='word_1_528' title='bbox 467 3847 858 3922; x_wconf 79' lang='grc' dir='ltr'>παραγγέλλων</span> <span class='ocrx_word' id='word_1_529' title='bbox 908 3848 936 3900; x_wconf 91' lang='lat'><strong>6</strong></span> <span class='ocrx_word' id='word_1_530' title='bbox 986 3846 1221 3916; x_wconf 81' lang='grc' dir='ltr'>Κύριος·</span> <span class='ocrx_word' id='word_1_531' title='bbox 1263 3845 1407 3899; x_wconf 85' lang='grc' dir='ltr'>Ἐὰν</span> <span class='ocrx_word' id='word_1_532' title='bbox 1441 3844 1612 3914; x_wconf 84' lang='grc' dir='ltr'>ὑμεῖς</span> <span class='ocrx_word' id='word_1_533' title='bbox 1666 3841 1873 3911; x_wconf 79' lang='grc' dir='ltr'>στῆτε,</span> 
     </span>
    </p>
   </div>
   <div class='ocr_carea' id='block_1_71' title="bbox 300 3935 1873 4014">
    <p class='ocr_par' dir='ltr' id='par_1_71' title="bbox 300 3935 1873 4014">
     <span class='ocr_line' id='line_1_71' title="bbox 300 3935 1873 4014; baseline -0.006 -15"><span class='ocrx_word' id='word_1_534' title='bbox 300 3944 401 3999; x_wconf 69' lang='grc' dir='ltr'>καὶ</span> <span class='ocrx_word' id='word_1_535' title='bbox 452 3946 535 4014; x_wconf 84' lang='grc' dir='ltr'>μὴ</span> <span class='ocrx_word' id='word_1_536' title='bbox 574 3938 1021 4012; x_wconf 79' lang='grc' dir='ltr'>παρατραπῆτε,</span> <span class='ocrx_word' id='word_1_537' title='bbox 1066 3938 1195 4009; x_wconf 72' lang='grc' dir='ltr'>φῶς</span> <span class='ocrx_word' id='word_1_538' title='bbox 1241 3939 1412 4003; x_wconf 80' lang='grc' dir='ltr'>ὄντες</span> <span class='ocrx_word' id='word_1_539' title='bbox 1450 3936 1559 3992; x_wconf 86' lang='grc' dir='ltr'>τοῦ</span> <span class='ocrx_word' id='word_1_540' title='bbox 1617 3935 1873 4005; x_wconf 84' lang='grc' dir='ltr'>κόσμου,</span> 
     </span>
    </p>
   </div>
   <div class='ocr_carea' id='block_1_72' title="bbox 296 4027 1876 4102">
    <p class='ocr_par' dir='ltr' id='par_1_72' title="bbox 296 4027 1876 4102">
     <span class='ocr_line' id='line_1_72' title="bbox 296 4027 1876 4102; baseline -0.005 -13"><span class='ocrx_word' id='word_1_541' title='bbox 296 4036 431 4091; x_wconf 66' lang='grc' dir='ltr'>ἰδοὺ</span> <span class='ocrx_word' id='word_1_542' title='bbox 473 4035 624 4089; x_wconf 81' lang='grc' dir='ltr'>ὅλον</span> <span class='ocrx_word' id='word_1_543' title='bbox 652 4035 721 4088; x_wconf 81' lang='grc' dir='ltr'>τὸ</span> <span class='ocrx_word' id='word_1_544' title='bbox 752 4031 924 4102; x_wconf 84' lang='grc' dir='ltr'>σῶμα</span> <span class='ocrx_word' id='word_1_545' title='bbox 971 4030 1337 4100; x_wconf 66' lang='grc' dir='ltr'>πεφώτισται</span> <span class='ocrx_word' id='word_1_546' title='bbox 1368 4028 1476 4083; x_wconf 88' lang='grc' dir='ltr'>τοῦ</span> <span class='ocrx_word' id='word_1_547' title='bbox 1521 4027 1777 4097; x_wconf 81' lang='grc' dir='ltr'>κόσμου.</span> <span class='ocrx_word' id='word_1_548' title='bbox 1805 4029 1876 4082; x_wconf 80' lang='lat' dir='ltr'><strong>El</strong></span> 
     </span>
    </p>
   </div>
   <div class='ocr_carea' id='block_1_73' title="bbox 292 4116 1874 4196">
    <p class='ocr_par' dir='ltr' id='par_1_73' title="bbox 292 4116 1874 4196">
     <span class='ocr_line' id='line_1_73' title="bbox 292 4116 1874 4196; baseline -0.005 -15"><span class='ocrx_word' id='word_1_549' title='bbox 292 4128 364 4181; x_wconf 78' lang='grc' dir='ltr'>δὲ</span> <span class='ocrx_word' id='word_1_550' title='bbox 399 4127 575 4196; x_wconf 78' lang='grc' dir='ltr'>ὑμεῖς</span> <span class='ocrx_word' id='word_1_551' title='bbox 616 4128 671 4180; x_wconf 79' lang='grc' dir='ltr'>οὶ</span> <span class='ocrx_word' id='word_1_552' title='bbox 722 4126 897 4191; x_wconf 79' lang='grc' dir='ltr'>ὄντες</span> <span class='ocrx_word' id='word_1_553' title='bbox 941 4122 1069 4193; x_wconf 76' lang='grc' dir='ltr'>φῶς</span> <span class='ocrx_word' id='word_1_554' title='bbox 1113 4117 1516 4189; x_wconf 82' lang='grc' dir='ltr'>σκοτισθῆτε,</span> <span class='ocrx_word' id='word_1_555' title='bbox 1555 4119 1622 4172; x_wconf 85' lang='grc' dir='ltr'><strong>τό</strong></span> <span class='ocrx_word' id='word_1_556' title='bbox 1653 4116 1874 4185; x_wconf 84' lang='grc' dir='ltr'>σκότος</span> 
     </span>
    </p>
   </div>
   <div class='ocr_carea' id='block_1_74' title="bbox 292 4209 1874 4283">
    <p class='ocr_par' dir='ltr' id='par_1_74' title="bbox 292 4209 1874 4283">
     <span class='ocr_line' id='line_1_74' title="bbox 292 4209 1874 4283; baseline -0.006 -11"><span class='ocrx_word' id='word_1_557' title='bbox 292 4219 515 4283; x_wconf 67' lang='grc' dir='ltr'>πόσον,</span> <span class='ocrx_word' id='word_1_558' title='bbox 558 4216 592 4270; x_wconf 83' lang='grc' dir='ltr'><strong><em>ὅ</em></strong></span> <span class='ocrx_word' id='word_1_559' title='bbox 628 4216 799 4270; x_wconf 82' lang='grc' dir='ltr'>ἐστιν</span> <span class='ocrx_word' id='word_1_560' title='bbox 841 4218 874 4270; x_wconf 86' lang='grc' dir='ltr'><strong>ό</strong></span> <span class='ocrx_word' id='word_1_561' title='bbox 929 4214 1195 4283; x_wconf 83' lang='grc' dir='ltr'>κόσμος;</span> <span class='ocrx_word' id='word_1_562' title='bbox 1226 4212 1347 4275; x_wconf 80' lang='grc' dir='ltr'>Φῶς</span> <span class='ocrx_word' id='word_1_563' title='bbox 1385 4209 1476 4265; x_wconf 74' lang='grc' dir='ltr'><strong>οὖν</strong></span> <span class='ocrx_word' id='word_1_564' title='bbox 1503 4211 1787 4282; x_wconf 85' lang='grc' dir='ltr'>γενόμενοι</span> <span class='ocrx_word' id='word_1_565' title='bbox 1823 4210 1874 4264; x_wconf 91' lang='grc' dir='ltr'><strong>οί</strong></span> 
     </span>
    </p>
   </div>
   <div class='ocr_carea' id='block_1_75' title="bbox 292 4301 1875 4377">
    <p class='ocr_par' dir='ltr' id='par_1_75' title="bbox 292 4301 1875 4377">
     <span class='ocr_line' id='line_1_75' title="bbox 292 4301 1875 4377; baseline -0.006 -15"><span class='ocrx_word' id='word_1_566' title='bbox 292 4307 607 4373; x_wconf 75' lang='grc' dir='ltr'>ἀπόστολοι,</span> <span class='ocrx_word' id='word_1_567' title='bbox 635 4306 751 4376; x_wconf 78' lang='grc' dir='ltr'>φῶς</span> <span class='ocrx_word' id='word_1_568' title='bbox 790 4304 1122 4377; x_wconf 84' lang='grc' dir='ltr'>διηκόνησαν</span> <span class='ocrx_word' id='word_1_569' title='bbox 1153 4305 1266 4366; x_wconf 87' lang='grc' dir='ltr'>τοῖς</span> <span class='ocrx_word' id='word_1_570' title='bbox 1311 4302 1657 4368; x_wconf 87' lang='grc' dir='ltr'>πιστεύσασι,</span> <span class='ocrx_word' id='word_1_571' title='bbox 1686 4301 1784 4364; x_wconf 74' lang='grc' dir='ltr'>τὰς</span> <span class='ocrx_word' id='word_1_572' title='bbox 1818 4301 1875 4355; x_wconf 80' lang='grc' dir='ltr'>δὲ</span> 
     </span>
    </p>
   </div>
   <div class='ocr_carea' id='block_1_76' title="bbox 293 4386 1878 4468">
    <p class='ocr_par' dir='ltr' id='par_1_76' title="bbox 293 4386 1878 4468">
     <span class='ocr_line' id='line_1_76' title="bbox 293 4386 1878 4468; baseline -0.006 -18"><span class='ocrx_word' id='word_1_573' title='bbox 293 4396 525 4468; x_wconf 64' lang='grc' dir='ltr'>καρδίας</span> <span class='ocrx_word' id='word_1_574' title='bbox 563 4393 742 4448; x_wconf 80' lang='grc' dir='ltr'>αὐτῶν</span> <span class='ocrx_word' id='word_1_575' title='bbox 768 4393 1107 4463; x_wconf 81' lang='grc' dir='ltr'>φωτίσαντες</span> <span class='ocrx_word' id='word_1_576' title='bbox 1134 4390 1212 4460; x_wconf 84' lang='grc' dir='ltr'><strong>τῷ</strong></span> <span class='ocrx_word' id='word_1_577' title='bbox 1246 4388 1558 4459; x_wconf 73' lang='grc' dir='ltr'>ἐπουρανίῳ</span> <span class='ocrx_word' id='word_1_578' title='bbox 1586 4386 1679 4441; x_wconf 83' lang='grc' dir='ltr'>τοῦ</span> <span class='ocrx_word' id='word_1_579' title='bbox 1704 4386 1878 4441; x_wconf 89' lang='grc' dir='ltr'>Πνεύ-</span> 
     </span>
    </p>
   </div>
   <div class='ocr_carea' id='block_1_77' title="bbox 1986 3195 3574 3270">
    <p class='ocr_par' dir='ltr' id='par_1_77' title="bbox 1986 3195 3574 3270">
     <span class='ocr_line' id='line_1_77' title="bbox 1986 3195 3574 3270; baseline -0.002 -18"><span class='ocrx_word' id='word_1_580' title='bbox 1986 3207 2033 3253; x_wconf 88' lang='lat' dir='ltr'><strong>te</strong></span> <span class='ocrx_word' id='word_1_581' title='bbox 2052 3209 2147 3266; x_wconf 87' lang='lat' dir='ltr'><strong>est,</strong></span> <span class='ocrx_word' id='word_1_582' title='bbox 2169 3199 2393 3255; x_wconf 81' lang='lat' dir='ltr'><strong>tenebrce</strong></span> <span class='ocrx_word' id='word_1_583' title='bbox 2408 3208 2552 3267; x_wconf 86' lang='lat' dir='ltr'><strong>sunt,</strong></span> <span class='ocrx_word' id='word_1_584' title='bbox 2574 3199 2798 3254; x_wconf 76' lang='lat' dir='ltr'><strong>tenebra:</strong></span> <span class='ocrx_word' id='word_1_585' title='bbox 2817 3204 3030 3270; x_wconf 74' lang='lat' dir='ltr'><strong>quanta:</strong></span> <span class='ocrx_word' id='word_1_586' title='bbox 3041 3197 3312 3268; x_wconf 57' lang='lat' dir='ltr'><strong>futura?”</strong></span> <span class='ocrx_word' id='word_1_587' title='bbox 3330 3197 3352 3249; x_wconf 87' lang='lat'><strong>?</strong></span> <span class='ocrx_word' id='word_1_588' title='bbox 3372 3195 3574 3263; x_wconf 86' lang='lat' dir='ltr'><strong>Quem-</strong></span> 
     </span>
    </p>
   </div>
   <div class='ocr_carea' id='block_1_78' title="bbox 1984 3289 3575 3361">
    <p class='ocr_par' dir='ltr' id='par_1_78' title="bbox 1984 3289 3575 3361">
     <span class='ocr_line' id='line_1_78' title="bbox 1984 3289 3575 3361; baseline -0.002 -16"><span class='ocrx_word' id='word_1_589' title='bbox 1984 3290 2283 3346; x_wconf 87' lang='lat' dir='ltr'><strong>admodum</strong></span> <span class='ocrx_word' id='word_1_590' title='bbox 2349 3290 2497 3346; x_wconf 89' lang='lat' dir='ltr'><strong>enim</strong></span> <span class='ocrx_word' id='word_1_591' title='bbox 2555 3290 2701 3346; x_wconf 92' lang='lat' dir='ltr'><strong>oculi</strong></span> <span class='ocrx_word' id='word_1_592' title='bbox 2762 3289 3013 3361; x_wconf 90' lang='lat' dir='ltr'><strong>corporis</strong></span> <span class='ocrx_word' id='word_1_593' title='bbox 3070 3290 3258 3345; x_wconf 91' lang='lat' dir='ltr'><strong>lumen</strong></span> <span class='ocrx_word' id='word_1_594' title='bbox 3305 3298 3455 3354; x_wconf 89' lang='lat' dir='ltr'><strong>sunt,</strong></span> <span class='ocrx_word' id='word_1_595' title='bbox 3514 3297 3575 3342; x_wconf 84' lang='lat' dir='ltr'><strong>et</strong></span> 
     </span>
    </p>
   </div>
   <div class='ocr_carea' id='block_1_79' title="bbox 1984 3381 3570 3451">
    <p class='ocr_par' dir='ltr' id='par_1_79' title="bbox 1984 3381 3570 3451">
     <span class='ocr_line' id='line_1_79' title="bbox 1984 3381 3570 3451; baseline 0 -16"><span class='ocrx_word' id='word_1_596' title='bbox 1984 3381 2207 3451; x_wconf 90' lang='lat' dir='ltr'><strong>quando</strong></span> <span class='ocrx_word' id='word_1_597' title='bbox 2257 3382 2402 3437; x_wconf 90' lang='lat' dir='ltr'><strong>oculi</strong></span> <span class='ocrx_word' id='word_1_598' title='bbox 2469 3382 2776 3437; x_wconf 87' lang='lat' dir='ltr'><strong>incolumes</strong></span> <span class='ocrx_word' id='word_1_599' title='bbox 2807 3397 2871 3437; x_wconf 91' lang='lat' dir='ltr'><strong>ac</strong></span> <span class='ocrx_word' id='word_1_600' title='bbox 2899 3383 3017 3437; x_wconf 87' lang='lat' dir='ltr'><strong>sani</strong></span> <span class='ocrx_word' id='word_1_601' title='bbox 3056 3390 3206 3447; x_wconf 91' lang='lat' dir='ltr'><strong>sunt,</strong></span> <span class='ocrx_word' id='word_1_602' title='bbox 3229 3391 3408 3437; x_wconf 90' lang='lat' dir='ltr'><strong>totum</strong></span> <span class='ocrx_word' id='word_1_603' title='bbox 3437 3396 3570 3437; x_wconf 89' lang='lat' dir='ltr'><strong>cor-</strong></span> 
     </span>
    </p>
   </div>
   <div class='ocr_carea' id='block_1_80' title="bbox 1981 3472 3577 3545">
    <p class='ocr_par' dir='ltr' id='par_1_80' title="bbox 1981 3472 3577 3545">
     <span class='ocr_line' id='line_1_80' title="bbox 1981 3472 3577 3545; baseline -0.001 -16"><span class='ocrx_word' id='word_1_604' title='bbox 1981 3490 2090 3543; x_wconf 90' lang='lat' dir='ltr'><strong>pus</strong></span> <span class='ocrx_word' id='word_1_605' title='bbox 2134 3474 2511 3541; x_wconf 89' lang='lat' dir='ltr'><strong>illuminatur;</strong></span> <span class='ocrx_word' id='word_1_606' title='bbox 2550 3474 2598 3529; x_wconf 89' lang='lat' dir='ltr'><strong>si</strong></span> <span class='ocrx_word' id='word_1_607' title='bbox 2637 3490 2772 3529; x_wconf 91' lang='lat' dir='ltr'><strong>vero</strong></span> <span class='ocrx_word' id='word_1_608' title='bbox 2813 3473 2947 3545; x_wconf 91' lang='lat' dir='ltr'><strong>quid</strong></span> <span class='ocrx_word' id='word_1_609' title='bbox 2991 3472 3220 3539; x_wconf 90' lang='lat' dir='ltr'><strong>incidat,</strong></span> <span class='ocrx_word' id='word_1_610' title='bbox 3247 3482 3308 3528; x_wconf 92' lang='lat' dir='ltr'><strong>ut</strong></span> <span class='ocrx_word' id='word_1_611' title='bbox 3331 3472 3577 3528; x_wconf 88' lang='lat' dir='ltr'><strong>tenebris</strong></span> 
     </span>
    </p>
   </div>
   <div class='ocr_carea' id='block_1_81' title="bbox 1983 3562 3571 3632">
    <p class='ocr_par' dir='ltr' id='par_1_81' title="bbox 1983 3562 3571 3632">
     <span class='ocr_line' id='line_1_81' title="bbox 1983 3562 3571 3632; baseline -0.002 -14"><span class='ocrx_word' id='word_1_612' title='bbox 1983 3564 2368 3630; x_wconf 71' lang='lat' dir='ltr'><strong>effundantur,</strong></span> <span class='ocrx_word' id='word_1_613' title='bbox 2402 3572 2581 3618; x_wconf 87' lang='lat' dir='ltr'><strong>totum</strong></span> <span class='ocrx_word' id='word_1_614' title='bbox 2617 3578 2820 3632; x_wconf 88' lang='lat' dir='ltr'><strong>corpus</strong></span> <span class='ocrx_word' id='word_1_615' title='bbox 2873 3563 3229 3617; x_wconf 88' lang='lat' dir='ltr'><strong>tenebrosum</strong></span> <span class='ocrx_word' id='word_1_616' title='bbox 3266 3562 3520 3616; x_wconf 90' lang='lat' dir='ltr'><strong>redditur</strong></span> <span class='ocrx_word' id='word_1_617' title='bbox 3555 3579 3571 3616; x_wconf 93' lang='lat'><strong>:</strong></span> 
     </span>
    </p>
   </div>
   <div class='ocr_carea' id='block_1_82' title="bbox 1983 3654 3575 3726">
    <p class='ocr_par' dir='ltr' id='par_1_82' title="bbox 1983 3654 3575 3726">
     <span class='ocr_line' id='line_1_82' title="bbox 1983 3654 3575 3726; baseline -0.003 -14"><span class='ocrx_word' id='word_1_618' title='bbox 1983 3656 2065 3712; x_wconf 90' lang='lat' dir='ltr'><strong>sic</strong></span> <span class='ocrx_word' id='word_1_619' title='bbox 2091 3656 2347 3726; x_wconf 84' lang='lat' dir='ltr'><strong>apostoli,</strong></span> <span class='ocrx_word' id='word_1_620' title='bbox 2379 3656 2602 3711; x_wconf 90' lang='lat' dir='ltr'><strong>oculiet</strong></span> <span class='ocrx_word' id='word_1_621' title='bbox 2622 3655 2811 3709; x_wconf 91' lang='lat' dir='ltr'><strong>lumen</strong></span> <span class='ocrx_word' id='word_1_622' title='bbox 2852 3654 3023 3709; x_wconf 84' lang='lat' dir='ltr'><strong>totius</strong></span> <span class='ocrx_word' id='word_1_623' title='bbox 3054 3654 3243 3709; x_wconf 91' lang='lat' dir='ltr'><strong>mundi</strong></span> <span class='ocrx_word' id='word_1_624' title='bbox 3284 3655 3575 3709; x_wconf 89' lang='lat' dir='ltr'><strong>constituti</strong></span> 
     </span>
    </p>
   </div>
   <div class='ocr_carea' id='block_1_83' title="bbox 1981 3745 3576 3818">
    <p class='ocr_par' dir='ltr' id='par_1_83' title="bbox 1981 3745 3576 3818">
     <span class='ocr_line' id='line_1_83' title="bbox 1981 3745 3576 3818; baseline -0.001 -16"><span class='ocrx_word' id='word_1_625' title='bbox 1981 3763 2046 3803; x_wconf 91' lang='lat' dir='ltr'><strong>ac</strong></span> <span class='ocrx_word' id='word_1_626' title='bbox 2066 3748 2308 3803; x_wconf 86' lang='lat' dir='ltr'><strong>ordinati</strong></span> <span class='ocrx_word' id='word_1_627' title='bbox 2336 3756 2503 3803; x_wconf 90' lang='lat' dir='ltr'><strong>sunt:</strong></span> <span class='ocrx_word' id='word_1_628' title='bbox 2545 3748 2685 3802; x_wconf 82' lang='lat' dir='ltr'><strong>dixit</strong></span> <span class='ocrx_word' id='word_1_629' title='bbox 2708 3749 2877 3818; x_wconf 82' lang='lat' dir='ltr'><strong>igitur</strong></span> <span class='ocrx_word' id='word_1_630' title='bbox 2912 3747 2982 3802; x_wconf 89' lang='lat' dir='ltr'><strong>iis</strong></span> <span class='ocrx_word' id='word_1_631' title='bbox 3011 3746 3338 3818; x_wconf 59' lang='lat' dir='ltr'><strong>praecipiens</strong></span> <span class='ocrx_word' id='word_1_632' title='bbox 3371 3745 3576 3800; x_wconf 89' lang='lat' dir='ltr'><strong>Domi-</strong></span> 
     </span>
    </p>
   </div>
   <div class='ocr_carea' id='block_1_84' title="bbox 1982 3838 3572 3912">
    <p class='ocr_par' dir='ltr' id='par_1_84' title="bbox 1982 3838 3572 3912">
     <span class='ocr_line' id='line_1_84' title="bbox 1982 3838 3572 3912; baseline -0.001 -18"><span class='ocrx_word' id='word_1_633' title='bbox 1982 3857 2126 3896; x_wconf 90' lang='lat' dir='ltr'><strong>nus:</strong></span> <span class='ocrx_word' id='word_1_634' title='bbox 2165 3838 2223 3895; x_wconf 90' lang='lat' dir='ltr'><strong>Si</strong></span> <span class='ocrx_word' id='word_1_635' title='bbox 2259 3857 2370 3902; x_wconf 83' lang='lat' dir='ltr'><strong>vos.</strong></span> <span class='ocrx_word' id='word_1_636' title='bbox 2418 3842 2509 3912; x_wconf 89' lang='lat' dir='ltr'><strong>qui</strong></span> <span class='ocrx_word' id='word_1_637' title='bbox 2537 3840 2659 3895; x_wconf 82' lang='lat' dir='ltr'><strong>estis</strong></span> <span class='ocrx_word' id='word_1_638' title='bbox 2704 3840 2796 3893; x_wconf 72' lang='lat' dir='ltr'><strong>luas</strong></span> <span class='ocrx_word' id='word_1_639' title='bbox 2836 3840 3042 3905; x_wconf 85' lang='lat' dir='ltr'><strong>mundi,</strong></span> <span class='ocrx_word' id='word_1_640' title='bbox 3094 3841 3572 3910; x_wconf 63' lang='lat' dir='ltr'><strong>perseveraveritiso</strong></span> 
     </span>
    </p>
   </div>
   <div class='ocr_carea' id='block_1_85' title="bbox 1981 3931 3574 4003">
    <p class='ocr_par' dir='ltr' id='par_1_85' title="bbox 1981 3931 3574 4003">
     <span class='ocr_line' id='line_1_85' title="bbox 1981 3931 3574 4003; baseline 0.001 -19"><span class='ocrx_word' id='word_1_641' title='bbox 1981 3948 2076 3984; x_wconf 81' lang='lat' dir='ltr'><strong>nec</strong></span> <span class='ocrx_word' id='word_1_642' title='bbox 2121 3932 2429 4003; x_wconf 83' lang='lat' dir='ltr'><strong>deﬂectatis,</strong></span> <span class='ocrx_word' id='word_1_643' title='bbox 2468 3948 2580 3987; x_wconf 82' lang='lat' dir='ltr'><strong>ecce</strong></span> <span class='ocrx_word' id='word_1_644' title='bbox 2614 3940 2781 3986; x_wconf 89' lang='lat' dir='ltr'><strong>totum</strong></span> <span class='ocrx_word' id='word_1_645' title='bbox 2812 3948 2998 4002; x_wconf 84' lang='lat' dir='ltr'><strong>corpus</strong></span> <span class='ocrx_word' id='word_1_646' title='bbox 3026 3932 3209 3985; x_wconf 86' lang='lat' dir='ltr'><strong>mundi</strong></span> <span class='ocrx_word' id='word_1_647' title='bbox 3241 3931 3574 3986; x_wconf 85' lang='lat' dir='ltr'><strong>illustratum</strong></span> 
     </span>
    </p>
   </div>
   <div class='ocr_carea' id='block_1_86' title="bbox 1982 4023 3575 4095">
    <p class='ocr_par' dir='ltr' id='par_1_86' title="bbox 1982 4023 3575 4095">
     <span class='ocr_line' id='line_1_86' title="bbox 1982 4023 3575 4095; baseline 0.001 -20"><span class='ocrx_word' id='word_1_648' title='bbox 1982 4030 2059 4075; x_wconf 88' lang='lat' dir='ltr'><strong>est</strong></span> <span class='ocrx_word' id='word_1_649' title='bbox 2097 4038 2116 4077; x_wconf 89' lang='lat'><strong><em>:</em></strong></span> <span class='ocrx_word' id='word_1_650' title='bbox 2163 4024 2210 4077; x_wconf 87' lang='lat' dir='ltr'><strong>si</strong></span> <span class='ocrx_word' id='word_1_651' title='bbox 2237 4039 2357 4077; x_wconf 80' lang='lat' dir='ltr'><strong>vero</strong></span> <span class='ocrx_word' id='word_1_652' title='bbox 2381 4040 2491 4089; x_wconf 83' lang='lat' dir='ltr'><strong>vos,</strong></span> <span class='ocrx_word' id='word_1_653' title='bbox 2527 4025 2617 4095; x_wconf 89' lang='lat' dir='ltr'><strong>qui</strong></span> <span class='ocrx_word' id='word_1_654' title='bbox 2646 4025 2767 4078; x_wconf 86' lang='lat' dir='ltr'><strong>estis</strong></span> <span class='ocrx_word' id='word_1_655' title='bbox 2814 4024 2929 4090; x_wconf 62' lang='grc' dir='ltr'>ίιιτ,</span> <span class='ocrx_word' id='word_1_656' title='bbox 2963 4024 3189 4095; x_wconf 81' lang='lat' dir='ltr'><strong>caligine</strong></span> <span class='ocrx_word' id='word_1_657' title='bbox 3218 4024 3428 4078; x_wconf 89' lang='lat' dir='ltr'><strong>obducti</strong></span> <span class='ocrx_word' id='word_1_658' title='bbox 3459 4023 3575 4094; x_wconf 78' lang='lat' dir='ltr'><strong>[ue-</strong></span> 
     </span>
    </p>
   </div>
   <div class='ocr_carea' id='block_1_87' title="bbox 1982 4115 3575 4187">
    <p class='ocr_par' dir='ltr' id='par_1_87' title="bbox 1982 4115 3575 4187">
     <span class='ocr_line' id='line_1_87' title="bbox 1982 4115 3575 4187; baseline 0 -18"><span class='ocrx_word' id='word_1_659' title='bbox 1982 4115 2118 4180; x_wconf 85' lang='lat' dir='ltr'><strong>ritis,</strong></span> <span class='ocrx_word' id='word_1_660' title='bbox 2154 4125 2370 4184; x_wconf 73' lang='lat' dir='ltr'><strong>quantae</strong></span> <span class='ocrx_word' id='word_1_661' title='bbox 2414 4117 2611 4187; x_wconf 69' lang='lat' dir='ltr'><strong>futurae</strong></span> <span class='ocrx_word' id='word_1_662' title='bbox 2657 4118 2903 4182; x_wconf 61' lang='lat' dir='ltr'><strong>tenebrae,</strong></span> <span class='ocrx_word' id='word_1_663' title='bbox 2953 4132 3071 4187; x_wconf 72' lang='lat' dir='ltr'><strong>qua:</strong></span> <span class='ocrx_word' id='word_1_664' title='bbox 3112 4126 3237 4170; x_wconf 83' lang='lat' dir='ltr'><strong>sunt</strong></span> <span class='ocrx_word' id='word_1_665' title='bbox 3293 4115 3520 4170; x_wconf 86' lang='lat' dir='ltr'><strong>mundus</strong></span> <span class='ocrx_word' id='word_1_666' title='bbox 3550 4116 3575 4168; x_wconf 80' lang='lat'><strong><em>?</em></strong></span> 
     </span>
    </p>
   </div>
   <div class='ocr_carea' id='block_1_88' title="bbox 1980 4206 3574 4279">
    <p class='ocr_par' dir='ltr' id='par_1_88' title="bbox 1980 4206 3574 4279">
     <span class='ocr_line' id='line_1_88' title="bbox 1980 4206 3574 4279; baseline 0.001 -19"><span class='ocrx_word' id='word_1_667' title='bbox 1980 4206 2099 4261; x_wconf 79' lang='lat' dir='ltr'><strong>Lux</strong></span> <span class='ocrx_word' id='word_1_668' title='bbox 2133 4206 2301 4278; x_wconf 82' lang='lat' dir='ltr'><strong>igitur</strong></span> <span class='ocrx_word' id='word_1_669' title='bbox 2326 4224 2452 4263; x_wconf 91' lang='lat' dir='ltr'><strong>cum</strong></span> <span class='ocrx_word' id='word_1_670' title='bbox 2493 4217 2680 4264; x_wconf 89' lang='lat' dir='ltr'><strong>essent</strong></span> <span class='ocrx_word' id='word_1_671' title='bbox 2733 4208 2863 4263; x_wconf 82' lang='lat' dir='ltr'><strong>facti</strong></span> <span class='ocrx_word' id='word_1_672' title='bbox 2903 4208 3160 4279; x_wconf 91' lang='lat' dir='ltr'><strong>apostoli,</strong></span> <span class='ocrx_word' id='word_1_673' title='bbox 3215 4208 3397 4263; x_wconf 87' lang='lat' dir='ltr'><strong>lucem</strong></span> <span class='ocrx_word' id='word_1_674' title='bbox 3433 4223 3574 4278; x_wconf 67' lang='lat' dir='ltr'><strong>prae-</strong></span> 
     </span>
    </p>
   </div>
   <div class='ocr_carea' id='block_1_89' title="bbox 1979 4297 3573 4371">
    <p class='ocr_par' dir='ltr' id='par_1_89' title="bbox 1979 4297 3573 4371">
     <span class='ocr_line' id='line_1_89' title="bbox 1979 4297 3573 4371; baseline 0.001 -19"><span class='ocrx_word' id='word_1_675' title='bbox 1979 4297 2226 4355; x_wconf 90' lang='lat' dir='ltr'><strong>buerunt</strong></span> <span class='ocrx_word' id='word_1_676' title='bbox 2283 4301 2663 4366; x_wconf 87' lang='lat' dir='ltr'><strong>credentibus,</strong></span> <span class='ocrx_word' id='word_1_677' title='bbox 2723 4301 3102 4356; x_wconf 89' lang='lat' dir='ltr'><strong>illuminantes</strong></span> <span class='ocrx_word' id='word_1_678' title='bbox 3157 4301 3382 4355; x_wconf 90' lang='lat' dir='ltr'><strong>illorum</strong></span> <span class='ocrx_word' id='word_1_679' title='bbox 3434 4315 3573 4371; x_wconf 62' lang='lat' dir='ltr'><strong>prae-</strong></span> 
     </span>
    </p>
   </div>
   <div class='ocr_carea' id='block_1_90' title="bbox 1980 4393 3575 4465">
    <p class='ocr_par' dir='ltr' id='par_1_90' title="bbox 1980 4393 3575 4465">
     <span class='ocr_line' id='line_1_90' title="bbox 1980 4393 3575 4465; baseline 0.001 -19"><span class='ocrx_word' id='word_1_680' title='bbox 1980 4393 2169 4449; x_wconf 89' lang='lat' dir='ltr'><strong>cordia</strong></span> <span class='ocrx_word' id='word_1_681' title='bbox 2194 4394 2409 4449; x_wconf 75' lang='lat' dir='ltr'><strong>cmlesti</strong></span> <span class='ocrx_word' id='word_1_682' title='bbox 2454 4393 2696 4465; x_wconf 91' lang='lat' dir='ltr'><strong>Spiritus</strong></span> <span class='ocrx_word' id='word_1_683' title='bbox 2736 4393 2967 4459; x_wconf 89' lang='lat' dir='ltr'><strong>lumine,</strong></span> <span class='ocrx_word' id='word_1_684' title='bbox 2999 4408 3110 4464; x_wconf 91' lang='lat' dir='ltr'><strong>quo</strong></span> <span class='ocrx_word' id='word_1_685' title='bbox 3140 4403 3197 4448; x_wconf 90' lang='lat' dir='ltr'><strong>et</strong></span> <span class='ocrx_word' id='word_1_686' title='bbox 3221 4393 3325 4464; x_wconf 90' lang='lat' dir='ltr'><strong>ipsi</strong></span> <span class='ocrx_word' id='word_1_687' title='bbox 3369 4393 3575 4447; x_wconf 57' lang='lat' dir='ltr'><strong>illumic</strong></span> 
     </span>
    </p>
   </div>
   <div class='ocr_carea' id='block_1_91' title="bbox 300 4479 2299 4562">
    <p class='ocr_par' dir='ltr' id='par_1_91' title="bbox 300 4479 2299 4562">
     <span class='ocr_line' id='line_1_91' title="bbox 300 4479 2299 4562; baseline -0.005 -19"><span class='ocrx_word' id='word_1_688' title='bbox 300 4507 472 4562; x_wconf 80' lang='grc' dir='ltr'>ματος</span> <span class='ocrx_word' id='word_1_689' title='bbox 504 4488 669 4559; x_wconf 72' lang='grc' dir='ltr'>φωτὶ,</span> <span class='ocrx_word' id='word_1_690' title='bbox 717 4482 872 4559; x_wconf 80' lang='grc' dir='ltr'>ᾧπερ</span> <span class='ocrx_word' id='word_1_691' title='bbox 923 4489 1017 4540; x_wconf 78' lang='grc' dir='ltr'><strong>καὶ</strong></span> <span class='ocrx_word' id='word_1_692' title='bbox 1064 4484 1218 4538; x_wconf 78' lang='grc' dir='ltr'>αὐτοὶ</span> <span class='ocrx_word' id='word_1_693' title='bbox 1267 4482 1672 4554; x_wconf 79' lang='grc' dir='ltr'>πεφωτισμένοι</span> <span class='ocrx_word' id='word_1_694' title='bbox 1710 4479 1867 4551; x_wconf 82' lang='grc' dir='ltr'>ἐτύγ-</span> <span class='ocrx_word' id='word_1_695' title='bbox 1909 4494 1955 4550; x_wconf 79' lang='grc' dir='ltr'><strong>ι)</strong></span> <span class='ocrx_word' id='word_1_696' title='bbox 1984 4486 2099 4541; x_wconf 77' lang='lat' dir='ltr'><strong>nati</strong></span> <span class='ocrx_word' id='word_1_697' title='bbox 2122 4495 2299 4540; x_wconf 66' lang='lat' dir='ltr'><strong>erant.</strong></span> 
     </span>
    </p>
   </div>
   <div class='ocr_carea' id='block_1_92' title="bbox 298 4600 483 4655">
    <p class='ocr_par' dir='ltr' id='par_1_92' title="bbox 298 4600 483 4655">
     <span class='ocr_line' id='line_1_92' title="bbox 298 4600 483 4655; baseline 0 -19"><span class='ocrx_word' id='word_1_698' title='bbox 298 4600 483 4655; x_wconf 79' lang='grc' dir='ltr'>χανον.</span> 
     </span>
    </p>
   </div>
   <div class='ocr_carea' id='block_1_93' title="bbox 370 4665 1886 4741">
    <p class='ocr_par' dir='ltr' id='par_1_93' title="bbox 370 4665 1886 4741">
     <span class='ocr_line' id='line_1_93' title="bbox 370 4665 1886 4741; baseline -0.006 -14"><span class='ocrx_word' id='word_1_699' title='bbox 370 4673 449 4727; x_wconf 79' lang='lat' dir='ltr'><strong>E&#39;.</strong></span> <span class='ocrx_word' id='word_1_700' title='bbox 479 4673 591 4726; x_wconf 76' lang='grc' dir='ltr'>Καὶ</span> <span class='ocrx_word' id='word_1_701' title='bbox 616 4672 750 4735; x_wconf 76' lang='grc' dir='ltr'>ἅλας</span> <span class='ocrx_word' id='word_1_702' title='bbox 775 4671 931 4725; x_wconf 79' lang='grc' dir='ltr'>αὐτοὶ</span> <span class='ocrx_word' id='word_1_703' title='bbox 964 4670 1306 4741; x_wconf 83' lang='grc' dir='ltr'>ὑπάρχοντες</span> <span class='ocrx_word' id='word_1_704' title='bbox 1338 4667 1538 4739; x_wconf 71' lang='grc' dir='ltr'>ἤρτυον</span> <span class='ocrx_word' id='word_1_705' title='bbox 1574 4666 1669 4721; x_wconf 74' lang='grc' dir='ltr'><strong>καὶ</strong></span> <span class='ocrx_word' id='word_1_706' title='bbox 1699 4665 1886 4737; x_wconf 77' lang='grc' dir='ltr'>ἧλιζον</span> 
     </span>
    </p>
   </div>
   <div class='ocr_carea' id='block_1_94' title="bbox 303 4746 1887 4835">
    <p class='ocr_par' dir='ltr' id='par_1_94' title="bbox 303 4746 1887 4835">
     <span class='ocr_line' id='line_1_94' title="bbox 303 4746 1887 4835; baseline -0.006 -17"><span class='ocrx_word' id='word_1_707' title='bbox 303 4768 483 4820; x_wconf 79' lang='grc' dir='ltr'>πᾶσαν</span> <span class='ocrx_word' id='word_1_708' title='bbox 521 4763 702 4835; x_wconf 80' lang='grc' dir='ltr'>ψυχὴν</span> <span class='ocrx_word' id='word_1_709' title='bbox 736 4762 1101 4816; x_wconf 86' lang='grc' dir='ltr'>πιστεύουσαν</span> <span class='ocrx_word' id='word_1_710' title='bbox 1123 4760 1200 4830; x_wconf 85' lang='grc' dir='ltr'>τῷ</span> <span class='ocrx_word' id='word_1_711' title='bbox 1227 4759 1386 4813; x_wconf 75' lang='grc' dir='ltr'>ἅλατι</span> <span class='ocrx_word' id='word_1_712' title='bbox 1408 4746 1501 4813; x_wconf 77' lang='grc' dir='ltr'><strong>τού</strong></span> <span class='ocrx_word' id='word_1_713' title='bbox 1526 4759 1686 4826; x_wconf 82' lang='grc' dir='ltr'>ἁγίου</span> <span class='ocrx_word' id='word_1_714' title='bbox 1715 4757 1887 4810; x_wconf 77' lang='grc' dir='ltr'>Πνεύ·</span> 
     </span>
    </p>
   </div>
   <div class='ocr_carea' id='block_1_95' title="bbox 308 4850 1887 4927">
    <p class='ocr_par' dir='ltr' id='par_1_95' title="bbox 308 4850 1887 4927">
     <span class='ocr_line' id='line_1_95' title="bbox 308 4850 1887 4927; baseline -0.004 -16"><span class='ocrx_word' id='word_1_715' title='bbox 308 4873 496 4927; x_wconf 77' lang='grc' dir='ltr'>ματος.</span> <span class='ocrx_word' id='word_1_716' title='bbox 534 4855 729 4923; x_wconf 82' lang='grc' dir='ltr'>Ἔλεγε</span> <span class='ocrx_word' id='word_1_717' title='bbox 754 4854 863 4926; x_wconf 82' lang='grc' dir='ltr'><strong>γὰρ</strong></span> <span class='ocrx_word' id='word_1_718' title='bbox 893 4854 1080 4916; x_wconf 85' lang='grc' dir='ltr'>αὐτοῖς</span> <span class='ocrx_word' id='word_1_719' title='bbox 1126 4854 1156 4906; x_wconf 88' lang='grc' dir='ltr'>ὁ</span> <span class='ocrx_word' id='word_1_720' title='bbox 1204 4850 1409 4922; x_wconf 80' lang='grc' dir='ltr'>Κύριος</span> <span class='ocrx_word' id='word_1_721' title='bbox 1435 4867 1450 4883; x_wconf 87' lang='grc'><strong>·</strong></span> <span class='ocrx_word' id='word_1_722' title='bbox 1501 4850 1703 4921; x_wconf 78' lang='grc' dir='ltr'><strong>’Υμεῖς</strong></span> <span class='ocrx_word' id='word_1_723' title='bbox 1744 4851 1887 4904; x_wconf 82' lang='grc' dir='ltr'>ἐστε</span> 
     </span>
    </p>
   </div>
   <div class='ocr_carea' id='block_1_96' title="bbox 308 4942 1886 5015">
    <p class='ocr_par' dir='ltr' id='par_1_96' title="bbox 308 4942 1886 5015">
     <span class='ocr_line' id='line_1_96' title="bbox 308 4942 1886 5015; baseline -0.002 -15"><span class='ocrx_word' id='word_1_724' title='bbox 308 4949 369 5000; x_wconf 83' lang='grc' dir='ltr'>τὸ</span> <span class='ocrx_word' id='word_1_725' title='bbox 407 4946 563 5011; x_wconf 76' lang='grc' dir='ltr'>ἅλας</span> <span class='ocrx_word' id='word_1_726' title='bbox 591 4945 701 5013; x_wconf 84' lang='grc' dir='ltr'>τῆς</span> <span class='ocrx_word' id='word_1_727' title='bbox 727 4945 863 5014; x_wconf 73' lang='grc' dir='ltr'>γῆς,</span> <span class='ocrx_word' id='word_1_728' title='bbox 909 4944 1015 5015; x_wconf 78' lang='grc' dir='ltr'>γῆν</span> <span class='ocrx_word' id='word_1_729' title='bbox 1072 4945 1172 5007; x_wconf 85' lang='grc' dir='ltr'>τὰς</span> <span class='ocrx_word' id='word_1_730' title='bbox 1220 4943 1399 5013; x_wconf 81' lang='grc' dir='ltr'>ψυχὰς</span> <span class='ocrx_word' id='word_1_731' title='bbox 1444 4942 1553 4997; x_wconf 87' lang='grc' dir='ltr'><strong>τῶν</strong></span> <span class='ocrx_word' id='word_1_732' title='bbox 1582 4942 1886 5014; x_wconf 82' lang='grc' dir='ltr'>ἀνθρώπων</span> 
     </span>
    </p>
   </div>
   <div class='ocr_carea' id='block_1_97' title="bbox 314 5034 1888 5109">
    <p class='ocr_par' dir='ltr' id='par_1_97' title="bbox 314 5034 1888 5109">
     <span class='ocr_line' id='line_1_97' title="bbox 314 5034 1888 5109; baseline -0.004 -15"><span class='ocrx_word' id='word_1_733' title='bbox 314 5040 502 5094; x_wconf 83' lang='grc' dir='ltr'>καλῶν.</span> <span class='ocrx_word' id='word_1_734' title='bbox 553 5038 888 5109; x_wconf 86' lang='grc' dir='ltr'>Διηκόνησαν</span> <span class='ocrx_word' id='word_1_735' title='bbox 920 5038 1028 5109; x_wconf 83' lang='grc' dir='ltr'><strong>γὰρ</strong></span> <span class='ocrx_word' id='word_1_736' title='bbox 1059 5040 1116 5091; x_wconf 87' lang='grc' dir='ltr'><strong>ἐν</strong></span> <span class='ocrx_word' id='word_1_737' title='bbox 1145 5039 1266 5098; x_wconf 82' lang='grc' dir='ltr'>ταῖς</span> <span class='ocrx_word' id='word_1_738' title='bbox 1291 5037 1490 5107; x_wconf 76' lang='grc' dir='ltr'>ψυχαῖς</span> <span class='ocrx_word' id='word_1_739' title='bbox 1529 5035 1637 5088; x_wconf 89' lang='grc' dir='ltr'><strong>τῶν</strong></span> <span class='ocrx_word' id='word_1_740' title='bbox 1674 5034 1888 5107; x_wconf 73' lang='grc' dir='ltr'>ἀνθρώ-ι</span> 
     </span>
    </p>
   </div>
   <div class='ocr_carea' id='block_1_98' title="bbox 318 5125 1886 5200">
    <p class='ocr_par' dir='ltr' id='par_1_98' title="bbox 318 5125 1886 5200">
     <span class='ocr_line' id='line_1_98' title="bbox 318 5125 1886 5200; baseline -0.004 -15"><span class='ocrx_word' id='word_1_741' title='bbox 318 5148 423 5185; x_wconf 86' lang='grc' dir='ltr'>πων</span> <span class='ocrx_word' id='word_1_742' title='bbox 442 5132 502 5185; x_wconf 77' lang='grc' dir='ltr'><strong>τὸ</strong></span> <span class='ocrx_word' id='word_1_743' title='bbox 532 5129 856 5200; x_wconf 80' lang='grc' dir='ltr'>ἐπουράνιον</span> <span class='ocrx_word' id='word_1_744' title='bbox 883 5130 1020 5193; x_wconf 78' lang='grc' dir='ltr'>ἃλας</span> <span class='ocrx_word' id='word_1_745' title='bbox 1049 5128 1144 5182; x_wconf 79' lang='grc' dir='ltr'>τοῦ</span> <span class='ocrx_word' id='word_1_746' title='bbox 1175 5127 1517 5198; x_wconf 87' lang='grc' dir='ltr'>Πνεύματος,</span> <span class='ocrx_word' id='word_1_747' title='bbox 1548 5125 1886 5199; x_wconf 86' lang='grc' dir='ltr'>ἀρτύσαντες</span> 
     </span>
    </p>
   </div>
   <div class='ocr_carea' id='block_1_99' title="bbox 318 5216 1885 5292">
    <p class='ocr_par' dir='ltr' id='par_1_99' title="bbox 318 5216 1885 5292">
     <span class='ocr_line' id='line_1_99' title="bbox 318 5216 1885 5292; baseline -0.005 -16"><span class='ocrx_word' id='word_1_748' title='bbox 318 5225 513 5287; x_wconf 73' lang='grc' dir='ltr'>αὐτοὺς,</span> <span class='ocrx_word' id='word_1_749' title='bbox 555 5222 653 5276; x_wconf 76' lang='grc' dir='ltr'>καὶ</span> <span class='ocrx_word' id='word_1_750' title='bbox 682 5222 961 5292; x_wconf 77' lang='grc' dir='ltr'>ἀσήπτους</span> <span class='ocrx_word' id='word_1_751' title='bbox 982 5220 1078 5273; x_wconf 79' lang='grc' dir='ltr'><strong>καὶ</strong></span> <span class='ocrx_word' id='word_1_752' title='bbox 1107 5220 1312 5282; x_wconf 87' lang='grc' dir='ltr'>ἀσινεῖς</span> <span class='ocrx_word' id='word_1_753' title='bbox 1343 5216 1792 5289; x_wconf 82' lang='grc' dir='ltr'>ἀπεργασάμενοι</span> <span class='ocrx_word' id='word_1_754' title='bbox 1819 5218 1885 5269; x_wconf 87' lang='grc' dir='ltr'><strong>ἐκ</strong></span> 
     </span>
    </p>
   </div>
   <div class='ocr_carea' id='block_1_100' title="bbox 316 5307 1885 5387">
    <p class='ocr_par' dir='ltr' id='par_1_100' title="bbox 316 5307 1885 5387">
     <span class='ocr_line' id='line_1_100' title="bbox 316 5307 1885 5387; baseline -0.004 -18"><span class='ocrx_word' id='word_1_755' title='bbox 316 5315 496 5387; x_wconf 80' lang='grc' dir='ltr'>πολλῆς</span> <span class='ocrx_word' id='word_1_756' title='bbox 531 5313 821 5376; x_wconf 83' lang='grc' dir='ltr'>δυσωδίας.</span> <span class='ocrx_word' id='word_1_757' title='bbox 853 5312 1070 5381; x_wconf 83' lang='grc' dir='ltr'>Ὠσπερ</span> <span class='ocrx_word' id='word_1_758' title='bbox 1126 5310 1236 5382; x_wconf 79' lang='grc' dir='ltr'>γὰρ</span> <span class='ocrx_word' id='word_1_759' title='bbox 1286 5310 1452 5380; x_wconf 82' lang='grc' dir='ltr'>κρέας</span> <span class='ocrx_word' id='word_1_760' title='bbox 1474 5350 1489 5375; x_wconf 94' lang='grc'><strong>,</strong></span> <span class='ocrx_word' id='word_1_761' title='bbox 1542 5311 1639 5361; x_wconf 80' lang='grc' dir='ltr'>ἐὰν</span> <span class='ocrx_word' id='word_1_762' title='bbox 1675 5309 1750 5379; x_wconf 79' lang='grc' dir='ltr'>μὴ</span> <span class='ocrx_word' id='word_1_763' title='bbox 1784 5307 1885 5381; x_wconf 69' lang='grc' dir='ltr'><strong>ἔχῃ</strong></span> 
     </span>
    </p>
   </div>
   <div class='ocr_carea' id='block_1_101' title="bbox 310 5402 1880 5477">
    <p class='ocr_par' dir='ltr' id='par_1_101' title="bbox 310 5402 1880 5477">
     <span class='ocr_line' id='line_1_101' title="bbox 310 5402 1880 5477; baseline -0.005 -13"><span class='ocrx_word' id='word_1_764' title='bbox 310 5409 444 5475; x_wconf 78' lang='grc' dir='ltr'>ἃλας,</span> <span class='ocrx_word' id='word_1_765' title='bbox 476 5410 782 5477; x_wconf 82' lang='grc' dir='ltr'>σέσηπται,</span> <span class='ocrx_word' id='word_1_766' title='bbox 822 5405 919 5459; x_wconf 66' lang='grc' dir='ltr'><strong>καὶ</strong></span> <span class='ocrx_word' id='word_1_767' title='bbox 954 5404 1153 5474; x_wconf 82' lang='grc' dir='ltr'>πολλῆς</span> <span class='ocrx_word' id='word_1_768' title='bbox 1194 5403 1458 5467; x_wconf 85' lang='grc' dir='ltr'>δυσωδίας</span> <span class='ocrx_word' id='word_1_769' title='bbox 1510 5402 1880 5473; x_wconf 85' lang='grc' dir='ltr'>μεμέστωται,</span> 
     </span>
    </p>
   </div>
   <div class='ocr_carea' id='block_1_102' title="bbox 307 5495 1878 5567">
    <p class='ocr_par' dir='ltr' id='par_1_102' title="bbox 307 5495 1878 5567">
     <span class='ocr_line' id='line_1_102' title="bbox 307 5495 1878 5567; baseline -0.007 -9"><span class='ocrx_word' id='word_1_770' title='bbox 307 5505 423 5559; x_wconf 72' lang='grc' dir='ltr'>ὥστε</span> <span class='ocrx_word' id='word_1_771' title='bbox 454 5508 683 5564; x_wconf 77' lang='grc' dir='ltr'>πάντας</span> <span class='ocrx_word' id='word_1_772' title='bbox 706 5496 1145 5567; x_wconf 79' lang='grc' dir='ltr'>ἀποστρέφεσθαι</span> <span class='ocrx_word' id='word_1_773' title='bbox 1172 5499 1236 5549; x_wconf 86' lang='grc' dir='ltr'><strong>ἐκ.</strong></span> <span class='ocrx_word' id='word_1_774' title='bbox 1254 5496 1356 5565; x_wconf 80' lang='grc' dir='ltr'><strong>τῆς</strong></span> <span class='ocrx_word' id='word_1_775' title='bbox 1386 5495 1655 5566; x_wconf 85' lang='grc' dir='ltr'>κακίστης</span> <span class='ocrx_word' id='word_1_776' title='bbox 1681 5495 1878 5566; x_wconf 76' lang='grc' dir='ltr'>ὀσμῆς·</span> 
     </span>
    </p>
   </div>
   <div class='ocr_carea' id='block_1_103' title="bbox 304 5587 1883 5669">
    <p class='ocr_par' dir='ltr' id='par_1_103' title="bbox 304 5587 1883 5669">
     <span class='ocr_line' id='line_1_103' title="bbox 304 5587 1883 5669; baseline -0.003 -23"><span class='ocrx_word' id='word_1_777' title='bbox 304 5602 377 5656; x_wconf 78' lang='grc' dir='ltr'><strong>καὶ</strong></span> <span class='ocrx_word' id='word_1_778' title='bbox 412 5599 714 5669; x_wconf 76' lang='grc' dir='ltr'>σκώληκες</span> <span class='ocrx_word' id='word_1_779' title='bbox 742 5592 1010 5663; x_wconf 69' lang='grc' dir='ltr'>ἕρπουσιν</span> <span class='ocrx_word' id='word_1_780' title='bbox 1050 5591 1129 5654; x_wconf 78' lang='grc' dir='ltr'><strong>εἰς</strong></span> <span class='ocrx_word' id='word_1_781' title='bbox 1176 5588 1237 5641; x_wconf 82' lang='grc' dir='ltr'><strong>τὸ</strong></span> <span class='ocrx_word' id='word_1_782' title='bbox 1278 5587 1510 5660; x_wconf 85' lang='grc' dir='ltr'>σεσηπὸς</span> <span class='ocrx_word' id='word_1_783' title='bbox 1557 5587 1745 5659; x_wconf 82' lang='grc' dir='ltr'>κρέας,</span> <span class='ocrx_word' id='word_1_784' title='bbox 1788 5589 1883 5643; x_wconf 74' lang='grc' dir='ltr'>καὶ</span> 
     </span>
    </p>
   </div>
   <div class='ocr_carea' id='block_1_104' title="bbox 333 5768 1877 5849">
    <p class='ocr_par' dir='ltr' id='par_1_104' title="bbox 333 5770 1871 5849">
     <span class='ocr_line' id='line_1_104' title="bbox 333 5770 1871 5849; baseline 0 -23"><span class='ocrx_word' id='word_1_785' title='bbox 333 5794 352 5826; x_wconf 74' lang='grc' dir='ltr'><strong>ι</strong></span> <span class='ocrx_word' id='word_1_786' title='bbox 374 5786 574 5849; x_wconf 67' lang='lat' dir='ltr'><strong>Matth.</strong></span> <span class='ocrx_word' id='word_1_787' title='bbox 608 5796 670 5845; x_wconf 71' lang='grc' dir='ltr'><strong>ν,</strong></span> <span class='ocrx_word' id='word_1_788' title='bbox 706 5776 795 5831; x_wconf 67' lang='lat' dir='ltr'><strong>ll.</strong></span> <span class='ocrx_word' id='word_1_789' title='bbox 871 5772 892 5802; x_wconf 85' lang='grc'><strong><em>⁵</em></strong></span> <span class='ocrx_word' id='word_1_790' title='bbox 929 5770 1059 5826; x_wconf 85' lang='lat' dir='ltr'><strong>ibid.</strong></span> <span class='ocrx_word' id='word_1_791' title='bbox 1090 5772 1172 5827; x_wconf 72' lang='lat'><strong>15.</strong></span> <span class='ocrx_word' id='word_1_792' title='bbox 1211 5772 1295 5826; x_wconf 79' lang='grc'><strong>16.</strong></span> <span class='ocrx_word' id='word_1_793' title='bbox 1357 5771 1423 5804; x_wconf 84' lang='grc'><strong>⁶·⁷</strong></span> <span class='ocrx_word' id='word_1_794' title='bbox 1457 5771 1646 5828; x_wconf 84' lang='lat' dir='ltr'><strong>Matth.</strong></span> <span class='ocrx_word' id='word_1_795' title='bbox 1680 5787 1755 5839; x_wconf 70' lang='lat' dir='ltr'><strong>vr,</strong></span> <span class='ocrx_word' id='word_1_796' title='bbox 1780 5770 1871 5839; x_wconf 66' lang='lat'><strong>29.,</strong></span> 
     </span>
    </p>
   </div>
   <div class='ocr_carea' id='block_1_105' title="bbox 1983 5768 2928 5849">
    <p class='ocr_par' dir='ltr' id='par_1_105' title="bbox 1994 5768 2928 5839">
     <span class='ocr_line' id='line_1_105' title="bbox 1994 5768 2928 5839; baseline -0.001 -13"><span class='ocrx_word' id='word_1_797' title='bbox 1994 5786 2009 5838; x_wconf 90' lang='lat'><strong>;</strong></span> <span class='ocrx_word' id='word_1_798' title='bbox 2041 5770 2175 5828; x_wconf 88' lang='lat' dir='ltr'><strong>Luc.</strong></span> <span class='ocrx_word' id='word_1_799' title='bbox 2202 5786 2277 5839; x_wconf 70' lang='grc' dir='ltr'>ιι,</span> <span class='ocrx_word' id='word_1_800' title='bbox 2316 5771 2405 5828; x_wconf 72' lang='grc'><strong>54.</strong></span> <span class='ocrx_word' id='word_1_801' title='bbox 2482 5772 2502 5804; x_wconf 84' lang='grc'><strong><em>⁸</em></strong></span> <span class='ocrx_word' id='word_1_802' title='bbox 2526 5768 2719 5826; x_wconf 86' lang='lat' dir='ltr'><strong>Matth.</strong></span> <span class='ocrx_word' id='word_1_803' title='bbox 2754 5784 2807 5836; x_wconf 89' lang='lat' dir='ltr'><strong>v,</strong></span> <span class='ocrx_word' id='word_1_804' title='bbox 2844 5768 2928 5825; x_wconf 79' lang='lat' dir='ltr'><strong>l3.</strong></span> 
     </span>
    </p>
   </div>
   <div class='ocr_carea' id='block_1_106' title="bbox 2056 4664 3571 4736">
    <p class='ocr_par' dir='ltr' id='par_1_106' title="bbox 2056 4664 3571 4736">
     <span class='ocr_line' id='line_1_106' title="bbox 2056 4664 3571 4736; baseline -0.003 -14"><span class='ocrx_word' id='word_1_805' title='bbox 2056 4667 2124 4723; x_wconf 75' lang='grc' dir='ltr'><strong>ν.</strong></span> <span class='ocrx_word' id='word_1_806' title='bbox 2179 4664 2249 4722; x_wconf 89' lang='lat' dir='ltr'><strong>Et</strong></span> <span class='ocrx_word' id='word_1_807' title='bbox 2309 4666 2390 4721; x_wconf 90' lang='lat' dir='ltr'><strong>sal</strong></span> <span class='ocrx_word' id='word_1_808' title='bbox 2430 4680 2556 4720; x_wconf 91' lang='lat' dir='ltr'><strong>cum</strong></span> <span class='ocrx_word' id='word_1_809' title='bbox 2582 4674 2770 4721; x_wconf 85' lang='lat' dir='ltr'><strong>essent</strong></span> <span class='ocrx_word' id='word_1_810' title='bbox 2800 4665 2925 4736; x_wconf 90' lang='lat' dir='ltr'><strong>ipsi,</strong></span> <span class='ocrx_word' id='word_1_811' title='bbox 2963 4666 3301 4721; x_wconf 89' lang='lat' dir='ltr'><strong>condiebant</strong></span> <span class='ocrx_word' id='word_1_812' title='bbox 3325 4670 3382 4719; x_wconf 90' lang='lat' dir='ltr'><strong>et</strong></span> <span class='ocrx_word' id='word_1_813' title='bbox 3404 4665 3571 4718; x_wconf 84' lang='lat' dir='ltr'><strong>salie-</strong></span> 
     </span>
    </p>
   </div>
   <div class='ocr_carea' id='block_1_107' title="bbox 1987 4758 3574 4829">
    <p class='ocr_par' dir='ltr' id='par_1_107' title="bbox 1987 4758 3574 4829">
     <span class='ocr_line' id='line_1_107' title="bbox 1987 4758 3574 4829; baseline -0.004 -14"><span class='ocrx_word' id='word_1_814' title='bbox 1987 4760 2123 4815; x_wconf 89' lang='lat' dir='ltr'><strong>bant</strong></span> <span class='ocrx_word' id='word_1_815' title='bbox 2140 4774 2365 4814; x_wconf 87' lang='lat' dir='ltr'><strong>omnem</strong></span> <span class='ocrx_word' id='word_1_816' title='bbox 2387 4758 2630 4814; x_wconf 88' lang='lat' dir='ltr'><strong>animam</strong></span> <span class='ocrx_word' id='word_1_817' title='bbox 2665 4758 3005 4823; x_wconf 87' lang='lat' dir='ltr'><strong>credentem,</strong></span> <span class='ocrx_word' id='word_1_818' title='bbox 3034 4760 3145 4812; x_wconf 82' lang='lat' dir='ltr'><strong>sale</strong></span> <span class='ocrx_word' id='word_1_819' title='bbox 3176 4758 3417 4828; x_wconf 89' lang='lat' dir='ltr'><strong>Spiritus</strong></span> <span class='ocrx_word' id='word_1_820' title='bbox 3446 4771 3574 4829; x_wconf 86' lang='lat' dir='ltr'><strong>san-</strong></span> 
     </span>
    </p>
   </div>
   <div class='ocr_carea' id='block_1_108' title="bbox 1988 4848 3570 4913">
    <p class='ocr_par' dir='ltr' id='par_1_108' title="bbox 1988 4848 3570 4913">
     <span class='ocr_line' id='line_1_108' title="bbox 1988 4848 3570 4913; baseline -0.004 -6"><span class='ocrx_word' id='word_1_821' title='bbox 1988 4853 2083 4908; x_wconf 91' lang='lat' dir='ltr'><strong>cti.</strong></span> <span class='ocrx_word' id='word_1_822' title='bbox 2117 4852 2265 4907; x_wconf 89' lang='lat' dir='ltr'><strong>Dixit</strong></span> <span class='ocrx_word' id='word_1_823' title='bbox 2289 4851 2439 4907; x_wconf 88' lang='lat' dir='ltr'><strong>enim</strong></span> <span class='ocrx_word' id='word_1_824' title='bbox 2497 4849 2565 4905; x_wconf 88' lang='lat' dir='ltr'><strong>iis</strong></span> <span class='ocrx_word' id='word_1_825' title='bbox 2592 4851 2897 4904; x_wconf 88' lang='lat' dir='ltr'><strong>Dominus:</strong></span> <span class='ocrx_word' id='word_1_826' title='bbox 2943 4849 3039 4903; x_wconf 86' lang='lat' dir='ltr'><strong>Vos</strong></span> <span class='ocrx_word' id='word_1_827' title='bbox 3075 4852 3197 4902; x_wconf 81' lang='lat' dir='ltr'><strong>estis</strong></span> <span class='ocrx_word' id='word_1_828' title='bbox 3221 4850 3304 4901; x_wconf 88' lang='lat' dir='ltr'><strong>sal</strong></span> <span class='ocrx_word' id='word_1_829' title='bbox 3341 4856 3499 4901; x_wconf 75' lang='lat' dir='ltr'><strong>terra:</strong></span> <span class='ocrx_word' id='word_1_830' title='bbox 3526 4848 3570 4913; x_wconf 80' lang='grc'>⁸,</span> 
     </span>
    </p>
   </div>
   <div class='ocr_carea' id='block_1_109' title="bbox 1991 4939 3574 5012">
    <p class='ocr_par' dir='ltr' id='par_1_109' title="bbox 1991 4939 3574 5012">
     <span class='ocr_line' id='line_1_109' title="bbox 1991 4939 3574 5012; baseline -0.004 -13"><span class='ocrx_word' id='word_1_831' title='bbox 1991 4955 2194 4999; x_wconf 88' lang='lat' dir='ltr'><strong>terram</strong></span> <span class='ocrx_word' id='word_1_832' title='bbox 2222 4959 2427 4998; x_wconf 91' lang='lat' dir='ltr'><strong>vocans</strong></span> <span class='ocrx_word' id='word_1_833' title='bbox 2486 4943 2702 4997; x_wconf 89' lang='lat' dir='ltr'><strong>animas</strong></span> <span class='ocrx_word' id='word_1_834' title='bbox 2752 4943 3051 5012; x_wconf 88' lang='lat' dir='ltr'><strong>proborum</strong></span> <span class='ocrx_word' id='word_1_835' title='bbox 3082 4941 3404 5005; x_wconf 90' lang='lat' dir='ltr'><strong>hominum;</strong></span> <span class='ocrx_word' id='word_1_836' title='bbox 3442 4939 3574 4993; x_wconf 88' lang='lat' dir='ltr'><strong>sub-</strong></span> 
     </span>
    </p>
   </div>
   <div class='ocr_carea' id='block_1_110' title="bbox 1989 5033 3573 5102">
    <p class='ocr_par' dir='ltr' id='par_1_110' title="bbox 1989 5033 3573 5102">
     <span class='ocr_line' id='line_1_110' title="bbox 1989 5033 3573 5102; baseline -0.005 -9"><span class='ocrx_word' id='word_1_837' title='bbox 1989 5036 2377 5095; x_wconf 84' lang='lat' dir='ltr'><strong>ministrabant</strong></span> <span class='ocrx_word' id='word_1_838' title='bbox 2430 5037 2579 5091; x_wconf 92' lang='lat' dir='ltr'><strong>enim</strong></span> <span class='ocrx_word' id='word_1_839' title='bbox 2635 5037 2834 5091; x_wconf 88' lang='lat' dir='ltr'><strong>animis</strong></span> <span class='ocrx_word' id='word_1_840' title='bbox 2887 5036 3169 5089; x_wconf 86' lang='lat' dir='ltr'><strong>hominum</strong></span> <span class='ocrx_word' id='word_1_841' title='bbox 3212 5034 3288 5088; x_wconf 88' lang='lat' dir='ltr'><strong>sal</strong></span> <span class='ocrx_word' id='word_1_842' title='bbox 3330 5033 3573 5102; x_wconf 87' lang='lat' dir='ltr'><strong>Spiritus</strong></span> 
     </span>
    </p>
   </div>
   <div class='ocr_carea' id='block_1_111' title="bbox 1992 5125 3571 5197">
    <p class='ocr_par' dir='ltr' id='par_1_111' title="bbox 1992 5125 3571 5197">
     <span class='ocr_line' id='line_1_111' title="bbox 1992 5125 3571 5197; baseline -0.006 -10"><span class='ocrx_word' id='word_1_843' title='bbox 1992 5132 2240 5197; x_wconf 65' lang='lat' dir='ltr'><strong>caeleste,</strong></span> <span class='ocrx_word' id='word_1_844' title='bbox 2279 5130 2605 5185; x_wconf 88' lang='lat' dir='ltr'><strong>condientes</strong></span> <span class='ocrx_word' id='word_1_845' title='bbox 2648 5130 2792 5191; x_wconf 86' lang='lat' dir='ltr'><strong>illos,</strong></span> <span class='ocrx_word' id='word_1_846' title='bbox 2830 5136 2887 5181; x_wconf 86' lang='lat' dir='ltr'><strong>et</strong></span> <span class='ocrx_word' id='word_1_847' title='bbox 2924 5145 2955 5181; x_wconf 74' lang='grc' dir='ltr'><strong>ιι</strong></span> <span class='ocrx_word' id='word_1_848' title='bbox 2998 5125 3292 5195; x_wconf 89' lang='lat' dir='ltr'><strong>putredine</strong></span> <span class='ocrx_word' id='word_1_849' title='bbox 3328 5141 3393 5180; x_wconf 92' lang='lat' dir='ltr'><strong>ac</strong></span> <span class='ocrx_word' id='word_1_850' title='bbox 3430 5141 3571 5179; x_wconf 76' lang='lat' dir='ltr'><strong>noxa</strong></span> 
     </span>
    </p>
   </div>
   <div class='ocr_carea' id='block_1_112' title="bbox 1991 5217 3574 5283">
    <p class='ocr_par' dir='ltr' id='par_1_112' title="bbox 1991 5217 3574 5283">
     <span class='ocr_line' id='line_1_112' title="bbox 1991 5217 3574 5283; baseline -0.004 -6"><span class='ocrx_word' id='word_1_851' title='bbox 1991 5240 2060 5278; x_wconf 80' lang='lat' dir='ltr'><strong>ex</strong></span> <span class='ocrx_word' id='word_1_852' title='bbox 2105 5223 2281 5276; x_wconf 90' lang='lat' dir='ltr'><strong>multo</strong></span> <span class='ocrx_word' id='word_1_853' title='bbox 2320 5222 2493 5275; x_wconf 81' lang='lat' dir='ltr'><strong>fetore</strong></span> <span class='ocrx_word' id='word_1_854' title='bbox 2522 5220 2893 5274; x_wconf 84' lang='lat' dir='ltr'><strong>vindicantes.</strong></span> <span class='ocrx_word' id='word_1_855' title='bbox 2923 5218 3395 5283; x_wconf 87' lang='lat' dir='ltr'><strong>Quemadmodum</strong></span> <span class='ocrx_word' id='word_1_856' title='bbox 3424 5217 3574 5271; x_wconf 89' lang='lat' dir='ltr'><strong>enim</strong></span> 
     </span>
    </p>
   </div>
   <div class='ocr_carea' id='block_1_113' title="bbox 1991 5310 3576 5380">
    <p class='ocr_par' dir='ltr' id='par_1_113' title="bbox 1991 5310 3576 5380">
     <span class='ocr_line' id='line_1_113' title="bbox 1991 5310 3576 5380; baseline -0.005 -11"><span class='ocrx_word' id='word_1_857' title='bbox 1991 5330 2144 5378; x_wconf 91' lang='lat' dir='ltr'><strong>caro,</strong></span> <span class='ocrx_word' id='word_1_858' title='bbox 2170 5313 2215 5367; x_wconf 92' lang='lat' dir='ltr'><strong>si</strong></span> <span class='ocrx_word' id='word_1_859' title='bbox 2245 5314 2356 5368; x_wconf 86' lang='lat' dir='ltr'><strong>sale</strong></span> <span class='ocrx_word' id='word_1_860' title='bbox 2384 5328 2494 5367; x_wconf 88' lang='lat' dir='ltr'><strong>non</strong></span> <span class='ocrx_word' id='word_1_861' title='bbox 2529 5312 2601 5367; x_wconf 91' lang='lat' dir='ltr'><strong>sit</strong></span> <span class='ocrx_word' id='word_1_862' title='bbox 2632 5326 2955 5380; x_wconf 85' lang='lat' dir='ltr'><strong>conspersa,</strong></span> <span class='ocrx_word' id='word_1_863' title='bbox 2996 5312 3289 5380; x_wconf 87' lang='lat' dir='ltr'><strong>putrescit.</strong></span> <span class='ocrx_word' id='word_1_864' title='bbox 3320 5319 3375 5364; x_wconf 87' lang='lat' dir='ltr'><strong>et</strong></span> <span class='ocrx_word' id='word_1_865' title='bbox 3402 5310 3576 5362; x_wconf 88' lang='lat' dir='ltr'><strong>multo</strong></span> 
     </span>
    </p>
   </div>
   <div class='ocr_carea' id='block_1_114' title="bbox 1990 5401 3574 5475">
    <p class='ocr_par' dir='ltr' id='par_1_114' title="bbox 1990 5401 3574 5475">
     <span class='ocr_line' id='line_1_114' title="bbox 1990 5401 3574 5475; baseline -0.005 -15"><span class='ocrx_word' id='word_1_866' title='bbox 1990 5407 2165 5461; x_wconf 80' lang='lat' dir='ltr'><strong>fetore</strong></span> <span class='ocrx_word' id='word_1_867' title='bbox 2220 5404 2487 5475; x_wconf 86' lang='lat' dir='ltr'><strong>repletur,</strong></span> <span class='ocrx_word' id='word_1_868' title='bbox 2542 5403 2680 5458; x_wconf 90' lang='lat' dir='ltr'><strong>adeo</strong></span> <span class='ocrx_word' id='word_1_869' title='bbox 2701 5411 2763 5457; x_wconf 91' lang='lat' dir='ltr'><strong>ut</strong></span> <span class='ocrx_word' id='word_1_870' title='bbox 2788 5418 2980 5457; x_wconf 90' lang='lat' dir='ltr'><strong>omnes</strong></span> <span class='ocrx_word' id='word_1_871' title='bbox 3012 5411 3332 5456; x_wconf 86' lang='lat' dir='ltr'><strong>avertantur</strong></span> <span class='ocrx_word' id='word_1_872' title='bbox 3354 5401 3426 5453; x_wconf 90' lang='lat' dir='ltr'><strong>ob</strong></span> <span class='ocrx_word' id='word_1_873' title='bbox 3448 5417 3574 5470; x_wconf 81' lang='lat' dir='ltr'><strong>gra-</strong></span> 
     </span>
    </p>
   </div>
   <div class='ocr_carea' id='block_1_115' title="bbox 1989 5492 3575 5565">
    <p class='ocr_par' dir='ltr' id='par_1_115' title="bbox 1989 5492 3575 5565">
     <span class='ocr_line' id='line_1_115' title="bbox 1989 5492 3575 5565; baseline -0.005 -13"><span class='ocrx_word' id='word_1_874' title='bbox 1989 5513 2113 5552; x_wconf 88' lang='lat' dir='ltr'><strong>vem</strong></span> <span class='ocrx_word' id='word_1_875' title='bbox 2153 5497 2417 5562; x_wconf 86' lang='lat' dir='ltr'><strong>odorem;</strong></span> <span class='ocrx_word' id='word_1_876' title='bbox 2459 5505 2515 5551; x_wconf 90' lang='lat' dir='ltr'><strong>et</strong></span> <span class='ocrx_word' id='word_1_877' title='bbox 2535 5510 2754 5549; x_wconf 87' lang='lat' dir='ltr'><strong>vermes</strong></span> <span class='ocrx_word' id='word_1_878' title='bbox 2776 5495 3029 5565; x_wconf 90' lang='lat' dir='ltr'><strong>irrepunt</strong></span> <span class='ocrx_word' id='word_1_879' title='bbox 3058 5497 3115 5550; x_wconf 90' lang='lat' dir='ltr'><strong>in</strong></span> <span class='ocrx_word' id='word_1_880' title='bbox 3140 5509 3360 5549; x_wconf 87' lang='lat' dir='ltr'><strong>carnem</strong></span> <span class='ocrx_word' id='word_1_881' title='bbox 3396 5492 3575 5562; x_wconf 51' lang='lat' dir='ltr'><strong>putri.</strong></span> 
     </span>
    </p>
   </div>
   <div class='ocr_carea' id='block_1_116' title="bbox 1992 5586 3574 5658">
    <p class='ocr_par' dir='ltr' id='par_1_116' title="bbox 1992 5586 3574 5658">
     <span class='ocr_line' id='line_1_116' title="bbox 1992 5586 3574 5658; baseline -0.003 -15"><span class='ocrx_word' id='word_1_882' title='bbox 1992 5589 2141 5655; x_wconf 83' lang='lat' dir='ltr'><strong>dam,</strong></span> <span class='ocrx_word' id='word_1_883' title='bbox 2167 5587 2391 5658; x_wconf 89' lang='lat' dir='ltr'><strong>illicque</strong></span> <span class='ocrx_word' id='word_1_884' title='bbox 2422 5596 2746 5658; x_wconf 85' lang='lat' dir='ltr'><strong>pascuntur,</strong></span> <span class='ocrx_word' id='word_1_885' title='bbox 2783 5587 3098 5653; x_wconf 86' lang='lat' dir='ltr'><strong>comedunt,</strong></span> <span class='ocrx_word' id='word_1_886' title='bbox 3128 5594 3183 5641; x_wconf 88' lang='lat' dir='ltr'><strong>et</strong></span> <span class='ocrx_word' id='word_1_887' title='bbox 3219 5586 3274 5642; x_wconf 90' lang='lat' dir='ltr'><strong>in</strong></span> <span class='ocrx_word' id='word_1_888' title='bbox 3302 5598 3574 5641; x_wconf 66' lang='lat' dir='ltr'><strong>cavet-nn-</strong></span> 
     </span>
    </p>
   </div>
   <div class='ocr_carea' id='block_1_117' title="bbox 3110 5828 3201 5862">
    <p class='ocr_par' dir='ltr' id='par_1_117' title="bbox 3110 5828 3201 5862">
     <span class='ocr_line' id='line_1_117' title="bbox 3110 5828 3201 5862; baseline 0.011 -1"><span class='ocrx_word' id='word_1_889' title='bbox 3110 5828 3201 5862; x_wconf 59' lang='grc' dir='ltr'>..ὂ</span> 
     </span>
    </p>
   </div>
  </div>
