4016 6456
548 367 652 431 455
1789 366 1849 425 S.
1890 365 2131 425 MACAH

2245 359 2566 423 IEGYPTII
3742 343 3843 412 456

552 481 618 535 Ιίε
646 477 1005 533 delitescunt:
1069 477 1116 531 si
1157 491 1290 533 vero
1311 476 1693 549 supervenerit
1757 478 1858 542 sal,
1906 475 2121 531 interfi-

2235 476 2344 528 ἐκεῖ
2377 472 2693 541 ἐννέμονται
2723 467 2818 521 καὶ
2864 463 3103 518 ἐσθίουσι
3152 461 3261 517 xui
3292 457 3675 528 φωλεύουσιν·
3711 461 3845 515 ἐπὰν

550 572 773 626 eiuntur
825 581 881 626 ct
933 580 1168 642 pereunt
1226 571 1341 626 illic
1398 569 1756 641 depasccntes
1794 585 2029 635 vermes,
2071 578 2126 623 et

2235 568 2281 620 δὲ
2317 566 2444 637 ἔλθῃ
2487 564 2549 617 τὸ
2582 563 2737 628 ἃλας,
2761 559 3110 630 ἀναιροῦνται
3138 558 3250 610 xui
3287 553 3638 610 ἀπόλλυνται
3664 553 3715 607 οί
3737 554 3846 608 ἐκεῖ

553 664 733 734 gravis
772 663 911 717 odor
953 662 1146 718 fetoris
1189 671 1370 718 cessat
1402 679 1418 718 :
1447 671 1643 717 natura
1683 662 1953 732 siquidem
1998 664 2128 719 salis

2235 659 2518 728 νεμόμενοι
2554 654 2859 725 σκώληκες,
2889 653 2982 705 καὶ
3013 649 3162 720 ὀσμὴ
3213 647 3327 719 τῆς
3359 645 3640 708 δυσωδίας
3685 647 3846 700 παύε-

551 767 655 822 est,
692 766 752 810 ut
777 757 1062 811 interimat
1105 772 1344 820 vermes,
1369 763 1425 810 et
1459 755 1688 809 fetorem
1718 754 1903 809 tollat:
1929 753 2124 808 eodem

549 861 772 916 quoque
821 847 986 900 modo
1016 847 1197 901 omnis
1244 847 1448 910 anima,
1497 861 1609 898 non
1639 844 1862 900 condita
1915 844 2125 916 Spiritu

550 946 764 1002 sancto,
815 937 1164 1006 cmlestisque
1229 937 1378 1000 salis,
1433 935 1541 989 hoc
1587 944 1692 1000 est,
1725 935 1988 1005 potentia:
2027 933 2126 989 Dei

551 1029 834 1098 particeps
887 1044 1000 1082 non
1044 1029 1206 1092 facta,
1235 1028 1529 1098 putredine
1551 1027 1801 1092 vitiatur,
1838 1043 1904 1082 ac
1951 1026 2127 1080 fetore

552 1133 848 1189 pravarum
900 1120 1293 1190 cogitationum
1349 1120 1574 1190 copioso
1606 1119 1872 1189 repletur,
1899 1117 2036 1172 adeo
2069 1126 2128 1170 ut

552 1221 834 1267 avertatur
889 1211 1059 1266 facies
1111 1211 1208 1266 Dei
1261 1227 1290 1266 a
1349 1213 1502 1283 gravi
1552 1211 1728 1266 fetore
1763 1227 2030 1265 vanarum
2064 1225 2128 1263 ac

553 1304 970 1358 tenebrosarum
1021 1303 1438 1373 cogitationum,
1477 1312 1534 1358 et
1560 1302 1915 1358 aﬂ‘ectionum
1945 1301 2128 1354 eidem

547 1395 745 1447 anima:
802 1392 1212 1446 inhaircntium.
1272 1393 1342 1446 Et
1381 1393 1529 1446 noxii
1557 1392 1981 1462 alqueimprobi
2009 1407 2129 1446 vcr-

546 1502 682 1552 mes,
719 1485 814 1555 qui
838 1494 968 1539 sunt
1010 1484 1242 1555 spiritus
1283 1485 1528 1551 malitia),
1556 1495 1611 1540 et
1647 1495 1947 1556 potestates
1975 1493 2130 1539 tene-

517 1580 775 1633 brarum
816 1578 872 1630 in
903 1593 966 1630 ea
997 1576 1363 1644 inambulant,
1418 1578 1531 1633 illic
1563 1587 1885 1648 pascuntur,
1934 1577 2130 1632 delite-

547 1677 713 1725 scunt
748 1677 804 1722 et
854 1673 1078 1736 repunt,
1109 1675 1278 1737 atque
1334 1683 1454 1722 eam
1503 1669 1773 1722 devorant
1802 1679 2130 1722 etcorrum-

509 1769 740 1832 ppunt:
799 1759 1040 1817 Fetorem
1106 1762 1246 1814 enim
1310 1764 1668 1832 prazbucrunt,
1713 1769 1760 1814 et
1811 1764 2127 1830 putruerunt

2225 770 2336 815 ται,
2375 752 2430 822 (ἡ
2459 749 2566 819 γὰρ
2603 747 2764 817 φύσις
2795 745 2887 799 τοῦ
2919 744 3139 808 ἆλατος,
3171 739 3531 812 ἀναιρετικὴ
3584 739 3702 792 ἐστι
3746 740 3843 793 τῶν

2228 844 2549 913 σκωλήκων,
2564 842 2656 896 xui
2684 841 2782 911 τῆς
2812 837 3075 900 δυσωδίας
3105 833 3505 904 ἀφανιστική)
3530 847 3548 861 ·
3577 830 3671 884 τὸν
3696 832 3844 885 αὑτὸν

2225 939 2427 1011 τρόπον
2481 935 2574 990 xui
2607 934 2758 987 πᾶσα
2803 930 2952 1000 ψυχὴ
3023 931 3058 999 ὴ
3119 928 3202 998 μὴ
3269 925 3568 997 ήλισμένη
3596 922 3671 994 τῷ
3715 925 3842 994 ἁγίῳ

2226 1031 2529 1098 Πνεύματι,
2564 1026 2663 1080 καὶ
2695 1025 2770 1097 μὴ
2816 1023 3122 1096 μετέχουσα
3151 1019 3267 1076 τοῦ
3315 1018 3532 1081 ἆλατος
3564 1015 3662 1070 τοῦ
3693 1018 3842 1068 ἐπουα

2231 1121 2435 1194 ρανίου,
2475 1118 2624 1171 τοῦτ’
2657 1118 2773 1170 ἐστι
2825 1115 2927 1184 τῆς
2987 1113 3292 1182 δυνάμεως
3325 1109 3434 1163 τοῦ
3483 1107 3647 1175 Θεοῦ,
3697 1110 3841 1177 σέση-

2227 1230 2383 1278 πται,
2417 1212 2512 1265 xui
2542 1208 2804 1269 δυσωδίας
2832 1205 3032 1277 πολλῆς
3061 1204 3362 1274 λογισμῶν
3394 1200 3660 1270 πονηρῶν
3685 1201 3840 1268 ἐμπέ-

2230 1303 2537 1376 πλη[σ]ται,
2555 1301 2695 1355 ὥστε
2715 1297 3152 1369 ἀποστρέφεσθαι
3173 1296 3244 1348 τὸ
3263 1295 3582 1365 πρόσωπον
3603 1292 3694 1344 τοῦ
3719 1291 3835 1344 Θεοῦ

2227 1395 2338 1450 ἀπὸ
2380 1395 2480 1464 τῆς
2537 1391 2719 1461 δεινῆς
2773 1388 3039 1452 δυσωδίας
3083 1386 3198 1440 τῶν
3249 1385 3526 1456 ματαίων
3577 1382 3836 1452 λογισμῶν

2228 1486 2322 1540 τοῦ
2380 1486 2628 1547 σκότους,
2668 1483 2762 1537 xui
2811 1482 2922 1535 τῶν
2965 1479 3157 1552 παθῶν
3204 1479 3330 1532 τῶν
3387 1478 3452 1530 ὲν
3509 1479 3579 1549 τῇ
3633 1475 3835 1547 τοιαύτῃ

2228 1581 2376 1650 ψυχῇ
2401 1575 2774 1630 ἐνοικούντων.
2799 1574 2907 1628 Kui
2934 1575 2985 1626 oi
3010 1573 3179 1626 xuxoi
3212 1572 3319 1625 xui
3344 1570 3526 1624 δεινοὶ
3549 1567 3832 1638 σκώληκες,

2231 1674 2267 1727 ἆ
2298 1673 2415 1725 ἐστι
2441 1670 2510 1723 τὰ
2541 1669 2829 1739 πνεύματα
2874 1667 2973 1737 τῆς
3018 1665 3329 1735 πονηρίας,
3372 1661 3477 1716 xui
3505 1662 3564 1714 ui
3597 1660 3832 1728 δυνάμεις

2228 1762 2325 1816 τοῦ
2361 1762 2611 1824 σκότους,
2634 1763 2692 1814 ὲν
2717 1760 2852 1830 αύτῇ
2893 1756 3380 1828 ἐμπεριπατοῦσι,
3403 1755 3575 1808 κάκεῖ
3604 1752 3829 1822 ἐννέμον-

549 1855 738 1908 vibices
761 1857 864 1908 mei
889 1858 932 1909 ³.
957 1855 1015 1909 Si
1053 1871 1190 1909 vero
1215 1853 1284 1907 ad
1308 1854 1480 1908 Deum
1525 1852 1825 1922 confugiat,
1855 1849 2045 1905 credat
2081 1857 2131 1903 et

2237 1873 2348 1920 ται,
2380 1855 2475 1908 xui
2509 1853 2836 1924 φωλεύουσι,
2855 1853 2947 1904 xui
2977 1852 3240 1920 ἓρπουσι,
3275 1848 3381 1902 xui
3411 1846 3591 1916 αὐτὴν
3615 1844 3827 1896 ἐσθίουσι

552 1955 707 2014 petat
735 1945 906 2000 salem
951 1945 1100 2011 vitaa,
1151 1945 1359 1998 bonum
1398 1959 1461 1997 ac
1499 1943 1805 1996 humanum
1837 1939 2126 2010 Spiritum,

550 2047 667 2091 tum
697 2037 928 2092 veniens
987 2037 1067 2092 sal
1106 2037 1327 2092 caeleste
1364 2034 1631 2089 interimit
1660 2041 1832 2088 tctros
1859 2032 1984 2086 illos
2011 2046 2132 2084 ver-

550 2144 690 2192 mes,
728 2136 783 2183 et
815 2129 1032 2182 sublato
1059 2129 1299 2199 pessimo
1349 2127 1547 2192 fetore,
1573 2125 1875 2196 exstinguit
1900 2139 2130 2196 gravco-

549 2220 775 2274 lentiam
797 2221 1004 2274 virtute
1028 2221 1290 2290 potentiae.
1323 2218 1451 2273 salis
1477 2237 1488 2271 :
1517 2225 1573 2273 et
1601 2218 1682 2272 sic
1708 2217 1799 2272 illa
1835 2215 2130 2272 incolumis

549 2318 607 2366 et
640 2310 808 2365 illaesa
841 2311 1036 2365 eﬂ‘ecta
1065 2325 1163 2378 per
1182 2325 1372 2364 verum
1396 2309 1496 2374 sal,
1527 2308 1582 2362 in
1617 2324 1776 2362 usum
1805 2316 1862 2362 et
1886 2306 2133 2360 ministe-

546 2405 693 2457 rium
749 2403 986 2458 cwlestis
1035 2402 1255 2457 Domini
1284 2401 1594 2455 ordinatur.
1635 2400 1935 2468 PrOpterea
1965 2399 2133 2452 etiam

548 2497 602 2550 in
670 2497 811 2567 lege,
849 2496 1105 2566 exemplo
1176 2506 1336 2550 utens
1386 2495 1552 2558 Deus,
1608 2493 1773 2565 jussit
1823 2507 2015 2546 omnes
2050 2491 2135 2544 vi-

544 2587 742 2641 ctimas
769 2586 882 2641 sale
904 2586 1058 2640 saliri
1099 2585 1161 2638 ¹⁰.

2235 1945 2332 1998 xui
2365 1943 2664 2016 φθείρουσι.
2709 1941 3104 2011 Προσώζεσαν
3129 1939 3275 2011 γὰρ,
3326 1939 3506 2008 φησὶ.
3565 1936 3664 1989 καί
3705 1932 3824 1986 ἐσά-

2236 2054 2446 2106 πησαν
2490 2040 2544 2092 οἱ
2593 2036 2888 2108 μώλωπές
2927 2053 3068 2104 μου.
3137 2033 3328 2086 Ἐπὰν
3359 2031 3421 2084 δὲ
3458 2030 3740 2100 προσερύγῃ
3762 2025 3823 2096 τῷ

2237 2133 2377 2205 Θεῷ,
2408 2133 2504 2188 xui
2544 2131 2837 2203 πιστεύσῃ,
2872 2129 2967 2183 xui
3003 2129 3211 2198 αίτήσῃ
3252 2126 3324 2179 τὸ
3363 2125 3510 2188 ἃλας
3539 2123 3639 2193 τῆς
3677 2119 3816 2189 ζωῆς.

2236 2227 2298 2279 τὸ
2330 2225 2536 2293 ἀγαθὸν
2571 2218 2668 2278 xui
2716 2223 3102 2292 φιλάνθρωπον
3139 2218 3414 2289 Πνεῦμα,
3451 2217 3580 2270 τότε
3613 2211 3752 2266 ἐλθὸν
3773 2210 3818 2263 τὸ

2234 2317 2370 2378 ἃλας
2399 2317 2459 2369 τὸ
2481 2317 2735 2384 οὐράνιον
2758 2316 2976 2386 ἀναιρεῖ
3004 2313 3131 2376 τοὺς
3153 2311 3382 2373 δεινοὺς
3411 2307 3714 2378 σκώληκας,
3739 2301 3813 2356 καὶ

2235 2405 2487 2474 ἀφανίζει
2521 2405 2617 2476 τὴν
2645 2405 2890 2476 πονηρὰν
2921 2401 3212 2466 δυσωδίαν,
3253 2401 3358 2453 xui
3389 2397 3644 2467 καθαίρει
3671 2392 3812 2460 αὐτὴν

2237 2501 2302 2569 τῇ
2339 2498 2592 2570 ἐνεργείᾳ
2627 2498 2725 2566 τῆς
2761 2497 3043 2565 δυνάμεως
3075 2493 3276 2547 αὐτοῦ·
3332 2491 3434 2545 xui
3469 2489 3641 2550 οὕτως
3679 2482 3805 2552 ὑγιὴς

2245 2592 2342 2644 xui
2369 2591 2560 2662 ἀσινὴς
2586 2590 3021 2661 ἀπεργασθεῖσα,
3065 2587 3174 2639 ὑπὸ
3218 2585 3324 2638 τοῦ
3359 2584 3565 2644 ἆλατος
3592 2579 3678 2632 τοῦ
3705 2576 3803 2644 diti

548 2679 824 2744 θινοῦ,είς
854 2681 1051 2749 χρῆσιν
1096 2679 1193 2732 xui
1241 2676 1548 2748 ὑπηρεσίαν
1592 2675 1667 2746 τῷ
1711 2677 2022 2748 ἐπουρανίῳ
2056 2680 2303 2754 Δεσπότῃ
2331 2683 2791 2736 ἀποκαθίσταται.
2826 2681 2927 2734 Διὰ
2946 2679 3106 2733 τοῦτο
3168 2677 3290 2750 γὰρ
3347 2676 3450 2730 xui
3514 2677 3574 2729 ἐν
3598 2670 3788 2744 τῷνόμῳ

545 2772 912 2840 ὑποδείγματι
963 2768 1249 2840 χρώμενος
1282 2771 1310 2821 ὁ
1355 2768 1510 2832 Θεὸς,
1549 2769 1767 2821 ἐκέλευε
1802 2771 1984 2822 πᾶσαν
2011 2770 2201 2825 θυσίαν
2230 2772 2387 2828 ἆλατι
2433 2773 2738 2838 ἁλίζεσθαι.

617 2867 706 2922 Vl.
741 2864 973 2936 Oportet
1020 2864 1188 2934 igitur
1246 2863 1488 2933 primum
1523 2863 1804 2917 victimam
1845 2865 2072 2919 mactari
2097 2882 2129 2919 a

548 2959 858 3023 sacerdote,
887 2967 946 3012 et
971 2957 1134 3020 mori,
1165 2965 1221 3011 et
1259 2965 1393 3010 tunc
1423 2955 1718 3010 dissectam
1746 2957 1859 3010 sale
1889 2955 2126 3020 condiri,

546 3053 746 3110 deinde
792 3053 871 3106 sic
929 3050 1041 3121 igni
1093 3049 1324 3119 imponi.
1369 3047 1484 3103 Nisi
1527 3050 1675 3102 enim
1724 3050 1880 3118 prius
1925 3056 2138 3102 mactct'

545 3157 604 3203 et
637 3145 858 3214 occidat
917 3160 1077 3199 ovem
1109 3142 1390 3207 sacerdos,
1439 3157 1550 3195 non
1594 3141 1812 3206 salitur,
1843 3155 2022 3208 neque
2061 3139 2128 3193 ad

542 3239 937 3295 holocaustum
977 3236 1212 3291 Domino
1263 3234 1597 3288 adducitur:
1651 3233 1732 3288 sic
1781 3240 1838 3286 et
1880 3240 2126 3285 nostram

548 3333 790 3388 animam
829 3329 1181 3384 accedentem
1229 3341 1364 3382 vero
1394 3324 1646 3381 Pontifici
1685 3323 1928 3384 Christo,
1961 3338 2127 3392 opor-

549 3425 629 3473 tet
661 3419 888 3473 mactari
951 3418 1017 3471 ab
1072 3432 1160 3482 eo,
1194 3425 1249 3471 et
1288 3416 1720 3487 cogitationibus
1769 3429 1834 3468 ac
1879 3413 2131 3482 pessima:

547 3512 700 3578 vitae,
733 3511 822 3565 cui
873 3510 1120 3574 vivebat,
1160 3509 1266 3564 hoc
1300 3517 1406 3572 est,
1461 3518 1690 3578 peccato
1718 3506 1886 3572 mori,
1921 3513 1978 3560 et
2007 3513 2130 3559 tan-

547 3618 712 3672 quam
739 3605 906 3656 vitam
936 3609 1155 3671 oportet
1179 3617 1246 3655 ex
1267 3616 1332 3654 ea
1349 3599 1536 3672 egredi
1566 3615 1762 3670 pravas
1784 3599 2128 3653 affectiones.

550 3695 1029 3762 Quemadmodum
1080 3694 1228 3747 enim
1283 3708 1508 3762 corpus,
1560 3700 1850 3762 postquam
1892 3689 2133 3746 evolavit

547 3789 755 3851 anima,
812 3796 1091 3840 mortuum
1139 3796 1244 3853 cst,
1286 3800 1391 3839 nec
1423 3785 1663 3854 amplius
1689 3784 1824 3839 vivit
1857 3784 1989 3848 vita,
2023 3798 2131 3853 qua

547 3879 797 3942 vivebat,
821 3894 1004 3948 neque
1028 3877 1203 3945 audit,
1220 3893 1403 3948 neque
1425 3877 1705 3932 ambulat:
1728 3866 1824 3932 'sic
1845 3886 2132 3947 postquam

548 3971 810 4026 mactavit
863 3979 918 4024 et
966 3970 1140 4040 gratia
1179 3969 1405 4023 virtutis
1443 3984 1557 4024 suae
1602 3969 1884 4023 interemit
1925 3967 2133 4023 mundo

545 4063 716 4117 vitam
748 4070 994 4115 nostram
1029 4061 1270 4115 cmlestis
1304 4061 1555 4116 Pontifex
1586 4060 1860 4124 Christus,
1896 4061 2135 4116 moritur

549 4155 642 4208 illa
666 4156 793 4208 vitae
825 4169 1123 4224 perversae,
1149 4153 1452 4207 secundum
1478 4170 1646 4224 quam
1675 4154 1916 4217 vivebat,
1940 4161 1997 4209 et
2020 4169 2136 4207 am-

545 4247 689 4317 plius
705 4247 761 4316 6
783 4261 961 4315 neque
979 4246 1154 4309 audit,
1179 4261 1360 4315 neque
1393 4246 1661 4316 loquitur,
1683 4261 1863 4315 neque
1882 4255 2136 4300 versatur

549 4337 604 4388 in
637 4337 885 4390 tenebris
926 4337 1174 4406 peccati;
1236 4337 1369 4407 quia
1416 4355 1514 4408 per
1551 4339 1781 4408 gratiam
1817 4339 2132 4404 discedunt,

555 4425 710 4476 velut
751 4424 935 4477 anima
975 4425 1116 4495 ejus,
1154 4427 1310 4480 malae
1358 4426 1701 4481 alfectiones.
1733 4426 1803 4480 Et
1838 4426 2136 4496 Apostolus

544 4516 835 4580 exclamat,
871 4516 1098 4572 dicens:
1130 4517 1258 4572 Mihi
1279 4519 1505 4572 mundus
1533 4519 1815 4588 cruciﬁxus
1837 4528 1932 4585 cst,
1967 4528 2016 4573 ct
2041 4536 2134 4591 ego

546 4607 743 4660 r‘mndo
775 4609 837 4662 “.
873 4608 1070 4662 Anima
1112 4610 1285 4675 enim,
1318 4626 1440 4680 qute
1479 4612 1534 4664 in
1573 4611 1781 4666 mundo
1801 4619 1856 4665 et
1887 4611 2134 4666 tenebris

545 4707 900 4768 peccatorum
945 4699 1129 4754 adhuc
1155 4702 1312 4766 vivit,
1337 4702 1406 4756 ab
1435 4717 1612 4772 eoque
1647 4718 1756 4757 non
1789 4711 1874 4759 est
1901 4703 2136 4757 mortifi-

547 4800 690 4856 cata,
741 4791 838 4846 scd
881 4792 1065 4846 adhuc
1112 4795 1350 4847 animam
1391 4794 1638 4860 malitiae,
1671 4795 1777 4851 hoc
1803 4804 1910 4863 est,
1941 4806 2138 4866 poten-

549 4884 1126 4954 tianﬁtenebrosarum
1153 4887 1364 4956 peccati
1396 4886 1752 4941 aﬂecliouum
1777 4889 1833 4942 in
1863 4904 1922 4942 se
1949 4888 2136 4953 habet,

548 4985 606 5031 et
631 4977 700 5032 ab
728 4976 822 5031 illa
849 4979 1121 5043 nutritur,
1154 4994 1266 5032 non
1295 4977 1470 5032 estde
1502 4994 1737 5045 corpore
1776 4977 2008 5041 Christi,
2036 4994 2140 5032 nec

545 5078 630 5123 est
683 5069 750 5123 de
803 5086 1036 5140 corpore
1086 5070 1249 5132 lucis,
1291 5070 1384 5124 sed
1426 5079 1511 5124 est
1545 5085 1748 5140 corpus
1778 5069 2133 5124 tenebrarum

546 5172 602 5216 et
653 5179 721 5217 ex
771 5166 1028 5233 portione
1075 5164 1434 5218 tenebrarum
1484 5163 1668 5218 adhuc
1719 5173 1823 5218 est.
1864 5162 2136 5230 Quemad-

547 5253 776 5307 modum
804 5271 833 5308 e
865 5271 1156 5321 converso,
1189 5257 1281 5325 qui
1325 5256 1534 5311 habent
1557 5255 1797 5309 animam
1825 5255 1988 5321 lucis,
2031 5257 2137 5309 hoc

546 5355 652 5412 est,
707 5345 970 5400 virtutem
1020 5347 1260 5417 Spiritus
1315 5347 1516 5414 sancti,
1576 5363 1645 5402 ex
1697 5347 1953 5417 portione
1996 5347 2138 5402 lucis

549 5447 697 5493 sunt.

617 5613 733 5669 Vll.
789 5614 897 5670 Sed
930 5615 1079 5670 dicat
1112 5617 1333 5687 aliquis,
1378 5635 1488 5688 quo
1539 5629 1701 5689 pacto
1727 5621 1966 5676 animam
1992 5621 2131 5676 dicis

623 5796 811 5853 ’Psal.
838 5813 1037 5862 xxxv“,
1079 5799 1132 5852 6.
1212 5800 1254 5831 ¹⁰
1293 5801 1421 5855 Lev.
1447 5815 1506 5865 ιι,
1539 5801 1596 5867 2,
1635 5803 1721 5856 15.

2163 4559 2214 4619 ι)

1801 5804 1840 5834 ¹¹
1870 5804 1988 5859 Gal.
2032 5821 2106 5875 vt,
2138 5805 2222 5861 14.

2311 2871 2367 2936 ς,-
2369 2876 2401 2921 ’.
2421 2871 2513 2923 Δεῖ
2548 2864 2642 2923 οὖν
2698 2867 2915 2940 πρῶτον
2949 2865 3177 2936 τυθῆναι
3217 2864 3331 2918 ὑπὸ
3365 2862 3464 2918 τοῦ
3503 2862 3694 2934 ἱερέως,
3719 2856 3790 2908 κει

2237 2962 2551 3025 ἀποθανεῖν,
2586 2960 2684 3015 xui
2713 2962 2834 3014 τότε
2879 2958 3169 3027 ἁλισθῆναι
3207 2957 3502 3030 μελισθὲν,
3549 2950 3795 3009 εἷθόὕτως

2237 3050 2317 3111 είς
2341 3047 2402 3100 τὸ
2451 3048 2563 3121 πῦρ
2592 3047 2952 3101 ἐπιτίθεσθαι.
2990 3046 3116 3099 Ἐὰν
3138 3047 3255 3118 γὰρ
3293 3048 3374 3118 μὴ
3401 3045 3658 3118 πρότερον
3688 3037 3794 3106 θύσῃ

2237 3140 2332 3192 καὶ
2361 3139 2648 3212 θανατώσῃ
2689 3141 2750 3193 τὸ
2782 3139 3056 3211 πρόϐατον
3103 3141 3132 3192 ὁ
3181 3139 3396 3210 ἱερεὺς,
3434 3138 3532 3206 οὐχ
3573 3133 3795 3194 ἁλίζεται.

2232 3231 2358 3284 οὔτε
2387 3235 2466 3296 εἰς
2495 3231 2875 3302 ὁλοκάρπωσιν
2895 3231 2972 3302 τῷ
3000 3232 3257 3306 Δεσπότῃ
3291 3229 3644 3301 προσάγεται.
3670 3220 3796 3274 οὕτω

2235 3324 2330 3377 xui
2365 3323 2464 3394 τὴν
2498 3325 2772 3394 ἡμετέραν
2794 3323 2973 3394 ψυχὴν
3002 3324 3467 3394 προσερχομένην
3496 3320 3572 3390 τῷ
3597 3309 3794 3384 ἀληθινῷ

2234 3417 2487 3487 ἀρχιερεῖ
2532 3416 2776 3487 Χριστῷ,
2844 3417 2925 3470 δεῖ
2979 3417 3215 3486 τυθῆναι
3270 3416 3370 3469 ὑπ’
3413 3411 3596 3476 αὐτοῦ,
3629 3408 3710 3462 καὶ
3732 3404 3790 3472 τῷ

2235 3510 2543 3578 φρονήματι
2601 3509 2916 3571 ἀποθανεῖν,
2966 3509 3064 3562 καὶ
3093 3511 3161 3580 τῇ
3200 3511 3447 3578 κακίστῃ
3476 3507 3607 3574 ζωῇ,
3695 3499 3788 3561 ἔζης

2238 3600 2488 3653 τουτέστι
2523 3602 2588 3672 τῇ
2625 3601 2875 3671 ἁμαρτίᾳ
2897 3643 2910 3664 ,
2946 3601 3041 3654 xui
3073 3600 3273 3672 ὥσπερ
3308 3600 3458 3668 ζωὴν
3487 3594 3705 3663 ἐξελθεῖν
3731 3589 3791 3639 δεῖ

2235 3690 2295 3756 ἐξ
2324 3692 2514 3762 αὐτῆς,
2549 3692 2648 3760 τὴν
2676 3691 2784 3744 τῶν
2830 3690 3020 3744 παθῶν
3060 3692 3359 3761 πονηρίαν.
3397 3689 3603 3756 Ὥσπερ
3627 3680 3720 3750 γὰρ
3744 3676 3793 3727 τὸ

2236 3783 2416 3851 σῶμα,
2453 3781 2594 3834 ἐπὰν
2626 3781 2824 3854 ἐξέλθῃ
2854 3782 2886 3852 ἡ
2919 3781 3086 3852 ψυχὴ,
3117 3781 3396 3845 ἀπέθανε,
3424 3777 3516 3830 καὶ
3542 3770 3705 3828 οὐκέτι
3733 3767 3786 3832 ζῇ

2234 3874 2300 3942 τῇ
2335 3872 2447 3943 ζωῇ
2482 3873 2539 3924 ἐν
2662 3871 2779 3943 ἔζη,
2812 3871 2935 3926 οὔτε
2980 3870 3196 3937 ἀκούει,
3226 3869 3357 3923 οὕτε
3392 3864 3687 3940 περιπατεῖο
3710 3855 3784 3909 οῦ-

2233 3981 2343 4029 τως
2367 3965 2506 4018 ἐπὰν
2539 3965 2678 4037 θύσῃ
2728 3966 2824 4018 xui
2883 3962 3172 4035 θανατώσῃ
3205 3964 3287 4036 τῷ
3329 3962 3523 4032 κόσμῳ
3543 3957 3633 4027 τὴν
3663 3949 3781 4016 ζωὴν

2234 4062 2263 4111 ὁ
2292 4061 2613 4132 ἐπουράνιος
2660 4061 2952 4132 ἀρχιερεὺς
3001 4060 3240 4132 Χριστὸς
3274 4062 3340 4130 τῇ
3387 4057 3562 4129 χάριτι
3705 4043 3776 4142 6U:

2235 4153 2454 4221 ναμεως
2502 4152 2688 4217 αὑτοῦ,
2745 4152 3082 4223 ἀποθνήσκει
3115 4155 3180 4222 τῇ
3223 4151 3338 4221 ζωῇ
3368 4151 3467 4219 τῆς
3507 4136 3774 4210 πονηρίαςη

2237 4243 2358 4315 ἔζη,
2391 4246 2488 4298 καὶ
2515 4245 2701 4298 οὐκέτι
2734 4243 2858 4298 οὗτε
2896 4243 3105 4308 ἀκούει,
3152 4243 3279 4296 οὗτε
3325 4240 3495 4303 λαλεῖ,
3525 4233 3635 4288 οὔτε
3660 4223 3779 4315 πολέ-

2240 4335 2458 4389 τεύεται
2485 4335 2542 4387 ἐν
2578 4336 2656 4405 τῷ
2689 4337 2869 4390 σκότει
2895 4339 2994 4407 τῆς
3021 4336 3323 4406 ἁμαρτίας·
3358 4335 3438 4385 ὅτι
3477 4327 3558 4383 διὰ
3586 4323 3670 4390 τῆς
3697 4313 3776 4384 κά·

2245 4445 2390 4498 ριτος
2425 4426 2729 4498 ἐξέρχεται,
2760 4426 2949 4498 ὥσπερ
2975 4427 3121 4499 ψυχὴ
3149 4428 3351 4497 αὐτῆς,
3387 4425 3420 4493 ἡ
3454 4413 3666 4486 πονηρία
3690 4407 3776 4459 τῶν

2239 4521 2449 4575 παθῶν.
2485 4522 2593 4574 Καὶ
2621 4522 2650 4574 ὁ
2685 4520 3004 4584 Ἀπόστολος
3036 4521 3135 4592 βοᾷ
3160 4520 3359 4588 λέγων·
3405 4512 3558 4583 Ἐμοὶ
3589 4504 3778 4592 κόσμος

2238 4615 2630 4682 ἐσταύρωται,
2673 4613 2836 4682 κάγὼ
2867 4611 2947 4678 τῷ
2985 4590 3208 4681 κόσλιῳ.
3255 4609 3416 4679 Ψυχὴ
3441 4606 3544 4674 γὰρ
3571 4601 3600 4670 ἡ
3625 4590 3777 4660 ἀκμὴν

2237 4707 2388 4770 ζῶσα
2447 4709 2504 4760 ἐν
2551 4704 2628 4774 τῷ
2656 4707 2868 4774 κόσμῳ,
2930 4705 3022 4756 xui
3056 4703 3132 4774 τῷ
3167 4704 3350 4756 σκότει
3397 4699 3491 4766 τῆς
3524 4684 3774 4784 ἀμαρτίιξς.

2238 4799 2336 4852 xui
2364 4799 2439 4869 μὴ
2466 4797 2843 4852 θανατωθεῖσα
2889 4797 2985 4850 ἀπ’
3033 4796 3221 4861 αὑτοῦ,
3265 4793 3378 4848 ἀλλ’
3411 4791 3488 4842 ἔτι
3517 4786 3608 4851 τὴν
3624 4779 3772 4869 ψρχην

2237 4889 2337 4960 τῆς
2380 4888 2600 4951 κακίας,
2653 4887 2800 4940 τοῦτ’
2853 4886 2969 4940 ἔστι
3001 4889 3101 4958 τὴν
3149 4887 3431 4957 ἐνέργειαν
3462 4877 3548 4930 τοῦ
3587 4867 3775 4969 exuram:

2243 4982 2354 5034 τῶν
2386 4981 2575 5034 παθών
2610 4981 2709 5050 τῆς
2744 4982 3020 5053 ἁμαρτίας
3069 4984 3126 5033 ὲν
3166 4981 3334 5049 ἑαυτῇ
3365 4975 3570 5045 έΧ⁰¹²σα’
3596 4958 3759 5056 fuit":

2244 5070 2416 5141 αὐτῆς
2438 5071 2860 5142 ποιμαινομὲνη,
2885 5071 2986 5124 οὐκ
3013 5069 3130 5122 ἐστι
3167 5068 3260 5122 τοῦ
3296 5066 3534 5134 σώματος
3558 5067 3642 5105 του
3664 5047 3775 5142 ξριο

2246 5162 2397 5230 στοῦ,
2453 5164 2551 5215 οὐκ
2607 5162 2723 5216 ἔστι
2772 5163 2864 5215 τοῦ
2921 5162 3174 5234 σώματος
3215 5160 3308 5213 τοῦ
3337 5137 3770 5234 φυηόςὰλλλὲστι

2245 5255 2409 5325 σῶμα
2448 5255 2544 5308 τοῦ
2601 5257 2830 5319 σκότους
2864 5257 2957 5308 xui
2987 5257 3052 5308 ὲκ
3098 5255 3196 5326 τῆς
3226 5249 3435 5323 μερίδος
3468 5239 3554 5294 τοῦ
3582 5231 3770 5332 σκότους

2243 5349 2431 5419 ἀκμήν
2495 5349 2663 5400 ἐστιν.
2698 5349 2910 5418 Ὥσπερ
2954 5347 3050 5400 καὶ
3113 5348 3274 5400 πάλιν
3303 5383 3318 5408 ,
3358 5341 3406 5392 οἱ
3455 5335 3647 5403 ἔχοντες
3687 5330 3766 5412 τηγ

2239 5439 2420 5512 ψυχὴν
2469 5438 2560 5492 τοῦ
2623 5440 2802 5509 φωτὸς
2835 5480 2850 5503 ,
2904 5440 3046 5493 τοῦτ’
3096 5441 3212 5492 ἐστι
3275 5436 3369 5506 τὴν
3425 5428 3631 5492 δύναμιν
3687 5423 3764 5512 ﬁo"

2237 5532 2395 5600 ἁγίου
2443 5532 2785 5602 Πνεύματος,
2822 5536 2887 5586 ἐκ
2942 5533 3038 5603 τῆς
3081 5533 3297 5604 μερίδος
3338 5524 3437 5579 εἱσι,
3471 5514 3555 5570 τοῦ
3596 5500 3756 5604 φωτδς.

2306 5625 2379 5678 Z'.
2399 5624 2538 5678 Ἀλλ’
2561 5627 2678 5696 ἐρεῖ
2693 5641 2794 5689 τιςο
2819 5625 2943 5689 Πῶς
2980 5625 3137 5695 σῶμα
3157 5603 3254 5678 τοῦ
3283 5618 3488 5675 σκότους
3507 5606 3658 5673 λέγεις
3678 5603 3764 5657 την
