4016 6444
160 462 258 526 451

1429 463 1797 524 ΗΟΜΙΙᾸΑἘ.
1828 488 1893 497 -
1923 462 2109 522 110M.
2150 462 2199 520 Ι.

3358 448 3463 516 458

161 575 360 645 ψυχὴν,
402 573 485 646 μὴ
507 567 692 631 οὖσαν
724 578 890 633 αὐτοῦ
922 570 1305 649 κτίσμαςὮδε
1336 580 1643 650 προσέχων,
1675 579 1770 633 καὶ

1874 595 2075 649 corpus
2120 577 2497 642 tenebrarum,
2538 592 2664 630 cum
2712 592 2820 630 non
2854 576 2924 631 sit
2970 575 3039 629 ab
3088 574 3197 628 illis
3227 573 3460 643 genita?

158 666 338 737 ὀρθῶς
365 666 582 734 νόησον
603 683 617 695 ·
652 669 870 739 ’Ὠσπερ
900 668 1101 738 ἔνδυμα
1124 669 1361 736 ἱμάτιον,
1392 668 1421 721 ὃ
1452 671 1661 739 φορεῖς.
1692 668 1781 723 ἄλ-

159 756 691 824 λοςκατεσκεύασε,
708 760 804 812 καὶ
838 761 901 813 σὺ
934 760 1063 813 αὐτὸ
1084 759 1427 832 ὲν[δέ]δυσαι·
1460 761 1661 831 ὁμοίως
1683 760 1778 815 καὶ

157 845 316 903 οἷκον
346 847 557 920 ἕτερος
596 850 920 923 ᾠκοδόμησε
946 854 1041 905 καὶ
1076 853 1280 918 ἔκτισε,
1306 854 1403 907 καὶ
1426 854 1491 907 σὺ
1523 855 1693 917 οἰκεῖς
1720 855 1778 907 ἐν

167 942 342 1012 αὒτῷ-
365 944 469 996 τὸν
515 944 690 999 αὐτὸν
717 946 920 1015 τρόπον
972 947 1067 1000 καὶ
1104 948 1134 1000 6
1179 947 1350 1017 ’Δδὰμ
1392 946 1646 1018 παραϐὰς
1678 946 1778 1018 τὴν

175 1034 399 1103 ὶντολὴν
436 1034 544 1087 τοῦ
588 1034 748 1098 Θεοῦ,
781 1037 874 1089 καὶ
900 1037 1138 1101 ἀκούσας
1178 1037 1275 1093 τοῦ
1307 1037 1547 1107 πονηροῦ
1577 1037 1776 1108 ὄφεως,

180 1126 396 1195 ἐπράθη
440 1127 549 1180 καὶ
600 1127 889 1200 ἐπώλησεν
916 1129 1107 1182 ἑαυτὸν
1160 1128 1239 1199 τῷ
1278 1128 1532 1200 διαϐόλῳ·
1564 1130 1661 1183 καὶ
1692 1131 1779 1183 ὲν-

176 1217 412 1271 εόύσατο
443 1219 554 1289 τὴν
596 1219 775 1290 ψυχὴν
822 1222 851 1273 6
905 1221 1159 1293 πονηρὸς,
1182 1222 1243 1274 τὸ
1289 1222 1452 1275 καλὸν
1498 1222 1723 1293 κτίσμα,
1749 1222 1779 1275 6

174 1310 604 1365 κατεσκεύασεν
647 1314 677 1366 6
712 1312 866 1376 Θεὸς,
911 1313 1051 1383 πρὸς
1096 1313 1197 1384 τὴν
1242 1313 1410 1367 αὑτοῦ
1461 1314 1669 1376 είκόνα,
1702 1313 1775 1377 ὡς

172 1401 275 1454 καὶ
317 1402 346 1454 ό
405 1402 746 1466 Ἀπόστολος
776 1403 947 1472 λέγειν
987 1403 1505 1475 Ἀπεκὸυσάμενος
1535 1406 1637 1470 τὰς
1675 1406 1777 1475 ἀρ-

168 1494 293 1561 χὰς
341 1492 454 1546 καὶ
493 1494 805 1561 ἐξσυσθίας,
856 1496 1287 1565 ἐθριάμϐευσεν
1333 1497 1555 1564 αὐτοὺς
1595 1499 1665 1551 ἐν
1693 1497 1778 1563 τῷ

170 1584 458 1655 σταυρῷ.
499 1586 607 1640 Διὰ
631 1585 789 1640 τοῦτο
832 1588 942 1660 γὰρ
991 1590 1086 1642 καὶ
1129 1592 1161 1661 ἡ
1201 1590 1413 1655 ἐλευσις
1441 1592 1535 1644 τοῦ
1570 1592 1775 1663 Κυρίου

106 1716 109 1721 λ
173 1676 516 1747 γεγένηται,
564 1678 653 1732 ῑνα
703 1678 910 1752 ἐκϐάλῃ
972 1682 1191 1745 αὐτοὺς,
1251 1683 1344 1736 καὶ
1393 1683 1642 1756 ἀπολάϐῃ
1688 1686 1777 1739 τὸν

176 1770 316 1823 ἴδιον
364 1767 531 1827 οἷκον
574 1771 671 1825 καὶ
715 1772 861 1833 ναὸν,
891 1772 982 1826 τὸν
1012 1773 1325 1843 ἄνθρωπον.
1348 1777 1555 1831 Τούτου
1597 1777 1776 1832 τοίνυν

176 1862 374 1916 ἕνεκεν
412 1863 584 1932 σῶμα
617 1863 837 1932 λέγεται
869 1867 903 1935 ἡ
933 1866 1080 1937 ψυχὴ
1108 1866 1202 1919 τοῦ
1233 1867 1456 1931 σκότους
1479 1869 1580 1939 τῆς
1612 1887 1779 1940 πονη-

176 1954 328 2024 ρίας,
354 1954 475 2018 ἕως
507 1946 571 2008 οὗ
615 1957 764 2010 ἐστιν
790 1957 848 2009 ὲν
875 1957 1011 2028 αὐτῇ
1038 1958 1099 2011 τὸ
1134 1958 1324 2023 σκότος
1352 1961 1450 2031 τῆς
1473 1962 1770 2031 ἁμαρτίας,

171 2047 259 2098 ὅτι
291 2048 422 2099 ἐκεῖ
453 2046 523 2116 ζῇ
552 2048 636 2110 είς
676 2048 767 2101 τὸν
798 2049 970 2102 αἰῶνα
1000 2051 1093 2104 τὸν
1126 2051 1363 2123 πονηρόν
1395 2052 1490 2106 τοῦ
1525 2054 1773 2118 σκότους,

171 2138 277 2190 καὶ
312 2140 448 2191 ἐκεῖ
474 2139 841 2209 κεκράτηται,
894 2140 1077 2205 καθὼς
1124 2144 1216 2196 καὶ
1265 2147 1294 2199 6
1348 2144 1580 2210 Παῦλος,
1616 2147 1777 2216 σῶμα

174 2231 495 2302 ἁμαρτίας,
524 2233 621 2285 καὶ
637 2231 795 2303 σῶμα
818 2233 1048 2288 θανάτου
1074 2236 1248 2290 καλῶν
1281 2236 1459 2308 λέγει·
1488 2240 1610 2294 Ἵνα
1635 2259 1775 2294 κατ-

184 2322 422 2391 αργηθῇ
482 2322 551 2377 τὸ
582 2322 754 2394 σῶμα
800 2323 911 2393 τῆς
946 2325 1256 2395 ἁμαρτίας.
1310 2330 1421 2384 Καὶ
1453 2332 1642 2397 πάλιν,
1682 2333 1776 2399 Τίς

187 2432 267 2486 με
292 2417 544 2487 ῥύσεται
571 2417 643 2471 ἐκ
672 2417 777 2472 τοῦ
800 2418 1077 2487 σώματος
1096 2422 1205 2475 τοῦ
1236 2425 1497 2478 θανάτου
1521 2426 1775 2491 τούτου;

208 2509 442 2575 Ὄμοίως
474 2509 646 2561 πάλιν
683 2510 716 2581 ἡ
762 2511 1099 2567 πιστεύσασα
1139 2513 1217 2584 τῷ
1248 2514 1369 2585 Θεῴ
1409 2516 1554 2586 ψυχὴ
1591 2518 1683 2570 καὶ
1713 2518 1777 2571 ἐκ

195 2598 297 2667 τῆς
336 2600 616 2669 ἁμαρτίας
654 2602 909 2672 ρυσθεῖσα
932 2643 948 2669 ,
987 2605 1079 2658 καὶ
1130 2604 1503 2662 θανατωθείσα
1560 2608 1623 2661 ἐκ
1677 2611 1777 2672 τῆς

190 2689 331 2761 ζωῆς
366 2691 469 2745 τοῦ
506 2692 758 2758 σκότους,
796 2695 894 2748 καὶ
922 2695 982 2749 τὸ
1002 2695 1117 2764 φῶς
1146 2696 1241 2750 τοῦ
1272 2698 1431 2767 ἁγίου
1457 2699 1598 2752 Πνεύ
1608 2716 1776 2769 ματος

186 2784 379 2855 ὥσπερ
414 2784 569 2854 ζωὴν
596 2784 855 2851 λαϐοῦσα,
898 2788 992 2841 καὶ
1018 2789 1230 2843 ἐκεῖθεν
1254 2790 1487 2860 ζήσασα,
1518 2793 1635 2845 ἐκεῖ
1666 2792 1777 2846 λοι-

188 2873 285 2927 τὸν
315 2873 618 2944 διατρίϐει,
666 2874 749 2928 ὅτι
809 2877 924 2929 ἐκεῖ
971 2877 1308 2949 κεκράτηται
1367 2880 1444 2950 τῷ
1490 2882 1629 2951 φωτὶ
1679 2883 1777 2953 τῆς

188 2961 471 3033 θεότητος.
537 2960 673 3016 υῦτε
711 2962 822 3034 γὰρ
855 2963 1070 3031 φύσεως
1119 2966 1217 3032 τῆς
1258 2965 1512 3035 θεότητός
1564 2969 1710 3021 ἐστιν
1743 2969 1777 3038 ἡ

184 3050 350 3121 ψυχὴ,
379 3050 513 3104 οὔτε
564 3050 779 3115 φύσεως
809 3051 903 3105 τοῦ
952 3054 1175 3117 σκότους
1201 3055 1303 3124 τῆς
1340 3054 1625 3125 πονηρίας,
1662 3056 1777 3111 ἀλλ’

182 3144 295 3196 ἐστι
336 3142 560 3212 κτίσμα
608 3160 664 3195 τι
710 3145 918 3213 νοερὸν,
969 3146 1062 3198 καὶ
1099 3146 1319 3215 ὡραῖον,
1355 3149 1448 3201 καὶ
1480 3148 1647 3217 μέγα,
1684 3149 1779 3202 καὶ

1880 670 2020 725 lluic
2045 669 2320 724 adhibens
2342 678 2585 725 mentem
2616 669 2758 724 bene
2789 667 3084 731 attendite,
3105 666 3463 735 quemadmo-

1880 762 2013 817 dum
2058 771 2267 818 vestem
2315 770 2411 817 aut
2461 762 2867 824 indumentum,
2902 758 3048 828 quod
3080 740 3278 829 gestas,
3317 758 3462 812 alius

1880 851 2140 917 confecit,
2169 860 2227 905 et
2255 860 2315 905 tu
2384 866 2452 905 eo
2504 850 2793 915 indueris;
2851 848 3107 903 similiter
3154 857 3209 903 et
3234 849 3459 902 domum

1879 942 2022 996 alius
2065 940 2361 996 azditicavit
2387 949 2445 995 et
2471 939 2762 1003 exstruxit,
2801 948 2858 993 et
2887 945 2946 991 tu
2977 937 3340 991 nihilominus
3372 936 3459 989 in-

1879 1033 2097 1089 habitas
2154 1034 2342 1087 illam:
2381 1032 2574 1087 eodem
2631 1030 2800 1084 modo
2848 1028 3022 1084 Adam
3080 1038 3461 1099 transgressus

1879 1126 2196 1181 mandatum
2220 1125 2340 1192 Dei,
2366 1136 2423 1180 et
2446 1125 2842 1192 obtemperans
2883 1121 3159 1176 malitiose
3189 1120 3457 1190 serpenti,

1878 1218 2131 1274 vendidit
2180 1218 2423 1287 scipsum
2463 1217 2708 1282 diabolo,
2733 1216 3025 1285 induitque
3067 1223 3183 1269 tum
3216 1214 3459 1268 animam

1880 1312 1972 1367 ille
1997 1310 2309 1366 malitiosus
2336 1327 2348 1363 :
2385 1308 2854 1380 elegantissimum
2880 1308 3094 1363 scilicet
3122 1314 3457 1369 creaturam,

1878 1419 2043 1473 quam
2088 1402 2415 1457 condiderat
2462 1403 2608 1456 Deus
2665 1402 2733 1456 ad
2780 1400 2865 1455 sui
2922 1399 3240 1469 imaginem,
3287 1406 3347 1451 ut
3403 1405 3459 1450 ct

1877 1496 2174 1565 Apostolus
2222 1494 2389 1550 dicit:
2441 1493 2760 1565 Exspolians
2800 1494 3129 1563 principatus
3149 1500 3198 1544 et
3232 1498 3457 1557 potesta-

1880 1598 2005 1654 tem,
2043 1589 2386 1658 triumphavit
2407 1588 2470 1640 de
2498 1587 2607 1641 illis
2634 1589 2688 1639 in
2710 1602 2863 1640 cruce
2890 1587 2955 1638 ¹².
2984 1585 3281 1654 Propterea
3304 1583 3453 1638 enim

1878 1690 1933 1734 et
1963 1680 2234 1733 adventus
2282 1677 2499 1733 Domini
2530 1678 2761 1748 contigit
2802 1687 2862 1732 ut
2916 1677 3149 1747 ejiceret
3180 1676 3353 1745 ipsos,
3397 1680 3455 1729 et

1880 1771 2154 1840 reciperet
2185 1771 2465 1841 propriam
2500 1769 2725 1825 domum
2756 1776 2812 1824 et
2855 1769 3141 1838 templum,
3170 1767 3454 1821 hominem

1881 1864 2113 1920 scilicet.
2164 1864 2439 1931 Quocirca
2485 1863 2689 1917 dicitur
2739 1860 2921 1915 anima
2959 1875 3160 1929 corpus
3197 1859 3456 1913 tenebra-

1880 1973 2002 2012 rum
2032 1958 2279 2022 malttize,
2302 1954 2549 2025 quandiu
2573 1953 2739 2008 inilla
2774 1960 2904 2007 sunt
2936 1952 3178 2007 tenebrae
3203 1950 3417 2022 peccati
3442 1991 3456 2003 .

1876 2048 2003 2117 quia
2032 2047 2145 2101 illic
2174 2046 2311 2100 vivit
2348 2048 2407 2101 in
2429 2045 2631 2100 saeculo
2666 2029 3023 2099 tenebrarum
3070 2058 3358 2111 perverso,
3401 2050 3457 2095 et

1876 2141 1991 2195 illic
2020 2150 2180 2210 capta
2209 2146 2466 2193 tenetur:
2500 2135 2973 2207 quemadmodum
3007 2143 3064 2188 et
3095 2135 3301 2189 Paulus
3328 2149 3458 2188 cor-

1876 2248 1981 2302 pus
2020 2231 2234 2301 peccati
2277 2239 2336 2284 et
2382 2244 2586 2299 corpus
2613 2229 2811 2283 mortis
2843 2226 3103 2298 appellat,
3132 2227 3358 2281 dicens:
3396 2226 3461 2283 Ut

1876 2326 2183 2378 destruatur
2221 2339 2408 2393 corpus
2443 2322 2642 2392 peccati
2672 2320 2737 2374 ¹³.
2796 2320 2866 2374 Et
2924 2334 3151 2373 rursus:
3207 2316 3335 2384 Quis
3376 2335 3458 2372 me

1878 2416 2117 2469 liberabit
2170 2431 2233 2468 ex
2271 2430 2488 2484 corpore
2515 2414 2697 2467 mortis
2731 2413 2890 2482 hujus
2924 2410 3007 2463 “‘I
3042 2410 3313 2464 Similiter
3340 2418 3397 2464 et
3425 2425 3459 2464 0

1876 2522 2144 2563 converso
2165 2508 2345 2561 anima
2380 2506 2495 2561 Deo
2521 2505 2777 2570 credens,
2813 2513 2869 2559 et
2889 2520 2922 2559 a
2949 2501 3161 2573 peccati
3197 2502 3461 2557 sordibus

1877 2598 2078 2662 soluta,
2111 2613 2176 2651 ac
2193 2613 2290 2667 per
2318 2606 2552 2650 mortem
2590 2595 2805 2650 sublata
2832 2612 2900 2650 ex
2930 2595 3041 2649 vita
3075 2595 3455 2661 tenebrarum,

1876 2698 2166 2759 postquam
2217 2689 2401 2743 lumen
2444 2688 2684 2758 Spiritus
2746 2688 2922 2743 sancti
2975 2696 3235 2756 tanquam
3284 2687 3458 2741 vitam

1877 2782 2174 2852 acceperit,
2208 2780 2323 2836 illic
2365 2781 2560 2836 vivens
2618 2780 2897 2850 reliquum
2939 2780 3064 2834 vitae
3118 2778 3268 2845 terit,
3324 2779 3455 2848 quia

1877 2874 1992 2928 illic
2039 2882 2197 2944 capta
2246 2880 2470 2927 tenetur
2519 2889 2549 2928 a
2601 2874 2813 2928 lumine
2843 2874 3049 2928 divino.
3081 2871 3270 2941 Neque
3308 2872 3457 2926 enim

1878 2976 2089 3023 natura:
2114 2966 2317 3021 divinae
2362 2975 2447 3022 est
2498 2967 2704 3031 anima,
2739 2983 2920 3038 neque
2951 2976 3165 3023 natura:
3196 2968 3456 3025 tenebra-

1880 3078 2003 3116 rum
2040 3060 2287 3126 malitite,
2336 3060 2430 3115 sed
2470 3069 2558 3116 est
2589 3059 2725 3131 quid
2754 3069 3023 3122 creatum,
3058 3060 3455 3127 intellectuale,

1878 3154 2194 3223 pulchrum,
2223 3153 2460 3223 insigne,
2493 3161 2550 3207 et
2592 3151 3003 3215 admirandum,
3045 3160 3211 3221 atque
3234 3151 3459 3222 elegans

184 3235 532 3305 θαυμαστὸν,
591 3234 688 3289 καὶ
738 3236 904 3290 καλὸν
952 3238 1204 3309 ὁμοίωμα
1246 3243 1343 3292 καὶ
1395 3240 1561 3294 εἰκὼν
1600 3241 1771 3295 Θεοῦ·

1878 3243 2185 3299 similitudo
2218 3253 2277 3298 et
2324 3246 2504 3313 imago
2551 3242 2672 3307 Dei,
2710 3241 2763 3295 in
2797 3256 2959 3311 quam
2990 3250 3220 3311 propter
3277 3251 3459 3297 trans-

184 3327 273 3387 καὶ
297 3327 393 3381 διὰ
435 3328 541 3396 τὴν
582 3326 898 3398 παράϐασιν
930 3329 1176 3400 εἰσῆλθεν
1218 3332 1299 3394 είς
1338 3333 1510 3402 αὐτὴν
1541 3335 1574 3402 ἡ
1606 3351 1776 3405 πονη-

188 3419 272 3488 ρία
306 3422 427 3471 τῶν
458 3418 655 3472 παθῶν
683 3418 778 3472 τοῦ
810 3420 1061 3485 σκότους.

251 3513 337 3567 Η’.
376 3511 457 3564 Τδ
490 3511 699 3577 λοιπὸν,
831 3514 1228 3584 συγκέκραται,
1264 3516 1356 3571 καὶ
1399 3520 1701 3589 συνήνωται
1743 3522 1775 3591 ἡ

180 3604 327 3675 ψυχὴ
368 3605 432 3656 ὲν
464 3605 581 3666 τοῖς
608 3603 931 3675 θελήμασιν.
971 3607 1128 3660 Ἤτοι
1157 3604 1251 3661 οῦν
1280 3609 1341 3661 τὸ
1369 3610 1485 3678 φῶς
1515 3610 1609 3664 τοῦ
1638 3610 1774 3664 Θεοῦ

190 3696 246 3747 tv
290 3696 432 3766 αὐτῇ
458 3695 680 3766 ἔχουσα,
714 3698 805 3751 καὶ
836 3700 894 3751 ὲν
933 3699 1082 3769 αὐτῷ
1117 3700 1272 3764 ζῶσα
1315 3703 1376 3754 ὲν
1424 3704 1626 3768 πάσαις
1653 3706 1775 3768 ταῖς

196 3785 440 3855 ἀρεταῖς,
464 3788 562 3841 τοῦ
590 3790 768 3858 φωτὸς
805 3791 907 3859 τῆς
952 3793 1313 3853 ἀναπαύσεώς
1342 3795 1510 3848 ἐστιν’
1553 3798 1672 3868 ἤτοι
1714 3801 1774 3852 τὸ

198 3877 393 3940 σκότος
416 3878 506 3948 τῆς
531 3881 807 3950 ἁμαρτίας
837 3882 1055 3951 ἔχουσα,
1101 3887 1199 3954 τῆς
1238 3888 1618 3957 κατακρίσεως
1643 3906 1774 3958 τυγ·

194 3967 366 4037 χάνει.
394 3969 588 4039 Ψυχὴν
622 3971 729 4041 γὰρ
751 3971 851 4041 τὴν
890 3971 1149 4028 θέλουσαν
1183 3974 1349 4044 ζῆσαι
1387 3979 1538 4046 παρὰ
1566 3978 1686 4050 Θεῷ
1713 3981 1773 4032 ὲν

191 4060 498 4114 ἀναπαύσει
559 4064 651 4115 καί¹
699 4065 840 4131 φωτὶ
888 4066 1116 4135 αἰωνίῳ,
1164 4069 1485 4139 προσελθεῖν
1545 4070 1646 4136 δεῖ,
1694 4073 1771 4135 ὼς

189 4151 540 4221 προείρηται,
584 4151 662 4222 τῷ
703 4153 947 4224 ἀληθινῷ
990 4156 1241 4226 ἀρχιερεῖ
1270 4156 1514 4228 Χριστῷ,
1550 4160 1647 4213 καὶ
1672 4177 1766 4211 τυο

187 4241 340 4310 θῆναι
372 4243 470 4295 καὶ
492 4243 785 4301 ἀποθανεῖν
816 4244 895 4315 τῷ
923 4245 1135 4318 κόσμῳ,
1158 4249 1253 4302 καὶ
1281 4250 1349 4320 τῇ
1381 4250 1625 4321 προτέρᾳ
1655 4249 1767 4320 ζωῇ

182 4331 272 4385 τοῦ
296 4331 535 4393 σκότους
564 4331 663 4401 τῆς
692 4334 977 4405 πονηρίας,
1007 4335 1100 4388 καὶ
1132 4336 1495 4406 μετατεθῆναι
1518 4338 1574 4390 ὲν
1604 4336 1769 4407 ἑτέρᾳ,

184 4420 289 4490 ζωῇ
329 4422 430 4475 καὶ
458 4422 736 4493 ἀνατροφῇ
770 4423 910 4495 θείᾳ.
952 4425 1162 4496 Ὥσπερ
1195 4427 1292 4480 ἐὰν
1321 4445 1404 4491 τις
1439 4427 1685 4501 ἀποθάνῃ
1712 4429 1769 4480 ὲν

184 4514 351 4576 πόλει,
398 4511 529 4565 οὗτε
574 4516 757 4585 φωνῆς
812 4516 919 4568 τῶν
968 4518 1086 4570 ἐκεῖ
1140 4516 1361 4583 ἀκούει,
1398 4517 1520 4571 οὕτε
1554 4519 1763 4583 λαλιᾶς,

1878 3336 2218 3406 gressionem
2260 3335 2463 3391 invasit
2516 3334 2723 3390 malitia
2758 3333 3138 3399 ail‘ectionum,
3174 3349 3295 3403 qua:
3326 3341 3459 3389 sunt

1879 3427 2257 3482 tenebrarum.

1949 3517 2084 3572 Vill.
2142 3520 2459 3589 Reliquum,
2518 3534 2642 3572 cum
2674 3532 2783 3587 quo
2810 3518 3203 3574 commiscetur
3249 3518 3454 3584 anima,

1876 3613 2143 3681 cujusque
2186 3620 2417 3665 tenetur
2449 3610 2721 3672 dominio,
2753 3625 2880 3663 cum
2913 3625 2979 3663 eo
3010 3624 3230 3679 quoque
3259 3611 3457 3665 volun-

1875 3700 2081 3755 tatibus
2136 3702 2431 3772 conjuncta
2485 3712 2589 3755 est.
2621 3698 2748 3754 Sive
2776 3699 2944 3770 igitur
2972 3701 3153 3755 lucem
3176 3700 3272 3755 Dei
3300 3702 3356 3755 in
3395 3717 3456 3756 se

1875 3792 2095 3854 habeat,
2143 3801 2199 3847 et
2247 3792 2303 3846 in
2364 3792 2455 3845 illa
2494 3792 2643 3845 vivat
2674 3806 2895 3845 omnem
2952 3792 3222 3847 virtutum
3261 3793 3453 3848 orbem

1872 3883 2179 3954 complexa,
2232 3883 2359 3938 luce
2385 3882 2810 3952 acquiescentiae
2835 3882 3082 3937 abundat
3111 3899 3124 3935 :
3156 3883 3273 3937 sive
3299 3892 3456 3939 tene-

1872 3972 1988 4028 bris
2016 3972 2225 4043 peccati
2254 3972 2517 4026 obvoluta
2546 3972 2638 4037 sit,
2675 3970 3156 4027 condemnationis
3178 3972 3455 4042 particeps

1871 4071 1975 4119 est.
2003 4063 2259 4118 Animam
2284 4063 2476 4135 igitur,
2503 4079 2626 4134 qua:
2659 4063 2780 4117 vult
2808 4064 2995 4118 vivere
3027 4064 3171 4134 apud
3198 4064 3370 4119 Deum
3394 4065 3452 4118 in

1872 4154 2064 4226 requie
2087 4162 2143 4209 et
2171 4155 2294 4209 luce
2328 4163 2553 4218 aeterna,
2584 4154 2849 4210 accedere
2870 4162 3110 4225 oportet,
3145 4163 3208 4209 ut
3240 4154 3451 4210 dictum

1869 4256 1976 4312 est,
2013 4246 2081 4301 ad
2130 4263 2323 4302 verum
2372 4246 2697 4303 Pontiﬁccm
2757 4247 3062 4313 Christum,
3112 4248 3362 4311 mactari,
3396 4256 3453 4303 et

1872 4337 2012 4391 mori
2042 4338 2249 4392 mundo
2276 4353 2340 4393 ac
2368 4338 2541 4408 priori
2573 4339 2703 4393 vita
2736 4340 3093 4393 tenebrarum
3123 4346 3179 4394 et
3208 4339 3448 4395 malitia—

1872 4443 2014 4493 rum,
2051 4437 2214 4497 atque
2256 4429 2541 4497 transponi
2600 4429 2655 4483 in
2688 4430 2916 4484 alteram
2958 4431 3127 4499 vitam
3157 4439 3210 4484 et
3242 4431 3447 4486 educa-

1871 4518 2079 4573 tionem
2104 4519 2370 4574 divinam.
2404 4519 2903 4587 Quemadmodum,
2949 4522 2995 4576 si
3030 4522 3156 4591 quis
3208 4522 3447 4576 moritur

183 4605 295 4659 οὔτε
325 4607 507 4676 ἢχων,
542 4606 675 4659 ἀλλὰ
707 4607 960 4672 καθάπαξ
989 4608 1247 4674 ἀπέθανε,
1280 4609 1375 4662 καὶ
1414 4610 1764 4679 μετατίθεται

1873 4611 1925 4666 in
1958 4611 2203 4677 civitate,
2258 4626 2438 4681 neque
2492 4626 2659 4666 voces
2688 4610 2931 4670 illorum,
2983 4611 3078 4681 qui
3106 4610 3183 4665 ibi
3216 4612 3446 4681 degunt,

183 4698 236 4750 ἐν
254 4699 433 4770 ἑτέρῳ
454 4698 629 4768 τόπῳ,
666 4698 792 4751 ἔνθα
811 4700 912 4751 οὐκ
943 4701 1053 4752 εἰσὶ
1081 4702 1256 4769 φωναὶ
1283 4702 1377 4754 καὶ
1403 4703 1643 4772 κραυγαὶ
1661 4702 1765 4772 τῆς

184 4792 388 4853 πόλεως
422 4789 642 4859 ἐκείνης
664 4807 676 4821 ’
708 4789 849 4844 οὕτω
887 4792 982 4845 καὶ
1025 4793 1059 4863 ή
1107 4792 1271 4865 ψυχὴ,
1326 4793 1466 4847 ἐπὰν
1500 4794 1635 4865 τυθῇ
1670 4797 1773 4848 καὶ.

186 4881 445 4953 ἀποθανῃ,
496 4882 557 4933 ὲν
666 4882 932 4952 διατρίϐει
991 4885 1086 4935 καὶ
1129 4883 1194 4954 ζῇ
1234 4884 1387 4937 πόλει
1432 4884 1535 4955 τῆς
1564 4887 1764 4949 κακίας

186 4969 288 5020 τῶν
326 4970 540 5033 παθῶν,
573 4972 756 5025 οὐκέτι
795 4972 982 5031 ἀκούει
1019 4976 1077 5026 ὲν
1112 4975 1280 5041 ἑαυτῇ
1304 4974 1404 5043 τῆς
1428 4974 1615 5044 φωνῆς
1652 4974 1762 5028 τῶν

183 5061 542 5135 διαλογισμῶν
566 5064 659 5117 τοῦ
688 5064 927 5129 σκότους·
953 5067 1054 5120 οὐκ
1085 5065 1164 5119 ἔτι
1190 5067 1449 5120 ἀκούεται
1470 5066 1631 5121 λαλιὰ
1663 5067 1755 5120 καὶ

182 5153 397 5223 κραυγὴ
430 5155 665 5223 ματαίου
696 5154 1066 5225 διαλογισμοῦ,
1108 5157 1201 5209 καὶ
1236 5158 1480 5229 ταραχῆς
1511 5158 1755 5229 πνευμά-

176 5260 290 5296 των
329 5244 567 5308 σκότουςο
611 5246 747 5300 ἀλλὰ
783 5248 1131 5316 μετατίθεται
1179 5250 1260 5312 εἰς
1292 5251 1447 5304 πόλιν
1476 5251 1751 5321 ἀγαθότη-

170 5351 266 5396 τος
308 5335 399 5387 καὶ
439 5337 666 5407 εἰρήνης
701 5339 926 5408 μεστὴν,
956 5341 1035 5403 είς
1071 5339 1227 5393 πόλιν
1256 5341 1433 5409 φωτὸς
1478 5341 1750 5413 θεότητος,

165 5430 332 5481 κάκεῖ
369 5428 437 5500 ζῇ
483 5429 578 5481 καὶ
610 5428 822 5490 ἀκούει,
857 5431 1019 5483 κάκεῖ
1060 5431 1401 5486 πολιτεύεται
1450 5436 1541 5487 καὶ
1582 5434 1751 5502 λαλεῖ,

169 5521 256 5580 καὶ
272 5519 676 5589 διαλογίζεται,
714 5522 879 5574 κάκεῖ
907 5522 1202 5593 ἐργάζεται
1235 5522 1373 5596 ἔργα
1400 5527 1753 5598 πνευματικὰ

178 5612 261 5663 καὶ
301 5612 441 5665 Θεοῦ
474 5612 621 5678 ἄξια.

247 5901 495 5963 ⁸³001085.
529 5924 588 5973 ιι,
620 5904 708 5967 15.
789 5903 831 5934 ¹³
854 5902 1011 5963 Rom.
1036 5921 1106 5971 vn,
1135 5907 1185 5960 6.
1264 5909 1304 5939 ³⁵
1338 5909 1496 5965 Rom.
1538 5930 1627 5975 vn.
1658 5917 1743 5970 “ll.

1865 4719 2043 4773 neque
2068 4718 2401 4768 sermonem,
2437 4718 2617 4772 neque
2644 4718 2843 4757 sonum
2870 4704 3041 4757 ullum
3067 4698 3312 4768 exaudit,
3349 4702 3446 4756 sed

1863 4806 2094 4861 prorsus
2130 4799 2382 4845 mortuus
2437 4800 2541 4855 est,
2580 4800 2635 4846 et.
2681 4793 3062 4862 transponitur
3086 4794 3142 4847 in
3166 4793 3334 4847 alium
3366 4793 3447 4845 lo-

1862 4899 2010 4949 cum,
2054 4883 2148 4938 ubi
2204 4884 2367 4938 nulla:
2417 4896 2547 4937 sunt
2595 4901 2777 4948 voces,
2819 4884 2957 4939 nulli
2987 4885 3263 4939 clamores
3293 4884 3444 4938 illius

1861 4976 2100 5031 civitatis
2126 4992 2140 5029 :
2192 4975 2272 5031 sic
2302 4985 2357 5029 ct
2383 4976 2585 5041 anima,
2613 4986 2904 5047 postquam
2939 4982 3172 5029 mactata
3206 4984 3262 5029 et
3292 4992 3442 5028 mor-

1864 5077 1958 5123 tua
2013 5068 2182 5123 fuerit
2227 5070 2435 5124 civitati
2500 5071 2768 5123 malarum
2816 5068 3191 5132 aliectionum,
3244 5068 3299 5123 in
3335 5084 3443 5137 qua

1864 5161 2098 5232 degebat
2131 5176 2196 5215 ac
2235 5160 2454 5216 vivebat
2503 5162 2678 5231 prius,
2708 5177 2815 5215 non
2855 5160 3093 5229 amplius
3126 5162 3353 5215 exaudit
3385 5163 3440 5216 in

1862 5268 1921 5307 se
1955 5252 2071 5322 ipsa
2105 5268 2291 5307 vocem
2328 5252 2721 5322 cogitationum
2753 5251 3128 5306 tenebrarum.
3164 5251 3283 5306 Non
3318 5267 3440 5305 am-

1862 5346 2009 5417 plius
2037 5346 2265 5401 auditur
2296 5362 2479 5401 sermo
2511 5355 2568 5401 et
2594 5347 2801 5400 clamor
2822 5344 3144 5398 frivolarum
3186 5345 3438 5414 disputa-

1863 5440 2096 5503 tionum,
2129 5437 2178 5507 7
2207 5447 2265 5492 et
2293 5439 2467 5492 turbae
2512 5439 2807 5508 spirituum
2870 5437 3224 5491 tenebrarum
3264 5456 3276 5490 :
3339 5437 3436 5491 sed

1866 5531 2197 5586 transfertur
2228 5531 2284 5585 in
2316 5532 2595 5585 civitatem
2640 5530 2905 5585 bonitatis
2937 5538 2992 5583 et
3014 5529 3165 5599 pacis
3194 5530 3435 5598 plenam,

1863 5624 1918 5677 in
1946 5622 2227 5679 civitatem
2258 5620 2458 5677 divina:
2486 5622 2628 5678 lucis
2658 5639 2673 5689 ;
2724 5622 2836 5677 illic
2866 5621 3002 5675 vivit
3030 5629 3087 5674 et
3112 5619 3287 5685 audit,
3322 5620 3435 5677 illic

1862 5724 2239 5779 conversatur,
2269 5715 2517 5791 loquitur
2540 5724 2594 5769 et
2614 5715 2998 5778 ratiocinatur,
3030 5712 3140 5767 illic
3172 5718 3435 5781 Operatur

1862 5823 2029 5878 opera
2063 5808 2369 5879 spiritualia
2391 5818 2447 5865 et
2470 5810 2583 5864 Deo
2623 5808 2802 5879 digna.
