4016 6440
218 353 319 420 461

1524 355 1895 417 HOMILLE.
1926 380 1995 391 -
2027 352 2216 414 HOM.
2260 352 2310 413 Ι.

3413 355 3521 420 462

230 481 315 519 σιν
348 461 769 533 πνευματικὴν,
816 462 912 516 καὶ
954 459 1241 534 ἐνδύματα)
1261 476 1513 533 ουρανια,
1545 462 1582 517 ἆ
1602 463 1752 516 ἐστιν
1794 466 1826 533 ἡ

1963 476 2063 528 am,
2092 473 2149 519 et
2178 462 2512 519 vestimenta
2545 461 2812 527 coelestia,
2859 478 2981 533 qum
3041 471 3170 516 sunt
3224 477 3356 518 vera
3408 464 3524 520 vita

232 558 403 618 ὅντως
428 551 551 624 ζωὴ
579 554 685 624 τῆς
706 554 915 624 ψυχῆς.

304 646 415 699 IA'.
448 644 672 715 Ὠσπερ
691 642 791 697 οὗν
823 644 902 715 τῷ
935 642 1169 713 σώματι,
1206 641 1389 705 καθὼς
1423 642 1772 714 προείρηται,
1804 643 1837 713 ή

226 742 357 813 ζωὴ
394 740 502 795 οὐκ
532 738 594 806 ἐξ
640 737 844 793 ἑαυτοῦ
877 739 1046 800 ἐστιν,
1081 737 1196 791 ἀλλ’
1230 734 1431 801 ἔξωθεν
1474 735 1664 802 αὑτοῦ,
1692 736 1837 790 τοῦτ’

222 835 388 887 ἐστιν
438 831 553 885 ἀπὸ
599 832 703 902 τῆς
747 831 875 900 γῆς,
900 828 996 883 καὶ
1046 830 1217 901 χωρὶς
1263 827 1372 881 τῶν
1418 826 1621 892 ἔξωθεν
1669 827 1836 881 αὑτοῦ

231 925 432 985 όντων,
463 920 733 977 ἀδύνατον
770 920 920 991 αύτῷ
954 919 1120 991 ζῆσαι
1140 934 1155 950 ο
1188 917 1334 973 οὕτω
1359 920 1454 973 καὶ
1487 919 1521 989 ή
1542 918 1709 989 ψυχὴ,
1742 920 1842 973 ἐὰν

253 1016 337 1085 μὴ
363 1014 609 1085 γεννηθῇ
659 1013 771 1067 ἀπὸ
822 1012 916 1067 τοῦ
945 1012 1039 1065 νῦν
1088 1013 1170 1076 είς
1212 1012 1433 1082 ἐκείνην
1475 1012 1575 1083 τὴν
1604 1012 1708 1082 γῆν
1733 1010 1843 1065 τῶν

240 1105 491 1172 ζώντων,
546 1104 810 1159 κάκεῖθεν
853 1108 1035 1176 τραφῇ
1098 1103 1489 1175 πνευματικῶς
1531 1102 1612 1174 τῷ
1650 1103 1845 1175 Κυρίῳ

238 1201 667 1269 προκόπτουσα,
695 1200 789 1251 καὶ
812 1198 1095 1269 ἀμφιασθῇ
1127 1200 1192 1250 ὲκ
1225 1198 1326 1267 τῆς
1346 1197 1603 1268 θεότητος
1628 1196 1843 1268 ἄρρητα

232 1292 429 1361 ἄμφια
465 1291 727 1359 οὐρανίου
757 1291 1007 1355 κάλλους,
1041 1290 1208 1363 χωρίς
1248 1290 1466 1361 ἐκείνης
1493 1291 1592 1361 τῆς
1636 1288 1846 1358 τροφῆς

232 1385 409 1453 ζῆσαι
442 1383 623 1454 αὐτὴν
649 1382 708 1437 ὲν
734 1383 1033 1439 ἀπολαύσει
1060 1385 1157 1437 καὶ
1183 1382 1493 1438 ἀναπαύσει
1519 1382 1613 1453 ἀφ’
1644 1382 1846 1453 ἑαυτῆς

232 1476 543 1530 ἀδύνατον.
589 1477 742 1547 Ἔχει
780 1477 891 1548 γὰρ
935 1478 969 1549 ή
1000 1476 1119 1531 θεία
1150 1477 1315 1547 φύσις
1352 1478 1451 1531 καὶ
1477 1476 1643 1547 ἄρτον
1676 1476 1844 1547 ζωῆς,

232 1570 339 1622 τὸν
398 1570 656 1635 εἰπόντα,
699 1568 842 1640 Ἐγώ
890 1571 1007 1639 ειμι
1037 1572 1071 1624 ό
1100 1569 1279 1639 ἄρτος
1332 1566 1443 1638 τῆς
1493 1567 1673 1637 ζωῆς·
1728 1567 1846 1630 καὶ,

242 1661 467 1730 ’Υδωρ
493 1660 627 1723 ἴῶνο
656 1661 771 1721 καὶ.
804 1657 983 1715 οἶνον
1009 1662 1416 1731 εὐφραίνοντα
1460 1660 1716 1730 καρδίαν
1745 1660 1849 1715 άν-

231 1754 524 1822 θρὼπου·
562 1754 681 1819 καὶ,
737 1754 1175 1824 Ἀγαλλιάσεως
1205 1756 1435 1821 ἔλαιον,
1458 1756 1557 1810 καὶ
1604 1756 1850 1826 παμποί-

234 1846 395 1899 κιλον
429 1846 647 1917 τροφὴν
702 1847 956 1917 οὐρανίου
1008 1849 1373 1920 Πνεύματος,
1420 1852 1515 1904 καὶ
1571 1850 1847 1920 ἐνδύματα

233 1939 428 2007 φωτὸς
462 1940 698 2011 οὐράνια
724 1942 789 1994 ὲκ
821 1940 916 1994 τοῦ
941 1940 1075 1995 Θεοῦ
1111 1942 1469 2013 τυγχάνοντα.
1516 1943 1607 1999 Ἐν
1632 1944 1845 2008 τούτοις

230 2035 392 2087 ἐστὶν
421 2034 460 2104 ἡ
491 2033 711 2097 αίὼνιος
743 2032 856 2106 ζωὴ
912 2035 1009 2107 τῆς
1042 2036 1242 2108 ψυχῆς.
1292 2037 1428 2091 Ούαὶ
1488 2034 1720 2107 σώματι,
1756 2038 1854 2090 ὁπ-

230 2124 378 2179 όταν
423 2127 512 2190 είς
542 2127 645 2195 τήν
679 2126 874 2180 ἑαυτοῦ
910 2127 1071 2197 φύσιν
1114 2130 1343 2200 ἑστήκῃ,
1378 2129 1458 2183 ὅτι
1484 2128 1855 2199 διαφθείρεται

231 2218 338 2271 καὶ
384 2218 739 2291 ἀποθνήσκει
763 2238 777 2252 ·
811 2220 908 2273 καὶ
952 2221 1076 2273 οὐαὶ
1108 2220 1277 2291 ψυχῇ,
1310 2221 1358 2274 εί
1387 2222 1468 2284 είς
1505 2219 1603 2291 τὴν
1650 2221 1850 2291 ἑαυτῆς

246 2310 411 2378 φύσιν
450 2313 618 2381 μόνον
662 2313 883 2383 ἕστηκε,
918 2313 1012 2366 καὶ
1060 2314 1141 2378 είς
1185 2314 1253 2368 τὰ
1286 2314 1487 2384 ἑαυτῆς
1516 2313 1654 2385 ἔργα
1688 2314 1848 2383 μόνον

256 2402 507 2468 Me,
555 2403 633 2475 μὴ
663 2404 862 2475 ἔχουσα
893 2403 1039 2466 θείου
1063 2405 1383 2477 Πνεύματος
1418 2405 1730 2470 κοινωνίαν,
1762 2406 1846 2460 ὅτι

256 2492 601 2567 ἀποθνήσκει
640 2496 785 2570 ζωῆς
813 2498 1035 2552 αἰωνίου
1075 2497 1329 2570 θεότητος
1362 2499 1438 2571 μὴ
1477 2499 1847 2565 καταξιωθεϊ-

258 2602 347 2642 σα.
373 2587 591 2660 Ὠσπερ
622 2590 732 2660 γὰρ
766 2590 859 2643 ἐπὶ
887 2590 997 2645 τῶν
1029 2590 1425 2657 ἀσθενούντων,
1457 2591 1597 2646 ἐπὰν
1651 2592 1850 2663 μηκέτι

248 2678 313 2730 τό
342 2679 512 2750 σῶμα
558 2679 786 2753 δύνηται
825 2681 1013 2736 λαϐεῖν
1046 2682 1278 2755 τροφὴν,
1324 2681 1716 2747 ἀπελπίζουσιν
1745 2684 1847 2738 αὑ-

248 2770 406 2835 τοὺς,
443 2770 539 2824 καὶ
584 2771 834 2827 κλαίουσι
874 2774 1076 2838 πάντες
1122 2778 1334 2848 γνήσιοι
1366 2776 1533 2847 φίλοι,
1564 2780 1849 2847 συγγενεῖς

252 2861 352 2912 καὶ
392 2860 675 2933 ἀγαπητοί
699 2880 713 2896 ο
746 2862 889 2917 οὕτω
929 2864 1107 2918 κλαίει
1137 2868 1166 2919 ό
1195 2867 1327 2931 Θεὸς
1356 2868 1451 2921 καὶ
1486 2870 1534 2921 oi
1564 2868 1712 2936 ἅγιοι
1740 2868 1847 2937 ἀγ-

254 2953 411 3021 γελοι
443 2953 547 3017 τὰς
580 2952 758 3024 ψυχὰς
797 2955 899 3019 τὰς
930 2956 1006 3028 μὴ
1044 2958 1390 3029 τρεφομένας
1437 2960 1645 3031 τροφὴν
1687 2961 1852 3033 οὐρά-

253 3062 370 3100 νιον
402 3045 503 3099 τοῦ
533 3047 869 3119 Πνεύματος,
904 3052 998 3104 καὶ
1022 3050 1080 3104 ὲν
1108 3051 1391 3123 ἀφθαρσίᾳ
1425 3052 1688 3122 ζησάσας.
1711 3053 1854 3108 Ταῦ-

1939 555 2159 612 animze.

2010 649 2104 704 XI.
2145 648 2618 716 Quemadmodum
2651 647 2821 720 igitur
2853 661 3086 717 corpus,
3117 653 3180 702 ut
3227 660 3402 717 supra
3434 645 3524 701 di-

1942 749 2114 804 ctum,
2144 739 2314 793 vitam
2348 755 2461 794 non
2487 755 2557 794 ex
2598 754 2679 804 se,
2727 738 2824 793 sed
2877 736 3102 792 aliunde
3160 736 3353 804 habet,
3415 736 3530 791 hoc

1942 840 2029 886 est
2058 846 2088 884 a
2113 838 2282 896 terra,
2314 842 2373 885 et
2397 830 2608 901 absque
2638 830 2729 896 iis,
2761 845 2884 901 quae
2912 837 3069 885 extra
3110 836 3263 895 sunt,
3316 829 3530 899 impos—

1943 923 2107 980 sibile
2135 933 2221 979 est
2248 923 2300 978 ei
2328 923 2497 977 vitam
2528 923 2735 979 ducere
2770 940 2783 976 :
2814 922 2890 977 ita
2913 931 2971 978 et
2992 922 3199 989 anima,
3230 923 3337 979 nisi
3372 923 3441 979 ab
3470 923 3534 994 8

1944 1016 2054 1073 hoc
2089 1026 2341 1087 tempore
2367 1024 2729 1087 regeneretur
2766 1015 2823 1069 in
2870 1016 3018 1070 illam
3049 1016 3358 1072 viventium
3411 1024 3528 1072 ter-

1944 1123 2085 1173 ram,
2121 1116 2177 1163 et
2205 1108 2318 1163 illic
2369 1107 2738 1180 spiritualiter
2794 1108 2998 1175 alatur,
3060 1116 3117 1163 et
3164 1109 3533 1180 spiritualiter

1946 1201 2184 1257 Domino
2214 1200 2509 1273 proﬁciens
2534 1208 2768 1265 crescat,
2822 1210 2878 1256 et
2906 1201 3127 1257 arcanis
3182 1203 3549 1260 vestimentis.

1948 1292 2194 1349 caelestis
2224 1292 2659 1363 pulchritudinis
2679 1309 2746 1348 ex
2775 1294 3072 1351 divinitate
3100 1295 3409 1366 desumptis
3443 1295 3543 1350 iur.

1948 1385 2174 1451 duatur,
2206 1387 2415 1459 absque
2446 1386 2540 1442 illo
2564 1387 2692 1442 cibo
2725 1388 2781 1442 in
2814 1389 3015 1459 gaudio
3040 1398 3096 1445 et
3124 1390 3311 1460 quiete
3357 1405 3426 1445 ex
3476 1405 3547 1447 se

1950 1476 2068 1549 ipsa
2095 1477 2283 1533 vivere
2312 1478 2475 1549 plane
2508 1494 2622 1534 non
2665 1488 2868 1550 potest.
2926 1479 3107 1535 Habet
3163 1482 3311 1535 enim
3367 1482 3538 1537 etiam

1952 1572 2138 1626 divina
2162 1581 2363 1626 natura
2400 1587 2599 1642 panem
2623 1573 2771 1638 vitaa,
2805 1572 2900 1644 qui
2927 1574 3064 1627 dicit
3096 1592 3107 1627 :
3140 1574 3255 1645 Ego
3289 1591 3407 1629 sum
3442 1592 3540 1644 pa-

1952 1666 2034 1718 nis
2057 1666 2177 1719 vita:
2206 1665 2271 1729 ¹⁸,
2303 1674 2360 1720 et
2400 1682 2414 1719 :
2445 1665 2656 1736 Aquam
2683 1667 2943 1721 viventem
2972 1666 3039 1732 ¹⁷,
3066 1674 3124 1721 et
3155 1686 3168 1720 :
3210 1666 3403 1721 Vinum
3436 1665 3537 1721 la:-

1956 1757 2166 1826 tiﬁcans
2204 1775 2295 1811 cor
2333 1756 2648 1824 hominis“,
2695 1766 2753 1813 et
2788 1777 2803 1813 :
2836 1758 3023 1815 Oleum
3073 1759 3444 1815 exsultationis
3469 1763 3539 1827 η,

1955 1853 2013 1901 et
2047 1846 2413 1916 multiplicem
2444 1847 2687 1903 ccelestis
2729 1847 2975 1919 Spiritus
3002 1850 3211 1915 cibum,
3265 1861 3323 1907 et
3366 1852 3540 1907 vesti-

1957 1948 2143 1995 menta
2174 1940 2403 1995 luminis
2433 1940 2700 2006 caelestia,
2761 1957 2794 1996 a
2860 1942 2972 1998 Deo
3003 1942 3271 2011 profecta.
3330 1942 3392 1997 In
3452 1942 3541 1998 his

1956 2032 2213 2087 consistit
2244 2040 2449 2087 aeterna
2480 2032 2679 2087 animze
2700 2031 2836 2087 vita.
2864 2032 2957 2087 Vae
2985 2035 3229 2103 corpori,
3276 2033 3321 2089 si
3356 2034 3411 2089 in
3442 2048 3547 2091 sua

1959 2127 2137 2197 ipsius
2164 2138 2363 2182 natura
2394 2129 2728 2195 constiterit,
2762 2130 2893 2199 quia
2928 2129 3306 2198 corrumpitur
3335 2138 3395 2185 et
3424 2144 3545 2184 mo-

1956 2220 2120 2274 ritur.
2152 2220 2245 2275 νεεδ
2271 2220 2437 2275 etiam
2474 2222 2694 2287 animae,
2753 2222 2797 2276 si
2853 2221 2908 2275 in
2967 2236 3065 2275 sua
3117 2221 3289 2291 ipsius
3342 2230 3543 2277 natura

1957 2311 2245 2377 consistat,
2268 2319 2325 2367 et
2348 2311 2466 2367 suis
2493 2313 2759 2383 operibus
2787 2314 2966 2367 solum
2998 2313 3152 2378 ﬁdat,
3179 2328 3291 2367 non
3326 2312 3543 2368 habens

1956 2401 2443 2471 participationem
2472 2401 2717 2472 Spiritus
2742 2402 2941 2469 divini,
2969 2404 3098 2474 quia
3130 2404 3388 2473 moritur,
3438 2420 3545 2467 nec

1955 2494 2083 2549 vitae
2113 2503 2332 2550 aeternae
2381 2510 2447 2550 ac
2499 2494 2702 2551 divinae
2732 2495 2932 2551 idonea
2971 2506 3221 2567 putatur.
3262 2497 3543 2564 Quemad-

1956 2586 2183 2641 modum
2215 2587 2365 2642 enim
2388 2587 2624 2643 inﬁrmis
2646 2587 2869 2653 accidit,
2898 2599 2980 2655 ut,
3012 2591 3057 2645 si
3081 2605 3286 2661 corpus
3306 2590 3545 2660 amplius

1957 2677 2143 2733 cibum
2169 2693 2367 2748 capere
2395 2687 2659 2749 nequeat,
2680 2693 2902 2733 omnem
2927 2678 2996 2733 de
3024 2680 3219 2734 eorum
3245 2678 3359 2734 vita
3389 2694 3543 2749 spem

1957 2769 2241 2843 abjiciant,
2272 2785 2575 2840 omnesque
2595 2771 2713 2826 veri
2741 2771 2927 2836 amici,
2952 2772 3167 2842 cognati
3188 2780 3357 2841 atque
3380 2770 3538 2825 fami-

1956 2862 2125 2917 liares
2152 2862 2373 2932 plorent
2404 2878 2419 2917 :
2454 2862 2536 2916 sic
2563 2860 2814 2932 deplorat
2842 2863 2989 2917 Deus
3017 2872 3074 2917 et
3120 2860 3295 2917 sancti
3357 2860 3537 2932 angeli

1957 2955 2192 3019 animas,
2232 2970 2343 3009 non
2370 2962 2660 3009 vescentes
2703 2955 2916 3010 ccelesti
2967 2955 3093 3010 cibo
3130 2955 3395 3026 Spiritus,
3441 2970 3549 3011 nec

1958 3047 2017 3101 in
2052 3045 2473 3116 incorruptione
2504 3046 2779 3103 viventes.
2824 3045 2951 3102 Haac
2982 3062 3118 3102 vero
3160 3062 3355 3103 rursus
3396 3046 3546 3111 dico,

251 3155 325 3191 τα
354 3139 414 3193 δὲ
444 3141 539 3193 καὶ
575 3140 733 3194 πάλιν
759 3142 926 3214 φημὶ,
959 3144 1062 3197 οὐκ
1090 3145 1227 3198 εἰσὶν
1252 3144 1440 3209 ἁπλῶς
1477 3144 1625 3214 λόγοι
1662 3144 1854 3200 λαλού-

1963 3158 2071 3196 non
2106 3150 2237 3196 sunt
2263 3141 2431 3196 verba
2476 3139 2626 3195 nude
2681 3147 2737 3195 et
2797 3140 3128 3210 simpliciter
3177 3139 3413 3210 prolata,
3448 3136 3548 3194 sed

256 3247 442 3300 μενοι,
494 3231 610 3285 ἀλλ’
649 3232 811 3305 ἔργον
858 3236 1237 3306 πνευματικῆς
1289 3236 1460 3308 ζωῆς,
1512 3235 1677 3308 ἔργον
1728 3238 1865 3309 ἀλη-

256 3323 435 3390 θείας,
469 3326 553 3390 εἱς
605 3326 705 3398 τὴν
767 3328 927 3395 ἀξίαν
960 3328 1055 3382 καὶ
1115 3330 1314 3401 πιστὴν
1364 3328 1541 3400 ψυχὴν
1598 3329 1861 3401 γιγνόμεο

256 3433 367 3474 νον.

330 3512 439 3567 IB'.
476 3513 543 3567 Εἰ
576 3512 757 3567 τοίνυν
782 3513 973 3581 ἐγένου
1004 3513 1194 3586 θρόνος
1225 3514 1325 3569 τοῦ
1362 3514 1521 3579 Θεοῦ,
1550 3516 1645 3568 καὶ
1670 3517 1865 3572 ἐπιϐέ-

263 3606 443 3676 ϐηκεν
474 3607 571 3658 ἐπὶ
599 3606 658 3660 σὲ
691 3609 719 3660 ὁ
744 3606 998 3677 οὐράνιος
1020 3607 1256 3678 ήνίοχος,
1287 3609 1382 3661 καί
1409 3608 1678 3680 ἐγένετοὴ
1710 3607 1857 3679 ψυχή

274 3715 368 3750 σου
391 3698 487 3768 ὅλη
520 3698 799 3768 ὀφθαλμὸς
824 3700 1220 3769 πνευματικὸς,
1247 3698 1342 3752 καὶ
1380 3698 1478 3768 ὅλη
1504 3699 1623 3768 φῶς
1641 3714 1654 3727 ⁸
1688 3702 1783 3753 καὶ
1810 3704 1860 3755 εί

274 3788 513 3858 ἐτράφης
542 3789 762 3854 ἐκείνην
802 3790 900 3861 τὴν
943 3789 1039 3842 τοῦ
1083 3789 1402 3859 Πνεύματος
1441 3789 1665 3861 τροφὴν,
1689 3790 1784 3845 καὶ⁴
1809 3793 1858 3845 εί

274 3881 568 3953 ἐποτίσθης
613 3882 680 3935 ἐκ
710 3880 805 3935 τοῦ
839 3881 1042 3947 ζῶντος
1070 3881 1284 3947 ὓδατος,
1313 3881 1409 3935 καὶ
1447 3884 1495 3934 εί
1523 3881 1759 3935 ὲνεδύσω
1791 3883 1858 3936 τὰ

272 3971 370 4025 τοῦ
402 3972 644 4045 ἀρρήτου
678 3974 856 4043 φωτὸς
892 3973 1199 4044 ἐνδύματαο
1231 3976 1281 4027 εί
1306 3972 1515 4027 τούτων
1540 3974 1798 4027 ἁπάντων
1830 3976 1857 4028 ὁ

271 4064 381 4117 ἔσω
415 4082 511 4117 σου
547 4064 833 4135 ἄνθρωπος
889 4067 947 4120 ὲν
991 4065 1159 4136 πείρᾳ
1200 4064 1296 4120 καὶ
1342 4064 1688 4138 πληροφορίᾳ
1724 4065 1856 4119 καθ-

268 4156 529 4227 έστηκεν,
570 4157 678 4210 ἰδοὺ
710 4158 810 4228 ζῇς
842 4157 937 4210 καὶ
965 4157 1064 4230 τὴν
1090 4158 1259 4221 ὅντως
1285 4156 1505 4213 αἰώνιον
1553 4158 1718 4229 ζωὴν,
1752 4159 1861 4211 ἀπὸ

268 4246 365 4302 τοῦ
398 4246 497 4301 νῦν
533 4253 669 4317 μετά
699 4250 791 4303 τοῦ
824 4250 1032 4320 Κυρίου
1072 4251 1498 4322 ἀναπαυομένης
1546 4250 1647 4321 τῆς
1680 4250 1861 4321 ψυχῆς

271 4360 391 4396 σου.
437 4342 571 4395 Ἰδοὺ
625 4343 893 4413 κέκτησαι
937 4344 1033 4396 καὶ
1083 4343 1280 4405 ἔλαϐες
1329 4343 1502 4398 ταῦτα
1556 4343 1711 4413 παρά
1764 4344 1860 4395 τοῦ

272 4432 489 4502 Κυρίου
546 4434 603 4484 ὲν
639 4434 866 4505 ἀληθείᾳ
916 4434 1003 4487 ἵνα
1048 4433 1148 4505 ζῇς
1188 4434 1333 4505 ζωὴν
1367 4434 1654 4505 ἀληθινήν.
1692 4433 1778 4503 Et,
1803 4432 1861 4485 δὲ

1970 3251 2112 3305 opus
2138 3234 2262 3289 vitae
2309 3232 2636 3303 spiritualis,
2692 3246 2833 3302 opus
2866 3246 3085 3297 verum,
3113 3229 3262 3302 quod
3314 3228 3553 3287 edicitur.

1969 3326 2026 3381 in
2058 3329 2243 3382 anima
2265 3325 2430 3397 digna
2456 3332 2513 3379 et
2548 3323 2719 3379 ﬁdeli.

2040 3506 2158 3561 XII.
2201 3504 2258 3560 Si
2295 3505 2463 3575 igitur
2494 3503 2735 3559 thronus
2764 3502 2862 3558 Dei
2897 3502 3130 3557 eﬁ‘ectus
3173 3517 3257 3567 es,
3304 3510 3364 3557 et
3412 3501 3573 3557 inse~

1970 3600 2117 3656 derit
2142 3599 2199 3653 in
2230 3607 2281 3653 te
2308 3597 2552 3654 caelestis
2574 3596 2786 3668 auriga,
2815 3604 2872 3650 et
2892 3596 3080 3650 anima
3105 3604 3201 3650 tua
3221 3602 3336 3651 tota
3359 3596 3555 3651 oculus

1971 3692 2297 3764 spiritualis,
2331 3700 2388 3746 et
2418 3700 2530 3745 tota
2556 3690 2747 3744 lumen
2776 3690 2975 3744 eﬁ‘ecta
3031 3696 3117 3743 est
3165 3705 3179 3741 ι
3238 3687 3285 3743 si
3333 3702 3571 3757 quoque-

1971 3782 2183 3838 crelesti
2216 3781 2310 3836 illo
2340 3780 2583 3851 Spiritus
2615 3779 2741 3835 cibo
2774 3779 3059 3834 enutritus
3082 3791 3164 3842 es,
3208 3786 3265 3832 et
3312 3792 3379 3831 ex
3413 3792 3556 3845 aqua

1968 3874 2100 3929 vita:
2132 3872 2345 3936 bibisti,
2379 3880 2544 3941 atque
2576 3871 2909 3926 vestimenta
2943 3868 3133 3924 arcani
3188 3867 3418 3923 luminis
3469 3866 3558 3920 in-

1972 3965 2141 4020 duisti
2181 3983 2195 4018 :
2228 3965 2273 4019 si
2300 3965 2541 4033 denique
2573 3973 2705 4018 tuus
2734 3962 2969 4018 interior
3004 3963 3172 4018 homo
3211 3963 3327 4015 hzec
3370 3961 3563 4017 omnia

1969 4064 2237 4128 expertus
2267 4071 2332 4111 ac
2369 4056 2426 4110 in
2477 4055 2607 4110 ﬁdei
2670 4054 3010 4111 abundantia
3060 4054 3397 4110 constitutus
3450 4063 3559 4119 est,

1972 4162 2102 4203 ecce
2123 4145 2269 4202 vivis
2294 4146 2463 4201 vitam
2484 4161 2680 4201 revera
2711 4156 2996 4210 aeternam,
3028 4145 3413 4216 requiescente
3434 4145 3526 4201 ani
3542 4175 3557 4185 -

1973 4256 2064 4294 ma
2098 4248 2190 4294 tua
2216 4240 2286 4294 ab
2311 4240 2418 4293 hoc
2445 4247 2728 4294 momento
2762 4254 2888 4293 cum
2915 4232 3168 4293 Domino.
3214 4239 3297 4295 En
3327 4237 3563 4307 adeptus

1972 4348 2034 4388 es
2057 4342 2116 4387 et
2140 4331 2403 4402 accepisti
2436 4332 2553 4386 haec
2580 4347 2611 4385 a
2640 4331 2877 4386 Domino
2910 4330 2967 4385 in
3000 4329 3255 4393 veritate,
3305 4337 3366 4382 ut
3390 4314 3564 4384 vitam

1973 4442 2162 4481 veram
2186 4424 2361 4478 vivas.
2396 4423 2454 4478 Si
2481 4438 2617 4478 vero
2648 4423 2788 4477 nihil
2824 4423 3023 4476 horum
3051 4421 3150 4475 tibi
3185 4422 3447 4477 conscius
3475 4436 3560 4486 es,

276 4526 449 4597 μηδὲν
474 4525 681 4578 τούτων
707 4526 955 4590 σύνοιδας
982 4524 1223 4596 σεαυτῷ,
1242 4526 1399 4579 κλαῖε
1434 4526 1529 4578 καὶ
1557 4524 1730 4578 λυποῦ
1762 4525 1854 4578 καὶ

1971 4518 2150 4588 plora,
2204 4515 2537 4570 contristare
2587 4531 2651 4569 ac
2689 4530 2869 4585 geme,
2917 4514 3064 4584 quod
3114 4522 3452 4569 aaternarum
3497 4529 3566 4569 ac

275 4619 495 4690 όδύρου,
537 4620 617 4671 ὅτι
654 4618 747 4673 τοῦ
800 4617 1020 4672 αἰωνίου
1067 4619 1163 4672 καὶ
1208 4617 1585 4689 πνευματικοῦ
1628 4617 1865 4671 πλούτου

276 4711 467 4781 ἀκμὴν
525 4695 737 4765 οὐδέπω
785 4710 1113 4781 τετύχηκας,
1181 4711 1275 4765 καὶ
1340 4711 1442 4782 τὴν
1491 4710 1662 4774 ὅντως
1718 4710 1867 4781 ζωὴν

280 4802 467 4873 ἀκμὴν
501 4803 713 4855 οὐδέπω
742 4800 930 4868 ἐδέξω.
968 4803 1137 4857 Πόνον
1165 4802 1259 4855 οὖν
1305 4802 1395 4872 ἔχε
1424 4804 1554 4873 περὶ
1586 4806 1686 4873 τῆς
1714 4821 1865 4856 πτω-

283 4897 435 4965 χείας
464 4912 583 4960 σου,
629 4895 882 4965 δεόμενος
917 4895 1010 4948 τοῦ
1044 4896 1252 4962 Κυρίου
1286 4894 1478 4952 νυκτὸς
1505 4895 1598 4947 καὶ
1631 4894 1863 4965 ἡμέρας,

290 4989 368 5039 ὅτι
417 4989 499 5049 είς
550 4989 649 5057 τὴν
693 4987 871 5059 δεινὴν
904 4986 1099 5042 πενίαν
1137 4989 1235 5055 τῆς
1273 4987 1551 5057 ἁμαρτίας
1600 4986 1862 5057 ἕστηκας.

294 5080 413 5133 Εἴθε
445 5081 503 5133 δὲ
542 5080 645 5134 κᾶν
696 5082 855 5136 πόνον
909 5098 994 5145 τις
1044 5080 1331 5151 ἐκέκτητο,
1378 5080 1467 5132 διὰ
1515 5079 1615 5150 τὴν
1670 5079 1868 5132 ἑαυτοῦ

291 5175 591 5242 πτωχείαν·
618 5174 678 5227 τὸ
701 5174 775 5246 μὴ
806 5173 996 5245 ὥσπερ
1029 5171 1420 5241 κεκορεσμένοι
1455 5173 1512 5225 ὲν
1569 5170 1875 5241 ἀμεριμνίᾳ

1971 4610 2347 4683 spiritualium
2390 4608 2716 4665 divitiarum
2764 4607 3044 4678 particeps
3095 4606 3278 4661 factus
3317 4604 3565 4659 nondum

1940 4721 2052 4769 -es,
2095 4714 2155 4759 et
2203 4718 2393 4758 veram
2440 4702 2610 4756 vitam
2666 4700 2916 4755 nondum
2946 4698 3230 4769 accepisti.
3281 4695 3567 4753 Sollicitus

1971 4811 2103 4868 ergo
2131 4804 2252 4851 esto
2280 4795 2349 4850 de
2382 4794 2567 4864 inopia
2601 4801 2716 4861 tua,
2748 4790 3071 4862 supplicans
3101 4789 3338 4845 Domino
3373 4795 3566 4843 noctes

1970 4898 2028 4945 et
2055 4891 2198 4952 dies,
2241 4904 2310 4943 co
2338 4888 2488 4957 quod
2537 4886 2593 4942 in
2646 4886 2798 4957 gravi
2863 4892 3192 4955 paupertate
3234 4880 3448 4951 peccati
3504 4895 3567 4935 es

1973 4982 2331 5037 constitutus.
2358 4980 2582 5036 Utinam
2616 4996 2749 5033 vero
2779 4979 2854 5032 sit
2880 4976 3083 5046 aliquis
3110 4974 3204 5044 qui
3233 4973 3301 5027 de
3326 4972 3561 5043 penuria

1974 5089 2074 5129 sua
2107 5073 2304 5127 anxius
2332 5073 2440 5126 sit!
2474 5080 2532 5126 et
2566 5087 2681 5123 non
2714 5071 2865 5124 velut
2906 5066 3143 5135 saturati
3179 5064 3234 5119 in
3264 5064 3568 5120 securitate

1974 5165 2261 5219 vivamus!
2315 5164 2445 5233 quia
2489 5161 2584 5232 qui
2645 5160 2895 5215 laborem
2965 5156 3239 5228 ejusmodi
3306 5155 3568 5217 sustinet,

288 5267 562 5337 διήγομεν,
598 5268 679 5321 ὅτι
705 5271 734 5321 ό
764 5269 925 5320 πόνον
952 5268 1113 5337 ἔχων,
1141 5268 1236 5320 καὶ
1259 5265 1438 5337 ζητῶν
1464 5265 1557 5319 καὶ
1588 5264 1757 5319 αἰτῶν
1786 5263 1854 5316 τοι

1977 5257 2177 5327 quaerit
2227 5264 2285 5311 et
2331 5253 2713 5309 indesinenter
2760 5248 3054 5304 Dominum
3102 5246 3392 5310 obsecrat,
3445 5258 3573 5297 mox

281 5360 486 5433 Κύριον
507 5362 890 5422 ἀδιαλείπτως,
914 5362 1119 5429 ταχέως
1143 5359 1393 5424 τεύξεται
1423 5358 1523 5427 τῆς
1556 5356 1876 5427 ἀπολυτρώ-

282 5474 445 5519 σεως,
477 5457 570 5510 καὶ
599 5456 695 5510 τοῦ
728 5455 1054 5524 ἐπουρανίου
1102 5453 1360 5515 πλούτου,
1396 5450 1580 5515 καθὼς
1604 5454 1632 5503 ὁ
1663 5451 1867 5519 Κύριος

279 5550 459 5617 ἔλεγε,
486 5550 612 5621 περὶ
643 5548 742 5602 τοῦ
774 5545 961 5600 ἀδίκου
994 5545 1181 5616 κριτοῦ
1216 5545 1311 5599 καὶ
1336 5545 1435 5615 τῆς
1462 5545 1640 5614 χήρας
1668 5542 1872 5612 διεξερ-

283 5640 507 5713 χόμενος
534 5644 626 5697 τὸν
661 5641 825 5709 λόγον
851 5653 866 5668 ⁸
899 5639 1074 5703 Πόσῳ
1117 5635 1361 5706 μᾶλλον
1389 5639 1421 5691 ὀ
1455 5634 1600 5701 θεὸς
1632 5632 1874 5699 ποιήσει

1980 5356 2355 5417 consequetur
2402 5343 2845 5413 redemptionem
2896 5358 2960 5397 ac
3005 5341 3257 5396 caelestes
3309 5336 3569 5399 divitias,

1982 5438 2452 5512 quemadmodum
2491 5436 2757 5491 Dominus
2786 5434 2958 5498 dixit,
3004 5432 3074 5487 de
3124 5432 3328 5501 injuste
3377 5426 3570 5497 judice

1981 5546 2039 5591 ct
2064 5533 2232 5587 vidua
2269 5546 2585 5587 sermonem
2624 5528 2837 5583 habens
2883 5544 2897 5580 :
2940 5524 3153 5591 Quanto
3208 5522 3375 5591 magis
3428 5518 3572 5573 Deus

1986 5628 2271 5684 vindictam
2329 5625 2484 5695 faciet
2528 5622 2881 5678 clamantium
2919 5620 2991 5673 ad
3050 5635 3105 5672 se
3150 5627 3296 5671 nocte
3342 5620 3392 5668 et
3439 5607 3573 5667 die?

349 5832 570 5891 “Joan,
624 5845 706 5892 vr,
747 5822 845 5879 55.
924 5823 962 5853 ¹⁷
988 5822 1256 5893 Joan._1v,
1282 5822 1365 5877 10.
1444 5819 1487 5851 ⁸⁸
1512 5817 1653 5875 Psal.
1688 5831 1793 5881 CIV,
1844 5816 1929 5869 15.
2006 5814 2047 5846 ¹⁹
2097 5812 2240 5869 Psal.
2290 5827 2414 5878 XLV,
2465 5810 2512 5866 8.
