4016 6472
294 376 394 444 Ᾱῦὓ
1588 395 1947 459 ΗΟΜΙῙᾸΙΕ,

2049 397 2273 459 -HOM.
2310 398 2393 459 II.
3489 384 3595 462 4‘66

316 496 395 572 τῷ
417 494 673 570 adstant.
705 504 831 559 Καὶ
868 505 1051 572 πάλιν,
1092 505 1281 578 ὥσπερ
1309 524 1395 570 τις
1433 507 1633 579 θεωρεῖ
1669 506 1947 563 πετεινδν.

2049 522 2161 573 um,
2183 505 2652 577 quemadmodum
2701 504 2747 561 si
2770 505 2896 575 quis
2918 505 3101 560 cernit
3120 519 3275 559 avem
3301 502 3602 570 volantem,

329 592 651 663 πετόμενον,
680 598 785 651 καὶ
813 597 1056 668 βούλεται
1089 598 1182 653 καὶ
1215 598 1378 665 αὐτὸς
1414 600 1637 669 πτῆναι,
1672 598 1748 671 μὴ
1778 599 1918 668 ἔχων

2049 600 2139 654 'ult
2178 608 2236 654 et
2292 600 2410 668 ipse
2468 598 2688 662 volare,
2721 598 2823 652 alis
2872 612 3007 652 vero
3056 596 3359 651 destitutus
3414 596 3602 651 volare

330 687 392 741 δὲ
430 687 613 756 πτερὰ
683 688 969 754 ἀδυνάτως
1018 689 1129 762 ἔχει
1173 690 1477 745 πέτασθαι·
1523 690 1667 745 οὕτω
1694 692 1789 745 καὶ
1839 690 1920 761 τῷ

2049 690 2214 759 tequit
2252 705 2266 744 :
2293 691 2374 746 sic
2404 704 2629 759 quoque
2653 689 2864 743 homini
2893 689 3051 743 adest
3072 688 3348 751 voluntas,
3377 703 3601 756 purum,

335 776 636 849 ἀνθρώπῳ,
670 778 735 832 τὸ
783 781 881 849 μὲν
924 780 1095 835 θέλειν
1133 782 1467 852 παράκειται
1516 781 1612 835 τοῦ
1656 777 1795 835 εἶναι
1824 799 1922 834 κα-

2049 782 2569 851 rrepreheusibilem
2608 791 2665 837 et
2696 782 3048 852 impollutum
3097 796 3239 845 esse,
3288 780 3428 834 nihil
3485 796 3604 835 ma-

340 869 535 942 βαρὺν,
588 869 686 922 καὶ
729 870 982 940 ἄμωμον,
1033 872 1131 925 καὶ
1178 873 1427 937 ἄσπιλον,
1456 873 1552 927 καὶ
1583 878 1658 944 μὴ
1687 870 1834 941 ἔχειν
1862 871 1922 925 ἐν

350 961 529 1033 ἐαυτῷ
559 962 661 1034 τὴν
689 964 909 1031 κακίαν,
948 964 1066 1019 ἀλλ’
1097 966 1182 1019 ἀεὶ
1218 966 1355 1036 μετὰ
1382 967 1475 1021 τοῦ
1506 965 1639 1020 Θεοῦ
1671 962 1833 1033 εἶναι,
1861 965 1925 1019 τὸ

348 1054 612 1111 δύνασθαι
640 1055 698 1110 δὲ
724 1056 825 1110 οὐκ
852 1055 966 1128 ἔχει
985 1074 999 1089 ·
1041 1058 1378 1129 πετασθῆναι
1425 1060 1524 1129 μὲν
1557 1061 1637 1122 είς
1668 1059 1759 1112 τὸν
1785 1058 1925 1128 ἀέρα

347 1147 439 1200 τὸν
464 1146 653 1200 θεῖκὺν
682 1146 775 1201 καὶ
802 1148 903 1218 τὴν
936 1148 1250 1221 ἐλευθερίαν
1275 1148 1369 1202 τοῦ
1404 1150 1560 1217 ἁγίου
1606 1150 1746 1204 Πνεύ
1756 1168 1926 1221 ματος

343 1239 517 1300 θέλει,
549 1237 666 1294 ἀλλ’
692 1239 787 1293 ἐὰν
822 1240 897 1313 μὴ
933 1240 1075 1313 λάϐῃ
1103 1242 1401 1313 πτέρυγας,
1425 1243 1485 1296 οὐ
1511 1242 1757 1298 δύναται,
1806 1244 1923 1297 Πα-

343 1331 751 1403 ρακαλὲσωμεν
782 1331 872 1385 οὖν
906 1332 997 1386 τὸν
1030 1333 1183 1397 Θεὸν,
1224 1333 1312 1387 ἵνα
1350 1332 1427 1402 δῷ
1462 1335 1596 1404 ἡμῖν
1648 1333 1927 1404 πτέρυγας

340 1425 685 1495 περιστερᾶς
724 1423 818 1478 τοῦ
856 1425 1012 1494 ἁγίου
1057 1425 1396 1496 Πνεύματος,
1433 1427 1520 1480 ἵνα
1567 1426 1927 1497 πετασθῶμεν

341 1517 494 1589 πρὸς
537 1517 700 1571 αὐτὸν
749 1518 844 1573 καὶ
876 1520 1336 1591 καταπαύσωμεν,
1376 1520 1471 1581 καὶ
1499 1521 1586 1575 ἵνα
1628 1520 1930 1592 διαχωρίσῃ

338 1611 449 1669 καὶ
482 1612 670 1683 παύσῃ
711 1611 818 1667 ἀπὸ
852 1613 955 1683 τῆς
1002 1612 1316 1683 ψυχῆς-καὶ
1377 1612 1473 1667 τοῦ
1502 1613 1753 1683 σώματος
1776 1610 1935 1682 ἡμῶν

337 1704 441 1755 τὸν
466 1704 706 1773 πονηρὸν
744 1704 966 1773 ἄνεμον,
988 1704 1158 1773 αὐτὴν
1189 1704 1288 1774 τὴν
1319 1705 1595 1776 ἁμαρτίαν
1616 1703 1714 1773 τὴν
1745 1719 1931 1756 κατοι-

340 1794 564 1849 κοῦσαν
604 1797 664 1847 ἐν
700 1797 813 1859 τοῖς
862 1795 1046 1865 μέλεσι
1090 1794 1187 1864 τῆς
1227 1794 1405 1866 ψυχῆς
1433 1794 1651 1850 καὶτοῦ
1680 1796 1932 1865 σώματος

342 1888 535 1958 ἡμῶν.
572 1888 730 1959 Αὑτῷ
936 1889 1081 1959 μόνῳ
1110 1850 1338 1944 δυνατὸν
1362 1850 1519 1942 τοῦτο
1545 1850 1786 1958 ποιῆσαι..
1822 1850 1936 1945 Ἴδε
1965 1850 2006 1908 Β

342 1979 685 2051 γὰρμρησὶν,
701 1982 735 2034 ό
762 1980 964 2049 Ἀμνὸς
978 1982 1083 2034 τοῦ
1102 1980 1248 2035 Θεοῦ
1265 1982 1298 2035 ὀ
1309 1981 1491 2049 αἴρων
1511 1981 1623 2047 τὴν
1641 1980 1935 2050 ἁμαρτίαν

340 2074 458 2129 τοῦ
493 2075 748 2142 κόσμου.
780 2073 957 2137 Αὐτὸς
985 2075 1143 2144 μόνος
1183 2076 1284 2148 τὴν
1331 2077 1698 2148 ἐλεημοσύνην
1732 2078 1937 2148 ταύτην

340 2163 584 2233 δποίησε
640 2163 747 2218 τῶν
786 2164 1092 2235 ἀνθρώπων
1126 2168 1236 2225 τοῖς
1266 2167 1612 2222 πιστεύουσιν
1646 2168 1815 2239 αὐτῷ,
1850 2170 1936 2223 ὅτι

344 2253 652 2326 λυτροῧται
684 2255 797 2310 ἀπὸ
826 2257 925 2328 τῆς
969 2258 1264 2329 ἁμαρτίας,
1300 2259 1530 2323 καὶτοῖς
1564 2260 1937 2331 προσδοκῶσιν

357 2350 440 2403 ἀεὶ
470 2348 571 2402 καὶ
602 2348 906 2415 ἐλπίζουσι,
957 2352 1049 2403 καὶ
1083 2351 1339 2421 ζητοῦσιν
1378 2353 1765 2419 ἀδιαλείπτως,
1795 2354 1942 2407 ποιεῖ

365 2441 459 2511 τὴν
483 2440 763 2511 σωτηρίαν
791 2441 996 2512 ταύτην
1025 2442 1124 2514 τὴν
1153 2443 1561 2515 ἁνεκδιήγητον.

432 2535 507 2589 Δ¹.
546 2533 765 2602 Ὠσπερ
816 2532 875 2587 ἐν
924 2534 1079 2588 νυκτὶ
1114 2534 1320 2607 ζοφερᾷ
1376 2537 1473 2590 καὶ
1520 2536 1748 2610 μελαίνῃ
1786 2537 1939 2593 πνέει

364 2624 561 2694 ἄνεμός
594 2641 681 2688 τις
702 2625 916 2695 ἄγριος,
943 2626 1037 2680 καὶ
1062 2628 1239 2687 πάντα
1279 2627 1350 2681 τὰ
1378 2629 1522 2696 φυτὰ
1556 2630 1649 2681 καὶ
1681 2630 1750 2682 τὰ
1774 2632 1941 2698 σπέρ-

363 2738 515 2791 ματα
560 2723 724 2784 κινεῖ,
768 2722 860 2774 καὶ
905 2722 1119 2792 ἐρευνᾷ,
1151 2724 1245 2777 καὶ
1296 2722 1461 2775 σείει·
1491 2722 1633 2775 οὕτω
1673 2724 1767 2775 καὶ
1793 2724 1819 2775 6
1844 2722 1940 2775 ἄν-

358 2813 585 2885 θρωπος
608 2812 790 2867 πεσὼν
813 2814 1043 2885 ὑπὸ-τὴν
1071 2814 1323 2880 ἐξουσίαν
1352 2814 1453 2881 τῆς
1478 2814 1669 2876 νυκτὸς
1692 2813 1787 2866 τοῦ
1811 2814 1941 2868 σκό-

360 2919 516 2965 τους,
571 2902 667 2955 τοῦ
716 2902 985 2968 διαϐόλου,
1030 2904 1122 2957 καὶ
1165 2904 1241 2957 ὢν
1283 2905 1342 2956 ἐν
1382 2904 1539 2957 νυκτὶ
1590 2904 1684 2956 καὶ
1739 2902 1939 2965 σκότει,

362 2994 640 3051 κλονεῖται
688 2994 766 3064 τῷ
819 2994 978 3065 δεινῷ
1014 2996 1200 3066 ἀνέμῳ
1234 2995 1335 3064 τῆς
1378 2993 1653 3063 ἁμαρτίας
1703 2994 1941 3057 πνέοντι,

2021 872 2155 928 Iitite
2182 873 2239 928 in
2270 888 2331 928 se
2367 873 2490 943 ipso
2515 873 2743 936 habere,
2769 872 2867 928 sed
2898 888 3119 943 semper
3146 887 3271 927 cum
3317 873 3431 927 Deo
3476 888 3608 926 con—

2023 969 2263 1034 versari,
2292 969 2609 1025 facultatem
2637 984 2771 1024 vero
2795 985 2907 1023 non
2937 968 3121 1023 habet.
3158 969 3355 1024 Volare
3380 967 3604 1038 quidem

2025 1057 2080 1115 in
2109 1074 2293 1114 aerem
2326 1058 2579 1115 divinum
2606 1058 3114 1128 atq-uelibertatem
3160 1059 3398 1128 Spiritus
3431 1058 3606 1113 sancti

2026 1151 2204 1220 cupit,
2229 1150 2349 1214 sed,
2375 1151 2482 1206 nisi
2511 1153 2756 1221 acceptis
2787 1152 2912 1216 alis,
2944 1167 3053 1205 non
3078 1160 3277 1220 potest.
3310 1151 3610 1206 Precemur

2033 1242 2200 1313 igitur
2255 1244 2453 1309 Deum,
2502 1252 2563 1297 ut
2603 1243 2872 1298 concedat
2902 1243 3064 1297 nobis
3098 1243 3213 1297 alas
3259 1242 3533 1298 columba:
3561 1242 3609 1275 ²³

2029 1336 2206 1391 sancti
2258 1335 2517 1406 Spiritus,
2564 1344 2628 1390 ut
2671 1337 2924 1391 volemus
2949 1335 3017 1389 ad
3043 1350 3171 1389 eum
3199 1343 3256 1390 et
3294 1336 3614 1404 requiesca-

2029 1441 2171 1492 mus,
2204 1435 2267 1481 ut
2292 1427 2462 1482 etiam
2494 1436 2748 1499 segreget
2778 1436 2835 1483 et
2870 1428 3028 1482 tollat
3073 1427 3145 1481 ab
3177 1428 3362 1482 anima
3395 1436 3452 1482 et
3484 1444 3610 1482 cor-

2030 1533 2165 1588 pore
2191 1528 2387 1575 nostro
2420 1520 2739 1589 improbum
2763 1530 3016 1585 ventum,
3050 1520 3230 1590 ipsum
3249 1520 3462 1576 scilicet
3486 1536 3614 1590 pec-

2030 1621 2214 1666 eatum
2253 1611 2311 1667 in
2344 1613 2607 1667 membris
2635 1613 2833 1668 animat
2871 1622 2928 1667 et
2967 1614 3219 1683 corporis
3249 1615 3425 1668 nostri
3459 1614 3615 1668 habi-

2032 1710 2176 1758 tans.
2198 1703 2307 1772 Ipsi
2323 1703 2473 1760 enim
2499 1705 2605 1760 hoc
2624 1704 2809 1760 facere
2838 1706 3016 1760 solum
3039 1718 3123 1761 est
3144 1705 3433 1776 possibile.
3458 1706 3614 1771 Ecce,

2034 1794 2111 1848 ait
2144 1795 2315 1857 enim,
2356 1796 2538 1867 Agnus
2576 1795 2695 1860 Dei,
2747 1797 2837 1866 qui
2890 1796 3025 1850 tollit
3081 1805 3295 1867 peccata
3344 1798 3526 1851 mundi
3545 1798 3612 1849 ".

2034 1886 2159 1955 Ipse
2207 1886 2360 1942 solus
2404 1887 2845 1942 misericordiam
2894 1888 3057 1952 hanc,
3109 1888 3259 1957 quod
3312 1904 3343 1943 a
3388 1895 3617 1958 peccato

2036 1981 2291 2047 redimat,
2345 1981 2607 2036 exhibuit
2647 1982 2967 2038 hominibus
3022 1984 3085 2038 in
3136 2000 3194 2039 se
3234 1984 3615 2049 credentibus,

2035 2080 2095 2127 et-
2149 2072 2293 2126 hanc
2348 2072 2780 2128 inenarrabilem
2827 2074 3061 2128 salutem
3124 2075 3341 2130 confert
3398 2091 3620 2145 semper

2035 2165 2502 2234 exspectantibus,
2568 2174 2626 2221 et
2679 2166 2900 2221 assidue
2957 2168 3337 2223 auzcrentibus
3372 2184 3522 2234 eum,
3562 2167 3619 2221 in

2037 2272 2213 2327 eoque
2243 2272 2397 2328 spem
2426 2273 2582 2313 suam
2609 2259 2969 2329 ponentibus,

2108 2530 2199 2586 IV.
2238 2530 2713 2597 Quemadmodum
2735 2530 2792 2585 in
2814 2537 2977 2585 nocte
2995 2530 3291 2601 caliginosa
3310 2540 3364 2585 et
3384 2530 3621 2585 obseura

2040 2623 2340 2679 vehemens
2374 2623 2599 2692 quidam
2629 2630 2829 2677 ventus
2855 2622 3049 2692 spirat,
3095 2630 3153 2677 et
3181 2638 3373 2677 omnes
3402 2623 3619 2691 plantas

2043 2731 2107 2771 ac
2140 2717 2351 2770 semina
2380 2716 2648 2783 concutit,
2680 2724 2993 2771 commovet
3050 2724 3106 2770 et
3134 2718 3303 2787 agitat
3333 2733 3346 2768 :
3383 2716 3464 2770 sic
3487 2731 3625 2784 quo-

2043 2822 2151 2877 que
2180 2806 2346 2861 homo
2373 2807 2561 2876 lapsus
2584 2808 2687 2862 sub
2713 2815 3043 2878 potestatem
3066 2808 3248 2863 noctis
3269 2806 3624 2861 tenebrarum

2045 2899 2271 2964 diaboli,
2334 2900 2489 2954 etin
2548 2908 2711 2955 nocte
2769 2900 3129 2971 tenebrisque
3191 2900 3417 2970 degens,
3472 2899 3626 2969 gravi

2044 3001 2209 3047 vento
2254 2993 2464 3061 peccati
2516 2991 2684 3047 ﬂante
2737 3002 3138 3057 commovetur,
3194 2992 3510 3047 concutitur
3572 3002 3627 3045 et

362 3087 464 3145 καὶ
498 3087 727 3152 σείεται,
757 3088 851 3141 καὶ
875 3090 1122 3142 κινεῖται.
1154 3090 1262 3141 Καὶ
1290 3089 1578 3157 ὲρευνᾶται
1625 3088 1807 3141 πᾶσαν
1846 3086 1944 3157 τὴν

2049 3093 2357 3154 quassatur,
2391 3084 2486 3153 qui
2527 3100 2747 3139 omnem
2783 3094 3057 3151 naturam,
3104 3085 3344 3138 animam
3393 3083 3626 3145 scilicet,

362 3178 553 3247 φύσιν,
607 3180 707 3249 τὴν
750 3178 950 3251 ψυχὴν,
991 3181 1117 3244 τοὺς
1163 3180 1456 3250 λογισμοὺς
1496 3180 1662 3234 αὐτοῦ
1711 3181 1805 3235 καὶ
1849 3181 1940 3234 τὸν

2054 3176 2159 3245 ιο
2214 3176 2578 3246 cogitationes
2604 3164 2679 3231 et
2728 3185 2968 3230 mentem
2996 3182 3377 3246 perscrutatur
3404 3192 3417 3228 :
3445 3174 3630 3227 omnia

361 3272 515 3326 νοῦν.
562 3273 675 3326 Καὶ
709 3272 890 3327 πάντα
931 3273 1139 3326 σείεται
1176 3273 1245 3327 τὰ
1291 3274 1579 3341 σωματικὰ
1627 3273 1801 3344 μέλη⁶
1850 3274 1945 3327 καὶ

2049 3269 2288 3338 denique
2347 3269 2749 3324 concutiuntur
2808 3268 3058 3338 corporis
3110 3266 3395 3331 membra,
3446 3280 3629 3333 neque

359 3366 525 3420 οὐδὲν
550 3365 871 3436 ἐλεύθερον,
908 3365 1029 3418 οὐδὲ
1055 3364 1265 3429 ἀπαθὲς
1293 3366 1454 3435 μέλος
1482 3365 1659 3437 ψυχῆς
1684 3367 1715 3437 ἢ
1755 3366 1944 3435 σώμα-

2049 3360 2221 3414 ullum
2251 3360 2564 3415 membrum
2594 3360 2793 3414 animae
2814 3368 2912 3413 aut
2947 3359 3199 3428 corporis
3229 3356 3496 3420 immune,
3527 3370 3632 3410 nec

360 3458 458 3522 τός
496 3458 649 3511 ἐστιν
689 3458 798 3510 ἀπὸ
838 3459 939 3527 τῆς
987 3454 1306 3526 ἐνοικούσης
1346 3457 1406 3508 ἐν
1457 3456 1589 3526 ἡμῖν
1637 3456 1943 3525 ἁμαρτίαςο

2049 3452 2220 3507 ullum
2251 3453 2319 3507 ab
2352 3452 2743 3508 affectionibus
2767 3451 3002 3520 peccati,
3037 3451 3094 3505 in
3120 3450 3284 3504 nobis
3307 3448 3630 3511 habitantis,

361 3547 573 3620 ὁμοίως
622 3549 771 3603 ἐστὶν
816 3548 1000 3619 ἡμέρα
1054 3548 1231 3617 φωτὸς
1278 3548 1376 3601 καὶ
1424 3547 1624 3617 ἄνεμος
1679 3548 1820 3610 θεῖος
1852 3547 1947 3601 τοῦ

2049 3542 2287 3597 liberum
2316 3550 2401 3598 est
2437 3561 2451 3596 :
2483 3542 2684 3597 similis
2724 3543 2911 3610 itaque
2962 3540 3082 3596 dies
3134 3541 3266 3604 luci,
3320 3550 3377 3595 et
3435 3548 3633 3593 ventus

363 3640 527 3708 ἁγίου
573 3638 912 3709 Πνεύματος,
945 3638 1123 3691 πνέων
1156 3638 1250 3690 καὶ
1283 3637 1577 3707 ἀναψύχων
1615 3636 1715 3699 τὰς
1751 3636 1947 3706 ψυχὰς,

370 3730 664 3797 tacebam;
690 3732 750 3785 ἐν
772 3732 957 3803 ἡμέρᾳ
1007 3729 1101 3783 τοῦ
1126 3729 1303 3797 φωτὸς
1336 3728 1430 3782 τοῦ
1484 3728 1665 3782 θεῖκοῦ
1686 3744 1700 3757 ·
1728 3730 1823 3781 καὶ
1870 3729 1951 3782 δι-

380 3823 696 3896 ικνούμενος
714 3825 893 3877 πᾶσαν
921 3823 1019 3893 τὴν
1049 3822 1345 3876 ὑπόστασιν
1366 3820 1465 3887 τῆς
1484 3819 1683 3890 ψυχῆς,
1702 3820 1799 3872 καὶ
1822 3820 1951 3882 τοὺς

385 3915 680 3987 λσγισμοὺς
725 3916 816 3967 καὶ
868 3915 1051 3967 πᾶσαν
1105 3912 1203 3982 τὴν
1259 3911 1470 3976 οὐσίαν,
1511 3912 1607 3964 καὶ
1658 3910 1840 3962 πάντα
1883 3909 1953 3962 τὰ

382 4005 519 4079 μέλη
540 4004 645 4069 ,τοῦ
672 4003 923 4075 σώματος
951 4002 1247 4073 ἀναψύχων
1261 4000 1356 4055 καὶ
1385 4000 1682 4055 ἀναπαύων
1709 3998 1953 4054 ἀναπαύο

377 4113 465 4151 σει
495 4096 656 4166 Baiani)
684 4095 782 4149 καὶ
812 4093 1081 4166 ἀλαλήτῳ.
1123 4092 1294 4147 Τοῦτο
1324 4091 1507 4161 ἔλεγεν
1539 4094 1568 4145 6
1606 4090 1952 4154 Ἀπόστολοςν

384 4186 583 4258 Ἡμεῖς
614 4186 683 4241 δὲ
709 4188 820 4241 οὐκ
837 4186 1023 4253 ἐσμὲν
1042 4183 1224 4238 τέκνα
1250 4184 1490 4248 νυκτὸς,
1513 4181 1655 4235 οὐδὲ
1673 4183 1954 4247 σκότους·

373 4280 609 4347 πάντες
636 4280 744 4348 γὰρ
771 4278 940 4348 ὑμεῖς
975 4277 1093 4331 υἱοὶ
1123 4277 1315 4345 φωτός
1341 4275 1503 4341 ἐστε,
1541 4274 1639 4326 καὶ
1670 4272 1789 4328 υἱοὶ
1813 4271 1958 4341 ἠμέ-

368 4389 511 4442 ρας.
548 4372 659 4424 Καὶ
673 4370 858 4440 ὥσπερ
889 4371 1005 4422 ἐκεῖ
1035 4370 1094 4420 ἐν
1124 4370 1193 4437 τῇ
1228 4367 1403 4438 πλάνῃ
1435 4365 1721 4437 ἄνθρωπον
1752 4364 1960 4418 τέλειον

375 4464 693 4522 ἀπεδύσατο
721 4464 750 4517 6
795 4461 1029 4523 παλαιὸς
1072 4459 1379 4525 ἄνθρωπος,
1422 4458 1519 4514 καὶ
1558 4459 1731 4527 φορείση
1758 4456 1963 4527 ἔνδυμα

2051 3633 2273 3688 divinus
2310 3632 2540 3701 Spiritui
2590 3642 2803 3692 sancto,
2837 3631 3155 3702 perspirans
3209 3640 3267 3684 et
3320 3629 3635 3685 rcfoeillans

2053 3722 2288 3787 animas,
2321 3738 2444 3792 qua:
2472 3720 2527 3774 in
2560 3720 2650 3775 die
2693 3721 2837 3776 lucis
2874 3706 3079 3775 divina:
3126 3719 3342 3784 vivunt,
3392 3726 3448 3772 et
3503 3732 3635 3787 per-

2054 3819 2330 3873 transiens
2357 3833 2575 3882 omnem
2621 3824 2874 3871 naturam
2912 3816 3109 3869 animae
3160 3823 3217 3869 et
3246 3814 3635 3885 cogitationes,

2056 3926 2119 3966 ac
2176 3924 2394 3964 omnem
2446 3909 2831 3972 substantiam,
2866 3916 2924 3962 et
2986 3906 3173 3961 omnia
3228 3907 3471 3961 membra
3506 3920 3638 3959 cor-

2056 4001 2208 4069 poris
2233 4015 2490 4055 recreans
2518 4007 2576 4054 et
2612 3998 2931 4054 refocillans
2960 3996 3151 4051 divina
3194 4003 3251 4051 et
3278 3994 3641 4051 inenarrabili

2058 4090 2270 4159 requie.
2313 4089 2371 4144 Id
2422 4089 2571 4159 quod
2608 4087 2747 4143 dixit
2790 4086 3085 4156 Apostolus
3122 4102 3136 4139 :
3170 4085 3277 4140 Nos
3326 4102 3429 4138 non
3459 4101 3640 4138 sumus

2058 4185 2159 4253 ﬁlii
2189 4186 2376 4250 noctis,
2407 4200 2575 4253 neque
2616 4182 2950 4236 tenebrarum
2980 4196 2999 4235 :
3024 4196 3204 4234 omnes
3244 4181 3383 4232 enim
3421 4194 3509 4232 vos
3540 4176 3644 4245 ﬁlii

2063 4277 2194 4332 lucis
2216 4278 2338 4331 estis
2365 4284 2413 4328 et
2450 4273 2550 4343 filii
2571 4276 2674 4327 diei
2693 4273 2761 4327 “.
2802 4273 2871 4327 Et
2904 4269 3371 4341 quemadmodum
3403 4268 3537 4333 illic,
3580 4268 3638 4321 in

2059 4371 2149 4425 via
2179 4383 2433 4431 erronea,
2461 4367 2743 4421 hominem
2772 4366 3045 4433 integrum
3068 4378 3133 4417 ac
3159 4362 3465 4432 perfectum
3492 4359 3648 4415 exuit

2064 4461 2231 4514 homo
2259 4469 2439 4524 vetus,
2469 4466 2526 4512 et
2570 4465 2747 4527 gestat
2775 4456 3159 4510 indumentum
3203 4452 3356 4524 regni
3392 4452 3648 4507 tenebra-

377 4556 671 4631 βασιλείας
715 4557 962 4619 σκότους,
1013 4554 1216 4623 ἔνδυμα
1253 4551 1623 4623 βλασφημίας,
1673 4550 1947 4637 ἀπιστίας,

2064 4565 2208 4615 rum,
2264 4548 2662 4603 vestimentum
2717 4546 3092 4616 blasphemiae,
3155 4544 3495 4605 diﬂidenliae,
3544 4559 3646 4597 au-

377 4649 643 4722 ἀφοδίαςν
701 4647 1042 4714 κενοδοξίας,
1095 4642 1505 4715 ὑπερηφανίας,
1551 4642 1958 4717 φιλαργυρίας,

377 4740 714 4810 ἐπιθυμίαςο
746 4739 840 4792 καὶ
880 4738 947 4791 τὰ
999 4735 1136 4790 ἄλλα
1185 4734 1385 4804 ὁμοίως
1426 4733 1528 4804 τῆς
1557 4733 1834 4803 βασιλείας
1867 4732 1962 4785 τοῦ

382 4834 618 4895 σκάτους
635 4831 916 4902 φορέματα
947 4828 1163 4900 ρακώδη
1189 4828 1285 4880 καὶ⁵
1304 4827 1613 4895 ἀκάθαρτα,
1638 4828 1734 4879 καὶ
1762 4826 1956 4896 μιαρὰε

380 4925 529 4979 οὕτω
565 4923 731 4976 πάλιν
772 4920 1004 4975 ἐνταῦθα
1042 4921 1156 4973 ὅσοι
1207 4916 1549 4971 ἀπεδύσαντο
1593 4918 1687 4969 τὸν
1730 4917 1961 4969 παλαιὸν

386 5012 485 5067 καὶ
520 5010 891 5081 καταχθόνιον.
917 5009 1222 5080 ἄνθρωπον,
1260 5008 1351 5060 καὶ
1372 5009 1532 5070 ὅσους
1561 5008 1627 5060 ἂν
1658 5007 1908 5073 ἐξέδυσεν
1936 5008 1963 5060 6

404 5102 613 5175 Ἰησοῦς
664 5102 739 5157 τὰ
784 5102 1055 5171 ἐνδύματα
1108 5100 1209 5169 τῆς
1250 5082 1527 5169 βασιλείας
1564 5098 1660 5150 τοῦ
1717 5099 1965 5163 σκότους,

393 5195 713 5259 ἑνοδύσαντο
744 5194 833 5249 τὸν
875 5198 994 5249 νέον
1036 5194 1131 5248 καὶ
1176 5194 1494 5262 ἐπουράνιον
1533 5191 1819 5262 ἄνθρωπον
1863 5191 1969 5261 Ἰη-

396 5286 803 5358 σοῦσςκριστὸν,
838 5286 1002 5340 πάλιν
1031 5285 1233 5356 ὁμοίως
1267 5284 1578 5353 ὀφθαλμοὺς
1608 5283 1743 5353 πρὸς
1773 5282 1971 5351 ὀφθαλ-

392 5379 552 5453 μοὺς,
588 5375 708 5435 ὦτα
747 5380 895 5451 πρὸς,
923 5373 1060 5443 ὦτα,
1100 5377 1345 5447 κεφαλὴν
1388 5378 1523 5445 πρὸς
1569 5374 1833 5445 κεφαλὴν,
1882 5376 1970 5430 ἵνα

383 5472 509 5537 ὅλος
539 5473 782 5545 καθαρὸς
809 5469 867 5544 ᾖ,
905 5472 1000 5525 xal.
1033 5471 1212 5540 φορῶν
1241 5469 1338 5539 τὴν
1365 5466 1685 5538 ἐπουράνιον
1716 5468 1923 5521 εἰκόνα.

462 5564 543 5621 Ε’.
575 5564 687 5619 Καῐ
722 5565 973 5619 ἐνέδυσεν
1003 5560 1201 5623 αὐτοὺς
1231 5560 1259 5611 6
1292 5557 1493 5629 Κύριος
1523 5557 1797 5627 ἐνδύματα
1825 5557 1973 5626 βασι-

383 5664 543 5728 λείας
585 5664 761 5734 φωτὸς
798 5659 1068 5734 ἀρρήτου,
1112 5656 1385 5725 ἐνδύματα
1423 5654 1678 5719 πίστεως,
1733 5652 1970 5717 ἐλπίδος,

466 5850 511 5901 *³
534 5850 673 5922 Ρεδῐ.
703 5869 784 5923 tv,
820 5854 874 5926 7.
956 5846 1004 5881 ’δ
1028 5845 1195 5917 _Joan;
1228 5860 1265 5909 I,
1301 5840 1389 5896 ‘29.
1470 5840 1513 5872 ³⁵
1550 5839 1569 5905 I
1598 5838 1790 5907 Thess,
1822 5853 1872 5906 γ,
1907 5835 1959 5903 5,

2066 4641 2256 4706 daciae,
2291 4638 2469 4693 inanis
2502 4636 2709 4707 gloriae,
2764 4635 3059 4704 superbiae,
3097 4633 3343 4689 avaritia:
3406 4642 3462 4687 et
3510 4646 3645 4684 con-

2065 4732 2436 4803 cupiscentiae,
2470 4740 2528 4784 et
2557 4730 2662 4783 alia
2694 4728 2899 4783 similia
2958 4725 3113 4797 regni
3162 4725 3515 4780 tenebrarum
3550 4737 3646 4791 ge-

2065 4824 2299 4881 stamina
2335 4836 2614 4893 pannosa,
2648 4820 2865 4889 impura
2914 4825 2971 4872 et
3022 4815 3396 4871 contaminata
3429 4830 3443 4865 :
3478 4813 3559 4866 sic
3615 4826 3647 4865 e

2066 4930 2333 4972 converso
2362 4913 2681 4983 quicunque
2733 4917 3008 4967 exuerunt
3060 4916 3305 4961 veterem
3357 4912 3415 4958 et
3466 4912 3646 4957 terre-

2068 5019 2239 5063 strem
2269 5007 2573 5066 hominem,
2597 5013 2655 5058 et
2682 5015 3045 5073 quoscunque
3074 4998 3227 5053 exuit
3261 4997 3421 5051 Jesus
3471 4994 3649 5049 vesti-

2067 5099 2268 5155 mentis
2302 5098 2453 5169 regni
2508 5094 2884 5155 tenebrarum,
2915 5091 3217 5144 induerunt
3248 5086 3329 5141 illi
3357 5100 3565 5140 novum
3594 5093 3653 5140 et

2067 5193 2347 5247 cmlestem
2398 5186 2675 5242 hominem
2734 5184 2921 5239 Jesum
2958 5179 3279 5242 Christum,
3334 5185 3396 5232 ut
3456 5190 3651 5231 rursus

2068 5284 2214 5339 oculi
2244 5282 2441 5345 oculis,
2475 5295 2639 5334 aures
2683 5276 2935 5338 auribus,
2973 5280 3143 5342 caput
3193 5271 3359 5341 capiti
3416 5269 3649 5338 conjun-

2073 5384 2292 5448 gantur,
2326 5384 2389 5429 ut
2421 5380 2569 5428 totus
2598 5385 2773 5441 purus
2799 5368 2891 5435 sit,
2918 5375 3150 5437 gestans
3187 5364 3483 5435 imaginem
3535 5375 3648 5420 cog-,-

2077 5469 2295 5523 lestem.

2147 5561 2214 5616 ν.
2255 5559 2325 5613 Et
2366 5555 2547 5611 induit
2576 5555 2725 5625 ipsos
2780 5551 3048 5607 Dominus
3097 5542 3437 5604 indumentis
3490 5537 3647 5609 regni

2078 5653 2220 5709 lueis
2249 5664 2480 5716 arcana},
2527 5644 2865 5702 indumentis
2911 5641 3059 5710 ﬁdei,
3118 5638 3257 5710 spei,
3310 5630 3649 5713 dilectionis,
