4016 6448
485 376 590 441 467

1720 387 1784 449 S.
1824 386 2145 448 MACARII
2183 388 2505 451 IEGYPTII

3643 382 3744 450 468

484 491 694 563 gaudii,
742 491 915 563 pacis,
948 494 1236 563 bonitatis,
1288 496 1652 555 humanitatis
1701 508 1759 554 et
1810 500 2069 557 omnibus

2183 503 2416 575 ἀγάπης,
2438 517 2632 573 χαρας,
2663 502 2907 575 εἰρήνης,
2940 496 3329 569 ἀγαθωσύνης,
3364 496 3751 568 χρηστότητος,

486 582 703 638 caeteris
726 582 1064 639 indumentis
1094 585 1259 652 lucis,
1290 587 1440 654 vita-3,
1473 588 1699 648 divinis.
1729 590 2065 657 viventibus,

485 676 699 745 requiei
745 677 1133 735 inenarrabilis
1160 698 1175 735 :
1214 690 1276 736 ut
1308 682 1540 751 perinde
1569 699 1632 739 ac
1668 684 1814 739 Deus
1843 686 2070 741 dilectio

486 775 591 829 est,
622 773 679 819 et
700 768 986 836 gaudium,
1011 780 1067 824 et
1105 787 1233 841 pax,
1273 781 1329 827 et
1373 774 1701 845 benignitas,
1734 784 1793 830 et
1825 776 2068 844 bonitas,

489 855 614 909 talis
640 866 696 910 et
721 874 898 915 novus
930 861 1096 916 homo
1131 865 1226 917 tiat
1259 880 1358 933 per
1386 867 1641 934 gratiam.
1691 868 1761 922 Et
1800 870 2070 938 quemad-

488 948 718 1002 modum
753 966 981 1021 regnum
1008 954 1367 1009 tenebrarum
1396 964 1454 1011 et
1481 966 1773 1025 peccatum
1801 960 1859 1013 in
1887 960 2073 1016 anima

490 1054 667 1109 usque
720 1040 790 1094 ad
848 1042 994 1096 diem
1048 1045 1470 1101 resurrectionis
1530 1048 1916 1104 absconditum
1962 1060 2079 1117 est,-

492 1131 713 1199 quando
754 1132 937 1202 ipsum
989 1150 1193 1205 corpus
1226 1146 1586 1206 peccatorum
1638 1157 1765 1195 cum
1827 1142 2076 1198 tenebris

495 1236 640 1276 nunc
662 1222 720 1303 in
737 1223 919 1279 anima
939 1226 1232 1282 occultatis
1256 1228 1598 1284 revelabitur
1621 1248 1634 1284 :
1657 1231 1735 1286 sic
1759 1240 1817 1287 et
1842 1248 2072 1303 regnum

490 1314 651 1381 lucis,
681 1299 739 1370 et
784 1319 1028 1373 caelestis
1070 1320 1271 1392 imago,
1325 1324 1489 1382 Jesus
1518 1325 1796 1392 Christus,
1845 1299 2076 1398 mvstiee

492 1422 641 1463 nunc
668 1409 907 1465 animam
946 1412 1243 1481 illuminat,
1275 1426 1332 1471 et
1372 1416 1693 1474 dominatur
1720 1419 1922 1475 animis
1942 1435 2076 1475 san-

438 1566 441 1569 »
492 1507 731 1554 ctorum.
789 1502 1162 1560 Absconditus
1240 1523 1376 1562 vero
1432 1509 1502 1563 ab
1555 1510 1734 1565 oculis
1787 1511 2076 1567 hominum

492 1588 768 1659 Christus,
795 1595 927 1650 solis
954 1598 1131 1652 oculis
1158 1599 1355 1655 anima:
1373 1616 1502 1655 vere
1523 1601 1871 1671 conspicitur
1899 1619 2077 1674 usque

492 1681 562 1736 ad
593 1683 739 1738 diem
774 1690 1209 1745 resurrectionis
1232 1731 1247 1755 ,
1277 1693 1503 1761 quando
1552 1704 1611 1747 et
1645 1693 1826 1762 ipsum
1874 1710 2079 1766 corpus

494 1775 854 1842 revelabitur,
911 1789 968 1833 et
1026 1781 1430 1851 gloriﬁcabitur
1474 1786 1600 1841 luce
1650 1788 1906 1853 Domini,
1954 1804 2081 1859 quas

2173 597 2267 649 καὶ
2309 597 2488 649 πάντα
2528 595 2732 666 ὁμοίως
2758 596 2825 648 τὰ
2872 592 3000 662 ἑξῆς
3026 590 3307 661 ἐνδύματα
3349 588 3557 659 φωτὸς,
3591 589 3749 657 ζωῆς,

2173 684 2350 747 θεῖκά,
2387 685 2586 751 ζῶντα,
2612 684 2981 747 ἀναπαύσεως
3008 683 3414 752 ἀνεκλαλήτου,
3445 681 3535 735 ἵνα
3573 679 3759 750 ὥσπερ

2171 781 2201 833 ὀ
2231 780 2363 842 Θεὸς
2396 780 2583 849 ἀγάπη
2614 780 2751 845 ἐστὶ,
2784 778 2878 833 καὶ
2906 777 3073 849 χαρὰ,
3102 778 3197 831 καὶ
3231 776 3466 847 εἰρήνη,
3493 775 3591 829 καὶ
3625 793 3754 847 χρη-

2176 872 2389 941 στότης,
2416 874 2510 926 καὶ
2542 874 2897 943 ἀγαθωσύνη·
2923 871 3068 927 οὕτω
3114 871 3207 924 καὶ
3245 872 3277 924 ὀ
3307 869 3434 933 νέος
3474 869 3758 939 ἄνθρωπος

2172 965 2398 1035 γένηται
2452 965 2594 1019 κατά
2647 966 2833 1036 χάριν.
2879 964 2987 1017 Kal.
3034 962 3221 1032 ὥσπερ
3276 962 3314 1032 ἠ
3367 960 3624 1031 βασιλεία
3667 958 3755 1013 τοῦ

2176 1058 2405 1121 σκότους
2456 1058 2550 1111 καὶ
2595 1060 2628 1126 ἡ
2675 1056 2919 1127 ἁμαρτία
2957 1055 3270 1125 κέκρυπται
3318 1054 3404 1117 εἰς
3451 1053 3554 1123 τὴν
3585 1052 3755 1122 ψυχὴν

2175 1147 2279 1211 ἓως
2311 1147 2520 1217 ἡμέρας
2558 1149 2659 1217 τῆς
2686 1146 3055 1209 ἀναστάσεως,
3076 1146 3205 1199 ὅταν
3230 1142 3335 1196 καὶ
3359 1141 3499 1195 αὐτὸ
3524 1141 3585 1195 τὸ
3609 1142 3756 1210 σῶμα

2177 1240 2285 1293 τῶν
2316 1239 2658 1310 ἁμαρτωλῶν
2696 1239 2774 1310 τῷ
2810 1239 2990 1293 σκότει
3013 1236 3265 1307 καλυφθῇ
3302 1235 3387 1305 τῷ
3416 1233 3528 1289 ἀπὸ
3558 1234 3653 1287 τοῦ
3670 1233 3758 1287 νῦν

2176 1333 2548 1404 κεκρυμμένῳ
2598 1336 2677 1397 εις
2725 1333 2827 1402 τὴν
2876 1334 3087 1403 ψυχήν
3114 1330 3261 1385 οὓτω
3295 1330 3398 1384 καὶ
3448 1330 3485 1399 ἠ
3524 1327 3756 1399 βασιλεία

2176 1424 2271 1479 τοῦ
2296 1425 2494 1495 φωτὸς,
2522 1425 2618 1479 καὶ
2644 1426 2679 1496 ἡ
2709 1425 3030 1496 ἐπουράνιος
3076 1423 3247 1478 εσὶκὼν
3290 1421 3509 1492 Ἰησοῦς
3538 1420 3759 1491 Χριστὸς

2182 1517 2465 1587 μυστικῶς
2494 1516 2590 1571 νῦν
2614 1517 2717 1588 τὴν
2744 1516 2927 1589 ψυχὴν
2970 1516 3219 1586 φωτίζει,
3257 1515 3362 1570 καὶ
3396 1515 3666 1586 βασιλεύει
3685 1514 3758 1577 εἰς

2178 1607 2275 1678 τὴν
2329 1607 2512 1677 ψυχῆν
2559 1606 2669 1660 τῶν
2718 1607 2927 1674 ἁγίων·
2977 1605 3370 1676 κεκρυμμένος
3417 1604 3477 1658 δὲ
3524 1604 3631 1658 ἀπὸ
3660 1603 3758 1657 τῶν

2179 1699 2475 1771 ὀφθαλμῶν
2504 1701 2612 1753 τῶν
2652 1699 2979 1768 ἀνθρώπων,
3015 1700 3199 1769 μόνοις
3231 1697 3361 1751 ἐστὶ
3400 1695 3635 1768 Χριστὸς
3657 1695 3756 1757 τοῖς

2179 1792 2279 1859 τῆς
2310 1791 2488 1862 ψυχῆς
2514 1792 2813 1862 ὀφθαλμοῖς
2843 1790 3217 1862 θεωρούμενος
3269 1790 3333 1843 ὲν
3385 1787 3615 1857 ἀληθείᾳ
3663 1785 3755 1849 έως

494 1880 644 1921 nunc
679 1877 766 1923 est
819 1869 876 1925 in
929 1873 1112 1928 anima
1144 1877 1412 1943 hominis,
1443 1887 1505 1932 ut
1554 1888 1612 1934 et
1659 1880 1839 1950 ipsum
1873 1896 2080 1951 corpus

2183 1884 2394 1955 ἡμέρας
2446 1884 2548 1955 τῆς
2605 1884 2980 1948 ἀναστάσεως,
3016 1884 3105 1937 ὅτε
3161 1882 3261 1935 καὶ
3308 1880 3447 1934 αὐτὸ
3497 1878 3560 1932 τό
3612 1876 3751 1947 σῶμα

495 1968 689 2027 regnet
753 1976 880 2015 cum
936 1964 1143 2031 anima,
1203 1984 1325 2038 quae
1373 1986 1523 2026 nunc
1577 1988 1809 2043 regnum
1870 1972 2075 2028 Christi

495 2060 813 2117 consecuta,
850 2055 1149 2125 requiescit
1207 2068 1264 2115 et
1314 2061 1438 2117 luce
1487 2063 1675 2118 divina
1704 2065 2070 2120 illuminatur.

494 2140 679 2198 Gloria
703 2150 773 2201 sit
796 2151 1265 2208 commiserationi
1283 2165 1339 2211 et
1361 2157 1760 2216 misericordia:
1781 2162 1925 2231 ejus,
1944 2162 2075 2233 quia

495 2234 790 2291 miseretur
834 2255 1119 2298 servorum
1154 2261 1405 2314 suorum,
1439 2250 1738 2315 illuminat,
1790 2263 1847 2307 et
1878 2253 2079 2308 liberat

494 2339 591 2378 eos
624 2342 691 2381 ex
721 2344 894 2400 regno
920 2335 1307 2405 tenebrarum,
1346 2356 1411 2395 ac
1452 2341 1621 2397 donat
1654 2359 1750 2398 eos
1784 2344 1995 2400 lumine
2023 2353 2081 2401 et

496 2430 664 2485 regno
684 2433 804 2486 suo,
830 2423 917 2476 cui
944 2425 1116 2493 gloria
1149 2436 1206 2481 et
1241 2432 1488 2498 potentia
1520 2433 1575 2487 in
1612 2434 1833 2489 saecula.
1868 2435 2064 2491 Amen.

2182 1973 2587 2045 καλυφθήσεται
2615 1975 2709 2027 καὶ
2732 1973 3121 2044 δοξασθήσεται
3141 1972 3221 2043 τῷ
3245 1971 3346 2026 τοῦ
3371 1970 3581 2043 Κυρίου
3609 1969 3751 2039 φωτὶ,

2180 2066 2255 2137 τῷ
2283 2067 2396 2119 ὀντι
2423 2067 2531 2122 ἀπὸ
2551 2066 2646 2119 τοῦ
2677 2065 2775 2119 νῦν
2800 2067 2858 2119 ὲν
2904 2065 2982 2136 τῷ
3006 2062 3285 2137 ἀνθρώπῳ
3313 2065 3398 2127 εἰς
3425 2063 3526 2135 τὴν
3572 2059 3747 2131 ψυχὴν,

2183 2160 2272 2214 ἵνα
2319 2158 2413 2213 καὶ
2467 2159 2599 2213 αὐτὸ
2643 2159 2703 2212 τὸ
2752 2159 2910 2230 σῶμα
2962 2156 3387 2230 συμϐασιλεύσῃ
3417 2159 3487 2227 τῇ
3509 2152 3749 2225 ψυχῇ,τῇ

2184 2252 2293 2305 ἀπὸ
2315 2250 2410 2304 τοῦ
2441 2250 2536 2305 νῦν
2566 2251 2922 2321 λαμϐανούσῃ
2947 2250 3046 2321 τὴν
3070 2249 3362 2319 βασιλείαν
3394 2246 3491 2302 τοῦ
3514 2243 3745 2317 Χριστοῦ,

2186 2342 2576 2415 ἀναπαυομένη
2608 2343 2706 2396 καὶ
2738 2340 3085 2413 φονειζομένῃ
3140 2340 3290 2411 φωτὶ
3339 2338 3572 2407 αἰωνίῳ.
3629 2333 3745 2397 Δόξα

2186 2435 2298 2495 τοῖς
2327 2434 2634 2502 οἰκτιρμοῖς
2657 2431 2754 2484 καὶ
2777 2432 2843 2500 τῇ
2882 2428 3264 2499 εὐσπλαγχνίᾳ
3294 2426 3491 2491 αὐτοῦ,
3521 2427 3597 2477 ὃτι
3627 2419 3745 2473 ὲλεεῖ

492 2511 619 2572 τοὺς
641 2511 859 2576 δούλους
880 2516 1099 2580 ἑαυτοῦ,
1131 2522 1225 2573 καὶ
1252 2522 1495 2589 φωτίζει,
1523 2526 1619 2578 καὶ
1649 2527 1837 2597 ῥύεται
1863 2528 2061 2591 αὐτοὺς
2099 2526 2163 2580 έκ
2186 2527 2286 2597 τῆς
2317 2525 2595 2596 βασιλείας
2633 2522 2731 2575 τοῦ
2778 2522 3024 2587 σκότους,
3048 2522 3142 2574 καὶ
3175 2519 3472 2591 χαρίζεται
3500 2516 3666 2578 αὐτοῖς
3693 2511 3747 2566 τὸ

494 2606 688 2660 ἑαυτοῦ
722 2609 857 2678 φῶς,
890 2611 986 2663 καὶ
1016 2612 1115 2683 τὴν
1144 2614 1338 2668 ἑαυτοῦ
1402 2616 1679 2686 βασιλείαν
1728 2612 1773 2688 ᾧ
1830 2622 1865 2691 ἡ
1891 2620 2041 2688 δόξα,
2076 2620 2173 2673 καὶ
2204 2619 2266 2672 τὸ
2294 2619 2514 2691 κράτος,
2550 2619 2631 2680 εἰς
2658 2616 2785 2679 τοὺς
2817 2613 3043 2689 αἰῶνες·
3092 2613 3297 2683 Ἀμήν·

1082 2724 1368 2783 HOMILIA
1405 2730 1496 2784 lll.

497 2808 649 2874 Quod
686 2811 879 2890 fratres
916 2815 987 2867 in
1035 2818 1369 2883 sinceritate,
1405 2822 1762 2890 simplicitate,
1803 2823 2078 2878 dilectione

568 2898 631 2961 ac
668 2898 795 2965 pace
825 2885 979 2965 lin-ter
1032 2903 1089 2940 se
1120 2892 1439 2965 conversari,
1478 2885 1541 2945 ac
1567 2894 1623 2947 in
1678 2885 2078 2965 cogitationibus

571 2952 792 3007 internis
818 2953 1012 3009 bellum
1036 2974 1216 3026 gerere
1243 2952 1486 3015 debeant.

2814 2728 3055 2783 OMIAIA
3089 2728 3167 2786 Ρ.

2183 2829 2307 2881 Ὅτι
2336 2829 2389 2882 οἱ
2413 2822 2661 2894 ἀδελφοὶ
2690 2823 2759 2894 ἐν
2784 2824 3151 2890 εἰλικρινείᾳ,
3183 2822 3261 2894 ἐν·
3284 2808 3727 2894 ἀκεραιόςηςι,ἐτ

2253 2884 2478 2966 ἀγάπῃ,
2510 2884 2607 2966 zeal
2638 2893 2845 2966 εἰρήνῃ
2889 2884 3014 2961 μέτ’
3052 2884 3351 2966 adstriden-
3395 2884 3729 2966 ’σιρνόιιξγεινν

2256 2957 2355 3022 καὶ
2382 2957 2613 3030 sifore
2641 2957 2763 3017 ἐὸνιό
2791 2957 3105 3033 λογισμοῖς
3129 2957 3341 3035 dfme
3382 2960 3482 3015 καὶ
3508 2957 3732 3021 πόλεμον

2256 3037 2450 3091 ποιεῖν
2479 3037 2854 3105 ὀφείλουσιν.

566 3139 609 3198 Ι.
637 3141 856 3198 Fratres
882 3142 938 3198 in
964 3159 1178 3201 summa
1203 3145 1500 3205 dilectione
1518 3149 1751 3207 invicem
1768 3153 2080 3208 conversari

2260 3157 2341 3208 A'.
2380 3153 2445 3207 Οἱ
2474 3152 2693 3222 ἀδελφοὶ
2720 3150 3024 3221 ὀφείλουσιν
3048 3151 3108 3205 ὲν
3132 3150 3333 3226 ἀγάπῃ
3373 3149 3541 3220 πολλῆ
3571 3144 3733 3201 συνεῖ-

498 3233 727 3301 debent,
755 3233 876 3289 sive
904 3250 1098 3302 preces
1127 3235 1352 3300 faciant,
1384 3238 1500 3293 sive
1533 3240 1718 3311 legant
1739 3239 2083 3310 Scripturas,

502 3326 618 3381 sive
641 3327 826 3395 operis
848 3325 986 3397 quid
1012 3324 1237 3394 faciant,
1268 3336 1329 3382 ut
1350 3327 1776 3383 fundamentum
1800 3330 2089 3387 charitatis

502 3427 758 3485 mutuum
810 3418 1083 3486 habeant;
1120 3426 1178 3473 et
1226 3418 1301 3474 ita
1342 3419 1638 3489 approbari
1668 3429 1931 3490 poterunt
1962 3421 2089 3476 illo-

503 3526 628 3564 rum
663 3510 914 3566 instituta
942 3528 1039 3568 seu
1070 3510 1276 3580 studia,
1312 3521 1369 3567 et
1414 3512 1507 3581 qui
1556 3513 1819 3583 precibus
1863 3530 2089 3585 operam

505 3599 662 3665 dant,
694 3609 751 3657 et
778 3603 873 3673 qui
901 3604 1110 3675 legunt.
1142 3614 1199 3661 et
1229 3604 1323 3675 qui
1353 3614 1690 3674 operantur,
1723 3621 1917 3661 omnes
1958 3622 2088 3676 pos-

509 3704 639 3749 sunt
690 3695 748 3750 in
792 3697 1116 3753 sinceritate
1174 3706 1230 3753 et
1282 3698 1635 3768 simplicitate
1670 3698 1933 3769 degentes
1961 3716 1991 3754 a
2031 3716 2090 3755 se

506 3786 741 3842 invicem
799 3788 1069 3859 adjuvari.
1130 3788 1241 3844 Cur
1293 3790 1441 3843 enim
1488 3789 1756 3859 scriptum
1798 3798 1914 3855 est,
1970 3789 2090 3846 Fiat

504 3880 752 3937 voluntas
783 3890 876 3938 tua
891 3887 1026 3938 sicut
1062 3887 1118 3940 in
1148 3885 1274 3939 ca’lo
1305 3894 1354 3939 ct
1373 3888 1428 3940 in
1453 3896 1597 3939 terra
1621 3886 1698 3939 ἐἳ
1742 3887 1841 3955 ll
1861 3898 1922 3942 ut
1943 3903 2087 3957 quo-

507 3972 673 4027 modo
713 3974 892 4046 angeli
940 3975 997 4030 in
1048 3977 1204 4032 caelis
1238 3978 1382 4032 inter
1431 3994 1491 4033 se
1543 3978 1980 4049 congrediuntur
2032 3979 2088 4033 in

508 4065 875 4121 unanimitate
898 4082 1132 4133 summa,
1158 4069 1213 4122 in
1235 4085 1368 4138 pace
1394 4079 1451 4124 et
1469 4070 1768 4125 dilectione
1798 4069 2086 4139 degentes,

506 4170 612 4209 nec
635 4164 723 4211 est
748 4157 894 4211 ullus
944 4158 1058 4212 illic
1105 4158 1279 4213 fastus
1307 4168 1401 4212 aut
1428 4159 1672 4226 invidia;
1716 4159 1812 4215 sed
1857 4160 1913 4214 in
1945 4160 2087 4215 dile-

508 4245 691 4301 ctione
714 4255 772 4301 ct
810 4247 1131 4303 sinceritate
1162 4258 1352 4303 mutua
1403 4259 1809 4305 convcrsantur
1841 4270 1855 4305 :
1889 4252 2086 4307 eodem

509 4334 673 4389 modo
699 4335 898 4392 fratres
926 4338 1073 4392 inter
1120 4353 1180 4393 se
1230 4338 1360 4393 sint.
1410 4338 1691 4411 Contingit
1721 4342 1989 4410 quosdam
2019 4344 2087 4398 ad

510 4424 734 4496 triginta
764 4426 823 4481 in
847 4443 1020 4482 unum
1046 4430 1366 4495 convenire,
1393 4439 1572 4485 totum
1592 4431 1737 4485 diem
1766 4447 1833 4488 ac
1860 4444 2081 4490 noctem

2187 3266 2276 3303 ναι
2308 3247 2579 3320 ἀλλήλοις,
2604 3248 2717 3301 εἴτε
2750 3244 3023 3317 εὔχονται,
3055 3246 3166 3299 εἴτε
3194 3244 3628 3315 ἀναγινώσκουσι
3655 3237 3734 3298 τὰς

2190 3341 2438 3413 Γραφάς,
2466 3339 2578 3393 εἴτε
2605 3338 2767 3409 ἔργον
2790 3356 2845 3392 τι
2891 3338 3156 3403 ποιοῦσιν,
3185 3338 3281 3392 ἵνα.
3309 3338 3475 3408 ἔχωσι
3496 3334 3583 3389 τὸν
3606 3326 3739 3401 θεμέ-

2186 3432 2299 3486 λιον
2327 3431 2427 3501 τῆς
2454 3430 2677 3501 ἀγάπης
2703 3429 2842 3500 πρὸς
2884 3430 3147 3500 ἀλλήλους
3164 3445 3179 3460 °
3220 3430 3324 3484 καὶ
3350 3428 3522 3490 οὕτως
3546 3424 3736 3478 δύναται

2188 3523 2405 3578 εὐδοκία
2434 3521 2688 3591 γενέσθαι
2717 3524 2798 3585 εις
2835 3522 3053 3586 ὲκείνας
3097 3522 3199 3586 τὰς
3258 3522 3620 3592 προαιρέσεις,
3662 3508 3741 3567 καὶ

2189 3616 2239 3668 οἱ
2265 3613 2568 3683 εὐχόμενοι,
2601 3612 2695 3665 καὶ¹
2718 3611 2769 3664 οἱ
2798 3611 3298 3676 ἀναγινώσκοντες,
3329 3609 3423 3662 καὶ
3460 3607 3508 3660 οἱ
3536 3596 3736 3674 ἐργαζό-

2193 3722 2364 3776 μενοι,
2395 3705 2597 3767 πάντες
2628 3703 2882 3757 δύνανται
2906 3706 2966 3756 ὲν
2998 3703 3362 3773 ἀκεραιότητι
3383 3701 3478 3754 καὶ
3507 3693 3737 3760 ἁπλότητι

2189 3798 2469 3867 διάγοντες
2496 3798 2615 3868 μετ’
2653 3796 2899 3867 ἀλλήλων
2926 3795 3309 3866 ὠφεληθῆναι.
3338 3794 3404 3847 Τί
3432 3792 3535 3861 γάρ
3574 3786 3734 3856 γέγρα-

2194 3907 2351 3954 πται,
2369 3889 2690 3955 Γενηθήτω
2704 3888 2772 3942 τό
2798 3886 3029 3957 θέλημά
3057 3903 3176 3941 σου
3209 3888 3295 3953 ὡς
3331 3887 3401 3939 ἐν
3428 3868 3732 3951 οὺρανῷκαι

2190 3981 2291 4036 ἐπὶ
2319 3981 2431 4050 τῆς
2454 3980 2567 4050 τῆς
2598 3998 2616 4046 ;
2650 3981 2737 4033 ἵνα
2759 3981 2819 4035 ὃν
2847 3980 3048 4051 τρόπον
3079 3980 3132 4032 οἱ
3174 3980 3234 4031 ὲν
3267 3977 3514 4049 οὐρανοῖς
3545 3963 3721 4037 ἄγγελοι

2193 4073 2435 4126 σύνεισιν
2472 4071 2744 4144 ἀλλήλοις,
2782 4074 2840 4125 ἐν
2887 4070 3109 4142 ὁμονοία
3138 4070 3336 4142 πολλῇ,
3367 4073 3424 4121 ὲν
3444 4066 3611 4135 εἰρήνῃ
3638 4053 3713 4109 καὶ

2190 4162 2380 4234 ἀγάπῃ
2395 4162 2694 4231 διάγοντες,
2716 4163 2811 4215 καὶ
2830 4164 2931 4215 ούκ
2955 4160 3104 4214 ἐστιν
3131 4163 3251 4215 ἐκεῖ
3279 4161 3530 4229 ἔπαρσις,
3559 4152 3585 4221 ἢ
3609 4144 3714 4215 φθό-

2189 4271 2308 4318 νοςο
2352 4256 2468 4309 ἀλλ’
2492 4256 2550 4309 ἐν
2599 4255 2789 4327 ἀγάπῃ
2834 4256 2930 4307 καὶ
2992 4254 3318 4325 εἰλικρινείᾳ
3360 4251 3476 4323 μετ’
3517 4240 3723 4311 ἀλλήλων

2189 4349 2348 4413 εἰσὶν,
2380 4348 2554 4410 οὕτως
2587 4348 2673 4401 ἵνα
2716 4349 2810 4401 καὶ
2847 4347 2898 4400 οἱ
2946 4346 3168 4414 ἀδελφοὶ
3205 4345 3309 4399 ὦσι
3361 4341 3477 4414 μετ’
3500 4331 3721 4403 ἀλλήλων·

2158 4476 2161 4477 ν
2189 4440 2488 4511 Συμϐαίνει
2513 4440 2664 4503 τινάς
2700 4434 2840 4492 εἶναι
2866 4438 3161 4509 τριάκοντα
3184 4439 3290 4491 ὑπὸ
3315 4437 3376 4490 τὸ
3407 4434 3486 4497 ἓν,
3511 4431 3623 4494 ὅλην
3647 4417 3726 4487 τὴν

510 4533 618 4573 una
650 4534 1008 4589 perseverare
1045 4537 1157 4576 non
1185 4530 1443 4592 possunt;
1497 4523 1593 4579 sed
1624 4525 1848 4595 quidam
1876 4542 2080 4581 eorum

2188 4533 2400 4603 ἡμέραν
2434 4532 2530 4585 καὶ
2560 4531 2662 4602 τὴν
2698 4531 2871 4585 νύκτα
2898 4531 2959 4583 οὐ
2991 4529 3246 4583 δύνανται
3288 4515 3724 4603 προσκαρτερεῖν-⁸

508 4607 643 4663 dant
668 4624 888 4679 operam
922 4611 1180 4680 precibus
1205 4628 1300 4668 sex
1327 4613 1514 4678 horas,
1549 4623 1606 4670 et
1633 4617 1829 4671 volunt
1855 4618 2039 4689 legere
2067 4636 2083 4673 :

505 4700 730 4771 quidam
789 4716 922 4756 vero
983 4713 1234 4774 prompte
1300 4720 1363 4759 ac
1422 4706 1689 4764 benevole
1743 4708 2083 4777 ministrant,

505 4791 692 4847 catteri
719 4806 785 4845 ex
813 4791 944 4861 ipsis
977 4794 1161 4862 operis
1193 4794 1326 4864 quid
1350 4794 1582 4852 faciunt.

572 4883 640 4939 ll.
672 4885 885 4939 Debent
914 4887 1081 4957 igitur
1113 4887 1334 4955 fratres,
1365 4889 1411 4944 si
1450 4889 1584 4960 quid
1629 4892 1818 4962 operis
1851 4892 2083 4960 faciunt,

505 4975 563 5029 in
596 4976 868 5033 charitate
900 4988 955 5034 et
984 4981 1175 5036 laetitia
1208 4981 1353 5035 inter
1379 4998 1438 5037 se
1477 4986 1824 5051 conversari;
1881 4994 1937 5041 et
1989 4985 2085 5056 qui

504 5076 789 5135 operatur,
828 5068 897 5124 de
930 5086 1018 5137 eo,
1058 5073 1155 5142 qui
1190 5088 1387 5142 preces
1414 5073 1563 5141 facit,
1617 5076 1697 5129 sic
1730 5076 1920 5130 dicat:
1951 5076 2082 5131 The-

503 5174 724 5211 saurum
744 5177 897 5231 quem
924 5163 1090 5233 frater
1117 5181 1259 5219 meus
1282 5167 1530 5235 possidet,
1566 5168 1815 5238 quoniam
1853 5185 2085 5221 commu-

507 5252 588 5305 nis
618 5258 715 5318 est,
763 5263 813 5306 et
843 5270 935 5323 ego
961 5257 1122 5309 habeo
1146 5275 1165 5322 ;
1189 5268 1245 5313 ct
1276 5259 1373 5327 qui
1410 5270 1691 5329 precatur,
1751 5260 1821 5315 de
1844 5276 1931 5325 eo,
1988 5260 2083 5331 qui

506 5341 660 5413 legit,
695 5344 777 5399 sic
803 5344 952 5399 dicat
998 5363 1014 5401 :
1057 5345 1208 5411 Quod
1245 5349 1336 5403 ille
1380 5353 1601 5423 percipit
1642 5354 1975 5407 commodum
2022 5371 2085 5409 ea:

509 5432 748 5503 lectione,
774 5437 829 5490 in
866 5455 1040 5492 meum
1072 5441 1206 5493 cedit
1250 5440 1476 5497 lucrum.
1531 5445 1598 5499 Et
1644 5446 1740 5515 qui
1794 5456 2083 5515 operatur,

508 5545 699 5584 rursus
781 5533 864 5587 sic
936 5534 1119 5589 dicat:
1163 5535 1521 5593 Ministerium
1576 5541 1716 5610 quod
1763 5552 1979 5612 puncto,
2028 5545 2084 5597 in

512 5634 835 5675 communem
885 5625 1019 5679 cedit
1064 5624 1365 5682 utilitatem.
1421 5628 1897 5695 Quemadmodum
1934 5633 2082 5689 enim

515 5709 759 5765 membra
792 5716 1040 5783 corporis
1095 5717 1266 5772 multa
1304 5736 1427 5775 cum
1482 5723 1615 5787 sint,
1681 5738 1852 5779 unum
1883 5740 2086 5795 corpus

587 5823 632 5854 ¹⁶
656 5822 845 5879 Matth.
877 5844 950 5895 vt,
980 5830 1067 5885 l0.

2356 4626 2501 4688 τινὲς
2536 4599 2635 4694 μὲν
2675 4622 2856 4677 αὐτῶν
2898 4622 3220 4693 σχολάζουσι
3242 4624 3307 4691 τῇ
3334 4599 3477 4688 εὐχῇ
3498 4612 3633 4682 ὥρας
3659 4599 3724 4664 ἕξν

2190 4715 2285 4769 καὶ
2337 4712 2617 4784 βούλονται
2654 4710 2998 4779 ἀναγνῶναι·
3041 4710 3190 4765 ἄλλοι
3206 4710 3277 4763 -δὲ
3313 4703 3594 4773 προθύμως
3624 4694 3725 4745 δια⁶

2190 4806 2458 4871 κονοῦσιν,
2487 4805 2638 4860 ἄλλοι
2662 4804 2705 4857 δ’
2731 4804 2789 4869 ἐξ
2814 4803 2996 4858 αὐτῶν
3022 4800 3349 4873 ἐργάζονταί
3382 4814 3435 4850 τι
3462 4794 3624 4864 ἔργον.

2262 4899 2334 4951 B'.
2383 4897 2719 4967 Ὀφείλουσιν
2760 4891 2855 4948 οὖν
2904 4896 2953 4947 οἱ
2994 4870 3235 4963 ἀδελφοὶ,
3266 4894 3319 4945 ei
3357 4906 3407 4941 τι
3431 4870 3727 4985 ποιοῦσι,νξν

2194 4990 2385 5063 ἀγάπῃ
2416 4961 2513 5043 3t!)-
2540 4990 2699 5059 τχαρᾷ
2735 4985 2875 5040 εἶναι
2908 4989 3025 5058 μετ’
3056 4961 3320 5055 ἀλλήλωνο
3354 4980 3443 5034 καὶ
3472 4978 3498 5029 ὀ
3524 4961 3724 5063 ἑργαξόῖ

2192 5099 2353 5152 μενος
2393 5081 2523 5151 περὶ
2571 5080 2662 5134 τοῦ
2711 5080 3006 5150 εὐχομένου
3051 5078 3194 5131 οὕτω
3235 5075 3450 5142 λεγέτω,
3481 5069 3555 5119 ὅτι
3580 5052 3724 5110 Ὃνδ

2188 5173 2452 5242 ἀδελφός
2462 5190 2581 5242 μου
2612 5171 2820 5225 κτᾶται
2849 5171 3174 5239 θησαυρὸς,
3199 5168 3325 5222 ἐπεὶ
3344 5158 3532 5222 κοινός
3555 5153 3718 5260 3"

2190 5264 2352 5334 κάγὼ
2391 5264 2530 5332 ἔχω.
2567 5263 2677 5315 Καὶ
2702 5264 2730 5315 ὁ
2757 5262 3050 5332 εὐχόμενος
3071 5263 3200 5331 περὶ
3233 5259 3325 5312 τοῦ
3358 5250 3720 5334 ἀναγινώσκογσ

2187 5325 2289 5418 τος.
2334 5325 2478 5407 οὕτω
2531 5353 2735 5420 λεγέτω
2763 5395 2777 5417 ,
2953 5356 3021 5406 "0
3044 5325 3274 5417 éxei’roc
3321 5325 3717 5420 ὠφελεῖται-εἶς

2189 5410 2303 5511 τὴν·
2333 5410 2698 5513 ἀνάγνωσιν,
2726 5410 2814 5508 εὶς
2841 5444 2990 5511 ἐμὸν
3016 5410 3593 5510 προσχωρεῐῂκέρδος·
3622 5410 3716 5469 Καὶ

2187 5539 2216 5590 ὁ
2261 5538 2627 5608 ἐργαζόμενος
2657 5532 2814 5598 αὖθις
2843 5534 3002 5587 τοῦτο
3040 5534 3261 5601 λεγέτω,
3294 5532 3373 5584 ὅτι
3407 5522 3515 5586 Τὴν
3539 5513 3710 5608 diuinar-

2188 5594 2327 5682 νίαλν·
2387 5626 2468 5696 ἣν
2502 5626 2669 5691 ποιῶ,
2710 5626 2881 5692 κοινή
2917 5626 3087 5678 ἐστιν
3116 5623 3383 5693 ὠφέλεια.
3416 5594 3708 5729 Ὥσπερ

2234 5720 2244 5729 “
2358 5719 2390 5729 ’⁸
2535 5718 2558 5728 "
2638 5717 2650 5729 '
2938 5716 3020 5729 η·
3075 5717 3097 5729 -
3230 5716 3251 5729 -ν
3321 5714 3419 5729 ’-μ
3449 5700 3581 5729 -.τιηη

2190 5720 2259 5774 τά
2303 5719 2441 5791 μέλη
2467 5718 2563 5773 τοῦ
2587 5717 2840 5788 σώματος
2868 5716 3036 5771 πολλά
3072 5717 3203 5772 ὅντα
3230 5716 3285 5770 ἓν
3318 5714 3424 5765 ἐστι
3446 5700 3603 5767 σῶμα,
3627 5700 3683 5738 κα
