4016 6448
1575 413 1943 480 HOMILI/E.
1969 436 2039 450 -

2057 407 2247 470 HOM.
2272 401 2391 464 III.
3518 368 3630 431 4Ἷο

342 547 633 625 βοηθοῦσιν
669 548 972 620 ἀλλήλοις,
1006 543 1105 600 καὶ
1144 541 1378 596 ἑκαστον
1420 536 1553 591 ῐδιον
1594 533 1804 588 ὲκτελεῖ
1846 528 1937 599 έρ-
1963 528 1996 587 Α

2102 530 2189 585 .nt,
2236 526 2295 573 et
2327 531 2387 572 se
2421 519 2616 567 mutuo
2642 506 2926 579 adjuvant,
2962 507 3022 555 et
3052 489 3495 564 unumquodque
3525 500 3629 540 suo

2181 611 2217 625 ·-
2326 603 2493 625 μημε-
2566 599 2717 625 ma...
2758 593 2952 625 “mina
2986 603 3088 625 nm
3114 593 3228 625 mm
3260 592 3496 625 ant-nare
3543 575 3629 625 νὶ-

483 642 625 713 πλὴν
649 643 677 696 6
707 637 995 708 ὀφθαλμὸς
1021 634 1163 705 ὑπὲρ
1186 631 1308 686 ὅλου
1328 626 1425 685 τοῦ
1453 626 1706 695 σώματος
1730 621 1939 693 βλέπει,

349 712 448 793 καὶ
482 739 516 808 ἡ
540 712 663 806 χεὶρ
697 733 843 802 ὑπερ
887 730 1022 784 ὅλων
1050 725 1161 779 τῶν
1212 720 1393 795 μελῶν
1438 716 1754 789 ἐργάζεται,
1789 712 1885 766 καὶ
1914 712 1944 764 6

353 803 515 894 ποὺς.
544 803 873 897 περιπατεῖ,
925 821 1022 875 ὅλα
1074 818 1145 873 τά
1206 816 1346 887 μέρη
1391 809 1808 880 ἐπιφερόμενος,
1850 803 1947 857 καὶ

360 925 485 982 ἄλλο
512 895 851 991 συμπάσχει·
896 912 1042 969 οὕτω
1078 911 1175 966 καὶ
1207 910 1257 962 οἱ
1295 904 1515 974 ἀδελφολ¹
1553 902 1669 972 μετ’
1702 895 1949 967 ἀλλήλων

366 989 634 1070 εστωσαν.
660 1010 776 1064 Καὶ
813 1008 951 1078 μήτε
989 1006 1017 1058 6
1055 1001 1349 1073 εὐχόμενος
1388 995 1623 1065 κρινέτω
1648 989 1741 1045 τὸν
1780 990 1951 1060 ἐργα-

365 1108 618 1177 ζόμενον,
644 1101 779 1155 διότι
801 1100 900 1152 οὐκ
923 1096 1160 1167 εὔχεται·
1204 1092 1343 1162 μήτε
1374 1089 1403 1140 6
1429 1082 1795 1157 ἐργαζόμενος
1825 1095 1951 1149 κρι-

362 1168 508 1254 νέτω
545 1196 639 1249 16v
682 1192 996 1264 εὐχόμενον,
1043 1189 1125 1242 ὅτι
1176 1185 1387 1245 ἐκεῖνος
1439 1175 1769 1249 παραμένει,
1797 1168 1955 1237 κάγὼ

364 1290 700 1362 ἐργάζομαι·
734 1262 872 1358 μήτε
920 1284 949 1338 6
998 1275 1272 1335 διακονῶν
1323 1270 1558 1344 κρινέτω
1606 1265 1701 1319 τὸν
1741 1262 1955 1332 ἓτερον.

377 1353 807 1441 ’λλλίέ-καστος-
838 1375 892 1429 εἴ
927 1392 982 1427 τι
1016 1372 1162 1426 ποιεῖ
1203 1369 1284 1432 είς
1329 1364 1491 1428 δόξαν
1528 1358 1667 1414 Θεοῦ
1710 1353 1955 1411 ποιείτω.

379 1477 441 1531 '0
476 1470 868 1542 ἀναγινώσκων
917 1466 1011 1520 τὸν
1045 1461 1340 1533 εὐχόμενον
1396 1456 1499 1528 ἔχῃ
1534 1454 1596 1506 ὲν
1641 1449 1836 1520 ἀγάπῃ
1864 1447 1962 1501 καὶ

372 1567 547 1639 χαρᾷ,
576 1540 736 1618 τοῦτο
769 1557 1154 1629 λογιζόμενος,
1191 1552 1272 1606 ὅτι
1310 1547 1482 1619 ’Υπὲρ
1511 1543 1646 1617 ἐμοῦ
1700 1540 1918 1610 εὔχεται
1942 1552 1959 1569 ο

584 1653 875 1722 εὐχόμενος
908 1648 1041 1719 περὶ
1080 1642 1178 1697 τοῦ
1230 1636 1603 1713 ἐργαζομένου
1634 1631 1797 1687 τοῦτο
1823 1630 1964 1698 λογιο

375 1747 583 1815 ζέσθω,
613 1746 698 1799 ὅτι
727 1742 755 1796 6
795 1743 961 1805 ποιεῖ,
993 1738 1074 1800 είς
1104 1733 1294 1804 κοινὴν
1320 1731 1591 1801 ὠφέλειαν
1618 1725 1786 1780 ποιεῖ.

450 1839 532 1893 Γθ.
561 1835 677 1891 Καὶ
707 1832 849 1887 οὕτω
871 1831 1094 1884 δύναται
1120 1823 1403 1897 ὀμοφωνία
1433 1819 1626 1890 πολλὴ,
1654 1818 1751 1872 καὶ
1770 1815 1965 1888 εἰρήνη

380 1931 480 1987 καὶ
522 1924 815 1997 συμφωνία
841 1923 901 1976 ὲν
934 1920 1013 1991 τῷ
1041 1918 1325 1988 συνδέσμῳ
1353 1913 1455 1983 τῆς
1479 1912 1706 1985 είρήνης
1740 1908 1967 1980 κρατεῖν

382 2017 681 2090 ἀλλήλους,
710 2015 806 2069 καὶ
849 2010 1158 2078 συνδιάγειν
1196 2007 1314 2079 μετ’
1344 2004 1591 2075 ἀλλήλων
1618 2004 1678 2056 ὲν
1711 1998 1973 2070 ἀκεραιό·

382 2108 658 2182 τητι,.καὶ
685 2104 1016 2175 ἀφελότητι,
1053 2100 1148 2155 καὶ
1191 2096 1418 2168 εὐδοκία
1464 2095 1623 2149 θεοῦ.
1666 2092 1741 2145 T6
1776 2091 1836 2145 δὲ
1882 2107 1979 2144 κε-

385 2200 864 2275 φαλαιωδέστερον
919 2195 1139 2249 πάντων
1162 2233 1178 2258 ,
1226 2190 1469 2260 δὴλονότι
1517 2189 1552 2257 ὴ
1608 2185 1747 2258 πρὸς
1784 2184 1979 2255 καιρὸν

387 2290 731 2365 καρτέρησίς
774 2289 894 2341 ἐστι
936 2285 1035 2356 τῆς
1082 2283 1272 2354 εὑχῆς⁶
1325 2280 1470 2351 πλὴν
1514 2278 1572 2331 δὲ
1609 2276 1668 2331 ἓν
1706 2276 1977 2347 ζητεῖται,

395 2364 483 2440 ἵνα
516 2384 619 2456 έχῃ
649 2397 737 2444 τις
775 2377 1048 2451 θησαυρὸν
1089 2376 1148 2428 ὲν
1199 2376 1266 2445 τῇ
1317 2372 1486 2442 ψυχῇ,
1540 2370 1635 2424 καὶ
1678 2366 1778 2436 τὴν
1808 2364 1979 2434 ζωὴν,

404 2480 517 2548 ἣτις
553 2474 707 2529 ἐστὶν
735 2474 764 2525 6
793 2469 998 2541 Κύριος
1027 2469 1086 2520 έν
1114 2465 1190 2537 τῷ
1221 2464 1317 2534 νῷ·
1350 2463 1460 2516 εἴτε
1504 2458 1799 2532 ἐργάζεται
1820 2497 1835 2521 ,
1870 2456 1984 2509 εἴτε

405 2567 644 2638 εὔχεται,
675 2562 787 2617 εἴτε
818 2557 1205 2629 ἀναγινώσκει,
1237 2557 1327 2610 ἴνα
1365 2554 1466 2625 ἔχῃ
1502 2553 1679 2605 έκεῖνο
1708 2550 1771 2602 16
1799 2548 1985 2618 κτῆμα

399 2662 461 2715 16
506 2659 583 2731 μὴ
614 2654 1047 2727 παρερχόμενον,
1082 2650 1111 2703 ὅ
1136 2650 1253 2703 ἐστι
1281 2647 1343 2701 τὸ
1374 2647 1529 2715 ἆγιον
1564 2641 1813 2713 Πνεῦμα.
1862 2639 1986 2693 Εἰσὶ

398 2753 461 2809 δέ
489 2768 636 2814 τινες
659 2747 820 2802 τοῦτο
848 2746 1120 2811 λέγοντες,
1170 2742 1253 2795 ὅτι
1287 2739 1317 2791 6
1342 2737 1550 2807 Κύριος
1584 2736 1785 2806 μόνους
1820 2749 1988 2802 φανε-

404 2846 539 2920 ροὺς
571 2841 824 2913 καρποὺς
868 2839 1094 2892 ἀπαιτεῖ
1138 2833 1293 2905 παρά
1333 2832 1444 2886 τῶν
1470 2828 1795 2901 ἀνθρώπωνο
1838 2826 1909 2881 τὰ
1934 2825 1992 2879 δὲ

404 2915 633 3008 κρυπτὰ
662 2934 691 2987 6
721 2930 852 2991 Θεὸς
878 2925 1155 2999 κατορθοῖ.
1184 2924 1296 2992 Οὐχ
1317 2920 1492 2985 οὕτως
1519 2920 1578 2973 δέ
1616 2919 1722 2972 είσι
1748 2918 1819 2973 τά
1851 2915 1997 2988 πρά-

406 3007 624 3101 γματα,
653 3026 766 3080 ἀλλ’
798 3024 987 3093 ὥσπερ
1024 3022 1104 3084 είς
1146 3018 1239 3071 16v
1278 3015 1384 3082 ἔξω
1429 3012 1719 3083 ἄνθρωπον
1759 3007 1995 3079 ἀσφαλί-

408 3125 597 3189 ζεται,
631 3118 805 3182 οὕτως
851 3114 1058 3185 ὀφείλει
1108 3111 1205 3164 καὶ
1241 3110 1300 3161 έν
1346 3108 1464 3170 τοῖς
1508 3105 1794 3173 λογισμοῖς
1822 3101 1999 3155 ποιεῖν

409 3212 609 3282 ἀγῶνα
638 3208 730 3264 καὶ
774 3206 1035 3276 πόλεμον·
1079 3200 1305 3255 ἀπαιτεῖ
1346 3214 1406 3251 σε
1439 3195 1550 3268 γὰρ
1589 3195 1619 3247 ὀ
1650 3193 1878 3263 Κύριος,
1912 3190 2001 3244 ἵνα

412 3301 682 3375 ὀργισθῇς
709 3296 942 3368 σεαυτῷ,
986 3292 1081 3347 καὶ
1115 3291 1298 3363 μάχην
1326 3288 1562 3358 ποιήσῃς
1593 3284 1734 3357 μετὰ
1757 3282 1853 3337 τοῦ
1883 3282 2004 3346 νοός

412 3414 541 3463 σου,
581 3395 719 3467 μήτε
766 3392 1157 3463 συμφωνήσῃς,
1206 3387 1345 3459 μήτε
1391 3379 1727 3452 συνηδυνθῇς
1765 3380 1881 3441 τοῖς
1914 3376 2007 3429 λο-

412 3489 647 3561 γισμοῖς
669 3484 770 3557 τῆς
796 3482 1019 3545 κακίας.
1992 3520 1993 3523 η

494 3559 572 3637 A'.
597 3580 796 3635 Λοιπὸν
850 3578 914 3631 16
962 3572 1263 3646 έκριζῶσαι
1318 3571 1418 3642 τὴν
1467 3566 1747 3640 ἁμαρτίαν
1800 3566 1897 3616 καὶ
1947 3559 2011 3613 16

423 3676 589 3731 συνὸν
621 3673 813 3739 κακὸν,
844 3668 1006 3724 τοῦτο
1043 3668 1110 3737 τῇ
1141 3663 1271 3735 θείᾳ
1318 3661 1545 3731 δυνάμει
1582 3657 1745 3729 μόνον
1779 3650 2013 3707 δυνατόν

429 3774 549 3826 ἔστι
577 3767 947 3840 κατορθῶσαι.
975 3763 1091 3817 Οὐκ
1120 3760 1298 3825 ἔξεστι
1334 3755 1444 3827 γὰρ
1478 3753 1602 3808 οὔτε
1645 3749 1868 3804 δυνατὸν
1911 3747 2014 3800 ἀν-

440 3865 639 3937 θρώπῳ
660 3861 721 3927 ἐξ
755 3860 887 3924 ιδίας
920 3857 1201 3926 δυνάμεως
1224 3848 1525 3925 ἐκριζῶσαι
1567 3846 1666 3916 τὴν
1690 3842 2003 3915 ἁμαρτίανο

434 3936 495 4013 16
520 3955 928 4017 ἀντιπαλαῖσαι,
960 3950 1022 4003 16
1046 3942 1531 4016 ἀντιμαχεσθῆναι,
1557 3940 1756 4008 δεῖραι,
1787 3936 2017 4005 δαρῆναι

435 4051 533 4104 σόν
568 4051 737 4102 ἐστιν·
774 4042 1075 4116 ὲκριζῶσαι
1124 4040 1220 4105 δὲ,
1257 4036 1392 4091 Θεοῦ
1444 4035 1613 4088 ἐστιν.
1680 4031 1745 4084 El
1798 4027 1907 4099 γὰρ
1953 4026 2018 4078 σὺ

434 4142 622 4215 ⁴Ιιδιῦνω
664 4139 823 4195 τοῦτο
877 4135 1126 4206 ποιῆσαι,
1166 4131 1251 4196 τίς
1294 4129 1455 4201 χρεία
1499 4127 1598 4198 τῆς
1627 4124 1894 4184 ἐλεύσεως
1924 4119 2020 4174 τοῦ

436 4233 689 4305 Κυρίου;
716 4233 807 4297 Ὧς
838 4230 948 4299 γὰρ
977 4228 1079 4282 οὐκ
1110 4226 1227 4280 ἔστι
1246 4225 1339 4277 16v
1379 4218 1658 4290 ὀφθαλμὸν
1690 4217 1820 4271 ἄνευ
1847 4215 2025 4284 φωτὸς

444 4397 627 4479 ὤτων,
649 4417 683 4487 ἦ
720 4416 1045 4486 περιπατεῖν
1082 4411 1211 4465 ἄνευ
1242 4406 1498 4476 ποδῶν,ἢ
1532 4399 1867 4473 ἐργάζεσθαι
1896 4397 2027 4452 ἄνευ

444 4510 654 4583 χειρῶν
677 4524 691 4537 ·
710 4508 881 4570 οὕτως
906 4506 967 4559 οὑ
997 4504 1226 4558 δύνασαι
1259 4501 1389 4554 ἄνευ
1416 4497 1509 4551 τοῦ
1550 4493 1726 4565 ’ῐησοῦ
1767 4490 2027 4561 σωθῆναι,

450 4604 488 4674 ἦ
524 4598 787 4655 εἰσελθεῖν
825 4599 903 4661 είς
936 4595 1215 4668 βασιλείαν
1253 4590 1520 4664 οὐρανῶν.

463 4673 563 4749 Ἔν
593 4694 706 4756 τοῖς
757 4689 1103 4761 φαινομένοις
1144 4686 1209 4739 οὐ
1238 4681 1507 4753 πορνεύω,
1533 4679 1593 4732 οὐ
1626 4674 1860 4749 μοιχεύω
1885 4694 1917 4737 ,ν
1937 4673 2037 4726 οὐκ

463 4971 630 5041 μόνον
657 4969 783 5039 τρία
804 4968 945 5038 μέρη
968 4965 1067 5035 τῆς
1085 4961 1357 5033 ἁμαρτίας
1383 4960 1461 5021 είς
1478 4957 1513 5011 ἃ
1529 4954 1733 5024 ὀφείλει
1755 4970 1838 5015 τις
1865 4952 2043 5018 ἀσφα-

460 5039 738 5125 λίσασθαι,
754 5057 891 5112 ἀλλὰ
917 5056 1100 5126 μυρία·
1117 5056 1151 5124 ἡ
1175 5052 1431 5119 τύφωσις.
1448 5051 1482 5119 ὴ
1504 5046 1725 5116 ἀφοϐία,
1742 5046 1776 5111 ή
1796 5039 2046 5104 ἀπιστία,

462 5154 527 5207 16
572 5153 748 5222 μῖσος,
775 5150 1036 5225 ὀφθόνος,
1076 5148 1111 5216 ἡ
1157 5143 1419 5213 δολιότης,
1460 5144 1493 5212 ἠ
1537 5138 1847 5209 ὑπόκρισις,
1885 5131 2051 5185 πόθεν

466 5244 620 5297 ἐστίν
641 5241 773 5309 ;οὐκ
792 5222 1026 5310 ὀφείλεις
1039 5237 1177 5309 πρὸς
1195 5235 1370 5289 ταῦτα
1388 5232 1529 5303 ἔχειν
1546 5230 1644 5300 τὴν
1661 5228 1838 5299 πάλην
1857 5222 2053 5278 καὶτὸν

468 5432 571 5486 ἐὰν
613 5426 650 5504 ᾗ
687 5427 890 5503 λῃστὴς
933 5428 990 5479 ὲν
1023 5427 1090 5494 τῇ
1124 5420 1297 5492 οίκίᾳ,
1325 5418 1388 5471 16
1424 5414 1611 5469 λοιπὸν
1647 5408 1930 5466 ὐποθλίὸει
1973 5422 2055 5469 σε,

468 5527 570 5582 καὶ
594 5497 697 5581 06x
826 5497 886 5576 σε
925 5518 1275 5590 ἀμεριμνεῖν,
1309 5514 1453 5583 ἄρχῃ
1498 5509 1556 5562 δὲ
1608 5506 1705 5559 καὶ
1739 5504 1804 5556 σὺ
1844 5497 2062 5555 ἀντιτύ-

470 5638 633 5676 πτειν
671 5591 861 5682 αὒτὸν,
906 5613 1083 5683 δέρεις
1136 5608 1233 5662 καὶ⁸
1282 5606 1444 5677 δέρῃο
1494 5601 1667 5664 οὕτως
1707 5595 1913 5666 ὀφείλει
1967 5591 2067 5645 καὶ

470 5717 507 5787 ἡ
545 5712 698 5784 ψυχὴ
753 5705 1107 5766 ἀντιτύπτειν
1158 5702 1255 5757 καὶ
1303 5693 1741 5768 ἀντιμάχεσθαι,
1791 5687 1886 5744 καὶ
1918 5686 2068 5739 ἀντι-

472 5823 718 5882 κρουειν.

1553 4558 1626 4641 Εἰ,
1646 4586 1703 4639 δὲ
1725 4558 1926 4652 λέγεις’.
1954 4582 2037 4635 ὅτι
2073 4583 2115 4637 D
2143 4574 2250 4629 bus
2284 4588 2298 4624 :
2333 4569 2414 4624 sic
2433 4581 2539 4621 nec
2558 4563 2765 4630 absque
2787 4558 2916 4613 Jesu

2043 611 2293 682 fungitur
2316 603 2518 667 ofﬁcio,
2566 575 2726 655 velut
2758 593 2955 649 oculus
2986 603 3088 660 pro
3114 593 3228 640 toto
3260 592 3496 649 corpore
3543 575 3631 629 vi-

2046 706 2161 769 det,
2225 709 2283 756 et
2316 709 2516 753 manus
2548 706 2650 762 pro
2686 686 2947 743 omnibus
2982 677 3250 735 membris
3296 672 3540 729 laborat,
3575 676 3634 720 et

2048 812 2146 868 pes
2192 789 2442 848 ambulat
2481 782 2667 840 omnia
2722 775 2972 831 membra
3016 768 3325 827 sustinens,
3391 768 3449 815 et
3483 753 3633 811 aliud

2051 848 2140 868 τη

2048 885 2363 945 membrum
2392 874 2730 947 compatitur
2766 886 2779 923 :
2817 867 2899 923 sic
2921 873 2980 918 et
3008 862 3207 915 fratres
3236 856 3383 910 inter
3409 866 3469 906 se
3499 848 3634 903 sint.

2050 984 2241 1051 Itaque
2267 974 2363 1048 qui
2392 983 2588 1043 preces
2629 964 2785 1023 facit.
2849 973 2963 1012 non
3010 951 3224 1024 iudicet
3265 946 3637 1001 laborantem,

2053 1072 2201 1145 quod
2232 1083 2345 1124 non
2365 1068 2627 1136 precetur
2654 1074 2670 1112 ι
2709 1067 2891 1122 neque
2923 1047 3020 1119 qui
3050 1044 3291 1103 laborat,
3310 1034 3644 1093 condemnet

2054 1129 2255 1237 precari
2264 1129 2397 1220 tem,
2413 1152 2562 1225 quod
2584 1148 2676 1205 ille
2689 1144 2963 1215 quiescat,
2982 1139 3100 1208 ipse
3118 1147 3252 1188 vero
3268 1129 3487 1183 laboret
3506 1141 3519 1176 :
3540 1135 3643 1175 ne—

2056 1215 2165 1329 que
2197 1253 2294 1323 qui
2323 1215 2627 1307 ministrat,
2651 1241 2886 1295 alterum
2916 1234 3164 1288 damnet.
3216 1223 3325 1280 Sed
3347 1215 3649 1286 unusquis-

2058 1306 2257 1421 ἐμὲ,ἒί
2284 1340 2418 1414 quid
2448 1306 2695 1401 facit,iin
2732 1328 2831 1386 Dei
2866 1325 3097 1398 gloriam
3133 1318 3321 1374 faciat.
3357 1310 3462 1380 Qui
3488 1306 3675 1378 legit,.

2062 1400 2229 1421 1—-..
2304 1400 2319 1414 .
2588 1400 2593 1401 ,

2060 1453 2250 1496 amore
2283 1442 2341 1489 et
2381 1427 2588 1502 gaudio
2633 1424 3007 1496 prosequatur
3042 1417 3387 1482 precantem,
3450 1400 3534 1455 sic
3567 1412 3656 1452 se-

2061 1546 2190 1591 cum
2223 1490 2509 1595 colligens,
2558 1490 2690 1589 quia
2732 1528 2834 1585 pro
2868 1524 2955 1564 me
2982 1512 3124 1560 orat.
3172 1501 3241 1555 Et
3279 1497 3375 1568 qui
3396 1500 3538 1557 orat,
3582 1490 3655 1545 de

2063 1585 2480 1681 laborantevhoc
2498 1585 2740 1671 statuat,
2761 1604 2891 1675 quia
2909 1596 3058 1671 quod
3086 1600 3372 1665 operatur,
3406 1585 3474 1641 ad
3504 1597 3658 1637 com-

2066 1728 2290 1773 munem
2325 1707 2625 1763 utilitatem
2648 1698 2803 1755 facit.

2137 1800 2227 1858 IlI.
2254 1799 2324 1853 Et
2343 1796 2425 1851 sic
2449 1805 2664 1848 summa
2715 1778 3016 1840 concordia
3046 1784 3103 1831 et
3130 1787 3259 1845 pax,
3317 1764 3661 1822 animarum-

2074 1910 2185 1963 que
2208 1902 2516 1949 consensus
2556 1884 2613 1938 in
2635 1878 2862 1935 vinculo
2888 1872 3044 1945 pacis
3068 1884 3165 1925 eos
3200 1867 3348 1921 inter
3384 1875 3444 1915 se
3480 1853 3664 1911 conti-

2074 2000 2207 2046 nere
2223 1982 2375 2056 polis
2418 1978 2549 2041 erit,
2578 1982 2643 2029 ut
2694 1973 3103 2028 conversenlur
3155 1960 3213 2014 in
3249 1952 3567 2012 sinceritate
3609 1956 3669 2001 et

2075 2049 2432 2149 simplicitate
2452 2078 2509 2126 et
2536 2061 2924 2123 benevolentia
2965 2055 3089 2112 Dei.
3138 2049 3435 2106 Maximum
3482 2051 3669 2096 autem

2076 2172 2325 2230 omnium
2353 2174 2460 2230 est,
2488 2159 2768 2218 videlicet.
2788 2157 3099 2223 opportuna
3129 2155 3357 2215 precum
3376 2136 3670 2193 continua-

2079 2267 2180 2323 tio.
2215 2265 2489 2319 Praeterea
2508 2266 2682 2310 unum
2710 2244 3044 2316 requiritur,
3075 2248 3137 2294 ut
3167 2235 3293 2306 quis
3321 2232 3526 2288 habeat
3554 2226 3675 2280 the-

2080 2370 2310 2415 saurum
2343 2352 2401 2406 in
2430 2348 2635 2410 anima,
2670 2352 2728 2399 et
2755 2340 2951 2402 vitam,
3005 2348 3128 2404 quae
3171 2336 3257 2384 est
3302 2324 3573 2380 Dominus
3616 2318 3675 2372 in

2085 2449 2269 2505 animo
2305 2463 2318 2498 :
2352 2442 2468 2498 sive
2500 2438 2740 2495 laboret,
2795 2431 2912 2486 sive
2938 2430 3223 2497 precetur.
3267 2419 3383 2473 sive
3416 2414 3582 2483 legat,
3615 2416 3681 2463 ut

2084 2539 2293 2595 habeat
2325 2535 2476 2589 illam
2499 2524 2912 2599 possessionem
2943 2532 3055 2571 non
3087 2512 3414 2583 perituram,
3450 2516 3573 2573 qua:
3593 2505 3683 2554 est

2089 2632 2332 2706 Spiritus
2366 2632 2609 2682 sanctus.
2661 2619 2783 2675 Non
2837 2614 3061 2671 desunt.
3128 2604 3223 2675 qui
3271 2600 3459 2655 dicant
3487 2591 3683 2649 Domi-

2090 2683 2325 2706 Ἴων-

2089 2742 2225 2785 num
2254 2720 2576 2779 manifestos
2620 2712 2771 2769 solos
2810 2707 3026 2762 fructus
3056 2696 3349 2767 requirere
3396 2689 3466 2744 ab
3498 2683 3682 2741 homi-

2091 2821 2258 2878 nibus
2285 2834 2299 2871 :
2332 2811 2593 2868 interiora
2628 2818 2761 2860 vero
2792 2799 2967 2854 Deum
2999 2790 3302 2859 corrigere.
3342 2783 3466 2839 Non
3497 2787 3683 2834 autem

2096 2930 2185 2970 res
2232 2910 2314 2966 sic
2366 2922 2427 2962 se
2481 2902 2650 2958 habet
2702 2893 2850 2951 :sed
2910 2881 3376 2956 quemadmodum
3425 2874 3691 2930 adversus

2095 3004 2427 3064 exteriorem
2453 2993 2733 3051 hominem
2759 3001 2821 3042 se
2848 2982 3056 3043 munit,
3093 2978 3174 3033 sic
3204 2983 3262 3029 et
3290 2970 3561 3026 adversus
3592 2976 3690 3017 co-

2101 3095 2396 3171 gitationes
2438 3087 2647 3143 bellum
2706 3079 2849 3135 inire
2891 3083 2950 3130 et
3005 3083 3200 3143 gerere
3250 3062 3438 3119 debet.
3503 3052 3694 3123 Exigit

2105 3189 2253 3245 enim
2282 3199 2315 3239 a
2342 3192 2396 3237 te
2421 3176 2706 3239 Dominus,
2730 3179 2793 3226 ut
2813 3168 2911 3223 tibi
2941 3165 3059 3235 ipse
3076 3154 3356 3215 irascaris,
3372 3159 3430 3206 et
3450 3157 3694 3218 pugnam

2107 3276 2423 3338 committas
2450 3285 2578 3328 cum
2620 3270 2807 3321 mente
2852 3270 2970 3321 tua,
3006 3267 3188 3325 neque
3231 3241 3555 3305 assentiaris
3598 3242 3697 3291 aut

2114 3369 2409 3432 delecteris
2431 3359 2861 3435 cogitationibus
2882 3350 3091 3425 pravis.

2180 3554 2270 3611 Ν.
2304 3548 2463 3619 Quod
2490 3549 2765 3616 superest,
2826 3542 3118 3607 peccatum
3169 3526 3363 3596 illique
3411 3518 3705 3575 adhaerens

2113 3648 2319 3705 malum
2370 3638 2640 3696 radicitus
2682 3630 2944 3693 evellere,
2978 3624 3088 3678 hoc
3136 3617 3327 3675 divina
3371 3612 3551 3667 solum
3586 3604 3707 3659 vir-

2114 3748 2238 3797 tute
2271 3730 2555 3793 emendari
2579 3731 2784 3799 potest.
2814 3720 2936 3775 Non
2965 3716 3096 3771 licet
3124 3710 3297 3773 enim,
3320 3718 3503 3773 neque
3532 3695 3713 3769 possi-

2115 3834 2226 3889 bile
2246 3837 2333 3883 est
2348 3821 2561 3881 homini
2580 3815 2820 3889 propriis
2835 3809 3050 3865 viribus
3066 3803 3371 3870 exstirpare
3390 3799 3708 3865 peccatum.

2117 3918 2398 3982 Reluctari
2424 3912 2670 3986 quidem,
2699 3915 3030 3976 repugnare,
3064 3894 3300 3955 credere,
3335 3882 3617 3943 vulnerari
3645 3880 3705 3933 in

2121 4017 2232 4073 tuis
2260 4010 2479 4069 viribus
2516 4012 2636 4069 est;
2673 3998 2959 4055 eradicare
2992 4004 3128 4046 vero
3175 3984 3348 4041 solius
3388 3979 3484 4034 Dei
3518 3984 3623 4030 est.
3657 3970 3715 4026 Si

2123 4107 2328 4167 etenim
2368 4104 2477 4157 hoc
2503 4103 2767 4169 praestare
2804 4092 2860 4144 in
2892 4097 2986 4142 tua
3024 4085 3299 4154 potestate
3330 4072 3548 4133 fuisset,
3582 4063 3720 4136 quid

2132 4398 2342 4456 pngua,

2138 4430 2351 4547 [absque
2384 4430 2640 4545 pedibus,
2666 4474 2760 4521 aut
2786 4430 3006 4517 labores
3038 4430 3286 4527 perferre
3316 4449 3524 4516 absque
3550 4439 3734 4496 maui-

2944 4550 3168 4615 salvari,
3192 4554 3288 4601 aut
3313 4554 3543 4613 regnum
3568 4536 3738 4592 coelo-

2137 4679 2261 4719 rum
2283 4656 2499 4730 ingredi
2524 4654 2703 4726 petes.
2733 4647 2893 4716 Quod
2917 4644 2963 4700 si
2993 4643 3167 4705 dicas,
3204 4636 3499 4694 manifesto
3540 4638 3738 4699 stupro

2152 4846 2401 4904 incurro,
2434 4845 2781 4903 consequens
2819 4834 2924 4891 est,
2952 4832 3014 4879 ut
3048 4824 3229 4894 justus
3267 4817 3371 4871 sim
3402 4832 3414 4868 :
3451 4820 3570 4867 toto
3599 4808 3742 4864 c0310

2145 4938 2239 4992 hic
2266 4934 2511 4994 aberras,
2544 4934 2746 4997 putans
2785 4929 2837 4976 te
2877 4916 3066 4973 omnia
3096 4908 3416 4983 perfecisse.
3453 4903 3574 4959 Non
3610 4906 3742 4956 sunt

2153 5027 2256 5096 12
2273 5023 2449 5078 solum
2474 5028 2587 5073 tres
2602 5013 2817 5085 species
2833 5005 3066 5080 peccati,
3090 5002 3359 5057 adversus
3380 5010 3518 5067 quas
3533 4992 3660 5064 quis
3684 5004 3745 5045 se

2153 5119 2370 5177 muniat
2398 5119 2641 5185 oportet,
2685 5107 2784 5163 sed
2832 5102 3085 5159 inﬁnitae.
3128 5092 3477 5165 Arrogantia,
3525 5084 3749 5143 temeri-

2156 5223 2262 5276 tas,
2305 5176 2633 5267 difﬁdentia,
2687 5199 2898 5260 odium,
2948 5190 3177 5254 invidia,
3215 5187 3387 5249 fraus,
3432 5176 3746 5254 hypocrisis

2157 5305 2306 5360 unde
2336 5300 2501 5357 sunt?
2538 5296 2734 5352 Nonne
2781 5289 2883 5346 tibi
2917 5286 3187 5343 adversus
3218 5282 3337 5335 haec
3371 5284 3655 5332 certamen
3694 5276 3753 5323 et

2161 5412 2343 5470 pugna
2375 5394 2431 5447 in
2478 5388 2708 5447 secretis
2737 5384 2849 5441 tuis
2885 5374 3319 5451 cogitationibus
3354 5366 3601 5425 ineunda
3627 5360 3753 5418 est?

2162 5484 2661 5557 Quemadmodum,
2714 5479 2762 5533 si
2812 5478 2955 5531 latro
3000 5472 3225 5527 domum
3262 5474 3413 5520 tuam
3462 5455 3753 5519 invaserit,

2162 5585 2275 5656 jam
2310 5589 2362 5634 te
2393 5573 2642 5631 molestia
2674 5584 2869 5639 magna
2902 5563 3108 5627 allicit,
3147 5574 3248 5615 nec
3281 5566 3334 5612 te
3377 5563 3612 5607 vacuum
3634 5559 3758 5601 esse

3604 5635 3758 5656 .2-

2170 5635 2235 5656 ιη
2768 5635 2790 5639 _

2170 5676 2321 5734 curis
2347 5672 2517 5735 sinit;
2546 5666 2746 5735 incipis
2775 5677 2908 5716 vero
2940 5666 2996 5713 et
3027 5666 3083 5710 tu
3120 5661 3429 5721 repugnare
3459 5640 3563 5704 illi,
3593 5635 3759 5693 caedis

2174 5780 2340 5840 atque
2366 5761 2594 5820 czederis
2628 5775 2642 5812 :
2686 5758 2762 5812 ita
2795 5764 2852 5810 et
2882 5749 3066 5808 anima
3096 5744 3261 5802 debet
3289 5737 3519 5796 referire
3546 5774 3560 5801 ,
3594 5743 3760 5800 repu-

2178 5874 2343 5934 gnare
2375 5864 2432 5913 et
2455 5850 2772 5911 retundere.
