4016 6456
411 412 513 476 471

1649 421 1709 481 S.
1745 424 1801 482 Μ
1807 420 2067 483 ACARII
2108 423 2431 484 IEGYPTII

3595 412 3695 477 472

486 523 551 579 V.
608 522 839 579 Demum
888 539 1022 579 vero
1063 526 1324 583 voluntas
1360 542 1695 600 repugnans,
1747 532 1997 586 molestia

2171 533 2249 587 E'.
2281 529 2542 602 Λοιπδνὴ
2571 530 2892 602 προαίρεσις
2930 524 3387 598 ἅντιμαχομένη,
3422 527 3520 582 καὶ
3548 526 3699 598 έχου-

414 624 581 688 atque
609 617 904 674 afﬂictione
939 619 1162 686 obruta,
1190 619 1389 691 incipit
1437 623 1691 692 superior
1728 623 1867 689 neri,
1899 638 1995 679 ca-

416 710 521 773 dit,
552 710 804 780 erigitur.
831 711 1025 765 Denuo
1072 722 1358 782 peccatum
1405 714 1625 785 conjici!
1650 716 1891 770 animam
1937 718 1995 771 in

418 799 611 855 decem
642 809 740 855 aut
756 801 951 872 viginti
982 818 1340 874 congressus;
1365 804 1539 859 vineit
1564 806 1802 860 animam
1830 818 1997 878 atque

418 893 763 961 prosternit:
820 903 878 949 et
912 895 1092 949 anima
1124 894 1352 965 quidem
1405 897 1670 965 temporis
1707 898 1997 955 intervallo

414 982 724 1038 decretoria
750 999 930 1055 pugna
946 994 1172 1055 superat
1199 993 1512 1055 peccatum.
1544 986 1783 1040 Rursum
1808 987 1854 1041 si
1872 1003 1997 1057 per-

416 1074 624 1129 stiterit
645 1076 853 1139 anima,
880 1091 983 1131 nec
1019 1076 1337 1147 Eanguidior
1376 1076 1432 1131 in
1465 1085 1620 1147 parte
1658 1078 1842 1147 aliqua
1880 1077 1999 1133 fue.

422 1167 517 1233 rit,
553 1167 751 1238 incipit
778 1169 1034 1238 superior
1063 1169 1320 1233 evadere,
1351 1177 1411 1223 et
1432 1168 1778 1232 discernere,
1806 1184 1999 1240 repor-

420 1266 537 1312 tare
571 1259 779 1328 palmas
799 1260 1060 1315 adversus
1100 1268 1409 1330 peccatum.
1460 1260 1569 1317 Sed
1602 1262 1659 1315 in
1692 1262 1797 1325 his,
1833 1263 1878 1317 si
1906 1276 1997 1317 re.

416 1357 504 1403 cte
535 1365 623 1405 res
644 1350 760 1405 suis
787 1349 1126 1420 ponderibus
1157 1352 1355 1406 librata
1387 1354 1753 1418 examinetur,
1788 1353 1997 1407 tamdiu

417 1449 703 1507 peccatum
733 1440 1010 1495 hominem
1040 1442 1332 1509 subvertit,
1377 1443 1556 1500 donec
1584 1446 1779 1499 evadat
1830 1448 1888 1500 in
1915 1446 1997 1500 vi-

417 1547 535 1585 rum
583 1533 893 1603 perfectum,
937 1536 995 1589 in
1047 1552 1356 1589 mensuram
1379 1538 1645 1603 atatis",
1686 1546 1742 1592 et
1770 1538 1997 1593 omnino

416 1633 637 1693 superet
680 1636 935 1681 mortem.
978 1626 1258 1697 seriptum
1297 1629 1447 1683 enim
1478 1640 1563 1685 est
1611 1648 1625 1683 :
1668 1630 1998 1685 Nouissimas

413 1714 573 1767 hostis
599 1714 839 1769 aboletur
862 1734 1003 1771 mors
1025 1718 1091 1771 ’⁸.
1125 1719 1191 1772 Ει
1221 1719 1302 1775 sic
1326 1722 1641 1790 superiores
1668 1723 1910 1777 evadunt
1942 1733 1999 1779 et

412 1805 652 1861 victores
696 1806 925 1863 diaboli.
979 1810 1038 1864 Si
1078 1824 1230 1874 vero,
1283 1820 1347 1866 ut
1385 1814 1495 1884 jam
1538 1813 1796 1880 diximus,
1849 1814 1997 1871 dicat

412 1897 559 1965 quis,
590 1913 693 1952 nec
742 1909 979 1964 scortor,
1028 1917 1131 1957 nec
1183 1883 1458 1960 adulterio
1504 1922 1592 1961 me
1644 1909 1851 1977 polluo,
1891 1924 1993 1964 nec
2029 1883 2068 1937 Β

410 2002 610 2043 avarus
643 2003 786 2053 sum,
814 1991 920 2045 hoc
946 1991 1146 2046 suﬁicit
1174 1994 1345 2060 mihi;
1379 1995 1665 2052 dimicavit
1698 1998 1744 2053 is
1770 1998 1993 2068 quidem

411 2080 519 2135 hoc
558 2081 722 2137 modo
770 2083 1034 2137 adversus
1086 2093 1198 2140 tres
1243 2088 1455 2157 peccati
1508 2089 1762 2159 species:
1797 2098 1996 2147 contra

412 2173 655 2241 reliquas
682 2189 814 2229 vero
844 2175 1059 2245 viginti,
1087 2191 1225 2246 quas
1248 2190 1535 2247 peccatum
1580 2180 1846 2236 adversus
1872 2183 1995 2237 ani-

412 2281 558 2320 mam
594 2267 779 2334 habet,
812 2285 921 2325 non
953 2271 1235 2341 pugnavit,
1270 2272 1367 2327 sed
1398 2274 1579 2328 victus
1610 2282 1713 2328 est.
1739 2276 1995 2346 Pugnan-

411 2357 544 2411 dum
572 2359 741 2427 igitur
769 2370 824 2415 et
850 2361 1230 2418 dimicandum
1260 2373 1348 2419 est
1386 2364 1463 2420 illi
1503 2365 1774 2421 adversus
1805 2380 1997 2422 omnes

410 2450 622 2517 peccati
655 2453 887 2522 species.
920 2452 1072 2508 Mens
1094 2455 1266 2519 enim,
1302 2464 1366 2509 ut
1392 2457 1592 2526 saepius
1618 2456 1878 2521 diximus,
1898 2457 1997 2513 ad-

411 2541 657 2595 versaria
684 2552 789 2607 est,
818 2551 875 2598 et
898 2560 1082 2614 aequas
1120 2546 1288 2600 habet
1315 2546 1465 2601 vires
1492 2546 1757 2603 adversus
1798 2561 1995 2618 pecca-

412 2641 551 2697 tum,
579 2643 641 2688 ut
664 2637 1009 2691 contradicat
1033 2646 1090 2692 et
1116 2639 1337 2694 resistat
1370 2640 1817 2710 cogitationibus.

484 2724 572 2779 Vl.
612 2724 769 2791 Quod
828 2726 874 2780 si
928 2727 1101 2793 dicas,
1163 2729 1507 2798 potentiores
1564 2746 1685 2786 esse
1737 2730 1999 2787 adversas

413 2817 586 2882 vires,
618 2828 675 2872 et
722 2820 986 2874 malitiam
1019 2821 1249 2876 omnino
1280 2822 1491 2877 homini
1517 2823 1809 2889 dominari,
1850 2824 1997 2895 inju-

412 2919 560 2963 stum
593 2909 730 2965 facis
772 2911 966 2975 Deum,
998 2928 1094 2982 qui
1117 2913 1459 2969 condemnet
1490 2915 1787 2970 humanam
1830 2926 1997 2971 natu-

414 3014 553 3063 ram,
585 3016 653 3054 eo
701 3002 850 3070 quod
906 3000 1124 3059 Satanae
1161 3004 1459 3071 obedierit,
1509 3006 1730 3075 quando
1775 3006 1998 3075 quidem

414 3090 613 3144 fortior
660 3101 766 3155 est,
818 3099 874 3146 et
906 3093 959 3147 vi
1003 3102 1232 3164 cogente
1265 3094 1543 3149 hominem
1580 3096 1685 3150 sibi
1727 3096 1945 3167 subjicit
1978 3114 1995 3151 :

416 3183 681 3251 maiorem
730 3191 787 3236 et
819 3183 1102 3239 fortiorem
1150 3200 1285 3239 eum
1308 3187 1491 3241 anima
1526 3188 1838 3243 constituis.
1889 3188 1996 3243 Sed
2022 3223 2067 3286 Ο

416 3273 641 3328 tandem
682 3290 767 3329 me
796 3275 1009 3332 audies.
1052 3276 1537 3343 Quemadmodum
1573 3279 1621 3333 si
1645 3279 1865 3351 juvenis
1900 3279 1995 3345 sit,

417 3367 513 3437 qui
545 3368 747 3422 luctam
791 3370 939 3423 ineat
963 3385 1088 3424 cum
1116 3370 1323 3439 puello,
1352 3378 1410 3424 et
1439 3369 1487 3424 si
1515 3369 1753 3439 puellus,
1791 3370 1838 3424 si
1871 3382 2000 3425 suc-

417 3458 691 3521 cubuerit,
712 3458 1135 3525 condemnetur,
1152 3460 1296 3530 quod
1322 3458 1552 3514 inferior
1574 3460 1833 3525 evaserit,
1854 3459 2000 3515 mul-

418 3559 536 3603 tum
565 3550 670 3605 hoc
693 3550 858 3605 habet
892 3549 1202 3620 iniquitatis
1228 3569 1242 3605 :
1276 3550 1508 3621 perinde
1536 3550 1773 3605 dicimus
1796 3560 1853 3606 et
1876 3565 1999 3613 nos,

420 3651 657 3695 mentem
689 3642 1062 3697 adverSariam
1091 3658 1234 3708 esse,
1267 3651 1324 3697 et
1350 3644 1533 3713 aequis
1558 3642 1772 3697 viribus
1803 3642 2003 3713 praedi-

421 3741 553 3787 tam.
602 3734 673 3788 Et
722 3734 1040 3806 hujusmodi
1086 3734 1292 3800 anima,
1335 3750 1495 3805 opem
1528 3743 1584 3789 et
1630 3735 1917 3799 auxilium,
1954 3734 2001 3789 si

418 3828 566 3883 serio
594 3836 824 3896 quaerat,
854 3826 909 3881 id
934 3826 1316 3897 consequitur,
1349 3835 1406 3881 et
1445 3827 1609 3898 digna
1632 3836 1889 3882 censetur
1912 3841 2001 3883 re-

419 3918 753 3990 demptione.
787 3917 1080 3973 Certamen
1114 3918 1262 3974 enim
1295 3927 1351 3973 et
1385 3935 1566 3990 pugna
1602 3918 1658 3973 in
1686 3919 2002 3989 mqualitate

415 4011 620 4065 virium
664 4011 937 4066 consistit.
968 4010 1354 4067 Gloriticemus
1383 4012 1602 4067 Patrem
1622 4019 1680 4066 et
1716 4012 1914 4068 Filium
1946 4020 2003 4067 et

421 4102 688 4172 Spiritum
712 4114 963 4159 sanctum
994 4103 1052 4158 in
1080 4104 1301 4158 saecula.
1332 4103 1525 4157 Amen.

1004 4237 1294 4293 IIOMILIA
1332 4237 1427 4293 ιγ.

422 4330 649 4386 Cursum
676 4331 837 4383 stadii
863 4331 1017 4386 huius
1050 4330 1233 4382 mundi
1262 4337 1461 4383 attente
1477 4339 1524 4384 et
1557 4338 1803 4385 accurate
1829 4332 2001 4385 absol-

492 4417 611 4453 vere
651 4409 855 4471 Oportet
897 4399 1246 4463 Christianos,
1292 4408 1349 4453 ut
1382 4399 1584 4455 caeleste
1617 4404 1940 4471 praeconium
1967 4419 2000 4456 a

491 4471 598 4524 Deo
619 4480 668 4523 et
693 4470 897 4540 angelis
920 4478 1329 4540 consequantur.

490 4672 534 4729 1.
573 4671 679 4739 Qui
707 4671 876 4725 vitam
917 4671 1287 4726 Christianam
1330 4670 1516 4726 studio
1546 4678 1805 4726 accurato
1846 4679 1999 4725 tran-

418 4766 597 4836 sigere
647 4764 960 4828 intendunt,
993 4779 1089 4819 eos
1136 4779 1249 4834 pne
1276 4763 1488 4818 caeteris
1531 4763 1802 4819 facultatis
1834 4763 1999 4827 intel-

419 4857 627 4928 ligendi
656 4865 713 4911 et
759 4855 1133 4920 discernendi,
1162 4845 1283 4925 quae
1311 4855 1365 4909 in
1391 4854 1572 4908 anima
1591 4863 1696 4917 est,
1727 4868 1999 4909 summam

420 4965 608 5005 curam
642 4948 848 5005 habere
884 4956 1125 5019 oportet,
1158 4954 1238 5011 ut,
1279 4962 1413 5001 cum
1435 4955 1681 5001 exactam
1721 4945 1853 4999 boni
1886 4961 2001 4999 ma~

420 5042 570 5109 lique
620 5040 1073 5110 dijudicationem
1110 5040 1259 5095 nacti
1306 5055 1392 5103 ea,
1445 5054 1566 5108 qua:
1608 5046 1809 5108 praeter
1841 5045 2003 5091 natu-

423 5146 541 5185 ram
574 5146 727 5200 purae
749 5141 960 5187 naturae
978 5131 1345 5201 undequaque
1365 5130 1718 5193 invehantur,
1738 5128 2003 5182 distinxe-

423 5224 624 5287 rimus,
671 5232 823 5279 recte
866 5232 923 5279 et
968 5224 1174 5293 absque
1210 5222 1547 5279 otfendioulo
1575 5236 2003 5285 conversemur;

423 5327 486 5371 nt
507 5317 655 5371 velut
677 5316 1030 5373 discernendi
1053 5317 1314 5373 facultate
1336 5318 1500 5372 oculo
1525 5325 1763 5379 utentes,
1789 5316 1844 5370 id
1866 5331 2002 5371 con-

427 5422 745 5475 sequamur,
778 5415 841 5461 ut
865 5407 1049 5461 idonei
1076 5424 1187 5463 non
1221 5409 1414 5474 simus,
1448 5407 1542 5478 qui
1574 5422 1702 5462 eum
1731 5407 2002 5477 pravitate

426 5508 485 5555 et
514 5499 719 5553 malitia
747 5499 926 5555 fmdus
945 5510 1237 5570 percutere
1260 5500 1573 5569 possimus;
1607 5500 1797 5569 sicque
1815 5499 2003 5555 divino

431 5603 662 5643 munere
701 5591 882 5645 ornati
941 5591 1091 5661 digni
1144 5590 1375 5645 Domino
1413 5590 1625 5645 fiamus.
1665 5589 1769 5660 13
1808 5589 2003 5643 Exem-

432 5680 584 5763 plum
610 5682 893 5751 capiamus
921 5684 990 5739 ab
1016 5684 1105 5749 iis,
1136 5700 1258 5753 qua:
1292 5684 1436 5738 visui
1467 5684 1713 5755 subjecta
1738 5690 1886 5738 sunt.
1919 5681 2006 5737 Si-

507 5852 550 5883 "
590 5851 791 5921 Ephes.
828 5868 901 5919 iv,
925 5856 979 5917 9.
1054 5856 1098 5888 ³⁸
1136 5856 1157 5910 l
1189 5855 1317 5919 Cor.
1350 5871 1436 5921 xv,
1470 5855 1563 5921 26.

2100 640 2169 679 σα
2212 624 2376 677 πόνον
2440 623 2538 677 καὶ
2587 621 2789 691 θλίψιν,
2830 619 3061 691 ἄρχεται
3117 619 3393 689 ἀνωτέρα
3431 620 3696 687 γίνεσθαι·

2096 716 2288 768 πίπτει
2305 755 2321 779 ,
2347 714 2640 785 ίγείρεται·
2667 712 2831 766 πάλιν
2872 711 3113 782 ῥίπτειὴ
3139 710 3418 781 ἁμαρτία
3460 711 3545 775 είς
3570 712 3699 766 δέκα

2095 807 2130 879 ἡ
2177 809 2259 870 είς
2296 806 2471 860 εἴκοσι
2501 806 2737 875 ἀγῶνας·
2770 807 2901 877 νικᾷ
2943 805 3042 875 τὴν
3098 802 3296 874 ψυχὴν
3344 803 3446 856 καὶ
3500 805 3698 873 ῥίπτει,

2096 903 2192 957 καὶ
2235 903 2269 972 ἡ
2299 900 2447 973 ψυχὴ
2481 901 2572 955 διὰ
2623 901 2819 972 χρόνου
2863 902 2944 964 είς
2993 900 3121 970 μίαν
3164 898 3415 970 ἀγωγὴν
3442 901 3570 970 νικᾷ
3608 900 3703 971 τὴν

2098 994 2392 1065 ἁμαρτίαν
2421 994 2587 1047 πάλιν
2610 995 2707 1047 ὲᾶν
2757 996 2791 1066 ἡ
2822 993 2968 1065 ψυχὴ
3000 993 3287 1065 ὑπομείνῃ
3320 992 3424 1044 καὶ
3469 992 3547 1062 μὴ
3576 1010 3701 1062 χαυ-

2096 1086 2243 1158 νωθῆ
2271 1086 2413 1141 κατὰ
2436 1087 2626 1157 μέρος,
2652 1086 2879 1159 ἄρχεται
2897 1085 3220 1150 πλεονάζειν
3245 1083 3351 1137 καὶ
3377 1083 3698 1154 διακρίνειν,

2098 1180 2193 1231 καὶ
2230 1178 2605 1249 ἀποφέρεσθαι
2638 1178 2708 1232 τὰ
2737 1179 3028 1249 νικητήρια
3056 1176 3203 1231 κατὰ
3233 1179 3346 1246 τῆς
3396 1176 3699 1246 ἁμαρτίας,

2096 1272 2212 1326 ἀλλ’
2246 1274 2295 1325 εί
2329 1272 2427 1326 καὶ
2454 1273 2514 1325 ὲν
2540 1270 2751 1334 τούτοις
2789 1271 3121 1338 ἐξετάζεται,
3148 1269 3356 1340 ἀκμὴν
3391 1269 3426 1340 ἡ
3457 1268 3699 1339 ἁμαρτία

2098 1366 2464 1437 καταστρέφει
2492 1365 2583 1419 τὸν
2630 1364 2935 1436 ἄνθρωπον,
2967 1363 3073 1427 ἓως
3108 1358 3171 1417 οῦ
3230 1361 3372 1432 ἔλθῃ
3406 1364 3497 1427 εις
3517 1361 3699 1430 ἄνδρα

2097 1459 2352 1525 τέλειον,
2387 1461 2476 1524 εις
2517 1457 2737 1528 μέτρον
2777 1456 3039 1525 ἡλικίας,
3082 1457 3178 1509 καὶ
3222 1453 3465 1517 τελείως
3506 1455 3696 1525 νικήσῃ

2097 1553 2191 1606 τὸν
2207 1552 2435 1606 θάνατον
2459 1566 2473 1580 ’
2493 1550 2799 1619 γέγραπται
2830 1548 2959 1618 γὰρ,
2987 1548 3292 1615 Ἕσχατος
3319 1546 3544 1616 ἐχθρός
3565 1562 3698 1599 κατ-

2096 1645 2355 1715 αργεῖται
2388 1645 2421 1697 ό
2448 1640 2725 1708 θάνατος·
2793 1641 2888 1694 καὶ
2920 1638 3095 1703 οὕτως
3113 1638 3401 1709 ἀνώτεροι
3440 1636 3694 1705 γίνονται,

2098 1738 2192 1791 καὶ
2216 1734 2433 1806 νικηταὶ
2461 1734 2556 1787 τοῦ
2581 1733 2853 1787 διαϐόλου.
2880 1732 2943 1785 Ei
2968 1731 3045 1797 δὲ,
3084 1728 3278 1792 καθὼς
3330 1728 3690 1799 προείπομεν,

2097 1829 2245 1898 λέγει
2281 1846 2387 1892 τις,
2419 1827 2493 1881 ού
2536 1826 2805 1898 πορνεύω,
2838 1824 2900 1879 ού
2938 1824 3199 1895 μοιχεύω,
3232 1822 3299 1875 ού
3350 1820 3690 1891 φιλαργυρῶ,

2097 1923 2258 1991 ἀρκεῖ
2285 1937 2397 1991 μοι’
2428 1918 2603 1980 οὕτως
2634 1920 2713 1981 είς
2739 1917 2869 1987 τρία
2914 1916 3056 1987 μέρη
3103 1913 3461 1985 ἡγωνίσατο,
3504 1913 3595 1966 καὶ
3620 1915 3690 1977 είς

2093 2015 2228 2070 ἄλλα
2260 2014 2454 2078 εἴκοσι,
2484 2011 2629 2079 ἅπερ
2666 2011 2780 2081 ἔχει
2812 2011 2845 2080 ἡ
2883 2008 3129 2079 ἁμαρτία
3167 2007 3324 2060 κατὰ
3367 2007 3475 2076 τῆς
3498 2004 3687 2076 ψυχῆς,

2093 2105 2192 2158 ούκ
2218 2103 2547 2172 ἡγωνίσατο,
2584 2102 2698 2155 ἀλλ’
2728 2100 2959 2171 ἡττὴθη,
3000 2098 3245 2168 Ὀφείλει
3284 2093 3386 2153 οῦν
3418 2097 3501 2160 είς
3522 2097 3687 2151 πάντα

2093 2196 2491 2266 ἀγωνίσασθαι,
2532 2196 2627 2249 καὶ
2674 2194 2875 2247 ἀθλεῖν⁸
2918 2196 2947 2247 ὀ
2988 2194 3097 2263 γὰρ
3126 2189 3286 2255 νοῦς,
3338 2189 3531 2253 καθὼς
3570 2188 3687 2242 πολ-

2094 2284 2253 2347 λάκις
2285 2284 2532 2351 εἴπομεν,
2588 2280 2882 2346 ἀντίπαλος
2913 2282 3030 2335 ἔστι
3050 2324 3066 2347 ,
3100 2281 3198 2335 καὶ
3232 2279 3355 2351 ἔχει
3408 2280 3686 2351 ίσόρῤοπον

2093 2376 2323 2447 δύναμιν
2346 2376 2482 2448 πρὸς
2502 2375 2604 2446 τὴν
2633 2376 2907 2447 ἁμαρτίαν
2928 2374 3025 2429 τοῦ
3075 2373 3397 2443 ἀντιλέγειν
3418 2373 3518 2427 καὶ
3548 2373 3686 2425 ἐναν-

2094 2466 2345 2521 τιοῦσθαι
2373 2468 2489 2530 τοῖς
2518 2466 2824 2538 λογισμοῖς.

2166 2732 2257 2797 ς’.
2293 2730 2358 2784 Εἰ
2401 2728 2460 2783 δὲ
2492 2728 2672 2798 λέγεις
2709 2727 3067 2800 ἰσχυροτέραν
3116 2726 3264 2782 εἶναι
3299 2728 3408 2798 τὴν
3440 2723 3668 2781 ἐναντίαν

2096 2823 2351 2893 δύναμιν,
2376 2820 2474 2875 καὶ
2496 2818 2809 2889 βασιλεύειν
2835 2816 2898 2869 τὸ
2922 2816 3044 2870 δλον
3073 2816 3171 2888 τὴν
3208 2815 3421 2870 κακίαν
3443 2814 3582 2869 κατὰ
3597 2810 3672 2864 τοῦ

2097 2916 2414 2987 ἀνθρώπου,
2473 2912 2662 2968 ἄδικον
2700 2914 2880 2974 ποιεῖς
2933 2910 3026 2965 τὸν
3065 2910 3224 2975 Θεὸν,
3287 2907 3677 2977 κατακρίνοντα

2097 3007 2198 3079 τὴν
2218 3005 2639 3077 ἀνθρωπότητα,
2663 3002 2798 3056 διότι
2836 3004 3118 3074 ὑπὴκουσε
3143 3001 3229 3072 τῷ
3262 3001 3505 3071 Σατανᾷ,
3532 2997 3673 3051 ὁπότε

2102 3097 2321 3167 ἰσχυρός
2369 3097 2528 3161 ἐστι,
2577 3095 2672 3147 καὶ
2711 3095 3089 3165 ὰναγκαστικῇ
3120 3109 3234 3146 τινι
3285 3091 3521 3161 δυνάμει
3568 3088 3679 3141 ὑπο-

2097 3189 2308 3242 τάσσει·
2343 3185 2514 3257 μείζω
2558 3186 2651 3239 καὶ
2692 3185 3043 3257 ἰσχυρότερον
3090 3182 3261 3238 αὐτὸν
3298 3182 3563 3253 ἐποίησας
3591 3178 3677 3247 τῆς

2099 3282 2298 3353 ψυχῆς.
2336 3282 2449 3336 Καὶ
2492 3282 2551 3334 ὲν
2581 3279 2725 3333 τέλει
2763 3276 3242 3349 μοιύπακούσεις·
3294 3274 3488 3343 ὥσπερ
3531 3262 3676 3341 ἑὰνῇ

2101 3373 2403 3439 νεανίσκος,
2454 3371 2549 3425 καὶ
2608 3370 2707 3442 ἔχῃ
2758 3369 2943 3441 πάλην
2996 3366 3136 3437 πρὸς
3182 3366 3444 3429 παιδίον,
3472 3361 3563 3416 καὶ
3591 3357 3679 3412 ἐὰν

2102 3465 2308 3538 ἡττηθῇ
2340 3464 2402 3517 τὸ
2466 3463 2679 3518 παιδίον
2705 3502 2722 3529 ,
2783 3460 3206 3531 κατακρίνηται,
3266 3456 3407 3511 διότι
3458 3451 3675 3524 ἡττήθη,

2101 3558 2260 3613 τοῦτο
2290 3557 2491 3627 πολλῆς
2523 3554 2741 3618 ἀδικίας
2776 3552 2943 3606 ἐστίν·
2976 3552 3100 3606 ὅθεν
3137 3551 3309 3621 ἡμεῖς
3337 3548 3566 3616 λέγομεν
3594 3541 3676 3596 ἁν-

2102 3651 2327 3706 τίπαλον
2359 3644 2611 3702 εἶναιτὴν
2634 3646 2760 3701 νοῦν
2796 3644 2891 3699 καί¹
2917 3643 3229 3715 ἰσόρροπον.
3261 3641 3379 3696 Καὶ
3409 3640 3443 3708 ἡ
3463 3632 3674 3701 τοιαύτη

2102 3741 2254 3812 ψυχὴ
2303 3737 2671 3808 ἐπιζητοῦσα,
2722 3734 2985 3804 τυγχάνει
3026 3729 3289 3801 βοηθείας
3330 3726 3428 3780 καὶ
3478 3717 3676 3812 ἀντιλή-

2102 3806 2269 3903 φεῷξ,
2298 3830 2393 3883 καὶ¹
2415 3806 2767 3891 καταξιοῦται
2796 3824 2893 3892 τῆς
2915 3819 3265 3891 λυτρώσεως.
3304 3817 3373 3870 Ἡ
3398 3814 3509 3882 γὰρ
3538 3806 3667 3874 πάλη

2103 3925 2198 3977 καὶ
2245 3925 2273 3976 ὁ
2306 3920 2456 3990 ἀγὼν
2502 3921 2596 3974 επὶ
2637 3919 2705 3990 τῇ
2746 3911 3067 3984 ίσοδυναμίᾳ
3110 3912 3319 3965 κεῖται.
3363 3903 3669 3990 Δοξάζωμξεν

2104 3988 2367 4087 Πατέρα,
2388 4012 2485 4067 καὶ
2507 3988 2789 4078 Υἱὸνβιαὶ
2828 4007 2987 4075 ἅγιον
3022 4001 3252 4072 Πνεῦμα
3289 4000 3373 4065 είς
3398 3996 3525 4059 τοὺς
3552 3988 3661 4046 alit-

2102 4123 2220 4169 νας.
2274 4104 2472 4176 Ἀμήν.

2704 4233 2948 4289 ΟΜῐΛΙΑ
3004 4233 3078 4284 Δ’.

2109 4333 2219 4389 Τὸν
2263 4332 2487 4400 δρόμον
2544 4327 2651 4382 τοῦ
2708 4324 2968 4400 »σταδίου
3019 4321 3126 4400 (ei?
3180 4317 3449 4400 κόσμουῇ

2178 4385 2595 4470 προσεξιόντως
2626 4398 2722 4470 καί
2755 4392 3008 4470 ᾁκριϐῶς
3034 4385 3377 4470 διέρχεσθαι
3414 4385 3507 4465 δεῖ

2610 4469 2713 4540 ἵνα
2745 4452 3010 4518 ἐπῖιίνωὶ·
3029 4452 3325 4530 auﬁdium
3352 4454 3509 4523 παρὰ
3530 4452 3664 4503 Θεου

2035 4563 2081 4619 ι)
2179 4538 2278 4597 καὶ
2310 4542 2582 4612 ἀγγέλων
2619 4538 2866 4607 τύχωσι.

2174 4680 2253 4732 Α’.
2289 4676 2355 4731 Οί
2398 4675 2489 4729 τὸν
2512 4671 2625 4744 βίον
2644 4670 2741 4725 τοῦ
2782 4663 3214 4742 Χριστιανισμοῦ
3237 4664 3297 4715 ὲν
3319 4657 3484 4726 πολλῇ
3519 4652 3662 4744 ἀδξρι⁴

2104 4771 2228 4841 δείᾳ
2258 4742 2607 4840 κατορθῶσαι
2660 4764 2995 4836 βουλόμενοι,
3031 4759 3139 4831 πρὸ
3182 4757 3404 4812 πάντων
3434 4746 3524 4800 τοῦ
3561 4742 3662 4841 δια·

2104 4836 2357 4931 νοητικοῦ
2382 4836 2479 4916 καὶ
2506 4856 2845 4929 διακριτικοῦ
2873 4855 3072 4925 μέλους
3102 4852 3203 4920 τῆς
3237 4848 3415 4919 ψυχῆς
3442 4845 3496 4895 ὲν
3528 4836 3665 4900 πάσῃ

2104 4956 2333 5025 δυνάμει
2382 4950 2762 5022 ἐπιμελεῖσθαι
2799 4948 3128 5018 ὀφείλουσιν,
3158 4944 3246 4996 ἵνα
3273 4942 3372 5009 τὴν
3410 4933 3658 5025 διᾴκρισιν

2104 5044 2199 5099 τοῦ
2245 5022 2423 5099 ’καλοῦ
2472 5043 2568 5096 καὶ
2598 5040 2696 5094 τοῦ
2735 5038 2912 5094 κακοῦ
2943 5039 3001 5089 ὲν
3034 5032 3289 5105 ἀκριϐείᾳ
3321 5022 3654 5123 κτησάμεγθιν

2106 5141 2198 5193 καὶ
2257 5140 2327 5192 τὰ
2378 5138 2531 5209 παρὰ
2581 5136 2745 5207 φύσιν
2790 5131 3116 5203 είσαχθέντα
3170 5129 3237 5196 τῇ
3275 5117 3484 5189 καθαρᾷ
3512 5117 3656 5181 φύσει

2107 5228 2337 5281 πάντοτε
2371 5225 2760 5297 διακρίνοντες,
2792 5223 2993 5284 εὐθέως
3017 5221 3112 5274 καὶ
3157 5212 3542 5297 carpas-somn);
3571 5210 3659 5247 πο⁸

2104 5293 2518 5389 λιτευσὼμεθαλ
2552 5318 2639 5373 ἵνα
2678 5317 2754 5381 ὡς
2786 5313 3052 5386 ὀφθαλμῷ
3102 5310 3181 5381 τῷ
3222 5308 3321 5377 τῆς
3352 5293 3653 5389 διακρίσευῗς

2110 5412 2261 5483 μέλει
2318 5376 2611 5483 ἐρώμενοι,
2646 5376 3035 5473 ἀσυνδύαστοι,
3084 5376 3179 5457 καίι
3222 5376 3654 5485 eameam

2104 5475 2204 5565 τὰς
2232 5475 2563 5571 τῆξ-κακίας
2591 5501 2881 5562 ὑποθέσεις
2913 5495 3052 5551 εἶναι
3079 5493 3413 5564 δυνηθῶμεῆ
3448 5475 3536 5575 καέ

2103 5612 2214 5657 τως
2242 5559 2342 5665 τέις
2373 5594 2524 5659 θείας
2564 5594 2773 5664 δωρεᾶς
2804 5587 3257 5655 καταξιωθέντες,
3287 5581 3423 5647 ἄξιοι
3448 5564 3533 5665 τιρῦ
3560 5559 3649 5665 KQ:

2111 5682 2226 5761 ρίου
2278 5659 2586 5759 ίενώμεοα·
2632 5659 2765 5739 ’Ᾰπδ
2796 5682 2854 5744 δὲ
2905 5680 3014 5734 τῶν
3052 5676 3341 5750 ὁρωμένων
3372 5659 3646 5720 ὑπόδειγμα
