4016 6438
295 325 394 391 473

1539 324 1908 387 HOMILI/‘E.
1937 350 2007 360 —-
2034 324 2224 387 HOM.
2268 325 2368 385 IV.

3467 326 3573 390 474

296 444 574 511 λάϐωμεν·
619 440 776 494 ἔοικε
830 438 939 509 γὰρ
980 436 1039 489 τὸ
1070 437 1229 507 σῶμα
1259 437 1326 507 τῇ
1358 435 1529 507 ψυχῇ,
1565 437 1660 487 καί
1704 434 1771 488 τὰ
1800 434 1893 486 τοῦ

1998 433 2369 489 militudinem
2431 446 2579 487 enim
2638 431 2930 501 quamdam
2980 431 3148 488 habet
3194 448 3397 504 corpus
3445 452 3572 492 cum

304 534 553 603 σώματος
587 531 905 602 πράγματα
924 530 1003 598 .τῇ
1029 527 1199 598 ψυχῇ,
1232 528 1325 581 καὶ
1345 526 1416 579 τὰ
1445 528 1745 595 φαινόμενα
1773 528 1886 588 τοῖς

302 622 573 697 κρυφίοις.

371 792 451 845 Β¹.
479 791 690 860 Ὠσπερ
716 789 825 860 γὰρ
847 790 909 842 τὸ
942 788 1102 855 σῶμα
1122 788 1234 857 ἔχει
1261 785 1455 857 ὁδηγὸν
1477 785 1569 838 τὸν
1588 784 1884 855 ὀφθαλμὸν,

304 886 399 937 καὶ
430 882 600 944 αὐτὸς
628 882 772 952 ὁρῶν
817 882 936 934 ὅλον
978 883 1161 950 ὁδηγεῖ
1189 881 1249 934 τὸ
1281 880 1441 949 σῶμα
1467 880 1547 941 εἰς
1574 878 1844 946 εὐθύτητα
1868 894 1883 908 ⁸

312 974 511 1028 ὑπόθου
535 974 596 1026 δέ
632 991 722 1043 μοι
765 973 1076 1044 διέρχεσθαι
1123 990 1244 1025 τινα
1275 972 1363 1025 διὰ
1397 972 1580 1025 τόπων
1630 971 1885 1035 ὑλωδῶν,

310 1065 399 1118 καὶ
454 1063 714 1117 ἀκανθῶν
762 1064 1208 1134 πεπληρωμένων
1257 1064 1349 1117 καὶ
1398 1064 1675 1134 βορϐόρων
1703 1104 1717 1128 ,
1759 1063 1889 1117 ἔνθα

306 1156 398 1210 καί
427 1156 545 1225 πῦρ
570 1156 887 1219 ἀναὸάλλει,
906 1157 999 1209 καὶ
1017 1156 1143 1227 ξίφη
1170 1158 1629 1228 παραπεπήγασι,
1650 1158 1887 1226 κρημνοί

301 1263 362 1299 τε
420 1247 517 1299 καὶ
571 1247 783 1300 ὑδάτων
834 1247 1014 1317 πλήθη
1064 1249 1181 1301 ἐκεῖ
1217 1249 1516 1317 τυγχάνει·
1561 1249 1624 1300 τὸ
1648 1249 1888 1302 λοιπὸνὸ

300 1336 507 1408 γοργὸς
538 1339 636 1389 καὶ
662 1338 949 1402 σπουδαῖος
973 1338 1069 1393 καὶ
1100 1338 1376 1410 ἀκίνητος,
1408 1339 1546 1409 ἔχων
1566 1340 1659 1392 τὸν
1686 1340 1885 1408 ὀφθαλο

304 1431 408 1501 μὸν
445 1430 645 1502 ὁδηγὸν
669 1473 685 1497 ,
735 1432 877 1486 πάνυ
933 1433 1310 1503 προσεχόντως
1351 1435 1689 1503 παρέρχεται
1751 1435 1878 1496 τοὺς

298 1524 584 1593 χαλεποὺς
644 1523 888 1587 ἐκείνους
942 1525 1141 1588 τόπους
1166 1564 1183 1589 ,
1250 1524 1493 1595 συνέχων
1547 1525 1887 1595 πανταχόθεν

300 1614 469 1683 χερσὶ
524 1614 620 1667 καὶ
643 1612 772 1667 ποσὶ
812 1615 906 1668 τὸν
931 1615 1130 1685 χιτῶνα
1160 1616 1378 1679 ἑαυτοῦ,
1432 1617 1517 1670 ἵνα
1554 1616 1627 1685 μὴ
1662 1620 1719 1670 ὲν
1770 1622 1889 1681 ταῖς

299 1704 462 1767 ὕλαις
492 1705 590 1759 καὶ
617 1704 882 1769 ἀκάνθαις
906 1708 1252 1779 περισχισθῇ,
1287 1708 1320 1777 ἢ
1352 1708 1459 1760 ἀπὸ
1485 1708 1580 1761 τοῦ
1626 1708 1888 1779 βορϐόρου

1988 526 2193 589 anima,
2236 532 2295 579 et
2331 540 2419 588 ea,
2452 539 2575 593 quae
2604 533 2732 577 sunt
2763 524 3036 594 corporis,
3065 539 3191 579 cum
3227 526 3295 581 iis
3335 543 3458 595 quae
3503 530 3573 583 ad

1987 614 2227 668 animam
2270 623 2540 684 spectant,
2587 623 2645 669 et
2690 630 2813 684 qua:
2854 615 3134 682 videntur,
3169 632 3295 671 cum
3329 618 3398 673 iis
3452 636 3575 691 quae

1986 707 2089 760 sub
2119 716 2400 775 aspectum
2432 721 2543 760 non
2569 706 2791 760 cadunt.

2058 798 2123 851 ll.
2164 797 2641 863 Quemadmodum
2682 797 2831 851 enim
2885 813 3092 866 corpus
3140 800 3364 853 oculum
3402 802 3576 855 habet

1988 887 2208 953 ducem,
2253 896 2309 942 et
2355 889 2472 957 ipse
2521 888 2719 942 oculus
2765 888 2963 942 videns
3022 898 3198 943 tetum
3252 906 3457 961 corpus
3516 894 3573 946 in

1988 990 2197 1035 rectam
2248 980 2303 1034 id
2358 980 2503 1034 viam
2548 980 2797 1035 deducit.
2848 980 3070 1035 Statuas
3120 982 3281 1047 mihi,
3340 985 3576 1038 transire

1986 1073 2279 1144 quemdam
2308 1088 2407 1141 per
2438 1073 2555 1126 loca
2590 1073 2886 1137 silvestria,
2918 1073 3141 1142 spinosa
3175 1084 3231 1129 et
3251 1076 3453 1141 lutosa,
3481 1077 3576 1130 ubi

1985 1176 2044 1222 et
2072 1167 2214 1238 ignis
2245 1175 2520 1235 erumpat,
2544 1173 2601 1219 et
2624 1165 2790 1235 gladii
2819 1164 2985 1229 ailixi,
3028 1175 3085 1220 ct
3112 1167 3415 1237 praecipitia
3443 1169 3578 1238 sint,

1986 1269 2043 1315 et
2071 1260 2259 1313 multa:
2298 1274 2475 1328 aqua.
2541 1258 2659 1313 Jam
2699 1272 2831 1326 ergo
2892 1258 3048 1326 agilis
3097 1258 3209 1322 ille,
3259 1258 3487 1313 sedulus
3519 1270 3578 1315 et

1990 1350 2273 1413 immotus,
2300 1349 2510 1403 habens
2549 1347 2773 1401 oculum
2820 1346 3042 1411 ducem,
3091 1348 3320 1401 omnino
3366 1357 3577 1404 attente

1991 1443 2188 1496 transit
2235 1443 2354 1495 loca
2410 1441 2503 1495 illa
2546 1438 2807 1504 difﬁcilia,
2848 1440 3140 1494 continens
3198 1440 3571 1512 undequaque

1990 1535 2246 1589 manibus
2273 1542 2330 1588 et
2354 1532 2594 1604 pedibus
2621 1531 2864 1586 tunicam
2890 1547 3068 1597 suam,
3100 1547 3171 1585 ne
3206 1547 3237 1585 a
3279 1532 3576 1588 fruticibus

1987 1636 2044 1682 et
2078 1627 2253 1697 spinis
2282 1626 2651 1696 discerpatur,
2679 1634 2774 1678 aut
2802 1624 2919 1677 luto
2944 1624 3404 1690 commaculetur,
3427 1634 3521 1679 aut
3543 1643 3574 1680 a

1991 1718 2172 1788 gladio
2205 1717 2542 1773 diﬂindatur.
2586 1717 2654 1771 Et
2681 1716 2875 1771 oculus
2903 1726 3075 1768 totum
3122 1730 3324 1784 corpus
3358 1716 3569 1786 dirigit,

298 1795 611 1866 ἀφανισθῇ,
650 1796 697 1866 ,ἢ
752 1796 859 1849 ὑπὸ
907 1796 1097 1867 ξίφους
1130 1798 1385 1868 διακοπῇ,
1413 1799 1524 1852 Καὶ
1552 1801 1581 1852 ὁ
1606 1798 1886 1869 ὀφθαλμὸς

1998 1811 2176 1865 lumen
2207 1811 2381 1880 ipsius
2407 1810 2695 1872 cxsistens,
2712 1822 2781 1861 ne
2817 1823 2917 1876 per
2938 1807 3247 1877 praecipitia
3263 1808 3577 1878 disrumpa—

297 1888 423 1941 ὅλον
452 1889 643 1958 ὁδηγεῖ
670 1888 731 1942 τὸ
762 1889 943 1959 σῶμα,
963 1889 1080 1958 φῶς
1100 1890 1176 1942 ῶν
1207 1890 1396 1956 αὑτοῦ,
1415 1891 1502 1943 ἵνα
1521 1889 1596 1961 μὴ
1621 1893 1886 1962 κρημνοῖς

299 1980 731 2051 καταρραγῇ,ἢ
766 1980 921 2035 ὕδασι
972 1982 1403 2053 καταποντισθῇ,
1451 1983 1485 2052 ἡ
1512 1999 1618 2036 τινι
1668 1981 1888 2052 χαλεπῷ

296 2071 658 2141 καταϐλαὸῇ.
704 2072 762 2124 Ὁ
785 2070 928 2125 οὕτω
956 2074 1156 2143 γοργὸς
1187 2075 1282 2125 καὶ
1312 2074 1531 2135 συνετὸς
1550 2114 1566 2138 ,
1600 2074 1697 2126 καὶ
1750 2073 1889 2142 μετά

300 2162 494 2231 πάσης
524 2162 745 2231 νήψεως
776 2163 1183 2234 παρερχόμενος
1214 2165 1529 2232 συσφίγγων
1558 2165 1649 2217 τὸν
1686 2166 1889 2234 χιτῶνα

303 2254 500 2316 αὑτοῦ,
532 2253 639 2306 ὑπὸ
663 2253 756 2306 τοῦ
790 2254 1075 2323 ὀφθαλμοῦ
1107 2255 1310 2318 εὐθέως
1345 2254 1729 2325 ὀδηγούμενος,
1789 2275 1889 2326 φυ-

309 2348 502 2400 λάσσει
527 2348 625 2400 καὶ
656 2348 849 2400 ἑαυτὸν
878 2347 1113 2417 ἀϐλαϐῆ,
1143 2351 1237 2401 καὶ
1261 2348 1354 2401 τὸν
1383 2349 1589 2418 χιτῶνα
1616 2349 1711 2402 τοῦ
1740 2351 1890 2403 ἐνδύ-

321 2458 481 2508 ματος
528 2438 701 2493 αὐτοῦ
733 2438 1004 2492 ἀκαυστον
1035 2441 1130 2493 καὶ
1168 2440 1425 2510 ἄσχιστον
1454 2440 1721 2512 διατηρεῖ.
1762 2443 1889 2497 Ἐὰν

317 2533 371 2585 δέ
395 2529 527 2608 τιςῇ
554 2531 728 2601 ἀργὸς
751 2532 846 2584 καὶ
869 2532 1123 2603 ὀκνηρὸς,
1157 2534 1251 2586 καὶ
1287 2534 1550 2605 ῥᾴθυμος,
1585 2536 1676 2587 καὶ
1696 2535 1888 2605 βαρὺς,

315 2625 407 2678 καὶ
438 2626 663 2695 χαῦνος,
697 2623 784 2676 διὰ
808 2624 916 2677 τῶν
942 2622 1202 2677 τοιούτων
1228 2625 1641 2695 παρερχόμενος
1672 2628 1851 2680 τόπων
1873 2668 1888 2692 ,

308 2718 627 2791 περιρρέων
667 2720 696 2771 ὁ
740 2716 907 2788 χιτὼν
953 2717 1118 2771 αὑτοῦ
1168 2717 1321 2770 ἐνθεν
1351 2720 1444 2770 καὶ
1483 2718 1655 2785 ἐνθεν,
1684 2721 1763 2782 είς
1793 2722 1892 2783 τὰς

310 2811 443 2875 ὔλας
483 2811 585 2863 καὶ⁵
634 2809 877 2872 ἀκάνθας
909 2809 1327 2880 περισχίζεται,
1389 2809 1422 2880 ἧ
1457 2811 1561 2863 ὑπὸ
1594 2810 1689 2863 τοῦ
1723 2812 1893 2883 πυρὸς

309 2903 701 2967 κατακαίεται,
727 2901 816 2956 διὰ
849 2902 909 2955 τὸ
941 2904 1015 2973 μὴ
1057 2903 1301 2972 συνέχειν
1330 2903 1595 2955 πάντοθεν
1634 2903 1894 2975 ἀνδρείως

307 2997 371 3049 τὸ
424 2998 637 3065 ἔνδυμα
810 2996 916 3047 ὑπὸ
968 2995 1079 3047 τῶν
1136 2994 1663 3065 παραπεπηγμένων
1729 2994 1895 3062 ξιφῶν

310 3091 762 3159 παρακόπτεται,
798 3090 831 3157 ἦ
861 3088 965 3140 ὑπὸ
1016 3087 1109 3139 τοῦ
1132 3086 1395 3157 βορϐόρου
1436 3086 1743 3147 σπιλοῦται,
1801 3089 1895 3140 καὶ

311 3181 661 3245 ἁπαξαπλῶς
697 3182 887 3250 τάχιον
920 3181 1278 3249 καταφθείρει
1316 3179 1407 3232 τὸν
1450 3178 1615 3233 καλὸν
1646 3181 1741 3233 καὶ
1774 3198 1897 3233 και-

310 3275 401 3324 νὸν
431 3272 533 3325 τοῦ
564 3272 862 3341 ἐνδύματος
897 3272 1101 3341 χιτῶνα
1130 3312 1145 3337 ,
1176 3271 1265 3325 διὰ
1288 3272 1387 3341 τὴν
1417 3270 1770 3341 ἀπροσεξίαν,
1804 3273 1899 3325 καὶ

1989 1910 2099 1966 tur,
2131 1910 2226 1954 aut
2253 1900 2414 1970 aquis
2454 1900 2831 1970 immergatur,
2867 1908 2962 1952 aut
3005 1915 3135 1953 casu
3172 1899 3377 1953 dilﬁcili
3407 1901 3574 1954 laeda—

1990 1999 2113 2046 tur:
2148 1991 2232 2045 sic
2264 2004 2395 2060 ergo
2434 1989 2633 2043 alacris
2669 1989 2761 2043 ille
2805 1997 2861 2042 et
2902 1997 3097 2041 cautus
3168 1989 3580 2058 transgrediens

1990 2090 2265 2137 coarctata
2294 2089 2446 2136 veste
2491 2095 2612 2146 sua,
2667 2095 2884 2135 summa
2926 2080 3097 2133 animi
3143 2080 3462 2145 sobrietate,
3508 2082 3578 2134 ah

1990 2172 2153 2227 oculo
2178 2178 2332 2225 recta
2360 2170 2654 2233 deductus,
2686 2186 2797 2227 non
2820 2169 3059 2238 seipsum
3115 2171 3294 2223 solum
3322 2170 3576 2235 illaesum,

1989 2264 2088 2320 sed
2133 2273 2193 2319 et
2240 2263 2481 2317 tunicam
2530 2277 2684 2317 suam
2733 2261 3136 2315 incmnhustam
3181 2270 3239 2315 et
3286 2261 3577 2315 indivisam

1990 2365 2303 2411 conservat.
2339 2355 2397 2409 Si
2427 2369 2561 2409 vero
2608 2353 2881 2424 quispiam
2912 2352 3098 2405 minus
3128 2352 3327 2417 alacer,
3366 2353 3575 2417 tardus,

1992 2449 2195 2519 segnis,
2237 2463 2445 2513 socors,
2484 2448 2667 2500 lentus
2711 2454 2769 2498 et
2806 2445 3037 2515 ignavus
3081 2446 3203 2498 inec
3225 2444 3343 2498 loca
3398 2454 3581 2499 trans-

1992 2545 2297 2615 grediatur,
2338 2544 2522 2598 tunica
2552 2543 2672 2613 ejus
2701 2542 2833 2595 hinc
2866 2541 2993 2596 inde
3050 2540 3325 2605 dillluens,
3357 2538 3578 2594 frutici-

1995 2638 2099 2691 bus
2128 2643 2185 2691 et
2208 2636 2382 2705 spinis
2411 2633 2768 2703 discerpitur,
2812 2641 2909 2686 aut
2949 2632 3061 2702 igni
3106 2631 3472 2695 comburitur,
3511 2646 3581 2686 eo

1993 2726 2140 2798 quod
2162 2741 2282 2781 eam
2302 2741 2412 2779 non
2434 2733 2658 2779 strenue
2674 2723 2971 2784 contineat;
2994 2733 3087 2778 aut
3103 2724 3173 2777 ab
3194 2723 3365 2778 afﬁxis
3388 2722 3582 2793 gladiis

1996 2817 2322 2881 diﬁinditur,
2360 2824 2455 2869 aut
2476 2828 2635 2870 emno
2658 2814 2945 2884 polluitur,
2991 2820 3067 2879 et,
3106 2822 3168 2867 ut
3214 2814 3459 2868 breviter
3499 2812 3582 2864 di-

1998 2924 2139 2970 cam,
2163 2908 2330 2961 citius
2352 2905 2536 2976 perdit
2565 2894 2875 2975 elegantem
2908 2920 2973 2958 ac
3016 2920 3216 2959 novam
3263 2905 3411 2958 illam
3485 2919 3583 2956 ve-

2010 3009 2172 3063 stem,
2222 3006 2451 3068 prOpter
2494 2994 2905 3065 negligentiam,
2955 2995 3301 3048 oscitantiam
3350 3003 3407 3047 et
3437 2993 3585 3064 igna-

2004 3093 2145 3145 vialn
2187 3106 2360 3145 suam.
2388 3088 2670 3155 Quinimo,
2716 3086 2761 3142 si
2812 3088 2995 3141 minus
3041 3088 3334 3157 diligenter
3372 3095 3430 3139 et
3473 3086 3585 3139 ala-

2006 3184 2173 3238 criter
2198 3182 2361 3236 oculo
2396 3181 2668 3246 attendat,
2702 3189 2800 3234 aut
2829 3180 3040 3235 incidet
3094 3181 3149 3234 in
3197 3180 3436 3245 foveam,
3488 3187 3589 3232 aut

2007 3272 2166 3340 aquis
2185 3269 2555 3338 demergetur.

310 3366 626 3432 χαυνὸτητα
659 3402 673 3423 ,
734 3364 828 3416 καὶ
873 3360 1137 3430 ὁκνηρίαν
1208 3361 1373 3415 αὑτοῦ
1410 3378 1423 3391 ο
1462 3362 1510 3413 εί
1561 3360 1617 3412 δὲ
1654 3362 1728 3432 μὴ
1797 3361 1973 3423 καλῶς
2013 3363 2108 3416 καὶ
2153 3362 2357 3424 εὐθέως
2413 3359 2491 3429 τῷ
2552 3359 2820 3429 ὀφθαλμῷ
2891 3361 3150 3430 προσέχει
3183 3401 3199 3426 ,
3270 3362 3368 3414 καὶ
3425 3360 3588 3423 αὐτὸς

307 3460 389 3519 εἰς
430 3456 698 3524 φάραγγα
737 3457 1025 3518 πεσεῖται,
1058 3454 1090 3523 ἢ
1120 3456 1179 3506 ἐν
1217 3457 1329 3517 τοῖς
1374 3453 1528 3507 ὖδασ.
1566 3454 2156 3524 καταποντισθήσεται.

378 3570 460 3623 Γ.
494 3569 606 3621 Τὸν
637 3568 800 3621 αὐτὸν
821 3568 1023 3637 τρόπον
1062 3568 1155 3620 καὶ
1188 3570 1221 3637 ἡ
1260 3566 1407 3637 ψυχὴ
1435 3566 1677 3636 φοροῦσα
1711 3566 1900 3635 ὥσπερ

311 3662 521 3734 χιτῶνα.
551 3662 719 3714 καλὸν
736 3660 797 3713 τὸ
818 3659 1022 3728 ἔνδυμα
1052 3658 1144 3712 τοῦ
1166 3658 1437 3730 σώματος,
1467 3659 1665 3727 ἔχουσα
1693 3658 1903 3727 διακρι-

320 3755 467 3807 τικὸν
502 3755 669 3825 μέλος
692 3753 915 3806 εὐθύνον
942 3751 1070 3821 ὃλην
1097 3751 1195 3822 τὴν
1222 3752 1402 3821 ψυχὴν
1434 3751 1571 3821 μετὰ
1597 3749 1691 3802 τοῦ
1714 3751 1903 3819 σῶμα-

329 3862 445 3910 τος,
475 3844 894 3916 παρερχομένην
929 3844 1017 3896 διὰ
1045 3843 1154 3896 τῶν
1185 3842 1326 3894 ὑλῶν
1373 3841 1470 3895 καὶ
1511 3838 1764 3893 ἀκανθῶν
1806 3838 1900 3890 τοῦ

324 3938 462 4009 βίον,
500 3939 598 3991 καὶ
627 3938 911 4008 βορὸόρου,
941 3938 1036 3989 καὶ
1064 3936 1255 4003 πυρὸς,
1281 3935 1374 3986 καὶ
1424 3931 1688 4003 κρημνῶν
1707 3972 1721 3997 ,
1756 3930 1902 3984 τοῦτ’

320 4031 469 4083 ἔστιν
500 4030 831 4099 ἐπιθυμιῶν,
858 4030 954 4081 καί
992 4030 1195 4099 ἡδονῶν
1216 4068 1231 4093 ,
1280 4027 1375 4079 καὶ
1407 4025 1514 4079 τῶν
1543 4023 1743 4077 λοιπῶν
1774 4024 1896 4077 ἀτό-

320 4142 441 4177 πων
467 4123 564 4176 τοῦ
590 4123 786 4185 αίῶνος
816 4122 1011 4174 τούτου
1036 4162 1052 4184 ,
1098 4120 1363 4173 πάντοθεν
1401 4117 1606 4187 ὀφείλει
1639 4121 1775 4187 μετά
1803 4117 1901 4185 νή-

313 4219 489 4287 ψεως,
552 4220 648 4271 καὶ
703 4218 964 4289 ἀνδρίας,
1012 4218 1106 4269 καὶ
1152 4215 1424 4285 σπουδῆς,
1474 4216 1569 4267 καὶ
1627 4213 1901 4284 προσοχῆς

324 4312 661 4381 συσφίγγειν
696 4315 788 4365 καὶ
816 4310 1113 4380 φυλάσσειν
1137 4309 1335 4378 ἑαυτὴν
1360 4350 1372 4371 ,
1412 4308 1505 4360 καὶ
1556 4307 1648 4361 τὸν
1698 4307 1903 4376 χιτῶνα

312 4406 414 4458 τοῦ
440 4406 714 4473 σώματος,
746 4406 820 4475 μή
850 4421 954 4457 που
992 4404 1317 4473 περισχισθῇ
1348 4404 1405 4456 ἐν
1434 4403 1554 4465 ταῖς
1580 4400 1674 4454 τοῦ
1692 4400 1899 4469 κόσμου

2085 3563 2174 3619 ΙΙΙ.
2220 3564 2427 3618 Eodem
2473 3562 2637 3616 modo
2681 3571 2738 3616 et
2766 3562 2970 3627 anima,
3023 3575 3145 3630 quae
3180 3560 3426 3615 tunicam
3461 3577 3587 3616 cor-

1984 3654 2162 3723 poris
2218 3662 2416 3724 gestat,
2466 3651 2638 3705 veluti
2708 3651 3029 3708 nmclaram
3086 3656 3318 3715 vestem,
3375 3652 3587 3719 pollens

2011 3746 2276 3799 facultate
2311 3742 2686 3807 discernendi,
2719 3756 2839 3810 quae
2871 3740 3059 3810 dirigit
3091 3749 3263 3795 totam
3304 3758 3428 3795 cum
3468 3759 3591 3796 cor-

2009 3853 2142 3907 pore
2193 3837 2454 3899 animam,
2507 3844 2881 3889 transeuntem
2924 3849 3024 3903 per
3064 3849 3290 3887 nemora
3315 3843 3371 3888 et
3403 3836 3591 3903 spinas

2008 3931 2155 3993 vitaa,
2185 3937 2241 3983 et
2270 3945 2369 3999 per
2408 3942 2650 3992 caenum,
2687 3935 2743 3981 et
2781 3926 2984 3995 ignem,
3021 3934 3075 3979 et
3111 3926 3432 3995 praecipitia,
3484 3928 3589 3981 hoc

2008 4029 2114 4086 est,
2166 4022 2500 4090 cupiditates
2551 4028 2607 4073 et
2654 4020 2990 4088 voluptates,
3042 4026 3100 4073 et
3148 4020 3390 4088 reliquas
3424 4020 3591 4090 hujus

2010 4114 2195 4169 saeculi
2228 4113 2618 4177 absurditates,
2662 4110 2869 4181 ubique
2905 4110 3071 4165 debet
3102 4110 3309 4175 sobrie,
3347 4112 3587 4177 fortiter,

2011 4207 2308 4278 diligenter
2353 4214 2410 4260 et
2463 4213 2671 4259 attente
2736 4203 3025 4257 continere
3079 4212 3137 4256 et
3180 4203 3475 4258 observare
3530 4220 3588 4259 se

1984 4302 2204 4371 Aipsam,
2247 4308 2302 4353 et
2346 4298 2587 4352 tunicam
2624 4297 2894 4365 eorpOris,
2957 4312 3024 4350 ne
3067 4296 3393 4350 dilaceretui
3444 4297 3593 4350 inter

2010 4392 2242 4445 frutices
2276 4397 2333 4442 ct
2373 4388 2561 4457 spinas
2607 4385 2777 4456 hujus
2805 4385 3017 4447 mundi,
3059 4392 3120 4436 ut
3155 4391 3284 4437 sunt
3311 4384 3592 4437 sollieitu-r

319 4495 482 4560 ὕλαις
513 4499 610 4550 καὶ
643 4497 909 4558 ἀκάνθαις
935 4535 949 4558 ,
990 4495 1275 4566 μεριμνῶν
1304 4535 1317 4558 ,
1354 4496 1448 4546 καὶ
1479 4491 1770 4562 ἀσχολιῶν,
1806 4491 1895 4544 καὶ

2008 4481 2188 4545 dines,
2218 4479 2440 4548 negotia
2475 4486 2530 4531 et
2556 4492 2703 4530 cura:
2740 4483 3071 4539 terrestres;
3104 4482 3198 4527 aut
3216 4473 3285 4527 ab
3313 4473 3433 4544 igne
3459 4490 3590 4527 con—-

314 4587 733 4658 περισπασμῶν
758 4589 993 4655 γηΐνων·
1022 4587 1118 4637 καλ⁵
1152 4585 1259 4638 ὑπὸ
1307 4584 1402 4636 τοῦ
1440 4583 1611 4652 πυρὸς
1643 4582 1743 4651 τῆς
1784 4584 1903 4634 ἑπι-

315 4680 529 4750 θυμίας
557 4679 873 4749 κατακαυθῇ
902 4695 917 4709 ·
970 4674 1082 4731 οἷον
1122 4677 1443 4746 ὲνδεδυμὲνη
1490 4676 1583 4727 τὸν
1626 4674 1902 4742 ὀφθαλμὸν

317 4772 666 4841 ἀποστρέφει
693 4813 708 4837 ,
742 4771 835 4824 τοῦ
884 4771 960 4842 μὴ
1018 4770 1149 4823 ἰδεῖν
1193 4769 1410 4839 πονηρά
1442 4783 1457 4799 ο
1489 4768 1551 4819 τὸ
1579 4766 1672 4830 οὓς
1703 4768 1903 4836 ὁμοίως

318 4865 685 4936 ἀποστρέφει,
716 4864 809 4917 τοῦ
844 4865 918 4935 μὴ
942 4863 1164 4917 ἀκούειν
1190 4860 1545 4915 καταλαλιάν.
1583 4860 1694 4930 Τὴν
1732 4859 1907 4927 γλῶσ-

325 4975 425 5009 σαν
458 4955 558 5009 τοῦ
593 4958 667 5026 μὴ
701 4956 881 5010 λαλεῖν
909 4956 1113 5026 μάταια
1160 4971 1174 4985 ο
1225 4956 1416 5023 χεῖρας
1444 4953 1540 5005 καὶ
1581 4952 1749 5013 πόδας
1798 4950 1905 5003 ἀπὸ

318 5049 771 5121 επιτηδευμάτων
798 5048 1005 5101 κακῶν.
1047 5048 1199 5115 Ἔχει
1256 5048 1366 5115 γὰρ
1420 5045 1632 5113 θέλημα
1675 5046 1707 5112 ή
1758 5042 1903 5112 ψυχὴ

326 5138 421 5191 τοῦ
456 5138 798 5208 ἀποστρέψαι
827 5140 917 5189 καὶ
956 5136 1197 5189 κωλῦσαι
1234 5136 1302 5187 τὰ
1349 5136 1485 5205 μέλη
1516 5135 1612 5186 τοῦ
1655 5132 1905 5203 σώματος

328 5231 436 5284 ἀπὸ
487 5230 770 5285 κακίστων
811 5230 1099 5298 θεαμάτων
1150 5228 1244 5279 καὶ
1288 5228 1461 5296 ἀκοῆς
1509 5228 1776 5295 πονηρᾶς,
1811 5227 1906 5276 καὶ

323 5327 578 5396 αἰσχρᾶς,
629 5325 724 5376 καὶ
770 5322 943 5390 λόγων
978 5319 1268 5390 ἀπρεπῶν,
1307 5319 1403 5372 καὶ
1455 5318 1905 5389 ἐπιτηδευμάτων

317 5419 607 5486 κοσμικῶν
648 5417 743 5469 καὶ
769 5415 1045 5485 πονηρῶν.

389 5511 463 5565 Δ’.
498 5510 862 5578 Ἀποστρέφει
892 5509 949 5561 δὲ
977 5509 1071 5561 καὶ
1113 5506 1312 5576 ἑαυτὴν
1340 5506 1373 5575 ἡ
1404 5504 1549 5575 ψυχὴ
1569 5505 1672 5557 ὑπὸ
1703 5503 1907 5575 ρεμϐα-

313 5605 474 5675 σμῶν
492 5603 775 5673 πονηρῶν,
795 5601 1141 5671 φυλάττουσα
1152 5599 1253 5668 τὴν
1272 5598 1523 5667 καρδίαν,
1540 5596 1636 5648 τοῦ
1675 5595 1748 5665 μὴ
1768 5595 1904 5664 ῥέμ-

315 5695 508 5750 ϐεσθαι
540 5699 601 5750 ὲν
634 5695 716 5766 τῷ
740 5695 935 5762 κόσμῳ
972 5691 1040 5743 τὰ
1073 5689 1210 5760 μέλη
1237 5688 1346 5740 τῶν
1380 5686 1657 5755 λογισμῶν
1688 5686 1859 5755 αύτῆς
1886 5700 1899 5713 ο

316 5790 405 5845 καὶ
444 5790 629 5852 οὔτως
657 5782 1065 5855 ἀγωνιζομένη,
1091 5781 1184 5835 καί
1217 5777 1617 5844 σπουδάζουσα,
1648 5779 1740 5831 καὶ
1778 5794 1903 5831 συν-

2007 4572 2363 4642 cupiscentia:
2391 4569 2753 4624 comburatur
2792 4584 2807 4620 :
2838 4582 2903 4621 ea
2947 4567 3100 4621 velut
3142 4566 3332 4621 induta
3365 4567 3591 4621 oculum

2005 4664 2225 4730 avertit,
2262 4678 2332 4717 ne
2368 4662 2557 4717 videat
2593 4662 2860 4717 malitiam
2917 4676 2931 4713 :
2994 4659 3255 4713 similiter
3297 4668 3353 4713 et
3392 4675 3578 4722 aures,

2005 4772 2075 4811 ne
2113 4754 2343 4809 audiant
2394 4753 2862 4813 detrectationes;
2917 4752 3182 4821 linguam,
3228 4766 3297 4804 ne
3329 4751 3589 4817 loquatur

2008 4862 2145 4901 vana
2167 4865 2180 4913 ;
2200 4860 2395 4900 manus
2423 4845 2666 4914 etpedes
2692 4845 2760 4898 ab
2790 4844 3104 4899 actionibus
3120 4849 3176 4895 et
3190 4840 3389 4893 studiis
3420 4840 3582 4893 inho-

2005 4936 2200 4990 nestis.
2237 4935 2413 4989 liabet
2436 4935 2583 4988 enim
2614 4934 2794 4988 anima
2823 4934 3164 4987 voluntatem
3198 4929 3504 4993 avertendi,
3529 4939 3587 4983 et

2009 5027 2276 5083 avocandi
2306 5026 2553 5080 membra
2594 5026 2846 5095 corporis
2894 5025 2963 5077 ah
3012 5022 3322 5077 inhonestis
3368 5032 3582 5091 specta-

2009 5120 2168 5184 culis,
2198 5119 2266 5173 ab
2303 5117 2704 5171 auscultatione
2734 5117 2853 5186 ejus
2901 5116 3050 5184 quod
3085 5114 3287 5168 malum
3331 5121 3387 5167 et
3427 5121 3591 5181 turpe

2006 5222 2111 5274 est,
2145 5225 2176 5264 a
2204 5223 2461 5263 sermone
2492 5207 2676 5262 minus
2712 5207 2951 5268 decenti,
2984 5217 3040 5260 et
3068 5204 3265 5260 olliciis
3294 5203 3595 5258 mundanis

2008 5318 2072 5357 ac
2104 5301 2400 5370 perversis.
3070 5282 3077 5285 ’

2076 5502 2167 5557 ιν.
2202 5503 2417 5557 Avertit
2455 5502 2620 5557 etiam
2649 5501 2886 5572 seipsam
2914 5501 3094 5555 anima
3150 5500 3221 5554 ab
3261 5496 3555 5567 occupatio

2006 5595 2171 5651 nibus
2200 5598 2399 5649 mentis
2439 5595 2625 5649 minus
2653 5596 2779 5665 piis,
2812 5594 3113 5649 observans
3131 5608 3248 5657 cor,
3280 5606 3350 5644 ne
3371 5591 3584 5660 cogita-

2007 5687 2189 5740 tiones
2214 5688 2333 5756 ejus
2374 5702 2471 5756 per
2495 5686 2761 5741 mundum
2786 5686 2917 5740 hinc
2944 5684 3071 5739 inde
3101 5684 3579 5752 circumagautur:

2006 5786 2064 5832 et
2093 5776 2172 5832 sic
2206 5794 2314 5832 non
2357 5779 2570 5849 absque
2608 5793 2789 5849 pugna
2821 5784 2877 5833 et
2903 5776 3119 5847 labore,
3162 5790 3231 5830 ex
3252 5774 3400 5830 omni
3430 5782 3589 5843 parte
