4016 6434
524 312 630 380 475
1780 308 1843 369 S.
1878 306 2199 368 MACARII
2233 304 2555 368 )EGYPTII
3691 306 3780 371 476

528 424 838 493 diligenter
873 422 927 476 et
953 429 1167 477 attente
1193 419 1486 475 continens
1525 416 1773 473 membra
1811 417 2062 487 corporis
2092 432 2114 470 a

2193 419 2433 489 ,ἔχουσα
2480 416 2748 471 πάντοθεν
2796 418 2855 469 ἐν
2904 415 3075 488 πολλῇ
3123 418 3370 488 προσοχῆ
3430 416 3499 471 τὰ
3533 418 3661 492 μέλη
3698 425 3779 478 τοῦ

530 513 768 591 malitia,
803 512 871 570 ab
898 513 1051 567 omni
1116 513 1477 574 laceratione,
1520 510 1903 566 combustione
1942 518 2000 565 et
2038 509 2116 563 in-

2233 514 2487 585 σώματος
2522 511 2630 565 ἀπὸ
2658 508 2864 570 κακῶν,
2900 508 3177 578 ἄσχιστον,
3233 510 3337 562 καὶ
3376 507 3658 576 ἄκαυστόν,
3702 515 3780 569 καὶ

527 607 871 679 quinatione,
910 605 1232 675 praeclaram
1261 603 1511 673 corporis
1541 603 1803 666 tunicam,
1826 601 2113 656 immunem

2231 606 2463 661 ἄσπιλον
2491 602 2591 671 τὸν,
2607 602 2772 656 καλὸν
2800 600 3004 671 χιτῶνα
3034 599 3127 652 τοῦ
3154 598 3409 669 σώματος
3436 601 3778 670 διαφυλάσσει·

530 706 843 753 conservat.
889 698 983 749 Illa
1017 698 1134 766 ipsa
1170 696 1411 764 denique
1441 708 1541 763 per
1569 708 1724 748 suam
1762 693 2116 759 voluntatem,

2232 700 2329 753 καὶ
2353 696 2493 768 αὐτὴ
2530 696 2619 749 διὰ
2666 694 2760 747 τοῦ
2805 692 3111 761 γνωστικοῦ
3161 692 3256 745 καὶ
3297 692 3653 761 διανοητικοῦ,
3702 699 3782 751 καὶ

539 789 1061 859 quazcognoscendi,
1088 785 1434 856 intelligendi
1459 792 1517 841 et
1538 783 1889 839 discernendi
1915 785 1966 838 vi
1991 801 2125 854 pra:-

2228 787 2571 859 διακριτικοῦ
2605 788 2915 859 θελήματος
2944 786 3145 853 αὐτῆς,
3178 785 3238 838 τὸ
3272 784 3333 837 δὲ
3357 786 3468 837 πᾶν
3486 785 3572 838 διὰ
3593 788 3683 856 τῆς
3704 790 3781 842 τοῦ

532 879 654 932 dita
692 886 798 941 est,
828 892 892 930 ac
918 877 1149 931 omnino
1177 887 1239 931 ut
1268 876 1469 941 dicam,
1494 892 1593 946 per
1617 876 1833 929 Domini
1864 876 2118 930 virtutem

2229 883 2438 953 Κυρίου
2471 882 2776 952 δυνάμεως,
2810 878 3219 949 φυλαχθήσεται
3243 917 3259 940 ,
3295 876 3440 941 αὑτὴ
3483 880 3672 948 ἑαυτὴν
3698 880 3781 950 ὅση

537 968 981 1033 conservabitur,
1028 984 1149 1037 quae
1210 977 1264 1021 et
1298 983 1355 1021 se
1381 967 1553 1037 ipsam
1600 982 1699 1036 pro
1759 966 1970 1021 viribus
2012 967 2123 1022 suis

2226 973 2455 1043 δύναμις
2477 971 2875 1041 συσφίγγουσα,
2904 970 2998 1022 καὶ
3020 970 3199 1037 πάσης
3214 966 3517 1037 ἐπιθυμίας
3544 972 3781 1040 κοσμικῆς

528 1061 749 1115 cohibet
787 1072 841 1115 et
870 1060 940 1113 ab
981 1059 1132 1114 omni
1169 1058 1623 1128 concupiscentia
1678 1058 1960 1113 mundana
1990 1058 2114 1113 sub-

2226 1062 2673 1133 ἀποστρέφουσα·
2698 1059 2789 1113 καὶ
2810 1059 2982 1121 οὕτως
3002 1058 3106 1111 ὑπὸ
3121 1056 3212 1111 τοῦ
3240 1058 3448 1129 Κυρίου
3474 1059 3780 1131 βοηθουμένη

530 1153 717 1206 ducit:
752 1151 856 1223 14
884 1161 1049 1221 atque
1075 1152 1153 1205 sic
1174 1151 1440 1204 auxilium
1472 1151 1749 1206 aDomino
1766 1151 2116 1215 nanciscitur,

2226 1154 2307 1217 είς
2333 1152 2394 1207 τὸ
2419 1152 2478 1220 ἐξ
2504 1151 2763 1221 ἀληθείας
2792 1148 3134 1219 φυλαχθῆναι
3160 1148 3335 1219 αὐτὴν
3369 1149 3480 1201 ἀπὸ
3494 1150 3600 1202 τῶν
3623 1168 3781 1220 προει-

535 1254 595 1297 υι
621 1258 813 1297 revera
844 1242 1191 1297 custodiatur
1214 1257 1245 1295 a
1275 1242 1456 1305 malis,
1492 1258 1615 1312 qua:
1647 1252 1808 1297 antea
1830 1258 2121 1297 enumera-

2228 1244 2482 1315 ρημένων
2529 1240 2739 1295 κακῶν.
2770 1240 2943 1293 Ἐπάν
2976 1238 3085 1309 γάρ
3115 1238 3195 1308 ῐδῃ
3226 1240 3256 1290 ὁ
3292 1237 3501 1309 Κύριός
3534 1256 3649 1291 τινα
3677 1257 3780 1308 γεν-

528 1336 731 1389 vimus.
772 1334 827 1388 Si
849 1334 1070 1403 quando
1094 1334 1242 1387 enim
1272 1334 1541 1389 Dominus
1567 1335 1881 1405 quempiam
1897 1334 2114 1401 viderit,

2224 1335 2392 1399 ναίως
2440 1332 2917 1404 ἀποστρεφόμενον
2962 1332 3062 1393 τὰς
3112 1330 3207 1384 τοῦ
3261 1330 3382 1399 βίου
3434 1331 3660 1400 ἡδονὰς,
3702 1334 3779 1385 καὶ

531 1425 626 1494 (ιυί
654 1423 903 1494 gnaviter
934 1424 1003 1478 ab
1042 1422 1208 1494 hujus
1232 1423 1425 1477 mundi
1449 1424 1853 1494 voluptatibus,
1914 1424 2116 1479 distra-

2224 1426 2645 1498 περισπασμοὺς
2694 1424 2790 1478 καὶ
2851 1425 3125 1495 μερίμνας
3175 1422 3371 1486 ὑλικὰς
3431 1422 3527 1475 καὶ
3576 1422 3776 1492 δεσμοὺς

531 1516 811 1571 ctionibus
838 1524 894 1571 et
915 1516 1069 1571 curis
1098 1516 1303 1571 crassis
1334 1531 1399 1570 ac
1428 1517 1667 1571 terrenis
1702 1516 1938 1571 vinculis
1957 1527 2117 1586 atque

2222 1521 2466 1590 γηῒνους,
2498 1520 2596 1571 καὶ
2632 1516 2987 1587 ρεμσασμοὺς
3016 1516 3296 1586 λογισμῶν
3330 1515 3594 1585 ματαίων,
3626 1516 3776 1569 δίδωσι

530 1623 796 1662 vanarum
833 1609 1234 1679 cogitationum
1285 1608 1751 1677 occupationibus
1801 1624 1861 1663 se
1904 1616 2116 1672 avocet,

2220 1617 2320 1687 τὴν
2365 1616 2498 1670 ίδίαν
2532 1618 2631 1686 τῆς
2664 1614 2888 1685 χάριτος
2925 1612 3199 1683 βοήθειαν,
3238 1612 3493 1665 ἄπτωτον
3534 1610 3771 1680 διατηρῶν

529 1710 755 1770 Ῑπαεειθι
790 1701 869 1754 illi
914 1701 1194 1770 peculiare
1242 1700 1433 1769 gratia:
1462 1700 1750 1767 auxilium,
1784 1700 2115 1771 illaesamque

2221 1710 2320 1780 τὴν
2345 1708 2523 1778 ψυχὴν
2548 1707 2764 1778 ἐκείνην
2790 1706 2930 1773 διεξε
2940 1706 3211 1777 ρχομὲνην
3227 1704 3414 1768 καλῶς
3433 1703 3525 1757 τὸν
3540 1703 3774 1756 ἐνεστῶτα

527 1794 772 1848 animam
798 1793 970 1856 illam,
1003 1808 1125 1862 quae
1154 1791 1373 1846 fortiter
1407 1806 1651 1862 praesens
1696 1793 1804 1848 hoc
1854 1792 2113 1847 saeculum

2188 1779 2193 1825 ί
2479 1772 2684 1854 ἀίῶνα.
2714 1772 2825 1853 Καὶ
2851 1772 3080 1869 οῠὲώξῆ
3276 1796 3521 1849 ἐπαίνων
3543 1793 3774 1865 οὐρανίων

528 1900 858 1956 perversum
928 1885 1254 1955 pertransit,
1322 1894 1635 1941 conservat.
1684 1885 1753 1940 Et
1802 1885 1883 1940 sic
1938 1885 2114 1940 anima

2222 1894 2378 1966 παρά
2404 1892 2538 1947 Θεοῦ
2564 1894 2659 1946 καὶ
2680 1892 2927 1961 ἀγγέλων
2951 1890 3225 1955 τεύξεται,
3251 1890 3337 1943 ὅτι
3370 1888 3464 1941 τὸν
3492 1886 3679 1958 χιτῶνα
3694 1884 3767 1939 τοῦ

530 1980 755 2034 εωιεειε
780 1980 1119 2049 praeconium
1156 1995 1187 2033 a
1217 1979 1331 2034 Deo
1359 1990 1417 2035 et
1448 1979 1659 2050 angelis
1678 1980 1799 2049 ejus
1824 1977 2116 2048 consequi-

2223 1988 2476 2057 σώματος
2499 1986 2672 2057 αὐτῆς
2700 1985 2882 2047 καλῶς
2908 1981 3197 2053 διεφύλαξε
3224 1982 3321 2036 καὶ
3353 1979 3571 2049 ἑαυτὴν,
3596 1980 3704 2032 ὅσον
3721 1976 3770 2030 τὸ

530 2078 643 2135 tur,
676 2070 827 2139 quod
857 2082 1065 2125 vestem
1097 2070 1348 2139 corporis
1376 2071 1460 2124 sui
1485 2080 1542 2125 et
1574 2086 1633 2125 se
1661 2070 1833 2141 ipsam
1864 2078 2116 2125 accurate

2220 2080 2281 2132 ἑν
2310 2078 2447 2148 αὐτῇ
2478 2077 2723 2142 δυνατὸν,
2757 2078 2939 2129 πᾶσαν
2969 2072 3271 2145 ἐπιθυμίαν
3299 2072 3397 2127 τοῦ
3426 2073 3624 2143 κόσμου
3650 2073 3764 2125 ἀπο-

532 2162 901 2225 conservarit,
938 2170 995 2216 et
1027 2161 1199 2231 quod,
1235 2170 1503 2231 quantum
1532 2161 1588 2215 in
1611 2176 1671 2217 se
1709 2161 1837 2228 fuit,
1868 2162 1937 2215 ab
1966 2161 2118 2215 omni

2224 2169 2549 2241 στραφεῖσα,
2609 2167 2706 2221 καὶ
2756 2166 2849 2220 ὑπ’
2911 2165 3079 2219 αὑτοῦ
3140 2163 3498 2236 βοηθηθεῖσα,
3543 2161 3629 2215 τὸν
3672 2159 3768 2231 δρό-

529 2252 985 2323 concupiscentia
1035 2253 1311 2306 mundana
1356 2267 1547 2307 aversa
1601 2259 1658 2305 et
1692 2264 1928 2318 remota,
1960 2252 2115 2307 auxi-

2225 2275 2327 2329 μον
2353 2257 2446 2312 τοῦ
2482 2257 2698 2312 σταδίου
2734 2256 2831 2311 τοῦ
2862 2256 3073 2328 κόσμου
3103 2254 3305 2309 τούτου
3347 2252 3531 2318 καλῶς
3570 2249 3767 2321 διεξελή-

530 2343 718 2412 lioque
785 2342 974 2397 divino
1033 2343 1229 2412 potita,
1286 2357 1513 2397 cursum
1568 2341 1731 2397 stadii
1786 2342 1952 2413 hujus
1994 2342 2121 2397 vita:
2220 2346 2380 2402 λυθεν

532 2432 775 2488 feliciter
808 2433 1129 2489 absolverit.

603 2523 669 2578 ν.
710 2522 769 2579 Si
807 2525 934 2594 quis
960 2533 1145 2579 autem
1185 2523 1407 2595 pigritia
1454 2532 1513 2580 et
1566 2524 1799 2596 segnitie
1833 2523 2113 2591 dimuens,

2290 2528 2367 2581 E'.
2391 2526 2452 2580 El
2468 2525 2527 2580 δέ
2543 2542 2627 2589 τις
2642 2526 2701 2578 ὲν
2714 2522 3006 2596 χαυνότητι
3022 2521 3117 2577 καὶ
3142 2521 3392 2594 ῥᾳθυμίᾳ
3424 2520 3497 2592 μὴ
3522 2516 3765 2591 προσεχόν-

532 2625 698 2671 caute
748 2617 804 2670 in
862 2616 966 2670 hac
1020 2616 1132 2671 vita
1184 2633 1294 2671 non
1321 2616 1586 2683 ambulet,
1616 2626 1672 2671 et
1714 2633 1782 2671 ex
1820 2631 1916 2670 sua
1950 2616 2118 2685 ipsius

2227 2636 2338 2683 τως
2374 2620 2431 2672 ὲν
2466 2617 2544 2688 τῷ
2584 2617 2688 2689 βίῳ
2712 2617 2891 2687 τούτῳ
2912 2615 3209 2688 πορεύεται
3235 2654 3251 2680 ,
3285 2615 3384 2667 καὶ
3419 2615 3484 2667 ὲκ
3514 2611 3759 2681 θελήματος

535 2710 823 2764 voluntate
849 2724 1070 2765 omnem
1100 2710 1608 2780 concupiscentiam
1648 2709 1981 2764 mundanam
2010 2724 2121 2763 non

2227 2711 2357 2765 ίδίου
2385 2711 2486 2764 οὐκ
2511 2709 2920 2781 ἀποστρέφεται
2936 2710 3118 2762 πᾶσαν
3143 2706 3445 2778 ἐπιθυμίαν
3465 2704 3557 2759 τοῦ
3578 2705 3745 2772 κόσμων

540 2812 854 2868 aversetur,
910 2818 1015 2858 nec
1037 2802 1333 2857 Dominum
1364 2802 1543 2857 solum
1574 2802 1631 2855 in
1667 2801 1825 2856 omni
1843 2799 2124 2857 desiderio

2224 2808 2318 2858 καὶ
2336 2804 2429 2858 τὸν
2459 2804 2664 2876 Κύριον
2702 2803 2863 2873 μόνον
2888 2804 2947 2857 ἰν
2977 2802 3129 2875 πάσῃ
3157 2800 3435 2872 ιπιθυμίᾳ
3455 2793 3748 2867 ἐπιζητεί,εῑς

532 2890 820 2961 requirat,
887 2890 946 2946 in
1010 2891 1200 2962 spinas
1270 2899 1327 2955 et
1399 2908 1629 2949 nemora
1691 2893 1859 2964 hujus
1928 2891 2118 2947 mundi

2225 2898 2327 2961 τὰς
2370 2896 2613 2959 ἀκάνθας
2641 2896 2738 2948 καὶ
2765 2893 2897 2958 ῦλας
2941 2893 3135 2947 τούτου
3165 2892 3263 2945 τοῦ
3304 2893 3513 2963 κόσμου
3554 2883 3754 2960 περιπεί-

533 2984 854 3054 conjicitur,
906 2992 964 3039 et
1019 2984 1089 3038 ab
1120 2984 1233 3054 igni
1284 2986 1743 3056 concupiscentia
1794 2986 1965 3042 vestis
2002 3001 2119 3041 cor-

2228 3006 2383 3063 ρεται
2413 3026 2430 3051 ,
2468 2987 2564 3040 καὶ
2595 2986 2702 3039 ὑπὸ
2744 2983 2840 3039 τοῦ
2878 2984 3052 3054 πυρὸς
3097 2983 3201 3053 τῆς
3253 2981 3552 3051 ἐπιθυμίας
3579 2981 3605 3031 ὁ
3630 2972 3755 3047 χιτὼν

545 3078 701 3147 poris
731 3075 1102 3142 comburitur,
1136 3084 1194 3131 et
1219 3092 1378 3132 caeno
1398 3079 1743 3148 voluptatum
1767 3079 2120 3149 inquinatur:

2169 3115 2194 3177 3
2225 3080 2321 3135 τοῦ
2377 3078 2631 3149 σώματος
2681 3076 3051 3149 παρακαίεται
3076 3116 3090 3142 ,
3132 3077 3229 3129 καὶ
3263 3076 3373 3129 ὑπὸ
3416 3072 3511 3126 τοῦ
3547 3068 3755 3177 βορϐόῳῖ

534 3176 594 3224 et
612 3168 693 3222 sic
727 3167 938 3233 timi'da,
966 3182 1031 3223 ac
1051 3169 1171 3223 sine
1215 3168 1416 3223 ﬁducia
1465 3169 1523 3222 in
1566 3169 1657 3224 die
1688 3168 1884 3239 judicii
1937 3169 2120 3224 anima

2172 3156 2194 3177 ³
2226 3171 2336 3225 τῶν
2368 3170 2572 3242 ἡδονῶν
2606 3168 2916 3232 σπιλοῦται,
2942 3168 3037 3221 καὶ
3074 3166 3251 3231 οὕτως
3282 3164 3700 3238 ἀπαρρησίαστος
3733 3156 3758 3225 ἡ

538 3259 998 3330 deprehenditur,
1030 3274 1097 3313 eo
1127 3258 1304 3329 quod,
1331 3274 1455 3314 cum
1483 3275 1639 3314 suam
1693 3270 1899 3316 vestem
1928 3262 2124 3315 imma-

2226 3262 2374 3335 ψυχὴ
2400 3267 2458 3316 ὲν
2488 3262 2673 3335 ἡμέρᾳ
2696 3260 2930 3332 κρίσεως
2951 3261 3295 3331 εὑρίσκεται,
3327 3260 3390 3313 τὸ
3424 3258 3614 3326 ἔνδυμα
3630 3250 3758 3316 αὐτῆς

539 3352 780 3408 (ulatam
832 3366 1161 3406 conservare
1225 3368 1337 3406 non
1386 3352 1655 3423 potuerit,
1706 3368 1829 3407 eam
1894 3352 2125 3407 fallaciis

2229 3358 2459 3414 ἄσπιλον
2488 3358 2562 3428 μὴ
2598 3352 2890 3425 δυνηθεῖσα
2926 3353 3199 3424 τηρῆσαι,
3231 3353 3374 3407 ἀλλὰ
3401 3346 3759 3417 καταφθείρσσα

542 3446 708 3517 hujus
732 3444 917 3499 saeculi
943 3446 1295 3515 corruperit:
1323 3454 1381 3499 et
1409 3453 1702 3516 propterea
1736 3461 1904 3516 regno
1940 3454 2128 3499 extru-

2233 3452 2367 3506 αὐτὸ
2397 3452 2519 3514 ταῖς
2546 3450 2787 3511 ἀπάταις
2815 3445 2909 3501 τοῦ
2933 3445 3129 3509 αἰῶνος
3154 3445 3353 3499 τούτου
3376 3461 3391 3475 ·
3422 3444 3516 3498 καὶ
3538 3440 3618 3495 διὰ
3637 3433 3759 3491 τοῦτο

542 3539 717 3593 ditur.
742 3537 883 3603 Quid
919 3536 1068 3591 enim
1107 3538 1360 3593 facturus
1388 3539 1535 3593 Deus
1558 3546 1643 3592 est
1671 3537 1773 3604 illi,
1807 3539 1901 3608 qui
1932 3546 2128 3608 sponte

2230 3541 2539 3610 ἀπόϐλητος
2572 3540 2671 3607 τῆς
2720 3537 3002 3608 βασιλείας
3053 3537 3307 3605 γίγνεται
3332 3553 3346 3567 ·
3372 3536 3425 3589 τί
3452 3535 3553 3605 γὰρ
3587 3527 3759 3597 ποιήσει

540 3648 602 3687 se
654 3631 835 3702 ipsum
882 3631 1090 3685 mundo
1141 3630 1456 3697 tradiderit,
1494 3631 1983 3701 voluptatibusque
2034 3630 2126 3686 de-

2230 3634 2260 3687 ό
2284 3632 2419 3697 Θεὸς
2446 3630 2525 3701 τῷ
2557 3630 2825 3701 θελήματι
2858 3628 2937 3699 τῷ
2969 3628 3089 3699 ίδίῳ
3122 3627 3478 3699 παραδιδόντι
3508 3620 3675 3676 ἑαυτὸν
3701 3611 3757 3681 τῷ

542 3733 749 3794 ceptus
784 3738 849 3777 ac
881 3722 1121 3777 terrenis
1180 3722 1639 3793 occupationibus
1670 3723 1935 3777 seductus
1967 3722 2128 3777 ober-

2232 3725 2445 3795 κόσμῳ,
2476 3725 2571 3777 καὶ
2604 3723 2957 3793 ἀπατωμένῳ
2985 3724 3107 3785 ταῖς
3138 3721 3359 3792 ἡδοναῖς
3390 3715 3569 3781 αὑτοῦ,
3595 3714 3624 3783 ἢ
3650 3711 3757 3781 ῥεμ-

551 3814 684 3868 rat?
732 3812 817 3867 llli
872 3812 1095 3882 quidem
1134 3812 1402 3866 auxilium
1441 3820 1682 3882 przestat,
1740 3811 1835 3882 qui
1878 3810 2131 3867 sordidas

2233 3816 2467 3887 δασμοῖς
2491 3816 2701 3879 ὑλικοῖς
2719 3814 3161 3885 ὲκπλανωμένῳς
3196 3814 3396 3884 ἐκείνῳ
3422 3812 3524 3881 γὰρ
3554 3801 3756 3887 βοήθειαν

546 3907 883 3976 voluptates,
913 3915 971 3959 et
1001 3904 1215 3975 priores
1240 3919 1425 3959 mores
1458 3912 1761 3971 aversatus,
1795 3904 1943 3959 omni
1987 3903 2039 3956 vi
2067 3918 2132 3959 ac

2231 3886 2437 3976 δίδωσι,
2464 3910 2542 3980 τῷ
2576 3907 3042 3979 ἀποστρεφομένῳ
3080 3906 3180 3970 τάς
3213 3905 3408 3968 ὑλικὰς
3454 3897 3643 3970 ἡδονὰς.
3682 3886 3754 3942 καὶ

543 3999 761 4070 impetu
824 3998 1192 4069 cogitationes
1261 4014 1389 4052 suas
1440 4014 1658 4069 semper
1717 3998 1786 4052 ad
1837 3998 2129 4053 Dominum

2234 4006 2512 4075 προτέρας
2558 3999 2851 4071 συνηθείας
2885 4013 2900 4028 ⁰
2934 3998 3028 4053 καὶ
3053 3997 3146 4069 βίᾳ
3173 3997 3277 4069 τὴν
3306 3996 3539 4050 διάνοιαν
3570 3985 3748 4075 πάντοτε

543 4066 753 4164 dirigit,
784 4102 843 4146 et
887 4066 947 4148 se
979 4092 1160 4161 ipsum
1212 4090 1468 4161 abnegat,
1509 4066 1797 4161 solumque
1836 4091 2129 4146 Dominum

2234 4066 2375 4166 πρὸς
2408 4066 2614 4164 Κύριον
2638 4066 2872 4156 ἕλκοντι,
2895 4066 3299 4161 ἀρνουμένῳντε
3329 4085 3537 4147 ἑαυτὸν,
3568 4074 3642 4130 καὶ
3675 4066 3746 4120 τὸν

553 4187 824 4241 ardenter
846 4184 1061 4255 quaerit.
1088 4184 1247 4240 Hunc
1266 4192 1575 4248 conservat,
1605 4182 1699 4253 qui
1728 4198 1787 4238 se
1818 4181 2063 4237 custodit
2101 4196 2134 4236 a

2235 4186 2441 4256 Κύριον
2478 4185 2638 4255 μόνον
2662 4182 3008 4254 ὲπιζητοῦντι
3033 4199 3046 4212 ·
3078 4180 3270 4234 τοῦτον
3298 4175 3555 4247 διατηρεῖ,
3578 4166 3748 4256 τδνλφιν

545 4279 759 4349 laqueis
802 4254 869 4333 ac
910 4278 1150 4343 restibus
1192 4278 1342 4333 silvae
1380 4278 1545 4349 hujus
1581 4276 1794 4343 mundi,
1835 4277 1930 4346 qui
1967 4276 2131 4330 etiam

2235 4254 2569 4345 λασσόμενον
2592 4261 2931 4344 πανταχόθεν
2959 4274 3023 4326 ἐκ
3052 4272 3163 4326 τῶν
3201 4271 3445 4339 παγίδων
3476 4264 3562 4319 καὶ
3590 4254 3752 4349 βρᾷκων

544 4390 667 4429 cum
710 4374 893 4427 timore
927 4380 976 4425 et
1026 4381 1227 4426 terrore
1259 4389 1414 4426 suam
1460 4372 1625 4442 ipsius
1668 4370 1893 4424 salutem
1943 4385 2130 4435 opera-

2237 4366 2338 4436 τῆς
2364 4365 2499 4436 ῦλης
2531 4362 2628 4418 τοῦ
2661 4363 2893 4435 κόσμου,
2920 4364 3033 4418 τὸν
3068 4361 3217 4434 μετὰ
3242 4364 3433 4432 φόϐου
3461 4353 3555 4411 καὶ
3581 4347 3754 4442 τρόμοτξ

546 4474 639 4520 tur
669 4463 737 4529 ",
772 4463 1033 4533 omnique
1068 4463 1379 4518 intentione
1407 4426 1504 4533 per
1559 4462 1809 4531 laqueos,
1858 4468 2035 4516 restes
2073 4469 2132 4515 et

2170 4458 2209 4515 D
2380 4426 2604 4511 ἑαυτοῦ
2636 4426 2945 4522 σωτηρίαν
2971 4426 3507 4524 κατεργαξόμενον,
3544 4439 3625 4495 καὶ
3649 4426 3756 4533 μετῖξ

547 4557 1027 4627 concupiscentias
1051 4556 1217 4626 hujus
1244 4556 1430 4611 saeculi
1448 4554 1665 4620 transit,
1680 4554 2007 4625 Dominiqne
2030 4568 2132 4607 au-

2240 4517 2425 4621 πάσης
2448 4548 2774 4622 προσεχείας
2789 4517 2894 4601 ἡδιά
2935 4546 3044 4600 τῶν
3074 4517 3320 4615 παγίδων
3358 4542 3452 4597 καὶ
3482 4536 3663 4627 βρόὶίωξί
3687 4517 3757 4627 κξὶ

548 4650 746 4705 ailium
774 4648 1042 4719 requirit,
1090 4664 1155 4703 ac
1194 4664 1293 4720 per
1327 4647 1557 4721 gratiam
1586 4647 1984 4705 misericordia:
2016 4646 2134 4717 ejus

2239 4640 2546 4710 ἐπιθυμιῶν
2575 4642 2671 4693 τοῦ
2704 4640 2901 4704 αἰῶνος
2934 4638 3125 4694 τούτου
3150 4614 3758 4721 παρερχόμενοννκαῖιτῗῖν

552 4741 754 4797 salvari
772 4748 957 4801 snerat

2238 4734 2336 4788 τοῦ
2361 4707 2568 4805 κυρίου
2606 4732 2861 4804 βοήθειαν
2880 4707 3265 4802 ἐπιζητοῦντα,
3286 4707 3466 4798 τῷ
3487 4722 3613 4777 ἐλέει
3629 4707 3759 4767 αὐτὸν

2240 4827 2332 4881 διὰ
2369 4828 2469 4897 τῆς
2501 4827 2725 4897 χάριτος
2756 4824 3027 4889 σώζεσθαι
3049 4825 3361 4890 ἐλπίζοντα.

622 4921 711 4978 Vl.
734 4921 877 4977 Ecce
891 4921 1039 4977 enim
1061 4921 1106 4953 ³ο
1131 4919 1376 4991 quinque
1394 4919 1694 4991 prudentes
1721 4936 1787 4976 ac
1809 4921 2009 4977 sobria;
2031 4923 2140 4976 vir-

2314 4920 2404 4985 ς’.
2422 4918 2551 4972 Ἰδοὺ
2566 4917 2742 4987 γάραὶ
2756 4918 2917 4971 πέντε
2932 4917 3193 4988 παρθένοι
3214 4918 3271 4972 ai
3297 4913 3553 4987 φρόνιμοι,
3567 4898 3760 4991 vncla-5°“

557 5013 736 5085 gines,
770 5013 1030 5069 alacriter
1061 5023 1413 5069 accersentes
1460 5012 1733 5082 hospitem
1759 5024 1971 5069 natura:
2005 5030 2135 5081 suae,

2242 5012 2337 5064 καὶ
2370 5011 2809 5083 γοργευσάμεναι
2836 5010 2897 5065 τὸ
2928 4986 3076 5076 ξένον
3102 5011 3199 5081 τῆς
3227 4986 3433 5065 ἑαυτῶν
3454 5000 3661 5087 φύσεως,
3688 4986 3764 5087 ξα-

557 5115 786 5177 accepto
817 5108 872 5161 in
918 5107 1143 5162 vasibus
1192 5106 1380 5161 cordis
1418 5105 1505 5160 sui
1538 5105 1684 5170 oleo,
1742 5104 1847 5159 hoc
1890 5113 1995 5172 est,
2043 5122 2138 5161 su-

2244 5104 2437 5157 δοῦσαι
2466 5104 2525 5157 τὸ
2550 5103 2728 5157 ἔλαιον
2757 5105 2816 5158 ὲν
2841 5107 2955 5167 τοῖς
2983 5105 3229 5172 ἀγγείοις
3252 5103 3349 5173 τῆς
3369 5092 3579 5167 καρδίας
3597 5083 3762 5177 “of?”

556 5168 728 5270 perna
760 5200 934 5269 gratia
984 5200 1246 5269 Spiritus,
1276 5206 1582 5269 potuerunt
1623 5168 1837 5268 ingredi
1879 5168 1991 5253 una
2014 5214 2139 5252 cum

2242 5198 2489 5250 τουτέστι
2513 5197 2612 5263 τὴν
2640 5195 2846 5250 ἄνωθεν
2880 5168 3043 5268 χάριν
3069 5168 3163 5249 τοῦ
3201 5168 3524 5265 Πνεῦματος,
3551 5168 3767 5249 ἠδυνήθη

562 5291 777 5362 Sponso
807 5291 863 5344 in
888 5292 1164 5345 caelestem
1198 5292 1517 5345 thalamum.
1548 5290 1797 5360 Reliqua:
1816 5305 1949 5345 vero
1983 5289 2147 5345 fatuae

2249 5305 2347 5341 σαν
2387 5287 2747 5341 συνεισελθεῖν
2775 5288 2853 5357 τῷ
2869 5289 3107 5360 Νυμφίῳ
3131 5290 3211 5353 εις
3239 5288 3328 5342 τδν
3348 5276 3638 5370 ἐπουράνιον

562 5383 617 5438 in
648 5400 748 5439 sua
792 5383 966 5454 ipsius
996 5392 1192 5438 natura
1228 5393 1640 5455 permanentes,
1683 5399 1793 5438 non
1824 5383 2145 5455 vigilarunt,

2251 5382 2424 5450 φῶνα.
2480 5382 2545 5433 Al.
2584 5381 2642 5433 δὲ
2676 5380 2835 5435 ἄλλαι
2866 5383 2921 5433 αἱ
2969 5384 3154 5454 μωρηαι
3172 5423 3188 5449 ,
3216 5383 3273 5436 αι
3320 5383 3376 5433 ὲν
3409 5377 3470 5445 τῇ
3516 5365 3610 5435 mg,
3634 5364 3763 5455 φύρει

564 5492 667 5532 nec
695 5492 917 5547 operam
975 5475 1267 5543 dederunt,
1320 5485 1381 5531 ut
1436 5477 1615 5531 oleum
1646 5476 2029 5532 exsultationis
2054 5492 2148 5530 ac-

2252 5444 2642 5545 άπομείνασαι,
2671 5472 2771 5527 οὐκ
2811 5444 3018 5545 ἔνηψαν
3053 5444 3148 5529 καὶ
3172 5444 3516 5528 ’ἐσπούδασαν
3554 5444 3763 5547 “tege”

567 5568 815 5636 ciperent
838 5568 891 5622 in
931 5568 1077 5623 vasis
1124 5567 1259 5634 suis,
1315 5568 1409 5623 sed
1452 5567 1604 5622 velut
1654 5566 1710 5621 in
1757 5582 1924 5622 carne
1970 5567 2151 5623 adhuc

2254 5566 2313 5621 τὸ
2339 5542 2519 5621 ἔλαιον
2538 5567 2638 5637 τῆς
2659 5542 3035 5633 ἀγαλλιάσεως
3077 5569 3133 5622 ὲν
3173 5569 3283 5631 τοῖς
3313 5557 3540 5633 ἀγγείοις
3576 5542 3723 5600 αὐτῶν
3749 5568 3762 5595 ι

672 5742 716 5775 ⁸⁸
748 5743 946 5813 Philip.
984 5761 1040 5812 ιι,
1074 5745 1163 5800 l2.
1237 5745 1281 5817 ἕο
1308 5744 1497 5800 Matth.
1525 5760 1651 5812 xxv,
1694 5744 1719 5797 1
1748 5759 1899 5823 seqq.
1966 5704 1973 5712 ν
