4016 6438
266 342 367 407 ΕΠ

1528 341 2187 407 ΗΟΜῙΙᾸᾹζπ-ΗΟΜ.
2232 345 2328 404 1V.

3441 346 3550 413 478

271 460 343 522 ὼς
376 457 461 512 ἔτι
486 460 548 512 ἐν
583 461 761 531 σαρκὶ
784 456 943 533 ἦσαν,
971 461 1084 516 ἀλλ’
1114 461 1299 532 ὥσπερ
1328 460 1784 531 ἀπεκοιμήθησαν
1801 457 1869 511 δι’

1988 465 2180 521 assem,
2228 472 2330 526 per
2374 456 2786 527 negligentiam,
2852 458 3163 528 segnitiem.
3217 459 3549 521 socordiam.

276 550 564 619 ἀμέλειαν,
593 553 696 603 καὶ
724 553 1051 623 χαυνότητα,
1084 553 1177 605 καὶ
1205 552 1495 624 ρᾳθυμίαν,
1540 554 1635 605 καὶ
1687 552 1866 619 ἀγνω-

282 642 428 705 σίαν,
455 641 490 711 ἢ
520 642 619 695 καὶ
652 643 837 712 οῖησιν
867 643 1210 711 δικαιοσύνης
1239 660 1253 674 ’
1278 643 1360 696 διὸ
1389 643 1485 696 καὶ
1513 642 1605 696 τοῦ
1638 641 1865 711 νυμφῶ-

282 753 371 798 νος
429 736 526 805 τῆς
580 734 864 805 βασιλείας
887 736 1365 805 ἀπεκλείσθησαν,
1430 736 1503 805 μὴ
1556 734 1866 805 δυνηθεῖσαι

280 828 653 897 εὐαρεστῆσαι
715 828 795 896 τῷ
847 828 1147 898 ἐπουρανίῳ
1197 828 1456 897 Νυμφίῳ.
1510 826 1705 897 Δεσμῷ
1759 827 1869 896 γὰρ

286 920 522 988 κόσμου,
556 919 652 971 καὶ
690 919 882 990 ἀγάπῃ
914 918 1024 971 τινὶ
1070 919 1235 990 γηῖνῃ
1277 918 1717 987 κατασχεθεῖσαι,
1770 916 1870 985 τήν

292 1014 517 1080 ἀγάπην
548 1010 729 1063 αὐτῶν
758 1011 908 1079 ὃλην,
944 1010 1037 1065 καὶ
1071 1010 1162 1063 τὸν
1189 1012 1368 1080 ἔρωτα
1406 1009 1542 1080 πρὸς
1569 1009 1658 1061 τὸν
1704 1007 1871 1076 οὐρά-

289 1123 397 1159 νιον
428 1105 687 1175 Νυμφίον
703 1107 804 1159 οὐκ
822 1105 1045 1173 ἔδωκαν,
1079 1105 1203 1160 οὒτε
1232 1106 1292 1159 τὸ
1318 1105 1494 1158 ἔλαιον
1520 1104 1866 1174 ἐκομίσαντο.

287 1198 403 1249 Καὶ
434 1197 547 1266 γάρ
570 1198 627 1249 αἱ
656 1196 717 1249 τὸ
760 1196 909 1263 ξένον
935 1198 1035 1266 τῆς
1084 1198 1301 1266 φύσεως
1331 1197 1423 1251 τὸν
1458 1195 1730 1266 ἁγιασμὸν
1774 1195 1870 1248 τοῦ

286 1288 616 1356 Πνεύματος
648 1287 906 1357 ζητοῦσαι
928 1288 1099 1357 ψυχαὶ
1119 1327 1133 1352 ,
1164 1288 1294 1357 ὅλην
1312 1286 1411 1358 τὴν
1443 1287 1666 1356 ἀγάπην
1695 1286 1872 1338 αὐτῶν

290 1379 432 1449 πρὸς
466 1379 672 1449 Κύριον
697 1380 1088 1449 ἁποδεσμοῦσι,
1112 1383 1273 1433 κακεῖ
1297 1377 1680 1451 περιπατοῦσι,
1715 1379 1876 1431 κάκεῖ

290 1472 572 1541 εὔχονται,
632 1476 793 1525 κακεί
818 1472 1123 1540 λογίζονται
1153 1474 1331 1526 πάντα
1359 1471 1870 1542 ἀποστρεφόμεναι·

286 1564 371 1616 διὸ
392 1563 490 1614 καὶ
528 1562 909 1629 καταξιοῦνται
929 1561 1114 1615 λαϐεῖν
1146 1561 1206 1615 τὸ
1243 1562 1419 1615 ἔλαιον
1438 1565 1536 1632 τῆς
1550 1561 1874 1631 ἐπουρανίου

289 1654 520 1725 χάριτος
547 1670 562 1685 ·
596 1653 693 1707 καὶ
741 1653 915 1716 οὕτως
967 1654 1207 1707 ᾶπτωτοι
1242 1653 1533 1718 διεξελθεῖν
1583 1654 1835 1707 δύνανται
1860 1693 1874 1715 ,

284 1746 519 1809 τελείως
572 1748 650 1816 τῷ
691 1746 1047 1817 πνευματικῷ
1080 1746 1317 1817 Νυμφίῳ
1367 1746 1778 1816 εὐαρεστοῦσαι.
1808 1746 1875 1801 Ai

1967 548 2351 617 ignorantiam,
2400 556 2497 601 aut
2528 548 2693 602 etiam
2720 549 3041 618 opinionem
3070 550 3318 620 iustitiae,
3350 552 3587 606 obdor»

1966 641 2261 695 miverunt.
2291 641 2589 710 Propterea
2626 642 2791 695 etiam
2826 641 3065 695 thalamo
3119 643 3271 713 regni
3319 644 3554 699 exclusae

1966 741 2116 795 sunt,
2167 746 2293 784 cum
2351 731 2569 800 placere
2618 746 2732 785 non
2778 739 3004 801 possent
3056 733 3268 786 caelesti
3316 732 3551 802 Sponso.

1968 825 2202 879 Vinculo
2248 824 2397 877 enim
2443 824 2658 889 mundi,
2713 835 2769 880 et
2813 834 3036 880 terreno
3078 826 3315 895 quodam
3366 842 3553 881 amore

1969 918 2433 973 detentaeomnem
2455 916 2800 972 dilectionem
2823 926 2878 972 et
2901 934 3141 972 amorem
3165 935 3323 973 suum
3342 921 3554 974 caelesti

1971 1010 2184 1080 Sponso
2216 1024 2327 1063 non
2350 1007 2693 1073 obtulerunt,
2730 1024 2910 1078 neque
2957 1010 3139 1063 oleum
3188 1024 3374 1063 secum
3404 1025 3557 1063 sum-

1972 1110 2223 1172 psernnt.
2259 1101 2393 1167 Quae
2440 1101 2588 1155 enim
2621 1100 2816 1154 animae
2845 1109 3056 1154 natura:
3094 1116 3207 1155 sua:
3258 1101 3553 1170 hospitem,

1971 1192 2462 1247 sanctiﬁcationem
2494 1191 2712 1246 scilicet
2740 1189 3001 1261 Spiritus,
3027 1200 3303 1261 quaerunt,
3323 1201 3431 1246 tota
3458 1207 3557 1247 sua

1972 1286 2266 1341 dilectione
2315 1284 2551 1338 Domino
2609 1284 3018 1346 devinciuntur,
3084 1284 3199 1338 illic
3245 1284 3555 1347 ambulant,

1974 1375 2088 1430 illic
2118 1383 2439 1446 precantur,
2472 1374 2694 1443 illicque
2726 1374 3089 1443 cogitationes
3126 1388 3251 1427 suas
3286 1372 3553 1443 deﬁgunt,

1975 1466 2188 1521 exteris
2222 1465 2482 1520 omnibus
2527 1464 2748 1533 spretis.
2795 1464 3092 1532 Propterea
3142 1462 3309 1516 ctiam
3378 1463 3557 1532 digna:

1977 1559 2272 1623 habentur,
2305 1573 2427 1627 qua:
2452 1556 2725 1626 accipiant
2753 1556 2934 1609 oleum
2970 1556 3168 1609 divina:
3202 1554 3389 1624 gratia:
3432 1570 3446 1606 :
3501 1562 3559 1607 et

1978 1654 2058 1707 sic
2075 1652 2282 1721 absque
2310 1651 2416 1704 ulla
2434 1649 2741 1703 offensione
2767 1648 2932 1702 vitam
2965 1648 3267 1714 transigere
3288 1655 3545 1718 possunt,

1980 1743 2141 1797 valde
2184 1742 2457 1811 spirituali
2516 1740 2732 1810 Sponso
2778 1750 3016 1810 accepta:
3039 1749 3093 1794 et
3122 1750 3309 1811 gratae.
3347 1740 3560 1793 Animae

284 1837 398 1909 γὰρ
427 1804 514 1898 εἰς
669 1804 1034 1906 φύσινιαὺτῶν
1053 1804 1422 1908 ἀπομένόυσαι
1450 1804 1623 1908 ιίιυχαὶ
1661 1835 1739 1907 τῷ
1783 1836 1872 1889 λο-

1988 1848 2111 1888 vero
2127 1832 2183 1885 in
2217 1847 2313 1886 sua
2332 1840 2523 1885 natura
2542 1838 2928 1900 permanentes
2957 1829 3380 1899 cogitationibus
3403 1828 3559 1883 humi

284 1926 481 1997 γισμῷ
506 1926 599 1978 ἐπὶ⁵
619 1927 719 1995 τῆς
746 1928 849 1997 γῆς
872 1927 1151 1999 ἕρπουσιν,
1182 1928 1273 1981 ἐπὶ
1302 1929 1405 1999 γῆς
1431 1928 1759 1996 λογίζονται,
1784 1928 1876 1980 ἐπὶ

283 2018 399 2087 γῆς
436 2017 538 2088 τήν
568 2018 778 2071 δίαιταν
820 2022 847 2072 ὁ
887 2019 1008 2082 νοῦς
1040 2021 1221 2074 αὐτῶν
1252 2021 1365 2091 ἔχει
1389 2037 1403 2050 ·
1428 2021 1524 2073 καὶ
1552 2019 1628 2091 τῷ
1661 2019 1760 2089 μὲν
1793 2019 1877 2072 δο-

284 2113 415 2162 κεῖν
456 2108 734 2179 νομίξουσι
774 2111 867 2162 τοῦ
916 2112 1173 2181 Νυμφίου
1219 2109 1380 2177 εἶναι,
1424 2113 1518 2166 καὶ
1548 2112 1876 2182 δικαιώμασι

286 2205 679 2273 κεκοσμῆσθαι
731 2204 932 2271 σαρκός
966 2221 980 2235 ο
1013 2204 1218 2258 ἄνωθεν
1254 2206 1311 2259 δὲ
1339 2208 1403 2258 ἐκ
1430 2205 1524 2257 τοῦ
1562 2203 1878 2273 Πνεύματος

291 2295 390 2347 οὐκ
426 2295 822 2365 ἐγεννήθησαν,
865 2294 926 2347 τὸ
961 2295 1140 2348 ἔλαιον
1164 2296 1267 2366 τῆς
1293 2296 1663 2364 ἀγαλλιάσεως
1699 2294 1773 2366 μὴ
1795 2295 1880 2348 δε-

301 2386 550 2456 ξάμεναι.

372 2480 443 2533 Ζ’.
488 2480 558 2532 Δί
598 2478 709 2550 γὰρ
754 2478 914 2532 πέντε
954 2479 1170 2547 λογικαὶ
1214 2478 1496 2548 αἰσθήσεις
1539 2480 1639 2548 τῆς
1675 2480 1877 2549 ψυχῆς,

302 2575 394 2628 ἐὰν
438 2575 702 2638 δέξωνται
747 2575 844 2647 τὴν
889 2576 1093 2631 ἄνωθεν
1137 2578 1328 2648 χάριν,
1375 2578 1469 2629 καὶ
1495 2576 1586 2631 τὸν
1608 2577 1880 2647 ἁγιασμὸν

299 2666 389 2721 τοῦ
437 2667 757 2737 Πνεύματος
777 2710 793 2733 ,
842 2667 1059 2739 ἀληθῶς
1093 2669 1356 2740 παρθένοι
1389 2668 1642 2739 φρόνιμοι
1673 2670 1879 2739 τυγχάα-

295 2776 451 2813 νουσι
470 2800 486 2824 ,
533 2761 634 2829 τὴν
668 2760 875 2815 ἀνωθεν
904 2761 1005 2827 τῆς
1030 2762 1249 2833 χάριτος
1278 2760 1570 2832 δεξάμεναι
1597 2760 1877 2832 φρόνησιν.

295 2851 362 2904 Εἰ
393 2851 452 2904 δὲ
481 2852 561 2913 είς
589 2852 689 2921 τὴν
718 2852 880 2921 φύσιν
908 2854 1087 2906 αὐτῶν
1118 2853 1288 2923 μόνην
1314 2853 1673 2922 ἀπομείνωσι,
1701 2852 1882 2922 μωραὶ

296 2942 685 3015 εὑρίσκονται,
739 2944 835 2997 καί⁵
867 2944 1031 2997 τέκνα
1064 2943 1158 2996 τοῦ
1189 2944 1395 3015 κόσμου
1429 2942 1843 2998 ἀποδείκνυνται
1865 2959 1878 2972 °

286 3034 400 3087 οὐκ
429 3033 768 3087 ἀπεδύσαντο
795 3036 899 3108 γάρ
930 3036 991 3089 τὸ
1020 3036 1238 3106 πνεῦμα
1264 3036 1358 3089 τοῦ
1393 3037 1598 3108 κόσμου
1618 3079 1633 3103 ,
1677 3035 1781 3089 κᾶν
1804 3036 1883 3106 τῷ

1978 1934 2201 1995 repunt,
2234 1926 2477 1978 humana
2509 1924 2775 1993 cogitant,
2823 1922 2975 1976 humi
3024 1922 3239 1976 illarum
3281 1937 3437 1976 mens
3463 1921 3562 1975 do-

1978 2017 2242 2071 micilium
2274 2016 2471 2070 habet:
2502 2025 2557 2071 et
2581 2016 2804 2084 quidem
2846 2014 3103 2083 opinione
3135 2029 3231 2067 sua
3260 2028 3559 2083 persuasa,

1978 2122 2037 2162 se
2092 2107 2162 2160 ad
2212 2106 2483 2175 Sponsum
2540 2113 2811 2174 spectare,
2860 2114 3023 2174 atque
3073 2104 3563 2175 justiﬁcationibus

1980 2198 2161 2253 carnis
2185 2207 2476 2253 exornatas
2504 2213 2561 2251 se
2609 2195 2711 2265 15
2737 2211 2856 2250 esse
2897 2204 3126 2265 putant;
3162 2196 3401 2265 desuper
3428 2210 3561 2250 vero

1979 2305 2048 2344 cx
2074 2288 2283 2360 Spiritu
2307 2296 2447 2342 natae
2471 2303 2581 2342 non
2610 2297 2757 2354 sunt,
2778 2301 2904 2340 cum
2945 2286 3126 2340 oleum
3178 2286 3566 2341 exsultationis

1993 2398 2105 2437 non
2132 2381 2467 2450 acceperint.

2050 2483 2167 2537 VII.
2195 2482 2451 2553 Quinque
2481 2483 2629 2538 enim
2664 2483 2861 2538 animm
2899 2483 3185 2538 rationalis
3228 2499 3445 2549 sensus,
3471 2500 3564 2538 ac-

1980 2586 2140 2646 cepta
2164 2590 2401 2645 superna
2422 2576 2598 2646 gratia
2628 2583 2683 2629 et
2718 2575 3156 2631 sanctiﬁcatione
3196 2576 3439 2646 Spiritus
3471 2593 3562 2631 re-

1980 2682 2111 2721 vera
2134 2673 2265 2719 sunt
2286 2664 2588 2734 prudentes
2600 2664 2864 2733 virgines,
2886 2664 3089 2734 quippe
3108 2680 3229 2733 qua:
3254 2664 3567 2733 acceperint

1982 2771 2222 2826 superne
2250 2755 2576 2825 sapientiam
2611 2754 2820 2822 gratim.
2862 2753 2918 2809 Si
2950 2770 3086 2809 vero
3126 2755 3182 2808 in
3211 2756 3325 2809 sola
3358 2764 3557 2811 natura

1992 2863 2089 2903 sua
2112 2847 2609 2919 persistantJatuaa
2633 2847 3151 2917 deprehenduntur,
3180 2856 3236 2903 et
3255 2848 3380 2902 ﬁlia:
3398 2864 3564 2903 mun-

1984 2941 2039 2996 di
2061 2956 2182 2996 esse
2208 2940 2657 2995 demonstrantur
2677 2958 2691 2994 :
2711 2954 2819 2995 non
2839 2941 2987 2995 enim
3017 2950 3290 2996 exuerunt
3311 2941 3567 3011 spiritum

1985 3034 2199 3101 mundi,
2231 3034 2483 3105 quamvis
2530 3033 2809 3089 exteriore
2865 3048 3141 3097 sermone,
3188 3032 3448 3102 opinione
3504 3049 3569 3088 ac

292 3126 478 3179 δοκεῖν
505 3126 782 3195 νομίξουσι
804 3167 819 3189 ,
843 3128 910 3180 δι’
932 3128 1321 3198 εὐλογοφανίας
1344 3129 1497 3192 τινὰς
1540 3129 1636 3182 καὶ
1675 3130 1878 3199 σχῆμα,

1988 3126 2162 3181 forma
2187 3135 2370 3189 motae,
2401 3141 2459 3181 se
2485 3140 2606 3180 esse
2628 3124 2828 3194 Sponsi
2859 3140 3111 3195 sponsas,
3144 3125 3283 3180 falso
3308 3125 3411 3180 sibi
3439 3140 3571 3194 per-

296 3216 393 3270 τοῦ
423 3217 502 3269 Nu
510 3216 672 3286 μφίου
701 3211 839 3271 εἶναι
865 3218 1094 3288 νύμφαι.
1117 3221 1324 3291 Ὥσπερ
1344 3221 1453 3291 γὰρ
1474 3223 1531 3274 αἰ
1552 3220 1668 3275 ὅλαι
1688 3222 1747 3287 ἐξ
1764 3222 1884 3277 ὅλου

297 3306 381 3377 τῷ
412 3306 605 3378 Κυρίῳ
645 3308 1124 3380 προσκολλὼμεναι
1154 3313 1361 3382 ψυχαὶ,
1412 3313 1530 3365 ἐκεῖ
1557 3314 1663 3365 εἰσι
1692 3312 1770 3384 τῷ
1795 3314 1884 3367 λο-

298 3395 521 3465 γισμῷ,
573 3397 732 3449 κάκεῖ
781 3396 1062 3467 εὔχονται,
1112 3401 1274 3453 κάκεῖ
1305 3401 1688 3472 περιπατοῦσι,
1726 3405 1887 3457 κάκεῖ

298 3487 662 3541 ἐπιποθοῦσιν
693 3491 772 3554 εἰς
802 3490 899 3561 τὴν
923 3491 1018 3544 τοῦ
1046 3492 1252 3563 Κυρίου
1282 3494 1524 3565 ἀγάπην·
1554 3494 1698 3549 οὕτω
1724 3496 1887 3550 πάλιν

296 3581 496 3650 ψυχαὶ,
534 3582 589 3632 αἱ
639 3583 698 3634 ἐν
728 3585 793 3652 τῇ
826 3582 1015 3653 ἀγάπῃ
1046 3583 1138 3636 τοῦ
1167 3584 1373 3654 κόσμου
1399 3586 1670 3650 δοθεῖσαι,
1705 3589 1799 3640 καὶ
1828 3590 1887 3641 ἐν

302 3678 372 3745 τῇ
397 3677 466 3744 γῇ
498 3674 603 3744 τήν
628 3675 836 3730 δίαιταν
864 3674 1008 3745 ἔχειν
1039 3675 1377 3746 βουλόμεναι,
1412 3681 1529 3731 ἐκεῖ
1558 3680 1889 3748 περιπατοῦ-

312 3781 389 3828 σι,
420 3769 516 3818 καὶ
549 3767 666 3819 ἐκεῖ
691 3765 1017 3837 λογίζονται,
1063 3771 1180 3822 ἐκεῖ
1205 3771 1233 3821 ό
1258 3769 1384 3832 νοῦς
1410 3770 1759 3825 ἐνδιαιτᾶται.
1796 3773 1886 3826 Διὸ

314 3856 412 3908 καὶ
436 3859 837 3928 ἀμετάτρεπτοι
867 3862 1003 3931 πρὸς
1030 3860 1089 3913 τὸ
1111 3861 1315 3929 ἀγαθὸν
1337 3862 1590 3933 φρόνημα
1612 3862 1706 3916 τοῦ
1729 3864 1888 3917 πνεύ-

314 3966 480 4018 ματος
531 3951 897 4019 τυγχάνουσι,
951 3952 1099 4016 ξένον
1146 3952 1205 4005 ὅν
1237 3970 1291 4006 τι
1329 3954 1430 4023 τῆς
1458 3954 1675 4023 φύσεως
1706 3957 1884 4027 ήμῶν,

304 4039 451 4107 λέγω
476 4041 537 4093 δὲ
583 4040 682 4113 τὴν
716 4045 1038 4112 ἐπουράνιον
1068 4044 1247 4115 χάριν,
1284 4045 1460 4116 χρεὼν
1492 4047 1753 4116 συστῆναι
1792 4049 1886 4102 καὶ

308 4132 702 4202 συμπλακῆναι
734 4137 800 4205 τῇ
832 4136 992 4202 φύσει
1021 4137 1197 4206 ήμῶν,
1231 4138 1318 4191 ⁴ἕνα
1343 4138 1662 4209 δυνηθῶμεν
1694 4143 1772 4203 εἰς
1795 4141 1886 4194 τὸν

304 4225 637 4295 ἐπουράνιον
658 4227 920 4298 νυμφῶνα
944 4229 1043 4298 τῆς
1066 4229 1344 4298 βασιλείας
1365 4229 1442 4301 τῷ
1466 4231 1655 4302 Κυρίῳ
1680 4248 1885 4284 συνεισ-

304 4312 513 4377 ελθεῖν,
547 4314 641 4367 καὶ
668 4316 766 4383 τῆς
792 4317 1012 4368 αἰωνίου
1042 4317 1315 4388 σωτηρίας
1343 4320 1547 4387 τυχεῖν.

380 4406 468 4458 Η’.
505 4404 666 4458 Ξένον
693 4406 802 4477 γὰρ
831 4407 928 4477 τῆς
955 4407 1167 4476 φύσεως
1192 4409 1350 4478 ἡμῶν
1369 4449 1383 4473 ,
1419 4408 1519 4479 τὴν
1550 4409 1748 4461 κακίαν
1777 4409 1887 4462 τῶν

1994 3219 2280 3275 suadeant.
2328 3217 2807 3284 Quemadmodum
2842 3217 2992 3271 enim
3022 3218 3239 3283 animae,
3290 3234 3412 3287 quae
3445 3226 3572 3272 totae

1994 3313 2219 3368 omnino
2254 3312 2493 3366 Domino
2544 3312 2816 3365 devineta:
2854 3318 3005 3375 sunt,
3044 3311 3157 3365 illic
3205 3310 3573 3380 cogitationes

1993 3420 2143 3470 suas,
2178 3413 2346 3474 atque
2371 3404 2483 3458 illic
2506 3420 2701 3474 preces
2730 3420 2859 3459 suas
2908 3413 3187 3468 exercent,
3228 3404 3339 3458 illic
3378 3403 3577 3457 ambu-

1992 3495 2128 3561 lant,
2159 3506 2214 3550 et
2250 3496 2364 3551 illic
2390 3495 2669 3550 desiderio
2700 3495 3015 3550 dilectionis
3048 3496 3145 3549 Dei
3171 3503 3466 3549 tenentur:
3494 3495 3573 3549 sic

1992 3603 2317 3645 econverso
2360 3587 2577 3650 animae,
2623 3601 2747 3655 quae
2798 3585 3083 3640 dilectioni
3133 3584 3324 3638 mundi
3374 3584 3573 3639 dedita:

1992 3687 2143 3741 sunt,
2190 3686 2247 3732 et
2298 3677 2353 3731 in
2395 3686 2543 3731 terra
2584 3676 2927 3730 domicilium
2974 3676 3179 3730 habere
3200 3676 3413 3742 volunt,
3460 3675 3574 3730 illic

1994 3768 2298 3832 ambulant,
2344 3766 2460 3821 illic
2494 3766 2755 3836 cogitant,
2778 3766 2893 3820 illic
2921 3781 3111 3820 earum
3147 3781 3300 3821 mens
3335 3766 3572 3821 habitat.

1992 3860 2295 3929 Propterea
2347 3858 2513 3913 etiam
2570 3857 2638 3912 ad
2689 3857 2893 3911 bonam
2931 3857 3160 3927 spiritus
3193 3857 3571 3927 prudentiam,

1994 3966 2117 4021 quae
2138 3958 2223 4005 est
2249 3950 2685 4019 hospesnaturaa
2717 3957 2939 4013 nostrae,
2972 3949 3417 4019 consequendam
3440 3965 3575 4004 con-

1991 4043 2135 4098 verti
2177 4050 2481 4113 nequeunt,
2509 4042 2812 4105 ecelestem,
2845 4042 3090 4111 inquam,
3123 4042 3376 4111 gratiam,
3408 4058 3573 4111 quam

1995 4145 2199 4190 nostra:
2221 4135 2479 4206 conjungi
2526 4142 2583 4188 et
2625 4133 2955 4205 agglutinari
3003 4145 3215 4188 natura:
3233 4141 3473 4204 oportet,
3514 4144 3575 4188 ut

1990 4229 2270 4301 possimus
2316 4228 2374 4282 in
2407 4228 2687 4283 caelestem
2747 4227 3048 4281 thalamum
3093 4228 3243 4298 regni
3293 4243 3402 4281 una
3448 4244 3573 4282 cum

1991 4321 2226 4377 Domino
2257 4320 2495 4392 ingredi,
2515 4330 2571 4375 et
2590 4330 2853 4375 aeternam
2885 4321 3115 4375 salutem
3145 4322 3429 4390 consequi.

2064 4414 2203 4472 VIII.
2228 4414 2376 4468 Loco
2406 4413 2553 4468 enim
2580 4412 2815 4482 hospitis
2831 4420 3043 4466 natura:
3071 4413 3575 4478 nostrae,malitiam

306 4495 507 4549 παθῶν
559 4496 647 4549 διὰ
694 4497 794 4566 τῆς
839 4499 1129 4568 παρακοῆς
1187 4497 1283 4552 τοῦ
1332 4498 1550 4568 πρώτου
1599 4496 1881 4569 ἀνθρώπου

1995 4505 2350 4561 aﬂ’ectionum
2368 4519 2467 4574 per
2480 4503 2909 4558 inobedientiam
2926 4503 3091 4573 primi
3116 4503 3359 4558 hominis
3383 4506 3439 4557 in
3474 4520 3577 4559 nos

298 4590 368 4643 ὲν
414 4589 633 4651 ἑαυτοῖς
678 4588 1017 4660 ἐδεξάμεθα,
1072 4592 1137 4661 ἣν
1183 4590 1279 4641 καὶ
1319 4587 1508 4657 ὥσπερ
1541 4588 1704 4656 φύσιν
1734 4588 1889 4658 ήμῶν

306 4681 667 4734 καταστᾶσαν
718 4682 973 4753 συνηθείᾳ
1017 4683 1110 4735 καὶ
1152 4681 1420 4753 προλήψει
1450 4680 1650 4752 πολλῇ,
1682 4680 1769 4733 διὰ
1792 4679 1888 4732 τοῦ

310 4774 465 4839 ξένου
490 4774 590 4844 τῆς
609 4773 823 4844 φύσεως
844 4775 1004 4846 ήμῶν
1027 4817 1042 4841 ,
1068 4778 1168 4845 τῆς
1194 4773 1521 4845 ἐπουρανίου
1548 4773 1754 4844 δωρεᾶς
1795 4772 1890 4826 τοῦ

313 4867 635 4937 Πνεύματος
677 4865 1028 4939 ἐξω[σ]θῆναι
1054 4868 1215 4920 πάλιν
1236 4866 1381 4937 χρὴ,
1424 4866 1517 4919 καὶ
1543 4866 1621 4928 εἰς
1657 4865 1891 4936 ἀρχαίαν

316 4954 671 5025 καθαρότητα
726 4956 1191 5026 ἀποκαταστῆναι.
1254 4956 1364 5008 Καὶ
1414 4957 1510 5008 ἐὰν
1562 4954 1638 5026 μὴ
1676 4955 1892 5024 ἐκείνην

321 5045 414 5114 τὴν
464 5047 529 5110 ἐξ
569 5046 800 5115 οὐρανοῦ
852 5048 1071 5117 ἀγάπην
1114 5046 1208 5098 τοῦ
1252 5046 1568 5116 Πνεύματος
1611 5044 1893 5115 δεξώμεθα

323 5138 413 5192 νῦν
456 5144 522 5193 ἐν
565 5140 735 5211 πολλῇ
774 5143 985 5212 αἰτήσει
1008 5182 1022 5206 ,
1070 5142 1163 5194 καὶ
1196 5140 1398 5211 δεήσει,
1433 5141 1527 5195 καὶ
1557 5140 1762 5204 πίστει,
1798 5140 1894 5193 καὶ

327 5235 624 5301 προσευχῇ,
662 5235 755 5285 καὶ⁴
786 5235 1103 5304 ἀποστροφῇ
1131 5232 1224 5284 τοῦ
1249 5232 1478 5301 κόσμου·
1514 5231 1609 5284 καὶ
1630 5230 1895 5303 προσκολ-

321 5322 453 5394 ληθῇ
484 5327 553 5394 τῇ
582 5325 798 5396 ἀγάπῃ.
833 5326 956 5395 ἥτις
984 5325 1133 5377 ἐστὶν
1161 5326 1189 5376 ὁ
1218 5322 1421 5393 Κύριος
1444 5363 1459 5386 ,
1516 5324 1613 5376 καὶ
1654 5323 1889 5394 ἀγιασθῇ

318 5416 352 5485 ἡ
383 5416 679 5485 μιανθεῖσα
726 5417 831 5470 ὑπὸ
871 5418 973 5485 τῆς
1003 5416 1199 5479 κακίας
1230 5416 1392 5486 φύσις
1418 5415 1573 5486 ήμῶν
1597 5457 1612 5483 ,
1663 5417 1768 5469 ὑπὸ
1796 5421 1897 5488 τῆς

313 5510 543 5578 ἀγάπης
588 5508 807 5577 ἐκείνης
855 5509 949 5562 τοῦ
996 5508 1312 5579 Πνεύματος
1339 5525 1352 5538 ⁸
1413 5508 1507 5560 καὶ
1557 5506 1663 5570 ἕως
1710 5508 1898 5574 τέλους

314 5599 691 5671 διαμείνωμεν
712 5601 977 5665 ἄπτωτοι,
1007 5602 1066 5654 ἐν
1094 5600 1295 5662 πάσαις
1323 5601 1446 5664 ταῖς
1468 5597 1711 5664 ἐντολαῖς
1733 5598 1895 5654 αὑτοῦ

315 5693 563 5765 ἀκριϐῶς
597 5692 1098 5763 ἀναστρεφόμενοι,
1135 5693 1233 5763 τῆς
1262 5689 1587 5762 ἐπουρανίου
1618 5690 1899 5763 βασιλείας

317 5790 494 5861 τυχεῖν
525 5787 592 5843 οὒ
618 5784 990 5859 δυνησόμεθα.

1994 4598 2329 4668 recepimus,
2358 4611 2521 4665 quam
2541 4595 2596 4649 in
2627 4594 2789 4649 nobis
2815 4594 2986 4649 veluti
3009 4595 3301 4664 quamdam
3322 4606 3576 4650 naturam

1998 4687 2407 4745 consuetudine
2435 4696 2491 4741 et
2517 4688 2682 4756 longo
2714 4702 2817 4741 usu
2850 4685 3251 4751 conﬁrmatam,
3270 4702 3370 4757 per
3389 4687 3578 4757 hospi-

1997 4792 2107 4838 tem
2125 4789 2328 4835 nostra:
2346 4788 2579 4844 naturai,
2594 4780 2821 4833 ccelcstc
2849 4779 3062 4833 scilicet
3084 4778 3289 4833 donum
3314 4779 3574 4848 Spiritus,

1998 4887 2221 4929 rursum
2247 4872 2451 4939 expelli
2488 4879 2546 4925 et
2590 4871 2834 4939 pristinae
2862 4869 3089 4938 puritati
3129 4870 3345 4925 restitui
3376 4886 3579 4928 conve-

1986 4978 2104 5022 ‘mt.
2136 4968 2204 5022 Et
2227 4966 2332 5019 nisi
2362 4980 2510 5018 nunc
2550 4964 2762 5020 ardenti
2795 4962 3083 5032 petitione,
3110 4972 3165 5017 et
3192 4964 3497 5033 rogatione,
3522 4974 3580 5021 et

1998 5059 2126 5123 ﬁde,
2154 5072 2217 5112 ac
2248 5057 2497 5111 oratione
2518 5064 2682 5124 atque
2700 5055 3044 5109 aversatione
3068 5054 3281 5119 mundi,
3299 5056 3577 5111 ccelestem

1999 5152 2351 5207 dilectionem
2381 5149 2622 5218 Spiritus
2653 5148 3052 5217 acceperimus,
3078 5156 3133 5201 et
3166 5158 3365 5203 natura
3389 5160 3578 5204 nostra

1995 5247 2185 5317 juncta
2220 5242 2704 5304 fueritdilectioni,
2729 5255 2851 5309 quae
2885 5248 2967 5293 est
2998 5240 3284 5307 Dominus,
3317 5252 3373 5297 et
3402 5258 3432 5296 a
3460 5258 3578 5295 ma-

1999 5338 2143 5400 litia,
2168 5350 2273 5405 qua
2300 5344 2385 5388 est
2421 5333 2732 5401 inquinata,
2758 5346 2857 5400 per
2899 5331 3047 5385 illam
3073 5332 3421 5388 dilectionem
3458 5333 3577 5403 Spi—

2002 5428 2143 5482 ritus
2193 5424 2535 5480 sanctiﬁcata
2590 5422 2780 5487 fuerit,
2824 5431 2879 5478 ct
2911 5424 3017 5478 nisi
3059 5424 3127 5478 ad
3185 5424 3347 5480 ﬁnem
3380 5441 3574 5495 usque,

2003 5518 2211 5586 absque
2244 5514 2367 5569 labe
2414 5524 2470 5569 et
2514 5514 2871 5579 offendiculo,
2901 5514 2957 5568 in
3002 5514 3262 5569 omnibus
3306 5517 3579 5574 mandatis

2002 5609 2124 5679 ejus
2167 5605 2461 5677 diligenter
2509 5606 2713 5660 versati
2755 5598 3316 5675 perseveraverimus,
3356 5608 3578 5665 caeleste

2003 5715 2235 5773 regnum
2270 5695 2536 5769 consequi
2566 5712 2678 5752 non
2704 5694 3030 5766 poterimus.
