4016 6476
475 363 582 428 479

1729 365 1791 423 S.
1830 363 2148 423 MACARII
2189 363 2504 425 xEGYPTll

3657 365 3790 429 480

560 472 654 532 IX.
691 476 858 548 Atqui
897 476 1157 531 subtilius
1201 484 1257 529 et
1298 471 1630 544 prorundius
1659 486 1772 542 pro.
1805 486 2066 527 concessa

2239 473 2317 527 9'.
2371 473 2583 527 Λεπτὸν
2624 472 2681 526 δέ
2731 490 2853 528 τινα
2896 472 3052 543 λόγον
3099 474 3195 528 καὶ
3242 474 3410 546 βαθὺν
3459 479 3605 533 κατὰ
3666 483 3793 553 τὴν

480 568 619 622 mihi
643 568 907 623 facultate
925 569 1220 625 disseram.
1238 568 1587 636 Quapropter
1615 574 1821 620 attente
1846 566 2059 620 audite.

481 660 759 725 inﬁnitus,
787 663 1106 717 inaccessus
1133 670 1191 715 et
1227 661 1506 714 increatus
1535 659 1701 722 Deus,
1739 673 1941 727 corpus
1979 672 2068 712 as-

478 752 735 821 sumpsit,
748 763 975 822 propter
992 753 1314 806 immensam
1332 760 1388 805 et
1412 749 1741 805 ineﬁ'abilem
1759 750 2062 804 bonitatem

478 859 659 909 suam,
691 856 769 912 et,
805 857 866 900 ut
903 846 979 900 ita
1029 846 1243 916 loquar,
1272 846 1422 899 velut
1471 844 1748 899 imminuit
1791 860 1850 899 se
1884 844 2062 913 ipsum

477 936 547 990 ab
578 938 859 992 inaccessa
888 938 1085 1009 gloria;
1110 947 1170 991 ut
1211 936 1357 991 uniri
1395 943 1583 1006 posset
1608 936 1923 991 visibilibus
1948 936 2065 991 suis

478 1027 775 1093 creaturis,
813 1027 991 1082 veluti
1016 1027 1218 1082 animis
1246 1037 1566 1082 sanctorum
1608 1035 1666 1081 et
1700 1027 2042 1097 angelorum,

477 1125 540 1170 ut
570 1119 784 1188 possint
815 1120 942 1173 vita:
982 1118 1183 1174 divina:
1211 1120 1511 1189 participes
1544 1120 1686 1174 ﬁeri.
1706 1120 2067 1189 Unumquod-

480 1225 590 1279 que
624 1211 775 1265 enim
805 1211 1027 1275 horum,
1053 1212 1357 1267 secundum
1386 1220 1637 1266 naturam
1674 1227 1825 1267 suam
1862 1228 2066 1282 corpus

479 1310 587 1368 est,
634 1303 861 1374 angelus
919 1304 1155 1368 scilicet,
1206 1304 1393 1360 anima
1427 1314 1483 1359 et
1508 1304 1721 1360 daemon
1765 1307 2066 1375 :quamvis

479 1395 630 1449 enim
679 1396 901 1453 subtilia
939 1398 1073 1463 sint,
1108 1406 1293 1453 tamen
1349 1398 1406 1453 in
1442 1399 1774 1465 substantia,
1806 1399 1980 1453 forma
2008 1407 2066 1453 ct

477 1483 652 1555 ﬁgura
682 1488 987 1542 secundum
1017 1490 1346 1544 tenuitatem
1383 1500 1594 1545 natura:
1623 1505 1839 1555 eorum,
1863 1505 2063 1559 corpo-

477 1593 537 1632 ra
590 1588 722 1634 sunt
765 1582 958 1636 tenuia
995 1600 1009 1636 :
1044 1580 1509 1651 quemadmodum
1540 1581 1727 1636 ethoc
1765 1596 1967 1650 corpus
2006 1581 2063 1635 in

473 1667 786 1724 substantia
813 1686 913 1725 sua
931 1686 1179 1727 crassum
1208 1678 1267 1725 et
1296 1670 1534 1726 solidum
1557 1683 1662 1728 est.
1684 1671 1776 1726 Sic
1799 1681 1856 1726 et
1881 1671 2064 1725 anima

474 1762 700 1817 subtilis
728 1779 854 1817 cum
911 1765 1002 1831 sit,
1043 1763 1469 1834 comprehendit
1518 1763 1574 1817 in
1604 1779 1663 1819 se
1692 1764 1937 1829 oculum,
1966 1778 2064 1834 per

477 1871 645 1925 quem
689 1856 866 1920 videt,
900 1874 1115 1923 aurem,
1148 1872 1248 1927 per
1280 1872 1445 1927 quam
1479 1856 1677 1912 audit:
1711 1857 1970 1912 similiter
2007 1868 2063 1911 et

476 1944 749 2015 linguam,
780 1961 881 2017 per
920 1962 1086 2018 quam
1122 1960 1433 2003 sermonem
1466 1946 1711 2017 profert:
1750 1963 1966 2014 manus,
2005 1957 2064 2003 et

480 2033 538 2087 in
561 2049 773 2089 summa
825 2044 1003 2092 totum
1035 2052 1261 2108 corpus,
1296 2044 1353 2089 et
1377 2037 1623 2092 membra
1661 2041 1782 2112 ejus
1820 2040 2063 2110 comple—

476 2132 637 2181 ctens
662 2127 867 2194 anima,
907 2130 1302 2185 commiscetur
1328 2142 1453 2182 eum
1475 2146 1566 2199 eo,
1585 2148 1684 2203 per
1704 2132 1852 2204 quod
1875 2147 2067 2187 omnes

478 2217 646 2287 hujus
679 2219 929 2276 actiones
960 2237 1058 2277 seu
1090 2239 1259 2294 opera
1291 2228 1408 2284 edit
1436 2238 1492 2283 et
1521 2235 1761 2282 exercet.

552 2310 620 2365 Χ.
649 2313 859 2370 Eodem
896 2317 1060 2371 modo
1091 2318 1258 2382 Deus,
1294 2322 1387 2390 qui
1430 2321 1567 2375 ﬁnes
1615 2329 1673 2374 et
1723 2316 2066 2373 intellectum

478 2410 731 2457 nostrum
768 2405 931 2477 longe
956 2410 1320 2475 transcendit,
1348 2427 1445 2481 per
1476 2410 1779 2465 bonitatem
1809 2425 1962 2465 suam
2009 2425 2067 2464 se

480 2492 662 2563 ipsum
691 2495 992 2564 imminuit,
1013 2506 1071 2554 et
1103 2500 1282 2555 induit
1309 2502 1556 2557 membra
1591 2502 1841 2573 corporis
1880 2501 2064 2573 hujus,

477 2592 538 2638 et
573 2587 807 2641 retraxit
844 2603 905 2644 se
950 2589 1132 2659 ipsum
1188 2590 1259 2644 ab
1310 2592 1589 2647 inaccessa
1610 2593 1786 2663 gloria
1820 2607 1925 2646 :ac
1969 2607 2068 2662 per

483 2677 929 2736 benevolentiam
979 2690 1037 2737 et
1064 2681 1467 2739 humanitatem
1496 2700 1671 2750 suam,
1700 2694 2067 2740 transmutata

484 2771 682 2838 forma,
711 2775 1009 2845 assumpsit
1038 2792 1241 2846 corpus
1268 2786 1324 2832 et
1347 2778 1759 2844 commiseetur,
1786 2786 1950 2849 atque
1980 2794 2068 2833 as”

480 2864 655 2919 sumit
678 2866 892 2920 animas
914 2876 1140 2921 sanctas
1171 2867 1278 2923 sibi
1311 2883 1476 2938 quam
1503 2876 1758 2938 acceptas
1775 2877 1835 2923 et
1853 2868 2063 2933 ﬁdeles,

476 2967 537 3011 et
558 2955 618 3010 ﬁt
638 2972 762 3010 cum
790 2957 874 3010 eis
894 2974 1029 3012 unus
1047 2956 1303 3029 Spiritus,
1318 2959 1624 3014 secundum
1646 2960 1859 3016 dictum
1880 2959 2062 3015 Pauli:

478 3048 690 3112 anima,
717 3056 779 3102 ut
803 3049 879 3104 ita
902 3049 1119 3119 loquar,
1145 3050 1333 3105 evadit
1361 3051 1415 3104 in
1448 3052 1709 3117 animam,
1739 3060 1797 3105 et
1812 3050 2067 3107 substan-

2168 564 2484 635 προσοῦσάν
2516 582 2609 636 μοι
2635 566 2865 637 δύναμιν
2892 567 3069 622 εἰπεῖν
3095 567 3375 638 βούλομαι·
3407 569 3489 623 διὸ
3514 574 3794 638 συνετῶς

2166 654 2438 710 ἀκούσατε
2470 673 2486 687 ο
2534 656 3049 728 Ἐσωματοποίησεν
3096 659 3289 712 ἑαυτὸν
3319 662 3348 713 ό
3384 660 3621 734 ἄπειρος
3677 666 3792 718 καὶ

2166 745 2467 811 ἀπρόσιτος
2489 786 2504 809 ,
2557 747 2654 800 καὶ
2682 748 2949 819 ἀποίητος
2976 748 3128 812 Θεὸς,
3163 749 3251 802 διὰ
3277 751 3507 822 ἄπειρον
3534 756 3637 807 καὶ
3673 757 3793 807 ἀν-

2165 838 2417 907 εννόητον
2448 841 2792 911 χρηστότητα
2812 881 2827 904 ,
2879 842 2975 894 καὶ
3013 841 3089 905 ὡς
3117 844 3290 897 εἰπεῖν
3319 844 3395 908 ὡς
3423 847 3793 918 ὲσμὶκρυνεν

2167 930 2331 983 αὑτὸν
2366 933 2431 985 ἐκ
2455 933 2555 1003 τῆς
2576 934 2876 1005 ἀπροσίτου
2903 935 3063 1006 δόξης
3086 976 3101 999 ,
3138 938 3226 991 ἵνα
3259 940 3643 1011 συνενωθῆναι
3678 943 3793 994 δυο

2166 1022 2304 1094 νηθῇ
2353 1026 2469 1087 τοῖς
2518 1025 2733 1095 ὁρατοῖς
2784 1027 2953 1080 αὑτοῦ
3003 1028 3338 1099 κτίσμασιν,
3392 1027 3507 1086 οἷον
3554 1035 3793 1104 ψυχαῖς

2166 1114 2339 1182 ἁγίων
2376 1132 2469 1170 και
2500 1118 2747 1186 ἀγγέλων
2781 1120 2960 1187 λέγω,
3017 1120 3105 1173 ἶνα
3145 1121 3419 1193 δυνηθῶσι
3451 1124 3605 1197 ζωῆς
3640 1126 3793 1181 θεό·

2164 1223 2331 1277 τητος
2365 1212 2681 1279 μετασχεῖν.
2715 1212 2986 1266 Ἕκαστον
3015 1214 3127 1283 γὰρ
3173 1215 3315 1268 κατά
3345 1215 3447 1285 τὴν
3482 1217 3631 1271 ἰδίαν
3666 1218 3790 1287 φύ-

2168 1313 2254 1352 σιν
2290 1299 2452 1370 σῶμά
2478 1302 2658 1369 ἐστιν,
2706 1305 2735 1356 ό
2764 1305 3017 1374 ἄγγελος,
3054 1307 3087 1377 ἡ
3118 1306 3287 1378 ψυχὴ,
3316 1306 3346 1360 ὁ
3374 1308 3629 1379 δαίμωνσ
3692 1312 3789 1365 ὅτι

2167 1390 2271 1443 κᾶν
2301 1389 2472 1446 λεπτὰ
2498 1387 2661 1459 ὦσιν,
2694 1397 2845 1466 ὅμως
2874 1401 2931 1450 ἐν
2959 1398 3264 1453 ὑποστάσει
3296 1401 3390 1454 καὶ
3418 1404 3786 1474 χαρακτῆρι,

2166 1482 2262 1534 καὶ
2310 1483 2479 1538 εικόνι
2532 1486 2674 1540 κατὰ
2719 1488 2818 1559 τὴν
2843 1489 3148 1561 λεπτότητα
3178 1494 3279 1563 τῆς
3305 1491 3524 1562 φύσεως
3551 1493 3785 1561 αὑτῶν,

2168 1571 2396 1641 σώματα
2425 1578 2687 1647 τυγχάνει
2715 1579 2887 1633 λεπτὰ
2910 1622 2924 1647 ,
2960 1582 3150 1653 ὥσπερ
3177 1584 3235 1635 ὲν
3262 1584 3568 1638 ὑποστάσει
3600 1584 3785 1639 τοῦτο

2166 1664 2228 1718 τὸ
2261 1666 2424 1735 σῶμα
2471 1670 2618 1740 παχύ
2651 1672 2823 1731 ἐστιν.
2861 1673 3020 1727 Οὕτω
3049 1676 3143 1728 καὶ
3176 1678 3209 1746 ἡ
3238 1675 3384 1748 ψυχὴ
3417 1676 3603 1749 λεπτὴ
3630 1678 3784 1732 οὖσα

2170 1759 2465 1827 περιέλαϐε
2517 1762 2610 1815 τὸν
2655 1763 2936 1835 ὀφθαλμὸν
2980 1766 3050 1820 δι’
3079 1762 3139 1821 οὗ
3188 1769 3329 1839 ὁρᾷ,
3370 1770 3431 1822 τὸ
3466 1766 3566 1834 οῦς
3600 1772 3677 1825 δι’
3712 1766 3778 1827 οὗ

2169 1851 2379 1905 ἀκούει.
2421 1853 2658 1924 Ὀμοίως
2703 1857 2803 1929 τὴν
2833 1857 3085 1926 γλῶσσαν
3110 1859 3181 1913 δι’
3203 1857 3275 1933 ἦς
3301 1861 3474 1927 λαλεῖ,
3505 1863 3616 1934 τὴν
3648 1869 3779 1935 χεῖ-

2170 1960 2239 2013 ρα
2262 1983 2281 2008 ,
2326 1945 2423 1999 καὶ
2450 1946 2811 2014 ἁπαξαπλῶς,
2844 1952 2955 2004 πᾶν
2986 1954 3170 2023 σῶμα,
3203 1954 3295 2007 καὶ
3322 1954 3391 2007 τὰ
3418 1956 3562 2028 μέλη
3593 1959 3775 2012 αὐτοῦ

2167 2036 2543 2107 περιλαϐοῦσα
2585 2041 2619 2111 ἡ
2650 2040 2833 2112 ψυχὴ,
2872 2045 3275 2114 συγκέκραται,
3311 2042 3378 2099 δι’
3406 2040 3469 2101 οῦ
3501 2050 3776 2122 ἀπεργά-

2167 2127 2326 2191 ζεται
2356 2132 2539 2186 πάντα
2568 2134 2637 2188 τὰ
2660 2134 2759 2188 τοῦ
2787 2135 2905 2207 βίου
2936 2139 3365 2211 ἐπιτηδεύματα.

2241 2309 2300 2365 I'.
2363 2311 2469 2365 Τὸν
2512 2312 2680 2367 αὐτὸν
2723 2314 2927 2386 τρόπον
2974 2315 3003 2367 ὁ
3042 2315 3271 2386 ἄπειρος
3308 2318 3398 2371 καὶ
3432 2320 3773 2391 ἀνεννόητος

2167 2400 2304 2463 Θεὸς
2358 2404 2424 2471 τῇ
2474 2403 2807 2474 χρηστότητι
2856 2404 3021 2457 αὐτοῦ
3066 2406 3398 2477 ἐσμίκρυνεν
3438 2410 3636 2474 αὑτὸν,
3671 2416 3772 2466 καὶ

2170 2492 2459 2546 ἐνεδύσατο
2504 2493 2573 2547 τὰ
2621 2493 2759 2564 μέλη
2793 2494 2886 2548 τοῦ
2921 2495 3176 2566 σώματος
3204 2497 3429 2564 τούτου,
3467 2500 3569 2553 καὶ
3599 2519 3767 2573 περιέ

2170 2582 2365 2637 ἐλαϐεν
2412 2584 2606 2638 ἑαυτὸν
2653 2586 2764 2639 ἀπὸ
2802 2586 2905 2656 τῆς
2944 2588 3241 2659 ἀπροσίτου
3283 2590 3444 2662 δόξης
3469 2609 3487 2623 ·
3541 2596 3644 2647 καὶ
3674 2596 3761 2648 διὰ

2168 2673 2487 2745 ἡμερότητα
2523 2675 2618 2728 καὶ
2650 2675 3059 2747 φιλανθρωπίαν
3086 2680 3623 2752 μεταμορφούμενος
3650 2702 3749 2737 σω-

2171 2769 2461 2834 ματοποιεῖ
2487 2767 2701 2833 ἑαυτὸν,
2732 2770 2826 2823 καὶ
2849 2770 3239 2840 ἀναμίγνυται,
3268 2773 3361 2825 καὶ
3387 2775 3743 2846 παραλαμῶι

2167 2873 2247 2909 νει
2282 2856 2383 2921 τὰς
2408 2858 2570 2926 ἁγίας
2600 2860 2695 2913 καὶ
2724 2861 3051 2931 εὐαρέστους
3081 2864 3175 2916 καὶ
3201 2865 3401 2928 πιστὰς
3426 2865 3639 2938 ψυχάς,
3663 2869 3753 2921 καὶ

2166 2947 2415 3016 γίγνεται
2449 2950 2568 3020 μετ’
2601 2950 2780 3005 αὐτῶν
2812 2953 2893 3016 είς
2921 2952 2990 3006 ἐν
3012 2954 3278 3023 Πνεῦμα,
3310 2957 3454 3010 κατά
3484 2958 3550 3011 τὸ
3579 2958 3754 3028 λόγιον

2170 3042 2383 3096 Παύλου
2406 3059 2420 3073 ο
2468 3043 2615 3115 ψυχὴ
2662 3047 2738 3109 ὡς
2771 3046 2950 3099 εἰπεῖν
2981 3048 3061 3110 εἰς
3087 3046 3289 3118 ψυχὴν,
3325 3051 3421 3102 καὶ
3454 3050 3757 3115 ὑπόστασις

483 3138 560 3192 tia
593 3138 649 3191 in
694 3138 1060 3206 snbtantiam,
1088 3148 1152 3194 ut
1172 3140 1349 3210 possit
1380 3141 1562 3196 anima
1591 3142 1646 3195 in
1692 3141 1940 3196 novitate
1961 3142 2066 3212 ιθ

2171 3135 2249 3199 είς
2280 3135 2604 3200 ὑπόστασιν,
2640 3137 2731 3191 ἵνα
2764 3139 2798 3208 ἡ
2823 3137 2971 3209 ψυχὴ
3000 3138 3201 3210 δυνηθῇ
3236 3143 3296 3193 ὲν
3322 3142 3388 3211 τῇ
3415 3142 3637 3211 νεότητι
3667 3145 3759 3214 ζῆ-

485 3228 674 3283 vivere
722 3237 779 3285 et
825 3229 1193 3285 immortalem
1242 3232 1410 3286 vitam
1461 3233 1694 3299 sentire,
1739 3248 1805 3287 ac
1847 3242 2067 3288 aeternae

482 3318 672 3387 pluria:
698 3319 982 3388 particeps
1013 3319 1153 3384 ﬁeri,
1194 3336 1281 3387 ea,
1311 3320 1559 3391 inquam,
1586 3323 1789 3387 anima,
1822 3339 1945 3393 qua:
1976 3338 2063 3391 eo,

483 3410 598 3465 Deo
624 3410 856 3476 scilicet,
894 3412 1057 3482 digna
1113 3422 1219 3479 est,
1270 3413 1435 3485 eique
1492 3416 1790 3484 perplacet.
1832 3415 1889 3471 Si
1917 3416 2067 3470 enim

483 3500 633 3556 Deus
658 3516 725 3555 ex
770 3502 861 3567 iis,
914 3518 1036 3571 quae
1079 3519 1192 3558 non
1231 3515 1413 3569 erant,
1456 3514 1517 3559 ut
1549 3515 1756 3571 essent,
1820 3506 2068 3562 condidit

483 3599 630 3655 hanc
663 3599 939 3655 visibilem
982 3612 1315 3667 creaturam,
1340 3617 1537 3673 magna
1584 3618 1710 3658 cum
1752 3602 2067 3658 differentia

483 3700 541 3746 et
560 3691 844 3756 varietate,
876 3707 1020 3762 qua,
1051 3702 1345 3763 antequam
1372 3692 1549 3761 ﬁeret,
1581 3708 1694 3748 non
1724 3693 1895 3749 erat"
1921 3711 1936 3760 ;
1972 3708 2068 3747 vo-

482 3782 591 3837 luit
617 3783 811 3847 etiaru,
836 3793 893 3839 et
922 3784 1077 3839 nullo
1109 3799 1234 3838 cum
1261 3784 1450 3839 labore
1482 3785 1814 3841 condiditex
1835 3785 1925 3849 iis,
1945 3802 2068 3855 qua:

488 3889 605 3929 non
633 3884 814 3941 erant,
848 3876 1188 3931 substantias
1217 3875 1426 3931 solidas
1457 3886 1511 3931 et
1550 3876 1739 3944 duras,
1775 3878 1927 3934 velut
1958 3886 2069 3933 ter-

488 3979 633 4033 ram,
690 3976 930 4033 montes,
979 3969 1211 4024 arbores
1268 3971 1413 4041 (quae
1470 3969 1704 4027 durities
1746 3981 1959 4026 natura:
1997 3972 2069 4027 sit

488 4059 695 4129 vides),
726 4069 781 4115 et
818 4075 1012 4115 rursus
1055 4061 1265 4116 medias
1298 4077 1492 4132 aquas,
1519 4070 1576 4117 et
1611 4063 1773 4118 exiis
1816 4063 2071 4119 volucres

485 4150 641 4205 nasci
676 4149 961 4205 mandavit
994 4168 1008 4204 :
1039 4158 1097 4204 et
1124 4150 1309 4206 denuo
1344 4152 1616 4217 tenuiora,
1649 4153 1829 4224 ignem
1853 4169 1917 4209 ac
1938 4168 2072 4208 ven-

490 4250 600 4305 tos,
650 4248 707 4294 et
760 4249 982 4305 caetera,
1031 4255 1153 4311 qua:
1206 4250 1431 4312 propter
1478 4243 1841 4300 subtilitatem
1896 4245 2070 4301 aciem

492 4332 641 4386 oculi
672 4331 928 4402 corporei
961 4330 1254 4403 eﬂ'ugiunt.

559 4416 655 4476 XI.
688 4420 807 4488 Quo
845 4430 1007 4492 pacto
1062 4423 1278 4479 inﬁnita
1322 4433 1379 4480 et
1421 4425 1722 4483 ineﬁ‘abilis
1750 4427 2071 4499 multiplicis

2172 3242 2282 3290 σαι,
2313 3226 2409 3279 καὶ
2437 3226 2721 3281 αἰσθέσθαι
2749 3228 3022 3283 ἀθανάτου
3050 3228 3219 3299 ζωῆς,
3246 3231 3340 3285 καὶ
3362 3232 3524 3301 δόξης
3546 3234 3761 3305 ἀφθάρ-

2166 3335 2262 3371 του
2294 3318 2522 3388 μέτοχος
2547 3319 2795 3389 γένηται,
2820 3320 2855 3392 ἦ
2884 3339 2947 3389 γε
2973 3321 3102 3387 ἀξία
3122 3323 3291 3376 αὑτοῦ
3318 3326 3411 3377 καὶ
3434 3325 3757 3395 εὐάρεστοςι

2168 3411 2231 3463 Et
2260 3411 2371 3480 γὰρ
2401 3410 2464 3475 ἐξ
2490 3412 2590 3464 οὐκ
2618 3411 2791 3465 ὄντων
2824 3415 2903 3474 εἰς
2933 3412 2992 3465 τὸ
3014 3408 3158 3467 εἶναι
3188 3415 3458 3486 πεποίηκε
3486 3418 3591 3487 τὴν
3620 3420 3762 3491 ὁρω-

2172 3501 2342 3571 μένην
2390 3503 2570 3555 κτίσιν
2612 3502 2905 3574 τοιαύτην,
2967 3506 3027 3559 ἐν
3061 3506 3228 3577 πολλῇ
3258 3522 3362 3560 τινι
3392 3508 3635 3581 διαφορᾷ
3669 3511 3761 3564 καὶ

2167 3594 2547 3665 ποικιλίᾳ,καὶ
2581 3596 2709 3667 πρὶν
2734 3597 2988 3665 γενέσθαι
3016 3599 3118 3651 υύκ
3141 3593 3210 3670 ἦν
3229 3617 3242 3629 ·
3278 3598 3508 3670 ἠθέλησε
3538 3600 3623 3667 δὲ,
3661 3603 3755 3656 καὶ

2170 3687 2407 3750 εὐκόλως
2469 3688 2726 3759 ἐποίησεν
2794 3692 2861 3743 ὲκ
2916 3689 3026 3743 τῶν
3080 3691 3158 3760 μὴ
3205 3691 3376 3745 όντων
3423 3694 3759 3758 ὑποστάσεις

2170 3779 2403 3847 παχείας
2455 3781 2550 3832 καὶ
2597 3779 2840 3850 σκληρὰς
2862 3820 2876 3844 ,
2924 3774 3037 3835 οἷον
3070 3782 3174 3853 γῆν
3205 3781 3369 3850 λέγω,
3404 3783 3530 3855 ὅρη,
3561 3785 3757 3858 δένδρα

2171 3870 2328 3938 (ὁρᾷς
2353 3869 2440 3921 οἶα
2467 3869 2772 3941 σκληρότης
2796 3871 3057 3940 φύσεως)’
3084 3871 3183 3925 καὶ
3206 3873 3370 3926 πάλιν
3398 3874 3540 3945 μέσα
3561 3874 3753 3930 ὕδαταδ

2169 3964 2266 4014 καὶ⁵
2296 3962 2355 4025 ἐξ
2385 3963 2565 4015 αὐτῶν
2594 3963 2889 4031 γεννᾶσθαι
2917 3966 3140 4017 πετεινά
3166 3966 3492 4037 προσέταξεο
3526 3970 3615 4021 καὶ
3642 3972 3752 4022 πά-

2169 4058 2254 4110 λιν
2282 4058 2607 4129 λεπτότερα,
2641 4060 2774 4130 πῦρ,
2805 4060 2901 4113 καὶ
2927 4060 3182 4127 ἀνέμους,
3207 4061 3302 4114 καὶ
3329 4061 3419 4115 διὰ
3449 4061 3743 4131 λεπτότητα

2174 4149 2250 4220 μὴ
2274 4149 2529 4220 ὁρώμενα
2559 4148 2638 4221 τῷ
2665 4149 2761 4204 τοῦ
2792 4150 3048 4222 σώματος
3071 4151 3356 4223 ὀφθαλμῷ.

2244 4415 2348 4467 IA’.
2404 4414 2529 4476 Πῶς
2565 4415 2599 4483 ἡ
2635 4415 2860 4485 ἄπειρος
2901 4416 2996 4468 καὶ
3027 4415 3422 4487 ἀνεκδιήγητος
3453 4417 3553 4487 τῆς
3582 4418 3752 4471 πολυ-

488 4513 777 4583 ωρίοιιιίω
803 4513 1006 4570 divina:
1029 4515 1261 4571 scientia
1299 4516 1548 4572 condidit
1574 4532 1644 4573 ex
1684 4518 1771 4585 iis,
1802 4534 1925 4589 qum
1954 4534 2065 4573 non

2176 4505 2423 4559 ποικίλου
2456 4506 2652 4574 σοφίας
2682 4506 2778 4560 τοῦ
2804 4505 2940 4559 Θεοῦ
2970 4507 3133 4576 τέχνη
3162 4506 3378 4560 ἔκτισεν
3400 4508 3465 4560 έκ
3489 4507 3563 4578 μὴ
3584 4506 3756 4562 ὅντων

490 4616 673 4669 erant,
730 4612 788 4659 et
837 4606 1133 4673 crassiora,
1183 4610 1239 4663 et
1290 4608 1597 4675 subtiliora,
1621 4620 1678 4665 et
1732 4611 2069 4681 simpliciora

500 4714 758 4769 corpora,
791 4714 913 4768 qua:
957 4700 1327 4756 subsisterent
1364 4703 1648 4758 voluntate
1680 4719 1779 4758 sua
1815 4722 1827 4757 :
1859 4714 2067 4774 quanto

492 4789 668 4860 magis
728 4789 869 4859 ipse,
905 4789 1001 4855 qui
1054 4798 1140 4845 est
1206 4800 1268 4845 ut
1326 4793 1465 4859 vult,
1507 4801 1565 4846 et
1608 4793 1757 4862 quod
1797 4793 1931 4860 vult,
1968 4809 2068 4862 per

493 4880 925 4935 inenarrabilem
961 4880 1312 4936 clementiam
1355 4889 1412 4936 et
1458 4883 2068 4951 incomprehensibilem

490 4970 791 5026 bonitatem
818 4986 878 5026 se
906 4974 1022 5041 ipse
1048 4979 1382 5025 transmutat
1399 4971 1752 5026 etimminuit
1790 4988 1957 5042 seque
1983 4988 2071 5027 as-

493 5063 720 5127 similat,
775 5072 1080 5133 assumpto,
1145 5063 1326 5134 quoad
1393 5080 1564 5134 capax
1624 5064 1763 5129 fuit,
1812 5080 2067 5135 corpore,

496 5155 723 5218 sanctis,
744 5155 924 5225 dignis
949 5171 1013 5210 ac
1042 5155 1301 5211 ﬁdelibus
1322 5156 1640 5222 animabus;
1673 5164 1733 5209 ut
1756 5157 2067 5226 conspicia-

497 5251 588 5296 tur
616 5243 685 5296 ab
712 5243 780 5296 iis
810 5245 855 5297 is
883 5244 978 5313 qui
1001 5245 1103 5299 sub
1127 5254 1410 5314 aspectum
1435 5260 1546 5300 non
1566 5244 1734 5312 cadit,
1762 5255 1821 5301 et
1848 5256 2069 5301 contre-

494 5344 683 5390 ctetur
712 5335 1021 5389 secundum
1059 5345 1316 5392 naturam
1346 5337 1632 5391 tenuitatis
1655 5337 1870 5405 animae,
1901 5338 1948 5391 is
1974 5338 2069 5407 qui

493 5435 702 5482 tactum
755 5442 975 5482 omnem
1007 5428 1203 5497 cffugit
1236 5446 1250 5481 :
1287 5441 1343 5484 et
1366 5429 1446 5483 sic
1488 5428 1782 5499 degustent
1822 5428 1928 5499 ipsi
1951 5430 2071 5499 ejus

495 5521 846 5586 suavitatem,
883 5529 940 5575 et
988 5519 1331 5590 benignitate
1381 5520 1609 5574 luminis
1646 5519 1941 5575 ineﬁ‘abilis
1973 5534 2073 5574 vo-

496 5607 722 5679 luptatis
753 5611 872 5683 ipso
906 5610 1284 5681 experimento
1312 5609 1587 5665 fruantur.
1623 5609 2073 5681 Quandocunque

577 5783 617 5815 ⁸¹
646 5786 804 5841 Rom.
863 5803 934 5852 Iv,
962 5787 1052 5840 Π.

2175 4597 2459 4667 παχύτερα
2511 4598 2607 4650 καὶ
2655 4596 2960 4668 λεπτότερα
3009 4598 3105 4650 καὶ
3151 4597 3482 4668 ἁπαλώτερα
3526 4598 3757 4669 σώματα

2173 4688 2513 4740 ένυπόστατα
2540 4684 2619 4756 τῷ
2646 4685 2913 4755 θελήματι
2939 4685 3137 4752 αὐτοῦ;
3176 4688 3330 4757 πόσῳ
3361 4688 3562 4758 μᾶλλον
3591 4690 3756 4755 αὐτὸς

2173 4778 2250 4833 ὣν
2282 4778 2355 4841 ὡς
2386 4779 2552 4844 θέλει,
2582 4779 2679 4832 καὶ
2705 4778 2734 4830 ὂ
2765 4778 2929 4842 θέλει,
2961 4776 3053 4829 διὰ
3078 4779 3425 4848 χρηστότητα
3451 4779 3753 4850 ἄφραστον,

2173 4871 2269 4925 καὶ
2297 4872 2611 4940 ἁγαθότητα
2629 4871 2948 4940 ἀνεννόητον
2979 4870 3303 4940 μεταῦἀλλει
3323 4872 3419 4924 καὶ
3437 4872 3753 4942 σμικρύνει,

2173 4966 2267 5019 καὶ
2316 4966 2552 5035 ἐξομοιοῖ
2599 4964 2792 5017 ἑαυτὸν
2818 5004 2833 5029 ,
2888 4964 3286 5034 σωματοποιιῖψ
3319 4966 3459 5018 κατά
3486 4964 3752 5036 χώρησιν,

2171 5060 2293 5120 ταῖς
2341 5057 2525 5125 ἁγίαις
2578 5058 2674 5110 καὶ
2710 5055 2891 5121 ἀξίαις
2938 5057 3159 5119 πισταῖς
3198 5055 3428 5126 ψυχαῖς·
3468 5056 3554 5109 ἴνα
3579 5056 3754 5128 ὁραθῇ

2169 5151 2364 5214 αὐταῖς
2411 5153 2439 5204 ὁ
2483 5150 2715 5220 ἀόρατος
2741 5192 2757 5217 ,
2812 5150 2907 5203 καὶ
2952 5147 3251 5219 ψηλαφηθῇ
3291 5150 3433 5201 κατὰ
3463 5149 3560 5219 τὴν
3591 5149 3755 5217 φύσιν

2170 5245 2270 5314 τῆς
2302 5243 2629 5312 λεπτότητος
2670 5244 2770 5313 τῆς
2799 5242 2981 5313 ψυχῆς
3027 5244 3056 5295 ὁ
3084 5240 3439 5311 ἀψηλάφητος
3464 5259 3479 5273 ο
3530 5243 3623 5296 καὶ
3663 5242 3754 5295 ατε-

2173 5336 2409 5390 σθωνται
2438 5333 2606 5389 αὐτοῦ
2633 5334 2729 5403 τῆς
2759 5332 3116 5403 γλυκύτητος,
3142 5333 3240 5385 καὶ
3259 5331 3361 5401 τῆς
3384 5334 3754 5403 χρηστότητος

2167 5429 2265 5483 τοῦ
2308 5429 2488 5499 φωτὸς
2540 5429 2641 5497 τῆς
2692 5428 2935 5499 ἀρρήτου
2982 5424 3341 5487 ἀπολαύσεως
3394 5427 3535 5496 αὑτῇ
3585 5426 3751 5496 πείρᾳ

2169 5521 2574 5576 ἀπολαύσωσιν.
2611 5520 2740 5573 Ὅτε
2775 5520 3024 5590 βούλεται
3056 5519 3168 5590 πῦρ
3196 5518 3431 5588 γίνεται,
3468 5521 3577 5573 πᾶν
3608 5520 3750 5587 φαῦ-

2172 5613 2262 5668 λον
2295 5615 2391 5669 καὶ
2420 5612 2745 5668 ἐπείσακτον
2771 5612 2944 5677 πάθος
2974 5613 3071 5684 τῆς
3099 5611 3279 5683 ψυχῆς
3306 5614 3626 5668 κακκαῖον·
3660 5613 3750 5665 καὶ
