4016 6442
280 376 380 442 ιει

1485 325 1887 429 Ἠοιιιιια.
1924 359 2209 425 4110M.
2251 367 2348 424 ιν.

3447 364 3556 427 ⁸ίὸἰ).

291 486 395 556 γὰρ
429 486 462 539 ὁ
493 484 648 550 Θεὸς
679 479 852 552 ἡμῶν
879 480 1000 548 πῦρ
1027 477 1510 541 καταναλίσκον,
1546 475 1733 546 φησίν.
1752 473 1880 528 Ὅτε

1998 471 2106 526 vult
2141 471 2199 525 Iit
2233 471 2393 540 ignis,
2429 483 2646 525 omnem
2704 468 3008 538 improbam
3047 475 3103 523 et
3149 467 3293 522 ultro
3322 471 3562 524 accersi-

299 575 570 646 βούλεται,
597 573 911 634 ἀνάπαυσις
935 570 1170 640 ἄρῤητος
1194 568 1290 622 καὶ
1311 567 1610 638 ἄφραστος,
1641 564 1728 617 ἵνα
1748 564 1878 614 ἀνα-

295 669 410 738 παῇ
435 663 748 722 ἀναπαύσει
780 663 1027 731 θεότητος
1056 662 1086 730 ἡ
1115 659 1260 728 ψυχή
1279 674 1292 688 ·
1325 658 1413 710 ὅτε
1438 655 1707 726 βούλεται,
1732 652 1877 722 χαρὰ

295 762 389 814 καὶ
421 757 635 829 εἰρήνη,
671 756 893 808 θάλπων
927 753 1022 806 καὶ
1048 751 1327 821 περιέπων
1354 750 1545 813 αὐτὴν.

369 1017 475 1076 ΙΒ⁹.
515 1019 578 1073 Ei
611 1017 668 1071 δὲ
703 1017 800 1071 καὶ
845 1017 922 1078 είς
953 1015 1010 1066 ἓν
1039 1013 1150 1066 τῶν
1193 1012 1511 1084 κτισμάτων
1545 1010 1739 1064 ἑαυτὸν
1777 1015 1880 1078 ἁφ-

299 1110 574 1184 ομοιῶσαι
620 1106 870 1178 βούλεται
893 1145 908 1170 ,
944 1103 1012 1156 δι’
1037 1101 1357 1169 ἀγαλλίασιν
1404 1097 1499 1151 καὶ
1541 1095 1882 1168 εὐφροσύνην

296 1204 413 1258 τῶν
446 1200 650 1272 νοερῶν
680 1197 998 1268 κτισμάτων
1024 1233 1039 1260 ,
1078 1189 1190 1247 οἷον
1219 1192 1253 1262 ἢ
1283 1192 1438 1255 πόλις
1465 1189 1642 1260 φωτὸς
1683 1190 1882 1259 Ἰερου-

299 1293 518 1363 σαλὴμ,
573 1291 607 1360 ἢ
650 1289 775 1361 ὅρος
813 1285 950 1339 Σιὼν
990 1283 1334 1354 ἐπουράνιον,
1371 1281 1590 1334 δύναται
1634 1280 1708 1342 ὡς
1741 1278 1885 1331 Θέλει

299 1388 486 1438 πάντα
531 1380 713 1444 καθὼς
749 1378 962 1448 εἴρηται
989 1391 1003 1406 ο
1057 1372 1255 1444 Ὑμεῖς
1282 1371 1351 1425 δὲ
1384 1371 1885 1441 προσεληλύθατε

301 1476 462 1531 Σιὼν
496 1474 617 1542 ὄρει
641 1512 657 1538 ,
694 1471 794 1525 καὶ
827 1471 1000 1523 πόλει
1033 1466 1181 1521 Θεοῦ
1211 1465 1444 1531 ζῶντος,
1489 1463 1886 1532 Ἰερουσαλὴμ

299 1565 657 1636 ἑποιιρανίῳ.
686 1562 872 1615 Πάντα
893 1559 1092 1612 εὐκολα
1110 1557 1259 1627 αὐτῷ
1287 1557 1380 1609 καὶ
1403 1555 1623 1625 εὐχερῆ,
1642 1555 1722 1617 εἰς
1743 1552 1778 1606 ἃ
1799 1551 1888 1604 θέ-

295 1659 382 1710 λει
419 1650 932 1727 μεταμορφουμὲνῳ
975 1651 1094 1713 ταῖς
1132 1648 1313 1716 ἀξίαις
1349 1645 1515 1700 αὐτοῦ
1548 1644 1643 1697 καὶ
1667 1644 1887 1705 πισταῖς

295 1748 500 1818 ψυχαῖς
522 1761 539 1777 ·
579 1744 738 1814 μόνον
772 1758 856 1804 τις
888 1739 1245 1808 ἀγωνιζέσθω
1278 1737 1431 1808 φίλος
1468 1734 1562 1789 καὶ
1592 1733 1888 1804 εὐάρεστος

297 1836 455 1906 αὐτῷ
479 1834 760 1902 γίνεσθαι,
793 1835 889 1886 καὶ
919 1833 1057 1900 αὐτῇ
1089 1831 1258 1900 πείρᾳ
1288 1829 1385 1882 καὶ
1413 1827 1659 1898 αἰσθήσει
1691 1825 1883 1895 ὂψεται

300 1927 484 1996 ἀγαθά
534 1925 878 1995 ἐπουράνια,
940 1924 1032 1976 καὶ
1084 1921 1298 1993 τρυφὴν
1345 1919 1752 1989 ἀνέκφραστον,
1789 1919 1884 1972 καὶ

302 2019 537 2072 πλοῦτον
574 2016 801 2086 ἄπειρον
845 2015 1100 2086 θεότητος
1127 2013 1363 2084 ἀληθῶς,
1405 2011 1441 2066 ἃ.
1474 2009 1749 2082 ὀφθαλμὸς
1782 2009 1885 2063 οὐκ

307 2112 382 2165 ίδε
405 2150 422 2176 ,
459 2111 556 2164 καὶ
587 2105 680 2173 οὖς
713 2108 812 2161 οὐκ
835 2108 1033 2178 ἢκουσε
1051 2147 1066 2173 ,
1100 2106 1193 2160 καὶ
1220 2106 1314 2157 ἐπὶ
1343 2103 1571 2172 καρδίαν
1596 2101 1884 2172 ἀνθρώπου

299 2204 401 2256 οὐκ
447 2200 653 2271 ἀνέϐη,
705 2199 764 2253 τὺ
814 2199 1038 2268 Πνεῦμα
1081 2195 1174 2251 τοῦ
1213 2196 1420 2268 Κυρίου
1458 2195 1778 2265 γιγνόμενον
1806 2196 1887 2255 είς

305 2295 615 2348 ἀνάπαυσιν
661 2289 772 2344 τῶν
816 2289 983 2356 ἀξίων
1028 2287 1252 2357 ψυχῶν,
1293 2286 1388 2340 καὶ
1423 2285 1758 2354 ἀγαλλίασιν,
1793 2283 1888 2336 καὶ

300 2383 544 2456 τρυφὴν,
580 2382 676 2436 καὶ
707 2381 853 2452 ζωὴν
884 2381 1122 2434 αἰώνιον.
1161 2379 1534 2449 Σωματοποιεῖ
1559 2377 1667 2448 γὰρ
1697 2375 1888 2429 ἑαυτὸν

304 2477 402 2532 καὶ
432 2477 513 2539 εἰς
539 2474 742 2545 βρῶσιν
768 2475 861 2526 καὶ
883 2473 1040 2526 πόσιν
1069 2475 1097 2526 ὁ
1121 2471 1346 2543 Κύριος,
1372 2471 1552 2533 καθὼς
1577 2470 1888 2540 γέγραπται

305 2571 363 2623 ὲν
385 2567 464 2637 τῷ
487 2565 829 2635 Εὐαγγελίῳ’
865 2565 930 2618 '0
957 2562 1196 2634 τρώγων
1217 2563 1324 2617 τὸν
1345 2562 1528 2630 ἄρτον
1546 2561 1782 2626 τοῦτον,
1797 2557 1890 2626 ζή-

306 2676 478 2714 σεται
534 2662 622 2722 εἱς
667 2657 778 2712 τὸν
813 2657 1018 2721 αἰῶνα,
1053 2657 1139 2709 ἵνα
1167 2655 1462 2728 ἀναπαύσῃ
1487 2652 1887 2722 ἀνεκλαλήτως,

307 2753 403 2806 καὶ
453 2749 712 2821 ἐμπλήσῃ
758 2750 1102 2821 εὐφροσύνης
1145 2746 1526 2816 πνευματικῆς
1553 2743 1652 2815 τὴν
1679 2743 1886 2814 ψυχήνο

306 2843 404 2894 καὶ
429 2841 540 2910 γάρ
565 2856 749 2909 φησιν·
770 2840 916 2907 Ἐγώ
939 2841 1054 2908 ειμι
1085 2841 1117 2892 ό
1141 2838 1316 2906 ἄρτος
1341 2835 1452 2905 τῆς
1475 2835 1642 2904 ζωῆς.
1661 2833 1891 2905 Ὁμοίως

307 2933 407 2985 καὶ
455 2933 537 2995 εἰς
587 2932 743 2984 πόσιν
789 2931 1029 3000 νάματος
1073 2929 1428 3000 ἐπουρανίου,
1466 2925 1648 2990 καθώς
1683 2942 1846 2995 φησιν
1874 2964 1888 2989 ,

315 3023 374 3077 '0
399 3024 596 3077 πίνων
619 3024 689 3076 ἐκ
713 3021 820 3077 τοῦ
843 3021 1060 3088 ὕδατος
1090 3017 1162 3078 οὗ
1187 3020 1303 3091 ἐγὼ
1325 3020 1496 3074 δώσω
1521 3017 1701 3084 αὐτῷ,
1723 3017 1894 3089 γενή-

1985 573 2098 617 tam
2151 561 2504 617 aﬂ‘ectionem
2545 560 2809 616 adurens.
2853 559 2993 614 Deus
3029 560 3167 613 enim
3217 568 3394 612 noster
3422 560 3559 627 ignis

1980 668 2288 706 consumens
2311 651 2463 717 est",
2496 651 2704 721 inquit;
2737 650 2958 720 quando
2984 649 3102 704 vult
3150 649 3207 703 fit
3266 649 3566 706 inetfabilis

1980 752 2036 797 et
2063 759 2261 798 arcana
2287 743 2527 813 requies,
2578 751 2640 796 ut
2682 743 2993 812 requiescat
3042 741 3225 796 anima
3271 743 3328 796 in
3372 740 3566 809 requie

1983 832 2167 885 divina
2206 850 2217 885 :
2255 831 2476 902 quando
2502 832 2640 895 vult,
2670 831 2731 885 fit
2759 830 3018 901 gaudium
3047 841 3104 885 et
3135 846 3260 901 pax,
3284 830 3476 886 fovens
3504 839 3564 884 et

1983 929 2276 991 protegens
2303 921 2564 976 animam.

2053 1014 2167 1068 XII.
2211 1013 2267 1068 Si
2303 1029 2434 1069 vero
2464 1015 2609 1069 Deus
2638 1015 2791 1079 velit,
2824 1015 2919 1068 uni
2961 1023 3271 1069 creaturam
3325 1014 3565 1070 similem

1985 1124 2044 1163 se
2076 1108 2332 1174 reddere,
2373 1117 2598 1179 propter
2651 1109 3076 1163 exsultationem
3115 1120 3172 1165 et
3199 1111 3446 1165 laetitiam
3477 1113 3564 1165 in-

1987 1203 2356 1273 telligibilium
2378 1212 2781 1264 creaturarum,
2805 1203 2956 1257 velut
2981 1210 3061 1256 est
3090 1211 3186 1256 aut
3209 1203 3401 1258 civitas
3423 1204 3566 1259 lucis

1984 1291 2308 1358 Jerusalem,
2365 1302 2462 1347 aut
2537 1307 2696 1347 mons
2757 1291 2889 1346 Sion
2938 1291 3197 1355 cmlestis,
3237 1301 3420 1362 potest
3463 1309 3568 1362 pro

1987 1383 2269 1438 voluntate
2302 1383 2508 1447 omnia,
2541 1381 3006 1452 quemadmodum
3039 1382 3248 1436 dictum
3284 1391 3370 1438 est
3407 1401 3421 1436 :
3467 1384 3566 1438 Vos

1988 1482 2165 1527 autem
2205 1473 2492 1526 accessistis
2535 1473 2605 1526 ad
2652 1471 3050 1537 Sioumoutcm,
3077 1480 3127 1524 et
3169 1474 3437 1526 civitatem
3473 1475 3567 1528 Dei

1992 1564 2234 1627 uiuentis,
2258 1562 2557 1616 Jerusalem
2571 1562 2828 1616 caelestem
2846 1562 2913 1626 ³³;
2931 1562 3117 1616 omnia
3140 1561 3192 1616 ei
3226 1573 3356 1617 sunt
3381 1564 3569 1619 facilia

1989 1661 2050 1708 et
2085 1653 2372 1722 proclivia,
2400 1653 2597 1722 quise,
2639 1653 2693 1706 in
2725 1668 2886 1722 quam
2918 1653 3036 1706 vult
3082 1653 3340 1723 speciem,
3381 1661 3570 1708 trans-

1990 1751 2188 1808 mutat,
2219 1742 2274 1796 in
2307 1743 2536 1810 gratiam
2595 1759 2661 1796 eo
2712 1743 3000 1812 dignarum
3044 1752 3102 1797 et
3154 1743 3399 1798 ﬁdeliqu
3451 1730 3571 1798 ani-

1994 1850 2208 1890 marum
2238 1852 2250 1887 :
2289 1835 2454 1889 modo
2487 1835 2612 1906 quis
2641 1834 2891 1888 intendat
2925 1834 2978 1890 ci
3012 1844 3200 1904 gratus
3231 1847 3288 1890 et
3312 1845 3574 1905 acceptus

1989 1921 2111 1978 fieri
2142 1938 2154 1973 ε
2184 1931 2239 1978 et
2282 1923 2506 1994 quidem
2537 1924 2658 1993 ipso
2690 1923 2838 1976 facto
2870 1931 2928 1977 et
2974 1938 3141 1978 sensu
3176 1915 3390 1978 videbit
3427 1923 3574 1979 bona

1990 2013 2259 2076 coelestia,
2310 2023 2366 2068 et
2409 2013 2637 2070 delicias
2695 2011 3024 2079 ineffabiles,
3059 2022 3227 2082 atque
3277 2012 3577 2068 immensas

1991 2121 2122 2161 vere
2155 2105 2377 2160 divitias
2409 2105 2716 2161 divinitatis
2736 2106 2802 2169 ",
2831 2120 2953 2175 quae
2991 2115 3142 2160 certe
3166 2103 3354 2159 omnia
3380 2105 3578 2160 oculus

1992 2212 2105 2251 non
2126 2197 2289 2261 vidit,
2343 2212 2448 2252 nec
2494 2198 2646 2252 auris
2692 2197 2924 2262 audivit,
2977 2213 3080 2252 nec
3104 2212 3228 2266 quae
3253 2198 3310 2251 in
3345 2213 3443 2252 cor
3475 2197 3578 2253 ὶιο-

1991 2288 2156 2343 minis
2177 2288 2569 2343 ascenderunt.
2621 2288 2814 2358 Fitque
2869 2287 3110 2358 Spiritus
3132 2288 3350 2342 Domini
3395 2288 3462 2343 ad
3489 2305 3579 2344 re-

1993 2381 2177 2450 quiem
2203 2381 2513 2435 animarum
2559 2381 2873 2452 dignarum,
2917 2393 2975 2436 et
3016 2381 3465 2446 exsultationem,
3519 2393 3577 2436 et

1995 2471 2246 2533 delicias,
2275 2478 2334 2524 et
2361 2471 2529 2524 vitam
2572 2478 2860 2523 :eternam.
2905 2469 3159 2540 Seipsum
3189 2470 3335 2524 enim
3392 2479 3572 2525 trans-

1991 2560 2193 2616 format
2221 2561 2488 2615 Dominus
2512 2560 2569 2614 in
2593 2559 2781 2616 cibum
2805 2569 2862 2616 et
2890 2570 3101 2630 potum,
3139 2562 3283 2617 sicut
3306 2563 3575 2634 scriptum

1992 2660 2077 2707 est
2110 2653 2167 2707 iu
2196 2652 2532 2723 Evangelio:
2567 2650 2672 2717 Qui
2702 2653 2989 2706 manduca!
3028 2669 3219 2723 panem
3251 2655 3409 2719 hunc,
3443 2655 3577 2708 vivet

1991 2745 2047 2798 in
2079 2745 2431 2811 teternum";
2466 2755 2529 2799 ut
2580 2754 2795 2801 recreet
2857 2744 3022 2800 modo
3061 2746 3348 2812 ineffabili,
3382 2755 3440 2802 et
3476 2747 3574 2800 lae-

1996 2838 2116 2892 titia
2151 2839 2426 2909 Spirituali
2459 2839 2671 2910 repleat
2707 2841 2970 2895 animam.
3016 2841 3203 2910 Inquit
3239 2842 3385 2896 enim
3419 2857 3433 2894 :
3465 2841 3576 2911 Ego

1991 2947 2109 2984 sum
2137 2933 2290 2997 panis
2316 2933 2435 2986 vita:
2459 2931 2522 2985 ³⁸.
2548 2931 2813 2988 Similiter
2838 2932 3190 2988 transformat
3209 2949 3267 2988 se
3299 2934 3352 2986 in
3383 2942 3578 3003 potum

1995 3022 2233 3078 ccclesiis
2255 3024 2628 3094 scaturiginis,
2655 3024 2800 3078 sicut
2865 3024 2943 3079 ait
2974 3041 2988 3078 :
3023 3023 3269 3095 Quisquis
3294 3025 3472 3080 biberit
3514 3042 3581 3080 ea:

306 3133 484 3172 σεται
525 3116 594 3168 ἐν
626 3112 788 3179 αὑτῷ
821 3113 984 3183 πηγὴ
1014 3112 1234 3178 ὕδατος
1259 3109 1600 3181 ἁλλομένου
1629 3112 1715 3175 εΙς
1739 3107 1892 3177 ζωὴν

1998 3131 2159 3183 aqua,
2196 3131 2358 3184 quant
2405 3131 2497 3184 ego
2549 3117 2596 3169 ei
2639 3115 2801 3178 dabo,
2849 3115 2942 3183 ﬁet
2970 3116 3026 3169 in
3055 3132 3115 3170 eo
3141 3117 3257 3185 fons
3294 3131 3447 3186 aquae
3489 3133 3583 3170 sa-

306 3208 557 3263 αἰώνιον
575 3225 589 3238 ·
639 3208 735 3262 καὶ
778 3206 1023 3273 πάντες,
1055 3203 1213 3277 φησὶ,
1243 3204 1311 3258 τὸ
1336 3202 1481 3258 αὐτὸ
1507 3203 1670 3273 πόμα
1694 3202 1894 3256 ἐποτί-

307 3302 564 3367 σθημεν.

385 3387 491 3444 II".
533 3389 717 3452 Οὕτως
749 3387 965 3457 ἑκάστῳ
992 3385 1101 3440 τῶν
1127 3385 1297 3456 ἁγίων
1323 3384 1582 3457 Πατέρων
1609 3383 1789 3454 ὤφθη,
1820 3383 1896 3446 ὡς

308 3481 571 3552 ἠθέλησε,
608 3480 701 3534 καὶ
729 3479 806 3544 ὼς
834 3478 1152 3548 συνέφερεν·
1189 3477 1364 3539 ἄλλως
1393 3476 1470 3546 τῷ
1504 3474 1776 3548 Ἀϐραὰμ,
1802 3473 1897 3528 ἄλ-

309 3574 424 3637 λως
469 3572 548 3641 τῷ
581 3572 766 3624 Ἰσαὰκ
786 3611 802 3635 ,
857 3569 1033 3632 ἄλλως
1078 3568 1155 3639 τῷ
1183 3567 1400 3634 Ἰακὼϐ,
1435 3567 1608 3629 άλλως
1641 3566 1718 3636 τῷ
1751 3565 1895 3630 Νῶε,

308 3665 394 3736 τῷ
419 3664 637 3736 Δανιὴλ,
670 3663 745 3733 τῷ
773 3661 959 3728 Δαὸὶδ,
991 3660 1071 3732 τῷ
1093 3659 1422 3730 Σολομῶντι,
1449 3659 1527 3726 τῷ
1561 3659 1773 3727 Ἡσαΐᾳ,
1803 3655 1899 3708 καὶ

309 3758 534 3824 ἑκάστῳ
550 3755 842 3824 τῶνςάγίων
869 3749 1405 3823 προφητῶν.”Λλλως
1430 3749 1507 3819 τῷ
1523 3749 1700 3818 Ἠλίᾳ,
1724 3748 1898 3810 ἄλλως

308 3851 397 3922 τῷ
424 3851 664 3918 Μωύσῇ·
717 3849 812 3900 καὶ⁵
843 3843 956 3913 ἐγὼ
981 3841 1206 3914 νομίζω,
1244 3843 1326 3895 ὅτι
1356 3841 1594 3909 Μωῠσῆς
1622 3839 1762 3892 κατά
1789 3840 1898 3890 πᾶ.-

313 3961 419 3997 σαν
446 3942 596 4012 ὥραν
630 3943 688 3992 ἐν
712 3939 792 4009 τῷ
817 3939 933 4009 ὄρει
954 3979 970 4004 ,
1009 3938 1066 3990 ὲν
1094 3938 1162 4007 τῇ
1191 3935 1300 3988 τῶν
1324 3933 1731 4002 τεσσαράκοντα
1757 3933 1898 4000 ἡμεο

316 4035 431 4107 ρῶν
464 4032 688 4103 νηστείᾳ
732 4032 812 4092 είς
844 4028 1062 4097 ἐκείνην
1092 4027 1189 4098 τὴν
1219 4025 1600 4093 πνευματικὴν
1622 4020 1901 4093 τράπεζαν

313 4127 702 4198 εἰσερχόμενος
751 4120 1023 4192 ὲνετρύφα
1072 4121 1168 4173 καὶ
1210 4118 1501 4172 ἀπέλαυεν.
1532 4117 1781 4185 Ἐκάστῳ
1810 4113 1902 4166 οὖν

316 4221 432 4274 τῶν
462 4219 634 4286 ἁγίων
662 4217 737 4279 ὡς
765 4215 1035 4285 ῆθέλησεν
1062 4211 1244 4281 ὤφθη,
1274 4212 1354 4274 εις
1381 4209 1442 4262 τὸ
1467 4207 1780 4262 ἀναπαῦσαι
1808 4208 1902 4259 καὶ

316 4313 527 4376 σῶσαι,
564 4311 656 4362 καὶ
689 4311 768 4370 είς
796 4307 1096 4372 ἐπίγνωσιν
1124 4303 1258 4356 Θεοῦ
1290 4303 1542 4370 ἀγαγεῖν.
1580 4301 1764 4352 Πάντα
1793 4299 1902 4370 γὰρ

309 4401 470 4471 αὐτῷ
503 4399 699 4470 εὐχερῆ
734 4400 881 4449 ἐστιν
910 4397 947 4449 ἀ
974 4393 1255 4464 βούλεται,
1293 4393 1386 4444 καὶ
1417 4391 1491 4453 ὼς
1520 4389 1663 4442 θέλει
1702 4389 1903 4458 μικρύ-

1998 3206 2169 3260 lientis
2200 3207 2256 3258 in
2303 3207 2467 3261 vitam
2492 3215 2748 3261 cateruam
2781 3208 2846 3262 "’.
2880 3208 2949 3263 Et
2978 3223 3178 3274 omnes,
3209 3207 3310 3273 ait,
3341 3208 3583 3262 eumdem

1997 3305 2178 3366 potum
2213 3295 2434 3351 bibimus
2447 3297 2510 3349 ³⁸.

2065 3387 2208 3441 XIII.
2228 3387 2319 3442 Sic
2345 3388 2582 3460 singulis
2608 3388 2813 3443 sanctis
2832 3389 3085 3443 I‘atribus
3116 3389 3391 3459 apparuit.
3417 3397 3586 3459 prout

1997 3479 2220 3534 volebat
2254 3488 2311 3535 et
2340 3481 2394 3534 in
2423 3495 2539 3535 rem
2579 3480 2892 3545 videbatur,
2941 3482 3105 3535 aliter
3133 3482 3389 3545 Abrahae,
3421 3482 3587 3536 aliter

1998 3569 2166 3635 Isaac,
2223 3569 2386 3624 aliter
2427 3569 2619 3634 Jacob,
2668 3569 2832 3622 aliter
2907 3569 3049 3630 Noe,
3112 3569 3328 3633 Daniel,
3386 3568 3584 3635 David,

2003 3661 2285 3723 Salomon,
2323 3662 2494 3725 Isaiae,
2523 3669 2578 3714 et
2609 3661 2906 3729 unicuique
2935 3668 3253 3716 sanctorum
3281 3659 3584 3730 propheta-

2006 3769 2151 3806 rum.
2189 3751 2360 3805 Aliter
2392 3752 2543 3815 Elite,
2579 3762 2636 3805 et
2663 3752 2823 3805 aliter
2862 3751 3055 3822 Moysi.
3080 3751 3149 3805 Et
3172 3760 3324 3805 certe
3357 3750 3583 3820 quidem

2000 3860 2102 3913 ego
2131 3851 2334 3907 statuo,
2352 3842 2558 3908 Mosen,
2579 3857 2644 3896 eo
2659 3851 2903 3912 tempore
2930 3857 3039 3911 quo
3063 3842 3248 3896 eratin
3267 3843 3583 3912 17monte,

2002 3937 2056 3990 in
2098 3936 2310 4006 jejunio
2350 3935 2712 4004 quadraginta
2764 3934 3007 3998 dierum,
3048 3934 3322 4003 spirituali
3380 3948 3584 3987 mensa:

2001 4028 2322 4092 accessisse,
2370 4041 2438 4081 ac
2488 4027 2677 4081 multis
2730 4025 2947 4081 deliciis
3005 4027 3341 4080 oblectatum
3387 4024 3580 4079 fuisse.

2003 4121 2314 4188 Unicuique
2345 4119 2511 4188 igitur
2533 4128 2851 4172 sanctorum
2897 4126 2960 4172 ut
2997 4118 3173 4172 voluit
3214 4117 3488 4188 apparuit,
3523 4125 3586 4170 ut

2004 4214 2341 4266 refocillaret
2372 4227 2435 4265 ac
2473 4219 2722 4265 servaret
2769 4225 2888 4275 eos,
2915 4217 2972 4264 et
3007 4208 3067 4262 in
3091 4209 3460 4279 cognitionem
3486 4207 3584 4262 Dei

2004 4303 2326 4356 deduceret.
2362 4299 2558 4354 Omnia
2586 4299 2733 4354 enim
2769 4298 2949 4352 facilia
2976 4297 3027 4351 ei
3071 4307 3221 4363 sunt,
3248 4314 3370 4367 quae
3420 4297 3585 4351 modo

2003 4397 2141 4459 vult,
2173 4401 2228 4447 et
2257 4392 2477 4465 quando
2499 4389 2548 4444 ei
2584 4391 2782 4460 placet,
2813 4391 3056 4458 seipsum
3087 4390 3421 4444 imminuens
3452 4403 3584 4444 cor-

312 4509 428 4548 νων
454 4491 646 4544 ἑαυτὸν
671 4485 1060 4555 σωματοποιεῖ,
1088 4483 1182 4536 καὶ
1210 4480 1654 4552 μεταμορςςοῦται
1675 4480 1892 4532 ὀπτανό-

2006 4499 2238 4556 poreum
2296 4483 2481 4537 reddit
2507 4497 2571 4536 ac
2631 4481 3008 4544 transformat,
3036 4493 3093 4536 et
3136 4483 3472 4552 conspicuus
3526 4481 3586 4534 fit

321 4599 486 4655 μενος
512 4582 622 4642 τοῖς
647 4577 936 4647 ἀγαπῶσιν
962 4575 1145 4636 αὐτὸν,
1169 4575 1227 4627 ὲν
1250 4573 1528 4642 ἀπροσίτῳ
1548 4571 1674 4640 δόξῃ
1696 4571 1893 4640 φωτὸς,

317 4674 465 4728 κατά
514 4671 712 4740 πολλὴν
763 4670 860 4723 καὶ
904 4667 1181 4736 ἄφραστον
1227 4665 1450 4734 ἀγάπην
1499 4662 1898 4732 φανερούμενος

316 4769 438 4829 τοῖς
488 4764 657 4828 ἀξίοις
711 4761 854 4814 κατά
906 4759 1005 4830 τὴν
1051 4757 1216 4809 αὑτοῦ
1267 4755 1518 4824 δύναμιν·
1583 4754 1742 4824 Ψυχὴ
1789 4756 1898 4826 γὰρ

319 4863 357 4934 ἡ
396 4856 793 4923 καταξιωθεϊσα
833 4856 890 4906 ἐν
924 4851 1090 4920 πολλῇ
1125 4849 1415 4918 ἐπιθυμίᾳ,
1449 4848 1544 4900 καὶ
1575 4847 1893 4917 προσδοκία,

320 4953 418 5007 καὶ
459 4951 676 5013 πίστει,
732 4947 826 5000 καὶ
876 4945 1067 5014 ἀγάπῃ
1115 4939 1370 5004 δέξασθαι
1422 4939 1638 5009 ἐκείνην
1687 4937 1787 5008 τὴν
1841 4938 1900 5003 ἐξ

323 5044 495 5113 ὕψους
522 5040 773 5109 δύναμιν,
806 5037 906 5107 τὴν
935 5033 1261 5104 ἐπουράνιον
1291 5030 1384 5084 τοῦ
1417 5030 1731 5099 Πνεύματος
1763 5031 1899 5097 ἀγά-

317 5153 464 5206 πην,
520 5133 614 5186 καὶ
667 5131 728 5183 τὸ
772 5127 1092 5198 ἐπουράνιον
1141 5122 1254 5193 πῦρ
1301 5122 1402 5191 τῆς
1446 5121 1713 5174 ἀθανάτου
1753 5119 1901 5190 ζωῆς

315 5226 562 5283 λαϐοῦσα
585 5265 599 5290 ,
631 5224 808 5293 πάσης
848 5221 1068 5289 ἀγάπης
1100 5214 1370 5285 κοσμικῆς
1404 5213 1460 5276 ἐξ
1493 5213 1749 5283 ἀληθείας
1780 5213 1901 5266 λύε-

315 5340 435 5384 ται,
474 5320 569 5372 καὶ
599 5316 797 5378 παντὸς
823 5311 1024 5383 δεσμοῦ
1053 5309 1254 5371 κακίας
1283 5305 1686 5375 ἐλευθεροῦται.

391 5414 492 5465 IA'.
549 5411 759 5478 Ὠσπερ
799 5407 909 5475 γὰρ
949 5405 1200 5472 σίδηρος,
1244 5399 1278 5470 ἢ
1315 5398 1584 5469 μόλιϐδος,
1619 5397 1650 5467 ἧ
1683 5399 1898 5467 χρυσίς,

314 5509 349 5576 ἦ
382 5507 628 5575 ἄργυρος
677 5502 768 5553 ἐπὶ
799 5499 910 5568 πῦρ
941 5494 1158 5567 βληθεὶς
1200 5491 1423 5554 λύεται,
1473 5492 1538 5544 ὲκ
1564 5491 1663 5559 τῆς
1689 5491 1902 5558 φύσεως

311 5601 412 5671 τῆς
459 5594 707 5666 σκληρᾶς
758 5593 841 5653 είς
887 5586 1204 5654 ἁπαλότητα
1255 5581 1756 5653 μεταϐαλλόμενος,
1810 5585 1903 5636 καὶ

383 5725 428 5755 ³⁵³
464 5721 629 5774 Dcut.
660 5729 730 5773 Iv,
771 5711 874 5772 ΞΜ
907 5705 1071 5759 Hebr.
1097 5720 1195 5766 xu,
1230 5703 1322 5758 ‘29.

310 5798 349 5827 ³⁷
384 5794 551 5851 Joau.
587 5802 664 5847 iv,
692 5783 776 5836 H.
841 5779 884 5809 ³⁸
917 5775 1089 5830 ICor.
1123 5790 1174 5836 χ,
1210 5775 1261 5826 4.

652 5876 931 5935 Parnm.
975 5871 1090 5928 Gu.
1136 5865 1401 5926 XXXIV.

1429 5701 1471 5732 ³³
1504 5699 1669 5756 Hebr.
1718 5717 1810 5767 xu,
1842 5701 1930 5766 Ἡ,
1964 5701 2052 5757 ‘25.

2003 4577 2361 4648 diligentibus
2408 4589 2560 4638 cum,
2601 4571 2657 4626 in
2697 4573 2976 4627 inaccessa
3012 4575 3184 4643 gloria
3227 4575 3495 4640 luminis;
3529 4582 3583 4625 et

2005 4681 2234 4739 apparet
2271 4683 2338 4722 ex
2361 4667 2629 4720 immensa
2659 4674 2714 4720 et
2749 4664 3017 4719 ineffabili
3047 4665 3344 4720 dilectione
3378 4664 3466 4724 iis,
3488 4663 3584 4732 qui

2004 4762 2159 4833 digni
2187 4769 2315 4814 sunt
2337 4757 2640 4812 secundum
2667 4757 2968 4826 potentiam
2997 4772 3172 4811 suam.
3197 4757 3392 4809 Anima
3412 4755 3587 4819 enim,

2006 4867 2129 4922 qua:
2161 4851 2326 4922 digna
2360 4849 2466 4904 fuit
2495 4848 2684 4903 habita
2729 4847 2786 4902 in
2828 4863 3044 4903 summo
3076 4846 3378 4910 desiderio,
3408 4854 3464 4900 ct
3490 4861 3586 4900 ex-

2007 4943 2369 5014 spectatione,
2403 4950 2459 4996 et
2485 4941 2612 5005 fide,
2640 4949 2698 4996 et
2724 4939 3042 5002 dilectione,
3077 4946 3139 4992 ut
3179 4937 3409 5006 recipiat
3440 4938 3585 4992 illam

2007 5051 2038 5089 e
2083 5031 2308 5087 sublimi
2353 5033 2640 5094 virtutem,
2697 5030 2980 5084 caelestem
3041 5027 3278 5096 Spiritus
3330 5027 3589 5082 dilectio-

2009 5141 2155 5188 nem,
2181 5133 2238 5177 et
2266 5139 2386 5192 quae
2410 5124 2686 5176 ccelestem
2718 5120 2897 5190 ignem
2926 5128 3147 5174 aeterna:
3169 5119 3295 5172 vita:
3320 5118 3423 5172 fuit
3451 5134 3589 5172 con-

2010 5229 2219 5280 secuta,
2251 5215 2396 5270 umui
2431 5214 2724 5268 dilectione
2765 5212 3040 5266 mundana
3085 5211 3410 5277 exsolvitur,
3433 5221 3489 5265 et
3517 5211 3588 5264 ab

2011 5310 2159 5364 omni
2197 5309 2418 5363 vinculo
2449 5305 2669 5362 malitize
2702 5305 2996 5359 liberatur.

2082 5401 2216 5455 XIV.
2241 5397 2714 5466 Quemadmodum
2744 5397 2892 5451 enim
2922 5396 3128 5450 ferrum
3156 5403 3251 5450 aut
3274 5395 3585 5465 plumbum,

2012 5503 2106 5546 aut
2137 5507 2356 5554 aurum,
2379 5497 2474 5543 aut
2503 5497 2792 5558 argentum
2827 5487 2881 5540 in
2916 5488 3096 5558 ignem
3127 5489 3398 5558 conjecta,
3421 5502 3452 5540 a
3479 5484 3585 5538 du-

2014 5584 2140 5638 ritic
2172 5591 2386 5636 natura)
2423 5596 2535 5635 suae
2568 5580 2882 5644 solvuntur,
2913 5580 2967 5632 in
3006 5579 3292 5633 mollitiem
3327 5585 3536 5632 mutata
3572 5596 3585 5630 :

2160 5705 2200 5734 3"
2236 5702 2252 5754 l
2284 5700 2408 5755 Cor.
2443 5716 2497 5762 II,
2542 5703 2592 5753 8.
2696 5701 2736 5730 ³⁵
2783 5699 2937 5754 Joan.
2973 5716 3040 5752 γι,
3085 5699 3173 5751 55.
3252 5699 3295 5729 ³⁸
3331 5696 3462 5750 ibid.
3499 5697 3590 5754 58,

3123 5857 3189 5918 lti
