4016 6522
467 424 569 488 483

1720 417 1779 474 S.
1821 410 2138 474 MACARII
2175 411 2492 472 IEG'YPTII

3676 412 3779 476 484

466 550 522 590 ιιι
550 542 758 604 quanto
776 531 987 587 diutius
1016 529 1070 583 in
1101 528 1226 599 igne
1252 527 1477 591 fuerim,
1501 534 1654 580 tanto
1678 525 1849 595 magis
1875 525 2046 579 resol-

2179 524 2233 591 φ’
2261 525 2384 576 ὅσον
2415 525 2472 574 ὲν
2496 519 2574 590 τῷ
2606 519 2737 592 πυρὶ
2763 516 3018 591 τυγχάνει
3041 560 3055 584 ,
3091 521 3300 574 λύεται
3340 521 3448 573 καὶ
3484 520 3775 589 ἠλλοίωται

466 629 616 683 vitur
637 634 695 679 et
723 624 990 679 alteratur
1019 637 1210 676 eorum
1243 619 1513 673 naturalis
1541 617 1798 683 durities,
1823 626 2048 687 propter

466 716 702 772 calidam
746 714 888 784 ignis
923 712 1186 766 virtutem
1233 727 1246 763 :
1286 710 1480 763 eodem
1530 708 1694 761 modo
1735 717 1790 762 et
1834 711 2045 770 auium,

468 822 594 876 quae
639 805 920 874 abnegans
965 801 1231 856 mttndum
1284 801 1458 854 solius
1507 799 1726 852 Domini
1775 798 2050 852 desiderio

471 907 697 952 tenetur
734 896 788 950 in
832 909 1026 964 magna
1067 891 1242 946 animi
1282 890 1781 961 pervestigatione,
1815 898 2049 944 conten-

471 988 622 1042 tione
663 1001 727 1039 ac
763 984 983 1048 labore;
1027 996 1193 1050 atque
1233 981 1613 1035 indesinenter
1643 980 1698 1034 in
1735 994 1832 1049 spe
1858 987 1919 1033 et
1945 978 2052 1032 fide

471 1091 601 1132 eum
631 1075 934 1144 exspectat
977 1090 991 1126 :
1043 1088 1274 1142 quasque
1323 1072 1604 1133 cmlcstem
1662 1071 1815 1126 illum
1871 1071 2051 1141 ignem

472 1164 784 1221 divinitatis
824 1172 882 1218 et
921 1161 1234 1216 dilectionis
1278 1161 1524 1230 Spiritus
1564 1169 1866 1215 consecuta
1909 1168 1993 1211 cst
2034 1174 2047 1210 :

475 1269 594 1314 tum
625 1271 818 1312 revera
853 1253 999 1308 omni
1020 1253 1318 1306 dilectione
1338 1251 1527 1305 mundi
1545 1251 1870 1315 exsolvitur,
1897 1259 1952 1304 et
1985 1249 2054 1302 ab

474 1349 628 1405 omni
670 1347 812 1400 mala
849 1343 1142 1398 affectione
1185 1343 1472 1406 liberatur,
1504 1349 1560 1395 et
1591 1341 1778 1395 omnia
1821 1341 1981 1411 longe
2024 1356 2056 1395 a

475 1456 535 1495 se
577 1439 800 1509 projicit
829 1477 844 1502 ,
880 1445 1045 1504 atque
1087 1434 1327 1489 naturali
1369 1449 1471 1487 suo
1511 1432 1700 1486 habitu
1744 1447 1809 1485 ac
1850 1431 2056 1486 duritie
2108 1449 2115 1460 ·

477 1529 685 1601 peccati
723 1528 969 1590 mutatis,
997 1537 1194 1580 caetera
1219 1525 1404 1579 omnia
1441 1523 1714 1593 superﬂua
1741 1522 1915 1585 ducit,
1941 1523 2058 1576 solo

476 1618 690 1674 caelesti
735 1617 974 1686 Sponso,
1002 1631 1168 1686 quem
1203 1615 1434 1684 recepit,
1466 1613 1822 1685 requiescens
1856 1613 1911 1667 in
1943 1612 2054 1668 fer-

477 1711 630 1766 venti
658 1720 714 1764 et
743 1707 1012 1763 ineﬂ'abili
1043 1709 1161 1779 ejus
1188 1705 1508 1760 dilectione.

551 1900 662 1954 XV.
715 1899 848 1952 Dico
895 1905 1080 1950 autem
1133 1895 1266 1958 tibi,
1311 1895 1459 1962 quod
1509 1895 1614 1949 hos
1665 1894 1777 1948 Deo
1823 1893 2057 1948 dilectos

481 1989 702 2050 fratres,
737 2001 878 2054 quos
905 1991 1034 2038 ante
1056 1983 1248 2037 oculos
1276 1983 1462 2046 habet,
1489 1981 1535 2036 si
1565 1982 1877 2037 subducant
1903 1997 1959 2036 se
1990 1983 2058 2036 ab

483 2081 577 2134 illa
617 2077 947 2140 dilectione,
985 2083 1046 2129 ut
1089 2075 1163 2128 ita
1193 2073 1404 2137 dicam,
1442 2074 1678 2145 rejiciat.
1719 2074 1876 2129 Illam
1920 2075 2061 2128 enim

485 2171 680 2223 anima:
706 2171 813 2222 vita
845 2177 918 2220 est
947 2177 996 2220 et
1020 2168 1252 2236 requies,
1285 2167 1503 2237 mystica
1532 2182 1720 2236 nempe
1749 2174 1797 2220 et
1826 2166 2064 2236 ineffabi-

485 2260 552 2314 lis
580 2261 725 2331 regni
746 2259 969 2313 adestis
996 2258 1354 2328 participatio.
1387 2256 1442 2312 Si
1471 2257 1620 2312 enim
1647 2257 1886 2311 carnalis
1909 2273 2062 2310 com-

487 2351 769 2405 munionis
795 2350 1022 2404 dilectio
1053 2358 1272 2417 separat
1299 2363 1328 2400 a
1355 2356 1530 2416 patre,
1554 2347 1745 2410 fratre,
1770 2347 2060 2409 matribus,

478 2451 543 2496 et
573 2442 757 2494 omnia
799 2449 1065 2493 extranea
1099 2436 1238 2490 ﬁunt
1269 2436 1485 2500 animo,
1516 2445 1573 2491 et
1606 2436 1651 2490 si
1685 2435 1819 2505 quid
1855 2435 2062 2505 diligit,

485 2533 555 2587 ad
586 2532 815 2586 inodum
850 2537 1208 2583 externorum
1241 2526 1420 2597 diligit
1454 2543 1469 2579 :
1505 2540 1725 2580 onmem
1755 2540 1892 2580 vero
1927 2528 2065 2579 alie-

480 2624 728 2678 ctioncm
768 2635 900 2691 erga
945 2620 1238 2690 conjugem
1285 2633 1439 2673 suam
1487 2617 1690 2672 retinet
1729 2635 1742 2670 :
1776 2617 2064 2688 Propterea

487 2718 656 2778 enim,
692 2713 904 2783 inquit,
935 2712 1193 2782 relinquet
1225 2713 1378 2764 homo
1415 2718 1622 2780 patrem
1655 2717 1703 2762 et
1737 2717 1990 2770 matrem,
2017 2717 2066 2760 et

488 2806 773 2862 adluercbit
821 2805 975 2857 uxori
1020 2819 1164 2868 sum,
1212 2811 1260 2855 et
1302 2809 1456 2854 erunt
1503 2802 1556 2854 lii
1601 2801 1706 2853 duo
1748 2800 1804 2852 in
1851 2815 2066 2852 carnem

488 2915 652 2953 unam
671 2900 735 2952 ³³.
761 2897 820 2952 Si
851 2896 1018 2966 igitur
1037 2894 1267 2950 dilectio
1286 2893 1480 2948 carnis
1504 2893 1586 2948 sic
1614 2893 1684 2946 ab
1709 2892 1859 2946 omni
1882 2907 2067 2945 amore

487 2992 683 3055 solvit,
713 2997 920 3060 quanto
953 2987 1127 3057 magis
1161 2986 1229 3052 ii,
1257 2986 1353 3055 qui
1387 2984 1539 3054 digni
1572 2983 1744 3038 habiti
1778 2991 1907 3037 sunt
1939 2998 2070 3036 vera

482 3082 913 3153 participatione
931 3077 1189 3148 Spiritus
1219 3077 1370 3130 illius
1396 3074 1602 3139 sancti,
1626 3074 1866 3128 caelestis
1894 3088 1958 3127 ac
1984 3073 2069 3126 di-

491 3174 646 3235 lecti,
675 3172 744 3224 ab
769 3169 919 3224 omni
947 3181 1135 3222 amore
1168 3165 1360 3219 mundi
1390 3163 1778 3234 expedientur,
1803 3171 1856 3216 et
1888 3163 2070 3216 omnia

491 3265 631 3333 ipsis
656 3261 933 3330 superﬂua
954 3258 1320 3323 videbuntur;
1346 3272 1413 3312 eo
1435 3254 1582 3326 quod
1610 3255 1823 3311 coalesti
1849 3255 2067 3310 deside-

495 3355 579 3409 rio
610 3353 739 3408 victi
773 3360 830 3407 et
864 3349 1039 3421 lapsui
1075 3349 1194 3420 ejus
1223 3347 1364 3403 uniti
1398 3346 1563 3402 sunt?
1594 3347 1710 3401 Illic
1739 3345 1887 3401 enim
1922 3346 2072 3400 desi-

493 3443 670 3508 deria,
698 3443 811 3497 illic
836 3441 1198 3512 cogitationes
1229 3454 1357 3495 suas
1385 3439 1688 3509 deponunt,
1717 3438 1831 3494 illic
1856 3438 2070 3502 vivunt,

495 3533 998 3605 illiecogitationes
1021 3547 1213 3588 eorum
1242 3532 1746 3602 circumvagantur,
1767 3539 1934 3601 atque
1961 3531 2074 3584 illic

495 3641 654 3681 mens
672 3623 891 3680 assidue
911 3622 1082 3694 degit,
1105 3621 1294 3677 divino
1313 3636 1378 3677 ac
1399 3621 1612 3678 caelesti
1639 3635 1828 3677 amore
1851 3629 1906 3677 et
1926 3620 2074 3677 desi-

490 3717 653 3772 derio
678 3715 952 3786 Spirituali
975 3721 1254 3786 superata.

566 3894 706 3950 XVI.
740 3893 1017 3958 Tandem,
1049 3892 1240 3948 dilecti
1286 3892 1513 3954 fratres,
1546 3906 1670 3945 cum
1718 3898 1866 3944 tanta
1916 3888 2076 3942 nobis

495 3990 611 4045 sint
631 3989 813 4042 oblata
831 3988 1004 4052 bona,
1024 3995 1082 4041 et
1107 3997 1269 4040 tanta:
1293 3983 1691 4054 promissiones
1714 3982 2073 4051 facta:,agite,

499 4081 684 4137 omnia
733 4079 1128 4149 impedimenta
1175 4094 1206 4130 a
1256 4077 1418 4131 nobis
1463 4076 1808 4146 rejiciamus,
1853 4089 2075 4128 omnem

489 4186 744 4228 .amorem
789 4169 985 4224 mundi
1028 4183 1368 4230 aversemur,
1399 4177 1562 4237 atque
1610 4167 1743 4221 huic
1785 4167 1886 4221 soli
1930 4165 2076 4220 bono

501 4263 967 4335 pervestigatione
1000 4270 1057 4314 et
1087 4259 1363 4314 desiderio
1397 4274 1503 4313 nos
1531 4258 1831 4323 de’damus,
1861 4267 1921 4311 ut
1947 4263 2074 4326 pes-

501 4356 678 4412 simus
707 4353 1004 4424 participes
1034 4351 1151 4405 ﬁeri
1183 4366 1395 4404 arcanae
1427 4349 1578 4404 illius
1601 4349 1918 4404 dilectionis
1936 4349 2076 4418 ‘Spi-

503 4447 667 4508 ritus,
691 4443 759 4497 ad
789 4457 954 4511 quam
984 4441 1147 4495 divus
1172 4440 1376 4494 Paulus
1403 4455 1504 4494 nos
1533 4439 1856 4494 adhortatus
1876 4447 1987 4500 est,
2017 4447 2077 4490 ut

2089 1863 2136 1922 B

2146 616 2244 684 τῆς
2273 615 2507 682 φυσικῆς
2539 613 2930 682 σκληρότητος,
2962 613 3050 667 διὰ
3077 614 3178 684 τὴν
3210 612 3322 665 τοῦ
3352 612 3542 681 πυρὸς
3569 612 3776 682 θερμὴν

2147 705 2411 774 δύναμιν·
2453 705 2543 757 τὸν
2575 705 2738 756 αὐτὸν
2770 704 2971 774 τρόπον
3003 705 3036 774 ἡ
3065 703 3221 774 ψυχὴ
3260 703 3656 772 ἀρνησαμένη
3691 705 3777 756 τ’,ν

2150 801 2389 870 κόσμον,
2437 802 2533 853 καὶ
2580 800 2670 854 τὸν
2705 801 2910 872 Κύριον
2941 802 3099 871 μόνον
3129 800 3479 871 ποθήσασα,
3518 803 3579 851 ὲν
3611 798 3778 866 πολλῇ

2149 893 2325 963 ψυχῆς
2355 893 2610 962 ζητήσει,
2663 893 2757 946 καὶ
2799 895 2947 964 πόνῳ
2973 894 3068 946 καὶ
3091 893 3302 961 ἀγῶνι,
3346 893 3454 944 καὶ
3483 891 3589 961 τὴν
3617 900 3779 960 προσ-

2149 983 2334 1037 δοκίαν
2364 984 2705 1037 ἀδιάλειπτον
2733 984 2931 1054 ἔχουσα
2962 984 3096 1055 πρὸς
3122 984 3305 1038 αὑτὸν
3336 982 3534 1036 ἑλπίδι
3567 983 3665 1034 καὶ
3690 981 3777 1032 πίι

2155 1093 2290 1129 στει·
2319 1076 2414 1130 καὶ
2436 1077 2705 1148 δεξαμένη
2735 1079 2912 1130 ὲκεῖνο
2935 1077 2997 1130 τὸ
3018 1079 3373 1148 ἐπουράνιον
3397 1075 3520 1145 πῦρ
3547 1076 3647 1146 τῆς
3669 1075 3780 1128 θεό-

2151 1186 2315 1238 τητος
2348 1171 2444 1222 καὶ
2473 1170 2693 1241 ἀγάπης
2723 1173 2816 1223 τοῦ
2844 1169 3161 1241 Πνεύματος
3188 1187 3206 1201 ο
3247 1169 3389 1223 τότε
3423 1166 3489 1233 ἐξ
3516 1169 3778 1239 ἀληθείας

2154 1261 2334 1328 πάσης
2381 1260 2601 1330 ἀγάπης
2644 1261 2850 1330 κόσμου
2898 1260 3120 1326 λύεται,
3169 1261 3280 1314 καὶ
3331 1259 3536 1327 πάσης
3581 1259 3779 1322 κακίας

2155 1350 2344 1402 παθῶν
2367 1349 2767 1420 ἐλευθεροῦται,
2791 1349 2888 1403 καλ⁸
2906 1351 3083 1404 πάντα
3105 1352 3276 1414 ἐκτὸς
3303 1352 3566 1404 ποιεῖται
3584 1348 3772 1417 αὐτῆς,

2157 1442 2250 1492 καὶ
2275 1440 2333 1506 ἐξ
2355 1442 2523 1510 αὐτῆς
2545 1442 2643 1509 τῆς
2666 1441 2900 1511 φυσικῆς
2922 1441 3086 1508 ἕξεως
3114 1441 3210 1494 καὶ
3247 1439 3652 1512 σκληρότητος
3685 1441 3777 1505 τῆς

2155 1532 2428 1602 ἁμαρτίας
2469 1531 2866 1601 μεταϐάλλεται
2894 1570 2909 1596 ,
2966 1534 3062 1585 καὶ
3109 1533 3305 1587 πάντα
3343 1531 3601 1601 περισσά
3631 1531 3772 1601 ἠγεῖ-

2157 1642 2282 1687 ται,
2339 1625 2472 1692 πρὸς
2519 1624 2680 1693 μό.ον
2731 1624 2823 1677 τὸν
2864 1624 3190 1695 ἐπουράνιον
3239 1624 3526 1693 Νυμφίον
3570 1623 3630 1675 ὃν
3669 1623 3775 1675 ἐδέ-

2164 1714 2292 1779 ξατο
2316 1755 2328 1777 ,
2379 1715 2768 1786 ἀναπαυομένη
2801 1715 2859 1768 ὲν
2883 1717 2948 1786 τῇ
2976 1715 3174 1785 ζεούσῃ
3204 1715 3315 1767 καὶ
3346 1715 3593 1786 ἀρρήτῳ
3616 1713 3770 1767 αὐτοῦ

2163 1807 2372 1878 ἀγάπῃ.

2236 1900 2335 1950 lE'.
2388 1898 2546 1965 Λέγω
2594 1915 2676 1950 σοι
2721 1898 2797 1963 δὲ,
2836 1899 2916 1951 ὅτι
2949 1899 3147 1962 αὐτοὺς
3178 1899 3326 1960 τοὺς
3355 1896 3766 1968 περιποθήτους

2160 1990 2451 2056 ἀδελφοὺς,
2487 1987 2578 2051 οὓς
2611 1988 2722 2058 ἔχει
2758 1989 2862 2058 πρὸ
2889 1989 3218 2058 ὀφθαλμῶν,
3259 1988 3372 2041 ἐὰν
3400 1987 3768 2057 ἐμποδίζωσιν

2163 2082 2255 2134 ἀπ’
2290 2079 2504 2146 ἐκείνης
2553 2078 2651 2146 τῆς
2695 2080 2951 2146 ἀγάπης,
2999 2077 3187 2149 ῶσπερ
3239 2078 3463 2140 εἰπεῖν,
3507 2078 3765 2147 ἀποστρέ-

2164 2188 2342 2242 φεται·
2364 2171 2586 2225 Ἐκεῖνο
2606 2169 2716 2240 γάρ
2741 2171 2910 2224 ἐστιν
2929 2168 3119 2238 αὐτῆς
3133 2169 3253 2238 ζωὴ
3277 2169 3386 2222 καὶ
3405 2168 3762 2234 ἀνάπαυσις,

2163 2265 2201 2332 ή
2229 2264 2334 2318 τοῦ
2357 2264 2719 2330 dumpar-[0v
2741 2263 3049 2328 βασιλέως
3077 2261 3357 2330 μυστικὴ
3394 2261 3497 2315 καὶ
3521 2261 3760 2329 (mentae

2164 2359 2462 2412 κοινωνία.
2491 2357 2556 2408 Εἰ
2579 2356 2687 2426 γὰρ
2715 2356 2981 2426 σαρκικῆς
3006 2355 3300 2418 κοινωνίας
3329 2356 3535 2423 ἀγάπη
3555 2352 3758 2424 χωρίζει

2168 2448 2391 2518 πατρὸς,
2430 2447 2655 2517 μητρὸς,
2687 2446 2954 2514 ἀδελφῶν,
2979 2445 3075 2498 καὶ
3101 2446 3290 2498 πάντα.
3318 2445 3577 2515 ὲξὼτερα
3599 2443 3757 2496 αὐτῶν

2167 2540 2414 2607 γίγνεται
2447 2539 2502 2588 ὲν
2532 2536 2609 2606 τῷ
2634 2534 2710 2605 νῷ
2731 2551 2743 2564 ·
2783 2535 2877 2587 καὶ
2908 2537 2956 2588 εί
2981 2536 3194 2606 ἀγαπᾷ,
3225 2535 3534 2604 ἑξωτὲρως
3563 2533 3750 2600 ἀγαπᾷο

2166 2631 2264 2700 τὴν
2295 2630 2350 2682 δὲ
2385 2629 2624 2683 διάθεσιν
2655 2627 2820 2682 αὑτοῦ
2854 2629 3033 2683 πᾶσαν
3069 2629 3150 2692 είς
3184 2627 3291 2698 τὴν
3323 2627 3585 2680 σύνοικον
3608 2621 3748 2678 αὑτοῦ

2168 2723 2454 2790 κέκτηται·
2498 2721 2657 2775 Ἀντί
2685 2721 2902 2774 τούτου
2934 2720 3062 2790 γὰρ,
3089 2721 3247 2791 φησὶ,
3283 2719 3642 2784 καταλείψει
3661 2714 3744 2765 dr-

2169 2815 2399 2880 θρωπος
2420 2812 2526 2865 τὸν
2543 2810 2791 2878 πατέρα,
2813 2809 2912 2862 καὶ
2933 2809 3048 2877 τὴν
3060 2807 3320 2878 μητέρα,
3337 2807 3441 2859 καὶ
3470 2805 3742 2873 προσκολ-

2168 2902 2500 2971 ληθήσεται
2518 2900 2592 2969 τῇ
2609 2900 2865 2971 γυναικὶ,
2893 2900 2986 2954 καί
3021 2901 3272 2956 ἔσονται
3303 2902 3362 2952 oI
3387 2898 3502 2951 δύο
3529 2899 3609 2960 είς
3629 2892 3744 2956 σάρ-

2171 3010 2247 3046 κα
2272 2995 2438 3062 μίαν.
2477 2992 2538 3044 Εἰ
2568 2990 2660 3043 οῦν
2691 2993 2723 3061 η
2759 2990 2857 3059 τῆς
2886 2991 3087 3060 σαρκὸς
3115 2991 3313 3056 ἀγάπη
3346 2987 3498 3039 οὕτω
3526 2985 3631 3036 λύει
3656 2983 3745 3032 πά-

2172 3100 2268 3152 σης
2294 3083 2532 3152 ἀγάπης,
2557 3081 2710 3150 πόσῳ
2734 3080 2934 3150 μᾶλλον
2957 3081 3070 3132 ὅσοι
3089 3079 3526 3148 κατηξιώθησαν
3554 3073 3734 3128 ἐκείνου

2173 3171 2266 3223 τοῦ
2295 3170 2450 3238 ἀγίου
2480 3168 2806 3237 Πνεύματος
2835 3168 2931 3221 τοῦ
2976 3169 3310 3236 ἐπουρανίου
3351 3170 3450 3222 καὶ
3478 3161 3740 3234 ἀγαπητοῦ

2174 3261 2235 3326 ἐξ
2257 3261 2512 3332 ἀληθείας
2531 3259 2878 3330 κοινωνῆσαι,
2899 3260 3080 3327 πάσης
3105 3260 3334 3329 ἀγάπης
3361 3259 3571 3328 κόσμου
3600 3253 3738 3320 λυθή-

2175 3371 2377 3418 σονται,
2393 3353 2487 3406 κοιλ⁷
2510 3351 2686 3405 πάντα
2711 3353 2944 3421 περισσὰ
2970 3352 3152 3414 αὐτοῖς
3179 3351 3654 3420 καταφανήσεται,
3675 3342 3740 3414 τῷ

2172 3445 2484 3514 νενικῆσθαι
2513 3444 2711 3506 αὐτοὺς
2737 3443 2813 3512 τῷ
2836 3442 3070 3512 οὐρανίῳ
3100 3442 3286 3512 πόθῳ,
3331 3443 3429 3496 καὶ
3466 3443 3530 3511 τῇ
3557 3437 3734 3492 πτώσει

2173 3537 2336 3591 αὑτοῦ
2368 3535 2636 3607 ἡνῶσθαιί
2665 3536 2814 3588 Ἐκεῖ
2833 3536 2941 3606 γὰρ
2965 3535 3348 3604 ἐπιποθοῦσιν,
3382 3537 3501 3588 ἐκεῖ
3523 3531 3734 3600 λογίζον-

2173 3647 2283 3693 ται,
2305 3631 2420 3682 ἐκεῖ
2449 3626 2634 3692 ζῶσιν,
2656 3629 2770 3680 ἐκεῖ
2791 3629 2837 3679 oi
2863 3627 3111 3697 λογισμοὶ
3131 3627 3318 3680 αὐτῶν
3343 3623 3730 3698 περιπατοῦσιν.

2175 3721 2291 3771 ἐκεῖ
2312 3721 2339 3772 ὁ
2362 3718 2486 3780 νοῦς
2513 3717 2746 3769 πάντοτε
2773 3717 2872 3780 τὴν
2899 3713 3183 3785 διατριϐὴν
3215 3715 3332 3785 ἔχει
3351 3759 3366 3780 ,
3407 3711 3732 3781 νενικημένος

2175 3811 2251 3882 τῷ
2281 3811 2410 3881 θείῳ
2439 3811 2532 3863 καὶ
2557 3809 2793 3880 οὐρανίῳ
2819 3808 3014 3877 ἔρωτι,
3064 3809 3159 3860 καὶ
3197 3809 3352 3878 πόθῳ
3381 3799 3726 3876 πνευματικῷ.

2248 3904 2364 3969 Ῐσῖὀ
2419 3901 2493 3953 Ίδ
2532 3901 2749 3963 λοιπὸν,
2798 3893 2842 3952 ὦ
2894 3900 3170 3970 ἀγαπητοὶ
3203 3898 3466 3965 ἀδελφοὶ,
3502 3893 3728 3948 τοιούτων

2177 3995 2396 4062 ἀγαθῶν
2419 3993 2816 4064 προκειμένων,
2845 3994 2939 4046 καὶ
2962 3993 3233 4045 τοσούτων
3261 3989 3599 4060 ἐπαγγελιῶν
3616 3984 3724 4054 ἡμῖν

2179 4087 2284 4140 ὑπὸ
2327 4087 2418 4140 τοῦ
2461 4087 2668 4154 Κυρίου
2716 4085 3180 4155 ἐπηγγελμένων,
3219 4088 3404 4138 πάντα
3433 4082 3498 4135 τὰ
3527 4075 3721 4149 ἐμπόδιίι

2179 4181 2271 4248 ἀφ’
2299 4179 2505 4232 ἑαυτῶν
2536 4178 2951 4249 ἀποῤῥίψωμεν.
2980 4178 3072 4230 καὶ
3100 4177 3282 4230 πᾶσαν
3309 4177 3530 4244 ἀγάπην
3553 4167 3630 4221 τοῦ
3653 4163 3722 4216 κό-

2180 4289 2319 4341 σμου
2355 4270 2820 4340 ἀποστραφὼμενν
2855 4271 2947 4320 καὶ
2978 4269 3112 4338 πρὸς
3145 4269 3324 4321 ἐκεῖνο
3356 4269 3515 4339 μόνον
3539 4264 3590 4316 τὸ
3613 4263 3723 4325 ἀμ’

2180 4362 2270 4415 θον
2306 4364 2370 4432 τῇ
2407 4360 2651 4432 ζητήσει,
2690 4361 2782 4413 καὶ
2815 4359 2891 4429 τῷ
2922 4360 3071 4429 πόθῳ
3104 4361 3331 4423 ἑαυτοὺς
3361 4357 3619 4425 ἐκῗῶμεν,
3653 4350 3721 4400 ἵνα

2179 4452 2496 4522 δυνηθῶμεν
2531 4453 2713 4521 τυχεῖν
2757 4451 2973 4519 ἐκείνης
3015 4451 3112 4519 τῆς
3142 4452 3384 4522 ἀῇ-ρήτου
3417 4448 3620 4516 ἀγάπης
3645 4438 3720 4490 τῦῦ

501 4538 911 4598 acceleremus;
951 4531 1271 4596 Sectamini,
1310 4531 1598 4601 inquiens,
1635 4530 1965 4584 dilectionem
1985 4531 2026 4560 "°
2060 4546 2069 4583 :

2183 4544 2500 4612 Πνεῦματος
2527 4581 2542 4605 ν
2596 4543 2724 4612 περὶ
2757 4538 2823 4613 ἧς
2875 4544 2902 4594 ὀ
2939 4543 3206 4612 μακάριος
3242 4542 3453 4603 Παῦλος
3483 4536 3719 4605 παρῄνεσε

505 4636 567 4682 ιιι
593 4626 742 4694 digni
772 4624 960 4679 haberi
990 4623 1288 4693 possimus,
1313 4637 1549 4693 quorum
1576 4630 1822 4676 mutetur
1843 4621 2081 4676 durities

504 4735 604 4791 per
625 4719 872 4774 dextram
901 4717 1190 4780 Altissimi,
1213 4725 1268 4771 et
1295 4727 1356 4771 ut
1381 4716 1771 4786 perveniamus
1800 4715 1867 4769 ad
1900 4715 2084 4770 suavi-

498 4819 671 4868 tatem
697 4819 752 4864 et
773 4809 1016 4878 requiem
1039 4809 1405 4878 spiritualem,
1429 4823 1616 4862 amore
1641 4807 1815 4862 divini
1845 4807 2084 4877 Spiritus

505 4903 758 4958 sauciati.
792 4903 899 4971 18
931 4901 1196 4955 Dominus
1221 4901 1372 4955 enim
1399 4901 1570 4954 multa
1603 4899 1657 4954 in
1692 4900 1943 4954 homines
1971 4900 2085 4953 {er-

507 5005 596 5049 tur
618 4992 990 5063 benignitate,
1017 4998 1074 5044 et
1105 4989 1298 5044 intima
1332 4989 1712 5044 misericordia
1747 4990 2006 5059 tangitur,
2031 4991 2079 5044 si

505 5085 727 5155 quando
751 5083 850 5137 toti
877 5097 1105 5153 prorsus
1127 5081 1199 5136 ad
1222 5097 1350 5136 eum
1372 5091 1784 5144 convertamur,
1807 5082 1876 5135 ah
1901 5084 2082 5136 omni-

509 5179 641 5240 bus,
673 5191 795 5244 qua:
829 5175 1108 5230 contraria
1141 5182 1302 5235 sunt,
1334 5189 1438 5228 nos
1469 5173 1788 5243 eripientes.
1812 5173 2081 5240 Quamvis

506 5268 656 5323 énim
704 5282 803 5320 nos
841 5281 937 5335 per
965 5281 1232 5320 summam
1270 5265 1667 5335 ignorantiam,
1699 5265 1980 5320 infantiam
2022 5282 2084 5321 ac

510 5358 867 5427 anticipatam
893 5357 961 5411 de
985 5357 1191 5411 malitia
1215 5357 1531 5426 opinionem
1556 5371 1879 5411 aversemnr
1903 5373 2084 5412 veram

507 5451 711 5516 vitam,
739 5465 802 5503 ac
835 5449 1226 5517 impedimenta
1259 5449 1427 5504 multa
1459 5449 1621 5504 nobis
1651 5450 1752 5520 ipsi
1783 5466 2082 5520 ponamus,

511 5557 704 5597 revera
745 5540 1072 5611 resipiscere
1111 5541 1366 5597 nolentes
1407 5561 1421 5598 :
1469 5543 1585 5613 ipse
1631 5553 1812 5598 tamen
1853 5545 2086 5599 multum

513 5634 811 5690 miseretur
840 5634 1044 5699 nostri,
1075 5635 1462 5704 longanimiter
1487 5645 1830 5707 exspectans,
1867 5638 2088 5708 quando

588 5815 631 5845 ’⁸
652 5813 844 5870 Matth.
873 5829 982 5882 χιι,
1005 5815 1064 5881 5;
1095 5815 1296 5886 Ephes.
1315 5831 1368 5886 ν,
1393 5816 1482 5870 3i.
1561 5816 1604 5848 ⁸ο
1628 5817 1648 5871 l
1675 5815 1802 5872 Cor.
1827 5833 1935 5887 inv,
1958 5819 2007 5871 l.

2180 4635 2428 4688 σπεύδειν
2455 4635 2602 4704 ἡμᾶς
2629 4634 2764 4704 πρὸς
2789 4635 2981 4702 αὐτὴν,
3007 4633 3200 4702 λέγων’
3226 4634 3468 4688 Διὼκετε
3489 4619 3719 4695 τὴνάςτί·

2179 4740 2303 4794 xm-
2327 4744 2339 4757 -
2382 4726 2470 4780 ἳνα
2503 4726 2820 4797 δυνηθῶμεν
2857 4729 2920 4779 ὲκ
2949 4729 3046 4798 τῆς
3083 4727 3447 4796 σκληρότητος
3474 4720 3614 4791 ᾐμῶν
3640 4716 3720 4782 τῆς

2180 4815 2518 4879 ἀλλοιώσεως
2549 4817 2648 4887 τῆς
2689 4817 2869 4882 δεξιᾶς
2914 4818 3008 4870 τοῦ
3037 4817 3293 4886 Ὑψίστου
3329 4808 3718 4876 καταξιωθῆναι,

2182 4912 2278 4964 καὶ
2351 4913 2432 4973 εἰς
2495 4912 2810 4981 ἡμερότητα
2873 4911 2967 4964 καὶ
3021 4913 3329 4966 ἀνάπαυσιν
3386 4895 3720 4974 πνευματικὴν

2183 5001 2378 5066 ἐλθεῖν,
2405 5002 2567 5072 ἔρωτι
2592 5002 2738 5054 θείου
2764 5001 3076 5071 Πνεύματος
3101 5003 3416 5072 τρωθέντες.
3434 4999 3489 5049 Ὀ
3511 4993 3606 5062 γὰρ
3627 4983 3718 5039 K5-

2186 5111 2300 5163 ριος
2337 5093 2470 5146 πολὺ
2509 5093 3016 5166 φιλανθρωπεύεται
3052 5095 3572 5165 σπλαγχνιζόμενος,
3609 5079 3716 5131 ποτε

2184 5185 2606 5254 ἐπιστρέψωμεν
2635 5186 2745 5239 ὅλοι
2776 5185 2834 5250 ἐξ
2859 5185 2980 5239 ὅλου
3014 5187 3150 5258 πρὸς
3176 5187 3338 5239 αὐτὸν
3358 5225 3370 5247 ,
3406 5181 3601 5234 πάντων
3626 5167 3715 5219 τῶν

2189 5277 2447 5330 ἐναντίων
2495 5277 2723 5340 ἑαυτοὺς
2757 5254 3084 5348 ἐξαίροντες.
3125 5280 3186 5331 Ei
3222 5280 3326 5348 γὰρ
3357 5276 3445 5328 καὶ
3469 5267 3608 5338 ἡμεῖς
3643 5254 3715 5308 διὰ

2191 5369 2390 5438 πολλὴν
2408 5369 2685 5436 ἀγνωσίαν
2711 5371 2805 5421 καὶ
2828 5370 3134 5440 νηπιότητα
3158 5371 3253 5424 καὶ
3276 5363 3524 5440 πρόληψιν
3545 5349 3710 5440 κακίας

2191 5435 2651 5530 ἀποστρεφόμεθα
2700 5461 2799 5529 τὴν
2847 5435 2992 5531 ζωὴν
3017 5435 3058 5525 ,1
3091 5462 3181 5514 καὶ
3219 5435 3441 5531 ἐμπόδια
3467 5444 3615 5502 πολλὰ
3641 5435 3708 5531 *ξίσ

2193 5549 2358 5619 θεμεν
2392 5551 2623 5614 ἑαυτοῖς,
2658 5549 2733 5621 μὴ
2757 5550 3069 5622 βουλόμενοι
3099 5552 3157 5618 ἐξ
3177 5548 3426 5622 ἀληθείας
3449 5529 3702 5612 μετανοείν’

2192 5643 2308 5698 ἀλλ’
2358 5643 2518 5706 αὐτὸς
2572 5643 2706 5697 πολὺ
2757 5643 3182 5713 σπλαγχνίζεται
3220 5642 3304 5714 ἐφ’
3359 5638 3490 5710 ἡμᾶς
3533 5633 3705 5700 μακρο-
