4016 6452
264 424 360 490 ί85

1504 433 1868 494 HOMILLE.
1892 458 1960 469 -
1980 435 2166 503 HOM.
2207 439 2297 500 IV.

3437 448 3538 510 186

268 541 470 613 θυμῶν,
487 539 623 594 πότε
647 541 1080 613 ἐπιστρέψαντες
1100 541 1490 615 προσέλθωμεν
1508 545 1645 615 πρὸς
1660 545 1847 606 αὐτὸν.

1959 549 2206 604 conversi
2252 548 2578 605 accedamus
2623 549 2690 604 ad
2738 566 2895 614 eum,
2930 561 2988 606 et
3029 553 3210 622 quoad
3257 554 3533 610 internum

264 637 355 691 καὶ
402 636 496 688 τὸν
541 633 654 688 ἐσω
701 636 860 705 ἡμῶν
901 636 1184 707 ἄνθρωπον
1218 637 1602 706 φωτισθῶμεν,
1645 636 1732 690 ἵνα
1769 637 1844 708 μὴ

263 727 704 796 καταισχυνθῶσι
734 728 802 780 τὰ
830 729 1096 798 πρόσωπα
1118 731 1150 797 ἡ
1160 728 1277 796 μῶν
1305 729 1362 781 ἐν
1386 729 1568 800 ἡμέρᾳ
1587 729 1842 798 κρίσεως.

331 819 436 874 ΙΖ’.
472 819 534 870 Ei
561 818 618 871 δὲ
647 819 740 871 καὶ
769 818 1028 872 δύσκολον
1058 822 1186 889 ἡμῖν
1214 821 1610 888 καταφαίνεται
1637 821 1727 875 διὰ
1748 821 1846 891 τὴν

263 911 515 982 σκληρὰν
539 910 640 979 τῆς
665 912 870 982 ἀρετῆς
894 911 1150 980 ἄσκησιν,
1184 912 1383 982 μᾶλλον
1405 913 1461 966 δὲ
1486 913 1574 967 διὰ
1594 912 1692 982 τὴν
1713 914 1849 966 ὑπό-

261 1004 418 1059 θεσιν
452 1005 549 1057 καὶ
581 1003 920 1072 συμϐουλίαν
952 1003 1046 1057 τοῦ
1081 1005 1463 1075 ἀντικειμένου
1486 1047 1502 1070 ,
1542 1007 1650 1059 ἰδοὺ
1686 1005 1849 1070 αὐτὸς

263 1094 697 1165 σπλαγχνίζεται
776 1094 870 1148 καὶ
937 1096 1286 1168 μακροθυμεῖ
1337 1098 1694 1168 ἐκδεχόμενος
1751 1098 1850 1170 τὴν

266 1185 548 1256 ἡμετέραν
601 1185 943 1254 ἐπιστροφὴν
973 1225 989 1249 ,
1055 1187 1152 1241 καὶ
1210 1187 1634 1258 ἁμαρτανόντων
1689 1186 1850 1257 ήμῶν

267 1278 564 1348 ἀνέχεται,
613 1277 901 1346 ἀναμένων
949 1278 1049 1350 τὴν
1094 1279 1386 1348 μετάνοιαν
1421 1278 1602 1348 ἡμῶν,
1639 1279 1733 1332 καὶ
1761 1278 1854 1332 πί·-

268 1386 505 1430 πτοντας
557 1369 704 1437 ἡμᾶς
755 1369 855 1422 οὐκ
900 1371 1286 1439 ἐπαισχύνεται
1341 1371 1502 1425 πάλιν
1553 1371 1846 1441 δέχεσθαι,

267 1459 455 1523 καθὼς
483 1455 684 1512 εἷπενὸ
710 1461 998 1532 Προφήτης
1020 1478 1034 1492 ο
1056 1461 1154 1529 Μὴ
1169 1464 1202 1516 ό
1219 1463 1452 1516 πίπτων
1467 1465 1580 1516 οὐκ
1606 1463 1854 1518 ἀνίστα-

264 1567 382 1616 ται,
423 1551 464 1619 ἢ
501 1550 898 1621 ἀποστρέφων
937 1553 1052 1607 οὐκ
1091 1554 1470 1624 ἐπιστρέφου
1492 1555 1669 1609 Μόνον
1693 1556 1855 1626 ἡμεῖς

264 1640 621 1711 διανήψωμεν
647 1641 856 1696 ἐννοιαν
881 1643 1090 1713 ἀγαθὴν
1114 1645 1469 1715 κτησάμενοι,
1487 1645 1582 1698 καὶ
1601 1646 1856 1716 ἐπιπρέ-

263 1733 462 1803 ψωμεν
516 1732 718 1797 εὐθέως
780 1733 875 1788 καὶ
924 1734 1137 1804 ὀρθῶς,
1197 1736 1449 1807 βοήθειαν
1499 1739 1641 1808 παρ’
1691 1735 1852 1790 αὐτοῦ

264 1822 659 1894 ἐπιζητοῦντες
681 1841 693 1854 ·
735 1825 828 1877 καὶ
864 1825 1025 1889 αὑτός
1055 1828 1172 1879 ἐστι
1209 1828 1380 1882 σῶσαι
1408 1829 1557 1899 ἡμᾶς
1596 1827 1814 1899 ἕτοιμος
1835 1843 1851 1856 ·

265 1915 556 1983 ἐκδέχεται
602 1915 710 1983 γὰρ
756 1913 850 1968 τοῦ
887 1916 1188 1987 θελήματος
1212 1917 1372 1989 ἡμῶν
1396 1920 1494 1989 τὴν
1525 1919 1663 1990 πρὸς
1689 1919 1856 1973 αὐτὸν

267 2006 504 2071 ζέουσαν
541 2006 755 2087 ὁρμὴν,
777 2009 902 2061 ὅσον
935 2007 1131 2079 ἐχομεν
1159 2010 1444 2081 δυνάμεως
1467 2027 1480 2042 ⁸
1534 2012 1629 2066 καὶ⁸
1660 2011 1759 2082 τὴν
1790 2014 1856 2066 ἐκ

267 2096 649 2167 προαιρέσεως
688 2097 899 2167 ἀγαθὴν
938 2100 1121 2152 πίστιν
1169 2101 1264 2155 καὶ
1295 2101 1629 2174 προθυμίαν,
1667 2103 1764 2172 τὴν
1796 2103 1856 2156 δὲ

268 2187 620 2258 κατόρθωσιν
656 2190 835 2241 πᾶσαν
870 2189 1030 2254 αὐτὸς
1066 2193 1124 2244 ἐν
1153 2193 1286 2263 ἡμῖν
1313 2192 1628 2265 ἐργάζεται.
1679 2197 1858 2248 Σπου-

265 2277 521 2347 δάσωμεν
549 2279 756 2343 τοίνυν,
786 2280 1081 2351 ἀγαπητοὶ,
1109 2281 1184 2346 ὡς
1209 2281 1379 2339 τέκνα
1402 2283 1561 2350 Θεοῦ,
1582 2285 1855 2339 ἀποδυσά-

271 2385 426 2439 μενοι
460 2370 646 2424 πᾶσαν
679 2371 950 2441 πρόληψιν
999 2373 1092 2425 καὶ
1127 2374 1391 2443 ἀμέλειαν
1429 2376 1526 2429 καὶ
1558 2375 1854 2446 χαύνωσιν,

265 2463 508 2529 γενναῖοι
577 2461 673 2513 καὶ
727 2460 940 2533 ἕτοιμοι
992 2465 1249 2532 γενέσθαι
1301 2467 1621 2521 ἀκολουθεῖν
1681 2469 1857 2522 ὀπίσω

270 2551 440 2604 αὑτοῦ
461 2591 477 2616 ,
532 2553 608 2624 μὴ
653 2553 1016 2625 ἀναϐάλωμεν
1047 2558 1262 2628 ἡμέραν
1288 2558 1348 2623 ἐξ
1372 2560 1584 2630 ἡμέρας
1623 2561 1728 2615 ὑπὸ
1756 2563 1858 2630 τῆς

266 2643 471 2706 κακίας
503 2644 971 2717 ύποκλεπτόμενοι
996 2663 1010 2678 ’
1041 2649 1102 2700 οὐ
1128 2649 1237 2718 γὰρ
1263 2650 1509 2722 οἴδαμεν,
1535 2653 1662 2705 πότε
1691 2654 1724 2723 ἡ
1750 2654 1857 2706 ἀπὸ

169 2803 178 2805 _
265 2736 367 2806 τῆς
424 2737 630 2806 σαρκὸς
699 2737 856 2807 ἡμῶν
914 2737 1093 2806 ἔξοδος
1147 2740 1376 2808 γίνεται.
1436 2744 1688 2811 Μεγάλαι
1747 2746 1856 2816 γὰρ

269 2829 366 2881 καὶ
400 2829 638 2900 ἄρρητοί
674 2830 814 2882 εἰσιν
864 2831 920 2883 αί
967 2831 1074 2884 τῶν
1113 2833 1458 2904 Χριστιανῶν
1506 2835 1856 2905 ἐπαγγελίαι,

268 2917 528 2970 τοσοῦτον
551 2957 567 2982 ,
618 2918 700 2972 ὅτι
754 2920 882 2989 μιᾶς
923 2918 1104 2991 ψυχῆς
1153 2922 1336 2976 πίστιν
1369 2925 1464 2977 καὶ
1493 2925 1724 2979 πλοῦτον
1756 2928 1857 2980 οὐκ

268 3010 532 3076 ἀναλογεῖ
582 3011 733 3065 πᾶσα
781 3013 814 3081 ἡ
857 3012 984 3079 δόξα
1033 3015 1132 3069 καὶ
1172 3015 1234 3068 τὸ
1275 3016 1470 3081 κάλλος
1498 3017 1592 3072 τοῦ
1623 3018 1855 3091 ούρανοῦ

267 3101 368 3156 καὶ
419 3103 519 3172 τῆς
556 3103 688 3173 γῆς,
743 3106 839 3156 καὶ
878 3106 912 3174 ἡ
936 3105 1102 3177 λοιπὴ
1132 3107 1496 3178 διακόσμησίς
1518 3127 1578 3162 τε
1609 3111 1704 3164 καὶ
1730 3129 1854 3165 ποι-

267 3193 460 3260 κιλία,
516 3195 610 3247 καὶ
658 3194 890 3258 πλοῦτος
941 3198 1038 3250 καῖ¹
1083 3197 1377 3271 ὡραιότης,
1413 3203 1508 3255 καὶ
1535 3205 1716 3275 τρυφὴ
1747 3205 1855 3258 τῶν
1883 3225 1926 3282 C

269 3285 587 3357 ὁρωμένων.

343 3467 460 3522 ιη’.
516 3467 641 3532 Πῶς
683 3467 867 3521 τοίνυν
917 3468 976 3522 ού
1028 3469 1330 3542 θελήσομεν
1374 3474 1669 3538 τοσαύταις
1718 3494 1854 3546 προ-

271 3560 504 3630 τροπαῖς
549 3558 644 3612 καὶ
688 3558 1044 3628 ἐπαγγελίαις
1082 3562 1176 3614 τοῦ
1220 3564 1455 3634 Κυρίου,
1502 3565 1612 3619 ὅλοι
1645 3567 1704 3632 ἐξ
1732 3568 1854 3622 ὅλου

272 3649 615 3720 προσελθεῖν,
652 3651 746 3703 καὶ
780 3651 1029 3715 ἐκδότους
1059 3654 1286 3717 ἐαυτοὺς
1315 3655 1464 3726 αὐτῷ
1490 3659 1852 3728 καταστῆσαι,

272 3739 669 3810 ἀρνησάμενοι,
703 3738 843 3792 κατά
871 3741 931 3792 τὸ
959 3743 1312 3811 Εὑαγγέλιον.
1343 3746 1482 3814 μετὰ
1511 3746 1726 3801 πάντων
1760 3750 1856 3801 καὶ

268 3826 376 3893 τὴν
411 3825 620 3878 ἐαυτῶν
649 3826 828 3896 ψυχὴν
850 3867 864 3889 ,
917 3829 1010 3882 καὶ
1043 3830 1204 3899 μόνον
1231 3833 1392 3885 αὑτὸν
1423 3835 1730 3904 ἀγαπῆσαι,
1761 3839 1855 3890 καὶ

274 3915 376 3968 σὺν
414 3914 562 3984 αὖτῷ
609 3915 736 3968 ἀλλο
778 3916 967 3982 ούδένς
1017 3919 1156 3971 Ἀλλ’
1197 3921 1304 3974 ἰδοὺ
1340 3923 1631 3978 καὶταῦτα
1657 3925 1852 3992 πάντα,

273 4005 374 4058 καὶ
418 4007 556 4078 πόση
587 4005 709 4072 δόξα
752 4009 950 4080 ἐδόθη;
996 4010 1160 4064 πόσαι
1195 4014 1500 4084 οἰκονομίαι
1525 4015 1619 4068 τοῦ
1647 4019 1854 4088 Κυρίου

272 4096 386 4150 ἀπὸ
431 4097 542 4150 τῶν
591 4100 848 4169 Πατέρων
900 4103 992 4154 καὶ
1034 4104 1330 4174 προφητῶν
1370 4105 1656 4175 γεγόνασι;
1691 4109 1855 4162 πόσαι

272 4189 603 4257 ἐπαγγελίαι
651 4191 1107 4262 ἐπηγγέλθησαν;
1165 4196 1257 4248 καὶ
1309 4196 1474 4251 πόσαι
1517 4202 1852 4269 προτροπαί;

274 4280 418 4349 πόση
459 4281 833 4351 εύσπλαγχνία
872 4284 967 4337 τοῦ
1000 4285 1273 4339 Δεσπότου
1309 4286 1368 4351 ἐξ
1391 4291 1565 4359 ἀρχῆς
1595 4291 1680 4358 ἐφ’
1709 4294 1856 4361 ἡμᾶς

273 4372 544 4441 γέγονεν;
599 4373 824 4443 ἔσχατον
869 4376 960 4442 δὲ,
1012 4376 1109 4429 καὶ
1151 4376 1239 4430 διὰ
1270 4382 1368 4449 τῆς
1401 4371 1535 4443 ἰδίας
1562 4382 1856 4452 ἐπιδημίας

273 4466 379 4534 τὴν
409 4465 647 4535 ἄρρητον
678 4467 1027 4538 χρηστότητα
1071 4469 1156 4536 ἐφ’
1186 4471 1332 4539 ἡμᾶς
1365 4470 1451 4524 διὰ
1476 4472 1577 4541 τῆς
1606 4475 1853 4542 σταυρὼ-

1951 649 2204 696 nostrum
2250 641 2530 696 hominem
2575 641 2976 710 illuminemur,
3010 659 3081 700 ne
3126 645 3537 701 confundantur

1951 731 2122 787 facies
2153 740 2354 787 nostrae
2379 732 2433 786 in
2459 733 2548 786 die
2572 732 2788 803 judicii.

2022 820 2183 875 XVII.
2231 819 2386 886 Quod
2443 821 2488 874 si
2542 820 2761 875 diﬂicile
2809 836 2875 876 ac
2925 822 3218 877 molestum
3267 823 3430 878 nobis
3481 825 3533 876 id

1952 912 2202 975 videtur,
2252 921 2481 983 propter
2529 913 2724 968 duram
2771 913 2996 968 virtutis
3043 916 3532 979 exercitationem,

1953 1005 2128 1074 magis
2155 1020 2288 1060 vero
2322 1013 2546 1074 propter
2578 1006 2988 1076 suggestionem
3021 1023 3086 1061 ac
3117 1007 3407 1063 consilium
3440 1009 3506 1061 ad

1953 1096 2216 1162 versarii;
2259 1097 2620 1151 nihilominus
2657 1099 2774 1168 ipse
2807 1113 3024 1153 summa
3056 1098 3537 1153 commiseratione

1955 1198 2138 1242 motus
2179 1187 2290 1242 leni
2334 1196 2390 1242 et
2426 1189 2654 1258 patienti
2693 1189 2878 1244 animo
2921 1199 3036 1255 est,
3068 1200 3392 1260 exspectans
3431 1204 3536 1244 no-

1955 1290 2126 1336 stram
2161 1279 2613 1344 conversionem,
2639 1289 2805 1350 atque
2843 1289 3136 1350 peccantes
3169 1288 3273 1336 nos
3306 1272 3534 1345 tolerat,

1955 1386 2021 1426 ac
2057 1377 2303 1425 nostram
2349 1370 2729 1440 paenitentiam
2777 1370 3085 1433 desiderat,
3119 1379 3176 1426 et
3211 1371 3395 1440 lapsos
3435 1386 3538 1424 nos

1957 1461 2205 1531 recipere
2232 1476 2343 1516 non
2369 1461 2668 1526 erubescit,
2695 1471 2757 1515 ut
2785 1461 2922 1516 dixit
2948 1461 3216 1532 propheta
3244 1479 3258 1514 :
3285 1461 3538 1531 Nunquid

1955 1551 2048 1620 qui
2076 1550 2246 1616 cadit,
2273 1566 2376 1604 non
2406 1552 2662 1621 resurgit,
2693 1559 2785 1604 aut
2816 1553 2906 1621 qui
2936 1567 3146 1605 aversus
3173 1558 3280 1615 est,
3312 1567 3417 1604 non
3450 1566 3537 1603 re-

1956 1641 2261 1696 vertitur“.
2289 1641 2450 1696 Modo
2477 1657 2580 1697 nos
2607 1643 2754 1696 bono
2781 1642 2949 1697 corde
2977 1643 3214 1712 praediti,
3244 1643 3296 1696 in
3329 1643 3540 1696 sobrie-

1959 1741 2071 1790 tate
2096 1733 2370 1799 vivamus,
2393 1741 2449 1789 et
2473 1734 2656 1789 statim
2683 1750 2746 1790 ac
2768 1749 2899 1789 vere
2923 1735 3218 1805 implorato
3243 1736 3363 1806 ejus
3387 1735 3541 1789 auxi-

1957 1825 2035 1880 Iio
2068 1832 2460 1880 convertamur
2495 1841 2510 1880 :
2547 1826 2998 1895 promptissimus
3031 1841 3163 1882 vero
3199 1834 3284 1882 est
3317 1827 3432 1897 ipse
3469 1827 3539 1881 ad

1956 1923 2203 1971 nostram
2232 1916 2488 1972 salutem.
2517 1917 2736 1987 Excipit
2761 1920 2910 1973 enim
2941 1917 3209 1973 benevole
3238 1917 3538 1973 ferventem

1954 2006 2257 2060 voluntatis
2282 2015 2486 2063 nostrae
2513 2007 2578 2062 ad
2610 2007 2787 2072 illum,
2811 2017 3076 2078 quantum
3101 2008 3157 2062 in
3179 2008 3385 2064 nostris
3408 2009 3541 2062 viri-

1955 2097 2062 2153 bus
2087 2106 2190 2164 est,
2221 2098 2512 2168 impetum,
2553 2107 2609 2153 et
2639 2099 2838 2153 bonam
2872 2099 3033 2154 ﬁdem
3064 2115 3128 2154 ac
3153 2100 3543 2170 promptitudi-

1955 2205 2082 2244 nem
2116 2205 2185 2244 ex
2208 2189 2492 2244 voluntate
2519 2199 2708 2244 nostra
2738 2201 3049 2244 manantem
3088 2209 3100 2243 :
3134 2190 3539 2245 correctionem

1956 2295 2090 2335 vero
2137 2295 2357 2335 omnem
2408 2281 2526 2352 ipse
2573 2282 2629 2336 in
2680 2283 2841 2338 nobis
2884 2294 3165 2354 operatur.
3206 2285 3539 2342 Industriam

1957 2374 2128 2445 igitur
2161 2376 2554 2441 adhibeamus,
2581 2392 2614 2431 o
2646 2377 2866 2441 dilecti,
2897 2388 3154 2447 tanquam
3192 2379 3288 2433 ﬁlii
3323 2380 3450 2444 Dei,
3483 2389 3545 2433 ut

1958 2482 2178 2522 onmem
2227 2469 2681 2537 occupationem,
2718 2470 3106 2539 negligentiam
3154 2486 3219 2525 ac
3262 2471 3541 2542 pigritiam

1957 2566 2256 2622 exuentes,
2288 2559 2499 2614 alacres
2543 2575 2605 2614 ac
2648 2562 2888 2630 prompti
2933 2563 3128 2617 ﬁamus
3169 2563 3238 2617 ad
3279 2577 3405 2617 eum
3453 2579 3545 2619 se-

1958 2647 2271 2716 quendum;
2312 2663 2383 2702 ne
2425 2647 2493 2702 de
2531 2648 2620 2702 die
2661 2649 2717 2702 in
2756 2649 2900 2703 diem
2944 2665 3059 2704 rem
3094 2650 3448 2716 differamus,
3479 2667 3544 2706 ac

1960 2753 1992 2792 a
2029 2738 2237 2792 malitia
2270 2737 2691 2808 praeveniamur.
2723 2739 3010 2794 Nescimus
3041 2741 3221 2802 enim,
3255 2757 3362 2810 qua
3404 2741 3540 2794 hora

1958 2828 2141 2884 exitus
2186 2843 2216 2882 e
2262 2843 2429 2882 carne
2477 2829 2550 2883 sit
2591 2829 2830 2884 futurus.
2865 2830 3072 2901 Magna:
3115 2831 3262 2886 enim
3313 2841 3443 2886 sunt
3483 2841 3540 2886 et

1960 2918 2269 2974 ineﬂ'abiles
2307 2918 2639 2974 Christianis
2674 2919 2830 2975 facta:
2865 2921 3288 2990 promissiones,
3321 2922 3378 2975 in
3422 2931 3545 2975 tan--

1960 3022 2074 3066 tum
2117 3012 2372 3081 quidem,
2401 3022 2461 3066 ut
2493 3027 2619 3066 cum
2655 3013 2822 3068 unius
2854 3014 3051 3069 animae
3082 3014 3190 3070 ﬁde
3225 3031 3289 3070 ac
3329 3015 3542 3070 divitiis

1958 3103 2164 3156 nullam
2208 3101 2436 3156 omnino
2474 3103 2892 3172 proportionem
2925 3105 3127 3160 habeat
3158 3105 3342 3161 omnis
3371 3107 3545 3176 gloria

1959 3204 2016 3249 et
2045 3193 2402 3264 pulchritudo
2429 3195 2553 3250 caali
2586 3204 2642 3250 et
2670 3205 2848 3261 terrae,
2875 3206 2931 3250 et
2957 3196 3207 3266 reliquus
3235 3205 3464 3251 ornatus
3489 3205 3546 3250 et

1957 3287 2229 3351 varietas,
2256 3294 2313 3342 et
2341 3286 2578 3354 diviti.e,
2606 3297 2664 3343 et
2705 3287 2874 3343 decor
2914 3304 2978 3344 ae
3016 3288 3230 3344 deliciae
3267 3287 3544 3358 spectabi-

1956 3378 2112 3432 lium.

2029 3470 2214 3526 XVIII.
2241 3470 2346 3538 Qui
2381 3471 2441 3525 ﬁt
2474 3486 2638 3541 ergo,
2662 3470 2810 3540 quod
2853 3471 3021 3525 tantis
3062 3468 3548 3524 exhortationibus

1957 3569 2013 3616 et
2039 3562 2507 3631 promissionibus
2541 3561 2784 3630 impulsi,
2815 3562 2914 3615 toti
2947 3561 3176 3615 omnino
3207 3576 3334 3615 eum
3363 3561 3542 3621 adire,

1956 3663 2012 3708 et
2045 3669 2146 3708 nos
2181 3663 2322 3709 totos
2354 3655 2404 3708 ei
2437 3652 2639 3707 dedere
2659 3691 2672 3716 ,
2701 3651 2988 3721 abnegatis
3019 3650 3326 3705 secundum
3359 3650 3543 3704 Evan-

1957 3743 2163 3813 gelium
2211 3757 2336 3797 cum
2391 3742 2654 3796 omnibus
2698 3751 2755 3795 et
2805 3739 2988 3793 anima
3038 3747 3262 3804 nostra,
3305 3753 3546 3808 cumque

1957 3834 2136 3888 solum
2168 3848 2357 3887 amore
2392 3829 2655 3901 prosequi
2693 3837 2750 3884 et
2788 3827 2928 3882 nihil
2965 3827 3117 3882 aliud
3159 3843 3286 3882 cum
3321 3842 3419 3889 eo,
3456 3842 3545 3881 re-

1957 3926 2227 3980 nuamus?
2267 3924 2375 3980 Sed
2413 3938 2540 3978 ecce
2573 3923 2691 3976 haec
2725 3919 2913 3975 omnia
2945 3927 3002 3974 et
3031 3927 3238 3988 quanta
3270 3928 3544 3988 praeterea

1956 4018 2129 4089 gloria
2173 4017 2301 4072 data
2348 4017 2467 4072 estl
2517 4023 2655 4085 quot
2700 4013 3096 4083 dispositiones
3139 4027 3168 4066 a
3213 4012 3439 4066 Patrum
3487 4018 3546 4065 et

1957 4111 2357 4181 prophetarum
2394 4107 2736 4182 temporibus
2765 4106 2922 4161 factae
2948 4105 3116 4160 sunt?
3143 4111 3277 4174 quot
3305 4101 3543 4172 promis-

1958 4203 2177 4259 siones?
2205 4211 2262 4258 et
2287 4211 2423 4271 quot
2446 4199 2892 4257 exhortationes?
2922 4206 3128 4268 quanta
3163 4194 3544 4251 misericordia

1958 4296 2176 4351 Domini
2219 4296 2274 4349 in
2321 4310 2422 4349 nos
2461 4295 2531 4349 ab
2573 4294 2730 4348 initio
2766 4292 2900 4346 fuit?
2937 4290 3155 4344 tandem
3191 4305 3324 4343 vero
3355 4295 3412 4341 et
3442 4302 3546 4342 suo

1959 4386 2134 4456 ipsius
2175 4385 2414 4440 adventu
2455 4384 2790 4439 inell‘abilem
2834 4397 2960 4451 erga
3002 4397 3105 4435 nos
3145 4379 3544 4448 benignitatem

1958 4493 2057 4547 per
2105 4477 2515 4531 cruciﬁxionem
2570 4474 2842 4538 ostendit,
2892 4483 2951 4527 ut
2999 4488 3097 4526 nos
3140 4486 3440 4526 conversos
3485 4471 3544 4524 in

275 4573 418 4618 σεως
453 4557 762 4621 ἐπεδείξατο
782 4597 794 4619 ,
848 4559 934 4612 ἵνα
971 4560 1120 4628 ἡμᾶς
1150 4560 1229 4622 εἰς
1255 4560 1398 4631 ζωὴν
1425 4562 1855 4633 ἐπιστρέψαντας

1962 4569 2128 4622 vitam
2170 4567 2464 4622 transferat
2511 4585 2523 4619 :
2565 4581 2666 4621 nos
2707 4577 2890 4621 tamen
2931 4581 2958 4618 a
3000 4564 3282 4618 voluntate
3322 4570 3541 4624 nostra,

278 4647 585 4718 μετενέγκῃ
604 4663 617 4677 ·
655 4647 748 4701 καί⁵
777 4650 935 4718 ἡμεῖς
965 4650 1073 4701 τῶν
1102 4649 1422 4721 θελημάτων
1453 4653 1609 4723 ἡμῶν
1640 4656 1736 4709 καὶ
1761 4657 1857 4728 τῆς

274 4738 504 4808 ἀγάπης
550 4739 642 4792 τοῦ
677 4741 915 4810 κόσμου,
954 4741 1184 4794 καὶτῶν
1235 4743 1557 4814 προλήψεων
1601 4751 1697 4800 καὶ
1727 4766 1853 4803 συν-

276 4830 484 4900 ηθειῶν
514 4829 729 4895 κακῶν,
763 4832 863 4883 οὐκ
899 4831 1309 4903 ἀναχωροῦμεν.
1349 4835 1463 4898 Διὸ,
1500 4837 1852 4905 ὀλιγόπιστοι,

277 4923 312 4990 ἦ
359 4926 454 4974 καὶ
497 4921 716 4975 ἄπιστοι
763 4921 1122 4992 δεικνύμεθασ
1179 4928 1274 4978 καὶ
1308 4927 1402 4981 ἐπὶ
1429 4929 1641 4993 τούτοις
1667 4932 1854 4998 πᾶσιν,

284 5015 391 5068 ἰδοὺ
447 5013 645 5076 αὐτοὺς
699 5015 1104 5086 χρηστεύεται,
1163 5018 1410 5088 ἀοράτως
1461 5023 1715 5092 φρουρῶν
1765 5024 1858 5077 xui.

281 5102 635 5174 περιθάλπων
662 5145 676 5168 ,
731 5106 808 5174 μὴ
853 5105 994 5158 κατά
1026 5106 1096 5160 τὰ
1129 5107 1504 5179 ἁμαρτήματα
1532 5113 1858 5182 παραδιδοὺς

272 5201 308 5268 ἡ
320 5198 428 5266 μᾶς
461 5198 541 5259 εἰς
569 5197 720 5259 τέλος
750 5199 814 5266 τῇ
840 5197 1008 5269 κακίᾳ
1031 5238 1046 5263 ,
1085 5200 1181 5252 καὶ
1213 5202 1278 5270 τῇ
1314 5198 1410 5254 τοῦ
1437 5201 1644 5271 κόσμου
1673 5203 1860 5275 ἀπάτῃ

273 5288 458 5358 ἀφιὼν
489 5289 635 5358 ἡμᾶς
669 5288 966 5341 ἀπολέσθαι
992 5329 1005 5354 ,
1040 5288 1127 5341 διὰ
1159 5289 1358 5360 πολλὴν
1388 5294 1735 5364 χρηστότητα
1765 5297 1859 5348 καὶ

278 5379 665 5452 μακροθυμίαν
696 5379 1048 5445 ἀποσκοπῶν,
1086 5381 1217 5434 πότε
1249 5383 1385 5453 πρὸς
1409 5383 1572 5439 αὑτὸν
1601 5386 1856 5456 ἐπιστρέ-

276 5473 488 5542 ψωμεν.

350 5564 450 5618 ΙΘν.
500 5565 661 5617 ’Λλλά
711 5564 925 5618 δέδοικα
979 5565 1054 5635 μή
1103 5581 1234 5618 ποτε
1286 5566 1347 5620 τὸ
1391 5566 1483 5621 τοῦ
1534 5567 1858 5623 Ἀποστόλου

280 5654 443 5726 ῥητὸν
491 5653 758 5725 πληρωθῇ
797 5655 886 5716 -εἰς
922 5653 1071 5724 ἡμᾶς
1103 5655 1170 5726 τῇ
1202 5660 1651 5730 καταφρονητικῇ
1681 5659 1861 5730 ἐννοίᾳ

345 5832 387 5863 ⁴¹
411 5831 620 5888 Jcrem.
645 5844 765 5894 vin,
795 5830 842 5883 ei.

1961 4657 2255 4712 dilectione
2285 4657 2498 4721 mundi,
2524 4655 3014 4726 anticipationibus
3043 4662 3099 4708 et
3123 4653 3544 4708 consuetudini-

1957 4749 2061 4802 bus
2099 4747 2285 4816 pravis
2323 4762 2435 4801 non
2477 4747 2804 4800 secedimus.
2832 4745 3014 4811 Quare
3055 4757 3157 4796 nos
3197 4751 3290 4796 aut
3322 4741 3539 4809 exigua,

1957 4847 2053 4893 aut
2084 4838 2235 4891 nulla
2270 4837 2499 4891 omnino
2532 4835 2639 4890 lide
2675 4835 2932 4906 praeditos
2963 4848 3084 4888 esse
3117 4833 3245 4885 hinc
3279 4837 3537 4898 apparet.

1959 4931 2026 4984 Et
2049 4938 2247 4998 praeter
2279 4928 2396 4982 haec
2432 4927 2647 4991 omnia,
2674 4926 2975 4996 benignum
3011 4940 3068 4978 se
3103 4922 3328 4977 exhibet
3355 4919 3539 4985 nobis,

1958 5024 2197 5094 protegit
2224 5039 2288 5078 ac
2319 5024 2466 5078 fovet
2497 5039 2598 5077 nos
2632 5021 3006 5083 invisibiliter,
3038 5034 3139 5072 nec
3171 5033 3304 5076 nos,
3337 5031 3547 5070 secun~

1957 5117 2088 5170 dum
2117 5125 2346 5186 peccata
2378 5125 2567 5169 nostra
2587 5155 2600 5179 ,
2629 5113 2852 5168 malitia:
2881 5121 2939 5165 et
2971 5109 3164 5164 mundi
3195 5107 3542 5176 deceptioni-

1957 5208 2063 5263 bus
2114 5208 2166 5261 in
2218 5215 2544 5277 perpetuum
2601 5206 2865 5268 traditos,
2909 5203 3044 5257 sinit
3087 5202 3271 5270 perire
3320 5209 3547 5270 propter

1958 5313 2224 5353 summam
2266 5297 2614 5352 clementiam
2652 5305 2707 5350 et
2739 5292 3214 5364 longanimitatcm
3260 5306 3448 5352 suam,
3476 5289 3544 5343 ab

1964 5391 2073 5444 alto
2104 5389 2424 5459 dispiciens,
2454 5389 2676 5457 quando
2705 5387 2771 5443 ad
2799 5401 2925 5442 cum
2959 5394 3366 5439 convertamur.

2040 5565 2183 5620 XIX.
2213 5565 2379 5637 Atqui
2408 5579 2623 5627 vereor,
2652 5581 2720 5620 ne
2751 5564 2959 5619 dictum
2989 5560 3234 5631 Apostoli
3269 5559 3323 5612 in
3353 5555 3544 5620 nobis,

1971 5660 2064 5730 qui
2115 5659 2298 5714 animo
2344 5659 2412 5713 ad
2453 5658 2637 5714 omnia
2683 5654 3084 5713 contemnenda
3122 5649 3357 5723 proclivi
3399 5646 3550 5707 vivi-
