4016 6486
482 451 587 515 487

1729 441 1787 499 S.
1828 437 2150 501 MACARII
2191 435 2512 497 ᾸΞΟΥΡΤῙΙ

3676 435 3779 498 483

486 579 641 630 mus,
667 570 724 617 et
755 559 1061 631 anteceptis
1090 557 1449 629 opinionibus
1475 555 1803 626 abripimur,
1834 555 2066 624 impleao

2195 551 2444 616 ὐζῶντας
2465 590 2480 612 ,
2517 551 2613 604 καὶ
2655 551 2773 613 ταῖς
2813 549 3115 621 προλήψεσι
3145 549 3694 618 συναπαγομὲνους,
3726 551 3781 602 τὸ

486 666 600 718 tur,
626 653 774 724 quod
813 653 890 707 ait
925 669 938 705 :
975 652 1056 706 An
1093 651 1304 704 divitias
1339 649 1587 702 bonitatis
1621 645 1798 711 illius,
1828 663 1890 699 ac
1929 645 2063 698 tole-

487 749 681 800 ramiw
707 745 1041 814 lenitatisque
1063 742 1372 805 contemnis,
1397 740 1668 809 ignorans,
1695 736 1833 808 quod
1860 737 2066 790 bonitas

491 838 600 907 l9
633 837 728 890 Dei
761 837 831 890 ad
865 835 1227 906 paenitentiam
1263 839 1312 884 te
1343 828 1627 885 invitat"?
1658 827 1816 894 Quod
1854 828 1902 882 si
1943 829 2065 882 lon-

489 929 838 999 ganimitate,
872 926 1116 981 bonitate
1147 932 1203 978 et
1229 920 1519 978 tolerantia
1548 922 1669 991 ejus
1699 921 1878 986 abusi,
1908 921 2067 990 plura

486 1018 874 1072 addiderimus
906 1023 1155 1086 peccata,
1180 1022 1235 1067 et
1259 1012 1512 1083 graviora
1534 1009 1764 1080 judicia,
1789 1009 2067 1080 negligen-

490 1111 565 1165 tia
590 1121 647 1164 et
669 1117 991 1177 contemptu
1025 1115 1212 1160 nostm
1235 1104 1398 1158 nobis
1426 1103 1561 1172 ipsis
1587 1101 2067 1163 accersiverimus,

484 1202 810 1272 implebitur
850 1199 983 1253 illud
1028 1198 1239 1253 dictum
1285 1214 1299 1250 :
1340 1193 1444 1250 Sed
1486 1194 1774 1248 secundum
1815 1193 2069 1247 duritiam

489 1308 641 1352 tuam
660 1339 672 1362 ,
700 1306 746 1350 et
775 1311 864 1349 cor
889 1295 1141 1366 pcenitere
1169 1293 1400 1347 nesciens
1418 1333 1431 1357 ,
1458 1289 1660 1360 colligis
1688 1290 1780 1342 tibi
1807 1290 1907 1360 ipsi
1931 1289 2071 1341 iram

488 1391 544 1443 in
574 1390 657 1442 die
683 1390 780 1442 ira!
805 1386 1143 1440 reuelationis
1166 1385 1301 1455 justi
1321 1384 1513 1454 judicii
1543 1382 1640 1434 Dei
1658 1381 1722 1434 ⁸³.
1755 1381 1900 1434 Deus
1924 1379 2070 1434 enim

490 1496 702 1535 smnma
727 1487 783 1533 et
807 1477 1167 1534 inenarrabili
1195 1476 1443 1531 bonitate
1465 1490 1529 1528 ac
1549 1473 1779 1528 lenitate
1805 1471 2072 1526 inell'abili

488 1587 620 1641 erga
661 1585 838 1640 genus
875 1569 1178 1624 humanum
1226 1567 1421 1629 utitur,
1455 1566 1499 1620 si
1545 1565 1710 1619 modo
1748 1564 2074 1633 resipiscere

491 1663 751 1726 velimus,
780 1670 836 1715 et
860 1661 1084 1731 penitus
1117 1659 1185 1713 ad
1214 1674 1340 1713 eum
1371 1657 1617 1711 converti
1644 1655 1988 1717 Studeamus,
2015 1664 2076 1709 ut

491 1753 689 1808 salutis
719 1751 1022 1822 participes
1049 1750 1171 1805 ﬁeri
1197 1749 1500 1803 valeamus.

566 2013 684 2068 XX.
715 2011 872 2080 Quod
907 2011 956 2068 si
999 2025 1332 2082 cognoscere
1370 2009 1658 2066 desideres
1695 2008 1791 2064 Dei
1832 2007 2082 2078 longani-

501 2107 750 2162 mitatcm
779 2115 838 2160 et
865 2120 1135 2160 summam
1165 2103 1466 2158 bonitatem
1485 2144 1500 2166 ,
1527 2102 1580 2158 id
1607 2111 1693 2157 est
1717 2100 2084 2156 sacrosanctis

497 2196 789 2250 codicibus
829 2194 1130 2248 discamus.
1168 2192 1403 2262 Respice
1441 2190 1748 2253 lsraelitas,
1778 2206 1846 2245 ex
1883 2189 2086 2258 quibus

498 2296 631 2342 sunt
678 2296 900 2357 patres,
936 2286 1143 2356 quibus
1187 2285 1585 2356 promissiones
1628 2283 1783 2338 facta:
1824 2293 1985 2347 sunt,
2018 2297 2086 2337 ex

499 2379 706 2448 quibus
739 2377 1001 2433 Christus
1034 2377 1344 2432 secundum
1378 2391 1634 2440 carnem,
1664 2374 1870 2444 quibus
1904 2374 2088 2428 cultus

497 2480 555 2525 et
589 2479 980 2526 testamentum
1018 2469 1227 2534 erat“,
1261 2477 1468 2538 quanta
1507 2466 1908 2538 peccaverunt?
1945 2480 2087 2535 quo-

499 2561 607 2615 ties
640 2558 819 2614 aversi
849 2558 1011 2614 sunt?
1049 2558 1166 2628 ipse
1203 2566 1383 2612 tamen
1419 2558 1565 2612 Deus
1596 2572 1706 2611 non
1740 2556 1966 2626 reliquit
1992 2570 2090 2611 eos

500 2653 558 2707 in
606 2661 966 2721 perpetuum,
1003 2651 1098 2706 sed
1133 2652 1201 2706 ad
1239 2659 1450 2706 certum
1488 2659 1707 2719 tempus
1740 2647 1808 2703 ad
1845 2647 2090 2718 ipsorum

502 2744 858 2800 commodum
883 2758 981 2799 eos
1011 2742 1468 2812 castigationibus
1493 2741 1726 2812 subjecit
1756 2757 1770 2796 :
1805 2741 2094 2796 duritiem-

502 2851 611 2906 que
641 2834 826 2890 cordis
849 2848 1042 2888 eorum
1067 2849 1166 2903 per
1187 2832 1538 2888 aﬂlictionem
1562 2832 1814 2886 emollire
1838 2831 2090 2900 cupiens,

505 2926 886 2990 convertebat,
911 2923 1266 2987 admonebat,
1291 2923 1590 2992 prophetas
1611 2923 1886 2978 mittebat.
1935 2923 2096 2976 Insu-

507 3034 610 3089 per
651 3017 897 3086 quandiu
953 3014 1303 3086 longanimus
1347 3024 1464 3068 erat
1507 3029 1637 3084 erga
1681 3024 2001 3084 peccatores
2040 3024 2095 3068 et

507 3111 859 3168 oﬂendentes
888 3123 980 3172 se,
1005 3115 1062 3162 et
1091 3107 1455 3161 nihilominus
1483 3121 1780 3162 conversos
1803 3122 1928 3160 cum
1959 3123 2098 3176 gau-

509 3201 604 3255 dio
639 3197 946 3269 recipiebat
978 3215 991 3250 :
1027 3205 1084 3252 et
1115 3212 1241 3253 cum
1271 3197 1457 3252 denuo
1485 3211 1606 3252 sese
1633 3205 1975 3262 averterent,
2001 3211 2097 3250 eos

509 3292 631 3362 ipse
662 3305 764 3345 nos
791 3288 1068 3354 destituit,
1099 3289 1195 3344 sed
1222 3305 1323 3359 per
1349 3289 1653 3358 prophetas
1677 3289 1746 3345 ad
1775 3291 2098 3344 conversio-

511 3399 637 3438 nem
678 3381 957 3436 revocavit
999 3399 1013 3434 ;
1052 3390 1220 3450 atque
1259 3381 1560 3450 sepissime
1599 3397 1628 3435 a
1667 3397 1728 3436 se
1765 3396 2016 3447 aversos,
2046 3391 2104 3436 et

512 3474 872 3546 postmodum
917 3487 1250 3531 conversos.
1294 3472 1564 3526 benevole
1613 3471 1896 3536 toleravit,
1937 3482 2103 3542 atque

514 3565 834 3621 humaniter
859 3563 1090 3632 recepit,
1113 3562 1292 3618 donec
1319 3563 1542 3619 tandem
1566 3563 1622 3618 in
1651 3578 1850 3634 magno
1876 3573 2104 3632 peccato

517 3658 853 3728 deprehensi
881 3665 1014 3712 sunt
1039 3673 1232 3712 manus
1257 3656 1569 3728 injicientes
1596 3657 1824 3727 proprio
1847 3655 2101 3720 Domino,

518 3766 685 3820 quem
719 3750 1117 3821 exspectabant
1151 3750 1458 3805 secundum
1495 3750 1847 3805 traditionem
1881 3749 2103 3804 Patrum

515 3858 581 3897 ac
608 3842 1000 3912 prophetarum
1033 3851 1354 3897 sanctorqu
1384 3840 1825 3911 redemptorem,
1847 3841 2103 3896 Salvato-

515 3950 634 3989 rem
659 3974 674 4001 ,
706 3948 892 4003 regem
941 3942 998 3988 et
1037 3932 1390 4003 prophetam.
1427 3931 1753 3988 Venientem
1800 3932 1946 3986 enim
1991 3946 2105 3986 non

517 4025 758 4096 amplexi
790 4033 944 4089 sunt,
975 4024 1072 4080 sed
1104 4040 1136 4079 e
1166 4023 1449 4080 contrario
1478 4039 1673 4095 magna
1703 4039 1834 4078 eum
1868 4023 2105 4094 ignomi-

518 4119 612 4172 nia
653 4127 710 4172 et
751 4117 978 4172 infamia
1020 4125 1306 4180 notatum,
1345 4115 1566 4170 tandem
1611 4115 1794 4170 crucis
1833 4115 2108 4185 supplicio

520 4209 852 4264 all'ecerunt.
881 4207 952 4264 Et
985 4207 1040 4262 in
1078 4207 1182 4261 hac
1215 4215 1323 4261 tam
1355 4206 1546 4277 grandi
1577 4207 1788 4262 offensa
1815 4215 1871 4262 et
1900 4207 2106 4277 ingenti

521 4301 701 4370 lapsu,
738 4309 966 4370 peccata
1012 4299 1254 4362 illorum,
1285 4313 1410 4367 quae
1449 4297 1518 4352 ad
1556 4313 1831 4353 summum
1878 4298 2110 4352 adaucta

521 4401 706 4457 erant,
735 4393 1013 4463 completa
1051 4399 1203 4456 sunt,
1230 4400 1286 4444 et
1327 4391 1403 4444 ita
1445 4389 1667 4445 tandem
1707 4398 1977 4460 perpetuo
2017 4391 2112 4444 de-

524 4484 657 4539 serti
693 4492 844 4547 sunt,
874 4484 1084 4554 Spiritu
1114 4492 1308 4538 sancto
1340 4483 1410 4537 ab
1445 4482 1513 4538 iis
1544 4483 1861 4548 recedente,
1889 4484 2112 4554 quando

2166 644 2340 712 λέγον·
2371 645 2444 695 Ἥ
2462 642 2568 696 τοῦ
2597 642 2865 696 πλούτου
2885 641 2996 710 τῆς
3012 644 3453 711 χρηστότητος
3476 639 3669 694 αὑτοῦ
3693 641 3784 694 καὶ

2166 735 2278 804 τῆς
2309 735 2540 803 ἀνοχῆς
2590 735 2691 788 καὶ
2739 733 2849 802 τῆς
2885 734 3314 804 μακροθυμίας
3355 730 3784 799 καταφρονεῖς,

2167 826 2402 895 ἀγνοῶν
2439 826 2528 880 ὅτι
2564 827 2630 879 τὸ
2664 828 2938 894 χρηστόν
2979 826 3087 880 τοῦ
3125 825 3285 879 Θεοῦ
3329 826 3431 890 εἰς
3461 823 3786 893 μετάνοιάν

2169 937 2244 974 σε
2267 920 2430 989 (ira;
2459 921 2520 973 Εἰ
2545 919 2601 972 δὲ
2621 921 2689 989 τῇ
2712 918 3070 989 μακροθυμίᾳ
3095 919 3189 972 καὶ
3214 920 3292 988 τῇ
3325 917 3678 988 χρηστότητι
3701 919 3786 969 καὶ

2169 1015 2236 1082 τῇ
2279 1013 2446 1082 ἀνοχῇ
2488 1010 2655 1064 αὑτοῦ
2698 1008 2924 1065 πλείονα
2958 1008 3336 1081 προστίθεμεν
3374 1009 3782 1077 ἁμαρτήματα,

2171 1105 2265 1158 καὶ
2296 1104 2655 1174 κατακρίσεις
2685 1102 2907 1174 μείζους
2934 1102 3024 1156 διά
3049 1102 3148 1170 τῆς
3172 1100 3465 1170 ἀμελείας
3500 1100 3601 1152 καὶ
3629 1117 3788 1152 κατα-

2173 1195 2496 1264 φρονήσεως
2523 1192 2683 1263 ήμῶν
2712 1195 2926 1257 ἑαυτοῖς
2953 1191 3326 1262 πορισόμεθα,
3355 1189 3786 1260 πληρωθήσεται

2172 1286 2233 1339 τὸ
2255 1285 2462 1354 λόγιον
2495 1283 2659 1338 Κατὰ
2685 1284 2755 1337 δὲ
2781 1283 2898 1353 τὴν
2920 1281 3321 1352 σκληρότητά
3352 1296 3486 1335 σου
3521 1280 3624 1333 καὶ
3655 1280 3780 1348 ἁμε-

2179 1377 2472 1443 τανόητον
2523 1375 2818 1444 καρδίαν,
2872 1374 3253 1444 θησαυρίζεις
3305 1371 3567 1436 σεαυτῷ
3608 1373 3786 1440 ὀργὴν

2174 1468 2245 1521 ἑν
2285 1467 2475 1536 ᾑμέρᾳ
2519 1467 2704 1538 ὀργῆς
2723 1508 2737 1532 ,
2792 1467 2893 1522 καὶ
2923 1466 3386 1534 ἀποκαλύψεως
3417 1463 3538 1530 τῆς
3570 1463 3784 1516 δίκαιον

2175 1561 2417 1630 κρίσιας
2443 1560 2548 1615 τοῦ
2579 1560 2749 1614 Θεοῦ.
2781 1559 2958 1630 Πολλῇ
2983 1560 3091 1630 γὰρ
3114 1558 3439 1626 ἀγαθότητι
3464 1556 3786 1624 ἀνεκδιηγή-

2177 1669 2288 1722 τῳ,
2339 1653 2436 1706 καὶ
2474 1652 2829 1723 μακροθυμίᾳ
2868 1651 3230 1722 ἁνεκφράστῳ
3276 1649 3575 1719 κέχρηται
3601 1649 3632 1700 ό
3657 1646 3778 1708 Θεὸς

2179 1745 2309 1816 περὶ
2338 1745 2398 1797 τὸ
2421 1745 2576 1812 γένος
2607 1743 2716 1798 τῶν
2747 1743 2842 1796 ἀνθ
2851 1742 3070 1813 ρώπων,
3106 1741 3272 1812 μόνον
3306 1743 3360 1794 εἰ
3392 1740 3568 1811 ἡμεῖς
3594 1739 3784 1806 ἀνανῆ-

2179 1837 2280 1906 ψαι
2334 1835 2680 1904 θελήσομεν,
2743 1834 2840 1886 καὶ
2897 1833 2958 1898 ἐξ
2997 1833 3118 1886 ὅλου
3173 1830 3610 1899 ἐπιστραφῆναι
3661 1830 3784 1898 πρὸς

2106 1901 2154 1960 Β
2182 1928 2344 1980 αὑτὸν
2371 1927 2770 1996 σπουδάσομεν,
2804 1926 2893 1978 ἵνα
2923 1923 3198 1994 σωτηρίας
3220 1923 3425 1993 τυχεῖν
3447 1919 3776 1990 δυνηθῶμεν.

2256 2019 2342 2070 K'.
2399 2017 2460 2070 Εί
2489 2017 2546 2069 δὲ
2579 2015 2756 2085 βούλει
2789 2014 3089 2083 ἐπιγνῶναι
3128 2012 3228 2083 τὴν
3269 2010 3381 2063 τοῦ
3407 2009 3554 2063 Θεοῦ
3586 2025 3782 2078 μακρο.

2184 2109 2390 2178 θυμίαν
2415 2147 2429 2169 ,
2470 2108 2566 2161 καὶ
2599 2109 2698 2177 τὴν
2732 2109 2934 2178 πολλὴν
2963 2105 3344 2178 χρηστότητα,
3384 2103 3505 2157 ἀπὸ
3537 2101 3648 2154 τῶν
3673 2101 3777 2154 θεο-

2185 2200 2471 2253 πνεύστων
2499 2199 2730 2270 Γραφῶν
2758 2198 3191 2268 καταμάθωμεν.
3223 2193 3584 2263 ’Λπόΰλεψον
3607 2193 3684 2253 είς
3701 2191 3780 2243 τὸν

2199 2289 2418 2362 Ἰσραὴλ
2439 2332 2454 2356 ,
2491 2289 2554 2354 ἐξ
2581 2285 2655 2344 ὧν
2689 2293 2737 2344 οἱ
2772 2291 3016 2361 Πατέρες
3037 2329 3053 2355 ,
3089 2283 3171 2352 οἷς
3203 2289 3261 2342 αἱ
3293 2286 3633 2356 ἐπαγγελίαι
3663 2284 3777 2354 ὡρίο

2189 2382 2418 2453 σθησαν,
2458 2381 2520 2447 ἐξ
2548 2378 2625 2436 ὧν
2656 2383 2684 2435 ὁ
2712 2383 2948 2454 Χριστὸς
2981 2381 3044 2435 τὸ
3071 2381 3213 2435 κατά
3242 2381 3463 2451 σάρκα,
3499 2375 3584 2441 οἷς
3613 2378 3669 2430 αἱ
3693 2378 3775 2430 λα-

2187 2477 2366 2545 τρείαι
2416 2474 2515 2528 καλ⁸
2559 2474 2595 2544 ή
2628 2474 2898 2545 διαθήκη,
2934 2475 3078 2527 πόσα
3105 2475 3412 2544 ἦμαρτον;
3449 2470 3682 2532 ποσάκις
3703 2469 3774 2532 έξ’

2191 2569 2549 2640 ετράπησαν;
2586 2569 2682 2622 καὶ
2713 2568 2876 2630 αὐτὸς
2912 2568 3012 2621 οὐκ
3044 2569 3228 2621 εἴασεν
3258 2565 3478 2628 αὐτοὺς
3510 2565 3592 2627 εἰς
3616 2562 3771 2621 si)“.

2189 2657 2327 2713 ἀλλά
2381 2659 2717 2727 πρόσκαιρον
2766 2657 2959 2728 χρόνον
3007 2656 3144 2726 πρὸς
3180 2653 3242 2708 τὸ
3277 2655 3584 2726 συμφέρον
3613 2651 3772 2711 αὐτοῖς

2194 2750 2434 2813 παιδιαῖς
2478 2749 2770 2819 παρεδίδου
2795 2787 2810 2812 ,
2861 2749 2924 2801 τὸ
2957 2747 3192 2817 σκληρὸν
3219 2747 3324 2818 τῆς
3351 2745 3590 2817 καρδίας
3616 2740 3770 2795 αὐτῶν

2191 2842 2282 2896 διὰ
2299 2842 2396 2912 τῆς
2413 2841 2646 2910 θλίψεως
2672 2840 2911 2911 μαλάξαι
2937 2839 3282 2910 βουλόμενος,
3306 2839 3770 2908 ἐπέστρεφε,παρ·

2195 2934 2383 2987 εκάλει
2412 2972 2427 2997 ,
2486 2934 2772 3004 προφήτας
2829 2932 3146 2986 ἀπέστελλε.
3205 2934 3322 2985 Καὶ
3359 2931 3556 2992 πόσοις
3584 2926 3770 2997 χρόνοις

2196 3025 2577 3095 ὲμακροθύμει
2609 3025 3036 3095 ἁμαρτανόντων
3068 3023 3163 3077 καὶ
3193 3021 3661 3094 προσκοπτόντων
3687 3016 3771 3068 αὑ-

2197 3117 2348 3184 τῶν;
2405 3120 2500 3172 καὶ
2546 3117 2980 3189 ἐπιστρέφοντας
3026 3119 3163 3186 μετὰ
3203 3118 3387 3188 χαρᾶς
3416 3111 3769 3185 προσεδέχετο,

2123 3243 2168 3304 C
2203 3211 2298 3262 καὶ
2329 3210 2497 3262 πάλιν
2523 3210 2945 3282 ἐκτρεπομένων
2972 3211 3152 3264 αὐτῶν
3180 3210 3348 3273 αὐτὸς
3375 3210 3482 3262 οὐκ
3506 3207 3766 3274 ἀφίστατον

2203 3302 2342 3355 ἀλλὰ
2369 3302 2455 3356 διὰ
2488 3302 2597 3354 τῶν
2626 3302 2922 3372 προφητῶν
2954 3305 3033 3366 είς
3060 3305 3404 3374 ἐπιστροφὴν
3436 3301 3630 3360 αὐτοὺς
3658 3310 3767 3366 μετ’

2205 3393 2480 3447 εκαὶεῖτο·
2535 3394 2634 3446 καὶ
2673 3393 2962 3457 πλεονάκις
2993 3395 3385 3464 ἐκτραπέντων
3416 3392 3515 3446 καὶ
3543 3393 3768 3456 ἐπιστρε-

2207 3487 2462 3555 φομένων
2495 3485 2664 3554 ήδέως
2695 3487 2979 3558 ἀντείχετο
3005 3526 3020 3552 ,
3061 3487 3154 3540 καὶ
3191 3485 3596 3556 φιλανθρώπως
3621 3493 3765 3550 προσ·

2205 3577 2423 3646 εδὲχετο
2447 3617 2463 3642 ,
2517 3576 2624 3641 ἓως
2669 3572 2732 3632 οὗ
2773 3577 3001 3651 ὕστερον
3034 3580 3091 3632 ἑν
3119 3577 3198 3648 τῷ
3229 3578 3463 3647 μεγάλῳ
3494 3565 3766 3644 παραπτὼο

2209 3686 2341 3740 ματι
2388 3669 2726 3741 εὑρέθησαν,
2779 3674 2970 3741 χεῖρας
3013 3670 3370 3737 ἐπιϐαλόντες
3417 3666 3512 3722 ἐπὶ
3547 3665 3630 3719 τὸν
3654 3661 3764 3716 ἴδιον

2207 3762 2516 3831 Δεσπότην,
2565 3761 2626 3814 ὃν
2661 3761 3008 3832 προσεδόκων
3039 3761 3127 3814 διὰ
3154 3762 3513 3831 παραδόσεων
3538 3754 3767 3824 Πατέρων

2209 3857 2302 3908 καὶ
2333 3853 2630 3925 προφητῶν
2658 3855 2831 3922 ἁγίων
2861 3853 3147 3925 λυτρωτὴν
3178 3855 3274 3906 καὶ
3295 3853 3551 3922 Σωτῆρα,
3581 3845 3664 3898 καὶ
3687 3841 3765 3911 β²⁶

2211 3945 2386 4010 σιλέα,
2422 3946 2515 3998 καὶ
2539 3945 2854 4017 προφήτην.
2893 3945 3150 3998 Ἐλθόντα
3180 3945 3290 4014 γὰρ
3319 3946 3382 3998 οὐ
3411 3937 3762 4014 παρεδέξαντο,

2209 4035 2349 4090 ἀλλὰ
2391 4035 2706 4089 τούναντίον
2753 4035 2925 4089 πολλὰ
2975 4035 3126 4106 αὑτῷ
3167 4035 3537 4105 ἐνδειξάμενοι
3573 4021 3761 4093 ἀτιμίας

2209 4129 2374 4194 ἀξια,
2416 4127 2645 4200 ὕστερον
2687 4128 2910 4200 σταυρῷ
2945 4126 3177 4182 θανάτου
3211 4127 3651 4198 ἐτιμωρήσαντο,
3685 4109 3761 4164 καὶ

2211 4223 2269 4274 ὲν
2314 4220 2490 4292 τούτῳ
2539 4221 2618 4292 τῷ
2665 4221 2887 4291 μεγάλῳ
2933 4221 3355 4291 προσκόμματι,
3396 4218 3487 4273 καὶ
3519 4203 3756 4281 ὕπερόάλ-

2211 4313 2357 4365 λοντι
2384 4311 2820 4383 παραπτώματι,
2858 4313 2915 4366 αἱ
2943 4312 3208 4381 ἁμαρτίαι
3238 4310 3422 4364 αὐτῶν
3447 4291 3757 4374 ὑπερπληθῦ·

2213 4421 2376 4456 νασαι
2423 4403 2934 4475 ἁνεπληρὼθησαν,
2995 4403 3091 4455 καὶ
3135 4401 3278 4456 οὕτω
3322 4401 3509 4455 λοιπὸν
3536 4387 3759 4455 stat-51°;

2212 4495 2556 4567 ἀφείθησαν,
2610 4494 2704 4548 τοῦ
2742 4495 2898 4563 ἁγίου
2928 4493 3243 4564 Πνεύματος
3273 4494 3487 4546 ἐκεῖθεν
3508 4477 3757 4567 ἀναχωξήῖ

522 4569 708 4630 velum
739 4575 929 4644 templi
957 4574 1253 4630 discissum
1277 4575 1469 4629 est.Et
1491 4575 1572 4631 sic
1597 4575 1814 4630 illorum
1844 4577 2094 4646 templun

2219 4603 2408 4649 σαντος
2428 4629 2442 4652 ,
2480 4587 2569 4639 ὅτε
2603 4585 2665 4637 τὸ
2692 4585 3103 4654 καταπέτασμα
3132 4583 3223 4636 τοῦ
3250 4582 3381 4637 ναοῦ
3408 4575 3638 4651 ἐσχίσθη.
3671 4560 3758 4618 Καὶ

524 4667 788 4736 gentibus
831 4667 1133 4732 traditum,
1163 4667 1498 4722 subversum
1541 4676 1598 4722 et
1639 4667 1948 4722 desolatum
1994 4677 2108 4734 est,

523 4762 829 4817 secundum
856 4762 1074 4816 Domini
1099 4762 1308 4816 dictum
1345 4780 1358 4815 :
1386 4761 1504 4816 Non
1521 4761 1848 4833 relinquetur
1869 4765 1950 4818 hic
1974 4763 2112 4834 lapis

523 4872 686 4925 super
715 4855 974 4924 lapidem,
1003 4857 1096 4926 qui
1140 4873 1246 4908 non
1275 4856 1576 4908 destruetur
1594 4855 1659 4908 ⁸⁸.
1690 4857 1757 4910 Ει
1787 4856 1870 4911 sic
1901 4857 1954 4910 in
1983 4873 2114 4928 per-

524 4955 753 5014 petuum
783 4945 970 5000 traditi
993 4955 1124 5000 sunt
1145 4947 1425 5016 gentibus,
1461 4954 1518 5001 et
1545 4946 1778 5016 dispersi
1809 4947 1865 5001 in
1891 4962 2110 5003 omnem

528 5049 732 5092 terram
767 5055 796 5091 a
831 5038 1086 5107 regibus,
1117 5054 1215 5094 eos
1255 5047 1388 5093 tunc
1428 5039 1484 5094 in
1526 5039 1902 5110 captivitatem
1937 5041 2114 5094 abdu-

525 5131 813 5196 centibus,
839 5131 982 5186 adeo
1015 5139 1077 5186 ut
1112 5133 1168 5187 in
1204 5132 1429 5202 propria
1465 5133 1583 5188 loca
1626 5132 1866 5204 amplius
1908 5133 2114 5188 reverti

525 5225 756 5276 omnino
784 5222 850 5276 iis
875 5223 1219 5292 prohibitum
1250 5225 1340 5279 sit.

598 5313 740 5368 ΧρΧΙ.
775 5313 865 5369 Sic
901 5314 1072 5385 igitur
1095 5325 1154 5370 et
1181 5333 1330 5372 nunc
1364 5317 1510 5371 Deus
1545 5315 1724 5373 bonus
1753 5327 1811 5372 et
1841 5316 2114 5388 benignus

527 5404 897 5478 longanimem
949 5421 1008 5460 se
1060 5417 1284 5478 praestat
1332 5425 1462 5480 erga
1515 5425 1966 5480 unumquemque
2017 5425 2118 5463 no-

530 5507 744 5563 strum,
800 5495 997 5550 videns
1063 5505 1331 5566 quantum
1396 5498 1631 5567 quisque
1693 5498 1999 5569 impingat;
2061 5509 2118 5554 et

529 5589 766 5656 quiescit
789 5597 1137 5657 exspectans,
1164 5589 1384 5657 quando
1416 5590 1726 5659 resipiscat,
1752 5599 1808 5645 ct
1831 5599 2116 5648 avertatur

2216 4680 2390 4743 οὕτως
2417 4678 2597 4731 αὐτῶν
2626 4679 2655 4732 ό
2693 4677 2821 4742 ναὸς
2869 4677 3047 4744 ἔθνεσι
3091 4675 3413 4749 παραδοθεὶς
3453 4662 3754 4749 κατεσκάφη)

2215 4771 2312 4825 καὶ
2340 4769 2614 4842 ἠρημώθη
2646 4769 2788 4822 κατὰ
2816 4768 2918 4838 τὴν
2946 4767 3039 4821 τοῦ
3065 4743 3271 4838 Κυρίου
3301 4767 3586 4836 ἀπόφασιν⁹
3604 4743 3754 4817 Οὐμὴ

2209 4865 2389 4934 μείνῃ
2416 4865 2587 4930 λίθος
2611 4864 2711 4917 ἐπὶ
2736 4865 2911 4918 λίθον
2932 4857 3070 4925 ὧδε,
3101 4863 3170 4928 δς
3197 4864 3269 4916 οὐ
3296 4851 3753 4934 καταλυθήσεταίς

2216 4959 2328 5011 Καὶ
2373 4957 2550 5020 οὕτως
2595 4959 2676 5021 είς
2713 4957 2867 5020 τέλος
2904 4955 3286 5026 παρεδόθησαν
3321 4957 3432 5017 τοῖς
3460 4930 3756 5034 manu}!!!

2215 5049 2714 5120 διεσκορπίσθησαν
2761 5050 2821 5103 ἐν
2866 5049 3017 5120 πάσῃ
3053 5051 3121 5119 τῇ
3151 5050 3219 5118 γῇ
3255 5047 3360 5099 ὑπὸ
3390 5043 3493 5098 τῶν
3518 5038 3754 5124 αἰχμαΙ-ινί

2217 5143 2484 5196 τισάντων
2532 5142 2730 5205 αὐτοὺς
2779 5142 2902 5195 τότε
2945 5139 3243 5212 βασιλέων,
3306 5137 3496 5207 μηκέτι
3544 5127 3613 5184 εἰς
3653 5124 3756 5170 τους

2220 5232 2384 5296 ἰδίους
2413 5233 2736 5303 ἀνακάμψαι
2770 5234 2966 5294 τόπους
2999 5230 3398 5291 κελευσθέντες.
3709 5292 3720 5308 ⁸

2293 5325 2424 5379 KA'.
2470 5323 2658 5387 Οὕτως
2679 5321 2774 5378 οὖν
2802 5325 2895 5378 καὶ
2917 5322 3012 5376 νῦν
3043 5323 3128 5392 ἐφ’
3153 5321 3366 5390 ἑκάστῳ
3390 5312 3534 5388 ἡμῶν
3560 5307 3753 5376 χρηστοί

2221 5411 2298 5466 ὢν
2358 5415 2451 5466 καὶ
2497 5413 2739 5482 ἀγαθὸς,
2794 5411 3173 5484 μακροθυμεῖ,
3226 5409 3368 5480 δρῶν
3407 5405 3534 5460 πόσα
3560 5393 3748 5484 ἕκασξοῖ

2225 5504 2583 5574 προσκόπτει,
2608 5506 2702 5558 καὶ
2720 5503 2984 5575 ἡσυχάζει
3007 5502 3378 5572 ἐκδεχόμενος,
3392 5497 3511 5550 ποτε
3526 5475 3747 5575 διανήψξιν

2224 5562 2319 5648 καὶ
2372 5562 2860 5667 ἀποστραφήσεταῖ
2907 5562 3004 5649 τοῦ
3058 5562 3258 5668 μηκέτι
3300 5562 3660 5668 προσκόπτειᾚ

537 5697 568 5732 a
608 5678 1019 5735 con'nnittemlis
1057 5682 1331 5750 peccatis,
1370 5681 1641 5751 recipiens
1673 5697 1801 5735 eum
1837 5698 1867 5736 a
1903 5692 2088 5751 peccat

2206 5688 2376 5754 πολλῇ
2417 5653 2613 5762 ἀγάτὲη
2638 5653 2753 5744 ,κἀὶ
2798 5691 2944 5762 χαρᾷ
2991 5653 3084 5745 τὸν
3121 5653 3517 5757 ξπιστρέφοντα
3555 5663 3645 5726 ἀπὸ
3668 5653 3745 5722 τῆς

606 5868 649 5900 ἠ
673 5868 831 5923 Rom.
859 5884 916 5934 ιι,
941 5869 994 5922 4.
1070 5869 1113 5900 ⁸³
1141 5867 1279 5923 ibid.
1317 5869 1369 5924 5.
1448 5869 1493 5901 ⁸⁵⁸
1516 5869 1776 5939 Bom.1x,
1803 5871 1855 5937 4,
2013 5871 2094 5925 ⁸⁵1

2195 5871 2270 5927 th.
2298 5887 2440 5938 sxw,
2463 5872 2518 5927 2.
