4016 6440
256 349 350 414 439

1514 349 1881 411 IIOMILLE.
1913 376 1978 387 —-
2004 349 2191 410 “OM.
2234 349 2330 406 IV.

3447 347 3552 409 490

268 459 538 530 ἁμαρτίας
568 457 886 532 δεχόμενος,
926 458 1081 513 Οὕτω
1111 461 1217 530 γάρ
1250 478 1402 532 φησι·
1447 459 1609 528 Χαρὰ
1640 459 1864 528 γίνεται
1896 506 1897 513 η

2004 474 2299 516 unversum
2345 474 2474 512 eum
2522 471 2715 527 magna
2761 455 3055 509 dilectione
3103 462 3158 507 et
3202 455 3422 524 gaudio.
3464 456 3556 511 Sic

276 551 360 606 ἐπὶ
385 551 475 605 ἑνὶ
523 549 862 620 ἁμαρτωλῷ
883 553 1274 620 μετανοοῦντι
1295 569 1307 578 ⁵
1371 553 1466 606 καὶ
1509 553 1670 606 πάλιν
1700 568 1714 582 ·
1745 553 1866 604 Οὐκ

277 645 399 699 ἔστι
444 643 685 712 θέλημα
729 643 836 697 τοῦ
864 645 1089 712 Πατρός
1134 663 1278 714 μου,
1322 646 1425 699 ἵνα
1454 646 1754 713 ἀπόληται
1781 639 1870 710 εἷς

279 737 397 792 τῶν
418 737 655 807 μικρῶν
681 740 910 792 τούτων
937 739 1058 792 τῶν
1081 740 1442 809 ἐλαχίστων.
1480 740 1543 793 Εἰ
1570 739 1627 792 δέ
1658 756 1743 802 τις
1769 737 1871 806 τῆς

281 829 654 900 χρηστότητος
687 829 787 883 καὶ
814 830 1197 901 μακροθυμίας
1225 831 1319 884 τοῦ
1347 830 1481 884 Θεοῦ
1517 830 1715 901 πολλῆς
1747 832 1872 883 ὲπι-

282 921 544 991 κειμένης
597 919 687 974 ἐπ’
729 920 910 990 αὐτῷ,
965 921 1042 991 μὴ
1079 922 1512 992 ἐπεξέρχομένου
1548 922 1625 984 εἰς
1657 922 1874 990 ἄμυναν

280 1013 396 1074 τοῖς
442 1013 588 1066 κατὰ
637 1011 804 1084 μέρος
843 1011 951 1065 τῶν
979 1013 1396 1084 ἁμαρτημάτων
1424 1012 1872 1082 προσκόμμασιν,

281 1100 395 1153 εἴτε
447 1102 753 1170 κρυπτοῖς,
804 1100 916 1153 εἴτε
961 1102 1237 1168 φανεροῖς,
1273 1099 1511 1169 ὁρῶντος
1544 1097 1640 1151 καὶ
1667 1096 1876 1168 ἠσυχά-

285 1191 474 1255 ζοντος
503 1190 580 1250 ὡς
609 1190 687 1252 εἰς
719 1191 1008 1260 μετάνοιαν
1035 1189 1393 1259 ἐκδεχομένου
1423 1188 1515 1242 τοῦ
1533 1187 1692 1247 Θεοῦ,
1716 1186 1877 1248 αὐτὸς

288 1281 368 1343 εἰς
399 1279 807 1349 καταφρόνησιν
835 1278 1035 1349 πολλὴν
1064 1279 1232 1332 ἐλθὼν
1253 1319 1268 1343 ,
1305 1280 1679 1350 ἁμαρτήματα
1709 1293 1878 1346 προσ-

290 1369 510 1439 τίθησιν
562 1370 655 1423 ἐπὶ
697 1370 1115 1440 ἁμαρτήματα,
1170 1371 1266 1424 καὶ
1298 1358 1593 1442 ’ῥᾳθυμίαν
1643 1368 1737 1420 ἐπὶ
1780 1369 1878 1438 ῥᾳ⁴

293 1462 500 1532 θυμίαν
551 1465 851 1530 συνᾴπτει,
905 1465 1000 1518 καὶ
1043 1463 1379 1534 πρόσκομμα
1417 1463 1512 1515 ἐπὶ
1546 1462 1882 1532 πρόσκομμα

293 1553 590 1622 οἰκοδομεῖ,
634 1553 833 1624 πληροῖ
860 1555 985 1618 τοὺς
1013 1556 1172 1624 ὄρους
1200 1554 1310 1607 τῶν
1337 1553 1642 1625 ἁμαρτιῶν,
1680 1554 1775 1606 καὶ
1802 1554 1884 1617 είς

293 1645 553 1698 τοσοῦτον
597 1645 787 1699 λοιπὸν
834 1631 1172 1717 πρόσκομμα
1223 1646 1474 1717 ἔρχεται,
1517 1645 1576 1712 ἐξ
1604 1638 1668 1699 οὗ
1699 1646 1883 1698 οὐκέτι

292 1735 524 1788 δύναται
568 1734 902 1797 ἀνανεῦσαι,
954 1735 1089 1790 ἀλλὰ
1128 1735 1475 1807 συντρίϐεται
1507 1735 1600 1788 καὶ
1629 1738 1709 1799 εἰς
1735 1735 1884 1798 τέλος

293 1826 373 1895 τῷ
403 1825 630 1896 πονηρῷ
659 1826 988 1896 παραδοθεὶς
1018 1827 1337 1881 ἀπόλλυται.

368 1918 499 1972 KB'.
515 1917 700 1981 Οὕτως
715 1920 806 1971 ἐπὶ
823 1919 1070 1989 Σοδόμων
1087 1919 1298 1989 γέγονε.
1316 1915 1494 1972 Πολλὰ
1507 1905 1615 1988 γὰρ
1633 1918 1884 1988 ἁμαρτά-

296 2026 484 2072 νοντες
528 2009 625 2063 καὶ
667 2009 767 2062 οὐκ
795 2010 1250 2080 ἐπιστρέφοντες,
1287 2009 1513 2082 ὕστερον
1543 1995 1884 2080 οὕτωπροσ-

299 2105 507 2174 ἐκοψαν
557 2107 650 2157 ἐπὶ
691 2109 757 2176 τῇ
801 2105 912 2159 τῶν
951 2105 1201 2174 ἀγγέλων
1241 2108 1386 2177 κακῇ
1421 2105 1622 2176 βουλῇ,
1659 2107 1886 2177 ἁρῤενο-

300 2202 515 2253 κοιτίαν
567 2201 648 2263 εἰς
693 2201 889 2268 αὐτοὺς
937 2201 1280 2272 ἐργάσασθαι
1331 2200 1695 2270 θελήσαντες,
1747 2200 1889 2254 ὥστε

302 2291 506 2361 μηκέτι
558 2293 756 2356 αὐτοὺς
818 2291 961 2362 ἔχειν
1016 2293 1350 2363 μετάνοιαν,
1417 2291 1551 2347 ἀλλ’
1607 2293 1687 2354 είς
1735 2291 1890 2355 τέλος

300 2384 848 2454 ἀπεδοκιμάσθησαν.
900 2384 1326 2454 Ἀνεπλήρωσαν
1356 2388 1466 2453 γὰρ
1507 2386 1597 2438 τὸν
1626 2384 1752 2452 ὅρον
1780 2382 1890 2435 τῶν

300 2478 622 2546 ἁμαρτιῶν.
676 2477 772 2530 καὶ
817 2477 1196 2548 ὑπερέϐησαν·
1255 2477 1336 2530 διὸ
1387 2478 1483 2531 καὶ
1527 2479 1892 2547 πυρίκαυστοι

301 2569 409 2622 una
442 2571 542 2639 τῆς
578 2569 728 2631 θείας
758 2568 913 2638 δίκης
947 2568 1238 2636 γεγόνασιν
1259 2585 1273 2598 ·
1317 2569 1490 2631 οὕτως
1520 2571 1614 2622 καὶ
1645 2570 1738 2621 ἐπὶ
1767 2567 1891 2621 Νῶε

300 2661 527 2728 γέγονε,
564 2661 1001 2730 προσκόπτοντες
1033 2659 1207 2713 πολλὰ
1239 2660 1332 2713 καὶ
1362 2660 1778 2730 μετανοοῦντες,
1812 2661 1892 2723 εἰς

301 2752 612 2825 τηλικαῦτα
658 2752 1040 2823 ἁμαρτήματα
1092 2751 1370 2821 ἔφθασαν,
1429 2751 1570 2804 ὥστε
1619 2753 1699 2815 εἰς
1737 2751 1893 2814 τέλος

303 2847 487 2898 πᾶσαν
535 2843 633 2914 τὴν
677 2844 782 2913 γῆν
831 2843 1276 2913 καταφθαρῆναι.
1315 2842 1505 2906 Οὕτως
1535 2843 1630 2895 καὶ
1663 2842 1892 2896 ἐπὶτῶν

304 2933 621 3002 Αἰγυπτίων
672 2933 844 2986 πολλὰ
890 2931 1356 3004 προσκοψάντων,
1399 2931 1495 2986 καὶ
1531 2933 1612 2994 εἰς
1645 2933 1736 2985 τὸν
1765 2932 1894 2986 λαὸν

300 3026 402 3078 τοῦ
446 3024 584 3079 Θεοῦ
632 3025 1111 3096 ἁμαρτησάντων,
1163 3025 1527 3095 ἐχρηστεύετο
1572 3025 1601 3077 ὁ
1639 3025 1770 3088 Θεὸς
1818 3027 1894 3096 μὴ

1914 1794 1962 1854 Β

1969 553 2118 607 enim
2151 551 2332 620 inquit
2364 566 2380 603 :
2416 549 2681 605 Gaudium
2710 546 2770 615 ﬁt
2801 562 2960 615 super
2988 562 3092 599 uno
3125 554 3396 615 peccatore
3429 549 3559 599 resi-

1971 643 2280 716 piscente“.
2304 643 2370 696 Et
2395 656 2614 695 rursum
2648 657 2662 694 :
2689 639 2808 694 Non
2832 640 2972 691 enim
3004 647 3077 690 est
3103 637 3349 691 voluntas
3378 637 3557 691 Patris

1973 735 2104 798 mei,
2138 740 2195 786 ut
2228 739 2410 802 pereat
2448 747 2582 783 unus
2619 742 2682 782 ea:
2723 726 2960 799 paruulis
2994 728 3108 781 istis
3144 728 3376 780 minimis
3399 728 3466 780 ⁸⁷.
3500 729 3558 781 Si

1973 840 2105 880 vero
2134 825 2260 894 quis
2293 822 2502 893 ingenti
2537 837 2666 891 erga
2697 836 2756 876 se
2789 820 3036 874 bonitate
3071 833 3135 872 ac
3169 819 3398 872 lenitate
3434 820 3556 879 Dei,

1974 919 2070 989 qui
2129 919 2184 972 in
2237 916 2538 971 vindictam
2596 914 2937 983 singulorum
3001 920 3390 982 peccatorum,
3449 919 3560 965 tam

1977 1009 2320 1064 occultorum
2349 1018 2514 1074 quam
2547 1001 2992 1061 manifestorum,
3022 1014 3130 1052 non
3158 995 3431 1067 procedit,
3462 995 3559 1049 sed

1978 1107 2222 1170 spectat,
2255 1103 2431 1158 tacet,
2457 1109 2521 1149 ac
2560 1102 2818 1163 tanquam
2856 1089 3240 1161 pcenitentiam
3277 1088 3562 1158 przestola-

1981 1201 2094 1257 tur,
2125 1191 2360 1252 abusus,
2391 1202 2461 1241 eo
2502 1183 2866 1240 contumaciae
2909 1181 3204 1253 procedat,
3235 1188 3298 1234 ut
3334 1188 3562 1248 peccata

1980 1283 2227 1356 peccatis
2253 1289 2521 1351 apponat,
2545 1287 2600 1332 et
2631 1275 2941 1330 socordiam
2975 1272 3244 1328 socordiae
3267 1278 3526 1324 annectat
3546 1308 3560 1330 ,

1980 1385 2038 1430 et
2065 1374 2331 1428 otl'ensam
2365 1371 2589 1425 oﬂ'ensaa
2621 1365 3054 1436 superandiﬁcet,
3081 1363 3172 1416 ille
3199 1376 3393 1416 omnes
3427 1360 3566 1412 fines

1983 1467 2190 1538 peccati
2225 1464 2438 1534 implet,
2462 1471 2517 1516 et
2545 1465 2598 1515 in
2631 1469 2836 1514 tantam
2865 1457 3220 1526 iniquitatem
3249 1452 3467 1514 incidit,
3496 1467 3566 1505 ex

1984 1575 2092 1630 qua
2132 1571 2415 1626 emergere
2454 1569 2562 1607 non
2605 1553 2811 1622 possit,
2838 1550 2934 1605 sed
2978 1547 3306 1610 conteritur,
3334 1553 3390 1600 et
3421 1543 3567 1597 malo

1987 1654 2040 1708 in
2073 1658 2402 1724 perpetuum
2433 1646 2700 1709 traditus,
2730 1643 2896 1714 perit.

2063 1921 2172 1990 20
2217 1917 2384 1973 XX“.
2424 1915 2515 1970 Sic
2566 1911 2868 1968 Sodomitis
2915 1910 3172 1979 contigit.
3211 1907 3378 1961 Multa
3425 1905 3572 1959 enim

1992 2037 2117 2076 eum
2147 2023 2489 2088 peccassent,
2514 2027 2615 2067 nec
2644 2005 2899 2064 conversi
2929 2004 3186 2063 fuissent,
3212 2015 3280 2054 eo
3307 1997 3574 2058 criminis,

1992 2112 2065 2166 ob
2113 2087 2413 2179 pessimum
2465 2103 2519 2156 in
2569 2099 2796 2169 angelos
2840 2093 3172 2153 consilium,
3211 2087 3577 2142 masculinum

1993 2206 2200 2260 coitum
2241 2214 2365 2254 cum
2407 2195 2517 2250 illis
2552 2187 2882 2250 esercituri,
2912 2181 3153 2255 prolapsi
3195 2188 3356 2242 sunt,
3379 2172 3444 2231 ut
3476 2192 3578 2231 nec

1995 2294 2233 2363 amplius
2267 2287 2593 2360 poenitentia
2626 2283 2982 2343 ducerentur,
3015 2274 3112 2329 sed
3158 2273 3212 2325 in
3250 2278 3579 2341 perpetuum

1997 2388 2450 2459 reprobarentur.
2473 2379 2849 2449 lmpleverunt
2872 2372 3020 2427 enim
3052 2365 3319 2422 terminos
3346 2362 3576 2432 peccati,

1996 2482 2246 2555 quinimo
2299 2473 2627 2544 transgressi
2676 2475 2828 2523 sunt.
2871 2465 3053 2530 Quare
3105 2457 3218 2528 igni
3269 2470 3337 2508 ex
3388 2451 3580 2507 divino

1990 2543 2203 2647 judicio
2261 2543 2575 2634 consumpti
2630 2567 2780 2615 sunt.
2830 2556 2911 2610 Ita
2962 2561 3020 2607 et
3071 2545 3414 2618 temporibus
3465 2543 3580 2596 Nec

1996 2667 2255 2734 contigit,
2282 2661 2450 2715 multa
2481 2671 2608 2710 eum
2639 2651 2848 2708 scelera
2878 2647 3325 2716 perpetrassent,
3355 2649 3458 2688 nec
3498 2649 3582 2687 rc-

1996 2725 2329 2832 sipuissent,
2360 2753 2416 2806 in
2451 2757 2598 2804 tanta
2634 2749 2853 2814 peccata
2889 2735 3233 2794 inciderunt,
3267 2739 3328 2783 ut
3360 2725 3582 2782 tandem

1999 2819 2255 2910 universa
2303 2857 2454 2902 terra
2504 2840 2729 2912 periret.
2771 2833 2864 2889 Sic
2912 2831 2966 2884 in
3012 2823 3300 2896 [Egyplios
3347 2819 3582 2873 multum

2000 2909 2347 3002 oﬂ‘endentes
2369 2948 2427 2993 et
2449 2909 2629 2990 in—Dei
2656 2927 2918 2999 populum
2959 2925 3253 2990 peccantes
3291 2909 3587 2968 clementia

2002 3041 2148 3094 Deus
2182 3048 2318 3090 usus
2353 3039 2466 3091 est,
2493 3040 2603 3080 non
2639 3019 2807 3076 tantis
2844 3013 3023 3086 pugnis
3062 3010 3185 3063 illos
3219 3004 3494 3063 alliciens,
3529 3009 3591 3052 ut

300 3117 564 3180 τοιαύτας
617 3118 800 3181 αὐτοῖς
854 3118 1123 3188 μάστιγας
1171 3119 1485 3188 ἐπιφέρειν,
1521 3117 1662 3171 ὥστε
1697 3119 1779 3182 είς
1810 3118 1893 3172 τέ-

2004 3126 2226 3185 omnino
2254 3120 2502 3192 perirent
2534 3132 2548 3168 :
2577 3111 2674 3170 sed
2704 3107 2772 3162 ad
2798 3102 3237 3172 castigationem.
3266 3092 3592 3147 coiwersio-

301 3212 399 3275 λος
432 3211 632 3275 αὐτοὺς
658 3209 969 3280 διαφθεῖραι
995 3226 1009 3241 °
1064 3209 1180 3263 ἀλλ’
1221 3211 1302 3274 είς
1342 3209 1613 3276 παιδείαν,
1646 3210 1746 3263 καὶ
1774 3211 1899 3263 ὲπι-

305 3303 584 3374 στροφὴν,
633 3305 730 3357 καὶ
780 3303 1068 3373 μετάνοιαν
1108 3301 1304 3374 ἔφερεν
1337 3302 1524 3366 αὐτοῖς
1558 3302 1771 3365 ὲκείνας
1798 3303 1896 3366 τὰς

307 3399 519 3470 μικρὰς
544 3397 757 3468 πληγὰς
789 3397 899 3451 τῶν
929 3397 1230 3467 μαστίγων,
1269 3396 1662 3467 μακροθυμῶν.
1700 3398 1795 3448 καὶ
1823 3398 1904 3458 είς

308 3489 606 3561 μετάνοιαν
631 3489 829 3551 αὐτοὺς
857 3488 1233 3558 ἐκδεχόμενος.
1267 3490 1330 3541 Οἱ
1353 3488 1433 3549 δὲ,
1461 3489 1632 3542 πολλά
1655 3490 1906 3560 ἁμαρτήσ-

307 3599 510 3644 σαιντες
562 3582 642 3645 είς
682 3581 773 3634 τὸν
819 3582 945 3634 λαὸν
978 3581 1072 3633 τοῦ
1104 3579 1240 3632 Θεοῦ
1261 3621 1276 3644 ,
1316 3582 1411 3633 καὶ
1445 3582 1903 3651 ἐπιστρέφοντες,

306 3676 406 3728 καὶ
463 3675 625 3727 πάλιν
690 3674 1120 3745 μεταμελόμενοι
1151 3714 1167 3736 ,
1246 3675 1340 3728 καὶ
1411 3677 1490 3736 εἰς
1545 3675 1639 3745 τὴν
1679 3676 1910 3746 ἀρχαίαν

304 3769 574 3822 ἀπιστίαν
605 3768 702 3838 τῆς
730 3766 910 3836 κακῆς
943 3765 1320 3837 προαιρέσεως
1349 3765 1782 3834 καθιστάμενοι,
1816 3767 1911 3819 καὶ

307 3863 402 3916 τὸν
426 3862 556 3915 λαὸν
587 3860 679 3914 τοῦ
714 3860 849 3912 Θεοῦ
886 3860 1388 3930 καταπονήσαντες,
1425 3857 1674 3929 ὕστερον,
1710 3859 1796 3910 ὅτε
1825 3858 1913 3911 διὰ

312 3952 636 4022 θαυμασίων
663 3952 870 4005 πολλῶν
907 3953 935 4005 ὁ
973 3951 1104 4014 Θεὸς
1148 3951 1240 4004 τὸν
1265 3950 1393 4003 λαὸν
1424 3949 1484 4014 ἐξ
1509 3950 1787 4017 Αἰγύπτου
1825 3950 1914 4002 διὰ

312 4043 560 4106 Μωσέως
598 4043 849 4109 ἐξέϐαλε,
886 4043 1029 4114 μέγα
1075 4041 1452 4114 προσέκοψαν,
1485 4039 1916 4106 καταδιώξαντες

311 4137 495 4189 ὀπίσω
514 4135 610 4189 τοῦ
632 4136 760 4190 λαοῦ
779 4135 870 4190 τοῦ
894 4137 1050 4190 Θεοῦ.
1086 4135 1176 4187 Διὸ
1199 4136 1290 4187 καὶ
1313 4136 1393 4197 είς
1415 4133 1568 4197 τέλος
1596 4134 1628 4200 ἡ
1654 4132 1775 4186 θεία
1793 4132 1916 4202 δίκη

2003 3234 2128 3274 nem
2164 3224 2221 3270 et
2257 3205 2641 3283 pmnitentiam
2682 3195 2880 3254 inﬂixit
2923 3192 3058 3263 ipsis
3097 3188 3323 3257 exiguas
3365 3183 3464 3235 has
3501 3182 3595 3234 lla'

2006 3367 2466 3472 :esipiscenliam.
2510 3390 2712 3444 Verum
2761 3382 2852 3446 hi,
2893 3393 3018 3434 eum
3068 3372 3262 3428 multis
3310 3367 3489 3423 modis
3541 3367 3597 3418 in

2006 3466 2270 3564 pupulum
2319 3483 2417 3538 Dei
2465 3480 2821 3550 peccassent,
2855 3478 2911 3525 et
2959 3467 3027 3522 ad
3078 3466 3253 3519 Deum
3299 3472 3598 3515 conversos

2008 3549 2359 3652 postmodum
2388 3549 2770 3626 conversionis
2794 3558 3182 3631 paeniteret,et
3207 3551 3260 3604 in
3290 3549 3600 3602 inveterata

2009 3641 2192 3744 prava)
2236 3661 2539 3721 voluntatis
2589 3654 2894 3710 dillidentia
2942 3646 3047 3717 ipsi
3097 3641 3598 3700 constituerentur,

2012 3735 2389 3836 populumque
2433 3752 2528 3807 Dei
2569 3744 2840 3803 molestiis
2876 3743 2992 3796 lere
3031 3735 3443 3806 opprimerent,
3477 3737 3600 3782 tan-
3649 3780 3656 3786 _

2013 3821 2172 3919 dein,
2217 3821 2342 3906 cum
2387 3861 2489 3917 per
2535 3828 2781 3912 ingentia
2829 3831 3095 3888 miracula
3143 3829 3290 3882 Deus
3335 3821 3601 3894 populum

2015 3962 2177 4004 suum
2231 3959 2298 3998 ex
2345 3912 2579 4009 Egypto
2629 3946 2727 4001 per
2774 3927 2962 3982 Mosen
3005 3921 3310 3982 educeret,
3359 3912 3603 3983 graviter

2019 4000 2360 4109 peccarunt,
2404 4000 2801 4098 persequentes
2857 4031 2886 4069 a
2943 4023 3097 4080 tergo
3156 4006 3421 4078 populum
3481 4000 3602 4102 Dei.

2018 4091 2364 4196 buapwpter
2395 4120 2618 4174 demum
2646 4109 2915 4185 judicium
2946 4103 3197 4159 divinum
3229 4099 3353 4151 illos
3385 4091 3605 4164 penitus

310 4227 540 4290 τούτους
567 4226 815 4296 ἀνήλωσε
843 4226 933 4278 καὶ
953 4225 1248 4293 διέφθειρε,
1271 4224 1363 4276 καὶ
1388 4224 1444 4274 ὲν
1466 4225 1577 4284 τοῖς
1605 4221 1763 4274 ὕδασι
1786 4237 1897 4275 κατ’

2021 4184 2367 4286 corisunipsit
2387 4222 2444 4268 et
2470 4184 2704 4269 delevit,
2729 4213 2786 4258 et
2810 4198 2969 4270 aquis
2997 4197 3226 4252 obrutos
3253 4204 3324 4244 ne
3349 4188 3454 4242 hac
3475 4184 3606 4254 qui-

311 4318 569 4370 επόντισε
589 4357 605 4380 ,
650 4318 783 4389 μηδὲ
823 4317 922 4387 τῆς
950 4316 1234 4386 όρωμένης
1265 4314 1409 4385 ζωῆς
1447 4313 1632 4379 ἀξίους
1661 4313 1918 4382 κρίνασα.

395 4412 526 4465 Kl".
578 4411 813 4481 Ὁμοίως
863 4412 892 4462 ὁ
925 4409 1173 4480 Ἰσραὴλ,
1224 4408 1300 4471 ὡς
1349 4408 1706 4478 προείρηται,
1744 4407 1913 4460 πολλὰ

2022 4313 2147 4367 dem
2174 4308 2284 4362 vita
2314 4305 2571 4373 dignatus
2599 4304 2703 4352 est.

2094 4401 2287 4458 XXIII.
2306 4367 2514 4452 Eadem
2542 4388 2706 4446 modo
2728 4382 2967 4456 populus
2990 4373 3178 4437 Israel,
3195 4379 3258 4425 ut
3281 4367 3609 4458 praedictum

395 4457 473 4464 ”·
511 4457 526 4465 ‘
599 4457 811 4481 'r'"""
875 4457 888 4462 '
944 4457 1173 4480 "r"'r‘v
1229 4457 1298 4471 ’νυ
1357 4457 1706 4478 ’νιίν-ίι--ιν-νν

320 4501 687 4570 προσκόπτων
738 4505 836 4554 καὶ
886 4501 1253 4571 ἁμαρτάνων,
1306 4498 1435 4561 τοὺς
1481 4500 1769 4568 προφήτας
1816 4497 1897 4550 τοῐ

2016 4505 2122 4560 est,
2149 4507 2276 4549 cum
2308 4487 2502 4544 multis
2531 4476 2917 4550 iniquitatibus
2947 4477 3004 4524 ct
3032 4463 3270 4538 peccatis
3300 4476 3358 4516 se
3388 4457 3605 4558 pollue—

314 4591 462 4644 Θεοῦ
494 4593 828 4646 ἀποκτείνων
850 4633 864 4655 ,
902 4591 998 4645 καὶ
1020 4591 1154 4644 ἄλλα
1179 4590 1351 4644 πολλὰ
1379 4589 1526 4643 κακὰ
1549 4589 1720 4643 ποιῶν
1739 4629 1754 4653 ,
1795 4590 1916 4642 ἐπεὶ

316 4686 350 4736 ὁ
383 4683 517 4745 Θεὸς
566 4683 942 4754 ὲμακροθύμει
993 4681 1283 4753 ἡσυχάζων
1307 4724 1321 4746 ,
1374 4681 1470 4736 καὶ
1507 4683 1588 4744 είς
1620 4681 1914 4750 μετάνοιαν

320 4774 527 4836 αὐτοὺς
557 4774 934 4844 ἐκδεχόμενος,
971 4773 1201 4843 ἔσχατον
1229 4772 1374 4827 οὕτω
1399 4771 1769 4842 προσέκοψαν,
1793 4770 1916 4825 ὅθεν

324 4870 708 4939 συντριϐέντες
753 4869 939 4924 οὐκέτι
984 4868 1318 4939 ἠγέρθησαν.
1361 4868 1456 4928 Είς
1487 4865 1549 4919 τὸ
1581 4863 1916 4918 Δεσποτικδν

325 4961 438 5030 γὰρ
486 4960 703 5031 ἀξίωμα
750 4962 849 5025 τὰς
894 4961 1106 5015 ἑαυτῶν
1146 4963 1337 5030 χεῖρας
1377 4957 1664 5012 ἐπέϐαλον.
1701 4955 1794 5009 Διὸ
1822 4953 1921 5008 καὶ

324 5055 412 5117 είς
454 5053 607 5117 τέλος
657 5053 1112 5123 καταλειφθέντες
1154 5049 1584 5123 ἀπεϐλήθησαν,
1633 5047 1731 5101 xui
1777 5045 1920 5118 ἤρθη

322 5145 425 5200 ἀπ’
455 5145 636 5198 αὐτῶν
680 5146 720 5216 ἠ·
758 5146 1096 5217 προφητεία,
1142 5145 1237 5198 καὶ
1274 5145 1309 5215 ἡ
1350 5142 1618 5214 ἱερατεία,
1647 5141 1740 5194 καὶ
1767 5139 1800 5210 ἡ
1829 5139 1896 5191 λα

2025 5140 2174 5196 sunt,
2203 5138 2260 5184 et
2287 5127 2467 5182 ablata
2502 5138 2530 5176 a

323 5238 622 5311 τρεία,καὶ
651 5237 805 5308 ἐδόθη
830 5239 942 5301 τοῖς
966 5236 1323 5291 πιστεύσασιν
1351 5234 1582 5296 ἔθνεσιν,
1610 5232 1687 5294 ὥς
1715 5247 1880 5300 φησιν

2027 5236 2084 5284 et
2107 5225 2291 5281 cultus
2320 5218 2439 5282 Dei,
2464 5225 2522 5270 et

328 5329 541 5401 Κύριος
559 5347 569 5360 ·
609 5327 948 5397 Ἀρθήσεται
961 5327 1062 5395 ἀφ’
1077 5324 1245 5394 ὑμῶν
1259 5325 1296 5393 ἠ
1307 5323 1622 5388 βασιλεία,
1635 5320 1736 5373 καὶ
1751 5318 1928 5385 δοθήι

328 5435 502 5474 σεται
519 5419 678 5476 ἔθνει
691 5418 963 5474 ποιοῦντι
973 5417 1118 5483 τοὺς
1129 5415 1398 5484 καρποὺς
1411 5409 1924 5482 αὑτῆς.Μέχριγάρ

330 5511 457 5566 τότε
504 5511 752 5582 ἠνείχετο
797 5509 1010 5574 αὐτῶν,
1045 5511 1139 5562 καὶ
1170 5510 1198 5561 ὁ
1220 5507 1352 5569 Θεδς
1379 5503 1792 5575 ὲμακροθύμει,
1829 5501 1922 5554 καὶ

332 5603 434 5686 ιύκ
453 5603 726 5673 ἀφίστατο
749 5599 1219 5670 σπλαγχιζόμενος
1264 5594 1566 5658 ὲπάύτούς
1587 5611 1600 5623 ·
1623 5595 1706 5647 ὅτι
1735 5591 1792 5645 δὲ
1826 5593 1922 5644 ἀν⁸

2016 4596 2120 4649 ret,
2148 4579 2488 4638 interﬁciens
2521 4570 2823 4644 prophetas
2851 4562 2970 4624 Dei,
2995 4568 3054 4615 et
3083 4557 3188 4612 alia
3216 4553 3481 4612 facinora,
3513 4547 3601 4600 in.

2017 4641 2171 4731 ﬁnita
2205 4641 2562 4740 perpetrans,
2595 4661 2724 4730 quia
2759 4658 2906 4711 Deus
2939 4652 3233 4721 quiescens
3253 4686 3267 4710 ,
3295 4653 3351 4698 et
3383 4641 3604 4694 illorum

2017 4733 2402 4840 pmnitentiam
2441 4762 2800 4825 exspectans,
2832 4745 3059 4802 lenitate
3108 4739 3283 4794 multa
3322 4733 3606 4832 utebatur,

2021 4832 2244 4916 iandem
2267 4855 2342 4908 ita
2364 4853 2685 4923 peecarunt,
2703 4851 2765 4897 ut
2784 4837 3006 4897 contriti
3036 4849 3146 4888 non
3172 4832 3608 4885 resurrexermt;

2019 4949 2295 5022 siquidem
2328 4945 2383 4999 in
2415 4938 2759 4996 Dominicam
2793 4931 3136 5001 maiestatem
3172 4934 3370 4975 manus
3401 4915 3613 5013 injece:

2022 5004 2169 5099 rant.
2212 5035 2484 5106 Quocirca
2539 5030 2593 5084 in
2645 5021 2976 5098 perpetuum
3035 5012 3240 5070 deserti
3299 5024 3365 5063 ac
3417 5004 3609 5075 rejecti

2535 5122 2570 5175 b
2607 5095 2715 5172 illis
2747 5122 2834 5169 est
2861 5105 3176 5182 prophetia,
3209 5095 3608 5156 sacerdotium,

2549 5213 2677 5268 data
2706 5214 2836 5262 sunt
2857 5221 2919 5259 ea
2947 5197 3206 5272 gentibus
3231 5188 3611 5248 credentibus,

2035 5320 2182 5378 sicut
2219 5314 2299 5370 ait
2334 5308 2602 5368 Dominus
2647 5323 2661 5358 :
2705 5300 2986 5369 Auferetur
3026 5312 3057 5346 ιι
3101 5290 3242 5344 vobis
3284 5285 3622 5377 regnumth

2035 5409 2248 5464 dabitur
2276 5403 2420 5475 genti
2449 5399 2650 5469 fructus
2684 5366 2799 5463 ejus
2832 5385 3047 5460 facienti
3068 5381 3134 5436 "‘.
3165 5379 3444 5433 Hactenus
3474 5366 3624 5470 enim

2039 5455 2382 5552 sustinuerat
2407 5455 2532 5544 ilios
2557 5455 2726 5548 Deus,
2753 5455 2857 5536 nec
2886 5475 3215 5532 destituerat
3243 5466 3366 5520 illos
3388 5477 3456 5518 es
3487 5455 3624 5512 inti-

2033 5589 2140 5643 mis
2181 5561 2490 5642 visceribus
2535 5592 2727 5635 eorum
2779 5571 3056 5628 misertus.
3104 5557 3379 5628 Quoniam
3429 5561 3618 5606 autem

400 5785 446 5816 “
469 5783 612 5839 Luc.
639 5796 730 5847 xv,
759 5778 846 5832 10.
924 5776 967 5806 δ’
994 5775 1184 5831 Matth.
1211 5789 1364 5842 xvul,
1393 5773 1475 5828 Η.
1555 5772 1599 5804 ⁸⁸
1624 5770 1816 5826 Matth.
1847 5785 1958 5837 ut,
1982 5767 2072 5822 45.
