4016 6490
473 380 567 444 691

1720 385 1783 450 S.
1824 387 2145 449 MACARII
2184 386 2505 449 lEGYPTlI

3684 383 3787 449 4‘32

475 493 844 562 impleverunt
868 492 1164 549 terminum
1192 496 1428 565 peccati,
1450 497 1563 554 imo
1588 500 1846 556 manibus
1872 502 2061 556 Domi-

2176 502 2502 573 επλήρωσαν
2532 502 2625 556 τὸν
2667 502 2791 574 ὅρον
2818 501 2926 556 τῶν
2956 500 3267 574 ἁμαρτιῶν,
3298 499 3410 555 xui
3447 500 3789 571 ὑπερεπλεό-

474 585 613 640 ιιὶοαξ
645 585 913 656 maiestati
950 587 1171 657 injectis
1205 593 1532 661 transgressi
1571 603 1729 657 sunt,
1764 594 1822 647 in
1862 609 2062 664 perpe-

476 685 631 731 tuum
664 693 693 731 a
727 680 835 729 Deo
867 686 997 732 sunt
1021 678 1249 734 deserti.

545 768 733 823 XXIV.
763 768 1065 833 Cancrum,
1095 771 1315 839 dilecti,
1344 773 1459 827 haec
1490 774 1768 843 copiosius
1797 776 2064 830 disserui-

417 918 419 921 .
477 876 630 924 mus,
667 878 733 913 ex
779 860 954 915 sacris
1000 862 1228 918 Litteris
1275 874 1617 929 astruentes,
1654 874 1911 934 oportere
1964 882 2063 921 nos

475 952 725 1006 converti
774 951 1041 1017 celerius,
1076 962 1131 1007 et
1172 954 1435 1008 festinare
1481 955 1549 1008 ad
1604 956 1927 1019 Dominum,
1968 957 2063 1026 qui

476 1044 781 1096 clementer
825 1052 1105 1112 exspectat
1147 1060 1277 1108 nos,
1311 1053 1368 1100 et
1406 1047 1474 1099 ab
1514 1046 1662 1100 omni
1708 1049 1974 1116 pravitate
2011 1058 2066 1101 et

476 1134 960 1204 prmoccupatione
1016 1137 1156 1189 mala
1208 1138 1431 1206 penitus
1486 1140 1812 1195 recedentes
1866 1157 2065 1211 magno

476 1238 604 1277 cum
647 1224 850 1293 gaudio
895 1226 1119 1295 recipit,
1150 1243 1219 1281 ne
1259 1240 1597 1300 exaugeatur
1637 1233 1690 1285 in
1726 1232 1887 1286 nobis
1929 1248 2065 1286 (ξοη-

478 1324 723 1385 temptus
763 1316 832 1371 de
878 1317 967 1372 die
1008 1319 1061 1372 in
1106 1320 1282 1384 diem,
1319 1330 1374 1375 et
1417 1333 1639 1392 peccata
1683 1325 1965 1377 cumulata
2010 1323 2064 1376 in

477 1423 579 1462 nos
619 1408 963 1474 redundent,
994 1419 1051 1464 et
1085 1410 1155 1464 ob
1191 1412 1245 1466 id
1282 1412 1419 1466 iram
1455 1413 1696 1467 divinam
1733 1415 1895 1468 nobis
1931 1414 2065 1483 ipsis

478 1513 848 1555 accersamus.
875 1501 1078 1557 Demus
1106 1503 1271 1572 igitur
1294 1519 1540 1573 Operam,
1570 1514 1629 1559 ut
1654 1508 1909 1561 conversi
1939 1522 2064 1560 cum

477 1606 609 1645 vero
636 1591 805 1646 corde
832 1592 899 1646 ad
930 1608 1057 1647 eum
1090 1593 1440 1658 accedamus,
1468 1611 1575 1649 non
1605 1596 1967 1665 desperantes
1996 1596 2065 1651 de

478 1682 656 1735 salute
682 1681 853 1751 (quod
878 1682 1103 1737 malitiae
1128 1693 1182 1736 et
1205 1684 1494 1752 pravitatis
1521 1687 1806 1755 prOprium
1833 1686 1938 1756 est)
1968 1702 2066 1756 per

481 1773 923 1827 recordationem
978 1775 1435 1842 prrevenientium
1494 1785 1889 1845 peccatorum,
1943 1795 2066 1848 qua:

2167 612 2357 659 νασαν,
2384 597 2463 659 εἰς
2511 595 2573 648 τὸ
2617 595 2949 649 Δεσποτικὸν
2976 594 3193 665 ἀξίωμα
3213 594 3324 658 τὰς
3376 594 3586 663 χεῖρας
3616 593 3786 648 αὐτῶν

2165 686 2536 751 ἐπιϐαλόντες,
2579 688 2658 750 εἰς
2684 686 2838 747 τέλος
2869 685 2975 739 ὑπὸ
3002 685 3095 739 τοῦ
3123 685 3262 739 Θεοῦ
3301 683 3787 753 κατελείφθησαν.

2238 775 2365 829 ΚΔ’.
2407 775 2597 828 Ταῦτα
2632 774 2689 827 δὲ
2744 774 2836 829 διὰ
2871 775 3136 828 πλειόνων
3170 772 3561 844 διεξήλθομεν
3587 813 3602 837 ,
3654 773 3786 841 ἀγα-

2167 868 2351 936 πητοὶ,
2385 866 2493 919 ἀπὸ
2520 867 2814 937 Γραφικῶν
2840 867 3061 921 ἐννοιῶν
3093 866 3488 928 συνιστῶντες
3511 905 3527 929 ,
3581 865 3644 917 τὸ
3688 866 3790 917 δεῖν

2167 960 2315 1029 ἡμᾶς
2350 959 2704 1029 ἐπιστρέφειν
2730 959 2942 1030 τάχιον,
2975 959 3070 1012 xui
3096 958 3362 1012 σπεύδειν
3398 957 3552 1027 πρὸς
3573 956 3666 1010 τὸν
3684 958 3788 1012 Κύο

2170 1068 2284 1121 ριον
2311 1051 2747 1120 χρηστευόμενον
2769 1051 2865 1105 xui
2888 1049 3244 1120 ἐκδεχόμενον
3270 1050 3443 1119 ἡμᾶς
3472 1048 3590 1100 ἀπὸ
3613 1048 3789 1118 πάσης

2170 1143 2437 1213 πονηρίας
2471 1143 2566 1195 xui
2599 1142 2927 1213 προλήψεως
2954 1142 3135 1211 κακῆς
3164 1141 3406 1203 τελείως
3435 1140 3787 1210 ἀναχωροῦν·

2166 1251 2285 1297 τας,
2303 1234 2395 1285 xui
2418 1232 2845 1303 ἐπιστρέφοντας
2865 1231 3003 1299 μετὰ
3029 1229 3230 1299 πολλῆς
3253 1227 3456 1299 χαρᾶς
3482 1227 3785 1298 προσδεχόο

2170 1343 2353 1395 μενον,
2393 1324 2481 1377 ἵνα
2514 1324 2588 1394 μὴ
2619 1321 2906 1392 ἐπαυξήσῃ
2936 1324 2968 1392 ή
2999 1321 3431 1391 καταφρόνησις
3457 1320 3493 1389 ή
3503 1319 3627 1388 μῶν
3655 1319 3786 1388 ἠμέ-

2171 1434 2272 1487 ραν
2304 1415 2363 1480 ἐξ
2386 1415 2621 1486 ἡμέρας,
2642 1415 2734 1468 καὶ
2762 1415 2832 1467 τὰ
2858 1414 3269 1486 προσκόμματα
3300 1411 3594 1481 τιθέμενα
3628 1410 3784 1464 πλεο-

2168 1509 2306 1580 νάσῃ
2362 1510 2440 1571 είς
2482 1508 2629 1578 ἡμᾶς
2654 1548 2666 1568 ,
2703 1506 2798 1561 xui
2828 1506 2914 1561 διὰ
2946 1504 3105 1560 τοῦτο
3133 1505 3233 1575 τὴν
3262 1503 3458 1575 ὀργὴν
3512 1501 3609 1555 τοῦ
3656 1500 3781 1554 Θεοῦ

2170 1605 2561 1672 ἐπενέγκωμεν
2628 1602 2865 1661 ἑαυτοῖς.
2937 1597 3354 1666 Σπουδάσωμεν
3412 1594 3607 1647 τοίνυν
3666 1594 3783 1644 ἐπι-

2170 1696 2502 1766 στραφέντες
2540 1697 2598 1748 ἐν
2633 1695 2861 1763 ἀληθινῇ
2900 1691 3097 1763 καρδίᾳ
3130 1688 3475 1760 προσελθεῖν
3508 1686 3680 1756 αύτῷ,
3713 1685 3781 1755 μὴ

2173 1788 2566 1851 ἀπελπίζοντες
2588 1787 2685 1856 τὴν
2708 1785 3002 1855 σωτηρίαν,
3018 1785 3155 1854 ὅπερ
3178 1782 3273 1835 xui
3300 1780 3449 1834 αύτδ
3470 1780 3572 1847 τῆς
3590 1778 3780 1840 κακίας

480 1863 761 1917 hominem
796 1864 865 1917 ad
898 1864 1364 1934 desperationem,
1397 1868 1465 1921 ad
1499 1869 1830 1933 socordiam,
1862 1870 1930 1923 ad
1968 1887 2065 1927 ne-

2176 1840 2274 1936 xui
2308 1840 2654 1952 πανουργίας
2683 1840 3001 1949 τυγχάνει(
3026 1840 3347 1945 ὑπομνήσει
3386 1840 3780 1944 προλαόουσῶν

480 1955 799 2026 gligentiam
843 1965 898 2010 et
931 1956 997 2009 ad
1036 1957 1325 2025 segnitiem
1362 1958 1624 2029 adigunt,
1659 1976 1727 2015 ne
1768 1976 2069 2017 conversus

481 2046 549 2102 ad
577 2047 871 2101 Dominum
901 2048 1149 2112 accedat,
1180 2058 1235 2102 et
1267 2050 1461 2106 salutis
1496 2053 1771 2124 particeps
1800 2054 1911 2120 ﬁat,
1940 2070 2066 2109 cum

482 2148 667 2193 tamen
709 2154 926 2193 summa
970 2140 1285 2210 benignitas
1335 2146 1524 2213 generi
1578 2145 1821 2200 humano
1872 2162 1902 2199 a
1954 2148 2069 2201 Deo

481 2231 766 2302 proposita
802 2232 893 2287 sit.

554 2427 720 2483 XXV.
754 2427 911 2494 Quod
945 2428 989 2482 si
1028 2443 1162 2482 vero
1199 2429 1348 2484 velut
1382 2429 1603 2485 diilicile
1639 2441 1695 2485 et
1730 2432 2069 2501 impossibile

483 2520 646 2576 nobis
671 2520 949 2585 videatur,
975 2536 1076 2575 nos
1100 2537 1130 2575 a
1153 2536 1345 2592 magna
1374 2530 1724 2591 peccatorum
1754 2525 1897 2579 mole
1920 2526 2072 2579 velut

483 2624 898 2685 praeoccupatos
924 2614 1198 2678 converti,
1229 2615 1399 2683 quod,
1436 2624 1496 2669 ut
1521 2615 1897 2684 praediximus,
1930 2617 2073 2672 indi-

484 2704 631 2759 cium
668 2704 911 2770 malitiae,
942 2712 999 2758 et
1033 2705 1486 2775 impedimentum
1523 2707 1717 2762 salutis
1746 2716 1949 2763 nostra:
1964 2717 2069 2774 est,

483 2798 845 2853 recordemur
870 2806 927 2853 et
954 2798 1384 2868 perpendamus,
1410 2800 1691 2868 quomodo
1722 2801 1989 2856 Dominus
2017 2801 2070 2856 in

483 2888 692 2945 mundo
736 2889 868 2944 dum
915 2898 1095 2955 esset,
1140 2891 1301 2945 caacis
1340 2891 1518 2946 visum
1568 2895 1912 2959 restituerit,
1965 2896 2067 2964 21

481 2982 815 3053 paralyticos
855 2982 1163 3047 curaverit,
1196 2997 1417 3039 omnem
1458 2984 1715 3039 morbum
1759 2988 2072 3047 sanaverit.

482 3081 737 3127 mortuos
759 3073 871 3143 jam
897 3073 1014 3127 fere
1041 3084 1355 3143 corruptos,
1380 3082 1438 3129 et
1466 3075 1525 3128 in
1557 3075 1837 3131 oblivione
1868 3078 2075 3133 consti-

2170 1972 2492 2043 ἁμαρτιῶν,
2529 1972 2609 2034 είς
2638 1968 2987 2038 ἀπελπισμδν
3019 1963 3306 2037 φερουσῶν
3338 1963 3441 2016 τὸν
3470 1962 3771 2032 ἄνθρωπον,

2169 2065 2264 2117 xui
2296 2065 2377 2126 είς
2403 2062 2677 2133 χαύνωσιν
2711 2061 2803 2113 xui
2832 2058 3151 2127 ὀλιγωρίαν,
3184 2058 3283 2110 xui
3316 2054 3611 2127 ρᾳθυμίαν
3631 2069 3644 2083 υ
3696 2052 3773 2104 ἵνα

2173 2158 2249 2227 μὴ
2280 2156 2617 2227 ἐπιστρέψας
2647 2154 2741 2209 καὶ
2769 2151 3087 2224 προσελθὼν
3114 2150 3194 2221 τῷ
3220 2150 3435 2221 Κυρίῳ
3453 2190 3470 2214 ,
3508 2145 3770 2217 σωτηρίας

2169 2250 2339 2319 τύχῃ,
2388 2247 2592 2317 πολλῆς
2638 2246 3012 2316 χρηστότητος
3040 2241 3136 2298 τοῦ
3163 2242 3383 2315 Κυρίου
3417 2237 3771 2308 ἐπικειμένης

2169 2341 2248 2411 τῷ
2280 2336 2609 2409 ἀνθρωπίνῳ
2632 2337 2801 2405 γένει.
3196 2408 3209 2411 _

2244 2431 2376 2487 KE’.
2435 2431 2497 2484 Εί
2543 2429 2600 2482 δὲ
2646 2427 2835 2500 ῶσπερ
2876 2426 3136 2481 δύσκολον
3171 2427 3309 2495 ἡμῖν
3345 2426 3763 2492 καταφαίνεται,

2173 2526 2269 2580 xui
2313 2523 2578 2578 ἀδύνατον
2619 2521 2683 2573 ἐκ
2714 2518 2927 2573 πολλῶν
2960 2518 3391 2588 ἁμαρτημάτων
3422 2512 3758 2583 ἐπιστρέψαι,

2172 2613 2757 2688 ὠςπροειλημμένους,
2774 2612 2872 2664 ὅπε
2884 2627 2934 2682 ρ,
2949 2611 3025 2673 ὼς
3039 2609 3499 2679 προειρήκαμεν,
3524 2603 3763 2663 ὑπόθεσις

2172 2709 2428 2779 τυγχάνει
2462 2708 2563 2776 τῆς
2592 2702 2815 2768 κακίας,
2852 2704 2949 2756 xui
2976 2700 3075 2770 τῆς
3102 2700 3390 2770 σωτηρίας
3419 2697 3585 2769 ήμῶν
3607 2693 3758 2765 ἐμπό-

2172 2804 2319 2857 διον’
2378 2797 2850 2871 μνημονεύσωμεν
2882 2792 2978 2847 xui.
3004 2792 3320 2860 ἀπίδωμεν,
3363 2792 3491 2853 πῶς
3523 2793 3551 2844 ὁ
3577 2787 3759 2858 Κύριος

2175 2892 2528 2962 ἐπιδημήσας
2561 2890 2627 2960 τῇ
2660 2885 2961 2956 ἁγαθότητι
2993 2882 3160 2937 αὐτοῦ
3195 2882 3447 2952 τυφλοὺς
3476 2879 3755 2946 ἀναϐλέψαι

2176 2984 2431 3052 ἐποίησε,
2462 2978 2874 3051 παραλυτικοὺς
2901 2976 3265 3047 ἐθεράπευσε,
3301 2977 3497 3028 πᾶσαν
3519 2973 3666 3026 νόσον
3688 2967 3756 3021 [ά-

2179 3092 2332 3137 σατο,
2366 3074 2596 3143 νεκροὺς
2624 3070 2753 3133 τοὺς
2780 3071 2861 3133 εἰς
2885 3066 3186 3136 διαφθορὰν
3212 3066 3312 3119 xui
3336 3062 3647 3134 ἀφανισμὸν
3667 3059 3752 3130 ήδη

486 3170 656 3228 tutos,
676 3164 1111 3230 resuscitaverit,
1128 3165 1325 3220 surdos
1352 3165 1545 3220 audire
1569 3164 1781 3234 fecerit,
1801 3168 2069 3239 legionem

2177 3166 2549 3235 τυγχάνοντας
2582 3161 2852 3231 ἀνέστησε
2874 3200 2890 3227 ,
2938 3159 3161 3228 κωφοὺς
3206 3156 3451 3211 ἀκοῦσαι
3484 3153 3753 3222 πεποίηκε,

482 3252 836 3308 diabolorum
878 3270 946 3307 ex
998 3254 1224 3309 homine
1268 3256 1524 3325 eiecerit,
1559 3268 1618 3313 et
1664 3266 1812 3314 tanta
1858 3260 2071 3316 insania

483 3343 833 3399 laboranlem
882 3346 1085 3399 mentis
1128 3345 1431 3416 integritati
1471 3348 1816 3405 restituerit?
1855 3351 2073 3418 Quanto

484 3435 662 3507 magis
686 3435 854 3507 igitur
877 3436 1116 3490 animam
1151 3438 1216 3491 ad
1252 3453 1378 3493 eum
1404 3454 1752 3507 conversam,
1776 3452 1831 3497 et
1858 3445 2076 3500 miseri-

484 3528 733 3583 cordiam
759 3529 827 3583 ab
852 3544 920 3583 eo
945 3528 1339 3599 requirentem,
1365 3540 1419 3585 et
1440 3532 1562 3603 ejus
1586 3547 1687 3602 ope
1713 3534 2072 3605 indigentem,

484 3628 804 3685 convertet,
831 3629 886 3674 et
922 3620 976 3674 in
1012 3620 1189 3675 laetam
1235 3621 1590 3677 aﬂ‘ectionum
1626 3625 1987 3692 vacuitatem,
2018 3637 2073 3681 et

484 3719 689 3765 statum
723 3712 903 3765 onmis
931 3705 1152 3767 virtutis
1189 3728 1253 3767 ac
1290 3714 1491 3768 mentis
1532 3717 1946 3773 renovationem
1980 3735 2071 3775 re-

422 3830 423 3833 η
484 3802 706 3869 stituet;
749 3814 915 3874 atque
955 3806 1191 3860 sanitate
1231 3813 1287 3859 et
1324 3814 1548 3876 aspectu
1588 3808 1789 3863 mentis
1823 3818 1880 3863 et
1921 3818 2072 3865 tran-

486 3895 758 3963 quillitate
792 3896 1188 3967 cogitationum
1224 3898 1487 3964 redditis,
1519 3914 1549 3954 a
1582 3902 1859 3967 caecitate,
1887 3905 2071 3960 surdi-

488 3996 619 4051 tate,
646 3997 823 4043 morte
849 3988 1210 4054 inﬁdelitatis,
1238 3999 1292 4044 et
1324 3989 1632 4059 ignorantia
1660 4000 1826 4062 atque
1856 3996 2075 4050 temeri-

485 4092 598 4139 tate
624 4085 690 4139 ad
719 4086 1043 4156 sapientiam
1069 4087 1314 4149 virtutis,
1336 4096 1392 4140 et
1418 4086 1713 4156 puritatem
1740 4086 1925 4140 cordis
1951 4103 2071 4142 eam

485 4173 777 4229 traducet?
823 4174 925 4242 Qui
976 4176 1125 4230 enim
1175 4174 1427 4229 condidit
1475 4190 1710 4244 corpus,
1760 4175 1906 4229 idem
1954 4176 2074 4247 ipse

485 4263 735 4318 condidit
785 4280 1006 4334 quoque
1067 4264 1329 4321 animam.
1374 4264 1445 4318 Et
1491 4264 1956 4332 quemadmodum
2014 4266 2071 4320 in

485 4353 655 4408 terris
680 4355 810 4409 dum
838 4364 1174 4423 versaretur,
1199 4354 1593 4411 accedentibus
1620 4356 1689 4409 ad
1720 4371 1800 4419 se,
1825 4366 1881 4412 et
1906 4358 1976 4413 ab
2001 4374 2071 4413 eo

486 4444 808 4515 petentibus
856 4445 1122 4501 auxilium
1180 4454 1238 4501 et
1290 4445 1614 4513 sanitatem;
1662 4447 1969 4503 liberaliter
2014 4458 2071 4504 et

2175 3258 2417 3327 λεγεῶνα
2449 3255 2724 3324 δαιμόνων
2756 3253 2868 3308 ἀπὸ
2896 3252 3018 3315 ἐνὸς
3050 3250 3349 3322 ἀνθρώπου
3385 3248 3637 3316 ἐξέϐαλε,
3672 3240 3752 3296 xui

2175 3353 2255 3414 είς
2288 3347 2645 3419 σωφροσύνην
2676 3344 2986 3413 κατέστησε
3033 3344 3127 3397 τὸν
3158 3343 3239 3406 είς
3263 3341 3547 3409 τοσαύτην
3575 3334 3751 3407 μανίαν

2175 3440 2560 3513 κεχωρηκότα.
2586 3437 2746 3508 Πόσῳ
2772 3434 2865 3490 οὖν
2895 3435 3098 3506 μᾶλλον
3126 3434 3307 3505 ψυχὴν
3332 3431 3751 3501 ἐπιστρέφουσαν

2178 3534 2316 3606 πρὸς
2350 3531 2514 3585 αὑτὸν
2544 3572 2558 3595 ,
2601 3530 2698 3584 xui
2731 3530 2862 3599 παρ’
2896 3527 3064 3583 αὑτοῦ
3098 3527 3159 3579 τὸ
3190 3526 3345 3589 ἔλεος
3376 3519 3746 3591 ἐπιζητοῦσαν,

2176 3625 2273 3679 xui
2323 3622 2587 3691 δεομένην
2632 3621 2734 3691 τῆς
2771 3620 2938 3674 αὐτοῦ
2973 3617 3247 3689 βοηθείας,
3286 3620 3395 3670 ούκ
3430 3610 3745 3682 ἐπιστρέψειν

2174 3719 2268 3770 xui
2304 3717 2384 3777 ei;
2410 3714 2756 3785 εὐφροσύνην
2784 3711 3079 3777 ἀπαθείας,
3110 3711 3205 3763 xui
3230 3711 3570 3764 κατάστασιν
3589 3703 3746 3766 πάσης

2173 3808 2375 3876 ἀρετῆς
2396 3845 2411 3869 ,
2464 3806 2562 3858 xui
2606 3804 2727 3867 νοδς
2758 3803 3158 3871 άνακαινισμδν
3190 3803 3434 3869 ἐνεγκεῖ,
3474 3797 3567 3853 xui
3598 3806 3745 3863 μετα·

2174 3899 2331 3953 ϐαλεῖ
2359 3900 2438 3962 εἰς
2465 3896 2729 3967 ύγιότητα
2752 3936 2770 3962 ,
2805 3894 2903 3949 xui
2931 3892 3229 3962 ἀνάϐλεψιν
3255 3892 3522 3953 διανοίας,
3556 3886 3644 3939 xui
3665 3881 3740 3933 λοο

2173 3991 2388 4061 γισμῶν
2413 3991 2658 4061 εἰρήνην,
2689 3985 2802 4041 ἀπὸ
2822 3986 2923 4056 τῆς
2946 3984 3302 4054 τυφλώσεως,
3336 3984 3433 4037 xui
3457 3975 3742 4048 κωφώσεως

2173 4085 2270 4155 τῆς
2298 4083 2560 4145 ἀπιστίας
2590 4081 2685 4133 xui
2712 4077 3007 4148 ἀγνωσίας,
3042 4078 3137 4130 xui
3163 4075 3426 4146 ἀφοϐίας,
3453 4074 3531 4133 εὶς
3557 4079 3738 4155 meper

2173 4153 2364 4247 νισμὸν
2394 4174 2599 4245 ἀρετῆς
2626 4174 2723 4226 xui
2749 4170 3100 4240 καθαρότητα
3130 4168 3364 4239 καρδίας
3391 4153 3737 4230 ἐνενεγκὼνίὸ

2173 4268 2281 4339 γὰρ
2307 4267 2497 4330 κτίσας
2526 4265 2587 4318 τὸ
2612 4265 2771 4334 σῶμα
2789 4304 2804 4328 ,
2844 4262 2940 4315 xui
2962 4262 3062 4332 τὴν
3087 4263 3264 4331 ψυχὴν
3291 4261 3457 4323 αὐτὸς
3478 4250 3734 4339 πεποίηκε.

2173 4336 2283 4413 Καὶ
2315 4358 2505 4429 ὥσπερ
2533 4357 2885 4427 ἐπιδημήσας
2919 4356 2977 4407 ἐν
3004 4357 3070 4425 τῇ
3103 4357 3210 4424 γῇ,
3244 4356 3361 4417 τοῖς
3388 4336 3737 4421 προσερχομέ-

2172 4469 2286 4516 νοις
2321 4450 2419 4505 xui.
2449 4449 2677 4521 ζητοῦσι
2704 4450 2804 4517 τὴν
2835 4446 2966 4517 παρ’
2991 4445 3156 4499 αὐτοῦ
3189 4444 3443 4515 βοήθειαν
3475 4436 3566 4493 xui
3593 4435 3729 4521 ἴασιν,

488 4508 726 4605 benigne
758 4536 1015 4604 praestitit
1047 4544 1103 4590 et
1132 4533 1407 4599 exhibuit,
1436 4508 1800 4591 velut'bonus
1830 4550 1887 4591 et
1919 4538 2069 4592 solus

2183 4508 2555 4613 deédec'vﬁ
2603 4508 2936 4613 χρηστότητι
2985 4536 3150 4591 αύτοῦ
3189 4508 3526 4607 παρείχετο,
3576 4517 3733 4613 καθὼς

488 4626 767 4692 medicus;
804 4627 996 4681 eodem
1035 4627 1199 4681 modo
1228 4627 1285 4680 in
1314 4626 1714 4697 spiritualibus.

556 4803 744 4859 XXVI.
783 4802 841 4858 Si
882 4803 1030 4857 enim
1059 4816 1187 4874 erga
1227 4817 1482 4873 corpora,
1531 4819 1654 4874 qum
1693 4803 2074 4860 dissolvuntur

481 4905 542 4952 et
560 4905 737 4951 morte
765 4902 1021 4965 pereunt,
1056 4905 1206 4949 tanta
1228 4904 1536 4951 commotus
1554 4904 1639 4951 est
1668 4896 2070 4961 misericordia,

480 4995 540 5043 et
582 4987 883 5058 unicuique
923 4986 1073 5057 quod
1118 4987 1401 5056 qurerebat
1434 4997 1689 5058 prompte
1718 4996 1774 5043 et
1802 4988 2073 5044 benevole

478 5079 764 5150 praestitit;
792 5087 1000 5148 quanto
1033 5078 1207 5149 magis
1249 5079 1447 5133 anima;
1478 5079 1797 5145 immortali,
1838 5080 2074 5135 indisso-

477 5172 639 5229 lubili
661 5181 718 5227 et
746 5172 1175 5241 incorruptibili,
1198 5188 1478 5243 oppressae
1503 5174 1696 5228 morbo
1725 5175 2068 5244 ignorantiae,

477 5263 738 5325 malitiae,
796 5262 1167 5329 inﬁdelitatis,
1236 5265 1566 5320 temeritatis
1618 5276 1674 5320 et
1730 5266 2067 5336 reliquarum

476 5356 691 5427 peccati
732 5353 1109 5421 affectionum,
1143 5358 1423 5413 accedenti
1458 5359 1526 5412 ad
1572 5360 1888 5423 Dominum,
1920 5358 2069 5414 etab

478 5463 549 5504 eo
603 5447 867 5503 auxilium
918 5449 1255 5518 requirenti,
1310 5466 1373 5505 ac
1424 5451 1479 5505 in
1531 5452 1914 5506 misericordia
1949 5454 2070 5522 ejus

480 5538 741 5605 intuenti,
778 5553 882 5593 nec
911 5554 1020 5593 non
1049 5540 1278 5607 gratiam
1314 5540 1553 5611 Spiritus
1598 5543 1667 5596 ab
1706 5558 1773 5597 eo
1820 5544 2070 5613 recipere

481 5630 816 5685 desideranti
849 5630 916 5684 ad
952 5631 1389 5700 redemptionem
1426 5643 1482 5687 et
1513 5634 1745 5688 salutem
1798 5651 1974 5699 suam,
2012 5642 2068 5687 et

479 5722 554 5779 ab
587 5723 737 5776 omni
769 5723 976 5778 malitia
1009 5735 1065 5779 et
1098 5724 1297 5779 atl‘eclu
1343 5727 1727 5781 liberationem
1753 5767 1767 5790 ,
1800 5727 2068 5781 concedet

482 5830 648 5885 quam
678 5816 964 5872 celerrime
997 5826 1049 5872 et
1078 5818 1485 5887 promptissime
1518 5820 1661 5873 velut
1699 5820 1965 5874 medicam
1999 5821 2064 5873 li-

2181 4608 2433 4709 έλίρῐλξονν
2576 4608 2779 4702 ἀγαθὸς
2809 4608 2905 4685 xui.
2939 4631 3100 4702 μόνος
3133 4628 3337 4701 ἰατρός⁸
3376 4625 3516 4679 οὕτω
3546 4614 3631 4672 xui
3652 4608 3730 4664 ἐπὶ

2180 4728 2291 4781 τῶν
2325 4724 2730 4797 πνευματικῶν.

2253 4820 2399 4886 KG”.
2434 4817 2495 4872 Εἰ
2522 4817 2633 4888 γὰρ
2685 4816 2777 4871 ἐπὶ
2830 4816 2900 4870 τά
2944 4815 3183 4886 λυόμενα
3226 4815 3321 4868 xui
3354 4805 3727 4888 ἀποθνήσκοντα

2183 4878 2351 4965 πάλιν
2383 4878 2632 4980 σώματα,
2663 4908 2839 4972 οὕτως
2866 4878 3328 4976 εὐσπλαγχνίσθη,
3359 4901 3450 4956 xui
3480 4894 3672 4980 ἑκάστῳ
3697 4878 3721 4931 δ

2179 5005 2435 5075 ἐπεζήτει
2465 4974 2754 5072 *πεποίηκε
2803 4974 3124 5069 προθύμως,
3138 4974 3248 5050 καὶ
3302 4974 3724 5075 χρηστῶςνᾲῖεόσφ

2183 5070 2383 5167 μᾶλλον
2421 5097 2487 5165 τῆ
2522 5070 2772 5164 ἀθανάτῳ
2798 5093 2943 5164 ψυχῇ
2973 5092 3066 5144 xui
3092 5087 3361 5158 ἁδιαλύτῳ
3381 5083 3471 5138 xui
3496 5070 3725 5175 άφθάξὶίιί

2178 5153 2520 5255 ξυγχανούέη
2557 5186 2614 5236 ἐν
2651 5153 2791 5253 νόσλι)
2813 5153 3069 5249 -ἀίῖξίας,
3118 5180 3218 5246 τῆς
3251 5153 3461 5237 κακίας,
3501 5153 3719 5219 ἀπιστίας

2179 5292 2238 5327 τε
2272 5275 2365 5329 xui
2398 5274 2651 5344 ἀφοϐίας,
2694 5276 2788 5327 xui
2833 5273 2942 5325 τῶν
2976 5271 3179 5324 λοιπῶν
3223 5269 3324 5338 τῆς
3354 5255 3609 5335 ἁμαρτίας
3632 5258 3721 5344 “ft.

2178 5366 2307 5420 θῶν·
2351 5337 2768 5437 προσερχομένη
2800 5365 2855 5418 δὲ
2885 5364 2964 5436 τῷ
3006 5363 3215 5434 Κυρίῳ,
3250 5337 3342 5415 καὶ
3370 5357 3461 5427 τὴν
3489 5337 3714 5437 παρέ-αὼ

2177 5456 2270 5510 τοῦ
2317 5456 2570 5527 βοήθειαν
2622 5455 2959 5528 ἐπιζητούσῃ
2987 5496 3001 5519 ,
3048 5455 3141 5507 xui
3195 5454 3273 5513 sic
3318 5452 3375 5504 τὸ
3418 5437 3566 5499 αύτοῦ
3595 5431 3714 5531 iisti;

2178 5550 2576 5616 ἐπισκοπούσῃ,
2605 5548 2699 5601 xui
2727 5549 2826 5619 τὴν
2859 5549 3018 5618 χάριν
3048 5544 3141 5599 τοῦ
3171 5543 3475 5611 Πνεύματος
3502 5524 3694 5619 παρ’ξλυ

2178 5638 2273 5692 τοῦ
2303 5607 2573 5704 δέξασθαι⁷
2591 5638 2751 5691 ἐπιθυ
2762 5607 2947 5709 μούυση
2967 5638 3047 5699 εἰς
3068 5607 3337 5705 λύτρωσιν
3364 5628 3449 5684 xui
3475 5607 3707 5709 σωτηρίίξν

2175 5696 2392 5799 αὐτῆς,⁷
2416 5731 2511 5783 xui
2550 5731 2731 5800 πάσης
2760 5696 2960 5793 κακίαις
2992 5728 3085 5783 xui
3116 5727 3315 5789 παντὸς
3355 5717 3543 5775 πάθους
3560 5696 3703 5800 ἀπαλ-

2175 5822 2363 5893 λαγὴν,
2419 5824 2476 5875 ού
2522 5823 2827 5894 δωρήσεται
2880 5821 3068 5893 τάχιον
3113 5820 3205 5874 xui
3258 5807 3585 5886 ἑτοιμοτέρως
3621 5786 3701 5854 τὴν
