4016 6456
250 389 340 455 ἂθὶὶ
1537 392 1884 454 HOMILIIE

1999 418 2001 424 ·
2043 391 2230 450 ΙΙΟΜ.
2273 391 2340 450 ν.
3451 383 3551 450 494

265 507 660 580 ἀπολύτρωσιν
715 512 819 582 τῆς
860 526 1074 577 ιασεως,
1111 509 1254 564 κατὰ
1302 510 1390 563 τὸν
1448 510 1610 564 αυτὸν
1665 506 1861 573 λόγον·

1999 505 2332 568 erationem,
2371 502 2676 558 secundum
2706 501 2847 555 idem
2871 501 3078 556 uictum
3107 522 3118 554 :
3146 500 3356 565 Quanto
3386 501 3553 567 magis

273 606 435 669 Πόσῳ
504 603 772 672 μᾶλλον
815 603 1176 673 ό,οὺρὰνιος
1217 602 1422 670 Πατὴρ
1471 601 1713 666 ποιήσει
1747 595 1862 663 τὴν

1999 596 2126 648 'ater
2159 595 2378 647 caelestis
2412 594 2567 662 faciet
2600 593 2887 646 vindictam
2917 592 3265 646 clamantium
3297 590 3366 642 ad
3397 605 3452 641 se
3473 589 3556 641 die

279 697 586 763 ἐκδίκησιν
617 695 748 751 τῶν
770 696 1058 761 ,Βοώντων
1107 693 1257 763 πρὸς
1286 692 1474 748 αὑτὸν
1521 691 1748 759 ἡμέρας
1799 705 1862 741 τε

282 793 371 847 καὶ
396 789 661 855 νυκτός;
698 791 798 843 καὶ
842 789 1035 856 ἐπάγει
1069 787 1243 854 λέγων
1272 828 1285 849 ,
1337 785 1448 841 Καὶ
1493 785 1648 853 λέγω
1697 783 1859 853 ὑμῖν,

285 876 516 944 ποιήσει
536 875 654 941 τὴν
681 876 1006 942 ἐκδίκησιν
1039 874 1237 928 αὐτῶν
1270 875 1341 928 ἐν
1359 873 1547 942 τάχει·
1584 873 1680 926 καὶ
1704 872 1865 925 πάλιν

290 971 346 1021 ὲν
375 967 550 1038 ἑτέρῳ
583 969 886 1037 παραινεῖ·
944 967 1168 1021 Αἰτεῖτε
1199 966 1297 1019 καὶ
1332 966 1655 1030 δοθήσεται
1696 963 1862 1033 ὑμῖν·

287 1057 400 1123 πᾶς
421 1057 540 1126 τὰρ
570 1060 602 1110 ό
625 1057 809 1112 αὶτῶν
836 1057 1144 1124 λαμϐάνει,
1169 1057 1266 1110 καὶ
1303 1059 1334 1109 ό
1362 1054 1547 1123 ζὸτι-ῶν
1575 1057 1863 1122 εὑρίσκει,

287 1149 385 1202 καί
430 1147 513 1212 τῷ
540 1150 820 1216 κρούοντι
855 1148 1258 1216 (ὶνοιγήσεται-
1289 1149 1385 1200 καὶ
1417 1146 1701 1211 διεξελθὼν
1746 1148 1868 1199 ἑπι-

288 1238 463 1308 φέρει,
499 1239 680 1304 Πόσῳ
713 1238 953 1306 μᾶλλον
997 1241 1030 1292 ό
1082 1238 1286 1306 Πατὴρ
1317 1238 1485 1306 ὑμῶν
1524 1242 1554 1290 ό
1594 1239 1872 1304 οὐράνιος

288 1318 465 1384 δώσει
501 1331 746 1399 Πνεῦμα
773 1330 944 1400 ἅγιον
973 1331 1100 1397 τοῖς
1120 1331 1396 1385 αἰτοῦσιν
1423 1331 1612 1384 αὐτόν
1633 1331 1653 1383 .'
1685 1329 1874 1398 Ἀμὴν

288 1421 443 1488 λέγω
479 1421 650 1490 ὑμῖν,
682 1424 735 1475 εί
784 1421 882 1475 καί
927 1423 1024 1476 διὰ
1065 1422 1132 1474 τὸ
1167 1418 1318 1475 εἶναι
1355 1422 1536 1490 φίλον
1561 1421 1748 1474 αὐτοῦ
1788 1420 1873 1488 μὴ

290 1511 466 1564 δώσει
502 1512 683 1576 αὐτῷ,
717 1511 816 1565 διά
849 1529 914 1581 γε
957 1512 1070 1580 τὴν
1107 1513 1420 1566 ἀναίδειαν
1461 1511 1648 1567 αὑτοῦ
1697 1510 1876 1565 δώσει

287 1605 449 1668 αὐτῷ
479 1603 774 1667 ἀναστὰς,
820 1600 972 1656 ὅσον
1007 1601 1232 1671 χρῄζει.

361 1690 490 1747 ΚΖ’.
540 1693 799 1756 Ἀναιδῶς
833 1687 927 1746 οὖν
973 1695 1068 1746 καὶ
1117 1691 1503 1758 ἀδιαλείπτως,
1556 1693 1651 1746 καὶ
1682 1693 1876 1762 ἀπερι-

289 1788 553 1856 κακήτως
577 1788 749 1838 αἰτεῖν
781 1787 929 1856 ἡμᾶς
982 1785 1080 1854 τὴν
1131 1786 1260 1854 παρ’
1303 1785 1468 1838 αὐτοῦ
1519 1785 1616 1854 τῆς
1656 1784 1877 1855 χάριτος

1965 706 2027 742 ac
2059 688 2254 741 nocte?
2285 687 2353 740 Et
2384 686 2589 750 subdit,
2635 685 2860 738 dicens:
2890 684 3041 739 Certe
3083 683 3196 735 dico
3240 681 3401 740 vobis,
3455 680 3557 731 cito

1968 781 2120 851 faciet
2152 782 2435 833 vindictam
2481 779 2698 832 illorum
2725 780 2790 830 δν.
2835 778 2902 831 Et
2943 790 3163 830 rursum
3193 774 3322 828 alibi
3353 773 3557 825 adhor-

1971 883 2118 928 tatur
2145 890 2158 925 :
2196 873 2363 926 Potite
2393 880 2441 923 et
2470 872 2682 924 dabitur
2711 870 2870 924 vobis.
2903 869 3083 924 Omnis
3109 868 3248 920 enim
3278 868 3366 935 qui
3407 864 3554 933 petit,

1971 965 2183 1034 accipit,
2211 974 2261 1018 et
2281 967 2370 1034 qui
2389 965 2601 1034 quierit,
2631 965 2849 1026 invenit,
2875 971 2924 1016 et
2951 960 3186 1031 pulsanti
3208 961 3473 1028 aperietur
3491 958 3558 1006 "°.

1971 1057 2040 1110 Et
2064 1056 2289 1126 paulum
2315 1070 2637 1125 progressus
2663 1053 2890 1123 subjicit
2917 1071 2929 1106 :
2961 1051 3174 1117 Quanto
3203 1051 3370 1120 magis
3399 1049 3562 1101 Pater

1971 1159 2138 1202 vester
2184 1149 2402 1202 ceelestis
2447 1148 2592 1201 dabit
2641 1146 2903 1216 Spiritum
2947 1153 3190 1199 sanctum
3236 1143 3562 1214 poscentibus

1975 1257 2092 1293 cum
2113 1240 2196 1294 5‘?
2225 1241 2391 1294 Amen
2425 1240 2537 1292 dico
2566 1239 2730 1302 vobis,
2766 1240 2860 1292 etsi
2895 1257 2997 1291 non
3032 1238 3174 1290 dabit
3206 1237 3306 1299 illi,
3339 1253 3396 1289 eo
3423 1235 3564 1305 quod

1977 1332 2178 1386 amicus
2219 1334 2307 1397 sit,
2352 1341 2564 1402 prOpter
2595 1333 2980 1402 impudentiam
3013 1343 3188 1384 tamen
3219 1332 3332 1398 ejus
3359 1334 3562 1398 surget,

1978 1432 2027 1476 et
2051 1424 2196 1478 dabit
2222 1433 2481 1494 quantum
2506 1441 2636 1494 opus
2665 1424 2815 1478 habet
2838 1425 2906 1476 δ’.

2054 1699 2264 1753 XXVII.
2314 1699 2537 1768 Absque
2584 1697 2795 1768 pudore
2846 1696 3039 1766 igitur,
3091 1693 3468 1749 indesmenter
3509 1701 3568 1749 et

1991 1791 2264 1846 indel'esse
2294 1798 2354 1844 ut
2382 1800 2634 1858 petamus
2679 1789 2748 1842 ab
2791 1804 2858 1842 eo
2902 1787 3110 1842 donum
3158 1786 3366 1856 gratiae,
3417 1785 3568 1840 hisce

288 1878 602 1947 ἀντίληψιν,
644 1877 730 1930 διὰ
791 1878 997 1930 τούτων
1054 1878 1270 1930 πάντων
1325 1875 1720 1948 προετρέψατο.
1774 1875 1874 1928 Διὰ

1999 1882 2234 1936 minibus
2276 1881 2606 1935 exhortatus
2639 1889 2744 1934 est.
2789 1881 3021 1948 Propter
3065 1888 3386 1947 peccatores
3417 1877 3568 1930 enim

287 1972 400 2038 γάρ
427 1970 551 2032 τοὺς
606 1969 858 2038 ἁμαρτω)
872 1969 962 2031 οὺς
1005 1963 1187 2038 ἦλθεν,
1220 1969 1308 2020 ἵνα
1333 1966 1704 2038 ἐπιστρέψωσι
1737 1966 1871 2036 πρὸς

287 2061 478 2120 αὐτὸν,
520 2059 616 2112 καὶ
664 2060 881 2129 ἰάσηται
922 2060 1047 2121 τοὺς
1098 2059 1452 2120 πιστεύοντας
1511 2058 1677 2128 αὐτῷ’
1717 2059 1874 2128 μόνον

287 2153 454 2222 ἡμεῖς
477 2150 589 2202 τῶν
626 2149 814 2202 κακῶν
843 2149 1168 2220 προλήψεων
1194 2152 1592 2222 ἀποστήσωμεν
1623 2151 1874 2213 ἑαυτοὺς,

289 2247 417 2297 ὅσον
450 2243 514 2297 τὸ
553 2245 611 2294 ἐν
646 2245 781 2312 ἡμῖν
823 2242 1067 2308 δυνατὸν,
1112 2245 1207 2296 καὶ
1241 2245 1564 2315 μισήσωμεν
1600 2245 1668 2296 τὰ
1697 2242 1878 2310 φαῦλα

288 2334 732 2404 ἐπιτηδεύματα,
764 2335 860 2386 καὶ
880 2334 979 2398 τὰς
997 2334 1092 2387 τοῦ
1124 2335 1330 2404 κόσμου
1360 2335 1594 2398 ἀπάτας,
1635 2335 1881 2400 καὶτοὺς

290 2425 570 2493 πονηροὺς
618 2425 715 2476 καὶ
769 2423 1033 2492 ματαίους
1080 2423 1375 2492 λογισμοὺς
1417 2424 1878 2494 ἀποστραφῶμεν,

290 2515 390 2567 καὶ
427 2516 660 2568 πάντοτε
715 2513 854 2586 πρὸς
911 2515 1074 2568 αὐτὸν
1121 2515 1220 2586 ὅση
1271 2515 1502 2584 δύναμις
1540 2515 1882 2588 προσκολλη-

292 2604 505 2672 θῶμενο
556 2604 651 2657 καὶ
689 2603 852 2667 αὐτὸς
879 2603 1096 2672 ἕτοιμος
1126 2606 1301 2658 ποιεῖν
1328 2607 1459 2676 ἡμῖν
1489 2604 1586 2676 τὴν
1625 2607 1754 2676 παρ’
1781 2605 1882 2657 αύ-

292 2693 393 2747 τοῦ
429 2694 706 2764 βοήθειαν.
763 2694 857 2757 Εἰς
890 2693 1050 2748 τοῦτο
1090 2696 1199 2766 γάρ
1229 2697 1375 2747 ἐστιν
1403 2697 1591 2759 ἐλεῶν,
1633 2697 1726 2749 καὶ
1753 2697 1885 2760 ζωο-

292 2784 494 2848 ποιῶν,
536 2786 630 2837 καὶ
664 2784 892 2854 ἰώμενος
923 2785 992 2838 τὰ
1022 2785 1218 2840 ἀνίατα
1269 2787 1437 2856 πάθη,
1484 2789 1578 2840 καὶ
1614 2786 1885 2858 λύτρωσιν

294 2877 474 2930 ποιῶν
527 2880 641 2939 τοῖς
686 2877 1141 2948 ἐπικαλουμένοις
1194 2879 1356 2931 αὑτὸν
1413 2881 1507 2931 καὶ
1554 2879 1689 2946 πρὸς
1724 2879 1886 2932 αὑτὸν

294 2969 717 3039 ἐπιστρέφουσι,
755 2970 935 3039 πάσης
960 2971 1234 3040 κοσμικῆς
1275 2971 1494 3040 ἀγάπης
1528 2971 1625 3041 ὅση
1654 2970 1885 3041 δύναμις

294 3063 365 3113 ὲκ
402 3059 711 3130 θελήματος
740 3062 836 3114 καὶ
866 3061 1236 3134 προαιρέσεως
1273 3061 1639 3132 ἀναχωροῦσι,
1669 3063 1763 3115 καὶ
1788 3062 1888 3132 τὴν

292 3152 544 3205 διάνοιαν
573 3152 680 3205 ἀπὸ
708 3153 811 3223 γῆς
842 3153 1085 3218 ἕλκουσι,
1123 3154 1218 3207 καὶ
1246 3154 1381 3225 πρὸς
1410 3154 1572 3207 αὐτὸν
1602 3156 1666 3224 τῇ
1690 3152 1889 3226 ἐπιζη-

292 3245 460 3314 τήσει
512 3245 606 3296 καὶ
647 3244 972 3314 ἐπιποθήσει
1025 3245 1526 3315 ἀποκρεμαμένοιςο
1583 3247 1616 3316 ή
1662 3246 1886 3318 τοιαύτη

295 3335 456 3405 ψυχὴ
507 3335 605 3402 τῆς
643 3334 774 3407 παρ’
803 3333 970 3389 αὐτοῦ
1023 3334 1276 3404 βοηθείας
1311 3335 1600 3401 ἀξιοῦται,
1637 3339 1671 3407 ἡ
1707 3336 1887 3390 πάντα

302 3427 550 3496 περισσὰ
581 3428 882 3497 ἡγουμένη,
924 3428 1018 3480 καὶ
1052 3429 1143 3480 ἐπὶ
1173 3429 1364 3498 μηδενὶ
1393 3428 1489 3481 τοῦ
1523 3428 1731 3499 κόσμου
1762 3431 1892 3484 ἀνα-

300 3520 614 3590 παυομένῳ
667 3519 782 3572 ἀλλ’
831 3522 911 3584 είς
953 3519 1050 3591 τὴν
1078 3520 1244 3573 αὑτοῦ
1286 3520 1596 3575 ἀνάπαυσιν
1625 3521 1725 3591 τῆς
1759 3539 1895 3593 χρη-

303 3615 565 3682 στότητος
618 3614 928 3682 ἁναπαῆναι
981 3613 1076 3667 καὶ
1125 3614 1496 3684 εὐφρανθῆναι
1536 3613 1891 3684 ἐκδεχομένη·

304 3705 409 3760 καὶ
432 3704 604 3768 οὕτως
637 3706 722 3759 διὰ
768 3708 866 3776 τῆς
888 3705 1145 3776 τοιαύτης
1177 3707 1412 3768 πίστεως
1440 3705 1776 3775 ἐπιτυχοῦσα
1799 3707 1899 3775 τῆς

305 3797 639 3867 ἐπουρανίου
677 3798 908 3866 δωρεᾶς,
966 3799 1059 3850 καὶ
1099 3799 1198 3868 τὴν
1257 3797 1556 3867 ἐπιθυμίαν
1604 3798 1776 3867 αὐτῆς
1837 3797 1895 3849 ὲν

309 3884 663 3955 πληροφορίᾳ
695 3885 783 3938 διὰ
846 3886 947 3954 τῆς
986 3887 1206 3957 χάριτος
1239 3885 1628 3952 ἀναπαύσασα,
1662 3887 1758 3939 καὶ
1787 3886 1896 3938 λοι-

306 3975 416 4027 πὸν
448 3973 751 4043 συμφώνως
787 3975 881 4028 καὶ
910 3975 1215 4040 ἀκολούθως
1237 3976 1316 4048 τῷ
1344 3975 1624 4047 Πνεύματι
1653 3975 1730 4046 τῷ
1759 3977 1902 4047 ἁγίῳ

303 4063 712 4135 διακονήσασα,
757 4065 853 4118 καὶ
894 4065 1166 4138 ὁσημέραι
1216 4069 1296 4130 εἰς
1334 4066 1395 4119 τὸ
1443 4067 1647 4136 ἀγαθὸν
1701 4067 1903 4138 προκό-

307 4171 549 4220 πτουσα,
575 4157 668 4209 καὶ
696 4159 776 4221 εἰς
798 4158 897 4228 τὴν
925 4158 1042 4212 ὁδὸν
1072 4160 1169 4230 τῆς
1187 4159 1536 4231 δικαιοσύνης
1564 4158 1901 4231 ἐμμένουσα,

309 4253 412 4301 καὶ
449 4251 527 4311 εἰς
557 4249 616 4302 τὺ
657 4250 814 4313 τέλος
857 4251 1150 4320 ἄκαμπτος
1187 4253 1284 4304 καὶ
1323 4251 1694 4314 ἁσυνδύαστος
1737 4253 1818 4314 εἰς
1844 4251 1904 4306 τὸ

310 4339 520 4403 κακίας
573 4340 736 4414 μέρος
780 4341 1126 4412 διαμείνασα,
1163 4345 1256 4395 καὶ
1280 4343 1377 4414 τὴν
1415 4343 1576 4416 χάριν
1621 4345 1679 4396 ἐν
1711 4343 1903 4413 μηδενὶ

1975 1972 2147 2035 venit.
2185 1979 2246 2024 ut
2285 1978 2680 2025 converterent
2712 1986 2770 2024 se
2800 1971 2866 2024 ad
2896 1970 3073 2031 illum,
3101 1978 3157 2024 ct
3190 1977 3414 2023 curaret
3445 1983 3566 2021 crc—

1975 2064 2168 2118 deutes
2203 2063 2324 2132 ipsi.
2358 2062 2520 2116 Modo
2548 2077 2652 2116 nos
2684 2061 2786 2131 ipsi
2822 2076 2853 2114 a
2885 2061 3044 2115 malis
3072 2059 3571 2129 przeoccupationi-

1977 2156 2082 2210 bus
2126 2154 2528 2216 abstineamus,
2566 2162 2834 2222 quantum
2869 2151 2924 2205 in
2965 2151 3180 2206 viribus
3212 2151 3420 2216 nostris
3464 2163 3570 2210 est,

1977 2254 2033 2301 et
2059 2245 2187 2299 odio
2221 2259 2621 2313 prosequamur
2642 2259 2807 2312 opera
2833 2243 2994 2308 mala,
3023 2251 3080 2296 et
3105 2242 3292 2294 mundi
3317 2241 3570 2294 technam

1978 2348 2145 2408 atque
2189 2336 2470 2405 improbos
2503 2351 2566 2390 ac
2591 2351 2760 2390 vanos
2812 2348 3098 2388 sermones
3133 2333 3570 2395 abhorreanms,

1979 2440 2038 2485 et
2069 2411 2376 2499 pcr'omnia
2409 2428 2482 2491 ei,
2516 2437 2784 2498 quantum
2832 2427 2948 2480 ﬁeri
3003 2434 3208 2495 potest,
3261 2425 3570 2494 agglutine-

1984 2537 2130 2574 mur.
2164 2521 2284 2588 Ipse
2313 2519 2536 2588 quidem
2566 2528 2791 2586 paratus
2813 2527 2898 2572 est
2923 2517 3187 2570 exhibere
3217 2516 3378 2568 nobis
3411 2527 3572 2568 suum

1985 2611 2271 2665 auxilium.
2319 2610 2618 2678 Propterea
2640 2609 2789 2663 enim
2816 2607 3128 2662 misericors
3155 2615 3262 2667 est.
3287 2606 3576 2660 viviﬁcans

1988 2711 2045 2755 et
2076 2716 2276 2754 sanans
2319 2698 2641 2753 aiiectiones
2666 2699 3019 2762 incurabiles,
3049 2707 3107 2753 et
3135 2698 3572 2766 redemptionem

1986 2793 2194 2846 faciens
2245 2792 2312 2845 iis
2358 2791 2451 2860 qui
2503 2791 2760 2845 invocant
2795 2806 2944 2856 eum,
2973 2800 3030 2845 et
3057 2791 3150 2860 qui
3182 2791 3248 2844 ad
3279 2806 3405 2844 eum
3439 2806 3579 2842 cnn-

1991 2881 2156 2946 versi,
2188 2881 2256 2934 ab
2285 2880 2437 2935 omni
2467 2881 2763 2935 dilectione
2787 2881 3001 2945 mundi,
3031 2890 3299 2950 quantum
3331 2879 3449 2934 ﬁeri
3483 2896 3579 2948 po-

1991 2983 2118 3038 test,
2148 2981 2344 3043 sponte
2369 2983 2426 3028 et
2447 2973 2760 3027 voluntarie
2787 2973 3074 3037 recedunt,
3103 2974 3309 3042 quique
3339 2980 3578 3026 mentem

1992 3083 2024 3121 a
2056 3065 2291 3121 terrenis
2342 3065 2675 3121 abstractam
2727 3066 2796 3120 ad
2852 3081 2979 3120 eum
3033 3074 3162 3118 voto
3215 3074 3271 3119 et
3300 3063 3582 3119 desiderio

1998 3157 2365 3226 suspendunt.
2418 3157 2703 3228 Ejusmodi
2756 3157 2940 3210 anima
2989 3157 3110 3226 ejus
3156 3156 3361 3210 auxilio
3417 3154 3583 3225 digna

1997 3249 2256 3311 habetur,
2290 3263 2413 3318 quae
2438 3248 2622 3302 omnia
2654 3264 2753 3318 pro
2780 3247 3076 3318 super-ﬂuis
3109 3247 3406 3310 existimat,
3438 3254 3496 3299 et
3527 3245 3583 3298 in

1998 3341 2148 3394 nulla
2180 3354 2239 3394 re
2269 3339 2544 3393 mundana
2578 3340 2909 3408 acquiescit;
2950 3339 3045 3394 sed
3088 3347 3370 3407 exspectat
3402 3337 3458 3390 in
3498 3352 3587 3391 re-

1997 3430 2125 3500 quie
2173 3429 2530 3500 benignitatis
2579 3428 2924 3498 requiescere
2971 3436 3027 3482 et
3073 3428 3354 3496 gaudere:
3400 3433 3456 3480 et
3505 3425 3589 3480 sic

1997 3538 2095 3592 per
2144 3521 2461 3593 hujusmodi
2515 3520 2679 3574 ﬁdem
2741 3521 2963 3576 coaleste
3011 3520 3218 3573 donum
3266 3527 3584 3581 consecuta,

2001 3632 2164 3673 omne
2207 3631 2369 3670 suum
2415 3614 2753 3669 desiderium
2798 3613 2854 3666 in
2889 3615 3049 3683 plena
3085 3613 3190 3667 ﬁde
3221 3628 3320 3681 per
3353 3611 3587 3680 gratiam

2002 3709 2259 3770 collocat,
2288 3717 2345 3760 et
2372 3704 2613 3772 denique
2644 3719 2884 3774 congrue
2908 3713 2964 3757 et
2986 3702 3380 3756 convenienter
3407 3700 3586 3769 Spiri-

2006 3797 2084 3852 tui
2117 3804 2309 3851 sancto
2331 3792 2632 3857 ministrat,
2663 3791 2911 3861 quotidie
2943 3790 3188 3844 bonitate
3213 3790 3318 3856 22
3346 3787 3587 3868 proiicit,

2004 3890 2172 3958 inque
2220 3886 2310 3940 via
2349 3884 2578 3956 iustitia:
2628 3898 2990 3953 perseverans
3034 3881 3090 3934 in
3135 3889 3486 3950 perpetuum.
3520 3879 3589 3932 ad

2002 3979 2226 4037 malitia:
2249 3993 2448 4048 genera
2478 3991 2587 4029 non
2617 3974 2878 4036 ﬂectitur,
2911 3990 3012 4027 nec
3039 3973 3106 4028 ad
3132 3971 3262 4027 vitia
3291 3972 3400 4026 ullo
3426 3969 3592 4026 modo
3628 4013 3632 4017 .

2005 4069 2270 4134 declinat,
2305 4075 2472 4137 atque
2506 4067 2737 4137 gratiam
2775 4065 2829 4118 in
2866 4064 3014 4118 nulla
3053 4080 3112 4118 re
3145 4063 3368 4117 tristitia
3402 4061 3591 4124 allicit,

2008 4171 2066 4219 et
2096 4170 2303 4217 aeterna
2338 4159 2518 4215 salute
2551 4175 2678 4214 cum
2721 4157 2980 4212 omnibus
3014 4156 3222 4210 sanctis
3266 4155 3429 4226 digna
3462 4169 3595 4208 cen—

2008 4263 2184 4320 setur,
2235 4253 2390 4308 velut
2439 4251 2507 4307 iis
2559 4250 2708 4305 socia
2751 4257 2808 4303 et
2841 4264 3026 4304 comes
3063 4247 3368 4302 imitatione
3399 4261 3596 4301 eorum

2013 4343 2070 4398 in
2104 4343 2312 4397 mundo
2349 4349 2694 4397 conversata.
2725 4339 2921 4394 Amen.

319 4437 617 4506 λυπήσασα
667 4439 769 4509 τῆς
840 4439 1059 4492 αἰωνίου
1114 4440 1388 4510 σωτηρίας
1459 4440 1558 4493 σὺν
1617 4441 1753 4494 πᾶσι
1800 4443 1914 4504 τοῖς
1952 4433 2128 4508 ἁγίοις
2181 4439 2534 4504 καταξιοῦται
2627 4435 2723 4490 ἆτε
2782 4435 2847 4504 δὴ
2888 4435 3139 4498 κοινωνὸς
3177 4434 3270 4486 καὶ
3299 4431 3597 4502 σύνδρομος

313 4528 466 4582 κατὰ
542 4528 770 4600 μίμησιν
840 4529 1020 4584 αὖτῶν
1098 4530 1158 4583 ὲν
1223 4532 1415 4602 κόσμῳ
1485 4531 1903 4602 διαστραφεῐσα.
1956 4531 2152 4603 Ἀμήν.

921 4645 1166 4699 ΟΜΙΛΙΑ
1215 4646 1289 4700 E'.

313 4733 531 4813 IIonlh
550 4734 921 4813 μετάστασις
948 4737 1179 4813 μεταξὺ
1211 4737 1331 4790 τῶν
1372 4738 1750 4813 Χριστιανῶν
1796 4736 1900 4813 καὶ

390 4805 854 4876 τῶνάνθρώπων
871 4807 978 4860 τοῦ
1006 4807 1239 4876 κόσμου
1281 4808 1519 4876 τούτου.
1551 4811 1614 4860 01
1639 4806 1755 4876 μὲν
1788 4807 1900 4876 γὰρ

389 4875 630 4952 graium
662 4875 768 4952 τρῦ
788 4876 1309 4952 κόσμου-ἔχοντες,
1333 4875 1412 4952 τῇ
1437 4876 1654 4952 καρδία
1695 4877 1795 4952 καὶ
1819 4875 1896 4952 τῷ

388 4944 478 5006 νῷ
501 4946 581 5014 γὲν
612 4944 992 5014 τοῖςίγηΐνοις
1007 4944 1253 5014 δεσμοῖς
1276 4947 1572 5000 δέδενται·
1598 4949 1654 4999 οὶ
1694 4946 1763 4999 δὲ
1787 4945 1902 5012 τὴν

389 5013 636 5086 ἀγάπην
664 5013 769 5067 τοῦ
812 5015 1176 5083 ἐπουρανίου
1199 5016 1431 5086 Πατρός
1479 5015 1901 5086 ἐπιποθοῦσιν,

390 5085 582 5138 αὑτὸν
601 5087 794 5152 μόνον
815 5088 927 5153 πρὸ
943 5085 1267 5156 ὀφθαλμῶν
1285 5085 1356 5140 ἐν
1381 5085 1588 5155 πολλῇ
1617 5086 1904 5155 ἐπιθυμίᾳ

394 5156 664 5224 ἔχοντες.

397 5270 481 5322 A'.
527 5269 587 5321 '0
635 5267 741 5321 τῶν
783 5267 1125 5338 Χριστιανῶν
1161 5269 1363 5340 κόσμος
1396 5269 1582 5339 ἕτερός
1623 5268 1764 5330 ἐστι,
1807 5265 1906 5320 καὶ

325 5360 594 5429 διαγωγὴ,
646 5359 740 5411 καὶ
786 5359 930 5422 νοῦς,
987 5358 1085 5411 καὶ
1137 5358 1314 5427 λόγος,
1367 5361 1463 5414 καὶ
1515 5359 1714 5430 πρᾶξις
1744 5359 1908 5429 ὲτέρα

321 5452 609 5522 τυγχάνει,
659 5450 752 5503 καὶ
786 5451 820 5521 ἡ
869 5450 977 5503 τῶν
1018 5449 1321 5521 ἀνθρώπων
1347 5450 1439 5504 τοῦ
1472 5451 1678 5520 κόσμου
1707 5449 1900 5503 τούτου

323 5543 598 5613 διαγωγὴ,
649 5542 742 5594 καὶ
770 5541 916 5607 νοῦς,
967 5542 1066 5596 καὶ
1115 5542 1292 5610 λόγος,
1339 5543 1433 5595 καὶ
1467 5542 1666 5610 πρᾶξις
1717 5539 1900 5611 ἑτέρα.

329 5634 496 5689 Ἀλλο
529 5631 582 5684 τί
634 5632 771 5684 εἰσιν
815 5631 1011 5685 ἐκεῖνοι
1049 5631 1139 5684 καὶ
1168 5629 1296 5683 ἄλλο
1328 5628 1381 5682 τί
1422 5629 1560 5682 εἰσιν
1595 5620 1772 5692 οὗτοι,
1810 5627 1905 5679 καὶ

397 5794 443 5826 ι’
476 5791 614 5847 Luc.
652 5805 803 5856 xvnl,
835 5790 890 5856 7,
926 5789 977 5844 8.

1057 5789 1101 5820 ⁵ο
1143 5788 1332 5843 Matth.
1375 5802 1467 5852 vn,
1511 5789 1562 5851 7,
1605 5787 1655 5840 8.
1735 5785 1776 5816 ⁵¹
1821 5784 1955 5839 Luc.
1999 5798 2074 5846 XI,
2117 5784 2168 5836 9.

1937 4629 1987 4688 D
2613 4637 2899 4694 HOMILIA
2937 4638 3001 4692 γ.

1998 4734 2202 4806 Magna
2223 4734 2531 4806 Adi/ferentia
2559 4733 2700 4806 inter
2728 4731 3057 4806 Christianos
3091 4731 3412 4806 et__liontincs
3439 4729 3600 4797 hujus

2069 4801 2270 4861 surculi.
2291 4801 2373 4860 "Hi
2401 4806 2538 4858 enim
2567 4803 2759 4869 spiritu
2793 4801 2978 4854 mundi
3009 4801 3222 4869 prtediti
3261 4801 3600 4869 an'imotenus

2072 4893 2136 4931 ac
2163 4875 2316 4929 corde
2349 4866 2684 4927 terrestribus
2721 4870 2942 4924 vinculis
2982 4866 3144 4922 vincti
3169 4878 3295 4920 sunt
3323 4885 3339 4920 :
3372 4866 3453 4920 illi
3475 4882 3600 4920 vero

2073 4944 2352 4998 dilectione
2373 4943 2596 4997 caelestis
2627 4942 2806 4994 Patris
2828 4941 3046 5003 detenti,
3069 4954 3190 4990 eum
3208 4937 3380 4990 solum
3402 4937 3462 4990 ob
3485 4951 3601 4989 ocu-

2075 5016 2152 5070 los
2186 5018 2243 5071 in
2271 5017 2417 5069 omni
2444 5013 2700 5067 desiderio
2727 5011 2941 5064 habent.

2080 5253 2123 5308 l.
2175 5251 2332 5306 Alius
2377 5257 2463 5305 est
2502 5247 2948 5304 Christianorum
2992 5247 3255 5313 mundus,
3285 5247 3434 5301 aliud
3473 5247 3601 5302 vita:

2015 5344 2352 5408 institutum,
2373 5342 2479 5396 alia
2499 5356 2676 5403 mens,
2706 5340 2846 5394 alius
2869 5357 3048 5394 sermo
3064 5349 3231 5410 atque
3261 5341 3367 5394 alia
3400 5352 3604 5409 opera;

2013 5446 2069 5491 et
2091 5435 2244 5490 aliud
2265 5442 2348 5488 est
2376 5433 2502 5487 vita:
2531 5433 2843 5486 institutum
2876 5431 3162 5486 hominum
3193 5432 3357 5502 hujus
3391 5431 3607 5494 nnmdi,

2013 5531 2120 5585 alia
2138 5546 2313 5595 mens,
2336 5530 2478 5583 alius
2506 5543 2713 5592 sermo,
2745 5535 2910 5597 atque
2939 5524 3044 5578 alia
3073 5538 3241 5593 opera
3267 5541 3280 5575 :
3302 5521 3453 5576 aliud
3479 5532 3615 5576 sunt

2015 5623 2116 5690 illi,
2148 5631 2202 5678 et
2226 5621 2376 5676 aliud
2406 5631 2534 5676 sunt
2563 5619 2658 5674 hi:
2692 5627 2750 5676 et
2779 5633 2975 5690 magna
3007 5615 3323 5672 ditIerentia
3349 5622 3436 5671 est
3459 5614 3614 5671 inter

2249 5783 2292 5814 δ’
2331 5777 2468 5834 ibid.
2502 5779 2587 5833 10.
