4016 6486
432 412 536 496 ι95

1670 427 1732 487 S.
1772 421 2090 486 MACARII
2131 419 2454 482 IEGYPTII

3585 403 3691 466 496

435 548 536 602 hos
577 555 634 600 et
665 544 811 600 illos.
862 545 1215 602 llabitatores
1241 546 1390 603 enim
1424 554 1608 607 terrae,
1637 550 1695 596 et
1722 539 1817 594 lilii
1849 537 2014 608 hujus

2136 534 2286 605 τολλὴ
2339 534 2619 595 διάστασις
2667 529 2871 601 μεταξὺ
2904 541 3108 581 τουτων
3157 521 3454 578 κάκείνων.
3491 515 3558 570 Oi
3585 516 3696 588 γάρ

435 637 620 694 saeculi
645 637 854 692 similes
870 645 998 693 sunt
1022 637 1300 692 frumento
1320 639 1376 692 in
1403 636 1645 691 cribrum
1669 633 1834 703 hujus
1856 639 2017 684 terrae

2136 627 2216 698 τῆς
2244 627 2348 698 γῆς
2381 626 2682 696 οίκήτορες,
2719 622 2812 676 καὶ
2831 620 2900 674 τὰ
2935 620 3100 673 τέκνα
3138 613 3460 714 τού-αἰῶνος
3481 609 3698 714 τούτου,

436 730 709 798 conjecto,
765 727 970 798 quippe
1026 727 1121 797 qui
1176 734 1595 781 commoventur
1640 702 1801 776 ﬂuxis
1849 719 2018 788 hujus

2136 717 2330 771 ιοίκασι
2371 715 2502 785 σίτῳ
2542 711 2859 784 βεϐλημένῳ
2895 709 2954 762 ἐν
2997 706 3149 776 σινίῳ
3194 703 3298 774 τῆς
3330 702 3439 798 γῆς
3469 702 3699 798 ταύτης,

437 819 629 874 mundi
682 818 1132 888 cogitationibus,
1184 827 1241 872 et
1287 813 1679 888 jactationibus
1730 808 2020 882 perpetuis

437 920 788 966 terrenarum
839 925 1048 974 rerum,
1092 908 1491 963 desideriorum
1520 920 1583 960 ac
1615 904 1888 959 variarum
1929 914 2020 953 co-

439 1002 770 1072 gitationum
805 1013 1115 1055 crassarum
1141 1017 1154 1052 :
1181 1001 1422 1069 jactante
1457 997 1669 1052 animas
1711 994 1932 1056 Satana,
1964 998 2022 1045 et

441 1091 727 1146 cribrante
755 1091 962 1155 cribro,
1001 1091 1104 1145 hoc
1133 1097 1235 1155 est,
1265 1089 1432 1144 rebus
1461 1087 1714 1150 terrenis,
1748 1098 1911 1138 omne
1933 1097 2024 1153 ge-

440 1197 548 1236 nus
576 1182 898 1247 humanum,
930 1192 1156 1250 peccato
1179 1180 1477 1236 obnoxium
1504 1195 1534 1232 a
1567 1188 1813 1247 tempore
1840 1178 2024 1246 lapsus

441 1272 592 1337 Δότε,
646 1273 740 1342 qui
801 1284 1178 1342 transgressus
1235 1271 1588 1333 mandatum,
1648 1270 1704 1324 in
1757 1268 2026 1338 principis

443 1366 665 1421 malitiae
690 1373 1016 1436 potestatem
1047 1365 1218 1420 venit.
1249 1365 1365 1431 Qua
1408 1365 1500 1419 ille
1544 1369 1788 1432 accepta.
1830 1376 2026 1432 perpe-

444 1457 556 1512 tuis
615 1457 866 1511 fraudum
931 1465 988 1511 et
1053 1456 1533 1526 perturbationum
1597 1453 2027 1526 cogitationibus

443 1547 671 1612 cribrat,
703 1556 760 1602 et
788 1548 998 1602 collidit
1025 1547 1210 1602 cribro
1251 1557 1410 1602 terrae
1453 1561 1647 1600 omnes
1691 1546 1832 1600 lilios
1857 1545 2026 1615 hujus

443 1639 652 1693 saeculi.

518 1814 585 1868 ll.
637 1814 1112 1880 Quemadmodum
1159 1815 1308 1868 enim
1359 1815 1413 1868 in
1456 1813 1644 1868 cribro
1703 1814 1947 1869 triticum
1998 1831 2028 1868 a

444 1905 728 1961 cribrante
749 1905 1018 1973 alliditur,
1045 1915 1101 1960 et
1131 1907 1187 1960 in
1213 1921 1282 1960 eo
1303 1907 1568 1976 agitatum
1601 1907 1862 1961 continue
1893 1921 2028 1961 con-

443 1994 712 2049 vertitur:
741 1995 823 2051 sic
851 1996 1108 2066 princeps
1132 1997 1354 2051 malitiae
1374 1997 1610 2052 terrenis
1631 1997 1797 2052 rebus
1821 1996 2031 2051 detinet

445 2086 722 2151 homines,
748 2087 927 2156 iisque
949 2102 1043 2142 eos
1073 2087 1263 2158 agitat,
1287 2088 1579 2142 conturbat
1603 2103 1666 2142 ac
1689 2097 2027 2154 commovet;

442 2184 502 2231 et
531 2185 590 2230 ut
619 2177 919 2231 allidantur
955 2178 1384 2246 cogitationibus
1415 2179 1594 2244 vanis,
1631 2178 2030 2248 cupiditatibus

444 2268 704 2338 turpibus
745 2284 810 2323 ac
845 2270 1084 2324 vinculis
1131 2271 1367 2325 terrenis
1397 2280 1453 2324 et
1483 2271 1795 2335 mundanis,
1840 2271 2025 2336 ellicit,

443 2359 656 2428 absque
706 2359 815 2413 ulla
870 2360 1282 2415 intermissione
1328 2361 1629 2430 captivans,
1673 2363 2027 2431 perturbans,

441 2459 500 2506 et
547 2451 803 2506 inescans
847 2466 1010 2506 omne
1054 2466 1232 2522 genus
1257 2454 1388 2508 Adae
1427 2462 1651 2523 peccato
1681 2455 2024 2509 obnoxium:

442 2541 909 2611 quemadmodum
943 2543 1215 2598 Dominus
1243 2544 1508 2614 apostolis
1547 2545 1788 2600 futuram
1819 2547 2026 2615 princi-

442 2633 531 2703 pis
553 2635 817 2704 nequitia:
838 2636 1102 2690 adversus
1133 2653 1228 2691 eos
1254 2637 1714 2692 insurrectionem
1736 2639 1990 2707 praedixit
2012 2658 2025 2692 :

441 2725 708 2796 Expetivt't
730 2725 964 2781 Satanas
995 2745 1080 2782 vos
1122 2729 1192 2782 ad
1225 2731 1562 2783 cribrandum
1591 2732 1722 2783 sicut
1757 2732 1986 2783 triticum
2010 2748 2028 2785 :

440 2818 533 2871 sed
575 2834 668 2888 ego
713 2821 895 2889 rogavi
939 2819 1160 2874 Patrem
1210 2838 1404 2883 meum,
1441 2839 1506 2874 ne
1535 2822 1746 2890 deﬁciat
1775 2822 1906 2890 ﬁdes
1938 2841 2028 2876 ve.-

439 2919 553 2962 stra
575 2910 642 2962 '3.
678 2910 920 2966 Verbum
955 2912 1103 2966 enim
1136 2913 1269 2966 illud
1301 2914 1447 2982 quod
1491 2930 1521 2967 a
1549 2914 1812 2970 Creatore
1857 2915 2029 2970 Caino

443 3001 653 3055 dictum
692 3012 798 3066 est,
826 3012 882 3056 ct
911 3004 1188 3059 sententia
1221 3005 1311 3059 illa
1342 3007 1518 3074 palam
1551 3007 1783 3075 prolata,
1831 3007 2028 3062 videli—

443 3099 552 3154 cet,
583 3091 804 3146 Gemens
831 3109 894 3145 ac
921 3104 1146 3147 tremens
1191 3111 1349 3163 super
1398 3103 1599 3148 terram
1643 3096 1928 3164 agitaberis
1959 3097 2024 3163 "",

2123 808 2488 878 σινιαζόμενοι
2525 808 2582 858 ἐν
2611 805 2867 866 ἀστάτοις
2895 801 3180 871 λογισμοῖς
3205 795 3302 850 τοῦ
3337 796 3550 864 κόσμου
3577 791 3704 844 τού-

2122 918 2238 963 του,
2275 899 2371 954 καὶ
2415 898 2560 968 σάλῳ
2611 898 2878 964 ἀπαύστῳ
2927 892 3037 947 τῶν
3085 891 3293 962 γηΐνων
3328 883 3704 957 πραγμάτων,

2123 991 2452 1062 ἐπιθυμιῶν,
2506 990 2599 1043 καὶ
2653 985 3010 1041 πολυπλόκων
3072 980 3293 1036 ἐννοιῶν
3337 975 3567 1039 ύλικῶν,
3607 974 3709 1036 τὰς

2123 1084 2304 1154 ψυχὰς
2367 1080 2788 1145 κλυδωνίζοντος
2833 1078 2929 1132 καί⁷
2973 1073 3306 1138 σινιάζοντος
3357 1068 3584 1124 Σατανᾶ
3621 1064 3711 1120 διὰ

2123 1175 2218 1227 τοῦ
2261 1174 2452 1239 σινίου,
2475 1171 2723 1224 τουτέστι
2748 1168 2857 1223 τῶν
2881 1169 3083 1238 γηΐνων
3117 1165 3484 1236 πραγμάτων,
3511 1163 3626 1214 πᾶν
3651 1158 3713 1212 τὺ

2128 1263 2449 1336 ἁμαρτωλδν
2481 1262 2635 1332 γένος
2662 1259 2770 1313 τῶν
2798 1256 3122 1329 ἀνθρώπων,
3145 1255 3254 1308 ἀπὸ
3274 1253 3374 1324 τῆς
3403 1250 3500 1306 τοῦ
3533 1248 3713 1319 ’Δδὰμ

2127 1354 2456 1417 ἐκπτώσεως
2499 1351 2847 1424 παραϐάντος
2894 1349 2994 1420 τὴν
3047 1347 3289 1416 ἐντολήν·
3333 1345 3426 1399 καὶ
3464 1341 3576 1396 ὑπὸ
3619 1340 3715 1394 τὸν

2129 1448 2364 1518 ἄρχοντα
2391 1446 2488 1516 τῆς
2515 1444 2780 1514 πονηρίας
2800 1443 3107 1512 γεγονότος,
3135 1439 3391 1502 λαϐόντος
3413 1434 3584 1491 αὐτοῦ
3615 1432 3716 1502 τὴν

2131 1540 2399 1606 ἐξουσίαν,
2457 1539 2552 1592 καὶ
2588 1537 2775 1591 λοιπὸν
2830 1535 3127 1598 ἀπαύστοις
3174 1532 3456 1602 λογισμοῖς
3491 1525 3719 1595 ἀπάτης

2132 1632 2227 1686 καὶ
2263 1631 2455 1684 κλόνου
2497 1629 2826 1693 σινιάζοντος
2863 1627 2958 1681 καὶ
2977 1623 3409 1697 προσκρούοντος
3442 1619 3525 1691 τῷ
3562 1616 3720 1687 σινίῳ

2132 1724 2231 1790 τῆς
2267 1721 2372 1790 Υῆς
2400 1721 2610 1783 πάντας
2649 1719 2776 1782 τοὺς
2801 1718 2954 1781 υἱοὺς
2993 1715 3088 1770 τοῦ
3131 1713 3324 1776 αἰῶνος
3352 1711 3572 1765 τούτου.

2206 1814 2280 1864 B'.
2309 1813 2518 1882 Ὠσπερ
2549 1811 2657 1880 γὰρ
2688 1811 2746 1864 ἐν
2774 1809 2853 1880 τῷ
2887 1808 3040 1877 σινίῳ
3059 1807 3086 1860 ό
3115 1806 3260 1868 σῖτος
3287 1803 3392 1856 ύπδ
3416 1801 3511 1856 τοῦ
3544 1799 3719 1854 σινιά-

2133 1904 2320 1969 ζοντος
2371 1907 2725 1976 προσκόπτει,
2774 1901 2869 1954 καὶ
2906 1901 2966 1954 ἐν
3011 1897 3160 1968 αύτῷ
3194 1896 3444 1958 ἀστάτως
3493 1891 3724 1946 σαλευό-

2135 2013 2296 2065 μενος
2342 1994 2656 2064 στρέφεται·
2687 1991 2832 2046 οὕτω
2873 1991 2962 2044 διὰ
2988 1989 3097 2043 τῶν
3128 1987 3333 2058 γηΐνων
3367 1983 3722 2055 πραγμάτων

2131 2087 2342 2150 πάντας
2370 2088 2496 2149 τοὺς
2551 2083 2873 2153 ἀνθρώπους
2927 2079 3146 2151 κατέχει
3204 2080 3232 2132 ό
3294 2077 3393 2146 τῆς
3449 2074 3724 2145 πονηρίας

2132 2179 2334 2247 ἄρχων,
2365 2175 2459 2228 καὶ
2485 2175 2553 2228 δι’
2579 2174 2759 2228 αὐτῶν
2792 2173 3030 2239 σαλεύει,
3061 2171 3158 2226 καὶ
3188 2169 3387 2228 κλονεῖ,
3419 2166 3520 2220 καὶ
3543 2181 3724 2236 προσ-

2131 2270 2355 2322 κόπτειν
2410 2269 2556 2321 ποιεῖ
2605 2267 2980 2335 διαλογισμοῖς
3025 2261 3299 2335 ματαίοις,
3333 2259 3427 2313 καὶ⁷
3457 2257 3724 2328 αἰσχραῖς

2131 2359 2452 2430 ἐπιθυμίαις
2475 2359 2571 2411 καὶ
2597 2359 2819 2428 δεσμοῖς
2844 2357 3054 2427 γηῖνοις
3080 2353 3174 2408 καὶ
3203 2351 3516 2421 κοσμικοῖς,
3545 2347 3722 2402 άστά-

2130 2469 2237 2516 τως
2270 2451 2682 2520 αίχμαλωτίζων
2716 2449 2806 2502 καὶ
2837 2447 3060 2510 κλονῶν,
3090 2445 3184 2499 καὶ
3207 2441 3490 2506 Δελεάζων
3520 2441 3633 2492 πᾶν
3658 2438 3723 2491 τὸ

2129 2543 2455 2613 ἁμαρτωλὸν
2488 2542 2643 2611 γένος
2667 2542 2760 2594 τού
2797 2540 2989 2609 Ἀδὰμ.
3033 2538 3110 2599 ὡς
3140 2539 3167 2590 ό
3191 2535 3394 2604 Κύριος
3421 2535 3539 2596 τοῖς
3574 2533 3716 2584 ἀπο-

2134 2637 2339 2697 στόλοις
2371 2635 2471 2706 τὴν
2515 2634 2610 2688 τοῦ
2662 2631 2901 2702 πονηροῦ
2961 2630 3082 2684 κατ’
3124 2627 3304 2682 αὐτῶν
3336 2625 3715 2679 ἐπανάστασιν

2134 2733 2432 2801 μέλλουσαν
2484 2726 3078 2798 ἔσεσθαιεπροέλεγεν·
3129 2721 3500 2791 Ἐξῃτήσατο
3558 2715 3719 2786 ὑμᾶς

2132 2827 2163 2878 ὀ
2198 2821 2466 2886 Σατανᾶς
2494 2821 2763 2876 σινιάσαι
2792 2821 2871 2884 ὡς
2901 2819 3006 2872 τὸν
3035 2817 3228 2871 σῖτον·
3248 2814 3386 2869 ἀλλ’
3413 2813 3529 2883 ἐγὼ
3550 2811 3721 2878 ἐδεή-

2131 2919 2246 2982 θην
2292 2915 2400 2969 τοῦ
2447 2918 2680 2984 Πατρός
2726 2931 2882 2983 μου,
2916 2913 3017 2966 ἵνα
3058 2911 3143 2979 μὴ
3175 2909 3398 2976 ἐκλίπῃ
3428 2907 3466 2975 ἡ
3509 2907 3719 2971 πίστις

2129 3007 2316 3078 ὑμῶν.
2363 3009 2421 3061 Ὀ
2469 3009 2578 3076 γὰρ
2609 3007 2688 3076 τῷ
2715 3007 2856 3059 Κάῖν
2885 3005 2989 3058 ύπὺ
3025 3003 3117 3057 τοῦ
3146 2999 3492 3073 Δημιουργοῦ
3529 2996 3719 3070 ῥηθεὶς

2131 3102 2307 3169 λόγος,
2345 3102 2438 3154 καὶ
2464 3102 2490 3171 ἡ
2521 3100 2797 3170 ἀπόφασις
2823 3101 2903 3162 είς
2933 3098 2994 3151 τὸ
3026 3096 3319 3168 προφανὲς,
3351 3094 3433 3161 τὸ,
3455 3093 3716 3158 Στένων,

447 3191 608 3251 typus
653 3190 710 3236 et
750 3182 930 3252 imago
978 3186 1194 3239 occulta
1239 3187 1486 3240 omnium
1537 3199 1890 3257 peccatorum
1923 3197 2028 3243 est.

2136 3195 2233 3248 καὶ
2284 3194 2531 3263 τρέμων,
2597 3193 2694 3245 καί
2761 3192 3075 3261 σειόμενος
3125 3191 3239 3257 ἔσῃ
3289 3188 3385 3242 ἐπὶ
3422 3185 3533 3254 τῆς
3580 3185 3713 3255 γῆς,

445 3273 541 3328 Sic
582 3274 732 3328 enim
776 3291 949 3344 genus
983 3276 1133 3339 Adae,
1166 3293 1290 3330 cum
1324 3278 1574 3347 neglecto
1605 3279 1702 3333 Dei
1734 3289 2029 3350 praecepto,

447 3373 679 3446 peccato
727 3365 1026 3421 obnoxium
1079 3367 1284 3422 factum
1331 3377 1513 3435 esset,
1551 3369 1699 3424 illam
1741 3371 2030 3441 imaginem

446 3458 687 3512 latenter
738 3458 794 3512 in
845 3473 906 3513 se
949 3459 1235 3529 possidere
1285 3461 1470 3530 cmpit,
1526 3462 1793 3532 agitatum
1843 3473 2034 3531 postea

446 3549 730 3603 continuis
777 3550 1203 3621 cogitationibus
1256 3560 1438 3607 metus
1475 3561 1532 3607 et
1574 3554 1807 3619 timoris,
1869 3563 2033 3624 atque

447 3641 630 3695 onmis
658 3642 1117 3711 perturbationis,
1160 3643 1330 3697 variis
1358 3643 1835 3713 enpiditalibnset
1879 3647 2035 3699 voln-

447 3733 715 3801 ptatibus,
763 3734 1019 3804 principe
1060 3734 1226 3804 hujus
1275 3737 1488 3801 mundi,
1527 3752 1746 3791 omnem
1793 3737 2032 3792 animam

447 3841 514 3878 ex
548 3827 658 3880 Deo
689 3843 799 3880 non
829 3834 1098 3892 renatam,
1128 3827 1238 3881 huc
1265 3827 1399 3885 illuc
1433 3828 1770 3898 impellente,
1800 3838 1858 3884 et
1883 3831 2036 3885 velut

448 3916 694 3971 triticum
722 3917 777 3971 in
803 3919 988 3973 cribro
1017 3919 1278 3989 agitatum
1323 3919 1548 3974 assidue
1571 3921 1856 3975 hominum
1882 3923 2032 3990 cogi-

449 4008 688 4064 tationes
736 4011 1134 4074 conturbante,
1189 4021 1353 4080 atque
1399 4012 1817 4068 seductionibus
1870 4015 2034 4084 hujus

449 4099 666 4163 mundi,
689 4108 748 4154 et
774 4101 1170 4171 voluptatibus,
1198 4111 1256 4156 et
1284 4103 1578 4158 timoribus
1625 4119 1689 4158 ac
1743 4105 2035 4174 perturba-

451 4189 698 4246 tionibus
725 4206 918 4245 omnes
940 4192 1182 4261 agitante
1207 4201 1372 4247 atcue
1395 4193 1696 4248 inescante.

520 4383 610 4437 Ill.
642 4384 829 4453 Itaque
861 4385 1152 4446 Dominus,
1181 4383 1482 4438 ostendens
1503 4399 1598 4449 eos
1627 4385 1720 4454 qui
1746 4385 2035 4441 illecebras

447 4481 506 4528 et
537 4475 875 4529 voluntatem
909 4475 1176 4544 principis
1201 4490 1436 4545 nequam
1466 4483 1794 4544 sequuntur,
1839 4475 2032 4548 imagi-

447 4581 575 4620 nem
599 4565 754 4620 Caini
783 4567 1003 4620 malitia:
1031 4575 1266 4636 gestare,
1291 4575 1346 4621 et
1376 4567 1788 4636 reprehendens
1811 4568 2032 4624 eosdem

449 4654 626 4708 dixit:
677 4654 794 4718 Vos,
844 4656 939 4717 ait,
991 4656 1252 4710 desideria
1303 4658 1471 4727 patris
1506 4660 1667 4711 vestri
1721 4658 1880 4712 vultis
1929 4659 2034 4729 23

447 4745 642 4812 facere.
675 4744 776 4799 Ille
807 4746 1070 4800 homicida
1093 4759 1206 4800 erat
1231 4747 1295 4801 ab
1320 4747 1492 4810 initio,
1524 4757 1574 4800 et
1603 4749 1659 4802 in
1685 4749 1904 4802 veritate
1928 4765 2036 4802 non

444 4839 584 4892 stetit
605 4839 671 4891 ⁸⁵.
718 4839 906 4908 Itaque
942 4838 1258 4893 universum
1293 4854 1468 4910 genus
1509 4840 1639 4895 Adae
1667 4849 1894 4910 peccato
1936 4841 2037 4895 ob-

445 4929 695 4994 noxium,
766 4930 1285 4986 condemnationem
1347 4931 1497 4986 illam
1544 4932 1806 4988 latentem
1865 4934 1918 4987 in
1973 4949 2033 4988 se

445 5019 635 5084 habet,
666 5021 928 5076 videlicet
956 5030 1215 5093 gementes
1258 5040 1319 5076 ac
1363 5031 1643 5076 trementes
1674 5025 1842 5090 eritis,
1878 5033 2034 5094 atque

445 5109 779 5177 agitabimini
800 5111 856 5182 in,
883 5113 1053 5166 cribro
1084 5121 1239 5166 terra:
1269 5131 1303 5166 a
1334 5109 1539 5167 Satana
1566 5114 1847 5169 cribrante.
1881 5114 2037 5170 Sicut

442 5201 593 5254 enim
625 5201 694 5256 ab
717 5218 827 5256 uno
843 5203 1015 5258 Adam
1035 5220 1208 5274 genus
1227 5205 1507 5259 hominum
1531 5223 1697 5276 super
1721 5218 1866 5263 terra
1891 5209 2037 5263 mul-

446 5291 755 5360 tiplicatum
786 5304 898 5359 est;
931 5294 1002 5349 ita
1028 5311 1134 5349 una
1155 5295 1396 5365 pravitas
1423 5296 1776 5351 aﬂ'ectionum
1809 5299 2036 5352 univer-

446 5397 577 5436 sum-
600 5398 773 5453 genus
803 5384 1089 5438 hominum
1126 5386 1344 5450 invasit,
1381 5387 1615 5458 illosque
1658 5403 1851 5443 omnes
1882 5388 2032 5458 prin-

445 5487 575 5540 ceps
606 5472 832 5527 malitiae
858 5475 1159 5539 continuis,
1189 5479 1411 5542 crassis,
1449 5479 1605 5532 vanis
1633 5493 1697 5532 ac
1731 5480 2034 5532 tumultuo-

446 5562 520 5614 sis
555 5565 982 5633 cogitationibus
1011 5575 1192 5635 potest
1225 5569 1494 5622 cribrare.
1523 5571 1658 5624 Nam
1705 5571 1850 5626 sicut
1888 5587 2034 5626 unus

444 5663 644 5709 ventus
686 5671 878 5712 omnes
907 5659 1126 5727 plantas
1169 5674 1232 5714 ac
1271 5662 1478 5714 semina
1519 5672 1699 5731 potest
1736 5663 1942 5732 agitare
1976 5671 2031 5716 et

2133 3287 2303 3350 τύπος
2351 3285 2447 3338 καὶ
2487 3283 2651 3337 είκὼν
2693 3284 2912 3337 πάντων
2943 3282 3050 3334 τῶν
3081 3280 3422 3352 ἁμαρτωλῶν
3458 3279 3718 3350 τυγχάνει

2135 3375 2276 3428 κατᾶ
2306 3376 2367 3428 τὸ
2398 3373 2660 3444 κρυπτόν.
2697 3371 2854 3426 Οὕτω
2888 3371 2996 3440 γὰρ
3024 3369 3258 3424 ἐκπεσὸν
3280 3371 3381 3440 τῆς
3409 3367 3632 3437 ἐντολῆς
3659 3365 3716 3420 τὸ

2139 3465 2288 3535 γένος
2333 3465 2525 3535 Ἀδὰμ,
2569 3466 2662 3518 καὶ
2691 3462 3015 3534 ἁμαρτωλὸν
3045 3461 3338 3523 καταστὰν,
3380 3459 3597 3529 ἐκείνην
3621 3456 3715 3527 τὴν

2135 3559 2318 3612 εἰκόνα
2343 3558 2483 3611 κατᾶ
2505 3559 2565 3610 τὸ
2589 3556 2831 3627 κρυπτὸν
2854 3555 3138 3623 κέκτηται,
3168 3551 3529 3622 σαλευόμενον
3553 3550 3715 3604 ἀστάυ

2135 3670 2247 3715 τοις
2281 3651 2562 3719 λογισμοῖς
2602 3648 2804 3713 δειλίας
2840 3665 2900 3700 τε
2939 3647 3033 3700 καὶ
3064 3646 3254 3716 φόϐου,
3289 3645 3384 3698 καὶ
3413 3643 3594 3712 πάσης
3623 3659 3712 3694 τα-

2140 3744 2332 3815 ραχῆς,
2363 3741 2684 3812 ἐπιθυμίαις
2712 3743 2802 3793 καὶ
2834 3741 3053 3810 ἡδοναῖς
3081 3737 3455 3798 παντοδαπαῖς
3486 3735 3584 3788 καὶ
3608 3751 3717 3786 ποι-

2136 3836 2316 3899 κίλαις
2359 3834 2453 3888 τοῦ
2487 3834 2747 3905 ἄρχοντος
2778 3831 2872 3886 τοῦ
2909 3832 3117 3902 κόσμου
3165 3829 3357 3884 τούτου
3411 3831 3592 3882 πᾶσαν
3624 3826 3720 3897 ψυ-

2135 3929 2236 4000 χὴν
2293 3927 2740 3991 κλυδωνίζοντος,
2790 3925 2890 3996 τὴν
2943 3923 3017 3994 μὴ
3065 3921 3472 3992 γεγεννημένην
3513 3920 3578 3972 ἐκ
3628 3916 3716 3972 τοῦ

2136 4019 2290 4085 Θεοῦ,
2332 4022 2426 4073 καὶ
2465 4020 2541 4082 ὡς
2574 4021 2721 4072 σῖτον
2773 4017 2832 4070 ἐν
2878 4017 3033 4087 σινίῳ
3075 4014 3443 4086 στρεφόμενον
3472 4011 3715 4074 ἁστάτως

2136 4112 2260 4174 τοὺς
2299 4111 2409 4163 τῶν
2450 4109 2752 4180 ἀνθρώπων
2803 4108 3098 4178 λογισμοὺς
3155 4105 3416 4167 ποικίλως
3466 4101 3719 4156 κλυδωνί-

2137 4202 2343 4268 ζοντος,
2379 4205 2436 4254 ἐν
2487 4203 2728 4264 ἀπάταις
2763 4201 3055 4270 κοσμικαῖς
3088 4197 3292 4268 σαρκὸς
3314 4238 3328 4261 ,
3373 4195 3470 4248 καὶ
3515 4193 3715 4262 φόϐοις,

2138 4297 2232 4348 καὶ
2267 4297 2535 4366 ταραχαῖς
2569 4293 2778 4355 πάντας
2822 4289 3143 4352 σαλεύοντος
3168 4328 3182 4352 ,
3224 4288 3318 4341 καὶ
3353 4284 3714 4350 δελεάζοντος.

2210 4386 2281 4442 Γ’.
2304 4385 2412 4438 Καὶ
2429 4385 2538 4456 γὰρ
2567 4385 2595 4437 ὁ
2612 4383 2815 4454 Κύριος
2833 4382 2959 4445 τοὺς
2979 4383 3097 4443 ταῖς
3123 4383 3360 4443 ἀπάταις
3385 4379 3481 4432 καὶ
3506 4380 3617 4438 τοῖς
3640 4376 3719 4429 οε-

2137 4476 2344 4546 λὴμασι
2377 4474 2470 4528 τοῦ
2507 4471 2745 4542 πονηροῦ
2795 4470 3282 4536 ἐξακολουθοῦντας
3326 4467 3609 4530 δεικνύων,
3640 4467 3716 4519 δτι

2138 4569 2237 4636 τὴν
2264 4567 2450 4620 εἰκόνα
2481 4564 2574 4618 τοῦ
2601 4565 2741 4618 Κάῖν
2754 4565 2853 4634 τῆς
2877 4562 3139 4633 πονηρίας
3172 4561 3453 4630 φέρουσιν,
3481 4559 3713 4628 ἐλέγχων

2139 4660 2334 4720 αὐτοὺς
2385 4658 2590 4726 ἔλεγεν·
2656 4658 2862 4726 Ὑμεις,
2901 4655 3056 4725 φησὶ,
3091 4655 3197 4719 τὰς
3245 4653 3560 4719 ἐπιθυμίας
3615 4649 3716 4704 τοῦ

2139 4749 2370 4817 Πατρός
2395 4747 2563 4817 ὑμῶν
2599 4748 2805 4802 θέλετε
2845 4747 3062 4801 ποιεῖν·
3112 4744 3376 4810 Ἐκεῖνος
3415 4747 3717 4812 ἁνθρωπο-
3769 4767 3773 4776 ·

2138 4843 2354 4905 κτόνος
2409 4837 2490 4911 ἦν
2544 4839 2854 4909 ἀπαρχῆς,
2913 4837 3015 4892 καὶ
3059 4838 3126 4891 ἐν
3170 4837 3242 4905 τῇ
3311 4837 3565 4906 ἀληθείᾳ
3608 4837 3718 4904 οὐχ

2138 4933 2418 5000 ἕστηκεν.
2451 4933 2616 4986 Ὥστε
2667 4934 2775 4986 πᾶν
2833 4931 3157 5002 ἁμαρτωλὸν
3215 4931 3372 4998 γένος
3421 4928 3514 4984 τοῦ
3551 4929 3720 4997 Ἀδάμ

2138 5027 2236 5098 τὴν
2262 5025 2559 5096 καταδίκην
2587 5023 2801 5095 ἐκείνην
2822 5024 2962 5077 κατὰ
2983 5022 3042 5075 τὸ
3062 5021 3301 5091 κρυπτὸν
3329 5020 3614 5090 κέκτηται,
3639 5015 3717 5084 τὸ,

2140 5117 2463 5181 Στένοντες
2495 5115 2593 5170 καὶ
2624 5115 2939 5184 τρέμοντες
2966 5115 3184 5167 ἔσεσθε
3211 5114 3509 5178 σειόμενοι
3535 5111 3605 5164 ἐν
3643 5107 3719 5174 τῷ

2139 5207 2316 5274 σινίῳ
2355 5206 2466 5275 τῆς
2523 5204 2654 5273 γῆς,
2713 5204 2833 5260 ὑπὸ
2874 5205 2980 5258 τοῦ
3031 5202 3406 5267 σινιάζοντος
3461 5197 3716 5256 Σατανᾶ.

2141 5298 2356 5365 ’Ὠσπερ
2385 5298 2494 5367 γὰρ
2530 5295 2588 5360 ἐξ
2620 5295 2738 5357 ἐνὸς
2766 5295 2860 5350 τοῦ
2907 5296 3080 5365 Ἀδὰμ
3125 5295 3232 5348 πᾶν
3303 5294 3363 5347 τὸ
3416 5293 3574 5361 γένος
3613 5291 3716 5345 τῶν

2139 5389 2444 5458 ἀνθρώπων
2466 5389 2558 5441 ἐπὶ
2586 5390 2685 5458 τῆς
2717 5388 2820 5457 γῆς
2847 5385 3168 5457 ἐφηπλὼθη·
3199 5385 3341 5440 οὕτω
3373 5385 3472 5454 μία
3507 5401 3590 5446 τις
3619 5399 3714 5436 κα-

2139 5480 2232 5532 κία
2259 5479 2368 5532 τῶν
2401 5479 2588 5532 παθῶν
2623 5480 2703 5541 εἰς
2741 5480 2800 5530 τὸ
2833 5477 3156 5548 ἁμαρτωλὸν
3189 5477 3344 5545 γένος
3374 5474 3483 5527 τῶν
3512 5471 3713 5543 ἀνθρώ·

2139 5589 2256 5624 πων
2287 5570 2639 5639 ἐγκατέδυσε,
2673 5571 2767 5624 καὶ
2797 5569 3007 5632 πάντας
3045 5569 3073 5620 ὁ
3099 5570 3200 5639 τῆς
3229 5565 3429 5629 κακίας
3455 5566 3635 5636 ἁρχων
3657 5563 3710 5615 ἐν

2138 5663 2415 5726 ἁστάτοις,
2449 5663 2546 5715 καὶ
2570 5661 2797 5727 ύλικοῖς,
2825 5661 2917 5714 καὶ
2949 5659 3223 5729 ματαίοις,
3254 5657 3348 5711 καὶ¹
3378 5653 3709 5726 ταραχώδεσι

519 5831 561 5862 ⁸³
592 5831 724 5886 Luc.
761 5851 888 5901 χχιι,
921 5837 1011 5904 5i,
1045 5837 1130 5892 '52.
1211 5839 1256 5870 δ”
1289 5837 1425 5892 Gen.
1462 5853 1537 5904 μ’,
1584 5837 1665 5892 1'2.
1746 5840 1788 5869 ⁵⁵
1825 5841 1980 5894 Joan.
2016 5855 2129 5903 vni,
2181 5839 2266 5893 Η.
