4016 6438
249 375 341 456 49ῖ

1508 376 1879 444 IIOMILUE.
1909 406 1980 419 ·-
2002 383 2188 446 ΗΟΜ.
2231 386 2299 447 ν.

3422 403 3528 468 498

254 483 530 549 λογισμοῖς
559 483 827 548 σινιάζειν
851 484 1104 554 ἐπαρκεῖ.
1134 482 1346 553 Ὥσπερ
1372 481 1485 552 γὰρ
1519 478 1601 546 εἷς
1630 483 1832 555 ἄνεμος

1964 504 2328 557 :ommovere;
2379 503 2474 548 aut
2526 497 2696 551 veluti
2749 514 2869 555 unrc
2922 503 3162 560 tenebras
3207 509 3389 563 noctis
3437 527 3535 579 per

256 576 428 630 πάντα
469 577 546 628 τὰ
588 577 735 644 φυτά
782 578 878 630 καὶ
917 576 986 630 τὰ
1020 575 1316 646 σπέρματα
1351 576 1587 644 ἐπαρκεῖ
1627 575 1840 631 κλονεῖν

256 667 346 720 καὶ
377 666 548 719 σείειν
569 683 585 698 ·
619 667 653 738 ἢ
694 667 883 737 ὥσπερ
919 667 978 720 ἓν
1017 666 1209 730 σκότος
1237 666 1338 736 τῆς
1367 666 1562 730 νυκτὸς
1605 667 1699 720 ἐπὶ
1734 668 1841 720 πᾶ-

257 775 352 814 σαν
378 759 481 829 τὴν
506 759 837 828 οἰκουμένην
867 757 1224 827 ὲφαπλοῦται,
1260 757 1436 818 οὕτως
1466 759 1494 810 ὁ
1528 757 1630 827 τῆς
1668 774 1839 829 πονη-

259 851 377 921 ρίας
425 852 640 921 ἄρχων,
680 851 872 915 σκότος
906 869 961 903 τι
991 852 1211 918 λογικὸν
1250 850 1448 914 κακίας
1477 852 1573 904 καὶ
1607 850 1839 904 θανάτου

256 942 546 1011 ὑπάρχων,
591 942 689 995 καὶ⁵
738 941 941 1010 ἄνεμός
972 959 1057 1006 τις
1101 941 1340 1011 κρυπτὸς
1375 942 1471 994 καὶ
1503 941 1692 1012 ἄγριος
1719 958 1849 1010 τυγ-

257 1033 456 1103 χάνων,
515 1033 626 1086 πᾶν
675 1033 738 1085 τὸ
796 1034 890 1085 ἐπὶ
938 1036 1036 1103 τῆς
1082 1035 1185 1102 γῆς
1223 1032 1379 1100 γένος
1409 1033 1846 1104 τῶνάνθρώπων

260 1123 605 1187 κλυδωνίζει,
646 1125 742 1177 καὶ
793 1124 1082 1194 περιφέρει
1109 1123 1370 1188 ἀστάτοις
1398 1123 1702 1194 λογισμοῖς,
1747 1125 1845 1178 καὶ

257 1213 582 1284 ἐπιθυμίαις
609 1214 815 1286 κόσμου
838 1214 1110 1279 δελεάζων
1137 1215 1237 1278 τὰς
1257 1215 1487 1286 καρδίας
1505 1215 1613 1268 τῶν
1633 1215 1846 1286 ἀνθρὼ-

258 1321 393 1368 πων,
431 1307 532 1359 καὶ
579 1306 803 1369 σκότους
837 1307 1137 1376 ἀγνωσίας,
1191 1308 1497 1379 πηρώσεως
1542 1307 1638 1361 καὶ
1667 1307 1844 1378 λήθης

261 1395 622 1466 ἐμπίμπλησι
657 1399 836 1450 πᾶσαν
867 1397 1066 1468 ψυχὴν,
1095 1397 1194 1470 τὴν
1227 1399 1300 1470 μὴ
1332 1397 1540 1452 ἄνωθεν
1583 1413 1844 1468 γεγεννη-

1947 581 2261 637 universam
2322 592 2523 640 terram
2592 590 3086 661 multiplicantur:
3144 597 3219 652 ita
3273 601 3536 672 princeps

1947 673 2190 737 malitiae,
2242 673 2338 744 qui
2381 687 2466 732 est
2499 679 2652 734 velut
2693 684 2933 740 tenebrae
2979 689 3275 746 rationales
3309 693 3537 748 malitiae

1947 769 2004 818 et
2053 766 2267 826 mortis.
2316 782 2380 821 ac
2434 769 2589 824 velut
2638 781 2839 828 ventus
2884 778 3137 835 occultus
3183 791 3240 835 et
3281 783 3532 852 agrestis,

1950 871 2113 911 omne
2155 873 2330 926 genus
2379 859 2704 927 humanum,
2757 867 2904 934 quod
2951 879 3038 925 est
3091 886 3259 942 super
3308 882 3534 940 terram,

1953 946 2246 1001 conturbat
2273 963 2337 1002 ac
2371 948 2699 1022 circumagit
2737 956 3018 1013 continuis
3062 962 3531 1030 cogitationibus:

1953 1043 2009 1088 et
2043 1034 2417 1104 voluptatibus
2450 1040 2641 1094 mundi
2682 1042 2893 1098 inescat
2932 1047 3097 1102 corda
3142 1049 3428 1104 hominum
3471 1067 3536 1106 ac

1951 1125 2305 1180 tenebrarum
2337 1128 2666 1198 ignorantia,
2695 1135 2938 1191 caecitate
2973 1147 3028 1192 et
3053 1138 3332 1196 oblivione
3361 1143 3538 1211 replet

1950 1230 2168 1272 omnem
2198 1220 2434 1274 animam
2463 1221 2700 1292 desuper
2727 1242 2835 1281 non
2867 1241 3136 1295 renatam,
3165 1240 3330 1303 atque
3353 1244 3540 1292 mente

1948 1315 2006 1362 et
2059 1309 2244 1364 animo
2299 1311 2353 1365 in
2410 1314 2670 1368 saeculum
2715 1317 2866 1372 aliud
2909 1336 3019 1375 non
3068 1325 3431 1380 translatam:
3476 1335 3541 1382 ut

1949 1399 2159 1454 dictum
2199 1409 2284 1456 est
2311 1419 2324 1455 :
2358 1402 2553 1458 Nostra
2586 1412 2910 1464 conversatio
2939 1413 2994 1465 in
3021 1412 3160 1467 ca’lis
3191 1416 3351 1470 est“.
3495 1413 3499 1416 ’

264 1490 451 1560 μένην,
485 1491 583 1542 καὶ
611 1489 690 1560 τῷ
719 1493 1030 1561 φρονήματι
1075 1494 1170 1545 καὶ
1200 1491 1278 1563 τῷ
1303 1493 1379 1563 νῷ
1411 1493 1467 1544 ἐν
1502 1490 1650 1562 ἄλλῳ
1679 1491 1838 1545 αἰῶνι
1876 1492 2335 1563 μεταδεδηκυϊαν·
2396 1495 2580 1560 καθὼς
2620 1499 2866 1572 εἴρηται·
2934 1502 3123 1573 Ἠμῶν
3159 1504 3229 1558 δὲ
3265 1507 3333 1561 τὸ
3362 1506 3538 1561 πολί-

263 1591 446 1649 τευμα
481 1581 554 1634 ἐν
584 1580 862 1648 οτῖιρανοῖς
889 1579 1170 1650 ὑπάρχει.

328 1675 401 1725 Δ⁹.
465 1671 558 1724 Ἐν
589 1671 768 1742 τούτῳ
809 1671 919 1742 γὰρ
970 1671 1320 1740 διαφέρουσιν
1358 1670 1408 1722 οἱ
1441 1669 1665 1740 ἀληθεῖς
1710 1671 1848 1741 Χρι-

264 1763 471 1818 στιανοὶ
508 1764 712 1826 παντὸς
735 1763 827 1817 τοῦ
850 1763 1042 1832 γένους
1065 1763 1172 1816 τῶν
1195 1762 1291 1816 ἀνθ
1299 1762 1519 1834 ρώπων,
1551 1764 1646 1817 καὶ
1676 1763 1846 1834 πολλὴ

2022 1667 2111 1724 IV.
2143 1669 2202 1724 In
2234 1671 2341 1725 hoc
2370 1671 2518 1727 enim
2549 1674 2950 1732 differuntveri
2974 1679 3270 1736 Christiani
3296 1684 3363 1738 ab
3386 1686 3539 1740 omni

1952 1774 2153 1829 genere
2181 1761 2500 1830 hominum;
2533 1775 2589 1820 et
2623 1782 2817 1837 magna
2847 1769 3158 1825 diderentia
3187 1773 3330 1827 inter
3359 1783 3542 1830 utros-

263 1855 544 1917 διάστασις
580 1854 785 1924 μεταξὺ
833 1857 1157 1924 ἀμφοτέρων
1193 1855 1472 1925 τυγχάνει,
1498 1855 1574 1918 ὡς
1632 1855 1851 1924 προελέ-

1964 1865 2083 1919 que,
2138 1861 2196 1906 ut
2239 1855 2490 1922 praedixi,
2535 1867 2794 1912 versatur
2838 1859 2895 1914 in
2936 1876 3024 1926 eo,
3053 1862 3201 1931 quod
3231 1864 3449 1926 animus
3485 1875 3544 1922 et

264 1963 452 2013 γομεν,
516 1945 576 1997 ὲν
634 1945 712 2014 τῷ
778 1946 867 1999 τὸν
906 1945 1028 1998 νοῦν
1065 1947 1158 1999 καὶ
1217 1945 1314 2017 τὴν
1345 1947 1582 2000 διάνοιαν
1617 1949 1850 2001 πάντοτε

266 2037 319 2090 ὲν
355 2036 433 2106 τῷ
461 2037 701 2108 οὐρανίῳ
740 2038 1048 2108 φρονήματι
1076 2037 1390 2106 τυγχάνειν,
1430 2040 1526 2092 καὶ
1548 2039 1616 2091 τὰ
1649 2037 1847 2092 αἰώνια

265 2127 442 2194 ἀγαθά
483 2128 898 2197 ὲνοπτρίζεσθαι
942 2127 1031 2180 διὰ
1075 2128 1172 2199 τὴν
1217 2127 1510 2198 μετουσίαν
1569 2131 1664 2181 καὶ
1727 2147 1855 2198 μετ-

266 2218 396 2286 οχὴν
437 2216 535 2269 τοῦ
559 2217 879 2286 Πνεύματος
915 2216 1008 2269 τοῦ
1063 2217 1243 2285 ἁγίου,
1293 2216 1371 2287 τῷ
1411 2217 1617 2271 ἄνωθεν
1655 2218 1855 2282 αὐτοὺς

269 2311 331 2361 ὲκ
361 2307 503 2361 Θεοῦ
556 2308 958 2378 γεγεννῆσθαι,
1016 2310 1111 2361 καὶ
1158 2309 1325 2363 τέκνα
1361 2309 1496 2363 Θεοῦ
1533 2313 1590 2363 ὲν
1623 2309 1854 2381 ἀληθείᾳ

273 2407 360 2458 καὶ
403 2404 640 2474 δυνάμει
673 2404 928 2472 γενέσθαι
967 2405 1364 2474 κατηξιῶσθαι,
1401 2407 1495 2458 καὶ
1547 2404 1628 2465 εἰς
1669 2403 1856 2456 στάσιν

271 2496 360 2547 καὶ
388 2494 742 2563 ἑδραιότητα,
775 2495 869 2547 καὶ
903 2493 1203 2562 ἀταραξίαν
1249 2494 1343 2547 καὶ
1385 2493 1730 2546 κατάπαυσιν
1753 2493 1854 2546 αὑ-

273 2588 388 2648 τοὺς
445 2587 538 2639 διά
589 2586 800 2639 πολλῶν
834 2586 1062 2654 ἀγώνων
1113 2586 1206 2640 καὶ
1266 2586 1474 2651 κόπων,
1510 2585 1607 2638 καὶ
1651 2583 1856 2654 χρόνων

275 2678 698 2748 κατηντηκέναι,
757 2678 958 2747 μηκέτι
1001 2678 1410 2743 σινιαζομένους
1458 2677 1550 2728 καὶ
1591 2692 1856 2744 κυμαινο-

279 2768 470 2838 μένους
517 2771 576 2821 ἐν
625 2769 901 2830 ἀστάτοις,
959 2767 1054 2820 καὶ
1111 2766 1364 2838 ματαίοις
1429 2767 1746 2837 λογισμοῖς·
1801 2767 1858 2818 ὲν

274 2861 444 2932 τούτῳ
482 2861 590 2914 εἰσὶ
621 2859 842 2931 μείζους
887 2860 981 2913 καὶ
1015 2861 1327 2931 κρείττονες
1354 2857 1448 2912 τοῦ
1505 2859 1738 2928 κόσμου,
1770 2858 1858 2911 διὰ

275 2955 330 3005 τὸ
361 2954 456 3005 τὸν
510 2951 634 3005 νοῦν
686 2951 866 3005 αὐτῶν
919 2953 1014 3004 καὶ
1061 2952 1122 3005 τὸ
1167 2953 1419 3022 φρόνημα
1462 2952 1560 3020 τῆς
1593 2952 1770 3021 ψυχῆς
1803 2952 1860 3004 ἐν

273 3051 334 3116 τῇ
365 3046 464 3099 τοῦ
505 3045 742 3114 Χριστοῦ
789 3047 1004 3116 εἰρήνῃ,
1053 3044 1150 3099 καὶ
1194 3047 1250 3097 ἐν
1295 3047 1360 3114 τῇ
1396 3043 1488 3097 τοῦ
1543 3043 1862 3112 Πνεύματος

273 3137 466 3207 ἀγάπῃ
511 3135 825 3204 τυγχάνειν·
873 3133 1062 3204 ὥσπερ
1105 3136 1201 3188 καὶ
1250 3135 1277 3186 ὁ
1309 3133 1514 3204 Κύριος
1573 3134 1702 3206 περὶ
1752 3135 1860 3187 τῶν

274 3228 534 3282 τοιούτων
566 3226 979 3297 διεξερχόμενος
1017 3226 1171 3294 ἔλεγε
1204 3226 1641 3295 μεταϐεϐηκέναι
1669 3229 1733 3280 ἐκ
1765 3228 1857 3280 τοῦ
1887 3214 1930 3271 (ἶ

276 3321 511 3373 θανάτου
562 3321 640 3381 είς
675 3318 776 3385 τὴν
809 3318 977 3387 ζωήν.
1030 3317 1334 3387 Τοιγαροῦν
1366 3319 1466 3371 οὑκ
1510 3319 1568 3370 ὲν
1618 3318 1861 3389 σχήμασι

276 3416 371 3470 καὶ
416 3412 613 3475 τύποις
647 3411 930 3482 ἐξωτέροις
979 3413 1012 3482 ἡ
1044 3411 1330 3475 ἀλλοίωσις
1376 3411 1484 3465 τῶν
1518 3413 1862 3484 Χριστιανῶν

279 3503 538 3574 ὑπάρχει,
582 3501 657 3565 ὡς
712 3503 760 3554 οί
816 3500 998 3554 πολλοὶ
1053 3502 1110 3553 ἐν
1139 3500 1310 3570 τούτῳ
1339 3501 1542 3554 οἴονται
1591 3497 1729 3554 εἶναι
1766 3501 1863 3573 τὴν

277 3595 542 3666 διαφορὰν
579 3596 672 3649 καὶ
715 3594 983 3666 διάκρισιν
1025 3595 1229 3663 μεταξὺ
1279 3595 1373 3646 καὶ
1417 3595 1598 3647 αὐτῶν
1631 3597 1688 3647 ὲν
1735 3596 1865 3664 σχή-

280 3707 410 3759 μασι
446 3688 544 3741 καὶ
572 3686 786 3749 τύποις·
835 3685 929 3739 καὶ
979 3685 1090 3738 ίδοὺ
1151 3683 1228 3754 τῷ
1264 3683 1340 3753 νῷ
1391 3685 1488 3738 καὶ
1535 3687 1601 3755 τῇ
1657 3685 1866 3755 διανοίᾳ

273 3784 454 3850 ὅμοιοι
499 3779 578 3850 τῷ
614 3780 805 3850 κόσμῳ
835 3779 1186 3848 τυγχάνουσι,
1235 3777 1327 3830 τὸν
1359 3777 1580 3848 σεισμὸν
1610 3779 1703 3830 καὶ
1730 3779 1864 3830 ἀκα-

273 3872 579 3926 ταστασίαν
624 3871 737 3923 τῶν
774 3870 1076 3939 λογισμῶν,
1111 3869 1204 3922 καὶ
1237 3869 1516 3935 ἀπιστίαν,
1547 3868 1640 3921 καὶ
1665 3869 1866 3940 σύγχυ-

280 3983 390 4030 σιν,
417 3965 511 4016 καὶ
538 3962 807 4034 ταραχὴν,
856 3961 951 4015 κοιλ¹
997 3961 1201 4016 δειλίαν
1243 3962 1317 4025 ὠς
1349 3961 1548 4023 πάντες
1576 3964 1624 4013 οἱ
1656 3961 1866 4029 ἄνθρω-

279 4074 376 4110 ποι
431 4056 666 4124 ἔχοντες.
729 4054 840 4108 Καὶ
873 4052 952 4122 τῷ
985 4053 1083 4123 μὲν
1121 4055 1383 4124 σχήματι,
1439 4055 1534 4108 καὶ
1581 4054 1658 4124 τῷ
1692 4055 1867 4108 δοκεῖν

276 4149 377 4202 τοῦ
408 4149 615 4218 κόσμου
665 4146 1002 4218 διαφέρουσι,
1038 4147 1132 4200 καί
1163 4164 1306 4200 τισιν
1346 4147 1635 4218 έξωτέροις
1669 4166 1869 4220 κατορ-

277 4242 521 4311 Θὼμασι·
574 4242 641 4310 τῇ
692 4239 750 4292 δὲ
810 4238 1026 4310 καρδίᾳ.
1055 4238 1149 4292 καὶ
1178 4238 1256 4310 τῷ
1283 4239 1381 4308 νῷ,
1416 4240 1473 4291 ὲν
1519 4241 1630 4301 τοῖς
1661 4239 1870 4310 γηῖνοις

272 4335 504 4402 δεσμοῖς
531 4332 796 4394 δέδενται,
828 4330 1138 4384 ἀνάπαυσιν
1168 4331 1232 4384 ἐκ
1257 4330 1352 4383 τοῦ
1394 4330 1530 4384 Θεοῦ
1581 4333 1677 4384 καὶ
1713 4333 1870 4402 εἰρή-

274 4443 383 4493 νην
429 4423 528 4492 τὴν
572 4421 665 4475 τοῦ
720 4421 1039 4492 Πνεύματος
1085 4421 1332 4492 οὐράνιον
1365 4423 1421 4475 ὲν
1451 4425 1516 4493 τῇ
1562 4423 1761 4494 καρδίᾳ
1795 4423 1870 4494 μὴ

273 4513 634 4584 κεκτημένοι·
662 4512 787 4566 ἐπεὶ
820 4512 912 4566 οῦν
949 4513 1052 4566 οὐκ
1086 4513 1359 4582 ἐζήτησαν
1402 4512 1555 4585 παρά
1579 4512 1738 4576 Θεοῦ,
1771 4515 1867 4567 καὶ
1901 4533 1946 4589 D

276 4608 388 4660 οὐκ
423 4605 755 4659 ἐπίστευσαν
785 4603 992 4659 τούτων
1029 4605 1460 4674 καταξιωθῆναι.

354 4698 433 4751 E'.
473 4697 561 4749 'Ev
599 4697 708 4766 γάρ
753 4697 818 4765 τῇ
852 4696 946 4749 τοῦ
993 4695 1111 4759 νοὸς
1139 4697 1479 4750 ἀνακαινίσει
1513 4696 1610 4750 καὶ
1658 4698 1724 4767 τῇ
1760 4696 1869 4749 τῶν

275 4788 563 4858 λογισμῶν
620 4790 833 4861 εἰρήνῃ,
889 4789 984 4841 καὶ
1033 4790 1100 4858 τῇ
1153 4786 1250 4840 τοῦ
1302 4788 1507 4859 Κυρίου
1551 4789 1742 4861 ἀγάπῃ
1776 4789 1871 4842 καὶ

275 4879 526 4950 οὐρανίῳ
593 4879 776 4950 ἔρωτι,
829 4881 864 4949 ἡ
921 4879 1082 4948 καινὴ
1141 4878 1318 4942 κτίσις
1373 4879 1480 4932 τῶν
1523 4879 1871 4946 Χριστιανῶν

275 4974 508 5028 πάντων
539 4970 842 5042 ἀνθρώπων
887 4970 983 5023 τοῦ
1035 4971 1245 5040 κόσμου
1275 4970 1550 5041 διαφέρει.
1582 4971 1672 5023 Διὸ
1709 4972 1803 5024 καὶ
1839 4973 1872 5040 ἡ

272 5064 503 5126 ἔλευσις
551 5061 645 5114 τοῦ
693 5063 902 5132 Κυρίου
935 5062 1150 5129 γέγονε,
1179 5061 1388 5114 τούτων
1417 5061 1526 5115 τῶν
1572 5080 1872 5130 πνευματι-

273 5155 400 5209 κῶν
453 5152 678 5222 ἀγαθῶν
711 5151 1048 5218 καταξιῶσαι
1082 5154 1207 5218 τοὺς
1251 5152 1468 5224 ἀληθῶς
1516 5153 1877 5218 πιστεύοντας

274 5249 365 5311 εἰς
413 5247 599 5301 αὐτόν.
640 5245 984 5317 Χριστιανῶν
1042 5246 1151 5315 γάρ
1197 5249 1230 5316 ἡ
1261 5247 1409 5310 δόξα,
1447 5247 1540 5300 καὶ
1570 5247 1627 5299 τὸ
1655 5246 1870 5312 κάλλος,

274 5340 382 5393 καὶ
413 5340 443 5392 ό
475 5337 702 5400 πλοῦτος
735 5338 764 5390 ὁ
803 5336 1054 5406 οὐράνιος
1101 5335 1367 5406 ἀλάλητός
1411 5339 1551 5402 ἐστι,
1596 5337 1690 5390 καὶ
1735 5336 1876 5407 μετά

273 5433 474 5494 πόνου,
533 5429 626 5482 καὶ
660 5428 922 5500 ἱδρώτων,
960 5429 1056 5481 καὶ
1107 5428 1465 5498 δοκιμασιῶν,
1517 5431 1610 5482 καὶ
1645 5428 1874 5496 ἀγώνων

274 5520 502 5574 πολλῶν
538 5519 916 5590 ποριζόμενος·
940 5518 1000 5571 τὸ
1027 5518 1084 5572 δὲ
1111 5518 1252 5586 ὅλον,
1277 5518 1457 5590 χάριτι
1482 5519 1640 5573 Θεοῦ.
1672 5522 1735 5573 Ei
1765 5522 1875 5592 γὰρ

267 5609 307 5680 ἡ
351 5605 453 5661 τοῦ
481 5606 726 5676 ἐπιγείου
764 5605 1030 5677 βασιλέως
1057 5605 1156 5660 θέα
1181 5607 1494 5679 ὲπιθυμητὴ
1518 5611 1669 5681 παρὰ
1707 5612 1874 5666 πᾶσιν

342 5792 394 5826 ⁸⁸
442 5787 688 5860 Philipp.
727 5804 810 5854 Ill,
846 5786 937 5842 ‘20.
1014 5789 1059 5820 "
1086 5786 1245 5844 Joan.
1278 5804 1329 5855 v,
1365 5785 1454 5845 21.

1953 1941 2269 2000 intellectus
2321 1945 2764 2004 Christianorum
2816 1966 3036 2022 semper
3087 1954 3233 2010 circa
3288 1957 3544 2012 caelestes

1953 2041 2314 2110 cogitationes
2360 2053 2632 2109 versetur,
2682 2054 2738 2102 et
2787 2049 3028 2104 caelestia
3079 2050 3220 2105 bona
3263 2050 3546 2107 intueatur

1951 2141 2180 2201 prOpter
2210 2135 2688 2205 participationem
2732 2137 2972 2207 Spiritus
3010 2141 3222 2207 sancti;
3255 2143 3403 2211 quod
3446 2143 3546 2197 de-

1954 2239 2119 2293 super
2146 2239 2213 2278 ex
2243 2226 2355 2280 Deo
2379 2226 2514 2293 nati,
2547 2237 2604 2284 et
2633 2239 2696 2284 ut
2724 2229 2856 2284 ﬁant
2884 2229 2980 2285 ﬁlii
3013 2233 3108 2286 Dei
3141 2233 3198 2287 in
3230 2235 3462 2290 veritate
3489 2244 3548 2290 et

1954 2315 2223 2384 potentia,
2259 2317 2410 2388 digni
2454 2320 2753 2374 existimati
2790 2320 2918 2387 sint,
2948 2331 3112 2391 atque
3145 2323 3212 2377 ad
3249 2333 3454 2380 statum
3489 2334 3548 2381 et

1958 2406 2337 2474 stabilitatem,
2368 2416 2424 2463 et
2455 2411 2907 2480 tranquillitatem
2933 2429 2997 2467 ac
3027 2415 3272 2484 requiem
3302 2433 3400 2486 per
3429 2433 3547 2471 ma-

1957 2511 2091 2564 gnos
2137 2498 2357 2554 labores
2382 2515 2444 2554 ac
2470 2501 2701 2557 sudores
2730 2503 2902 2557 multa
2938 2513 3060 2573 post
3097 2515 3344 2574 tempora
3373 2507 3545 2560 devc-

1960 2596 2166 2657 nerint,
2219 2597 2377 2651 nullo
2440 2599 2678 2668 amplius
2735 2600 2924 2654 cribro
2977 2601 3197 2671 agitati,
3231 2618 3412 2672 neque
3446 2603 3546 2656 ilu-

1959 2695 2215 2742 ctnantes
2244 2689 2299 2742 in
2337 2690 2560 2746 caducis
2585 2707 2649 2747 ac
2666 2693 2821 2748 vanis
2843 2693 3290 2763 cogitationibus.
3337 2696 3395 2749 ln
3435 2712 3547 2766 quo

1961 2779 2201 2848 majores
2251 2795 2316 2835 ac
2364 2781 2625 2837 meliores
2661 2791 2791 2837 sunt
2832 2784 3062 2851 mundo,
3099 2801 3166 2840 eo
3200 2788 3347 2856 quod
3380 2789 3549 2844 intel—

1960 2871 2135 2925 lectus
2175 2886 2387 2935 eorum,
2431 2880 2486 2926 et
2535 2874 2795 2944 cogitatio
2829 2876 3025 2931 animm
3057 2877 3112 2931 in
3147 2876 3351 2934 Christi
3389 2895 3543 2948 pace,

1961 2970 2124 3031 atque
2147 2962 2202 3017 in
2227 2963 2521 3019 dilectione
2549 2966 2787 3034 Spiritus
2819 2977 3087 3032 versetur,
3116 2970 3259 3023 sicut
3285 2970 3554 3026 Dominus

1963 3053 2031 3107 de
2082 3053 2234 3108 hisce
2281 3069 2591 3109 sermonem
2642 3056 2869 3117 habens.
2920 3058 3096 3115 dixit:
3133 3059 3239 3114 Eos
3274 3062 3550 3116 transiisse

1965 3163 2029 3201 ea:
2063 3157 2232 3203 morte
2275 3149 2331 3202 in
2377 3151 2541 3205 vitam
2560 3151 2625 3205 ⁵⁷.
2659 3153 2777 3207 Non
2807 3153 2974 3221 igitur
3005 3156 3059 3209 in
3095 3156 3285 3228 ﬁguris
3309 3167 3403 3212 aut
3435 3159 3550 3212 for-

1964 3239 2070 3294 mis
2090 3241 2464 3296 exterioribns
2490 3244 2783 3300 diversitas
2805 3247 3249 3304 Christianorum
3275 3249 3549 3308 consistit.

1963 3335 2427 3403 quemadmodum
2473 3335 2526 3390 in
2563 3337 2670 3392 hoc
2697 3339 3017 3395 existimant
3059 3343 3217 3396 multi
3250 3343 3553 3398 consistere

1965 3426 2340 3481 diversitatem
2375 3443 2440 3483 ac
2468 3427 2835 3484 differentiam
2867 3431 3011 3486 inter
3037 3448 3151 3497 eos,
3182 3433 3234 3487 in
3259 3435 3558 3503 superﬁcie

1964 3532 2031 3571 ac
2075 3517 2286 3588 ﬁguris.
2331 3519 2545 3589 Quippe
2578 3521 2724 3590 quod
2766 3523 2902 3577 tales
2934 3535 3115 3578 mente
3143 3533 3307 3593 atque
3343 3526 3553 3596 cogita-

1968 3611 2115 3664 tione
2149 3610 2361 3664 similes
2390 3619 2520 3664 sunt
2547 3613 2774 3677 mundo,
2804 3629 2868 3667 ac
2899 3617 3267 3670 commotione
3298 3626 3354 3671 et
3386 3618 3556 3673 insta-

1965 3700 2181 3755 bilitatc
2209 3700 2628 3767 cogitationum,
2658 3702 3064 3767 incredulitate,
3111 3705 3455 3771 confusione,
3498 3717 3556 3762 et

1973 3791 2389 3861 perturbatione
2425 3807 2488 3846 ac
2519 3803 2688 3857 metu,
2731 3807 2791 3848 ut
2820 3797 3002 3850 cmteri
3044 3812 3236 3851 omnes
3278 3798 3554 3865 homines,

1966 3881 2237 3934 laborent.
2269 3881 2337 3934 Et
2367 3881 2421 3934 hi
2449 3881 2671 3951 quidem
2706 3884 2999 3952 superﬁcie
3021 3895 3178 3940 tenus
3203 3901 3265 3940 ac
3293 3888 3555 3954 Opinione

1967 3980 2024 4027 et
2051 3981 2282 4026 externo
2311 3973 2550 4042 quodam
2577 3983 2724 4028 recte
2755 3974 2919 4041 facto,
2951 3991 2981 4030 a
3017 3979 3221 4032 mundo
3254 3979 3553 4034 diﬂ‘crnnt:

1969 4065 2066 4120 sed
2117 4066 2282 4120 corde
2335 4075 2498 4136 atque
2550 4067 2735 4121 animo
2771 4069 3006 4124 terrenis
3049 4070 3261 4139 laqueis
3306 4071 3553 4141 impediti

1969 4165 2118 4220 sunt,
2156 4155 2406 4226 requiem
2441 4157 2682 4210 divinam
2714 4168 2770 4214 et
2797 4159 3076 4214 caelestem
3105 4177 3293 4230 pacem
3320 4162 3558 4232 Spiritus

1971 4248 2028 4301 in
2076 4248 2241 4302 corde
2291 4265 2403 4303 non
2450 4249 2818 4318 possidentes,
2873 4266 2940 4305 eo
2972 4253 3118 4321 quod
3155 4269 3264 4307 non
3298 4254 3560 4323 petierint

1971 4355 2002 4394 a
2036 4341 2167 4405 Deo,
2212 4356 2316 4396 nec
2363 4342 2434 4396 iis
2483 4356 2544 4396 se
2598 4342 2943 4398 crediderint
2991 4343 3186 4415 dignos
3242 4354 3559 4416 reputatutn

1975 4446 2066 4484 H‘l.

2043 4696 2107 4751 ν.
2149 4695 2252 4750 Per
2289 4695 2490 4749 mentis
2523 4695 2671 4750 enim
2703 4688 3150 4763 renovationem,
3181 4707 3238 4753 et
3271 4699 3558 4768 cogitatio-

1973 4804 2105 4842 num
2168 4787 2658 4857 tranquillitatem,
2705 4798 2761 4844 et
2807 4790 3162 4844 dilectionem
3214 4790 3461 4854 Domini,
3502 4799 3559 4845 et

1973 4894 2218 4934 amorem
2265 4880 2569 4941 caelestem.
2605 4882 2784 4936 omnis
2821 4897 2960 4936 nova
2991 4890 3242 4935 creatura
3288 4880 3559 4936 Christia-

1971 4986 2171 5025 norum
2215 4971 2284 5025 ab
2324 4971 2643 5026 hominibus
2675 4973 2838 5040 hujus
2869 4971 3056 5025 mundi
3087 4971 3388 5042 discrepat.
3420 4973 3560 5027 Pro-

1973 5071 2161 5131 pterea
2210 5061 2356 5114 enim
2403 5061 2673 5117 adventus
2726 5062 2945 5118 Domini
2999 5062 3259 5131 contigit,
3305 5071 3367 5118 ut
3411 5063 3562 5119 hisce

1975 5155 2358 5224 Spiritualibus
2405 5155 2561 5209 bonis
2584 5156 2906 5224 dignaretur
2925 5171 3055 5210 vere
3081 5156 3138 5210 in
3161 5172 3218 5211 se
3246 5158 3560 5212 credentes.

1976 5246 2164 5302 Gloria
2214 5247 2364 5300 enim
2417 5246 2856 5302 Christianorum
2895 5255 2950 5300 et
2979 5247 3359 5317 pulchritudo,
3388 5258 3444 5302 et
3477 5248 3563 5301 di-

1977 5339 2123 5392 vitia:
2159 5339 2412 5393 cmlestcs
2454 5339 2761 5394 ineﬂabiles
2789 5348 2940 5405 sunt,
2969 5349 3024 5394 ct
3057 5355 3256 5411 magno
3284 5341 3472 5395 labore
3499 5354 3562 5396 ac

1977 5429 2202 5489 sudore,
2236 5429 2634 5484 tentationibus
2661 5439 2717 5484 et
2745 5429 3150 5484 certaminibus
3171 5429 3358 5484 multis
3374 5429 3563 5497 acqui-

1978 5521 2118 5576 sitas.
2169 5520 2324 5586 Quod
2379 5527 2554 5576 totum
2595 5521 2784 5592 gratia:
2821 5521 3024 5576 divinae
3062 5521 3472 5577 ascribendum.
3503 5519 3562 5575 Si

1977 5612 2128 5668 enim
2163 5611 2368 5668 terreni
2400 5613 2548 5683 regis
2580 5620 2838 5685 aspectus
2864 5613 2934 5668 ab
2961 5613 3220 5669 omnibus
3247 5612 3564 5669 hominibus
