4016 6476
476 377 582 441 430

1731 362 2158 444 εᾳΜΑεΑιιη
2202 383 2526 445 EGYPTII

3662 388 3760 452 500

477 493 853 560 desideratur,
880 501 936 549 et
961 491 1165 559 omnis,
1189 492 1282 564 qui
1323 493 1378 547 in
1405 492 1543 548 urbe
1567 491 1712 564 regis
1737 492 2072 557 diversatur,

2196 496 2489 570 Ξινθρώποις
2523 500 2804 569 τυγχάνει,
2838 498 2933 553 καὶ
2953 499 3060 562 πᾶς
3091 516 3177 563 τις
3205 497 3501 568 ἐπιδημῶν
3529 497 3589 551 ἐν
3625 503 3765 555 πόλει

478 586 759 642 desiderat
795 586 864 640 ad
900 585 1188 640 minimum
1218 585 1686 656 pulchritudinem
1714 585 1835 654 ejus
1859 583 2069 648 videre,

480 688 578 733 aut
619 678 949 748 elegantiam
995 677 1105 748 24.
1148 677 1630 740 vestimentorum,
1678 684 1775 728 aut
1814 690 2074 744 purpura:

483 771 857 841 splendorem,
889 771 1168 825 variarum
1205 770 1629 840 margaritarum
1665 768 1925 833 nitorem,
1951 767 2073 820 dia-

483 863 720 918 dematis
753 863 1036 926 decorem,
1081 873 1248 932 atque
1292 861 1664 932 prmstantiam
1704 875 1919 924 eorum,
1954 875 2076 928 qua:

484 957 552 1010 ad
580 957 918 1026 majestatem
953 957 1072 1027 ejus
1104 955 1412 1024 pertinent;
1446 953 1552 1007 nisi
1583 952 1731 1021 quod
1757 951 2078 1020 Spirituales

487 1049 681 1104 isthaec
714 1057 1103 1111 contemnant,
1151 1047 1281 1116 quia
1319 1045 1481 1100 aliam
1517 1044 1748 1114 gloriam
1795 1043 2077 1098 cmlestem

487 1143 868 1212 incorpoream
916 1139 1148 1208 experti,
1195 1138 1300 1193 alia
1351 1135 1619 1190 ineﬂ‘abili
1668 1133 2078 1208 pulchritudine

486 1234 756 1298 sauciati,
811 1233 1154 1300 aliarumque
1218 1230 1537 1284 divitiarum
1602 1227 1902 1297 participes
1951 1235 2082 1280 sunt

487 1327 638 1390 facti,
671 1337 728 1380 et
767 1326 1067 1380 secundum
1123 1324 1399 1377 internum
1433 1321 1736 1384 hominem,
1767 1319 1935 1372 alium
1967 1318 2082 1387 spi-

488 1417 654 1471 ritum
701 1416 985 1470 consecuti
1021 1423 1171 1468 sunt.
1204 1412 1475 1479 Quoniam
1506 1411 1672 1481 igitur
1697 1409 1866 1480 hujus
1891 1409 2083 1464 mundi

487 1509 774 1572 homines,
827 1508 923 1577 qui
975 1507 1234 1576 spiritum
1279 1504 1472 1559 mundi
1520 1503 1838 1573 possident,
1888 1516 2086 1571 magno

485 1601 764 1656 desiderio
823 1609 1084 1655 tenentur
1135 1598 1344 1652 terreni
1427 1596 1572 1666 regis
1638 1593 2082 1663 contemplandi,

486 1695 680 1748 saltem
726 1709 852 1747 cum
902 1692 1054 1747 omni
1104 1700 1308 1745 ornatu
1353 1701 1411 1745 et
1457 1689 1630 1760 gloria
1673 1689 1833 1759 ejus:
1879 1693 2086 1756 quanto

486 1787 635 1840 enim
664 1787 716 1839 in
748 1787 816 1840 iis
857 1800 981 1854 qua:
1010 1784 1292 1847 videntur,
1338 1783 1586 1837 conditio
1625 1783 1744 1851 ejus
1786 1780 1960 1850 major
2004 1785 2089 1832 est

488 1895 658 1949 quam
710 1877 958 1931 omnium
1008 1875 1327 1938 hominum,
1357 1883 1509 1930 tanto
1560 1874 1884 1944 gloriosius,
1936 1880 2087 1927 tanto

492 1970 796 2042 Optabilius
824 1969 894 2023 ab
919 1969 1177 2022 omnibus
1215 1968 1456 2021 habetur
1489 1967 1575 2021 vel
1606 1976 1816 2020 tantum
1851 1964 2083 2028 vidisse,

491 2071 551 2117 et
599 2061 980 2130 unusquisque
1008 2059 1152 2130 apud
1195 2074 1254 2114 se
1291 2059 1427 2114 dicit
1463 2077 1476 2112 :
1529 2058 1744 2113 Utinam
1788 2059 1906 2127 quis
1956 2056 2085 2108 mihi

492 2153 650 2209 ilJam
701 2154 950 2225 gloriam,
1000 2153 1239 2206 decorem
1290 2169 1352 2206 ac
1395 2151 1729 2222 splendorem
1778 2149 2027 2202 concedat
2067 2149 2087 2202 !

494 2245 804 2316 praedicans
839 2260 964 2299 eum
991 2245 1234 2307 beatum,
1265 2242 1503 2297 similem
1534 2242 1739 2311 alioqui
1769 2242 1880 2305 sui,
1913 2251 2088 2296 terre—

493 2352 652 2400 num,
675 2336 981 2404 iisdemque
1005 2335 1393 2390 all‘ectionibus
1417 2334 1718 2388 obnoxium
1747 2341 1912 2402 atque
1939 2348 2088 2388 mor-

497 2432 691 2496 talem,
741 2439 973 2500 prepter
1025 2439 1472 2484 momentaneum
1533 2444 1669 2484 vero
1731 2435 1991 2482 ornatum
2031 2433 2088 2480 et

501 2525 732 2595 gloriam
761 2524 1212 2579 desiderabilem.

567 2616 658 2672 Vl.
706 2615 762 2670 Si
805 2615 994 2687 igitur,
1026 2616 1271 2684 inquam,
1303 2613 1551 2669 carnales
1588 2612 1844 2668 homines
1867 2610 2088 2666 deside-

502 2714 626 2762 rant
649 2716 936 2778 tantopere
966 2707 1196 2778 gloriam
1234 2707 1440 2762 terreni
1484 2709 1648 2776 regis,
1677 2714 1884 2777 quanto
1915 2705 2088 2775 magis

500 2799 580 2863 hi,
613 2798 668 2853 in
707 2815 849 2869 quos
894 2799 1180 2854 instillavit
1227 2807 1380 2870 gutta
1417 2797 1656 2868 Spiritus
1697 2799 1840 2864 vitae,
1873 2798 1968 2869 qui
2003 2807 2089 2855 est

498 2891 840 2957 divinitatis;
865 2900 922 2945 et
948 2906 1183 2960 quorum
1210 2907 1307 2945 cor
1334 2891 1649 2945 vulneravit
1677 2906 1866 2944 amore
1897 2891 2088 2945 divino

497 3000 629 3055 erga
660 2985 944 3040 caelestem
977 2998 1159 3054 regem
1188 2981 1492 3046 Christum,
1523 2983 1764 3037 devincti
1793 2992 1922 3037 sunt
1964 2982 2090 3052 pul-

499 3074 817 3130 chritudine
847 3075 937 3128 illa
971 3082 1027 3128 et
1063 3073 1237 3143 gloria
1275 3073 1560 3136 ineffabili,
1593 3081 1650 3128 et
1677 3073 1880 3127 decore
1907 3074 2090 3128 incor-

2177 589 2462 660 βασιλέως,
2497 590 2755 661 ἐπιθυμεῖ
2799 590 2902 644 κᾶν
2942 591 3103 660 μόνον
3145 591 3453 646 θεάσασθαι
3488 591 3552 643 τὸ
3584 591 3768 657 κάλλος

2174 682 2362 749 αὐτοῦ,
2395 683 2427 753 ἢ
2459 682 2558 752 τὴν
2583 682 2897 754 ὡραιότητα
2927 683 3037 734 τῶν
3064 683 3407 753 ἐνδυμάτων,
3443 684 3478 754 ἦ
3510 686 3612 754 τῆς
3645 701 3768 755 πορ-

2177 774 2357 844 φύρας
2414 775 2510 844 τὴν
2553 775 2748 840 δόξαν,
2789 763 2903 827 τῶν
2956 775 3219 828 ποικίλων
3281 775 3657 846 μαργαριτῶν
3714 776 3768 829 τὺ

2177 868 2394 931 κάλλος,
2443 867 2536 919 τοῦ
2589 866 2921 936 διαδήματος
2967 867 3065 936 τὴν
3107 867 3476 934 εὐπρέπειαν,
3515 866 3625 918 τῶν
3681 867 3769 919 σὺν

2177 957 2329 1028 αὐτῷ
2388 957 2718 1025 ἀξιωμάτων
2789 956 2888 1024 τὴν
2943 955 3268 1026 τιμιότητα·
3308 954 3477 1018 ἐκτὸς
3526 953 3684 1025 εἰμὴ
3725 957 3769 1008 οξ

2182 1051 2546 1118 πνευματικοὶ
2591 1048 2956 1116 ἐξουδενοῦσιν
2992 1049 3152 1115 αὐτὰ,
3193 1049 3281 1101 διὰ
3319 1049 3383 1100 τὸ
3417 1049 3595 1117 ἄλλης
3622 1048 3772 1115 δόξης

2182 1143 2510 1214 ἐπουρανίου
2570 1145 2664 1196 καὶ
2717 1143 3008 1212 ἀσωμάτου
3060 1140 3462 1210 πεπειρᾶσθαι,
3499 1140 3595 1193 καὶ
3637 1139 3771 1209 ἄλλῳ

2183 1237 2371 1291 κάλλει
2393 1236 2619 1306 ἀρρήτῳ
2652 1233 2976 1305 τετρῶσθαι.
3009 1235 3105 1286 καὶ
3135 1233 3295 1288 άλλου
3323 1233 3570 1285 πλούτου
3603 1249 3771 1285 κεκοι-

2185 1327 2509 1396 νωνηκέναι,
2552 1327 2644 1378 καὶ
2673 1325 2749 1395 τῷ
2793 1324 2902 1377 ἔσω
2937 1322 3212 1394 ἀνθρώπῳ
3259 1322 3514 1384 ἔσεσθαι,
3567 1323 3659 1374 καὶ
3687 1320 3770 1386 διλ-

2185 1421 2277 1474 λου
2318 1418 2632 1488 πνεύματος
2665 1418 2932 1487 μετέχειν.
2981 1415 3136 1468 Ἐπεὶ
3159 1414 3253 1468 οὖν
3281 1414 3379 1468 τοῦ
3409 1416 3625 1483 κόσμου
3655 1413 3767 1466 τού-

2187 1530 2282 1567 του
2314 1512 2615 1581 ἄνθρωποι,
2650 1511 2700 1562 οἱ
2738 1511 2802 1564 τὸ
2840 1509 3058 1578 πνεῦμα
3077 1507 3173 1560 τοῦ
3201 1509 3414 1576 κόσμου
3451 1506 3691 1575 ἔχοντες,
3719 1505 3771 1556 ἐν

2191 1605 2362 1674 πολλῇ
2385 1602 2652 1674 ἐπιθυμίᾳ
2692 1602 2800 1655 εἰσὶ
2840 1601 2936 1654 τοῦ
2970 1600 3063 1653 τὸν
3101 1598 3343 1668 ἐπίγειον
3387 1597 3621 1668 βασιλέα
3653 1597 3768 1649 θεά-

2193 1696 2412 1759 σασθαι,
2445 1695 2605 1764 μόνον
2632 1712 2730 1747 συν
2753 1693 2903 1765 πάσῃ
2937 1695 3002 1764 τῇ
3036 1691 3344 1763 εὐπρεπείᾳ
3390 1692 3493 1744 καὶ
3537 1690 3663 1764 δόξῃ
3694 1692 3772 1756 qi»

2191 1788 2306 1843 τοῦ·
2353 1791 2477 1841 ὅσον
2507 1787 2616 1855 γὰρ
2651 1788 2708 1838 ἐν
2747 1787 2858 1847 τοῖς
2887 1784 3235 1854 φαινομένοις
3278 1782 3470 1852 πολλῷ
3501 1783 3702 1853 μείζων
3741 1783 3771 1850 ἠ

2194 1877 2352 1949 μερὶς
2406 1875 2572 1930 αὐτοῦ
2624 1879 2740 1928 ἐστι
2789 1874 2943 1944 παρὰ
2995 1873 3204 1936 πάντας
3249 1873 3380 1936 τοὺς
3434 1871 3770 1942 ἀνθρώπους,

2189 1971 2365 2035 οὕτως
2407 1967 2636 2033 ἔνδοξον,
2670 1965 2840 2029 οὕτως
2873 1963 3208 2034 ἐπιθυμητὸν
3240 1963 3347 2016 ὑπὸ
3385 1961 3634 2026 πάντων,
3677 1959 3770 2014 κᾶν

2188 2063 2266 2133 τῷ
2313 2062 2577 2130 θεαθῆναι
2635 2059 2830 2129 μόνον’
2885 2057 2980 2109 καὶ
3017 2056 3252 2118 ἕκαστος
3285 2055 3344 2107 ἐν
3379 2053 3570 2123 ἐαυτῷ
3615 2052 3770 2120 λέγει’

2190 2153 2332 2208 Εἴθε
2368 2169 2457 2216 τις
2486 2150 2671 2205 ἔδωκέ
2703 2165 2804 2218 μοι
2846 2147 3092 2212 ἐκείνην
3128 2144 3243 2212 τὴν
3268 2143 3488 2210 δόξαν,
3541 2142 3638 2196 καὶ
3667 2140 3770 2208 τὴν

2189 2243 2575 2311 εὐπρέπειαν,
2602 2241 2699 2293 καί
2736 2239 2851 2305 τὴν
2880 2239 3232 2306 ὡραιότητα,
3275 2236 3607 2307 μακαρίζων
3639 2234 3770 2286 ἐκεῖ·

2191 2351 2280 2387 νον
2319 2333 2410 2385 τὸν
2450 2333 2636 2400 ὅμοιον
2692 2327 2859 2382 αὑτοῦ
2914 2330 3125 2399 γήϊνον,
3181 2326 3278 2378 καὶ
3341 2323 3654 2395 ὁμοιοπαθῆ
3685 2323 3768 2374 καί⁵

2192 2427 2386 2496 θνητὸν
2416 2427 2564 2489 ὄντα,
2595 2423 2684 2476 διὰ
2713 2423 2769 2476 δὲ
2798 2421 2896 2493 τὴν
2931 2423 3269 2491 πρόσκαιρον
3295 2419 3660 2490 εὐπρέπειαν,
3687 2414 3769 2467 καὶ

2190 2519 2372 2584 δόξαν,
2401 2516 2768 2586 ἐπιθυμητὸν.

2265 2615 2358 2678 C.".
2407 2612 2471 2664 Εἰ
2505 2606 2598 2663 οὖν
2627 2608 2819 2681 ¹οὕτως
2866 2608 2918 2661 oi
2958 2605 3216 2677 captu.in
3249 2603 3539 2674 ἄνθρωποι
3584 2599 3768 2653 ἐπιθυ-

2197 2706 2362 2776 μοῦσι
2398 2705 2500 2771 τῆς
2525 2703 2684 2772 δόξης
2714 2702 2809 2755 τοῦ
2841 2701 3034 2772 γηῒνου
3067 2699 3358 2770 βασιλέως,
3398 2697 3556 2765 πόσῳ
3587 2692 3763 2765 μᾶλλον

2191 2794 2272 2860 οἷς
2305 2796 2592 2862 ἐνέσταξεν
2649 2795 2832 2865 ἐκείνη
2888 2796 2922 2864 ὴ
2981 2793 3132 2864 ῥανὶς
3180 2791 3278 2844 τοῦ
3323 2789 3645 2859 Πνεύματος
3680 2785 3763 2853 τῆς

2193 2894 2338 2962 ζωῆς
2366 2891 2464 2960 τῆς
2493 2890 2746 2960 θεότητος
2769 2930 2784 2954 ,
2833 2888 2928 2940 καὶ
2959 2887 3164 2957 ἔτρωσε
3194 2884 3293 2954 τὴν
3337 2883 3576 2954 καρδίαν
3606 2875 3762 2932 αὐτῶν

2193 2985 2357 3056 ἔρωτι
2409 2984 2560 3052 θείῳ,
2595 2982 2732 3052 πρδς
2775 2979 2868 3034 τὸν
2913 2977 3238 3048 ἐπουράνιον
3270 2975 3504 3046 βασιλέα
3532 2968 3760 3042 Χριστὸν,

2194 3082 2274 3144 εἰς
2321 3080 2500 3132 ἐκεῖνο
2536 3077 2597 3129 τὸ
2629 3075 2825 3136 κάλλος
2854 3073 3092 3126 δέδενται
3136 3070 3232 3124 καλ⁵
3278 3069 3382 3140 τὴν
3421 3062 3761 3130 ἀνεκλάλητον

501 3166 756 3235 ruptibili
808 3175 865 3220 et
916 3165 1578 3235 ineomprehensibililms
1624 3165 1835 3220 divitiis
1879 3168 1995 3221 veri
2032 3177 2088 3221 et

2196 3172 2347 3236 δόξαν
2379 3170 2473 3224 καὶ
2506 3167 2782 3237 ἄφθαρτον
2814 3165 3176 3235 εὐπρέπειαν,
3209 3163 3305 3215 καὶ
3334 3162 3433 3215 τὸν
3464 3157 3760 3247 ἀνεννόητον

500 3259 696 3314 aeterni
741 3258 886 3328 regis
918 3257 1146 3320 Christi,
1178 3258 1336 3326 cujus
1366 3266 1494 3310 voto
1534 3267 1592 3311 et
1624 3257 1904 3312 desiderio
1941 3258 2090 3327 capti

505 3359 786 3414 tenentur,
821 3349 918 3402 toti
944 3349 1170 3403 omnino
1200 3347 1268 3402 ad
1291 3364 1418 3402 eum
1444 3348 1721 3414 conversi,
1757 3356 1923 3418 atque
1945 3350 2093 3404 desi-

502 3442 707 3497 derant
741 3441 1006 3512 consequi
1053 3443 1445 3497 inenarrabilia
1497 3442 1588 3496 illa
1633 3442 1798 3507 bona,
1837 3457 1959 3512 quae
1996 3458 2094 3512 per

503 3531 775 3602 Spiritum
822 3533 1146 3599 intuentur;
1195 3549 1431 3602 quorum
1485 3533 1660 3603 gratia
1707 3533 1922 3599 omnia,
1973 3551 2096 3604 qua;

503 3634 635 3680 sunt
670 3641 838 3696 super
863 3635 1064 3680 terram
1099 3626 1348 3695 pulchra,
1374 3636 1432 3680 et
1452 3635 1731 3689 ornatum,
1759 3634 1815 3680 et
1838 3626 2091 3696 gloriam,

503 3725 563 3772 et
594 3717 887 3785 honorem,
920 3728 976 3773 et
1005 3717 1228 3773 divitias
1261 3733 1450 3788 regum
1488 3733 1552 3772 ac
1599 3718 1913 3788 principum
1936 3718 2096 3774 nihili

506 3809 758 3865 ducunt:
793 3811 980 3865 divina
1009 3811 1160 3866 enim
1205 3810 1622 3880 pulchritudine
1666 3811 1898 3865 sauciati
1944 3821 2095 3876 sunt,

502 3911 561 3958 et
601 3904 712 3956 vila
759 3903 1188 3959 immortalitatis
1239 3903 1483 3958 cmlestis
1530 3903 1583 3956 in
1631 3903 1852 3957 illorum
1897 3903 2100 3958 animis

505 3994 817 4048 instillavit.
842 3993 1111 4060 Quocirca
1141 3995 1288 4048 illam
1311 3995 1665 4049 dilectionem
1690 3995 1931 4050 cmlestis
1955 3996 2100 4065 regis

449 4125 460 4139 .
504 4094 788 4156 exOptant,
843 4087 1111 4157 illumque
1157 4088 1336 4142 solum
1385 4087 1457 4142 ob
1496 4088 1688 4142 oculos
1733 4087 1790 4141 in
1841 4087 2102 4141 onmibus

507 4177 803 4238 desideriis
843 4178 1136 4243 habentes,
1178 4178 1390 4247 seipsos
1443 4178 1594 4233 omni
1655 4178 1934 4233 mundana
1966 4178 2105 4232 dile-

507 4270 693 4324 ctione
740 4287 839 4340 per
889 4286 1017 4325 eum
1055 4271 1379 4335 exsolvunt,
1431 4277 1487 4324 et
1536 4269 1804 4324 recedunt
1854 4269 1924 4324 ab
1949 4269 2102 4324 omni

507 4363 733 4416 vinculo
773 4372 1023 4430 terreno,
1055 4372 1117 4418 ut
1147 4362 1361 4433 possint
1397 4361 1534 4418 illud
1565 4362 1902 4417 desiderium
1925 4363 2103 4418 solum

507 4469 728 4523 semper
785 4456 840 4510 in
898 4456 1163 4511 cordibus
1216 4455 1333 4511 suis
1398 4455 1684 4526 possidere
1736 4470 1916 4525 neque
1951 4455 2103 4510 aliud

507 4563 634 4602 cum
676 4547 769 4602 illo
807 4550 1189 4604 commiscere.
1229 4550 1397 4604 Pauci
1445 4565 1574 4604 vero
1617 4563 1749 4609 sunt
1794 4548 2096 4610 admodum
2136 4527 2179 4583 Ῑ)

507 4639 605 4708 qui
666 4638 813 4693 bono
857 4640 1016 4695 initio
1072 4641 1277 4696 bonum
1332 4643 1495 4698 linem
1557 4656 1878 4714 procurent,
1930 4655 1987 4702 et
2029 4645 2098 4700 ad

509 4730 674 4785 ﬁnem
720 4733 1050 4800 perveniant
1094 4735 1302 4805 absque
1341 4724 1532 4806 lapsu,
1581 4735 1938 4793 dilectionem
1995 4737 2099 4792 soli

509 4822 623 4876 Deo
676 4822 966 4887 habentes,
992 4831 1048 4878 et
1097 4824 1311 4893 seipsos
1361 4827 1430 4880 ab
1484 4827 1742 4882 omnibus
1793 4829 2097 4883 solventes.

510 4912 667 4967 Multi
713 4914 860 4968 enim
912 4925 1388 4986 compunguntur,
1418 4927 1472 4971 et
1504 4918 1662 4973 multi
1691 4920 1882 4990 gratiae
1929 4921 2100 4974 cmle-

512 5001 613 5056 stis
679 5003 979 5074 participes
1037 5006 1196 5071 liunt,
1252 5018 1310 5062 et
1349 5008 1558 5064 caelesti
1602 5025 1789 5066 amore
1823 5011 2101 5067 vulnerati

513 5103 681 5157 sunt,
750 5096 847 5150 sed
919 5113 1017 5166 per
1103 5099 1454 5170 quotidianas
1522 5116 1732 5172 pugnas
1802 5112 1858 5158 et
1918 5112 2101 5158 certa-

517 5184 689 5245 mina,
724 5194 780 5239 et
808 5187 1048 5254 labores,
1085 5200 1142 5244 et
1169 5192 1504 5247 tentationes
1527 5194 1708 5247 varias
1733 5195 1959 5265 maligni
1991 5210 2103 5250 non

517 5273 875 5339 sustinentes,
919 5279 1089 5334 variis
1145 5289 1201 5334 et
1236 5282 1469 5338 diversis
1501 5283 1798 5339 mundanis
1826 5287 2103 5355 cupidita-

519 5365 669 5421 tibus
698 5367 910 5437 agitati,
955 5371 1084 5439 quia
1130 5375 1474 5430 voluntatem
1504 5377 1740 5446 quisque
1769 5377 1937 5432 habet
1969 5379 2100 5434 dili-

519 5459 682 5528 gendi
711 5461 920 5530 aliquid
946 5478 1012 5517 ex
1043 5463 1150 5518 hoc
1198 5467 1427 5532 mundo,
1486 5475 1543 5521 et
1592 5483 1702 5522 non
1739 5469 1988 5526 solvendi
2043 5489 2102 5529 se

522 5554 748 5608 omnino
778 5555 847 5609 ab
873 5555 994 5626 ejus
1021 5557 1337 5626 dilectione,
1364 5574 1693 5618 manserunt
1731 5571 1788 5616 et
1826 5566 2101 5624 submersi

524 5655 652 5700 sunt
684 5646 739 5701 in
787 5649 979 5704 mundi
1013 5650 1230 5722 abysso,
1284 5653 1355 5708 ob
1401 5655 1636 5726 propria:
1675 5658 1978 5714 voluntatis
2007 5674 2102 5713 ve-

2198 3262 2430 3317 πλοῦτον
2459 3261 2554 3316 τοῦ
2576 3259 2832 3330 ἀληθινοῦ
2859 3259 2953 3311 καὶ¹
2974 3256 3194 3310 αἰωνίου
3225 3254 3500 3323 βασιλέως
3522 3243 3755 3321 Χρεστοῦ.

2197 3349 2259 3409 οὗ
2287 3357 2355 3426 τῇ
2393 3352 2678 3424 ἐπιθυμίᾳ,
2714 3351 2810 3404 καὶ
2833 3349 2912 3418 τῷ
2941 3348 3094 3416 πόθῳ
3121 3347 3638 3416 αἰχμαλωτίζονται,
3667 3339 3762 3392 ὅλοι

2199 3449 2258 3514 ἐξ
2288 3450 2410 3502 ὅλου
2442 3447 2581 3518 πρὸς
2606 3446 2768 3499 αὑτὸν
2792 3443 3176 3512 τυγχάνοντες,
3209 3443 3304 3495 καὶ
3335 3436 3655 3506 ἐπιθυμοῦσι
3682 3447 3762 3483 τυ⁴

2200 3543 2314 3610 χεῑν
2369 3539 2594 3592 ἐκείνων
2635 3529 2711 3588 ὧν
2757 3533 3166 3606 ἐνοπτρίζονται
3212 3531 3301 3584 διὸ.
3345 3529 3442 3583 τοῦ
3476 3524 3760 3593 Πνεύματος

2201 3636 2488 3703 ἀλαλῆτων
2513 3630 2754 3700 ἀγαθῶν,
2785 3622 2847 3683 οὗ
2879 3627 3066 3681 ἐνεκεν
3095 3627 3272 3680 πάντα
3309 3625 3380 3677 τὰ
3411 3623 3503 3677 ἐπὶ
3525 3620 3623 3688 γῆς
3649 3613 3760 3667 κάλ-

2200 3727 2266 3796 λη
2296 3701 2392 3778 καλ.
2422 3720 2782 3794 εὐπρεπείας,
2815 3719 2912 3772 καὶ
2953 3717 3134 3782 δόξας,
3161 3717 3256 3769 καὶ
3288 3715 3479 3785 τιμάς,
3504 3711 3591 3764 καὶ
3624 3701 3761 3760 πλοῦ·

2199 3835 2292 3871 τον
2326 3817 2592 3887 βασιλέων
2640 3813 2735 3867 καὶ
2775 3813 3054 3882 ἀρχόντων
3107 3809 3470 3874 ἐξουδενοῦσι·
3508 3805 3629 3871 θείῳ
3671 3796 3761 3865 γὰρ

2204 3909 2389 3963 κάλλει
2431 3905 2772 3976 ἐτρώθησαν,
2812 3903 2909 3956 καὶ
2949 3902 3062 3974 ζωὴ
3098 3900 3407 3963 ἀθανασίας
3453 3893 3686 3968 οὐρανίου
3712 3888 3760 3938 ἐν

2202 4003 2324 4063 ταῖς
2353 4000 2553 4069 ψυχαῖς
2591 3996 2771 4050 αὐτῶν
2823 3995 3100 4060 ἐνέσταξε.
3141 3995 3234 4046 Διὸ
3296 3993 3394 4045 καὶ
3447 3992 3525 4052 είς
3577 3981 3758 4048 ἐκείνην

2202 4095 2303 4162 τὴν
2351 4092 2578 4161 ἀγάπην
2615 4089 2710 4142 τοῦ
2751 4089 3078 4157 ἐπουρανίου
3129 4085 3397 4157 βασιλέως
3447 4071 3754 4136 ἐπιποθοῦσι,

2206 4161 2301 4238 xei
2343 4182 2506 4236 αὑτὸν
2549 4182 2711 4252 μόνον
2745 4180 2851 4250 πρὸ
2890 4179 3186 4249 ὀφθαλμῶν
3229 4177 3288 4230 ἐν
3325 4176 3496 4245 πολλῇ
3527 4161 3758 4233 ἐπιθυμίᾷ

2205 4275 2421 4345 ἔχοντες
2462 4273 2530 4326 δι’
2582 4271 2747 4327 αὑτοῦ
2793 4271 2977 4339 πάσης
3029 4270 3252 4338 ἀγάπης
3312 4268 3524 4336 κόσμου
3570 4260 3756 4313 λύουσιν

2209 4367 2458 4433 ἑαυτοὺς,
2485 4365 2582 4418 καὶ
2615 4363 2959 4434 ἀναχωροῦσι
2996 4361 3199 4424 παντὸς
3228 4362 3420 4430 γηῖνου
3456 4351 3664 4424 δεσμοῦ,
3687 4347 3759 4400 ἵνα

2207 4459 2514 4530 δυνηθῶσιν
2559 4459 2767 4512 ἐκεῖνον
2799 4457 2958 4526 μόνον
3000 4455 3092 4510 τὸν
3137 4453 3301 4507 πόθον
3341 4454 3400 4507 ἐν
3439 4453 3555 4513 ταῖς
3580 4436 3756 4498 ἑαυτῶν

2209 4552 2461 4621 καρδίαις
2486 4552 2631 4621 ἔχειν
2673 4550 2906 4602 πάντοτε
2944 4547 2964 4618 ι
2992 4547 3096 4617 (1),
3131 4546 3225 4599 καὶ
3276 4547 3445 4616 μηδὲν
3476 4544 3646 4610 ἕτερον
3675 4530 3755 4621 σῳ

2207 4619 2402 4712 ἐκείνῳ
2454 4619 2738 4711 μιγνύεινο
2767 4640 2938 4708 ὀλίγοι
2998 4640 3055 4692 δέ
3101 4639 3209 4691 είσι
3261 4639 3405 4691 πάνυ
3439 4639 3486 4690 οι
3512 4634 3572 4703 τῇ
3601 4619 3752 4693 ἀγαθῇ

2211 4738 2351 4807 ἀρχῇ
2396 4735 2551 4798 τέλος
2591 4734 2796 4800 ἀγαθὸν
2828 4730 3210 4802 πορισάμενοι,
3242 4729 3338 4782 καὶ
3367 4721 3752 4796 διεξερχόμενοιι

2208 4829 2312 4892 ἕως
2341 4827 2527 4890 τέλους
2579 4826 2842 4888 άπτωτοι,
2895 4825 2994 4892 τὴν
3029 4823 3160 4893 μίαν
3186 4823 3410 4892 ἀγάπην
3467 4815 3592 4888 πρὸς
3618 4807 3752 4878 μόνον

2208 4923 2301 4974 τὸν
2329 4919 2462 4974 Θεὸν
2506 4919 2752 4989 ἔχοντες,
2783 4919 2879 4971 καὶ
2932 4917 3152 4970 πάντων
3211 4915 3440 4977 ἑαυτοὺς
3484 4901 3753 4963 λελυκότες·

2211 5010 2407 5064 Πολλοὶ
2454 5010 2564 5081 γὰρ
2636 5009 3106 5072 κατανύσσονται,
3176 5008 3272 5060 καὶ
3331 5003 3511 5058 πολλοὶ
3567 4995 3754 5067 χάριτος

2210 5104 2465 5176 οὐρανίου
2516 5102 2731 5173 μέτοχοι
2786 5101 3050 5170 γίνονται,
3111 5100 3206 5154 καὶ
3235 5098 3396 5169 ἔρωτι
3428 5088 3640 5164 οὐρανίῳ
3671 5094 3755 5176 τι·

2211 5195 2572 5268 τρὼσκονται,
2604 5194 2740 5248 ἀλλά
2763 5194 2852 5247 διὰ
2877 5195 3001 5257 τοὺς
3029 5194 3086 5246 ἐν
3107 5193 3260 5262 μέσῳ
3285 5191 3497 5259 ἀγῶνας
3514 5169 3751 5267 καὶὰθλή;

2215 5305 2328 5352 σεις
2382 5288 2478 5341 καὶ
2523 5288 2720 5350 πόνους
2794 5287 2886 5339 καὶ
2954 5285 3298 5354 πειρασμοὺς
3359 5278 3629 5349 διαφόρους
3673 5275 3749 5314 του

2213 5379 2451 5452 πονηροῦ
2519 5380 2593 5450 μὴ
2645 5379 3048 5449 ὑπομένοντες,
3084 5379 3140 5430 ἐν
3198 5375 3471 5436 ποικίλαις
3522 5363 3604 5420 καὶ
3654 5355 3748 5452 δξξ⁴

2213 5440 2400 5546 φόρόίς
2427 5440 2768 5542 ἐπιθυμίαις.
2790 5440 3089 5540 κοσμικαῖς
3121 5469 3471 5540 τρεπόμενοι,
3499 5459 3577 5514 διὰ
3676 5440 3748 5496 οέ⁶

2211 5569 2362 5638 λημα
2419 5564 2564 5635 ἔχειν
2595 5563 2826 5615 ἕκαστον
2870 5561 2965 5614 τοῦ
3005 5559 3290 5629 ἀγαπῆσαί
3348 5575 3401 5612 τι
3450 5550 3534 5608 τοῦ
3574 5541 3742 5638 κόσμξυ

2213 5660 2424 5724 τούτου,
2456 5657 2551 5711 καὶ
2579 5656 2654 5727 μὴ
2698 5653 2986 5708 λελυκέναι
3012 5653 3278 5708 πάντοθεν
3306 5651 3405 5721 τὴν
3435 5644 3631 5716 ἀγάπην
3661 5642 3742 5681 δυ’

603 5802 677 5873 (ι)
711 5803 875 5859 Uncis
909 5806 1120 5864 inclusa
1153 5811 1480 5881 supplentur
1513 5829 1578 5868 cx
1604 5814 1726 5869 cod.
1762 5831 1862 5870 ms.
1895 5815 2069 5871 Graec.
2105 5833 2158 5871 ιι.
2206 5819 2266 5872 16
2295 5815 2656 5872 Bibliotheca:
2685 5809 3081 5871 Berolineusis.
