4016 6442
342 389 444 453 5θ1

1602 401 1968 465 IlOMlLIIE.
2012 403 2270 464 *IIOM.
2317 405 2381 466 V.

3524 405 3630 473 502

347 504 464 570 τοῦ,
492 504 812 576 ἀπέμειναν
842 507 937 559 καὶ
967 496 1335 580 ἐϐυθίσθησαν
1374 511 1434 564 ἐν
1485 510 1562 582 τῷ
1606 513 1697 565 τοῦ
1736 514 1944 583 κόσμου

2052 518 2326 584 cordiam,
2371 527 2429 573 et
2478 518 2941 582 imbecillitatem,
2988 527 3044 573 ct
3103 517 3485 586 timiditatem,
3536 530 3633 581 aut

351 598 523 667 βυθῷ,
558 599 650 651 διά
696 600 791 653 τοῦ
837 601 966 654 ἰδίου
998 594 1304 671 θελήματος
1346 604 1660 671 ἀνανδρίαν,
1695 606 1789 658 καὶ¹
1818 606 1948 675 χαύ-

349 706 538 755 νωσιν,
576 691 611 761 ἢ
640 690 869 757 δειλίαν,
913 693 945 763 ἢ
981 693 1050 746 δι’
1080 694 1303 764 ἀγάπην
1341 695 1464 747 τινὰ
1504 686 1710 765 γήϊνον.
1747 698 1810 750 Oi
1839 699 1951 769 γάρ

350 781 412 845 ἐξ
438 780 707 851 ἀληθείας
734 784 1021 848 διεξελθεῖν
1051 786 1157 850 ἕως
1188 786 1374 848 τέλους
1406 787 1464 839 ἐν
1494 788 1672 859 ἀγαθῇ
1699 788 1947 860 διαγωγῇ

354 874 676 945 βουλόμενοι
706 876 863 929 ἀλλον
890 877 1071 947 ἔρωτα
1102 879 1194 931 καὶ
1222 879 1391 951 ἀλλην
1422 880 1649 951 ἀγάπην
1680 882 1778 935 σὺν
1806 884 1948 934 ἐκεί-

351 983 419 1035 νῃ
455 968 526 1035 τῇ
562 967 874 1037 ἐπουρανίῳ
911 969 1324 1040 παραδέξασθαι
1366 972 1631 1035 ἐκουσίως
1664 972 1760 1026 καὶ
1797 974 1948 1043 μῖξαι

349 1055 453 1107 οὐκ
484 1055 823 1123 ὀφείλουσιν,
855 1057 939 1109 ἵνα
976 1058 1051 1128 μὴ
1092 1059 1465 1129 ἐμποδισθῶσι
1513 1061 1621 1115 τῶν
1648 1077 1948 1131 πνευματι-

350 1144 490 1209 κῶν,
520 1147 619 1199 δια)⁵
650 1147 967 1215 στραφῶσιν
997 1151 1078 1213 είς
1114 1150 1183 1203 τά
1224 1152 1422 1216 ὀπίσω,
1463 1152 1559 1205 καὶ
1594 1152 1749 1215 τέλος
1780 1153 1947 1207 ἐκπέ-

352 1254 492 1290 σωσι
534 1239 635 1309 τῆς
678 1240 844 1304 ζωῆς.
891 1241 1101 1313 Ὥσπερ
1130 1243 1239 1313 γὰρ
1294 1244 1508 1313 μεγάλα
1559 1244 1655 1297 καὶ
1700 1245 1948 1317 ἀλάλητα

348 1328 448 1379 καὶ
490 1328 863 1399 ἀνεκδιήγητα
895 1332 1291 1403 ἐπηγγελμένα
1328 1336 1479 1403 παρά
1507 1335 1631 1405 Θεῷ
1663 1338 1943 1406 τυγχάνει,

349 1417 501 1471 οὕτω
535 1420 775 1483 πίστεως
807 1422 902 1473 καὶ
946 1422 1161 1486 ἐλπίδος
1207 1424 1303 1477 καὶ
1353 1425 1532 1477 πόνων
1586 1424 1682 1477 καὶ
1718 1424 1946 1493 ἀγώνων

353 1510 616 1581 μεγάλων
650 1513 809 1583 χρεία
849 1515 944 1567 καὶ
982 1515 1185 1586 πολλῆς
1232 1517 1583 1587 δοκιμασίας.
1628 1518 1704 1571 Ού
1740 1518 1849 1590 γάρ
1891 1535 1946 1571 τι

353 1602 557 1671 μικρὸν
581 1603 860 1672 τυγχάνει,
884 1603 920 1657 ἃ
944 1605 1155 1669 ἐλπίζει
1180 1607 1362 1674 ἀγαθά
1394 1606 1578 1663 λαϐεῖν
1600 1610 1628 1661 ὀ
1662 1608 1947 1679 ἄνθρωπος

358 1692 647 1763 βασιλείας
682 1695 930 1765 οὐρανῶν
965 1696 1284 1765 ἐπιθυμῶνο
1332 1695 1767 1765 συμϐασιλεῦσαι
1810 1698 1947 1767 Χρι-

352 1785 469 1855 στῷ
504 1787 587 1849 είς
630 1787 757 1849 τοὺς
790 1789 1131 1859 ἀπεράντους
1179 1787 1385 1851 αἰῶνας
1432 1787 1640 1858 βούλει,
1676 1790 1775 1840 καὶ
1818 1788 1946 1852 τοὺς

2050 610 2123 665 ob
2158 619 2478 665 terrestrem
2514 610 2809 680 quamdam
2842 610 3218 665 diicctionem.
3255 610 3359 676 Qui
3390 610 3538 664 enim
3576 613 3632 672 in

2049 703 2282 757 veritate
2307 703 2374 756 ad
2406 701 2570 758 finem
2606 703 2899 772 perwnire
2927 703 3120 757 volunt
3149 704 3204 757 in
3232 702 3375 757 bona
3404 719 3633 759 convcr.

2050 796 2286 859 satione,
2317 796 2485 849 alium
2521 810 2766 850 amorem
2801 804 2896 849 aut
2927 796 3091 850 aliam
3122 793 3475 849 dilectionem
3506 810 3633 850 cum

2051 886 2142 942 illa
2198 887 2409 942 caelesti
2456 888 2753 942 dilectione
2815 886 3109 941 admittere
3158 885 3397 941 libenter
3442 894 3499 941 et
3532 888 3633 943 ad.

2049 978 2281 1034 miscere
2328 995 2436 1033 non
2496 979 2722 1044 debent,
2760 994 2828 1034 ne
2882 978 3257 1048 impediantur
3296 993 3329 1033 a
3368 977 3635 1048 spiritua.

2047 1070 2215 1135 libus,
2245 1080 2301 1124 et
2333 1078 2729 1125 convertantur
2754 1080 3079 1135 retrorsum,
3111 1079 3168 1125 et
3194 1069 3418 1125 demum
3450 1085 3481 1124 a
3522 1070 3637 1131 vita

2047 1180 2148 1219 sua
2182 1164 2459 1219 excidant.
2499 1164 2655 1220 Sicut
2693 1165 2843 1219 enim
2884 1180 3099 1235 magna,
3128 1173 3185 1219 et
3228 1164 3551 1231 ineﬂ'abilia,
3579 1176 3637 1227 et

2048 1255 2442 1312 inenarrabilia
2503 1256 2777 1328 promissa
2818 1257 2963 1326 apud
3015 1258 3190 1310 Deum
3236 1257 3633 1325 inveniuntur;

2048 1347 2124 1402 ita
2160 1348 2287 1413 ﬁde,
2320 1357 2375 1402 et
2400 1364 2497 1418 spe
2529 1358 2586 1403 et
2608 1347 2894 1405 laboribus
2928 1355 2985 1401 et
3021 1347 3222 1417 pugnis
3247 1348 3461 1418 magnis
3490 1364 3637 1417 opus

2046 1448 2212 1494 estet
2250 1440 2421 1494 multa
2448 1438 2797 1508 probatione.
2828 1440 2951 1494 Non
2982 1440 3130 1495 enim
3165 1454 3399 1510 parvum
3423 1438 3635 1509 aliquid

2046 1541 2178 1587 sunt
2220 1532 2367 1587 bona
2424 1548 2547 1602 quae
2593 1540 2780 1602 Sperat
2843 1531 3012 1585 homo
3082 1532 3357 1601 accipere,
3413 1531 3638 1599 quando

2045 1640 2276 1695 regnum
2324 1626 2592 1679 cmlorum
2630 1625 2851 1679 affectat
2902 1642 2916 1678 :
2968 1640 3201 1695 regnare
3251 1639 3378 1679 eum
3413 1624 3637 1679 Christo

2047 1713 2107 1770 in
2151 1715 2365 1770 inﬁnita
2394 1716 2593 1770 saecula
2627 1716 2805 1785 cupis,
2833 1724 2890 1770 et
2932 1730 3144 1785 pugnas
3190 1720 3248 1768 et
3295 1713 3517 1768 labores
3582 1725 3641 1775 ct

2048 1807 2385 1863 tentationes
2440 1806 2628 1860 brevis
2684 1806 2953 1877 temporis
2982 1807 3149 1877 hujus
3184 1805 3314 1860 vitae
3362 1806 3640 1860 sustinere

349 1877 578 1945 ἀγῶνας
609 1879 703 1931 καὶ
742 1879 941 1944 πόνους
976 1881 1072 1933 καὶ
1103 1880 1443 1950 πειρασμοὺς
1470 1877 1566 1933 τοῦ
1598 1878 1782 1948 ὀλίγου
1813 1880 1944 1949 χρό-

2054 1898 2284 1954 viriliter
2316 1914 2491 1968 usque
2538 1898 2607 1954 ad
2642 1907 2876 1952 mortem
2931 1912 3044 1953 non
3094 1898 3377 1967 suscipis?
3408 1898 3639 1953 Dicente

349 1986 445 2023 νου
484 1969 589 2037 τῆς
633 1970 783 2039 ζωῆς
815 1970 1021 2040 ταύτης
1067 1968 1465 2034 καταδέξασθαι
1498 1968 1795 2039 προθύμως
1837 1968 1943 2033 ἱως

349 2061 592 2116 θανάτου
634 2062 697 2115 οὐ
751 2062 1055 2132 καταδέχῃς
1094 2061 1191 2115 τοῦ
1222 2062 1431 2132 Κυρίου
1470 2062 1731 2132 βοῶντος·
1759 2057 1835 2115 El
1852 2077 1939 2125 τις

350 2154 517 2208 θέλει
540 2154 738 2208 ὀπίσω
747 2172 866 2223 μου
882 2153 1103 2218 ἐλθεῖν,
1119 2152 1573 2222 ἀπαρνησάσθω
1587 2153 1827 2216 ἑαυτὸν,
1843 2150 1944 2206 καί

349 2246 549 2316 ἀράτω
572 2247 680 2300 τὸν
694 2247 960 2315 σταυρὸν
978 2246 1167 2303 αὐτοῦ
1188 2246 1320 2301 καθ’
1334 2245 1567 2316 ἡμέραν
1584 2245 1827 2314 χαίρων,
1844 2243 1943 2297 καί

348 2340 761 2395 ἀκολουθείτω
791 2358 913 2410 μοι.
938 2340 1049 2393 Καὶ
1069 2339 1235 2393 πάλιν
1257 2353 1271 2367 ·
1321 2339 1464 2393 Ἐὰν
1479 2340 1565 2407 μή
1592 2355 1683 2403 τις
1701 2337 1941 2407 μισήσῃ

348 2431 602 2500 πατέρα,
614 2430 866 2501 μητέρα,
886 2431 1163 2500 γυναῖκα,
1187 2430 1389 2494 τέκνα,
1406 2422 1736 2497 ἀδελφοὺς,
1761 2426 1944 2483 ἀδελ-

348 2524 492 2593 φὰς,
519 2525 608 2576 ἐτι
628 2522 698 2575 δὲ
717 2523 815 2576 καί
837 2523 955 2591 τὴν
977 2521 1194 2576 ἑαυτοῦ
1211 2519 1446 2590 ψυχὴν,
1464 2520 1537 2573 οὐ
1560 2518 1813 2572 δύναταί
1822 2533 1944 2586 μου

347 2610 507 2669 εἶναι
528 2612 836 2683 μαθητής·
860 2613 1170 2667 οἱπλεῖστοι
1222 2612 1279 2666 δὲ
1318 2611 1426 2665 τῶν
1456 2608 1761 2681 ἀνθρώπων
1784 2608 1943 2679 βασι-

349 2707 503 2770 λείας
540 2707 640 2776 μέν
668 2705 947 2776 ἐπιτυχεῖν
977 2705 1279 2776 βούλονται,
1310 2705 1405 2758 καὶ
1425 2705 1525 2773 τὴν
1549 2704 1765 2759 αίώνιον
1798 2699 1945 2771 ζωὴν

350 2801 759 2871 κληρονομῆσαι
793 2800 1027 2867 θέλουσι,
1050 2799 1149 2870 ζῇν
1165 2800 1221 2855 δὲ
1252 2802 1310 2853 ἐν
1328 2801 1441 2862 τοῖς
1473 2798 1621 2861 ἰδίοις
1645 2796 1827 2849 αὐτῶν
1854 2794 1944 2846 θε-

347 2892 587 2965 λήμασι,
626 2894 723 2947 καὶ
774 2894 956 2956 αὐτοῖς
987 2892 1364 2957 ἐξακολουθείν
1393 2892 1494 2944 οὐκ
1525 2890 1941 2953 ἀπαναίνονται,

351 2987 559 3061 μᾶλλον
586 2985 641 3039 δέ
669 2985 745 3057 τῷ
769 2986 1044 3058 σπείροντι
1063 2988 1132 3040 τὰ
1160 2986 1363 3056 μάταια
1386 2984 1521 3057 (16),
1547 2984 1643 3037 καὶ
1667 2984 1741 3055 μὴ
1769 2986 1946 3054 ἀπαρ-

351 3078 610 3148 νούμενοι
658 3080 887 3140 ἑαυτοὺς
945 3078 1225 3147 βούλονται
1272 3079 1370 3147 τὴν
1418 3077 1638 3131 αἰώνιον
1676 3077 1943 3149 κληρονου

354 3170 535 3240 μῆσαι
568 3170 733 3239 ζωὴν,
768 3171 905 3241 ὅπερ
938 3171 1082 3223 ἐστὶν
1127 3170 1412 3224 ἀδύνατον.

433 3260 498 3314 '0
532 3264 639 3332 γὰρ
672 3260 830 3328 λόγος
870 3260 963 3313 τοῦ
989 3262 1197 3331 Κυρίου
1228 3262 1449 3333 ἀληθὴς
1470 3262 1752 3330 τυγχάνει.
1788 3256 1948 3316 Οὗτοι

351 3355 467 3424 γάρ
498 3354 741 3407 ἀπτωτοι
778 3352 1163 3423 διεξέρχονται.
1188 3354 1237 3406 oi
1287 3354 1430 3407 κατά
1462 3354 1562 3424 τὴν
1600 3353 1822 3423 ἐντολὴν
1854 3354 1948 3405 τοῦ

355 3444 564 3515 Κυρίου
592 3443 965 3513 ἀρνησάμενοι
992 3443 1103 3495 ὅλοι
1128 3444 1185 3509 ἐξ
1214 3444 1336 3495 ὅλου
1366 3445 1613 3508 ἑαυτοὺς,
1646 3446 1740 3497 καὶ
1770 3444 1951 3507 πάσας

351 3538 454 3600 τὰς
488 3538 583 3590 τοῦ
612 3538 818 3607 κόσμου
850 3537 1153 3606 ἐπιθυμίας
1205 3538 1300 3590 καὶ
1354 3538 1588 3606 δεσμοὺς
1621 3538 1717 3590 καὶ
1744 3555 1949 3607 μετεω-

357 3632 594 3701 ρισμοὺς
635 3632 726 3682 καὶ
755 3628 949 3696 ἡδονάς
1001 3630 1095 3682 καὶ
1128 3629 1388 3697 ἀσχολίας
1415 3628 1823 3699 βδελυξάμενοι,
1854 3630 1950 3682 καὶ

355 3723 521 3776 αὑτὸν
556 3723 714 3791 μόνον
749 3722 857 3792 πρὸ
885 3721 1183 3791 ὀφθαλμῶν
1214 3721 1448 3791 ἔχοντες,
1488 3720 1703 3782 καὶτὰς
1729 3720 1951 3783 ἐντολὰς

356 3811 527 3866 αὑτοῦ
585 3814 762 3865 ποιεῖν
810 3812 1207 3882 ἐπιθυμοῦντες
1239 3853 1253 3877 ,
1304 3810 1447 3863 ὥστε
1510 3810 1625 3881 ίδίῳ
1681 3812 1949 3881 θελήματι

365 3905 779 3975 ἀποστρέφεται
798 3905 1053 3966 ἕκαστος,
1076 3907 1177 3973 τῆς
1209 3902 1489 3975 βασιλείας
1510 3903 1571 3955 τὸ
1600 3903 1660 3968 ἐξ
1692 3903 1950 3974 ἀληθείας

360 3996 439 4066 μὴ
480 3995 701 4066 θελῆσαι
771 3994 958 4047 λαϐεῖν
1002 3995 1095 4046 καὶ
1156 3994 1500 4064 ἀρνήσασθαι
1556 3995 1787 4060 ἑαυτὸν,
1853 3995 1949 4047 καὶ

356 4090 584 4160 ἀγαπᾷν
620 4106 671 4141 τι
709 4088 807 4141 σὺν
842 4088 1027 4158 ἐκείνῃ
1070 4089 1137 4157 τῇ
1185 4087 1399 4159 ἀγάπῃ,
1434 4088 1512 4155 τῷ
1560 4087 1785 4157 ἥδεσθαί
1834 4104 1949 4140 τισι

357 4180 457 4235 τοῦ
489 4181 685 4244 αἰῶνος
714 4181 910 4233 τούτου
937 4180 1155 4249 ἡδοναῖς
1180 4180 1214 4250 ἢ
1250 4179 1593 4249 ἐπιθυμίαις,
1632 4181 1727 4235 καὶ
1761 4180 1837 4251 τῷ
1872 4181 1947 4253 μὴ

358 4274 491 4343 ὅλην
533 4274 633 4343 τὴν
662 4274 905 4343 ἀγάπην,
957 4275 1081 4325 ὅσον
1110 4274 1167 4327 ἑν
1204 4273 1527 4343 προαιρέσει
1557 4273 1653 4328 καὶ
1683 4272 1947 4343 θελήματι

361 4365 612 4430 δυνατὸν,
644 4366 783 4435 πρὸς
812 4366 1016 4437 Κύριον
1050 4364 1218 4434 ἔχειν.
1258 4366 1351 4429 Ἐξ
1382 4365 1501 4427 ἑνὸς
1530 4366 1587 4419 δὲ
1620 4365 1950 4435 ὑποδείγμα-

358 4475 455 4519 τος
510 4457 802 4527 συννόησόν
866 4475 956 4527 μοι
1009 4458 1208 4513 πάντα.
1262 4457 1565 4528 Διακρίνων
1608 4457 1709 4527 μὲν
1774 4457 1946 4510 ἐνίοτε

2047 1987 2282 2044 Domino
2308 2005 2322 2042 :
2345 1985 2403 2042 Si
2428 1989 2543 2059 quis
2572 1987 2683 2042 vult
2717 1989 2894 2043 venire
2930 1995 3047 2059 post
3077 2004 3180 2053 me,
3207 1988 3427 2059 abneget
3458 1996 3641 2042 semet-

2046 2080 2243 2147 ipsum,
2277 2087 2327 2134 et
2370 2079 2528 2133 tollat
2579 2095 2787 2134 crucem
2816 2096 2973 2135 suam
3002 2080 3237 2151 quotidie
3279 2079 3537 2150 gaudens.
3589 2088 3641 2135 et

2048 2179 2302 2241 sequatur
2338 2186 2420 2224 me
2442 2171 2524 2237 '8;
2565 2178 2621 2225 et
2648 2185 2911 2225 rursum:
2939 2168 2999 2224 Si
3038 2171 3155 2242 quis
3201 2188 3308 2225 non
3343 2172 3510 2227 oderit
3540 2190 3643 2243 pa-

2052 2270 2209 2329 trem,
2240 2271 2489 2329 matrem,
2519 2279 2762 2328 umorem,
2801 2260 2969 2331 ﬁlias,
3015 2263 3235 2333 fratres,
3282 2280 3510 2330 sorores,
3540 2265 3642 2317 ad-

2050 2355 2152 2410 huc
2198 2365 2378 2409 autem
2416 2365 2464 2410 et
2502 2356 2742 2413 animam
2766 2371 2944 2422 suam,
2992 2371 3098 2410 non
3133 2362 3304 2427 potest
3341 2372 3489 2409 meus
3532 2372 3644 2410 esse

2050 2450 2336 2520 discipulus
2352 2451 2418 2505 ⁸⁸.
2449 2451 2706 2521 Plerique
2739 2451 2993 2506 homines
3020 2466 3253 2523 regnum
3282 2449 3516 2522 adipisci
3546 2466 3644 2507 νος

2050 2542 2197 2607 lunt,
2228 2552 2284 2598 et
2315 2554 2580 2599 :eternam
2625 2544 2795 2599 vitam
2825 2542 3080 2613 accipere
3129 2543 3403 2614 cupiunt;
3452 2544 3645 2601 vivere

2051 2645 2238 2689 autem
2296 2636 2355 2689 in
2409 2634 2651 2705 propriis
2697 2634 2815 2688 suis
2852 2634 3258 2701 voluntatibus,
3306 2643 3365 2689 et
3394 2633 3504 2690 illis
3537 2636 3643 2691 obs

2052 2734 2363 2796 temperare
2394 2742 2503 2781 non
2534 2735 2817 2791 recusant,
2861 2726 3036 2797 magis
3068 2736 3254 2781 autem
3280 2727 3491 2783 similes
3512 2727 3643 2784 facti

2053 2815 2186 2871 huic
2224 2817 2320 2886 qui
2360 2831 2500 2871 vana
2548 2816 2809 2880 seminat,
2855 2831 3039 2886 neque
3079 2817 3415 2887 abnegantes
3443 2829 3643 2871 semet-

2054 2908 2204 2977 ipsos
2232 2909 2427 2962 volunt
2450 2915 2713 2963 aeternam
2740 2907 2910 2963 vitam
2946 2906 3235 2979 accipere;
3265 2905 3416 2978 quod
3436 2906 3644 2976 impos-

2054 3002 2215 3057 sibile
2248 3010 2353 3057 est.

2126 3272 2321 3327 Sermo
2349 3268 2498 3323 enim
2538 3267 2756 3321 Domini
2799 3282 2964 3321 verus
3006 3264 3310 3319 invenitur.
3363 3263 3499 3318 Nam
3562 3263 3642 3323 illi

2052 3364 2207 3434 lapsu
2278 3359 2642 3433 perveniunt,
2708 3358 2804 3428 qui
2868 3357 3171 3412 secundum
3226 3354 3443 3410 Domini
3486 3369 3647 3409 manv

2054 3457 2243 3511 datum
2291 3456 2565 3523 abnegant
2594 3452 2698 3506 toti
2730 3450 2960 3518 seipsos,
2997 3458 3054 3503 ct
3086 3448 3273 3503 omnia
3324 3446 3521 3501 mundi
3550 3462 3647 3502 cu-

2052 3546 2335 3616 piditates,
2368 3543 2609 3607 vincula,
2647 3541 2958 3611 superbias,
3016 3540 3333 3608 voluptates
3356 3547 3413 3592 et
3463 3538 3643 3606 impc-

2052 3638 2297 3691 dimcnta
2355 3635 2661 3705 abjiciant,
2722 3643 2779 3687 et
2837 3632 2993 3685 illum
3045 3631 3223 3685 solum
3281 3644 3405 3697 qua:
3466 3628 3646 3681 oculis

2056 3728 2285 3792 habent,
2315 3735 2371 3781 et
2426 3726 2573 3780 illius
2623 3724 2883 3779 mandata
2916 3737 3141 3778 scrvare
3172 3720 3426 3789 cupiunt,
3479 3718 3555 3772 ita
3584 3728 3645 3771 ut

2051 3822 2287 3890 quisque
2324 3818 2543 3888 propria
2570 3818 2855 3871 voluntate
2901 3822 3205 3879 avertatur,
3239 3826 3468 3881 regnum
3498 3810 3644 3864 nolle

2053 3913 2110 3968 in
2164 3913 2399 3967 veritate
2454 3910 2710 3965 obtinere
2776 3918 2833 3962 et
2912 3907 3155 3976 scipsum
3223 3905 3540 3975 abnegare,
3588 3912 3646 3956 ct

2052 4006 2284 4077 diligere
2322 4003 2533 4073 aliquid
2566 4017 2693 4056 cum
2750 4000 2844 4055 illa
2874 4000 3197 4061 dilectione,
3246 3996 3537 4068 gaudendo
3590 3995 3645 4049 in

2051 4099 2336 4169 aliquibus
2390 4094 2578 4151 sazculi
2642 4094 2809 4165 hujus
2860 4091 3241 4161 voluptatibus
3278 4098 3334 4143 et
3368 4086 3644 4156 cupidita-

2054 4190 2222 4253 tibus,
2276 4198 2334 4243 et
2400 4202 2513 4240 non
2570 4184 2828 4239 habendo
2878 4182 2936 4238 in
2970 4184 3267 4237 Dominum
3295 4190 3464 4235 totam
3498 4179 3641 4233 dile-

2053 4282 2315 4345 ctionem,
2359 4285 2626 4347 quantum
2662 4273 2959 4329 intentioni
3001 4284 3056 4327 et
3078 4272 3351 4327 voluntati
3381 4268 3645 4341 possibile

2051 4382 2157 4429 cst.
2192 4374 2272 4427 Ex
2316 4387 2427 4425 uno
2467 4369 2722 4439 exemplo
2766 4366 2904 4421 mihi
2933 4365 3178 4435 intellige
3230 4364 3438 4419 omnia.
3483 4361 3647 4418 Judi-

2052 4465 2229 4520 cando
2261 4463 2475 4533 judieat
2527 4464 2765 4531 quisque
2815 4468 2871 4514 et
2910 4457 3090 4512 noscit
3146 4455 3472 4511 indecorum
3522 4469 3646 4508 esse

358 4550 628 4619 διακρίνει
684 4549 914 4612 ἕκαστος
965 4550 1060 4603 καὶ
1092 4546 1267 4614 οἶδεν,
1323 4549 1406 4602 ὅτι
1461 4549 1665 4603 ἄτοπόν
1720 4550 1946 4614 ἐστιν,ὃ

2054 4556 2200 4626 quod
2243 4556 2425 4610 facere
2462 4555 2617 4619 vult;
2671 4552 2768 4608 sed
2798 4551 3019 4621 quando
3052 4548 3233 4618 diligit
3258 4555 3315 4602 et
3344 4562 3454 4601 non
3488 4560 3647 4599 rccu~

360 4641 504 4693 θέλει
534 4640 779 4711 ποιῆσαι,
826 4641 944 4694 ἀλλ’
970 4641 1159 4712 ἐπειδὴ
1196 4642 1388 4711 ἀγαπᾷ
1423 4642 1518 4695 καὶ
1550 4641 1652 4695 οὐκ
1681 4642 1946 4711 ἀρνεῖται,

357 4738 592 4805 ἥττηται
650 4734 819 4804 αυτῷ.
879 4735 1155 4806 Πρότερον
1205 4736 1311 4805 γὰρ
1346 4734 1454 4787 ἔσω
1486 4737 1543 4788 ἐν
1588 4736 1654 4804 τῇ
1690 4734 1887 4804 καρδίᾳ
1922 4736 1949 4787 ὁ

358 4828 597 4896 πόλεμος
625 4826 859 4895 γίνεται,
902 4828 997 4879 καὶ
1047 4829 1073 4879 ὀ
1104 4826 1276 4894 ἀγὼν,
1305 4827 1400 4879 καὶ
1434 4826 1493 4879 τὸ
1528 4827 1815 4897 στάθμιον,
1852 4830 1947 4881 καὶ

359 4918 586 4988 ήροπὴ,
633 4917 725 4970 καὶ
774 4917 834 4970 τὸ
883 4914 1069 4983 ζύγιον
1122 4916 1223 4984 τῆς
1261 4916 1487 4986 ἀγάπης
1534 4914 1627 4967 τοῦ
1657 4914 1815 4978 Θεοῦ,
1850 4917 1946 4968 καὶ

359 5013 460 5079 τῆς
492 5010 713 5079 ἀγάπης
749 5008 845 5062 τοῦ
880 5010 1112 5080 κόσμου,
1162 5009 1258 5062 καὶ
1297 5009 1417 5061 τότε
1452 5008 1803 5079 προέρχεται,
1850 5009 1945 5062 καὶ

361 5101 628 5171 διακρίνει
665 5102 916 5167 ἕκαστος,
967 5102 1017 5154 εί
1058 5100 1199 5173 τύχῃ
1230 5103 1311 5165 είς
1341 5103 1525 5172 μάχην
1570 5102 1669 5155 καὶ
1716 5102 1946 5172 διαπλη-

362 5191 592 5264 κτισμὸν
623 5193 759 5263 πρὸς
794 5193 887 5248 τὸν
922 5192 1175 5263 ἀδελφὸν,
1206 5193 1380 5260 λέγων
1417 5196 1475 5247 ἐν
1498 5193 1698 5265 ἐαυτῷ·
1746 5196 1902 5249 Εἴπω
1928 5211 1943 5258 ;

366 5286 617 5355 «adﬁcta;
649 5284 784 5339 ἀλλά
820 5285 895 5355 μὴ
924 5284 1181 5357 λαλήσως
1216 5286 1576 5359 μνημονεύων
1608 5288 1706 5354 μὲν
1737 5287 1946 5341 καὶτοῦ

431 5468 480 5501 ⁸⁸
505 5466 697 5525 Matth.
733 5483 844 5532 xw,
871 5468 962 5521 Ἡ.
1040 5468 1085 5501 ⁸³
1110 5467 1244 5524 Luc.
1271 5483 1381 5533 xw,
1411 5469 1503 5527 26.

2052 4659 2158 4714 sat,
2214 4648 2320 4706 hoc
2350 4647 2614 4701 vincitur.
2654 4644 2904 4699 Primum
2970 4643 3119 4697 enim
3173 4642 3227 4695 in
3278 4640 3445 4694 corde
3493 4638 3645 4690 intus

2054 4741 2261 4795 bellum
2307 4737 2387 4802 ﬁt,
2434 4746 2491 4791 et
2547 4752 2768 4806 pugna,
2815 4744 2872 4789 et
2918 4732 3165 4795 libratio,
3203 4729 3642 4801 ponderatiuque

2051 4830 2404 4886 dilectionem
2438 4827 2534 4881 Dei
2562 4828 2706 4880 inter
2736 4833 2792 4880 et
2833 4824 3189 4879 dilectionem
3247 4819 3468 4882 mundi;
3514 4828 3646 4869 tunc

2052 4921 2267 4977 accedit
2333 4919 2574 4987 quisque
2644 4927 2700 4971 et
2746 4916 2993 4987 judicat,
3054 4913 3098 4966 si
3156 4911 3299 4964 forte
3346 4918 3539 4979 agatur
3576 4910 3645 4961 de

2054 5015 2171 5068 rixa
2214 5023 2270 5067 et
2314 5010 2602 5066 iracundia
2638 5018 2831 5063 contra
2868 5008 3096 5062 fratrem
3131 5022 3145 5057 :
3179 5002 3380 5063 (licam,
3405 5011 3500 5055 aut
3530 5018 3641 5055 non

2054 5104 2275 5160 dicam?
2314 5104 2531 5172 loquar,
2581 5110 2679 5154 aut
2710 5114 2821 5154 non
2870 5095 3107 5167 loquar?
3165 5110 3376 5148 memor
3418 5090 3643 5163 quidem

2056 5196 2175 5260 Dei,
2222 5194 2319 5250 sed
2367 5192 2650 5264 propriam
2725 5191 2955 5262 gloriam
3011 5201 3352 5258 procurans.
3408 5194 3465 5238 et
3530 5195 3642 5243 non

2058 5285 2301 5355 scipsum
2358 5283 2681 5354 abnegans,
2740 5296 2934 5335 verum
2979 5278 3023 5334 si
3076 5278 3240 5349 paulo
3290 5272 3643 5347 praevaluerit

1672 5624 1902 5681 VARIAE
1934 5620 2338 5680 LECTIONES.

436 5765 552 5839 (16)
611 5760 785 5819 Locus
821 5770 968 5819 certe
992 5762 1248 5827 mutilus;
1296 5775 1413 5841 post
1451 5765 1651 5837 μάταια
1689 5765 1894 5821 nullum
1954 5764 2006 5820 in
2045 5759 2231 5817 codice
2287 5749 2758 5829 interpttnetionis
2795 5748 3009 5819 signum
