4016 6466
425 395 536 458 503

1675 386 1734 444 S.
1774 380 2096 442 MACARII
2133 379 2454 443 )EGYPTII

3600 367 3708 431 504

424 501 649 557 dilectio
681 509 735 554 et
757 499 976 570 pondus
1017 499 1211 555 mundi
1260 499 1318 554 in
1375 497 1558 576 cordis
1611 497 1777 562 libra,
1812 492 1996 549 statim

2107 493 2268 555 Θεοῦ,
2300 492 2436 546 ἀλλά
2469 491 2568 561 τὴν
2615 487 2754 544 ίδίαν
2781 486 2941 554 δόξαν
2976 484 3456 559 περιποιούμενος,
3493 481 3599 540 καί
3631 484 3710 552 μὴ

426 593 782 665 progreditur
811 609 1014 674 pravus
1046 609 1231 648 sermo
1276 608 1450 663 usque
1481 593 1549 647 ad
1599 590 1766 646 labia.
1795 586 2005 642 Deinde

422 694 686 756 tanquam
729 687 955 756 sagittas
999 685 1247 756 dirigens
1301 700 1458 739 mens
1493 685 1644 738 intus
1692 680 2007 752 proximum

425 778 556 832 telis
582 779 800 848 impetit
841 793 941 848 per
992 778 1258 849 linguam,
1297 778 1511 848 jaciens
1543 775 1650 829 tela
1685 785 2006 829 sermonum

423 869 954 925 contumeliosorum
997 868 1054 923 in
1110 869 1396 923 voluntate
1445 875 1772 935 spontanea,
1818 874 2006 916 suam-

422 969 538 1015 met
587 961 817 1030 gloriam
867 975 1194 1030 procurans.
1260 957 1468 1012 Deinde
1520 957 1709 1012 multis
1758 955 1832 1010 ita
1879 953 2007 1010 telis

420 1053 734 1124 proximum
781 1052 1055 1122 impetens
1094 1067 1192 1122 per
1223 1049 1654 1105 contumeliosos
1695 1063 2002 1113 sermones,

422 1145 734 1214 usquedum
795 1152 852 1199 et
912 1144 967 1198 in
1031 1143 1269 1198 decursu
1328 1148 1538 1196 crescat
1593 1149 1880 1211 peccatum
1935 1138 2005 1193 ad

420 1237 676 1291 lzesiones
720 1235 1015 1304 aliquando
1061 1243 1117 1288 et
1168 1233 1434 1299 vulnera,
1495 1232 1551 1286 in
1609 1247 1842 1302 corpore
1879 1247 2005 1285 mu—

421 1334 546 1380 tuas
597 1325 726 1380 belli
787 1333 972 1396 partes
1025 1331 1290 1389 exercet,
1341 1322 1676 1393 quandoque
1717 1336 1892 1390 usque
1936 1318 2004 1374 ad

421 1427 694 1483 mortem;
728 1417 808 1472 sic
864 1415 1019 1471 necis
1048 1425 1243 1470 auctor
1296 1414 1532 1470 eﬂicitur
1583 1413 1824 1468 hominis
1850 1413 2004 1482 pravi

415 1508 724 1578 cupiditas,
769 1509 918 1574 vide,
968 1509 1117 1564 unde
1159 1518 1354 1564 exorta
1401 1509 1473 1563 sit
1501 1549 1515 1572 ,
1559 1517 1615 1564 et
1657 1507 1876 1578 qualem
1907 1507 2006 1561 ha-

421 1599 608 1654 buerit
640 1602 801 1653 [luem
833 1600 1060 1655 dilectio
1089 1600 1381 1655 mundanae
1405 1600 1594 1670 gloriae
1614 1600 1857 1671 pondere
1875 1616 2006 1670 prato

415 1689 605 1744 valens
629 1691 681 1744 in
709 1690 893 1745 cordis
921 1691 1058 1744 libra
1077 1700 1131 1746 et
1153 1692 1378 1761 propria
1404 1692 1706 1746 voluntate.
1731 1690 2003 1758 Quoniam

414 1783 561 1837 enim
607 1784 808 1853 aliquis
840 1784 1084 1853 seipsum
1117 1799 1228 1838 non
1276 1783 1586 1854 abnegavit,
1640 1793 1696 1838 et
1730 1784 1938 1852 aliquid
1972 1801 2004 1838 e

415 1875 624 1928 mundo
654 1875 869 1941 dilexit,
907 1876 997 1929 illa
1019 1876 1202 1929 omnia
1227 1874 1428 1946 ﬂagitia
1456 1876 1740 1931 eveniunt.
1777 1877 1855 1930 lta
1878 1892 1999 1932 esse

414 1967 689 2020 arbitrare
736 1968 791 2020 in
835 1982 1169 2038 quocunque
1221 1975 1447 2037 peccato
1497 1977 1553 2022 et
1594 1967 1999 2024 consuetudine

413 2059 579 2125 mala,
609 2075 735 2113 cum
771 2059 1054 2114 blanditur
1085 2061 1291 2115 malitia
1333 2069 1388 2114 et
1422 2061 1760 2115 voluntatem
1799 2062 2000 2115 mentis

413 2151 644 2205 inclinat
687 2151 753 2205 ad
796 2153 1102 2206 mundanas
1146 2153 1480 2223 cupiditates
1527 2156 1582 2209 ct
1616 2153 1907 2209 illecebras
1944 2161 2001 2207 et

412 2241 722 2309 voluptates
750 2244 952 2298 carnis.
984 2243 1060 2298 Ita
1081 2260 1243 2300 omne
1267 2245 1488 2300 malitiae
1511 2261 1651 2314 opus
1671 2254 1962 2301 exercetur
1979 2287 1994 2311 ,

411 2331 489 2386 ita
523 2332 883 2402 impudicitia:
918 2344 973 2390 et
1022 2336 1257 2404 furtum,
1300 2337 1375 2392 ita
1409 2338 1640 2392 avaritia
1666 2345 1722 2391 et
1752 2337 1995 2408 pigritia,

411 2420 487 2474 ita
516 2423 636 2476 auri
663 2423 938 2492 cupiditas
955 2433 1018 2499 (et
1046 2440 1186 2480 vana
1222 2426 1417 2497 gloria,
1449 2427 1524 2480 ita
1563 2427 1772 2481 invidia
1799 2437 1856 2482 et
1878 2442 1998 2482 am-

411 2510 573 2576 bitio,
618 2521 674 2566 et
708 2515 1082 2586 quodcunque
1113 2526 1197 2571 est
1231 2518 1454 2572 malitia:
1478 2534 1637 2588 opus.
1686 2519 1998 2589 Aliquando

408 2619 576 2675 opera
624 2623 746 2676 quze
795 2609 940 2664 bona
988 2611 1248 2665 videnlur
1296 2612 1360 2665 ad
1405 2612 1632 2681 gloriam
1680 2623 1738 2668 et
1774 2612 1994 2667 laudem

406 2698 1113 2772 hominumperﬁciuntur,
1167 2721 1291 2775 qua:
1349 2706 1492 2775 apud
1558 2707 1731 2761 Deum
1795 2706 1997 2761 similia

407 2798 536 2844 sunt
572 2791 874 2861 injustitiae,
901 2794 1050 2849 furto
1090 2804 1146 2849 et
1193 2797 1318 2850 aliis
1353 2798 1616 2866 peccatis.
1649 2799 1794 2853 Deus
1847 2799 1996 2852 enim

406 2879 577 2936 dicit:
611 2882 866 2950 Dispersi!
894 2903 1011 2940 ossa
1035 2904 1218 2941 eorum
1249 2890 1338 2958 qui
1364 2890 1661 2943 hominibus
1690 2889 1900 2961 placent
1918 2891 1992 2955 ⁶σς

409 2972 483 3028 ita
516 2984 576 3028 ut
601 2992 700 3045 per
732 2995 795 3032 ea
822 2995 945 3048 qute
975 2981 1118 3035 bona
1144 2980 1406 3034 videntur
1434 2983 1707 3052 malignus
1741 2984 1995 3038 minister

405 3065 646 3136 diligens
671 3084 938 3137 apparere
963 3072 1117 3134 velit,
1141 3071 1328 3124 varius
1355 3072 1500 3124 enim
1546 3081 1631 3126 est
1670 3083 1726 3127 et
1761 3074 1996 3128 mendax

2109 585 2302 641 ἑαυτὸν
2346 583 2700 656 ἀρνούμενος.
2757 581 2903 636 Ἀλλ’
2954 581 3052 634 saw
3096 580 3277 648 ὀλίγον
3322 576 3710 649 καταϐαρήσῃ

2106 680 2140 749 ἡ
2169 679 2357 748 ἀγάπη
2386 675 2481 730 τοῦ
2515 676 2724 746 κόσμου
2769 675 2865 728 καὶ
2893 674 2927 746 ὴ
2955 671 3098 744 ῥοπὴ
3129 673 3190 724 ὲν
3217 670 3295 741 τῷ
3324 673 3426 741 τῆς
3463 668 3711 739 καρδίας

2106 770 2312 841 ζυγίῳ,
2343 768 2506 832 εὐθὺς
2535 768 2862 839 προέρχεται
2895 766 2924 818 ὁ
2955 763 3191 834 πονηρὸς
3210 761 3368 830 λόγος
3403 760 3574 830 μέχρι
3597 758 3711 811 τῶν

2105 865 2348 937 χειλέων.
2373 860 2508 919 Εἶτα
2541 862 2732 933 ὥσπερ
2787 861 2917 932 βέλη
2952 857 3206 913 ἐντείνων
3236 858 3266 910 ὁ
3309 852 3436 917 νοῦς
3471 852 3708 907 ἔνδοθεν

2105 957 2316 1026 τοξεύει
2357 957 2450 1010 τὸν
2499 955 2730 1027 πλησίον
2759 953 2849 1007 διὰ
2877 952 3148 1022 γλώττης,
3178 948 3414 1019 πέμπων
3443 945 3588 1017 βέλη
3620 945 3713 998 λό-

2105 1068 2219 1117 γων
2250 1048 2519 1119 ἀπρεπῶν
2551 1050 2610 1102 ἐν
2640 1045 2912 1115 θελήματι
2945 1041 3202 1113 ἑκουσίῳ,
3229 1040 3331 1112 τὴν
3367 1037 3576 1093 ἑαυτυῦ
3617 1036 3712 1090 δό-

2106 1144 2205 1213 ξαν
2233 1140 2713 1214 περιποιούμενος.
2736 1134 2872 1192 Εἶτα
2892 1135 3130 1201 τοξεύων
3148 1135 3242 1189 ἐπὶ
3264 1132 3402 1187 πολὺ
3427 1131 3526 1186 τδν
3562 1129 3712 1202 πλη-

2107 1236 2221 1290 σίον
2253 1235 2342 1288 διά
2384 1233 2560 1304 λόγων
2592 1230 2880 1302 ἀπρεπῶν,
2915 1230 3022 1293 ἕως
3049 1222 3112 1282 οὗ
3149 1228 3246 1282 καὶ
3270 1228 3329 1280 ὲν
3356 1227 3473 1290 τοῖς
3503 1223 3710 1296 μέλεσι

2104 1327 2333 1400 διαχυθῇ
2359 1327 2422 1380 τὸ
2468 1326 2774 1397 ἁμάρτημα
2819 1326 2900 1387 είς
2935 1321 3332 1392 συμπληγάδας
3378 1319 3560 1372 ἐνίοτε
3609 1317 3710 1370 καὶ⁵

2104 1422 2419 1494 τραύματα,
2474 1421 2562 1474 διὰ
2622 1418 2717 1472 τοῦ
2771 1418 3024 1486 σώματος
3053 1414 3260 1485 ἀλληλα
3309 1415 3381 1467 τὰ
3417 1411 3564 1483 μέλη
3606 1427 3710 1463 πο-

2105 1515 2372 1587 λεμοῦντα
2402 1513 2798 1584 ἀπεργάζεται,
2826 1511 2996 1564 ὲνίοτε
3041 1510 3136 1563 καὶ
3167 1508 3272 1571 ἓως
3311 1507 3498 1576 φόνου,
3532 1503 3708 1557 θανά-

2103 1625 2198 1661 του
2227 1606 2591 1678 ἀπαρτίζεται
2624 1605 2686 1659 τὸ
2734 1604 2830 1658 τοῦ
2878 1601 3114 1674 πονηροῦ
3165 1600 3518 1671 ἐπιθύμημα.
3566 1600 3704 1662 Ἴδε,

2108 1699 2276 1752 πόθεν
2307 1699 2533 1768 ἤρξατο,
2563 1697 2660 1750 καὶ
2688 1699 2840 1749 ποῖον
2868 1695 2996 1766 ἔσχε
3023 1695 3086 1748 τὸ
3114 1694 3267 1756 τέλος
3298 1693 3490 1764 ἀγάπη
3535 1691 3705 1761 δόξης

2107 1787 2378 1857 κοσμικῆς
2420 1786 2720 1856 βαρυθεῖσα
2770 1784 2846 1855 (Ι)
2880 1787 2946 1854 τῇ
2984 1785 3123 1854 ῥοπῇ
3175 1781 3268 1835 τοῦ
3305 1781 3408 1851 τῆς
3460 1780 3704 1851 καρδίας

2031 1842 2078 1901 Β
2107 1842 2273 1945 ζυγοῦ
2301 1842 2517 1941 ὲίῗῡίδίού
2547 1842 2872 1946 θελήματος.
3022 1842 3130 1944 γὰρ
3154 1873 3214 1926 τὸ
3248 1873 3322 1943 μὴ
3347 1842 3702 1943 ἀρνήσασθαι

2106 1970 2322 2032 ἑαυτὸν,
2367 1971 2463 2023 καὶ
2509 1970 2728 2040 ἀγαπᾷν
2762 1986 2815 2021 τι
2848 1967 2944 2021 τοῦ
2989 1968 3218 2036 κόσμου,
3256 1967 3444 2019 ὲκεῖνα
3477 1966 3580 2018 ὅλα
3629 1965 3700 2017 τά

2105 2061 2435 2129 ἀτοπήματα
2455 2062 2721 2128 γίγνεται.
2754 2058 2941 2122 Οὕτως
2971 2059 3080 2112 νόει
3113 2075 3203 2126 μοι
3239 2057 3428 2120 καὶείς
3454 2056 3701 2111 ἕκαστον

2104 2153 2410 2224 ἁμάρτημα
2437 2153 2533 2207 καὶ
2577 2152 2918 2223 ἐπιτήδευμα
2954 2150 3154 2220 φαῦλον
3205 2153 3307 2220 τῆς
3355 2150 3564 2212 κακίας
3597 2166 3701 2201 κο-

2104 2244 2468 2315 λακευούσης,
2496 2246 2591 2299 καὶ
2615 2244 3065 2315 προτρεπομένης
3108 2243 3169 2296 τὸ
3199 2243 3410 2313 θέλημα
3445 2241 3545 2294 τοῦ
3578 2240 3701 2304 νοὸς

2104 2337 2202 2392 καὶ
2225 2336 2543 2406 ἐπιθυμίαις
2577 2339 2871 2407 κοσμικαῖς
2898 2337 2992 2389 καὶ
3018 2336 3202 2407 ἀπάτῃ
3238 2335 3334 2389 καὶ
3364 2335 3530 2405 ἡδονῇ
3563 2351 3701 2402 σαρ-

2105 2431 2219 2493 κός.
2276 2428 2435 2483 Οὕτω
2495 2432 2604 2483 πᾶν
2653 2432 2886 2498 πρᾶγμα
2935 2427 3136 2490 κακίας
3185 2427 3557 2498 ἀπαρτίζεται
3595 2427 3696 2498 (‘2),

2105 2525 2247 2578 οὕτω
2279 2524 2497 2594 μοιχεία
2529 2525 2622 2577 καὶ
2657 2523 2856 2594 κλοπὴ,
2895 2521 3036 2576 οὕτω
3074 2522 3358 2586 πλεονεξία
3403 2521 3502 2574 καὶ
3553 2520 3694 2592 μέθη

2105 2616 2247 2670 οὕτω
2285 2615 2620 2687 φιλαργυρία
2683 2617 2779 2669 καὶ
2830 2614 3142 2680 κενοδοξία,
3195 2614 3338 2668 οὓτω
3379 2614 3548 2685 ζῆλος
3601 2613 3696 2666 καὶ

2105 2709 2368 2780 φιλαρχία
2418 2707 2514 2762 καὶ
2563 2709 2673 2760 πᾶν
2728 2707 2908 2760 ὁτιοῦν
2947 2707 3064 2760 ἐστι
3111 2707 3209 2776 τῆς
3257 2706 3458 2769 κακίας
3491 2707 3694 2775 ἐπιτή-

2102 2799 2300 2866 δευμα.
2367 2797 2568 2852 Ἑνίοτε
2633 2798 2774 2851 καλά
2822 2797 3084 2850 δοκοῦντα
3135 2797 3550 2867 ἐπιτηδεύματα
3600 2797 3689 2851 διὰ

2103 2888 2261 2953 δόξαν
2301 2887 2394 2940 καὶ
2417 2887 2640 2942 ἔπαινον
2672 2887 2978 2959 ἀνθρώπων
3008 2886 3358 2953 ἐπιτελεῖται,
3393 2888 3547 2959 άπερ
3579 2888 3693 2942 ἐστὶ

2105 2981 2257 3049 παρά
2276 2979 2396 3050 Θεῷ
2438 2980 2526 3032 tua
2561 2979 2777 3042 ἀδικίας
2826 2981 2919 3032 καὶ
2961 2979 3171 3046 κλοπῆς
3211 2979 3307 3034 καὶ
3355 2980 3468 3033 τῶν
3515 2980 3691 3035 ἄλλων

2102 3071 2323 3141 ἀμαρτη
2333 3071 2542 3140 μάτων.
2560 3071 2617 3122 '0
2631 3070 2763 3134 Θεὸς
2785 3072 2894 3141 γάρ
2913 3089 3098 3143 φησιν·
3118 3072 3523 3140 Ἐσκόρπισεν
3541 3068 3690 3128 ὁστᾶ

407 3157 465 3212 in
526 3159 932 3227 cupiditatibus
1014 3163 1230 3219 mundi.
1297 3163 1432 3218 Nam
1485 3181 1583 3234 per
1639 3165 1993 3221 dilectionem

2103 3163 2650 3232 ἀνθρωπαρὲσκωνο
2675 3163 2816 3217 ὥστε
2854 3165 2942 3218 διά
2965 3163 3078 3230 τῶν
3112 3163 3412 3218 δοκούντων
3450 3165 3636 3221 καλῶν
3661 3165 3691 3217 ὁ

406 3248 701 3318 quamdam
729 3259 1049 3305 terrestrem
1101 3262 1158 3307 et
1203 3255 1500 3320 carnalem,
1527 3255 1582 3308 in
1611 3271 1718 3324 qua
1759 3257 2000 3311 vincitur

407 3340 575 3394 homo
615 3344 837 3411 propria
891 3344 1193 3410 voluntate,
1242 3346 1486 3400 allicitur
1540 3348 1769 3412 malitia,
1803 3359 1863 3402 ut
1906 3349 2000 3404 ﬁat

407 3434 486 3489 illi
517 3435 798 3489 vinculum
841 3436 1135 3491 insolubile
1173 3447 1229 3492 et
1273 3437 1491 3492 sarcina
1531 3440 1737 3508 gravis,
1769 3441 1996 3495 immer-

404 3541 540 3595 gens
580 3538 636 3580 et
681 3527 960 3582 sull'ocans
1002 3544 1128 3584 eum
1166 3530 1220 3584 in
1262 3524 1469 3584 smculd
1502 3532 1784 3600 nequitiae,
1816 3549 1997 3604 neque

404 3620 596 3674 sinens
645 3635 956 3691 assurgere,
999 3630 1055 3676 et
1100 3622 1168 3676 ad
1220 3624 1392 3677 Deum
1439 3623 1660 3690 redire;
1709 3627 1994 3694 quoniam,

403 3711 677 3780 quidquid
711 3726 742 3766 e
770 3713 979 3768 mundo
1023 3715 1225 3784 aliquis
1266 3717 1546 3785 dilexerit,
1578 3717 1725 3776 illius
1756 3730 1996 3775 mentem

403 3802 670 3871 opprimit
703 3811 758 3858 et
784 3805 1018 3872 obtinet,
1061 3824 1242 3878 neque
1282 3826 1570 3883 assurgere
1608 3814 1757 3868 sinit.
1789 3815 1847 3870 ln
1893 3815 1995 3871 hac

401 3895 552 3950 enim
591 3896 888 3953 libratione
933 3909 988 3953 et
1035 3902 1435 3969 ponderatione
1483 3921 1606 3975 qua:
1654 3923 1752 3976 per
1796 3907 1995 3961 libram

401 3986 626 4041 malitiae
678 3986 760 4052 lit,
815 3989 1078 4057 pendilur
1114 4000 1168 4044 et
1201 3992 1464 4059 probatur
1503 4010 1666 4048 omne
1708 3995 1996 4051 hominum

402 4093 598 4146 genus,
620 4077 1063 4135 Christianorum
1088 4098 1286 4151 nempe
1308 4084 1360 4136 in
1389 4084 1623 4140 urbibus
1651 4086 1993 4156 degentium,

402 4178 500 4224 aut
534 4170 589 4223 in
620 4171 926 4235 montibus,
966 4181 1062 4226 aut
1093 4174 1145 4226 in
1175 4177 1548 4242 monasteriis,
1581 4189 1678 4232 aut
1730 4180 1783 4232 in
1828 4181 1994 4250 agris,

402 4269 498 4314 aut
527 4261 581 4314 in
607 4261 844 4316 desertis
873 4263 1032 4327 locis,
1078 4265 1207 4332 quia
1233 4266 1518 4321 voluntate
1577 4269 1798 4338 propria
1831 4272 1997 4324 sedu-

401 4363 528 4408 ctus
561 4353 728 4408 homo
753 4355 933 4425 diligit
961 4356 1169 4426 aliquid
1191 4367 1247 4411 et
1278 4358 1476 4427 quovis
1501 4361 1663 4414 modo
1705 4363 1884 4416 vincta
1914 4373 1998 4418 est

402 4444 526 4512 ejus
557 4443 807 4510 dilectio,
844 4454 899 4498 et
930 4462 1039 4500 non
1071 4457 1155 4501 est
1195 4456 1307 4502 tota
1359 4447 1415 4502 in
1445 4449 1655 4515 Deum;
1691 4450 1781 4522 hic
1822 4453 1992 4518 enim,

2102 3256 2337 3327 πονηρὸς
2391 3256 2785 3326 ὑπηρετεῖσθαι
2832 3257 3101 3325 βούλεται.
3136 3258 3532 3322 Πολυποίκιλος
3581 3259 3687 3328 γάρ

2100 3350 2217 3401 ἐστι
2251 3350 2344 3401 καὶ⁸
2374 3348 2651 3419 ἀπατηλὸς
2684 3351 2742 3401 ὲν
2780 3348 3098 3418 ἐπιθυμίαις
3149 3350 3378 3419 κόσμου.
3429 3351 3531 3403 Διά
3578 3350 3685 3421 γάρ

2099 3439 2322 3509 ἀγάπην
2353 3441 2477 3494 τινὰ
2528 3441 2726 3510 γηΐνην
2775 3441 2851 3507 (5)
2894 3440 2989 3493 καὶ
3027 3439 3320 3510 σαρκικὴν,
3367 3440 3446 3505 είς
3490 3441 3563 3511 ἢν
3599 3440 3686 3493 δε-

2103 3535 2321 3602 σμεῖται
2371 3531 2666 3602 ἄνθρωπος
2705 3531 2975 3601 θελήματι
3023 3531 3156 3601 ἰδίῳ,
3211 3531 3526 3596 δελεάζεται
3579 3531 3683 3584 ὑπὸ

2097 3623 2200 3692 τῆς
2243 3624 2464 3686 κακίας,
2494 3624 2643 3686 ὅπως
2673 3623 2885 3691 γίνεται
2927 3623 3074 3692 αὐτῷ
3111 3623 3300 3686 ἆλυσις
3343 3624 3438 3677 καὶ
3485 3624 3687 3694 δεσμὸς

2099 3715 2193 3768 καὶ⁹
2238 3715 2456 3785 φορτίον
2512 3716 2674 3785 βαρὺ,
2717 3715 3083 3778 καταϐυθίζον
3133 3717 3228 3768 καὶ
3278 3719 3468 3784 πνῖγον
3508 3718 3571 3771 ὲν
3609 3714 3684 3784 τῷ

2099 3803 2256 3857 αἰῶνι
2300 3807 2402 3873 τῆς
2438 3803 2743 3871 πονηρίας,
2781 3802 2854 3871 μὴ
2898 3803 3216 3872 συγχωροῦν
3251 3801 3549 3872 ἀνακύψαι,
3583 3803 3681 3858 καὶ

2099 3897 2236 3964 πρὸς
2273 3894 2365 3947 τὸν
2407 3893 2538 3947 Θεὸν
2571 3893 2848 3947 ἀπελθεῖν.
2892 3893 3110 3963 Ἐπειδὴ
3141 3894 3279 3963 ὅπερ
3302 3911 3386 3956 τις
3426 3895 3681 3965 ἠγάπησε

2097 3986 2194 4040 τοῦ
2233 3987 2462 4056 κόσμου,
2495 3987 2802 4055 καταδαρεῖ
2827 3984 2919 4036 τὸν
2956 3984 3080 4037 νοῦν
3132 3985 3300 4037 αὑτοῦ
3360 3985 3456 4038 καὶ
3513 4002 3679 4039 κατα·

2100 4080 2294 4150 κρατεῖ
2325 4080 2422 4146 (4),
2464 4079 2558 4130 καὶ
2582 4078 2682 4130 οὐκ
2726 4079 2792 4147 ἑᾷ
2834 4077 3129 4145 ἀνακύψαι.
3158 4078 3253 4140 Εἰς
3279 4077 3438 4130 τοῦτο
3484 4078 3593 4146 γάρ
3625 4077 3680 4129 τὸ

2101 4169 2365 4240 στάθμιον
2403 4170 2498 4223 καὶ
2526 4169 2623 4238 τὴν
2657 4170 2833 4239 ῥοπὴν
2865 4169 2961 4222 καὶ
3005 4169 3067 4222 τὸ
3111 4170 3212 4237 τῆς
3257 4170 3457 4232 κακίας
3499 4169 3681 4239 ζύγιον

2101 4265 2400 4332 κρέμαται,
2453 4261 2547 4314 καὶ
2596 4260 2954 4330 δοκιμάζεται
2987 4263 3094 4314 πᾶν
3133 4261 3192 4313 τὸ
3239 4261 3394 4330 γένος
3439 4262 3550 4316 τῶν
3587 4264 3678 4315 ἀν-

2100 4353 2352 4422 θρώπων,
2384 4354 2504 4423 ἢτοι
2532 4353 2877 4422 Χριστιανῶν
2898 4354 3006 4406 τῶν
3034 4353 3094 4406 ἐν
3116 4353 3339 4406 πόλεσιν
3367 4353 3676 4418 οἰκούντων,

2098 4447 2130 4516 ἢ
2164 4448 2219 4499 ἐν
2257 4447 2460 4515 ὄρεσιν’
2574 4447 2632 4497 ἐν
2682 4448 2871 4514 μοναῖς
2895 4487 2911 4509 ο
2957 4446 2989 4516 ἦ
3037 4446 3096 4497 ἐν
3139 4447 3360 4517 ἀγροῖς,
3395 4447 3426 4519 ἢ
3463 4448 3522 4499 ὲν
3554 4448 3678 4518 ἐρή-

401 4536 559 4591 verbi
613 4539 811 4606 gratia,
851 4538 1042 4593 dilexit
1081 4554 1236 4609 opes,
1292 4540 1430 4595 alius
1479 4556 1676 4597 aurum
1712 4553 1767 4597 et
1805 4561 1996 4616 argen-

2106 4554 2224 4606 μοις
2275 4538 2484 4600 τόποις,
2528 4538 2610 4591 ὅτι
2647 4537 2914 4608 Θελήματι
2970 4539 3085 4608 ίδίῳ
3120 4537 3505 4608 δελεαζόμενος
3531 4541 3559 4592 ὁ
3588 4541 3676 4594 άν-

404 4636 541 4691 tum,
577 4627 716 4683 alius
757 4628 1019 4682 disertam
1071 4631 1263 4684 mundi
1302 4632 1629 4702 sapientiam
1655 4635 1726 4689 ob
1758 4636 1986 4705 gloriam

401 4715 713 4778 hominum,
738 4718 880 4772 alius
915 4719 1108 4774 dilexit
1152 4724 1478 4790 potentiam,
1520 4725 1901 4782 aliuslaudem
1932 4736 1988 4782 et

401 4807 644 4863 honores
674 4810 988 4876 hominum,
1015 4814 1157 4870 alius
1186 4814 1324 4868 iram
1367 4826 1423 4870 et
1466 4817 1807 4872 violentiam.
1851 4820 1986 4873 Nam

399 4903 772 4972 permittendo
800 4921 859 4961 se
892 4916 1144 4976 prompte
1174 4908 1419 4976 passioni
1454 4909 1596 4973 hanc
1623 4910 1825 4981 diligit,
1845 4913 1987 4966 alius

398 4993 623 5048 inutiles
652 5010 905 5061 eventus,
935 4997 1077 5051 alius
1107 4998 1394 5069 invidiam,
1428 5000 1568 5053 alius
1598 5001 1750 5054 omni
1776 5003 1866 5056 die
1896 5017 1987 5056 su-

396 5085 582 5152 perbit
613 5097 669 5139 et
695 5086 935 5150 lmtatur,
976 5089 1119 5143 alius
1159 5088 1418 5144 inanibus
1462 5090 1770 5146 rationibus
1801 5091 1988 5146 illudi-

399 5185 509 5238 tur,
536 5176 678 5228 alius
708 5185 967 5246 tanquam
1001 5179 1140 5250 legis
1176 5181 1438 5250 magister
1473 5181 1662 5236 haberi
1691 5182 1890 5251 diligit,
1913 5182 1984 5236 ob

397 5266 683 5322 hominum
704 5269 955 5338 gloriam,
978 5272 1121 5326 alius
1152 5271 1406 5326 socordia
1432 5282 1487 5326 et
1517 5273 1728 5326 incuria
1755 5274 1982 5343 gaudet,

394 5357 540 5411 alius
572 5359 820 5412 vestibus
859 5369 914 5412 et
953 5361 1149 5430 pannis
1181 5362 1484 5426 detinetur,
1517 5362 1659 5416 alius
1687 5364 1837 5417 curis
1878 5373 1986 5417 ter-

396 5452 664 5508 restribus
693 5468 753 5507 se
796 5452 909 5518 dat,
938 5453 1080 5508 alius
1123 5457 1378 5508 somnum
1409 5464 1465 5510 et
1503 5439 1777 5510 sermonis
1824 5458 1984 5525 lepo-

463 5623 510 5656 ⁸⁰
537 5625 677 5680 Psal.
705 5640 797 5691 ιιι,
829 5626 877 5681 6.

2097 4629 2312 4697 Ορωπος
2353 4627 2543 4698 ἀγαπᾷ
2577 4645 2630 4680 τι
2683 4630 2778 4681 καὶ
2828 4629 3162 4698 ὁπουδήποτε
3192 4629 3401 4682 δέδεται
3447 4629 3672 4696 αὑτοῦὴ

2095 4720 2283 4791 ἀγάπη
2305 4761 2319 4782 ,
2361 4721 2455 4774 καὶ
2493 4720 2597 4772 οὐκ
2626 4720 2773 4772 ἔστιν
2813 4719 2907 4790 ὅλη
2958 4721 3094 4789 πρὸς
3122 4721 3213 4774 τὸν
3241 4721 3393 4774 Θεόν·
3425 4723 3674 4790 ἠγάπησε.

2093 4813 2200 4883 γάρ
2232 4831 2336 4874 τις,
2368 4813 2415 4864 εί
2444 4811 2596 4882 τύχοι
2630 4815 2910 4882 κτήματα,
2948 4812 3104 4875 ἄλλος
3143 4813 3344 4883 χρυσὸν
3384 4816 3478 4867 καὶ
3509 4814 3672 4882 ἄργο-

2095 4923 2207 4976 ρον,
2255 4904 2413 4966 ἄλλος
2469 4903 2659 4972 σοφίαν
2715 4905 2903 4972 λογίαν
2972 4905 3179 4975 κόσμου
3233 4905 3322 4957 διὰ
3374 4906 3532 4968 δόξαν
3589 4907 3673 4957 ἀν-

2093 4995 2348 5067 θρώπων,
2394 4995 2552 5058 ἄλλος
2601 4996 2892 5064 ἠγάπησεν
2934 4995 3146 5065 ἀρχὴν,
3191 4994 3349 5058 ἄλλος
3388 4996 3546 5062 δόξαν
3584 4993 3673 5048 καὶ⁸

2091 5088 2255 5156 τιμὰς
2287 5085 2612 5158 ἀνθρώπιον,
2676 5087 2836 5148 ἄλλος
2877 5085 3046 5156 ὀργὴν
3104 5086 3198 5138 καὶ
3237 5087 3420 5155 μῆνιν·
3460 5088 3546 5140 διὰ
3572 5086 3672 5154 γὰρ

2091 5181 2152 5232 τὸ
2179 5181 2390 5246 ταχέως
2427 5180 2620 5231 ἑαυτὸν
2652 5179 2943 5232 ἐπιδιδόναι
2980 5179 3055 5247 τῷ
3086 5181 3246 5233 πάθει
3289 5179 3481 5250 ἀγαπᾷ
3517 5180 3668 5233 αὑτό·

2092 5271 2249 5334 ἄλλος
2289 5271 2553 5341 ἀκαίρους
2601 5270 2920 5338 συντυχίας,
2956 5270 3114 5332 ἄλλος
3149 5270 3334 5341 ζῆλον,
3371 5271 3531 5334 ἄλλος
3575 5271 3672 5322 πᾶ-

2094 5379 2192 5414 σαν
2248 5362 2466 5431 ἡμέραν
2509 5362 2902 5432 μετεωρίζεται
2935 5362 3028 5414 καὶ
3055 5363 3269 5430 ⁹ἣδεται,
3304 5363 3462 5426 ἄλλος
3489 5362 3670 5432 ἀργοῖς

2089 5455 2380 5524 λογισμοῖς.
2400 5455 2700 5520 ἀπατᾶται,
2733 5453 2895 5518 ἀλλος
2924 5453 2999 5518 ὡς
3044 5453 3500 5526 νομοδιδάσκαλος
3532 5449 3662 5506 εἶναι

1667 5723 1898 5779 ΫΑΙΗᾸΕ
1935 5723 2336 5780 LECTIONES.

465 5836 541 5906 (Ι)
567 5836 661 5892 Sic
689 5834 810 5892 cod.
890 5835 966 5907 (‘2)
993 5830 1140 5892 Cod.
1173 5827 1512 5897 ἀαρτιζεται.

1609 5830 1686 5901 ('5;
1719 5831 1809 5884 Sic
1842 5833 1993 5897 eod..

2094 5835 2167 5905 (Α)
2197 5836 2339 5891 Cod.
2383 5833 2751 5902 κατωκρατεί.
