4016 6438
311 414 416 480 5'35

1570 412 1941 474 HOMILI/E.
1972 435 2040 450 -
2068 411 2254 471 ΗΘΜ.
2296 411 2364 472 V.

3489 412 3593 475 506

315 529 510 599 ἀγαπᾷ
555 527 652 581 διά
705 525 866 590 δόξαν
907 523 1214 596 ἀνθρώπων
1237 562 1254 591 ,
1296 522 1458 588 ἀλλος
1502 522 1773 594 χαυνὼσει
1809 523 1903 577 καὶ

2006 537 2121 577 rem
2159 530 2258 577 aut
2292 522 2693 578 obscenitatem
2725 521 2943 592 diligit,
2999 533 3054 577 et
3087 525 3270 579 statim
3304 542 3369 580 ac
3396 527 3596 597 aliquis

314 619 551 691 ἀμελείᾳ
580 619 805 690 ἥδεται,
837 617 995 678 ἄλλος
1034 615 1271 686 ίματίοις
1306 615 1403 668 καὶ
1453 615 1644 684 ῥάκεσι
1673 613 1903 676 δέδεται,

315 711 474 774 ἄλλος
548 710 846 781 μερίμναις
914 707 1132 776 γηῖναις
1181 705 1373 760 ἑαυτὸν
1424 705 1640 758 δίδωσιν
1674 744 1689 766 ,
1748 704 1906 766 ἄλλος

315 801 487 854 ὕπνον
520 803 618 854 καὶ
647 798 1012 872 εὐτραπελίαν
1054 797 1087 869 ἢ
1137 795 1520 867 αἰσχρολογίαν
1567 796 1778 866 ἀγαπᾷ·
1811 795 1906 848 καὶ

319 893 506 963 μικρῷ
535 892 649 963 γάρ
674 909 758 954 τις
786 890 878 943 καὶ
911 888 1130 958 μεγάλῳ
1155 886 1522 957 δεσμούμενος
1550 885 1644 938 τοῦ
1674 886 1902 954 κόσμου,

315 983 512 1051 ἐκείνῳ
552 981 849 1051 κατέχεται
882 978 978 1032 καὶ
1026 978 1125 1030 οὐκ
1173 978 1328 1030 ἐᾶται
1362 975 1662 1045 ἀνακύψαι.
1706 975 1851 1046 Πρὸς
1877 973 1907 1027 ὃ

313 1075 423 1146 γάρ
460 1092 548 1137 τις
599 1073 768 1134 πάθος
800 1072 859 1124 οὐ
891 1069 1122 1140 πολεμεῖ
1158 1068 1447 1137 γενναίως,
1475 1069 1654 1122 ἐκεῖνο
1692 1067 1903 1140 ἀγαπᾷ,

312 1165 544 1217 κάκεῖνο
588 1163 784 1230 κρατεῖ
809 1159 996 1222 αὐτὸν,
1026 1159 1123 1213 καὶΙ
1156 1158 1403 1230 βαρύνει,
1437 1159 1531 1212 καὶ
1573 1159 1782 1228 γίνεται
1810 1160 1907 1213 αὐ-

313 1255 394 1324 τῷ
420 1253 690 1323 ἐμπόδιον
747 1253 840 1304 καὶ
877 1251 1104 1313 ἅλυσις,
1153 1249 1248 1302 τοῦ
1305 1249 1380 1320 μὴ
1424 1249 1516 1302 τὸν
1574 1248 1699 1302 νοῦν
1737 1249 1903 1303 αὐτοῦ

311 1345 547 1398 ἀπιέναι
589 1343 728 1411 πρὸς
765 1342 856 1394 τὸν
895 1341 1046 1405 Θεὸν,
1075 1339 1168 1393 καὶ
1201 1339 1568 1410 εὐαρεστῆσαι
1597 1337 1768 1407 αὐτῷ,
1810 1337 1906 1391 καὶ

313 1434 471 1505 αὐτῷ
514 1434 664 1504 μόνῳ
689 1431 1065 1503 λατρεύσαντα
1097 1429 1472 1501 χρησιμεύσαι
1517 1431 1586 1500 τῇ
1634 1429 1902 1500 βασιλείᾳ,

312 1524 412 1576 καὶ
440 1521 594 1592 ζωῆς
629 1522 850 1576 αἰωνίου
881 1521 1245 1591 τυχεῖν·ῲυχὴ
1318 1518 1429 1588 γὰρ
1457 1517 1732 1588 ήάληθῶς
1769 1519 1906 1586 πρὸς

313 1613 528 1680 Κύριον
561 1612 662 1683 τὴν
705 1612 882 1682 ὁρμὴν
914 1611 1113 1681 ἔχουσα
1147 1612 1242 1681 ὅλη
1279 1611 1340 1675 ἐξ
1383 1612 1505 1664 ὅλου
1545 1611 1645 1678 τὴν
1681 1609 1905 1680 ἀγάπην

310 1706 490 1773 αὐτῆς
525 1705 663 1775 πρὸς
699 1705 862 1757 αὐτὸν
895 1705 1045 1758 ἕλκει
1079 1705 1179 1774 (5),
1230 1706 1324 1757 καὶ
1375 1703 1511 1773 πρὸς
1547 1701 1711 1755 αὐτὸν
1747 1702 1906 1771 μόνον

311 1798 380 1850 ἐκ
415 1796 820 1867 προαιρέσεως,
852 1797 949 1867 ὅση
995 1796 1251 1866 δύναμις,
1301 1795 1605 1864 δεσμεῖται,
1651 1793 1904 1846 κάκεῖθεν

311 1887 416 1958 τὴν
473 1887 732 1957 βοήθειαν
761 1887 861 1956 τῆς
907 1887 1129 1958 χάριτος
1175 1888 1538 1956 προσκτᾶται,
1581 1885 1676 1939 καλ⁴
1706 1885 1904 1954 ἑαυτὴν

313 1980 607 2049 ἀρνεῖται,
654 1979 748 2031 καὶ
794 1981 906 2042 τοῖς
949 1979 1218 2049 θελήμασι
1264 1977 1361 2030 τοῦ
1416 1976 1536 2038 νοὸς
1581 1976 1753 2044 αὐτῆς
1805 1976 1904 2026 οὐκ

309 2071 626 2135 ἀκολουθεῖ,
670 2071 751 2123 ὅτι
782 2069 972 2133 δολίως
1011 2069 1304 2138 πορεύεται
1358 2068 1474 2136 μεθ’
1505 2066 1660 2138 ἡμῶν
1707 2066 1798 2119 διά
1845 2063 1905 2115 τὸ

313 2159 476 2210 συνὸν
503 2159 599 2210 καὶ
624 2157 875 2220 δελεάζον
903 2157 1093 2224 κακὸν,
1127 2156 1263 2211 ἀλλά
1292 2155 1371 2226 τῷ
1400 2155 1494 2209 τοῦ
1524 2154 1728 2227 Κυρίου
1759 2155 1905 2224 λόγῳ

310 2249 583 2311 ὁλοτελῶς
635 2248 1156 2322 ὲαυτὴνοὲκδίδωσι,
1211 2248 1304 2302 καὶ
1347 2249 1548 2310 παντὸς
1579 2248 1902 2317 φαινομένου

309 2339 519 2410 δεσμοῦ
547 2339 664 2392 λύει
701 2338 921 2410 ἑαυτὴν,
954 2340 1076 2392 ὅσον
1100 2340 1165 2392 ἐκ
1199 2339 1502 2409 θελήματος
1535 2337 1778 2400 δυνατὸν,
1809 2335 1906 2389 καὶ

312 2433 392 2503 τῷ
414 2432 612 2503 Κυρίῳ
641 2431 700 2496 ἐξ
720 2431 841 2484 ὅλου
874 2430 1075 2500 ἑαυτὴν
1095 2431 1301 2496 δίδωσι,
1335 2431 1428 2482 καὶ
1447 2429 1591 2482 οὕτω
1613 2429 1904 2495 διεξελθεῖν

312 2521 560 2592 εὐχερῶς
593 2522 886 2591 δυνήσεται
916 2521 1043 2582 τοὺς
1075 2519 1293 2587 ἀγῶνας
1328 2520 1423 2573 καὶ
1450 2519 1647 2581 πόνους
1669 2518 1762 2572 καὶ
1788 2518 1904 2571 θλί-

311 2610 461 2681 ψεις.
481 2613 656 2664 Ὅπου
683 2612 792 2681 γὰρ
823 2612 1124 2677 ἀγαπᾶται,
1159 2611 1368 2664 ἐκεῖθεν
1393 2610 1690 2680 βοηθεῖται,
1718 2611 1904 2663 κάκεῖ-

314 2701 413 2754 θεν
452 2702 723 2774 βαρεῖται·
753 2703 847 2755 ἐάν
875 2719 930 2755 τι
959 2702 1052 2754 τοῦ
1085 2703 1291 2771 κόσμου
1325 2703 1538 2773 ἀγαπᾷ,
1567 2703 1700 2755 αὐτὸ
1727 2703 1904 2755 έκεῖνο

313 2791 527 2861 γίνεται
556 2793 707 2864 αὐτῷ
739 2795 956 2863 φορτίον
990 2794 1086 2848 καὶ
1116 2793 1306 2864 δεσμοὶ
1336 2793 1694 2856 καθέλκοντες
1729 2795 1900 2860 κάτω,

313 2885 415 2940 καὶ
445 2887 521 2955 μὴ
564 2885 977 2956 συγχωροῦντες
1006 2887 1120 2942 ἀνω
1146 2887 1284 2956 πρὸς
1310 2885 1442 2938 Θεὸν
1471 2887 1733 2941 ἀνελθεῖν.
1779 2888 1904 2941 Ἐάν

311 2976 374 3029 δὲ
405 2977 500 3029 τὸν
525 2976 728 3047 Κύριον
752 2977 847 3029 καὶ
877 2978 977 3040 τὰς
1003 2976 1227 3041 ὲντολάς
1270 2977 1434 3031 αὐτοῦ
1455 2979 1666 3049 ἀγαπᾷ,
1695 2979 1904 3032 ἐκεῖθεν

313 3065 596 3136 βοηθεῖται
655 3065 912 3121 κάκεῖθεν
965 3067 1309 3137 κουφίζεται,
1364 3069 1458 3121 καὶ
1500 3067 1700 3124 εὔκολα
1753 3071 1904 3142 αὐτῷ

313 3160 500 3213 πάντα
544 3160 754 3227 γίνεται
812 3159 882 3213 τὰ
931 3161 1025 3214 τοῦ
1076 3160 1282 3231 Κυρίου
1337 3161 1776 3233 παραγγέλματα
1825 3163 1904 3233 τῷ

310 3249 415 3320 τὴν
468 3251 692 3320 ἀγάπην
736 3251 903 3304 αὐτοῦ
947 3251 1086 3322 πρὸς
1127 3254 1291 3306 αὐτὸν
1314 3252 1622 3315 ἀποσώζειν
1675 3253 1901 3324 ὁλοκλή-

312 3361 450 3415 ρως,
499 3343 595 3396 καὶ
629 3343 789 3413 βαρεῖ
833 3345 915 3407 είς
951 3345 1012 3397 τὸ
1045 3344 1271 3413 ἀγαθὸν,
1318 3346 1519 3414 μᾶλλον
1549 3346 1606 3399 δὲ
1652 3348 1747 3400 καὶ
1775 3364 1904 3399 κου-

311 3436 462 3503 φίζει
493 3436 587 3487 καὶ
616 3435 908 3504 ὲλαφρύνει
955 3436 1134 3490 πάντα
1169 3438 1407 3507 πόλεμον
1445 3439 1542 3491 καὶ
1577 3439 1759 3493 πᾶσαν
1789 3437 1904 3492 θλί-

308 3528 431 3596 ψιν,
487 3528 579 3578 καὶ
617 3527 709 3582 διά
762 3528 863 3594 τῆς
897 3526 1048 3589 θείας
1091 3526 1375 3596 δυνάμεως
1405 3528 1496 3581 τὸν
1540 3527 1748 3596 κόσμον
1785 3527 1904 3580 δια-

315 3618 530 3679 κόπτει,
563 3618 658 3670 καὶ
705 3617 804 3680 τάς
836 3617 1095 3687 δυνάμεις
1127 3618 1226 3685 τῆς
1257 3617 1478 3682 κακίας,
1521 3616 1622 3681 τὰς
1655 3618 1713 3669 ὲν
1753 3616 1903 3686 αὐτῷ

313 3707 721 3775 παγιδευούσας
775 3705 874 3778 τὴν
924 3706 1124 3778 ψυχὴν,
1183 3707 1276 3760 καὶ
1333 3707 1545 3776 βρόχοις
1596 3706 1903 3775 ἐπιθυμιῶν

316 3800 678 3853 παντοδαπῶν
703 3801 762 3852 ὲν
789 3799 868 3869 τῷ
896 3799 990 3852 τοῦ
1016 3800 1224 3871 κόσμου
1259 3796 1405 3867 βυθῷ
1435 3796 1899 3865 καταδεσμούσας,

322 3891 418 3944 καὶ
445 3889 618 3954 οὕτως
661 3891 936 3961 ἐξειλῆσαι
969 3891 1046 3961 (6)
1085 3893 1141 3958 ἐξ
1178 3889 1358 3943 αὐτῶν
1379 3888 1465 3941 διὰ
1497 3887 1598 3954 τῆς
1645 3887 1780 3950 ίδίας
1811 3887 1901 3939 πί-

315 3999 488 4046 στεως
525 3986 622 4037 καὶ
652 3986 889 4054 σπουδῆς
915 3985 1134 4054 πολλῆς,
1168 3983 1262 4036 καὶ
1293 3980 1383 4034 διά
1405 3980 1506 4050 τῆς
1535 3979 1742 4033 ἄνωθεν
1773 3979 1902 4050 βοη-

314 4082 485 4142 θείας,
518 4078 649 4132 ἔνθα
679 4078 958 4148 ἠγάπησε,
1005 4077 1104 4146 τῆς
1163 4074 1383 4128 αἰωνίου
1427 4073 1700 4143 βασιλείας
1731 4069 1904 4136 ἀξιοῦ-

312 4191 432 4237 ται,
454 4173 520 4244 ἢν
555 4171 672 4242 ἰδίῳ
716 4169 983 4239 θελήματι
1025 4167 1319 4236 ἀγαπήσας
1377 4164 1435 4230 ἐξ
1492 4162 1774 4232 ἀληθείας,
1809 4162 1904 4215 καὶ

319 4265 430 4319 ὐπὸ
460 4265 555 4316 τοῦ
587 4263 796 4334 Κυρίου
859 4261 1168 4332 βοηθηθεὶς,
1213 4260 1314 4329 τῆς
1347 4257 1568 4311 αἰωνίου
1620 4256 1766 4326 ζωῆς
1801 4255 1903 4308 οὐκ

315 4357 600 4410 ἐκπίπτει.
636 4357 754 4407 Ἵνα
787 4354 844 4407 δὲ
870 4354 980 4408 ἀπὸ
1018 4352 1363 4424 πραγμάτων
1394 4349 1644 4420 φανερῶν
1687 4348 1904 4401 ἀποδεί-

316 4450 523 4518 ξωμεν,
561 4447 680 4511 πῶς
722 4447 987 4518 θελήματι
1035 4446 1156 4515 ίδίῳ·
1197 4443 1383 4497 πολλοὶ
1413 4442 1763 4507 ἀπόλλυνται,
1806 4441 1903 4494 καὶ

2007 627 2179 683 parvo
2228 622 2324 668 aut
2374 629 2573 683 magno
2607 613 2798 668 mundi
2855 615 3078 670 vinculo
3137 616 3440 684 detinetur,
3487 620 3595 674 hoc

2006 704 2323 775 possidetur
2353 719 2455 760 nec
2494 706 2695 760 sinitur
2717 721 3028 777 assurgere.
3059 709 3377 764 Passionem
3417 713 3590 776 enim,

2007 801 2198 846 contra
2229 807 2393 861 quam
2430 793 2598 846 homo
2623 808 2732 847 non
2771 805 2978 865 pugnat
3019 796 3278 862 viriliter,
3314 800 3464 853 illam
3510 801 3596 855 di-

2006 882 2164 952 ligit;
2195 892 2249 938 et
2275 883 2366 937 illa
2392 884 2540 938 hunc
2567 885 2887 940 dominatur
2931 896 2987 941 et
3011 889 3296 958 opprimit,
3327 891 3386 945 fit
3413 893 3464 946 ei
3491 892 3595 946 im-

2006 974 2385 1043 pedimentum
2411 983 2468 1030 et
2500 985 2718 1042 eatena,
2751 994 2820 1033 ne
2853 991 3096 1034 mentem
3135 997 3289 1035 suam
3315 984 3380 1036 ad
3420 985 3592 1038 Deum

2005 1066 2228 1136 dirigat,
2251 1082 2357 1122 nec
2387 1066 2464 1121 illi
2501 1070 2862 1138 complaceat,
2886 1087 3067 1141 neque
3096 1073 3176 1127 illi
3210 1074 3312 1128 soli
3343 1076 3597 1130 serviens

2006 1173 2236 1228 regnum
2271 1159 2520 1214 obtineat
2563 1170 2621 1215 et
2663 1162 2732 1214 ad
2780 1162 2949 1216 vitam
2985 1172 3252 1218 aaternam
3283 1167 3591 1233 perveniat.

2007 1251 2207 1305 Anima
2240 1252 2391 1306 enim
2427 1267 2551 1321 quae
2581 1269 2712 1308 vere
2739 1253 2807 1307 ad
2837 1255 3131 1310 Dominum
3175 1257 3456 1328 dirigitur,
3479 1270 3593 1314 tota

2005 1344 2232 1396 omnino
2273 1359 2429 1397 suam
2477 1345 2834 1400 dilectionem
2870 1347 2926 1400 in
2966 1347 3120 1402 illum
3175 1351 3499 1416 contrahit,
3537 1363 3596 1407 et

2008 1435 2086 1490 illi
2119 1435 2220 1490 soli
2265 1452 2332 1490 ex
2384 1437 2710 1504 intentione,
2748 1449 3018 1508 quantum
3062 1450 3266 1510 potest,
3310 1444 3591 1506 vincitur;

2006 1535 2063 1582 et
2085 1527 2213 1582 inde
2233 1529 2419 1597 gratia:
2442 1529 2712 1584 auxilium
2764 1531 3029 1600 acquirit,
3059 1541 3115 1586 et
3146 1534 3384 1604 seipsam
3423 1536 3594 1590 abne-

2005 1629 2118 1687 gat,
2152 1628 2208 1674 et
2235 1621 2509 1675 voluntati
2549 1621 2753 1676 mentis
2792 1635 2904 1676 suae
2934 1638 3046 1676 non
3074 1623 3592 1695 obtemperat,quia

2009 1715 2064 1768 in
2092 1713 2250 1768 nobis
2279 1730 2376 1783 per
2403 1713 2655 1768 fraudem
2703 1714 2950 1768 ambulat
2992 1717 3464 1785 percoacomitans
3537 1729 3594 1773 et

2010 1804 2284 1860 seducens
2315 1806 2554 1870 malum;
2583 1804 2678 1858 sed
2703 1804 2876 1859 verbo
2913 1805 3127 1860 Domini
3166 1808 3409 1876 perfecte
3441 1810 3592 1878 seip-

2005 1911 2120 1950 sam
2146 1896 2438 1964 permittit,
2463 1907 2521 1952 et
2546 1896 2615 1950 ab
2634 1897 2784 1949 omni
2814 1897 3019 1950 visibili
3045 1897 3268 1953 vinculo
3287 1916 3347 1955 se
3370 1901 3592 1964 liberat,

2004 1995 2272 2056 quantum
2291 2003 2358 2042 cx
2379 1988 2663 2042 voluntate
2682 1987 2944 2056 possibile
2965 1998 3070 2054 est,
3091 1998 3148 2044 et
3172 1991 3403 2046 Domino
3426 2002 3592 2046 totam

2003 2079 2230 2134 omnino
2256 2081 2604 2149 semetipsam
2644 2080 2761 2145 dat,
2786 2091 2842 2136 et
2875 2081 2948 2136 ita
2983 2085 3325 2152 pertransire
3357 2087 3595 2142 feliciter

2003 2172 2209 2243 poterit
2240 2189 2466 2242 pugnas,
2499 2174 2720 2229 labores
2744 2183 2800 2228 et
2823 2191 3117 2232 aerumnas.
3159 2179 3262 2234 Ubi
3290 2180 3437 2233 enim
3471 2180 3595 2235 dili-

2003 2265 2174 2332 gitur,
2208 2263 2336 2318 inde
2367 2265 2636 2319 auxilium
2665 2267 2817 2321 venit
2844 2276 2899 2321 et
2942 2268 3073 2323 inde
3115 2271 3334 2338 pondus
3367 2274 3520 2326 venit
3547 2274 3592 2327 si

2004 2351 2136 2419 quid
2163 2368 2194 2405 e
2220 2353 2427 2407 mundo
2465 2352 2642 2423 diligit
2674 2355 2862 2422 homo,
2906 2357 3010 2411 hoc
3056 2357 3235 2428 ipsum
3270 2360 3330 2413 fit
3359 2361 3434 2414 illi
3473 2377 3594 2415 sar-

2004 2439 2130 2494 cina
2169 2449 2225 2495 et
2257 2441 2477 2495 vincula
2504 2442 2762 2498 deorsum
2812 2444 3181 2510 demittentia,
3225 2462 3328 2501 nec
3371 2465 3593 2505 sursum

2005 2533 2386 2602 permittentia
2417 2534 2486 2588 ad
2529 2536 2700 2590 Deum
2731 2553 2789 2591 se
2819 2539 3112 2605 attollere;
3156 2541 3241 2593 sin
3271 2549 3454 2596 autem
3485 2544 3591 2597 Do-

2006 2627 2216 2681 minum
2246 2637 2303 2682 et
2331 2629 2451 2698 ejus
2483 2630 2739 2686 mandata
2783 2632 2986 2703 diligit,
3022 2634 3149 2688 inde
3195 2635 3461 2688 auxilium
3508 2653 3594 2689 re-

2005 2717 2161 2787 cipit,
2192 2718 2322 2773 inde
2359 2719 2686 2787 sustinetur,
2725 2730 2781 2776 et
2811 2723 3067 2792 expedita
3119 2725 3197 2778 illi
3241 2727 3424 2780 omnia
3460 2727 3597 2781 fiunt

2005 2808 2225 2862 Domini
2269 2819 2540 2879 praecepta
2588 2811 2656 2864 ad
2707 2814 3034 2868 servandam
3088 2817 3315 2870 omnino
3344 2834 3499 2872 suam
3541 2821 3593 2874 in

2004 2899 2298 2953 Dominum
2329 2899 2708 2969 dilectionem,
2733 2913 2787 2959 et
2822 2905 3091 2960 inclinant
3125 2907 3191 2960 ad
3227 2908 3454 2972 bonum,
3489 2926 3599 2963 aui-

2006 2990 2152 3060 plius
2174 2999 2358 3044 autem
2386 3000 2443 3046 et
2473 2992 2651 3047 levius
2677 3005 2734 3049 et
2757 2994 2975 3050 facilius
3008 2997 3255 3052 etliciunt
3293 3015 3456 3054 omne
3479 3001 3600 3056 bel-

2005 3080 2120 3134 lum
2145 3091 2201 3135 et
2234 3096 2456 3136 omnem
2483 3099 2810 3149 aerumnam,
2836 3095 2891 3140 et
2924 3104 3023 3156 per
3050 3089 3312 3145 virtutem
3352 3092 3596 3147 divinam
3623 3071 3630 3081 ί

1931 3214 1972 3271 C
2010 3173 2277 3226 mundum
2312 3174 2648 3244 profligaret,
2695 3186 2753 3231 et
2787 3179 3010 3232 malitiae
3044 3181 3213 3245 vires,
3250 3199 3373 3252 qua:
3404 3183 3458 3237 in
3504 3186 3599 3239 illo

2006 3265 2248 3318 animam
2271 3263 2595 3334 illaqueant,
2618 3277 2676 3321 et
2701 3268 3068 3337 cupiditatum
3100 3273 3315 3327 retibus
3332 3275 3601 3345 multipli-

2005 3356 2155 3410 cium
2210 3356 2268 3410 in
2305 3356 2496 3410 mundi
2551 3357 2750 3429 abysso
2789 3360 2946 3414 illum
3003 3362 3349 3429 devinciunt,
3405 3377 3461 3422 et
3527 3368 3598 3422 ita

2005 3447 2274 3502 liberatus
2321 3447 2388 3501 ab
2435 3449 2519 3501 eis
2555 3464 2654 3517 per
2684 3465 2840 3504 suam
2869 3452 3031 3506 ﬁdem
3063 3463 3120 3508 et
3152 3471 3406 3525 magnam
3439 3456 3598 3513 forti-

2007 3542 2277 3605 tudinem,
2332 3548 2389 3595 et
2453 3556 2551 3609 per
2595 3544 2822 3600 cmleste
2875 3547 3177 3613 auxilium,
3231 3550 3323 3603 ubi
3384 3550 3598 3618 dilexit,

2003 3635 2196 3688 aeterni
2266 3636 2420 3706 regni
2489 3634 2689 3706 dignus
2761 3637 3081 3708 judicatur,
3150 3640 3296 3708 quod
3375 3645 3599 3711 propria

2005 3726 2288 3782 voluntate
2342 3728 2538 3783 dilexit
2592 3729 2648 3782 in
2694 3729 2963 3793 veritate,
3014 3738 3070 3783 et
3122 3747 3152 3784 a
3208 3731 3443 3785 Domino
3495 3751 3598 3788 au-

2004 3817 2195 3871 xilium
2249 3819 2549 3888 accipiens,
2606 3829 2816 3875 mterna
2875 3819 2986 3874 vita
3045 3836 3158 3874 non
3213 3823 3484 3889 privatur.
3529 3825 3600 3880 lit

2004 3916 2188 3962 autem
2252 3911 2420 3966 rebus
2482 3911 2835 3966 evidentibus
2910 3909 3207 3968 ostendere
3284 3916 3596 3983 possimus,

2003 3999 2282 4066 quomodo
2350 4001 2576 4071 propria
2631 4001 2917 4055 voluntate
2981 4003 3140 4057 multi
3212 4015 3478 4074 pereant,
3541 4017 3600 4062 et

2006 4087 2062 4140 in
2094 4104 2247 4144 mare
2275 4091 2722 4161 submerguntur,
2749 4099 2805 4146 et.
2847 4092 2903 4145 in
2925 4094 3253 4148 servitutem
3282 4096 3597 4163 trahantur,

2004 4194 2257 4250 suppone
2289 4182 2426 4236 mihi
2469 4184 2765 4252 quamdam
2801 4183 3025 4238 domum
3071 4186 3195 4256 igne
3228 4187 3467 4253 incendi,
3502 4189 3598 4258 qui

2004 4273 2244 4330 voluerit
2291 4291 2351 4330 se
2403 4277 2638 4339 salvare,
2682 4276 2777 4330 ubi
2825 4275 3140 4330 incendium
3181 4278 3383 4342 sensit,
3414 4281 3599 4336 nudus

2005 4360 2220 4430 effugit,
2257 4363 2443 4417 omnia
2477 4363 2797 4432 relinquens
2825 4373 2883 4418 et
2913 4379 3025 4418 suae
3051 4365 3181 4419 vitae
3204 4367 3380 4421 solum
3407 4370 3600 4424 volens

2007 4467 2195 4507 curam
2226 4454 2466 4518 habere,
2493 4456 2736 4509 salvatus
2767 4464 2872 4511 est.
2907 4456 3062 4511 Alius
3092 4473 3226 4512 vero
3260 4461 3453 4516 volens
3482 4477 3598 4516 ser-

313 4541 375 4592 ὲν
429 4538 677 4609 θαλάσσῃ
732 4536 1064 4607 βυθίζονται,
1099 4534 1194 4588 καὶ⁹
1233 4535 1291 4586 ἐν
1327 4533 1676 4603 αἰχμαλωσίᾳ
1717 4531 1897 4600 ἀρπά-

2007 4554 2135 4594 vare
2164 4541 2348 4610 aliqua
2393 4542 2593 4598 domus
2635 4543 3004 4612 supellectilis
3053 4554 3149 4599 aut
3191 4547 3297 4600 alia
3345 4550 3597 4618 quaedam

315 4635 527 4699 ζονται,
562 4631 764 4684 ὑπόθου
820 4630 910 4701 μοί
960 4645 1084 4682 τινα
1115 4623 1264 4682 οἷκον
1303 4624 1690 4696 ὲμπίπρασθαι
1742 4625 1898 4691 πυρὶ,

313 4725 414 4780 καὶ
437 4724 497 4782 ὃς
534 4723 633 4794 μὲν
662 4723 834 4776 σῶσαι
879 4721 1073 4775 ἑαυτὸν
1121 4719 1466 4791 βουλόμενος.
1501 4715 1783 4786 αἰσθηθεις
1807 4715 1900 4768 τοῦ

313 4813 678 4887 ἐμπρησμοῦ,
726 4813 934 4883 γυμνὸς
981 4812 1176 4880 ἔφυγε,
1209 4808 1530 4866 καταλιπὼν
1574 4808 1776 4871 πάντα,
1807 4806 1902 4860 καὶ

315 4908 514 4964 ἑαυτοῦ
543 4909 641 4978 τὴν
669 4907 848 4978 ψυχὴν
907 4907 1071 4976 μόνον
1113 4901 1580 4975 περιποιήσασθαι
1613 4901 1902 4974 βουληθεὶς

313 4999 574 5068 διεσώθη.
607 4999 797 5063 Ἀλλος
831 4998 889 5051 δὲ
915 4997 1236 5066 βουλόμενος
1263 4996 1450 5050 λαϐεῖν
1475 5009 1597 5048 τινα
1628 4993 1723 5047 τοῦ
1747 4995 1900 5047 οἴκου

316 5091 549 5167 σκεύηῆ
599 5090 733 5143 ἄλλα
785 5095 922 5147 τινά
956 5088 1208 5158 εἰσῆλθεν
1243 5083 1396 5157 ἆραι,
1446 5087 1541 5141 καὶ
1592 5087 1668 5151 ὡς
1714 5087 1897 5142 ἔλαϐε.

316 5185 712 5254 κατεκυρίευσε
737 5185 799 5237 τὸ
827 5183 939 5253 πῦρ
962 5182 1058 5236 τοῦ
1091 5183 1264 5247 οίκου,
1291 5183 1387 5235 καὶ
1416 5181 1707 5235 συνέλαϐεν
1738 5181 1902 5234 αὐτὸν

316 5277 468 5331 ἔνδον
502 5293 596 5328 και
632 5276 994 5328 κατέκαυσεν.
1055 5272 1241 5343 Ὁρᾷς,
1276 5272 1361 5325 ὅτι
1396 5271 1511 5341 ἰδίῳ
1543 5271 1810 5342 θελήματι
1833 5271 1902 5325 δι’

315 5369 565 5440 ἀγάπην,
609 5369 734 5421 τινά
782 5368 922 5439 πρὸς
950 5367 1145 5436 καιρὸν
1182 5364 1314 5436 παρ’
1344 5365 1540 5420 ἑαυτὸν
1581 5366 1901 5435 ἀγαπήσας,

316 5464 378 5516 ὲν
422 5461 503 5531 τῷ
540 5460 674 5531 πυρὶ
709 5457 962 5514 ἀπώλετο
983 5476 997 5490 ·
1021 5457 1225 5529 ὁμοίως
1255 5456 1421 5514 πάλιν
1461 5456 1520 5510 ὲν
1547 5458 1614 5528 τῇ
1659 5455 1906 5530 θαλάσσῃ

2005 4636 2290 4706 ingressus
2321 4638 2494 4692 estad
2522 4640 2825 4695 tollendum
2857 4658 2944 4707 ea,
2976 4651 3178 4698 etcum
3206 4647 3594 4714 apprehendit,
3683 4698 3688 4701 _

2006 4727 2212 4782 invasit
2243 4728 2384 4798 ignis
2417 4739 2587 4784 totam
2621 4732 2870 4798 domum,
2898 4744 2955 4788 et
2984 4735 3138 4788 illum
3176 4735 3327 4790 intus
3357 4738 3598 4794 detinuit

2003 4827 2061 4873 et.
2100 4819 2426 4874 combussit.
2469 4822 2637 4878 Vides
2667 4839 2776 4890 ne,
2818 4826 3100 4894 quomodo
3137 4828 3360 4896 propria
3397 4830 3597 4885 volun-

2004 4916 2116 4964 tate
2157 4925 2260 4979 per
2304 4909 2684 4979 dilectionem,
2727 4915 2822 4985 qui
2857 4915 3040 4985 aliqua
3093 4915 3163 4969 ad
3203 4925 3419 4987 tempus
3451 4921 3597 4989 apud

2011 5016 2070 5057 se
2125 5001 2340 5070 dilexit,
2397 5005 2455 5059 in
2499 5006 2624 5077 igne
2650 5007 2920 5076 perierit?
2949 5006 3204 5061 similiter
3240 5009 3440 5064 iterum
3497 5028 3598 5082 per

2013 5108 2166 5148 mare
2234 5094 2291 5149 in
2356 5111 2551 5165 rupem
2618 5096 2888 5152 ﬂuctuum
2939 5097 3237 5152 stationem
3290 5100 3600 5159 incidentes

2012 5183 2239 5254 quidam
2284 5185 2788 5257 naufragaverunt;
2826 5197 2884 5243 et
2927 5189 3020 5258 qui
3049 5189 3236 5245 nudus
3263 5200 3321 5244 et
3351 5192 3600 5248 vestibus

2012 5284 2214 5332 exutus
2234 5277 2290 5332 in
2311 5293 2486 5348 aquas
2525 5294 2583 5333 se
2608 5280 2845 5350 eonjecit
2866 5294 2924 5334 se
2947 5280 3126 5334 solum
3151 5281 3365 5336 salvare
3384 5283 3596 5347 volens,

2012 5379 2070 5424 et
2099 5370 2178 5441 ita
2205 5369 2471 5428 fluctibus
2506 5372 2766 5443 agitatus,
2816 5382 2873 5427 et
2913 5388 3080 5441 super
3131 5388 3229 5428 eos
3263 5383 3480 5438 natans,
3529 5389 3598 5429 eo

2013 5458 2162 5529 quod
2185 5459 2479 5531 expeditus
2507 5461 2804 5516 admodum
2835 5459 2930 5529 sit,
2959 5458 3175 5517 kctatus
3195 5467 3282 5517 est
3312 5458 3599 5518 transiisso

1605 5629 1846 5688 VARUE
1880 5631 2290 5691 LECTIONES.

389 5763 816 5910 (δλεάξξέέὶιει.
882 5815 956 5886 (6)
993 5814 1140 5874 C:od.
1168 5815 1452 5889 ἐξηλῆσαι.
