  <div class='ocr_page' id='page_1' title='image "/cluster/home/n/w/nwhite01/storage/ocr_20150623/34/coo.31924054869312/267.png"; bbox 0 0 4016 6438; ppageno 0'>
   <div class='ocr_carea' id='block_1_1' title="bbox 473 390 575 457">
    <p class='ocr_par' dir='ltr' id='par_1_1' title="bbox 473 390 575 457">
     <span class='ocr_line' id='line_1_1' title="bbox 473 390 575 457; baseline 0 0"><span class='ocrx_word' id='word_1_1' title='bbox 473 390 575 457; x_wconf 68' lang='lat' dir='ltr'><strong>5m</strong></span> 
     </span>
    </p>
   </div>
   <div class='ocr_carea' id='block_1_2' title="bbox 1748 392 2536 455">
    <p class='ocr_par' dir='ltr' id='par_1_2' title="bbox 1748 392 2536 455">
     <span class='ocr_line' id='line_1_2' title="bbox 1748 392 2536 455; baseline 0.003 -2"><span class='ocrx_word' id='word_1_2' title='bbox 1748 394 1810 455; x_wconf 91' lang='lat' dir='ltr'><strong>S.</strong></span> <span class='ocrx_word' id='word_1_3' title='bbox 1848 392 2173 454; x_wconf 73' lang='lat' dir='ltr'><strong>MACARII</strong></span> <span class='ocrx_word' id='word_1_4' title='bbox 2214 394 2536 455; x_wconf 63' lang='lat' dir='ltr'><strong>IEGYI’TII</strong></span> 
     </span>
    </p>
   </div>
   <div class='ocr_carea' id='block_1_3' title="bbox 3626 396 3724 460">
    <p class='ocr_par' dir='ltr' id='par_1_3' title="bbox 3626 396 3724 460">
     <span class='ocr_line' id='line_1_3' title="bbox 3626 396 3724 460; baseline 0 0"><span class='ocrx_word' id='word_1_5' title='bbox 3626 396 3724 460; x_wconf 82' lang='lat'><strong>508</strong></span> 
     </span>
    </p>
   </div>
   <div class='ocr_carea' id='block_1_4' title="bbox 478 505 2041 580">
    <p class='ocr_par' dir='ltr' id='par_1_4' title="bbox 478 505 2038 578">
     <span class='ocr_line' id='line_1_4' title="bbox 478 505 2038 578; baseline -0.001 -17"><span class='ocrx_word' id='word_1_6' title='bbox 478 520 730 561; x_wconf 87' lang='lat' dir='ltr'><strong>amarum</strong></span> <span class='ocrx_word' id='word_1_7' title='bbox 762 520 974 576; x_wconf 69' lang='lat' dir='ltr'><strong>mquor,</strong></span> <span class='ocrx_word' id='word_1_8' title='bbox 1011 507 1202 576; x_wconf 84' lang='lat' dir='ltr'><strong>sicque</strong></span> <span class='ocrx_word' id='word_1_9' title='bbox 1226 505 1354 562; x_wconf 62' lang='lat' dir='ltr'><strong>vitat</strong></span> <span class='ocrx_word' id='word_1_10' title='bbox 1383 522 1496 563; x_wconf 70' lang='lat' dir='ltr'><strong>suae</strong></span> <span class='ocrx_word' id='word_1_11' title='bbox 1524 507 1754 563; x_wconf 75' lang='lat' dir='ltr'><strong>salutem</strong></span> <span class='ocrx_word' id='word_1_12' title='bbox 1784 506 2038 578; x_wconf 83' lang='lat' dir='ltr'><strong>praestitit</strong></span> 
     </span>
    </p>
   </div>
   <div class='ocr_carea' id='block_1_5' title="bbox 2144 505 3724 580">
    <p class='ocr_par' dir='ltr' id='par_1_5' title="bbox 2164 506 3724 580">
     <span class='ocr_line' id='line_1_5' title="bbox 2164 506 3724 580; baseline 0.003 -19"><span class='ocrx_word' id='word_1_13' title='bbox 2164 509 2243 575; x_wconf 87' lang='grc' dir='ltr'><strong>είς</strong></span> <span class='ocrx_word' id='word_1_14' title='bbox 2272 509 2462 563; x_wconf 83' lang='grc' dir='ltr'><strong>στάσιν</strong></span> <span class='ocrx_word' id='word_1_15' title='bbox 2484 509 2625 573; x_wconf 80' lang='grc' dir='ltr'>τινὲς</span> <span class='ocrx_word' id='word_1_16' title='bbox 2653 506 2922 573; x_wconf 74' lang='grc' dir='ltr'><strong>κλύδωνος</strong></span> <span class='ocrx_word' id='word_1_17' title='bbox 2951 508 3342 579; x_wconf 71' lang='grc' dir='ltr'><strong>περιπεσόντες</strong></span> <span class='ocrx_word' id='word_1_18' title='bbox 3368 509 3724 580; x_wconf 77' lang='grc' dir='ltr'>ἐναυάγησανο</span> 
     </span>
    </p>
   </div>
   <div class='ocr_carea' id='block_1_6' title="bbox 470 584 2057 669">
    <p class='ocr_par' dir='ltr' id='par_1_6' title="bbox 470 584 2057 669">
     <span class='ocr_line' id='line_1_6' title="bbox 470 584 2057 669; baseline 0.001 -15"><span class='ocrx_word' id='word_1_19' title='bbox 470 600 630 655; x_wconf 85' lang='lat' dir='ltr'><strong>Alius</strong></span> <span class='ocrx_word' id='word_1_20' title='bbox 659 608 868 665; x_wconf 90' lang='lat' dir='ltr'><strong>autem,</strong></span> <span class='ocrx_word' id='word_1_21' title='bbox 899 600 1097 654; x_wconf 89' lang='lat' dir='ltr'><strong>volens</strong></span> <span class='ocrx_word' id='word_1_22' title='bbox 1115 584 1325 669; x_wconf 79' lang='lat' dir='ltr'><strong>aliquid</strong></span> <span class='ocrx_word' id='word_1_23' title='bbox 1348 601 1803 656; x_wconf 75' lang='lat' dir='ltr'><strong>vestimentorum</strong></span> <span class='ocrx_word' id='word_1_24' title='bbox 1831 616 2057 655; x_wconf 85' lang='lat' dir='ltr'><strong>suorum</strong></span> 
     </span>
    </p>
   </div>
   <div class='ocr_carea' id='block_1_7' title="bbox 470 692 2057 762">
    <p class='ocr_par' dir='ltr' id='par_1_7' title="bbox 470 692 2057 762">
     <span class='ocr_line' id='line_1_7' title="bbox 470 692 2057 762; baseline 0.001 -17"><span class='ocrx_word' id='word_1_25' title='bbox 470 692 709 757; x_wconf 85' lang='lat' dir='ltr'><strong>salvare,</strong></span> <span class='ocrx_word' id='word_1_26' title='bbox 745 692 963 760; x_wconf 90' lang='lat' dir='ltr'><strong>putavit</strong></span> <span class='ocrx_word' id='word_1_27' title='bbox 1006 708 1065 746; x_wconf 87' lang='lat' dir='ltr'><strong>se</strong></span> <span class='ocrx_word' id='word_1_28' title='bbox 1112 708 1275 762; x_wconf 85' lang='lat' dir='ltr'><strong>posse</strong></span> <span class='ocrx_word' id='word_1_29' title='bbox 1309 703 1535 747; x_wconf 81' lang='lat' dir='ltr'><strong>enatare</strong></span> <span class='ocrx_word' id='word_1_30' title='bbox 1567 700 1624 746; x_wconf 90' lang='lat' dir='ltr'><strong>et</strong></span> <span class='ocrx_word' id='word_1_31' title='bbox 1651 694 1884 748; x_wconf 90' lang='lat' dir='ltr'><strong>transire</strong></span> <span class='ocrx_word' id='word_1_32' title='bbox 1930 708 2057 749; x_wconf 89' lang='lat' dir='ltr'><strong>cum</strong></span> 
     </span>
    </p>
   </div>
   <div class='ocr_carea' id='block_1_8' title="bbox 472 781 2056 854">
    <p class='ocr_par' dir='ltr' id='par_1_8' title="bbox 472 781 2056 854">
     <span class='ocr_line' id='line_1_8' title="bbox 472 781 2056 854; baseline 0.003 -20"><span class='ocrx_word' id='word_1_33' title='bbox 472 781 586 843; x_wconf 90' lang='lat' dir='ltr'><strong>eis,</strong></span> <span class='ocrx_word' id='word_1_34' title='bbox 617 797 739 850; x_wconf 67' lang='lat' dir='ltr'><strong>quae</strong></span> <span class='ocrx_word' id='word_1_35' title='bbox 782 783 906 836; x_wconf 89' lang='lat' dir='ltr'><strong>tulit</strong></span> <span class='ocrx_word' id='word_1_36' title='bbox 958 798 1171 849; x_wconf 83' lang='lat' dir='ltr'><strong>secum,</strong></span> <span class='ocrx_word' id='word_1_37' title='bbox 1217 793 1273 837; x_wconf 90' lang='lat' dir='ltr'><strong>et</strong></span> <span class='ocrx_word' id='word_1_38' title='bbox 1314 785 1406 839; x_wconf 90' lang='lat' dir='ltr'><strong>illa</strong></span> <span class='ocrx_word' id='word_1_39' title='bbox 1451 799 1573 853; x_wconf 72' lang='lat' dir='ltr'><strong>quae</strong></span> <span class='ocrx_word' id='word_1_40' title='bbox 1618 785 1853 854; x_wconf 87' lang='lat' dir='ltr'><strong>sumpsit</strong></span> <span class='ocrx_word' id='word_1_41' title='bbox 1901 785 2056 838; x_wconf 88' lang='lat' dir='ltr'><strong>illum</strong></span> 
     </span>
    </p>
   </div>
   <div class='ocr_carea' id='block_1_9' title="bbox 470 876 2057 948">
    <p class='ocr_par' dir='ltr' id='par_1_9' title="bbox 470 876 2057 948">
     <span class='ocr_line' id='line_1_9' title="bbox 470 876 2057 948; baseline 0.005 -23"><span class='ocrx_word' id='word_1_42' title='bbox 470 885 874 942; x_wconf 88' lang='lat' dir='ltr'><strong>oppresserunt</strong></span> <span class='ocrx_word' id='word_1_43' title='bbox 901 885 958 929; x_wconf 85' lang='lat' dir='ltr'><strong>et</strong></span> <span class='ocrx_word' id='word_1_44' title='bbox 992 876 1387 931; x_wconf 89' lang='lat' dir='ltr'><strong>immerserunt</strong></span> <span class='ocrx_word' id='word_1_45' title='bbox 1412 876 1466 930; x_wconf 89' lang='lat' dir='ltr'><strong>in</strong></span> <span class='ocrx_word' id='word_1_46' title='bbox 1496 877 1666 931; x_wconf 88' lang='lat' dir='ltr'><strong>maris</strong></span> <span class='ocrx_word' id='word_1_47' title='bbox 1694 878 1976 948; x_wconf 81' lang='lat' dir='ltr'><strong>abyssum,</strong></span> <span class='ocrx_word' id='word_1_48' title='bbox 2000 886 2057 933; x_wconf 89' lang='lat' dir='ltr'><strong>et</strong></span> 
     </span>
    </p>
   </div>
   <div class='ocr_carea' id='block_1_10' title="bbox 466 964 2055 1039">
    <p class='ocr_par' dir='ltr' id='par_1_10' title="bbox 466 964 2055 1039">
     <span class='ocr_line' id='line_1_10' title="bbox 466 964 2055 1039; baseline 0.004 -21"><span class='ocrx_word' id='word_1_49' title='bbox 466 964 684 1019; x_wconf 86' lang='lat' dir='ltr'><strong>interiit</strong></span> <span class='ocrx_word' id='word_1_50' title='bbox 708 965 779 1019; x_wconf 89' lang='lat' dir='ltr'><strong>ob</strong></span> <span class='ocrx_word' id='word_1_51' title='bbox 821 967 1081 1035; x_wconf 77' lang='lat' dir='ltr'><strong>exiguum</strong></span> <span class='ocrx_word' id='word_1_52' title='bbox 1116 968 1359 1033; x_wconf 87' lang='lat' dir='ltr'><strong>lucrum,</strong></span> <span class='ocrx_word' id='word_1_53' title='bbox 1388 984 1569 1039; x_wconf 86' lang='lat' dir='ltr'><strong>neque</strong></span> <span class='ocrx_word' id='word_1_54' title='bbox 1607 970 1734 1024; x_wconf 70' lang='lat' dir='ltr'><strong>vitae</strong></span> <span class='ocrx_word' id='word_1_55' title='bbox 1762 986 1874 1024; x_wconf 66' lang='lat' dir='ltr'><strong>suae</strong></span> <span class='ocrx_word' id='word_1_56' title='bbox 1904 970 2055 1024; x_wconf 87' lang='lat' dir='ltr'><strong>salu-</strong></span> 
     </span>
    </p>
   </div>
   <div class='ocr_carea' id='block_1_11' title="bbox 466 1059 2054 1131">
    <p class='ocr_par' dir='ltr' id='par_1_11' title="bbox 466 1059 2054 1131">
     <span class='ocr_line' id='line_1_11' title="bbox 466 1059 2054 1131; baseline 0.004 -21"><span class='ocrx_word' id='word_1_57' title='bbox 466 1065 577 1111; x_wconf 90' lang='lat' dir='ltr'><strong>tem</strong></span> <span class='ocrx_word' id='word_1_58' title='bbox 613 1059 890 1125; x_wconf 63' lang='lat' dir='ltr'><strong>prastitit.</strong></span> <span class='ocrx_word' id='word_1_59' title='bbox 915 1061 1155 1125; x_wconf 87' lang='lat' dir='ltr'><strong>Videsne</strong></span> <span class='ocrx_word' id='word_1_60' title='bbox 1181 1061 1457 1129; x_wconf 87' lang='lat' dir='ltr'><strong>quomodo</strong></span> <span class='ocrx_word' id='word_1_61' title='bbox 1500 1063 1724 1131; x_wconf 92' lang='lat' dir='ltr'><strong>propria</strong></span> <span class='ocrx_word' id='word_1_62' title='bbox 1768 1063 2054 1117; x_wconf 85' lang='lat' dir='ltr'><strong>voluntate</strong></span> 
     </span>
    </p>
   </div>
   <div class='ocr_carea' id='block_1_12' title="bbox 465 1148 2051 1222">
    <p class='ocr_par' dir='ltr' id='par_1_12' title="bbox 465 1148 2051 1222">
     <span class='ocr_line' id='line_1_12' title="bbox 465 1148 2051 1222; baseline 0.005 -21"><span class='ocrx_word' id='word_1_63' title='bbox 465 1163 565 1202; x_wconf 89' lang='lat' dir='ltr'><strong>sua</strong></span> <span class='ocrx_word' id='word_1_64' title='bbox 612 1148 970 1219; x_wconf 87' lang='lat' dir='ltr'><strong>dispericrit?</strong></span> <span class='ocrx_word' id='word_1_65' title='bbox 1015 1152 1219 1205; x_wconf 91' lang='lat' dir='ltr'><strong>Iterum</strong></span> <span class='ocrx_word' id='word_1_66' title='bbox 1274 1168 1523 1222; x_wconf 87' lang='lat' dir='ltr'><strong>suppone</strong></span> <span class='ocrx_word' id='word_1_67' title='bbox 1581 1155 1715 1208; x_wconf 91' lang='lat' dir='ltr'><strong>mihi</strong></span> <span class='ocrx_word' id='word_1_68' title='bbox 1772 1170 2051 1209; x_wconf 87' lang='lat' dir='ltr'><strong>rumorem</strong></span> 
     </span>
    </p>
   </div>
   <div class='ocr_carea' id='block_1_13' title="bbox 465 1240 2053 1317">
    <p class='ocr_par' dir='ltr' id='par_1_13' title="bbox 465 1240 2053 1317">
     <span class='ocr_line' id='line_1_13' title="bbox 465 1240 2053 1317; baseline 0.006 -24"><span class='ocrx_word' id='word_1_69' title='bbox 465 1240 711 1294; x_wconf 89' lang='lat' dir='ltr'><strong>hostium</strong></span> <span class='ocrx_word' id='word_1_70' title='bbox 746 1242 970 1308; x_wconf 86' lang='lat' dir='ltr'><strong>venire;</strong></span> <span class='ocrx_word' id='word_1_71' title='bbox 1014 1244 1222 1308; x_wconf 86' lang='lat' dir='ltr'><strong>ethic,</strong></span> <span class='ocrx_word' id='word_1_72' title='bbox 1258 1246 1443 1299; x_wconf 89' lang='lat' dir='ltr'><strong>statim</strong></span> <span class='ocrx_word' id='word_1_73' title='bbox 1495 1260 1561 1299; x_wconf 89' lang='lat' dir='ltr'><strong>ac</strong></span> <span class='ocrx_word' id='word_1_74' title='bbox 1609 1246 1819 1310; x_wconf 81' lang='lat' dir='ltr'><strong>audiit,</strong></span> <span class='ocrx_word' id='word_1_75' title='bbox 1860 1246 2053 1317; x_wconf 80' lang='lat' dir='ltr'><strong>effugit</strong></span> 
     </span>
    </p>
   </div>
   <div class='ocr_carea' id='block_1_14' title="bbox 464 1333 2050 1405">
    <p class='ocr_par' dir='ltr' id='par_1_14' title="bbox 464 1333 2050 1405">
     <span class='ocr_line' id='line_1_14' title="bbox 464 1333 2050 1405; baseline 0.005 -19"><span class='ocrx_word' id='word_1_76' title='bbox 464 1335 750 1397; x_wconf 89' lang='lat' dir='ltr'><strong>continuo,</strong></span> <span class='ocrx_word' id='word_1_77' title='bbox 782 1333 996 1403; x_wconf 83' lang='lat' dir='ltr'><strong>absque</strong></span> <span class='ocrx_word' id='word_1_78' title='bbox 1023 1336 1277 1391; x_wconf 90' lang='lat' dir='ltr'><strong>vestibus</strong></span> <span class='ocrx_word' id='word_1_79' title='bbox 1311 1348 1367 1391; x_wconf 88' lang='lat' dir='ltr'><strong>et</strong></span> <span class='ocrx_word' id='word_1_80' title='bbox 1396 1336 1583 1392; x_wconf 91' lang='lat' dir='ltr'><strong>nudus</strong></span> <span class='ocrx_word' id='word_1_81' title='bbox 1610 1339 1881 1405; x_wconf 88' lang='lat' dir='ltr'><strong>evadens;</strong></span> <span class='ocrx_word' id='word_1_82' title='bbox 1907 1338 2050 1394; x_wconf 86' lang='lat' dir='ltr'><strong>alius</strong></span> 
     </span>
    </p>
   </div>
   <div class='ocr_carea' id='block_1_15' title="bbox 461 1422 2051 1495">
    <p class='ocr_par' dir='ltr' id='par_1_15' title="bbox 461 1422 2051 1495">
     <span class='ocr_line' id='line_1_15' title="bbox 461 1422 2051 1495; baseline 0.005 -22"><span class='ocrx_word' id='word_1_83' title='bbox 461 1431 647 1474; x_wconf 89' lang='lat' dir='ltr'><strong>autem</strong></span> <span class='ocrx_word' id='word_1_84' title='bbox 691 1422 922 1477; x_wconf 89' lang='lat' dir='ltr'><strong>credere</strong></span> <span class='ocrx_word' id='word_1_85' title='bbox 972 1423 1186 1488; x_wconf 86' lang='lat' dir='ltr'><strong>nolens,</strong></span> <span class='ocrx_word' id='word_1_86' title='bbox 1230 1426 1678 1495; x_wconf 87' lang='lat' dir='ltr'><strong>appropinquare</strong></span> <span class='ocrx_word' id='word_1_87' title='bbox 1712 1428 1920 1492; x_wconf 84' lang='lat' dir='ltr'><strong>hostes,</strong></span> <span class='ocrx_word' id='word_1_88' title='bbox 1956 1437 2051 1481; x_wconf 89' lang='lat' dir='ltr'><strong>aut</strong></span> 
     </span>
    </p>
   </div>
   <div class='ocr_carea' id='block_1_16' title="bbox 460 1512 2050 1585">
    <p class='ocr_par' dir='ltr' id='par_1_16' title="bbox 460 1512 2050 1585">
     <span class='ocr_line' id='line_1_16' title="bbox 460 1512 2050 1585; baseline 0.005 -19"><span class='ocrx_word' id='word_1_89' title='bbox 460 1513 653 1567; x_wconf 77' lang='lat' dir='ltr'><strong>volens</strong></span> <span class='ocrx_word' id='word_1_90' title='bbox 698 1512 911 1583; x_wconf 90' lang='lat' dir='ltr'><strong>aliquid</strong></span> <span class='ocrx_word' id='word_1_91' title='bbox 967 1530 1194 1570; x_wconf 87' lang='lat' dir='ltr'><strong>servare</strong></span> <span class='ocrx_word' id='word_1_92' title='bbox 1260 1532 1292 1570; x_wconf 92' lang='lat' dir='ltr'><strong>e</strong></span> <span class='ocrx_word' id='word_1_93' title='bbox 1340 1517 1510 1571; x_wconf 86' lang='lat' dir='ltr'><strong>rebus</strong></span> <span class='ocrx_word' id='word_1_94' title='bbox 1544 1518 1697 1585; x_wconf 84' lang='lat' dir='ltr'><strong>suis,</strong></span> <span class='ocrx_word' id='word_1_95' title='bbox 1737 1528 1795 1573; x_wconf 91' lang='lat' dir='ltr'><strong>et</strong></span> <span class='ocrx_word' id='word_1_96' title='bbox 1830 1519 2050 1575; x_wconf 82' lang='lat' dir='ltr'><strong>auferre</strong></span> 
     </span>
    </p>
   </div>
   <div class='ocr_carea' id='block_1_17' title="bbox 459 1591 2050 1677">
    <p class='ocr_par' dir='ltr' id='par_1_17' title="bbox 459 1591 2050 1677">
     <span class='ocr_line' id='line_1_17' title="bbox 459 1591 2050 1677; baseline 0.006 -21"><span class='ocrx_word' id='word_1_97' title='bbox 459 1618 669 1668; x_wconf 89' lang='lat' dir='ltr'><strong>secum,</strong></span> <span class='ocrx_word' id='word_1_98' title='bbox 721 1617 971 1659; x_wconf 86' lang='lat' dir='ltr'><strong>moratus</strong></span> <span class='ocrx_word' id='word_1_99' title='bbox 1024 1614 1109 1660; x_wconf 83' lang='lat' dir='ltr'><strong>est</strong></span> <span class='ocrx_word' id='word_1_100' title='bbox 1160 1606 1365 1677; x_wconf 81' lang='lat' dir='ltr'><strong>fugam.</strong></span> <span class='ocrx_word' id='word_1_101' title='bbox 1406 1609 1472 1662; x_wconf 88' lang='lat' dir='ltr'><strong>Et</strong></span> <span class='ocrx_word' id='word_1_102' title='bbox 1530 1591 1802 1664; x_wconf 89' lang='lat' dir='ltr'><strong>intrantes</strong></span> <span class='ocrx_word' id='word_1_103' title='bbox 1860 1610 2050 1666; x_wconf 91' lang='lat' dir='ltr'><strong>hostes</strong></span> 
     </span>
    </p>
   </div>
   <div class='ocr_carea' id='block_1_18' title="bbox 460 1694 2047 1767">
    <p class='ocr_par' dir='ltr' id='par_1_18' title="bbox 460 1694 2047 1767">
     <span class='ocr_line' id='line_1_18' title="bbox 460 1694 2047 1767; baseline 0.006 -21"><span class='ocrx_word' id='word_1_104' title='bbox 460 1694 961 1763; x_wconf 81' lang='lat' dir='ltr'><strong>apprehenderunt</strong></span> <span class='ocrx_word' id='word_1_105' title='bbox 993 1696 1172 1761; x_wconf 87' lang='lat' dir='ltr'><strong>illum,</strong></span> <span class='ocrx_word' id='word_1_106' title='bbox 1211 1708 1267 1752; x_wconf 90' lang='lat' dir='ltr'><strong>et</strong></span> <span class='ocrx_word' id='word_1_107' title='bbox 1294 1699 1573 1767; x_wconf 89' lang='lat' dir='ltr'><strong>captivum</strong></span> <span class='ocrx_word' id='word_1_108' title='bbox 1614 1700 1964 1755; x_wconf 81' lang='lat' dir='ltr'><strong>abduxerunt</strong></span> <span class='ocrx_word' id='word_1_109' title='bbox 1990 1702 2047 1756; x_wconf 90' lang='lat' dir='ltr'><strong>in</strong></span> 
     </span>
    </p>
   </div>
   <div class='ocr_carea' id='block_1_19' title="bbox 464 1776 2042 1863">
    <p class='ocr_par' dir='ltr' id='par_1_19' title="bbox 464 1776 2042 1863">
     <span class='ocr_line' id='line_1_19' title="bbox 464 1776 2042 1863; baseline 0.008 -26"><span class='ocrx_word' id='word_1_110' title='bbox 464 1785 897 1855; x_wconf 84' lang='lat' dir='ltr'><strong>alienigenarum</strong></span> <span class='ocrx_word' id='word_1_111' title='bbox 936 1788 1195 1856; x_wconf 87' lang='lat' dir='ltr'><strong>patriam,</strong></span> <span class='ocrx_word' id='word_1_112' title='bbox 1237 1800 1294 1844; x_wconf 91' lang='lat' dir='ltr'><strong>et</strong></span> <span class='ocrx_word' id='word_1_113' title='bbox 1337 1776 1450 1844; x_wconf 89' lang='lat' dir='ltr'><strong>illic</strong></span> <span class='ocrx_word' id='word_1_114' title='bbox 1482 1791 1690 1846; x_wconf 88' lang='lat' dir='ltr'><strong>servire</strong></span> <span class='ocrx_word' id='word_1_115' title='bbox 1728 1802 2042 1863; x_wconf 85' lang='lat' dir='ltr'><strong>coegerunt.</strong></span> 
     </span>
    </p>
   </div>
   <div class='ocr_carea' id='block_1_20' title="bbox 462 1881 2041 1955">
    <p class='ocr_par' dir='ltr' id='par_1_20' title="bbox 462 1881 2041 1955">
     <span class='ocr_line' id='line_1_20' title="bbox 462 1881 2041 1955; baseline 0.003 -17"><span class='ocrx_word' id='word_1_116' title='bbox 462 1882 704 1938; x_wconf 81' lang='lat' dir='ltr'><strong>Videsne</strong></span> <span class='ocrx_word' id='word_1_117' title='bbox 730 1881 1009 1952; x_wconf 88' lang='lat' dir='ltr'><strong>quomodo</strong></span> <span class='ocrx_word' id='word_1_118' title='bbox 1036 1886 1259 1955; x_wconf 88' lang='lat' dir='ltr'><strong>propria</strong></span> <span class='ocrx_word' id='word_1_119' title='bbox 1301 1902 1397 1939; x_wconf 91' lang='lat' dir='ltr'><strong>sua</strong></span> <span class='ocrx_word' id='word_1_120' title='bbox 1428 1888 1732 1951; x_wconf 86' lang='lat' dir='ltr'><strong>voluntate,</strong></span> <span class='ocrx_word' id='word_1_121' title='bbox 1759 1888 1830 1942; x_wconf 92' lang='lat' dir='ltr'><strong>ob</strong></span> <span class='ocrx_word' id='word_1_122' title='bbox 1861 1903 2041 1942; x_wconf 85' lang='lat' dir='ltr'><strong>socor-</strong></span> 
     </span>
    </p>
   </div>
   <div class='ocr_carea' id='block_1_21' title="bbox 460 1975 2044 2049">
    <p class='ocr_par' dir='ltr' id='par_1_21' title="bbox 460 1975 2044 2049">
     <span class='ocr_line' id='line_1_21' title="bbox 460 1975 2044 2049; baseline 0.004 -21"><span class='ocrx_word' id='word_1_123' title='bbox 460 1976 632 2039; x_wconf 84' lang='lat' dir='ltr'><strong>diam,</strong></span> <span class='ocrx_word' id='word_1_124' title='bbox 660 1975 1006 2030; x_wconf 83' lang='lat' dir='ltr'><strong>debilitatem</strong></span> <span class='ocrx_word' id='word_1_125' title='bbox 1032 1986 1088 2031; x_wconf 89' lang='lat' dir='ltr'><strong>et</strong></span> <span class='ocrx_word' id='word_1_126' title='bbox 1119 1978 1472 2033; x_wconf 87' lang='lat' dir='ltr'><strong>dilectionem</strong></span> <span class='ocrx_word' id='word_1_127' title='bbox 1505 1980 1745 2049; x_wconf 86' lang='lat' dir='ltr'><strong>aliquam</strong></span> <span class='ocrx_word' id='word_1_128' title='bbox 1780 1997 1963 2035; x_wconf 88' lang='lat' dir='ltr'><strong>rerum</strong></span> <span class='ocrx_word' id='word_1_129' title='bbox 1990 1982 2044 2035; x_wconf 91' lang='lat' dir='ltr'><strong>in</strong></span> 
     </span>
    </p>
   </div>
   <div class='ocr_carea' id='block_1_22' title="bbox 461 2066 2048 2141">
    <p class='ocr_par' dir='ltr' id='par_1_22' title="bbox 461 2066 2048 2141">
     <span class='ocr_line' id='line_1_22' title="bbox 461 2066 2048 2141; baseline 0.006 -23"><span class='ocrx_word' id='word_1_130' title='bbox 461 2066 836 2133; x_wconf 75' lang='lat' dir='ltr'><strong>captivitatem</strong></span> <span class='ocrx_word' id='word_1_131' title='bbox 880 2068 1146 2122; x_wconf 87' lang='lat' dir='ltr'><strong>reductus</strong></span> <span class='ocrx_word' id='word_1_132' title='bbox 1166 2070 1281 2122; x_wconf 91' lang='lat' dir='ltr'><strong>sit?</strong></span> <span class='ocrx_word' id='word_1_133' title='bbox 1334 2071 1591 2125; x_wconf 89' lang='lat' dir='ltr'><strong>similiter</strong></span> <span class='ocrx_word' id='word_1_134' title='bbox 1612 2072 1706 2141; x_wconf 90' lang='lat' dir='ltr'><strong>qui</strong></span> <span class='ocrx_word' id='word_1_135' title='bbox 1737 2086 1849 2125; x_wconf 86' lang='lat' dir='ltr'><strong>non</strong></span> <span class='ocrx_word' id='word_1_136' title='bbox 1892 2086 2048 2127; x_wconf 90' lang='lat' dir='ltr'><strong>man-</strong></span> 
     </span>
    </p>
   </div>
   <div class='ocr_carea' id='block_1_23' title="bbox 458 2158 2042 2234">
    <p class='ocr_par' dir='ltr' id='par_1_23' title="bbox 458 2158 2042 2234">
     <span class='ocr_line' id='line_1_23' title="bbox 458 2158 2042 2234; baseline 0.004 -23"><span class='ocrx_word' id='word_1_137' title='bbox 458 2158 606 2212; x_wconf 84' lang='lat' dir='ltr'><strong>datis</strong></span> <span class='ocrx_word' id='word_1_138' title='bbox 650 2159 869 2215; x_wconf 89' lang='lat' dir='ltr'><strong>Domini</strong></span> <span class='ocrx_word' id='word_1_139' title='bbox 900 2160 1258 2225; x_wconf 88' lang='lat' dir='ltr'><strong>obedientes,</strong></span> <span class='ocrx_word' id='word_1_140' title='bbox 1293 2177 1395 2217; x_wconf 90' lang='lat' dir='ltr'><strong>nec</strong></span> <span class='ocrx_word' id='word_1_141' title='bbox 1442 2164 1655 2231; x_wconf 90' lang='lat' dir='ltr'><strong>seipsos</strong></span> <span class='ocrx_word' id='word_1_142' title='bbox 1688 2164 2042 2234; x_wconf 78' lang='lat' dir='ltr'><strong>abnegantes,</strong></span> 
     </span>
    </p>
   </div>
   <div class='ocr_carea' id='block_1_24' title="bbox 459 2252 2045 2324">
    <p class='ocr_par' dir='ltr' id='par_1_24' title="bbox 459 2252 2045 2324">
     <span class='ocr_line' id='line_1_24' title="bbox 459 2252 2045 2324; baseline 0.004 -20"><span class='ocrx_word' id='word_1_143' title='bbox 459 2267 568 2304; x_wconf 89' lang='lat' dir='ltr'><strong>non</strong></span> <span class='ocrx_word' id='word_1_144' title='bbox 612 2252 794 2305; x_wconf 87' lang='lat' dir='ltr'><strong>solum</strong></span> <span class='ocrx_word' id='word_1_145' title='bbox 824 2252 1115 2308; x_wconf 88' lang='lat' dir='ltr'><strong>Dominum</strong></span> <span class='ocrx_word' id='word_1_146' title='bbox 1142 2253 1418 2324; x_wconf 91' lang='lat' dir='ltr'><strong>diligunt;</strong></span> <span class='ocrx_word' id='word_1_147' title='bbox 1463 2256 1560 2310; x_wconf 84' lang='lat' dir='ltr'><strong>sed</strong></span> <span class='ocrx_word' id='word_1_148' title='bbox 1590 2257 1827 2311; x_wconf 89' lang='lat' dir='ltr'><strong>vinculis</strong></span> <span class='ocrx_word' id='word_1_149' title='bbox 1868 2265 2045 2311; x_wconf 84' lang='lat' dir='ltr'><strong>terre-</strong></span> 
     </span>
    </p>
   </div>
   <div class='ocr_carea' id='block_1_25' title="bbox 458 2341 2046 2417">
    <p class='ocr_par' dir='ltr' id='par_1_25' title="bbox 458 2341 2046 2417">
     <span class='ocr_line' id='line_1_25' title="bbox 458 2341 2046 2417; baseline 0.005 -24"><span class='ocrx_word' id='word_1_150' title='bbox 458 2341 670 2396; x_wconf 86' lang='lat' dir='ltr'><strong>stribus</strong></span> <span class='ocrx_word' id='word_1_151' title='bbox 717 2342 960 2397; x_wconf 87' lang='lat' dir='ltr'><strong>libenter</strong></span> <span class='ocrx_word' id='word_1_152' title='bbox 996 2344 1350 2410; x_wconf 88' lang='lat' dir='ltr'><strong>detinentur,</strong></span> <span class='ocrx_word' id='word_1_153' title='bbox 1384 2347 1608 2415; x_wconf 87' lang='lat' dir='ltr'><strong>quando</strong></span> <span class='ocrx_word' id='word_1_154' title='bbox 1661 2349 1877 2401; x_wconf 88' lang='lat' dir='ltr'><strong>venerit</strong></span> <span class='ocrx_word' id='word_1_155' title='bbox 1904 2348 2046 2417; x_wconf 82' lang='lat' dir='ltr'><strong>ignis</strong></span> 
     </span>
    </p>
   </div>
   <div class='ocr_carea' id='block_1_26' title="bbox 456 2434 2044 2507">
    <p class='ocr_par' dir='ltr' id='par_1_26' title="bbox 456 2434 2044 2507">
     <span class='ocr_line' id='line_1_26' title="bbox 456 2434 2044 2507; baseline 0.003 -21"><span class='ocrx_word' id='word_1_156' title='bbox 456 2442 723 2497; x_wconf 81' lang='lat' dir='ltr'><strong>aeternus,</strong></span> <span class='ocrx_word' id='word_1_157' title='bbox 763 2434 909 2488; x_wconf 88' lang='lat' dir='ltr'><strong>sicut</strong></span> <span class='ocrx_word' id='word_1_158' title='bbox 942 2434 1305 2490; x_wconf 88' lang='lat' dir='ltr'><strong>invenientur</strong></span> <span class='ocrx_word' id='word_1_159' title='bbox 1327 2437 1533 2507; x_wconf 86' lang='lat' dir='ltr'><strong>captivi</strong></span> <span class='ocrx_word' id='word_1_160' title='bbox 1579 2438 1872 2503; x_wconf 90' lang='lat' dir='ltr'><strong>virtutum,</strong></span> <span class='ocrx_word' id='word_1_161' title='bbox 1920 2439 2044 2491; x_wconf 87' lang='lat' dir='ltr'><strong>vin-</strong></span> 
     </span>
    </p>
   </div>
   <div class='ocr_carea' id='block_1_27' title="bbox 461 2527 2041 2601">
    <p class='ocr_par' dir='ltr' id='par_1_27' title="bbox 461 2527 2041 2601">
     <span class='ocr_line' id='line_1_27' title="bbox 461 2527 2041 2601; baseline 0.004 -23"><span class='ocrx_word' id='word_1_162' title='bbox 461 2527 533 2578; x_wconf 91' lang='lat' dir='ltr'><strong>cti</strong></span> <span class='ocrx_word' id='word_1_163' title='bbox 561 2534 746 2579; x_wconf 89' lang='lat' dir='ltr'><strong>autem</strong></span> <span class='ocrx_word' id='word_1_164' title='bbox 769 2527 941 2597; x_wconf 88' lang='lat' dir='ltr'><strong>magis</strong></span> <span class='ocrx_word' id='word_1_165' title='bbox 971 2527 1024 2581; x_wconf 92' lang='lat' dir='ltr'><strong>in</strong></span> <span class='ocrx_word' id='word_1_166' title='bbox 1067 2529 1259 2582; x_wconf 88' lang='lat' dir='ltr'><strong>mundi</strong></span> <span class='ocrx_word' id='word_1_167' title='bbox 1286 2529 1587 2585; x_wconf 89' lang='lat' dir='ltr'><strong>dilectione</strong></span> <span class='ocrx_word' id='word_1_168' title='bbox 1614 2531 2041 2601; x_wconf 84' lang='lat' dir='ltr'><strong>immergentur;</strong></span> 
     </span>
    </p>
   </div>
   <div class='ocr_carea' id='block_1_28' title="bbox 458 2617 2043 2692">
    <p class='ocr_par' dir='ltr' id='par_1_28' title="bbox 458 2617 2043 2692">
     <span class='ocr_line' id='line_1_28' title="bbox 458 2617 2043 2692; baseline 0.005 -23"><span class='ocrx_word' id='word_1_169' title='bbox 458 2626 515 2670; x_wconf 90' lang='lat' dir='ltr'><strong>et</strong></span> <span class='ocrx_word' id='word_1_170' title='bbox 553 2617 655 2671; x_wconf 88' lang='lat' dir='ltr'><strong>sub</strong></span> <span class='ocrx_word' id='word_1_171' title='bbox 697 2631 943 2671; x_wconf 89' lang='lat' dir='ltr'><strong>amarum</strong></span> <span class='ocrx_word' id='word_1_172' title='bbox 976 2633 1127 2674; x_wconf 90' lang='lat' dir='ltr'><strong>mare</strong></span> <span class='ocrx_word' id='word_1_173' title='bbox 1153 2621 1415 2690; x_wconf 76' lang='lat' dir='ltr'><strong>nequitiae</strong></span> <span class='ocrx_word' id='word_1_174' title='bbox 1438 2623 1878 2692; x_wconf 67' lang='lat' dir='ltr'><strong>prmcipitantur.</strong></span> <span class='ocrx_word' id='word_1_175' title='bbox 1904 2632 1960 2678; x_wconf 89' lang='lat' dir='ltr'><strong>et</strong></span> <span class='ocrx_word' id='word_1_176' title='bbox 1988 2625 2043 2677; x_wconf 91' lang='lat' dir='ltr'><strong>in</strong></span> 
     </span>
    </p>
   </div>
   <div class='ocr_carea' id='block_1_29' title="bbox 458 2708 2046 2784">
    <p class='ocr_par' dir='ltr' id='par_1_29' title="bbox 458 2708 2046 2784">
     <span class='ocr_line' id='line_1_29' title="bbox 458 2708 2046 2784; baseline 0.004 -21"><span class='ocrx_word' id='word_1_177' title='bbox 458 2710 729 2764; x_wconf 85' lang='lat' dir='ltr'><strong>servitute</strong></span> <span class='ocrx_word' id='word_1_178' title='bbox 757 2708 1213 2779; x_wconf 86' lang='lat' dir='ltr'><strong>alienigenarum,</strong></span> <span class='ocrx_word' id='word_1_179' title='bbox 1251 2712 1307 2766; x_wconf 91' lang='lat' dir='ltr'><strong>id</strong></span> <span class='ocrx_word' id='word_1_180' title='bbox 1333 2721 1418 2767; x_wconf 92' lang='lat' dir='ltr'><strong>est</strong></span> <span class='ocrx_word' id='word_1_181' title='bbox 1447 2715 1747 2783; x_wconf 87' lang='lat' dir='ltr'><strong>spirituum</strong></span> <span class='ocrx_word' id='word_1_182' title='bbox 1782 2715 2046 2784; x_wconf 67' lang='lat' dir='ltr'><strong>nequitia:</strong></span> 
     </span>
    </p>
   </div>
   <div class='ocr_carea' id='block_1_30' title="bbox 457 2801 2044 2877">
    <p class='ocr_par' dir='ltr' id='par_1_30' title="bbox 457 2801 2044 2877">
     <span class='ocr_line' id='line_1_30' title="bbox 457 2801 2044 2877; baseline 0.003 -22"><span class='ocrx_word' id='word_1_183' title='bbox 457 2802 662 2870; x_wconf 78' lang='lat' dir='ltr'><strong>captivi</strong></span> <span class='ocrx_word' id='word_1_184' title='bbox 694 2801 823 2857; x_wconf 81' lang='lat' dir='ltr'><strong>facti</strong></span> <span class='ocrx_word' id='word_1_185' title='bbox 850 2813 1106 2872; x_wconf 86' lang='lat' dir='ltr'><strong>pereunt.</strong></span> <span class='ocrx_word' id='word_1_186' title='bbox 1137 2804 1193 2858; x_wconf 89' lang='lat' dir='ltr'><strong>Si</strong></span> <span class='ocrx_word' id='word_1_187' title='bbox 1225 2821 1358 2860; x_wconf 88' lang='lat' dir='ltr'><strong>vero</strong></span> <span class='ocrx_word' id='word_1_188' title='bbox 1392 2807 1530 2860; x_wconf 88' lang='lat' dir='ltr'><strong>velis</strong></span> <span class='ocrx_word' id='word_1_189' title='bbox 1560 2806 1875 2861; x_wconf 89' lang='lat' dir='ltr'><strong>dilectionis</strong></span> <span class='ocrx_word' id='word_1_190' title='bbox 1915 2824 2044 2877; x_wconf 88' lang='lat' dir='ltr'><strong>per-</strong></span> 
     </span>
    </p>
   </div>
   <div class='ocr_carea' id='block_1_31' title="bbox 456 2892 2044 2952">
    <p class='ocr_par' dir='ltr' id='par_1_31' title="bbox 456 2892 2044 2952">
     <span class='ocr_line' id='line_1_31' title="bbox 456 2892 2044 2952; baseline 0.004 -7"><span class='ocrx_word' id='word_1_191' title='bbox 456 2892 614 2945; x_wconf 74' lang='lat' dir='ltr'><strong>fecta-2</strong></span> <span class='ocrx_word' id='word_1_192' title='bbox 634 2892 1020 2947; x_wconf 88' lang='lat' dir='ltr'><strong>rectitudinem</strong></span> <span class='ocrx_word' id='word_1_193' title='bbox 1054 2894 1121 2947; x_wconf 89' lang='lat' dir='ltr'><strong>ad</strong></span> <span class='ocrx_word' id='word_1_194' title='bbox 1158 2896 1451 2949; x_wconf 90' lang='lat' dir='ltr'><strong>Dominum</strong></span> <span class='ocrx_word' id='word_1_195' title='bbox 1487 2912 1517 2951; x_wconf 93' lang='lat' dir='ltr'><strong>e</strong></span> <span class='ocrx_word' id='word_1_196' title='bbox 1557 2898 1764 2951; x_wconf 89' lang='lat' dir='ltr'><strong>sanctis</strong></span> <span class='ocrx_word' id='word_1_197' title='bbox 1792 2906 1849 2952; x_wconf 89' lang='lat' dir='ltr'><strong>et</strong></span> <span class='ocrx_word' id='word_1_198' title='bbox 1874 2914 1903 2951; x_wconf 90' lang='lat' dir='ltr'><strong>a</strong></span> <span class='ocrx_word' id='word_1_199' title='bbox 1932 2900 2044 2952; x_wconf 91' lang='lat' dir='ltr'><strong>Deo</strong></span> 
     </span>
    </p>
   </div>
   <div class='ocr_carea' id='block_1_32' title="bbox 457 2982 2045 3056">
    <p class='ocr_par' dir='ltr' id='par_1_32' title="bbox 457 2982 2045 3056">
     <span class='ocr_line' id='line_1_32' title="bbox 457 2982 2045 3056; baseline 0.005 -21"><span class='ocrx_word' id='word_1_200' title='bbox 457 2982 747 3051; x_wconf 88' lang='lat' dir='ltr'><strong>inspiratis</strong></span> <span class='ocrx_word' id='word_1_201' title='bbox 776 2982 1077 3053; x_wconf 90' lang='lat' dir='ltr'><strong>Scripturis</strong></span> <span class='ocrx_word' id='word_1_202' title='bbox 1122 2985 1401 3051; x_wconf 83' lang='lat' dir='ltr'><strong>ediscere;</strong></span> <span class='ocrx_word' id='word_1_203' title='bbox 1436 2986 1561 3041; x_wconf 87' lang='lat' dir='ltr'><strong>vide</strong></span> <span class='ocrx_word' id='word_1_204' title='bbox 1594 2988 1717 3052; x_wconf 84' lang='lat' dir='ltr'><strong>Job,</strong></span> <span class='ocrx_word' id='word_1_205' title='bbox 1765 2989 2045 3056; x_wconf 86' lang='lat' dir='ltr'><strong>quomodo</strong></span> 
     </span>
    </p>
   </div>
   <div class='ocr_carea' id='block_1_33' title="bbox 459 3073 2046 3147">
    <p class='ocr_par' dir='ltr' id='par_1_33' title="bbox 459 3073 2046 3147">
     <span class='ocr_line' id='line_1_33' title="bbox 459 3073 2046 3147; baseline 0.005 -22"><span class='ocrx_word' id='word_1_206' title='bbox 459 3073 650 3126; x_wconf 85' lang='lat' dir='ltr'><strong>omnia</strong></span> <span class='ocrx_word' id='word_1_207' title='bbox 708 3075 945 3139; x_wconf 84' lang='lat' dir='ltr'><strong>exuerit,</strong></span> <span class='ocrx_word' id='word_1_208' title='bbox 984 3085 1047 3128; x_wconf 91' lang='lat' dir='ltr'><strong>ut</strong></span> <span class='ocrx_word' id='word_1_209' title='bbox 1094 3078 1169 3130; x_wconf 87' lang='lat' dir='ltr'><strong>ita</strong></span> <span class='ocrx_word' id='word_1_210' title='bbox 1204 3077 1407 3140; x_wconf 88' lang='lat' dir='ltr'><strong>dicam,</strong></span> <span class='ocrx_word' id='word_1_211' title='bbox 1445 3092 1566 3145; x_wconf 68' lang='lat' dir='ltr'><strong>quia:</strong></span> <span class='ocrx_word' id='word_1_212' title='bbox 1592 3079 1940 3147; x_wconf 89' lang='lat' dir='ltr'><strong>possidebat;</strong></span> <span class='ocrx_word' id='word_1_213' title='bbox 1983 3080 2046 3133; x_wconf 82' lang='lat' dir='ltr'><strong>li-</strong></span> 
     </span>
    </p>
   </div>
   <div class='ocr_carea' id='block_1_34' title="bbox 2162 598 3727 669">
    <p class='ocr_par' dir='ltr' id='par_1_34' title="bbox 2162 598 3727 669">
     <span class='ocr_line' id='line_1_34' title="bbox 2162 598 3727 669; baseline 0.001 -16"><span class='ocrx_word' id='word_1_214' title='bbox 2162 601 2257 653; x_wconf 68' lang='grc' dir='ltr'>καὶ</span> <span class='ocrx_word' id='word_1_215' title='bbox 2293 600 2353 664; x_wconf 83' lang='grc' dir='ltr'><strong>ὃς</strong></span> <span class='ocrx_word' id='word_1_216' title='bbox 2389 600 2485 669; x_wconf 80' lang='grc' dir='ltr'>μὲν</span> <span class='ocrx_word' id='word_1_217' title='bbox 2527 599 2733 669; x_wconf 84' lang='grc' dir='ltr'>γυμνὸς</span> <span class='ocrx_word' id='word_1_218' title='bbox 2789 598 3197 668; x_wconf 81' lang='grc' dir='ltr'>ἀποδυσάμενος</span> <span class='ocrx_word' id='word_1_219' title='bbox 3253 598 3498 668; x_wconf 66' lang='grc' dir='ltr'>εἰσῆλθεν</span> <span class='ocrx_word' id='word_1_220' title='bbox 3538 601 3595 652; x_wconf 84' lang='grc' dir='ltr'><strong>ἐν</strong></span> <span class='ocrx_word' id='word_1_221' title='bbox 3623 605 3727 666; x_wconf 89' lang='grc' dir='ltr'>τοῖς</span> 
     </span>
    </p>
   </div>
   <div class='ocr_carea' id='block_1_35' title="bbox 2160 689 3727 761">
    <p class='ocr_par' dir='ltr' id='par_1_35' title="bbox 2160 689 3727 761">
     <span class='ocr_line' id='line_1_35' title="bbox 2160 689 3727 761; baseline 0.003 -19"><span class='ocrx_word' id='word_1_222' title='bbox 2160 689 2373 753; x_wconf 74' lang='grc' dir='ltr'>ὕδασιν,</span> <span class='ocrx_word' id='word_1_223' title='bbox 2410 690 2600 743; x_wconf 81' lang='grc' dir='ltr'>ἐαυτὸν</span> <span class='ocrx_word' id='word_1_224' title='bbox 2635 689 2792 759; x_wconf 85' lang='grc' dir='ltr'>μόνον</span> <span class='ocrx_word' id='word_1_225' title='bbox 2835 689 3159 761; x_wconf 87' lang='grc' dir='ltr'>βουλόμενος</span> <span class='ocrx_word' id='word_1_226' title='bbox 3204 692 3397 756; x_wconf 86' lang='grc' dir='ltr'>σῶσαι,</span> <span class='ocrx_word' id='word_1_227' title='bbox 3440 692 3535 745; x_wconf 82' lang='grc' dir='ltr'>καὶ</span> <span class='ocrx_word' id='word_1_228' title='bbox 3565 691 3727 757; x_wconf 74' lang='grc' dir='ltr'>οὕτως</span> 
     </span>
    </p>
   </div>
   <div class='ocr_carea' id='block_1_36' title="bbox 2160 782 3726 852">
    <p class='ocr_par' dir='ltr' id='par_1_36' title="bbox 2160 782 3726 852">
     <span class='ocr_line' id='line_1_36' title="bbox 2160 782 3726 852; baseline 0.001 -17"><span class='ocrx_word' id='word_1_229' title='bbox 2160 782 2266 835; x_wconf 77' lang='grc' dir='ltr'><strong>ὑπὸ</strong></span> <span class='ocrx_word' id='word_1_230' title='bbox 2308 783 2414 834; x_wconf 79' lang='grc' dir='ltr'><strong>τῶν</strong></span> <span class='ocrx_word' id='word_1_231' title='bbox 2469 782 2734 851; x_wconf 81' lang='grc' dir='ltr'>κυμάτων</span> <span class='ocrx_word' id='word_1_232' title='bbox 2773 784 3108 852; x_wconf 77' lang='grc' dir='ltr'><strong>τυπτόμενος</strong></span> <span class='ocrx_word' id='word_1_233' title='bbox 3131 823 3144 845; x_wconf 86' lang='grc'>,</span> <span class='ocrx_word' id='word_1_234' title='bbox 3174 782 3272 836; x_wconf 75' lang='grc' dir='ltr'>καὶ</span> <span class='ocrx_word' id='word_1_235' title='bbox 3311 782 3518 837; x_wconf 83' lang='grc' dir='ltr'>ἀνωθεν</span> <span class='ocrx_word' id='word_1_236' title='bbox 3557 784 3726 837; x_wconf 78' lang='grc' dir='ltr'>αὐτῶν</span> 
     </span>
    </p>
   </div>
   <div class='ocr_carea' id='block_1_37' title="bbox 2156 869 3726 946">
    <p class='ocr_par' dir='ltr' id='par_1_37' title="bbox 2156 869 3726 946">
     <span class='ocr_line' id='line_1_37' title="bbox 2156 869 3726 946; baseline 0 -19"><span class='ocrx_word' id='word_1_237' title='bbox 2156 874 2563 943; x_wconf 84' lang='grc' dir='ltr'>ἐπικολυμϐῶν,</span> <span class='ocrx_word' id='word_1_238' title='bbox 2612 874 2703 926; x_wconf 74' lang='grc' dir='ltr'>διὰ</span> <span class='ocrx_word' id='word_1_239' title='bbox 2758 874 2820 926; x_wconf 85' lang='grc' dir='ltr'><strong>τὸ</strong></span> <span class='ocrx_word' id='word_1_240' title='bbox 2853 874 3045 928; x_wconf 73' lang='grc' dir='ltr'>ἄλυτον</span> <span class='ocrx_word' id='word_1_241' title='bbox 3078 874 3241 928; x_wconf 80' lang='grc' dir='ltr'>αὐτὸν</span> <span class='ocrx_word' id='word_1_242' title='bbox 3285 869 3457 940; x_wconf 82' lang='grc' dir='ltr'>εῖναι,</span> <span class='ocrx_word' id='word_1_243' title='bbox 3491 875 3726 946; x_wconf 71' lang='grc' dir='ltr'>ἠδυνήθη</span> 
     </span>
    </p>
   </div>
   <div class='ocr_carea' id='block_1_38' title="bbox 2154 960 3727 1039">
    <p class='ocr_par' dir='ltr' id='par_1_38' title="bbox 2154 960 3727 1039">
     <span class='ocr_line' id='line_1_38' title="bbox 2154 960 3727 1039; baseline 0.003 -21"><span class='ocrx_word' id='word_1_244' title='bbox 2154 960 2445 1028; x_wconf 76' lang='grc' dir='ltr'><strong>διεξελθεῖν</strong></span> <span class='ocrx_word' id='word_1_245' title='bbox 2501 966 2599 1036; x_wconf 84' lang='grc' dir='ltr'>τὴν</span> <span class='ocrx_word' id='word_1_246' title='bbox 2654 966 2860 1036; x_wconf 84' lang='grc' dir='ltr'>πικράν</span> <span class='ocrx_word' id='word_1_247' title='bbox 2923 966 3219 1029; x_wconf 82' lang='grc' dir='ltr'><strong>Θάλασσαν,</strong></span> <span class='ocrx_word' id='word_1_248' title='bbox 3273 966 3367 1019; x_wconf 74' lang='grc' dir='ltr'><strong>καὶ</strong></span> <span class='ocrx_word' id='word_1_249' title='bbox 3423 966 3600 1032; x_wconf 74' lang='grc' dir='ltr'>οὕτως</span> <span class='ocrx_word' id='word_1_250' title='bbox 3635 966 3727 1039; x_wconf 82' lang='grc' dir='ltr'><strong>τὴν</strong></span> 
     </span>
    </p>
   </div>
   <div class='ocr_carea' id='block_1_39' title="bbox 2155 1040 3724 1127">
    <p class='ocr_par' dir='ltr' id='par_1_39' title="bbox 2155 1040 3724 1127">
     <span class='ocr_line' id='line_1_39' title="bbox 2155 1040 3724 1127; baseline -0.004 -15"><span class='ocrx_word' id='word_1_251' title='bbox 2155 1055 2333 1126; x_wconf 72' lang='grc' dir='ltr'>ψυχὴν</span> <span class='ocrx_word' id='word_1_252' title='bbox 2367 1055 2534 1108; x_wconf 79' lang='grc' dir='ltr'>αὐτοῦ</span> <span class='ocrx_word' id='word_1_253' title='bbox 2568 1056 3019 1126; x_wconf 84' lang='grc' dir='ltr'><strong>περιεποιήσατο.</strong></span> <span class='ocrx_word' id='word_1_254' title='bbox 3051 1040 3249 1121; x_wconf 73' lang='grc' dir='ltr'>’Δλλος</span> <span class='ocrx_word' id='word_1_255' title='bbox 3295 1056 3372 1121; x_wconf 83' lang='grc' dir='ltr'>δὲ,</span> <span class='ocrx_word' id='word_1_256' title='bbox 3412 1056 3724 1127; x_wconf 80' lang='grc' dir='ltr'>βουλόμενος</span> 
     </span>
    </p>
   </div>
   <div class='ocr_carea' id='block_1_40' title="bbox 2154 1147 3728 1219">
    <p class='ocr_par' dir='ltr' id='par_1_40' title="bbox 2154 1147 3728 1219">
     <span class='ocr_line' id='line_1_40' title="bbox 2154 1147 3728 1219; baseline 0.003 -20"><span class='ocrx_word' id='word_1_257' title='bbox 2154 1148 2330 1201; x_wconf 86' lang='grc' dir='ltr'>σῶσαί</span> <span class='ocrx_word' id='word_1_258' title='bbox 2376 1165 2429 1201; x_wconf 88' lang='grc' dir='ltr'><strong>τι</strong></span> <span class='ocrx_word' id='word_1_259' title='bbox 2484 1147 2593 1200; x_wconf 88' lang='grc' dir='ltr'><strong>τῶν</strong></span> <span class='ocrx_word' id='word_1_260' title='bbox 2643 1148 2958 1217; x_wconf 75' lang='grc' dir='ltr'><strong>ἐνδυμάτων</strong></span> <span class='ocrx_word' id='word_1_261' title='bbox 2993 1148 3159 1201; x_wconf 81' lang='grc' dir='ltr'>αὐτοῦ</span> <span class='ocrx_word' id='word_1_262' title='bbox 3216 1149 3437 1219; x_wconf 78' lang='grc' dir='ltr'><strong>ἐνόμισε</strong></span> <span class='ocrx_word' id='word_1_263' title='bbox 3474 1148 3728 1203; x_wconf 83' lang='grc' dir='ltr'>δύνασθαι</span> 
     </span>
    </p>
   </div>
   <div class='ocr_carea' id='block_1_41' title="bbox 2154 1235 3727 1312">
    <p class='ocr_par' dir='ltr' id='par_1_41' title="bbox 2154 1235 3727 1312">
     <span class='ocr_line' id='line_1_41' title="bbox 2154 1235 3727 1312; baseline 0.002 -20"><span class='ocrx_word' id='word_1_264' title='bbox 2154 1240 2499 1311; x_wconf 83' lang='grc' dir='ltr'>κολυμϐἧσαι</span> <span class='ocrx_word' id='word_1_265' title='bbox 2523 1242 2618 1294; x_wconf 77' lang='grc' dir='ltr'>καὶ</span> <span class='ocrx_word' id='word_1_266' title='bbox 2656 1240 2945 1305; x_wconf 78' lang='grc' dir='ltr'><strong>διεξελθεῖν</strong></span> <span class='ocrx_word' id='word_1_267' title='bbox 2979 1243 3076 1295; x_wconf 84' lang='grc' dir='ltr'><strong>σὺν</strong></span> <span class='ocrx_word' id='word_1_268' title='bbox 3104 1242 3353 1308; x_wconf 78' lang='grc' dir='ltr'>ἐκείνοις,</span> <span class='ocrx_word' id='word_1_269' title='bbox 3388 1235 3472 1305; x_wconf 78' lang='grc' dir='ltr'><strong>οἷς</strong></span> <span class='ocrx_word' id='word_1_270' title='bbox 3500 1237 3603 1312; x_wconf 77' lang='grc' dir='ltr'>ἦρε</span> <span class='ocrx_word' id='word_1_271' title='bbox 3637 1243 3727 1295; x_wconf 80' lang='grc' dir='ltr'>σὺν</span> 
     </span>
    </p>
   </div>
   <div class='ocr_carea' id='block_1_42' title="bbox 2153 1332 3727 1405">
    <p class='ocr_par' dir='ltr' id='par_1_42' title="bbox 2153 1332 3727 1405">
     <span class='ocr_line' id='line_1_42' title="bbox 2153 1332 3727 1405; baseline 0.001 -20"><span class='ocrx_word' id='word_1_272' title='bbox 2153 1332 2355 1403; x_wconf 79' lang='grc' dir='ltr'>ἐαυτῷ,</span> <span class='ocrx_word' id='word_1_273' title='bbox 2403 1334 2496 1387; x_wconf 77' lang='grc' dir='ltr'>καὶ</span> <span class='ocrx_word' id='word_1_274' title='bbox 2549 1332 2690 1386; x_wconf 83' lang='grc' dir='ltr'>αὐτὰ</span> <span class='ocrx_word' id='word_1_275' title='bbox 2738 1335 2923 1387; x_wconf 85' lang='grc' dir='ltr'>ἐκεῖνα</span> <span class='ocrx_word' id='word_1_276' title='bbox 2952 1333 3097 1403; x_wconf 81' lang='grc' dir='ltr'>άπερ</span> <span class='ocrx_word' id='word_1_277' title='bbox 3134 1333 3316 1398; x_wconf 71' lang='grc' dir='ltr'>ἔλαϐε,</span> <span class='ocrx_word' id='word_1_278' title='bbox 3346 1333 3727 1405; x_wconf 82' lang='grc' dir='ltr'>κατεϐάρησαν</span> 
     </span>
    </p>
   </div>
   <div class='ocr_carea' id='block_1_43' title="bbox 2151 1426 3722 1498">
    <p class='ocr_par' dir='ltr' id='par_1_43' title="bbox 2151 1426 3722 1498">
     <span class='ocr_line' id='line_1_43' title="bbox 2151 1426 3722 1498; baseline 0.001 -20"><span class='ocrx_word' id='word_1_279' title='bbox 2151 1427 2334 1491; x_wconf 79' lang='grc' dir='ltr'>αὐτὸν,</span> <span class='ocrx_word' id='word_1_280' title='bbox 2367 1428 2463 1479; x_wconf 73' lang='grc' dir='ltr'>καὶ</span> <span class='ocrx_word' id='word_1_281' title='bbox 2495 1426 2902 1481; x_wconf 84' lang='grc' dir='ltr'>κατεσάπτισαν</span> <span class='ocrx_word' id='word_1_282' title='bbox 2930 1429 2988 1481; x_wconf 82' lang='grc' dir='ltr'><strong>ἐν</strong></span> <span class='ocrx_word' id='word_1_283' title='bbox 3028 1428 3106 1497; x_wconf 83' lang='grc' dir='ltr'>τῷ</span> <span class='ocrx_word' id='word_1_284' title='bbox 3140 1427 3287 1498; x_wconf 82' lang='grc' dir='ltr'><strong>βυθῷ</strong></span> <span class='ocrx_word' id='word_1_285' title='bbox 3309 1426 3409 1496; x_wconf 83' lang='grc' dir='ltr'>τῆς</span> <span class='ocrx_word' id='word_1_286' title='bbox 3434 1426 3722 1497; x_wconf 80' lang='grc' dir='ltr'><strong>Θαλάσσης,</strong></span> 
     </span>
    </p>
   </div>
   <div class='ocr_carea' id='block_1_44' title="bbox 2152 1515 3724 1588">
    <p class='ocr_par' dir='ltr' id='par_1_44' title="bbox 2152 1515 3724 1588">
     <span class='ocr_line' id='line_1_44' title="bbox 2152 1515 3724 1588; baseline 0.001 -19"><span class='ocrx_word' id='word_1_287' title='bbox 2152 1516 2247 1571; x_wconf 79' lang='grc' dir='ltr'><strong>καὶ</strong></span> <span class='ocrx_word' id='word_1_288' title='bbox 2287 1515 2533 1569; x_wconf 85' lang='grc' dir='ltr'><strong>ἀπώλετο</strong></span> <span class='ocrx_word' id='word_1_289' title='bbox 2566 1515 2633 1571; x_wconf 83' lang='grc' dir='ltr'>δι’</span> <span class='ocrx_word' id='word_1_290' title='bbox 2658 1518 2836 1585; x_wconf 81' lang='grc' dir='ltr'><strong>ὀλίγον</strong></span> <span class='ocrx_word' id='word_1_291' title='bbox 2878 1518 3087 1588; x_wconf 80' lang='grc' dir='ltr'><strong>κέρδος,</strong></span> <span class='ocrx_word' id='word_1_292' title='bbox 3143 1518 3220 1588; x_wconf 76' lang='grc' dir='ltr'>μὴ</span> <span class='ocrx_word' id='word_1_293' title='bbox 3264 1517 3365 1587; x_wconf 76' lang='grc' dir='ltr'><strong>τὴν</strong></span> <span class='ocrx_word' id='word_1_294' title='bbox 3397 1517 3598 1571; x_wconf 82' lang='grc' dir='ltr'>ἐαυτοῦ</span> <span class='ocrx_word' id='word_1_295' title='bbox 3624 1517 3724 1586; x_wconf 78' lang='grc' dir='ltr'><strong>ψυ-</strong></span> 
     </span>
    </p>
   </div>
   <div class='ocr_carea' id='block_1_45' title="bbox 2148 1608 3725 1679">
    <p class='ocr_par' dir='ltr' id='par_1_45' title="bbox 2148 1608 3725 1679">
     <span class='ocr_line' id='line_1_45' title="bbox 2148 1608 3725 1679; baseline -0.001 -19"><span class='ocrx_word' id='word_1_296' title='bbox 2148 1609 2254 1678; x_wconf 73' lang='grc' dir='ltr'><strong>χὴν</strong></span> <span class='ocrx_word' id='word_1_297' title='bbox 2321 1609 2843 1679; x_wconf 81' lang='grc' dir='ltr'><strong>περιποιησάμενος.</strong></span> <span class='ocrx_word' id='word_1_298' title='bbox 2894 1608 3102 1679; x_wconf 77' lang='grc' dir='ltr'>Ὁρᾷς,</span> <span class='ocrx_word' id='word_1_299' title='bbox 3160 1610 3240 1661; x_wconf 84' lang='grc' dir='ltr'>ὅτι</span> <span class='ocrx_word' id='word_1_300' title='bbox 3302 1608 3419 1678; x_wconf 81' lang='grc' dir='ltr'>ἰδίῳ</span> <span class='ocrx_word' id='word_1_301' title='bbox 3468 1608 3725 1678; x_wconf 82' lang='grc' dir='ltr'><strong>θελήματι</strong></span> 
     </span>
    </p>
   </div>
   <div class='ocr_carea' id='block_1_46' title="bbox 2150 1697 3726 1770">
    <p class='ocr_par' dir='ltr' id='par_1_46' title="bbox 2150 1697 3726 1770">
     <span class='ocr_line' id='line_1_46' title="bbox 2150 1697 3726 1770; baseline 0.001 -18"><span class='ocrx_word' id='word_1_302' title='bbox 2150 1697 2318 1752; x_wconf 80' lang='grc' dir='ltr'>αὐτοῦ</span> <span class='ocrx_word' id='word_1_303' title='bbox 2354 1698 2713 1768; x_wconf 77' lang='grc' dir='ltr'>ἐθανατώθης</span> <span class='ocrx_word' id='word_1_304' title='bbox 2762 1701 2927 1753; x_wconf 86' lang='grc' dir='ltr'>πάλιν</span> <span class='ocrx_word' id='word_1_305' title='bbox 2963 1701 3163 1753; x_wconf 84' lang='grc' dir='ltr'>ὑπόθου</span> <span class='ocrx_word' id='word_1_306' title='bbox 3209 1718 3300 1770; x_wconf 88' lang='grc' dir='ltr'><strong>μοι</strong></span> <span class='ocrx_word' id='word_1_307' title='bbox 3355 1702 3530 1770; x_wconf 81' lang='grc' dir='ltr'>ἀκοὴν</span> <span class='ocrx_word' id='word_1_308' title='bbox 3576 1701 3726 1754; x_wconf 58' lang='lat' dir='ltr'><strong>om.</strong></span> 
     </span>
    </p>
   </div>
   <div class='ocr_carea' id='block_1_47' title="bbox 2152 1788 3723 1861">
    <p class='ocr_par' dir='ltr' id='par_1_47' title="bbox 2152 1788 3723 1861">
     <span class='ocr_line' id='line_1_47' title="bbox 2152 1788 3723 1861; baseline 0.001 -19"><span class='ocrx_word' id='word_1_309' title='bbox 2152 1790 2333 1858; x_wconf 89' lang='grc' dir='ltr'>φύλων</span> <span class='ocrx_word' id='word_1_310' title='bbox 2361 1788 2632 1858; x_wconf 80' lang='grc' dir='ltr'>ἔρχεσθαι.</span> <span class='ocrx_word' id='word_1_311' title='bbox 2661 1790 2772 1844; x_wconf 75' lang='grc' dir='ltr'>Καὶ</span> <span class='ocrx_word' id='word_1_312' title='bbox 2798 1789 2856 1851; x_wconf 84' lang='grc' dir='ltr'><strong>ὂς</strong></span> <span class='ocrx_word' id='word_1_313' title='bbox 2880 1792 2978 1860; x_wconf 71' lang='grc' dir='ltr'><strong>μὲν</strong></span> <span class='ocrx_word' id='word_1_314' title='bbox 3012 1790 3224 1861; x_wconf 83' lang='grc' dir='ltr'>ἆματῷ</span> <span class='ocrx_word' id='word_1_315' title='bbox 3253 1792 3330 1860; x_wconf 87' lang='lat'><strong>(7)</strong></span> <span class='ocrx_word' id='word_1_316' title='bbox 3350 1789 3583 1844; x_wconf 81' lang='grc' dir='ltr'>ἀκοῦσαι</span> <span class='ocrx_word' id='word_1_317' title='bbox 3600 1790 3723 1859; x_wconf 66' lang='grc' dir='ltr'>ἔφυς</span> 
     </span>
    </p>
   </div>
   <div class='ocr_carea' id='block_1_48' title="bbox 2151 1886 3727 1958">
    <p class='ocr_par' dir='ltr' id='par_1_48' title="bbox 2151 1886 3727 1958">
     <span class='ocr_line' id='line_1_48' title="bbox 2151 1886 3727 1958; baseline 0.002 -20"><span class='ocrx_word' id='word_1_318' title='bbox 2151 1902 2248 1953; x_wconf 91' lang='grc' dir='ltr'><strong>γεν</strong></span> <span class='ocrx_word' id='word_1_319' title='bbox 2280 1887 2503 1951; x_wconf 77' lang='grc' dir='ltr'>εὐθέως,</span> <span class='ocrx_word' id='word_1_320' title='bbox 2557 1892 2630 1956; x_wconf 79' lang='grc' dir='ltr'>μὴ</span> <span class='ocrx_word' id='word_1_321' title='bbox 2669 1888 3105 1957; x_wconf 88' lang='grc' dir='ltr'>ἀναϐαλλόμενος</span> <span class='ocrx_word' id='word_1_322' title='bbox 3140 1888 3302 1952; x_wconf 80' lang='grc' dir='ltr'>αὐτὸς</span> <span class='ocrx_word' id='word_1_323' title='bbox 3346 1890 3559 1958; x_wconf 79' lang='grc' dir='ltr'>γυμνὸς</span> <span class='ocrx_word' id='word_1_324' title='bbox 3586 1886 3727 1953; x_wconf 74' lang='grc' dir='ltr'>ἐξελ-</span> 
     </span>
    </p>
   </div>
   <div class='ocr_carea' id='block_1_49' title="bbox 2146 1978 3722 2049">
    <p class='ocr_par' dir='ltr' id='par_1_49' title="bbox 2146 1978 3722 2049">
     <span class='ocr_line' id='line_1_49' title="bbox 2146 1978 3722 2049; baseline 0.001 -19"><span class='ocrx_word' id='word_1_325' title='bbox 2146 1978 2277 2033; x_wconf 84' lang='grc' dir='ltr'>θών.</span> <span class='ocrx_word' id='word_1_326' title='bbox 2328 1978 2520 2041; x_wconf 84' lang='grc' dir='ltr'>Ἀλλος</span> <span class='ocrx_word' id='word_1_327' title='bbox 2550 1978 2608 2031; x_wconf 74' lang='grc' dir='ltr'>δὲ</span> <span class='ocrx_word' id='word_1_328' title='bbox 2637 1979 2964 2043; x_wconf 88' lang='grc' dir='ltr'>δυσπιστῶν,</span> <span class='ocrx_word' id='word_1_329' title='bbox 3002 1980 3084 2030; x_wconf 84' lang='grc' dir='ltr'>ὅτι</span> <span class='ocrx_word' id='word_1_330' title='bbox 3136 1978 3387 2047; x_wconf 81' lang='grc' dir='ltr'>ἔρχονται</span> <span class='ocrx_word' id='word_1_331' title='bbox 3433 1979 3486 2031; x_wconf 83' lang='grc' dir='ltr'>οἱ</span> <span class='ocrx_word' id='word_1_332' title='bbox 3519 1978 3722 2049; x_wconf 75' lang='grc' dir='ltr'>ἐχθροὶ,</span> 
     </span>
    </p>
   </div>
   <div class='ocr_carea' id='block_1_50' title="bbox 2144 2064 3725 2137">
    <p class='ocr_par' dir='ltr' id='par_1_50' title="bbox 2144 2064 3725 2137">
     <span class='ocr_line' id='line_1_50' title="bbox 2144 2064 3725 2137; baseline -0.002 -17"><span class='ocrx_word' id='word_1_333' title='bbox 2144 2068 2176 2137; x_wconf 78' lang='grc' dir='ltr'>ἢ</span> <span class='ocrx_word' id='word_1_334' title='bbox 2213 2068 2382 2120; x_wconf 80' lang='grc' dir='ltr'>θέλων</span> <span class='ocrx_word' id='word_1_335' title='bbox 2415 2068 2537 2120; x_wconf 74' lang='grc' dir='ltr'>τινὰ</span> <span class='ocrx_word' id='word_1_336' title='bbox 2565 2067 2679 2120; x_wconf 84' lang='grc' dir='ltr'><strong>τῶν</strong></span> <span class='ocrx_word' id='word_1_337' title='bbox 2707 2067 2851 2119; x_wconf 85' lang='grc' dir='ltr'>ἰδίων</span> <span class='ocrx_word' id='word_1_338' title='bbox 2882 2067 3245 2136; x_wconf 82' lang='grc' dir='ltr'>πραγμάτων,</span> <span class='ocrx_word' id='word_1_339' title='bbox 3286 2066 3381 2119; x_wconf 77' lang='grc' dir='ltr'>καὶ</span> <span class='ocrx_word' id='word_1_340' title='bbox 3407 2064 3725 2134; x_wconf 84' lang='grc' dir='ltr'>βουλόμενος</span> 
     </span>
    </p>
   </div>
   <div class='ocr_carea' id='block_1_51' title="bbox 2146 2150 3724 2226">
    <p class='ocr_par' dir='ltr' id='par_1_51' title="bbox 2146 2150 3724 2226">
     <span class='ocr_line' id='line_1_51' title="bbox 2146 2150 3724 2226; baseline -0.001 -19"><span class='ocrx_word' id='word_1_341' title='bbox 2146 2150 2277 2225; x_wconf 77' lang='grc' dir='ltr'>ἆραι</span> <span class='ocrx_word' id='word_1_342' title='bbox 2314 2157 2434 2226; x_wconf 84' lang='grc' dir='ltr'>μεθ’</span> <span class='ocrx_word' id='word_1_343' title='bbox 2477 2156 2694 2219; x_wconf 79' lang='grc' dir='ltr'>ἑαυτοῦ,</span> <span class='ocrx_word' id='word_1_344' title='bbox 2726 2156 2987 2226; x_wconf 87' lang='grc' dir='ltr'>ἐϐράδυνε</span> <span class='ocrx_word' id='word_1_345' title='bbox 3024 2159 3236 2226; x_wconf 82' lang='grc' dir='ltr'>φυγεῖν.</span> <span class='ocrx_word' id='word_1_346' title='bbox 3281 2155 3392 2207; x_wconf 71' lang='grc' dir='ltr'>Καὶ</span> <span class='ocrx_word' id='word_1_347' title='bbox 3414 2154 3724 2215; x_wconf 80' lang='grc' dir='ltr'>ἐπελθόντες</span> 
     </span>
    </p>
   </div>
   <div class='ocr_carea' id='block_1_52' title="bbox 2145 2247 3723 2319">
    <p class='ocr_par' dir='ltr' id='par_1_52' title="bbox 2145 2247 3723 2319">
     <span class='ocr_line' id='line_1_52' title="bbox 2145 2247 3723 2319; baseline -0.004 -15"><span class='ocrx_word' id='word_1_348' title='bbox 2145 2255 2193 2304; x_wconf 84' lang='grc' dir='ltr'><strong>οἱ</strong></span> <span class='ocrx_word' id='word_1_349' title='bbox 2249 2252 2501 2319; x_wconf 86' lang='grc' dir='ltr'>πολέμιοι</span> <span class='ocrx_word' id='word_1_350' title='bbox 2543 2250 2844 2303; x_wconf 85' lang='grc' dir='ltr'>κατέλαϐον</span> <span class='ocrx_word' id='word_1_351' title='bbox 2884 2248 3067 2311; x_wconf 78' lang='grc' dir='ltr'>αὑτὸν,</span> <span class='ocrx_word' id='word_1_352' title='bbox 3106 2248 3201 2301; x_wconf 72' lang='grc' dir='ltr'>καὶ</span> <span class='ocrx_word' id='word_1_353' title='bbox 3229 2247 3723 2318; x_wconf 77' lang='grc' dir='ltr'>ῂχμαλωτεύσαντο</span> 
     </span>
    </p>
   </div>
   <div class='ocr_carea' id='block_1_53' title="bbox 2146 2338 3722 2413">
    <p class='ocr_par' dir='ltr' id='par_1_53' title="bbox 2146 2338 3722 2413">
     <span class='ocr_line' id='line_1_53' title="bbox 2146 2338 3722 2413; baseline -0.003 -17"><span class='ocrx_word' id='word_1_354' title='bbox 2146 2345 2227 2407; x_wconf 85' lang='grc' dir='ltr'><strong>είς</strong></span> <span class='ocrx_word' id='word_1_355' title='bbox 2282 2343 2382 2413; x_wconf 80' lang='grc' dir='ltr'>τὴν</span> <span class='ocrx_word' id='word_1_356' title='bbox 2434 2341 2544 2395; x_wconf 85' lang='grc' dir='ltr'><strong>τῶν</strong></span> <span class='ocrx_word' id='word_1_357' title='bbox 2598 2341 2912 2408; x_wconf 81' lang='grc' dir='ltr'>ἀλλοφύλων</span> <span class='ocrx_word' id='word_1_358' title='bbox 2966 2341 3224 2411; x_wconf 80' lang='grc' dir='ltr'>πατρίδα,</span> <span class='ocrx_word' id='word_1_359' title='bbox 3264 2342 3429 2393; x_wconf 86' lang='grc' dir='ltr'>κάκεῖ</span> <span class='ocrx_word' id='word_1_360' title='bbox 3461 2338 3722 2393; x_wconf 84' lang='grc' dir='ltr'>δουλεύειν</span> 
     </span>
    </p>
   </div>
   <div class='ocr_carea' id='block_1_54' title="bbox 2147 2427 3719 2501">
    <p class='ocr_par' dir='ltr' id='par_1_54' title="bbox 2147 2427 3719 2501">
     <span class='ocr_line' id='line_1_54' title="bbox 2147 2427 3719 2501; baseline -0.001 -17"><span class='ocrx_word' id='word_1_361' title='bbox 2147 2432 2592 2500; x_wconf 88' lang='grc' dir='ltr'>κατηνάγκασαν.</span> <span class='ocrx_word' id='word_1_362' title='bbox 2639 2431 2822 2501; x_wconf 81' lang='grc' dir='ltr'>Ὁρᾷς,</span> <span class='ocrx_word' id='word_1_363' title='bbox 2855 2431 2937 2483; x_wconf 84' lang='grc' dir='ltr'><strong>δτι</strong></span> <span class='ocrx_word' id='word_1_364' title='bbox 2984 2432 3063 2501; x_wconf 84' lang='grc' dir='ltr'>τῷ</span> <span class='ocrx_word' id='word_1_365' title='bbox 3123 2430 3238 2501; x_wconf 86' lang='grc' dir='ltr'>ίδίῳ</span> <span class='ocrx_word' id='word_1_366' title='bbox 3272 2430 3543 2499; x_wconf 84' lang='grc' dir='ltr'>θελήματι</span> <span class='ocrx_word' id='word_1_367' title='bbox 3564 2427 3719 2483; x_wconf 72' lang='grc' dir='ltr'>αὐτοῦ</span> 
     </span>
    </p>
   </div>
   <div class='ocr_carea' id='block_1_55' title="bbox 2144 2518 3721 2591">
    <p class='ocr_par' dir='ltr' id='par_1_55' title="bbox 2144 2518 3721 2591">
     <span class='ocr_line' id='line_1_55' title="bbox 2144 2518 3721 2591; baseline -0.004 -16"><span class='ocrx_word' id='word_1_368' title='bbox 2144 2522 2234 2575; x_wconf 85' lang='grc' dir='ltr'>διὰ</span> <span class='ocrx_word' id='word_1_369' title='bbox 2256 2521 2529 2591; x_wconf 79' lang='grc' dir='ltr'>χαύνωσιν</span> <span class='ocrx_word' id='word_1_370' title='bbox 2559 2519 2654 2571; x_wconf 69' lang='grc' dir='ltr'><strong>καὶ</strong></span> <span class='ocrx_word' id='word_1_371' title='bbox 2687 2520 2980 2591; x_wconf 77' lang='grc' dir='ltr'>ἀνανδρίαν</span> <span class='ocrx_word' id='word_1_372' title='bbox 3019 2521 3114 2573; x_wconf 73' lang='grc' dir='ltr'>καὶ</span> <span class='ocrx_word' id='word_1_373' title='bbox 3146 2520 3369 2589; x_wconf 83' lang='grc' dir='ltr'>ἀγάπην</span> <span class='ocrx_word' id='word_1_374' title='bbox 3401 2518 3527 2573; x_wconf 77' lang='grc' dir='ltr'>τινὰ</span> <span class='ocrx_word' id='word_1_375' title='bbox 3554 2535 3721 2588; x_wconf 74' lang='grc' dir='ltr'>πραγο</span> 
     </span>
    </p>
   </div>
   <div class='ocr_carea' id='block_1_56' title="bbox 2150 2607 3721 2684">
    <p class='ocr_par' dir='ltr' id='par_1_56' title="bbox 2150 2607 3721 2684">
     <span class='ocr_line' id='line_1_56' title="bbox 2150 2607 3721 2684; baseline -0.004 -17"><span class='ocrx_word' id='word_1_376' title='bbox 2150 2615 2335 2683; x_wconf 86' lang='grc' dir='ltr'>μάτων</span> <span class='ocrx_word' id='word_1_377' title='bbox 2366 2615 2446 2676; x_wconf 86' lang='grc' dir='ltr'><strong>είς</strong></span> <span class='ocrx_word' id='word_1_378' title='bbox 2481 2615 2579 2684; x_wconf 84' lang='grc' dir='ltr'>τὴν</span> <span class='ocrx_word' id='word_1_379' title='bbox 2618 2613 2998 2683; x_wconf 83' lang='grc' dir='ltr'>αἰχμαλωσίαν</span> <span class='ocrx_word' id='word_1_380' title='bbox 3036 2610 3360 2681; x_wconf 79' lang='grc' dir='ltr'>ἀπηνέχθη;</span> <span class='ocrx_word' id='word_1_381' title='bbox 3404 2609 3611 2680; x_wconf 83' lang='grc' dir='ltr'>ὁμοίως</span> <span class='ocrx_word' id='word_1_382' title='bbox 3634 2607 3721 2662; x_wconf 78' lang='grc' dir='ltr'>καὶ</span> 
     </span>
    </p>
   </div>
   <div class='ocr_carea' id='block_1_57' title="bbox 2144 2697 3722 2776">
    <p class='ocr_par' dir='ltr' id='par_1_57' title="bbox 2144 2697 3722 2776">
     <span class='ocr_line' id='line_1_57' title="bbox 2144 2697 3722 2776; baseline -0.004 -18"><span class='ocrx_word' id='word_1_383' title='bbox 2144 2706 2195 2758; x_wconf 87' lang='grc' dir='ltr'><strong>οἱ</strong></span> <span class='ocrx_word' id='word_1_384' title='bbox 2222 2705 2299 2776; x_wconf 82' lang='grc' dir='ltr'><strong>μὴ</strong></span> <span class='ocrx_word' id='word_1_385' title='bbox 2328 2708 2449 2767; x_wconf 86' lang='grc' dir='ltr'>ταῖς</span> <span class='ocrx_word' id='word_1_386' title='bbox 2472 2706 2713 2767; x_wconf 76' lang='grc' dir='ltr'>ἐντολαῖς</span> <span class='ocrx_word' id='word_1_387' title='bbox 2749 2704 2843 2756; x_wconf 79' lang='grc' dir='ltr'><strong>τοῦ</strong></span> <span class='ocrx_word' id='word_1_388' title='bbox 2877 2704 3084 2773; x_wconf 84' lang='grc' dir='ltr'>Κυρίου</span> <span class='ocrx_word' id='word_1_389' title='bbox 3130 2701 3613 2765; x_wconf 74' lang='grc' dir='ltr'>ἐξακολουθοῦντες</span> <span class='ocrx_word' id='word_1_390' title='bbox 3634 2697 3722 2752; x_wconf 77' lang='grc' dir='ltr'>καὶ</span> 
     </span>
    </p>
   </div>
   <div class='ocr_carea' id='block_1_58' title="bbox 2144 2791 3720 2865">
    <p class='ocr_par' dir='ltr' id='par_1_58' title="bbox 2144 2791 3720 2865">
     <span class='ocr_line' id='line_1_58' title="bbox 2144 2791 3720 2865; baseline -0.003 -18"><span class='ocrx_word' id='word_1_391' title='bbox 2144 2796 2372 2857; x_wconf 78' lang='grc' dir='ltr'>ἑαυτοὺς</span> <span class='ocrx_word' id='word_1_392' title='bbox 2401 2794 2725 2865; x_wconf 89' lang='grc' dir='ltr'>ἀρνούμενοι</span> <span class='ocrx_word' id='word_1_393' title='bbox 2766 2796 2860 2848; x_wconf 71' lang='grc' dir='ltr'>καὶ</span> <span class='ocrx_word' id='word_1_394' title='bbox 2908 2796 3066 2864; x_wconf 87' lang='grc' dir='ltr'>μόνον</span> <span class='ocrx_word' id='word_1_395' title='bbox 3096 2794 3192 2847; x_wconf 81' lang='grc' dir='ltr'>τὸν</span> <span class='ocrx_word' id='word_1_396' title='bbox 3232 2793 3438 2863; x_wconf 80' lang='grc' dir='ltr'>Κύριον</span> <span class='ocrx_word' id='word_1_397' title='bbox 3471 2791 3720 2861; x_wconf 87' lang='grc' dir='ltr'>ἀγαπῶν-</span> 
     </span>
    </p>
   </div>
   <div class='ocr_carea' id='block_1_59' title="bbox 2144 2885 3718 2958">
    <p class='ocr_par' dir='ltr' id='par_1_59' title="bbox 2144 2885 3718 2958">
     <span class='ocr_line' id='line_1_59' title="bbox 2144 2885 3718 2958; baseline -0.003 -19"><span class='ocrx_word' id='word_1_398' title='bbox 2144 2905 2255 2951; x_wconf 86' lang='grc' dir='ltr'>τες,</span> <span class='ocrx_word' id='word_1_399' title='bbox 2318 2887 2455 2941; x_wconf 87' lang='grc' dir='ltr'><strong>ἀλλά</strong></span> <span class='ocrx_word' id='word_1_400' title='bbox 2507 2888 2728 2957; x_wconf 87' lang='grc' dir='ltr'>δεσμοῖς</span> <span class='ocrx_word' id='word_1_401' title='bbox 2773 2888 2986 2958; x_wconf 84' lang='grc' dir='ltr'>γηΐνοις</span> <span class='ocrx_word' id='word_1_402' title='bbox 3029 2885 3293 2945; x_wconf 77' lang='grc' dir='ltr'>ἑκουσίως</span> <span class='ocrx_word' id='word_1_403' title='bbox 3344 2885 3718 2953; x_wconf 82' lang='grc' dir='ltr'>δεσμούμενοι,</span> 
     </span>
    </p>
   </div>
   <div class='ocr_carea' id='block_1_60' title="bbox 2146 2976 3720 3047">
    <p class='ocr_par' dir='ltr' id='par_1_60' title="bbox 2146 2976 3720 3047">
     <span class='ocr_line' id='line_1_60' title="bbox 2146 2976 3720 3047; baseline -0.003 -17"><span class='ocrx_word' id='word_1_404' title='bbox 2146 2977 2469 3041; x_wconf 74' lang='grc' dir='ltr'>ἐπελθόντος</span> <span class='ocrx_word' id='word_1_405' title='bbox 2497 2977 2592 3031; x_wconf 80' lang='grc' dir='ltr'><strong>τοῦ</strong></span> <span class='ocrx_word' id='word_1_406' title='bbox 2628 2978 2798 3047; x_wconf 83' lang='grc' dir='ltr'>πυρὸς</span> <span class='ocrx_word' id='word_1_407' title='bbox 2827 2976 2923 3030; x_wconf 82' lang='grc' dir='ltr'>τοῦ</span> <span class='ocrx_word' id='word_1_408' title='bbox 2960 2977 3201 3041; x_wconf 79' lang='grc' dir='ltr'>αἰωνίου,</span> <span class='ocrx_word' id='word_1_409' title='bbox 3237 2976 3314 3039; x_wconf 84' lang='grc' dir='ltr'>ὼς</span> <span class='ocrx_word' id='word_1_410' title='bbox 3352 2976 3720 3044; x_wconf 79' lang='grc' dir='ltr'>εὑρισκόμενοι</span> 
     </span>
    </p>
   </div>
   <div class='ocr_carea' id='block_1_61' title="bbox 2146 3065 3719 3140">
    <p class='ocr_par' dir='ltr' id='par_1_61' title="bbox 2146 3065 3719 3140">
     <span class='ocr_line' id='line_1_61' title="bbox 2146 3065 3719 3140; baseline 0 -19"><span class='ocrx_word' id='word_1_411' title='bbox 2146 3070 2483 3139; x_wconf 77' lang='grc' dir='ltr'>αἰχμάλωτοι</span> <span class='ocrx_word' id='word_1_412' title='bbox 2511 3068 2744 3140; x_wconf 83' lang='grc' dir='ltr'>ἀρετῶν,</span> <span class='ocrx_word' id='word_1_413' title='bbox 2803 3068 3173 3137; x_wconf 82' lang='grc' dir='ltr'>συνδεδεμένοι</span> <span class='ocrx_word' id='word_1_414' title='bbox 3228 3067 3285 3120; x_wconf 83' lang='grc' dir='ltr'>δὲ</span> <span class='ocrx_word' id='word_1_415' title='bbox 3339 3067 3544 3137; x_wconf 79' lang='grc' dir='ltr'>μᾶλλον</span> <span class='ocrx_word' id='word_1_416' title='bbox 3577 3069 3632 3121; x_wconf 82' lang='grc' dir='ltr'><strong>ἐν</strong></span> <span class='ocrx_word' id='word_1_417' title='bbox 3657 3065 3719 3135; x_wconf 73' lang='grc' dir='ltr'>τῇ</span> 
     </span>
    </p>
   </div>
   <div class='ocr_carea' id='block_1_62' title="bbox 453 3157 2041 3237">
    <p class='ocr_par' dir='ltr' id='par_1_62' title="bbox 453 3157 2041 3237">
     <span class='ocr_line' id='line_1_62' title="bbox 453 3157 2041 3237; baseline 0.008 -27"><span class='ocrx_word' id='word_1_418' title='bbox 453 3157 595 3219; x_wconf 90' lang='lat' dir='ltr'><strong>lios,</strong></span> <span class='ocrx_word' id='word_1_419' title='bbox 630 3158 875 3221; x_wconf 89' lang='lat' dir='ltr'><strong>divitias,</strong></span> <span class='ocrx_word' id='word_1_420' title='bbox 921 3161 1220 3226; x_wconf 89' lang='lat' dir='ltr'><strong>animalia,</strong></span> <span class='ocrx_word' id='word_1_421' title='bbox 1267 3163 1501 3219; x_wconf 83' lang='lat' dir='ltr'><strong>famulos</strong></span> <span class='ocrx_word' id='word_1_422' title='bbox 1553 3172 1610 3220; x_wconf 82' lang='lat' dir='ltr'><strong>et</strong></span> <span class='ocrx_word' id='word_1_423' title='bbox 1656 3166 1869 3236; x_wconf 90' lang='lat' dir='ltr'><strong>reliqua</strong></span> <span class='ocrx_word' id='word_1_424' title='bbox 1921 3185 2041 3237; x_wconf 68' lang='lat' dir='ltr'><strong>quae</strong></span> 
     </span>
    </p>
   </div>
   <div class='ocr_carea' id='block_1_63' title="bbox 2144 3157 3723 3237">
    <p class='ocr_par' dir='ltr' id='par_1_63' title="bbox 2146 3157 3723 3232">
     <span class='ocr_line' id='line_1_63' title="bbox 2146 3157 3723 3232; baseline 0.008 -24"><span class='ocrx_word' id='word_1_425' title='bbox 2146 3161 2336 3232; x_wconf 80' lang='grc' dir='ltr'>ἀγάπῃ</span> <span class='ocrx_word' id='word_1_426' title='bbox 2352 3161 2447 3213; x_wconf 80' lang='grc' dir='ltr'>τοῦ</span> <span class='ocrx_word' id='word_1_427' title='bbox 2486 3161 2694 3229; x_wconf 87' lang='grc' dir='ltr'>κόσμου</span> <span class='ocrx_word' id='word_1_428' title='bbox 2725 3158 3364 3230; x_wconf 78' lang='grc' dir='ltr'>καταϐυθ[ισθ]ήσονται,</span> <span class='ocrx_word' id='word_1_429' title='bbox 3390 3160 3488 3212; x_wconf 76' lang='grc' dir='ltr'>καὶ</span> <span class='ocrx_word' id='word_1_430' title='bbox 3506 3158 3607 3212; x_wconf 78' lang='grc' dir='ltr'>ὑπὸ</span> <span class='ocrx_word' id='word_1_431' title='bbox 3630 3157 3723 3227; x_wconf 82' lang='grc' dir='ltr'><strong>τῆς</strong></span> 
     </span>
    </p>
   </div>
   <div class='ocr_carea' id='block_1_64' title="bbox 456 3248 2038 3327">
    <p class='ocr_par' dir='ltr' id='par_1_64' title="bbox 456 3248 2038 3327">
     <span class='ocr_line' id='line_1_64' title="bbox 456 3248 2038 3327; baseline 0.008 -25"><span class='ocrx_word' id='word_1_432' title='bbox 456 3248 726 3315; x_wconf 87' lang='lat' dir='ltr'><strong>habebat;</strong></span> <span class='ocrx_word' id='word_1_433' title='bbox 758 3251 1037 3319; x_wconf 90' lang='lat' dir='ltr'><strong>quomodo</strong></span> <span class='ocrx_word' id='word_1_434' title='bbox 1065 3252 1145 3306; x_wconf 89' lang='lat' dir='ltr'><strong>sic</strong></span> <span class='ocrx_word' id='word_1_435' title='bbox 1191 3254 1435 3310; x_wconf 86' lang='lat' dir='ltr'><strong>nudatus</strong></span> <span class='ocrx_word' id='word_1_436' title='bbox 1477 3257 1736 3327; x_wconf 70' lang='lat' dir='ltr'><strong>effugerit</strong></span> <span class='ocrx_word' id='word_1_437' title='bbox 1778 3267 1835 3315; x_wconf 89' lang='lat' dir='ltr'><strong>et</strong></span> <span class='ocrx_word' id='word_1_438' title='bbox 1860 3261 2038 3315; x_wconf 89' lang='lat' dir='ltr'><strong>salva-</strong></span> 
     </span>
    </p>
   </div>
   <div class='ocr_carea' id='block_1_65' title="bbox 453 3342 2039 3413">
    <p class='ocr_par' dir='ltr' id='par_1_65' title="bbox 453 3342 2039 3413">
     <span class='ocr_line' id='line_1_65' title="bbox 453 3342 2039 3413; baseline 0.011 -21"><span class='ocrx_word' id='word_1_439' title='bbox 453 3342 594 3395; x_wconf 86' lang='lat' dir='ltr'><strong>verit</strong></span> <span class='ocrx_word' id='word_1_440' title='bbox 659 3342 926 3411; x_wconf 86' lang='lat' dir='ltr'><strong>seipsum,</strong></span> <span class='ocrx_word' id='word_1_441' title='bbox 982 3358 1035 3397; x_wconf 75' lang='lat' dir='ltr'><strong>et</strong></span> <span class='ocrx_word' id='word_1_442' title='bbox 1099 3344 1275 3413; x_wconf 89' lang='lat' dir='ltr'><strong>ipsam</strong></span> <span class='ocrx_word' id='word_1_443' title='bbox 1322 3346 1565 3401; x_wconf 87' lang='lat' dir='ltr'><strong>tunicam</strong></span> <span class='ocrx_word' id='word_1_444' title='bbox 1622 3349 1909 3406; x_wconf 89' lang='lat' dir='ltr'><strong>dimittens</strong></span> <span class='ocrx_word' id='word_1_445' title='bbox 1983 3362 2039 3408; x_wconf 87' lang='lat' dir='ltr'><strong>et</strong></span> 
     </span>
    </p>
   </div>
   <div class='ocr_carea' id='block_1_66' title="bbox 453 3431 2039 3511">
    <p class='ocr_par' dir='ltr' id='par_1_66' title="bbox 453 3431 2039 3511">
     <span class='ocr_line' id='line_1_66' title="bbox 453 3431 2039 3511; baseline 0.008 -26"><span class='ocrx_word' id='word_1_446' title='bbox 453 3431 710 3500; x_wconf 89' lang='lat' dir='ltr'><strong>injiciens</strong></span> <span class='ocrx_word' id='word_1_447' title='bbox 771 3434 1004 3497; x_wconf 62' lang='lat' dir='ltr'><strong>Satanae,</strong></span> <span class='ocrx_word' id='word_1_448' title='bbox 1033 3434 1173 3489; x_wconf 89' lang='lat' dir='ltr'><strong>nihil</strong></span> <span class='ocrx_word' id='word_1_449' title='bbox 1219 3437 1275 3490; x_wconf 93' lang='lat' dir='ltr'><strong>in</strong></span> <span class='ocrx_word' id='word_1_450' title='bbox 1329 3452 1589 3494; x_wconf 89' lang='lat' dir='ltr'><strong>sermone</strong></span> <span class='ocrx_word' id='word_1_451' title='bbox 1648 3440 2039 3511; x_wconf 83' lang='lat' dir='ltr'><strong>hlasphemans</strong></span> 
     </span>
    </p>
   </div>
   <div class='ocr_carea' id='block_1_67' title="bbox 453 3525 2036 3596">
    <p class='ocr_par' dir='ltr' id='par_1_67' title="bbox 453 3525 2036 3596">
     <span class='ocr_line' id='line_1_67' title="bbox 453 3525 2036 3596; baseline 0.009 -21"><span class='ocrx_word' id='word_1_452' title='bbox 453 3537 633 3592; x_wconf 89' lang='lat' dir='ltr'><strong>neque</strong></span> <span class='ocrx_word' id='word_1_453' title='bbox 683 3525 850 3578; x_wconf 89' lang='lat' dir='ltr'><strong>corde</strong></span> <span class='ocrx_word' id='word_1_454' title='bbox 910 3541 1088 3595; x_wconf 90' lang='lat' dir='ltr'><strong>neque</strong></span> <span class='ocrx_word' id='word_1_455' title='bbox 1137 3526 1296 3582; x_wconf 82' lang='lat' dir='ltr'><strong>labiis</strong></span> <span class='ocrx_word' id='word_1_456' title='bbox 1358 3543 1541 3584; x_wconf 87' lang='lat' dir='ltr'><strong>coram</strong></span> <span class='ocrx_word' id='word_1_457' title='bbox 1616 3530 1871 3596; x_wconf 87' lang='lat' dir='ltr'><strong>Domino,</strong></span> <span class='ocrx_word' id='word_1_458' title='bbox 1939 3534 2036 3589; x_wconf 90' lang='lat' dir='ltr'><strong>sed</strong></span> 
     </span>
    </p>
   </div>
   <div class='ocr_carea' id='block_1_68' title="bbox 448 3615 2036 3684">
    <p class='ocr_par' dir='ltr' id='par_1_68' title="bbox 448 3615 2036 3684">
     <span class='ocr_line' id='line_1_68' title="bbox 448 3615 2036 3684; baseline 0.009 -18"><span class='ocrx_word' id='word_1_459' title='bbox 448 3632 483 3667; x_wconf 86' lang='lat' dir='ltr'><strong>e</strong></span> <span class='ocrx_word' id='word_1_460' title='bbox 529 3625 724 3668; x_wconf 88' lang='lat' dir='ltr'><strong>contra</strong></span> <span class='ocrx_word' id='word_1_461' title='bbox 782 3615 1069 3670; x_wconf 84' lang='lat' dir='ltr'><strong>benedixit</strong></span> <span class='ocrx_word' id='word_1_462' title='bbox 1127 3618 1419 3674; x_wconf 91' lang='lat' dir='ltr'><strong>Dominum</strong></span> <span class='ocrx_word' id='word_1_463' title='bbox 1451 3662 1465 3684; x_wconf 92' lang='lat'><strong>,</strong></span> <span class='ocrx_word' id='word_1_464' title='bbox 1517 3622 2036 3681; x_wconf 81' lang='lat' dir='ltr'><strong>dicenszDominus</strong></span> 
     </span>
    </p>
   </div>
   <div class='ocr_carea' id='block_1_69' title="bbox 451 3704 2034 3782">
    <p class='ocr_par' dir='ltr' id='par_1_69' title="bbox 451 3704 2034 3782">
     <span class='ocr_line' id='line_1_69' title="bbox 451 3704 2034 3782; baseline 0.008 -25"><span class='ocrx_word' id='word_1_465' title='bbox 451 3705 613 3769; x_wconf 79' lang='lat' dir='ltr'><strong>dedit,</strong></span> <span class='ocrx_word' id='word_1_466' title='bbox 678 3704 936 3760; x_wconf 77' lang='lat' dir='ltr'><strong>Dominus</strong></span> <span class='ocrx_word' id='word_1_467' title='bbox 1001 3709 1255 3774; x_wconf 74' lang='lat' dir='ltr'><strong>abstulit;</strong></span> <span class='ocrx_word' id='word_1_468' title='bbox 1294 3719 1352 3763; x_wconf 81' lang='lat' dir='ltr'><strong>ut</strong></span> <span class='ocrx_word' id='word_1_469' title='bbox 1394 3710 1618 3766; x_wconf 86' lang='lat' dir='ltr'><strong>Domino</strong></span> <span class='ocrx_word' id='word_1_470' title='bbox 1676 3713 1896 3782; x_wconf 79' lang='lat' dir='ltr'><strong>placuit,</strong></span> <span class='ocrx_word' id='word_1_471' title='bbox 1958 3718 2034 3769; x_wconf 85' lang='lat' dir='ltr'><strong>ita</strong></span> 
     </span>
    </p>
   </div>
   <div class='ocr_carea' id='block_1_70' title="bbox 452 3797 2036 3866">
    <p class='ocr_par' dir='ltr' id='par_1_70' title="bbox 452 3797 2036 3866">
     <span class='ocr_line' id='line_1_70' title="bbox 452 3797 2036 3866; baseline 0.008 -17"><span class='ocrx_word' id='word_1_472' title='bbox 452 3797 651 3866; x_wconf 67' lang='lat' dir='ltr'><strong>{actum</strong></span> <span class='ocrx_word' id='word_1_473' title='bbox 705 3806 814 3864; x_wconf 80' lang='lat' dir='ltr'><strong>est,</strong></span> <span class='ocrx_word' id='word_1_474' title='bbox 865 3800 933 3853; x_wconf 77' lang='lat' dir='ltr'><strong>sit</strong></span> <span class='ocrx_word' id='word_1_475' title='bbox 973 3818 1163 3855; x_wconf 81' lang='lat' dir='ltr'><strong>nomen</strong></span> <span class='ocrx_word' id='word_1_476' title='bbox 1210 3802 1419 3857; x_wconf 84' lang='lat' dir='ltr'><strong>Domini</strong></span> <span class='ocrx_word' id='word_1_477' title='bbox 1447 3804 1777 3860; x_wconf 83' lang='lat' dir='ltr'><strong>benedictum</strong></span> <span class='ocrx_word' id='word_1_478' title='bbox 1804 3810 1868 3863; x_wconf 80' lang='grc'><strong>⁸¹.</strong></span> <span class='ocrx_word' id='word_1_479' title='bbox 1923 3808 2036 3863; x_wconf 88' lang='lat' dir='ltr'><strong>Etsi</strong></span> 
     </span>
    </p>
   </div>
   <div class='ocr_carea' id='block_1_71' title="bbox 452 3891 2031 3967">
    <p class='ocr_par' dir='ltr' id='par_1_71' title="bbox 452 3891 2031 3967">
     <span class='ocr_line' id='line_1_71' title="bbox 452 3891 2031 3967; baseline 0.008 -26"><span class='ocrx_word' id='word_1_480' title='bbox 452 3891 751 3958; x_wconf 88' lang='lat' dir='ltr'><strong>putabatur</strong></span> <span class='ocrx_word' id='word_1_481' title='bbox 796 3892 967 3945; x_wconf 86' lang='lat' dir='ltr'><strong>multa</strong></span> <span class='ocrx_word' id='word_1_482' title='bbox 1010 3892 1333 3960; x_wconf 87' lang='lat' dir='ltr'><strong>possidere,</strong></span> <span class='ocrx_word' id='word_1_483' title='bbox 1380 3909 1413 3948; x_wconf 85' lang='lat' dir='ltr'><strong>a</strong></span> <span class='ocrx_word' id='word_1_484' title='bbox 1455 3895 1690 3950; x_wconf 87' lang='lat' dir='ltr'><strong>Domino</strong></span> <span class='ocrx_word' id='word_1_485' title='bbox 1747 3900 2031 3967; x_wconf 87' lang='lat' dir='ltr'><strong>probatus,</strong></span> 
     </span>
    </p>
   </div>
   <div class='ocr_carea' id='block_1_72' title="bbox 453 3979 2037 4051">
    <p class='ocr_par' dir='ltr' id='par_1_72' title="bbox 453 3979 2037 4051">
     <span class='ocr_line' id='line_1_72' title="bbox 453 3979 2037 4051; baseline 0.006 -19"><span class='ocrx_word' id='word_1_486' title='bbox 453 3980 633 4049; x_wconf 83' lang='lat' dir='ltr'><strong>patuit</strong></span> <span class='ocrx_word' id='word_1_487' title='bbox 686 3979 827 4035; x_wconf 88' lang='lat' dir='ltr'><strong>nihil</strong></span> <span class='ocrx_word' id='word_1_488' title='bbox 879 3982 1171 4051; x_wconf 88' lang='lat' dir='ltr'><strong>possidens</strong></span> <span class='ocrx_word' id='word_1_489' title='bbox 1214 3984 1320 4037; x_wconf 91' lang='lat' dir='ltr'><strong>nisi</strong></span> <span class='ocrx_word' id='word_1_490' title='bbox 1381 3984 1561 4039; x_wconf 87' lang='lat' dir='ltr'><strong>solum</strong></span> <span class='ocrx_word' id='word_1_491' title='bbox 1594 3986 1786 4039; x_wconf 90' lang='lat' dir='ltr'><strong>Deum.</strong></span> <span class='ocrx_word' id='word_1_492' title='bbox 1828 3986 2037 4042; x_wconf 86' lang='lat' dir='ltr'><strong>Simili-</strong></span> 
     </span>
    </p>
   </div>
   <div class='ocr_carea' id='block_1_73' title="bbox 455 4071 2031 4145">
    <p class='ocr_par' dir='ltr' id='par_1_73' title="bbox 455 4071 2031 4145">
     <span class='ocr_line' id='line_1_73' title="bbox 455 4071 2031 4145; baseline 0.006 -22"><span class='ocrx_word' id='word_1_493' title='bbox 455 4082 541 4124; x_wconf 87' lang='lat' dir='ltr'><strong>ter</strong></span> <span class='ocrx_word' id='word_1_494' title='bbox 584 4071 867 4125; x_wconf 81' lang='lat' dir='ltr'><strong>Abraham</strong></span> <span class='ocrx_word' id='word_1_495' title='bbox 919 4073 1106 4142; x_wconf 86' lang='lat' dir='ltr'><strong>jussus</strong></span> <span class='ocrx_word' id='word_1_496' title='bbox 1138 4088 1169 4125; x_wconf 90' lang='lat' dir='ltr'><strong>a</strong></span> <span class='ocrx_word' id='word_1_497' title='bbox 1204 4073 1439 4128; x_wconf 88' lang='lat' dir='ltr'><strong>Domino</strong></span> <span class='ocrx_word' id='word_1_498' title='bbox 1487 4075 1677 4145; x_wconf 84' lang='lat' dir='ltr'><strong>egredi</strong></span> <span class='ocrx_word' id='word_1_499' title='bbox 1708 4090 1740 4129; x_wconf 88' lang='lat' dir='ltr'><strong>e</strong></span> <span class='ocrx_word' id='word_1_500' title='bbox 1771 4083 1940 4141; x_wconf 83' lang='lat' dir='ltr'><strong>terra,</strong></span> <span class='ocrx_word' id='word_1_501' title='bbox 1973 4086 2031 4132; x_wconf 84' lang='lat' dir='ltr'><strong>et</strong></span> 
     </span>
    </p>
   </div>
   <div class='ocr_carea' id='block_1_74' title="bbox 449 4161 2034 4232">
    <p class='ocr_par' dir='ltr' id='par_1_74' title="bbox 449 4161 2034 4232">
     <span class='ocr_line' id='line_1_74' title="bbox 449 4161 2034 4232; baseline 0.005 -18"><span class='ocrx_word' id='word_1_502' title='bbox 449 4176 482 4215; x_wconf 90' lang='lat' dir='ltr'><strong>e</strong></span> <span class='ocrx_word' id='word_1_503' title='bbox 517 4161 743 4226; x_wconf 79' lang='lat' dir='ltr'><strong>familia,</strong></span> <span class='ocrx_word' id='word_1_504' title='bbox 798 4170 855 4216; x_wconf 89' lang='lat' dir='ltr'><strong>et</strong></span> <span class='ocrx_word' id='word_1_505' title='bbox 895 4177 927 4216; x_wconf 93' lang='lat' dir='ltr'><strong>e</strong></span> <span class='ocrx_word' id='word_1_506' title='bbox 959 4162 1126 4217; x_wconf 90' lang='lat' dir='ltr'><strong>domo</strong></span> <span class='ocrx_word' id='word_1_507' title='bbox 1157 4163 1328 4232; x_wconf 87' lang='lat' dir='ltr'><strong>patris</strong></span> <span class='ocrx_word' id='word_1_508' title='bbox 1364 4164 1473 4229; x_wconf 91' lang='lat' dir='ltr'><strong>sui,</strong></span> <span class='ocrx_word' id='word_1_509' title='bbox 1521 4166 1813 4230; x_wconf 86' lang='lat' dir='ltr'><strong>continuo,</strong></span> <span class='ocrx_word' id='word_1_510' title='bbox 1852 4177 1913 4222; x_wconf 92' lang='lat' dir='ltr'><strong>ut</strong></span> <span class='ocrx_word' id='word_1_511' title='bbox 1957 4167 2034 4222; x_wconf 89' lang='lat' dir='ltr'><strong>ita</strong></span> 
     </span>
    </p>
   </div>
   <div class='ocr_carea' id='block_1_75' title="bbox 450 4254 2034 4326">
    <p class='ocr_par' dir='ltr' id='par_1_75' title="bbox 450 4254 2034 4326">
     <span class='ocr_line' id='line_1_75' title="bbox 450 4254 2034 4326; baseline 0.003 -19"><span class='ocrx_word' id='word_1_512' title='bbox 450 4254 669 4319; x_wconf 89' lang='lat' dir='ltr'><strong>dicam,</strong></span> <span class='ocrx_word' id='word_1_513' title='bbox 710 4256 895 4309; x_wconf 88' lang='lat' dir='ltr'><strong>omnia</strong></span> <span class='ocrx_word' id='word_1_514' title='bbox 938 4255 1112 4319; x_wconf 84' lang='lat' dir='ltr'><strong>exuit,</strong></span> <span class='ocrx_word' id='word_1_515' title='bbox 1156 4254 1407 4325; x_wconf 80' lang='lat' dir='ltr'><strong>patriam,</strong></span> <span class='ocrx_word' id='word_1_516' title='bbox 1443 4264 1673 4321; x_wconf 90' lang='lat' dir='ltr'><strong>terram,</strong></span> <span class='ocrx_word' id='word_1_517' title='bbox 1705 4259 2034 4326; x_wconf 82' lang='lat' dir='ltr'><strong>consangui-</strong></span> 
     </span>
    </p>
   </div>
   <div class='ocr_carea' id='block_1_76' title="bbox 452 4345 2033 4413">
    <p class='ocr_par' dir='ltr' id='par_1_76' title="bbox 452 4345 2033 4413">
     <span class='ocr_line' id='line_1_76' title="bbox 452 4345 2033 4413; baseline 0.003 -14"><span class='ocrx_word' id='word_1_518' title='bbox 452 4358 608 4405; x_wconf 89' lang='lat' dir='ltr'><strong>neos,</strong></span> <span class='ocrx_word' id='word_1_519' title='bbox 648 4353 928 4413; x_wconf 90' lang='lat' dir='ltr'><strong>parentes,</strong></span> <span class='ocrx_word' id='word_1_520' title='bbox 971 4355 1029 4399; x_wconf 90' lang='lat' dir='ltr'><strong>et</strong></span> <span class='ocrx_word' id='word_1_521' title='bbox 1068 4345 1315 4400; x_wconf 85' lang='lat' dir='ltr'><strong>obedivit</strong></span> <span class='ocrx_word' id='word_1_522' title='bbox 1342 4345 1512 4399; x_wconf 88' lang='lat' dir='ltr'><strong>verbo</strong></span> <span class='ocrx_word' id='word_1_523' title='bbox 1544 4347 1797 4410; x_wconf 85' lang='lat' dir='ltr'><strong>Domini;</strong></span> <span class='ocrx_word' id='word_1_524' title='bbox 1834 4348 2033 4403; x_wconf 86' lang='lat' dir='ltr'><strong>deinde</strong></span> 
     </span>
    </p>
   </div>
   <div class='ocr_carea' id='block_1_77' title="bbox 2143 3250 3717 3322">
    <p class='ocr_par' dir='ltr' id='par_1_77' title="bbox 2143 3250 3717 3322">
     <span class='ocr_line' id='line_1_77' title="bbox 2143 3250 3717 3322; baseline -0.002 -18"><span class='ocrx_word' id='word_1_525' title='bbox 2143 3254 2347 3321; x_wconf 73' lang='grc' dir='ltr'>πικρᾶς</span> <span class='ocrx_word' id='word_1_526' title='bbox 2382 3250 2659 3319; x_wconf 82' lang='grc' dir='ltr'>θαλάσσης</span> <span class='ocrx_word' id='word_1_527' title='bbox 2690 3252 2789 3322; x_wconf 84' lang='grc' dir='ltr'>τῆς</span> <span class='ocrx_word' id='word_1_528' title='bbox 2827 3251 3094 3321; x_wconf 85' lang='grc' dir='ltr'>πονηρίας</span> <span class='ocrx_word' id='word_1_529' title='bbox 3126 3250 3607 3315; x_wconf 76' lang='grc' dir='ltr'>καταϐυθίζονται,</span> <span class='ocrx_word' id='word_1_530' title='bbox 3635 3250 3717 3303; x_wconf 77' lang='grc' dir='ltr'><strong>καὶ</strong></span> 
     </span>
    </p>
   </div>
   <div class='ocr_carea' id='block_1_78' title="bbox 2140 3336 3722 3411">
    <p class='ocr_par' dir='ltr' id='par_1_78' title="bbox 2140 3336 3722 3411">
     <span class='ocr_line' id='line_1_78' title="bbox 2140 3336 3722 3411; baseline -0.003 -17"><span class='ocrx_word' id='word_1_531' title='bbox 2140 3341 2247 3395; x_wconf 83' lang='grc' dir='ltr'><strong>ὑπὸ</strong></span> <span class='ocrx_word' id='word_1_532' title='bbox 2276 3341 2376 3409; x_wconf 82' lang='grc' dir='ltr'>τῆς</span> <span class='ocrx_word' id='word_1_533' title='bbox 2405 3341 2782 3411; x_wconf 84' lang='grc' dir='ltr'>αίχμαλωσίας</span> <span class='ocrx_word' id='word_1_534' title='bbox 2808 3338 2917 3391; x_wconf 89' lang='grc' dir='ltr'><strong>τῶν</strong></span> <span class='ocrx_word' id='word_1_535' title='bbox 2942 3338 3280 3405; x_wconf 86' lang='grc' dir='ltr'>ἀλλοφύλων,</span> <span class='ocrx_word' id='word_1_536' title='bbox 3311 3336 3459 3390; x_wconf 81' lang='grc' dir='ltr'>τοῦτ’</span> <span class='ocrx_word' id='word_1_537' title='bbox 3484 3338 3598 3391; x_wconf 80' lang='grc' dir='ltr'>ἐστι</span> <span class='ocrx_word' id='word_1_538' title='bbox 3622 3336 3722 3389; x_wconf 85' lang='grc' dir='ltr'><strong>τῶν</strong></span> 
     </span>
    </p>
   </div>
   <div class='ocr_carea' id='block_1_79' title="bbox 2140 3427 3720 3502">
    <p class='ocr_par' dir='ltr' id='par_1_79' title="bbox 2140 3427 3720 3502">
     <span class='ocr_line' id='line_1_79' title="bbox 2140 3427 3720 3502; baseline -0.004 -16"><span class='ocrx_word' id='word_1_539' title='bbox 2140 3434 2472 3502; x_wconf 81' lang='grc' dir='ltr'>πνευμάτων</span> <span class='ocrx_word' id='word_1_540' title='bbox 2530 3433 2628 3501; x_wconf 84' lang='grc' dir='ltr'>τῆς</span> <span class='ocrx_word' id='word_1_541' title='bbox 2671 3432 2938 3501; x_wconf 85' lang='grc' dir='ltr'>πονηρίας</span> <span class='ocrx_word' id='word_1_542' title='bbox 2982 3430 3514 3500; x_wconf 81' lang='grc' dir='ltr'>αίχμαλωτιζόμενοι</span> <span class='ocrx_word' id='word_1_543' title='bbox 3562 3427 3720 3482; x_wconf 85' lang='grc' dir='ltr'>ἀπόλ-</span> 
     </span>
    </p>
   </div>
   <div class='ocr_carea' id='block_1_80' title="bbox 2139 3516 3718 3593">
    <p class='ocr_par' dir='ltr' id='par_1_80' title="bbox 2139 3516 3718 3593">
     <span class='ocr_line' id='line_1_80' title="bbox 2139 3516 3718 3593; baseline -0.003 -18"><span class='ocrx_word' id='word_1_544' title='bbox 2139 3525 2323 3575; x_wconf 90' lang='grc' dir='ltr'>λυνται</span> <span class='ocrx_word' id='word_1_545' title='bbox 2344 3523 2442 3593; x_wconf 92' lang='grc'><strong>(8).</strong></span> <span class='ocrx_word' id='word_1_546' title='bbox 2458 3523 2519 3574; x_wconf 88' lang='grc' dir='ltr'>Εί</span> <span class='ocrx_word' id='word_1_547' title='bbox 2542 3522 2599 3575; x_wconf 88' lang='grc' dir='ltr'>δὲ</span> <span class='ocrx_word' id='word_1_548' title='bbox 2619 3521 2783 3593; x_wconf 86' lang='grc' dir='ltr'>βούλῃ</span> <span class='ocrx_word' id='word_1_549' title='bbox 2798 3522 3018 3590; x_wconf 82' lang='grc' dir='ltr'>ἀγάπης</span> <span class='ocrx_word' id='word_1_550' title='bbox 3040 3522 3117 3589; x_wconf 88' lang='grc'><strong>(9)</strong></span> <span class='ocrx_word' id='word_1_551' title='bbox 3138 3521 3556 3590; x_wconf 81' lang='grc' dir='ltr'>ἀπηρτισμένης</span> <span class='ocrx_word' id='word_1_552' title='bbox 3573 3516 3718 3571; x_wconf 76' lang='grc' dir='ltr'>εὐθύ-</span> 
     </span>
    </p>
   </div>
   <div class='ocr_carea' id='block_1_81' title="bbox 2137 3608 3719 3684">
    <p class='ocr_par' dir='ltr' id='par_1_81' title="bbox 2137 3608 3719 3684">
     <span class='ocr_line' id='line_1_81' title="bbox 2137 3608 3719 3684; baseline -0.004 -17"><span class='ocrx_word' id='word_1_553' title='bbox 2137 3632 2278 3683; x_wconf 85' lang='grc' dir='ltr'>τητα</span> <span class='ocrx_word' id='word_1_554' title='bbox 2310 3615 2446 3684; x_wconf 81' lang='grc' dir='ltr'>πρὸς</span> <span class='ocrx_word' id='word_1_555' title='bbox 2498 3614 2701 3683; x_wconf 81' lang='grc' dir='ltr'>Κύριον</span> <span class='ocrx_word' id='word_1_556' title='bbox 2750 3613 2815 3665; x_wconf 84' lang='grc' dir='ltr'><strong>ἐκ</strong></span> <span class='ocrx_word' id='word_1_557' title='bbox 2855 3611 2965 3664; x_wconf 86' lang='grc' dir='ltr'><strong>τῶν</strong></span> <span class='ocrx_word' id='word_1_558' title='bbox 2995 3610 3165 3678; x_wconf 86' lang='grc' dir='ltr'>ἁγίων</span> <span class='ocrx_word' id='word_1_559' title='bbox 3192 3608 3567 3663; x_wconf 88' lang='grc' dir='ltr'>θεοπνεύστων</span> <span class='ocrx_word' id='word_1_560' title='bbox 3595 3610 3719 3679; x_wconf 79' lang='grc' dir='ltr'>Γραο</span> 
     </span>
    </p>
   </div>
   <div class='ocr_carea' id='block_1_82' title="bbox 2139 3701 3719 3775">
    <p class='ocr_par' dir='ltr' id='par_1_82' title="bbox 2139 3701 3719 3775">
     <span class='ocr_line' id='line_1_82' title="bbox 2139 3701 3719 3775; baseline -0.004 -17"><span class='ocrx_word' id='word_1_561' title='bbox 2139 3707 2255 3774; x_wconf 83' lang='grc' dir='ltr'><strong>φῶν</strong></span> <span class='ocrx_word' id='word_1_562' title='bbox 2311 3706 2686 3775; x_wconf 84' lang='grc' dir='ltr'>καταμαθεῖν,</span> <span class='ocrx_word' id='word_1_563' title='bbox 2740 3702 2817 3757; x_wconf 78' lang='grc' dir='ltr'><strong>ἴδε</strong></span> <span class='ocrx_word' id='word_1_564' title='bbox 2870 3703 2963 3756; x_wconf 84' lang='grc' dir='ltr'><strong>τὸν</strong></span> <span class='ocrx_word' id='word_1_565' title='bbox 3020 3702 3174 3767; x_wconf 85' lang='grc' dir='ltr'>Ἰὼϐ,</span> <span class='ocrx_word' id='word_1_566' title='bbox 3231 3703 3350 3765; x_wconf 87' lang='grc' dir='ltr'><strong>πῶς</strong></span> <span class='ocrx_word' id='word_1_567' title='bbox 3424 3701 3719 3757; x_wconf 82' lang='grc' dir='ltr'>ἀπεδύσατο</span> 
     </span>
    </p>
   </div>
   <div class='ocr_carea' id='block_1_83' title="bbox 2139 3790 3713 3866">
    <p class='ocr_par' dir='ltr' id='par_1_83' title="bbox 2139 3790 3713 3866">
     <span class='ocr_line' id='line_1_83' title="bbox 2139 3790 3713 3866; baseline -0.004 -16"><span class='ocrx_word' id='word_1_568' title='bbox 2139 3799 2342 3860; x_wconf 86' lang='grc' dir='ltr'>πάντα,</span> <span class='ocrx_word' id='word_1_569' title='bbox 2394 3796 2585 3866; x_wconf 81' lang='grc' dir='ltr'>ὥσπερ</span> <span class='ocrx_word' id='word_1_570' title='bbox 2620 3797 2817 3861; x_wconf 81' lang='grc' dir='ltr'>εἰπεῖν,</span> <span class='ocrx_word' id='word_1_571' title='bbox 2865 3794 3011 3864; x_wconf 80' lang='grc' dir='ltr'>άπερ</span> <span class='ocrx_word' id='word_1_572' title='bbox 3052 3790 3121 3866; x_wconf 86' lang='grc' dir='ltr'><strong>ἦν</strong></span> <span class='ocrx_word' id='word_1_573' title='bbox 3154 3793 3514 3865; x_wconf 81' lang='grc' dir='ltr'>κεκτημένος,</span> <span class='ocrx_word' id='word_1_574' title='bbox 3538 3793 3713 3855; x_wconf 75' lang='grc' dir='ltr'>τέκνα,</span> 
     </span>
    </p>
   </div>
   <div class='ocr_carea' id='block_1_84' title="bbox 2137 3883 3712 3956">
    <p class='ocr_par' dir='ltr' id='par_1_84' title="bbox 2137 3883 3712 3956">
     <span class='ocr_line' id='line_1_84' title="bbox 2137 3883 3712 3956; baseline -0.004 -16"><span class='ocrx_word' id='word_1_575' title='bbox 2137 3887 2416 3956; x_wconf 85' lang='grc' dir='ltr'>κτήματα,</span> <span class='ocrx_word' id='word_1_576' title='bbox 2471 3885 2609 3949; x_wconf 75' lang='grc' dir='ltr'>ζῶα,</span> <span class='ocrx_word' id='word_1_577' title='bbox 2661 3884 2859 3947; x_wconf 89' lang='grc' dir='ltr'>παῖδας</span> <span class='ocrx_word' id='word_1_578' title='bbox 2920 3885 3015 3936; x_wconf 78' lang='grc' dir='ltr'><strong>καὶ</strong></span> <span class='ocrx_word' id='word_1_579' title='bbox 3062 3883 3130 3936; x_wconf 80' lang='grc' dir='ltr'><strong>τά</strong></span> <span class='ocrx_word' id='word_1_580' title='bbox 3178 3885 3340 3937; x_wconf 85' lang='grc' dir='ltr'>λοιπά</span> <span class='ocrx_word' id='word_1_581' title='bbox 3388 3884 3712 3955; x_wconf 85' lang='grc' dir='ltr'>ὑπάρχοντα,</span> 
     </span>
    </p>
   </div>
   <div class='ocr_carea' id='block_1_85' title="bbox 2138 3970 3714 4042">
    <p class='ocr_par' dir='ltr' id='par_1_85' title="bbox 2138 3970 3714 4042">
     <span class='ocr_line' id='line_1_85' title="bbox 2138 3970 3714 4042; baseline -0.004 -15"><span class='ocrx_word' id='word_1_582' title='bbox 2138 3974 2258 4037; x_wconf 83' lang='grc' dir='ltr'><strong>πῶς</strong></span> <span class='ocrx_word' id='word_1_583' title='bbox 2286 3974 2739 4042; x_wconf 86' lang='grc' dir='ltr'>ἀπεκδυσάμενος</span> <span class='ocrx_word' id='word_1_584' title='bbox 2770 3973 2962 4042; x_wconf 75' lang='grc' dir='ltr'>ἔφυγε,</span> <span class='ocrx_word' id='word_1_585' title='bbox 2991 3974 3086 4026; x_wconf 75' lang='grc' dir='ltr'>καὶ</span> <span class='ocrx_word' id='word_1_586' title='bbox 3106 3973 3365 4026; x_wconf 86' lang='grc' dir='ltr'>διέσωσεν</span> <span class='ocrx_word' id='word_1_587' title='bbox 3391 3974 3601 4037; x_wconf 83' lang='grc' dir='ltr'>ἐαυτὸν,</span> <span class='ocrx_word' id='word_1_588' title='bbox 3627 3970 3714 4023; x_wconf 80' lang='grc' dir='ltr'>καὶ</span> 
     </span>
    </p>
   </div>
   <div class='ocr_carea' id='block_1_86' title="bbox 2136 4061 3712 4135">
    <p class='ocr_par' dir='ltr' id='par_1_86' title="bbox 2136 4061 3712 4135">
     <span class='ocr_line' id='line_1_86' title="bbox 2136 4061 3712 4135; baseline -0.003 -17"><span class='ocrx_word' id='word_1_589' title='bbox 2136 4066 2300 4119; x_wconf 83' lang='grc' dir='ltr'>αὐτὸν</span> <span class='ocrx_word' id='word_1_590' title='bbox 2347 4082 2438 4117; x_wconf 87' lang='grc' dir='ltr'>τον</span> <span class='ocrx_word' id='word_1_591' title='bbox 2470 4064 2675 4134; x_wconf 84' lang='grc' dir='ltr'>χιτῶνα</span> <span class='ocrx_word' id='word_1_592' title='bbox 2720 4065 2880 4133; x_wconf 79' lang='grc' dir='ltr'>ἀφεὶς</span> <span class='ocrx_word' id='word_1_593' title='bbox 2911 4066 3005 4117; x_wconf 84' lang='grc' dir='ltr'><strong>καὶ</strong></span> <span class='ocrx_word' id='word_1_594' title='bbox 3053 4064 3213 4134; x_wconf 47' lang='grc' dir='ltr'>ῥίψας</span> <span class='ocrx_word' id='word_1_595' title='bbox 3246 4066 3323 4135; x_wconf 83' lang='grc' dir='ltr'>τῷ</span> <span class='ocrx_word' id='word_1_596' title='bbox 3360 4066 3590 4135; x_wconf 77' lang='grc' dir='ltr'>Σατανᾷ,</span> <span class='ocrx_word' id='word_1_597' title='bbox 3626 4061 3712 4115; x_wconf 78' lang='grc' dir='ltr'>καὶ</span> 
     </span>
    </p>
   </div>
   <div class='ocr_carea' id='block_1_87' title="bbox 2139 4154 3709 4228">
    <p class='ocr_par' dir='ltr' id='par_1_87' title="bbox 2139 4154 3709 4228">
     <span class='ocr_line' id='line_1_87' title="bbox 2139 4154 3709 4228; baseline -0.002 -20"><span class='ocrx_word' id='word_1_598' title='bbox 2139 4158 2276 4227; x_wconf 80' lang='grc' dir='ltr'>μήτε</span> <span class='ocrx_word' id='word_1_599' title='bbox 2305 4157 2363 4207; x_wconf 89' lang='grc' dir='ltr'>ἐν</span> <span class='ocrx_word' id='word_1_600' title='bbox 2394 4154 2536 4224; x_wconf 85' lang='grc' dir='ltr'>λόγῳ</span> <span class='ocrx_word' id='word_1_601' title='bbox 2568 4154 2969 4224; x_wconf 83' lang='grc' dir='ltr'>βλασφημήσας</span> <span class='ocrx_word' id='word_1_602' title='bbox 3021 4156 3159 4225; x_wconf 87' lang='grc' dir='ltr'>μήτε</span> <span class='ocrx_word' id='word_1_603' title='bbox 3182 4158 3248 4225; x_wconf 86' lang='grc' dir='ltr'>τῇ</span> <span class='ocrx_word' id='word_1_604' title='bbox 3301 4157 3522 4228; x_wconf 81' lang='grc' dir='ltr'>καρδίᾳ,</span> <span class='ocrx_word' id='word_1_605' title='bbox 3585 4156 3709 4223; x_wconf 78' lang='grc' dir='ltr'>μήτε</span> 
     </span>
    </p>
   </div>
   <div class='ocr_carea' id='block_1_88' title="bbox 2133 4243 3710 4316">
    <p class='ocr_par' dir='ltr' id='par_1_88' title="bbox 2133 4243 3710 4316">
     <span class='ocr_line' id='line_1_88' title="bbox 2133 4243 3710 4316; baseline -0.002 -16"><span class='ocrx_word' id='word_1_606' title='bbox 2133 4249 2246 4308; x_wconf 79' lang='grc' dir='ltr'>τοῖς</span> <span class='ocrx_word' id='word_1_607' title='bbox 2269 4245 2475 4316; x_wconf 81' lang='grc' dir='ltr'>χείλεσι</span> <span class='ocrx_word' id='word_1_608' title='bbox 2504 4245 2875 4316; x_wconf 78' lang='grc' dir='ltr'>φθεγξάμενος</span> <span class='ocrx_word' id='word_1_609' title='bbox 2909 4243 3139 4299; x_wconf 85' lang='grc' dir='ltr'>ἐνώπιον</span> <span class='ocrx_word' id='word_1_610' title='bbox 3190 4246 3286 4299; x_wconf 80' lang='grc' dir='ltr'><strong>τοῦ</strong></span> <span class='ocrx_word' id='word_1_611' title='bbox 3325 4248 3553 4316; x_wconf 63' lang='grc' dir='ltr'>Κυρίου,</span> <span class='ocrx_word' id='word_1_612' title='bbox 3586 4244 3710 4299; x_wconf 77' lang='grc' dir='ltr'>ἀλλὰ</span> 
     </span>
    </p>
   </div>
   <div class='ocr_carea' id='block_1_89' title="bbox 2134 4336 3706 4407">
    <p class='ocr_par' dir='ltr' id='par_1_89' title="bbox 2134 4336 3706 4407">
     <span class='ocr_line' id='line_1_89' title="bbox 2134 4336 3706 4407; baseline -0.001 -18"><span class='ocrx_word' id='word_1_613' title='bbox 2134 4336 2445 4391; x_wconf 80' lang='grc' dir='ltr'>τούναντίον</span> <span class='ocrx_word' id='word_1_614' title='bbox 2483 4336 2745 4407; x_wconf 78' lang='grc' dir='ltr'>εὐλόγησε</span> <span class='ocrx_word' id='word_1_615' title='bbox 2797 4336 2889 4389; x_wconf 83' lang='grc' dir='ltr'><strong>τὸν</strong></span> <span class='ocrx_word' id='word_1_616' title='bbox 2917 4337 3140 4407; x_wconf 83' lang='grc' dir='ltr'>Κύριον,</span> <span class='ocrx_word' id='word_1_617' title='bbox 3172 4336 3370 4393; x_wconf 82' lang='grc' dir='ltr'>είπών’</span> <span class='ocrx_word' id='word_1_618' title='bbox 3413 4338 3475 4392; x_wconf 84' lang='lat'><strong>&#39;0</strong></span> <span class='ocrx_word' id='word_1_619' title='bbox 3508 4338 3706 4405; x_wconf 85' lang='grc' dir='ltr'>Κύριος</span> 
     </span>
    </p>
   </div>
   <div class='ocr_carea' id='block_1_90' title="bbox 453 4428 2041 4503">
    <p class='ocr_par' dir='ltr' id='par_1_90' title="bbox 453 4434 2029 4503">
     <span class='ocr_line' id='line_1_90' title="bbox 453 4434 2029 4503; baseline 0.004 -18"><span class='ocrx_word' id='word_1_620' title='bbox 453 4435 663 4487; x_wconf 89' lang='lat' dir='ltr'><strong>interea</strong></span> <span class='ocrx_word' id='word_1_621' title='bbox 706 4434 893 4487; x_wconf 89' lang='lat' dir='ltr'><strong>multis</strong></span> <span class='ocrx_word' id='word_1_622' title='bbox 923 4435 1343 4503; x_wconf 87' lang='lat' dir='ltr'><strong>probationibus</strong></span> <span class='ocrx_word' id='word_1_623' title='bbox 1382 4444 1439 4490; x_wconf 84' lang='lat' dir='ltr'><strong>et</strong></span> <span class='ocrx_word' id='word_1_624' title='bbox 1498 4437 1900 4492; x_wconf 89' lang='lat' dir='ltr'><strong>tentationibus</strong></span> <span class='ocrx_word' id='word_1_625' title='bbox 1951 4438 2029 4491; x_wconf 91' lang='lat' dir='ltr'><strong>illi</strong></span> 
     </span>
    </p>
   </div>
   <div class='ocr_carea' id='block_1_91' title="bbox 2144 4428 3702 4503">
    <p class='ocr_par' dir='ltr' id='par_1_91' title="bbox 2144 4428 3702 4499">
     <span class='ocr_line' id='line_1_91' title="bbox 2144 4428 3702 4499; baseline 0.001 -18"><span class='ocrx_word' id='word_1_626' title='bbox 2144 4428 2383 4493; x_wconf 65' lang='grc' dir='ltr'>ἔδωκεν,</span> <span class='ocrx_word' id='word_1_627' title='bbox 2415 4431 2449 4482; x_wconf 83' lang='grc' dir='ltr'><strong>ό</strong></span> <span class='ocrx_word' id='word_1_628' title='bbox 2471 4429 2687 4496; x_wconf 83' lang='grc' dir='ltr'>Κύριος</span> <span class='ocrx_word' id='word_1_629' title='bbox 2706 4428 3013 4497; x_wconf 72' lang='grc' dir='ltr'>ἁφείλετο’</span> <span class='ocrx_word' id='word_1_630' title='bbox 3042 4431 3119 4495; x_wconf 85' lang='grc' dir='ltr'>ὡς</span> <span class='ocrx_word' id='word_1_631' title='bbox 3149 4429 3229 4493; x_wconf 85' lang='grc' dir='ltr'>τῷ</span> <span class='ocrx_word' id='word_1_632' title='bbox 3261 4433 3455 4499; x_wconf 81' lang='grc' dir='ltr'>Κυρίῳ</span> <span class='ocrx_word' id='word_1_633' title='bbox 3485 4428 3702 4493; x_wconf 79' lang='grc' dir='ltr'>ἔδοξεν,</span> 
     </span>
    </p>
   </div>
   <div class='ocr_carea' id='block_1_92' title="bbox 449 4498 2041 4598">
    <p class='ocr_par' dir='ltr' id='par_1_92' title="bbox 449 4523 2030 4598">
     <span class='ocr_line' id='line_1_92' title="bbox 449 4523 2030 4598; baseline 0.004 -19"><span class='ocrx_word' id='word_1_634' title='bbox 449 4523 920 4593; x_wconf 81' lang='lat' dir='ltr'><strong>contingentibus,</strong></span> <span class='ocrx_word' id='word_1_635' title='bbox 956 4525 1070 4579; x_wconf 86' lang='lat' dir='ltr'><strong>sive</strong></span> <span class='ocrx_word' id='word_1_636' title='bbox 1121 4526 1342 4595; x_wconf 88' lang='lat' dir='ltr'><strong>quando</strong></span> <span class='ocrx_word' id='word_1_637' title='bbox 1375 4529 1495 4598; x_wconf 82' lang='lat' dir='ltr'><strong>ejus</strong></span> <span class='ocrx_word' id='word_1_638' title='bbox 1546 4543 1685 4581; x_wconf 80' lang='lat' dir='ltr'><strong>uxor</strong></span> <span class='ocrx_word' id='word_1_639' title='bbox 1714 4529 1893 4583; x_wconf 83' lang='lat' dir='ltr'><strong>ablata</strong></span> <span class='ocrx_word' id='word_1_640' title='bbox 1926 4541 2030 4595; x_wconf 91' lang='lat' dir='ltr'><strong>est,</strong></span> 
     </span>
    </p>
   </div>
   <div class='ocr_carea' id='block_1_93' title="bbox 2144 4498 3703 4598">
    <p class='ocr_par' dir='ltr' id='par_1_93' title="bbox 2144 4498 3703 4588">
     <span class='ocr_line' id='line_1_93' title="bbox 2144 4498 3703 4588; baseline 0.001 -16"><span class='ocrx_word' id='word_1_641' title='bbox 2144 4519 2329 4584; x_wconf 85' lang='grc' dir='ltr'>οὕτως</span> <span class='ocrx_word' id='word_1_642' title='bbox 2354 4518 2454 4571; x_wconf 74' lang='grc' dir='ltr'>καὶ</span> <span class='ocrx_word' id='word_1_643' title='bbox 2482 4518 2720 4587; x_wconf 74' lang='grc' dir='ltr'>ἐγένετο</span> <span class='ocrx_word' id='word_1_644' title='bbox 2740 4536 2754 4550; x_wconf 69' lang='grc' dir='ltr'><strong>θ</strong></span> <span class='ocrx_word' id='word_1_645' title='bbox 2777 4519 2871 4586; x_wconf 84' lang='grc' dir='ltr'>εἵη</span> <span class='ocrx_word' id='word_1_646' title='bbox 2894 4520 2959 4571; x_wconf 84' lang='grc' dir='ltr'>τὸ</span> <span class='ocrx_word' id='word_1_647' title='bbox 2982 4519 3169 4588; x_wconf 84' lang='grc' dir='ltr'>ὄνομα</span> <span class='ocrx_word' id='word_1_648' title='bbox 3204 4498 3427 4588; x_wconf 78' lang='grc' dir='ltr'>Κυρίου</span> <span class='ocrx_word' id='word_1_649' title='bbox 3465 4523 3703 4588; x_wconf 70' lang='grc' dir='ltr'>εὐλογη-</span> 
     </span>
    </p>
   </div>
   <div class='ocr_carea' id='block_1_94' title="bbox 449 4611 2041 4689">
    <p class='ocr_par' dir='ltr' id='par_1_94' title="bbox 449 4614 2031 4689">
     <span class='ocr_line' id='line_1_94' title="bbox 449 4614 2031 4689; baseline 0.003 -19"><span class='ocrx_word' id='word_1_650' title='bbox 449 4616 564 4671; x_wconf 87' lang='lat' dir='ltr'><strong>sive</strong></span> <span class='ocrx_word' id='word_1_651' title='bbox 630 4614 852 4684; x_wconf 88' lang='lat' dir='ltr'><strong>quando</strong></span> <span class='ocrx_word' id='word_1_652' title='bbox 896 4617 951 4669; x_wconf 91' lang='lat' dir='ltr'><strong>in</strong></span> <span class='ocrx_word' id='word_1_653' title='bbox 1010 4625 1157 4670; x_wconf 89' lang='lat' dir='ltr'><strong>terra</strong></span> <span class='ocrx_word' id='word_1_654' title='bbox 1210 4617 1386 4671; x_wconf 84' lang='lat' dir='ltr'><strong>aliena</strong></span> <span class='ocrx_word' id='word_1_655' title='bbox 1440 4617 1645 4689; x_wconf 86' lang='lat' dir='ltr'><strong>degens</strong></span> <span class='ocrx_word' id='word_1_656' title='bbox 1704 4620 2031 4689; x_wconf 87' lang='lat' dir='ltr'><strong>iujustitiam</strong></span> 
     </span>
    </p>
   </div>
   <div class='ocr_carea' id='block_1_95' title="bbox 2144 4611 3701 4689">
    <p class='ocr_par' dir='ltr' id='par_1_95' title="bbox 2144 4611 3701 4682">
     <span class='ocr_line' id='line_1_95' title="bbox 2144 4611 3701 4682; baseline -0.001 -17"><span class='ocrx_word' id='word_1_657' title='bbox 2144 4612 2333 4673; x_wconf 72' lang='grc' dir='ltr'>μένον.</span> <span class='ocrx_word' id='word_1_658' title='bbox 2367 4613 2487 4664; x_wconf 83' lang='grc' dir='ltr'><strong>Κᾶν</strong></span> <span class='ocrx_word' id='word_1_659' title='bbox 2516 4611 2795 4681; x_wconf 75' lang='grc' dir='ltr'>ἐνομίζετο</span> <span class='ocrx_word' id='word_1_660' title='bbox 2821 4612 2929 4681; x_wconf 83' lang='grc' dir='ltr'>γὰρ</span> <span class='ocrx_word' id='word_1_661' title='bbox 2959 4612 3254 4682; x_wconf 77' lang='grc' dir='ltr'>κεκτῆσθαι</span> <span class='ocrx_word' id='word_1_662' title='bbox 3276 4613 3467 4679; x_wconf 79' lang='grc' dir='ltr'>πολλὰ,</span> <span class='ocrx_word' id='word_1_663' title='bbox 3486 4614 3701 4681; x_wconf 84' lang='grc' dir='ltr'>δοκιμα-</span> 
     </span>
    </p>
   </div>
   <div class='ocr_carea' id='block_1_96' title="bbox 450 4708 2031 4775">
    <p class='ocr_par' dir='ltr' id='par_1_96' title="bbox 450 4708 2031 4775">
     <span class='ocr_line' id='line_1_96' title="bbox 450 4708 2031 4775; baseline 0.005 -16"><span class='ocrx_word' id='word_1_664' title='bbox 450 4722 644 4775; x_wconf 88' lang='lat' dir='ltr'><strong>passus</strong></span> <span class='ocrx_word' id='word_1_665' title='bbox 674 4717 913 4775; x_wconf 78' lang='lat' dir='ltr'><strong>est.pcr</strong></span> <span class='ocrx_word' id='word_1_666' title='bbox 940 4708 1128 4760; x_wconf 87' lang='lat' dir='ltr'><strong>omnia</strong></span> <span class='ocrx_word' id='word_1_667' title='bbox 1176 4718 1433 4764; x_wconf 89' lang='lat' dir='ltr'><strong>ostensus</strong></span> <span class='ocrx_word' id='word_1_668' title='bbox 1486 4721 1572 4765; x_wconf 90' lang='lat' dir='ltr'><strong>est</strong></span> <span class='ocrx_word' id='word_1_669' title='bbox 1618 4711 1792 4766; x_wconf 89' lang='lat' dir='ltr'><strong>Deum</strong></span> <span class='ocrx_word' id='word_1_670' title='bbox 1852 4714 2031 4767; x_wconf 91' lang='lat' dir='ltr'><strong>solum</strong></span> 
     </span>
    </p>
   </div>
   <div class='ocr_carea' id='block_1_97' title="bbox 446 4798 2031 4873">
    <p class='ocr_par' dir='ltr' id='par_1_97' title="bbox 446 4798 2031 4873">
     <span class='ocr_line' id='line_1_97' title="bbox 446 4798 2031 4873; baseline 0.004 -22"><span class='ocrx_word' id='word_1_671' title='bbox 446 4811 615 4866; x_wconf 87' lang='lat' dir='ltr'><strong>super</strong></span> <span class='ocrx_word' id='word_1_672' title='bbox 662 4798 845 4852; x_wconf 92' lang='lat' dir='ltr'><strong>omnia</strong></span> <span class='ocrx_word' id='word_1_673' title='bbox 905 4798 1169 4868; x_wconf 84' lang='lat' dir='ltr'><strong>diligere;</strong></span> <span class='ocrx_word' id='word_1_674' title='bbox 1203 4800 1441 4870; x_wconf 88' lang='lat' dir='ltr'><strong>denique</strong></span> <span class='ocrx_word' id='word_1_675' title='bbox 1465 4818 1591 4856; x_wconf 89' lang='lat' dir='ltr'><strong>cum</strong></span> <span class='ocrx_word' id='word_1_676' title='bbox 1646 4819 1745 4872; x_wconf 88' lang='lat' dir='ltr'><strong>per</strong></span> <span class='ocrx_word' id='word_1_677' title='bbox 1796 4806 2031 4873; x_wconf 86' lang='lat' dir='ltr'><strong>promis-</strong></span> 
     </span>
    </p>
   </div>
   <div class='ocr_carea' id='block_1_98' title="bbox 446 4890 2024 4959">
    <p class='ocr_par' dir='ltr' id='par_1_98' title="bbox 446 4890 2024 4959">
     <span class='ocr_line' id='line_1_98' title="bbox 446 4890 2024 4959; baseline 0.003 -15"><span class='ocrx_word' id='word_1_678' title='bbox 446 4890 659 4944; x_wconf 88' lang='lat' dir='ltr'><strong>sionem</strong></span> <span class='ocrx_word' id='word_1_679' title='bbox 709 4898 766 4945; x_wconf 90' lang='lat' dir='ltr'><strong>et</strong></span> <span class='ocrx_word' id='word_1_680' title='bbox 839 4900 961 4959; x_wconf 89' lang='lat' dir='ltr'><strong>post</strong></span> <span class='ocrx_word' id='word_1_681' title='bbox 1021 4892 1225 4945; x_wconf 77' lang='lat' dir='ltr'><strong>multos</strong></span> <span class='ocrx_word' id='word_1_682' title='bbox 1292 4907 1468 4947; x_wconf 90' lang='lat' dir='ltr'><strong>annos</strong></span> <span class='ocrx_word' id='word_1_683' title='bbox 1551 4894 1778 4948; x_wconf 90' lang='lat' dir='ltr'><strong>unicum</strong></span> <span class='ocrx_word' id='word_1_684' title='bbox 1850 4894 2024 4949; x_wconf 84' lang='lat' dir='ltr'><strong>filium</strong></span> 
     </span>
    </p>
   </div>
   <div class='ocr_carea' id='block_1_99' title="bbox 446 4984 2029 5057">
    <p class='ocr_par' dir='ltr' id='par_1_99' title="bbox 446 4984 2029 5057">
     <span class='ocr_line' id='line_1_99' title="bbox 446 4984 2029 5057; baseline 0.004 -23"><span class='ocrx_word' id='word_1_685' title='bbox 446 4998 611 5051; x_wconf 84' lang='lat' dir='ltr'><strong>quem</strong></span> <span class='ocrx_word' id='word_1_686' title='bbox 647 4985 880 5039; x_wconf 87' lang='lat' dir='ltr'><strong>multum</strong></span> <span class='ocrx_word' id='word_1_687' title='bbox 919 4984 1333 5039; x_wconf 84' lang='lat' dir='ltr'><strong>dcsideraverat</strong></span> <span class='ocrx_word' id='word_1_688' title='bbox 1356 4987 1637 5055; x_wconf 88' lang='lat' dir='ltr'><strong>possedit,</strong></span> <span class='ocrx_word' id='word_1_689' title='bbox 1661 4988 1849 5057; x_wconf 90' lang='lat' dir='ltr'><strong>jussus</strong></span> <span class='ocrx_word' id='word_1_690' title='bbox 1879 4988 2029 5042; x_wconf 89' lang='lat' dir='ltr'><strong>hunc</strong></span> 
     </span>
    </p>
   </div>
   <div class='ocr_carea' id='block_1_100' title="bbox 447 5074 2024 5150">
    <p class='ocr_par' dir='ltr' id='par_1_100' title="bbox 447 5074 2024 5150">
     <span class='ocr_line' id='line_1_100' title="bbox 447 5074 2024 5150; baseline 0.003 -21"><span class='ocrx_word' id='word_1_691' title='bbox 447 5076 501 5129; x_wconf 86' lang='lat' dir='ltr'><strong>in</strong></span> <span class='ocrx_word' id='word_1_692' title='bbox 522 5074 854 5129; x_wconf 82' lang='lat' dir='ltr'><strong>sacriﬁcium</strong></span> <span class='ocrx_word' id='word_1_693' title='bbox 871 5077 1104 5131; x_wconf 83' lang='lat' dir='ltr'><strong>viriliter</strong></span> <span class='ocrx_word' id='word_1_694' title='bbox 1124 5094 1225 5147; x_wconf 89' lang='lat' dir='ltr'><strong>per</strong></span> <span class='ocrx_word' id='word_1_695' title='bbox 1246 5093 1303 5132; x_wconf 91' lang='lat' dir='ltr'><strong>se</strong></span> <span class='ocrx_word' id='word_1_696' title='bbox 1335 5079 1641 5143; x_wconf 90' lang='lat' dir='ltr'><strong>immolare,</strong></span> <span class='ocrx_word' id='word_1_697' title='bbox 1661 5096 1869 5135; x_wconf 81' lang='lat' dir='ltr'><strong>exuens</strong></span> <span class='ocrx_word' id='word_1_698' title='bbox 1884 5081 1959 5135; x_wconf 91' lang='lat' dir='ltr'><strong>sei</strong></span> <span class='ocrx_word' id='word_1_699' title='bbox 1968 5096 2024 5150; x_wconf 89' lang='lat' dir='ltr'><strong>p-</strong></span> 
     </span>
    </p>
   </div>
   <div class='ocr_carea' id='block_1_101' title="bbox 446 5169 2027 5243">
    <p class='ocr_par' dir='ltr' id='par_1_101' title="bbox 446 5169 2027 5243">
     <span class='ocr_line' id='line_1_101' title="bbox 446 5169 2027 5243; baseline 0.004 -22"><span class='ocrx_word' id='word_1_700' title='bbox 446 5182 569 5221; x_wconf 90' lang='lat' dir='ltr'><strong>sum</strong></span> <span class='ocrx_word' id='word_1_701' title='bbox 615 5176 671 5221; x_wconf 88' lang='lat' dir='ltr'><strong>et</strong></span> <span class='ocrx_word' id='word_1_702' title='bbox 710 5184 837 5222; x_wconf 88' lang='lat' dir='ltr'><strong>vere</strong></span> <span class='ocrx_word' id='word_1_703' title='bbox 892 5169 1194 5239; x_wconf 84' lang='lat' dir='ltr'><strong>abnegans,</strong></span> <span class='ocrx_word' id='word_1_704' title='bbox 1238 5171 1481 5225; x_wconf 88' lang='lat' dir='ltr'><strong>ostendit</strong></span> <span class='ocrx_word' id='word_1_705' title='bbox 1511 5173 1791 5241; x_wconf 89' lang='lat' dir='ltr'><strong>quomodo</strong></span> <span class='ocrx_word' id='word_1_706' title='bbox 1828 5182 2027 5243; x_wconf 68' lang='lat' dir='ltr'><strong>praeter</strong></span> 
     </span>
    </p>
   </div>
   <div class='ocr_carea' id='block_1_102' title="bbox 446 5261 2025 5334">
    <p class='ocr_par' dir='ltr' id='par_1_102' title="bbox 446 5261 2025 5334">
     <span class='ocr_line' id='line_1_102' title="bbox 446 5261 2025 5334; baseline 0.007 -22"><span class='ocrx_word' id='word_1_707' title='bbox 446 5261 620 5314; x_wconf 88' lang='lat' dir='ltr'><strong>Deum</strong></span> <span class='ocrx_word' id='word_1_708' title='bbox 643 5261 781 5314; x_wconf 86' lang='lat' dir='ltr'><strong>nihil</strong></span> <span class='ocrx_word' id='word_1_709' title='bbox 803 5261 952 5314; x_wconf 89' lang='lat' dir='ltr'><strong>aliud</strong></span> <span class='ocrx_word' id='word_1_710' title='bbox 970 5265 1237 5315; x_wconf 85' lang='lat' dir='ltr'><strong>amaverit</strong></span> <span class='ocrx_word' id='word_1_711' title='bbox 1261 5279 1359 5331; x_wconf 88' lang='lat' dir='ltr'><strong>per</strong></span> <span class='ocrx_word' id='word_1_712' title='bbox 1379 5264 1649 5334; x_wconf 85' lang='lat' dir='ltr'><strong>unigeniti</strong></span> <span class='ocrx_word' id='word_1_713' title='bbox 1667 5266 2025 5323; x_wconf 88' lang='lat' dir='ltr'><strong>oblationem.</strong></span> 
     </span>
    </p>
   </div>
   <div class='ocr_carea' id='block_1_103' title="bbox 450 5351 2026 5427">
    <p class='ocr_par' dir='ltr' id='par_1_103' title="bbox 450 5351 2026 5427">
     <span class='ocr_line' id='line_1_103' title="bbox 450 5351 2026 5427; baseline 0.006 -25"><span class='ocrx_word' id='word_1_714' title='bbox 450 5352 506 5404; x_wconf 73' lang='lat' dir='ltr'><strong>Si</strong></span> <span class='ocrx_word' id='word_1_715' title='bbox 567 5354 716 5405; x_wconf 86' lang='lat' dir='ltr'><strong>enim</strong></span> <span class='ocrx_word' id='word_1_716' title='bbox 760 5351 908 5405; x_wconf 89' lang='lat' dir='ltr'><strong>hunc</strong></span> <span class='ocrx_word' id='word_1_717' title='bbox 956 5368 1219 5422; x_wconf 82' lang='lat' dir='ltr'><strong>generose</strong></span> <span class='ocrx_word' id='word_1_718' title='bbox 1260 5353 1447 5420; x_wconf 74' lang='lat' dir='ltr'><strong>exuit,</strong></span> <span class='ocrx_word' id='word_1_719' title='bbox 1493 5366 1702 5424; x_wconf 86' lang='lat' dir='ltr'><strong>quanto</strong></span> <span class='ocrx_word' id='word_1_720' title='bbox 1750 5357 1943 5427; x_wconf 84' lang='lat' dir='ltr'><strong>magis,</strong></span> <span class='ocrx_word' id='word_1_721' title='bbox 1980 5358 2026 5411; x_wconf 91' lang='lat' dir='ltr'><strong>si</strong></span> 
     </span>
    </p>
   </div>
   <div class='ocr_carea' id='block_1_104' title="bbox 521 5527 906 5593">
    <p class='ocr_par' dir='ltr' id='par_1_104' title="bbox 521 5527 906 5593">
     <span class='ocr_line' id='line_1_104' title="bbox 521 5527 906 5593; baseline 0 -13"><span class='ocrx_word' id='word_1_722' title='bbox 521 5527 559 5557; x_wconf 72' lang='grc' dir='ltr'>δ’</span> <span class='ocrx_word' id='word_1_723' title='bbox 582 5528 707 5582; x_wconf 80' lang='lat' dir='ltr'><strong>Job.</strong></span> <span class='ocrx_word' id='word_1_724' title='bbox 746 5545 783 5593; x_wconf 82' lang='lat'><strong>1,</strong></span> <span class='ocrx_word' id='word_1_725' title='bbox 817 5528 906 5581; x_wconf 73' lang='grc' dir='ltr'><strong>ΞΗ.</strong></span> 
     </span>
    </p>
   </div>
   <div class='ocr_carea' id='block_1_105' title="bbox 2133 4701 3698 4776">
    <p class='ocr_par' dir='ltr' id='par_1_105' title="bbox 2133 4701 3698 4776">
     <span class='ocr_line' id='line_1_105' title="bbox 2133 4701 3698 4776; baseline 0 -20"><span class='ocrx_word' id='word_1_726' title='bbox 2133 4704 2279 4766; x_wconf 78' lang='grc' dir='ltr'>σθεὶς</span> <span class='ocrx_word' id='word_1_727' title='bbox 2302 4704 2406 4756; x_wconf 77' lang='grc' dir='ltr'>ὑπὸ</span> <span class='ocrx_word' id='word_1_728' title='bbox 2422 4705 2513 4756; x_wconf 84' lang='grc' dir='ltr'>τοῦ</span> <span class='ocrx_word' id='word_1_729' title='bbox 2535 4704 2762 4771; x_wconf 75' lang='grc' dir='ltr'>Κυρίου,</span> <span class='ocrx_word' id='word_1_730' title='bbox 2786 4704 3107 4773; x_wconf 84' lang='grc' dir='ltr'>ἐφανερώθη</span> <span class='ocrx_word' id='word_1_731' title='bbox 3134 4705 3298 4775; x_wconf 79' lang='grc' dir='ltr'>μηδὲν</span> <span class='ocrx_word' id='word_1_732' title='bbox 3328 4701 3698 4776; x_wconf 81' lang='grc' dir='ltr'>κεκτημένοςῆ</span> 
     </span>
    </p>
   </div>
   <div class='ocr_carea' id='block_1_106' title="bbox 2134 4792 3701 4865">
    <p class='ocr_par' dir='ltr' id='par_1_106' title="bbox 2134 4792 3701 4865">
     <span class='ocr_line' id='line_1_106' title="bbox 2134 4792 3701 4865; baseline -0.002 -18"><span class='ocrx_word' id='word_1_733' title='bbox 2134 4797 2292 4864; x_wconf 88' lang='grc' dir='ltr'>μόνον</span> <span class='ocrx_word' id='word_1_734' title='bbox 2332 4796 2421 4846; x_wconf 75' lang='grc' dir='ltr'><strong>τὸν</strong></span> <span class='ocrx_word' id='word_1_735' title='bbox 2450 4794 2604 4847; x_wconf 84' lang='grc' dir='ltr'>Θεόν.</span> <span class='ocrx_word' id='word_1_736' title='bbox 2643 4794 2875 4862; x_wconf 77' lang='grc' dir='ltr'>Ὁμοίως</span> <span class='ocrx_word' id='word_1_737' title='bbox 2904 4795 2931 4845; x_wconf 86' lang='grc' dir='ltr'>ὁ</span> <span class='ocrx_word' id='word_1_738' title='bbox 2975 4795 3223 4865; x_wconf 83' lang='grc' dir='ltr'>Ἀϐραὰμ</span> <span class='ocrx_word' id='word_1_739' title='bbox 3257 4798 3562 4858; x_wconf 80' lang='grc' dir='ltr'>κελευσθεὶς</span> <span class='ocrx_word' id='word_1_740' title='bbox 3606 4792 3701 4845; x_wconf 83' lang='grc' dir='ltr'>ὑπὸ</span> 
     </span>
    </p>
   </div>
   <div class='ocr_carea' id='block_1_107' title="bbox 2129 4886 3700 4958">
    <p class='ocr_par' dir='ltr' id='par_1_107' title="bbox 2129 4886 3700 4958">
     <span class='ocr_line' id='line_1_107' title="bbox 2129 4886 3700 4958; baseline -0.002 -18"><span class='ocrx_word' id='word_1_741' title='bbox 2129 4888 2222 4940; x_wconf 81' lang='grc' dir='ltr'><strong>’τυῦ</strong></span> <span class='ocrx_word' id='word_1_742' title='bbox 2241 4889 2446 4958; x_wconf 81' lang='grc' dir='ltr'>Κυρίου</span> <span class='ocrx_word' id='word_1_743' title='bbox 2471 4886 2707 4952; x_wconf 77' lang='grc' dir='ltr'>ἐξελθεῖν</span> <span class='ocrx_word' id='word_1_744' title='bbox 2732 4887 2798 4938; x_wconf 84' lang='grc' dir='ltr'><strong>ἐκ</strong></span> <span class='ocrx_word' id='word_1_745' title='bbox 2812 4887 2910 4956; x_wconf 77' lang='grc' dir='ltr'>τῆς</span> <span class='ocrx_word' id='word_1_746' title='bbox 2936 4886 3041 4956; x_wconf 84' lang='grc' dir='ltr'>γῆς</span> <span class='ocrx_word' id='word_1_747' title='bbox 3062 4888 3156 4942; x_wconf 71' lang='grc' dir='ltr'>καὶ</span> <span class='ocrx_word' id='word_1_748' title='bbox 3180 4892 3244 4942; x_wconf 85' lang='grc' dir='ltr'><strong>ἐκ</strong></span> <span class='ocrx_word' id='word_1_749' title='bbox 3273 4889 3371 4958; x_wconf 78' lang='grc' dir='ltr'><strong>τῆς</strong></span> <span class='ocrx_word' id='word_1_750' title='bbox 3397 4887 3700 4958; x_wconf 84' lang='grc' dir='ltr'>συγγενείας</span> 
     </span>
    </p>
   </div>
   <div class='ocr_carea' id='block_1_108' title="bbox 2136 4976 3698 5047">
    <p class='ocr_par' dir='ltr' id='par_1_108' title="bbox 2136 4976 3698 5047">
     <span class='ocr_line' id='line_1_108' title="bbox 2136 4976 3698 5047; baseline -0.003 -16"><span class='ocrx_word' id='word_1_751' title='bbox 2136 4978 2235 5031; x_wconf 78' lang='grc' dir='ltr'><strong>καὶ</strong></span> <span class='ocrx_word' id='word_1_752' title='bbox 2264 4981 2327 5031; x_wconf 83' lang='grc' dir='ltr'><strong>ἐκ</strong></span> <span class='ocrx_word' id='word_1_753' title='bbox 2360 4977 2456 5031; x_wconf 79' lang='grc' dir='ltr'>τοῦ</span> <span class='ocrx_word' id='word_1_754' title='bbox 2492 4979 2640 5031; x_wconf 78' lang='grc' dir='ltr'>οἴκου</span> <span class='ocrx_word' id='word_1_755' title='bbox 2672 4976 2765 5029; x_wconf 77' lang='grc' dir='ltr'>τοῦ</span> <span class='ocrx_word' id='word_1_756' title='bbox 2797 4978 3003 5047; x_wconf 81' lang='grc' dir='ltr'>πατρὸς</span> <span class='ocrx_word' id='word_1_757' title='bbox 3036 4978 3223 5044; x_wconf 82' lang='grc' dir='ltr'>αὑτοῦ,</span> <span class='ocrx_word' id='word_1_758' title='bbox 3248 4980 3470 5043; x_wconf 76' lang='grc' dir='ltr'>εὐθέως,</span> <span class='ocrx_word' id='word_1_759' title='bbox 3523 4978 3698 5045; x_wconf 80' lang='grc' dir='ltr'>ὥσπερ</span> 
     </span>
    </p>
   </div>
   <div class='ocr_carea' id='block_1_109' title="bbox 2134 5071 3694 5140">
    <p class='ocr_par' dir='ltr' id='par_1_109' title="bbox 2134 5071 3694 5140">
     <span class='ocr_line' id='line_1_109' title="bbox 2134 5071 3694 5140; baseline -0.004 -15"><span class='ocrx_word' id='word_1_760' title='bbox 2134 5075 2330 5135; x_wconf 75' lang='grc' dir='ltr'>εἰπεῖν,</span> <span class='ocrx_word' id='word_1_761' title='bbox 2364 5071 2670 5125; x_wconf 80' lang='grc' dir='ltr'>ἀπεδύσατο</span> <span class='ocrx_word' id='word_1_762' title='bbox 2699 5072 2899 5134; x_wconf 88' lang='grc' dir='ltr'>πάντα,</span> <span class='ocrx_word' id='word_1_763' title='bbox 2944 5072 3200 5140; x_wconf 86' lang='grc' dir='ltr'>πατρίδα,</span> <span class='ocrx_word' id='word_1_764' title='bbox 3252 5074 3375 5140; x_wconf 80' lang='grc' dir='ltr'>γῆν,</span> <span class='ocrx_word' id='word_1_765' title='bbox 3409 5071 3694 5139; x_wconf 82' lang='grc' dir='ltr'>συγγενεῖς,</span> 
     </span>
    </p>
   </div>
   <div class='ocr_carea' id='block_1_110' title="bbox 2136 5155 3696 5234">
    <p class='ocr_par' dir='ltr' id='par_1_110' title="bbox 2136 5155 3696 5234">
     <span class='ocr_line' id='line_1_110' title="bbox 2136 5155 3696 5234; baseline -0.005 -16"><span class='ocrx_word' id='word_1_766' title='bbox 2136 5167 2313 5233; x_wconf 88' lang='grc' dir='ltr'>γονεῖς</span> <span class='ocrx_word' id='word_1_767' title='bbox 2351 5166 2444 5216; x_wconf 71' lang='grc' dir='ltr'>καὶ</span> <span class='ocrx_word' id='word_1_768' title='bbox 2469 5162 2865 5233; x_wconf 79' lang='grc' dir='ltr'>ἐξηκολούθησε</span> <span class='ocrx_word' id='word_1_769' title='bbox 2895 5161 2972 5233; x_wconf 85' lang='grc' dir='ltr'>τῷ</span> <span class='ocrx_word' id='word_1_770' title='bbox 3023 5162 3167 5233; x_wconf 81' lang='grc' dir='ltr'>λόγῳ</span> <span class='ocrx_word' id='word_1_771' title='bbox 3193 5162 3286 5216; x_wconf 75' lang='grc' dir='ltr'>τοῦ</span> <span class='ocrx_word' id='word_1_772' title='bbox 3324 5164 3521 5234; x_wconf 83' lang='grc' dir='ltr'>Κυρίου</span> <span class='ocrx_word' id='word_1_773' title='bbox 3545 5177 3558 5190; x_wconf 74' lang='grc'><strong>⁸</strong></span> <span class='ocrx_word' id='word_1_774' title='bbox 3585 5155 3696 5212; x_wconf 75' lang='grc' dir='ltr'>εἶτα</span> 
     </span>
    </p>
   </div>
   <div class='ocr_carea' id='block_1_111' title="bbox 2140 5254 3699 5327">
    <p class='ocr_par' dir='ltr' id='par_1_111' title="bbox 2140 5254 3699 5327">
     <span class='ocr_line' id='line_1_111' title="bbox 2140 5254 3699 5327; baseline -0.004 -18"><span class='ocrx_word' id='word_1_775' title='bbox 2140 5258 2342 5327; x_wconf 78' lang='grc' dir='ltr'>μεταξὺ</span> <span class='ocrx_word' id='word_1_776' title='bbox 2364 5256 2575 5308; x_wconf 84' lang='grc' dir='ltr'>πολλῶν</span> <span class='ocrx_word' id='word_1_777' title='bbox 2600 5257 2932 5327; x_wconf 82' lang='grc' dir='ltr'>δοκιμασιῶν</span> <span class='ocrx_word' id='word_1_778' title='bbox 2967 5256 3060 5309; x_wconf 72' lang='grc' dir='ltr'><strong>καὶ</strong></span> <span class='ocrx_word' id='word_1_779' title='bbox 3102 5258 3425 5327; x_wconf 84' lang='grc' dir='ltr'>πειρασμῶν</span> <span class='ocrx_word' id='word_1_780' title='bbox 3456 5254 3596 5323; x_wconf 76' lang='grc' dir='ltr'>αὐτῷ</span> <span class='ocrx_word' id='word_1_781' title='bbox 3626 5268 3699 5317; x_wconf 81' lang='grc' dir='ltr'>γι-</span> 
     </span>
    </p>
   </div>
   <div class='ocr_carea' id='block_1_112' title="bbox 2138 5340 3699 5422">
    <p class='ocr_par' dir='ltr' id='par_1_112' title="bbox 2138 5340 3699 5422">
     <span class='ocr_line' id='line_1_112' title="bbox 2138 5340 3699 5422; baseline -0.001 -20"><span class='ocrx_word' id='word_1_782' title='bbox 2138 5350 2399 5420; x_wconf 83' lang='grc' dir='ltr'>νομένων,</span> <span class='ocrx_word' id='word_1_783' title='bbox 2440 5349 2599 5403; x_wconf 81' lang='grc' dir='ltr'>τοῦτο</span> <span class='ocrx_word' id='word_1_784' title='bbox 2629 5349 2729 5421; x_wconf 77' lang='grc' dir='ltr'>μὲν</span> <span class='ocrx_word' id='word_1_785' title='bbox 2757 5350 2859 5419; x_wconf 78' lang='grc' dir='ltr'>τῆς</span> <span class='ocrx_word' id='word_1_786' title='bbox 2887 5348 3147 5415; x_wconf 75' lang='grc' dir='ltr'>γυναικὸς</span> <span class='ocrx_word' id='word_1_787' title='bbox 3175 5349 3342 5403; x_wconf 80' lang='grc' dir='ltr'>αὐτοῦ</span> <span class='ocrx_word' id='word_1_788' title='bbox 3368 5340 3699 5422; x_wconf 67' lang='grc' dir='ltr'>λαμϐανομέ-</span> 
     </span>
    </p>
   </div>
   <div class='ocr_carea' id='block_1_113' title="bbox 1755 5682 2450 5746">
    <p class='ocr_par' dir='ltr' id='par_1_113' title="bbox 1755 5682 2450 5746">
     <span class='ocr_line' id='line_1_113' title="bbox 1755 5682 2450 5746; baseline 0.012 -10"><span class='ocrx_word' id='word_1_789' title='bbox 1755 5682 1988 5737; x_wconf 76' lang='lat' dir='ltr'><strong>VARle</strong></span> <span class='ocrx_word' id='word_1_790' title='bbox 2037 5682 2450 5746; x_wconf 75' lang='lat' dir='ltr'><strong>LECTIONES.</strong></span> 
     </span>
    </p>
   </div>
   <div class='ocr_carea' id='block_1_114' title="bbox 527 5792 1643 5863">
    <p class='ocr_par' dir='ltr' id='par_1_114' title="bbox 527 5792 1643 5863">
     <span class='ocr_line' id='line_1_114' title="bbox 527 5792 1643 5863; baseline -0.001 -12"><span class='ocrx_word' id='word_1_791' title='bbox 527 5796 602 5863; x_wconf 68' lang='grc' dir='ltr'><strong>(Ἰ)</strong></span> <span class='ocrx_word' id='word_1_792' title='bbox 660 5794 795 5851; x_wconf 80' lang='lat' dir='ltr'><strong>Cod.</strong></span> <span class='ocrx_word' id='word_1_793' title='bbox 833 5794 908 5845; x_wconf 78' lang='grc' dir='ltr'>τό.</span> <span class='ocrx_word' id='word_1_794' title='bbox 988 5792 1062 5862; x_wconf 88' lang='grc'><strong>(8)</strong></span> <span class='ocrx_word' id='word_1_795' title='bbox 1110 5796 1241 5853; x_wconf 80' lang='lat' dir='ltr'><strong>Cod.</strong></span> <span class='ocrx_word' id='word_1_796' title='bbox 1281 5796 1643 5851; x_wconf 76' lang='grc' dir='ltr'>ἀπόλλωνται.</span> 
     </span>
    </p>
   </div>
   <div class='ocr_carea' id='block_1_115' title="bbox 1724 5801 2258 5881">
    <p class='ocr_par' dir='ltr' id='par_1_115' title="bbox 1724 5801 2258 5881">
     <span class='ocr_line' id='line_1_115' title="bbox 1724 5801 2258 5881; baseline 0.019 -27"><span class='ocrx_word' id='word_1_797' title='bbox 1724 5801 1801 5870; x_wconf 80' lang='lat'><strong>(9)</strong></span> <span class='ocrx_word' id='word_1_798' title='bbox 1843 5803 1976 5861; x_wconf 81' lang='lat' dir='ltr'><strong>Cod.</strong></span> <span class='ocrx_word' id='word_1_799' title='bbox 2020 5808 2258 5881; x_wconf 68' lang='grc' dir='ltr'>ἀγάπην.</span> 
     </span>
    </p>
   </div>
  </div>
