4016 6438
269 387 356 452 509
1319 352 1322 356 ’
1513 381 1843 446 HOMILI}!

1948 407 1979 420 ··
2011 387 2196 450 HOM.
2232 383 2298 446 ν.

3413 381 3518 448 hii)

271 489 545 566 migroﬁzo
563 492 622 547 δὲ
643 491 738 546 ἐπὶ
758 493 914 564 ξένης
947 493 1063 565 (10)
1089 493 1312 564 διάγων,
1341 493 1436 549 καὶ
1463 494 1840 562 ἀδικούμενος,

1948 493 2159 564 reliqua
2232 494 2419 551 omnia
2497 504 2619 566 qua:
2679 495 2998 567 possidebat
3061 496 3248 566 jussus
3320 495 3519 553 fuisset

275 589 355 642 καὶ
397 585 483 640 διά
513 585 737 640 πάντων
765 585 1130 655 ἀποδειχθεὶς,
1159 586 1244 638 ὅτι
1273 586 1408 640 Θεὸν
1442 585 1602 655 μόνον
1634 584 1828 654 ἀγαπᾷ

277 676 396 745 ὑπὲρ
447 675 660 728 πάντα·
696 674 921 745 ὕστερον
952 675 1074 728 ἐπεὶ
1119 674 1188 728 δι’
1240 675 1574 744 ἐπαγγελίας
1625 674 1721 728 καὶ
1760 673 1828 726 δι’

278 767 395 821 ἐτῶν
421 767 626 819 πολλῶν
657 766 921 836 μονογενῆ
951 767 1066 819 υίὸν
1099 767 1242 820 κατά
1278 767 1480 837 πολλὴν
1529 765 1828 834 ἐπιθυμίαν

278 860 535 929 ἐκτήσατο,
571 859 820 929 αἰτηθεὶς
857 860 1045 912 τοῦτον
1072 861 1154 921 είς
1209 859 1400 913 θυσίαν
1433 857 1730 928 προθύμως
1761 857 1830 910 δι’

278 951 449 1006 ἐαυτοῦ
473 951 787 1023 ἀναφέρειν,
834 953 1249 1022 ἀποδυσάμενος
1277 952 1468 1004 ἐαυτὸν
1498 951 1594 1004 καὶ
1616 949 1833 1021 ἀληθῶς

280 1042 633 1111 ἀρνησάμενος
652 1057 667 1072 ·
685 1041 936 1106 ἀπέδειξε
960 1042 1089 1112 γάρ,
1113 1043 1194 1094 ὅτι
1219 1042 1399 1112 παρὲκ
1421 1040 1532 1110 (Η)
1548 1040 1682 1093 Θεοῦ
1705 1039 1834 1092 ἀλλο

281 1131 430 1182 τιούκ
449 1129 707 1198 ἠγάπησε
723 1129 811 1182 διὰ
837 1131 938 1200 τῆς
958 1130 1052 1184 τοῦ
1083 1129 1405 1200 μονογενοῦς
1437 1129 1830 1199 προσκομιδῑκ.

279 1220 330 1273 Ei
355 1220 453 1288 γὰρ
484 1221 696 1272 ἐκεῖνον
729 1219 1027 1290 προθύμως
1058 1221 1388 1284 ἀπεδύσατο,
1422 1220 1576 1290 πόσῳ
1607 1219 1832 1288 μᾶλλον,

277 1313 317 1364 εἰ
338 1311 399 1364 τά
421 1311 583 1363 λοιπά
610 1310 778 1364 αὑτοῦ
809 1311 1125 1382 ὑπάρχοντα
1151 1311 1448 1382 ἐκελεύσθη
1483 1312 1643 1364 ἐᾶσαι
1663 1311 1697 1381 ἢ
1734 1309 1834 1363 πέ-

276 1419 414 1472 νησιν
459 1403 550 1472 ὑφ’
583 1401 641 1455 ἒν
692 1402 990 1472 διανεῖμαι,
1042 1404 1277 1474 ἐτοίμως
1305 1403 1402 1457 καὶ
1445 1402 1740 1474 προθύμως
1769 1401 1838 1455 ἂν

275 1493 546 1562 ἐποίησενι
572 1495 732 1565 Ὁρᾷς
754 1493 974 1562 ἀγάπης
1003 1494 1416 1565 ἀπηρτισμένης
1439 1495 1504 1547 ἐκ
1533 1493 1837 1563 θελήματος

276 1585 395 1654 πρὸς
424 1583 629 1653 Κύριον
651 1583 952 1656 εὑθύτητας
986 1585 1156 1650 οὑτως
1178 1587 1272 1639 καὶ
1292 1587 1342 1638 οί
1372 1585 1576 1638 τούτων
1606 1585 1841 1652 συγκλη-

281 1674 480 1744 ρονόμοι
535 1675 790 1742 γενέσθαι
828 1676 1144 1747 βουλόμενοι
1177 1677 1357 1748 παρὲκ
1380 1677 1492 1743 (12)
1519 1675 1655 1729 Θεοῦ
1686 1677 1838 1728 οὐδὲν

276 1765 570 1834 ὀφείλουσιν
625 1767 932 1838 ἀγαπῆσαι,
981 1769 1089 1835 ἵνα,
1119 1770 1248 1822 ὅταν
1278 1767 1673 1838 δοκιμασθῶσι,
1702 1768 1838 1838 χρή·

1937 584 2260 654 relinquere
2291 625 2306 650 ,
2372 595 2467 640 aut
2525 587 2894 654 privationem
2957 586 3012 640 in
3064 603 3176 640 uno
3229 586 3515 657 experiri,

1936 675 2178 730 libenter
2249 692 2314 730 ac
2387 692 2653 747 generose
2743 677 2989 733 fecisset.
3061 678 3296 734 Videsne
3376 679 3518 734 dile-

1939 766 2138 821 ctionis
2226 767 2488 837 perfecta:
2569 785 2637 822 ex
2714 768 2998 823 voluntate
3072 768 3140 822 ad
3223 769 3517 824 Dominum

1939 855 2393 912 rectitudinem?
2471 858 2562 913 Sic
2643 868 2700 912 et
2793 859 2886 928 qui
2957 858 3148 913 talium
3225 859 3522 929 participes

1941 946 2060 1001 ﬁeri
2108 947 2302 1003 volunt
2349 958 2551 1018 przeter
2602 949 2775 1002 Deum
2831 948 2968 1002 nihil
3010 948 3214 1004 debent
3269 950 3518 1020 diligere,

1941 1047 2036 1101 ut,
2096 1039 2318 1108 quando
2383 1039 2810 1109 probabuntur,
2879 1041 3044 1095 utiles
3116 1049 3172 1094 et
3257 1043 3370 1110 apti
3432 1042 3521 1095 in-

1939 1129 2257 1191 veniantur.
2294 1132 2592 1200 perfectam
2633 1131 2985 1186 dilectionem
3027 1147 3180 1186 suam
3220 1132 3285 1187 ad
3334 1133 3521 1186 Domi-

1941 1235 2074 1274 num
2118 1231 2524 1275 conservantes.
2562 1221 2721 1276 Tales
2755 1237 2930 1290 usque
2965 1221 3033 1275 ad
3071 1221 3233 1276 linem
3276 1238 3516 1292 pugnam

1941 1312 2281 1382 pertransire
2315 1321 2597 1382 poterunt,
2623 1313 2718 1382 qui
2753 1329 2784 1368 e
2818 1313 3100 1368 voluntate
3134 1314 3306 1366 Deum
3342 1315 3521 1368 solum

1943 1403 2168 1458 omnino
2193 1404 2524 1466 dilexerunt,
2553 1413 2609 1458 et
2635 1405 2702 1458 ab
2729 1404 2876 1459 omni
2912 1404 3101 1458 mundi
3133 1403 3430 1458 dilectione
3462 1421 3523 1459 se

1945 1494 2341 1550 liberaverunt.
2384 1497 2546 1551 Pauci
2597 1504 2778 1551 autem
2823 1497 3118 1550 admodum
3165 1496 3525 1550 inveniuntur

1944 1590 2038 1658 qui
2077 1589 2238 1643 talem
2275 1589 2628 1643 dilectionem
2665 1589 2993 1657 suscipiunt,
3020 1596 3075 1641 et
3105 1603 3298 1642 omnes
3332 1587 3524 1646 mundi

1945 1678 2259 1747 voluptates
2306 1687 2365 1732 et
2415 1678 2749 1748 cupiditates
2799 1687 3150 1743 aversantur,
3190 1669 3526 1733 et'viriliter

1948 1768 2394 1838 impugnationes
2451 1777 2508 1822 et
2560 1767 2895 1822 tentationes
2948 1769 3170 1839 maligni
3226 1769 3522 1823 sustinent.

275 1872 411 1926 σιμοι
440 1859 534 1908 καὶ
562 1856 776 1927 δόκιμοι
800 1859 1088 1928 εὑρεθῶσι,
1119 1859 1331 1912 τελείαν
1357 1858 1457 1928 τὴν
1484 1859 1706 1928 ἀγάπην
1739 1859 1840 1910 αὑ-

1948 1857 2136 1913 Nonnc
2186 1859 2368 1923 enim,
2412 1859 2673 1927 quoniam
2721 1860 2881 1913 multi
2931 1857 3128 1913 ﬂuvios
3177 1867 3526 1915 transeuntes

267 1947 369 1999 τῶν
415 1947 554 2018 πρὸς
587 1947 790 2016 Κύριον
829 1949 1226 2014 ἀποσώζοντες.
1263 1949 1327 2002 Οί
1361 1947 1594 2001 τοιοῦτοι
1626 1945 1733 2010 ἓως
1757 1947 1838 1999 τέ-

265 2042 380 2102 λους
429 2039 722 2103 διεξελθεῖν
758 2041 850 2093 τὸν
883 2041 1071 2109 ἀγῶνα
1118 2041 1462 2110 δυνήσονται,
1501 2042 1635 2092 οἰέκ
1677 2039 1837 2107 θελή-

262 2148 430 2201 ματος
458 2132 594 2185 Θεὸν
629 2133 790 2202 μόνον
830 2134 1214 2205 ἀγαπήσαντες
1255 2134 1505 2197 πάντοτε,
1534 2133 1628 2185 καὶ
1658 2132 1840 2202 πάσης

258 2227 482 2296 ἀγάπης
513 2227 718 2296 κόσμου
747 2227 973 2290 ἑαυτοὺς
1021 2227 1328 2288 λελυκότες.
1363 2226 1564 2293 Ὀλίγοι
1623 2225 1680 2277 δὲ
1716 2225 1845 2294 σφό-

252 2316 358 2388 δρα
394 2318 746 2388 εὑρίσκονται
790 2322 839 2372 οἱ
896 2319 1153 2388 τοιαύτην
1191 2320 1415 2388 ἀγάπην
1460 2317 1843 2384 ἀναλαϐόντες,

251 2411 354 2463 καὶ
416 2411 602 2474 πάσας
655 2411 754 2474 τὰς
799 2410 893 2464 τοῦ
923 2411 1138 2482 κόσμου
1173 2410 1368 2482 ἡδονὰς
1422 2411 1516 2462 καὶ
1553 2409 1846 2479 ἐπιθυμίας

248 2501 753 2572 ἀποστρεφόμενοι,
790 2502 888 2554 καὶ
923 2502 1292 2573 μακροθύμως
1319 2502 1416 2565 τὰς
1445 2501 1844 2565 ἐπαναστάσεις

247 2592 349 2642 καὶ
373 2591 718 2660 πειρασμοὺς
774 2589 866 2643 τοῦ
896 2591 1133 2660 πονηροῦ
1162 2591 1560 2661 ὑπομένοντες·
1603 2589 1678 2660 μὴ
1710 2591 1841 2662 γὰρ,

246 2680 445 2750 ἐπειδὴ
485 2680 668 2734 πολλοὶ
700 2682 979 2752 ποταμοὺς
1005 2681 1408 2752 παρερχόμενοι
1432 2681 1840 2751 παρασύρονται

245 2769 358 2824 ὑπὸ
392 2771 506 2824 τῶν
541 2773 771 2838 ὑδάτων,
804 2774 904 2826 οὑκ
931 2775 1069 2827 εἰσὶν
1101 2775 1150 2827 oi.
1188 2773 1556 2843 διαπερῶντες
1601 2774 1727 2837 τοὺς
1754 2773 1840 2826 θο-

244 2865 306 2916 λε
317 2865 451 2934 pob;
477 2866 756 2936 ποταμοὺς
783 2866 892 2920 τῶν
921 2866 1013 2920 τοῦ
1048 2867 1264 2936 κόσμου
1307 2864 1614 2936 ἐπιθυμιῶν
1639 2883 1839 2920 παντο-

243 2955 468 3020 δαπῶν,
497 2955 592 3010 καὶ
613 2958 872 3012 ποικίλων
901 2958 1224 3029 πειρασμῶν
1247 2956 1356 3009 τῶν
1386 2958 1714 3027 πνευμάτων
1743 2958 1842 3029 τῆς

245 3051 564 3118 πονηρίας;
593 3053 689 3102 καὶ
715 3049 903 3122 ἐπειδὴ
929 3050 1099 3103 πολλὰ
1117 3050 1279 3102 πλοῖα
1304 3050 1362 3102 ἐν
1381 3051 1446 3121 τῇ
1464 3047 1710 3121 θαλάσσῃ
1735 3066 1838 3103 κα-

245 3140 579 3208 λυπτόμενα
629 3141 734 3194 ὑπὸ
783 3141 892 3194 τῶν
947 3141 1208 3212 κυμάτων
1261 3141 1560 3212 βυθίζεται,
1614 3144 1713 3196 οὑκ
1741 3143 1848 3196 εἰσὶ

245 3231 638 3301 διαπερῶντα,
701 3234 796 3286 καὶ
832 3234 1018 3287 ἐπάνω
1068 3233 1176 3287 τῶν
1219 3233 1482 3304 κυμάτων
1515 3234 1844 3298 διοδεύοντα,

251 3326 355 3376 καὶ
397 3327 482 3386 εἰς
527 3325 722 3396 λιμένα
772 3327 998 3397 εἰρήνης
1046 3327 1495 3397 καταντήσαντα;
1544 3325 1632 3379 διὰ
1690 3325 1849 3379 τοῦτο

250 3417 501 3478 πίστεως
532 3416 734 3488 πολλῆς
788 3420 884 3472 καὶ
917 3417 1307 3489 μακροθυμίας
1357 3418 1454 3470 καὶ
1495 3416 1705 3485 ἀγῶνος
1755 3418 1849 3471 καὶ

250 3510 545 3579 ὑπομονῆς
594 3512 688 3564 καὶ
734 3511 912 3564 πόνων
969 3511 1069 3564 καὶ
1111 3511 1303 3580 πείνης
1360 3510 1456 3564 καὶ
1486 3509 1644 3579 δίψης
1679 3512 1756 3572 είς
1787 3511 1849 3563 τὸ

252 3603 474 3671 ἀγαθὸν
506 3605 601 3656 καὶ
627 3603 886 3673 ὀξύτητος
939 3606 1034 3658 καὶ
1070 3603 1346 3666 ἀναιδείας
1393 3604 1489 3656 καὶ
1521 3603 1849 3674 διακρίσεως

256 3697 357 3748 καὶ
404 3693 679 3758 συνέσεως
715 3695 947 3750 πάντοτε
981 3695 1170 3767 χρεία’
1199 3695 1247 3748 οἱ
1283 3695 1393 3766 γὰρ
1454 3694 1699 3746 πλεῖστοι
1738 3695 1848 3748 τῶν

254 3787 359 3840 ἀνθ
369 3785 571 3858 ρώπων
586 3788 712 3840 ἄνευ
732 3803 798 3839 κα
811 3787 997 3856 μάτων
1015 3787 1108 3840 καὶ
1124 3785 1350 3855 ἀγώνων
1366 3789 1456 3840 καὶ
1477 3783 1714 3855 ἱδρώτων
1731 3786 1850 3837 ἐπι-

255 3879 446 3948 τυχεῖν
471 3877 744 3946 βασιλείας
775 3876 1054 3946 βούλονται
1085 3877 1196 3947 (15)
1221 3893 1234 3906 ·
1261 3878 1397 3946 ὅπερ
1426 3875 1687 3928 ἀδύνατόν
1708 3876 1848 3930 ἐστι.

253 3962 478 4037 Ὠσπερ
508 3964 600 4020 οὖν
629 3968 686 4018 ἐν
715 3970 905 4038 κόσμῳ
932 3967 1266 4038 ἀπέρχονται
1315 3984 1458 4028 τινες
1489 3966 1680 4037 ἄνδρες
1715 3965 1850 4036 πρός

257 4073 384 4111 τινα
406 4059 664 4110 πλούσιον
696 4060 1038 4128 ἐργάσασθαι
1063 4061 1142 4121 είς
1172 4059 1330 4130 θέρος
1365 4058 1398 4129 ἢ
1435 4059 1515 4120 είς
1539 4058 1728 4127 ἕτερον
1755 4056 1850 4128 έρ-

257 4167 378 4218 γον,
424 4151 575 4214 ὅπως
613 4154 968 4222 πορίσωνται,
1019 4150 1056 4204 ἃ
1109 4149 1402 4222 χρῄζουσιν
1433 4150 1578 4220 ἔχειν
1624 4153 1704 4212 είς
1752 4147 1852 4217 τὴν

258 4242 561 4314 διατροφὴν
617 4243 823 4296 αὐτῶν·
876 4243 984 4296 εἰσὶ¹
1030 4244 1086 4296 δέ
1116 4261 1259 4306 τινες
1321 4245 1378 4297 ἐν
1412 4243 1596 4304 αὑτοῖς
1629 4240 1852 4310 ὀκνηροί

260 4338 356 4388 καὶ
384 4337 571 4406 ἀργοὶ,
601 4336 675 4407 μὴ
699 4337 1001 4406 κάμνοντες
1023 4337 1080 4388 δὲ
1108 4335 1304 4399 οὑτως,
1331 4338 1468 4406 μήτε
1501 4334 1850 4405 ἁρμοζόντως

259 4426 628 4496 ἐργαζόμενοι
656 4442 670 4456 ⁸
723 4423 868 4481 οὗτοι
911 4429 1078 4498 μηδὲν
1133 4429 1516 4491 κοπιάσαντες,
1579 4429 1717 4496 μήτε
1749 4441 1850 4477 κα-

264 4520 463 4590 μόντες
508 4521 589 4581 είς
647 4519 737 4573 τὸν
775 4516 923 4573 οἶκον
970 4519 1063 4572 τοῦ
1105 4519 1382 4584 πλουσίου,
1422 4517 1702 4587 βούλονται
1758 4515 1848 4568 τὸν

265 4612 464 4682 μισθὸν
492 4611 550 4677 ἐξ
583 4611 698 4664 ἴσου
755 4614 944 4666 λαϐεῖν
971 4615 1086 4676 τοῖς
1124 4612 1388 4680 ἀνδρείως
1434 4611 1528 4662 καὶ
1560 4609 1726 4675 ὀξέως
1756 4608 1851 4660 καὶ

261 4705 359 4778 ὅλῃ
386 4705 571 4758 αὑτῶν
612 4705 880 4775 καμοῦσιν
938 4705 1104 4776 ἰσχύϊ,
1139 4705 1212 4766 ὡς
1243 4705 1344 4774 ἦδη
1393 4701 1454 4754 τὸ
1484 4702 1664 4754 αὑτῶν
1693 4701 1851 4767 ἔργον

263 4800 634 4865 πεποιηκότες
655 4811 670 4828 ·
691 4795 782 4848 τὸν
812 4797 974 4850 αὑτὸν
1002 4796 1202 4868 τρόπον
1229 4795 1366 4846 ἐπὰν
1394 4792 1848 4861 ἀναγινώσκομεν

263 4887 364 4950 τὰς
395 4887 637 4958 Γραφάς,
659 4887 776 4952 πῶς
802 4889 832 4941 ὁ
855 4889 1002 4942 δεῖνα
1017 4889 1223 4950 δίκαιος
1252 4886 1586 4956 εὑηρέστησε
1614 4884 1690 4953 τῷ
1712 4883 1851 4954 Θεῷ,

266 4980 386 5042 πῶς
419 4981 572 5048 φίλος
602 4981 696 5034 καὶ
725 4981 1012 5049 συνόμιλος
1038 4977 1173 5032 Θεοῦ
1201 4979 1418 5047 γέγονε,
1448 4976 1544 5029 καὶ
1579 4975 1778 5036 πάντες
1795 4975 1851 5026 δὲ

267 5070 318 5121 οἱ
351 5070 590 5140 πατέρες
622 5070 740 5134 πῶς
764 5071 907 5139 φίλοι
933 5071 1027 5123 καὶ
1052 5069 1381 5138 κληρονόμοι
1415 5064 1551 5119 Θεοῦ
1571 5064 1847 5132 γεγόνασι,

268 5161 440 5225 πόσας
489 5161 700 5233 θλίψεις
732 5161 1204 5232 ὑπέμειναν,πόσα
1235 5160 1324 5214 διὰ
1343 5159 1432 5212 τὸν
1466 5159 1600 5211 Θεὸν
1631 5155 1852 5218 ἔπαθον,

266 5253 413 5307 πόσα
443 5251 869 5323 ἠνδραγάθησαν
921 5252 1016 5304 καὶ
1061 5251 1422 5321 ἠγωνίσαντο,
1475 5244 1854 5318 μακαρίζομεν

258 5347 485 5409 αὐτοὺς.
515 5345 742 5400 καὶτῶν
770 5345 901 5397 ἴσων
940 5345 1122 5408 αὐτοῖς
1154 5343 1376 5414 δωρεῶν
1408 5342 1500 5394 καὶ
1528 5339 1855 5409 ἀξιωμάτων

257 5441 445 5509 τυχεὶν
474 5438 806 5512 βουλόμεθα,
830 5438 925 5490 καὶ
945 5435 1325 5495 ἐπιθυμοῦμεν
1351 5433 1646 5505 προθύμως
1669 5428 1856 5484 λαϐεῖν

1945 1949 2105 2019 aquis
2156 1948 2539 2018 abripiuntur,
2591 1956 2722 2002 sunt
2777 1949 2872 2017 qui
2932 1957 3221 2003 transeunt
3275 1949 3528 2003 turbidos

1945 2039 2144 2092 ﬂuvios
2173 2039 2575 2092 mundanarum
2611 2038 2977 2106 cupiditatum
3014 2048 3123 2092 tam
3178 2039 3525 2093 diversarum

1945 2128 2332 2197 variarumque
2367 2129 2735 2183 tentationum
2776 2130 3070 2199 spirituum
3117 2129 3412 2199 nequitire?
3449 2145 3525 2196 et,

1945 2221 2206 2290 quoniam
2232 2221 2403 2274 multa
2425 2222 2642 2292 navigia
2673 2221 2729 2274 in
2755 2221 2892 2274 mari
2925 2223 3244 2277 abscondita
3269 2222 3530 2278 ﬂuctibus

1947 2316 2369 2386 immerguntur,
2400 2332 2581 2371 nonne
2627 2326 2758 2370 sunt
2792 2317 2886 2386 qui
2927 2333 3076 2372 mare
3117 2325 3528 2387 pertranseunt,

1947 2409 2042 2477 qui
2076 2408 2128 2462 in
2160 2408 2416 2463 ﬂuctibus
2451 2409 2780 2478 procedunt,
2811 2418 2866 2462 et
2899 2410 2952 2463 in
2990 2420 3209 2478 portum
3247 2409 3398 2480 pacis
3429 2408 3530 2463 de-

1949 2500 2213 2554 veniunt?
2238 2500 2507 2566 Quocirca
2539 2501 2710 2554 multa
2737 2502 2842 2555 [ide
2871 2510 2926 2555 et
2953 2501 3296 2566 fortitudine,
3324 2517 3528 2571 pugna,

1948 2592 2234 2662 patientia,
2261 2591 2566 2657 laboribus,
2599 2592 2740 2646 fame
2767 2603 2823 2646 et
2852 2593 2941 2645 siti
2974 2591 3039 2645 ad
3073 2591 3303 2656 bonum,
3335 2591 3531 2645 alacri-

1953 2697 2083 2751 tate,
2112 2688 2544 2758 perseverantia,
2569 2689 2780 2758 judicio
2809 2697 2864 2741 ct
2909 2687 3203 2741 rcﬂexione
3233 2686 3529 2739 admodum

1952 2793 2094 2848 opus
2130 2787 2233 2833 est.
2264 2779 2518 2848 Plerique
2551 2779 2698 2832 enim
2730 2779 2983 2834 homines
3015 2779 3132 2831 sine
3162 2777 3448 2831 laboribus
3475 2788 3534 2832 et

1953 2872 2152 2944 pugnis
2184 2881 2239 2927 et
2268 2872 2567 2926 sudoribus
2599 2886 2827 2941 regnum
2863 2870 3117 2925 obtinere
3146 2870 3360 2934 volunt,
3385 2868 3531 2938 quod

1954 2966 2295 3036 impossibile
2329 2973 2432 3020 est.
2461 2965 2532 3020 Ut
2560 2965 2726 3034 igitur
2751 2963 2805 3017 in
2843 2962 3048 3016 mundo
3083 2961 3532 3031 exeuntquidam

1950 3058 2055 3111 viri
2079 3057 2147 3111 ad
2175 3056 2414 3126 aliquem
2443 3056 2692 3116 divitem.
2719 3063 2780 3108 nt
2804 3054 3057 3108 laborent
3082 3051 3149 3106 ad
3176 3067 3410 3106 messem
3439 3058 3536 3105 aut

1952 3149 2021 3204 ad
2056 3148 2205 3204 aliud
2240 3164 2400 3219 opus,
2429 3163 2540 3218 quo
2575 3147 2955 3218 procurabunt
2986 3162 3108 3216 qua:
3143 3144 3249 3200 sibi
3283 3158 3536 3198 necessa-

1951 3243 2031 3296 ria
2067 3249 2198 3296 sunt
2227 3241 2294 3296 ad
2326 3257 2488 3295 suum
2521 3240 2727 3294 victum
2761 3237 3077 3292 habendum
3119 3256 3130 3289 :
3165 3243 3296 3290 sunt
3325 3250 3392 3289 cx
3429 3232 3537 3288 illis

1951 3333 2175 3402 quidam
2222 3331 2360 3402 pigri
2405 3340 2462 3386 et
2504 3329 2792 3394 vecordes,
2824 3336 2881 3384 et
2923 3332 2998 3382 ita
3046 3343 3157 3381 non
3200 3326 3536 3388 laborantes,

1951 3438 2132 3492 neque
2159 3423 2495 3477 conveniens
2521 3435 2663 3490 Opus
2686 3427 3039 3483 exercentes;
3076 3417 3162 3470 isti
3192 3431 3301 3469 non
3326 3414 3536 3484 fatigati

1953 3527 2132 3581 neque
2173 3512 2488 3567 laborantes
2519 3512 2572 3566 in
2610 3509 2799 3564 divitis
2829 3509 3027 3563 domus
3057 3507 3318 3577 gratiam,
3346 3507 3540 3559 volunt

1953 3603 2264 3659 mercedem
2295 3601 2560 3672 mqualem
2592 3600 2846 3668 accipere
2877 3599 2986 3652 illis
3016 3596 3110 3665 qui
3142 3595 3396 3657 viriliter,
3425 3593 3534 3648 ala-

1953 3695 2122 3750 criter
2167 3703 2224 3748 et
2269 3692 2528 3746 omnibus
2573 3691 2788 3745 viribus
2836 3688 3244 3749 laboraverunt,
3277 3692 3537 3753 tanquam

1952 3785 2172 3838 illorum
2218 3798 2358 3851 opus
2397 3781 2507 3850 jam
2559 3781 2842 3836 fecissent.
2883 3776 3006 3832 Pari
3069 3775 3254 3836 modo,
3316 3773 3538 3843 quando

1952 3872 2188 3943 legimus
2220 3872 2272 3924 in
2311 3870 2636 3942 Scripturis,
2663 3868 2942 3939 quomodo
2978 3867 3082 3920 iste
3114 3866 3298 3935 justus
3330 3864 3540 3933 placuit

1953 3965 2097 4028 Deo,
2128 3961 2406 4032 quomodo
2447 3961 2658 4016 amicus
2692 3968 2746 4015 et
2782 3957 3195 4013 contubernalis
3230 3955 3326 4008 Dei
3361 3957 3538 4009 factus

1951 4064 2058 4118 est,
2090 4063 2145 4108 et
2179 4069 2371 4108 omnes
2410 4063 2594 4122 patres
2635 4051 2912 4122 quomodo
2956 4049 3118 4103 amici
3157 4056 3212 4102 et
3244 4046 3540 4116 participes

1953 4148 2050 4202 Dei
2104 4147 2231 4202 facti
2285 4154 2442 4209 sunt,
2477 4154 2712 4216 quantas
2762 4155 3035 4197 aerumnas
3082 4137 3327 4209 perpessi
3377 4147 3535 4199 sunt,

1953 4249 2159 4308 quanta
2191 4247 2420 4309 propter
2451 4238 2622 4292 Deum
2654 4235 3289 4301 sustinuerunt,.quanta
3322 4227 3539 4282 fortitu-

1954 4332 2082 4386 dine
2113 4330 2304 4385 luctati
2340 4336 2469 4383 sunt
2496 4335 2549 4381 et
2579 4330 2987 4396 pugnaverunt,
3018 4322 3141 4375 illos
3171 4320 3534 4390 gratulamur,

1953 4431 2009 4477 ct
2032 4422 2270 4490 mquales
2304 4420 2412 4472 illis
2441 4423 2723 4470 mercedes
2744 4426 2798 4471 et
2823 4429 3069 4470 nonores
3103 4411 3354 4465 obtinere
3384 4409 3537 4463 volu-

1957 4528 2113 4577 mus,
2152 4519 2209 4565 ct
2253 4512 2508 4579 cupimus
2561 4511 2825 4562 ardenter
2869 4505 3120 4572 accipere
3179 4502 3379 4571 inclyta
3434 4499 3535 4553 ista

1956 4602 2119 4664 dona,
2139 4600 2462 4654 omittentes
2486 4599 2704 4652 illorum
2727 4597 2969 4658 labores,
2993 4608 3224 4663 pugnas,
3256 4605 3533 4644 mrunmas

1953 4702 2008 4746 et
2037 4692 2345 4756 cruciatus;
2375 4699 2430 4746 et
2461 4690 2679 4743 illorum
2711 4688 2972 4746 honores,
2999 4693 3056 4737 et
3080 4681 3392 4751 dignitates,
3417 4694 3538 4747 qua:

1953 4799 1984 4837 a
2035 4785 2146 4837 Deo
2197 4782 2591 4852 possederunt,
2639 4777 2901 4832 ardenter
2948 4774 3199 4827 obtinere
3244 4770 3532 4829 volumus,

1952 4879 2172 4934 labores
2211 4886 2395 4933 autem
2449 4886 2505 4930 et
2543 4889 2753 4945 pugnas
2791 4886 2986 4926 eorum
3026 4883 3135 4922 non
3179 4863 3533 4934 suscipimus.

1958 4971 2090 5025 Dico
2119 4985 2250 5024 vero
2283 4969 2380 5023 tibi
2438 4967 2544 5021 hoc
2573 4980 2736 5019 omne
2767 4964 3045 5017 hominem
3079 4972 3280 5026 cupere
3313 4964 3370 5010 et
3395 4955 3536 5008 velle

1959 5063 2125 5118 etiam
2166 5058 2503 5122 meretrices,
2535 5055 2859 5127 publicanos
2895 5059 2951 5105 et
2987 5049 3239 5103 homines
3280 5045 3534 5115 iniustos,

1951 5151 2111 5206 facile
2169 5148 2383 5204 scilicet
2427 5145 2546 5200 sine
2600 5140 2884 5197 laboribus
2931 5147 2988 5193 et
3035 5134 3235 5207 pugnis
3284 5131 3536 5186 obtinere

1952 5260 2212 5316 regnum;
2257 5243 2352 5298 sed
2393 5249 2619 5311 propter
2652 5238 2757 5291 hoc
2790 5234 2844 5288 in
2884 5233 3063 5287 medio
3097 5236 3321 5284 manent
3358 5232 3537 5280 tenta-

1954 5345 2153 5406 tiones,
2176 5349 2229 5395 et
2256 5339 2612 5408 probationes
2643 5332 2848 5395 multat,
2866 5337 2921 5384 ct
2942 5342 3221 5390 mrumnm,
3241 5333 3295 5377 ct
3318 5335 3533 5393 pugnae,

1952 5443 2008 5486 et
2035 5431 2290 5497 sudores,
2324 5435 2384 5482 ut
2414 5427 2560 5479 clare
2593 5429 2894 5478 noscantur
2923 5417 3147 5486 quinam
3184 5415 3239 5470 in
3270 5410 3537 5478 veritate,

1574 5634 1810 5691 V'AllUE
1835 5633 2246 5690 LECTIONES.

326 5809 439 5888 (10)
466 5805 590 5864 Sic.
624 5799 753 5857 cod.
836 5797 946 5868 (Η)
982 5795 1118 5855 Cod.
1156 5797 1349 5868 πάρεξ.
1430 5794 1540 5866 (12)
1569 5793 1703 5851 Cod.
1740 5792 1935 5864 πάρεξ.
2015 5788 2127 5860 (15)
2159 5783 2298 5844 Cod.
2335 5779 2652 5853 βούλωνται.
