4016 6432
495 379 598 448 511

1771 385 1830 445 S.
1872 383 2197 445 MACARII
2236 382 2564 444 EGYPTII

3679 384 3791 448 512

496 510 676 568 usque
703 493 771 552 ad
804 504 1041 554 mortem
1075 499 1528 570 progredientes,
1562 514 1688 556 cum
1723 500 1876 556 omni
1911 501 2092 554 inten-

2201 497 2260 551 τὰ
2300 495 2491 560 ἔνδοξα
2536 497 2728 550 ἐκεῖνα
2757 497 3099 568 χαρίσματα,
3142 497 3572 566 ὑπερϐαίνοντες
3603 499 3795 551 αὐτῶν

497 586 650 641 tione
674 593 731 640 et
756 585 965 640 virtute
990 587 1291 643 Dominum
1323 591 1502 645 solum
1532 589 1848 656 dilexerint,
1871 599 1927 646 et
1953 590 2091 644 nihil

498 675 651 730 aliud
697 675 1128 733 desiderandum
1177 694 1304 734 cum
1347 680 1497 734 illius
1537 695 1725 735 amore
1771 681 2088 734 habuerint.

499 769 632 826 Ideo
671 769 821 840 juste
871 769 929 826 in
974 786 1205 843 regnum
1248 774 1514 828 caelorum
1563 774 1954 843 ingrediuntur
1996 774 2092 842 qui

500 862 716 932 seipsos
747 862 1166 932 abnegaverunt
1189 865 1492 919 secundum
1518 866 1736 919 Domini
1759 867 2014 929 verbum,
2037 875 2095 921 et

500 969 602 1024 per
637 955 919 1025 propriam
955 955 1296 1011 voluntatem
1334 958 1629 1012 Dominum
1671 959 1846 1012 solum
1882 959 2091 1013 dilexe-

502 1057 673 1114 runt;
724 1047 850 1103 ideo
889 1048 1121 1103 summis
1144 1050 1467 1104 cmlestibus
1509 1050 1672 1105 donis
1709 1051 1780 1105 ob
1821 1066 2092 1105 summam

503 1152 660 1192 suam
688 1137 1044 1192 dilectionem
1075 1139 1604 1194 remunerabuntur.
1635 1141 1771 1196 Nam
1806 1141 1862 1195 in
1893 1157 2095 1196 terum-

503 1228 612 1294 nis,
639 1227 1003 1294 cruciatibus,
1028 1229 1314 1297 patientia,
1337 1239 1395 1285 et
1426 1230 1534 1286 [ide
1563 1232 1740 1286 latent
1769 1233 2094 1302 promissio-

503 1334 627 1386 nes,
651 1312 846 1388 gloria,
873 1318 1146 1372 bonorum
1174 1321 1483 1376 cmlestium
1509 1323 1803 1392 possessio,
1831 1332 2092 1393 tanquam

505 1413 560 1470 in
593 1413 806 1466 semine
833 1412 981 1482 quod
1018 1412 1072 1466 in
1106 1422 1306 1468 terram
1336 1416 1543 1486 jactum
1575 1426 1661 1472 est
1691 1416 1904 1472 fructus
1935 1419 2092 1484 latet,

499 1510 600 1558 aut
623 1502 677 1556 in
703 1503 903 1557 arbore
932 1503 1112 1572 spinis
1141 1505 1487 1560 circumdato
1512 1516 1569 1561 et
1595 1506 1742 1562 inter
1767 1519 2091 1577 corruptum

499 1607 557 1654 et
603 1596 845 1668 ignobile
885 1605 1102 1652 stercus
1145 1606 1452 1654 crescente.
1491 1600 1561 1654 Et
1603 1608 1736 1654 tunc
1777 1601 2093 1656 vestimenti

500 1670 856 1758 dignitakm,
895 1694 954 1742 et
1011 1687 1278 1758 gloriam,
1325 1698 1383 1742 et
1438 1689 1799 1760 multiplicem
1855 1691 2092 1745 fructum

500 1778 870 1834 ostendentur
894 1778 1124 1843 habere,
1147 1789 1210 1834 ut
1235 1778 1374 1834 dicit
1402 1779 1700 1850 Apostolus
1729 1799 1742 1835 :
1773 1781 1876 1836 Per
1898 1782 2094 1836 multas

2192 588 2321 649 τοὺς
2381 587 2600 650 πόνους,
2637 587 2732 640 καὶ
2762 589 3002 657 ἀγῶνας,
3052 591 3145 642 καὶ
3179 591 3280 653 τάς
3321 589 3556 660 θλίψεις,
3598 590 3694 642 καὶ⁹
3716 589 3798 642 τὰ

2193 678 2525 748 παθήματα,
2566 677 2662 731 καὶ
2712 679 2812 742 τάς
2840 679 2940 748 μὲν
2970 681 3136 749 τιμάς
3176 681 3378 746 αὑτῶν,
3411 681 3508 734 καὶ
3541 681 3611 734 τὰ
3632 680 3801 744 ἀξιώ-

2198 788 2368 841 ματα,
2401 763 2490 822 οἷα
2519 771 2628 824 ἀπὸ
2691 770 2825 824 Θεοῦ
2879 773 3201 842 κέκτηνται,
3253 773 3556 843 προθύμως
3602 771 3797 824 λαϐεῖν

2195 862 2446 930 θέλομεν,
2478 862 2604 924 τοὺς
2640 861 2697 914 δὲ
2747 863 3026 932 καμάτους
3059 863 3155 916 καὶ
3203 863 3402 926 πόνους
3443 862 3540 916 καὶ¹
3569 862 3800 929 ἀγῶνας

2194 949 2377 1002 αὐτῶν
2403 951 2462 1002 οὺ
2502 951 2934 1020 καταδεχόμεθα.
2967 953 3127 1020 Λέγω
3148 953 3206 1006 δέ
3233 970 3337 1018 σοι,
3370 955 3452 1006 ὅτι
3483 952 3652 1006 τοῦτο
3679 953 3800 1016 πᾶς

2193 1060 2277 1106 τις
2314 1041 2602 1111 ἄνθρωπος
2636 1044 2899 1114 ἐπιθυμεῖ
2933 1045 3028 1098 καὶ
3079 1045 3243 1109 θέλει,
3295 1048 3390 1100 καὶ
3427 1046 3632 1116 πόρναι
3691 1048 3800 1099 καὶ

2194 1134 2428 1187 τελῶναι
2467 1134 2564 1187 καὶ
2597 1136 3093 1206 ἀδικοιάνθρωποι,
3125 1137 3362 1200 εὐκόλως
3413 1141 3547 1192 ἀνευ
3599 1137 3800 1192 κόπων

2195 1229 2292 1283 καὶ
2316 1229 2544 1296 ἀγώνων
2563 1230 2748 1298 τυχεῖν
2767 1226 3046 1296 βασιλείας
3068 1245 3081 1258 ·
3101 1227 3239 1280 ἀλλά
3259 1228 3348 1280 διὰ
3371 1229 3532 1280 τοῦτο
3558 1229 3621 1280 ὲν
3637 1227 3802 1297 μέσῳ
3839 1255 3850 1267 ι

2196 1320 2516 1391 πειρασμοὶ,
2546 1320 2642 1372 καὶ
2665 1319 2983 1389 δοκιμασίαι
3032 1319 3243 1380 πολλαὶ,
3276 1319 3374 1372 καὶ
3423 1318 3664 1388 θλίψεις,
3695 1320 3802 1371 καὶ

2194 1412 2426 1480 ἀγῶνες,
2461 1411 2556 1466 καὶ
2589 1410 2812 1482 ἱδρῶτες
2838 1411 3179 1481 πρόκεινται,
3199 1411 3285 1465 ἵνα
3305 1413 3536 1481 φανεροὶ
3575 1411 3803 1479 γένων-

2193 1523 2307 1567 ται,
2373 1505 2519 1568 τίνες
2570 1505 2630 1571 ἐξ
2679 1503 2943 1574 ἀληθείας
2999 1504 3103 1568 ἕως
3143 1505 3376 1559 θανάτου
3423 1502 3681 1565 ἐλθόντες
3730 1501 3805 1565 ἐξ

2192 1598 2322 1666 ὅλης
2353 1601 2730 1668 προαιρέσεως
2783 1597 3190 1667 καὶδυνάμεως
3230 1596 3324 1650 τὸν
3377 1593 3589 1666 Κύριον
3629 1593 3803 1665 μόνον

2195 1689 2512 1759 ἠγάπησαν,
2538 1689 2634 1742 καὶ
2658 1689 2812 1742 οὐδὲν
2833 1689 3024 1762 ἕτερον
3045 1691 3142 1744 σὺν
3159 1693 3226 1762 τῇ
3254 1689 3392 1760 πρὸς
3412 1690 3580 1744 αὑτὸν
3598 1688 3802 1760 ἀγάπῃ

2201 1783 2568 1854 περιπόθητον
2595 1783 2774 1854 ἔσχον.
2798 1785 2890 1838 Διὸ
2912 1784 3007 1838 καὶ
3035 1783 3264 1848 δικαίως
3284 1786 3365 1848 εἰς
3380 1782 3481 1853 τὴν
3505 1782 3802 1854 βασιλείαν

501 1870 873 1925 tribulatione:
893 1879 1097 1940 Oportet
1116 1887 1207 1924 nos
1222 1873 1427 1926 intrare
1439 1873 1494 1926 in
1515 1889 1734 1943 regnum
1749 1874 2001 1928 caelorum
2017 1876 2094 1940 “;

2201 1847 2310 1928 τῶν
2333 1847 2580 1945 οὐρανῶν
2600 1847 2965 1948 εἰσέρχονται,
2995 1877 3368 1949 ἀρνησάμενοι
3397 1847 3632 1938 ἑαυτοὺς
3649 1875 3804 1928 κατὰ

499 1973 560 2017 et
584 1963 854 2017 Dominus
884 1975 900 2014 :
935 1961 1001 2016 In
1031 1965 1289 2033 patientia
1323 1971 1497 2017 vestra
1531 1964 1856 2035 possidebitis
1888 1967 2096 2019 animas

501 2067 705 2113 uestras
725 2057 804 2122 ";
831 2065 888 2112 et
909 2073 1102 2112 rursus
1121 2057 1212 2112 :In
1232 2057 1424 2110 mundo
1437 2075 1738 2128 pressuram
1761 2059 2011 2113 habebitis
2029 2059 2094 2114 ⁸⁸.

502 2151 718 2205 Labore
756 2151 926 2214 enim,
958 2157 1015 2203 et
1051 2149 1342 2220 patientia,
1377 2159 1432 2204 et
1471 2151 1807 2206 abstinentia
1849 2162 1906 2207 ct
1945 2152 2096 2206 omni

501 2240 1003 2309 circumspectione
1035 2255 1177 2310 opus
1205 2248 1319 2306 est;
1349 2248 1405 2294 et
1431 2241 1733 2308 alacritate,
1761 2253 1817 2297 et
1845 2258 2100 2312 perseve—

503 2330 683 2385 rantia
734 2332 790 2384 in
839 2331 1092 2386 oratione
1135 2330 1202 2385 ad
1248 2332 1570 2398 Dominum,
1608 2344 1671 2388 ut
1717 2335 1892 2402 possit
1932 2335 2098 2389 homo

502 2421 841 2493 pertransire
870 2423 1218 2476 terrestrium
1243 2422 1599 2492 cupiditates,
1627 2424 1858 2493 laqueos
1891 2433 1948 2478 et
1980 2425 2100 2479 ille-

503 2513 699 2568 ccbras
722 2513 1094 2582 voluptatum,
1123 2524 1178 2569 et
1207 2514 1399 2568 mundi
1434 2523 1811 2584 tempestates,
1843 2525 1899 2570 et
1931 2517 2101 2571 malo-

502 2621 626 2660 rum
654 2607 952 2676 spirituum
983 2607 1428 2678 impugnationes
1453 2607 1722 2674 devitarc,
1749 2617 1805 2664 et
1831 2609 1970 2664 bene
2001 2625 2102 2664 n0-

502 2711 659 2750 scere
697 2696 847 2764 quali
879 2697 1166 2767 vigilantia
1197 2706 1254 2752 et
1288 2697 1500 2767 impetu
1536 2697 1662 2754 ﬁdei
1697 2708 1754 2754 et
1784 2700 2102 2756 dilectionis

501 2786 679 2841 sancti
706 2786 989 2842 caelestem
1017 2788 1356 2850 thesaurum,
1378 2789 1434 2844 id
1457 2797 1564 2854 est,
1583 2789 1814 2860 spiritus
1837 2792 2100 2846 virtutem

502 2875 562 2930 in
610 2875 730 2930 suis
779 2877 1075 2932 animabus
1124 2886 1181 2932 et
1225 2879 1367 2933 coelo
1411 2879 1767 2948 possideant;
1819 2882 1967 2951 quod
2015 2890 2103 2938 est

501 2967 663 3038 quasi
703 2969 886 3023 arrhae
922 2969 1078 3038 regni
1119 2970 1382 3025 caelestis.
1410 2970 1550 3024 Nam
1590 2971 1786 3027 beatus
1817 2974 2103 3042 apostolus

503 3057 712 3112 Paulus
741 3057 810 3112 de
842 3058 948 3113 hoc
973 3059 1185 3114 emlesti
1216 3060 1503 3125 thesauro,
1537 3061 1593 3115 id
1633 3070 1741 3128 est,
1775 3063 1948 3132 gratia
1973 3062 2100 3133 8ιή-

506 3151 650 3205 ritus
680 3167 970 3216 enarrans,
994 3160 1051 3205 et
1082 3152 1496 3208 multitudinem
1535 3153 1960 3209 tribulationum
2001 3171 2098 3210 ex-

505 3227 741 3312 ponens,
768 3242 1046 3313 simulque
1089 3245 1412 3311 ostendens,
1439 3245 1573 3314 quid
1621 3245 1822 3301 debeat
1864 3247 2097 3317 quisque

505 3334 706 3389 exinde
761 3351 1030 3404 qumrcre.
1093 3337 1198 3403 Et,
1266 3337 1402 3406 quid
1464 3338 1754 3409 possidere
1811 3349 2097 3408 oporteat,

505 3425 645 3481 dicit
669 3443 684 3481 :
720 3424 928 3482 Scimus
950 3431 1090 3483 enim
1113 3429 1277 3500 quod,
1303 3432 1348 3483 si
1371 3439 1637 3484 terrenum
1671 3439 1909 3485 nostrum
1933 3432 2102 3486 domi-

505 3523 689 3577 cilium
744 3523 905 3591 Itujus
961 3523 1294 3577 tabernaculi
1346 3523 1671 3576 destructum
1705 3524 1881 3594 fuerit,
1932 3523 2098 3592 (ediﬁ-

2197 1967 2290 2020 τὸν
2309 1966 2403 2020 τοῦ
2435 1968 2642 2038 Κυρίου
2681 1969 2861 2036 λόγον,
2903 1969 3171 2038 καὶπαρά
3193 1970 3294 2036 τὴν
3331 1968 3469 2022 ίδίαν
3497 1967 3677 2037 πνοὴν
3706 1967 3805 2020 τὸν

2199 2061 2402 2132 Κύριον
2435 2061 2596 2131 μόνον
2621 2063 2970 2134 ἠγαπηκότες
2987 2080 3002 2094 ·
3023 2062 3103 2115 διὸ
3135 2062 3232 2116 καὶ
3258 2062 3451 2132 ἄκροις
3479 2061 3685 2132 δώροις
3709 2060 3808 2114 οὓ-

2202 2154 2408 2222 ρανίοις
2434 2153 2534 2226 τὴν
2590 2154 2770 2226 ἀκραν
2802 2157 3028 2226 ἀγάπην
3084 2157 3268 2210 αὐτῶν
3328 2155 3804 2226 ἀμειφθήσονται.

2200 2247 2294 2308 Εἰς
2329 2245 2438 2316 γὰρ
2471 2245 2567 2308 τὰς
2601 2245 2828 2315 θλίψεις,
2859 2249 2954 2299 καὶ
2986 2247 3056 2300 τὰ
3079 2247 3408 2318 παθήματα,
3445 2245 3542 2298 καὶ
3577 2245 3804 2315 ὑπομο-

2200 2336 2318 2406 νὴν,
2351 2336 2447 2389 καὶ
2477 2335 2664 2389 πίστιν
2693 2337 3147 2408 ὲγκεκρυμμέναι
3176 2337 3318 2389 εἰσὶν
3349 2338 3406 2389 αἱ
3434 2333 3800 2403 ἐπαγγελίαι,

2201 2428 2298 2480 καὶ¹
2323 2431 2356 2497 ἡ
2387 2427 2538 2492 δόξα,
2570 2429 2717 2498 καὶὴ
2745 2428 2852 2481 τῶν
2884 2429 3230 2500 ἐπουρανίων
3249 2427 3474 2496 ἀγαθῶν
3507 2424 3806 2480 ἀποκατά-

2204 2537 2416 2584 στασις,
2449 2519 2638 2589 ῶσπερ
2670 2522 2729 2574 ὲν
2763 2521 2841 2592 τῷ
2870 2522 3184 2593 ριπτομένῳ
3207 2521 3340 2591 σίτῳ
3375 2522 3456 2583 είς
3487 2519 3588 2589 τὴν
3623 2518 3739 2588 γῆν
3773 2518 3805 2570 δ

2203 2609 2414 2678 καρπὸς
2449 2607 2482 2680 ἢ
2507 2609 2712 2680 δένδρῳ
2741 2611 3243 2683 ἐπικεντριζομένῳ
3270 2612 3360 2664 διά
3399 2608 3621 2680 σήψεὼς
3647 2624 3805 2669 τινος

2203 2699 2298 2751 καὶ
2321 2699 2548 2769 ἀτιμίας
2575 2699 2932 2772 διερχομένῳ.
2962 2705 3071 2756 Καὶ
3093 2703 3212 2756 τότε
3242 2700 3338 2755 τοῦ
3369 2701 3672 2771 ἐνδύματος
3698 2699 3804 2770 τὴν

2204 2791 2551 2862 εὐπρέπειαν
2583 2792 2680 2846 καὶ
2719 2792 2819 2863 τὴν
2844 2793 3002 2862 δόξαν
3029 2795 3123 2847 καὶ
3152 2794 3245 2848 τὸν
3281 2791 3806 2856 πολυπλασιάζοντα

2203 2883 2417 2952 καρπδν
2429 2882 2832 2955 ἀπεδείχθησαν
2853 2886 3019 2956 ἔχειν,
3044 2885 3119 2950 ὡς
3141 2889 3232 2940 καὶ
3249 2889 3279 2939 ὁ
3309 2886 3629 2949 Ἀπόστολος
3648 2901 3666 2917 ⁶
3695 2885 3807 2940 Διὰ

2204 2971 2460 3026 πολλῶν
2491 2975 2778 3043 θλίψεων,
2817 2978 2972 3047 φησὶ,
3021 2976 3330 3049 δυνάμεθα
3381 2979 3688 3033 εἰσελθεῖν
3712 2982 3807 3045 εἰς

2203 3065 2320 3132 τὴν
2327 3066 2660 3129 βασιλείαν
2683 3067 2804 3121 τῶν
2828 3067 3132 3136 οὐρανῶν⁹
3163 3071 3258 3123 καὶ
3280 3072 3308 3123 ὁ
3331 3071 3563 3141 Κύριο;’
3592 3072 3704 3125 Ἐν
3727 3071 3803 3140 τῇ

2205 3155 2483 3225 ὑπομονῇ
2520 3155 2689 3225 ὑμῶν
2728 3159 3042 3227 κτήσασθε
3075 3161 3184 3227 τὰς
3234 3163 3442 3231 ψυχὰς
3461 3161 3649 3232 ὑμῶν.
3687 3165 3806 3217 Καὶ

2206 3249 2368 3302 πάλιν
2387 3266 2401 3280 ·
2435 3249 2538 3301 Ἐν
2561 3247 2642 3314 τῷ
2668 3250 2876 3319 κόσμῳ
2896 3253 3108 3320 θλίψιν
3129 3253 3318 3317 ἕξετε.
3349 3257 3516 3308 Πόνου
3544 3256 3677 3326 γὰρ,
3703 3257 3804 3308 καὶ

2207 3338 2468 3407 σπουδῆς,
2513 3339 2608 3391 καὶ
2641 3339 2875 3410 νήψεως,
2908 3343 3003 3395 καὶ
3059 3344 3262 3414 πολλῆς
3308 3346 3581 3415 προσοχῆς
3611 3347 3803 3416 χρεία,

2204 3431 2298 3483 καὶ
2327 3429 2604 3499 ὀξύτητος,
2629 3431 2725 3483 καὶ
2743 3432 3018 3496 ἀναιδείας
3034 3434 3091 3487 ὲν
3106 3436 3173 3504 τῇ
3192 3434 3328 3504 πρὸς
3342 3434 3543 3504 Κύριον
3555 3437 3683 3506 αἰτή
3692 3453 3802 3502 σει,

2203 3523 2284 3584 εἰς
2313 3523 2378 3575 τὸ
2405 3524 2705 3592 δυνηθῆναι
2733 3525 3026 3592 διεξελθεῖν
3083 3527 3181 3590 τὰς
3211 3528 3322 3581 τῶν
3366 3529 3569 3598 γηΐνων
3614 3528 3806 3582 ἐπιθυ-

507 3615 774 3669 cationem
819 3629 883 3666 ea:
928 3613 1037 3668 Deo
1085 3615 1357 3678 habemus,
1409 3613 1735 3668 domicilium
1766 3630 1872 3668 non
1903 3631 2099 3668 manu-

2209 3615 2361 3685 μίας,
2391 3617 2648 3683 παγίδας,
2683 3619 2777 3670 καὶ
2813 3617 3044 3688 βρόχους
3077 3618 3187 3672 τῶν
3216 3619 3442 3688 ἡδονῶν,
3479 3620 3576 3674 καὶ
3602 3637 3805 3674 καται-

505 3716 730 3789 factum,
758 3713 1016 3762 internum
1049 3707 1102 3760 in
1133 3704 1274 3759 cazlis
1296 3705 1361 3757 ⁵⁸.

2205 3707 2360 3776 γίδας
2384 3707 2496 3778 (14)
2525 3709 2622 3761 τοῦ
2643 3709 2874 3779 κόσμου,
2893 3709 2985 3762 καὶ
3017 3709 3117 3772 τάς
3151 3710 3259 3764 τῶν
3281 3711 3534 3782 πονηρῶν
3558 3716 3801 3782 πνευμά-

504 3818 614 3854 των
640 3800 1038 3862 ὲπαναστάσεις
1066 3798 1374 3868 διαφυγεῖν,
1409 3798 1506 3850 καὶ
1533 3797 1741 3863 γνῶναι
1769 3797 1974 3864 καλῶς,
2003 3799 2062 3854 ὲν
2096 3801 2227 3873 ποίᾳ
2264 3803 2424 3872 νήψει
2459 3803 2552 3856 καὶ
2590 3805 2887 3876 γοργότητι
2908 3805 3145 3868 πίστεως
3170 3806 3264 3860 καὶ
3297 3807 3521 3878 ἀγάπης
3560 3808 3611 3860 οἱ
3651 3806 3800 3875 ἆγιοι

503 3895 599 3949 τὸν
621 3894 949 3964 ἐπουράνιον
981 3892 1278 3963 θησαυρὸν,
1307 3893 1455 3946 τοῦτ’
1485 3892 1602 3946 ἔστι
1626 3895 1726 3966 τὴν
1778 3895 1875 3948 τοῦ
1929 3897 2253 3966 Πνεύματος
2287 3898 2518 3970 δύναμιν
2577 3902 2635 3952 ὲν
2670 3905 2791 3966 ταῖς
2837 3901 3035 3973 ψυχαῖς
3100 3905 3310 3957 ἑαυτῶν
3353 3905 3603 3959 ἐντεῦθεν
3637 3905 3801 3974 tum.

508 4008 692 4046 σαντο.
726 3993 906 4065 Ὅπερ
932 3992 1082 4048 ἐστὶν
1131 3992 1392 4064 ἀρραϐὼν
1443 3993 1545 4063 τῆς
1579 3991 1881 4062 βασιλείας.
1925 3993 1984 4046 '0
2019 3994 2126 4066 γὰρ
2169 3997 2440 4068 μακάριος
2482 3997 2786 4062 ἀπόστολος
2825 3999 3040 4064 Παῦλος
3103 4002 3234 4071 περὶ
3291 4001 3482 4055 τούτου
3518 4003 3611 4056 τοῦ
3643 4006 3802 4056 ἐπου-

511 4088 696 4160 ρανίου
721 4085 1000 4157 θησαυροῦ
1029 4083 1174 4138 τοῦτ’
1205 4085 1353 4138 ἔστιν
1396 4084 1499 4154 τῆς
1540 4086 1764 4156 χάριτος
1806 4084 1904 4137 τοῦ
1968 4088 2288 4159 Πνεύματος
2348 4090 2725 4161 διηγούμενος,
2763 4093 2859 4146 καὶ
2918 4093 3019 4164 τὴν
3067 4093 3372 4166 ὑπερϐολὴν
3423 4095 3532 4148 τῶν
3563 4095 3800 4165 θλίψεων

507 4181 992 4252 ἐξαγορεύωνβμα
1007 4186 1059 4239 δὲ
1087 4177 1183 4231 καὶ
1200 4176 1586 4242 ὑποδεικνύων,
1626 4176 1679 4229 τί
1723 4177 1930 4246 ὀφείλει
1961 4179 2191 4244 ἕκαστος
2218 4179 2403 4251 ζητεῖν
2435 4183 2736 4255 ὲντεῦθεν.]
2763 4185 2873 4237 Καὶ⁷
2916 4185 2968 4238 τί
3017 4186 3219 4256 ὀφείλει
3255 4189 3579 4257 κτήσασθαι,
3611 4188 3798 4256 λέγει’

512 4273 771 4342 Οἴδαμεν
799 4273 910 4342 γὰρ
944 4270 1034 4324 ὅτι
1101 4268 1210 4323 ἐὰν
1243 4270 1282 4337 ἡ
1313 4269 1574 4340 ἐπίγειος
1612 4268 1783 4338 ἡμῶν
1820 4269 1980 4322 οἰκία
2032 4272 2137 4326 τοῦ
2201 4272 2476 4342 σκήνους
2524 4275 2856 4345 καταλυθῇ,
2894 4276 3222 4347 οἰκοδομὴν
3267 4277 3337 4331 ἐκ
3378 4278 3527 4334 Θεοῦ
3579 4281 3801 4351 ἔχομεν

509 4365 710 4421 οὶκίαν
756 4363 1246 4433 ἀχειροποίητον,
1279 4361 1520 4416 αἰώνιον
1557 4362 1628 4416 ἐν
1655 4363 1954 4430 οὐρανοῖς.
1983 4362 2002 4436 ]

581 4456 697 4511 Vll.
721 4451 1182 4510 Contendend‘um
1206 4451 1372 4523 igitur
1388 4463 1438 4506 et
1463 4451 1824 4509 laborandum
1849 4453 2105 4510 omnibus

2285 4463 2359 4516 Z'.
2406 4463 2642 4532 Ὀφείλει
2687 4462 2780 4522 οὖν
2805 4466 3035 4528 ἕκαστος
3088 4467 3481 4536 ἀγωνίσασθαι,
3508 4489 3602 4525 και
3635 4489 3800 4526 σπουο

515 4563 614 4620 per
641 4560 835 4601 omnes
857 4543 1114 4609 virtutes,
1141 4551 1307 4612 atque
1332 4541 1693 4609 credendum,
1739 4552 1800 4597 ut
1839 4543 2099 4615 deinceps

2210 4551 2372 4606 δάσαι
2421 4555 2510 4608 διὰ
2544 4556 2733 4611 πασῶν
2773 4557 3008 4630 ἀρετῶν,
3066 4558 3160 4610 καὶ
3196 4559 3506 4626 πιστεῦσαι,
3548 4565 3798 4617 ἐντεῦθεν

510 4639 835 4714 possideant
870 4636 1020 4691 illam
1052 4635 1301 4691 domum.
1337 4635 1395 4690 Si
1431 4636 1581 4690 enim
1628 4636 2105 4709 solvaturdomus

511 4730 765 4803 corporis
817 4728 1016 4794 nostri,
1070 4743 1182 4784 non
1229 4727 1499 4782 habemus
1536 4727 1699 4782 aliam
1740 4727 1987 4793 domum,
2036 4730 2104 4784 ad

513 4843 680 4899 quam
712 4825 954 4880 divertat
979 4823 1184 4878 anima.
1218 4821 1276 4877 Si
1312 4831 1512 4887 tamen,
1547 4823 1746 4893 inquit,
1777 4825 1970 4891 induti,
1999 4843 2106 4880 non

515 4920 644 4975 nudi
682 4917 980 4990 reperimur
1003 4917 1072 4983 °°,
1111 4917 1218 4971 hoc
1253 4924 1360 4981 est,
1395 4915 1531 4969 nudi
1561 4932 1592 4970 a
1623 4918 2013 4973 communione
2050 4927 2107 4974 et

514 5013 944 5084 participatione
971 5010 1216 5082 Spiritus
1244 5009 1443 5075 sancti,
1471 5010 1527 5064 in
1563 5025 1671 5081 qua
1709 5011 1888 5066 ﬁdelis
1927 5013 2109 5067 anima

515 5105 695 5159 solum
729 5104 1082 5174 requiescere
1121 5111 1323 5173 potest.
1369 5103 1667 5172 Propterea
1708 5104 1878 5169 enim,
1913 5105 2007 5174 qui
2050 5121 2108 5160 re

515 5209 651 5250 vera
698 5202 755 5248 et
799 5194 1008 5249 virtute
1036 5193 1335 5249 Christiani
1364 5203 1518 5261 sunt,
1556 5193 1702 5248 bono
1733 5203 1864 5249 sunt
1897 5197 2106 5264 animo,

515 5293 573 5340 et
599 5283 842 5356 gaudent
865 5283 1161 5354 migrantes
1176 5300 1206 5338 e
1223 5299 1478 5357 corpore,
1505 5286 1634 5354 quia
1655 5285 1862 5340 habent
1881 5285 2107 5340 domum

518 5376 672 5432 illam
718 5375 977 5431 manibus
1021 5391 1133 5430 non
1187 5385 1561 5442 exstructam,
1613 5391 1737 5446 quae
1783 5377 1982 5432 domus
2025 5385 2111 5433 est

519 5471 696 5526 virtus
749 5467 990 5540 Spiritus
1041 5468 1219 5524 sancti
1268 5468 1324 5522 in
1356 5468 1464 5524 illis
1511 5467 1786 5525 habitans.
1833 5468 1890 5526 Si
1941 5469 2110 5542 igitur

595 5606 640 5638 "
663 5603 786 5659 Act.
808 5603 1030 5662 XIV/.21.
1107 5593 1310 5660 “Luc.
1336 5618 1448 5668 xm,
1474 5602 1561 5659 l9.
1637 5605 1683 5637 ⁵⁸
1703 5605 1859 5662 Joan.
1884 5621 1994 5671 xvr,
2019 5605 2110 5661 '55.
2187 5607 2231 5638 ⁶³
2260 5605 2306 5660 ll
2337 5605 2467 5664 Cor.
2507 5625 2561 5678 ν,
2597 5611 2646 5666 l.

1768 5722 2027 5817 .VARMS
2069 5723 2479 5783 LECTIONES.

591 5804 710 5879 ’(14)
733 5805 876 5865 ϐοά.
904 5812 1214 5880 κατεγίδας,
1457 5825 1462 5828 ι
1602 5813 1740 5862 ,τεν

2212 4649 2520 4719 κτήσασθαι
2576 4651 2671 4705 τὸν
2727 4647 2874 4706 οἷκον
2937 4653 3165 4706 ἐκεῖνον.
3214 4653 3338 4707 Ἐὰν
3365 4655 3474 4725 γάρ
3521 4660 3795 4729 καταλυθῇ

2215 4740 2374 4812 ἡμῶν
2401 4743 2430 4793 ὀ
2465 4737 2616 4806 οἶκος
2649 4742 2743 4796 τοῦ
2791 4745 3062 4815 σώματος,
3095 4745 3194 4797 οὑκ
3220 4745 3416 4815 ἔχομεν
3439 4746 3597 4800 ἄλλον
3628 4744 3795 4810 οἷκον,

2212 4832 2294 4894 εἰς
2343 4831 2403 4885 ὃν
2460 4833 2756 4887 καταλύσει
2807 4835 3031 4905 ἡμῶνή
3079 4835 3450 4906 ψυχήιζΕῖγε,
3485 4842 3619 4908 φησὶ
3648 4881 3664 4907 ,
3703 4841 3795 4895 καί

2214 4920 2614 4993 ἐνδυσάμενοι
2665 4927 2738 4980 οὐ
2776 4931 2990 4996 γυμνοί
3022 4929 3496 4996 εὑρεθησόμεθα,
3524 4933 3797 4984 τουτέστιν

2213 5012 2321 5066 ἀπὸ
2341 5017 2439 5085 τῆς
2471 5016 2756 5081 κοινωνίας
2787 5020 2880 5071 καὶ
2909 5019 3272 5089 ἀνακράσεως
3304 5021 3397 5074 τοῦ
3429 5022 3587 5090 ἁγίου
3624 5025 3794 5077 Πνεύ-

2219 5120 2408 5173 ματος,
2449 5107 2529 5168 εἰς
2587 5107 2657 5178 ἢν
2721 5108 2884 5178 μόνον
2933 5111 2966 5180 ἡ
3019 5112 3188 5183 πιστὴ
3237 5111 3385 5183 ψυχὴ
3421 5114 3793 5168 ἀναπαύεσθαι

2214 5194 2459 5251 δύναται.
2495 5199 2593 5251 Διά
2626 5198 2786 5252 τοῦτο
2826 5201 2933 5273 γὰρ
2965 5203 3014 5254 οἱ
3048 5201 3198 5266 ὄντες
3227 5205 3282 5257 ἐν
3312 5204 3540 5275 ἀληθείᾳ
3589 5209 3682 5259 καὶ
3709 5207 3794 5259 δυ-

2215 5287 2377 5358 νάμει
2412 5289 2733 5360 Χριστιανοὶ
2774 5291 3038 5364 θαρροῦσι
3079 5296 3171 5348 καὶ
3201 5295 3484 5366 χαίρουσιν
3509 5296 3793 5369 ἐξερχόμε-

2216 5393 2295 5431 νοι
2355 5376 2454 5447 τῆς
2490 5379 2712 5450 σαρκὸς,
2742 5383 2824 5436 ὅτι
2884 5383 3100 5454 ἔχουσιν
3148 5386 3357 5439 ἐκεῖνον
3405 5386 3496 5439 τὸν
3527 5381 3674 5441 οἶκον
3703 5396 3791 5440 τὸν

2215 5468 2650 5540 ἀχειροποίητον,
2690 5473 2748 5538 ὃς
2800 5475 2948 5528 ἐστιν
2976 5471 3142 5543 οἶκος,
3173 5478 3207 5548 ἡ
3237 5476 3460 5533 οἰκοῦσα
3509 5481 3567 5532 ὲν
3611 5480 3792 5543 αὐτοῖς

2748 5612 2792 5644 ⁸⁷
2817 5611 2956 5669 ibid.
2992 5614 3045 5670 5.
