4016 6434
289 275 390 337 513

1520 273 1890 337 HOMILI/E.
1920 296 1990 308 -'
2016 271 2201 331 ΠΟΜ.
2244 274 2313 333 V.

3424 278 3528 343 514

282 386 361 441 τοῦ
397 382 713 455 Πνεύματος
743 384 993 454 δύναμις.
1041 384 1161 438 Κάν
1202 384 1478 455 καταλυθῇ
1526 403 1619 439 ουν
1672 387 1705 454 ἡ
1747 384 1837 437 τοῦ

1944 383 2288 438 destructum
2311 384 2479 438 fuerit
2502 386 2750 454 corporis
2772 386 3137 454 domicilium,
3160 405 3267 446 non
3292 393 3523 450 timent:

286 476 513 544 σώματος
540 473 711 538 οἰκία,
746 476 810 526 ού
838 471 1126 541 φοϐοῦνται
1153 487 1169 503 ⁶
1205 472 1390 541 ἔχουσι
1416 472 1523 541 γὰρ
1542 474 1643 543 τὴν
1674 473 1839 524 ἐπου-

288 570 451 639 ράνιον
485 567 580 619 τοῦ
612 566 931 635 Πνεύματος
956 566 1155 631 οίκίαν,
1187 567 1285 619 καὶ¹
1314 565 1413 636 τὴν
1436 566 1593 630 δόξαν
1623 565 1841 632 ἐκείνην

286 660 369 728 τὴν
412 658 707 726 ἄφθαρτον,
738 659 859 726 ἥτις
891 655 1017 722 δόξα
1068 660 1126 711 ὲν
1152 660 1219 727 τῇ
1255 657 1440 728 ἡμέρᾳ
1484 658 1582 727 τῆς
1613 656 1841 710 ἀναστάι

291 768 406 813 eam;
426 749 767 820 οἰκοδομήσει
803 748 895 801 καὶ
920 748 1131 813 δοξάσει
1158 750 1253 802 καὶ
1284 750 1377 801 τὸν
1419 744 1568 803 οἶκον
1604 748 1699 803 τοῦ
1732 748 1839 801 σώ-

291 844 454 911 ματος,
484 840 559 903 ὦς
585 858 751 911 φησιν
779 843 807 894 δ
844 842 1162 904 Ἀπόστολος
1182 859 1197 874 ο
1227 841 1291 894 '0
1320 842 1554 910 ἐγείρας
1581 841 1843 909 Χριστὸν

287 935 343 986 ἐκ
387 931 651 1001 νεκρῶν,
693 930 1043 1002 ζωοποιήσει
1090 932 1187 987 καί
1232 933 1306 987 τὰ
1367 934 1554 999 θνητὰ
1595 932 1840 1001 σώματα

288 1023 433 1093 ήμῶν
458 1023 557 1077 διὰ
600 1022 708 1078 τοῦ
742 1023 1130 1090 ἐνοικοῦντος
1156 1024 1346 1077 αὐτοῦ
1392 1025 1739 1092 Πνεύματος
1771 1023 1841 1076 ἐν

290 1115 430 1183 ἡμῖν.
464 1115 575 1166 Καὶ
607 1114 796 1167 πάλιν·
824 1115 960 1168 Ἵνα
990 1114 1089 1167 καί
1121 1115 1159 1182 ἡ
1194 1112 1305 1181 ζωὴ
1332 1113 1442 1167 τοῦ
1486 1111 1691 1179 Ἰησοῦ
1721 1127 1837 1180 φα-

287 1204 489 1273 νερωθῇ
526 1206 587 1257 ἐν
622 1205 697 1273 τῇ
725 1205 910 1272 θνητῇ
944 1208 1123 1274 σαρκὶ
1169 1204 1360 1273 ἡμῶν
1396 1204 1495 1258 καὶ
1527 1205 1651 1268 ἵνα,
1682 1204 1836 1271 φησὶ,

283 1294 573 1363 καταποθῇ
607 1297 673 1349 τὸ
714 1296 934 1363 θνητὸν
961 1296 1079 1349 ὑπὸ
1108 1295 1218 1363 τῆς
1243 1293 1414 1363 ζωῆς.

342 1407 417 1459 H'.
459 1403 881 1475 ’Δγωνισώμεθα
923 1401 1017 1457 οὖν
1064 1404 1151 1457 διὰ
1200 1406 1297 1472 τῆς
1332 1404 1568 1468 πίστεως
1610 1405 1704 1458 καὶ
1737 1404 1839 1471 τῆς

278 1496 521 1567 ἐναρέτου
564 1496 841 1558 πολιτείας
887 1493 1137 1548 ἐντεῦθεν
1174 1494 1479 1565 κτήσασθαι
1526 1495 1587 1547 τὸ
1633 1495 1837 1565 ἔνδυμα

281 1590 460 1647 ἐκεῖνο,
505 1586 595 1638 ἵνα
653 1583 727 1656 μὴ
778 1584 1130 1655 ἐνδυσάμενοι
1160 1584 1220 1637 τὸ
1256 1583 1417 1654 σῶμα
1447 1584 1645 1652 γυμνοὶ
1684 1584 1838 1654 εὐρε-

280 1680 471 1750 θῶμεν,
512 1680 611 1733 καὶ
660 1681 760 1732 οὐκ
804 1678 952 1732 ἐστιν
976 1679 1005 1731 ὃ
1034 1679 1249 1745 δοξάσει
1289 1678 1447 1750 ήμῶν
1471 1680 1528 1731 ὲν
1558 1677 1743 1748 ἐκείνῃ
1768 1678 1833 1746 τῇ
1871 1726 1912 1781 Β

277 1773 447 1842 ἡμέρα
480 1770 582 1840 τὴν
636 1772 836 1841 σάρκα.
873 1771 1145 1834 Ἕκαστος
1194 1769 1303 1840 γὰρ
1348 1771 1471 1823 ὅσον
1521 1768 1836 1840 κατηξιώθη

272 1863 353 1916 διὰ
396 1862 494 1932 τῆς
539 1862 774 1924 πίστεως
822 1861 918 1915 καὶ
957 1861 1197 1931 σπουδῆς
1234 1860 1459 1932 μέτοχος
1483 1861 1641 1930 ἀγίου
1677 1859 1839 1915 Ilvati-

273 1970 432 2024 ματος
476 1950 748 2020 γενέσθαι,
772 1952 1027 2007 τοσοῦτον
1057 1955 1114 2006 tv
1146 1953 1331 2024 ἐκείνῃ
1372 1956 1438 2024 τῇ
1471 1954 1651 2023 ἡμέρᾳ
1680 1952 1836 2015 δοξα-

270 2043 527 2109 σθήσεται
564 2039 731 2093 αὐτοῦ
780 2041 876 2092 καὶ
904 2040 964 2094 τὸ
997 2040 1178 2112 σῶμα.
1217 2044 1283 2094 Ὀ
1311 2042 1420 2111 γὰρ
1449 2041 1543 2093 νῦν
1572 2041 1837 2112 ὲναπεθη-

263 2132 524 2201 σαύρισεν
572 2130 783 2200 ενδονή
822 2129 988 2201 ψυχὴ,
1030 2132 1152 2183 τότε
1200 2130 1712 2202 ἀποκαλυφθήσεται
1741 2131 1836 2184 καὶ

260 2224 568 2291 φανήσεται
616 2219 817 2284 ἔξωθεν
847 2219 941 2272 τοῦ
981 2219 1254 2290 σώματος.
1292 2222 1502 2293 Ὥσπερ
1539 2222 1608 2275 τὰ
1646 2222 1836 2291 δένδρα

257 2310 679 2382 παρεληλυθότα
726 2310 819 2363 τὸν
872 2310 1116 2379 χειμῶνα
1162 2311 1536 2381 ἐπιθαλψάσης
1558 2312 1837 2384 δυνάμεως

254 2404 518 2474 ἀοράτου,
553 2401 617 2454 ἐκ
662 2417 722 2453 τε
768 2399 861 2453 τοῦ
911 2400 1065 2470 ἡλίου
1097 2400 1194 2454 καὶ
1221 2401 1330 2454 τῶν
1363 2404 1581 2472 ἀνέμων
1606 2402 1833 2469 ἔσωθεν,

253 2493 461 2562 ἐκφύει
510 2492 605 2545 καὶ
660 2490 911 2545 ἐκϐάλλει
958 2491 1149 2562 ὥσπερ
1198 2491 1475 2562 ἐνδύματα
1516 2492 1713 2563 φύλλα,
1742 2495 1837 2548 καὶ

251 2585 425 2655 ἄνθη,
474 2585 570 2635 καὶ
610 2582 893 2654 καρπούς·
944 2582 1145 2653 ὁμοίως
1170 2583 1238 2636 τὰ
1264 2582 1358 2637 τοῦ
1396 2586 1591 2655 χόρτου
1625 2584 1761 2654 ἄνθη
1780 2586 1838 2636 ἐν

249 2678 459 2745 ἐκείνῳ
491 2674 568 2745 τῷ
604 2674 804 2744 καιρῷ,
839 2672 1048 2726 ἔνδοθεν
1091 2675 1155 2726 ἐκ
1186 2674 1295 2725 τῶν
1333 2675 1550 2727 κόλπων
1591 2677 1689 2744 τῆς
1732 2676 1839 2745 γῆς

248 2764 755 2835 προέρχονται,καὶ
774 2762 1035 2815 σκέπεται
1063 2763 1157 2815 καὶ
1177 2763 1539 2832 ἀμφιέννυται
1569 2765 1602 2833 ή
1632 2764 1839 2833 γῆ,καὶ

247 2857 275 2907 ὀ
302 2855 506 2924 χόρτος
532 2852 607 2915 ὡς
634 2854 701 2906 τά
732 2851 913 2923 κρίνα,
950 2855 1077 2924 περὶ
1108 2848 1183 2907 ὧν
1218 2856 1246 2907 ό
1287 2853 1487 2923 Κύριος
1510 2847 1682 2906 εἶπεν·
1716 2854 1839 2907 Ὅτι

243 2946 399 2999 οὐδὲ
437 2943 723 3014 Σολομὼν
752 2945 822 2998 ἐν
849 2944 1017 3013 πάσῃ
1043 2946 1115 3015 τῇ
1150 2945 1299 3015 δόξῃ
1338 2945 1525 3000 αὐτοῦ
1575 2944 1839 3012 περιεϐά-

1943 472 2151 527 habent
2198 472 2345 527 enim
2393 474 2618 530 caeleste
2652 475 2897 544 Spiritus
2926 478 3290 546 domicilium,
3332 491 3389 538 et
3414 485 3528 555 glo-

1944 564 2079 617 riam
2130 564 2277 617 illam
2328 564 2875 632 immarcescibilem,
2932 585 3051 638 qua:
3106 572 3282 641 gloria
3330 574 3385 627 in
3436 576 3527 631 die

1944 654 2367 709 resurrectionis
2392 656 2690 712 aediﬁcabit
2712 668 2769 712 et
2798 660 3128 729 gloriﬁeabit
3152 662 3378 718 domum
3404 679 3527 719 cor-

1941 748 2110 816 poris,
2144 754 2207 800 nt
2250 747 2429 816 inquit
2476 748 2817 817 Apostolus:
2863 751 2916 804 Is
2958 753 3050 821 qui
3093 756 3334 809 excitavit
3377 756 3529 810 Chri-

1939 846 2079 891 stum
2098 853 2161 891 ea:
2184 838 2426 903 mortuis,
2451 830 2731 907 viviﬁcabit
2750 849 2799 894 et
2824 843 3073 897 mortalia
3101 862 3321 915 corpora
3342 856 3527 901 nostra

1940 929 2335 997 proptertimius
2363 926 2624 998 Spiritum
2644 931 3027 987 inhabitantem
3056 936 3110 988 in
3137 937 3281 990 nobis
3298 938 3435 991 ‘7'“.
3458 940 3527 993 Et

1941 1034 2159 1073 rursum
2198 1036 2211 1071 :
2271 1018 2335 1073 Ut
2384 1027 2434 1073 et
2482 1021 2591 1075 vita
2632 1022 2760 1075 Jesu
2805 1026 3172 1093 manifestetur
3209 1029 3265 1080 in
3307 1029 3526 1083 mortali

1939 1127 2099 1164 carne
2140 1122 2321 1165 nostra
2339 1112 2406 1165 ⁶¹.
2437 1142 2508 1152 -
2538 1112 2609 1167 Et
2644 1124 2724 1177 ut,
2758 1115 2961 1184 inquit,
2996 1117 3338 1173 absorbeatur
3377 1137 3521 1174 mor-

1941 1204 2049 1257 tale
2078 1206 2218 1274 quod
2245 1207 2301 1259 in
2331 1206 2475 1260 nobis
2505 1214 2604 1273 est,
2631 1223 2665 1259 a
2690 1207 2797 1261 vita
2817 1208 2883 1261 “.

2009 1400 2115 1471 25
2138 1402 2272 1456 Vill.
2293 1400 2579 1457 Certemus
2597 1401 2763 1473 igitur
2776 1418 2876 1471 per
2893 1402 3053 1459 ﬁdem
3075 1415 3132 1460 et
3150 1408 3521 1464 conversatio-

1940 1506 2065 1545 nem
2098 1492 2151 1545 in
2187 1491 2337 1545 omni
2367 1490 2593 1555 virtute,
2624 1492 2853 1561 posthac
2890 1507 3209 1563 comparare
3241 1496 3400 1551 nobis
3434 1499 3520 1552 in-

1938 1582 2262 1637 dumentum
2313 1580 2478 1647 illud,
2527 1597 2598 1637 ne
2640 1597 2876 1652 corpore
2924 1585 3101 1639 induti
3150 1587 3284 1641 nudi
3319 1588 3518 1659 depre-

1940 1673 2264 1737 hendamur,
2295 1687 2399 1728 nec
2446 1672 2519 1728 sit
2561 1673 2708 1742 quod
2742 1674 3015 1743 gloriﬁcet
3060 1676 3115 1730 in
3160 1677 3249 1732 illa
3281 1678 3370 1735 die
3413 1696 3518 1736 no-

1939 1778 2106 1823 stram
2156 1783 2411 1831 carnem,
2459 1766 2737 1833 Quantum
2783 1768 2931 1822 enim
2992 1771 3367 1841 unusquisque
3418 1789 3519 1843 per

1939 1860 2099 1914 tidem
2133 1874 2198 1913 ac
2246 1858 2490 1914 studium
2542 1857 2780 1928 Spiritus
2824 1859 2997 1913 sancti
3029 1859 3280 1929 accipere
3319 1862 3517 1932 dignus

1938 1950 2159 2005 habitus
2185 1958 2291 2014 est,
2316 1958 2526 2004 tantum
2554 1948 2609 2002 in
2638 1948 2728 2002 illa
2758 1948 2848 2003 die
2872 1950 3269 2020 gloriﬁcabitur
3296 1968 3516 2023 quoque

1936 2044 2054 2113 ejus
2098 2057 2317 2112 corpus.
2364 2040 2512 2108 Quos
2552 2041 2701 2095 enim
2748 2055 2898 2095 nunc
2956 2042 3243 2098 thesauros
3294 2045 3517 2116 collegit

1938 2133 2086 2187 intus
2118 2132 2321 2193 anima,
2356 2140 2488 2186 tunc
2522 2130 2915 2186 revelabuntur
2940 2140 2998 2187 et
3039 2133 3383 2203 apparebunt
3414 2150 3513 2190 ex-

1938 2235 2094 2281 terne
2118 2226 2174 2280 in
2201 2241 2453 2295 corpore.
2477 2223 2947 2291 Quemadmodum
2969 2226 3215 2291 arbores,
3238 2226 3515 2295 praeterita

1938 2319 2138 2382 hieme,
2171 2319 2389 2375 fovente
2416 2319 2506 2373 illa
2531 2318 2774 2388 potentia
2805 2318 3089 2381 invisibili,
3118 2332 3240 2387 quae
3261 2334 3292 2373 a
3322 2318 3435 2374 sole
3457 2328 3517 2374 et

1936 2412 2115 2467 ventis
2156 2420 2271 2475 est,
2304 2421 2458 2466 extra
2507 2410 2803 2481 projiciunt
2850 2419 2905 2464 et
2949 2408 3210 2464 emittunt
3254 2418 3512 2479 tanquam

1936 2502 2279 2567 indumenta,
2317 2503 2445 2557 folia
2481 2511 2537 2557 et
2577 2502 2740 2557 ﬂores
2773 2508 2831 2555 et
2879 2500 3135 2554 fructus:
3173 2498 3429 2555 similiter
3455 2507 3514 2553 et

1935 2594 2241 2664 graminum
2269 2592 2432 2647 ﬂores
2466 2592 2561 2646 illo
2594 2599 2839 2661 tempore
2871 2590 2940 2644 ab
2971 2590 3165 2645 intimo
3196 2589 3321 2643 sinu
3353 2598 3514 2645 terra:

1936 2682 2381 2752 progrediuntur,
2407 2690 2464 2735 et
2494 2682 2568 2735 ita
2600 2681 2803 2751 tegitur
2831 2689 2995 2749 atque
3020 2680 3313 2734 decoratur
3340 2688 3509 2742 terra,

1935 2778 1991 2825 et
2019 2786 2242 2840 gramen
2288 2771 2456 2825 veluti
2492 2770 2628 2834 lilia,
2677 2770 2746 2825 de
2791 2770 2995 2839 quibus
3022 2770 3289 2825 Dominus
3326 2769 3509 2825 dixit:

1936 2861 2074 2929 quod
2140 2876 2305 2932 neque
2362 2860 2620 2916 Salomon
2665 2862 2722 2915 in
2752 2862 3026 2915 v‘universa
3073 2861 3248 2932 gloria
3297 2878 3395 2915 sua
3436 2863 3512 2915 sic

1936 2953 2156 3005 amictus
2178 2952 2337 3021 fuerit
2360 2961 2418 3006 ut
2460 2969 2625 3007 unum
2644 2968 2708 3006 ea:
2730 2953 2808 3006 his
2836 2951 2901 3005 ”.
2931 2952 3126 3008 Omnia
3144 2953 3291 3007 enim
3315 2953 3511 3023 hujus-

242 3043 398 3093 .Ieto
438 3039 520 3104 ὡς
556 3037 626 3091 ἐν
653 3038 899 3091 τούτων.
926 3037 1110 3092 Ταῦτα
1152 3038 1261 3109 γὰρ
1299 3038 1476 3091 πάντα
1508 3035 1837 3105 ὑποδείγμα-

1939 3042 2085 3097 modi
2127 3044 2378 3115 exempla
2409 3053 2541 3099 sunt
2587 3044 2699 3116 typi
2739 3058 2805 3099 ac
2848 3043 3133 3114 imagines'
3163 3043 3512 3101 Christiano-

243 3150 345 3195 τα,
400 3131 498 3183 καὶ
538 3129 721 3196 τύποι,
753 3130 847 3183 καὶ
875 3129 1083 3194 εἰκόνες
1112 3131 1217 3183 εἰσὶ
1266 3129 1376 3185 τῶν
1402 3128 1748 3199 Χριστιανῶν
1778 3129 1835 3179 tv

244 3226 319 3294 τῇ
350 3222 669 3275 ἀναστάσει.

326 3330 407 3383 8'.
440 3328 599 3381 Οὕτω
648 3329 851 3391 πάσαις
874 3331 996 3392 ταῖς
1039 3328 1307 3397 φιλοθέοις
1334 3328 1554 3399 ψυχαῖς,
1588 3328 1838 3382 τουτέστι

244 3426 367 3484 τοῖς
401 3418 678 3488 ἀληθινοῖς
717 3422 1083 3491 Χριστιανοῖς,
1120 3421 1233 3474 ἔστι
1285 3422 1391 3491 μὴν
1439 3420 1657 3490 πρῶτος
1702 3419 1839 3473 Ξαν-

247 3512 434 3578 θικὸς,
471 3512 499 3560 ὀ
528 3511 857 3582 καλούμενος
897 3512 1226 3581 Ἀπρίλλιος,
1256 3513 1393 3582 ὅπερ
1422 3512 1566 3564 ἐστιν
1597 3512 1630 3581 ή
1656 3510 1838 3581 ἡμέρα

246 3604 353 3671 τῆς
406 3602 782 3665 ἀναστάσεως,
827 3601 925 3654 καὶ
968 3603 1056 3654 διὰ
1097 3601 1198 3671 τῆς
1239 3602 1523 3671 δυνάμεως
1557 3601 1652 3653 τοῦ
1683 3599 1835 3670 ἡλίου

248 3694 353 3763 τῆς
402 3692 748 3762 δικαιοσύνης
799 3691 1009 3746 ἔνδοθεν
1051 3692 1333 3761 ἐξέρχεται
1367 3692 1494 3757 δόξα
1535 3692 1629 3743 τοῦ
1678 3692 1837 3758 ἁγίου

254 3785 600 3855 Ιινεύματος,
634 3784 985 3837 καλύπτουσα
1018 3785 1113 3838 καὶ
1134 3783 1483 3845 σκεπάζουσα
1511 3782 1579 3835 τά
1609 3781 1837 3853 σώματα

252 3876 365 3929 τῶν
411 3876 583 3943 ἁγίων
607 3890 620 3903 ·
652 3876 828 3946 ἥνπερ
858 3876 1015 3941 δόξαν
1077 3870 1224 3944 εἶχον
1271 3874 1419 3927 ἔνδον
1452 3874 1837 3943 ἐγκεκρυμμέ-

253 3984 354 4037 νην
382 3970 444 4021 tv
466 3970 583 4029 ταῖς
599 3966 822 4036 ψυχαῖς.
852 3967 1029 4037 Ὅπερ
1052 3967 1159 4037 γὰρ
1191 3964 1303 4035 ἔχει
1332 3964 1449 4031 νῦν,
1480 3964 1609 4018 αὐτὸ
1634 3965 1836 4035 προέρο

251 4075 415 4131 χεται
449 4057 647 4124 ἔξωθεν
673 4058 765 4111 τοῦ
794 4056 1044 4128 σώματος
1073 4058 1215 4111 τότε.
1256 4052 1446 4121 Οὗτος,
1475 4058 1639 4127 φημὶ,
1666 4058 1695 4109 ό
1729 4056 1835 4126 μὴν

254 4148 475 4219 πρῶτός
512 4156 627 4201 εστι
661 4150 771 4211 τοῖς
821 4148 956 4217 μησὶ
996 4148 1091 4201 τοῦ
1140 4146 1387 4201 ἐνιαυτοῦ
1413 4163 1427 4176 ο
1460 4142 1615 4210 οὗτος
1661 4148 1835 4216 χαρὰν

255 4238 561 4307 προσφέρει
599 4240 750 4311 πάσῃ
796 4240 864 4309 τῇ
916 4237 1119 4291 κτίσει·
1178 4232 1333 4302 οὗτος
1388 4239 1716 4308 ἀμφιέννυσι
1771 4240 1835 4292 τὰ

252 4330 441 4399 γυμνά
486 4329 699 4400 δένδρα,
727 4330 825 4401 τὴν
875 4331 981 4398 γῆν
1014 4330 1331 4397 διανοίγων·
1364 4326 1519 4392 οὗτος
1556 4332 1690 4383 πᾶσι
1721 4333 1834 4393 τοῖς

255 4418 421 4485 ζώοις
458 4420 633 4489 χαράν
686 4421 1005 4491 προσφέρει,
1044 4413 1200 4484 οὗτος
1232 4420 1329 4491 τὴν
1366 4422 1660 4491 ἱλαρότητα
1700 4423 1833 4475 πᾶσι

253 4510 514 4576 δεικνύει,
555 4505 709 4575 οὗτός
757 4513 873 4565 ἐστι
922 4512 1031 4565 τῶν
1087 4512 1432 4582 Χριστιανῶν
1463 4512 1681 4583 πρῶτος
1732 4512 1832 4581 μὲν

253 4604 539 4666 Ξανθικὸς,
570 4604 626 4666 ὃς
653 4608 768 4658 ἐστι
791 4605 889 4675 τῆς
911 4606 1258 4668 ἀναστάσεως
1288 4606 1498 4675 καιρὸς,
1533 4608 1590 4658 ὲν
1616 4599 1660 4672 ᾧ
1680 4604 1835 4669 δοξα-

256 4695 547 4766 σθήσονται
576 4698 642 4750 τὰ
684 4697 910 4767 σώματα
941 4697 1139 4761 αὐτῶν,
1172 4698 1259 4750 διὰ
1296 4696 1390 4750 τοῦ
1436 4698 1544 4750 ἀπὸ
1598 4697 1694 4750 τοῦ
1740 4698 1835 4750 νῦν

254 4788 409 4848 (mo;
446 4788 504 4839 tv
534 4788 719 4851 αὐτοῖς
764 4790 943 4856 φωτὸς
974 4789 1239 4857 ἀρρήτου,
1269 4789 1518 4843 τουτέστι
1547 4790 1646 4859 τῆς
1676 4790 1834 4842 δυνά-

261 4893 407 4945 μεως
445 4875 541 4928 τοῦ
580 4874 918 4945 Πνεύματος,
946 4875 1085 4943 ὅπερ
1115 4874 1268 4927 ἔσται
1294 4876 1478 4937 αὐτοῖς
1516 4875 1639 4927 τότε
1680 4874 1832 4926 ἔνδυ-

262 4982 357 5036 μα,
399 4964 620 5035 βρῶσις,
661 4967 838 5031 πόσις,
866 4965 1209 5033 ἀγαλλίασις,
1264 4966 1432 5035 χαρὰ,
1476 4965 1688 5035 εἰρήνη,
1729 4964 1835 5033 ἄμ-

259 5074 399 5126 φιον,
435 5056 549 5128 ζωὴ
596 5056 849 5119 αίώνιοςο
880 5058 1030 5110 πᾶσα
1080 5057 1191 5126 γὰρ
1234 5057 1466 5126 καλλονὴ
1504 5054 1831 5126 λαμπρότη-

258 5166 365 5213 τος,
396 5150 490 5202 καὶ
523 5148 853 5219 ὠραιότητος
886 5147 1165 5218 οὐρανίου,
1189 5148 1269 5211 τίς
1292 5147 1490 5211 αὐτοὺς
1518 5147 1579 5200 τὺ
1607 5145 1832 5212 Πνεῦμα

254 5241 352 5311 τῆς
392 5240 646 5313 θεότητος
691 5239 901 5308 γίνεται
930 5239 1090 5307 (τότε,
1133 5239 1270 5310 ὅπερ
1321 5237 1430 5293 ἀπὸ
1467 5237 1561 5292 τοῦ
1613 5236 1709 5289 νῦν
1740 5236 1827 5289 δέ-

256 5331 445 5396 ξασθαι
477 5329 914 5401 κατηξιώθησαν.

323 5446 372 5500 l'.
407 5443 533 5507 ΙΙῶς
581 5441 765 5495 τοίνυν
801 5441 1028 5505 Exacto;
1064 5441 1224 5512 ἡμῶν
1262 5442 1467 5511 ὀφείλει
1516 5440 1830 5503 πιστεῦσαι,

1937 3148 2057 3186 rum
2086 3134 2141 3187 in
2156 3135 2598 3189 resurrectione.

2006 3334 2097 3391 IX.
2140 3337 2437 3406 Propterea
2474 3336 2732 3391 omnibus
2774 3336 2973 3390 animis
3004 3336 3177 3389 Deum
3225 3334 3510 3404 diligenti-

1938 3425 2060 3488 bus,
2093 3425 2197 3481 hoc
2238 3434 2342 3491 est,
2386 3427 2533 3481 veris
2573 3426 2923 3491 Christianis,
2956 3427 3170 3496 primus
3194 3426 3397 3480 mensis
3426 3435 3513 3479 est

1938 3515 2262 3581 Xanthicus,
2292 3517 2386 3586 qui
2414 3517 2618 3572 dicitur
2640 3516 2861 3586 Aprilis,
2889 3517 2983 3585 qui
3016 3516 3237 3585 quidem
3281 3524 3366 3570 est
3392 3517 3514 3570 dies

1938 3607 2377 3669 resurrectionis,
2414 3605 2471 3660 in
2512 3623 2623 3675 quo
2655 3623 2755 3675 per
2800 3607 3061 3661 virtutem
3110 3605 3240 3659 solis
3282 3606 3514 3675 iustitia:

1938 3694 2085 3749 intus
2110 3694 2355 3765 exsurgit
2397 3694 2569 3764 gloria
2613 3694 2852 3763 Spiritus
2894 3696 3090 3756 sancti,
3123 3703 3417 3763 protegens
3446 3709 3513 3749 ac

1937 3784 2131 3838 fovens
2185 3798 2419 3853 corpora
2470 3792 2786 3837 sanctorum
2823 3797 3033 3852 :quam
3080 3781 3310 3853 gloriam
3361 3782 3513 3837 intus

1939 3875 2216 3929 habebant
2244 3873 2620 3929 absconditam
2660 3873 2715 3927 in
2745 3872 2960 3927 animis.
2990 3872 3149 3938 Quod
3180 3873 3328 3928 enim
3363 3889 3513 3928 nunc

1938 3966 2163 4029 habent,
2206 3965 2343 4019 illud
2372 3965 2608 4035 emergit
2650 3971 2781 4019 tunc
2823 3972 2979 4019 extra
3003 3979 3225 4034 corpus.
3265 3965 3386 4025 Hie.
3422 3965 3509 4019 in-

1936 4074 2121 4128 quam,
2169 4058 2375 4111 mensis
2398 4058 2611 4128 primus
2643 4065 2727 4111 est
2776 4056 2919 4111 inter
2956 4071 3174 4111 menses
3214 4056 3342 4111 anni
3380 4056 3513 4110 :hic

1936 4150 2194 4221 gaudium
2227 4149 2389 4205 aﬂ'crt
2437 4150 2586 4204 omni
2639 4158 2935 4214 creaturae;
2986 4148 3078 4201 hic
3120 4147 3287 4202 vestit
3334 4147 3514 4202 nudas

1935 4242 2180 4304 arbores,
2212 4249 2414 4296 terram
2447 4242 2700 4311 aperiens
2729 4258 2743 4308 ;
2774 4241 2865 4296 hic
2889 4240 3149 4295 omnibus
3179 4236 3515 4294 animalibus

1939 4332 2198 4402 gaudium
2244 4333 2423 4402 parit,
2468 4333 2563 4387 hic
2624 4332 2882 4387 omnibus
2929 4331 3265 4386 hilaritatem
3316 4331 3512 4397 aii‘ert,

1866 4391 1912 4448 υ
1943 4425 2036 4479 hic
2073 4433 2158 4478 est
2197 4423 2637 4480 Christianorum
2681 4423 2893 4493 primus
2932 4423 3139 4476 mensis
3182 4421 3511 4487 Xanthicus,

1936 4515 2030 4584 qui
2067 4522 2151 4568 est
2175 4523 2392 4582 tempus
2417 4512 2865 4575 resurrectionis,
2897 4512 2951 4565 in
2978 4528 3089 4581 quo
3119 4511 3514 4582 gloriﬁcabun-

1938 4614 2027 4660 tur
2053 4621 2285 4675 corpora
2319 4606 2538 4659 illorum
2565 4621 2663 4675 per
2688 4605 2895 4666 lumen,
2928 4602 3076 4673 quod
3108 4603 3177 4657 ab
3224 4603 3331 4657 hoc
3370 4611 3513 4655 tem-

1934 4714 2072 4767 pore
2114 4697 2172 4751 in
2204 4695 2314 4751 illis
2352 4704 2437 4752 est
2466 4712 2749 4759 arcanum,
2782 4694 2889 4749 hoc
2911 4702 3017 4758 est,
3042 4694 3306 4749 virtutem
3336 4692 3511 4761 Spiri-

1935 4798 2044 4853 tus,
2070 4789 2162 4859 qui
2188 4789 2321 4859 ipsis
2355 4798 2486 4844 tunc
2514 4789 2619 4843 erit
2660 4788 3066 4846 indumentum.
3112 4786 3292 4847 cibus,
3325 4790 3509 4852 potus.

1933 4880 2247 4944 exsultatio,
2265 4879 2476 4943 laetitia,
2495 4895 2621 4949 pax,
2640 4885 3050 4939 ornamentum,
3072 4882 3130 4928 et
3146 4873 3257 4926 vita
3282 4879 3508 4925 aeterna.

1935 4973 2174 5043 Spiritus
2211 4971 2360 5026 enim
2403 4970 2730 5032 divinitatis,
2776 4982 2939 5037 quem
2981 4966 3050 5019 ab
3091 4964 3197 5018 hoc
3233 4970 3509 5017 momento

1934 5062 2196 5132 consequi
2226 5061 2377 5133 digni
2405 5061 2576 5115 habiti
2606 5068 2754 5119 sunt.
2790 5059 2850 5112 ﬁt
2893 5065 3026 5111 tunc
3071 5054 3125 5108 in
3175 5054 3284 5108 illis
3329 5052 3511 5109 omnis

1933 5151 2287 5223 pulchritudo
2315 5150 2624 5219 splendoris
2650 5158 2707 5204 et
2728 5146 2947 5203 decoris
2972 5144 3234 5201 cmlestis.

2001 5432 2369 5503 LQuomodo
2384 5433 2551 5503 igitur
2564 5434 2942 5504 unusquisque
2955 5442 3204 5488 nostrum
3220 5430 3514 5485 debetcreo

313 5644 429 5677 ονοεο
461 5642 632 5697 Rom.
665 5652 784 5699 vm,
828 5636 915 5691 ii.
989 5639 1031 5670 “
1068 5639 1108 5693 li
1143 5637 1273 5694 Cor.
1312 5656 1381 5706 Iv,
1420 5637 1503 5694 10.
1581 5641 1623 5671 θ’
1653 5638 1697 5693 ΙΙ
1723 5636 1831 5692 Cor

1939 5676 1948 5700 ,
1977 5634 2032 5691 4.
2110 5634 2155 5666 “
2186 5632 2378 5689 Matth.
2411 5649 2483 5699 γι,
2513 5632 2583 5688 9.9

520 5733 806 5793 Pyrum.
848 5730 963 5792 Gn.
1007 5734 1274 5795 XXXIV.

3047 5720 3109 5782 17
