4016 6462
497 309 603 375 515

1739 310 1800 369 S.
1841 308 2163 369 MACARII
2203 308 2524 369 IEGYPTII

3695 298 3805 365 516

496 420 633 475 dere
649 426 705 473 et
724 417 1079 483 contendere,
1093 426 1147 473 et
1178 418 1233 475 in
1251 418 1403 475 omni
1422 418 1641 475 virtutis
1657 421 2077 475 conversatione

2183 420 2276 471 ακὶ
2319 418 2716 486 ἀγωνίσασθαι,
2746 418 2840 471 καὶ
2890 416 3189 471 σπουδάσαι
3234 417 3293 470 ὲν
3330 414 3512 485 πάσῃ
3547 414 3804 484 ὲναρὲτῳ

500 525 722 581 operam
754 514 982 577 navare,
1007 518 1064 565 et
1087 526 1443 580 perseverare
1475 513 1531 566 in
1561 527 1657 581 spe
1685 527 1749 567 ac
1789 510 2081 565 tolerantia

502 602 697 665 multa,
724 612 951 657 utnunc
979 603 1179 673 dignus
1203 611 1495 657 censeatur
1520 604 1781 671 consequi
1815 601 2080 657 virtutem

502 694 873 756 cmicstem,et
892 692 1120 763 gloriam
1140 692 1380 762 Spiritus
1407 694 1581 747 sancti
1600 694 1653 746 in
1676 692 1943 747 interiore
1967 691 2085 746 ani-

503 798 612 846 ma,
636 791 695 836 ut
712 790 825 837 tum
842 783 1126 838 dissolutis
1149 784 1477 853 corporibus
1494 784 1816 848 habeamus,
1837 783 1984 854 quod
2005 793 2084 837 te-

502 880 593 941 gat
611 880 667 927 et
687 873 1060 928 vivilicetnos.
1094 872 1151 927 Si
1168 882 1365 936 tamen,
1393 874 1590 942 inquit.
1612 873 1805 937 induti,
1826 889 1930 926 non
1952 872 2080 925 nudi

505 966 826 1033 reperiemur
855 964 920 1018 “.
958 964 1053 1029 Et,
1082 964 1429 1019 Resuscitabit
1462 980 1683 1034 corpora
1714 974 1898 1017 nostra
1935 978 2081 1017 mor-

503 1054 638 1107 talia
685 1071 779 1125 per
826 1055 1206 1109 inhabitantem
1252 1054 1510 1126 Spiritum
1560 1056 1675 1124 ejus
1710 1055 1765 1108 in
1814 1055 1961 1109 nobis
2009 1056 2076 1107 “.

503 1146 702 1200 Beatus
748 1146 894 1201 enim
941 1146 1117 1201 Moses
1165 1146 1537 1201 subindicavit
1580 1146 1743 1201 nobis
1784 1156 1914 1217 typo
1943 1161 2081 1215 quo-

503 1239 664 1302 dam,
716 1254 816 1307 per
864 1238 1091 1308 gloriam
1126 1238 1340 1293 scilicet
1389 1238 1630 1308 Spiritus
1678 1238 1733 1292 in
1779 1238 1921 1293 facie
1959 1238 2081 1307 ejus

503 1331 825 1393 haerentem,
860 1345 1026 1399 quam
1072 1345 1236 1384 nemo
1263 1329 1460 1384 deﬁxis
1506 1329 1685 1384 oculis
1718 1329 2079 1398 contemplari

500 1427 735 1489 poterat,
769 1419 1044 1488 quomodo
1076 1419 1133 1473 in
1166 1420 1574 1475 resurrectione
1611 1420 1911 1490 iustorum,
1960 1418 2079 1489 glo-

500 1512 863 1564 riﬁcabuntur
885 1526 1117 1581 corpora
1142 1520 1457 1567 sanctorum
1484 1528 1498 1565 :
1530 1526 1695 1581 quam
1718 1512 1941 1580 quidem
1966 1511 2082 1580 glo-

500 1601 639 1654 riam
670 1616 816 1656 nunc
862 1602 917 1655 in
961 1603 1228 1658 interiore
1266 1602 1490 1657 homine
1526 1604 1724 1656 animae
1762 1613 2078 1658 sanctorum

498 1700 555 1745 et
601 1691 843 1747 fidelium
880 1693 1057 1763 dignae
1091 1702 1355 1764 putantur
1383 1693 1614 1748 habere.
1647 1692 1755 1746 Nos
1796 1694 1957 1759 enim,
1997 1695 2081 1747 in-

499 1783 637 1852 quit,
677 1794 877 1844 omnes,
910 1793 1109 1837 retecta
1142 1785 1299 1854 facie,
1328 1786 1423 1838 hoc
1455 1793 1551 1849 est,
1584 1785 1825 1838 interiori
1851 1786 2077 1851 homine,
2110 1764 2153 1820 Β

498 1874 726 1945 gloriam
754 1875 967 1929 Domini
1000 1878 1054 1930 in
1095 1876 1306 1947 speculo
1339 1877 1782 1948 contemptamur,
1815 1878 1885 1932 ad
1930 1893 2079 1931 eam-

501 1968 621 2021 dem
652 1969 938 2038 imaginem
964 1969 1335 2037 transformati
1360 1970 1425 2022 de
1457 1970 1630 2041 gloria
1668 1970 1722 2023 in
1754 1968 1983 2037 gloriam
2012 1969 2078 2026 “.

502 2058 699 2113 Itidem
732 2076 745 2113 :
779 2059 945 2113 Moses
990 2060 1349 2130 quadraginta
1399 2060 1578 2115 diebus
1628 2078 1690 2114 ac
1722 2062 2080 2131 quadraginta

502 2151 756 2216 noctibus,
791 2160 850 2204 ut
883 2152 1148 2221 scriptum
1195 2161 1300 2218 est,
1342 2168 1531 2222 panem
1571 2168 1675 2206 non
1705 2152 1947 2216 comedit,
1988 2168 2081 2205 nec

503 2259 700 2313 aquam
729 2242 853 2296 bibit
883 2243 947 2297 °".
975 2242 1118 2299 Fieri
1146 2252 1329 2298 autem
1363 2258 1473 2298 non
1495 2251 1697 2314 potest,
1729 2250 1790 2297 ut
1814 2258 2080 2313 corporea

500 2344 696 2389 natura
731 2334 937 2404 absque
967 2350 1106 2406 pane
1142 2343 1353 2390 tantum
1380 2333 1646 2404 temporis
1676 2333 1842 2389 vitam
1879 2333 2080 2388 transi-

501 2434 613 2496 gat,
644 2426 749 2480 nisi
775 2427 915 2481 alius
942 2426 1053 2481 cibi
1097 2426 1402 2496 spiritualis
1444 2426 1721 2496 particeps
1754 2425 1849 2479 ﬁat
1876 2443 1889 2478 :
1915 2440 2079 2495 quem

501 2517 611 2587 26
638 2517 823 2571 cibum
851 2532 1000 2572 nunc
1030 2517 1292 2586 temporis
1338 2527 1656 2572 sanctorum
1702 2517 1899 2584 anima;
1939 2517 2081 2572 invi-

500 2609 735 2665 sibiliter
763 2610 969 2665 virtute
1002 2608 1241 2680 Spiritus
1271 2610 1445 2665 sancti
1477 2618 1916 2681 consequuntur.

570 2805 663 2861 Xl.
700 2807 925 2863 Duobus
974 2807 1144 2879 igitur
1179 2809 1323 2880 typis
1353 2809 1550 2865 beatus
1592 2811 1774 2867 Moses
1815 2810 2078 2877 ostendit,

501 2912 664 2966 quam
702 2898 758 2951 in
795 2900 1203 2954 resurrectione
1234 2899 1479 2955 habituri
1528 2900 1641 2957 sint
1685 2902 1916 2973 gloriam
1958 2903 2078 2958 veri

499 2988 832 3045 Christiani:
867 2989 1098 3059 gloriam
1133 2990 1344 3045 scilicet
1376 2992 1607 3048 luminis
1631 3002 1688 3047 et
1720 2993 1948 3049 delicias
1992 2995 2079 3048 in-

501 3080 843 3136 tellectuales
890 3080 1167 3150 Spiritus,
1217 3082 1420 3152 quibus
1462 3084 1628 3139 etiam
1673 3085 1888 3140 occulte
1931 3091 2151 3150 nuncc

501 3169 652 3239 digni
696 3177 1039 3239 reputantur.
1070 3170 1367 3240 Propterea
1405 3180 1536 3227 tunc
1577 3173 1632 3227 in
1674 3188 1909 3243 corpore
1954 3177 2080 3231 illo-

502 3275 625 3314 rum
648 3260 767 3315 haec
788 3260 1152 3329 apparebunt.
1187 3260 1360 3328 Quam
1390 3264 1539 3317 enim
1571 3280 1719 3321 nunc
1745 3266 1799 3320 in
1824 3266 1940 3321 suis
1964 3268 2084 3322 ani-

500 3352 609 3406 mis
639 3352 869 3422 gloriam
912 3353 1087 3407 sancti
1131 3352 1357 3419 habent,
1390 3363 1451 3408 ut
1483 3356 1805 3424 praedictum
1850 3368 1956 3422 est,
1989 3360 2082 3414 illa

504 3454 620 3499 ttun
652 3453 795 3513 teget
821 3452 877 3498 et
901 3445 1115 3514 operiet
1149 3444 1295 3499 nuda
1323 3461 1577 3515 corpora,
1605 3457 1663 3501 et
1696 3448 1764 3502 ad
1793 3450 1961 3505 caelos
1993 3466 2085 3505 ra-

501 3535 649 3606 piet,
681 3543 737 3589 et
775 3536 990 3590 tandem
1039 3552 1272 3606 corpore
1306 3547 1362 3591 et
1402 3537 1588 3593 anima
1637 3540 1694 3594 in
1740 3557 1909 3612 regno
1954 3558 2079 3597 cum

500 3626 733 3680 Domino
774 3627 1187 3695 requiescemus
1214 3627 1270 3681 in
1314 3629 1532 3683 saecula.
1574 3628 1711 3685 Cum
1756 3633 1904 3685 enim
1934 3634 2081 3688 Ada-

500 3732 651 3771 mum
682 3717 826 3771 Deus
855 3718 1141 3782 conderet,
1169 3732 1281 3771 non
1328 3721 1656 3788 praeparavit
1701 3723 1754 3777 ei
1788 3738 2082 3794 corporeas

500 3808 635 3871 alas,
670 3816 731 3861 ut
769 3808 1103 3873 volatilibus,
1134 3809 1339 3879 quippe
1384 3810 1625 3880 Spiritus
1663 3814 1838 3869 sancti
1874 3816 1988 3871 alas
2027 3816 2079 3870 ei

501 3913 793 3967 apparans,
823 3897 928 3954 hoc
951 3907 1056 3963 est,
1081 3915 1217 3969 quas
1245 3901 1543 3971 largiturus
1563 3903 1612 3958 ei
1637 3914 1782 3959 esset
1812 3905 1868 3959 in
1893 3922 2079 3962 resur-

504 3993 771 4057 rectione,
816 4002 880 4047 ut
914 3992 1093 4063 ipsum
1126 3995 1407 4050 elevarent
1436 4005 1494 4051 et
1536 3999 1856 4069 abriperent
1907 4015 2079 4070 quor-

504 4100 627 4140 sum
656 4085 890 4154 Spiritui
935 4086 1179 4154 placerct
1215 4104 1229 4140 :
1263 4103 1401 4157 quas
1429 4089 1546 4144 alas
1562 4091 1673 4160 jam
1706 4108 1857 4147 nunc
1884 4094 2082 4150 animae

502 4184 819 4230 sanctorum
859 4176 1064 4230 habere
1101 4176 1277 4247 dignae
1306 4178 1600 4245 habentur,
1627 4196 1752 4251 quae
1779 4192 1964 4239 mente
2010 4186 2080 4241 ad

504 4266 762 4321 caelestes
828 4266 1189 4337 cogitationes
1250 4268 1563 4325 subvolant.
1634 4271 2081 4331 Christianorum

504 4360 652 4414 enim
677 4360 917 4414 mundus
944 4360 1085 4413 alius
1111 4367 1218 4422 est,
1243 4368 1300 4413 et
1327 4359 1434 4415 alia
1466 4377 1677 4429 mensa,
1702 4375 1755 4419 et
1778 4365 1885 4420 alia
1916 4367 2076 4422 indu-

2182 507 2451 579 πολιτείᾳ,
2483 509 2580 561 καὶ
2612 507 2985 577 προσδοκῆσαι
3034 508 3094 558 ὲν
3142 505 3315 559 ἐλπίδι
3374 504 3492 557 καὶ
3542 504 3805 574 ὑπομονῇ

2180 599 2370 669 πολλῇ,
2422 599 2517 653 νῦν
2552 597 2952 667 καταξιωθῆναι
3009 597 3109 667 τὴν
3155 596 3215 661 ἐξ
3258 593 3524 666 ούρανοῦ
3566 593 3808 664 δύναμιν

2179 690 2367 743 λασεῖν
2412 692 2506 742 καὶ
2552 689 2710 754 δόξαν
2753 688 2848 742 τοῦ
2885 688 3040 756 ἁγίου
3069 688 3396 758 Πνεύματος⁹
3435 685 3611 747 ἐντὸς
3643 687 3707 737 ὲν
3738 687 3807 753 τῇ

2179 781 2346 852 ψυχῇ,
2387 781 2473 834 ἵνα
2514 782 2634 834 τότε
2676 779 2955 849 λυομένων
2984 778 3093 832 τῶν
3135 778 3442 848 σωμάτων,
3502 776 3738 846 ἔχωμεν
3780 772 3809 827 ὃ

2181 872 2467 941 ἁμφιάσει,
2498 870 2594 923 καὶ
2621 871 2950 940 ζωοποιήσει
2976 871 3146 939 ἡμᾶς
3176 869 3333 940 Ειτε,
3369 868 3594 937 φησὶν,
3625 865 3809 919 ἐνδυ-

2180 966 2426 1032 σόμεθα,
2466 965 2538 1017 οὐ
2565 961 2779 1031 γυμνοὶ
2811 962 3268 1030 εὑρεθησόμεθα
3289 978 3305 994 ο
3334 959 3448 1013 καὶ
3481 957 3810 1025 Ζωοποιήο

2178 1070 2277 1110 σει
2309 1058 2383 1109 τὰ
2414 1055 2603 1121 θνητὰ
2632 1053 2876 1123 σώματα
2908 1051 3077 1121 ἡμῶν
3105 1052 3206 1105 διὰ
3248 1050 3354 1106 τοῦ
3380 1050 3810 1112 ἐνοικοῦντος

2180 1148 2368 1203 αὑτοῦ
2404 1150 2752 1217 Πνεύματος
2791 1147 2863 1200 ἐν
2897 1145 3063 1215 ἡμῖν.
3102 1143 3343 1213 Μωῦσῆς
3387 1142 3518 1213 γὰρ
3553 1144 3585 1195 ὁ
3616 1140 3807 1211 μακά-

2184 1256 2297 1309 ριος
2330 1237 2577 1303 ὑπέδειξε
2600 1238 2689 1291 τὸν
2712 1236 2883 1290 τύπον
2902 1236 2992 1290 διὰ
3014 1236 3113 1305 τῆς
3141 1234 3235 1288 τοῦ
3269 1234 3596 1306 προσώπου
3632 1230 3807 1285 αὐτοϋ

2181 1331 2535 1401 ἐπικειμένης
2557 1330 2653 1383 τοῦ
2687 1328 3006 1398 Πνεύματος
3035 1326 3213 1396 δόξης,
3245 1327 3325 1390 εἰς
3350 1326 3428 1397 ἢν
3463 1324 3664 1387 οὐδεὶς
3705 1324 3805 1377 ἁν-

2182 1422 2416 1492 θρώπων
2447 1420 2694 1477 ἀτενίσαι
2718 1418 2966 1491 ἠδύνατο,
3009 1416 3127 1479 πῶς
3150 1420 3207 1470 ὲν
3233 1419 3297 1486 τῇ
3330 1416 3665 1469 ἀναστάσει
3697 1414 3807 1466 τῶν

2180 1514 2403 1566 δικαίων
2439 1512 2827 1581 δοξασθήσεται
2860 1509 2930 1563 τὰ
2958 1508 3186 1579 σώματα
3224 1507 3334 1560 τῶν
3363 1506 3587 1574 ἁγίων,
3624 1505 3805 1575 ἥνπερ

2180 1604 2338 1670 δόξαν
2366 1602 2477 1655 ἀπὸ
2502 1602 2596 1655 τοῦ
2629 1602 2724 1656 νῦν
2757 1600 2969 1654 ἔνδοθεν
2993 1601 3085 1653 ἐπὶ
3109 1600 3188 1669 τῷ
3216 1598 3322 1652 ἔσω
3348 1597 3658 1669 ἀνθρώπῳ
3700 1598 3804 1665 (re.

2183 1697 2276 1766 χαὶ
2307 1695 2478 1763 ἁγίων
2530 1694 2627 1748 καὶ
2686 1693 2895 1747 πιστῶν
2931 1691 3317 1759 καταξιοῢνται
3352 1690 3450 1761 ἔχε
3462 1708 3543 1744 ιν.
3606 1688 3802 1758 Ἡμεῖς

2181 1785 2313 1855 γὰρ,
2358 1785 2513 1857 φησὶ,
2568 1785 2794 1849 πάντες
2835 1780 3392 1850 ἀνακεκαλυμμένῳ
3448 1778 3796 1845 προσώπῳ,

2181 1876 2456 1929 τουτέστι
2479 1873 2560 1939 τῷ
2588 1873 2710 1926 ἔσω
2728 1871 3039 1942 ἀνθρώπῳ,
3062 1870 3178 1938 τὴν
3196 1870 3388 1935 δόξαν
3412 1868 3536 1923 τοῦ
3566 1870 3799 1936 Κυρίσυ

2181 1961 2701 2032 κατοπτριζόμεθα,
2726 1964 2816 2027 εἰς
2861 1962 2978 2029 τὴν
3004 1958 3202 2027 αὐτὴν
3233 1960 3451 2013 εἰκόνα
3479 1973 3793 2028 μεταμορ-

2181 2058 2469 2127 φούμενοι
2525 2055 2642 2110 ἀπὸ
2690 2054 2876 2122 δόξης
2930 2055 3019 2119 εις
3044 2052 3253 2117 δόξαν.
3304 2051 3562 2122 Ὁμοίως
3605 2050 3793 2102 πάλιν

2185 2147 2649 2217 Τεσσαρὰκοντα
2670 2146 2895 2216 ἡμέρας
2928 2145 3025 2199 καὶ
3059 2141 3535 2211 τεσσαράκοντα
3560 2142 3793 2204 νύκτας

2181 2241 2364 2309 ἄρτον
2385 2241 2497 2294 οὐκ
2539 2239 2784 2309 ἔφαγεν,
2816 2238 2917 2301 ’ὼς
2971 2237 3296 2305 γέγραπται,
3332 2234 3438 2290 καὶ
3475 2232 3652 2302 ὕδωρ
3679 2235 3790 2286 οὐκ

2179 2333 2372 2387 ἔπιεν.
2418 2330 2701 2385 Ἀδύνατον
2729 2329 2785 2382 δὲ
2842 2328 2942 2400 τὴν
2994 2326 3088 2381 τοῦ
3125 2325 3379 2395 σώματος
3431 2324 3613 2393 φύσιν
3658 2324 3785 2377 ἄνευ

2182 2425 2349 2495 ἄρτου
2380 2423 2637 2477 τοσοῦτον
2686 2419 2874 2491 ζῆσαι,
2910 2422 2960 2474 εί
3013 2418 3089 2490 μὴ
3134 2415 3342 2489 τροφῆς
3378 2418 3593 2489 ἐτέρας
3624 2432 3787 2469 πνευο

2185 2515 2423 2587 ματικῆς
2454 2512 2899 2585 μετελάμϐανενο
2938 2505 3122 2583 ἧσπερ
3178 2511 3385 2580 τροφῆς
3416 2509 3536 2563 ἀπὸ
3563 2507 3663 2561 τοῦ
3690 2506 3782 2559 νῦν

2181 2608 2289 2660 τῶν
2320 2606 2491 2675 ἁγίων
2518 2605 2689 2676 ψυχαὶ
2740 2603 2989 2674 ἀοράτως
3016 2604 3083 2655 ὲκ
3107 2600 3202 2655 τοῦ
3235 2599 3571 2672 Πνεύματος
3611 2614 3779 2669 μετα-

2181 2696 2543 2767 λαμϐάνουσι.

2251 2808 2358 2862 IA'.
2400 2809 2556 2863 Κατά
2606 2807 2702 2862 δύο
2759 2803 2857 2862 οὖν
2889 2806 3095 2871 τύπους
3126 2808 3155 2861 δ
3206 2806 3486 2878 μακάριος
3535 2802 3779 2871 Μωΰσῆς

2182 2896 2482 2966 ὑπέδειξεν,
2530 2899 2707 2971 ἥνπερ
2763 2900 2823 2951 ὲν
2864 2900 2932 2969 τῇ
2976 2896 3271 2951 ἀναστάσει
3339 2896 3532 2960 ἕξουσι
3617 2893 3771 2959 δόξαν

2183 2992 2359 3063 φωτὸς
2387 2994 2482 3046 καὶ
2499 2990 2714 3063 τρυφὴν
2746 2991 2941 3061 νοερὰν
2964 2990 3065 3043 τοῦ
3091 2988 3413 3061 Πνεύματος
3442 2990 3499 3042 oi
3530 2985 3771 3056 ἀληθινοὶ

2185 3086 2520 3156 Χριστιανοὶ,
2557 3080 2627 3156 ἧς
2659 3088 2750 3137 καὶ
2782 3083 3041 3153 κρυπτῶς
3067 3082 3173 3137 άπὸ
3198 3082 3293 3137 τοῦ
3323 3082 3424 3137 νῦν
3445 3078 3767 3147 καταξιοῦν-

2182 3193 2291 3228 ται.
2319 3175 2410 3228 Διὸ
2437 3176 2532 3228 καὶ
2563 3174 2686 3228 τότε
2731 3174 2825 3227 ἐπὶ
2873 3174 2966 3228 τοῦ
3000 3173 3253 3243 σώματος
3294 3174 3482 3227 αὐτῶν
3523 3186 3766 3241 φανερω-

2182 3264 2458 3334 θήσονται.
2498 3265 2601 3317 Ἦν
2639 3264 2750 3335 γάρ
2793 3264 2901 3317 ἀπὸ
2928 3262 3024 3317 τοῦ
3051 3262 3145 3317 νῦν
3176 3263 3393 3333 ἔχουσιν
3426 3266 3487 3317 ἐν
3520 3264 3644 3323 ταῖς
3668 3260 3763 3328 ψυ-

2181 3360 2305 3427 χαῖς
2327 3359 2377 3409 oi
2405 3358 2551 3425 ἁγισι
2599 3356 2777 3422 δόξαν,
2807 3356 2883 3419 ὡς
2920 3355 3271 3426 προείρηται,
3306 3357 3495 3425 ἐκείνη
3536 3351 3763 3421 καλύψει

2181 3450 2275 3501 καὶ
2306 3449 2596 3518 άμφιάσει,
2628 3449 2725 3501 καὶ
2765 3449 2835 3501 τὰ
2865 3447 3052 3517 γυμνά
3104 3447 3334 3516 σώματα
3362 3448 3460 3500 καὶ
3494 3449 3578 3509 είς
3605 3444 3759 3515 οὖρα-

2181 3540 2305 3603 νοὺς
2326 3540 2584 3610 ἁρπάσει,
2619 3540 2715 3592 καὶ
2739 3538 2799 3592 τὸ
2826 3540 3013 3592 λοιπὸν
3052 3538 3269 3609 σώματι
3302 3538 3396 3591 καὶ
3424 3540 3574 3608 ψυχῇ
3607 3538 3664 3588 ὲν
3693 3535 3752 3602 τῇ

2183 3630 2431 3701 βασιλείᾳ
2450 3632 2531 3694 εἰς
2550 3631 2752 3694 αἰῶνας
2775 3632 2872 3684 σὺν
2896 3630 2974 3701 τῷ
2994 3632 3185 3701 Κυρίῳ
3202 3626 3756 3701 άναπαυσὸμεθα.Τὸν

2181 3724 2289 3794 γάρ
2328 3723 2500 3793 Ἀδὰμ
2547 3723 2739 3787 κτίσας
2791 3724 2820 3776 ὁ
2867 3723 3021 3786 Θεὸς,
3052 3723 3114 3776 ού
3145 3726 3557 3777 κατεσκεύασεν
3610 3716 3750 3781 αὐτῷ

2183 3815 2506 3886 σωματικὰς
2561 3815 2841 3884 πτέρυγας
2888 3814 2965 3877 ὡς
3014 3817 3127 3878 τοῖς
3181 3819 3485 3881 πετεινοῖς,
3515 3815 3616 3877 τὰς
3662 3809 3749 3863 τοῦ

2181 3907 2499 3978 Πνεύματος
2525 3906 2618 3960 τοῦ
2642 3906 2796 3975 ἁγίου
2818 3906 3094 3977 πτέρυγας
3126 3909 3561 3979 προευτρεπίσας
3589 3903 3745 3973 αὐτῷ.

2179 3998 2457 4052 τουτέστιν
2500 3997 2566 4061 ἁς
2605 3997 2785 4067 μέλλει
2830 3997 3032 4050 διδόναι
3068 3997 3218 4069 αὐτῷ
3258 4000 3317 4052 ὲν
3344 4001 3411 4070 τῇ
3443 3997 3744 4055 ἀναστάσει,

2181 4089 2270 4141 ἵνα
2302 4087 2463 4141 αὐτὸν
2489 4087 2790 4157 κουφίσωσι
2813 4088 2907 4140 καὶ
2924 4089 3248 4157 ἁρπάσωσιν
3294 4088 3421 4141 ἔνθα
3445 4088 3510 4142 τὸ
3536 4083 3743 4151 Πνεῦμα

2183 4179 2461 4249 βούλεται·
2500 4178 2567 4244 ἁς
2624 4180 2902 4250 πτέρυγας
2955 4179 3067 4234 άπδ
3092 4180 3191 4233 τοῦ
3236 4180 3337 4234 νῦν
3358 4182 3413 4233 ai
3451 4180 3617 4252 ψυχαὶ
3644 4177 3743 4231 τῶν

2182 4271 2351 4339 ἁγίων
2388 4270 2774 4335 καταξιοῦνται
2821 4269 2967 4339 ἔχειν
3011 4272 3092 4332 είς
3129 4270 3190 4324 τὸ
3226 4271 3477 4341 οὐράνιον
3501 4271 3739 4343 φρόνημα

2181 4360 2259 4429 τῷ
2287 4360 2364 4430 νῷ
2393 4360 2760 4430 ἀνιπτάμεναι
2781 4377 2795 4391 ·
2828 4361 3172 4431 Χριστιανῶν
3202 4362 3312 4433 γὰρ
3336 4362 3539 4433 κόσμος
3570 4357 3741 4427 ἕτερός

504 4458 711 4515 menta,
743 4457 799 4502 et
844 4450 950 4503 alia
984 4450 1193 4515 fruitio,
1225 4451 1331 4506 alia
1364 4454 1808 4519 communicatio,
1842 4467 1899 4513 et
1939 4460 2080 4514 alius

2183 4425 2296 4504 ἐστι
2324 4425 2419 4504 καὶ
2442 4450 2576 4519 άλλη
2597 4425 2864 4520 τράπεζα,
2882 4425 2986 4505 καὶ
3009 4452 3146 4505 ἄλλα
3172 4425 3467 4523 ἐνδύματα,
3502 4425 3593 4507 καὶ
3618 4425 3736 4514 άλλη

504 4539 839 4594 intellectus.
873 4541 1219 4612 Quapropter
1254 4553 1311 4599 et
1351 4548 1760 4614 praestantior-es
1791 4559 1919 4605 sunt
1966 4567 2083 4605 om-

505 4628 671 4683 nibus
710 4629 1044 4687 hominibus.
1094 4634 1245 4689 Hanc
1286 4646 1472 4691 autem
1513 4638 1772 4694 virtutem
1825 4642 1976 4697 intus
2025 4643 2081 4698 in

505 4719 704 4773 animis
734 4736 883 4775 nunc
910 4722 1060 4792 digni
1105 4733 1366 4794 putantur
1397 4727 1647 4798 accipere
1682 4746 1781 4799 per
1817 4731 2080 4800 Spiritum

506 4821 778 4865 sanctum.
826 4812 1122 4882 Propterea
1163 4832 1380 4888 quoque
1412 4820 1469 4874 in
1508 4823 1913 4879 resurrectione
1959 4841 2083 4879 cor-

507 4917 640 4971 pora
665 4905 890 4960 aeternis
923 4906 1031 4961 illis
1061 4906 1298 4977 Spiritus
1327 4912 1501 4966 sancti
1538 4913 1698 4969 bonis
1727 4915 2081 4972 habebuntur

507 5000 692 5071 digna,
714 5011 772 5055 et
811 5002 998 5072 gloria:
1042 5002 1119 5056 illi
1165 5004 1671 5072 permiscebuntur,
1707 5008 1865 5076 cujus
1892 5007 1945 5061 in
1977 5008 2079 5062 hac

504 5092 617 5146 vita
642 5093 837 5148 animae
860 5094 1077 5149 illorum
1102 5095 1540 5164 experimentum
1568 5106 1942 5166 sumpserunt.

575 5275 694 5332 ΧΠ.
729 5278 904 5334 Debet
936 5282 1103 5352 igitur
1144 5286 1527 5356 unusquisque
1565 5297 1814 5344 nostrum
1847 5302 2081 5346 conten-

508 5366 661 5435 dere,
702 5370 986 5427 elaborare
1013 5382 1070 5427 et
1124 5374 1180 5429 in
1215 5377 1365 5431 omni
1404 5377 1671 5433 virtutum
1718 5396 1917 5451 genere
1948 5396 2082 5451 ope-

508 5475 625 5515 ram
658 5462 944 5529 adhibere,
978 5472 1036 5519 et
1067 5465 1318 5535 credere,
1358 5476 1416 5523 et
1438 5472 1723 5539 requirere
1755 5488 1785 5527 a
1826 5473 2081 5539 Domino,

2185 4540 2510 4606 ἀπόλαυσις,
2563 4542 2658 4594 καὶ⁸
2706 4541 2837 4612 άλλη
2870 4542 3147 4606 κοινωνία,
3192 4545 3287 4597 καὶ
3320 4544 3447 4598 ἄλλο
3478 4545 3733 4614 φρόνημα.

2182 4633 2274 4685 Διὸ
2301 4633 2396 4686 καὶ
2435 4634 2717 4704 κρείττους
2761 4635 2983 4688 πάντων
3034 4635 3341 4706 ἀνθρώπων
3402 4637 3734 4706 τυγχάνουσιο

2183 4724 2402 4778 Τούτων
2449 4725 2508 4778 δὲ
2548 4725 2648 4796 τὴν
2698 4725 2927 4795 δύναμιν
2962 4727 3060 4780 νῦν
3113 4728 3261 4779 ἔνδον
3294 4729 3353 4780 ὲν
3393 4731 3513 4791 ταῖς
3561 4723 3737 4795 ψυχαῖς

2182 4814 2565 4882 καταξιοῦνται
2592 4816 2776 4870 λαὸεἰν
2807 4818 2897 4871 διά
2942 4818 3037 4871 τοῦ
3087 4818 3243 4886 ἁγίου
3293 4819 3603 4889 Πνεύματος
3625 4832 3637 4846 ·
3669 4811 3736 4863 δι’)

2186 4904 2283 4958 καὶ
2337 4907 2397 4957 έν
2444 4907 2511 4975 τῇ
2562 4905 2860 4960 ἀναστάσει
2886 4907 2953 4959 τὰ
2991 4904 3220 4976 σώματα
3262 4908 3736 4978 καταξιωθήσονται

2184 4995 2293 5047 τῶν
2314 4995 2548 5049 αἰωνίων
2579 4996 2804 5049 ἐκείνων
2831 4997 2927 5049 τοῦ
2957 4995 3275 5065 Πνεύματος
3298 4996 3540 5064 ἀγαθῶν,
3563 4995 3647 5048 καὶ
3675 4991 3733 5058 τῇ

2182 5084 2311 5157 δόξῃ
2330 5084 2512 5156 ἐκείνῃ
2538 5086 3030 5156 ἀνακραθήσονται,
3049 5081 3116 5157 ἧς
3144 5086 3253 5140 ἀπὸ
3276 5085 3370 5139 τοῦ
3395 5087 3487 5140 νῦν
3514 5078 3735 5153 αίψυχαὶ

2179 5176 2360 5229 αὐτῶν
2390 5177 2489 5248 τὴν
2512 5180 2708 5247 πεῖραν
2733 5178 3003 5243 ἐδέξαντο.

2251 5289 2354 5343 ΙΒ¹.
2404 5288 2640 5359 Ὀφείλει
2679 5290 2860 5343 τοίνυν
2899 5289 3131 5354 ἕκαστος
3172 5289 3332 5361 ἡμῶν
3368 5282 3731 5358 ἀγωνίσασθαι,

2181 5381 2277 5434 καὶ
2310 5380 2562 5451 πονῆσαι,
2600 5382 2694 5435 καὶ
2727 5382 3027 5437 σπουδάσαι
3066 5384 3126 5436 ὲν
3155 5382 3363 5444 πάσαις
3384 5381 3620 5453 ἀρεταῖς,
3652 5369 3730 5426 καὶ

2183 5468 2474 5524 πιστεῦσαι
2532 5471 2627 5525 καὶ
2680 5469 2913 5542 ζητῆσαι
2972 5472 3124 5545 παρὰ
3179 5472 3403 5543 Κυρίου,
3439 5474 3503 5539 ἐξ
3542 5465 3729 5531 iusim;

580 5678 625 5709 "‘
647 5679 691 5735 ll
718 5678 844 5735 Cor.
872 5699 926 5750 ν,
951 5685 1006 5740 5.
1082 5685 1127 5717 "
1160 5684 1319 5740 Rom.
1357 5702 1473 5753 vm,
1502 5688 1590 5744 14.
1670 5691 1716 5724 ⁸⁸
1747 5690 1793 5745 ll
1818 5690 1946 5746 Cor.
1987 5706 2065 5759 ιιι,

2262 5694 2304 5727 ⁸⁷
2332 5694 2509 5750 Exod.
2540 5710 2719 5760 xxxnv,
2749 5695 2840 5751 28.
