4016 6440
326 279 419 344 517

1556 265 1929 330 ΗΟΜΙΠίΕ.
1963 291 2034 304 -
2060 264 2249 327 ΗΟΜ.
2290 267 2390 328 VI.

3499 274 3602 341 513

329 395 416 460 τῆς
476 387 636 458 δόξης
665 385 775 441 ἀπὺ
807 385 902 442 τοῦ
935 384 1029 439 νῦν
1065 384 1294 454 μέτοχον
1334 379 1596 451 γενέσθαι
1648 379 1740 432 τὸν
1794 378 1904 429 ἔσω

2021 384 2073 430 ut
2105 375 2256 432 illius
2293 374 2483 447 gloria:
2516 375 2586 431 ab
2615 376 2722 432 hoc
2747 386 2995 449 tempore
3023 380 3302 451 particeps
3341 381 3436 439 ﬂat
3464 384 3607 442 inte-

328 482 624 553 ἄνθρωπον,
657 481 754 534 καὶ
803 481 862 533 ὲν
892 479 1080 548 ἐκείνῃ
1105 479 1172 548 τῇ
1205 474 1456 545 ἁγιότητι
1500 472 1596 526 τοῦ
1643 469 1903 538 Πνεύμα-

329 593 406 638 τος
441 574 538 644 τὴν
567 572 753 642 ψυχὴν
801 569 1155 639 κοινωνῆσαι,
1189 566 1277 620 ἵνα
1325 562 1752 635 καθαρισθέντες
1811 558 1906 612 τὸν

332 666 488 740 ῥύπον
531 663 634 734 τῆς
688 662 890 724 κακίας
951 660 1165 731 ἔχωμεν
1187 659 1290 712 κάν
1317 659 1386 726 τῇ
1417 655 1717 710 ἀναστάσει
1749 651 1778 706 ὂ
1806 653 1908 721 ἀμ-

334 759 500 827 φιάσει
541 756 730 827 γυμνὰ
754 755 824 808 τὰ
849 753 1081 823 σώματα
1101 753 1135 821 ή
1145 750 1264 821 μῶν
1289 747 1654 818 ἀνιστάμενα,
1681 745 1777 798 καὶ
1807 743 1906 813 τὴν

332 848 706 921 ἀσχημοσύνην
751 845 959 900 ἑνδύσει
997 843 1094 898 καὶ
1125 842 1475 910 ζωοποιήσει,
1517 839 1612 892 καὶ
1647 839 1730 901 εἰς
1773 835 1906 888 αἰῶ·

333 960 415 1007 νας
446 943 502 995 ἐν
537 942 603 1011 τῇ
640 938 888 1010 βασιλείᾳ
907 935 1213 991 ἀναπαύσει
1240 932 1350 987 τῶν
1399 930 1665 1003 οὐρανῶν.
1703 927 1904 982 Μέλλει

333 1034 475 1106 me
503 1031 739 1102 Χριστὸς
786 1031 851 1083 ὲκ
906 1029 1019 1083 τῶν
1075 1025 1324 1098 οὐρανῶν
1379 1021 1768 1094 κατέρχεσθαι,
1810 1019 1908 1073 καὶ

333 1127 494 1180 πάντα
521 1124 591 1177 τὰ
630 1122 775 1192 φῦλα
798 1120 894 1174 τοῦ
937 1118 1112 1189 ’Δδάμ
1139 1117 1461 1187 ἀναστήσει,
1495 1116 1623 1176 τοὺς
1655 1113 1752 1166 ἀπ’
1776 1109 1906 1163 αἰῶ-

330 1235 409 1280 νος
434 1213 817 1286 κοιμηθέντας,
866 1211 1008 1265 κατὰ
1051 1210 1150 1272 τὰς
1199 1207 1361 1276 ἁγίας
1395 1204 1640 1276 Γραφάς.
1685 1202 1794 1255 Καὶ
1825 1203 1906 1263 εἰς

331 1308 414 1362 δύο
445 1307 588 1376 μέρη
623 1305 814 1374 στήσει
845 1302 1076 1364 πάντας,
1114 1299 1210 1353 καὶ⁸
1246 1297 1376 1361 τοὺς
1429 1295 1654 1366 ἔχοντας
1681 1293 1742 1345 τὸ
1776 1292 1907 1345 ῐδιον

329 1395 566 1464 σημεῖον,
595 1391 839 1444 τουτέστι
869 1389 967 1458 τήν
992 1387 1266 1458 σφραγῖδα
1298 1385 1390 1438 τοῦ
1426 1385 1764 1453 Πνεύματος,
1783 1380 1907 1433 τού-

326 1499 440 1545 τους
485 1480 563 1544 ιὶ·ς
613 1479 775 1542 ίδίους
817 1477 1221 1547 προσφωνήσας
1271 1475 1338 1528 ἐκ
1367 1473 1556 1538 δεξιῶν
1580 1473 1792 1540 στήσει.
1830 1470 1908 1524 Τὰ

324 1577 429 1646 ἐμὰ
446 1575 576 1646 τὰρ,
601 1574 754 1644 φησὶ.
771 1573 1037 1640 πρόϐατα
1051 1569 1162 1638 τῆς
1177 1567 1326 1638 ἐμῆς
1346 1566 1556 1637 φωνῆς
1574 1566 1871 1619 ἀκούουσι
1889 1580 1904 1594 ·

325 1669 446 1722 καί·
484 1665 776 1720 Γινώσκω
805 1664 878 1718 τὰ
932 1662 1066 1732 ἐμὰ,
1101 1660 1200 1714 καὶ
1228 1657 1597 1730 γινώσκομαι
1631 1653 1751 1709 ὑπὸ
1787 1650 1908 1706 τῶν

321 1759 493 1830 ἐμῶν.
541 1758 653 1811 Καὶ
679 1757 801 1810 τότε
830 1724 1112 1826 δόξῃῠθενίᾳ
1138 1752 1208 1804 τὰ
1235 1724 1717 1820 -σώματαντούτων
1746 1760 1904 1813 περι·
1933 1724 1982 1784 Β

320 1852 681 1922 ϐληθήσονται
712 1851 778 1902 ὲκ
815 1848 924 1901 τῶν
961 1845 1182 1914 ἀγαθῶν
1207 1843 1406 1915 ἔργων,
1434 1841 1530 1895 καὶ¹
1550 1839 1707 1906 δόξης
1735 1836 1905 1891 Πνεύ-

320 1962 486 2015 ματος
541 1943 757 1996 ἔσονται
814 1940 1066 2011 πλήρεις,
1116 1932 1186 2009 ἧς
1239 1936 1348 1990 ἀπὸ
1383 1933 1478 1988 τοῦ
1517 1930 1614 1986 νῦν
1646 1926 1794 2001 είχον
1844 1929 1906 1981 ὲν

317 2042 434 2102 ταῖς
460 2039 682 2108 ψυχαῖς.
709 2037 825 2090 Καὶ
852 2035 997 2089 οὕτω
1017 2032 1372 2098 δοξασθέντες
1393 2033 1452 2084 ἐν
1481 2015 1561 2100 τῷ
1583 2027 1714 2096 θείῳ
1737 2025 1899 2094 φωτὶ,

315 2134 407 2185 καὶ
442 2134 524 2194 εἰς
571 2130 834 2201 οὐρανοὺς
866 2125 1274 2196 ἀρπαχθέντες
1300 2125 1385 2190 εἰς
1416 2120 1766 2187 ἀπάντησιν
1793 2119 1901 2173 τοῦ

313 2228 382 2277 Κι
391 2224 463 2291 vpi
467 2239 539 2276 ου
551 2221 639 2286 εἰς
651 2219 817 2288 ἀέρα,
843 2221 987 2273 κατὰ
1011 2221 1070 2271 τὸ
1087 2213 1492 2287 γεγραμμένον,
1507 2211 1769 2266 πάντοτε
1781 2210 1904 2264 σὺν

313 2314 398 2379 τῷ
439 2314 641 2382 Κυρίῳ
667 2312 948 2382 ἐσόμεθα,
977 2311 1072 2365 σὺν
1093 2309 1243 2380 αύτῷ
1267 2307 1641 2380 βασιλεύοντες
1671 2307 1751 2369 είς
1779 2303 1908 2367 τοὺς

312 2407 659 2475 ἀπεράντους
688 2403 892 2469 αἰῶνας
918 2404 1027 2459 τῶν
1058 2402 1292 2458 αἰώνων.
1327 2399 1526 2472 Ἀμήν.

927 2541 1174 2597 OMIAIA
1213 2541 1305 2605 cr.

319 2666 389 2716 Oi
421 2662 789 2731 βουλόμενοι
831 2652 1434 2731 Θεῷᾼεὺαρεστῆσαι,
1487 2650 1594 2713 τὰς
1628 2645 1814 2731 ειὲχὰς
1839 2645 1909 2731 έν

384 2715 597 2800 εἶρῆιέῃ
620 2715 743 2784 ’καὶ
791 2715 1042 2798 ἠσυχίᾳ,
1075 2715 1174 2800 καὶ
1208 2715 1552 2800 τἰμερότητι,
1585 2720 1684 2799 κὶα)
1719 2715 1909 2785 σοφίᾳ

384 2795 685 2858 πὸιέῑσθαι
715 2795 1091 2869 όρέίλοὺσιν,
1123 2798 1223 2869 ἵνα
1241 2795 1344 2869 μὴ
1377 2795 1664 2869 κραυχειῖς
1686 2803 1909 2869 ,κεχρῃτ

381 2853 569 2945 ἦιξιῆέὶ
589 2853 677 2937 sic
705 2853 939 2945 πῇκζας
974 2853 1800 2945 σκιξνςδαλῖιζωιςὲαὶιςὶῗυνέκέι
1837 2853 1909 2945 δέ

385 2926 668 3012 achille;
724 2926 1002 3013 ζὸρτήσὲις
1065 2937 1197 3013 δύο,
1237 2935 1291 2986 εὶ
1317 2933 1382 3013 ὀι
1440 2929 1640 3013 θρόνρι
1683 2926 1819 3013 ἔερ-
1853 2927 1908 3013 oi

381 2996 676 3083 στέξρανοι
706 2996 1004 3083 eicivitate?
1026 2996 1205 3083 siam,
1235 3003 1332 3057 καὶ
1365 3000 1500 3066 περὶ
1533 2997 1652 3050 τῶν
1671 2996 1907 3050 δώδεκα

385 3077 619 3154 Operm-
656 3081 762 3135 τοῦ
806 3077 1066 3146 Ἰσραήλ.

385 3226 469 3276 Λ¹.
503 3220 566 3272 υἱ
603 3214 1038 3289 προσερχόμενοι
1087 3209 1166 3282 τῷ
1223 3206 1435 3280 Κυρίῳ,
1479 3202 1756 3274 ὀφείλουσι
1809 3198 1907 3262 τὰς

310 3315 488 3384 εὐχὰς
517 3316 574 3366 ἐν
603 3307 808 3382 ἠσυχίᾳ
852 3307 949 3360 καὶ
982 3305 1174 3376 εἰρήνῃ
1226 3302 1320 3354 καὶ
1369 3296 1703 3353 καταστάσει
1735 3292 1904 3362 πολλῇ

314 3405 614 3469 ποιεῖσθαι,
649 3405 747 3456 καὶ
775 3401 898 3470 οὐχὶ
927 3397 1206 3469 ἀπρεπέσι
1251 3393 1520 3464 κραυγαῖς
1574 3388 1669 3442 καὶ
1701 3401 1902 3452 συγκε-

313 3497 604 3567 χυμέναις,
653 3492 789 3546 ἀλλὰ
836 3490 986 3558 πόνῳ
1025 3485 1255 3556 καρδίας
1303 3484 1398 3536 καὶ
1457 3479 1738 3549 λογισμοῖς
1810 3475 1908 3546 νή-

314 3605 483 3657 φουσι
515 3585 807 3658 προσέχειν
840 3579 919 3651 τῷ
969 3578 1178 3649 Κυρίῳ.
1229 3575 1342 3630 Kal.
1374 3571 1564 3642 ὥσπερ
1605 3569 1703 3623 ἐὰν
1749 3567 1802 3621 εῐ
1825 3583 1908 3630 τις

315 3681 463 3751 ἔχων
507 3677 655 3746 πάθη
707 3674 802 3728 καὶ
850 3668 1315 3742 καυτηριάζηται,
1351 3663 1447 3718 καὶ
1493 3659 1905 3731 χειρουργῆται,

314 3773 496 3836 οὕτως
527 3770 789 3842 ἀνδρείως
820 3769 915 3821 καὶ
950 3767 1378 3835 ύπομονητικως
1411 3759 1569 3827 φέρει
1606 3753 1700 3807 τὸν
1732 3768 1907 3822 προσ-

317 3865 623 3935 φερόμενον
649 3862 831 3926 πόνον,
860 3859 988 3914 ἄνευ
1024 3853 1259 3927 θορύϐου
1284 3851 1378 3905 καὶ
1409 3847 1657 3920 ταραχῆς
1681 3844 1906 3918 κρατῶν

316 3957 516 4012 ἑαυτοῦ
536 3971 549 3985 ⁸
580 3957 687 4009 εἰσὶ
730 3953 787 4007 δὲ
835 3951 983 4007 ἄλλοι
1028 3949 1121 4002 τὸν
1160 3945 1324 4001 αὐτὸν
1350 3942 1510 3996 πόνον
1544 3939 1784 4010 ἔχοντες,
1812 3938 1907 3991 καὶ

317 4052 378 4102 ὲν
429 4049 506 4120 τῷ
545 4043 1008 4118 καυτηριάζεσθαι
1060 4040 1094 4112 ἢ
1143 4034 1592 4111 χειρουργεῖσθαι
1635 4031 1907 4103 κραυγαῖς

316 4141 595 4213 ἀπρεπέσι
656 4141 986 4209 κέχρηνται·
1046 4132 1142 4186 καὶ
1186 4129 1349 4192 αὐτός
1416 4127 1536 4184 ἐστι
1591 4123 1755 4185 πόνος
1810 4120 1906 4174 τοῦ

319 4237 552 4308 βοῶντος
584 4232 677 4286 καὶ
704 4229 796 4283 τοῦ
841 4227 915 4299 μὴ
940 4225 1192 4297 βοῶντος,
1230 4220 1322 4273 τοῦ
1365 4214 1779 4288 ταρασσομένου
1814 4211 1910 4265 καὶ

316 4301 416 4380 τοῦ
446 4325 523 4397 μὴ
545 4319 974 4394 ταρασσομένου.
1007 4315 1130 4369 Εἰσί
1159 4328 1306 4373 τινες
1344 4308 1520 4370 οὕτως
1549 4305 1764 4397 ἔχοντες
1793 4301 1908 4354 θλί-

317 4421 414 4491 ψιν
439 4420 533 4472 καὶ
561 4416 744 4480 πόνον,
769 4413 867 4467 καὶ
888 4406 1314 4466 εὑκαταστάτως
1345 4401 1640 4491 φερόμενοι

322 4510 523 4585 ραχῆς,
547 4505 873 4581 κρατοῦντες
903 4500 1110 4556 ἑαυτῶν
1129 4498 1220 4551 τδν
1244 4495 1368 4552 νοῦν
1389 4496 1447 4546 ὲν
1465 4492 1576 4554 τοῖς
1604 4488 1906 4556 λογισμοῖς.

324 4577 449 4656 laici
460 4577 519 4654 δὲ
533 4577 678 4655 ἄλλοι
689 4597 787 4670 τὴν
805 4594 974 4664 αὐτὴν
986 4590 1164 4660 θλίψιν
1187 4587 1426 4660 ἔχοντες,
1451 4582 1546 4636 καὶ
1562 4577 1909 4649 ἀνυπομονή-

323 4711 434 4758 τως
461 4692 771 4764 φερόμενοι,
793 4686 933 4760 μετὰ
949 4681 1185 4755 θορύόου
1216 4680 1311 4733 καὶ
1337 4675 1584 4747 ταραχῆς
1609 4672 1706 4733 τὰς
1735 4685 1911 4741 προσ-

325 4788 494 4857 ευχὰς
538 4782 816 4845 ποιοῦντες
860 4780 940 4842 είς
968 4776 1031 4830 τὸ
1080 4774 1178 4828 καὶ
1235 4771 1361 4834 τοὺς
1395 4767 1694 4828 ἀκούοντας
1749 4779 1914 4815 σκαν-

325 4853 656 4942 δαλίζεοθαι.
689 4871 812 4927 Εἰσὶ
835 4871 891 4924 δὲ
918 4867 1068 4923 ἄλλοι
1105 4865 1180 4937 μὴ
1235 4863 1453 4933 ἔχοντες
1505 4858 1688 4921 πόνον,
1725 4856 1804 4918 εἰς
1855 4853 1913 4906 δὲ

328 4969 607 5034 ἐπίδειξιν,
661 4965 694 5038 ἢ
749 4959 1018 5018 ίδιωτείαν
1066 4954 1398 5028 φερόμενοι,
1447 4949 1720 5020 κραυγαῖς
1782 4943 1920 5038 ἀτα-

332 5081 479 5127 κτοις
502 5036 830 5130 κέχρηνται,
849 5055 925 5117 ὡς
951 5049 1042 5106 διὰ
1071 5051 1280 5102 τούτων
1303 5045 1591 5114 δυνάμενοι
1620 5036 1922 5111 εὐαρεστῆ-

333 5176 421 5213 σαι
459 5155 538 5226 τῷ
588 5152 728 5223 Θεῷ.

398 5346 470 5400 B'.
511 5342 588 5398 Ού
645 5339 754 5412 χρὴ
789 5339 848 5393 δὲ
896 5338 989 5392 τὸν
1040 5334 1138 5388 τοῦ
1188 5329 1327 5386 Θεοῦ
1384 5325 1570 5381 δοῦλον
1607 5323 1665 5376 ὲν
1690 5317 1915 5412 τοιαύτη

327 5409 712 5504 ἀκαταστασία
742 5409 930 5497 εἶναι,
987 5427 1106 5482 ἀλλ’
1167 5427 1224 5478 ἐν
1277 5421 1429 5492 πάσῃ
1466 5414 1770 5488 ήμερότητι
1808 5409 1918 5504 καὶ

326 5529 510 5603 σοφίᾳ,
545 5503 736 5588 καθὼς
795 5518 946 5576 εἶπεν
994 5521 1024 5574 ὁ
1063 5515 1350 5589 προφήτης
1379 5528 1394 5543 ·
1437 5506 1563 5562 Ἐπί
1601 5506 1736 5560 τινα
1793 5503 1917 5556 ἑπι-

2012 473 2127 527 rior
2160 471 2351 536 homo,
2384 481 2442 528 et
2471 472 2527 527 in
2559 473 2851 529 sanctitate
2897 475 2988 530 illa
3019 475 3088 530 de
3134 475 3346 546 Spiritu
3383 480 3613 548 partici-

2009 575 2104 636 pet
2147 566 2353 631 anima,
2386 575 2467 631 ut,
2500 567 2819 637 expurgatis
2848 567 3108 622 sordibus
3129 568 3373 633 malitiae,
3407 569 3612 624 habea-

2009 673 2134 712 mus
2177 673 2400 728 quoque
2443 659 2500 712 in
2551 659 2961 714 resurrectione
3007 660 3156 729 quod
3189 659 3338 715 nuda
3374 676 3609 731 corpora

2009 759 2200 803 nostra
2250 748 2596 818 resurgentia
2653 748 2905 818 operiat,
2956 749 3364 805 deformitatem
3423 759 3609 822 tegas,

2008 839 2274 904 vivilicct,
2305 849 2364 894 et
2391 839 2447 893 in
2476 848 2748 896 aeternum
2780 843 2835 895 in
2871 855 3041 912 regno
3073 843 3343 898 oculorum
3387 843 3611 919 rel‘ocil-

2007 931 2106 986 let.
2157 932 2541 986 Descensurus
2594 931 2744 986 enim
2795 942 2879 987 est
2931 933 3000 988 de
3046 934 3202 989 cmlis
3252 933 3509 990 Christus
3551 941 3611 988 et

2009 1038 2204 1078 omnes
2234 1023 2624 1094 generationes
2655 1023 2787 1078 Adae
2819 1025 3211 1090 suscitaturus,
3242 1042 3364 1096 quae
3393 1026 3462 1082 ab
3500 1024 3610 1080 ini-

2008 1115 2087 1168 tio
2133 1115 2323 1170 saeculi
2360 1115 2846 1179 obdormiverunt,
2880 1129 2941 1171 ut
2984 1133 3142 1173 sacra
3190 1118 3480 1189 Scriptura
3527 1128 3611 1175 te-

2008 1217 2209 1261 statur.
2243 1207 2312 1263 Et
2359 1207 2415 1262 in
2459 1207 2599 1264 duas
2647 1216 2833 1279 partes
2880 1217 3089 1264 statuet
3136 1219 3458 1266 omneszet
3507 1211 3606 1281 qui

2009 1299 2293 1368 peculiare
2341 1300 2582 1371 signum,
2616 1301 2672 1356 id
2717 1310 2823 1366 est,
2859 1301 3076 1373 signum
3110 1301 3352 1373 Spiritus
3394 1303 3608 1360 habue-

2011 1391 2144 1455 rint,
2180 1392 2286 1445 hos
2309 1393 2466 1447 velut
2512 1406 2644 1447 suos
2683 1393 3059 1463 compellabit,
3094 1403 3152 1449 et
3182 1410 3214 1449 a
3254 1394 3464 1450 dextris
3493 1403 3608 1450 sta-

2010 1491 2147 1538 tuet.
2173 1482 2306 1537 Mere
2325 1484 2486 1546 enim,
2511 1482 2714 1554 inquit,
2737 1499 2855 1538 oves
2883 1501 3054 1539 meam
3084 1502 3258 1540 vocem
3280 1486 3508 1541 audiunt
3535 1488 3602 1552 κς

2007 1583 2106 1629 et:
2135 1573 2248 1645 Ego
2283 1590 2536 1645 cognosco
2575 1590 2745 1640 meas,
2784 1582 2833 1628 et
2873 1592 3156 1646 cognoscor
3202 1593 3236 1631 a
3284 1579 3502 1632 meis".
3537 1578 3609 1634 Et

2012 1673 2130 1720 tum
2159 1679 2356 1720 eorum
2385 1679 2620 1735 corpora
2655 1665 2830 1737 gloria
2870 1666 3058 1723 divina
3105 1668 3608 1724 circumdabuntur

2008 1772 2076 1811 ex
2109 1756 2275 1812 bonis
2312 1757 2599 1828 operibus,
2642 1765 2700 1813 et
2749 1757 2831 1812 illi
2866 1756 2971 1828 ipsi
3021 1759 3194 1829 gloria
3234 1757 3479 1828 Spiritus
3514 1774 3607 1814 re-

2008 1846 2336 1916 plebuntur,
2369 1861 2536 1916 quam
2583 1846 2640 1900 in
2669 1845 2782 1901 vita
2831 1845 2936 1901 hac
2971 1846 3026 1901 in
3079 1847 3260 1902 anima
3303 1847 3604 1904 habebant.

2007 1938 2077 1992 Et
2107 1937 2183 1992 ita
2213 1937 2425 1994 lumine
2454 1937 2648 1994 divino
2687 1937 2969 2004 illustrati,
2995 1946 3054 1994 et
3100 1940 3153 1992 in
3193 1939 3397 1994 ccelum
3449 1939 3606 1993 abre-

2007 2032 2085 2100 pti
2112 2032 2168 2084 in
2208 2047 2482 2085 occursum
2526 2031 2762 2096 Domini,
2803 2032 2862 2085 in
2909 2048 3060 2096 aera,
3092 2039 3155 2086 ut
3195 2031 3462 2102 scriptum
3496 2041 3605 2095 est,

2008 2123 2064 2175 in
2104 2130 2363 2177 retentum
2408 2139 2528 2176 cum
2579 2121 2806 2177 Domino
2871 2123 3068 2176 erimus
3101 2122 3172 2184 "°,
3210 2137 3319 2176 una
3356 2137 3483 2178 cum
3536 2138 3606 2178 eo

2008 2220 2301 2282 regnantes
2322 2212 2376 2267 in
2407 2213 2625 2268 inﬁnita
2653 2212 2981 2269 saeculorum
3014 2210 3233 2267 saecula.
3264 2211 3461 2267 Amen.

2595 2521 2880 2577 nouum
2923 2499 3014 2577 VI.

2009 2635 2111 2701 Qui
2140 2635 2250 2706 Deo
2279 2634 2487 2706 placere
2515 2635 2752 2706 cupiunt,
2787 2650 2963 2701 preces
2989 2650 3130 2706 suas,
3155 2633 3224 2706 inA
3249 2650 3399 2704 pace,
3418 2705 3425 2706 ί
3445 2641 3600 2706 tran-

2078 2703 2362 2775 quillitate,
2389 2703 2795 2758 mansuetudine
2818 2720 2880 2775 ac
2899 2705 3168 2775 sapientia
3197 2703 3371 2775 [acere
3390 2705 3601 2766 debent.

2080 2773 2144 2829 ite
2182 2774 2500 2829 clamoribus
2547 2775 2648 2836 usi,
2701 2773 3312 2828 omnibua‘scandalum
3360 2777 3600 2844 pariant.

2082 2846 2329 2901 Contine!
2385 2860 2508 2899 vero
2568 2844 2786 2898 homilia
2841 2844 2974 2898 d'uas
3025 2844 3373 2912 quastiones,
3423 2853 3604 2898 utrum

2082 2917 2259 2970 throni
2304 2923 2354 2967 et
2395 2930 2604 2968 corona:
2648 2922 2909 2968 creatura:
2947 2915 3083 2978 sint,
3126 2921 3178 2967 et
3220 2915 3285 2967 de
3327 2914 3604 2968 duodecim

2083 2987 2285 3040 (lirom's
2315 2984 2506 3039 Israel.

2081 3190 2123 3245 l.
2152 3189 2257 3257 Qui
2283 3191 2554 3246 accedunt
2576 3189 2644 3245 ad
2676 3187 2993 3250 Dominum,
3015 3185 3223 3241 debent
3251 3198 3447 3256 preces
3473 3198 3604 3238 suas

2012 3280 2067 3334 in
2113 3280 2321 3352 quiete,
2370 3295 2506 3351 pace
2550 3289 2607 3336 ct
2662 3275 3062 3347 tranquillitate
3111 3275 3284 3329 multa
3334 3272 3601 3338 fundere,

2010 3389 2121 3426 non
2153 3371 2358 3441 ineptis
2385 3380 2480 3427 aut
2509 3369 2757 3426 confusis
2786 3366 3124 3424 clamoribus
3158 3366 3263 3426 uti,
3292 3364 3386 3419 sed
3416 3365 3600 3417 inten-

2013 3465 2160 3518 tione
2193 3450 2380 3517 cordis
2409 3469 2465 3516 et
2493 3458 2922 3530 cogitationibus
2951 3458 3154 3512 sobriis
3182 3456 3469 3511 attendere
3492 3455 3604 3510 Do-

2009 3555 2181 3610 mino.
2211 3553 2416 3617 Veluti,
2461 3553 2593 3606 dum
2624 3551 2751 3622 quis
2793 3552 2990 3604 morbo
3031 3548 3139 3617 27
3186 3561 3508 3616 oppressus,
3551 3547 3600 3601 si

2009 3645 2258 3701 cauterio
2311 3644 2570 3698 inuratur
2615 3650 2672 3695 et
2723 3641 3036 3711 chirurgica
3092 3654 3258 3693 manu
3308 3646 3600 3704 tractetur,

2009 3753 2174 3807 quam
2211 3735 2430 3792 fortiter
2459 3743 2516 3788 et
2549 3733 2824 3803 patienter
2859 3733 3106 3788 dolorem
3139 3730 3351 3784 illatum
3383 3731 3602 3798 tolerat,

2009 3829 2218 3898 alisque
2272 3825 2511 3881 tumultu
2559 3833 2616 3878 et
2661 3823 3079 3893 perturbatione
3130 3822 3374 3891 seipsum
3421 3822 3605 3877 conti-

2009 3936 2172 3975 nens.
2200 3919 2313 3974 Nec
2346 3919 2549 3973 desunt
2595 3917 2720 3981 alii,
2767 3916 2860 3986 qui
2905 3915 3104 3970 eodem
3154 3914 3346 3969 dolore
3395 3913 3604 3980 allecti,

2009 4013 2143 4069 dum
2176 4010 2426 4067 cauteria
2465 4010 2828 4075 adhibentur,
2856 4017 2950 4063 aut
2980 4022 3008 4061 a
3041 4006 3318 4076 chirurgis
3353 4004 3456 4075 ipsi
3493 4015 3606 4059 tra-

2011 4113 2256 4167 ctantur,
2291 4102 2682 4158 indecentibus
2715 4100 3052 4157 clamoribus
3097 4106 3330 4152 utuntur
3375 4115 3389 4150 :
3424 4103 3481 4150 et
3508 4112 3608 4166 par

2012 4206 2196 4252 tamen
2230 4203 2317 4250 est
2341 4194 2501 4250 dolor
2531 4191 2822 4248 clamantis
2845 4199 2901 4246 et
2928 4204 3041 4244 non
3061 4187 3375 4251 clamantis,
3402 4187 3610 4240 tumul-

2015 4285 2224 4344 tuantis
2247 4293 2303 4340 et
2332 4300 2443 4339 non
2474 4281 2884 4338 tumultuantis.
2915 4280 3056 4335 Sunt
3077 4277 3301 4349 quidam
3326 4277 3445 4346 qui,
3473 4276 3607 4330 dum

1661 4395 1790 4450 ἀνευ
1818 4411 1911 4448 τα-
1943 4401 1988 4458 ι)
2016 4377 2273 4434 eumdem
2298 4375 2546 4429 dolorem
2572 4381 2629 4430 et
2649 4372 2960 4428 molestiam
2983 4369 3279 4431 sustinent,
3312 4367 3610 4436 tranquillo

2017 4471 2204 4525 animo
2233 4469 2440 4532 ferunt,
2471 4476 2530 4522 et
2570 4467 2779 4536 absque
2813 4462 3232 4534 perturbatione
3265 4476 3378 4516 sua:
3409 4459 3611 4513 mentis

2019 4559 2384 4630 cogitationes
2405 4555 2702 4612 sustinent.
2727 4554 2871 4609 Sunt
2893 4561 2952 4607 et
2976 4552 3070 4606 alii
3091 4551 3282 4606 eadem
3315 4548 3610 4604 alllictione

2018 4649 2290 4722 oppressi,
2323 4648 2420 4718 qui
2467 4645 2778 4717 impatienti
2822 4643 3010 4699 animo
3053 4642 3186 4697 dum
3222 4641 3370 4694 illam
3403 4639 3608 4700 ferunt,

2019 4757 2146 4799 cum
2179 4741 2423 4796 tumultu
2464 4748 2522 4794 et
2561 4736 2983 4808 perturbatione
3030 4747 3226 4804 preces
3257 4729 3518 4791 fundunt,
3549 4734 3612 4781 ut

2019 4833 2114 4904 qui
2149 4831 2406 4894 audiunt,
2455 4828 2777 4884 scandalum
2825 4825 2956 4881 inde
2994 4823 3346 4879 contrahant.
3373 4818 3518 4874 Sunt
3554 4824 3612 4871 et

2019 4927 2144 4991 alii,
2193 4923 2288 4995 qui
2341 4921 2597 4993 quamvis
2643 4921 2858 4975 nullum
2907 4917 3157 4972 dolorem
3211 4912 3488 4972 sentiant,
3541 4911 3608 4964 ad

2020 5014 2446 5075 ostentationem
2477 5020 2686 5076 tamen,
2734 5018 2830 5065 aut
2869 5024 2935 5064 ex
2982 5005 3250 5078 peculiari
3296 5017 3472 5066 more,
3506 5002 3610 5056 im-

2021 5108 2270 5181 portuisn
2298 5103 2638 5161 clamoribus
2674 5109 2932 5163 utuntur,
2970 5113 3032 5152 ac
3062 5096 3107 5151 si
3135 5095 3224 5150 his
3252 5093 3467 5164 possint
3493 5092 3612 5163 pla-

2023 5217 2151 5258 cere
2185 5201 2319 5255 Deo.

2097 5315 2162 5369 ll.
2193 5313 2312 5368 Non
2343 5319 2528 5366 autem
2573 5308 2732 5364 decet
2759 5320 2984 5361 servum
3017 5302 3114 5359 Dei
3145 5302 3202 5357 in
3244 5301 3352 5356 hoc
3384 5306 3493 5353 tam
3525 5297 3615 5352 in-

2027 5406 2334 5477 composito
2383 5410 2529 5459 statu
2561 5402 2772 5464 vivere,
2815 5397 2908 5477 sed
2951 5397 3008 5452 in
3040 5395 3189 5452 omni
3223 5391 3619 5462 tranquillitate

2028 5515 2094 5556 ac
2129 5475 2420 5569 sapientia,
2455 5502 2518 5550 ut
2551 5493 2734 5566 inquit
2774 5475 3045 5562 propheta
3080 5505 3092 5542 :
3121 5486 3204 5542 Ad
3251 5500 3406 5556 quem
3449 5482 3619 5555 respi-

384 5766 431 5799 “
463 5760 637 5818 Joan.
676 5769 733 5820 ι,
765 5751 858 5804 27.
932 5749 974 5783 θ’
1014 5745 1148 5802 ibid.
1193 5743 1277 5798 I-i.
1353 5741 1398 5781 ’θ
1442 5736 1684 5792 lThess.
1718 5747 1790 5798 Iv,
1830 5730 1917 5795 16,
1953 5728 2041 5782 Π.
