4016 6444
408 295 510 357 519

1650 288 1710 350 S.
1751 288 2069 350 MACARII
2112 287 2432 347 ἉΕΘΥΡΤΠ

3585 284 3689 348 520

400 407 559 470 ciam,
593 402 693 456 nisi
726 401 797 455 ad
828 409 1186 463 mansuetum,
1218 407 1267 452 et
1306 400 1560 467 quietum,
1593 407 1642 451 et
1684 406 1987 451 trementem
2018 449 2022 458 ε

2123 400 2316 465 πέψω,
2353 396 2490 450 ἀλλ’
2529 394 2568 462 ἢ
2601 392 2699 448 ἐπὶ
2742 394 2851 448 τὸν
2884 393 3079 462 πρᾶον
3124 394 3226 449 καί
3265 394 3546 465 ἡσύχιον
3592 400 3693 453 καὶ

397 508 663 549 sermones
710 508 849 545 meos
892 491 976 543 7‘?
1006 490 1075 544 Et
1124 488 1465 559 temporibus
1510 489 1710 560 Moysis
1750 497 1809 543 et
1854 488 1987 542 Elia:

404 584 735 655 reperimus,
771 581 940 651 quod,
973 596 1098 635 cum
1138 581 1193 633 in
1224 580 1679 649 apparitionibus.
1714 593 1837 647 qua:
1878 578 1989 633 illis

404 677 745 745 obtigerunt,
779 674 949 727 multa
985 671 1291 725 ministeria
1334 670 1589 724 tubarum
1631 676 1687 722 et
1720 669 1987 723 virtutum

406 764 819 836 praecessissent
850 762 1065 816 Domini
1099 763 1457 832 maiestatem,
1492 762 1543 815 in
1593 762 1700 815 illis
1732 762 1991 816 omnibus

407 856 627 926 agnitus
676 854 844 908 fuerit
891 863 947 908 et
993 852 1309 923 apparuerit
1356 852 1625 906 adventus
1671 852 1890 906 Domini
1936 852 1993 905 in

410 960 565 1015 pace,
594 953 650 997 et
683 943 1104 1013 tranquillitate.
1126 950 1181 996 et
1206 942 1410 1010 quiete.
1440 941 1575 994 Ecce
1601 943 1762 1006 enim,
1792 942 1991 1011 inquit,

411 1054 509 1091 v0.1:
536 1053 682 1091 aura:
721 1037 910 1098 tenuis,
950 1044 999 1087 et
1032 1036 1087 1087 in
1132 1050 1193 1087 ea
1226 1033 1479 1086 Dominus
1511 1035 1579 1086 ".
1612 1032 1809 1102 Liquet
1837 1050 1991 1105 ergo,

412 1127 559 1196 quod
596 1127 814 1195 requies
854 1125 1069 1179 Domini
1114 1124 1217 1177 sita
1251 1124 1321 1178 sit
1348 1124 1402 1177 in
1431 1138 1563 1192 pace
1592 1130 1648 1177 et
1677 1126 1995 1195 tranquilli-

413 1228 549 1273 tate.
599 1218 1039 1273 Fundamentum
1089 1215 1259 1279 cnim,
1290 1214 1439 1284 quod
1481 1214 1678 1284 jecerit
1727 1214 1913 1280 homo,
1942 1224 1999 1269 et

412 1312 631 1367 initium
656 1310 802 1380 quod
827 1309 1054 1379 ceperit,
1089 1309 1142 1362 in
1169 1324 1238 1362 eo
1264 1324 1439 1377 usque
1465 1308 1532 1361 ad
1567 1307 1729 1361 tinem
1775 1323 1995 1377 perma-

412 1413 525 1458 net.
572 1402 627 1457 Si
675 1403 783 1455 alta
828 1401 994 1454 nimis
1020 1408 1075 1453 et
1106 1400 1338 1469 querula
1366 1414 1502 1453 voce
1530 1414 1724 1467 preces
1768 1398 2000 1453 fundere

412 1492 661 1561 cmperit,
711 1490 778 1543 ad
816 1488 981 1544 linem
1029 1504 1201 1557 usque
1240 1487 1489 1543 eamdem
1538 1488 2000 1542 consuetudinem

412 1582 645 1637 obtinet.
684 1579 821 1646 Quia
857 1588 1042 1633 autem
1094 1578 1361 1633 Dominus
1410 1578 1757 1634 humanitate
1806 1580 2003 1651 plenus

411 1684 516 1740 est,
548 1672 839 1741 contingit,
876 1680 936 1724 ut
979 1669 1113 1724 huic
1155 1670 1321 1725 etiam
1357 1670 1623 1725 auxilium
1657 1680 1899 1739 praestet.
1936 1671 2003 1726 Hi

414 1767 581 1835 igitur
606 1733 833 1833 propior
858 1762 1157 1831 impulsum
1193 1762 1380 1831 gratias
1410 1760 1477 1815 ad
1511 1733 1675 1816 ﬁnem
1709 1778 1881 1832 usque
1908 1778 2004 1818 ea-
2037 1733 2079 1792 Β

415 1857 539 1911 dem
587 1852 988 1908 consuetudine
1057 1858 1327 1915 utuntur,
1381 1854 1635 1922 quamvis
1684 1853 2007 1932 videamus,

418 1946 565 2017 quod
601 1946 692 1999 hic
722 1943 981 2015 precandi
1012 1942 1209 1997 modus
1243 1942 1541 1997 idiotarum
1588 1944 1680 2008 sit,
1714 1953 2010 2015 propterea

419 2038 567 2108 quod
592 2037 715 2091 aliis
742 2035 1062 2090 scandalum
1086 2033 1325 2105 pariant,
1351 2044 1409 2089 et
1455 2036 1671 2107 seipsos
1698 2036 1843 2091 inter
1882 2052 2011 2106 pre-

422 2128 661 2182 candum
709 2125 1058 2198 perturbent.

492 2241 581 2294 ll].
627 2240 831 2295 Verum
882 2248 1069 2294 autem
1130 2239 1397 2295 orationis
1444 2237 1862 2293 fundamentum
1909 2238 2014 2293 hoe

421 2341 526 2397 est,
558 2330 843 2384 attendere
870 2329 1133 2383 nimirum
1169 2328 1619 2400 cogitationibus,
1651 2336 1708 2383 et
1753 2328 1811 2382 in
1840 2329 2013 2381 multa

423 2421 817 2492 tranquillitate
864 2430 920 2475 et
969 2436 1101 2490 pace
1147 2436 1341 2491 preces
1394 2418 1669 2482 fundere,
1721 2427 1781 2472 ut
1824 2417 2013 2472 ceteri

422 2516 570 2569 nulla
615 2514 825 2567 ratione
872 2511 1197 2566 scandalum
1242 2510 1538 2581 accipiant.
1592 2510 1696 2565 Hic
1748 2511 1936 2577 enim,
1967 2510 2014 2564 si

423 2612 750 2659 consecutus
794 2604 1026 2673 gratiam
1072 2603 1165 2657 Dei
1196 2612 1253 2657 et
1285 2601 1701 2673 perfectionem,
1734 2618 1911 2673 usque
1943 2601 2011 2656 ad

425 2698 589 2752 tinem
616 2695 906 2764 tranquille
934 2702 1186 2765 precatus
1214 2694 1402 2761 fuerit,
1437 2696 1609 2765 magis
1636 2696 1841 2750 multos
1869 2694 2009 2748 adi-

426 2786 631 2842 ﬁcabit.
661 2786 780 2841 Non
822 2787 961 2840 enim
991 2796 1065 2839 est
1115 2787 1436 2856 confusionis
1462 2786 1623 2853 Deus,
1659 2788 1751 2841 sed
1778 2787 1920 2857 pacis
1948 2786 2014 2840 ⁷⁸.

425 2880 528 2945 Qui
557 2879 705 2934 enim
737 2878 1074 2933 clamoribus
1105 2886 1353 2942 utuntur,
1389 2879 1769 2933 hortatoribus
1805 2877 2020 2933 similes

427 2980 578 3036 sunt,
606 2978 662 3025 et
691 2986 801 3024 non
842 2978 1073 3039 possunt
1106 2970 1311 3038 ubique
1344 2970 1582 3040 precari.
1616 2984 1795 3040 neque
1836 2970 1892 3023 in
1923 2984 2013 3023 ee-

2066 489 2381 573 ⁴τρέμον-τά
2408 507 2527 557 μου
2554 488 2698 554 τοὺς
2726 490 2953 557 λόγους
2980 505 2999 553 ;
3032 488 3145 542 Καὶ
3180 490 3273 541 ἐπὶ
3295 490 3391 542 τοῦ
3436 490 3694 553 Μωσέως

2092 581 2188 633 καὶ
2239 579 2333 632 τοῦ
2376 579 2528 633 Ἠλία
2586 578 2932 648 εὑρίσκομεν,
2991 579 3072 631 ὅτι
3122 579 3179 630 ἐν
3237 582 3303 649 τῇ
3376 581 3698 652 γιγνομένῃ

2096 673 2279 734 αὐτοῖς
2318 669 2616 739 ἐπιφανείᾳ
2642 668 2844 738 πολλῆς
2869 668 3144 733 διακονίας
3178 671 3525 739 γιγνομένης
3560 670 3693 721 σαλ-

2095 764 2310 831 πίγγων
2343 762 2439 815 καὶ
2492 762 2776 830 δυνάμεων
2832 760 3143 831 ἔμπροσθεν
3191 763 3291 831 τῆς
3340 762 3699 830 Δεσποτικῆς

2096 856 2275 919 ἀξίας,
2310 857 2367 907 ἐν
2429 852 2657 915 ἐκείνοις
2707 853 2843 905 πᾶσι
2886 852 3129 924 διεκρίθη
3172 855 3263 905 καὶ
3298 853 3638 924 ἐφανερώθη
3667 855 3702 924 ἡ

2096 946 2191 998 τοῦ
2226 945 2433 1015 Κυρίου
2468 943 2765 1014 παρουσία,
2795 945 2854 995 ἐν
2892 944 3107 1014 εἰρήνῃ,
3167 944 3260 997 καὶ
3315 943 3555 1013 ἡσυχίᾳ,
3607 945 3704 996 καὶ

2099 1037 2424 1092 ἀναπαύσει.
2466 1036 2612 1090 Ἰδοὺ
2644 1036 2774 1105 γὰρ,
2810 1036 2965 1105 φησὶ,
3001 1035 3175 1105 φωνὴ
3207 1036 3397 1104 αὔρας
3431 1034 3702 1102 λεπτῆς,

2101 1131 2197 1185 καὶ
2234 1130 2306 1183 ἐν
2336 1128 2493 1197 αὺτῇ
2524 1131 2558 1182 ό
2594 1129 2828 1196 Κύριος.
2862 1128 3147 1181 Δείκνυται
3176 1128 3376 1194 τοίνυν,
3414 1127 3507 1180 ὅτι
3548 1128 3585 1196 ἡ
3610 1126 3704 1179 τοῦ

2102 1225 2307 1292 Κυρίου
2339 1224 2645 1286 ἀνάπαυσις
2694 1223 2752 1273 ἐν
2804 1222 3004 1294 εἰρήνῃ
3050 1221 3148 1273 καὶ
3176 1220 3525 1274 καταστάσει
3560 1219 3702 1271 ἐστί’

2102 1311 2353 1380 θεμέλιον
2385 1310 2492 1382 γάρ
2548 1310 2608 1363 ὃν
2667 1310 2882 1381 τίθησιν
2938 1309 3247 1378 ἄνθρωπος,
3288 1308 3383 1361 καί.
3411 1307 3606 1377 ἀρχὴν
3639 1308 3707 1377 ῆν

2103 1403 2351 1473 ἄρχεται,
2381 1404 2440 1455 ἐν
2470 1402 2608 1472 αὐτῇ
2644 1402 2804 1472 μέχρι
2831 1402 3021 1464 τέλους
3046 1399 3294 1470 διαμένει
3314 1415 3329 1430 ·
3359 1400 3460 1453 ἐάν
3497 1401 3559 1451 έν
3588 1417 3708 1467 φω-

2104 1497 2191 1565 νῇ,
2222 1495 2317 1547 καὶ
2347 1496 2563 1565 ταραχῇ
2601 1492 2834 1565 ἄρξηται
2894 1491 2992 1562 τὴν
3037 1491 3348 1561 προσευχὴν
3389 1488 3705 1553 ποιεῖσθαι,

2109 1586 2270 1655 μέχρι
2308 1583 2497 1646 τέλους
2546 1582 2645 1652 τὴν
2689 1581 2861 1651 αὐτὴν
2898 1579 3178 1633 συνέθειαν
3206 1580 3421 1648 κρατεῖ.
3470 1573 3706 1645 Ἐπειδὴ

2106 1676 2163 1729 δὲ
2212 1677 2240 1728 ὁ
2287 1674 2490 1745 Κύριος
2549 1672 2929 1742 φιλάνθρωπός
2958 1673 3094 1737 ἐστι,
3129 1669 3441 1740 συμϐαίνει,
3487 1670 3576 1722 ὅτι
3612 1669 3706 1721 καὶ

2108 1767 2283 1838 τούτῳ
2332 1767 2514 1820 δίδωσι
2571 1764 2847 1835 βοήθειαν.
2900 1756 3061 1816 Οὗτοι
3106 1762 3199 1815 οὖν
3261 1762 3352 1815 διὰ
3411 1763 3524 1831 τὴν
3570 1777 3709 1826 προ-

2110 1858 2319 1930 τροπὴν
2351 1858 2449 1928 τῆς
2478 1858 2723 1928 χάριτος,
2775 1856 2880 1918 ἕως
2913 1853 3099 1918 τέλους
3138 1856 3206 1925 τῇ
3262 1854 3400 1924 αὐτῇ
3437 1850 3709 1922 συνηθείᾳ

2112 1951 2540 2020 ἀποκέχρηνται,
2573 1948 2687 2001 ἀλλ’
2710 1946 2930 2017 ὁρῶμεν
2964 1945 3047 1999 δτι
3079 1944 3141 1997 τὺ
3178 1946 3339 2015 μέρος
3365 1945 3537 1998 τοῦτο
3573 1944 3711 1996 ἰδιω-

2111 2042 2221 2097 τῶν
2248 2044 2386 2107 ἐστι,
2419 2040 2505 2094 διὰ
2545 2040 2607 2094 τὸ
2658 2040 2753 2092 καὶ
2781 2038 2977 2101 ἄλλους
3034 2036 3436 2102 σκανδαλίζειν,
3482 2036 3588 2089 καὶ
3615 2036 3711 2088 ab.

2113 2138 2241 2198 τοὺς
2267 2133 2711 2206 τεταραγμένους
2738 2131 3009 2185 ποιεῖσθαι
3039 2130 3137 2201 τὴν
3170 2130 3508 2201 προσευχήν.

2186 2245 2263 2299 Γ⁹.
2305 2244 2364 2299 Ὀ
2393 2245 2448 2298 δὲ
2488 2243 2741 2313 ἀληθινὸς
2770 2242 3019 2313 θεμέλιος
3050 2242 3149 2308 τῆς
3180 2241 3499 2312 προσευχῆς
3553 2232 3712 2302 οὗτός

2116 2337 2255 2400 ἐστι,
2285 2336 2347 2389 τὸ
2378 2335 2664 2407 προσέχειν
2695 2336 2807 2397 τοῖς
2830 2334 3133 2403 λογισμοῖς,
3165 2334 3260 2387 καὶ
3292 2335 3348 2385 ὲν
3371 2333 3549 2403 πολλῇ
3578 2335 3711 2403 ἠσυ-

2118 2427 2209 2499 χίᾳ
2241 2426 2338 2480 καὶ
2390 2428 2586 2497 εἰρήνῃ
2618 2426 2894 2480 ποιεῖσθαι
2920 2427 3019 2496 τὴν
3069 2426 3401 2495 προσευχὴν,
3444 2425 3529 2485 ὡς
3572 2424 3711 2494 μήτε

2119 2520 2243 2581 τοὺς
2275 2517 2473 2583 ἔξωθεν
2522 2516 2995 2583 σκανδαλίζεσθαι.
3036 2510 3207 2579 Οὗτος
3240 2517 3348 2586 γὰρ
3387 2516 3487 2567 ἐὰν
3523 2512 3711 2566 ἐπιδέ-

2122 2612 2279 2682 ξηται
2300 2611 2397 2682 τὴν
2428 2611 2589 2681 χάριν
2611 2610 2708 2664 τοῦ
2732 2610 2892 2677 Θεοῦ,
2924 2610 3019 2663 καὶ
3051 2609 3335 2661 τελείωσιν
3358 2610 3493 2679 ἀχρι
3522 2606 3715 2667 τέλους

2122 2705 2182 2757 ἐν
2216 2704 2419 2774 ἠσυχίᾳ
2453 2703 2695 2771 ποιήσει,
2728 2701 2891 2754 πλέον
2924 2703 3049 2763 τοὺς
3077 2699 3307 2762 πολλοὺς
3334 2699 3708 2769 οἰκοδομήσει.

2124 2794 2208 2847 Οὐ
2242 2791 2353 2862 γάρ
2384 2792 2555 2845 ἐστιν
2596 2790 3053 2854 ἀκαταστασίας
3090 2792 3123 2843 ό
3173 2789 3343 2854 Θεὸς,
3372 2787 3518 2841 ἀλλ’
3550 2785 3713 2853 εἰρή-

2121 2900 2255 2950 νης.
2292 2884 2355 2936 0!
2389 2883 2496 2955 γάρ
2540 2884 2660 2944 ταῖς
2700 2883 2971 2952 κραυγαῖς
2996 2880 3350 2951 κεχρημένοι,
3386 2878 3715 2938 κελευσταῖς

2123 2975 2357 3037 ἐοίκασι,
2392 2974 2468 3044 μὴ
2496 2974 2783 3044 δυνάμενοι
2844 2972 3127 3042 πανταχοῦ
3156 2970 3439 3035 εὔξασθαι,
3477 2971 3624 3040 μήτε
3656 2968 3715 3019 ἐν

428 3061 631 3126 clesiis,
661 3076 841 3129 neque
880 3060 935 3113 in
975 3059 1140 3122 vicis,
1178 3060 1286 3113 nisi
1329 3060 1470 3115 forte
1494 3061 1548 3114 in
1595 3060 2016 3123 solitudinibus,

2124 3065 2466 3135 ἐκκλησίαις,
2504 3066 2644 3135 μήτε
2676 3066 2733 3117 ἐν
2764 3065 3020 3134 κώμαις,
3081 3065 3129 3115 εἰ
3169 3063 3244 3133 μὴ
3293 3064 3436 3132 τάχα
3479 3064 3543 3114 ὲν
3582 3065 3712 3129 ἐρη-

431 3169 532 3225 pro
570 3154 747 3207 lubitu
794 3167 915 3205 suo.
962 3150 1066 3216 Qui
1111 3158 1294 3205 autem
1343 3152 1640 3220 tranquille
1690 3162 2019 3221 precantur,

432 3259 625 3298 omnes
654 3243 710 3296 in
737 3244 886 3297 omni
930 3242 1054 3295 loco
1093 3240 1386 3296 aedificant.
1416 3242 1583 3296 Decet
1623 3242 1769 3295 enim
1801 3256 2021 3295 omnem

434 3336 682 3391 laborem
706 3334 947 3389 hominis
969 3335 1223 3389 consumi
1248 3335 1303 3388 in
1329 3334 1780 3404 cogitationibus,
1803 3349 1865 3388 ac
1894 3334 2024 3387 sub.

433 3429 633 3499 jectam
688 3428 978 3481 materiam
1029 3442 1320 3496 pravarum
1382 3426 1776 3495 cogitationum
1829 3424 2024 3494 praeci-

438 3520 599 3585 dere,
624 3528 680 3573 et
702 3519 1031 3588 compellere
1079 3518 1319 3587 seipsum
1350 3517 1417 3571 ad
1444 3518 1638 3580 Deum,
1687 3532 1790 3571 nec
1814 3516 2026 3571 obtem-

440 3628 635 3684 perare
687 3612 959 3666 voluntati
1005 3610 1433 3681 cogitationum,
1490 3609 1585 3664 sed
1639 3624 1733 3663 eas
1782 3608 2026 3677 undique

441 3716 691 3759 errantes
719 3705 1000 3774 colligere,
1036 3703 1409 3759 discernando
1440 3702 1723 3758 naturales
1754 3718 1783 3756 a
1819 3701 2024 3772 pravis.

443 3798 639 3853 Anima
667 3798 814 3850 enim
856 3812 978 3866 qua:
1019 3805 1244 3867 peccato
1274 3796 1511 3850 obnoxia
1554 3806 1659 3861 est,
1708 3794 1938 3865 perinde
1969 3809 2028 3848 se

443 3889 611 3943 habet
669 3904 733 3942 ac
764 3888 809 3943 si
860 3888 933 3943 sit
978 3888 1031 3941 in
1083 3896 1267 3941 monte
1298 3902 1491 3957 magna
1521 3887 1678 3953 silva,
1708 3896 1803 3941 aut
1839 3886 1893 3939 in
1927 3884 2031 3939 ﬂu-

446 3979 595 4032 mine
628 3977 948 4039 arundines,
985 3985 1080 4030 aut
1105 3977 1289 4031 densae
1324 3976 1493 4045 spinae
1527 3991 1590 4029 ac
1620 3990 1866 4030 nemora.
1899 3973 2033 4040 Qui-

447 4083 666 4139 cunque
701 4068 867 4138 igitur
896 4068 1050 4120 illum
1092 4067 1272 4120 locum
1317 4065 1709 4136 transgressuri
1758 4072 1907 4129 sunt,
1937 4079 2033 4118 eos

449 4157 749 4212 extendere
781 4172 997 4220 manus,
1025 4165 1081 4211 et
1123 4171 1249 4210 cum
1277 4156 1536 4209 violentia
1579 4171 1642 4210 ac
1674 4154 1864 4209 labore
1898 4153 2033 4208 sub-

445 4251 648 4318 jectam
678 4247 965 4301 materiam
996 4245 1212 4299 amoliri
1242 4253 1478 4314 oportet.
1514 4246 1589 4298 lta
1619 4260 1839 4314 quoque
1866 4253 2037 4297 mate-

453 4341 531 4393 ria
574 4339 968 4409 cogitationum
1017 4337 1346 4392 adversariae
1380 4339 1663 4407 potestatis
1709 4338 1904 4391 anima:
1933 4336 2035 4390 ad-

454 4431 642 4487 bazret.
690 4430 883 4498 Magna
916 4429 1080 4499 igitur
1112 4428 1283 4483 animi
1330 4428 1609 4498 diligentia
1637 4444 1700 4482 ac
1730 4427 2031 4482 attentione
2062 4412 2110 4469 D

452 4538 593 4590 opus
624 4529 727 4584 est,
762 4530 821 4575 ut
855 4521 980 4589 quis
1012 4530 1262 4575 secernat
1291 4530 1547 4576 externas
1575 4520 1937 4592 cogitationes
1965 4519 2035 4573 ab

452 4612 773 4669 adversaria
805 4620 1075 4682 potestate
1123 4619 1292 4666 ortas.

527 4822 639 4893 28
673 4821 758 4877 lV.
788 4821 884 4875 Est
904 4821 1049 4874 enim
1085 4820 1210 4889 quis
1235 4835 1331 4873 sua
1358 4819 1528 4874 solius
1548 4819 1751 4875 virtute
1773 4822 2037 4887 conlisus,

456 4915 779 4970 existimans
809 4922 1004 4984 squte
1052 4921 1225 4966 marte
1270 4912 1654 4983 circumiectos
1689 4928 1747 4968 se
1786 4913 2042 4968 excidere

458 5021 619 5076 posse
663 5015 895 5060 montes.
922 5006 1015 5061 Est
1046 5019 1269 5075 quoque
1302 5004 1463 5067 alius,
1490 5002 1605 5072 qui,
1639 5020 1764 5057 cum
1802 5004 1855 5058 in
1890 5013 2044 5057 tran-

459 5098 734 5168 quillitate
763 5106 818 5151 et
844 5098 1177 5151 discretione
1221 5096 1464 5149 animum
1497 5111 1658 5149 suum
1701 5106 1876 5166 regat,
1917 5096 2045 5149 abs»

461 5205 568 5257 que
616 5188 725 5240 ulla
756 5186 1146 5257 defatigatione
1181 5185 1398 5255 plenius
1432 5200 1573 5254 opus
1611 5200 1771 5238 suum
1808 5184 2043 5254 perﬁcit,

460 5296 623 5349 quam
667 5278 776 5331 ille.
807 5278 899 5332 Sic
937 5279 989 5331 in
1036 5277 1307 5347 precibus.
1341 5291 1561 5346 quoque
1605 5284 1735 5331 sunt
1780 5276 2040 5345 quidam,

462 5371 582 5438 qui,
617 5385 743 5423 cum
778 5367 1111 5421 clamoribus
1144 5366 1347 5435 ineptis
1369 5375 1613 5433 utantur,
1642 5366 1815 5420 veluti
1847 5368 2044 5422 robore

463 5459 713 5528 corporis
744 5457 958 5522 confisi,
1001 5457 1146 5511 haud
1179 5466 1385 5510 norunt
1429 5456 1571 5511 furta
1599 5457 1995 5527 cogitationum
2027 5476 2047 5511 τ

2131 3159 2304 3229 μίαις,
2346 3158 2489 3212 κατά
2509 3159 2568 3211 τὸ
2598 3158 2810 3228 θέλημα
2828 3157 3028 3212 αὐτῶν.
3050 3158 3113 3209 Ui
3135 3157 3179 3210 δ’
3213 3159 3271 3208 ἐν
3301 3155 3509 3226 ἡσυχίᾳ
3542 3168 3714 3224 προσ·

2128 3250 2430 3320 ευχόμενοι,
2500 3250 2710 3314 πάντας
2769 3248 3142 3319 οἰκοδομοῦσιν
3224 3250 3282 3301 ἐν
3313 3248 3473 3300 παντὶ
3541 3246 3712 3314 τόπῳ.

2129 3343 2250 3413 Χρὴ
2274 3344 2386 3413 γὰρ
2433 3341 2553 3395 ὅλον
2578 3342 2669 3395 τὸν
2698 3342 2888 3410 ἀγῶνα
2924 3341 3019 3394 τοῦ
3048 3341 3342 3412 ἀνθρώπου
3372 3339 3617 3391 ἐκτελεῖν
3657 3338 3714 3388 ἐν

2130 3435 2241 3493 τοῖς
2274 3432 2578 3501 λογισμοῖς,
2613 3432 2707 3485 καὶ
2740 3432 2838 3502 τὴν
2871 3432 3262 3503 περικειμένην
3294 3429 3427 3499 ὕλην
3465 3430 3583 3481 τῶν
3617 3444 3713 3479 πο-

2132 3522 2315 3591 νηρῶν
2351 3521 2633 3591 λογισμῶν
2669 3522 3012 3575 ἀποκόπτειν
3038 3562 3053 3585 ,
3087 3523 3183 3573 καὶ
3234 3520 3473 3588 ἐπείγειν
3521 3516 3713 3572 ἑαυτὸν

2132 3613 2267 3682 πρὸς
2306 3611 2397 3665 τὸν
2422 3612 2576 3675 Θεὸν,
2613 3613 2709 3666 καί⁷
2758 3613 2835 3683 μὴ
2862 3614 3038 3664 ποιεῖν
3065 3611 3136 3664 τὰ
3177 3609 3458 3680 θελήματα
3484 3610 3597 3661 τῶν
3626 3607 3709 3659 λο-

2132 3705 2369 3775 γισμῶν,
2390 3705 2524 3759 ἀλλά
2577 3706 2916 3776 πανταχόθεν
2950 3704 3322 3777 ῥεμϐομένους
3353 3702 3554 3764 αὐτοὺς
3593 3715 3713 3752 συνο

2136 3797 2313 3863 ἀγειν,
2377 3797 2725 3868 διακρίνοντα
2765 3798 2893 3860 τοὺς
2942 3795 3213 3864 φυσικοὺς
3265 3795 3371 3847 ἀπὸ
3400 3793 3510 3846 τῶν
3548 3808 3710 3861 πονη-

2137 3887 2264 3961 ρῶν.
2314 3889 2614 3953 Πελάζεται
2657 3888 2769 3958 γὰρ
2812 3890 2846 3958 ὴ
2901 3888 3047 3957 ψυχὴ
3099 3886 3238 3941 οὖσα
3288 3886 3391 3939 ὑπὸ
3418 3886 3711 3956 ἁμαρτίαν,

2136 3980 2325 4049 ὥσπερ
2368 3980 2463 4033 ἐάν
2574 3981 2632 4031 ἐν
2658 3979 2775 4051 ὄρει
2804 3978 2905 4048 ὕλη
2938 3976 3170 4049 μεγάλη,
3204 3977 3236 4048 ἦ
3270 3980 3327 4030 ἐν
3350 3976 3583 4046 ποταμῷ
3614 3992 3709 4027 κα-

2135 4070 2407 4140 λαμῶνες,
2447 4070 2482 4142 ἢ
2513 4070 2650 4141 δάση
2690 4070 2813 4123 τινὰ
2858 4068 3130 4133 ἀκανθῶν,
3167 4070 3263 4121 καὶ
3306 4068 3465 4120 ὑλῶν.
3519 4069 3591 4119 Oi
3624 4061 3712 4118 οὖν

2142 4160 2454 4232 βουλόμενοι
2495 4162 2564 4216 δι’
2605 4162 2823 4215 ἐκείνου
2862 4160 2957 4214 τοῦ
2998 4161 3164 4213 τόπου
3215 4160 3526 4231 παρελθεῖν,
3564 4158 3709 4227 ὀφεί-

2135 4252 2317 4306 λουσιν
2352 4252 2615 4307 ἐκτείνειν
2661 4254 2761 4317 τὰς
2802 4256 3013 4325 χεῖρας,
3042 4254 3139 4306 καὶ
3175 4253 3317 4320 μετὰ
3347 4251 3469 4321 βίας
3493 4254 3587 4305 καὶ
3618 4268 3711 4303 κα-

2142 4346 2314 4414 μάτου
2362 4346 2699 4399 ἀπωθεῖσθαι
2746 4347 2845 4416 τὴν
2905 4345 3296 4417 περικειμένην
3356 4343 3510 4414 ὕλην.
3562 4342 3714 4395 Οὕτω

2139 4439 2234 4490 καλ⁵
2285 4439 2319 4508 ἡ
2375 4436 2484 4491 τῶν
2505 4438 2781 4508 λογισμῶν
2829 4439 2927 4509 τῆς
2983 4438 3233 4500 ἐναντίας
3271 4437 3553 4505 δυνάμεως
3616 4434 3710 4502 ὕλη

2138 4529 2449 4598 περίκειται
2477 4533 2544 4600 τῇ
2584 4529 2751 4600 ψυχῇ.
2799 4530 3005 4599 Πολλῆς
3036 4526 3127 4584 οὖν
3150 4528 3387 4599 σπουδῆς
3418 4529 3513 4581 καὶ
3554 4542 3713 4597 προσο

2139 4620 2269 4689 οχῆς
2305 4620 2424 4684 νοὸς
2466 4620 2643 4690 χρεία,
2685 4620 2773 4674 ἵνα
2819 4637 2905 4683 τις
2937 4621 3191 4693 διακρίνῃ
3227 4620 3355 4682 τοὺς
3407 4617 3715 4687 ἀλλοτρίους

2138 4709 2433 4781 λογισμοὺς
2458 4712 2557 4782 τῆς
2584 4712 2828 4774 ἐναντίας
2853 4712 3154 4781 δυνάμεως.

2210 4821 2451 4879 Δ’.Ἔστι
2473 4823 2583 4895 γάρ
2597 4842 2681 4883 τις
2696 4823 2916 4895 θαρρῶν
2929 4826 2995 4894 τῇ
3013 4822 3211 4875 ἑαυτοῦ
3222 4818 3715 4892 δυνάμει,νομίζων

2141 4912 2233 4981 ἀφ’
2274 4913 2470 4967 ἑαυτοῦ
2514 4915 2805 4967 ἐκκόπτειν
2830 4914 2898 4967 τὰ
2923 4915 3283 4983 περικείμενα
3316 4915 3439 4984 ὅρη.
3478 4915 3632 4965 Ἔστι
3665 4908 3715 4960 δὲ

2143 5004 2299 5068 ἀλλος
2330 5006 2437 5061 ἀπὸ
2484 5005 2874 5069 καταστάσεως
2922 5007 3016 5058 καὶ
3042 5006 3367 5076 διακρίσεως
3396 5004 3613 5057 διοικῶν
3646 4996 3717 5065 τῷ

2144 5094 2227 5148 νοῖ
2258 5096 2451 5162 αὑτοῦ,
2484 5098 2580 5149 καὶ
2626 5097 2925 5165 ἀκαμάτως
2986 5096 3148 5149 πλέον
3198 5094 3405 5147 ἐκείνου
3460 5094 3520 5147 τδ
3565 5095 3713 5163 ἔργον

2145 5187 2322 5240 αὐτοῦ
2362 5188 2616 5242 διανύων.
2656 5186 2814 5242 Οὕτω
2847 5189 2943 5241 καὶ
2980 5190 3038 5240 ὲν
3081 5190 3200 5250 ταῖς
3232 5188 3563 5257 προσευχαῖς
3616 5180 3713 5235 εἰσί

2150 5297 2292 5342 τινες
2351 5282 2621 5348 κραυγαῖς
2672 5280 3000 5350 κεχρημένοι
3063 5278 3388 5348 ἀπρεπέσιν,
3422 5277 3497 5339 ὡς
3546 5276 3608 5341 δὴ
3654 5272 3713 5340 τῇ

2152 5374 2440 5442 σωματικῇ
2482 5374 2627 5442 ἰσχύῖ
2666 5372 3014 5435 πεποιθότες,
3043 5372 3117 5439 μὴ
3158 5369 3359 5431 εἰδότες
3389 5368 3485 5429 τὰς
3522 5362 3715 5423 κλοπὰς

2150 5462 2259 5514 τῶν
2291 5462 2587 5533 λογισμῶν,
2636 5462 2772 5517 ἀλλά
2806 5462 3119 5534 νομίζοντες
3163 5463 3229 5517 τῆ
3266 5460 3376 5537 ἰδία
3415 5458 3636 5528 δυνάμει
3662 5451 3717 5506 τὸ

538 5705 581 5733 τι
610 5705 710 5756 lsa.
746 5721 883 5765 ιχνι,
919 5706 970 5759 9..
1048 5706 1144 5759 "1
1188 5705 1319 5771 Reg.
1354 5721 1459 5761 xix.
1492 5703 1579 5757 19..
1658 5704 1743 5756 ⁷³1
1776 5703 1902 5757 Cor.
1930 5722 2038 5769 xiv,
2076 5706 2157 5759 l3.
