4016 6432
242 448 332 513 5Ξ³1

1463 444 1835 505 HOMILl/E.
1866 469 1936 481 -
1970 445 2155 507 ΙΙΟΜ.
2192 448 2291 507 VI.

3382 454 3490 519 529;.

244 558 432 610 τέλειον
464 553 810 627 κατόρθωμα
852 552 1144 607 ποιεῖσθαι.
1173 551 1297 605 Εἰσὶ
1329 552 1387 606 δὲ
1415 552 1587 617 ἄλλοι,
1625 553 1674 605 ol
1703 553 1817 613 τοῖς

1945 554 2017 607 οᾶ
2060 554 2375 609 existimant
2425 570 2483 611 se
2512 557 2734 627 propria
2781 556 2984 612 virtute
3024 557 3334 613 absolutum
3362 578 3501 631 opus

244 647 512 717 λογισμοῖς
543 646 931 717 προσέχοντες,
970 645 1067 698 καὶ
1117 645 1239 698 ὅλον
1269 643 1362 696 τὸν
1400 642 1590 710 ἀγῶνα
1632 641 1819 695 ποιού-

249 755 386 809 μενοι
435 737 671 792 ἔσωθεν.
720 730 882 792 Οὗτοι
926 736 1014 790 διὰ
1052 738 1150 806 τῆς
1195 735 1463 797 συνέσεως
1502 733 1681 787 αὐτῶν
1726 732 1821 785 καὶ

246 830 559 899 διακρίσεως
611 830 872 883 δύνανται
899 827 1268 898 κατορθῶσαι,
1299 827 1391 880 καὶ
1427 823 1821 880 ἁποσείσασθαι

249 923 357 977 τοὺς
387 922 861 991 ἐπανισταμένους
885 921 1195 989 λογισμοὺς,
1226 918 1321 972 καὶ
1355 919 1491 989 μετὰ
1522 917 1584 971 τὸ
1611 916 1823 988 θέλημα

251 1012 331 1064 τοῦ
354 1014 561 1081 Κυρίου
609 1012 960 1082 πορεύεσθαι.
996 1010 1339 1081 Εὑρίσκομεν
1370 1010 1427 1061 δὲ
1457 1011 1515 1063 ὲν
1537 1007 1615 1077 τῷ
1661 1007 1823 1060 Ἀπο-

255 1101 429 1171 στόλῳ,
457 1103 542 1153 ὅτι
573 1100 669 1154 τὸν
686 1099 1073 1171 οἰκοδομοῦντα
1098 1097 1190 1151 τὸν
1214 1097 1371 1152 ἄλλον
1397 1095 1621 1167 μείζονα
1648 1094 1818 1161 λέγει.

253 1192 375 1259 Φησὶ
408 1190 539 1261 γάρ’
589 1191 646 1242 '0
663 1188 871 1244 λαλῶν
891 1190 1220 1258 γλώσσαις,
1250 1184 1470 1239 ἑαυτὸν
1502 1181 1820 1250 οἰκοδομεῖ*

258 1286 284 1335 ό
317 1282 380 1335 δὲ
424 1282 858 1350 προφητεύων,
899 1280 1240 1347 ἐκκλησίαν
1287 1275 1619 1345 οἰκοδομεῖο
1682 1277 1715 1329 ὀ
1759 1273 1828 1327 δὲ

257 1375 662 1443 προφητεύων,
690 1373 902 1444 ut:le
930 1374 967 1441 ἢ
991 1376 1023 1428 ό
1050 1372 1258 1427 λαλῶν
1287 1370 1618 1440 γλώσσαις.
1657 1369 1828 1422 Ἐκα-

260 1482 366 1527 στος
397 1461 489 1519 οὖν
518 1467 909 1531 ὲπιλέξεταιτὸ
943 1466 1134 1527 ἄλλους
1172 1464 1545 1534 οἰκοδομῆσαι,
1582 1460 1678 1514 καὶ
1699 1476 1831 1513 κατ-

258 1556 486 1621 αξιοῦται
516 1558 621 1628 τῆς
648 1557 927 1628 βασιλείας
957 1556 1065 1610 τῶν
1087 1554 1356 1626 οὐρανῶν.

323 1760 387 1810 Ε¹.
426 1756 773 1825 Ἐρώτησις.
826 1754 1059 1821 Ἐπειδὴ
1097 1771 1257 1818 τινες
1319 1752 1629 1821 λέγουσιν,
1658 1750 1748 1804 ὅτι
1777 1754 1831 1804 οἱ

261 1851 445 1917 θρόνοι
479 1850 582 1904 καὶ
615 1851 672 1902 οὶ
706 1848 992 1916 στέφανοι
1027 1843 1325 1914 κτίσματά
1367 1846 1516 1909 εισι,
1547 1843 1646 1896 καὶ
1694 1842 1829 1911 οὐχί

261 1943 577 2009 πνεύματα,
599 1938 725 2006 πῶς
762 1940 1084 2007 ὀφείλομεν
1113 1936 1393 1991 ἀκοῦσαι.

333 2054 694 2121 Ἀπόκρισις.
733 2052 792 2105 Ὀ
828 2051 1016 2122 θρόνος
1041 2052 1141 2121 τῆς
1186 2049 1439 2120 θεότητος
1466 2050 1494 2102 ὁ
1520 2046 1647 2111 νοῦς
1674 2047 1832 2117 ἡμῶν

266 2144 398 2195 ἐστι·
447 2144 544 2196 καὶ
600 2143 767 2196 πάλιν
818 2143 847 2195 ὁ
894 2142 1082 2212 θρόνος
1125 2141 1220 2194 τοῦ
1249 2139 1365 2205 νοῦ,
1405 2140 1439 2209 ἡ
1470 2139 1660 2208 θεότης
1689 2139 1828 2203 ἐστὶ,

265 2234 427 2287 καὶτὸ
460 2235 712 2305 πνεῦμα.
755 2233 985 2305 Ὁμοίως
1017 2234 1074 2286 δὲ
1122 2232 1216 2287 καὶ
1260 2232 1289 2284 ὀ
1349 2231 1612 2295 Σατανᾶς,
1642 2231 1738 2283 καὶ
1777 2230 1835 2284 αἱ

266 2326 522 2395 δυνάμεις,
562 2329 664 2380 καὶ
696 2327 746 2379 οἱ
766 2325 1026 2397 ἄρχοντες
1058 2323 1152 2377 τοῦ
1196 2325 1442 2389 σκότους,
1479 2323 1589 2377 ἀπὸ
1610 2323 1706 2391 τῆς
1730 2339 1836 2375 πα-

272 2418 554 2485 ραῦάσεως,
582 2419 691 2488 τῆς
739 2418 958 2485 ἐντολῆς
986 2414 1308 2469 ὲνεκόιθισαν
1355 2416 1434 2477 είς
1481 2412 1581 2481 τὴν
1606 2413 1835 2483 καρδίαν

270 2509 353 2561 καὶ
379 2510 455 2573 είς
479 2510 573 2563 τὸν
602 2508 753 2571 νοῦν,
781 2508 874 2561 καὶ
905 2507 1071 2578 εἰςξτὸ
1106 2506 1264 2575 σῶμα
1291 2505 1386 2558 τοῦ
1428 2504 1619 2574 Ἀδὰμ,
1645 2504 1720 2566 ὡς
1757 2505 1836 2568 είς

269 2599 446 2668 θρόνον
500 2601 661 2654 ἷδιον.
702 2598 904 2653 Λοιπὸν
930 2598 1022 2651 οὖν
1057 2597 1145 2650 διὰ
1172 2596 1331 2649 τοῦτο
1358 2592 1520 2665 ἦλθεν
1554 2597 1581 2647 ὁ
1610 2595 1834 2664 Κύριος,

273 2692 353 2742 καί
382 2691 569 2745 ἔλαϐεν
606 2693 679 2743 ἐκ
723 2691 818 2759 τῆς
849 2688 1124 2760 Παρθένου
1154 2688 1214 2740 τὸ
1238 2687 1415 2756 σῶμα.
1438 2686 1500 2738 Ei
1520 2686 1630 2755 γὰρ
1648 2684 1839 2755 ἠθέλη-

275 2797 326 2832 σε
354 2785 526 2853 γυμνῇ
557 2785 624 2852 τῇ
657 2781 874 2850 θεότητι
911 2777 1211 2840 κατελθεῖν,
1242 2777 1326 2839 τίς
1353 2775 1584 2845 ἠδύνατο
1610 2775 1839 2842 ὑπενεγ-

276 2873 408 2937 κεῖν;
448 2873 609 2926 Ἀλλὰ
627 2872 725 2924 διὰ
752 2870 847 2924 τοῦ
868 2871 1101 2939 ὀργάνου
1122 2867 1216 2921 τοῦ
1246 2868 1497 2935 σώματος
1520 2865 1697 2919 ἐλάλει
1725 2868 1839 2930 τοῖς

277 2957 582 3029 ἀνθρώποις.
628 2960 839 3013 Λοιπὸν
888 2958 980 3013 οὖν
1002 2959 1071 3011 τὰ
1100 2956 1387 3027 πνεύματα
1421 2956 1521 3025 τῆς
1554 2955 1836 3025 πονηρίας,

278 3045 309 3099 ἃ
334 3050 711 3116 ἐνεκαθέζοντο
750 3054 829 3114 είς
860 3051 922 3104 τὸ
953 3049 1134 3119 σῶμα,
1167 3048 1417 3103 καθεῖλεν
1446 3049 1554 3102 ἀπὸ
1581 3048 1687 3101 τῶν
1714 3047 1840 3118 θρό-

279 3157 387 3202 νων,
414 3143 521 3195 τῶν
551 3143 851 3214 νοημάτων
884 3143 975 3195 καὶ
1020 3142 1128 3195 τῶν
1153 3140 1452 3210 λογισμῶν,
1477 3136 1559 3203 οἷς
1591 3140 1841 3193 ὲνεπολι-

1921 646 2285 717 perfecturos.
2324 648 2465 703 Sunt
2505 665 2723 720 quoque
2771 650 2902 715 alii,
2938 651 3031 720 qui
3079 651 3503 721 cogitationibus

1922 739 2250 805 attendunt,
2303 750 2360 795 et
2409 742 2662 812 praelium
2713 757 2876 797 omne
2933 743 3079 797 intus
3130 744 3502 800 committunt.

1925 829 2103 898 Hique
2128 838 2354 899 propter
2380 832 2721 886 intellectum
2745 849 2807 887 ac
2857 833 3243 890 discretionem
3273 845 3507 905 possunt

1925 928 2077 975 recte
2108 937 2291 992 agere,
2324 931 2377 976 et
2408 924 2625 977 amoliri
2663 923 3009 995 insurgentes
3040 927 3418 995 cogitationes,
3450 938 3507 982 et

1927 1013 2231 1067 secundum
2276 1014 2615 1068 voluntatem
2667 1016 2881 1069 Domini
2924 1017 3229 1071 ambulare.
3280 1019 3509 1087 Reperi-

1928 1118 2053 1157 mus
2080 1111 2267 1158 autem
2298 1104 2442 1174 apud
2480 1104 2824 1173 Apostolum,
2855 1108 3000 1175 quod
3023 1123 3177 1170 eum,
3207 1108 3301 1176 qui
3336 1108 3505 1161 alium

1925 1195 2185 1260 aediﬁcat,
2221 1197 2483 1266 majorem
2514 1196 2664 1251 dicat
2695 1214 2709 1262 ;
2744 1197 2924 1267 inquit
2965 1198 3113 1252 enim
3150 1216 3162 1253 :
3203 1199 3303 1264 Qui
3340 1200 3510 1269 loqui-

1927 1296 2018 1339 tur
2044 1286 2247 1355 lingua,
2297 1287 2526 1354 seipsum
2561 1286 2786 1352 mdi/icat
2820 1295 2919 1340 :at
2942 1290 3030 1356 qui
3062 1290 3359 1357 prophetat,
3386 1306 3510 1341 con-

1928 1380 2287 1449 gregationem
2307 1378 2535 1446 wdiﬁcat
2558 1395 2575 1431 :
2599 1380 2688 1448 qui
2712 1387 2886 1431 autem
2908 1382 3203 1450 praphetat,
3234 1383 3408 1450 major
3433 1390 3509 1435 est

1929 1489 2091 1542 quam
2140 1473 2231 1542 qui
2277 1472 2511 1543 loquitur
2555 1472 2748 1543 linguis
2794 1475 2861 1528 ⁷⁸.
2907 1475 3298 1545 Unusquisque
3343 1461 3511 1545 igitu'r

1930 1565 2096 1635 eligat
2142 1564 2327 1634 potius
2370 1565 2507 1620 alios
2538 1564 2835 1630 aediﬁcare,
2864 1574 2921 1621 et
2953 1565 3151 1637 dignus
3191 1568 3509 1622 censebitur

1930 1671 2101 1726 regno
2138 1656 2424 1710 caelorum.

2004 1770 2067 1824 V.
2113 1769 2489 1839 Interrogatio.
2540 1769 2805 1835 Quoniam
2853 1771 3071 1840 quidam
3118 1772 3332 1834 dicunt,
3370 1772 3513 1840 quod

1861 1898 1903 1951 Β
1934 1862 2106 1915 throni
2156 1870 2204 1915 et
2248 1877 2455 1915 corona:
2487 1871 2745 1916 creatura:
2766 1863 2892 1927 sint,
2918 1872 2967 1915 et
2991 1879 3096 1916 non
3117 1864 3360 1929 spiritus,
3385 1879 3515 1933 quo-

1936 1952 2088 2007 modo
2115 1954 2223 2007 haec
2254 1953 2620 2024 intelligenda.

2003 2064 2311 2135 Responsio.
2340 2065 2601 2120 Thronus
2633 2065 2943 2121 divinitatis
2974 2074 3058 2121 est
3102 2079 3259 2119 mens
3306 2076 3514 2130 nostra,

1933 2164 1990 2209 et
2023 2171 2090 2210 ex
2118 2155 2371 2219 adverso,
2404 2156 2636 2212 thronus
2675 2166 2878 2210 nostra:
2914 2155 3116 2209 mentis
3141 2162 3225 2208 est
3256 2153 3518 2209 divinitas

1934 2255 1991 2299 et
2025 2245 2275 2315 spiritus.
2299 2244 2567 2299 Similiter
2587 2260 2810 2313 quoque
2841 2244 3091 2308 Satanas,
3113 2251 3169 2297 et
3192 2251 3514 2313 potestates,

1935 2343 1992 2389 et
2020 2335 2297 2405 principes
2322 2336 2675 2390 tenebrarum
2704 2344 2829 2405 post
2852 2334 3341 2404 transgressionem
3366 2349 3520 2387 man-

1937 2428 2070 2493 dati,
2098 2427 2417 2482 insederunt
2458 2443 2555 2482 cor
2602 2436 2658 2483 et
2704 2436 2967 2491 mentem,
3017 2437 3073 2481 et
3122 2440 3324 2494 corpus
3364 2425 3515 2490 Adae,

1940 2526 2195 2587 tanquam
2228 2519 2489 2571 thronum
2534 2521 2841 2587 proprium.
2884 2519 3181 2587 Propterea
3213 2531 3343 2587 ergo
3369 2516 3521 2570 venit

1939 2611 2225 2675 Dominus,
2260 2620 2317 2665 et
2345 2611 2641 2679 assumpsit
2669 2627 2738 2664 ex
2765 2610 2985 2680 Virgine
3024 2625 3247 2679 corpus.
3281 2608 3336 2662 Si
3366 2608 3516 2662 enim

1940 2702 1993 2754 in
2020 2702 2134 2755 sola
2158 2701 2442 2754 divinitate
2465 2700 2799 2755 descendere
2823 2701 3138 2770 placuisset,
3159 2699 3283 2770 quis
3306 2698 3518 2767 potuis-

1941 2801 2023 2846 set
2053 2791 2316 2845 sutl‘erre?
2346 2791 2545 2844 Verum
2592 2804 2691 2859 per
2732 2805 2999 2860 organum
3041 2788 3291 2857 corporis
3324 2788 3519 2855 loque-

1940 2883 2104 2937 batur
2125 2897 2253 2936 eum
2276 2882 2615 2935 hominibus.
2646 2880 2996 2950 Quapropter
3019 2879 3250 2949 spiritus
3273 2877 3518 2941 malitiae,

1941 2974 2037 3043 qui
2069 2973 2394 3027 insedebant
2425 2986 2649 3041 corpus,
2680 2973 2917 3026 extrusit
2963 2987 2994 3026 e
3038 2970 3253 3025 thronis
3302 2970 3521 3023 intelle-

1943 3074 2064 3120 ctus
2089 3073 2145 3120 et
2172 3065 2591 3135 cogitationum,
2624 3080 2763 3135 quos
2794 3063 3215 3127 inhabitabant;
3246 3070 3301 3117 et
3325 3077 3525 3130 expur-

1944 3154 2091 3225 gavit
2119 3155 2515 3209 conscientiam
2556 3155 2845 3219 Dominus,
2886 3160 2945 3208 et
2986 3153 3092 3207 sibi
3136 3152 3394 3207 thronum
3422 3166 3521 3221 pa-

279 3231 492 3287 τεύοντο.
536 3235 656 3287 Καὶ
707 3233 1004 3302 ὲκαθάρισε
1050 3232 1149 3303 τὴν
1205 3232 1509 3303 συνείδησιν
1558 3233 1587 3285 ὁ
1614 3230 1838 3302 Κύριος,

1946 3245 2087 3300 ravit
2120 3252 2383 3310 mentem,
2417 3254 2473 3300 et
2498 3245 2880 3315 cogitationes,
2911 3250 2968 3298 et
2991 3258 3212 3313 corpus.

281 3321 362 3371 καὶ
388 3324 557 3394 ἑαυτῷ
588 3323 789 3395 θρόνον
822 3322 1046 3393 ἐποίησε
1078 3323 1172 3376 τὸν
1223 3321 1347 3376 νοῦν
1379 3323 1470 3375 καὶ
1524 3324 1650 3386 τοὺς
1696 3323 1841 3391 λογι-

284 3414 450 3480 σμοὺς,
480 3417 571 3469 καὶ
595 3417 665 3469 τὸ
691 3415 872 3485 σῶμα..

341 3531 421 3594 ς’.
462 3530 806 3599 Ἐρώτησις.
846 3529 901 3584 Tl
927 3526 1041 3584 οὖν
1068 3528 1240 3584 ἐστιν
1267 3528 1299 3582 ὃ
1332 3523 1482 3582 εἶπεν
1522 3546 1541 3578 ι
1575 3530 1843 3594 Καθησε-

282 3621 376 3672 σθε
404 3622 496 3675 ἐπὶ
532 3622 773 3676 δώδεκα
812 3625 1081 3691 θρόνους,
1120 3624 1429 3692 κρίνοντες
1470 3621 1578 3688 τὰς
1615 3620 1843 3676 δώδεκα

285 3712 460 3777 φυλὰς
488 3716 593 3770 τοῦ
646 3714 898 3781 Ἰσραήλ
915 3732 935 3780 ;
967 3733 985 3765 ι

358 3821 712 3894 ’Δπόκρισις.
748 3827 923 3880 Τοῦτο
970 3828 1301 3897 εὑρίσκομεν
1339 3827 1423 3880 ὅτι
1471 3826 1566 3881 ἐπὶ
1611 3825 1712 3895 τῆς
1738 3827 1842 3896 γῆς

290 3911 497 3983 ἐγένετο,
528 3920 614 3973 ὅτε
649 3920 682 3971 ὁ
719 3918 924 3988 Κύριος
951 3918 1227 3989 ἀνελήφθη
1276 3920 1356 3983 είς
1385 3918 1508 3981 τοὺς
1538 3918 1801 3986 οὐρανούς
1826 3934 1841 3949 ν

289 4003 475 4078 ἔπεμψε
497 4013 601 4084 γὰρ
636 4011 704 4064 τὸ
749 4013 973 4081 Πνεῦμα
999 4012 1062 4065 τὸ
1091 4011 1442 4082 παράκλητον
1479 4013 1561 4074 είς
1588 4011 1714 4072 τοὺς
1739 4010 1842 4062 δὼ-

291 4095 401 4150 δεκα
428 4103 780 4171 ἀποστόλους,
824 4105 918 4157 καὶ
958 4105 1055 4174 τὴν
1107 4105 1269 4172 ἁγίαν
1316 4103 1567 4172 δύναμιν,
1602 4104 1727 4174 ¹ίιτις
1758 4103 1845 4155 ὲλ-

290 4188 436 4246 θοῦσα
485 4197 896 4268 κατεσκήνωσε,
930 4196 1027 4249 καὶ
1079 4196 1395 4251 ὲνεκάθισεν
1427 4198 1507 4259 είς
1562 4199 1689 4259 τοὺς
1720 4187 1846 4268 θρόέ

290 4299 395 4347 vos;
414 4288 517 4343 τῶν
557 4290 853 4360 νοημάτων
893 4288 1097 4343 αὐτῶν.
1142 4290 1295 4341 Ἐπεὶ
1334 4290 1390 4343 δὲ
1416 4290 1466 4342 οἱ
1497 4291 1837 4361 παρεστηκό-

292 4385 367 4432 Ta;
417 4371 578 4444 εἷπον,
617 4382 706 4434 ὅτι
750 4374 894 4434 οὗτοι
937 4380 1201 4449 γλεύκους
1243 4381 1350 4434 eici.
1410 4382 1843 4451 μεμεστωμένοι,

293 4459 455 4518 λοιπὸν
481 4470 685 4545 ἡρξατο
730 4471 938 4542 Πέτρος
990 4472 1198 4541 κρίνειν
1251 4473 1470 4535 αὐτοὺς,
1499 4472 1673 4540 λέγων
1714 4473 1847 4541 περὶ

2016 3532 2103 3585 VI.
2138 3532 2517 3601 .nterrogatio.
2540 3528 2678 3593 Quid
2704 3530 2868 3599 igitur
2901 3536 2998 3593 est,
3020 3527 3159 3598 quod
3180 3527 3311 3581 dixit
3338 3542 3355 3579 :
3392 3543 3409 3576 ι
3434 3524 3526 3579 Se-

1944 3623 2127 3675 debitis
2162 3638 2318 3691 super
2339 3622 2611 3673 duodecim
2634 3621 2863 3685 thronis,
2905 3619 3209 3689 judicantes
3257 3617 3528 3670 duodecim

1947 3718 2111 3771 tribus
2146 3717 2319 3771 Israel
2345 3718 2435 3769 "‘2
2476 3736 2494 3765 ι

2016 3828 2323 3899 Responsio.
2353 3825 2469 3887 Hoc
2512 3824 2822 3880 invenimus
2859 3823 3145 3893 impletum
3175 3837 3297 3877 esse
3327 3822 3379 3875 in
3410 3830 3523 3875 ter-

1948 3920 2045 3984 ris,
2079 3918 2300 3988 quando
2326 3917 2592 3971 Dominus
2621 3925 2935 3984 assumptus
2965 3922 3049 3969 est
3080 3913 3134 3966 in
3162 3914 3351 3968 coctos.
3384 3911 3527 3966 Misit

1946 4012 2096 4066 enim
2123 4009 2391 4080 Spiritum
2415 4009 2813 4064 consolatorem
2837 4007 2892 4060 in
2917 4005 3206 4060 duodecim
3230 4005 3527 4074 apostolos,

1947 4112 2001 4157 et
2040 4102 2302 4155 virtutem
2338 4108 2618 4165 sanctam;
2668 4113 2791 4167 qum
2832 4096 3131 4151 adveniens
3161 4095 3393 4149 tentoria
3429 4108 3531 4163 po-

1947 4194 2078 4260 suit,
2117 4202 2174 4249 et
2222 4193 2367 4248 sedit
2418 4192 2475 4245 in
2527 4190 2740 4245 thronis
2784 4188 3054 4243 mentium
3100 4188 3363 4256 ipsorum.
3392 4184 3532 4252 Quia

1948 4295 2153 4348 autem,
2180 4284 2272 4353 qui
2296 4283 2611 4345 astiterunt,
2639 4279 2896 4335 dicebant
2919 4289 3100 4333 musto
3120 4278 3360 4346 repletos
3385 4291 3528 4338 esse,

1950 4378 2078 4432 inde
2106 4378 2272 4445 coepit
2308 4377 2503 4429 Petrus
2542 4373 2792 4444 judicare
2840 4388 2957 4436 eos,
3001 4371 3194 4425 dicens
3238 4370 3306 4424 de
3349 4370 3479 4424 Jesu
3515 4388 3529 4423 :

1952 4467 2132 4520 Virum
2172 4473 2433 4535 potentem
2463 4473 2512 4516 et
2540 4462 2707 4516 verbis
2746 4469 2793 4514 et
2828 4462 3101 4531 prodigiis,
3142 4477 3227 4513 vos
3270 4458 3539 4527 cruciﬁxi-

295 4551 373 4602 τοῦ
412 4554 595 4625 Ἰησοῦ,
631 4562 714 4614 ὅτι
744 4560 961 4629 Ἄνδρα
992 4560 1257 4615 δυνατὸν
1285 4562 1357 4615 ἐν
1374 4565 1581 4631 λόγοις
1613 4565 1710 4617 καὶ
1732 4579 1840 4629 ση-

1950 4560 2068 4619 stis,
2099 4558 2475 4626 suspendentes
2502 4555 2565 4607 de
2596 4554 2734 4623 ligno
2759 4554 2825 4607 ".
2855 4554 2923 4606 Et
2948 4568 3080 4607 ecce
3121 4553 3231 4605 illic
3265 4550 3537 4604 mirabilia

293 4645 459 4713 μείοις
485 4654 653 4719 ὑμεῖς
688 4652 1128 4722 ἐσταυρώσατε,
1156 4654 1565 4723 κρεμάσαντες
1610 4656 1708 4708 ἐπὶ
1740 4654 1846 4720 ξύ-

298 4732 412 4787 λου.
451 4739 557 4793 Καὶ
587 4744 688 4806 ἴδε,
712 4746 830 4796 ἐκεῖ
858 4746 1002 4796 ποιεῖ
1028 4742 1328 4813 θαυμάσια,
1372 4746 1695 4815 διαῤῥήσσει
1722 4745 1849 4808 τοὺς

300 4816 457 4889 λίθους
483 4830 587 4885 τῶν
614 4835 920 4905 μνημείων,
948 4834 1045 4887 καὶ
1085 4835 1289 4907 ἐγείρει
1318 4837 1443 4898 τοὺς
1476 4838 1724 4906 νεκρούς.
1750 4837 1849 4889 Γέ-

301 4923 517 4979 γραπται
563 4926 695 4995 γάρο
734 4927 831 4979 Ἐν
876 4926 1007 4992 ταῖς
1048 4927 1337 4995 ἐσχάταις
1388 4928 1636 4996 ἡμέραις
1664 4927 1852 4998 ἐκχεῶ

304 4999 405 5055 ἀπὸ
441 5010 539 5064 τοῦ
570 5017 916 5084 Πνεύματός
933 5036 1052 5085 μου
1085 5018 1183 5071 ἐπὶ
1235 5018 1444 5073 πᾶσαν
1481 5018 1700 5087 σάρκα,
1749 5020 1846 5073 καὶ

310 5104 803 5167 προφητεύσουσιν
861 5110 979 5164 υἱοί
1036 5110 1206 5179 ὑμῶν
1259 5111 1356 5165 καὶ
1414 5112 1475 5164 αἱ
1532 5109 1849 5179 θυγατέρες

308 5188 469 5253 ῠμων-
514 5201 601 5265 Εἰς
647 5206 938 5274 μετάνοιαν
1004 5207 1097 5261 οὖν
1136 5203 1300 5277 ἦλθον
1339 5207 1745 5277 κατηχηθέντες
1786 5205 1892 5258 ὑπὸ

312 5279 531 5349 manu;
558 5301 710 5355 Θεοῦ.

372 5397 437 5454 Z'.
453 5403 601 5481 Ὁρᾷς
623 5416 738 5478 πῶς
756 5416 928 5487 ἐφάνη
952 5417 1093 5488 ἁρχὴ
1114 5416 1376 5486 κρίσεως;
1397 5417 1545 5469 Ἐκεῖ
1558 5418 1667 5488 γὰρ
1683 5417 1854 5488 ἐφάνη

314 5486 489 5581 κθᾲμος
518 5507 712 5570 καινός.
749 5501 878 5561 Ὧδε
918 5486 1053 5581 γὰρ
1078 5486 1233 5581 ἐδόθη
1264 5510 1443 5570 αὐτοῖς
1474 5486 1691 5573 ἐξουσία
1718 5486 1856 5562 καθέ

315 5580 508 5673 “(lavat
550 5596 605 5650 ὲν
647 5599 725 5668 τῷ
780 5601 970 5670 κόσμῳ
997 5580 1344 5671 τούτῳ,.καὶ
1395 5605 1600 5673 κρῖναι.
1659 5603 1853 5656 Καίτοι

323 5671 586 5737 μελλόντων
636 5691 813 5748 αὐτῶν
859 5691 1187 5755 καθέζεσθαι
1213 5694 1307 5745 καὶ
1332 5696 1505 5747 ποιεῖν
1539 5694 1725 5760 κρίσιν
1758 5696 1852 5747 ἐπὶ

384 5850 418 5879 ’λ
442 5855 459 5910 Ῑ
482 5860 593 5921 Cor.
630 5887 737 5934 xw,
772 5873 823 5926 4.
899 5874 943 5903 ⁷⁵
977 5871 1171 5926 Matth.
1202 5888 1313 5938 XIX,
1344 5871 1434 5927 ‘28.
1511 5872 1555 5903 ⁷⁸
1590 5872 1711 5925 Act.
1741 5870 1785 5925 ll
1813 5871 1902 5925 εδ.

1952 4651 2101 4715 facit,
2138 4649 2433 4717 disrumpit
2465 4648 2676 4716 lapides
2708 4657 3193 4700 monumentorum
3223 4653 3279 4697 et
3307 4641 3535 4696 suscitat

1955 4752 2227 4797 mortuos.
2265 4740 2541 4809 Scriptum
2585 4740 2735 4793 enim
2766 4747 2851 4793 est
2880 4758 2892 4791 :
2920 4738 2983 4791 In
3023 4736 3315 4790 novissimis
3356 4732 3532 4785 diebus

1954 4834 2220 4905 effundam
2264 4831 2326 4885 de
2368 4830 2570 4901 Spiritu
2615 4847 2729 4884 meo
2771 4846 2931 4900 super
2959 4842 3166 4882 omnem
3210 4840 3443 4887 carnem,
3484 4830 3534 4875 et

1954 4923 2339 4996 praphetabunt
2376 4921 2476 4988 ﬁlii
2513 4924 2672 4975 vestri
2715 4929 2762 4974 et
2798 4919 2927 4988 ﬁlice
2952 4925 3135 4971 vestrm
3167 4916 3229 4968 ⁷⁷.
3267 4913 3536 4980 Quocirca

1956 5015 2115 5071 multi
2150 5032 2181 5068 ιι
2206 5015 2370 5069 Petro
2401 5013 2677 5075 instructi,
2709 5012 2775 5065 ad
2811 5009 3192 5079 pwnitentiam
3227 5006 3549 5070 redierunt,

1957 5117 2018 5163 ut
2052 5108 2208 5162 ﬁeret
2233 5105 2472 5159 mundus
2504 5120 2700 5166 novus,
2738 5104 2892 5171 isque
2916 5101 3127 5155 electus
3152 5117 3182 5154 a
3210 5101 3342 5153 Deo.

1959 5202 2055 5260 τοῦ
2090 5202 2300 5273 Πέτρου
2352 5200 2560 5265 πολλοὶ,
2614 5198 2755 5253 ὥστε
2795 5199 3046 5267 γενέσθαι
3104 5198 3310 5269 κόσμον
3354 5193 3537 5248 καινὸν

2039 5415 2153 5468 Vll.
2188 5412 2353 5469 Vides
2384 5425 2515 5481 ergo
2543 5407 2821 5478 quomodo
2851 5405 3105 5477 apparuit
3137 5405 3353 5459 initium
3389 5400 3539 5472 judi-

1963 5511 2066 5565 cii?
2112 5507 2223 5578 29
2264 5506 2381 5560 Illic
2429 5504 2577 5560 enim
2622 5502 2873 5572 apparuit
2913 5501 3152 5555 mundus
3200 5513 3393 5553 novus.
3438 5495 3539 5551 llic

1960 5603 2106 5656 enim
2138 5599 2247 5653 illis
2272 5598 2396 5652 data
2425 5606 2510 5652 est
2552 5604 2795 5666 potestas
2836 5592 3063 5648 sedendi
3100 5591 3153 5644 in
3194 5590 3299 5644 hoc
3333 5586 3540 5642 mundo

1962 5705 2017 5751 et
2038 5691 2341 5765 iudicandi.
2376 5691 2442 5745 Et
2478 5689 2606 5743 licet
2633 5687 2878 5741 futurum
2909 5688 3000 5751 sit,
3034 5691 3095 5739 ut
3120 5683 3347 5739 sedeant
3374 5688 3426 5735 et
3457 5677 3538 5732 fa-

1987 5870 2027 5900 ⁷⁷
2059 5870 2196 5924 Joel.
2232 5884 2289 5934 ιι,
2322 5866 2423 5937 28;
2454 5868 2576 5923 Act.
2616 5883 2673 5931 ιι,
2712 5867 2795 5920 l7.
