4016 6440
457 439 566 504 523
1703 436 1765 496 S.
1807 434 2128 497 MACARII
2168 438 2493 501 IEGYPTII
3641 447 3748 511 524

454 549 606 605 ciant
627 544 900 621 judicium
924 542 982 602 in
1013 545 1256 603 adventu
1285 543 1526 611 Domini,
1552 543 1610 597 in
1635 542 2045 598 resurrectione

2151 546 2249 615 τῆς
2278 549 2590 618 παρουσίας
2635 549 2731 605 τοῦ
2778 551 2989 624 Κυρίου
3014 555 3073 608 ιν
3097 556 3165 626 τῇ
3190 556 3490 611 ἀναστάσει
3514 558 3638 612 τῶν
3663 578 3753 613 νε-

452 648 801 695 mortuorum
819 677 835 704 ,
863 645 1048 693 tamen
1077 637 1171 693 hic
1185 650 1407 708 quoque
1435 635 1491 690 id
1510 633 1592 700 fit,
1612 633 1826 706 Spiritu
1854 641 2045 689 sancto

2151 638 2324 709 κρῶν,
2355 641 2451 694 καὶ
2501 635 2605 695 ὦδε
2634 643 2906 713 γίγνεται,
2929 644 3025 699 τοῦ
3047 646 3207 715 ἁγίου
3242 647 3575 718 Πνεύματος
3607 652 3752 704 καθ-

453 732 682 788 sedente
727 731 784 786 in
832 730 1048 787 thronis
1090 730 1360 785 mentium
1394 730 1661 799 ipsorum.
1702 728 1912 783 Verum
1940 740 2047 781 nec

453 826 785 891 diademata,
816 840 937 895 quae
964 823 1266 879 Christiani
1312 822 1370 877 in
1403 820 1592 875 futuro
1624 818 1825 874 saeculo
1853 832 2045 887 accep-

456 916 567 970 turi
594 924 744 981 suut,
773 924 906 971 sunt
927 922 1216 980 creaturae;
1246 921 1304 968 et
1334 912 1426 983 qui
1462 910 1570 965 hoc
1601 909 1818 973 dicunt,
1850 908 2047 963 absur-

454 1008 585 1062 dum
610 1017 866 1064 asserunt
893 1027 907 1063 :
934 1022 1127 1063 verum
1154 1006 1269 1061 haec
1314 1005 1568 1075 spiritum
1598 1001 2048 1057 transformatum

454 1101 775 1156 ostendunt.
800 1100 942 1168 Quid
971 1100 1123 1155 enim
1154 1098 1290 1154 dicit
1318 1097 1603 1168 apostolus
1628 1095 1831 1150 Paulus
1856 1094 1925 1149 de
1952 1094 2047 1150 Je-

456 1193 697 1249 rusalem
729 1193 978 1248 ccelesti?
1019 1191 1185 1247 Illam
1234 1200 1462 1245 matrem
1509 1205 1618 1243 esse
1665 1196 1905 1242 nostrum
1931 1203 2047 1241 om-

456 1289 627 1353 nium,
664 1304 891 1357 quacum
936 1304 1046 1342 una
1086 1286 1401 1355 conﬁtemur
1445 1283 1516 1339 ⁷⁸.
1562 1285 1785 1339 Vestem
1824 1291 2044 1348 autem,

454 1394 619 1448 quam
673 1387 890 1450 gestant
933 1378 1269 1442 Christiani,
1325 1377 1475 1448 quod
1523 1376 1756 1442 attinet,
1807 1374 2048 1445 Spiritus

453 1469 715 1525 videlicet
756 1470 949 1525 amicit
992 1469 1115 1524 illos
1162 1470 1219 1524 in
1250 1469 1477 1524 nomine
1508 1468 1689 1525 Patris
1713 1475 1773 1523 et
1812 1466 1962 1532 Filii,
1991 1474 2048 1521 et

456 1562 693 1634 Spiritus
720 1562 919 1628 sancti,
946 1563 1004 1619 in
1029 1562 1251 1617 saecula.
1282 1561 1485 1616 Amen.

1038 1784 1324 1842 HOMILIA
1352 1784 1465 1841 ΥΠ.

2147 727 2399 792 εσθέντος
2427 732 2486 783 ὲν
2509 735 2624 796 τοῖς
2640 732 2856 803 θρόνοις
2877 735 2986 788 τῶν
3012 738 3300 806 νοημάτων
3332 739 3539 793 αὐτῶν.
3585 740 3757 794 Ἀλλά

2149 820 2244 873 κα)⁸
2269 821 2340 874 τά
2370 821 2701 893 διαδήματα,
2734 824 2883 897 άπερ
2910 826 3281 897 λαμϐάνουσιν
3306 830 3357 883 oi
3416 830 3755 901 Χριστιανοὶ

2148 913 2208 966 ὲν
2239 913 2434 985 ἐκείνῳ
2462 915 2539 986 τῷ
2570 917 2750 986 αἰῶνι,
2794 918 2896 972 οῦκ
2936 922 3045 975 εἰσὶ
3083 923 3382 993 κτίσματα.
3420 926 3535 977 Καὶ
3571 926 3626 977 ei
3661 924 3755 977 λέ-

2149 1028 2365 1081 γοντες,
2406 1013 2595 1079 κακῶς
2651 1015 2926 1085 λέγουσιν.
2976 1018 3138 1072 Ἀλλά
3186 1019 3360 1073 ταῦτα
3416 1021 3478 1075 τὸ
3518 1021 3758 1090 πνεῦμα

2153 1107 2677 1179 μεταμορφούμενον
2706 1109 3070 1167 ύποδεικνύει.
3113 1110 3180 1164 Τί
3205 1111 3356 1180 λέγει
3389 1115 3417 1166 6
3438 1111 3758 1174 ἀπόστολος

2153 1195 2367 1259 Παῦλος
2398 1200 2528 1270 περὶ
2580 1200 2681 1270 τῆς
2713 1200 3073 1274 Ἰερουσαλὴμ
3103 1204 3203 1274 τῆς
3242 1205 3620 1275 ὲπουρανίους
3670 1205 3757 1257 ὅτι

2151 1286 2313 1355 Αὺτή
2341 1288 2473 1343 ἐστι
2498 1292 2699 1359 μήτηρ
2716 1294 2963 1349 πάντων
2986 1293 3179 1364 ἡμῶν,
3210 1290 3252 1367 ᾖ
3278 1296 3757 1367 συνομολογοῦ-

2147 1394 2282 1448 μεν.
2324 1380 2459 1450 Περὶ
2495 1380 2552 1434 δὲ
2576 1382 2670 1435 τοῦ
2697 1382 3019 1452 ἐνδύματος,
3048 1383 3077 1437 6
3101 1384 3361 1455 φοροῦσιν
3391 1386 3444 1439 οἱ
3468 1387 3757 1457 Χριστια-

2150 1470 2253 1532 νοὶ,
2281 1470 2527 1541 δηλονότι
2576 1473 2710 1526 αὐτὸ
2741 1473 2805 1527 τὸ
2828 1474 3057 1546 Πνεῦμα
3094 1476 3365 1545 ἀμφιάζει
3403 1478 3618 1540 αὐτοὺς
3668 1479 3756 1540 εἰς

2151 1562 2212 1615 τὸ
2238 1562 2413 1633 ὄνομα
2443 1562 2537 1617 τοῦ
2570 1563 2786 1636 Πατρὸς
2831 1568 2931 1620 καὶ
2982 1566 3078 1620 τοῦ
3125 1567 3259 1620 Υίοῦ
3307 1568 3403 1622 καὶ
3450 1568 3554 1622 τοῦ
3586 1569 3754 1637 ἁγίου

2153 1654 2495 1727 Πνεύματος,
2527 1658 2605 1722 είς
2628 1660 2757 1725 τοὺς
2784 1660 3010 1724 αἰῶνας.
3050 1661 3245 1731 Ἀμήν.

2774 1794 3018 1850 OMIAIA
3045 1796 3121 1849 Z'.

457 1899 547 1974 De,
572 1900 852 1974 clementia
883 1898 1091 1974 Christi
1119 1916 1245 1970 erga
1271 1899 1557 1974 hominem.
1598 1897 1861 1974 Continet_
1885 1900 2045 1954 etiam

2151 1902 2291 1970 Περὶ
2323 1900 2438 1972 τῆς
2466 1905 2886 1974 χρηστότητος
2919 1904 3025 1959 τοῦ
3050 1904 3311 1972 Χριστοῦ
3340 1905 3493 1973 πρὸς
3510 1904 3629 1960 τὸν
3647 1906 3755 1961 ἇν-

527 1969 747 2025 Ιιοηιὶίὶα
778 1969 1217 2039 interrogationes
1234 1978 1285 2024 et
1307 1970 1671 2040 responsiones
1691 1970 1971 2039 quasdam.

528 2145 573 2201 ι.
599 2145 1076 2212 Quemadmodum
1094 2145 1142 2202 si
1169 2147 1298 2217 quis
1320 2147 1604 2218 ingressus
1628 2146 1824 2203 domos
1845 2147 2043 2218 regias,

456 2239 867 2309 contempletur
902 2239 1016 2294 illic
1037 2238 1289 2310 depictas
1318 2239 1580 2295 historias
1623 2248 1682 2295 et
1710 2255 1929 2295 omnem
1957 2256 2048 2295 or-

456 2337 674 2395 natum,
700 2330 809 2384 alia
855 2329 911 2384 in
939 2338 1097 2400 parte
1128 2329 1424 2385 thesauros
1469 2327 1810 2391 reconditos,
1842 2336 1900 2383 et
1939 2327 2047 2381 alia

456 2422 515 2476 in
544 2428 702 2491 parte
736 2421 879 2488 alia;
915 2420 1285 2476 etaccumbat
1310 2436 1437 2476 eum
1474 2435 1624 2491 rege,
1669 2420 1833 2490 eique
1877 2434 2048 2489 appo-

454 2519 662 2564 nantur
682 2510 967 2566 esculenta
992 2519 1050 2566 et
1076 2511 1372 2581 poculenta
1391 2510 1736 2577 suavissima,
1756 2520 1813 2566 et
1832 2510 2047 2564 fruatur

456 2615 583 2656 cum
613 2599 984 2657 delectatione
1016 2601 1337 2657 omnimodo
1372 2602 1478 2657 hac
1510 2601 1975 2671 contemplatione
1990 2608 2049 2655 et

455 2692 784 2762 splendore;
814 2692 1168 2762 postmodum
1192 2702 1379 2748 autem
1407 2692 1767 2748 abstrahatur
1796 2692 1948 2759 inde,
1990 2700 2046 2747 et

456 2780 516 2836 in
572 2780 693 2836 loca
746 2782 1119 2852 graveolentia
1174 2782 1439 2852 abreptus
1498 2781 1814 2836 inveniatur
1876 2798 1890 2835 :
1952 2789 2049 2835 aut

456 2870 923 2941 quemadmodum
947 2871 994 2927 si
1031 2872 1216 2942 puella
1251 2871 1524 2942 quaedam,
1551 2871 1768 2926 caeteris
1788 2870 2049 2926 omnibus

453 2962 617 3033 longe
634 2962 950 3030 formosior,
981 2963 1307 3033 sapientior,
1330 2979 1397 3019 ac
1422 2963 1775 3035 locupletior,
1814 2962 2051 3032 accipiat

454 3054 641 3110 virum
679 3070 1001 3125 pauperem,
1043 3055 1314 3110 humilem
1359 3064 1416 3111 et
1471 3055 1799 3122 deformem,
1845 3055 2045 3125 pannis

457 3144 782 3202 dilaceratis
802 3146 1043 3207 obsitum
1067 3163 1083 3214 ;
1104 3156 1162 3201 et
1185 3156 1415 3202 exutum
1439 3147 1663 3203 sordida
1685 3155 1839 3203 veste
1857 3145 2050 3201 induat

2220 1976 2475 2045 θρωπον.
2513 1974 2767 2045 Συνέχει
2809 1975 2911 2029 καὶ
2957 1976 2998 2044 ἡ
3051 1978 3254 2045 ὁμιλία
3304 1975 3591 2044 ζητήσεις
3650 1976 3753 2031 καὶ

2215 2043 2572 2114 ἀποκρίσεις
2599 2044 2791 2113 τινάς.

2219 2155 2300 2210 A'.
2328 2155 2542 2228 Ὠσπερ
2571 2156 2667 2212 ὲάν
2685 2173 2770 2219 τις
2808 2157 3025 2230 εἰσέλθῃ
3079 2158 3161 2222 είς
3188 2159 3370 2222 οίιους
3402 2157 3751 2229 βασιλικοὺς,

2148 2247 2247 2301 καὶ
2284 2247 2372 2320 ῐδῃ
2415 2247 2516 2310 τὰς
2545 2250 2664 2302 ἐκεῖ
2715 2250 2962 2321 ἱστορίας
3007 2250 3205 2304 καὶτὰ
3255 2250 3452 2321 κάλλη,
3498 2247 3751 2318 ἀλλαχοῦ

2148 2334 2457 2408 θησαυροὺς
2478 2338 2899 2409 ἀποκειμένους,
2921 2340 3017 2394 καὶ
3037 2340 3275 2410 ἀλλαχοῦ
3297 2339 3453 2404 ἀλλὰ,
3497 2341 3600 2392 καὶ
3617 2340 3753 2393 ἀνα-

2148 2429 2308 2501 κλιθῇ
2346 2430 2593 2501 μετάτοῦ
2625 2431 2917 2502 βασιλέως,
2946 2433 3043 2487 καὶ
3091 2432 3375 2504 παρατεθῇ
3418 2431 3579 2503 αὐτῷ
3631 2432 3752 2486 ὲδέ·

2151 2539 2337 2593 σματα
2389 2525 2483 2577 καὶ
2515 2524 2742 2595 πόματα
2774 2526 3039 2596 ἡδύτατα,
3074 2527 3170 2579 καὶ
3207 2526 3430 2594 ἀναπαῇ
3462 2524 3749 2585 παντοίως

2149 2619 2230 2680 είς
2256 2617 2357 2682 τὰς
2383 2618 2618 2689 θεωρίας
2642 2620 2738 2673 καὶ
2764 2618 2835 2672 τὰ
2858 2618 3031 2689 κάλλη
3052 2635 3067 2649 ·
3100 2619 3240 2688 μετὰ
3286 2617 3463 2671 ταῦτα
3491 2616 3553 2670 δὲ
3603 2618 3747 2670 ἀποο

2151 2708 2371 2780 σπασθῇ
2430 2709 2661 2775 ἐκεῖθεν,
2710 2710 2807 2763 καὶ
2854 2710 3052 2780 εὑρεθῇ
3100 2710 3183 2772 εἰς
3224 2707 3483 2771 δυσώδεις
3536 2707 3746 2769 τόπους

2149 2799 2456 2869 ἀπαχθείς’
2487 2800 2522 2870 ἢ
2566 2799 2757 2871 ὥσπερ
2812 2801 2908 2854 ὲάν
2954 2817 3040 2863 τις
3089 2799 3400 2871 ὡραιοτέρσ.
3443 2798 3615 2870 κόρη,
3652 2798 3747 2850 καὶ

2152 2890 2461 2962 σοφωτέρα,
2516 2891 2612 2945 καὶ
2640 2891 3019 2964 πλουσιωτέρα
3050 2891 3192 2962 ὑπὲρ
3214 2880 3221 2891 “
3247 2893 3450 2956 πάσας,
3506 2889 3658 2962 λάϐῃ
3686 2888 3743 2941 δὲ

2150 2985 2322 3057 ἀνδρα
2353 2985 2633 3057 πενιχρὸν,
2657 2985 2937 3050 ταπεινὸν,
2964 2985 3060 3038 καὶ
3096 2984 3333 3055 δυσειδῆ,
3386 2984 3745 3054 ἐνδεδυμένον

2153 3077 2398 3151 ῥακώδη,
2431 3077 2526 3132 καὶ
2559 3077 2807 3149 ἀποδύσῃ
2855 3076 3018 3131 αὐτὸν
3046 3076 3118 3129 τὰ
3172 3076 3395 3148 ῥυπαρά
3435 3075 3741 3146 ἐνδύματα,

2152 3170 2247 3224 καὶ
2277 3168 2475 3242 ἐνδύσῃ
2498 3168 2783 3241 βασιλικὴν
2808 3168 3032 3238 ἐσθῆτα,
3053 3167 3149 3221 καὶ
3182 3167 3345 3239 ἐπιθῇ
3372 3167 3522 3239 αὑτῷ
3551 3169 3743 3240 διάδη-

456 3246 613 3292 veste
665 3238 839 3307 regia,
877 3253 942 3292 ac
1004 3238 1259 3308 imposita
1300 3253 1506 3294 corona
1559 3238 1655 3294 fiat
1686 3238 1739 3294 ei
1783 3239 1987 3310 coniux
2029 3254 2044 3293 :

2154 3280 2251 3335 μα,
2288 3264 2385 3317 καὶ
2407 3234 2632 3332 γένηται
2666 3234 2817 3333 αὐτῷ
2863 3234 3179 3329 κοινωνικήο
3210 3234 3397 3313 λοιπὸν
3443 3234 3680 3332 ἄρχεται
3699 3234 3742 3313 ⁷ὁ

461 3328 685 3385 tandem
721 3342 932 3399 pauper
960 3328 1051 3384 ille
1098 3322 1296 3399 ineipit
1333 3328 1602 3384 attonitus
1647 3328 1805 3385 reddi
1851 3344 1918 3385 ac
1964 3328 2049 3384 di-

459 3436 618 3476 cere:
655 3419 859 3474 Mihine
891 3419 1098 3478 misero
1133 3422 1390 3492 pauperi,
1441 3421 1540 3477 vili
1589 3429 1649 3477 et
1682 3421 1899 3492 abjecto
1948 3418 2048 3475 ho-

459 3512 598 3567 mini
632 3512 758 3567 data
786 3519 872 3568 est
904 3512 1025 3567 haec
1071 3513 1340 3569 consors?
1366 3515 1444 3569 ita
1475 3526 1700 3583 quoque
1746 3512 1897 3567 Deus
1938 3510 2045 3565 mi-

458 3619 589 3658 sero
614 3610 779 3672 atque
805 3602 1021 3675 abjeeto
1048 3601 1261 3658 homini
1286 3602 1439 3658 fecit.
1466 3601 1700 3659 Gustum
1728 3601 1780 3657 ei
1810 3600 2047 3672 prabuit

458 3695 692 3749 alterius
718 3695 927 3759 saeculi,
964 3694 1218 3765 aliusque
1255 3694 1367 3750 cibi
1402 3693 1755 3749 suavissimi:
1801 3692 2048 3748 ostendit

457 3787 538 3841 illi
571 3786 801 3857 gloriam
826 3793 882 3841 et
913 3786 1141 3842 delicias
1171 3786 1370 3858 regias,
1395 3786 1727 3859 ineffabiles,
1763 3787 2040 3842 ewlestes.

458 3877 530 3934 Et
578 3878 801 3934 tandem
852 3879 968 3944 ille,
1013 3880 1147 3939 dum
1178 3878 1395 3935 confert
1434 3879 1527 3934 ille
1560 3879 1878 3949 spiritualia
1918 3894 2045 3933 cum

457 3970 551 4036 iis,
574 3988 698 4042 qua:
721 3982 851 4027 sunt
869 3972 1039 4043 hujus
1061 3971 1272 4038 saeculi,
1296 3972 1483 4026 omnia
1514 3971 1632 4027 haec
1672 3972 1886 4043 rejieit;
1927 3972 2045 4029 sive

458 4079 642 4135 regem
710 4063 976 4134 aspiciat,
1039 4063 1155 4118 sive
1211 4072 1504 4133 potentes,
1554 4064 1672 4118 sive
1726 4065 2041 4134 sapientes,

457 4155 781 4211 thesaurum
814 4156 1095 4211 caelestem
1117 4155 1382 4209 intuetur.
1412 4154 1696 4225 Siquidem
1726 4156 1875 4211 enim
1900 4156 2046 4214 Deus

458 4248 703 4304 Charitas
760 4256 867 4314 est,
917 4246 1121 4317 accipit
1163 4246 1451 4301 ecelestem
1484 4260 1547 4300 ac
1580 4246 1828 4303 divinum
1859 4249 2042 4321 ignem

456 4339 688 4405 Christi,
716 4341 909 4396 ethoc
939 4340 1167 4407 fruitur,
1203 4355 1270 4396 ac
1295 4341 1486 4398 lzetitia
1525 4341 1783 4413 afﬁcitur,
1834 4352 1892 4399 et
1931 4343 2045 4401 illic

456 4433 750 4489 devinctus
775 4434 967 4488 haeret.

2148 3356 2368 3427 πτωχὸς
2388 3357 2597 3418 ἐκεῖνος
2623 3354 2908 3409 πτοεῖσθαι
2928 3358 3026 3409 καὶ
3048 3355 3251 3423 λέγειν·
3272 3353 3428 3425 Ἐμοὶ
3450 3354 3527 3423 τῷ
3543 3353 3740 3406 ταλαι-

2148 3447 2340 3519 πώρῳ,
2374 3447 2471 3501 καὶ⁹
2490 3446 2714 3518 πτωχῷ,
2746 3449 2840 3501 καὶ
2866 3448 3097 3518 μετρίῳ,
3120 3448 3216 3499 καὶ
3243 3445 3485 3514 ταπεινῷ
3506 3446 3735 3516 τοιαύτη

2147 3538 2440 3609 κοινωνικὴ
2468 3538 2658 3610 ὲδόθη;
2684 3538 2828 3593 οὕτω
2852 3540 2947 3593 καὶ
2970 3542 2999 3593 6
3014 3540 3147 3604 Θεὸς
3170 3540 3250 3610 τῷ
3282 3539 3621 3610 ταλαιπώρῳ
3644 3539 3738 3593 καὶ

2145 3628 2387 3700 ταπεινῷ
2414 3627 2691 3702 ἀνθρώπῳ
2727 3630 3005 3701 ἐποίησεν.
3034 3631 3300 3699 Ἐγευσεν
3354 3628 3518 3684 αὑτὸν
3573 3629 3737 3682 an.»

2146 3723 2364 3792 αἰῶνος,
2396 3724 2567 3796 ἄλλης
2594 3725 2807 3797 τροφῆς
2823 3726 3094 3797 ἡδυτάτης
3112 3742 3129 3756 ο
3158 3725 3359 3793 ἔδειξεν
3381 3725 3530 3795 αὐτῷ
3552 3724 3735 3789 δόξας,

2147 3814 2242 3867 καὶ
2265 3812 2435 3886 κάλλη
2470 3815 2730 3887 βασιλικὰ
2770 3817 3010 3890 ἄρρητα,
3064 3817 3400 3888 ὲπουράνιαο
3427 3820 3521 3870 καὶ
3548 3816 3737 3870 λοιπὸν

2148 3906 2459 3978 συγκρίνων
2491 3909 2677 3965 ἐκεῖνα
2730 3910 2801 3965 τὰ
2843 3912 3192 3981 πνευματικά
3238 3912 3353 3974 τοῖς
3411 3910 3506 3964 τοῦ
3536 3910 3735 3972 αἰῶνος

2146 3999 2360 4065 τούτου,
2385 4000 2567 4055 πάντα
2615 4001 2937 4069 ἀποϐάλλει,
2964 4002 3075 4056 εἴτε
3110 4002 3337 4073 βασιλέα
3377 4001 3591 4073 βλέπει,
3625 4004 3735 4055 εἴτε

2146 4089 2435 4156 δυνάστας,
2462 4093 2575 4146 εἴτε
2614 4094 2836 4162 σοφοὺς,
2862 4092 3140 4164 θησαυρὸν
3189 4094 3281 4147 τὸν
3308 4094 3562 4166 οὐράνιον
3601 4096 3736 4148 ἀπο-

2146 4182 2383 4239 ϐλέπων.
2422 4184 2643 4257 Ἐπειδὴ
2665 4186 2776 4256 γὰρ
2815 4187 2844 4239 6
2880 4185 3012 4248 Θεὸς
3045 4186 3238 4257 ἀγάπη
3285 4185 3456 4252 ἐστὶν,
3516 4185 3735 4250 ἐδέξατο

2146 4275 2208 4330 τὸ
2229 4275 2481 4348 οὐράνιον
2508 4276 2605 4331 καὶ
2629 4276 2772 4331 θεῖον
2798 4277 2912 4348 πῦρ
2946 4279 3042 4332 τοῦ
3066 4278 3329 4348 Χριστοῦ,
3355 4279 3453 4334 καὶ
3489 4280 3732 4352 ἀνεπάη,

2145 4368 2241 4422 καὶ
2266 4368 2461 4441 ἐχάρη,
2486 4368 2583 4425 καὶ
2607 4370 2725 4425 ἐκεῖ
2751 4368 2901 4423 ἐστιν
2918 4371 3334 4443 ἁποδεδεμένος.

529 4548 597 4603 ll.
629 4546 1013 4618 Interrogatio.
1056 4545 1244 4603 Utrum
1278 4545 1516 4604 Satanas
1545 4550 1614 4604 sit
1634 4566 1753 4605 cum
1771 4549 1902 4619 Deo,
1931 4562 2042 4609 tam

2218 4569 2293 4625 B'.
2326 4572 2671 4641 Ἐρώτησις.
2699 4575 2769 4627 El
2790 4573 3089 4628 σύνεστιν
3117 4576 3152 4630 ὁ
3178 4573 3452 4643 Σατανᾶς
3471 4576 3554 4642 τῷ
3588 4576 3729 4647 Θεῷ,

452 4641 512 4694 in
543 4654 687 4705 aere,
723 4653 885 4708 quam
914 4638 970 4691 in
995 4638 1311 4694 hominibus.

524 4752 834 4822 Responsio.
868 4748 924 4804 Si
949 4750 1032 4805 sol
1054 4750 1166 4817 hic,
1197 4752 1291 4822 qui
1330 4760 1417 4807 est
1439 4764 1717 4823 creatura,
1756 4758 2043 4815 illustrans

450 4844 574 4901 loca
614 4860 776 4900 coeno
819 4845 1003 4914 plena,
1047 4845 1457 4915 necquidquam
1511 4849 1769 4917 laeditur;
1830 4864 2043 4922 quanto

453 4936 629 5006 magis
663 4935 950 5001 divinitas,
983 4936 1031 4991 si
1067 4935 1238 4991 fuerit
1264 4952 1390 4992 cum
1433 4938 1655 5007 Satana,
1708 4958 1812 4997 nec
1851 4944 2039 5013 inqui-

453 5038 644 5093 natur,
675 5042 781 5082 nee
803 5027 1113 5097 polluitur?
1146 5027 1407 5084 Permisit
1433 5040 1619 5087 autem
1646 5032 1791 5088 Deus
1811 5036 2040 5103 malum,

455 5118 527 5174 ad
556 5119 885 5174 exercitium
917 5119 1227 5176 hominum.
1254 5119 1461 5177 Verum
1491 5123 1695 5178 malum
1722 5125 1858 5180 illud
1882 5126 2041 5184 obte-

455 5211 752 5267 nebratum
782 5220 841 5265 et
868 5220 1202 5267 occaecatum
1223 5221 1330 5279 est,
1345 5229 1451 5268 nec
1472 5224 1656 5284 potest
1674 5217 1863 5274 videre
1883 5221 2042 5290 puri-

457 5312 626 5358 tatem
673 5312 730 5357 et
779 5302 1188 5372 simplicitatem
1231 5305 1352 5361 Dei.
1407 5306 1464 5362 Si
1509 5324 1644 5364 vero
1694 5311 1819 5381 quis
1869 5312 2039 5382 dicat,

455 5395 743 5465 proprium
776 5394 957 5448 locum
996 5392 1202 5449 habere
1249 5395 1529 5464 Satanam,
1577 5402 1864 5471 proprium
1905 5421 2046 5476 quo-

460 5501 569 5555 que
620 5488 817 5556 Deum,
866 5487 1354 5558 circumscriptqu
1387 5505 1516 5545 eum
1563 5490 1713 5559 facit,
1758 5511 1933 5567 usque
1975 5499 2044 5555 ad

456 5590 583 5629 eum
630 5579 834 5642 locum,
880 5579 975 5635 ubi
1004 5580 1217 5635 habitat
1250 5580 1522 5651 Nequam.
1583 5584 1872 5650 Quomodo
1911 5605 2043 5662 ergo

459 5664 719 5733 dicimus,
786 5669 993 5726 bonum
1065 5672 1613 5744 incircumscriptum
1662 5693 1806 5745 esse,
1852 5689 1910 5737 et
1956 5683 2041 5739 in-

532 5849 577 5883 ”
600 5852 720 5909 Gal.
750 5870 827 5923 tv,
850 5859 943 5915 26.

2147 4664 2269 4719 εἴτε
2301 4664 2372 4719 ὲν
2399 4664 2481 4731 τῷ
2511 4664 2661 4733 ἀέρι,
2719 4665 2843 4720 εἴτε
2876 4667 2948 4721 ἐν
2992 4665 3118 4734 τοῖς
3149 4666 3518 4735 ἀνθρώποις;

2232 4777 2588 4845 Ἀπόκρισις.
2607 4778 2669 4831 Ei
2695 4780 2724 4831 6
2742 4778 2892 4848 ἥλιος
2922 4773 3078 4844 οὗτος
3104 4781 3311 4851 κτίσμα
3325 4780 3422 4847 ὢν,
3446 4784 3730 4855 καταλάμ-

2146 4885 2267 4921 πων
2330 4868 2411 4930 ei;
2447 4867 2643 4930 τόπους
2686 4866 3045 4940 βορϐορώδεις
3068 4913 3083 4935 ,
3119 4871 3180 4924 οὐ
3228 4869 3547 4941 βλάπτεται,
3580 4875 3729 4944 πόσῳ

2151 4960 2351 5031 μᾶλλον
2399 4959 2460 5013 τὸ
2500 4959 2667 5024 θεῖον,
2700 4959 2858 5013 συνὸν
2909 4960 2989 5031 τῷ
3024 4962 3257 5033 Σατανᾷ,
3285 4961 3410 5016 οὔτε
3440 4964 3725 5033 ρυποῦται,

2145 5051 2267 5104 οὕτε
2294 5051 2567 5122 μιαίνεται
2592 5067 2606 5115 ;
2629 5050 2897 5122 ἐπέτρεψε
2912 5051 2967 5105 δὲ
2988 5048 3125 5107 εἶναι
3146 5053 3207 5107 τὸ
3229 5055 3399 5108 κακὸν
3419 5057 3498 5118 είς
3515 5072 3584 5125 γυ
3592 5074 3726 5127 μνα-

2144 5137 2264 5190 σίαν
2313 5138 2426 5192 τῶν
2454 5137 2759 5210 ἀνθρώπων
2781 5156 2795 5171 ο
2825 5139 2963 5211 πλὴν
2990 5140 3051 5194 τὸ
3077 5141 3247 5196 κακὸν
3300 5144 3602 5199 ἐσκότωται
3632 5150 3722 5200 καὶ

2142 5227 2505 5296 τετύφλωται,
2543 5229 2638 5281 καὶ
2684 5230 2744 5283 οὐ
2773 5230 2997 5285 δύναται
3030 5233 3158 5286 ἰδεῖν
3226 5234 3289 5287 τὸ
3342 5235 3583 5306 καθαρὸν
3632 5241 3723 5293 καὶ

2140 5312 2338 5366 λεπτὸν
2354 5313 2449 5367 τοῦ
2484 5314 2643 5369 Θεοῦ.
2672 5316 2735 5368 Ei
2786 5317 2844 5371 δὲ
2873 5318 3022 5387 λέγει
3068 5338 3176 5385 τις,
3231 5323 3363 5376 ἴδιον
3387 5326 3554 5381 τόπον
3584 5328 3722 5399 ἔχειν

2148 5405 2240 5459 τὸν
2269 5406 2537 5471 Σατανᾶν,
2564 5407 2658 5460 καὶ
2688 5408 2821 5461 ίδιον
2848 5409 2941 5463 τὸν
2971 5410 3124 5477 Θεὸν,
3152 5417 3299 5468 ποιεῖ
3324 5417 3489 5471 αὑτὸν
3517 5422 3613 5474 καὶ
3631 5439 3722 5475 πε-

2151 5500 2452 5572 ρίγραπτον
2478 5501 2558 5562 εἰς
2582 5502 2791 5555 ἐκεῖνον
2810 5501 2903 5556 τὸν
2936 5502 3100 5557 τόπον
3132 5504 3260 5561 ἔνθα
3287 5514 3533 5564 κατοικεῖ
3560 5515 3589 5565 6
3617 5514 3720 5567 Ilo-

2147 5595 2330 5665 νηρός.
2357 5594 2481 5685 Πῶς
2504 5593 2562 5647 δὲ
2578 5593 2809 5664 λέγομεν
2835 5596 2895 5648 τὸ
2918 5595 3123 5663 ἀγαθὸν
3130 5600 3549 5685 ἀπερίγραπτον
3559 5602 3718 5672 εἶναι,

2146 5686 2242 5740 καὶ
2290 5684 2699 5756 ἀκατάληπτον,
2736 5686 2831 5742 καὶ
2859 5688 2929 5742 τὰ
2968 5684 3147 5746 πάντα
3170 5692 3226 5748 ὲν
3253 5692 3402 5767 αύτῷ
3427 5690 3591 5766 εἶναι,
3630 5697 3720 5752 καὶ
