4016 6444
448 387 549 448 527

1697 382 1759 443 Β.
1799 381 2120 441 MACARII
2161 382 2486 443 IEGYPTII

3634 380 3751 445 528

516 495 608 552 Vl.
638 494 1014 565 Interrogatio.
1070 492 1260 549 Utrum
1287 494 1423 548 videt
1454 494 1570 564 quis
1602 508 1697 564 per
1746 492 2027 547 revelatio-

2205 495 2296 561 q'.
2316 494 2657 562 Ἐρώτησις.
2691 495 2761 548 El
2783 493 3005 558 ,βλέπει
3031 512 3121 561 τις
3172 493 3248 549 δι’
3277 492 3749 561 ἀποκαλύψεως

446 605 569 645 nem
598 596 648 643 et
680 586 857 641 lumen
884 586 1121 640 divinum
1148 586 1389 640 animam
1413 584 1439 637 .9

518 683 621 753 31
655 681 967 751 Responsio.
1015 677 1493 746 Quemadmodum
1514 676 1659 731 oculi
1678 677 1855 731 nostri
1883 676 2032 747 aspi-

445 776 603 831 ciunt
631 775 843 830 solem:
892 773 974 827 sic
1036 779 1093 826 et
1161 769 1454 824 illuminati
1500 768 1688 823 vident
1738 768 2033 840 imaginem

446 868 662 929 animai,
688 865 787 922 sed
817 866 960 921 hanc
994 864 1153 935 pauci
1177 862 1368 917 vident
1391 859 1712 915 Christiani.

514 1041 628 1097 VII.
681 1039 1053 1111 Interrogatio.
1114 1035 1303 1091 Utrum
1341 1035 1495 1089 habet
1537 1034 1719 1088 anima
1762 1031 2036 1103 formam?

519 1150 824 1220 Responsio.
874 1146 1052 1203 Habet
1100 1143 1339 1199 formam
1389 1150 1447 1197 et
1478 1141 1772 1212 imaginem
1797 1138 2032 1194 similem

452 1241 669 1311 angelo.
701 1238 857 1293 Sicut
894 1235 1040 1290 enim
1066 1233 1244 1305 angeli
1272 1232 1481 1287 habent
1510 1230 1801 1301 imaginem
1825 1243 1888 1284 ac
1921 1227 2031 1282 for-

452 1350 622 1397 mam,
647 1340 703 1386 et
739 1330 881 1386 sicut
902 1326 1145 1383 exterior
1168 1324 1336 1379 homo
1368 1323 1537 1377 habet
1570 1320 1899 1391 imaginem:
1952 1318 2035 1373 sic

448 1437 504 1481 et
535 1424 767 1480 interior
791 1421 960 1476 habet
984 1418 1222 1475 similem
1245 1416 1439 1487 angelo
1460 1423 1516 1469 et
1543 1411 1793 1468 interiori
1824 1410 2033 1466 homini

447 1516 760 1587 imaginem.

521 1628 657 1684 Vlll.
703 1623 1089 1697 Interrogatio.
1141 1618 1333 1678 Utrum
1380 1616 1533 1673 aliud
1576 1624 1652 1671 est
1688 1630 1858 1681 mens,
1884 1612 2034 1668 aliud

449 1722 631 1776 anima
651 1720 678 1774 ?

522 1831 831 1902 Responsio.
900 1824 1376 1895 Quemadmodum
1443 1822 1696 1891 corporis
1748 1816 2023 1881 membra,
2057 1837 2100 1892 Β

454 1925 624 1980 multa
654 1936 781 1977 cum
812 1919 945 1985 sint,
973 1933 1115 1972 unus
1144 1917 1309 1971 homo
1334 1913 1631 1968 dicuntur:
1674 1910 1749 1964 ita
1767 1918 1825 1964 et
1852 1922 2028 1962 mem-

457 2018 556 2072 bra
586 2015 785 2069 anima:
807 2021 937 2066 sunt
957 2010 1153 2073 multa,
1177 2022 1355 2071 mens,
1378 2003 1735 2067 conscientia,
1753 2002 2029 2064 voluntas,

454 2105 817 2177 cogitationes
838 2108 1160 2159 accusantes
1181 2107 1238 2154 et
1260 2096 1621 2153 defendentes
1643 2112 1657 2148 :
1691 2108 1883 2149 verum
1915 2092 2032 2145 haec

453 2196 642 2253 omnia
674 2195 732 2250 in
761 2208 931 2249 unam
967 2191 1241 2246 rationem
1258 2189 1510 2244 devincta
1535 2196 1685 2252 sunt,
1700 2194 1757 2241 et
1782 2184 2032 2239 membra

454 2286 819 2344 nihilominus
846 2292 979 2340 sunt
1010 2286 1225 2337 animae.
1277 2280 1449 2337 Unica
1482 2288 1665 2334 autem
1711 2286 1797 2333 est
1826 2276 2031 2339 anima,

454 2380 690 2437 interior
716 2379 906 2433 homo.
928 2375 1113 2432 Veluti
1147 2384 1332 2433 autem
1362 2372 1669 2429 exteriores
1718 2370 1866 2425 oculi
1901 2384 2034 2439 pro-

454 2471 698 2542 spiciunt
724 2470 942 2525 eminus
970 2466 1178 2538 spinas,
1208 2474 1264 2521 et
1293 2464 1593 2536 praecipitia
1620 2478 1685 2518 ac
1709 2460 1926 2517 foveas:
1954 2459 2036 2514 sic

453 2572 511 2619 et
547 2578 726 2627 mens,
784 2577 913 2617 cum
964 2560 1039 2615 sit
1082 2557 1341 2623 alacrior,
1391 2556 1658 2627 praevidet
1709 2551 2037 2608 adversariae

458 2654 659 2710 anima:
705 2654 999 2725 potestatis
1032 2651 1321 2707 machinas
1342 2659 1399 2704 et
1427 2646 1678 2711 insidias,
1710 2654 1767 2700 et
1795 2659 2033 2714 praemu-

455 2746 539 2801 nit
560 2745 819 2811 animam,
845 2746 1015 2801 veluti
1040 2745 1235 2799 anima:
1259 2742 1456 2797 oenlus
1477 2740 1768 2795 exsistens.
1791 2735 2035 2792 Gloriam

454 2851 589 2908 ergo
638 2837 941 2893 referamus
972 2838 1145 2905 Patri,
1192 2848 1250 2893 et
1297 2837 1457 2901 Filio,
1483 2843 1540 2889 et
1562 2828 1793 2901 Spiritui
1823 2835 2035 2891 sancto,

455 2927 515 2983 in
548 2929 748 2984 sarcula
782 2930 1131 2985 saeculorum.
1163 2932 1359 2985 Amen.

1021 3049 1307 3105 llOMlLIA
1330 3046 1468 3105 VIII.

2135 586 2233 641 καί
2252 587 2446 656 φωτὸς
2472 586 2675 641 θεϊκοῦ
2692 586 2806 655 τὴν
2830 587 3081 657 ψυχήν;

2210 678 2575 748 Ἀπόκρισις.
2612 679 2825 750 Ὠσπερ
2856 680 2907 732 oi
2951 678 3220 748 ὀφθαλμοὶ
3264 671 3413 733 οὗτοι
3465 676 3751 747 βλέπουσι

2134 769 2226 823 τὸν
2254 770 2427 839 ἥλιον.
2449 769 2595 823 οὕτω
2620 769 2717 823 καὶ
2746 772 2796 823 oi
2837 769 3203 837 φωτισθέντες
3231 769 3494 839 βλέπουσι
3523 767 3634 836 τὴν
3664 766 3749 817 εί-

2136 864 2271 917 κόνα
2294 863 2392 933 τῆς
2420 861 2620 932 ψυχῆς,
2657 860 2796 916 ἀλλά
2827 861 3030 931 ταύτην
3064 861 3236 929 όλίγοι
3266 860 3436 932 ὁρῶσι
3461 861 3750 927 Χριστια-

2136 954 2235 1007 νοί.

2208 1047 2284 1101 Ζ’.
2324 1044 2669 1113 Ἐρώτησις.
2702 1045 2772 1099 Ei
2798 1043 2922 1112 ἔχει
2946 1042 3189 1115 μορφὴν
3217 1042 3255 1109 ἡ
3289 1041 3507 1111 ψυχήῖ

2222 1158 2587 1224 Ἀπόκρισις.
2618 1155 2774 1224 Ἔχει
2804 1154 2990 1207 εἰκόνα
3033 1153 3129 1206 καὶ
3170 1152 3385 1224 μορφὴν
3428 1148 3743 1221 ὁμοιὰζου-

2139 1267 2239 1303 σαν
2273 1247 2352 1318 τῷ
2379 1246 2618 1315 ἀγγέλῳ.
2646 1245 2859 1315 Ὥσπερ
2906 1243 3017 1315 γὰρ
3042 1245 3089 1297 οί
3123 1243 3344 1311 ἄγγελοι
3391 1243 3621 1312 ἔχουσιν
3659 1242 3743 1292 εί-

2139 1344 2271 1397 κόνα
2306 1344 2400 1395 καὶ
2442 1342 2681 1413 μορφὴν,
2717 1340 2813 1393 καὶ
2843 1339 3033 1409 ὥσπερ
3061 1341 3089 1392 ὁ
3129 1339 3233 1403 ἔξω
3264 1339 3558 1409 ἄνθρωπος
3615 1337 3740 1407 ἔχει

2138 1435 2345 1500 είκόνα,
2371 1432 2515 1486 οὕτω
2542 1433 2638 1485 καὶ
2658 1433 2685 1483 ὁ
2716 1431 2825 1484 ἔσω
2853 1430 3037 1483 είκόνα
3064 1430 3179 1501 ἔχει
3196 1430 3483 1501 ὁμοίαντῷ
3502 1429 3741 1498 ἀγγέλῳ

2136 1528 2233 1582 καὶ
2262 1527 2341 1598 τῷ
2370 1526 2474 1593 ἔξω
2501 1526 2773 1597 ἀνθρώπῳ
2801 1527 3041 1598 μορφήν.

2210 1636 2293 1689 H'.
2331 1634 2677 1704 Ἐρώτησις.
2736 1635 2808 1688 Et
2843 1634 3002 1688 ἄλλο
3056 1630 3233 1687 ἐστίν
3280 1633 3314 1686 ό
3380 1628 3556 1697 νοῦς,
3627 1624 3738 1682 καί

2138 1729 2294 1785 ἄλλο
2319 1729 2358 1791 ἡ
2386 1728 2595 1795 ψυχῆς

2215 1841 2585 1909 Ἀπόκρισις.
2623 1841 2836 1910 Ὠσπερ
2864 1838 2933 1892 τά
2958 1837 3093 1909 μέλη
3120 1835 3215 1890 τοῦ
3265 1835 3521 1905 σώματος
3549 1830 3735 1885 πολλά

2131 1934 2262 1987 ὄντα
2306 1927 2389 1995 εἷς
2435 1930 2721 2001 ἄνθρωπος
2773 1930 3014 1997 λέγεται,
3050 1928 3195 1981 οὕτω
3222 1927 3318 1981 καὶ
3374 1925 3509 1996 μέλη
3540 1923 3736 1993 ψυχῆς

2133 2027 2239 2079 είσι
2270 2023 2462 2087 πολλὰ,
2490 2023 2636 2087 νοῦς,
2662 2022 2985 2091 συνείδησις,
3010 2020 3243 2091 θέλημα,
3276 2016 3532 2085 λογισμοὶ
3578 2032 3731 2066 κατ-

2135 2115 2461 2188 ηγοροῦντες
2496 2115 2592 2167 καὶ
2652 2111 3101 2180 ἀπολογούμενοι,
3137 2109 3276 2162 ἀλλά
3306 2106 3481 2160 ταῦτα
3537 2105 3731 2158 πάντα

2135 2210 2216 2272 εἰς
2247 2209 2345 2262 ἕνα
2371 2208 2633 2276 λογισμόν
2676 2207 2814 2258 είσιν
2861 2202 3255 2271 ἀποδεδεμένα,
3291 2200 3385 2252 καὶ
3420 2198 3561 2267 μέλη
3599 2195 3729 2247 ἐστὶ

2134 2299 2306 2369 ψυχὴ,
2334 2300 2364 2351 ὁ
2396 2297 2505 2350 ἔσω
2542 2296 2848 2367 ἄνθρωπος.
2882 2295 3096 2363 Ὠσπερ
3129 2293 3185 2346 δὲ
3212 2293 3261 2345 oi
3291 2289 3489 2354 ἔξωθεν
3517 2285 3731 2355 ὀφθαλ-

2142 2392 2234 2463 μοὶ
2268 2388 2637 2460 προδλέπουσι
2692 2386 2969 2457 μακρόθεν
3004 2386 3103 2447 τὰς
3150 2382 3412 2443 ἀκάνθας,
3464 2378 3729 2440 καὶτοὺς

2140 2484 2444 2553 κρημνοὺς,
2479 2482 2576 2535 καὶ
2606 2480 2732 2544 τοὺς
2785 2479 3042 2550 βόθρους·
3070 2477 3217 2529 οὕτω
3252 2476 3346 2528 καὶ
3377 2475 3405 2526 ὁ
3430 2471 3556 2533 νοῦς
3583 2486 3726 2539 προ-

2139 2575 2349 2639 6λέπει,
2384 2574 2657 2644 γρήγορος
2708 2569 2807 2636 ὣν,
2854 2569 2954 2639 τῆς
3002 2566 3386 2637 ἀντικειμένης
3436 2562 3729 2630 δυνάμεως

2137 2666 2238 2728 τὰς
2279 2662 2495 2733 τέχνας,
2529 2664 2625 2715 καὶ
2656 2661 2756 2724 τὰς
2794 2659 3111 2722 ἐπισκευὰς,
3164 2658 3261 2711 καὶ
3306 2654 3724 2727 προασφαλίζε-

2137 2772 2230 2809 ται
2260 2755 2361 2825 τὴν
2400 2752 2601 2823 ψυχὴν,
2632 2752 2707 2815 ὡς
2737 2750 3017 2820 ὀφθαλμὸς
3062 2748 3141 2802 ὢν
3180 2751 3281 2819 τῆς
3319 2746 3520 2817 ψυχῆς.
3554 2744 3726 2807 Δόξαν

2139 2847 2234 2901 οῦν
2267 2844 2689 2915 ἀναπέμψωμεν
2724 2842 2922 2912 Πατρὶ,
2956 2842 3051 2894 καὶ
3080 2840 3215 2910 Υίῷ,
3246 2840 3341 2892 καί⁵
3375 2838 3514 2907 ἁγίῳ
3552 2834 3724 2888 Πνεῦ-

2144 2953 2299 3007 ματι,
2340 2936 2419 2999 είς
2452 2935 2579 2999 τοὺς
2618 2932 2823 2997 αἰῶνας
2850 2933 2958 2987 τῶν
2988 2932 3221 2987 αἰώνων.
3262 2929 3454 3003 Ἀμήν.

2745 3050 2991 3104 ΟΜΙΛῙΑ
3032 3048 3114 3104 H'.

460 3140 533 3197 De
567 3144 663 3224 ius
693 3160 813 3214 qua:
858 3143 1171 3224 contingunt
1206 3141 1521 3224 {tristianis
1566 3132 2038 3224 inter_pt"att§utttj

2160 3141 2433 3224 Uepifdnr
2466 3144 2923 3224 ονυμϐαιζόητων
2940 3140 3060 3224 τοῖς
3091 3139 3467 3224 Χριστιανοῖς
3500 3138 3721 3219 μεταξὺ

526 3222 578 3266 et
627 3201 717 3267 de.
742 3214 991 3283 gradibus
1037 3201 1401 3283 perfectionis,
1454 3205 1919 3283 utrum_pidelicet_
1946 3201 2038 3283 _ad

526 3276 816 3353 perfectum
838 3276 1068 3353 gradum
1092 3276 1364 3353 pervenire
1396 3280 1596 3350 possint
1631 3276 1921 3335 Christiani
1943 3276 1969 3325 ἵ

530 3472 576 3528 Ι.
617 3471 674 3528 Si
707 3471 1019 3544 ingreditur
1055 3472 1329 3543 quispiam
1381 3472 1449 3527 ad
1486 3466 1820 3527 ﬂectendum
1870 3487 2039 3543 genu,

458 3562 869 3633 quamprimum
918 3578 1017 3618 cor
1073 3564 1193 3634 ejus
1229 3563 1472 3632 repletur
1497 3562 1684 3617 divina
1724 3562 1955 3628 virtute,
1985 3570 2043 3617 et

459 3652 699 3707 exsultat
717 3651 897 3707 anima
917 3668 1044 3708 cum
1068 3651 1323 3717 Domino,
1352 3661 1413 3706 ut
1433 3667 1634 3721 sponsa
1656 3666 1780 3706 cum
1812 3664 2036 3720 sponso,

460 3744 767 3800 secundum
796 3745 945 3814 quod
971 3744 1109 3799 dixit
1143 3744 1309 3799 Isaias
1326 3744 1619 3814 pr0pheta,
1640 3742 1864 3797 dicens:
1891 3745 2042 3808 Quo-

467 3833 622 3887 modo
655 3833 901 3904 gaudebit
939 3850 1162 3903 sponsus
1198 3848 1358 3904 super
1395 3849 1666 3903 sponsam,
1695 3834 1771 3886 sic
1798 3831 2045 3903 gaudebit

464 3917 724 3974 Dominus
750 3936 909 3990 super
940 3930 988 3974 te
1021 3918 1088 3977 ⁸¹.
1116 3919 1399 3991 Contingit
1430 3930 1633 3985 autem,
1655 3928 1717 3973 ut
1749 3920 1843 3989 qui
1870 3926 2045 3973 totum

464 4007 612 4063 diem
643 4011 881 4081 negotiis
936 4011 1220 4067 districtus
1258 4019 1402 4077 erat,
1443 4027 1549 4066 una
1577 4012 1715 4066 hora
1751 4027 1812 4067 se
1849 4026 2044 4082 preca-

463 4093 601 4149 tioni
624 4097 810 4163 dedat,
847 4108 904 4153 et
938 4099 1169 4155 interior
1194 4097 1363 4152 homo
1388 4097 1456 4151 ad
1489 4100 1795 4162 orationem
1839 4107 1896 4154 et
1921 4098 2047 4153 inli-

463 4187 634 4243 nitam
668 4190 1102 4260 profunditatem
1161 4192 1349 4249 saeculi
1399 4192 1548 4247 illius
1577 4193 1633 4247 in
1663 4192 1836 4246 multa
1860 4190 2047 4246 suavi-

467 4291 579 4337 tate
608 4282 938 4351 abripiatur,
982 4282 1119 4339 adeo
1143 4292 1203 4337 ut
1231 4291 1344 4339 tota
1391 4284 1512 4353 ejus
1560 4299 1717 4339 mens
1759 4299 2047 4353 suspensa,

467 4382 524 4427 et
548 4374 681 4427 illuc
701 4374 927 4446 abrepta
945 4376 1329 4446 peregrinetur
1353 4393 1369 4443 ;
1401 4385 1567 4446 atque
1593 4384 1653 4430 ut
1675 4375 1768 4430 illo
1799 4384 2047 4446 tempore

465 4462 746 4519 oblivione
825 4466 1164 4535 sepeliantur
1247 4466 1610 4538 cogitationes

465 4567 765 4609 curarum:
799 4568 1087 4626 propterea
1111 4558 1258 4627 quod
1282 4559 1503 4627 repleta}
1524 4558 1636 4611 sint
1663 4556 2045 4628 cogitationes,

467 4650 525 4697 et
546 4642 833 4711 captivam
862 4644 932 4699 ad
964 4646 1198 4713 divinas,
1222 4647 1289 4703 ad
1318 4648 1593 4713 cmlestes,
1620 4647 1690 4702 ad
1720 4646 1964 4702 inﬁnitas
1991 4657 2049 4703 et

469 4734 1061 4805 incomprehensibiles
1115 4756 1227 4811 res,
1286 4740 1357 4796 ad
1418 4741 1695 4796 mirabilia
1755 4740 2045 4811 quzedam,

470 4837 595 4890 qua
623 4823 864 4880 humano
882 4840 977 4881 ore
1000 4828 1261 4898 explicari
1288 4839 1597 4901 nequeunt,
1613 4838 1674 4884 ut
1694 4829 1885 4885 eadem
1909 4829 2046 4885 hora

472 4920 626 4980 aptet
653 4922 711 4967 et
743 4915 913 4982 dicat,
933 4917 1156 4974 Utinam
1188 4920 1353 4976 simul
1380 4921 1700 4993 egrediatur
1716 4921 1898 4976 anima
1926 4936 2051 4976 cum

472 5005 793 5075 precatione
814 5009 828 5062 l

543 5201 611 5257 ll.
652 5201 1029 5277 Interrogatio.
1076 5209 1264 5266 Utrum
1316 5230 1521 5286 semper
1564 5223 1805 5284 penetrat
1846 5218 1960 5287 quis
1993 5233 2047 5271 in

473 5294 778 5363 hujusmodi
809 5313 890 5352 res
916 5299 943 5352 1’

543 5400 650 5469 32
676 5398 982 5473 Responsio.
1007 5404 1191 5463 Gratia
1221 5410 1445 5479 quidem
1484 5413 1862 5469 indesinenter
1895 5414 2051 5470 adcst

2218 3208 2325 3267 τοῦ
2355 3214 2540 3279 εὐχὰς
2577 3212 2893 3276 ποιεῖσθαι,
2925 3208 3176 3279 καὶπερὶ
3201 3210 3320 3263 τῶν
3351 3210 3585 3277 μέτρων
3616 3208 3724 3274 τῆς

2214 3283 2609 3348 τελειότητος,
2640 3282 2875 3349 δηλαδὴ
2930 3285 2981 3335 ει
3030 3284 3118 3347 εις
3150 3282 3217 3334 τὸ
3252 3280 3471 3349 μέτρον
3515 3279 3585 3332 τὸ
3637 3281 3726 3332 τὲ-

2213 3357 2385 3408 letor
2419 3352 2705 3421 ἔρχεσθαι
2735 3353 3024 3407 δύνανται
3048 3355 3101 3406 οἱ
3136 3352 3502 3420 Χριστιανοι.

2219 3470 2300 3524 Αν.
2338 3468 2663 3539 Είσέρχεταί
2687 3484 2773 3530 τις
2803 3467 2980 3521 κλῖναι
3020 3466 3171 3535 γόνυ,
3203 3465 3356 3535 καὶὴ
3394 3463 3592 3535 καρδία
3630 3462 3729 3517 αὐ-

2147 3557 2243 3612 τοῦ
2272 3556 2577 3629 πληροῦται
2606 3558 2704 3627 τῆς
2729 3556 2878 3619 θείας
2910 3557 3213 3627 ἐνεργείας,
3246 3557 3342 3609 καὶ
3375 3552 3729 3625 εὐφραίνεται

2149 3651 2185 3720 ἡ
2212 3648 2359 3719 ψυχὴ
2405 3648 2544 3719 μετά
2572 3646 2667 3700 τοῦ
2698 3647 2928 3718 Κυρίου,
2961 3646 3037 3709 ὡς
3063 3646 3320 3716 νυμφίου,
3355 3644 3500 3697 κατὰ
3522 3644 3617 3697 τὸν
3643 3643 3732 3697 λό-

2147 3757 2244 3808 γον
2285 3740 2505 3793 Ἡσαΐου
2556 3738 2652 3791 τοῦ
2720 3738 3004 3809 προφήτου
3037 3739 3287 3805 λέγοντος
3317 3753 3333 3768 ο
3375 3738 3484 3790 Ὃν
3506 3738 3733 3804 τρόπον

2160 3830 2540 3898 εὐφραίνεται
2570 3829 2830 3898 νυμφίος
2861 3829 2956 3882 ἐπὶ
2983 3829 3209 3898 νύμφῃ,
3242 3829 3431 3894 οὕτως
3474 3830 3733 3898 εὐφραν-

2151 3921 2402 3990 θήσεται
2434 3922 2648 3989 Κύριος
2681 3921 2784 3973 ἐπί
2817 3935 2922 3975 σοι
2942 3938 2957 3953 ο
2991 3921 3083 3973 καὶ⁵
3117 3919 3425 3991 συμϐαίνει,
3456 3921 3538 3972 ὅτι
3568 3921 3731 3989 ἀσχο-

2150 4012 2414 4083 λούμενος
2461 4013 2639 4065 πᾶσαν
2687 4010 2922 4082 ἡμέραν,
2948 4004 3102 4074 οὗτος
3149 4013 3205 4064 ἐν
3241 4013 3339 4082 μιᾷ
3368 4010 3486 4082 ὥρᾳ
3514 4011 3731 4063 δίδωσιν

2150 4104 2345 4158 ἑαυτὸν
2385 4105 2465 4167 είς
2512 4104 2699 4175 εὐχὴν,
2734 4103 2828 4157 καὶ
2873 4104 3178 4173 ἀρπάζεται
3215 4105 3296 4166 είς
3355 4101 3668 4173 προσευχὴν
3705 4104 3734 4155 ὁ

2155 4193 2264 4247 ἔσω
2298 4192 2608 4264 ἅνθρωπος,
2640 4194 2720 4257 είς
2757 4191 2986 4263 ἄπειρον
3022 4192 3183 4262 βάθος
3218 4192 3426 4245 ἐκείνου
3471 4191 3567 4244 τοῦ
3601 4191 3734 4244 αίῶ-

2154 4303 2264 4351 νος,
2295 4286 2353 4338 ὲν
2386 4284 2614 4355 ήδύτητι
2660 4284 2851 4354 πολλῇ,
2883 4283 3023 4337 ὥστε
3050 4282 3317 4348 ξενίζεθαι
3346 4284 3437 4337 τὸν
3462 4280 3586 4335 νοῦν
3614 4283 3734 4335 ὅλον

2154 4376 2285 4429 ὄντα
2337 4375 2633 4447 μετέωρον,
2672 4376 2768 4429 καὶ
2807 4376 3165 4447 ἡρπασμένον
3212 4376 3366 4427 ἐκεῖ·
3420 4372 3563 4426 ὥστε
3611 4372 3734 4427 κατ’

1701 4474 2043 4521 terrenarum
2076 4494 2129 4553 D
2156 4469 2365 4520 ἐκεῖνον
2390 4466 2479 4519 τὸν
2524 4465 2715 4535 καιρὸν
2751 4465 2923 4536 λήθην
2957 4464 3277 4534 ἐγγενέσθαι
3308 4467 3422 4527 τοῖς
3450 4465 3731 4534 λογισμοῖς

2155 4557 2250 4611 τοῦ
2292 4558 2643 4627 φρονήματος
2688 4558 2783 4610 τοῦ
2834 4558 3101 4625 ἐπιγείου,
3149 4557 3238 4610 διά
3282 4558 3345 4609 τὸ
3389 4556 3733 4625 μεστωθῆναι

2154 4652 2284 4714 τοὺς
2318 4651 2635 4719 λογισμοὺς,
2688 4651 2781 4703 καὶ
2830 4648 3333 4719 αἱχμαλωτισθῆναι
3382 4650 3462 4711 είς
3512 4648 3582 4701 τὰ
3614 4646 3735 4699 θεῖα

2157 4743 2251 4797 καὶ
2285 4742 2608 4814 ἐπουράνια,
2639 4744 2720 4806 είς
2750 4742 3033 4813 ἀπέραντα
3073 4743 3168 4794 καὶ
3201 4741 3563 4810 ἀκατάληπτα
3594 4741 3732 4809 πρά-

2156 4848 2379 4901 γματα,
2431 4834 2509 4894 είς
2569 4831 2849 4900 θαυμάσιά
2905 4850 3064 4899 τινα,
3116 4831 3447 4902 ἀνθρωπίνῳ
3501 4830 3733 4898 στόματι

2155 4923 2465 4993 φρασθῆναι
2515 4922 2776 4987 ἀδύνατα,
2808 4924 2955 4977 ὥστε
2983 4926 3040 4977 ὲν
3075 4923 3257 4995 ἐκείνῃ
3308 4925 3374 4993 τῇ
3414 4922 3535 4993 ὥρᾳ
3583 4921 3735 4992 εὔχε-

2155 5012 2279 5066 σθαι
2313 5013 2407 5067 καὶ
2435 5013 2640 5086 λέγειν,
2660 5013 2750 5078 Ὡς
2788 5014 2900 5068 είθε
2941 5014 3282 5084 συναπῆλθεν
3309 5014 3343 5083 ἡ
3367 5011 3514 5083 ψυχὴ
3542 5013 3639 5065 σὺν
3668 5014 3731 5081 τῇ

2152 5105 2308 5176 εὐχῇ.

2224 5216 2296 5269 B’.
2350 5215 2685 5283 Ἐρώτησις.
2727 5218 2797 5271 El
2834 5215 3095 5271 πάντοτε
3142 5217 3478 5286 εἰσέρχεταί
3524 5233 3618 5281 τις
3648 5215 3731 5280 είς

2149 5310 2353 5363 ἐκεῖνα
2380 5309 2453 5363 τὰ
2482 5308 2799 5379 πράγματα
2828 5326 2848 5376 ;

2231 5424 2584 5491 Ἀπόκρισις.
2619 5423 2683 5476 Ἦ
2712 5423 2810 5494 μὲν
2830 5423 2989 5494 χάρις
3010 5422 3367 5485 ἀδιαλείπτως
3395 5420 3614 5475 σύνεστι
3644 5416 3737 5475 καὶ

472 5498 529 5541 et
554 5490 791 5548 radicata
821 5504 878 5549 et
901 5500 1189 5553 commista
1220 5518 1252 5554 a
1284 5510 1472 5558 tenera
1498 5513 1679 5570 aetate,
1700 5516 1756 5559 et
1786 5514 2040 5574 tanquam

2160 5490 2463 5584 ἐρρίζωται.
2488 5490 2873 5585 καὶὲζύμωται
2901 5490 2966 5567 ἐκ
2991 5515 3117 5577 νέας
3149 5514 3385 5586 ἡλικίας,
3405 5515 3500 5568 καὶ
3533 5514 3610 5578 ὡς
3640 5532 3736 5582 (pu-

478 5583 729 5638 naturale
757 5595 814 5641 et
840 5602 1161 5646 concretum
1189 5593 1449 5662 quiddam
1480 5607 1584 5664 est,
1618 5598 1764 5669 quod
1800 5598 2040 5656 adhaeret

2160 5583 2301 5657 stbe
2316 5603 2410 5657 καὶ
2433 5604 2641 5674 πηκτὸν
2675 5583 2913 5672 ἐγένετο,
2946 5604 3079 5658 αὐτὸ
3104 5583 3351 5658 τὸήσυνὸν
3368 5603 3445 5675 τῷ
3464 5604 3734 5675 ἀνθρώπῳ

547 5732 592 5767 ⁸⁸
657 5736 761 5791 lsa.
787 5756 913 5801 un.
941 5742 992 5798 5.
