4016 6434
261 418 346 481 529
752 450 757 455 ι
1428 414 1796 476 ΠΟΜῘῙᾸίΕ.

1920 415 2103 476 ΗΘΜ.
2140 415 2305 476 VIII.
3403 413 3507 474 530

257 531 318 593 ὡς
352 526 442 599 μία
477 524 667 579 ούσία·
714 523 1069 596 πολυτρόπως
1121 524 1202 590 δὲ,
1248 523 1326 589 ὡς
1375 525 1519 579 θέλει
1569 527 1706 596 πρὸς
1755 527 1814 582 τὸ

1920 527 2129 582 homini
2160 528 2312 583 velut
2341 542 2451 581 una
2480 524 2788 581 substantia
2814 538 2828 579 ε
2860 523 3031 580 variis
3056 538 3192 581 vero
3226 524 3406 579 modis
3434 524 3507 578 ad

257 619 524 690 συμφέρον,
559 618 831 688 οἰκονομεῖ
868 617 961 671 τὸν
993 617 1303 687 ἄνθρωπον,
1332 619 1465 671 ποτέ
1498 618 1599 689 μὲν
1636 619 1800 673 πλέον

257 711 509 765 ἐκκαίεται
554 711 649 765 καὶ
695 710 925 764 ἅπτεται
962 708 1026 761 τὸ
1070 708 1207 780 πῦρ*
1235 709 1368 763 ποτέ
1396 709 1454 763 δέ
1491 710 1569 774 ὡς
1598 710 1805 781 μαλθα-

256 803 467 873 κώτερον
495 788 590 854 καὶ
621 798 941 872 πραότερον,
969 802 1063 857 καὶ
1088 801 1220 855 αὐτὸ
1250 801 1311 854 τὸ
1336 802 1453 870 φῶς
1495 803 1639 856 κατά
1684 820 1805 856 καις-

256 893 361 966 ρούς
388 911 530 955 τινας
579 892 738 947 πλέον
788 893 1083 958 ἐξάπτεται
1133 892 1229 947 καὶ
1286 891 1514 963 λάμπει,
1564 893 1695 946 ποτὲ
1747 893 1804 946 δέ

256 986 636 1047 ὑποστέλλεται.
672 987 765 1039 καὶ
815 986 1126 1055 στυγνάζει,
1164 986 1260 1040 καὶ
1312 986 1452 1055 αὐτὴ
1497 986 1532 1055 ἡ
1579 984 1804 1055 λαμπὰς

255 1080 454 1130 πάντοτε
491 1078 755 1148 καιομένη
803 1079 898 1131 καὶ
939 1079 1257 1149 λάμπουσα,
1317 1079 1447 1132 ὅταν
1500 1078 1803 1149 φαιδρυνθῇ

254 1167 387 1221 πλέον
414 1170 471 1220 ἐν
529 1168 666 1238 μέθῃ
725 1168 1022 1233 ἐξάπτεται
1071 1170 1173 1235 τῆς
1227 1169 1457 1241 ἀγάπης
1497 1167 1594 1222 τοῦ
1630 1168 1805 1222 Θεοῦ·

252 1258 382 1322 αὖθις
416 1259 469 1310 δὲ
504 1261 630 1311 κατ’
662 1260 975 1331 οἰκονομίαν
1016 1261 1287 1328 ἐκδίδωσι,
1326 1260 1505 1316 καίτοι
1541 1260 1698 1315 συνὸν
1744 1261 1807 1315 τὸ

253 1350 347 1419 φῶς
372 1349 707 1421 ἀμϐλύτερον
732 1352 871 1406 ἐστι.

305 1525 370 1578 Γ’.
407 1524 549 1598 Πλὴν
590 1527 851 1598 ἐπεφάνη
904 1528 1016 1582 τισὶ
1064 1528 1129 1582 τὸ
1181 1530 1414 1598 σημεῖον
1441 1527 1535 1581 τοῦ
1566 1527 1805 1601 σταυροῦ

249 1616 318 1670 διὰ
343 1617 530 1685 φωτὸς,
562 1619 659 1671 κιιι)⁸
692 1620 1022 1691 προσιπάγη
1052 1619 1131 1691 τῷ
1153 1619 1263 1674 έσω
1288 1619 1586 1691 ἀνθρώπῳ,
1616 1620 1806 1675 ἄλλοτε

250 1708 385 1764 πάλιν
409 1711 465 1762 ὲν
490 1714 559 1781 τῇ
588 1712 748 1783 εὐχῇ,
791 1712 867 1776 ὡς
902 1715 960 1765 ὲν
991 1713 1251 1767 ἐκστάσει
1289 1716 1518 1781 γέγονεν
1546 1714 1575 1766 6
1597 1712 1807 1783 ἄνθρω-

250 1819 351 1865 πος,
382 1800 474 1854 καὶ
500 1802 706 1873 εὑρέθη
740 1805 822 1868 είς
864 1804 1253 1876 θυσιαστήριον
1294 1804 1467 1868 ἑστὼς
1510 1809 1570 1857 ἐν
1602 1804 1806 1876 ἐκκλη-

1904 619 2124 674 libitum
2151 617 2473 683 voluntatis,
2501 625 2771 687 quantum
2823 617 3074 686 prodest,
3111 617 3372 686 disponit
3406 617 3507 671 ho-

1906 708 2111 762 minem
2136 725 2149 761 :
2172 706 2470 776 aliquando
2503 706 2654 761 enim
2706 707 2956 761 intentus
2982 705 3306 760 accenditur
3331 715 3387 759 et
3416 721 3507 759 ar-

1906 799 2000 854 det
2020 798 2182 869 ignis;
2204 798 2504 868 aliquando
2523 814 2657 853 vero
2680 799 2970 853 remissius
2983 806 3040 852 et
3060 798 3266 852 lentius
3287 814 3299 850 :
3322 798 3503 866 ipsum

1906 907 2128 962 quoque
2158 892 2343 947 lumen
2367 890 2702 961 quibusdam
2730 891 3074 961 temporibus
3107 890 3505 945 vehementius

1906 987 2229 1042 accenditur
2269 995 2325 1041 et
2357 988 2563 1042 ‘lucet:
2619 987 2920 1056 aliquando
2948 1003 3083 1042 vero
3118 986 3421 1041 remittitur
3448 993 3505 1039 et

1907 1080 2123 1136 tristius
2149 1088 2253 1135 est.
2278 1080 2372 1134 Sic
2400 1080 2517 1148 ipsa
2549 1095 2770 1149 quoque
2792 1079 3043 1143 lucerna,
3063 1079 3276 1133 scilicet
3302 1078 3502 1149 gratia,

1907 1172 2117 1243 ubique
2132 1187 2364 1226 accensa
2382 1180 2438 1225 et
2460 1172 2678 1236 lucens,
2698 1172 2920 1241 quando
2939 1172 3285 1241 splendidior
3307 1171 3500 1231 fuerit.

1906 1261 2183 1315 intensius
2216 1259 2547 1315 accenditur
2599 1260 2668 1313 ab
2704 1260 2981 1314 ebrietate
3031 1259 3350 1314 dilectionis
3382 1261 3503 1314 Dei.

1907 1354 2148 1409 Rursum
2166 1363 2349 1408 autem
2369 1353 2777 1422 dispensatione
2794 1352 3029 1423 quadam
3048 1352 3279 1406 exhibet
3292 1353 3502 1418 lumen,

1911 1444 2061 1515 quod
2094 1444 2239 1499 inest
2263 1444 2540 1498 obtusius.

1975 1534 2066 1589 Ill.
2089 1536 2267 1589 Porro
2297 1549 2395 1602 per
2415 1534 2602 1587 lumen
2628 1535 2891 1602 apparuit
2916 1533 3252 1603 quibusdam
3283 1532 3501 1602 signum

1909 1628 2111 1690 crucis,
2135 1634 2189 1680 et
2214 1624 2434 1679 allixum
2462 1634 2547 1680 est
2570 1624 2627 1678 in
2658 1625 2911 1679 interiori
2937 1624 3342 1689 homine:a|ias
3372 1623 3503 1678 item

1910 1717 2055 1771 inter
2081 1716 2425 1787 precandum
2460 1715 2648 1780 homo,
2693 1716 2847 1770 velut
2882 1717 2935 1770 in
2975 1731 3204 1770 excessu
3229 1716 3505 1769 constitu-

1911 1815 2020 1869 tus,
2053 1806 2313 1860 inventus
2344 1814 2429 1859 est
2462 1815 2591 1860 ante
2656 1800 3016 1860 altare'stans
3073 1807 3130 1858 in
3159 1806 3413 1870 ecclesia,
3449 1813 3506 1859 et

251 1895 351 1965 σία,
380 1897 468 1949 καὶ
502 1895 965 1966 προσηνέχθησαν
986 1894 1067 1965 τῷ
1100 1894 1327 1964 τοιούτῳ
1370 1894 1526 1966 ἄρτοι
1546 1896 1694 1965 τρεῖς
1727 1896 1804 1958 ὡς

1920 1896 2074 1951 )blati
2118 1904 2250 1950 sunt
2293 1895 2344 1950 ci
2400 1905 2512 1950 tres
2559 1910 2749 1965 panes,
2793 1896 2947 1950 velut
2994 1895 3119 1950 oleo
3164 1895 3503 1961 fermentati,

247 1984 301 2037 δι’
331 1987 499 2041 ἐλαίου
529 1986 903 2057 ἐζυμωμένοι,
929 1986 1025 2040 καλ⁸
1048 1988 1172 2039 ὅσον
1207 1986 1417 2056 ἤσθιεν,
1439 1986 1620 2040 ἐκεῖνο
1649 1986 1813 2040 πλέον

247 2072 414 2145 ηὔξανε
464 2078 560 2131 καὶ
606 2075 941 2146 ἐμηκύνετο,
968 2076 1162 2131 ἄλλοτε
1188 2075 1355 2129 πάλιν
1391 2075 1583 2146 ὥσπερ
1610 2074 1815 2146 ἕνδυμά

247 2183 290 2219 τι
318 2168 591 2236 φωτεινὸν,
651 2162 768 2221 οἷον
825 2168 926 2220 οὐκ
981 2166 1130 2221 ἐστιν
1181 2168 1276 2220 ἐπὶ
1319 2167 1418 2239 τῆς
1449 2170 1554 2238 γῆς
1590 2169 1672 2231 είς
1720 2167 1813 2221 τὸν

246 2260 390 2313 αἰῶνα
408 2260 623 2324 τοῦτον,
659 2258 789 2312 οὒτε
823 2259 927 2313 ὑπὸ
958 2259 1318 2330 ἀνθρωπίνων
1363 2260 1563 2329 χειρῶν
1591 2259 1813 2313 δυνατὸν

246 2352 754 2422 κατασκευασθῆναι.
792 2354 889 2406 ’ον
926 2353 1035 2422 γὰρ
1070 2352 1272 2422 τρόπον
1301 2354 1381 2417 είς
1416 2352 1478 2406 τὸ
1504 2352 1629 2425 ὅρος
1653 2352 1813 2407 ἀνελ-

247 2441 335 2497 θὼν
363 2445 388 2496 6
416 2444 618 2515 Κύριος
669 2443 812 2514 μετὰ
846 2442 1097 2497 Ἰωάννου
1137 2444 1232 2497 καὶ
1284 2445 1515 2515 Πέτρου,
1551 2446 1814 2516 μετήμεισ

246 2536 327 2605 ψεν
373 2536 533 2590 αὐτοῦ
587 2538 660 2590 τὰ
718 2536 910 2607 ἱμάτια
967 2536 1063 2589 καὶ
1096 2534 1437 2606 ἐξαστράψαι
1484 2537 1810 2607 πεποίηκεν·

246 2626 393 2692 οὕτως
425 2624 494 2699 ἦν
519 2628 583 2682 τὸ
610 2627 820 2697 ἔνδυμα
835 2629 1034 2695 έκεῖνο,
1054 2630 1149 2682 καὶ
1171 2628 1477 2698 ἐθαύμασε,
1514 2630 1607 2682 καὶ
1641 2628 1814 2698 ἐθαμ-

245 2717 367 2772 6εῖτο
421 2719 450 2772 ὁ
492 2718 858 2788 ἐκδεδυμένος
890 2717 1177 2788 ἄνθρωπος
1201 2734 1216 2750 ’
1249 2720 1307 2771 ἐν
1336 2718 1480 2788 ἄλλῳ
1530 2718 1589 2772 δέ
1633 2718 1812 2789 καιρῷ

245 2810 354 2863 αὐτὸ
387 2809 444 2863 τὸ
477 2811 595 2881 φῶς
629 2812 695 2863 ἐν
722 2812 787 2880 τῇ
825 2810 1027 2882 καρδίᾳ
1054 2812 1265 2879 φαῖνον,
1300 2810 1487 2881 ἤνοιγε
1522 2810 1581 2863 τὸ
1608 2812 1811 2863 ἐνδότε-

247 2917 321 2972 ρον
360 2902 449 2956 atat
499 2902 828 2973 βαθύτερον,
859 2901 956 2954 καὶ
998 2901 1318 2970 ἀπόκρυφον
1344 2901 1482 2969 φῶς,
1522 2900 1662 2954 ὥστε
1690 2901 1812 2955 ὅλον

244 2993 318 3047 τὸν
342 2994 622 3066 ἄνθρωπον
654 2993 1041 3047 καταποθέντα
1086 2994 1166 3056 είς
1225 2992 1442 3063 ἐκείνην
1483 2993 1581 3063 τὴν
1609 2993 1810 3062 γλυκύο

243 3101 359 3156 τητα
383 3087 473 3141 καὶ
501 3085 771 3157 θεωρίαν,
804 3084 1002 3155 μηκέτι
1055 3083 1201 3153 ἔχειν
1249 3083 1464 3150 ἑαυτὸν,
1499 3083 1615 3137 ἀλλ’
1671 3081 1812 3136 εἶναι

244 3176 306 3240 ὡς
334 3178 504 3249 μωρὸν
532 3180 633 3233 καὶ
669 3176 951 3247 βάρϐαρον
986 3175 1066 3245 τῷ
1094 3176 1288 3247 κόσμῳ
1320 3174 1519 3247 τούτῳ,
1572 3175 1661 3229 διὰ
1710 3176 1811 3246 τὴν

244 3246 667 3342 ὑπερϐάλλουσαν
698 3246 922 3341 ἀγάπην
946 3272 1041 3323 καὶ⁵
1065 3246 1401 3339 γλυκύτητα,
1435 3267 1525 3321 διὰ
1573 3267 1643 3320 τὰ
1670 3267 1808 3323 ἀπό-
1837 3246 1883 3307 C

243 3376 403 3432 κρυφα
422 3364 711 3433 μυστήρια
729 3376 743 3391 ⁸
767 3360 909 3414 ὥστε
931 3361 1020 3415 τὸιν
1044 3360 1333 3431 ἄνθρωπον
1360 3358 1480 3413 κατ’
1504 3361 1711 3413 ἐκεῖνον
1726 3358 1817 3411 τὸν

244 3457 407 3527 καιρὸν
429 3454 873 3527 ἐλευθερωθέντα
893 3452 1097 3522 φθάσαι
1114 3455 1192 3518 είς
1214 3453 1283 3507 τὰ
1305 3452 1489 3506 τέλεια
1504 3453 1699 3523 μέτρα,
1726 3452 1819 3505 καὶ

246 3541 364 3601 εἶναι
396 3548 636 3619 καθαρὸν
674 3547 770 3599 καὶ
799 3544 1088 3617 ἐλεύθερον
1119 3546 1184 3598 ἐκ
1211 3545 1311 3614 τῆς
1344 3544 1648 3615 ἁμαρτίαςο
1682 3542 1821 3597 ἀλλά

248 3640 364 3706 μετὰ
382 3640 552 3694 ταῦτα
578 3637 908 3693 ὑπέστειλεν
925 3638 958 3705 ἡ
975 3635 1284 3706 χάρις,.καὶ
1310 3630 1442 3704 ἦλθε
1470 3635 1531 3687 τὸ
1550 3633 1818 3703 κάλυμμα

243 3730 328 3799 τῆς
344 3733 585 3797 ἐναντίας
611 3730 923 3801 δυνάμεως
943 3729 1193 3798 φαίνεται
1215 3728 1270 3780 δέ
1292 3732 1419 3790 πως
1430 3726 1693 3796 μερικῶς,
1723 3727 1819 3779 καὶ

246 3823 355 3895 ἔστη
383 3827 456 3889 είς
481 3826 579 3879 ἕνα
610 3822 826 3895 βαθμὸν
854 3821 946 3874 τὸν
973 3820 1292 3889 κατώτερον
1321 3822 1422 3889 τῆς
1452 3818 1814 3887 τελειότητος.

305 3921 373 3973 Δ’.
412 3920 519 3984 Ὡς,
560 3919 653 3971 ἵνα
690 3915 956 3987 εἴπωμεν,
983 3915 1090 3986 χρὴ
1113 3913 1321 3967 δώδεκα
1349 3913 1594 3984 βαθμοὺς
1624 3914 1817 3984 παρελ-

248 4009 343 4065 θεῖν
366 4030 504 4078 τινα,
525 4012 625 4066 καὶ
661 4009 868 4080 φθάσαι
898 4012 976 4072 εἰς
1004 4009 1105 4078 τὴν
1134 4006 1469 4076 τελειότητα.
1511 4007 1600 4059 Ἐν
1637 4005 1815 4078 καιρῷ

246 4118 316 4167 τις
345 4104 542 4174 ἔφθασε
572 4103 913 4158 καταλαϐεῖν
939 4103 1115 4154 ἐκεῖνο
1155 4099 1217 4151 τὸ
1252 4100 1469 4169 μέτρον,
1501 4099 1597 4152 καὶ
1629 4098 1814 4169 είσῆλ-

247 4193 323 4248 θεν
342 4198 416 4261 είς
440 4198 539 4267 τὴν
556 4194 883 4264 τελειότητα
905 4208 916 4221 ·
946 4191 1110 4245 πάλιν
1136 4190 1415 4243 ἐνδίδωσιν
1436 4192 1468 4258 ὴ
1506 4191 1690 4260 χάρις,
1720 4188 1814 4243 καὶ

247 4290 551 4360 κατέρχεται
604 4287 741 4358 παρ’
772 4286 869 4339 ’ένα
915 4284 1144 4356 βαθμὸν,
1176 4282 1276 4336 καὶ
1314 4283 1536 4353 ἑστήκει
1570 4284 1650 4346 εἰς
1688 4283 1816 4346 τοὺς

245 4377 436 4435 ἕνδεκα.
488 4375 587 4444 Εἷς
636 4379 697 4432 δέ
734 4395 817 4440 τις
855 4375 1113 4439 πλούσιος
1158 4375 1217 4428 ἐν
1245 4378 1311 4445 τῇ
1345 4374 1550 4445 χάριτι,
1584 4373 1815 4428 πάντοτε

245 4470 419 4534 νυκτὸς
446 4473 542 4526 καὶ
569 4470 807 4542 ἡμέρας,
826 4471 906 4533 εἰς
934 4468 1004 4522 τὰ
1032 4469 1216 4522 τέλεια
1240 4468 1420 4539 μέτρα
1446 4466 1704 4536 ἕστηκεν,
1739 4466 1815 4519 ὢν

1915 1997 1972 2043 et
1992 1998 2201 2058 quanto
2222 1990 2397 2059 magis
2424 1989 2638 2054 ederet,
2682 1998 2837 2043 tanto
2868 1989 3045 2059 magis
3074 1988 3424 2059 augebantur
3451 2000 3508 2043 et

1914 2080 2272 2135 crescebant:
2305 2081 2430 2135 aliis
2459 2081 2589 2135 item
2624 2081 2884 2150 apparuit
2920 2081 3071 2135 velut
3104 2081 3503 2135 vestimentum

1917 2171 2289 2241 splendidum,
2326 2173 2490 2241 quale
2526 2188 2636 2226 non
2668 2182 2753 2226 est
2777 2174 2831 2226 in
2862 2182 3006 2226 terra
3037 2173 3145 2226 hoc
3179 2174 3386 2227 smculo
3422 2172 3508 2225 ul-

1915 2264 2052 2331 lum,
2099 2280 2203 2321 nec
2243 2264 2502 2319 manibus
2534 2265 2823 2318 hominum
2857 2263 3054 2317 confici
3082 2272 3283 2332 potest.
3305 2262 3508 2328 Quem-

1914 2355 2213 2410 admodum
2267 2355 2417 2408 enim
2457 2362 2703 2408 montem
2740 2352 3050 2407 ascendens
3083 2352 3349 2406 Dominus
3380 2367 3506 2404 cum

1913 2448 2124 2503 Joanne
2149 2456 2206 2501 et
2230 2447 2394 2501 Petro
2418 2446 2831 2501 transformavit
2860 2445 3193 2499 vestimenta
3225 2461 3345 2509 sua,
3382 2444 3507 2498 illa-

1914 2554 2023 2608 que
2046 2538 2331 2609 splendida
2358 2538 2592 2609 fulguris
2613 2537 2786 2591 instar
2806 2535 3077 2592 reddit“:
3101 2536 3368 2606 ejusmodi
3388 2544 3509 2591 erat

1913 2630 2304 2685 vestimentum
2328 2630 2489 2694 illud,
2515 2638 2577 2684 ut
2600 2630 2974 2685 admiraretur
3005 2639 3062 2685 et
3085 2630 3509 2697 obstupescerct

1912 2731 2111 2778 exutus
2138 2722 2273 2777 illud
2314 2722 2505 2777 homo.
2539 2722 2825 2776 Interdum
2878 2738 3072 2777 verum
3106 2723 3291 2775 lumen
3325 2720 3507 2789 ipsum

1913 2814 1970 2869 in
1994 2815 2161 2869 corde
2196 2814 2433 2881 fulgens,
2466 2814 2681 2884 aperuit
2712 2815 2948 2869 interius
2985 2822 3042 2869 et
3078 2813 3413 2883 profundius
3444 2828 3509 2867 ac

1913 2906 2094 2963 latens
2121 2907 2331 2971 lumen,
2364 2906 2504 2961 adeo
2538 2914 2601 2961 ut
2632 2914 2784 2961 totus
2809 2906 2978 2961 homo
3013 2906 3103 2960 illa
3140 2908 3413 2961 suavitate
3452 2914 3510 2960 et

1914 2998 2381 3066 contemplatione
2402 2997 2711 3061 demersus,
2739 3014 2848 3052 non
2884 3000 3123 3068 amplius
3143 2998 3215 3053 sit
3241 2998 3325 3052 sui
3355 3013 3509 3051 eom-

1914 3106 2036 3160 pos,
2087 3091 2187 3145 sed
2238 3090 2311 3145 sit
2368 3097 2631 3161 tanquam
2684 3091 2889 3145 stultus
2942 3098 2999 3145 et
3050 3091 3323 3145 barbarus
3379 3090 3512 3147 huic

1915 3187 2146 3252 mundo,
2172 3197 2401 3259 propter
2431 3189 2659 3243 nimiam
2686 3190 3039 3244 dilectionem
3066 3204 3130 3242 ac
3155 3188 3508 3254 suavitatem,

1920 3290 1977 3335 et
2023 3297 2225 3337 arcana
2271 3282 2555 3353 mysteria,
2587 3281 2725 3335 adco
2775 3290 2839 3335 ut
2884 3281 3052 3335 homo
3086 3289 3218 3335 tunc
3253 3280 3511 3334 libertate

1922 3355 2159 3428 donatus
2185 3373 2475 3443 perveniat
2505 3372 2570 3426 ad
2604 3373 2907 3440 perfectum
2943 3371 3172 3442 gradum
3228 3387 3399 3441 purus
3446 3385 3512 3425 ac

1920 3464 2064 3518 liber
2093 3479 2122 3516 a
2150 3472 2397 3533 peccato.
2427 3464 2631 3518 Verum
2673 3472 2862 3533 postea
2893 3463 3159 3518 subduxit
3207 3478 3267 3516 se
3312 3462 3507 3533 gratia,

1920 3562 1977 3610 et
2003 3556 2232 3609 accessit
2259 3556 2511 3609 velamen
2539 3554 2870 3608 adversaria:
2904 3554 3228 3622 potestatis;
3282 3562 3512 3621 apparet

1923 3651 2105 3699 tamen
2138 3645 2320 3714 aliqua
2348 3661 2415 3699 ex
2450 3654 2627 3713 parte,
2664 3654 2719 3699 et
2768 3643 3024 3699 consistit
3080 3643 3134 3696 in
3176 3657 3289 3695 uno
3336 3641 3510 3712 gradu

1921 3737 2169 3792 infcriori
2198 3738 2572 3809 perfectionis.

1987 3936 2081 3991 IV.
2118 3935 2304 4001 Velut,
2334 3942 2393 3989 nt
2417 3934 2687 3997 dicamus,
2716 3934 3193 4004 oportetaliqacm
3219 3933 3511 3988 duodecim

1918 4029 2124 4100 gradus
2157 4026 2576 4090 transcendere,
2635 4035 2693 4080 et
2743 4026 2965 4080 demum
3003 4026 3070 4080 ad
3112 4026 3512 4096 perfectionem

1918 4124 2255 4192 pertingere.
2319 4118 2630 4189 Aliquando
2684 4118 2808 4187 quis
2846 4127 3181 4173 consecutus
3222 4125 3306 4171 est
3366 4117 3514 4171 hunc

1918 4213 2171 4286 gradum,
2208 4222 2265 4269 et
2300 4212 2553 4284 pervenit
2584 4210 2650 4265 ad
2684 4211 3105 4280 perfectionem.
3159 4212 3364 4265 Iterum
3421 4225 3512 4265 re-

1918 4307 2141 4362 missior
2164 4305 2308 4361 facta
2338 4305 2535 4377 gratia,
2574 4303 2863 4359 descendit
2895 4319 3065 4357 unum
3093 4303 3345 4374 gradum,
3378 4310 3432 4357 et
3459 4302 3515 4357 in

1920 4400 2150 4471 reliquis
2181 4399 2441 4454 undecim
2473 4397 2748 4453 consistit.
2778 4396 2944 4451 Dives
2973 4406 3159 4452 autem
3202 4396 3405 4466 aliquis
3457 4395 3517 4449 in

1920 4495 2093 4565 gratia
2127 4508 2348 4562 semper
2382 4502 2575 4547 noctes
2611 4500 2780 4563 atque
2821 4491 2940 4545 dies
2968 4489 3022 4542 in
3066 4489 3314 4559 perfecto
3342 4489 3516 4560 gradu

243 4556 509 4631 ἐλεύθερος
546 4561 648 4615 καὶ
701 4560 980 4631 καθαρὸς,
1032 4559 1267 4613 πάντοτε
1317 4558 1664 4629 αἰχμάλωτος
1722 4558 1814 4611 καὶ

1920 4582 2194 4647 consistit,
2230 4583 2371 4637 liber
2395 4597 2457 4635 ac
2487 4597 2683 4651 purus,
2712 4597 2931 4651 semper
2983 4581 3237 4649 captivus
3294 4596 3357 4634 ac
3390 4595 3516 4634 sus-

246 4654 521 4722 μετέωρος.
555 4654 672 4708 Καὶ
716 4651 811 4705 νῦν
909 4651 1126 4722 ἐδείχθη
1161 4652 1347 4720 ἐκεῖνα
1398 4651 1467 4703 τὰ
1508 4649 1812 4720 θαυμάσια,

245 4743 325 4794 καὶ
357 4737 429 4797 ὧν
474 4747 677 4813 πεῖραν
724 4742 919 4797 έλαὸεν
964 4744 993 4795 ὁ
1038 4742 1346 4813 ἄνθρωπος,
1377 4742 1425 4793 εἰ
1458 4740 1622 4808 συνῆν
1667 4738 1817 4808 αὐτῷ

245 4834 485 4899 πάντοτε,
516 4836 625 4888 οὐκ
654 4834 878 4888 ἐδύνατο
930 4835 1031 4905 τὴν
1067 4833 1382 4903 οἰκονομίαν
1428 4832 1523 4886 τοῦ
1570 4831 1732 4901 λόγου
1782 4831 1817 4903 ἢ

242 4922 295 4976 τὸ
320 4923 481 4996 βάρος
521 4926 913 4993 ὑποδέξασθαι,
943 4924 1069 4979 οὔτε
1099 4926 1353 4997 ἠνείχετο
1390 4925 1613 4979 ἀκούειν
1658 4925 1691 4995 ἦ
1723 4941 1820 4995 με·

246 5020 425 5089 ριμνᾷν
457 5021 540 5083 εἰς
591 5019 654 5072 τὸ
690 5019 876 5091 τυχὸν,
914 5021 1044 5090 περὶ.
1096 5019 1319 5084 ἐαυτοῦ,
1370 5017 1498 5070 οὔτε
1547 5017 1677 5089 περὶ
1721 5018 1821 5087 τῆς

247 5105 447 5193 αΰριον,
481 5114 529 5165 εἰ
571 5111 647 5182 μὴ
681 5113 839 5181 μόνον
869 5110 1143 5181 καθῆσθαι
1192 5113 1249 5165 ἐν
1281 5113 1380 5183 μιᾷ
1409 5110 1586 5181 γωνία
1622 5110 1825 5181 μετέω-

249 5212 348 5263 ρον,
406 5200 503 5252 καὶ
570 5199 1007 5272 μεμεθυσμένον.
1046 5200 1213 5253 Ὥστε
1258 5200 1321 5253 τὸ
1368 5198 1575 5253 τέλειον
1626 5200 1824 5271 μέτρον

245 5284 336 5337 οὐκ
376 5288 555 5359 ἐδόθη,
602 5290 689 5343 ἵνα
738 5291 941 5364 δυνηθῇ
998 5291 1261 5361 σχολάσαι
1296 5293 1376 5355 είς
1420 5293 1520 5362 τὴν
1551 5292 1824 5363 μέριμναν

247 5375 345 5429 τῶν
397 5380 665 5450 ἀδελφῶν,
719 5382 817 5436 καὶ
876 5384 957 5446 εἰς
1013 5385 1113 5453 τὴν
1160 5382 1443 5437 διακονίαν
1478 5386 1573 5437 τοῦ
1632 5384 1815 5453 λόγου,

251 5464 379 5537 πλὴν
427 5470 487 5523 τὸ
532 5472 847 5543 μεσότοιχον
890 5472 986 5527 τοῦ
1046 5472 1305 5545 φραγμοῦ
1356 5473 1689 5539 διαλέλυται,
1726 5476 1823 5529 καὶ

160 5600 171 5613 η
249 5562 510 5634 νενίκηται
539 5567 567 5618 6
599 5566 845 5633 θάνατος.

317 5654 389 5708 Ε.
425 5658 504 5710 Τὰ
547 5659 606 5712 δέ
637 5662 937 5732 πράγματα
981 5662 1155 5727 οὕτως
1194 5664 1364 5721 ἐστίν.
1409 5665 1498 5729 Ὠς
1539 5666 1825 5740 γνοφώδης

324 5835 368 5866 ⁸³
391 5837 579 5895 Matth.
620 5855 745 5909 xvn,
766 5844 824 5910 2;
900 5843 1066 5900 Mare.
1103 5860 1172 5909 ix,
1201 5844 1253 5900 5.

1924 4686 2148 4741 pensus.
2179 4670 2247 4724 Et
2272 4669 2520 4739 quidem,
2571 4668 2616 4722 si
2663 4668 2936 4722 mirabilia
2968 4668 3082 4733 illa,
3134 4682 3255 4737 qum
3305 4666 3518 4719 homini

1924 4768 2230 4816 monstrata
2256 4768 2405 4833 sunt,
2442 4768 2496 4815 et
2542 4775 2783 4830 quorum
2823 4760 3229 4830 experientiam
3267 4758 3433 4827 cepit,
3463 4758 3519 4812 ei

1925 4868 2146 4922 semper
2184 4853 2463 4919 adessent,
2508 4868 2613 4907 nec
2638 4851 3011 4907 ministerium
3055 4850 3212 4905 verbi
3255 4857 3352 4903 aut
3372 4864 3518 4904 onus

1926 4945 2150 5016 aliquod
2176 4945 2462 5015 suscipere
2487 4954 2698 5015 posset,
2734 4959 2916 5013 neque
2967 4942 3163 4997 audire
3198 4949 3294 4995 aut
3323 4956 3515 4996 curam

1933 5053 2148 5109 gerere,
2182 5038 2227 5093 si
2262 5037 2485 5108 quando
2551 5052 2693 5106 opus
2744 5047 2912 5101 esset,
2964 5035 3049 5089 sui
3102 5033 3296 5104 ipsius,
3333 5047 3519 5103 neque

1924 5128 2151 5183 crastini
2189 5127 2322 5191 diei,
2348 5127 2445 5181 sed
2475 5128 2655 5181 solum
2689 5126 2883 5181 sedere
2916 5125 2971 5179 in
3018 5141 3130 5181 uno
3162 5126 3364 5196 angulo
3395 5141 3518 5179 sus-

1924 5232 2132 5288 pensus
2158 5228 2215 5273 et
2249 5217 2576 5273 inebriatus.
2605 5217 2956 5286 Quapropter
2999 5216 3203 5288 gradus
3238 5216 3521 5288 perfectus

1922 5325 2033 5363 non
2062 5316 2148 5365 est
2180 5325 2496 5375 concessus,
2520 5317 2580 5364 ut
2603 5309 2775 5380 possit
2807 5324 2999 5364 vacare
3030 5326 3181 5365 curae
3207 5308 3437 5363 fratrum
3461 5319 3517 5363 et

1929 5401 2236 5456 ministerio
2260 5403 2435 5457 verbi.
2467 5401 2857 5457 Verumtamen
2886 5402 3245 5457 interstitium
3268 5401 3521 5456 maceria”:

1930 5492 2175 5548 dirutum
2205 5503 2309 5559 est,
2346 5503 2400 5551 et
2433 5510 2583 5549 mors
2618 5494 2858 5549 devicta.

2009 5671 2073 5726 V.
2136 5671 2245 5728 Res
2300 5681 2486 5728 autem
2546 5672 2626 5728 sic
2693 5688 2751 5729 se
2807 5670 2993 5727 habet.
3046 5668 3526 5738 Quemadmodum
