4016 6444
502 418 599 481 531

1746 424 1809 484 S.
1851 422 2168 482 MACARII
2209 419 2531 480 ASGYPTII

3656 402 3773 466 532

503 534 793 588 tenebrosa
836 532 1085 603 quasdam
1140 533 1225 588 vis
1276 532 1565 597 incumbit,
1601 542 1657 587 et
1696 534 1892 588 leviter
1921 534 2075 603 velut

2188 549 2261 595 τις
2308 530 2537 598 δύναμις
2594 524 2868 579 ἐπίκειται
2927 520 3024 573 καὶ
3074 514 3337 581 σκεπάζει
3404 513 3657 583 ἐλαφρῶς
3688 517 3777 576 ὼς

499 639 720 680 crassus
741 623 966 693 quidam
997 638 1092 677 aer
1133 624 1387 693 inopacat
1426 624 1632 687 locum,
1683 624 1911 678 lucerna
1950 623 2079 677 licet

500 730 720 783 semper
746 713 974 767 ardente
1004 722 1060 767 et
1094 712 1356 767 lucente:
1389 711 1471 766 sic
1505 711 1749 767 ειάιιωτθι
1769 711 1847 765 illi
1881 710 2076 764 lumini

503 807 770 861 velamen.
803 805 961 861 Unde
986 806 1281 861 conﬁtetur
1316 807 1428 871 ille,
1463 822 1522 860 se
1556 820 1903 874 nequaquam
1957 819 2079 858 esse

502 897 826 965 perfectum,
863 914 1045 967 neque
1068 898 1295 953 omnino
1327 898 1629 951 immunem
1655 912 1686 950 a
1714 905 1973 966 peccato:
2004 895 2079 949 ita

501 997 564 1041 ut
594 988 889 1058 dicat,33
969 989 1212 1044 dirutum
1265 998 1321 1043 et
1368 988 1677 1058 perfossum
1737 1004 1859 1043 esse
1902 988 2078 1042 inter-

499 1078 699 1147 iectum
731 1080 995 1148 parietem
1028 1081 1298 1145 maceriae,
1332 1090 1497 1149 atque
1530 1081 1751 1144 iterum,
1783 1079 1840 1134 in
1887 1079 2072 1149 aliqua

500 1178 676 1237 parte,
713 1185 825 1223 non
872 1185 996 1225 esse
1040 1172 1200 1241 plane
1242 1171 1511 1233 dirutum,
1564 1186 1745 1241 neque
1775 1170 1830 1224 in
1876 1185 2076 1240 perpe-

501 1268 674 1314 tuum.
708 1261 1017 1330 Aliquando
1039 1263 1185 1316 enim
1236 1263 1620 1317 vehementius
1658 1262 1932 1325 accendit,
1979 1262 2078 1316 ad-

500 1359 688 1404 monet
717 1359 773 1404 et
808 1350 1075 1405 refocillat
1104 1352 1311 1421 gratia:
1361 1351 1661 1420 aliquando
1709 1367 1842 1405 vero
1874 1352 2074 1405 remis-

500 1438 613 1491 sior
654 1438 794 1492 l'acta
840 1438 1158 1494 subtristior
1217 1447 1464 1509 apparet,
1516 1449 1683 1508 prout
1739 1439 1855 1509 ipsa
1901 1441 2077 1511 gratia

498 1528 779 1596 dispensat
838 1529 906 1582 ad
954 1530 1390 1583 emolumentum
1440 1529 1701 1583 hominis.
1757 1528 1896 1595 Quis
1944 1546 2076 1584 vero

499 1624 742 1689 unquam
778 1620 845 1673 ad
877 1619 1181 1689 perfectum
1216 1621 1446 1690 gradum
1477 1636 1804 1691 progressus
1838 1622 2076 1691 gustavit

498 1719 555 1765 et
599 1712 905 1780 periculum
959 1710 1093 1765 fecit
1146 1711 1296 1764 illius
1342 1711 1566 1766 seculi?
1616 1711 1870 1766 Nondum
1926 1712 2075 1767 enim

500 1803 673 1856 ullum
728 1802 841 1856 vidi
878 1801 1182 1871 perfectum
1234 1802 1514 1857 hominem
1559 1802 1932 1858 Christianum
1978 1810 2074 1857 aut

499 1895 761 1950 liberum.
789 1892 898 1948 Sed
941 1893 1190 1963 quamvis
1241 1894 1558 1962 acquiescat
1615 1893 1741 1963 quis
1784 1892 1839 1947 in
1876 1894 2070 1964 gratia,

500 1991 670 2050 atque
707 1980 777 2034 ad
812 1981 1090 2051 mysteria,
1118 1980 1480 2034 revelationes
1508 1996 1571 2035 ac
1594 1980 1918 2036 immensam
1944 1995 2071 2035 sua-

501 2070 729 2124 vitatem
756 2069 944 2138 gratia:
970 2069 1274 2138 perveniat,
1311 2069 1675 2124 nihilominus
1732 2079 1914 2124 tamen
1944 2084 2072 2139 pec-

501 2166 687 2213 catum
728 2157 910 2211 adhuc
955 2157 1009 2210 in
1057 2173 1125 2211 eo
1164 2158 1353 2212 hmrct.
1402 2156 1507 2224 Qui
1555 2158 1691 2212 tales
1737 2173 1870 2212 vero
1921 2167 2070 2222 sunt,

502 2253 728 2313 pr0pter
778 2245 1098 2299 immensam
1156 2246 1384 2314 gratiam
1436 2256 1495 2301 et
1549 2247 1735 2302 lumen
1806 2247 1913 2301 illis
1975 2248 2073 2302 ad-

503 2338 738 2400 lnerens,
806 2353 864 2392 se
928 2338 1200 2407 perfectos
1271 2352 1326 2394 et
1384 2340 1592 2395 liberos
1661 2350 1937 2411 reputant,
2004 2358 2073 2397 ex

502 2427 778 2496 imperitia
822 2427 1058 2496 decepti,
1106 2438 1399 2498 postquam
1455 2430 1743 2500 possident
1796 2432 1907 2486 vim
1949 2449 2072 2504 gra-

500 2519 611 2572 tiae.
643 2519 839 2573 Verum
876 2519 1113 2573 necdum
1147 2520 1258 2573 vidi
1297 2520 1469 2575 ullum
1503 2523 1759 2577 liberum.
1788 2522 2071 2592 Siquidem

498 2617 555 2663 et
592 2624 693 2679 ego
725 2624 793 2663 ex
816 2618 968 2679 parte
996 2611 1179 2680 aliqua
1220 2596 1517 2681 aliquando
1544 2613 1614 2666 ad
1654 2614 1883 2684 gradum
1916 2613 2072 2668 illum

502 2700 752 2769 perveni,
808 2710 866 2756 et
915 2702 1170 2772 cognovi.
1210 2704 1423 2758 nullum
1461 2721 1588 2760 esse
1621 2705 1903 2762 hominem
1945 2720 2073 2775 per-

499 2792 731 2847 fectum.

564 2881 655 2936 Vl.
681 2880 1057 2953 Interrogatio.
1096 2880 1194 2936 Dic
1226 2883 1371 2936 nobis
1404 2884 1456 2936 in
1477 2882 1660 2955 quibus
1685 2892 1741 2938 tu
1761 2885 2000 2939 consistit

499 2972 748 3043 gradibus
767 2972 792 3025 .’

570 3058 877 3128 Responsio.
914 3062 1048 3117 Post
1091 3063 1307 3134 signum
1346 3064 1528 3120 crucis
1570 3065 1744 3135 gratia
1797 3082 1947 3122 nunc
1994 3067 2074 3123 sic

506 3160 792 3221 operatur,
822 3164 880 3207 ct
907 3155 1093 3223 quieta
1142 3154 1323 3209 reddit
1369 3155 1555 3210 omnia
1603 3156 1847 3210 membra
1874 3166 1931 3211 et
1955 3173 2072 3224 cor,

506 3242 762 3296 utanima
789 3260 900 3313 prae
929 3258 1140 3299 summa
1168 3246 1377 3311 laetitia,
1402 3254 1659 3315 tanquam
1686 3246 1901 3316 puellus
1926 3248 2077 3301 frau~

504 3335 595 3388 dis
625 3334 848 3404 ignarus
869 3336 1143 3401 videatur,
1174 3352 1275 3390 nec
1304 3337 1538 3405 amplius
1564 3337 1729 3391 homo
1751 3339 2081 3394 condemnet

503 3425 755 3481 Graecum
781 3435 874 3480 aut
900 3427 1172 3491 Judaeum,
1204 3436 1299 3481 aut
1345 3438 1714 3497 peccatorem,
1747 3437 1844 3482 aut
1872 3430 2079 3483 mundo

505 3517 793 3572 deditum:
821 3534 1015 3573 verum
1061 3519 1293 3575 interior
1333 3520 1499 3575 homo
1528 3521 1689 3575 oculo
1726 3536 1865 3590 puro
1888 3536 2082 3575 omnes

505 3611 721 3680 aspicit,
771 3621 827 3666 et
873 3614 1088 3668 leuatur
1114 3614 1279 3668 homo
1317 3615 1386 3669 de
1423 3622 1540 3669 toto
1570 3615 1798 3680 mundo,
1830 3617 2082 3670 omnino-

504 3718 612 3771 que
638 3703 791 3772 cupit
835 3705 1086 3759 venerari
1123 3716 1180 3760 et
1226 3705 1453 3777 diligere
1483 3706 1703 3761 Graecos
1745 3716 1799 3761 et
1839 3707 2078 3763 Judalos.

504 3793 623 3847 Alia
651 3794 890 3863 quadam
928 3794 1064 3849 hora
1089 3797 1263 3850 veluti
1296 3796 1442 3851 [ilius
1487 3797 1632 3867 regis
1673 3798 1902 3852 conlidit
1943 3798 2081 3853 Filio

504 3886 601 3941 Dei
637 3896 893 3959 tanquam
936 3890 1101 3959 patri,
1137 3898 1193 3944 et
1240 3892 1565 3960 aperiuntur
1595 3893 1647 3947 ei
1687 3892 1855 3957 fores,
1886 3902 1937 3948 et
1992 3892 2078 3945 in-

502 3976 754 4047 greditur
805 3980 953 4035 intro
1024 3980 1082 4035 in
1136 3982 1338 4037 multas
1388 3984 1717 4039 mansiones.
1765 3984 1833 4039 Et
1875 3996 2081 4053 quanto

502 4069 679 4139 magis
704 4070 1034 4141 ingreditur,
1072 4087 1295 4127 rursum
1327 4075 1651 4142 aperiuntur
1684 4074 1736 4128 ei
1766 4077 1922 4145 juxta
1949 4090 2080 4145 pro-

502 4159 814 4227 portionem
843 4176 874 4213 a
906 4168 1127 4217 centum
1170 4162 1551 4217 mansionibus
1580 4162 1647 4216 ad
1677 4163 1814 4217 alias
1854 4172 2080 4218 centum

500 4248 905 4312 mansiones,et
926 4248 1164 4315 ditescit;
1185 4258 1241 4305 et
1277 4258 1485 4319 quanto
1512 4251 1684 4321 magis
1713 4251 1955 4318 ditcscit,
1981 4253 2081 4307 de-

498 4354 614 4394 nuo
625 4340 729 4395 alia
751 4342 1062 4396 recentiora
1079 4341 1358 4397 mirabilia
1375 4343 1426 4397 ei
1450 4352 1849 4399 monstrantur.
1863 4345 1931 4398 Et
1955 4359 2082 4399 cre-

2179 623 2286 695 ἀὴρ
2317 622 2519 692 παχὺς,
2560 617 2739 672 καίτοι
2796 614 3033 668 πάντοτε
3071 612 3171 681 τῆς
3200 609 3485 680 λαμπάδος
3537 607 3777 675 καιομέ-

2178 732 2277 783 νης
2330 714 2428 767 καὶ
2480 708 2814 780 φαινούσης’
2856 703 3034 766 οὑτως
3098 701 3375 755 ἐπίκειται
3435 699 3635 767 ἐκείνῳ
3687 696 3778 765 τῷ

2182 809 2321 879 φωτὶ
2351 808 2637 875 κάλυμμα.
2680 802 2846 855 Ὅθεν
2872 798 3126 871 ὁμολογεῖ
3156 791 3331 860 οὗτος,
3365 796 3448 848 ὅτι
3498 793 3603 845 οὑκ
3646 791 3775 843 ἐστι

2178 901 2405 963 τέλειος,
2438 896 2559 949 οὐδὲ
2610 893 2895 963 ἐλεύθερος
2941 891 3003 943 τὸ
3057 889 3177 942 ὅλον
3212 890 3276 939 ὲκ
3324 885 3422 954 τῆς
3461 882 3779 952 ἁμαρτίας.

2181 993 2346 1044 Ὥστε
2414 990 2611 1050 εἰπεῖν,
2661 988 2745 1040 ὅτι
2790 983 3104 1037 διαλέλυται
3165 979 3261 1033 καὶ
3310 976 3647 1046 τέθραυσται
3708 974 3781 1024 τὸ

2181 1080 2494 1150 μεσότοιχον
2520 1075 2613 1129 τοῦ
2646 1072 2928 1145 φραγμοῦ,
2965 1072 3061 1125 καὶ
3088 1069 3252 1122 πάλιν
3274 1068 3333 1121 ἐν
3370 1083 3477 1120 τινι
3502 1066 3565 1118 οὑ
3585 1064 3784 1118 διαλέφ

2178 1171 2332 1222 λυται
2370 1168 2431 1221 τὸ
2472 1166 2612 1229 ὅλον,
2642 1164 2767 1217 οὕτε
2822 1164 3075 1218 πάντοτε.
3112 1160 3269 1212 Ἐστι
3292 1156 3400 1228 γάρ
3442 1155 3641 1226 καιρὸς
3684 1154 3783 1207 ὅτι

2179 1259 2342 1312 πλέον
2388 1258 2632 1321 ἐξάπτει,
2668 1254 2763 1307 καὶ
2797 1252 3126 1323 παρακαλεῖ,
3157 1251 3249 1303 καὶ⁵
3280 1246 3554 1302 ἀναπαύει
3577 1263 3594 1278 ο
3653 1244 3782 1297 ἐστι

2178 1351 2389 1420 καιρὸς,
2429 1350 2518 1401 ὅτε
2547 1345 2938 1400 ὑποστέλλεται
2986 1342 3082 1396 καὶ
3140 1337 3463 1408 στυγνάζει,
3516 1336 3594 1399 ὡς
3630 1334 3783 1406 αὑτὴ

2177 1443 2210 1510 ὴ
2256 1439 2414 1509 χάρις
2461 1437 2737 1506 οἰκονομεῖ
2757 1434 2893 1505 πρὸς
2935 1433 2997 1485 τὸ
3042 1430 3321 1502 συμφέρον
3355 1429 3433 1500 τῷ
3463 1428 3778 1498 ἀνθρώπῳ.

2176 1534 2272 1597 Τίς
2298 1533 2356 1586 δὲ
2389 1534 2417 1585 ό
2447 1530 2617 1584 ὲλθὼν
2669 1530 2749 1592 είς
2796 1527 2859 1580 τὸ
2901 1528 3099 1596 μέτρον
3129 1525 3193 1577 τὸ
3215 1524 3419 1578 τέλειον
3445 1525 3503 1575 ὲν
3526 1524 3776 1590 καιροῖς,

2176 1626 2271 1678 καὶ
2314 1623 2691 1692 γευσάμενος,
2736 1618 2833 1673 καὶ
2871 1619 3070 1688 πεῖραν
3098 1614 3241 1685 ἔχων
3270 1614 3480 1668 ἐκείνου
3512 1613 3611 1666 τοῦ
3635 1612 3781 1666 αίῶ-

2176 1733 2301 1783 νος;
2355 1713 2572 1785 Ἀκμὴν
2633 1713 2742 1783 γὰρ
2800 1710 2994 1763 οὐδένα
3038 1703 3179 1762 εἶδον
3227 1707 3433 1760 τέλειον
3476 1705 3782 1774 ἄνθρωπον

2174 1806 2519 1879 Χριστιανὸν,
2547 1805 2581 1876 ἢ
2609 1803 2928 1872 ἐλεύθερον·
2962 1800 3077 1854 ἀλλ’
3108 1802 3157 1854 εί
3190 1800 3286 1854 καὶ
3315 1797 3667 1852 ἀναπαύεταί
3691 1814 3781 1859 τις

2178 1901 2237 1953 ὲν
2259 1901 2326 1968 τῇ
2354 1899 2540 1968 χάριτι
2558 1934 2574 1959 ,
2620 1894 2717 1948 καὶ
2746 1892 3058 1962 εἰσέρχεται
3087 1890 3167 1952 είς
3197 1890 3476 1959 μυστήρια
3504 1888 3604 1941 καὶ
3629 1888 3780 1939 ἀπο-

2180 1988 2461 2057 καλύψεις,
2492 1985 2588 2040 καὶ
2615 1986 2695 2047 είς
2720 1981 2966 2055 ὴδύτητα
2991 1979 3193 2050 πολλὴν
3221 1979 3321 2051 τὴν
3342 1979 3590 2049 χάριτος,
3619 1979 3781 2047 ὅμως

2179 2082 2274 2135 καὶ
2301 2082 2335 2150 ἡ
2383 2078 2626 2149 ἀμαρτία
2667 2076 2916 2130 σύνεστιν
2957 2073 3144 2144 ἀκμὴν
3205 2072 3343 2127 ἔσω·
3381 2072 3540 2126 αὐτοὶ
3568 2070 3654 2135 δὲ,
3686 2070 3783 2123 διὰ

2178 2172 2280 2241 τὴν
2306 2170 2752 2241 ὑπερϐάλλουσαν
2779 2168 2940 2237 χάριν
2967 2166 3063 2219 καὶ
3086 2166 3147 2219 τὸ
3171 2165 3231 2219 ὲν
3255 2165 3439 2227 αὑτοῖς
3464 2163 3607 2233 φῶς,
3624 2164 3782 2232 νομί-

2180 2262 2367 2325 ζουσιν
2409 2260 2685 2329 ἐλεύθεροι
2729 2254 2873 2313 εἶναι
2921 2258 3017 2311 καὶ
3052 2256 3283 2322 τέλειοι,
3323 2254 3477 2325 παρά
3504 2255 3781 2325 ἀπειρίαν

2182 2355 2580 2425 σφαλλόμενοι,
2624 2352 2813 2421 ἐπειδὴ
2842 2351 3059 2421 ἔχουσιν
3086 2349 3369 2420 ἐνέργειαν
3396 2349 3494 2418 τῆς
3519 2348 3778 2416 χάριτος,

2180 2446 2366 2516 ἀκμὴν
2392 2444 2449 2497 δὲ
2491 2442 2683 2497 οὐδένα
2710 2438 2853 2495 εἶδον
2883 2440 3187 2511 ἐλεύθερον.
3231 2438 3451 2508 Ἐπειδὴ
3481 2436 3645 2504 κάγὼ
3677 2455 3780 2507 με-

2182 2534 2352 2608 ρικῶς
2377 2535 2436 2587 ὲν
2458 2534 2671 2605 καιροῖς
2690 2549 2854 2593 τισιν,
2885 2529 3139 2600 είσῆλθον
3160 2531 3242 2593 είς
3263 2530 3440 2581 έκεῖνο
3456 2528 3519 2580 τὸ
3538 2527 3777 2598 μέτρον,

2180 2628 2276 2682 καὶ
2323 2624 2441 2680 οῖδα
2483 2616 2857 2693 καταμαθὼν,
2912 2623 3032 2687 πῶς
3077 2622 3179 2677 οὑκ
3217 2622 3336 2675 ἐστι
3375 2620 3582 2684 τέλειος
3616 2621 3649 2672 ό
3678 2621 3780 2675 ἀν-

2181 2718 2209 2771 θ
2216 2733 2417 2789 ρωπος.

2253 2894 2344 2959 (τ’.
2377 2891 2713 2960 Ἐρώτησις.
2743 2890 2890 2947 Εἰπὲ
2916 2890 3063 2961 ἡμῖν
3103 2890 3187 2944 σὺ
3207 2929 3223 2956 ,
3254 2889 3326 2945 ἐν
3350 2890 3550 2956 ποίοις
3578 2886 3641 2945 εἷ
3665 2893 3779 2960 μὲ-

2180 3000 2340 3053 τροις
2356 3000 2376 3049 ;

2252 3074 2606 3141 Ἀπόκρισις.
2637 3072 2793 3128 Μετὰ
2825 3073 2889 3126 τὸ
2935 3074 3164 3143 σημεῖον
3198 3070 3291 3124 τοῦ
3316 3069 3574 3141 σταυροῦ,
3606 3069 3711 3122 νῦν
3741 3071 3776 3139 ή

2180 3164 2338 3234 χάρις
2361 3163 2533 3227 οὕτως
2576 3166 2791 3233 ἐνεργεῖ
2815 3164 2908 3217 καὶ
2941 3162 3213 3234 είρηνεύει
3246 3163 3345 3217 ὅλα
3372 3163 3441 3215 τά
3476 3162 3612 3232 μέλη
3674 3164 3777 3215 καὶ

2178 3255 2276 3322 τὴν
2303 3255 2554 3325 καρδίαν,
2592 3254 2734 3308 ὥστε
2770 3256 2868 3325 τὴν
2897 3254 3077 3325 ψυχὴν
3100 3258 3165 3307 ὲκ
3193 3255 3297 3324 τῆς
3342 3254 3544 3321 πολλῆς
3589 3256 3775 3325 χαρᾶς

2179 3347 2255 3408 ὡς
2294 3345 2502 3400 παιδίον
2523 3346 2730 3401 ἄκακον
2765 3346 3076 3416 φαίνεσθαι,
3108 3346 3203 3401 καὶ
3226 3345 3411 3400 οὐκέτι
3441 3347 3775 3416 κατακρίνει

2180 3438 2209 3488 ὁ
2240 3435 2527 3507 ἄνθρωπος
2557 3435 2797 3507 Ἕλληνα
2842 3436 2876 3506 ἢ
2940 3436 3226 3502 Ἰουδαῖον,
3271 3435 3305 3504 ἦ
3340 3433 3693 3505 ἁμαρτωλὸν,
3736 3435 3772 3504 ἢ

2181 3528 2445 3597 κοσμικόν
2474 3541 2490 3556 ⁶
2530 3527 2646 3582 ἀλλ’
2680 3530 2708 3581 ό
2743 3527 2851 3582 ἔσω
2882 3527 3172 3601 ἅνθρωπος
3221 3526 3448 3597 καθαρῷ
3494 3525 3773 3595 ὀφθαλμῷ

2182 3618 2394 3682 πάντας
2435 3621 2560 3688 ὁρᾷ,
2606 3618 2703 3672 καὶ
2751 3620 2936 3690 χαίρει
2988 3621 3017 3672 ό
3064 3618 3354 3685 ἄνθρωπος
3405 3616 3498 3670 ἐπὶ
3530 3618 3640 3686 ὅλῳ
3687 3618 3771 3688 τῷ

2184 3710 2397 3781 κόσμῳ,
2452 3710 2547 3764 καὶ
2598 3711 2819 3773 πάντως
2848 3710 2994 3764 θέλει
3038 3710 3370 3781 προσκυνεῖν
3401 3709 3496 3763 καὶ
3536 3709 3770 3778 ἀγαπᾷν

2181 3800 2451 3872 Ἕλληνας
2507 3800 2604 3854 καὶ
2632 3799 2941 3863 Ἰουδαίους.
2975 3799 3144 3870 Ἀλλ-ῃ
3176 3799 3296 3870 ὥρᾳ
3328 3798 3443 3862 υίὸς
3496 3798 3769 3868 βασιλέως

2183 3891 2328 3946 οὑτω
2358 3891 2552 3962 θαρρεῖ
2571 3890 2651 3962 τῷ
2672 3890 2786 3961 Υίῷ
2811 3888 2907 3944 τοῦ
2934 3890 3070 3944 Θεοῦ
3115 3890 3191 3954 ὡς
3222 3890 3414 3960 πατρὶ,
3461 3889 3559 3941 καὶ
3614 3889 3767 3941 ἀνοί-

2183 4000 2369 4052 γονται
2400 3982 2550 4052 αὐτῷ
2577 3981 2760 4053 θύραι,
2790 3981 2888 4035 καὶ
2918 3982 3230 4053 εἰσέρχεται
3275 3980 3423 4035 ἔνδον
3451 3983 3533 4045 εἰς
3560 3980 3700 4034 non
3713 3984 3768 4043 ἃς

2184 4074 2373 4145 μονὰς,
2421 4074 2516 4127 καὶ
2543 4074 2669 4127 ὅσον
2722 4074 3054 4144 εἰσέρχεται,
3078 4072 3241 4127 πάλιν
3273 4072 3583 4140 ἀνοίγονται
3610 4070 3765 4141 αὑτῷ

2181 4164 2319 4236 πρὸς
2346 4163 2525 4233 λόγον,
2559 4162 2668 4217 ἀπὸ
2690 4163 2887 4217 ἑκατὸν
2914 4163 3094 4233 μονῶν
3123 4164 3205 4226 είς
3228 4163 3396 4226 ἄλλας
3422 4164 3625 4216 ἑκατὸν
3666 4181 3766 4233 μου

2181 4254 2303 4321 νὰς,
2330 4254 2426 4308 καὶ
2454 4253 2681 4315 πλουτεῖ
2709 4267 2722 4280 ⁹
2754 4253 2848 4308 καὶ
2872 4254 2985 4325 ὅσῳ
3015 4254 3256 4319 πλουτεῖ,
3285 4255 3447 4308 πάλιν
3480 4254 3619 4310 ἀλλα
3646 4273 3766 4307 και-

2181 4344 2378 4414 νότερα
2402 4344 2683 4414 θαυμάσια
2719 4343 2994 4397 δείκνυται
3028 4344 3199 4415 αύτῷ.
3233 4345 3342 4399 Καὶ
3371 4344 3765 4415 ὲμπιστεύεται

500 4433 709 4487 duntur
745 4436 797 4488 ei
841 4435 1269 4504 tanquam‘ﬁlio
1302 4444 1360 4491 et
1414 4436 1620 4491 haeredi
1661 4453 1772 4503 res,
1832 4454 1955 4508 quae
2010 4439 2076 4493 ab

2188 4436 2256 4500 ὡς
2289 4435 2410 4505 υίῷ,
2443 4434 2538 4488 καὶ
2567 4436 2891 4506 κληρονόμῳ
2919 4437 3221 4508 πράγματα
3255 4438 3330 4508 μὴ
3360 4437 3645 4508 δυνάμενα
3668 4441 3766 4508 ρη-

498 4523 737 4578 humana
794 4534 990 4579 natura
1037 4526 1302 4595 explicari
1354 4537 1659 4598 nequeunt,
1700 4544 1803 4585 nec
1834 4546 1930 4586 ore
1983 4541 2076 4586 aut

2188 4528 2340 4598 θῆναι
2356 4527 2462 4581 ὑπὸ
2488 4527 2703 4596 φύσεως
2722 4528 3095 4600 ἀνθρωπίνης,
3122 4529 3156 4600 ἢ
3180 4530 3405 4601 στόματι
3423 4530 3518 4583 καὶ
3540 4530 3763 4601 γλώσσῃ

493 4616 684 4687 .ingua
709 4615 959 4671 enodari.
990 4616 1176 4673 Gloria
1206 4619 1341 4674 Deo.
1374 4620 1576 4674 Amen.
1862 4627 1892 4674 3

1083 4751 1366 4807 HOMlLlA
1395 4754 1488 4810 IX.

492 4859 873 4943 Promissioues
901 4880 962 4915 ac
998 4866 1297 4943 prophetias
1319 4866 1524 4943 divinas
1546 4872 1845 4943 per_varias
1882 4875 2077 4942 proba-

562 4934 728 5003 tiones
750 4940 797 4984 et
828 4934 1139 4987 tentationes
1159 4934 1370 5003 impleri
1389 4954 1406 4990 .'
1430 4947 1477 4991 et
1502 4934 1603 4992 soli
1626 4939 1734 4993 Deo
1758 4934 2075 4999 adhaerendo

565 5000 781 5055 liberari
810 5018 904 5057 nos
927 5004 990 5055 ab
1026 5000 1450 5075 infestationibus
1478 5008 1748 5064 dwmonis.

562 5240 604 5294 l.
623 5239 940 5310 Spiritualis
967 5244 1157 5311 gratiae
1178 5246 1275 5301 Dei
1293 5247 1627 5319 virtus,’quaa
1656 5252 1710 5306 in
1739 5253 1923 5309 anima
1951 5268 2072 5310 ver-

2173 4618 2595 4691 διαρθρωθῆναι.
2627 4617 2764 4685 Δόξα
2791 4620 2868 4691 τῷ
2897 4620 3036 4691 Θεῷ.
3063 4619 3263 4692 Ἀμήν.

2776 4752 3022 4808 OMIAIA
3064 4754 3143 4811 Θ’.

2184 4866 2295 4932 Τὰς
2322 4865 2688 4936 ἐπαγγελίας
2726 4865 2848 4936 οιαὶ
2888 4866 3257 4935 προφητείας
3303 4865 3615 4936 τοῦίΘεοῦ
3663 4866 3758 4919 διὰ

2249 4934 2663 5004 παμποικίλης
2712 4934 3073 5004 δοκιμασίας
3119 4936 3221 5004 καὶ
3272 4935 3606 5003 πειράσεως
3635 4936 3757 4989 δια-

2249 5003 2633 5073 πλὴροῦσθαι
2664 5020 2676 5035 ·
2706 5007 2805 5059 καὶ
2847 5003 3016 5074 μόνῳ
3064 5003 3145 5070 τῷ
3203 5006 3326 5069 Θεῷ
3384 5021 3757 5074 προσκαρτε-

2229 5077 2497 5157 ροῦντας
2515 5075 2886 5157 ,ζυτροῦσθαι
2912 5074 3071 5144 ἡμᾶς
3105 5075 3224 5129 ἀπὸ
3254 5074 3376 5129 τῶν
3421 5074 3529 5130 τοῦ
3555 5078 3752 5143 Πονη-

2233 5146 2350 5215 ροῦ
2383 5144 2740 5213 πειράσεων.

2238 5260 2402 5314 A'.'H
2433 5258 2532 5312 τοῦ
2565 5258 2702 5312 Θεοῦ
2737 5258 3083 5329 πνευματικὴ
3114 5258 3214 5329 τῆς
3242 5256 3467 5328 χάριτος
3498 5256 3750 5329 ἐνέργεια

444 5340 667 5395 ,satur,
715 5346 841 5385 cum
909 5348 1124 5388 summa
1184 5336 1623 5409 longanimitate,
1681 5344 1971 5413 sapientia,
2015 5354 2072 5401 et

2188 5370 2226 5404 ιν
2252 5351 2402 5420 ψυχῇ
2430 5350 2752 5421 γιγνομένη,
2797 5350 2937 5420 μετά
2965 5348 3169 5416 πολλῆς
3201 5346 3583 5420 μακροθυμίας
3606 5386 3622 5409 ,
3660 5348 3750 5401 καὶ

488 5423 900 5491 dispensatione
975 5428 1178 5481 mentis
1234 5431 1463 5501 mystica
1526 5446 1807 5503 operatur,
1872 5453 2067 5508 magna

2188 5441 2385 5511 τοφίας,
2421 5442 2515 5493 καὶ
2545 5441 2859 5509 οἰκονομίας
2908 5439 3025 5502 νοὸς
3083 5438 3353 5509 μυστικῆς
3390 5439 3747 5508 ’κατεργάζε-

488 5512 654 5566 etiam
682 5529 807 5569 cum
839 5515 1102 5583 patientia
1124 5533 1249 5572 cum
1280 5524 1541 5591 temporis
1562 5528 2068 5595 Opportunitatibus

2188 5550 2281 5596 ται,
2309 5532 2404 5585 καὶ
2431 5530 2572 5602 μετὰ
2599 5530 2801 5598 πολλῆς
2853 5532 3135 5600 ὑπομονῆς
3162 5529 3372 5599 χρόνοις
3410 5528 3507 5582 καὶ
3538 5531 3747 5598 καιροῖς

492 5602 716 5659 homine
754 5605 1076 5661 dimicante.
1107 5606 1264 5664 Tunc
1309 5624 1490 5667 autem
1537 5631 1675 5684 opus
1727 5620 1914 5687 gratia:
1940 5636 2067 5688 per-

2188 5623 2263 5676 τοῦ
2295 5623 2589 5695 ἀνθρώπου
2614 5624 3047 5692 ἀγωνιζομένου·
3080 5622 3175 5674 καὶ
3215 5620 3335 5675 τότε
3358 5621 3419 5673 τὸ
3451 5620 3615 5689 ἔργον
3650 5622 3742 5689 τῆς

492 5694 693 5747 fectum
738 5696 792 5750 in
823 5713 889 5752 eo
920 5710 1170 5767 apparet,
1215 5705 1441 5772 quando
1470 5707 1698 5762 liberam
1729 5711 1847 5779 ejus
1872 5712 2071 5765 volun-

2188 5694 2409 5783 ίάριτος
2430 5714 2638 5766 τέλειον
2670 5715 2751 5775 εἰς
2791 5714 2955 5767 αὑτὸν
2985 5712 3373 5765 ἀποδείκνυται
3397 5752 3412 5776 ,
3447 5714 3549 5780 τῆς
3615 5711 3747 5763 αὑτ-·

493 5790 659 5836 tatem
709 5794 833 5854 post
886 5802 1135 5857 magnam
1177 5795 1532 5851 tentationem
1593 5798 1820 5869 Spiritui
1879 5810 2068 5858 sancto

2188 5804 2418 5872 εξουσίου
2456 5806 2831 5877 προαιρέσεως
2863 5805 3002 5877 μετὰ
3030 5805 3234 5876 πολλῆς
3256 5804 3585 5876 δοκιμασίας
3622 5806 3739 5858 εὐα-
