4016 6458
211 464 315 526 533

1462 457 1656 518 HOMI
1666 456 1833 518 [ΒΕ.
1847 483 1915 493 -
1936 460 2124 525 HOM.
2171 466 2279 528 IX.

3374 447 3478 512 534

211 578 416 648 ptem»
451 573 532 642 τῷ
561 570 839 642 Πνεύματι
867 568 1305 643 ἀποδειχθείσης,
1336 570 1433 624 κα)⁵
1468 572 1557 625 διὰ
1583 573 1801 643 χρόνων

1915 576 2123 641 placere
2184 576 2541 632 manifestum
2593 582 2700 638 est,
2748 579 2807 626 et
2856 566 3076 639 quando
3122 580 3189 619 ex
3217 579 3477 618 successu

209 671 313 734 τὴν
353 662 596 732 δοκιμὴν
628 665 722 715 καὶ
758 661 856 733 τὴν
886 662 1163 731 ὑπομονὴν
1192 658 1629 732 ἐπιδειξαμένου.
1656 661 1805 714 Ταύ-

210 772 313 827 την
366 754 428 807 δὲ
476 754 577 822 τὴν
606 753 932 808 ἀκολουθίαν
973 754 1080 806 ἀπὸ
1113 753 1224 806 τῶν
1257 754 1631 808 θεοπνεύστων
1664 754 1806 824 Γρα-

213 848 333 915 φῶν
380 844 474 898 διὰ
509 843 619 898 τῶν
644 846 703 897 ἐν
732 842 952 915 φανερῷ
979 845 1363 915 γεγενημένων
1391 842 1580 897 τύπων
1626 860 1805 912 παρα-

216 938 318 1006 στή
330 954 411 988 σω
418 952 545 1004 μεν.
1440 951 1442 953 ’

286 1027 366 1081 B’.
418 1026 490 1078 Ὀ
527 1024 585 1078 δέ
637 1024 784 1091 λέγω
832 1024 1074 1078 τοιοῦτόν
1123 1026 1295 1090 ἐστιν,
1322 1019 1436 1077 οἷον
1472 1024 1547 1088 ὡς
1573 1024 1666 1076 ἐπὶ
1708 1024 1801 1078 τοῦ

229 1117 465 1185 Ἰωσήφ.
512 1118 602 1169 Ἐν
632 1117 821 1178 πόσοις
854 1119 1065 1185 καιροῖς
1094 1116 1190 1170 καὶ
1218 1117 1428 1186 χρόνοις
1452 1117 1513 1168 τὸ
1556 1115 1803 1186 βούλημα

218 1208 315 1260 τοῦ
346 1207 490 1260 Θεοῦ
520 1207 581 1260 τὸ
609 1208 739 1278 περὶ
768 1207 933 1261 αὐτοῦ
966 1206 1271 1277 ὡρισμένον
1294 1207 1574 1278 ἐτελέσθη,
1611 1208 1705 1261 καὶ
1734 1206 1804 1260 τὰ

226 1300 488 1369 ὁράματα
520 1298 855 1369 ἐπληρώθης
886 1298 981 1352 καὶ
1006 1299 1064 1350 ἐν
1085 1299 1271 1362 πόσοις
1313 1299 1580 1369 πρότερον
1620 1297 1807 1360 πόνοις

228 1391 320 1442 καὶ
352 1388 593 1455 θλίψεσι,
626 1390 722 1441 καὶ
760 1390 1147 1460 στενοχωρίαις
1174 1391 1524 1460 δοκιμασθεὶς
1549 1392 1806 1461 ὑπέμεινε

232 1475 407 1528 πάντα
438 1477 705 1544 γενναίως
727 1518 744 1543 ,
771 1480 868 1532 καὶ
909 1480 990 1542 είς
1022 1480 1201 1534 πάντα
1246 1480 1465 1551 δόκιμος
1493 1481 1589 1535 καὶ
1620 1481 1809 1545 πιστὸς

232 1565 307 1636 τῷ
336 1566 459 1635 Θεῷ
483 1567 729 1637 εὑρεθεὶς
756 1568 963 1633 δοῦλος,
988 1571 1111 1623 τότε
1136 1571 1392 1641 βασιλεὺς
1422 1571 1699 1640 Αἰγύπτου
1717 1572 1809 1640 γέ-

235 1676 379 1723 γονε,
430 1660 527 1711 καὶ
567 1660 629 1712 τὸ
654 1660 812 1728 γένος
861 1661 1023 1715 αὑτοῦ
1053 1662 1305 1731 διέθρεψε
1330 1702 1346 1727 ,
1378 1663 1473 1715 καὶ
1506 1666 1810 1734 προφητεία

236 1749 343 1800 τῶν
373 1750 624 1819 ἀοράτων
653 1750 992 1821 ἀπετελέσθη
1018 1790 1034 1815 ,
1062 1752 1159 1805 καὶ
1184 1752 1246 1805 τὸ
1277 1751 1525 1822 βούλημα
1549 1752 1644 1805 τοῦ
1671 1750 1807 1805 Θεοῦ

238 1841 321 1893 διὰ
352 1842 564 1911 χρόνων
612 1843 707 1896 καὶ
752 1842 1068 1914 οἰκονομίας
1112 1842 1316 1913 πολλῆς
1356 1843 1455 1915 τὴν
1502 1844 1809 1915 πρόρρησιν

240 1931 475 2002 εἰληφός.

303 2022 379 2076 I".
395 2020 627 2091 Ὁμοίως
653 2023 781 2093 περῖ⁵
810 2022 908 2077 τοῦ
932 2024 1119 2079 Δαϐίδ.
1159 2025 1218 2079 Ὀ
1241 2025 1373 2089 Θεὸς
1394 2025 1610 2096 ἔχρισεν
1649 2026 1810 2079 αὐτὸν

239 2115 313 2176 είς
343 2114 567 2184 βασιλέα
614 2115 703 2169 διὰ
749 2116 1007 2189 Σαμουὴλ
1036 2118 1131 2171 τοῦ
1181 2119 1464 2187 προφήτου
1508 2134 1522 2147 ο
1580 2118 1676 2170 καὶ
1720 2118 1809 2169 ὅτε

240 2205 464 2276 ἐχρίσθη
496 2245 511 2270 ,
565 2206 689 2259 τότε
740 2206 910 2275 ἔφυγε
958 2207 1291 2279 διωκόμενος
1346 2207 1451 2260 ὐπὸ
1492 2207 1589 2261 τοῦ
1636 2208 1811 2261 Σαοὺλ

240 2297 610 2367 ἀναιρεθῆναι.
645 2298 755 2352 Καὶ
783 2298 887 2351 ποῦ
917 2299 951 2368 ἡ
981 2300 1164 2370 χρίσις
1193 2299 1289 2352 τοῦ
1324 2299 1484 2365 Θεοῦ,
1516 2301 1611 2353 καὶ
1642 2299 1743 2352 ποῦ
1776 2301 1809 2370 ὴ

239 2384 558 2453 ἐπαγγελία,
587 2385 664 2449 ὡς
694 2388 830 2456 πρὸς
846 2387 905 2440 τὸ
938 2388 1131 2457 τάχος;
1167 2387 1323 2442 Μετὰ
1355 2388 1464 2456 γὰρ
1489 2388 1549 2440 τὸ
1582 2389 1809 2459 χρισθῆ-

242 2492 344 2540 ναι,
372 2476 495 2530 τότε
525 2477 717 2541 δεινῶς
747 2477 1012 2543 ἐθλίϐετο,
1041 2482 1098 2532 ἐν
1128 2479 1387 2550 ἐρημίαις
1416 2479 1808 2548 πελαζόμενος,

245 2569 331 2620 καὶ
363 2567 764 2639 ὁστερούμενος
787 2570 892 2633 ἐως
917 2570 1107 2641 ἄρτου,
1146 2573 1243 2624 καὶ
1273 2574 1353 2635 είς
1381 2572 1508 2641 ἔθνη
1539 2571 1813 2639 καταφεύ-

244 2670 346 2721 γων
374 2655 464 2709 διὰ
504 2658 604 2729 τὴν
636 2658 731 2711 τοῦ
793 2657 967 2712 Σαοὺλ
1014 2659 1154 2728 πρὸς
1200 2660 1364 2715 αὑτὸν
1398 2662 1691 2732 ἐπιϐουλὴν
1724 2678 1809 2730 γι-

241 2745 504 2815 γνομένην
537 2765 552 2780 ·
584 2748 644 2800 ὃν
674 2750 703 2802 6
730 2749 863 2813 Θεὸς
896 2749 1114 2821 ἔχρισεν
1145 2752 1226 2815 είς
1259 2752 1504 2822 βασιλέα,
1535 2754 1812 2818 τοιαύταις

238 2836 547 2906 περιείχετο
575 2837 845 2907 θλίψεσιν.
877 2836 1010 2894 Εῐτα
1031 2841 1247 2911 χρόνοις
1284 2842 1662 2912 δοκιμασθεὶς,
1716 2846 1812 2896 καὶ

239 2928 461 2999 θλιϐεὶς,
490 2932 588 2986 καὶ
620 2934 977 3003 πειρασθείς,
1010 2936 1103 2989 καὶ
1142 2936 1576 3007 μακροθυμήσας
1598 2978 1615 3003 ,
1664 2936 1813 3002 ἅπαξ

234 3019 621 3084 πεπιστευκὼς
650 3020 731 3091 τῷ
775 3022 894 3088 Θεῷ
918 3062 935 3089 ,
976 3025 1072 3079 καὶ
1114 3025 1310 3078 ἐαυτὸν
1344 3026 1767 3097 πληροφορήσας
1794 3068 1809 3093 ,

233 3108 320 3163 ὅτι
350 3109 383 3163 ὃ
406 3110 662 3179 ἐποίησε
683 3113 781 3168 διὰ
807 3114 920 3182 τῆς
953 3116 1062 3170 τοῦ
1092 3118 1403 3186 προφήτου
1432 3119 1685 3187 κρίσεως
1726 3120 1815 3184 εις·

1908 672 2174 741 temporis
2218 670 2605 741 probationem
2644 673 2701 721 et
2753 657 3218 733 perseverantiam
3249 654 3364 724 ipsa
3394 669 3481 707 os-

1907 763 2106 818 tendit.
2138 762 2289 817 Hanc
2311 758 2767 829 consequentiam
2810 762 2995 808 autem
3020 766 3087 804 ex
3118 745 3482 802 sacrosanctis

1906 856 2132 913 Litteris
2170 870 2271 925 per
2300 852 2625 909 manifestos
2671 860 2824 920 typos
2850 846 2908 900 in
2936 843 3181 898 medium
3212 838 3484 909 produca~

1908 963 2051 1004 mus.

1980 1039 2046 1094 II.
2078 1036 2235 1104 Quod
2264 1042 2447 1090 autem
2496 1031 2643 1096 dico,
2690 1029 2797 1083 tale
2844 1035 2952 1090 est,
2979 1024 3140 1094 quale
3190 1020 3389 1091 legitur
3411 1017 3482 1072 dc

1906 1128 2165 1198 Josepbo.
2210 1126 2427 1192 Quanto
2466 1129 2591 1191 post
2626 1130 2879 1188 tempore
2906 1116 3167 1170 voluntas
3198 1111 3292 1166 Dei
3321 1110 3388 1163 de
3415 1122 3483 1161 eo

1907 1218 2246 1292 praedeﬁnita
2272 1216 2513 1286 perfecta
2530 1223 2634 1276 est,
2666 1220 2723 1267 et
2744 1210 2984 1264 visiones
3003 1204 3288 1273 completa:
3316 1198 3484 1254 sunt?

1907 1320 1963 1365 et
1990 1309 2209 1379 quantis
2257 1315 2383 1361 ante
2420 1304 2727 1366 laboribus,
2752 1296 3175 1358 alllictionibus,
3208 1301 3265 1347 et
3316 1307 3487 1359 angu-

1907 1397 2031 1451 stiis
2055 1395 2343 1465 probatus,
2372 1392 2556 1446 omnia
2583 1399 2812 1444 strenue
2837 1383 3136 1441 sustinuit?
3165 1390 3222 1436 et
3247 1397 3343 1450 per
3364 1394 3485 1433 om-

1906 1487 1998 1542 nia
2051 1485 2317 1555 probatus
2352 1491 2409 1537 et
2446 1481 2624 1536 ﬁdelis
2666 1481 2779 1533 Deo
2822 1478 3078 1531 inventus
3109 1486 3321 1533 servus,
3354 1477 3487 1522 tunc

1908 1594 2004 1634 rex
2033 1576 2142 1648 35
2179 1574 2392 1645 )Egypti
2433 1572 2768 1627 constitutus
2807 1576 2912 1631 est,
2948 1574 3003 1620 et
3031 1562 3292 1619 familiam
3328 1575 3485 1614 suam

1907 1667 2204 1732 enutrivit;
2228 1674 2284 1720 et
2337 1663 2630 1735 prophetia
2679 1676 2893 1723 eorum,
2927 1674 3049 1728 qum
3081 1671 3193 1709 non
3219 1653 3486 1707 videban-

1908 1769 2022 1820 tur.
2083 1758 2357 1826 completa
2394 1764 2501 1821 est,
2552 1762 2609 1808 ct
2650 1752 2905 1807 voluntas
2943 1749 3040 1803 Dei
3088 1762 3185 1816 per
3215 1754 3483 1812 tempora,

1909 1856 1968 1903 et
1991 1846 2462 1917 dispensationem
2496 1842 2724 1897 multam
2760 1836 3116 1909 pronuntiata
3138 1835 3204 1886 ⁸³.

1978 2036 2069 2093 III.
2115 2035 2266 2090 Idem
2294 2034 2361 2089 de
2396 2032 2569 2088 David
2610 2030 2848 2086 traditur
2890 2028 2957 2082 ⁸⁸.
2988 2028 3135 2081 Deus
3179 2022 3338 2077 unxit
3359 2037 3487 2075 eum

1909 2129 1969 2184 in
2018 2144 2200 2198 regem
2248 2143 2347 2196 per
2396 2124 2708 2181 Samuelem
2762 2120 3085 2192 prophetam
3134 2114 3203 2167 ⁸⁵.
3236 2114 3302 2168 Ει
3336 2122 3488 2182 post-

1909 2235 2072 2290 quam
2108 2228 2306 2274 unctus
2335 2224 2438 2279 est,
2465 2216 2731 2271 continuo
2755 2213 2881 2282 fuga
2905 2210 3013 2264 sibi
3040 2205 3338 2269 consuluit,
3365 2219 3491 2272 per-

1909 2311 2248 2367 secutionem
2278 2325 2308 2362 a
2333 2308 2519 2370 Saulo,
2547 2321 2673 2361 eum
2696 2303 2949 2357 occidere
2983 2305 3239 2361 conante,
3268 2310 3492 2364 perpes-

1910 2418 2024 2459 sus.
2058 2402 2162 2458 Ubi
2186 2416 2315 2471 ergo
2339 2400 2528 2453 unctio
2555 2397 2692 2452 Dei?
2722 2404 2778 2449 et
2810 2393 2905 2447 ubi
2936 2389 3254 2462 promissio,
3280 2396 3342 2441 ut
3368 2402 3489 2454 quae

1912 2491 2097 2546 statim
2125 2490 2380 2545 eﬁ‘cctum
2407 2496 2708 2542 consecuta
2737 2482 2920 2540 esset?
2951 2482 3123 2537 Paulo
3155 2479 3301 2534 enim
3340 2489 3491 2547 pOSt—

1911 2597 2075 2653 quam
2106 2590 2303 2634 unctus
2326 2587 2492 2641 esset,
2512 2578 2753 2647 graviter
2778 2574 3139 2645 aﬂligebatur,
3174 2572 3230 2624 in
3256 2569 3491 2623 desertis

1912 2673 2154 2742 degens;
2183 2680 2238 2725 et
2290 2670 2356 2724 ad
2402 2668 2689 2738 penuriam
2727 2666 2883 2735 panis
2919 2678 3094 2733 usque
3142 2660 3396 2715 redactus
3420 2659 3490 2711 ad

1913 2771 2105 2833 gentes
2153 2759 2527 2829 confugiebat,
2561 2765 2787 2827 propter
2839 2754 3018 2808 Saulis
3069 2751 3334 2805 adversus
3362 2764 3491 2802 eum

1914 2863 2153 2908 structas
2177 2850 2407 2906 insidias
2433 2850 2479 2880 ⁸⁸
2505 2865 2518 2901 :
2552 2863 2718 2917 quem
2752 2847 2896 2899 Deus
2926 2851 3161 2898 unxerat
3190 2841 3244 2895 in
3275 2854 3485 2909 regem,

1914 2944 2081 3000 tantis
2120 2942 2504 2998 involvebalur
2550 2936 2966 2991 alllictionibus.
2998 2934 3206 2989 Deinde
3231 2946 3491 2987 successu

1914 3032 2180 3101 temporis
2228 3029 2518 3099 probatus,
2571 3026 2830 3091 amictus,
2863 3033 3109 3079 tentatus
3143 3031 3199 3077 et
3221 3020 3495 3091 patienter

1872 3118 1877 3125 ’
1914 3122 2141 3177 adversa
2177 3121 2379 3184 ferens,
2422 3118 2583 3173 unice
2621 3118 2735 3172 Deo
2773 3115 3081 3179 conﬁdens,
3112 3114 3351 3182 etplena
3387 3110 3494 3163 ﬁde

231 3201 355 3270 ἐμὲ,
414 3201 517 3256 καί
552 3202 583 3257 ὃ
607 3200 779 3259 εἶπεν
835 3209 869 3259 d
921 3206 1067 3274 Θεὸς
1109 3208 1389 3278 γενέσθαι
1440 3209 1574 3277 περὶ
1623 3210 1769 3280 ἐμοῦ
1796 3249 1811 3274 ,

1915 3228 1973 3268 se
1996 3212 2234 3282 erigens,
2278 3212 2359 3265 sic
2397 3210 2709 3279 colligebat,
2749 3210 2875 3279 quia
2934 3206 3073 3277 quod
3097 3206 3214 3275 fecit
3240 3204 3377 3257 Deus
3403 3218 3497 3273 per

230 3294 658 3363 ἀναμφιϐόλως
676 3296 953 3367 γενέσθαι
975 3298 1086 3353 δεῖ.
1125 3301 1234 3353 Kal.
1261 3301 1358 3354 διὰν
1386 3301 1589 3371 πολλῆς
1611 3319 1817 3372 paxpa-

233 3386 460 3455 θυμίας,
496 3385 724 3458 ὕστερον
771 3390 964 3458 γέγονε
1006 3392 1069 3445 τὸ
1106 3391 1202 3445 τοῦ
1237 3391 1374 3445 Θεοῦ
1413 3392 1680 3464 βούλημα,
1724 3396 1819 3448 καὶ

232 3478 588 3532 ἐϐασίλευσεν
622 3481 650 3533 ό
682 3480 847 3533 Δαϐὶδ
877 3482 1014 3549 μετὰ
1046 3483 1247 3546 πολλὰς
1278 3485 1495 3553 πείρας.
1552 3484 1662 3536 Kal.
1695 3484 1817 3537 τότε

234 3568 560 3668 ἐφανερώθη
582 3572 611 3623 ό
631 3571 789 3641 λόγος
818 3573 912 3668 τοῦ
952 3574 1109 3639 Θεοῦ,
1143 3578 1239 3628 καὶ
1278 3577 1311 3645 ή
1345 3577 1577 3668 χρίσιςή
1607 3576 1697 3657 δια
1722 3576 1816 3629 τοῦ

237 3663 522 3731 προφήτου
583 3663 969 3735 γεγενημένη,
1050 3665 1243 3736 βεϐαία
1300 3652 1396 3721 κᾶὶ
1451 3668 1657 3740 ἀληθὴς
1692 3652 1819 3724 Δ(ίιϊτ-

238 3752 479 3823 εδείχθη.

315 3848 390 3900 Δ’.
438 3845 669 3917 Ὁμοίως
709 3848 803 3902 καὶ
840 3848 974 3921 περὶ
1005 3849 1307 3915 Μωῡσέως.
1359 3849 1419 3905 '0
1448 3851 1581 3917 Θεὸς
1627 3852 1818 3908 τοῦτον

243 3940 514 4007 προγνοὺς
544 3941 638 3993 καὶ
677 3940 982 4012 προορίσας
1021 3943 1103 4007 είς
1131 3943 1440 4013 ἡγούμενον
1469 3945 1564 3999 καὶ
1613 3945 1820 4017 λυτρωο

247 4028 345 4100 τὴν
378 4029 471 4082 τοῦ
506 4029 668 4097 λαοῦ,
708 4032 825 4085 υἱὸν
853 4034 1080 4103 ἐποίησε
1111 4033 1366 4103 γενέσθαι
1413 4036 1681 4106 θυγατρὸς
1713 4037 1821 4090 Φα-

263 4119 401 4190 ραὼ,
440 4121 532 4174 καὶ
562 4124 643 4185 εἰς
676 4122 909 4177 πλοῦτον
946 4124 1227 4195 βασιλικὸν
1256 4165 1273 4191 ,
1309 4127 1405 4180 καὶ
1436 4129 1516 4191 είς
1537 4127 1694 4193 δόξαν
1723 4127 1819 4183 καὶ

260 4212 456 4280 τρυφὴν
490 4212 722 4285 ηὐξήθη,
760 4214 910 4286 πάσῃ
941 4215 1105 4288 σοφίᾳ
1134 4217 1445 4281 παιδευθεὶς
1477 4220 1815 4288 Αἰγυπτίων,

260 4305 341 4358 καὶ
370 4304 686 4375 ἀνδρωθεὶς,
704 4306 797 4358 καὶ
821 4306 1003 4361 πίστει
1032 4308 1328 4378 γενόμενος
1361 4308 1557 4378 μέγας,
1578 4312 1821 4382 ἠρνήσα-

259 4412 312 4449 το
338 4395 510 4449 πάντα
539 4398 743 4461 ἐκεῖνα,
765 4396 865 4470 τὴν
882 4399 1179 4469 κακουχίαν
1204 4401 1299 4455 καὶ
1327 4402 1454 4465 τοὺς
1481 4402 1820 4473 ὀνειδισμοὺς

259 4485 342 4537 τοῦ
370 4483 602 4554 Χριστοῦ
639 4485 844 4555 μᾶλλον
882 4486 1140 4557 ἐλόμενος
1170 4489 1313 4542 κατὰ
1340 4490 1431 4543 τὸν
1458 4492 1817 4547 ἀποστολικὸν

1919 3305 2219 3356 unctionem
2249 3304 2304 3354 in
2329 3318 2428 3363 me,
2460 3310 2507 3354 et
2534 3301 2672 3370 quod
2699 3300 2830 3353 dixit
2853 3297 2993 3351 Deus
3021 3297 3259 3367 futurum
3294 3294 3355 3347 de
3390 3309 3496 3359 me,

1922 3398 2114 3467 absque
2144 3397 2287 3449 omni
2330 3394 2485 3447 dubio
2524 3394 2642 3462 ﬁeri
2666 3400 2891 3463 oportet.
2917 3391 2984 3445 Et
3006 3399 3130 3460 post
3155 3390 3373 3458 longam
3399 3401 3499 3440 ex-

1921 3489 2317 3560 spectationem
2356 3489 2569 3541 tandem
2604 3487 2861 3539 voluntas
2898 3484 2996 3537 Dei
3032 3482 3304 3550 completa
3328 3486 3412 3532 est
3428 3478 3495 3543 ⁸⁷,

1919 3592 1976 3637 et
2002 3581 2248 3652 regnavit
2275 3580 2444 3634 David
2476 3587 2601 3647 post
2642 3578 2844 3630 multas
2873 3574 3226 3631 tentationes.
3264 3571 3331 3624 Et
3366 3578 3497 3622 tunc

1920 3675 2333 3728 manifestatum
2372 3678 2458 3726 est
2509 3670 2608 3724 Dei
2660 3667 2916 3728 verbum,
2952 3674 3007 3718 et
3031 3664 3217 3717 unctio
3252 3677 3349 3731 per
3372 3676 3503 3729 pro-

1919 3766 2142 3838 phetam
2168 3762 2385 3824 collata,
2416 3761 2570 3813 ﬁrma
2601 3766 2658 3814 et
2687 3775 2812 3813 vera
2851 3758 3221 3811 demonstrata
3249 3761 3352 3807 est.

1990 3854 2078 3909 Ν.
2112 3852 2261 3907 Idem
2313 3851 2380 3905 de
2411 3850 2615 3920 Moyse.
2649 3849 2796 3902 Deus
2826 3860 2951 3900 cum
2981 3859 3107 3899 eum
3134 3840 3500 3911 pnescivisset

1918 3957 1975 4002 et
2000 3943 2451 4016 praedestinasset
2505 3942 2561 3995 in
2587 3940 2784 3994 ducem
2815 3945 2872 3992 et
2917 3944 3257 4001 servatorem
3282 3932 3494 4001 populi,

1920 4039 2093 4093 ﬁlium
2136 4035 2270 4091 fecit
2322 4034 2440 4088 ﬁeri
2489 4032 2613 4087 ﬁliae
2640 4029 2947 4087 Pharaonis
2969 4027 3039 4090 ⁸⁸,
3066 4036 3231 4095 atque
3258 4025 3347 4078 hic
3375 4022 3500 4092 qui-

1921 4131 2047 4185 dem
2082 4128 2224 4197 regis
2258 4125 2460 4195 opibus
2493 4122 2779 4193 et'gloria,
2830 4129 2995 4189 atque
3037 4116 3252 4172 deliciis
3280 4123 3495 4177 auctus,

1919 4221 2069 4277 omni
2098 4218 2477 4290 Egyptiorum
2528 4214 2818 4284 disciplina
2862 4212 3166 4266 instructus
3197 4216 3317 4262 est:
3351 4214 3407 4260 et
3430 4205 3498 4259 ad

1920 4312 2138 4367 virilem
2171 4319 2387 4365 aetatem
2431 4324 2557 4364 cum
2598 4305 2961 4377 pervenisset,
3009 4318 3073 4358 ac
3104 4301 3211 4355 ﬁde
3240 4298 3499 4371 grandior

1920 4403 2100 4458 factus
2131 4410 2297 4467 esset,
2340 4399 2554 4469 respuit
2579 4413 2644 4451 ea
2673 4397 2880 4460 omnia,
2912 4394 3097 4463 potius
3125 4392 3334 4461 eligens
3358 4387 3497 4442 allii-

1920 4496 2158 4549 ctionem
2184 4500 2240 4546 et
2261 4488 2621 4561 contumelias
2646 4488 2691 4519 δ’
2736 4484 2963 4549 Christi,
2996 4485 3152 4555 juxta
3187 4494 3498 4535 sermonem

260 4576 422 4645 λόγον,
449 4575 479 4646 ἢ
510 4576 843 4647 πρόσκαιρον
872 4576 1017 4648 ἐχειν
1048 4579 1325 4650 ἁμαρτίας
1363 4580 1685 4637 ἀπόλαυσιν.
1709 4584 1811 4638 Καὶ

1922 4583 2305 4655 apostolicum,
2337 4596 2503 4651 quam
2532 4576 2931 4647 temporalibus
2950 4575 3162 4643 peccati
3193 4570 3502 4627 commodis

264 4666 436 4770 φυγὰς
458 4666 733 4770 ῥίγύπτου
763 4667 1027 4737 γεγονὼς,
1062 4670 1233 4724 πόσον
1257 4671 1451 4741 χρόνον
1484 4674 1543 4725 ἐν
1579 4690 1811 4745 ποιμαν-

1917 4677 2026 4733 frui
2057 4676 2126 4728 9°.
2150 4675 2219 4729 Et
2246 4674 2401 4728 exsul
2430 4670 2649 4742 [Egypti
2677 4671 2856 4725 factus
2892 4685 3016 4725 cum
3041 4676 3211 4733 esset,
3232 4678 3499 4738 quantum

263 4762 374 4865 τικῇ
409 4758 592 4865 διηγεχ
622 4761 855 4833 ἐργασίᾳ
892 4762 921 4815 6
962 4761 1227 4832 βασιλέως
1267 4763 1411 4830 υἱὸς,
1455 4766 1546 4818 καὶ
1578 4767 1658 4831 είς
1691 4784 1811 4821 τοσ-

1918 4766 2188 4838 temporis
2222 4766 2388 4820 modo
2435 4766 2492 4819 iu
2553 4764 2794 4834 pastoris
2820 4765 2991 4817 vitam
3023 4762 3288 4831 transegit
3311 4775 3499 4829 Opera,

269 4848 423 4956 etiqu
466 4848 802 4956 ἀπόλαυσιν,
835 4851 931 4904 καὶ
986 4852 1197 4923 τρυφὴν
1237 4852 1529 4926 βασιλικὴν
1587 4858 1811 4927 ἀνατρα-

1919 4861 2067 4931 regis
2120 4860 2267 4913 ﬁlius
2297 4860 2391 4928 qui
2422 4866 2563 4921 erat,
2593 4864 2650 4911 et
2676 4855 2731 4909 in
2768 4856 2939 4909 tantis
2982 4852 3214 4907 lautitiis
3246 4867 3310 4905 ac
3338 4849 3503 4919 regiis

265 4940 408 5008 φείςς
458 4941 550 4994 καί
601 4941 772 5005 οὕτως
831 4942 1058 5015 ὕστερον
1107 4944 1329 5016 δόκιμος
1386 4947 1464 5016 τῷ
1522 4948 1675 5020 Θεῷ,
1724 4949 1811 5002 καί

1919 4953 2135 5008 deliciis
2162 4950 2470 5006 educatus?
2502 4950 2569 5003 Et
2614 4948 2696 5003 sic
2738 4946 2961 5001 tandem
2997 4944 3263 5014 probatus
3282 4943 3414 5004 Deo,
3445 4950 3503 4995 et

267 5032 440 5141 πιστὸς
473 5032 560 5087 διὰ
592 5036 691 5104 τῆς
733 5034 934 5105 πολλῆς
983 5037 1369 5108 μακροθυμίας
1399 5041 1645 5111 εὑρεθεὶς
1670 5083 1686 5108 ,
1727 5039 1811 5096 οἷα

1927 5041 2104 5098 ﬁdelis
2132 5057 2233 5111 per
2260 5041 2489 5094 multam
2524 5038 2844 5109 patientiam
2875 5038 3156 5099 inventus,
3181 5032 3387 5103 quippe
3405 5031 3501 5100 qui

268 5122 470 5185 πολλοὺς
501 5126 846 5195 πειρασμοὺς
876 5126 1181 5197 ὑπομείνας
1202 5169 1218 5194 ,
1276 5132 1494 5200 ἐγένετο
1528 5133 1811 5204 λυτρωτὴς

1927 5134 2129 5187 multas
2156 5131 2489 5186 tentationes
2514 5129 2879 5191 sustinuerat,
2911 5126 3245 5182 constitutus
3274 5133 3360 5181 est
3388 5140 3502 5179 ser-

270 5216 352 5315 xal
390 5216 691 5315 ﬁyoﬁgevog
725 5220 820 5274 καὶ
852 5220 1106 5291 βασιλεὺς
1150 5225 1246 5277 τοῦ
1278 5224 1499 5297 Ἰσραὴλ
1518 5266 1533 5290 ,
1565 5229 1659 5281 καὶ
1688 5229 1811 5291 Θεὸς

1923 5233 2081 5278 valor
2120 5237 2177 5279 et
2216 5223 2347 5287 dux,
2395 5231 2451 5276 et
2502 5238 2597 5276 rex
2640 5220 2829 5290 populi
2863 5218 3031 5273 Israel
3068 5219 3138 5279 ⁹¹,
3170 5226 3333 5287 atque
3359 5218 3505 5270 Deus

271 5306 350 5357 τοῦ
383 5306 568 5377 Φαραὼ
600 5308 705 5361 ὑπὸ
750 5308 845 5363 τοῦ
879 5310 1014 5364 Θεοῦ
1046 5314 1465 5386 προσηγορεύθη
1497 5333 1512 5348 ο
1549 5315 1618 5368 δι’
1654 5316 1811 5370 αὑτοῦ

1924 5314 2232 5369 Pharaonis
2271 5329 2301 5367 a
2353 5312 2465 5367 Deo
2495 5312 2842 5383 appellatus?
2872 5312 2977 5366 Per
3010 5327 3137 5365 eum
3181 5311 3330 5365 enim
3374 5325 3504 5379 per-

274 5396 366 5468 γὰρ
391 5400 650 5466 Αίγυπτον
666 5402 953 5469 ἐμάστιξε,
982 5404 1076 5457 καὶ
1102 5405 1169 5458 τὰ
1197 5406 1409 5473 μεγάλα
1431 5408 1523 5460 καὶ
1541 5407 1811 5477 θαυμάσια

1924 5409 2097 5463 cussit
2134 5407 2280 5462 Deus
2308 5406 2622 5477 lEgyptum,
2658 5414 2715 5460 et
2741 5421 2933 5476 magna
2979 5413 3145 5473 alque
3178 5400 3504 5456 admiranda

273 5488 297 5540 ὸ
323 5489 434 5553 Θεὸς
460 5489 528 5542 δι’
552 5490 718 5544 αὐτοῦ
762 5491 842 5562 τῷ
870 5492 1070 5564 Φαραὼ
1092 5494 1417 5563 ἐνεδείξατο,
1452 5497 1547 5550 καὶ
1577 5497 1731 5560 τέλος
1758 5498 1811 5551 ἐν

1924 5512 2025 5567 per
2076 5511 2204 5551 eum
2253 5494 2528 5551 Pharaoni
2584 5494 2849 5561 ostendit,
2887 5510 2951 5549 ac
2986 5494 3206 5549 tandem
3260 5494 3317 5546 in
3364 5492 3503 5546 mari

363 5643 402 5675 ⁸⁸
425 5644 555 5700 Gen.
598 5661 783 5711 XXXIX,
824 5647 850 5701 1
888 5663 1035 5766 seqi;
1089 5665 1197 5716 xu,
1228 5650 1320 5715 '59,
1352 5650 1442 5706 40.
1516 5650 1563 5684 ³⁸
1586 5651 1625 5707 I.
1654 5652 1785 5722 Reg.

277 5714 418 5766 lsea.
482 5715 528 5747 “
555 5715 597 5766 I.
632 5716 766 5766 Reiz.
790 5733 900 5766 ιιι-
943 5720 967 5766 1
1057 5735 1196 5766 sem:
1228 5737 1397 5766 ιιιςνιι-
1425 5724 1446 5766 1
1485 5738 1601 5766 son-
1706 5724 1751 5755 ⁸⁷
1788 5724 1811 5766 Ι’

1916 5692 1929 5713 ,
1967 5652 2052 5707 15.
2128 5650 2175 5683 ⁸⁸
2211 5650 2408 5718 LReg.
2438 5666 2475 5704 I.
2515 5666 2627 5711 xu,
2664 5650 2722 5703 Il
2760 5665 2903 5719 seq.;
2934 5663 3085 5709 mn,
3120 5649 3151 5701 7
3180 5661 3320 5716 seq.;
3351 5662 3500 5713 xxvr,

1915 5724 2024 5766 ng-
2080 5738 2136 5766 ιι-
2186 5721 2239 5766 Δ.-
2347 5721 2392 5752 ³⁵⁸
2447 5721 2616 5766 Enni-
2665 5737 2720 5766 ιι-
2766 5719 2849 5766 10-
2960 5720 3005 5751 ⁸³
3047 5718 3211 5766 Hebr.
3277 5733 3349 5766 x1.
3395 5717 3488 5766 ΕΜ.

277 5715 418 5783 lseq.
482 5715 528 5747 “
554 5715 597 5769 Ι.
632 5716 766 5787 Reg.
790 5733 900 5784 XXI,
943 5715 1001 5771 Π
1057 5715 1197 5789 θείῃ
1228 5724 1450 5788 xxvn,l
1485 5738 1601 5792 seq.
1706 5715 1763 5755 ’ἴ
1788 5724 1811 5778 Ι’

275 5784 348 5839 Ξ5.
409 5784 445 5816 ὀ
466 5784 641 5842 Exod.
672 5785 741 5844 ιιί,
768 5787 855 5843 15.
930 5788 975 5821 9'
1020 5788 1194 5844 Exod.
1227 5807 1332 5844 ιιι.
1382 5793 1490 5844 10;
1526 5809 1581 5844 v.
1619 5793 1728 5844 26:
1782 5810 1811 5844 ν

1915 5724 2025 5788 leg.
2080 5738 2138 5783 ιι,
2186 5721 2239 5774 4.
2347 5715 2392 5752 ⁸⁸
2446 5721 2617 5774 Exod.
2665 5737 2721 5783 ιι,
2766 5715 2899 5773 1οξ’
2960 5720 3005 5751 ⁸³
3045 5718 3211 5773 Hebr.
3259 5715 3349 5777 7x1,
3395 5717 3488 5775 ΕΗ,

1915 5794 1960 5844 l.
1992 5792 2159 5844 Exod.
2224 5807 2340 5844 Vill.
2378 5791 2393 5843 l
2428 5833 2440 5844 .
2465 5792 2534 5844 ἓξ
2594 5810 2665 5844 1x.
2700 5792 2717 5844 Ι
2747 5806 2761 5844 :
2789 5807 2841 5844 ν.
2870 5790 2982 5844 ‘25:
3028 5805 3077 5844 ι.
3126 5788 3176 5844 l.
3206 5789 3295 5844 21.
3326 5787 3488 5843 Exod.

279 5787 354 5909 :5”.l
409 5787 641 5912 ’2'3Exod.
672 5787 855 5852 “1,15.
930 5788 975 5821 ’³
1020 5787 1194 5845 Exod.
1227 5807 1332 5859 ιιι,
1382 5787 1581 5861 10;νζ
1619 5793 1728 5861 26;
1782 5810 1811 5847 v

362 5893 374 5920 ,
472 5895 488 5910 .

1915 5787 2159 5849 LiExod.
2224 5807 2341 5857 vm,
2378 5791 2534 5857 1,2;
2594 5810 2665 5856 nx,
2700 5792 2717 5844 Ι
2747 5806 2761 5857 ;
2789 5807 2841 5856 ν,
2870 5790 2982 5860 25;
3028 5805 3077 5854 ι,
3126 5788 3176 5856 l,
3206 5789 3295 5845 2t.
3326 5787 3501 5843 Exod.
