4016 6450
586 424 692 489 535

1836 423 1896 481 S.
1938 420 2256 481 MACARII
2300 416 2619 477 ZEGYPTII
3725 411 3811 472 5'36

582 531 867 603 Egyptios
892 533 1212 589 submersit.
1245 533 1389 590 Ecce
1420 532 1519 588 Dei
1554 531 1809 586 voluntas
1829 540 1886 585 et
1900 530 2151 601 proposi-

2271 526 2515 596 θαλάσσῃ
2543 523 2669 586 τοὺς
2704 519 3039 589 Αἰγυπτίους
3070 517 3482 574 κατεπόντισεν.
3510 517 3642 573 ’1δοῦ
3660 520 3715 572 τὸ
3738 522 3813 573 τοῦ

583 636 723 690 tum,
753 635 954 695 quanta
977 635 1101 696 post
1131 634 1441 696 temporum
1476 625 1651 696 spatia
1688 623 2040 678 manifestata
2066 664 2081 687 ,
2107 633 2164 678 et

582 724 816 783 quantas
857 723 983 784 post
1049 715 1405 785 probationes
1432 722 1489 768 et
1535 712 1866 767 amictiones
1888 712 2161 780 completa

580 816 686 862 est.

655 917 714 971 V.
741 916 891 970 Idem
926 924 982 970 et
1002 915 1070 969 de
1103 915 1379 969 Abraham
1402 916 1471 967 ".
1500 912 1719 980 Quanto
1758 922 2004 983 tempore
2034 920 2161 967 ante

579 1009 911 1077 promiserat
932 1010 1096 1068 Deus.
1124 1023 1183 1062 se
1204 1008 1252 1062 ei
1274 1007 1601 1077 largiturum
1628 1005 1825 1069 ﬁlium,
1854 1020 1956 1059 nec
1977 1014 2159 1058 tamen

577 1095 762 1148 statim
798 1096 982 1150 dedit:
1020 1096 1116 1149 sed
1148 1104 1281 1164 quot
1316 1095 1527 1149 interea
1566 1110 1838 1149 annorum
1874 1093 2158 1163 probatio-

577 1201 677 1239 nes
703 1194 759 1240 et
801 1188 1130 1241 tentationcs
1152 1186 1254 1255 ipsi
1288 1186 1698 1241 incubueruntl
1727 1186 1826 1240 Ille
1857 1201 1991 1240 vero
2034 1186 2156 1239 ani-

577 1292 669 1330 mo
699 1278 929 1346 patienti
968 1276 1151 1330 omnia
1181 1277 1490 1332 accidentia
1534 1277 1827 1342 suﬂ'erens,
1860 1277 2021 1347 plena
2052 1276 2159 1331 ﬁde

575 1368 818 1437 scipsum
880 1368 1216 1433 obﬁrmavit,
1258 1369 1537 1439 inquiens,
1582 1370 1721 1438 quod
1764 1372 1853 1439 qui
1896 1371 2157 1438 promisit,

573 1475 691 1511 cum
740 1460 808 1512 sit
838 1460 1097 1513 mendacii
1154 1476 1363 1528 expers,
1416 1459 1691 1529 complebit
1729 1460 1945 1514 verbum
1975 1477 2155 1515 suum.

573 1551 775 1619 Sicque
800 1552 977 1606 ﬁdelis
1000 1554 1281 1619 inventus,
1303 1554 1453 1623 quod
1488 1556 1824 1623 promissum
1849 1564 1992 1622 erat,
2023 1572 2159 1611 con-

572 1647 798 1693 secutus
824 1649 929 1693 est.

641 1750 731 1803 Vl.
763 1750 855 1805 Sic
884 1761 939 1806 et
978 1751 1093 1805 Noe
1124 1752 1571 1822 quingentesimo
1603 1768 1750 1807 anno
1775 1754 1964 1824 jussus
1989 1771 2019 1809 a
2044 1757 2156 1812 Deo

571 1854 754 1891 arcam
784 1849 1108 1893 construere
1144 1841 1211 1905 ”,
1253 1842 1347 1910 qui
1380 1841 1741 1897 inducturum
1777 1859 1837 1899 se
1868 1845 1968 1898 toti
1998 1852 2155 1902 terrae

570 1924 843 1978 diluvium
876 1926 1266 1993 nuntiaverat;
1295 1938 1351 1982 et
1378 1929 1781 1983 sexcentesimo
1811 1946 1958 1986 anno
1994 1932 2157 1987 indu-

569 2016 768 2083 cebat;
818 2028 1041 2071 centum
1098 2035 1275 2074 annos
1308 2021 1583 2089 patienter
1632 2033 1964 2092 exspectans
2015 2024 2152 2078 nihil

567 2111 797 2163 omnino
823 2111 1128 2175 dubitabat,
1155 2123 1340 2165 utrum
1360 2128 1481 2182 quae
1502 2113 1717 2168 dixerat
1741 2116 1886 2171 Deus
1906 2116 2155 2171 facturus

568 2204 746 2259 esset,
794 2212 1222 2263 necne;verum
1276 2199 1382 2255 ﬁde
1433 2202 1596 2257 nixus
1634 2203 1715 2257 sic
1758 2204 2152 2269 constituebat,

566 2287 707 2358 quod
734 2305 852 2358 qua:
874 2288 1013 2343 Deus
1050 2290 1253 2343 locutus
1277 2300 1430 2355 esset,
1462 2292 1657 2362 absque
1682 2295 1826 2347 omni
1847 2295 2004 2348 dubio
2036 2294 2154 2362 ﬁeri

566 2387 828 2448 aporteat.
843 2380 934 2435 Sic
950 2398 1082 2451 ergo
1102 2392 1362 2451 spectatae
1386 2392 1549 2453 atque
1569 2386 1794 2455 integras
1821 2387 2143 2450 voluntatis,

566 2470 716 2536 ﬁdei,
754 2472 1033 2540 patientiae
1066 2484 1123 2528 et
1150 2475 1396 2529 lenitatis
1444 2491 1653 2545 magna;
1693 2476 1801 2546 35
1833 2478 2149 2547 deprehen-

561 2578 679 2628 sus,
723 2564 874 2618 solus
908 2575 1164 2621 servatus
1200 2576 1287 2621 est
1318 2582 1443 2621 cum
1477 2566 1644 2623 domo
1676 2584 1797 2635 sua,
1828 2570 2151 2625 mandatum

563 2669 700 2725 pure
722 2655 1040 2711 observans.

626 2764 741 2819 VII.
779 2764 904 2820 llzec
946 2777 1268 2837 argumenta
1311 2784 1376 2822 ex
1406 2770 1711 2839 Scripturis
1762 2772 2051 2828 attulimus
2080 2773 2150 2828 ad

563 2853 1078 2920 demonstrandum,
1104 2859 1250 2927 quod
1274 2860 1451 2914 virtus
1472 2862 1663 2930 gratia:
1681 2861 1879 2918 divinae
1896 2863 2038 2920 inest
2053 2864 2153 2919 ho-

564 2945 731 3010 mini;
759 2956 814 3000 et
842 2946 1049 3001 donum
1086 2949 1326 3018 Spiritus
1353 2952 1551 3015 sancti,
1579 2953 1727 3021 quod
1761 2953 1940 3009 ﬁdelis
1968 2956 2151 3011 anima

564 3039 830 3107 consequi
863 3039 1025 3109 digna
1075 3051 1353 3107 censetur,
1383 3058 1575 3112 magna
1618 3060 1743 3098 cum
1774 3046 2146 3111 contentione,

566 3129 859 3183 tolerantia
882 3132 1071 3194 multa,
1099 3132 1383 3201 patientia,
1415 3135 1815 3189 tentationibus
1838 3151 1901 3191 ac
1945 3137 2149 3207 proba-

2269 617 2403 670 Θεοῦ
2438 616 2685 685 βούλημα
2716 617 2808 668 καὶ⁴
2832 615 2866 683 ἠ
2893 611 3153 685 πρόθεσις
3186 611 3325 682 μετὰ
3369 611 3570 674 πόσους
3612 612 3814 682 χρόνους

2269 707 2563 778 ἀπεδείχθη
2591 746 2608 772 ,
2638 707 2733 760 καὶ
2768 705 2907 777 μετὰ
2938 704 3109 768 πόσας
3150 702 3477 773 δοκιμασίας
3514 703 3609 757 καὶ
3635 702 3814 773 θλίψεις

2268 797 2531 864 ἐτελέσθη

2337 911 2415 965 Ε’.
2460 910 2691 981 Ὁμοίως
2732 908 2824 962 καὶ
2884 908 2976 961 ἐπὶ
3026 906 3122 961 τοῦ
3151 908 3426 978 Ἀδραὰμ.
3489 906 3602 978 Πρὸ
3648 908 3802 961 πόσων

2266 1003 2478 1073 χρόνων
2495 1000 2862 1070 ἐπηγγείλατο
2886 1002 2915 1054 6
2943 1000 3077 1063 Θεὸς
3112 998 3443 1071 χαρίσασθαι
3468 998 3583 1052 υἱὸν
3606 1042 3619 1065 ,
3644 1003 3729 1053 καὶ
3765 1002 3813 1052 οὐ

2268 1097 2399 1167 παρ’
2425 1096 2566 1151 αὐτὰ
2590 1094 2847 1157 δέδωκεν,
2884 1093 3021 1148 ἀλλὰ
3053 1093 3258 1162 μεταξὺ
3288 1092 3478 1154 πόσοις
3508 1091 3652 1143 ἔτεσι
3697 1091 3817 1143 δοκι-

2269 1189 2464 1257 μασίαι
2493 1188 2585 1241 καὶ
2617 1187 2920 1258 πειρασμοὶ
2962 1186 3099 1255 πρὸς
3145 1185 3306 1240 αὑτὸν
3334 1185 3639 1252 γεγόνασιν.
3673 1184 3814 1246 Αὐτὸς

2265 1278 2321 1331 δέ
2356 1277 2723 1349 μακροθύμως
2747 1278 2925 1331 πάντα
2941 1277 3013 1330 τὰ
3040 1276 3384 1346 ἐπερχόμενα
3408 1275 3719 1344 ὑπομείνας,
3739 1276 3815 1327 καὶ

2264 1369 2457 1421 ἐαυτὸν
2490 1371 2555 1438 τῇ
2589 1368 2770 1421 πίστει
2801 1368 3224 1438 πληροφορὴσας
3252 1406 3267 1430 ,
3307 1366 3397 1419 ὅτι
3428 1368 3462 1419 ό
3492 1364 3813 1433 ἐπαγγειλά-

2258 1476 2462 1529 μενος,
2492 1459 2768 1528 ἀψευδὴς
2795 1459 3131 1530 τυγχάνων,
3157 1457 3467 1523 πληρώσει
3495 1456 3601 1510 τὸν
3625 1456 3812 1510 ἑαυτοῦ

2262 1553 2465 1621 λόγον.
2525 1552 2639 1605 Καὶ
2682 1552 2857 1615 οὕτως
2908 1550 3098 1613 πιστὸς
3133 1548 3417 1619 εὑρεθεὶς,
3479 1548 3699 1619 ἐπέτυχε
3729 1548 3809 1617 τῆς

2262 1640 2622 1710 ἐπαγγελίας.

2336 1756 2428 1821 ς’.
2470 1751 2749 1815 Ὡσαύτως
2775 1752 2871 1805 καὶ
2924 1750 3050 1804 Νῶε
3106 1749 3557 1819 πεντακοσιοστῷ
3598 1749 3698 1802 ἔτει
3731 1764 3805 1801 κε-

2261 1845 2505 1909 λευσθεὶς
2529 1844 2635 1897 ὑπὸ
2663 1843 2756 1897 τοῦ
2788 1842 2924 1896 Θεοῦ
2959 1842 3060 1913 τὴν
3098 1842 3333 1895 κιϐωτὸν
3362 1840 3773 1903 κατασκευάζειν
3793 1879 3805 1902 ,

2259 1935 2728 2004 ἐπαγγειλαμένου
2761 1933 3148 2003 κατακλυσμὸν
3201 1934 3507 1999 ἐπαγαγεῖν
3554 1934 3616 2001 τῇ
3664 1932 3805 1983 οίκου·

2260 2026 2419 2098 μένῃ,
2443 2028 2538 2080 καὶ
2573 2022 2940 2093 ἑξακοσιοστῷ
2974 2022 3082 2075 ἔτει
3115 2022 3513 2089 ἐπαγαγόντος,
3534 2021 3714 2073 ἑκατὸν
3728 2019 3803 2087 ἐτη

2258 2116 2718 2189 ἐμακροθύμησεν
2750 2118 2808 2169 ἐν
2840 2114 3029 2184 μηδενὶ
3053 2114 3314 2176 διστάσας
3334 2154 3348 2176 ,
3384 2114 3498 2182 ἄρα
3526 2113 3664 2165 ποιεῖ
3685 2110 3801 2178 ᾇπερ

2254 2206 2409 2262 εἶπεν
2436 2211 2464 2261 6
2488 2208 2643 2270 Θεὸς,
2674 2206 2706 2276 ἢ
2741 2206 2816 2277 μὴ
2846 2207 3032 2257 ποιεῖ’
3064 2204 3178 2257 ἀλλ’
3211 2203 3360 2268 ἅπαξ
3389 2206 3456 2274 τῇ
3498 2202 3670 2255 πίστει
3694 2201 3803 2269 πληο

2258 2299 2603 2372 ροφορηθεὶς,
2636 2297 2718 2350 ὃτι
2749 2297 2893 2366 ἅπερ
2925 2294 3188 2364 ἐλάλησεν
3211 2298 3239 2348 6
3266 2295 3423 2360 Θεὸς,
3455 2292 3800 2363 ἀναμφιόόλως

2252 2388 2507 2457 γενέσθαι
2559 2388 2661 2441 δεῖ.
2725 2387 2835 2439 Καὶ
2869 2385 3014 2438 οῦτω
3039 2386 3264 2456 δόκιμος
3305 2388 3374 2457 τῇ
3412 2385 3717 2456 προαιρέσει
3755 2384 3799 2434 ἐν

2252 2480 2454 2542 πίστει,
2496 2477 2592 2530 καὶ
2629 2477 2902 2545 ὑπομονῇ,
2951 2476 3045 2529 καὶ
3078 2474 3438 2547 μακροθυμίᾳ
3475 2474 3638 2544 πολλῇ
3670 2472 3796 2542 εὑρε-

2252 2571 2390 2633 θεὶς,
2426 2568 2661 2640 διεσώθη
2692 2569 2852 2639 μόνος
2885 2568 3025 2639 μετὰ
3051 2566 3148 2621 τοῦ
3179 2568 3333 2621 οἴκου
3366 2566 3537 2621 αὐτοῦ
3565 2566 3658 2635 τὴν
3682 2566 3797 2617 ἐντο-

2249 2662 2348 2733 λὴν
2381 2661 2639 2733 καθαρῶς
2670 2660 2933 2729 φυλάξας.

2322 2776 2395 2830 Ζ’.
2410 2774 2627 2837 Ταύτας
2648 2774 2705 2827 δέ
2730 2774 2828 2836 τὰς
2848 2775 3101 2844 ἀφορμὰς
3131 2775 3195 2827 ἐκ
3215 2772 3323 2826 τῶν
3352 2771 3587 2842 Γραφῶν
3602 2770 3794 2841 ἠνέγκα-

2256 2887 2380 2940 μεν,
2412 2867 2552 2939 πρὸς
2572 2866 2634 2920 τὸ
2670 2865 2973 2929 ἀποδεῖξαι,
3005 2866 3087 2918 ὅτι
3119 2867 3153 2935 ἡ
3179 2864 3272 2919 τοῦ
3313 2864 3451 2919 Θεοῦ
3475 2864 3572 2934 τῆς
3615 2863 3793 2933 χάριτος

2252 2966 2311 3018 ἐν
2359 2962 2633 3035 ἀνθρώπῳ
2688 2960 2985 3030 γιγνομένη
3031 2960 3303 3030 ἐνέργεια,
3353 2961 3451 3013 καὶ
3483 2960 3545 3012 τὸ
3584 2958 3791 3028 χάρισμα

2251 3056 2345 3109 τοῦ
2373 3054 2514 3109 Πνεύ
2524 3070 2692 3123 ματος
2717 3051 2815 3106 τοῦ
2836 3053 3016 3121 ἁγίου,
3038 3052 3176 3122 ὅπερ
3209 3053 3242 3123 ή
3268 3051 3437 3123 πιστὴ
3459 3051 3598 3122 ψυχὴ
3617 3046 3791 3118 λαμϐά-

2254 3163 2365 3200 νειν
2390 3144 2763 3210 καταξιοῦται,
2800 3144 2939 3213 μετὰ
2981 3141 3177 3196 πολλοῦ
3221 3142 3458 3211 ἀγῶνος,
3489 3143 3580 3197 καὶ
3617 3142 3787 3209 ὑπομο-

566 3219 813 3275 tionibus
844 3233 1218 3291 comparatur,
1263 3223 1435 3278 libera
1463 3226 1585 3295 ejus
1632 3227 1917 3282 voluntate
1968 3229 2150 3283 omni-

2260 3241 2359 3310 νῆς
2394 3237 2624 3307 πολλῆς,
2653 3237 2748 3291 καὶ
2780 3235 3186 3308 μακροθυμίας,
3232 3235 3329 3290 καὶ
3360 3233 3688 3307 πειρασμῶν,
3717 3228 3789 3282 καὶ

566 3307 673 3363 bus
694 3308 1086 3365 afﬂictionibus
1111 3312 1363 3380 probata.
1385 3313 1452 3366 Et
1484 3312 1551 3377 si,
1587 3314 1808 3382 quando
1832 3329 1897 3369 ea
1926 3314 1981 3368 in
1999 3315 2149 3369 nulla

567 3416 629 3455 re
660 3399 926 3469 Spiritum
962 3402 1271 3466 contristet,
1302 3403 1397 3457 sed
1426 3405 1613 3474 gratiae
1641 3405 1695 3458 in
1721 3404 1980 3459 omnibus
2008 3421 2148 3474 prae-

566 3492 746 3559 ceptis
808 3502 1095 3557 consonet,
1148 3500 1281 3547 tunc
1327 3494 1711 3550 liberationem
1764 3495 1834 3551 ab
1892 3495 2152 3551 omnibus

568 3582 958 3638 aﬂ'ectionibus
988 3586 1253 3654 consequi
1277 3585 1440 3656 digna
1474 3594 1787 3657 reputatur,
1819 3587 2151 3658 plenamque

567 3672 922 3740 adoptionem
951 3672 1213 3743 Spiritus,
1249 3674 1317 3729 de
1348 3692 1455 3743 qua
1500 3676 1556 3730 in
1608 3678 1872 3748 mysterio
1921 3677 2149 3743 dicitur,

567 3764 791 3833 accipit,
830 3774 885 3819 et
920 3766 1236 3834 spirituales
1272 3767 1494 3822 divitias
1536 3784 1603 3823 ac
1654 3769 2003 3840 sapientiam,
2029 3785 2151 3840 quae

567 3865 677 3903 non
694 3860 779 3904 est
805 3851 969 3921 hujus
987 3852 1201 3919 mundi,
1221 3854 1315 3909 sed
1357 3856 1646 3925 cujus,qui
1677 3873 1811 3911 vere
1846 3856 2149 3912 Christiani

566 3949 718 4003 sunt,
752 3943 1050 4011 participes
1072 3954 1220 3998 sunt.
1273 3944 1545 4011 Quocirca
1590 3948 1647 4001 hi
1690 3948 1759 4003 ab
1809 3949 2148 4013 hominibus,

566 4031 663 4099 qui
687 4033 852 4103 hujus
905 4035 1095 4089 mundi
1151 4036 1408 4105 spiritum
1456 4038 1680 4103 habent,
1724 4056 1788 4094 ac
1834 4041 2148 4110 prudentia,

568 4122 879 4189 intellectu,
925 4137 982 4182 et
1030 4128 1303 4197 sapientia
1354 4129 1569 4199 ιιι-ωᾱὶιὶ
1629 4139 1778 4197 sunt,
1822 4146 1921 4201 per
1964 4132 2150 4188 omnia

567 4210 853 4267 dill'erunt.

641 4428 777 4483 Vlll.
822 4428 1131 4499 Siquidem,
1170 4431 1264 4502 qui
1311 4432 1629 4504 hujusmodi
1660 4446 1767 4501 est,
1826 4453 2005 4491 omnes
2059 4441 2152 4493 ho-

568 4520 739 4575 mines
775 4521 1113 4590 dijudicat",
1170 4532 1230 4578 ut
1282 4526 1549 4594 scriptum
1606 4534 1740 4581 est:
1790 4528 1943 4581 novit
2003 4530 2149 4585 unde

2255 3330 2589 3401 δοκιμασιῶν
2618 3329 2889 3397 γίγνεται,
2944 3328 3042 3398 τῆς
3086 3326 3435 3390 αὐτεξουσίου
3469 3323 3789 3397 προαιρέσεως

2256 3422 2344 3475 διὰ
2375 3422 2566 3475 πασῶν
2594 3420 2828 3491 θλίψεων
2852 3419 3309 3491 δοκιμαζομένης.
3339 3420 3453 3472 Καὶ
3487 3418 3616 3472 ἐπὰν
3642 3417 3691 3467 ἐν
3709 3429 3789 3480 μη·

2256 3512 2367 3565 δενὶ
2390 3513 2447 3565 τὸ
2483 3510 2707 3581 Πνεῦμα
2751 3511 2994 3583 λυπήσῃ,
3040 3510 3177 3563 ἀλλὰ
3215 3513 3279 3581 τῇ
3313 3510 3500 3580 χάριτι
3528 3508 3609 3561 διὰ
3636 3501 3787 3557 πασῶν

2258 3603 2489 3656 ἐντολῶν
2517 3603 2749 3670 γένηται
2780 3602 3093 3671 σύμφωνος,
3132 3601 3257 3654 τότε
3285 3601 3385 3670 τῆς
3417 3602 3482 3653 ἐκ
3510 3598 3609 3652 τῶν
3636 3591 3785 3647 παθῶν

2258 3693 2575 3763 ἐλευθερίας
2594 3693 2779 3761 τυχεῖν
2802 3691 3177 3757 καταξιοῦται,
3205 3692 3300 3744 καὶ
3328 3690 3430 3759 τῆς
3449 3686 3696 3745 υἱοθεσίας
3715 3678 3783 3732 τοῦ

2258 3784 2576 3855 Πνεύματος
2604 3783 2888 3853 πλήρωσιν
2922 3782 3212 3853 λαμσάνει,
3255 3781 3351 3835 καὶ
3400 3784 3501 3853 τῆς
3540 3781 3593 3832 ἐν
3617 3790 3783 3848 μυστη-

2261 3877 2361 3948 ρίῳ
2386 3876 2748 3948 λαλουμένης,
2779 3876 2878 3929 καὶ
2920 3873 3015 3927 τοῦ
3050 3873 3429 3943 πνευματικοῦ
3461 3872 3688 3930 πλούτου,
3714 3864 3782 3948 καὶ

2257 3946 2359 4032 ﬁt:
2398 3962 2668 4027 συνέσεως
2684 3946 2792 4032 ντῆς
2824 3961 2897 4032 μὴ
2946 3960 3113 4033 υῦσης
3151 3962 3246 4015 τοῦ
3291 3962 3496 4032 κόσμου
3524 3961 3708 4014 τούτου.
3732 3946 3783 4021 ἦς

2257 4055 2308 4106 οἱ
2331 4054 2501 4118 ὅντως
2523 4053 2677 4118 ὄντες
2710 4053 3029 4124 Χριστιανοὶ
3074 4054 3293 4123 μέτοχοι
3321 4053 3577 4120 γίνονται.
3612 4047 3689 4101 Διὸ
3712 4043 3779 4096 καὶ

2259 4143 2482 4197 πάντων
2546 4143 2851 4214 ἀνθρώπων
2901 4143 3011 4197 τῶν
3053 4144 3289 4213 ἐχόντων
3342 4145 3405 4198 τὸ
3467 4142 3557 4198 τοῦ
3617 4139 3779 4205 κόσμου

2257 4231 2497 4301 πνεῦμα,
2521 4232 2823 4302 φρονίμων,
2856 4231 3117 4299 συνετῶν,
3145 4232 3349 4303 σοφῶν,
3382 4226 3528 4287 οὗτοι
3548 4231 3621 4293 είς
3643 4227 3778 4280 πάντα

2257 4322 2630 4394 διαφέρουσιν.

2330 4438 2410 4490 H'.
2428 4438 2487 4491 Ὀ
2504 4437 2745 4501 τοιοῦτος
2760 4437 2867 4507 γὰρ
2881 4437 3115 4503 πάντας
3136 4438 3489 4507 ἀνθρώπους
3506 4430 3774 4502 ἀνακρίνει,

2258 4529 2401 4582 κατὰ
2424 4529 2485 4582 τὸ
2506 4531 2892 4600 γεγραμμένον
2910 4545 2924 4560 ⁶
2961 4529 3223 4596 γινώσκει
3243 4531 3475 4585 ἕκαστον
3503 4528 3649 4581 πόθεν
3665 4517 3779 4573 λαλεῖ

566 4610 802 4680 quisque
834 4610 1113 4680 loquatur,
1136 4615 1301 4668 ctubi
1328 4616 1612 4682 consistat,
1639 4618 1773 4673 etin
1797 4619 2001 4689 quibus
2025 4639 2148 4690 gra-

2257 4622 2348 4674 za‘t
2371 4620 2473 4675 ποῦ
2503 4621 2723 4694 ἕστηκε,
2752 4623 2846 4676 καὶ
2870 4624 2927 4675 ἐν
2963 4623 3136 4685 ποίοις
3158 4624 3378 4694 μέτροις
3403 4623 3563 4676 ἐστίν·
3584 4609 3773 4672 αὑτὸνδὲ

566 4702 732 4758 dibus
765 4704 1137 4758 constituatur
1166 4723 1178 4758 :
1212 4706 1390 4774 ipsum
1426 4723 1560 4762 vero
1612 4708 1798 4763 nullus
1859 4710 2144 4765 hominum

567 4794 888 4850 habentium
931 4796 1184 4865 spiritum
1226 4798 1439 4864 mundi,
1472 4814 1803 4869 cognoscere
1851 4812 1908 4856 et
1937 4802 2143 4875 dijudi-

563 4900 693 4940 carc
722 4895 919 4955 potest,
952 4887 1057 4941 nisi
1090 4888 1240 4942 solus
1265 4888 1330 4953 is,
1354 4890 1449 4959 qui
1478 4890 1713 4945 similem
1745 4893 2028 4948 caelestem
2062 4894 2147 4949 di-

566 4977 811 5031 vinitatis
845 4978 1108 5047 Spiritum
1143 4980 1329 5044 habet,
1363 4984 1645 5052 cognoscit
1678 4985 1912 5040 similem
1937 5028 1950 5049 ,
1977 4995 2037 5039 ut
2060 4986 2147 5041 in-

564 5068 688 5135 quit
715 5068 1009 5137 Apostolus
1040 5087 1054 5123 :
1088 5070 1466 5142 Spiritualibus
1493 5085 1861 5144 comparantes
1892 5078 2149 5146 spiritua-

569 5156 665 5209 lia.
687 5157 950 5211 Animalia
987 5170 1163 5213 autem
1202 5164 1354 5215 homo
1381 5181 1485 5215 non
1534 5165 1720 5234 accipit
1755 5181 1838 5229 ea,
1869 5181 1987 5234 qua:
2022 5177 2144 5220 sunt

2250 4714 2425 4777 οὐδεὶς
2454 4714 2551 4767 ἀνθ
2562 4714 2761 4785 ρώπων
2783 4716 2891 4775 τῶν
2916 4716 3152 4786 ἐχόντων
3172 4716 3233 4769 τὸ
3251 4716 3469 4787 πνεῦμα
3487 4712 3573 4769 τοῦ
3591 4710 3771 4775 κόσμου.

2256 4804 2550 4874 γινώσκειν
2585 4808 2679 4859 καὶ
2711 4808 3026 4879 ἀνακρίνειν
3051 4807 3294 4873 δύναται,
3322 4809 3371 4861 εί
3415 4807 3489 4879 μὴ
3521 4805 3658 4876 μόνον
3680 4798 3702 4850 6
3727 4793 3770 4845 τὸ

2259 4898 2447 4966 ὅμοιον
2485 4897 2622 4967 ἔχων
2658 4900 2982 4969 ἐπουράνιον
3011 4902 3110 4971 τῆς
3140 4899 3392 4970 θεότητος
3416 4897 3626 4965 Πνεῦμα
3644 4884 3768 4958 de"

2254 5007 2376 5041 σκει
2407 4989 2499 5042 τὸν
2528 4990 2735 5059 ὅμοιον,
2795 4990 2870 5054 ὡς
2902 4991 3066 5059 φησιν
3094 4992 3122 5043 6
3166 4990 3517 5053 Ἀπόστολοςο
3551 4990 3765 5045 Πνευμα’

2254 5081 2441 5144 τικοῑς
2497 5078 2871 5147 πνευματικὰ
2933 5081 3405 5148 συγκρίνοντεςο
3450 5072 3681 5149 ψυχικὸς
3717 5062 3765 5116 δέ

2248 5170 2560 5239 ἄνθρωπος
2582 5172 2653 5223 οὺ
2677 5169 2909 5238 δέχεται
2928 5171 2999 5224 τὰ
3022 5170 3128 5225 τοῦ
3153 5172 3497 5240 [Ii-stipatae
3518 5165 3610 5222 τοῦ
3631 5156 3760 5215 Θεοῦ·

565 5245 799 5315 Spiritus
842 5249 958 5313 Dei,
999 5251 1255 5321 siquidem
1285 5253 1509 5307 stultitia
1543 5256 1623 5308 illi
1667 5268 1810 5321 sunt,
1856 5275 1949 5310 nec
1980 5268 2146 5327 potest

2257 5262 2433 5328 μωρία
2446 5262 2554 5329 γὰρ
2573 5260 2733 5325 αὐτῷ
2744 5262 2935 5315 ἐστιν.
2952 5261 3015 5315 '0
3029 5262 3097 5315 δὲ
3110 5262 3504 5332 πνευματικὸς
3514 5249 3761 5319 ἀνακρίνει

565 5353 897 5407 cognoscere.
942 5340 1011 5394 At
1059 5344 1351 5411 spiritualis
1385 5347 1641 5415 dijudicat
1668 5350 1875 5417 quidem
1910 5352 2089 5404 omnia
2127 5367 2144 5405 :

566 5429 679 5498 ipse
707 5446 827 5483 vero
853 5448 883 5482 a
908 5434 1115 5485 nemine
1146 5436 1553 5503 dijudicatur".
1597 5441 1875 5511 Ejusmodi
1912 5443 2005 5513 qui
2037 5452 2144 5508 est,

565 5532 759 5574 omnes
791 5522 981 5576 mundi
1011 5538 1097 5578 res
1117 5527 1407 5593 pretiosas,
1431 5530 1674 5596 divitias,
1706 5533 1915 5599 luxum,
1944 5550 2008 5589 ac
2030 5550 2148 5588 om-

636 5737 681 5828 ζ’
709 5736 853 5828 (λὶΠῖ
881 5743 1065 5828 xlv,“
1114 5759 1247 5828 xvii,
1462 5764 1613 5828 _xvnl_,
1802 5767 1890 5818 xx,
1936 5754 1972 5809 2
2030 5771 2144 5825 seq.
2180 5772 2309 5824 xx“,
2357 5758 2405 5819 1,
2435 5773 2552 5828 seq.

572 5817 689 5872 scq.
765 5805 811 5837 οδ
837 5808 876 5860 l.
899 5811 1026 5867 Cor.
1054 5805 1115 5879 ιι,
1149 5805 1242 5866 is;
1300 5805 1734 5885 "ibid.,lt,15.

2243 5355 2362 5423 μὲν
2386 5356 2601 5418 πάντα,
2650 5356 2833 5421 αὐτὸς
2868 5355 2937 5407 δὲ
2985 5357 3087 5410 ὐπ’
3131 5357 3382 5425 οὐδενὸς
3421 5350 3756 5418 ἀνακρίνεται

2260 5448 2319 5499 Ὀ
2357 5446 2597 5510 τοιοῦτος
2626 5449 2804 5499 πάντα
2836 5447 2904 5500 τὰ
2923 5448 3015 5501 τοῦ
3050 5448 3256 5521 κόσμου
3280 5449 3570 5519 πράγματα
3594 5430 3755 5535 ἐνδοξξῑν

2250 5538 2500 5603 πλοῦτον,
2533 5539 2626 5591 καὶ
2663 5538 2894 5609 τρυφὴν,
2950 5540 3045 5591 καὶ
3084 5542 3267 5596 πᾶσαν
3304 5526 3755 5597 ἁπόλαυσιν,αύτῆν

2661 5758 2705 5789 ⁸³
2736 5755 2875 5813 Gen.
2912 5775 2984 5823 νι,
3035 5758 3100 5823 7;
3140 5775 3236 5826 vn,
3284 5759 3344 5827 ι,
3400 5774 3507 5823 vtu,
3544 5755 3596 5816 l;
3632 5760 3686 5809 ην
3710 5739 3745 5792 ί·
