4016 6458
598 274 715 351 539³
1881 288 1941 347 8.
1983 286 2183 348 MACA

2279 288 2306 349 ι
2346 290 2672 355 nomn
3773 313 3859 377 διο

600 401 687 459 tit.
719 397 852 452 dum
879 406 940 452 se
966 393 1147 466 ipsum
1178 392 1452 448 violenter
1481 406 1703 463 semper
1733 401 1899 463 atque
1942 403 2186 466 prompte

2273 400 2394 460 ,ἀεὶ
2436 401 2529 475 βίᾳ
2580 404 2676 457 καὶ
2736 403 3021 476 προθυμίᾳ
3062 405 3495 479 αίχμαλωτίζειν
3542 412 3747 479 ἑαυτὸν,
3785 427 3859 476 καὶ

598 490 883 561 captivum
927 462 1083 543 ducit
1131 486 1216 551 ad
1252 485 1573 549 Dominum,
1606 462 1664 539 et
1694 485 1773 538 illi
1806 462 1909 540 soli
1944 462 2184 541 adhaerel

2298 462 2448 563 αὐτῷ
2651 462 3356 567 πῳσκαλλᾶσθαι,ωκαθῶς

601 592 663 637 ιιι
690 582 904 637 dictum
939 589 1023 635 est
1061 579 1386 650 :Captivam
1447 578 1692 630 ducentes
1739 594 1948 630 omnem
1991 580 2187 648 cogita-

2296 583 2649 649 ,λωτίζοντες
2703 585 2831 640 πᾶν
2894 588 3093 657 νόημα
3142 591 3232 656 εἰς
3280 592 3394 660 τὴν
3447 597 3729 667 ὑπακοὴν
3770 578 3859 659 τοῦ

598 683 795 726 tionem
842 680 890 724 et
920 670 1268 725 obediendum
1309 669 1555 723 Christo'
1592 688 1605 722 :
1636 678 1695 722 ut
1741 684 1840 736 per
1874 668 2184 738 hujusmodi

2297 676 2591 743 Χριστοῦο
2622 676 2770 741 ὅπως
2805 677 2894 730 διὰ
2921 678 3017 732 τοῦ
3063 681 3307 736 τοιούτου
3354 685 3594 752 ἀγῶνος,
3657 693 3744 745 καὶ
3794 698 3862 749 πό-

596 775 901 827 certamen,
932 762 1273 817 desiderium
1300 770 1359 815 et
1396 759 1806 830 indagationem
1833 774 1992 813 mens
2028 759 2182 829 digna

2298 767 2416 831 θου,
2447 766 2544 822 καὶ
2628 768 2913 840 ζητήσεως
2997 774 3026 826 ὁ
3098 774 3225 839 νοῦς
3278 780 3599 852 καταξιωθῇ
3642 785 3860 853 γενέσθαι

597 854 884 918 reddatur,
915 868 1037 922 quae
1066 852 1140 907 sit
1172 867 1299 906 cum
1332 852 1566 906 Domino
1613 851 1670 904 in
1709 866 1881 906 unum
1924 850 2183 921 Spiritum

2302 859 2449 930 μετά
2508 859 2603 913 τοῦ
2663 838 2875 931 Κυρίου
2943 866 3023 928 είς
3090 864 3150 918 ἓν
3219 838 3453 939 πνεῦμα.

599 944 730 999 doni
759 956 815 999 et
840 944 1029 1014 gratiae
1052 943 1284 1007 Christi,
1320 942 1678 1011 requiescens
1723 942 1780 996 in
1804 958 1935 998 vase
1973 943 2185 1008 animae,

2294 960 2390 1006 aut
2445 954 2670 1024 χάριτος
2735 955 2833 1009 τοῦ
2881 957 3145 1028 Χριστοῦ,
3188 923 3658 1035 ἀναπαυσάμενος
3708 923 3858 1035 ivra};

598 1036 666 1091 ad
695 1052 861 1091 omne
893 1036 1103 1089 bonum
1131 1050 1253 1089 eam
1281 1033 1627 1099 adornantis,
1661 1048 1766 1089 nec
1808 1035 1920 1088 ulla
1950 1033 2184 1090 allicien-

2294 1046 2503 1115 ἀγγείῳ
2544 1046 2642 1116 τῆς
2696 1046 2900 1117 ψυχῆς,
2938 1051 3017 1113 είς
3059 1053 3169 1105 πᾶν
3229 1053 3390 1122 ἔργον
3445 1028 3658 1124 ἀγαθὸν
3688 1028 3856 1129 προευἰ

598 1129 671 1184 tis
698 1128 1033 1183 contumelia
1081 1126 1349 1197 Spiritum
1399 1127 1644 1192 Domini,
1692 1142 1805 1182 sum
1847 1127 2063 1182 libidini
2094 1128 2184 1182 ob-

2292 1138 2702 1209 τρεπισαμὲνης
2737 1141 2933 1211 αὐτῆς,
2974 1144 3069 1197 καὶ
3101 1146 3202 1199 οὐκ
3240 1106 3644 1221 ένῦσριζούσης
3690 1106 3753 1205 τό
3782 1154 3854 1207 τοῦ

599 1220 983 1289 temperando,
1038 1228 1204 1288 atque
1258 1219 1425 1289 hujus
1486 1219 1671 1273 saaculi
1734 1219 2185 1289 occupationibus

2292 1229 2503 1295 Κυρίου
2539 1230 2767 1301 Πνεῦμα
2823 1233 2881 1285 ἐν
2912 1237 3025 1298 τοῖς
3066 1236 3218 1301 ίδίοις
3272 1219 3607 1311 θελήμασι,
3636 1244 3726 1296 καὶ
3763 1246 3854 1307 τοῖς

598 1322 696 1368 aut
768 1314 1113 1377 honoribus,
1169 1322 1266 1367 aut
1326 1312 1732 1384 dignitatibus,
1793 1322 1891 1367 aut
1947 1314 2184 1383 propriis

2292 1319 2387 1372 τοῦ
2427 1319 2625 1381 αἰῶνος
2657 1322 2849 1376 τούτου
2885 1326 3249 1398 ῥεμὸασμοῖς,
3293 1331 3327 1403 ἥ
3377 1331 3651 1403 δόξαις,ή
3688 1335 3852 1405 ἀρχαῖς

598 1405 975 1475 opinionibus,
1008 1414 1105 1459 aut
1131 1405 1451 1459 carnalibus
1496 1403 1903 1474 voluptatibus,
1952 1413 2050 1457 aut
2084 1405 2184 1459 im-

2290 1410 2323 1480 ῆ
2358 1412 2868 1483 ίδιογνωμοσῦναις,
2911 1416 2945 1487 ἦ
2998 1418 3213 1488 ἡδοναῖς
3251 1424 3573 1492 σαρκικαῖς,
3626 1403 3850 1479 καὶήττὼν

592 1497 895 1565 proborum
959 1498 1253 1551 hominum
1318 1496 1595 1553 sodalitiis
1662 1503 1722 1551 et.
1768 1496 2017 1567 collegiis
2084 1496 2178 1551 ad-

2290 1501 2547 1572 πονηρῶν
2571 1504 2884 1576 ἀνθρώπων
2918 1508 3297 1581 συνδυασμοῖς,
3330 1513 3427 1566 καὶ
3459 1515 3775 1578 κοινωνίαις.

592 1587 873 1643 hazrendo.
2020 1630 2026 1637 .

663 1674 780 1732 Xll.
810 1680 1063 1734 Amabile
1092 1678 1242 1733 enim
1274 1686 1360 1733 est
1392 1676 1679 1747 quidpiam
1712 1676 1920 1741 anima,
1949 1692 2072 1746 qna:
2100 1684 2183 1731 to-
2211 1750 2249 1763 _

2361 1678 2463 1736 IB'.
2524 1680 2837 1753 Ἀγαπητδν
2862 1682 2973 1753 γάρ
3016 1684 3112 1739 ἐὰν
3155 1685 3252 1756 ὅλη
3304 1688 3363 1755 ἐξ
3416 1689 3549 1743 ὅλου
3580 1690 3767 1763 ἑαυτὴν
3788 1694 3846 1763 τῷ

595 1780 648 1827 ta
672 1772 902 1826 omnino
947 1772 1185 1841 seipsam
1217 1769 1455 1825 Domino
1484 1784 1839 1832 consecrans,
1858 1768 2048 1837 illique
2081 1768 2181 1823 soli

2256 1762 2260 1803 ι
2291 1771 2483 1841 Κυρίῳ
2519 1750 2804 1839 ἀναθεῖσα,
2844 1750 2952 1829 καὶ*
2976 1776 3129 1847 αὐτῷ
3182 1750 3361 1849 μόνῳ-
3388 1750 3842 1853 προσκολλωμένη..

594 1864 907 1928 adhaerens,
966 1863 1022 1917 in
1069 1864 1193 1934 ejus
1249 1861 1525 1915 mandatis
1588 1860 1708 1915 sine
1752 1859 1863 1915 ulla
1907 1861 2180 1916 oblivione

2291 1866 2388 1916 καὶ
2419 1866 2543 1929 ταῖς
2570 1865 2815 1929 ἐντολαῖς
2836 1866 3005 1921 αὑτοῦ
3030 1868 3411 1941 ἀνεπιληστως
3444 1872 3840 1943 ἐνδιατρίϐουσα,

591 1955 901 2021 ambulans,
934 1965 1100 2026 atque
1128 1956 1399 2027 Spiritum
1422 1957 1652 2020 lChristi
1686 1958 2095 2022 advenientem,
2130 1967 2177 2013 el

2289 1956 2480 2009 καὶτὸ
2531 1957 2896 2027 ὲπιφοιτῆσαν
2951 1959 3047 2013 καὶ
3117 1963 3450 2016 ἐπισκιάσαν
3498 1962 3594 2018 τοῦ
3640 1964 3838 2034 Χριστοῦ

590 2048 1017 2103 obumbrantem
1043 2058 1369 2104 reverenter
1400 2050 1682 2104 honorans
1717 2050 1882 2119 digna
1925 2050 2176 2115 habetur,

2291 2046 2517 2115 Πνεῦμα
2543 2047 2714 2113 ἀξίως
2760 2053 3063 2123 τιμήσασα,
3097 2053 3407 2126 καταξιωθῇ
3453 2056 3575 2127 μετ’
3606 2055 3756 2108 αὑτοῦ
3782 2056 3840 2118 εἰς

592 2150 655 2195 ιιι
701 2157 828 2194 cum
878 2141 998 2211 ipso
1042 2158 1190 2196 unus
1240 2142 1493 2212 spiritus,
1548 2150 1606 2197 et
1666 2158 1777 2196 una
1836 2158 2017 2197 massa
2068 2142 2178 2197 ﬁat.

2288 2140 2347 2193 ἓν
2380 2141 2598 2211 πνεῦμα
2633 2143 2729 2195 καὶ
2763 2143 2895 2213 μίαν
2940 2146 3140 2214 κρᾶσιν
3177 2146 3459 2215 γενέσθαι,
3502 2148 3680 2211 καθώς
3709 2163 3838 2218 φησιν

592 2234 749 2289 Sicut
779 2234 1274 2304 inquitApostolus
1308 2251 1321 2287 :
1351 2232 1453 2299 Qui
1484 2235 1717 2289 adharret
1763 2234 2009 2299 Domino,
2045 2251 2178 2288 unus

2287 2235 2315 2285 ὁ
2349 2232 2693 2295 Ἀπόστολος’
2712 2235 2765 2287 '0
2783 2234 3169 2305 κολλώμενος
3207 2237 3287 2301 τῷ
3308 2240 3534 2307 Κυρίῳ,
3553 2239 3623 2293 ἐν
3640 2240 3838 2308 πνεῦμά

592 2324 812 2392 spiritus
846 2325 986 2375 est’.
1038 2321 1093 2376 Si
1146 2337 1280 2375 vero
1318 2323 1444 2391 quis
1494 2323 1735 2392 seipsum
1798 2324 1979 2377 tradat
2013 2324 2178 2391 curis,

2288 2325 2483 2379 ἐστιν.
2526 2327 2656 2380 Ἐὰν
2688 2326 2746 2380 δέ
2772 2344 2856 2391 τις
2889 2329 3031 2400 ἐκδῷ
3059 2330 3249 2384 ἑαυτὸν
3276 2334 3357 2395 εἰς
3388 2333 3681 2404 μέριμναν,
3719 2333 3834 2403 ἢδό-

503 2412 512 2423 ’
591 2426 688 2471 aut
715 2417 924 2487 glorire,
962 2425 1058 2469 aut
1092 2416 1480 2485 dignitatibus,
1525 2426 1621 2470 aut
1668 2416 1942 2471 honorum
1985 2417 2089 2472 hun

2293 2410 2409 2477 ξαν,
2445 2412 2478 2482 ἢ
2516 2413 2717 2483 ἀρχὴν,
2752 2414 2785 2484 ἦ
2820 2417 2999 2485 τιμῶν
3037 2418 3401 2487 ἀνθρωπίνων
3435 2422 3832 2492 ἐπιμελήσηταε.

591 2525 790 2564 norum
829 2525 1019 2564 curam
1052 2509 1273 2574 habeat,
1306 2518 1363 2563 et
1397 2509 1513 2563 lucc
1544 2509 1789 2565 studiose
1827 2519 2075 2580 quaerat:
2106 2511 2177 2565 si-

2288 2504 2384 2558 καὶ
2410 2504 2585 2559 ταῦτα
2619 2508 2881 2579 ὲπιζητῇ,
2909 2510 3002 2563 καὶ
3033 2511 3090 2563 ἐν
3128 2513 3338 2583 γηῖνοις
3366 2514 3651 2585 λογισμοῖς
3672 2513 3830 2585 ἡψυχή

590 2617 698 2671 que
730 2602 913 2655 anima
943 2602 1064 2671 ejus
1107 2600 1348 2655 terrenis
1372 2600 1804 2671 cogitationibus
1828 2602 2176 2657 commiscea-

2287 2597 2636 2669 ἀναφύρηται
2686 2602 2784 2654 καὶ
2838 2603 3161 2674 συγκέηται,
3199 2604 3233 2676 ἢ
3268 2605 3327 2659 ἐν
3374 2625 3485 2661 τινι
3542 2607 3634 2661 τοῦ
3678 2605 3832 2667 αἰῶνος

589 2704 681 2748 tur
700 2703 795 2748 aut
817 2693 1212 2756 confundatur,
1243 2700 1339 2746 aut
1371 2693 1449 2746 rei
1476 2684 1651 2747 alicui
1674 2693 1839 2763 hujus
1873 2694 2061 2749 saeculi
2085 2693 2175 2749 de-

2293 2689 2487 2741 τούτου
2512 2689 2731 2759 δέδηται
2762 2692 2858 2745 καὶ
2882 2695 3244 2765 κεκράτηται,
3275 2698 3371 2751 καὶ
3404 2698 3548 2770 ποθῇ
3580 2699 3613 2768 ή
3647 2696 3828 2763 τοιαύτη

587 2784 704 2838 dita
736 2785 809 2839 sit
835 2800 899 2839 ac
947 2785 1215 2839 obstricta
1261 2793 1539 2851 teneatur,
1570 2784 1961 2855 desideretque
1993 2785 2173 2855 hujus-

2287 2780 2437 2853 ψυχὴ
2467 2782 2804 2853 διαπερᾶσαι
2848 2785 2945 2838 καὶ
2986 2790 3198 2856 φυγεῖν,
3234 2790 3329 2843 καὶ
3359 2790 3616 2857 ἐξελάσαι
3644 2789 3699 2842 τὸ
3730 2786 3828 2839 σκό-

525 2892 541 2902 ο
588 2875 738 2929 modi
768 2875 952 2929 anima
981 2874 1281 2939 transilire,
1314 2874 1559 2944 ellugere
1589 2884 1755 2943 atque
1793 2875 2071 2946 expellere
2101 2883 2111 2928 I

2285 2889 2381 2936 τος
2414 2873 2525 2927 τῶν
2552 2874 2766 2940 παθῶν,
2811 2876 2893 2938 είς
2916 2875 2945 2928 ὃ
2976 2880 3272 2949 κατέχεται
3324 2881 3434 2934 ὑπὸ
3458 2880 3567 2935 τῶν
3616 2876 3826 2946 πονηρῶν

586 2968 793 3021 nebras
816 2965 1199 3029 aﬂ‘ectionum,
1232 2966 1288 3020 in
1319 2967 1524 3035 quibus
1561 2967 1847 3021 detinetur
1876 2984 1905 3020 ιι
1946 2967 2172 3021 malitio-

2286 2964 2595 3029 δυνάμεων,
2651 2966 2713 3019 οῦ
2759 2966 3011 3037 δύναται,
3065 2971 3151 3024 διὰ
3190 2972 3253 3025 τὸ
3291 2973 3540 3045 ἀγαπᾷν,
3574 2972 3663 3026 καὶ
3688 2969 3825 3021 ποιεῖν

588 3058 666 3113 sis
693 3057 1096 3128 potestatibus,
1131 3073 1241 3111 non
1270 3066 1490 3126 potest;
1516 3074 1584 3113 eo
1610 3058 1757 3128 quod
1790 3058 1984 3130 diligat
2013 3074 2078 3113 ac
2097 3059 2174 3113 fa-

2236 3112 2248 3131 .
2286 3056 2347 3109 τὸ
2370 3057 2585 3128 θέλημα
2621 3060 2716 3114 τοῦ
2768 3063 3014 3126 σκότους,
3066 3062 3163 3115 καὶ
3211 3064 3438 3130 τελείως
3466 3064 3543 3135 μὴ
3576 3062 3737 3136 μισεῖν
3773 3058 3822 3109 τὰ

587 3149 699 3203 ciat
728 3149 1070 3202 voluntatem
1106 3148 1487 3214 tenebrarum,
1519 3164 1623 3205 nec
1641 3150 1865 3219 capitali
1896 3150 2025 3205 odio
2049 3167 2173 3222 per-

1519 3164 1623 3205 nec
1641 3150 1865 3219 capitali
1896 3150 2025 3205 odio
2049 3167 2175 3222 per-
2205 3148 2249 3171 “
2284 3148 2702 3219 ἐπιτηδεὺματα
2739 3155 2839 3223 τῆς
2872 3155 3094 3218 κακίας.

588 3250 857 3311 sequatur
882 3240 1065 3294 studia
1101 3240 1346 3295 malitiae.

658 3331 803 3385 Xlll.
866 3332 1247 3401 Praeparemus
1315 3331 1484 3401 igitur
1540 3346 1644 3385 nos
1694 3331 1865 3402 ipsos,
1917 3343 1979 3389 ut
2026 3334 2177 3389 omni

2355 3324 2452 3381 ll".
2514 3325 2931 3398 Ἐτοιμάσωμεν
2973 3325 3067 3384 οῦν
3120 3332 3348 3397 ἑαυτοὺς
3385 3334 3485 3406 ὅλῃ
3535 3328 3819 3405 προαιρέσεις

587 3423 1031 3493 promptitudine
1066 3439 1130 3478 ac
1180 3432 1292 3478 tota
1344 3424 1630 3479 voluntate
1660 3425 1729 3479 ad
1762 3426 2053 3481 Dominum
2086 3442 2173 3481 ac-

2282 3417 2378 3468 καὶ¹
2413 3416 2520 3487 ὅλῳ
2570 3418 2840 3489 θελήματι
2900 3422 3039 3492 πρὸς
3094 3424 3303 3495 Κύριον
3351 3424 3691 3497 πορεύεσθαι,
3750 3418 3818 3471 καὶ

587 3516 869 3580 cedamus,
900 3525 958 3570 et
990 3514 1196 3571 Christi
1241 3516 1595 3572 aﬂ‘ectatores
1653 3517 1873 3581 ﬁamus,
1911 3518 1980 3573 ad
2014 3518 2173 3588 periit

2283 3509 2523 3579 Χριστοῦ
2586 3510 2873 3563 ἀκόλουθοι
2922 3511 3192 3578 γίνεσθαι,
3228 3515 3310 3577 είς
3340 3515 3404 3567 τὸ
3462 3516 3529 3569 τὰ
3588 3513 3817 3581 θελήματα

586 3607 840 3661 ciendam
867 3608 1214 3662 voluntatem
1258 3609 1419 3678 ejus;
1447 3618 1505 3662 et
1530 3608 1893 3664 recordemur
1927 3611 2172 3665 onmium

2280 3601 2447 3654 αὐτοῦ
2478 3602 2768 3668 ἐπιτελεῖν,
2803 3606 2901 3657 καὶ
2925 3605 3241 3675 μεμνῆσθαι
3287 3609 3484 3662 πασῶν
3510 3608 3613 3660 τῶν
3634 3602 3815 3657 ἐντολῶν

586 3699 974 3754 mandatorum
1003 3698 1148 3768 ejus,
1195 3699 1389 3754 eadem
1429 3707 1491 3753 ut
1522 3699 1831 3765 faciamus;
1863 3708 2030 3770 atque
2074 3715 2172 3755 nos

2281 3694 2447 3748 αὑτοῦ
2486 3694 2582 3748 τοῦ
2629 3695 2858 3765 ποιῆσαι
2916 3698 3107 3761 αὐτὰς.
3161 3700 3256 3752 καὶ
3295 3700 3455 3765 ὅλους
3505 3698 3709 3759 ἐαυτοῦς
3734 3692 3813 3746 ἀπὸ

584 3792 734 3860 ipsos
761 3791 984 3861 penitus
1006 3808 1036 3845 a
1067 3790 1369 3847 dilectione
1402 3792 1595 3845 mundi
1621 3800 1941 3861 separantes
1971 3791 2027 3845 in
2047 3807 2170 3846 eum

2280 3788 2381 3857 τῆς
2410 3788 2636 3858 ἀγάπης
2690 3789 2786 3842 τοῦ
2849 3790 3058 3861 κόσμου
3110 3793 3472 3863 χωρίσαντες,
3526 3791 3664 3862 αὐτῷ
3703 3787 3812 3858 μόνῳ

583 3884 765 3938 solum
796 3884 1010 3938 animas
1038 3894 1257 3938 nostras
1280 3892 1584 3948 vertamus,
1607 3895 1665 3938 et
1690 3884 1958 3949 studium,
1984 3898 2169 3938 curam

2279 3878 2379 3942 τὰς
2408 3880 2617 3933 ἑαυτῶν
2650 3880 2830 3951 ψυχὰς
2871 3882 3298 3954 ἀναρτήσωμεν,
3345 3888 3443 3939 καὶ
3473 3886 3570 3957 τὴν
3607 3877 3808 3950 ἀσχολίαν

582 3990 647 4029 ac
686 3975 1167 4045 investigationem
1202 3977 1323 4046 ejus
1347 3976 1521 4031 solius
1549 3976 1603 4030 in
1632 3985 1815 4031 mente
1849 3976 2168 4032 habeamus.

2279 3971 2375 4025 xui.
2418 3973 2693 4044 μέριμναν
2718 3975 2813 4027 καὶ
2847 3973 3081 4045 ζήτησιν
3119 3976 3288 4031 αὐτοῦ
3333 3979 3502 4047 μόνου
3534 3980 3588 4031 ἐν
3610 3975 3676 4045 νῷ
3707 3972 3810 4039 ἔχω-

582 4067 653 4122 Ει
676 4068 808 4123 lieet
834 4077 1060 4138 propter
1102 4082 1308 4138 corpus
1339 4068 1719 4123 observationi
1763 4069 2168 4133 mandatorum,

2281 4081 2401 4134 μεν.
2434 4065 2497 4117 Εἰ
2535 4065 2592 4117 δὲ
2623 4066 2718 4118 καὶ
2747 4066 2836 4119 διὰ
2862 4066 2954 4119 τοῦ
2984 4067 3261 4138 σώματος,
3302 4073 3384 4135 εις
3430 4070 3670 4141 ἀσχολίαν
3698 4068 3807 4116 ἐντο-

581 4170 640 4215 et
668 4160 938 4230 obsequio
984 4160 1175 4213 divino
1213 4159 1400 4215 minus
1430 4160 1730 4229 diligenter
1769 4161 2167 4229 vacaverimus,

2277 4154 2405 4213 λῶν,
2452 4157 2548 4209 καὶ
2590 4156 2678 4211 διὰ
2715 4156 2848 4211 Θεὸν
2889 4159 3159 4230 ὑπακοὴν,
3200 4160 3382 4231 ὀλίγον
3434 4155 3802 4232 ἀσχοληθῶμενο

584 4268 742 4307 mens
776 4261 957 4306 tamen
988 4268 1018 4305 a
1057 4251 1357 4306 dilectione
1407 4252 1651 4315 Domini,
1696 4263 1754 4309 et
1799 4252 2170 4322 indagatione,

2275 4250 2304 4301 ὁ
2334 4247 2459 4312 νοῦς
2483 4251 2582 4319 τῆς
2607 4250 2745 4321 πρὸς
2790 4250 2998 4323 Κύριον
3055 4253 3278 4323 ἀγάπης
3310 4254 3404 4306 καὶ
3445 4253 3700 4324 ζητήσεως
3735 4239 3802 4294 καὶ

583 4360 649 4398 ac
690 4344 971 4398 desiderio
1013 4344 1135 4413 ejus
1184 4358 1295 4396 non
1345 4351 1628 4397 avertatur
1672 4360 1686 4396 :
1737 4351 1793 4397 at
1852 4342 2169 4413 hujusmodi

2277 4339 2443 4393 πόθου
2477 4340 2551 4412 μὴ
2597 4342 2916 4413 χωριζέσθω
2942 4361 2955 4373 ·
2990 4344 3142 4408 ὅπως
3196 4346 3427 4417 τοιούτῳ
3479 4345 3557 4399 νοῖ
3594 4333 3803 4409 ἀγωνιξό·

583 4443 770 4489 mente
807 4434 1182 4500 decertantes,
1215 4448 1280 4488 ac
1332 4442 1489 4488 recto
1541 4449 1706 4488 senso
1753 4434 1897 4488 viam
1942 4433 2169 4505 justitiaa

2215 4452 2249 4507 ι)
2283 4451 2455 4501 μενοι,
2481 4435 2576 4489 καὶ
2597 4434 2746 4507 ὀρθῷ
2774 4437 3087 4507 φρονήματι
3111 4438 3211 4508 τὴν
3234 4438 3352 4492 όδδν
3381 4440 3480 4509 τῆς
3516 4428 3801 4492 δικαιοσύνης

583 4527 921 4592 incedentes,
954 4542 1282 4597 semperque
1316 4527 1478 4581 nobis
1501 4526 1602 4595 ipsi
1634 4525 2007 4591 attendentes,
2034 4542 2169 4579 eon-

2276 4524 2627 4593 διοδεύοντες,
2697 4527 2792 4581 καὶ
2875 4528 3108 4581 πάντοτε
3182 4530 3400 4593 ἑαυτοῖς
3484 4525 3798 4600 προσέχοντεςι

580 4636 881 4691 sequamur
926 4620 1350 4690 promissionem
1401 4619 1641 4689 Spiritus
1689 4620 1828 4690 ejus,
1867 4628 1925 4674 et
1963 4619 2166 4673 libere-

2276 4616 2628 4688 ἐπιτύχωμεν
2657 4622 2757 4688 τῆς
2788 4619 3125 4688 ἐπαγγελίας
3172 4619 3267 4672 τοῦ
3310 4620 3619 4691 Πνεόματος
3654 4605 3796 4667 αὐτοῦ.

579 4730 706 4769 mur
766 4728 865 4783 per
901 4712 1131 4782 gratiam
1171 4713 1239 4766 ab
1285 4712 1512 4766 interitu
1557 4710 1978 4765 tenebrosarum
2038 4709 2165 4763 affe-

2275 4710 2371 4763 καὶ
2412 4708 2785 4782 λυτρωθῶμεν
2813 4710 2903 4764 διὰ
2933 4711 3034 4781 τῆς
3068 4711 3294 4782 χάριτος
3339 4714 3405 4765 ἐκ
3427 4714 3524 4783 τῆς
3572 4698 3796 4762 ἀπωλείας

579 4807 852 4869 ctionum,
889 4821 918 4858 a
941 4803 1144 4874 quibus
1175 4802 1358 4857 anima
1393 4802 1655 4872 allligitur
1683 4820 1697 4867 ;
1726 4801 1833 4872 37
1875 4817 1985 4872 quo
2012 4801 2165 4871 digni

2272 4801 2369 4855 τοῦ
2401 4803 2626 4867 σκότους
2654 4803 2764 4857 τῶν
2793 4803 3005 4865 παθῶν,
3052 4805 3141 4873 ὑφ’
3176 4797 3252 4861 ὧν
3287 4807 3319 4875 ή
3348 4804 3494 4877 ψυχὴ
3530 4796 3791 4867 ἐνεργεῖται.

578 4908 788 4954 mterno
820 4912 991 4968 regno
1036 4896 1361 4959 evadamus,
1398 4904 1457 4949 et
1498 4894 1605 4947 frui
1646 4893 1870 4948 Christo
1914 4909 2012 4962 per
2043 4908 2164 4946 om-

2275 4896 2361 4948 ἴνα
2384 4895 2486 4964 τῆς
2510 4895 2730 4949 αἰωνίου
2763 4895 3044 4966 βασιλείας
3068 4894 3209 4961 ἄξιοι
3240 4897 3544 4967 γενώμεθα,
3583 4890 3662 4944 καὶ
3698 4896 3790 4934 συν-

578 4990 671 5043 nia
700 4989 899 5043 sarcula
941 4986 1093 5055 digni
1140 4986 1465 5048 habeantur,
1504 4983 1881 5054 gloriﬁcantes
1925 4983 2164 5045 Patrem,

2264 4985 2580 5040 απολαῦσαι
2659 4988 2887 5059 Χριστῷ
2935 4987 3093 5052 ὅλους
3142 4988 3347 5052 αἰῶνας
3406 4976 3785 5052 καταξιωοῶμεν.

577 5089 634 5133 et
659 5080 878 5145 Filium,
902 5090 958 5134 et
987 5078 1256 5149 Spiritum
1290 5084 1543 5131 sanctum
1573 5090 1673 5145 per
1723 5073 1912 5127 omnia
1942 5073 2163 5128 saecula.

2259 5074 2582 5140 δοξάζοντες
2618 5078 2840 5150 Πατέρα
2892 5079 2988 5133 καὶ
3018 5079 3149 5133 Υίδν
3180 5080 3274 5136 καὶ
3305 5079 3461 5147 ἆγιον
3490 5073 3702 5142 Πνεῦμα,
3731 5060 3786 5119 είς

576 5176 775 5227 Amen.

2258 5171 2385 5234 τοὺς
2409 5169 2635 5236 αἰῶνας.
2681 5171 2877 5245 Ἀμήν.

1170 5262 1459 5318 llOMlLlA
1486 5260 1553 5314 Χ.

2883 5267 3131 5321 ΟΜΙΛΙΑ
3170 5268 3228 5321 1'.

574 5356 891 5413 Humilitate
912 5363 987 5427 icti
1006 5354 1289 5410 alacritate
1332 5358 1628 5409 retinentur
1658 5362 1706 5407 et
1731 5362 1998 5427 augentur
2021 5353 2160 5407 dona

2276 5357 2810 5427 Ταπεινοφροσύνῃ
2866 5357 2964 5411 καὶ
3015 5358 3318 5427 προθυμίᾳ
3362 5329 3780 5427 διασώξεῖαῆθίίίὲ

638 5429 832 5499 gratia
885 5426 1125 5480 dieitur:
1166 5427 1396 5481 elatione
1448 5434 1629 5479 autem
1681 5434 1729 5477 ct
1773 5417 1990 5495 ignavia
2042 5440 2165 5493 per—

2337 5417 2593 5499 qtﬁfsriti
2627 5428 2699 5481 τὰ
2747 5417 2908 5499 δῶρα
2951 5417 3073 5495 τῆς·⁷
3103 5417 3562 5498 θει¹ἆς’χὰριτος·
3587 5417 3779 5478 ἐπάρσεί

641 5496 862 5552 duntur.

2336 5496 2406 5548 δὲ
2433 5496 2531 5549 καὶ
2562 5497 2823 5566 ῥᾳθυμίᾳ
2842 5499 3206 5553 ἀπόλλυται.

642 5587 683 5642 1.
699 5588 911 5643 Anima:
928 5585 1180 5641 veritatis
1193 5602 1255 5641 ac
1280 5585 1376 5641 Dei
1392 5594 1799 5657 amantes,qu:e
1821 5586 1980 5658 plene
1998 5584 2159 5641 Chri-

2336 5588 2411 5640 A'.
2444 5587 2511 5639 Δί
2552 5588 2868 5661 φιλαλήοεις
2895 5592 2989 5645 καὶ
3022 5591 3260 5661 φιλόθεοι
3310 5591 3501 5664 ψυχαὶ,
3536 5586 3585 5642 al
3610 5568 3774 5634 τιλιίωϐ

647 5728 661 5757 ¹
689 5727 733 5783 ll
762 5728 891 5783 Cor.
934 5746 985 5787 ιι.
1014 5729 1064 5783 5.
1144 5731 1163 5760 ²
1196 5730 1213 5783 l
1241 5730 1371 5787 Cor.
1402 5746 1475 5799 vr,
1508 5731 1594 5785 l7.
