4016 6438
223 276 323 341 Ml

1482 273 1846 335 IIOMILIIE.
1871 298 1940 307 —
1967 273 2149 335 HOM.
2193 277 2265 337 Χ.

3389 282 3494 345 542

222 389 315 443 τὸν
351 388 603 459 Χριστὸν
637 388 957 444 ἐνδύσασθαι
1000 389 1059 443 ἐν
1089 387 1258 459 πολλῇ
1286 386 1463 440 ἐλπίδι
1500 386 1597 441 καὶ
1634 386 1802 439 πίστει

1927 395 2071 442 stum
2100 388 2330 445 induere
2384 390 2439 445 in
2496 392 2668 446 multa
2723 407 2820 460 spe
2883 399 2939 446 et
3000 389 3104 445 ﬁde
3158 390 3492 448 desiderant.

216 474 613 540 ἐπιποθοῦσαι,
692 477 795 546 τῆς
867 478 998 548 παρ’
1083 477 1288 547 ἐτέρων
1343 464 1708 546 ὑπομνήσεως
1745 472 1807 525 ού

216 562 482 616 τοσοῦτον
513 562 826 634 χρῄζουσιν,
866 562 990 617 οὔτε
1030 564 1127 617 τοῦ
1170 562 1426 633 οὐρανίου
1474 560 1667 627 πόθου,
1712 559 1809 612 καὶ

212 654 310 707 τοῦ
355 655 498 724 πρὸς
523 653 730 723 Κύριον
773 656 998 725 ἔρωτος,
1050 655 1157 709 κᾶν
1194 656 1288 707 ἐπὶ
1342 652 1507 707 πόσον
1554 652 1808 706 ἐλαττοῦ-

213 742 343 796 σθαι
378 742 753 812 ὑπομένωσιν,
793 742 911 795 ἀλλ’
948 743 1068 797 ὅλαι
1092 742 1152 807 ἐξ
1199 742 1322 796 ὃλου
1353 740 1431 812 τῷ
1462 739 1680 811 σταυρῷ
1713 736 1806 791 τοῦ

210 832 455 903 Χριστοῦ
490 833 938 904 προσηλωμέναι,
961 834 1098 904 πρὸς
1133 833 1224 887 τὸν
1258 830 1630 902 πνευματικὸν
1665 846 1805 898 νυμ-

212 926 358 993 φίον,
410 923 686 995 ὁσημέραι
722 924 1103 994 πνευματικῆς
1159 924 1443 993 προκοπῆς
1488 924 1547 975 ἐν
1583 921 1805 982 ἑαυταῖς

211 1020 471 1090 αἴσθησιν
498 1019 945 1089 ἐπιγινώσκουσι.
971 1016 1328 1090 Τετρωμέναι
1364 1015 1422 1068 δὲ
1459 1012 1540 1083 τῷ
1568 1010 1805 1083 οὐρανίῳ

210 1112 367 1182 πόθῳ
401 1112 497 1165 καὶ
527 1113 878 1166 ἐκπεινοῦσαι
901 1110 1029 1181 περὶ
1056 1112 1156 1180 τὴν
1168 1106 1518 1176 δικαιοσύνην
1533 1104 1640 1158 τῶν
1678 1105 1806 1173 ἀρε-

210 1202 345 1268 τῶν,
368 1201 471 1272 τὴν
494 1201 765 1272 ἔκλαμψιν
786 1202 878 1256 τοῦ
901 1200 1212 1271 πνεύματος
1249 1200 1306 1251 ἐν
1329 1195 1598 1266 ἐπιθυμίᾳ
1630 1193 1801 1263 πολλῇ

210 1295 307 1347 καὶ
327 1295 618 1365 άκορέστῳ
649 1294 885 1363 ἔχουσιν.
915 1293 1049 1346 Εἰδὲ
1066 1293 1160 1345 καὶ
1180 1290 1340 1343 θείων
1372 1287 1688 1359 μυστηρίων
1713 1284 1802 1338 διὰ

209 1387 313 1456 τῆς
356 1386 599 1448 πίστεως
653 1384 835 1438 αὐτῶν
898 1384 1197 1452 ἐπίγνωσιν
1251 1382 1440 1435 λαϐεῖν
1494 1380 1797 1444 ἀξιοῦνται,

211 1478 328 1531 εἴτε
378 1478 481 1530 καὶ
543 1477 884 1547 εὐφροσύνης
943 1474 1271 1548 ἐπουρανίου
1305 1475 1527 1544 χάριτος
1582 1472 1802 1541 μέτοχοι

209 1571 524 1639 γίγνονται,
573 1570 636 1622 οὐ
671 1568 998 1623 πεποίθασιν
1051 1570 1110 1621 ἐν
1138 1568 1358 1629 ἑαυταῖς
1388 1565 1635 1636 οἰόμεναι
1660 1562 1801 1617 εῐναί

208 1678 288 1726 τι,
325 1658 448 1714 ἀλλ’
490 1661 616 1712 ὅσον
646 1657 1035 1729 πνευματικῶν
1080 1642 1436 1731 χαρισμάτων
1470 1653 1798 1720 καταξιοῦν-

209 1769 326 1817 ται,
362 1748 626 1803 τοσοῦτον
660 1750 862 1821 μᾶλλον
894 1747 1208 1820 άκορέστως
1249 1745 1471 1817 ἔχουσαι
1499 1742 1595 1797 τοῦ
1632 1746 1797 1814 οὐρα·
1829 1734 1874 1791 Β

212 1844 329 1897 νίου
356 1843 551 1910 πόθου,
579 1844 833 1914 ἐμπόνως
852 1841 1190 1913 ἐπιζητοῦσι·
1210 1841 1304 1894 καὶ
1326 1841 1450 1894 ὅσον
1463 1839 1528 1894 ἂν
1551 1854 1790 1909 πνευμαο

212 1938 376 2006 τικῆς
406 1935 695 2006 προκοπῆς
723 1936 780 1989 ἐν
813 1934 1033 1997 ἑαυταῖς
1079 1933 1334 2004 αἴσθησιν
1350 1930 1579 1995 λάϐωσι,
1607 1928 1799 1983 τοσοῦ-

213 2042 305 2078 τον
343 2025 554 2095 μᾶλλον
584 2024 641 2076 ἐν
674 2023 836 2094 πείνῃ
858 2022 955 2077 καὶ
989 2022 1117 2093 δίψῃ
1143 2023 1223 2085 είς
1250 2020 1349 2091 τὴν
1383 2018 1684 2091 μετάληψιν
1708 2018 1802 2071 καὶ

214 2117 454 2187 αὔξησιν
490 2116 591 2187 τῆς
618 2116 841 2187 χάριτος
877 2115 1183 2184 ὑπάρχουσι
1211 2129 1228 2144 ο
1272 2113 1368 2165 καὶ
1399 2113 1510 2183 ὅσῳ
1550 2128 1800 2181 πνευμα-

211 2208 388 2272 τικῶς
449 2207 771 2270 πλουτοῦσι,
823 2205 1063 2276 τοσούτῳ
1107 2204 1330 2275 μᾶλλον,
1381 2203 1458 2266 ὼς
1505 2200 1801 2273 πενόμεναί

211 2305 321 2355 εἱσι
359 2302 495 2371 παρ’
516 2301 757 2364 ἑαυταῖς,
789 2298 1104 2370 ἀκορέστως
1135 2297 1356 2368 ἔχουσαι
1396 2295 1475 2367 τῷ
1499 2312 1803 2366 πνευματι-

210 2393 295 2464 κῷ
324 2394 486 2462 πόθῳ
545 2391 683 2461 πρὸς
720 2390 811 2443 τὸν
862 2389 1114 2460 οὐράνιον
1137 2388 1390 2456 Νυμφίον
1411 2403 1424 2416 '
1465 2387 1541 2449 ὦς
1570 2403 1736 2455 φησιν
1766 2386 1799 2455 η

209 2485 408 2555 Γραφή
434 2500 447 2513 ·
484 2486 549 2537 Οἱ
582 2481 909 2551 τρώγοντές
947 2497 1023 2549 με
1050 2481 1136 2532 ἔτι
1162 2477 1549 2544 πεινάσουσι,
1600 2476 1701 2530 καί
1748 2478 1803 2531 οι

208 2575 500 2641 πίνοντές
521 2591 597 2644 με
624 2576 714 2628 ἐτι
734 2572 1126 2640 διψήσουσιν.

278 2668 358 2721 B’.
396 2667 468 2719 At
494 2665 744 2719 τοιαῦται
769 2665 964 2735 ψυχαὶ,
996 2666 1053 2716 αἱ
1086 2661 1349 2734 ἑμπύρως
1370 2663 1462 2715 καὶ
1488 2659 1802 2731 ἀκορέστως

205 2758 310 2831 τὴν
336 2759 569 2827 ἀγάπην
597 2758 736 2827 πρὸς
766 2757 971 2828 Κύριον
992 2756 1235 2827 ἔχουσαι,
1261 2755 1411 2821 ἄξιαι
1447 2755 1547 2824 τῆς
1580 2754 1801 2807 αἰωνίου

208 2851 359 2920 ζωῆς
392 2851 727 2919 τυγχάνουσι
753 2863 767 2877 ·
819 2848 900 2901 διὸ
944 2849 1040 2902 καὶ
1074 2848 1184 2901 τῶν
1225 2846 1415 2900 παθῶν
1459 2847 1558 2917 τῆς
1595 2845 1801 2899 ἀπολυ-

206 2942 472 3013 τρώσεως
492 2938 904 3007 καταξιοῦνται,
938 2938 1149 2993 καὶτοῦ
1171 2938 1328 3007 ἁγίου
1359 2937 1673 3007 Πνεύματος
1698 2933 1795 2988 τοῦ

205 3033 458 3105 ἀρρήτου
516 3032 613 3085 καὶ⁹
668 3033 943 3101 μυστικῆς
1003 3030 1319 3094 κοινωνίας,
1358 3030 1417 3082 ἐν
1469 3027 1797 3099 πληρώματι

205 3127 460 3195 χάριτος,
479 3123 753 3194 ἔκλαμψιν
776 3123 873 3176 καὶ
899 3120 1192 3193 μετουσίαν
1213 3120 1437 3183 τελείως
1460 3119 1798 3190 κομίζονται.

208 3218 382 3270 Ὅσαι
418 3216 475 3269 δὲ
514 3216 773 3286 ἄνανδροι
815 3220 913 3269 καὶ
949 3213 1139 3284 χαῦνοι
1171 3212 1362 3283 ψυχαὶ,
1419 3212 1494 3283 μὴ
1543 3210 1800 3281 ξητοῦσαι

208 3305 572 3373 άπεντεῦθεν,
605 3306 680 3368 ὡς
703 3305 784 3358 ἔτι
815 3307 873 3358 ἐν
918 3305 1082 3374 σαρκὶ
1113 3305 1462 3372 τυγχάνουσι,
1517 3302 1609 3355 τδν
1640 3303 1802 3369 ἁγια-

210 3397 351 3467 σμὸν
387 3397 486 3466 τῆς
514 3396 746 3467 καρδίας
791 3396 890 3448 οὐκ
919 3396 985 3448 ἐκ
1016 3396 1240 3465 μέρους,
1268 3392 1407 3446 ἀλλὰ
1444 3392 1688 3455 τελείως,
1732 3391 1799 3443 δι’

210 3489 500 3559 ὑπονομῆς
526 3489 622 3542 καὶ⁹
650 3487 1035 3559 μακροθυμίας
1056 3486 1335 3553 δέξασθαι,
1362 3487 1457 3539 καὶ
1474 3485 1798 3555 κοινωνῆσαι

209 3581 295 3655 τῷ
322 3580 664 3651 παρακλήτῳ
697 3579 976 3649 Πνεύματι
1024 3580 1085 3631 ἐν
1115 3579 1414 3649 τελειότητι
1457 3578 1594 3647 μετὰ
1620 3577 1800 3645 πάσης

212 3673 528 3744 αἰσθήσεως
579 3672 674 3725 καὶ
708 3671 1084 3743 πληροφορίας
1125 3671 1199 3741 μὴ
1229 3669 1543 3734 ὲλπίσασαι,
1573 3667 1799 3721 καὶτῶν

212 3764 409 3817 παθῶν
433 3766 532 3832 τῆς
575 3760 776 3826 κακίας
813 3761 1157 3833 λυτρωθῆναι
1199 3761 1288 3815 διὰ
1330 3759 1425 3812 τοῦ
1482 3759 1800 3827 Πνεύματος

218 3856 297 3927 μὴ
332 3852 782 3923 ἐκδεξάμεναι,ἢ
825 3853 989 3908 πάλιν
1041 3852 1267 3924 χάριτος
1320 3850 1471 3914 θείας
1523 3850 1797 3914 καταξιω-

216 3949 400 4002 θεῖσαι
436 3948 515 4010 εἰς
544 3946 881 4019 ἀμεριμνίαν
903 3946 1025 4001 τινὰ
1059 3949 1154 4001 καὶ
1187 3946 1393 4011 ἄνεσιν,
1436 3944 1541 3997 ὑπὸ
1573 3945 1672 4015 τῆς
1699 3960 1797 3997 κα-

215 4040 348 4102 κίας
381 4037 767 4107 κλεπτόμεναι,
797 4038 998 4101 ἑαυτὰς
1030 4038 1321 4103 ἐξέδωκαν.

290 4129 368 4183 Γ.
409 4128 496 4191 Ὠς
542 4128 623 4181 ὅτι
670 4126 935 4180 λαόοῦσαι
965 4126 1066 4198 τὴν
1104 4128 1266 4197 χάριν
1310 4122 1406 4179 τοῦ
1453 4121 1797 4193 Πνεύματος,

218 4222 317 4275 καὶ
345 4220 565 4291 ἔχουσαι
609 4218 960 4290 παράκλησιν
988 4217 1089 4286 τῆς
1116 4218 1343 4288 χάριτος
1371 4218 1428 4269 ἐν
1466 4216 1795 4281 ἀναπαύσει,

220 4311 320 4365 καὶ
353 4310 526 4380 πόθῳ,
557 4312 651 4363 καὶ
669 4308 968 4379 γλυκύτητι
997 4310 1367 4378 πνευματικῇ,
1391 4308 1485 4360 καὶ
1510 4307 1602 4360 ἐπὶ
1626 4306 1799 4376 τούτῳ

1921 481 2157 536 aliorum
2203 482 2585 538 admonitione
2630 500 2739 538 non
2774 492 3060 552 tantopere
3091 483 3358 552 indigent,
3390 498 3497 537 nec

1907 573 2075 627 etiam
2100 572 2379 628 desiderio
2428 572 2661 637 caelesti,
2695 577 2807 640 ﬁnee
2857 573 3072 627 Domini
3114 588 3300 627 amore
3325 590 3339 636 ;
3367 572 3497 627 licet

1906 662 2255 730 aliquatenus
2279 678 2407 716 eum
2431 662 2685 717 imminui
2716 662 2992 732 patienter
3012 662 3218 727 ferant;
3252 662 3346 715 sed
3368 671 3496 716 tota:

1906 753 2130 821 penitus
2162 756 2313 808 cruci
2361 753 2567 810 Christi
2620 754 2812 818 atlixae,
2864 754 3113 823 quotidie
3145 753 3493 823 spiritualem

1905 844 2214 913 profectum
2265 861 2393 916 erga
2451 861 2717 915 sponsum
2770 846 3117 915 spiritualem
3174 846 3230 898 in
3285 844 3492 914 seipsis

1906 936 2240 1005 percipiunt.
2274 937 2588 991 Vulnerata:
2616 945 2804 990 autem
2837 952 2966 991 eum
3015 936 3125 991 sint
3153 936 3363 990 cmlesti
3394 936 3487 989 de-~

1905 1029 2131 1094 siderio,
2161 1038 2217 1082 et
2239 1028 2509 1099 justitiam
2550 1027 2819 1081 virtutum
2860 1027 3133 1091 esuriant,
3171 1025 3493 1079 illustratio-

1909 1137 2033 1176 nem
2082 1121 2314 1191 spiritus
2344 1136 2559 1175 summo
2626 1135 2690 1175 ac
2740 1118 3038 1173 insatiabili
3087 1117 3363 1172 desiderio
3391 1133 3489 1171 ex-

1904 1220 2175 1284 spectant.
2201 1213 2267 1267 Et
2296 1214 2428 1266 licet
2449 1211 2763 1266 divinorum
2787 1210 3171 1281 mysteriorum
3201 1225 3297 1279 per
3325 1209 3489 1263 fidem

1904 1320 2060 1359 suam
2113 1305 2483 1374 cognitionem
2513 1302 2777 1373 consequi
2809 1301 2992 1370 dignae
3032 1300 3362 1364 habeantur,
3393 1308 3493 1353 aut

1905 1395 2108 1450 laetitiae
2151 1394 2341 1465 gratia:
2390 1392 2631 1449 caelestis
2662 1392 2958 1462 participes
2986 1391 3153 1455 ﬁant;
3182 1407 3293 1444 non
3318 1389 3490 1444 eonﬁ-

1904 1488 2044 1542 dunt
2071 1497 2250 1542 tamen
2282 1487 2387 1541 sibi
2414 1487 2564 1556 ipsae,
2597 1486 2977 1541 existimantes
2999 1501 3059 1539 se
3088 1486 3299 1555 aliquid
3321 1501 3441 1539 esse
3467 1501 3483 1537 :

1903 1580 2000 1636 sed
2030 1578 2237 1650 quanto
2268 1579 2441 1650 magis
2471 1579 2856 1649 spiritualibus
2899 1578 3061 1632 donis
3104 1577 3284 1647 digna:
3316 1592 3487 1645 repu-

1905 1678 2114 1735 tantur,
2142 1678 2295 1725 tanto
2341 1671 2514 1740 magis
2540 1685 2605 1724 ac
2643 1670 2960 1741 diligentius
2989 1668 3281 1724 insatiabili
3306 1666 3488 1721 avidi-

1904 1770 2014 1817 tate
2045 1761 2290 1817 caelestis
2306 1761 2566 1817 desiderii
2592 1761 2832 1819 detenta:
2856 1760 3174 1831 inquirunt:
3198 1770 3255 1814 et
3276 1765 3488 1828 quanto

1903 1856 2076 1925 magis
2099 1853 2442 1925 spiritualem
2478 1853 2789 1925 profectum
2827 1854 2883 1907 in
2908 1869 2967 1907 se
3012 1852 3310 1917 senserint,
3331 1860 3487 1905 tanto

1909 1946 2085 2016 magis
2112 1946 2368 2000 esuriunt
2411 1960 2476 2000 ac
2542 1945 2741 1999 sitiunt
2784 1942 3257 2014 participationem
3300 1948 3355 1994 et
3382 1955 3486 1992 au-

1902 2046 2185 2108 gmentum
2236 2036 2422 2107 gratiae
2450 2046 2540 2091 :et
2589 2043 2796 2105 quanto
2850 2032 3215 2103 spiritualiter
3255 2031 3487 2085 ditiores

1903 2137 2056 2192 sunt,
2087 2136 2238 2183 tanto
2278 2129 2638 2199 pauperiores
2691 2128 2836 2197 apud
2886 2141 2944 2180 se
2977 2133 3128 2188 sunt,
3187 2122 3484 2178 insatiabili

1903 2222 2178 2277 desiderio
2205 2221 2477 2291 spirituali
2494 2236 2621 2291 erga
2636 2220 2916 2274 emlestem
2945 2217 3217 2287 Sponsum
3244 2215 3479 2285 flagran-

1905 2324 1989 2369 tes
2019 2332 2032 2367 :
2070 2321 2131 2368 ut
2158 2313 2337 2382 inquit
2363 2312 2647 2381 Scriptura
2679 2329 2693 2365 :
2722 2310 2824 2375 Qui
2851 2310 3011 2362 edunt
3046 2324 3146 2373 me,
3174 2307 3343 2360 adhuc
3362 2322 3484 2358 esu-

1904 2408 2063 2470 riem,
2092 2413 2141 2458 et
2174 2405 2264 2475 qui
2296 2404 2475 2458 bibunt
2499 2418 2601 2468 me,
2631 2403 2801 2456 adhuc
2823 2403 2999 2456 silient
3021 2401 3040 2432 ³

1975 2679 2044 2734 ll.
2084 2676 2415 2747 Huiusmodi
2463 2677 2680 2739 animae,
2708 2689 2832 2743 quae
2857 2679 2965 2727 tam
3007 2669 3223 2725 ardenti
3251 2677 3307 2723 et
3333 2668 3481 2723 insa-

1904 2769 2079 2824 tiabili
2107 2782 2292 2822 amore
2311 2766 2604 2827 Dominum
2645 2769 3077 2833 prosequuntur,
3110 2758 3288 2829 dignae
3353 2764 3482 2810 sunt

1903 2860 2015 2913 vita
2044 2867 2251 2912 interna
2285 2873 2300 2911 :
2334 2855 2595 2925 quocirca
2634 2867 2856 2923 quoque
2908 2848 3235 2904 liberatione
3290 2846 3359 2901 ab
3396 2846 3480 2900 af-

1906 2949 2241 3006 fectionibus
2269 2948 2446 3018 digna:
2476 2946 2814 3008 indicantur,
2843 2952 2899 2997 et
2922 2941 3159 3011 Spiritus
3188 2938 3363 2993 sancti
3390 2953 3480 2992 ar-

1828 3058 1873 3118 c
1906 3058 2056 3097 canae
2108 3049 2166 3095 et
2223 3039 2465 3110 mystica:
2510 3034 2919 3092 communionis
2966 3030 3387 3086 illustrationem
3417 3030 3505 3082 ac'

1905 3131 2383 3204 participationem
2400 3130 2453 3183 in
2467 3126 2813 3197 plenitudine
2833 3122 3020 3194 gratim
3032 3120 3277 3190 perfecte
3288 3133 3482 3173 conse-

1900 3229 2165 3291 quuntur.
2192 3218 2323 3285 Quae
2349 3232 2482 3272 vero
2510 3224 2640 3270 sunt
2666 3214 2851 3267 minus
2871 3211 3062 3264 viriles
3093 3218 3260 3277 atque
3289 3221 3480 3261 socor-

1904 3313 2023 3376 des,
2060 3310 2205 3364 haud
2225 3315 2537 3379 qumrentes
2566 3306 2714 3368 talia,
2743 3311 2803 3357 ut
2828 3318 2949 3371 qua
2989 3300 3171 3354 adhuc
3216 3300 3273 3352 in
3312 3312 3480 3352 carne

1901 3405 2115 3465 vivunt,
2151 3401 2353 3470 quippe
2388 3397 2877 3454 sanctificationem
2906 3393 3089 3449 cordis
3116 3407 3226 3444 non
3258 3404 3326 3443 ex
3355 3404 3493 3457 paro

1902 3505 1977 3558 te,
2003 3493 2098 3548 sed
2142 3492 2386 3562 perfecte
2420 3487 2830 3560 perseverantia
2881 3493 2937 3538 et
2988 3484 3175 3536 animo
3236 3480 3479 3549 patiente

1901 3583 2261 3652 consequi,et
2284 3580 2614 3650 participare
2644 3591 2767 3630 cum
2801 3573 3009 3642 Spiritu
3044 3570 3388 3625 consolatore
3418 3569 3475 3621 in

1900 3671 2243 3748 plenitudine
2287 3684 2413 3725 cum
2467 3667 2616 3721 omni
2666 3680 2828 3719 sensu
2876 3671 2931 3716 et
2980 3658 3333 3722 certitudine,
3366 3673 3478 3710 non

1901 3746 2295 3834 exspectarint,
2329 3772 2431 3813 nee
2457 3757 2526 3811 ab
2563 3752 2953 3809 affectionibus
2997 3749 3220 3803 malitiae
3269 3746 3476 3799 libera-

1902 3857 2109 3911 tionem
2158 3867 2257 3922 per
2306 3850 2575 3920 Spiritum
2624 3844 2975 3913 acceperint;
3018 3849 3117 3895 aut
3161 3857 3191 3895 e
3233 3840 3476 3902 diverso,

1900 3964 2022 4019 quae
2051 3947 2224 4018 gratia
2257 3943 2445 3999 divina
2479 3942 2655 4010 dignae
2683 3936 2909 4001 habitae,
2940 3933 3167 4005 ignaviae
3197 3948 3261 3987 ac
3287 3947 3478 3986 socor-

1900 4039 2025 4100 dim,
2058 4037 2199 4091 clam
2235 4051 2265 4089 a
2290 4032 2497 4087 malitia
2526 4036 2815 4096 correptas,
2842 4041 2961 4080 sese
2994 4024 3274 4078 dederint.

1973 4130 2064 4183 111.
2106 4128 2175 4183 Ut
2201 4139 2466 4196 quaecum
2496 4118 2811 4189 acceperint
2856 4116 3084 4187 gratiam
3136 4113 3394 4184 Spiritus,
3422 4120 3479 4166 et

1900 4220 2142 4275 habeant
2168 4214 2597 4272 consolationem
2630 4208 2817 4280 gratiae
2843 4209 2899 4261 in
2927 4206 3139 4274 requie,
3168 4213 3225 4257 et
3257 4201 3479 4257 deside-

1903 4312 2009 4372 rio,
2044 4317 2099 4363 et
2126 4307 2395 4362 suavitate
2424 4300 2717 4372 spirituali,
2758 4300 2865 4353 hoc
2899 4298 3016 4366 ipso
3047 4295 3265 4351 conﬁsae
3300 4292 3478 4347 extol-

222 4399 562 4463 πεποιθυῖαι,
587 4398 847 4467 ὑψοῦνται
874 4399 969 4451 καὶ⁵
986 4397 1376 4468 ἀμεριμνοῦσι,
1414 4398 1489 4468 μὴ
1522 4396 1800 4467 συντριϐό-

1908 4403 2096 4457 Iuntur
2129 4414 2193 4453 ac
2237 4410 2430 4451 secure
2477 4394 2689 4453 vivunt,
2732 4406 2842 4443 non
2884 4386 3134 4442 contrita:
3160 4383 3348 4445 corde,
3374 4398 3481 4436 nec

234 4508 389 4560 μεναι
411 4490 510 4559 τὴν
539 4490 787 4560 καρδίαν,
817 4488 912 4543 καὶ¹
948 4488 1025 4558 τῷ
1065 4488 1376 4558 φρονήματι
1413 4487 1489 4558 μὴ
1516 4486 1803 4540 ταπεινού-

235 4599 412 4653 μεναι,
451 4582 587 4651 μήτε
620 4576 776 4635 οὖσαι
801 4582 881 4644 εἰς
911 4580 973 4634 τὸ
1024 4581 1230 4633 τέλειον
1261 4580 1363 4647 τῆς
1394 4579 1667 4641 ἀπαθείας
1702 4579 1801 4648 μὲ-

230 4692 375 4743 τρον,
406 4676 543 4744 μήτε
565 4672 920 4743 πληρωθῆναι
948 4671 1169 4736 τελείως
1193 4672 1292 4740 τῆς
1314 4672 1539 4742 χάριτος
1572 4672 1631 4724 ἐν
1657 4672 1803 4742 πάσῃ

236 4765 432 4837 σπουδῇ
453 4765 548 4818 καὶ
582 4764 763 4818 πίστει
796 4763 1182 4832 ἐκδεξάμεναι,
1205 4763 1321 4817 ἀλλ’
1348 4763 1806 4834 ἐπληροφορήθη-

236 4875 351 4925 σαν,
365 4858 461 4912 καὶ
474 4858 887 4927 ἐπανεπάησαν,
905 4856 1001 4909 καὶ
1024 4856 1190 4909 ἐναπέ
1198 4873 1388 4926 μειναν
1405 4858 1483 4918 είς
1497 4856 1597 4925 τὴν
1608 4854 1797 4925 ὀλίγην

234 4946 326 5017 τῆς
355 4946 574 5017 χάριτος
605 4947 977 5017 παράκλησιν,
1032 4946 1114 5009 είς
1137 4945 1370 5017 ἔπαρσιν
1400 4946 1622 5016 μᾶλλον,
1654 4946 1798 5017 ἢπερ

237 5039 311 5099 εἰς
332 5036 661 5090 ταπείνωσιν
702 5036 1048 5107 προκόψασαι
1086 5037 1141 5088 αί
1176 5035 1425 5088 τοιαῦται
1467 5035 1657 5105 ψυχαὶ,
1704 5036 1798 5089 καὶ

236 5119 401 5196 οὗπερ
416 5125 829 5197 κατηξιώθησαν
856 5126 1216 5197 χαρίσματος,
1245 5127 1334 5180 ὅτε
1360 5126 1561 5195 δήποτε
1592 5128 1799 5194 ἀπογυ-

242 5216 486 5287 μνοῦνται
519 5219 608 5272 διὰ
627 5219 725 5290 τὴν
776 5219 952 5289 ἀμελῆ
1000 5218 1429 5288 καταφρόνησιν,
1460 5220 1555 5272 καὶ
1580 5218 1670 5272 τὸν
1696 5218 1802 5290 μά-

238 5326 377 5363 ταιον
397 5310 496 5379 τῆς
537 5311 769 5382 οἰήσεως
812 5310 993 5363 αὐτῶν
1026 5309 1216 5379 τύφον.

302 5399 374 5456 Δ’.
409 5400 571 5472 Ψυχὴ
596 5403 629 5470 ἡ
651 5400 870 5471 άληθῶς
906 5400 1153 5469 φιλόθεος
1182 5402 1277 5454 καὶ
1310 5401 1674 5471 φιλόχριστος,
1701 5401 1804 5455 κᾶν

242 5494 430 5567 μυρίας
449 5493 795 5575 δικαιοσύνας
823 5494 1049 5567 ποιήσῃ,
1096 5493 1174 5558 ὡς
1218 5493 1385 5565 μηδὲν
1426 5494 1801 5566 ἐργασαμένη,

299 5675 318 5706 ³
335 5673 502 5729 Eccli.
538 5687 694 5738 ntv,
722 5672 813 5728 28.

1900 4492 2085 4545 animo
2108 4487 2432 4547 humiliatze,
2464 4498 2568 4536 nec
2599 4480 2900 4551 perfectam
2954 4490 3268 4530 mensuram
3294 4473 3482 4526 vat-ui-

1901 4582 2028 4637 tatis
2061 4579 2415 4633 aﬂectionum
2444 4574 2677 4642 adeptae,
2707 4586 2816 4624 non
2872 4569 3138 4637 integram
3176 4562 3479 4634 plenitudi-

1898 4688 2025 4726 nem
2054 4669 2242 4741 gratia:
2262 4666 2412 4722 omni
2445 4664 2727 4733 diligentia
2767 4676 2830 4714 ac
2862 4658 2968 4712 fide
3003 4664 3348 4719 censet-tntae;
3382 4652 3477 4706 sed

1900 4765 2125 4835 repletae
2166 4775 2230 4813 ac
2275 4756 2688 4826 acquiescentes
2735 4755 3159 4821 permanserunt
3192 4745 3246 4797 in
3306 4757 3479 4811 pauca

1902 4833 2089 4929 gratiae
2129 4851 2527 4914 consolatione,
2577 4846 2816 4900 elatione
2873 4840 3041 4910 magis
3085 4851 3247 4907 quam
3295 4833 3479 4886 humi-

1902 4923 2055 5003 litate
2104 4942 2455 5014 proﬁcientes
2512 4933 2829 5006 hujusmodi
2887 4931 3124 4984 animae:
3169 4936 3225 4980 et
3279 4923 3483 5014 quibus

1903 5037 2082 5107 dignae
2108 5013 2275 5089 erant
2304 5030 2491 5101 gratia:
2525 5025 2706 5089 donis,
2730 5024 2813 5076 eis
2843 5018 3099 5073 videlicet
3125 5013 3479 5069 denudantur

1904 5104 1988 5183 ob.
2009 5126 2377 5196 negligentem
2425 5122 2845 5186 comtemptum,
2872 5119 2929 5164 et
2960 5122 3158 5162 vanam
3202 5104 3485 5175 Opinionis

1901 5234 2092 5275 earum
2120 5211 2528 5285 negligentiam.

1974 5396 2063 5450 IV.
2100 5392 2297 5448 Anima
2333 5405 2490 5455 vero,
2519 5401 2642 5457 qua:
2687 5399 2818 5440 vere
2868 5384 3041 5438 Deum
3092 5396 3156 5436 ac
3198 5378 3481 5435 Christum

1902 5489 2105 5560 diligit,
2134 5487 2265 5543 licet
2294 5483 2445 5540 mille
2468 5481 2697 5556 iustitiae
2722 5492 2888 5549 opera
2909 5473 3169 5540 ediderit,
3191 5473 3265 5527 ita
3294 5486 3352 5526 se
3387 5483 3480 5539 ge-
