3966 6444
501 298 610 364 513

1774 293 1836 353 S.
1877 287 2198 351 MACARII
2243 287 2565 348 EGYPTII

3705 287 3798 349 5-H

501 411 596 477 rit,
623 407 737 480 38
767 421 834 464 ac
867 407 914 463 si
945 406 1088 462 nihil
1114 405 1330 466 fecerit.
1353 412 1582 474 propter
1615 401 1926 457 insatiabile
1954 397 2098 453 desi-

2208 395 2384 459 οὖτως
2413 394 2528 466 ἔχει
2559 394 2692 464 παρ’
2716 394 2909 466 ἑαυτῇ,
2945 392 3037 448 διὰ
3082 392 3175 447 τὸν
3228 395 3362 465 πρὸς
3416 394 3630 466 Κύριον
3680 397 3800 452 ἀκό-

500 501 721 557 derium
802 498 870 553 ad
920 499 1250 562 Dominum;
1286 495 1419 551 licet
1476 494 1702 566 jejuniis
1771 501 1830 546 et
1897 489 2103 561 vigiliis

506 606 716 662 corpus
757 586 1189 656 consumpserit,
1226 587 1302 641 ita
1348 599 1408 640 se
1457 583 1643 647 habet,
1686 580 1917 652 perinde
1962 595 2027 635 ac
2054 579 2101 634 si

501 697 788 752 nunquam
822 680 1088 750 cmpisset
1122 679 1270 732 circa
1309 678 1544 732 virtutes
1595 673 1921 738 elaborare;
1971 672 2104 726 licet

501 776 646 830 dona
677 773 920 844 Spiritus
946 771 1124 835 varia,
1153 779 1250 824 aut
1277 769 1445 823 etiam
1484 767 1856 823 revelationes
1885 775 1942 820 et
1987 779 2104 834 my-

502 868 670 923 steria
704 865 952 922 coelestia
985 863 1251 932 consequi
1284 863 1451 933 digna
1494 862 1786 923 habeatur,
1815 859 1890 912 ita
1925 873 2006 922 se,
2037 872 2102 913 ac

499 960 546 1015 si
575 976 646 1014 ne
699 973 850 1013 nunc
896 955 1123 1026 quidem
1183 954 1488 1025 quidquam
1538 953 1874 1023 possideret,
1911 952 2097 1016 habet,

499 1061 730 1122 propter
784 1053 1109 1106 immensam
1157 1064 1222 1102 ac
1273 1047 1646 1102 insatiabilem
1698 1044 1917 1100 Domini
1953 1043 2098 1098 dile-

499 1142 763 1204 ctionem,
794 1140 890 1195 sed
913 1139 1161 1209 quotidie
1175 1136 1430 1192 esuriens
1448 1133 1807 1190 acsitibunda
1822 1147 1919 1202 per
1935 1130 2097 1186 fidem

498 1242 556 1287 et
579 1231 933 1286 dilectionem
963 1231 1017 1283 in
1057 1227 1322 1299 precibus
1370 1222 1804 1293 perseverando,
1836 1219 2099 1292 mysteria

499 1324 713 1394 gratiae,
742 1330 799 1377 ct
841 1337 1059 1376 onmem
1113 1327 1318 1375 statum
1363 1316 1590 1371 virtutis
1615 1329 1972 1384 summopere
2002 1327 2099 1382 ap-

499 1414 665 1483 petit,
703 1427 893 1466 amore
935 1411 1179 1481 Spiritus
1213 1407 1458 1464 caelestis
1507 1405 1775 1468 sauciata,
1813 1412 1870 1459 et
1897 1403 2101 1458 ardens

498 1503 835 1558 desiderium
865 1501 1110 1556 caelestis
1155 1499 1378 1570 Sponsi,
1408 1514 1510 1568 per
1551 1497 1806 1568 gratiam,
1837 1510 2003 1565 quam
2040 1494 2097 1548 in

495 1606 556 1646 se
614 1606 834 1660 semper
885 1590 1072 1653 habet,
1134 1588 1406 1652 excitans,
1471 1587 1797 1643 desiderans
1850 1584 2098 1656 perfecte

496 1677 661 1747 digna
704 1677 901 1732 haberi
930 1677 1160 1748 mystica
1200 1686 1259 1730 et
1286 1691 1508 1741 arcana,
1549 1675 1604 1730 in
1656 1675 2097 1730 sanctiﬁcatione

497 1769 727 1839 spiritus
767 1785 894 1824 cum
917 1784 986 1824 eo
1019 1769 1435 1829 communione,
1466 1775 1675 1822 retecta
1698 1768 1894 1822 animae
1928 1766 2093 1835 facie,

497 1859 696 1915 deﬁxis
725 1875 894 1930 super
928 1860 1107 1915 oculis
1157 1861 1435 1930 aspiciens
1484 1859 1760 1931 Sponsum
1786 1863 2091 1929 ctelestem,

498 1951 640 2006 facie
667 1951 738 2006 ad
787 1951 1012 2015 faciem,
1053 1951 1108 2004 in
1149 1952 1361 2007 lumine
1400 1953 1675 2023 spirituali
1703 1964 1761 2009 et
1803 1954 2094 2022 ineﬁ’abili,

499 2042 739 2097 admista
791 2043 846 2097 ei
891 2043 948 2097 in
977 2042 1128 2097 omni
1181 2045 1520 2100 certitudine
1557 2046 1706 2112 ﬁdei,
1755 2047 2097 2118 conﬁgurata

501 2134 670 2188 morti
695 2135 839 2205 ejus,
870 2135 1104 2191 summis
1128 2136 1274 2192 votis
1319 2153 1422 2207 pro
1451 2138 1674 2194 Christo
1721 2149 1958 2194 mortem
1992 2155 2064 2209 op
2084 2171 2096 2181 -

499 2235 690 2296 petere
720 2241 939 2296 semper
969 2242 1222 2298 sperans,
1256 2237 1314 2284 et
1353 2245 1384 2284 a
1411 2231 1654 2300 peccatis
1689 2245 1753 2285 ac
1785 2233 2098 2287 tenebrosis

499 2317 893 2377 affectionibus
927 2320 1317 2376 liberationem
1367 2323 1636 2392 consequi
1686 2338 1786 2392 per
1829 2322 2096 2392 Spiritum

501 2416 656 2463 certo
679 2424 742 2464 ac
770 2410 932 2479 plene
960 2412 1200 2467 credens
1227 2429 1242 2466 :
1268 2420 1331 2468 ut
1356 2413 1650 2483 puriﬁcata
1679 2430 1778 2484 per
1803 2413 2095 2484 Spiritum,

499 2501 680 2556 anima
712 2517 778 2558 ac
809 2519 1042 2573 corpore
1086 2505 1453 2571 sanctiﬁcata,
1502 2522 1627 2576 quae
1658 2522 1757 2562 vas
1795 2523 1996 2577 purum
2028 2506 2097 2561 ad

503 2592 878 2662 recipiendam
909 2595 1192 2648 caelestem
1223 2595 1566 2661 unctionem,
1592 2604 1651 2650 et
1678 2611 1803 2666 quae
1828 2595 2100 2651 habitatio

500 2686 747 2741 caelestis
766 2695 823 2740 et
847 2687 966 2741 veri
994 2687 1136 2755 regis
1167 2685 1374 2742 Christi
1406 2687 1522 2753 ﬁat,
1555 2688 1720 2758 digna
1759 2688 1851 2745 sit.
1873 2687 1944 2742 Et
1968 2696 2101 2742 tunc

501 2777 712 2833 caelesti
761 2777 871 2831 vita
921 2777 1085 2846 digna
1135 2778 1399 2846 habetur,
1467 2779 1852 2836 habitaculum
1895 2795 2100 2850 purum

503 2870 743 2940 Spiritus
775 2871 952 2924 sancti
980 2870 1109 2925 inde
1134 2870 1354 2926 eﬁecta.

573 3143 638 3198 ν.
668 3143 748 3197 Ad
781 3158 910 3197 eum
943 3152 1130 3198 autem
1167 3159 1346 3213 usque
1370 3143 1604 3214 gradum
1651 3153 1714 3197 ut
1758 3143 1942 3198 anima
1967 3159 2097 3214 per-

503 3236 710 3296 veniat,
744 3251 926 3304 neque
953 3251 1062 3288 una
1097 3250 1269 3305 opera
1306 3236 1516 3298 statim,
1548 3251 1732 3305 neque
1753 3236 1872 3290 sine
1902 3235 2102 3305 proba—

509 3328 693 3393 tione;
719 3328 816 3383 sed
847 3343 944 3397 per
967 3327 1188 3382 labores
1209 3336 1265 3381 et
1283 3327 1587 3382 certamina
1611 3328 1804 3394 multa,
1820 3343 1918 3396 per
1940 3328 2100 3398 longa

510 3430 821 3490 temporum
853 3419 1028 3488 spatia
1056 3427 1121 3473 et‘
1143 3419 1347 3484 studia,
1375 3433 1500 3472 cum
1531 3418 1862 3488 probatione
1891 3426 1948 3473 et
1979 3427 2101 3474 ten-

507 3513 814 3568 tationibus
845 3513 1014 3567 variis
1062 3512 1353 3582 spirituale
1403 3522 1761 3583 augmentum
1807 3527 1870 3567 ac
1916 3511 2101 3567 incre-

508 3615 755 3660 mentum
802 3606 994 3669 sumit,
1025 3621 1202 3675 usque
1242 3605 1310 3660 ad
1353 3605 1668 3676 perfectum
1697 3606 1988 3662 vacnitalis
2016 3605 2100 3660 af-

506 3698 804 3754 t'cctionum
831 3697 1060 3769 gradum
1103 3697 1328 3752 demum
1352 3699 1630 3769 pertingat
1657 3716 1670 3754 :
1695 3706 1756 3752 ut
1781 3699 1849 3753 ad
1878 3714 2098 3753 onmem

509 3791 894 3854 tcntationem,
934 3807 1058 3860 qua:
1087 3806 1118 3846 a
1152 3792 1402 3862 nequitia
1453 3793 1758 3858 invehitur,
1792 3791 2011 3848 fortiter
2036 3807 2103 3848 ac

504 3891 730 3938 strenue
761 3883 1094 3954 perdurans,
1126 3884 1397 3940 maximos
1427 3885 1690 3950 honores,
1735 3894 1793 3940 et
1819 3885 1963 3940 dona
1988 3886 2104 3956 spi-

508 3975 752 4040 ritualia,
801 3975 1135 4046 divitiasque
1190 3977 1448 4032 caelestes
1496 3985 1894 4048 consequatur,
1921 3986 1977 4034 et
2021 3980 2103 4035 sic

503 4069 747 4124 ctelestis
801 4071 956 4141 regni
1021 4072 1196 4126 haeres
1247 4073 1446 4127 evadat
1474 4073 1528 4127 in
1577 4074 1708 4129 Jcsu
1751 4074 1972 4129 Christo
1997 4075 2103 4129 Do-

508 4161 658 4215 mino
705 4170 918 4226 nostro,
976 4163 1067 4216 cui
1103 4163 1276 4234 gloria
1317 4173 1373 4218 et
1420 4164 1715 4234 imperium
1765 4165 1824 4220 in
1878 4166 2099 4222 saecula.

503 4251 701 4303 Amen.
1400 4259 1406 4265 '

1096 4365 1382 4421 HOMlLlA
1413 4366 1507 4422 XI.

2209 505 2398 559 ρεστον
2432 485 2598 541 πόθον
2633 501 2646 516 ·
2683 485 2786 540 κᾶν
2840 485 3146 556 νηστείαις,
3199 486 3306 540 κᾶν
3344 487 3694 558 ἀγρυπνίαις
3745 495 3799 542 τὸ

2207 579 2366 648 σῶμα
2408 579 2863 651 καταδαπανήσῃ,
2895 578 2971 641 ὡς
3006 577 3236 648 μηδέπω
3280 577 3582 649 ἀρξαμένη
3631 585 3797 635 πονεῖν

2202 672 2334 742 περὶ
2377 671 2479 734 τὰς
2544 671 2746 742 ἀρετάς
2797 671 3099 726 διάκειται·
3137 671 3243 724 κᾶν
3285 674 3660 741 χαρισμάτων
3711 676 3795 728 τοῦ

2203 760 2524 831 Πνεύματος
2588 761 2886 830 διαφόρων,
2948 757 2982 830 ἢ
3037 759 3134 813 καὶ
3202 758 3636 828 ἀποκαλύψεων,
3713 763 3797 814 καὶ

2206 853 2526 926 μυστηρίων
2575 852 2845 924 οὐρανίων
2887 853 3073 921 τυχεῖν
3107 851 3458 922 καταξιωθῇ,
3512 851 3591 914 ὡς
3647 853 3797 920 μηδὲν

2203 945 2393 1016 ἀκμὴν
2420 945 2735 1016 κεκτημένη
2785 945 2846 998 ἐν
2886 945 3056 1014 ἐαυτῇ
3091 943 3234 1008 ἐστι,
3289 944 3378 998 διὰ
3421 945 3531 1014 τὴν
3571 943 3796 1014 ἄμετρον

2202 1038 2297 1089 καὶ
2345 1033 2642 1106 ἀκόρεστον
2697 1035 2836 1108 πρὸς
2889 1035 3095 1103 Κύριον
3129 1037 3374 1106 ἀγάπην,
3419 1035 3567 1089 ἀλλὰ
3629 1039 3793 1089 πᾶσαν

2203 1128 2421 1200 ἡμέραν
2449 1131 2724 1194 ἐκπεινος,
2758 1127 2856 1182 καὶ
2879 1129 3096 1198 ἐκδιψος
3126 1129 3216 1182 διὰ
3257 1128 3509 1192 πίστεως
3546 1131 3643 1181 καὶ
3673 1131 3794 1197 ἀγά-

2201 1235 2312 1289 πης
2335 1221 2392 1272 ἐν
2422 1220 2902 1290 προσκαρτερήσει
2955 1219 3124 1289 εὐχῆς
3160 1219 3242 1280 είς
3288 1220 3358 1272 τὰ
3417 1219 3524 1288 τῆς
3587 1220 3792 1289 χάριτος

2204 1310 2505 1381 μυστήρια,
2537 1308 2634 1362 καὶ
2661 1311 2743 1372 είς
2772 1310 2958 1362 πᾶσαν
2991 1308 3328 1362 κατάστασιν
3363 1307 3582 1378 ἀρετῆς
3611 1307 3792 1376 ἀκορέ-

2203 1418 2344 1464 στως
2382 1401 2518 1471 ἔχει,
2569 1401 2736 1469 ἔρωτι
2789 1399 3115 1471 Πνεύματος
3145 1400 3400 1471 οὐρανίου
3455 1399 3785 1471 τετρωμένη,

2200 1495 2296 1548 καὶ
2330 1494 2496 1548 πόθον
2542 1492 2791 1564 ἔμπυρον
2831 1493 2922 1546 διὰ
2967 1493 3071 1562 τῆς
3116 1494 3342 1564 χάριτος
3394 1492 3490 1546 ἀεὶ
3554 1493 3614 1545 ὲν
3663 1492 3785 1562 αὐτῇ

2204 1586 2342 1657 πρὸς
2384 1586 2476 1638 τὸν
2503 1585 2756 1656 οὐράνιον
2782 1585 3019 1655 νυμφίον
3051 1585 3411 1647 ἀνακινοῦσα,
3452 1583 3784 1654 ἐπιθυμοῦσα

2199 1678 2424 1743 τελείως
2453 1677 2864 1748 καταξιωθῆναι
2889 1677 2989 1748 τῆς
3022 1677 3166 1748 πρὸς
3198 1677 3366 1731 αὑτὸν
3402 1679 3679 1747 μυστικῆς
3705 1675 3785 1729 καὶ

2129 1746 2172 1804 Β
2201 1772 2442 1842 ἀρρήτου
2476 1771 2535 1823 ἐν
2563 1767 2826 1840 ἁγιασμῷ
2852 1769 3168 1838 πνεύματος
3218 1767 3544 1832 κοινωνίας,
3601 1768 3782 1820 ἀποκε-

2197 1861 2528 1931 καλυμμένη
2562 1860 2641 1931 τῷ
2668 1861 2770 1930 τῆς
2797 1859 2976 1931 ψυχῆς
3001 1860 3303 1931 προσώπῳ,
3328 1860 3432 1914 καὶ
3458 1858 3782 1924 ἐνατενξζου-

2200 1967 2270 2004 σα
2311 1950 2389 2020 τῷ
2420 1951 2734 2020 ἐπουρανίῳ
2773 1950 2997 2022 νυμφίῳ
3025 1950 3321 2020 πρόσωπον
3364 1953 3428 2004 ἐν
3460 1952 3602 2020 φωτὶ
3633 1968 3778 2005 πνευ-

2208 2039 2427 2110 ματικῷ
2477 2040 2572 2093 καὶ
2627 2040 3002 2111 ἀνεκλαλήτῳ,
3052 2041 3490 2111 ἀνακιρνωμένη
3544 2041 3706 2110 τούτῳ
3731 2043 3780 2093 ὲν

2202 2130 2552 2202 πληροφορίᾳ
2577 2131 2749 2202 πάσῃ,
2771 2129 3262 2202 συμμορφιζομένη
3273 2132 3353 2202 τῷ
3377 2132 3599 2203 θανάτῳ
3610 2132 3776 2198 αὐτοῦ,

2199 2223 2256 2275 ἐν
2288 2223 2557 2293 ἐπιθυμίᾳ
2578 2223 2774 2293 πολλῇ,
2799 2224 2891 2276 τὺν
2918 2224 3060 2294 ὑπὲρ
3085 2223 3326 2295 Χριστοῦ
3359 2226 3597 2280 θάνατον
3630 2243 3779 2296 προσ-

2199 2315 2416 2367 δοκῶσα
2447 2315 2705 2377 πάντοτε,
2741 2315 2837 2367 καὶ
2876 2316 2978 2384 τῆς
3006 2317 3306 2388 ἁμαρτίας,
3328 2318 3549 2389 καὶτῆς
3580 2318 3773 2378 σκοτίας

2198 2406 2311 2458 τῶν
2334 2405 2524 2458 παθῶν
2545 2405 2762 2458 τελείαν
2787 2405 3059 2478 λύτρωσιν
3086 2407 3344 2473 δέξασθαι
3369 2409 3481 2464 ὑπὸ
3504 2408 3598 2462 τοῦ
3629 2407 3774 2463 Πνεύ-

2205 2513 2396 2567 ματος,
2430 2499 2489 2550 ἐν
2517 2496 2866 2568 πληροφορίᾳ
2905 2498 3245 2552 πιστεύουσα
3272 2515 3286 2529 ·
3322 2500 3413 2553 ἵνα
3449 2497 3772 2569 καθαρισθεῖ-

2203 2607 2272 2642 σα
2297 2589 2387 2642 διὰ
2413 2589 2508 2642 τοῦ
2538 2588 2882 2660 Πνεύματος,
2905 2589 3053 2661 ψυχῇ
3083 2591 3177 2646 καὶ
3195 2590 3416 2663 σώματι
3445 2593 3769 2662 ἀγιασθεϊσσ,

2202 2680 2444 2752 καθαρὸν
2471 2679 2666 2744 σκεῦος
2688 2682 2769 2742 εἰς
2811 2680 3081 2754 ὑποδοχὴν
3107 2682 3200 2736 τοῦ
3224 2683 3562 2755 ἐπουρανίου
3595 2682 3767 2753 μύρου,

2203 2771 2298 2825 καὶ
2329 2771 2496 2842 μονὴν
2528 2771 2624 2825 τοῦ
2679 2773 3012 2844 ἐπουρανίου
3074 2776 3170 2829 καὶ
3222 2775 3492 2847 ἀληθινοῦ
3535 2774 3770 2846 βασιλέως

2202 2862 2451 2933 Χριστοῦ·
2467 2863 2722 2932 γενέσθαι
2757 2865 3070 2939 καταξιωθῇ
3095 2884 3110 2898 σ
3148 2869 3244 2922 καὶ
3273 2871 3400 2923 τότε
3440 2870 3538 2940 τῆς
3559 2871 3769 2938 ἐπουρα-

2203 2956 2320 3008 νίου
2375 2955 2526 3026 ζωῆς
2582 2955 2710 3021 ἀξία
2769 2959 3120 3026 καθίσταται,
3178 2962 3504 3034 οἰκητήριον
3559 2959 3770 3030 καθαρὸν

2125 3090 2166 3147 c
2205 3047 2526 3118 Πνεύματος
2571 3050 2731 3118 ἁγίου
2771 3051 3024 3104 ἐντεῦθεν
3058 3054 3352 3126 γενομένη.

2278 3142 2351 3195 E'.
2391 3142 2484 3204 Et;
2519 3141 2694 3196 ταῦτα
2741 3143 2799 3197 δέ
2849 3143 2918 3197 τὰ
2975 3145 3150 3216 μέτρα
3204 3146 3390 3219 ψυχὴν
3423 3147 3620 3212 ἐλθεῖν,
3663 3142 3764 3197 οὔτε

2205 3232 2296 3301 ὑφ’
2352 3231 2433 3298 ἓν,
2467 3232 2594 3286 οὔτε
2644 3234 3030 3304 ἀδοκιμάστως
3087 3237 3257 3303 ἐστιν,
3311 3239 3454 3294 ἀλλά
3489 3240 3572 3293 διὰ
3616 3236 3764 3289 πόνων

2203 3323 2416 3378 πολλῶν
2439 3328 2537 3380 καὶ
2566 3326 2818 3395 ἀγώνων,
2841 3328 2937 3380 καὶ
2966 3330 3198 3398 χρόνων,
3239 3335 3334 3386 καὶ
3363 3332 3618 3402 σπουδῆς,
3650 3327 3763 3400 μετὰ

2205 3416 2538 3486 δοκιμασίας
2573 3420 2668 3472 καὶ
2695 3422 3022 3493 πειρασμῶν
3047 3423 3310 3478 ποικίλων
3346 3426 3452 3497 τὴν
3495 3439 3762 3491 πνευματι-

2203 3507 2306 3579 κὴν
2335 3507 2567 3578 αὔξησιν
2596 3512 2690 3565 καὶ⁵
2716 3513 3001 3584 προκοπὴν
3021 3514 3316 3583 λαμϐάνει,
3344 3517 3454 3581 ἓως
3473 3515 3562 3571 τοῦ
3583 3511 3759 3567 τελείου

2201 3599 2305 3668 τῆς
2339 3599 2613 3666 ἀπαθείας
2644 3603 2870 3675 μέτρου,
2901 3605 2990 3658 ἵνα
3024 3606 3105 3669 είς
3137 3608 3318 3661 πάντα
3359 3607 3656 3680 πειρασμὸν
3677 3602 3759 3654 ὑπὸ

2203 3691 2304 3760 τῆς
2327 3693 2529 3758 κακίας
2574 3695 2922 3767 ἐπαγόμενον
2969 3699 3322 3769 ὑπομένουσα
3365 3701 3652 3774 προθύμως
3684 3692 3756 3748 καὶ

2203 3786 2489 3853 γενναίως,
2523 3788 2648 3842 τότε
2687 3789 2797 3843 τῶν
2830 3791 3087 3860 μεγάλων
3109 3793 3288 3864 τιμῶν
3321 3797 3420 3848 καὶ
3445 3791 3756 3867 χαρισμάτων

2205 3875 2616 3948 πνευματικῶν,
2658 3881 2754 3936 καὶ
2806 3881 3044 3936 πλούτου
3099 3885 3358 3956 οὐρανίου
3418 3884 3636 3954 ἀξιωθῇ,
3680 3880 3752 3932 καὶ

2205 3971 2381 4035 οὕτως
2406 3972 2506 4042 τῆς
2562 3973 2892 4046 ἐπουρανίου
2935 3976 3216 4047 βασιλείας
3273 3979 3504 4049 γένηται
3538 3973 3753 4045 κληρονό-

2207 4080 2329 4133 μος,
2373 4065 2432 4116 ἐν
2461 4065 2686 4136 Χριστῷ
2743 4065 2920 4137 Ἰησοῦ
2972 4066 3050 4137 τῷ
3101 4071 3296 4143 Κυρίῳ
3334 4063 3574 4143 ήμῶν,ᾦ
3604 4065 3748 4139 ήδόξα

2205 4156 2300 4210 καὶ
2332 4155 2392 4208 τὸ
2416 4155 2640 4228 κράτος,
2674 4158 2755 4222 είς
2784 4158 2914 4223 τοὺς
2953 4159 3184 4225 αἰῶνας.
3241 4163 3438 4237 ’Δμήν.

2793 4359 3040 4414 ΟΜΙΛῘΑ
3101 4363 3205 4419 1Α’.

509 4452 764 4508 Virtutem
801 4457 970 4526 sancti
994 4453 1223 4526 Spiritus
1267 4458 1322 4510 in
1361 4458 1518 4511 corde
1557 4459 1806 4524 hominis,
1845 4475 1899 4513 se
1927 4450 2089 4514 habe-

2205 4441 2323 4510 Τὴν
2352 4445 2619 4526 ῥύγαμιγ
2653 4449 2760 4502 τοῦ
2786 4451 3345 4526 ᾴγΙουᾲΠνεύματος
3373 4459 3445 4513 ἐν
3475 4453 3545 4525 τῇ
3569 4447 3742 4526 καρδιίςι

573 4541 632 4599 re
666 4526 842 4579 instar
888 4525 1046 4596 ignis;
1205 4527 1405 4599 quibus
1445 4529 1596 4582 rebus
1639 4530 1989 4599 indigeamus,
2029 4531 2100 4584 ad

574 4595 977 4650 discernendum
1000 4595 1340 4666 cogitatibnes
1373 4600 1428 4652 in
1451 4600 1606 4652 corde
1626 4595 2007 4654 scaturieutes:
2051 4611 2099 4653 et

573 4666 910 4742 deﬁserpente
956 4676 1169 4742 mortuo
1209 4668 1281 4742 ait
1311 4669 1694 4742 sublimitatem
1735 4670 1864 4742 ligni
1892 4690 1923 4725 a
1955 4673 2099 4725 Mosa

571 4736 765 4810 αθῖςεο,
783 4739 871 4807 qui
899 4747 1051 4810 typus
1093 4738 1192 4807 fuit
1221 4736 1435 4810 Christi.
1469 4739 1714 4794 Continet
1751 4736 1955 4810 quoque
2001 4746 2097 4795 ho-

576 4808 729 4861 milia
770 4809 1154 4881 disputatioues
1202 4809 1335 4862 duas
1361 4826 1574 4881 :_unam
1617 4808 1851 4881 quidem,
1901 4811 2098 4866 Christi

574 4894 694 4932 cum
728 4877 1047 4952 nequissimo
1072 4877 1281 4934 Satana
1302 4896 1321 4945 ;
1345 4879 1576 4934 alteram
1598 4877 1740 4948 vero,
1765 4891 2099 4952 peccatorum

569 4965 637 5002 cu
645 4966 695 5002 m
718 4965 896 5003 eoaem
905 4991 918 5006 .

574 5182 618 5237 Ι.
653 5183 799 5253 Ignis
822 5183 913 5239 ille
961 5186 1203 5243 caelestis
1246 5186 1574 5254 divinitatis,
1604 5203 1768 5259 quem
1817 5189 2099 5261 accipiunt

499 5274 808 5329 Christiani
842 5275 992 5331 intus
1019 5279 1074 5332 in
1097 5279 1264 5334 corde
1300 5295 1402 5335 suo
1433 5295 1585 5335 nunc
1620 5280 1677 5334 in
1720 5281 1827 5338 hoc
1870 5283 2095 5349 saeculo,

504 5365 596 5421 ille
623 5365 766 5435 ipse,
789 5367 882 5436 qui
913 5367 1064 5424 intus
1085 5387 1236 5427 nunc
1258 5387 1355 5426 cor
1385 5372 1610 5427 illorum
1633 5372 1845 5445 dirigit,
1876 5375 2098 5445 quando

503 5472 710 5526 corpus
740 5457 1099 5524 dissolvetur,
1130 5463 1377 5531 erumpit
1411 5480 1424 5516 :
1456 5471 1514 5518 et
1544 5480 1739 5520 rursus
1767 5480 2100 5538 coaugmen-

505 5555 584 5600 tat
613 5549 888 5613 membra,
913 5560 971 5606 ct
1019 5551 1154 5607 facit
1195 5555 1664 5610 resurrectionem
1696 5557 2096 5613 dissolutonum

507 5639 904 5696 membrorum.
941 5642 1423 5710 Quemadmodum
1457 5651 1606 5701 enim
1644 5647 1806 5718 ignis,
1843 5648 1936 5719 qui
1966 5649 2099 5704 llie-

505 5729 799 5793 rosolymis
842 5733 1194 5794 ministrabat
1223 5737 1410 5808 altari,
1457 5747 1707 5811 tempore
1758 5744 2096 5813 captivitatis

2273 4516 2380 4592 ζοῦ
2411 4517 2729 4592 ἀνθρώπου
2756 4516 2910 4575 sinat
2953 4524 3034 4590 ὡς
3079 4516 3199 4592 πῦρ
3224 4542 3237 4556 ’
3290 4516 3388 4581 καὶ
3419 4516 3588 4581 τίνῶν
3617 4516 3742 4592 κᾶλῖζῖ·

2274 4586 2460 4665 (eius?
2485 4589 2635 4665 πρός
2665 4589 2728 4665 τό
2755 4586 3175 4665 διακρίνεσθαί
3189 4596 3332 4662 τοὺς
3359 4586 3666 4665 λογισμοὺς
3685 4589 3741 4664 ἐξ

2277 4649 2358 4734 τῇ
2407 4649 2626 4734 xum
2662 4649 3006 4734 Δ,βρύοννῗαᾳ
3057 4666 3164 4718 Καὶ
3206 4649 3508 4734 περὶ-’τοῦ
3533 4649 3738 4734 ’νεκροῦ

2275 4727 2468 4802 ὄξεως
2497 4727 2680 4796 είς-τὸ
2713 4727 3050 4802 ἀκρότατον
3100 4736 3210 4790 τοῦ
3241 4727 3431 4801 ξῦλου
3467 4735 3610 4801 παρὰ
3636 4728 3739 4802 tu“:

2272 4798 2432 4881 ςρως
2463 4798 3041 4881 προσξεπηγμένσυ,
3076 4806 3144 4881 ὃς
3181 4798 3385 4881 tuatqu
3413 4798 3626 4878 ἐγένετο
3653 4798 3736 4881 τοῦ

2273 4869 2555 4946 ζίριστοῦ.
2631 4869 2883 4946 Xvir-{92st
2941 4875 3038 4928 καὶ
3099 4869 3302 4946 ὁμιλία
3347 4869 3736 4942 ’διαλογισμοὺς

2272 4938 2382 5018 {eo
2406 4956 2420 4969 ·
2467 4939 2675 5018 ἕετερον
2701 4938 2826 5011 μὲῦ
2862 4938 3144 5018 Χριστοῦ
3175 4950 3328 5018 μετὰ
3379 4950 3481 5003 τοῦ
3513 4938 3735 5018 ποήῖρθίῖ

2272 5011 2532 5095 Σςιταῖᾶ,
2569 5011 2820 5082 θάτερον
2850 5011 2921 5067 δέ
2940 5015 3062 5069 τῶν
3106 5011 3471 5088 ἁμαρτωλῶν
3490 5012 3624 5088 μετὰ
3650 5018 3733 5059 του

2270 5097 2481 5133 αυτου.

2271 5193 2352 5250 A'.
2381 5195 2454 5248 Τὸ
2483 5195 2595 5266 πῦρ
2624 5196 2685 5251 τὸ
2716 5199 2972 5269 οὐράνιον
3010 5202 3112 5274 τῆς
3140 5203 3416 5274 θεότητος,
3443 5203 3566 5269 ὅπερ
3583 5191 3729 5262 δέχονσ

2199 5303 2290 5338 ται
2322 5287 2372 5338 οἱ
2408 5288 2730 5359 Χριστιανοὶ
2773 5293 2926 5357 ἐντὸς
2964 5295 3148 5348 αὐτῶν
3193 5298 3254 5350 ἐν
3280 5301 3347 5368 τῇ
3378 5291 3560 5366 καρδίᾳ
3585 5283 3663 5339 νῦν
3685 5279 3729 5330 έν

2199 5376 2278 5447 τῷ
2307 5378 2464 5432 αἰῶνι
2495 5379 2691 5452 τούτῳ,
2737 5382 2897 5438 τοῦτο
2946 5387 3081 5440 αὐτὸ
3135 5389 3198 5442 τὸ
3242 5391 3393 5453 ἐντὸς
3429 5389 3520 5456 τῆς
3547 5370 3727 5446 καρδίας

2200 5470 2380 5524 αὐτῶν
2419 5471 2728 5541 διακονοῦν,
2756 5476 2887 5531 ὅταν
2906 5479 3148 5552 ἁναλυθῇ
3184 5481 3246 5534 τὸ
3305 5482 3480 5552 σῶμα,
3511 5469 3726 5562 ﬁij

2199 5561 2432 5631 γίνεται,
2469 5567 2566 5620 καὶ
2598 5569 2764 5623 πάλιν
2811 5574 3130 5643 συμπήσσει
3185 5575 3253 5628 τὰ
3299 5576 3454 5646 μέλη,
3493 5566 3575 5624 καίί
3614 5561 3723 5646 ποί-εί

2199 5655 2495 5710 ἀνάστασιν
2525 5658 2634 5712 τῶν
2665 5660 2980 5734 λελυμένων
3018 5665 3224 5735 μελῶν.
3264 5644 3468 5735 Ὥσπερ
3494 5657 3587 5730 γὰρ
3607 5648 3658 5702 τὸ
3678 5644 3721 5694 ἓν

2223 5747 2626 5820 Ἱεροσολύμοις
2665 5753 2780 5826 πῦρ
2810 5755 2872 5810 τὸ
2901 5757 3190 5816 διακονοῦν
3217 5763 3276 5817 ἐν
3297 5762 3376 5834 τῷ
3406 5739 3714 5815 θυσιαστηρίῳ
