3966 6426
236 319 331 383 545

1441 325 1805 384 HOMILLE.
1836 353 1904 362 -
1937 328 2121 388 ΗΘΜ.
2161 330 2266 388 XI.

3355 338 3458 400 546

230 431 363 483 κατὰ
388 430 483 482 τὸν
530 434 726 502 καιρὸν
773 433 866 487 τοῦ
917 433 1368 504 αίχμαλωτισμοῦ
1402 433 1610 506 χωσθέν
1636 431 1702 504 ἦν
1730 436 1787 486 ἐν

1918 435 2144 494 lefossus
2178 447 2299 495 erat
2333 438 2389 494 in
2438 439 2614 503 fovea,
2643 451 2698 495 et
2744 441 2834 498 ille
2878 443 2995 513 ipse
3042 459 3176 520 pace
3206 445 3368 512 facta,
3401 465 3466 504 ac

224 524 434 594 λάκκῳ,
465 525 561 577 καὶ
591 525 722 578 αὐτὸ
755 527 930 578 ἐκεῖνο
960 527 1018 580 ἐν
1040 525 1118 596 τῷ
1149 527 1404 595 γενέσθαι
1434 528 1659 598 εἰρήνην
1698 527 1798 582 καί

222 615 544 668 ἐπανελθεῖν
586 616 714 679 τοὺς
763 618 1321 688 αἰχμαλωτισθέντας,
1351 619 1542 690 ὥσπερ
1576 620 1802 673 ἀνεκαι-

222 707 370 780 νίσθη
406 710 508 762 καὶ
554 708 799 780 συνήθως
845 709 1079 782 διηκόνει
1101 727 1114 740 ⁸
1156 710 1299 765 οὕτω
1332 711 1430 764 καὶ
1457 710 1554 764 νῦν
1583 712 1644 764 τὸ
1669 712 1804 782 πλη-

227 798 332 853 σίον
375 799 570 868 σῶμα,
607 799 636 852 ὃ
689 799 830 871 μετὰ
879 801 940 855 τὸ
987 801 1218 871 λυθῆναι
1249 803 1460 871 γίνεται
1521 801 1801 875 βόρϐορος,

230 890 521 960 ἐργάζεται
574 891 636 943 τὸ
695 892 944 962 οὐράνιον
993 891 1105 965 πῦρ
1147 893 1242 947 καὶ
1287 895 1644 960 ἀνακαινίζει,
1713 898 1806 948 καὶ

238 982 418 1052 ἀνιστᾷ
446 980 518 1034 τά
548 981 864 1054 ἐφθαρμένα
897 983 1148 1055 σώματα.
1185 987 1258 1038 Τὸ
1280 988 1390 1056 γάρ
1414 987 1508 1041 νῦν
1537 986 1805 1058 ἐσώτερον

239 1074 288 1124 ἐν
404 1072 609 1145 καρδίᾳ
631 1073 876 1129 ἐνοικοῦν
915 1076 1048 1148 πῦρ,
1076 1079 1198 1132 τότε
1235 1077 1504 1150 ἐξώτερον
1536 1080 1804 1149 γίγνεται,

233 1166 319 1218 καὶ
350 1168 503 1218 ποιεῖ
534 1165 830 1221 ἀνάστασιν
853 1167 962 1221 τῶν
991 1169 1282 1240 σωμάτων.

295 1255 373 1310 B’.
399 1257 518 1310 Kal.
545 1255 654 1328 γὰρ
678 1257 771 1312 ἐπὶ
794 1257 886 1312 τοῦ
917 1260 1414 1334 Ναϐουχοδονόσορ,
1447 1262 1508 1316 τὸ
1528 1259 1640 1331 πῦρ
1663 1263 1722 1316 ἐν
1735 1265 1803 1335 τῇ

226 1347 450 1417 καμίνῳ
479 1349 580 1406 οὐκ
611 1344 680 1421 ἦν
731 1349 932 1416 θεῖκδν,
968 1350 1081 1406 ἀλλ’
1107 1346 1176 1420 ἦν
1203 1352 1408 1424 κτίσμα
1431 1368 1447 1384 ο
1474 1352 1525 1404 οἱ
1575 1351 1634 1405 δέ
1657 1353 1806 1423 τρεῖς

227 1439 424 1501 παῖδες
448 1437 538 1492 διὰ
583 1439 680 1510 τὴν
711 1439 1059 1513 δικαιοσύνην
1084 1442 1262 1495 αὐτῶν
1293 1445 1351 1498 ἐν
1373 1442 1452 1513 τῷ
1495 1442 1804 1513 φαινομένῳ

226 1533 366 1599 πυρὶ
396 1529 578 1594 ὄντες,
619 1533 676 1584 ἐν
709 1535 824 1596 ταῖς
870 1533 1121 1604 καρδίαις
1145 1534 1323 1588 αὐτῶν
1355 1529 1502 1603 εἶχον
1534 1533 1596 1587 τὸ
1625 1534 1804 1588 θεῖκὸν

222 1622 486 1692 οὖράνιον
548 1621 658 1694 πῦρ
711 1623 864 1688 ἐντὸς
909 1625 1018 1678 τῶν
1050 1625 1326 1696 λογισμῶν
1377 1625 1655 1680 διακονοῦν
1711 1627 1804 1679 καὶ

223 1716 494 1786 ἐνεργοῦν
521 1718 578 1769 ἐν
613 1716 814 1781 αὐτοῖς.
863 1717 975 1770 Καὶ
1028 1717 1161 1771 αὐτὸ
1210 1719 1387 1773 ἐκεῖνο
1409 1719 1582 1791 ἐφάνη
1612 1719 1805 1784 ἐξώτε-

1907 529 2144 584 revcrsis
2163 531 2394 601 captivis
2424 532 2591 588 veluti
2615 543 2910 589 renovatus
2936 551 3039 605 pro
3073 552 3225 593 more
3256 539 3469 595 servie-

1907 622 2000 677 bat
2027 640 2040 676 :
2072 623 2152 678 sic
2178 632 2235 678 et
2259 639 2460 694 corpus
2511 626 2616 680 hoc
2646 626 2934 692 familiare,
2958 628 3105 698 quod
3133 637 3257 700 post
3288 631 3470 687 disso-

1906 715 2172 770 lutionem
2198 716 2256 771 in
2289 733 2509 773 emnum
2533 720 2786 786 vertitur,
2805 719 2980 777 reficit
3006 731 3063 776 et
3077 736 3307 778 renovat
3332 723 3474 795 ignis

1907 809 2165 874 cmlestis,
2196 815 2253 864 et
2297 811 2586 864 resuscitat
2626 821 2884 881 corrupta
2935 830 3187 885 corpora.
3235 817 3474 872 interior

1906 903 2052 956 enim
2077 903 2168 956 ille
2195 902 2356 972 ignis,
2388 903 2540 957 cordi
2560 914 2751 960 nostro
2779 903 3113 976 inhabitans,
3138 918 3270 966 tunc
3291 926 3474 968 emer-

1906 992 2005 1063 git,
2028 993 2268 1063 facitque
2291 993 2751 1051 resurrectionem
2783 1009 3104 1066 corporum.

1974 1239 2040 1294 ll.
2076 1237 2631 1296 Nabuchooonosorts
2657 1244 2806 1298 enim
2835 1251 3083 1316 tempore
3127 1246 3270 1317 ignis
3304 1249 3359 1303 in
3384 1265 3474 1304 ea-

1905 1330 2057 1385 mino
2082 1331 2192 1403 39
2222 1333 2315 1402 qui
2349 1333 2628 1398 ardebat‘,
2664 1350 2775 1390 non
2807 1347 2926 1392 erat
2954 1337 3194 1406 divinus,
3232 1341 3327 1395 scd
3356 1351 3476 1397 erat

1905 1434 2156 1479 creatura
2192 1445 2204 1479 :
2241 1433 2352 1480 tres
2384 1433 2566 1480 autem
2609 1426 2688 1480 illi
2718 1429 2896 1498 pueri,
2939 1430 3125 1500 quieo
3168 1433 3317 1501 quod
3339 1433 3474 1503 justi

1905 1524 2113 1580 essent,
2161 1517 2216 1570 in
2248 1519 2531 1588 apparenti
2576 1519 2700 1589 igne
2741 1531 2920 1588 erant,
2960 1522 3013 1577 in
3055 1525 3315 1581 cordibus
3358 1527 3475 1583 suis

1907 1606 2185 1662 habebant
2217 1608 2463 1662 divinum
2511 1625 2574 1664 ac
2604 1612 2880 1666 caelestem
2917 1613 3117 1684 ignem,
3148 1616 3292 1672 intra
3323 1619 3474 1689 cogi-

1907 1700 2144 1754 tationes
2191 1700 2593 1756 ministrantem
2640 1711 3056 1772 et'operantem
3103 1707 3160 1762 in
3216 1708 3370 1778 ipsis.
3407 1711 3479 1766 Et

227 1826 324 1880 ρον
357 1807 544 1861 αὐτῶν
567 1822 582 1838 °
620 1807 722 1860 ἀνά
746 1808 908 1878 μέσον
940 1809 1048 1880 γάρ
1086 1810 1267 1863 αὐτῶν
1296 1789 1460 1880 ἔστη,
1482 1789 1580 1866 καῖ
1617 1812 1804 1882 ἐπεῖχε

1918 1791 2051 1845 idem
2080 1789 2171 1845 ille
2203 1791 2342 1861 ignis
2365 1792 2622 1862 apparuit
2652 1803 2806 1848 extra
2826 1793 2987 1861 illos;
3018 1795 3074 1849 in
3110 1797 3293 1854 medio
3323 1800 3472 1855 enim

223 1901 287 1952 τὸ
314 1899 642 1969 φαινόμενον
676 1898 808 1970 πῦρ,
853 1900 945 1954 τοῦ
999 1902 1072 1972 μὴ
1107 1901 1284 1956 καίειν
1332 1901 1426 1955 καὶ
1471 1901 1727 1974 βλάπτειν
1753 1920 1805 1956 τι

223 1993 355 2055 τοὺς
404 1991 670 2055 δικαίους.
736 1991 969 2062 Ὁμοίως
1006 1993 1062 2046 δέ
1115 1994 1210 2046 καὶ
1260 1994 1354 2046 ἐπὶ
1410 1992 1505 2047 τοῦ
1570 1994 1803 2066 Ἰσραὴλ,

225 2084 420 2155 ἐπειδὴ
453 2085 480 2138 6
523 2082 649 2147 νοῦς
690 2083 872 2138 αὐτῶν
913 2088 1010 2138 καὶ
1060 2085 1090 2137 6
1129 2085 1388 2156 λογισμὸς
1434 2086 1492 2140 ἐν
1548 2087 1807 2158 προθέσει

226 2171 343 2246 εἶχε
409 2175 506 2228 τοῦ
567 2175 943 2246 μακρυνθῆναι
996 2175 1102 2230 ἀπὸ
1152 2175 1286 2230 Θεοῦ
1327 2177 1549 2244 ζῶντος,
1603 2179 1697 2232 καὶ
1729 2180 1808 2242 εἰς

231 2265 677 2336 εἰδωλολατρείαν
704 2268 997 2337 τραπῆναι,
1031 2268 1352 2338 ἠναγκάσθη
1397 2267 1607 2339 Ἀαρὼν
1634 2271 1808 2322 εἰπεῖν

241 2359 440 2422 αὺτοῖς,
473 2360 720 2427 ἐνεγκεῖν
745 2360 814 2412 τὰ
853 2359 1020 2431 σκεύη
1045 2363 1113 2414 τὰ
1152 2363 1329 2431 χρυσᾶ
1368 2361 1464 2414 καί⁵
1490 2361 1558 2414 τὰ
1581 2363 1804 2432 κόσμια.

247 2452 438 2503 Λοιπὸν
459 2453 487 2504 6
515 2451 736 2522 χρυσὸς,
765 2451 859 2504 καὶ
887 2452 955 2505 τὰ
995 2452 1186 2523 σκεύη,
1237 2453 1382 2526 άπερ
1409 2455 1689 2508 ἐνέϐαλλον
1731 2457 1810 2517 εἰς

239 2543 298 2594 τὸ
331 2543 462 2614 πῦρ,
497 2544 712 2597 εἴδωλον
765 2546 1002 2612 ἐγένενο,
1058 2547 1155 2599 καὶ
1179 2544 1368 2615 ὥσπερ
1415 2546 1726 2618 ἐμιμήσατο
1752 2546 1810 2598 τὸ

234 2633 344 2702 πῦρ
368 2634 472 2702 τὴν
529 2634 847 2704 προαίρεσιν
899 2634 1098 2690 αὐτῶν.
1158 2635 1328 2689 Τοῦτο
1382 2637 1440 2690 δὲ
1501 2635 1810 2708 θαυμαστὸν

230 2728 494 2795 πρᾶγμα.
545 2725 762 2794 Ἐπειδὴ
791 2728 897 2797 γάρ
927 2727 1066 2780 κατὰ
1091 2727 1351 2798 πρόθεσιν
1380 2729 1438 2780 ἐν
1459 2728 1535 2799 τῷ
1562 2727 1808 2799 κρυπτῷ,

229 2819 329 2871 καὶ
367 2820 485 2882 τοῖς
519 2817 801 2888 λογισμοῖς
829 2819 1008 2872 αὐτῶν
1040 2819 1425 2874 ἐϐουλεύσαντο
1472 2822 1572 2890 τὴν
1602 2820 1814 2874 εἰδωλο-

227 2911 517 2983 λατρείαν,
554 2913 648 2963 καὶ
699 2911 760 2964 τὸ
793 2912 903 2981 πῦρ
942 2913 1143 2982 ὁμοίως
1176 2912 1243 2966 τὰ
1281 2912 1621 2984 ἐμϐληθέντα
1646 2912 1813 2984 σκεύη

229 3003 459 3055 εἴδωλον
487 3002 809 3072 εἰργάσατο,
839 3004 934 3057 καὶ
955 3003 1143 3058 λοιπὸν
1160 3006 1217 3058 ἐν
1237 3005 1313 3076 τῷ
1336 3005 1644 3077 φαινομένῳ
1673 3005 1817 3061 είδω·

229 3095 606 3166 λολάτρησαν.
659 3095 869 3166 Ὠσπερ
908 3095 1001 3150 οῦν
1031 3097 1082 3149 οἱ
1114 3099 1263 3168 τρεῖς
1311 3097 1500 3161 παῖδες
1535 3096 1814 3152 δικαιοσύ-
1839 3122 1889 3185 c

229 3205 335 3257 νην
365 3186 742 3256 λογισάμενοι,
791 3187 1040 3253 ἐδέξαντο
1077 3189 1136 3242 ἐν
1186 3190 1399 3253 ἑαυτοῖς
1427 3189 1488 3242 τὸ
1534 3188 1626 3242 τοῦ
1680 3189 1813 3242 Θεοῦ

231 3277 370 3349 πῦρ,
406 3279 501 3330 καὶ
534 3279 944 3350 προσεκύνησαν
977 3279 1056 3352 τῷ
1084 3281 1277 3351 Κυρίῳ
1303 3281 1359 3332 ἐν
1378 3280 1635 3352 ἀληθείᾳ·
1673 3279 1818 3333 οὕτω

231 3367 334 3419 καὶ
355 3364 456 3418 νῦν
478 3365 536 3417 αἱ
565 3366 753 3420 πισταὶ
801 3367 971 3438 ψυχαὶ¹
1008 3368 1252 3439 δέχονται
1309 3371 1487 3423 ἐκεῖνο
1539 3371 1601 3423 τὸ
1638 3370 1817 3423 θεῖκδν

229 3457 332 3511 καὶ
373 3457 701 3528 ἐπουράνιον
751 3459 882 3530 πῦρ,
919 3461 978 3513 ἐν
1030 3459 1109 3530 τῷ
1159 3461 1317 3516 αἰῶνι
1370 3461 1563 3528 τούτῳ,
1623 3464 1682 3513 ἐν
1739 3461 1818 3530 τῷ

235 3549 474 3620 κρυπτῷ
499 3565 514 3578 ·
539 3551 634 3603 καὶ
659 3551 792 3604 αὐτὸ
829 3553 1004 3604 ἐκεῖνο
1057 3556 1256 3624 μορφοῖ
1283 3555 1466 3606 εἰκόνα
1496 3554 1817 3625 ἐπουράνιον

237 3644 318 3705 εἰς
347 3643 447 3712 τὴν
480 3642 577 3698 ἀνθ
585 3643 902 3714 ρωπότητα.

311 3735 391 3788 I".
411 3736 620 3806 ’Ὠσπερ
641 3735 734 3788 οὖν
751 3737 1037 3806 ἐμόρφωσε
1061 3736 1121 3789 τὸ
1138 3737 1250 3808 πῦρ
1266 3737 1332 3791 τὰ
1349 3737 1519 3806 σκεύη
1534 3739 1603 3788 τά
1617 3739 1813 3807 χρυσᾶ,

253 3827 354 3877 καὶ
380 3827 590 3894 ἐγένετο
624 3827 840 3881 εἴδωλον
862 3844 876 3857 ’
901 3828 1044 3882 οὕτω
1069 3831 1169 3882 ικαὶ
1198 3832 1225 3882 6
1249 3829 1473 3899 Κύριος,
1492 3827 1550 3892 ὃς
1575 3829 1818 3899 μιμεῖται

255 3918 370 3970 τῶν
391 3921 582 3974 πιστῶν
606 3923 700 3974 καὶ
736 3921 958 3991 ἀγαθῶν
985 3923 1172 3994 ψυχῶν
1205 3923 1304 3986 τὰς
1332 3924 1702 3994 προαιρέσεις,
1725 3921 1819 3974 καὶ¹

249 4011 393 4064 κατὰ
422 4013 479 4066 τὸ
518 4014 730 4085 Θὲλημα
759 4015 938 4068 αὐτῶν
979 4018 1181 4086 μορφοί
1213 4016 1398 4069 εἰκόνα
1428 4016 1524 4067 καὶ
1547 4014 1642 4068 νῦν
1671 4016 1728 4066 ἐν
1750 4016 1816 4084 τῇ

240 4103 412 4174 ψυχῇ,
432 4106 524 4158 καὶ
544 4108 603 4158 ἐν
628 4108 696 4176 τῇ
720 4096 1013 4160 ἀναστάσει
1041 4105 1304 4178 ἐξώτερον
1344 4105 1520 4159 αὐτῶν
1549 4105 1816 4174 φαίνεται,

241 4201 342 4251 καὶ¹
367 4198 580 4263 δοξάζει
623 4197 691 4251 τὰ
729 4198 956 4269 σώματα
1007 4197 1186 4251 αὐτῶν
1222 4197 1420 4251 ἔσωθεν
1459 4199 1554 4250 καὶ
1597 4196 1817 4262 ἔξωθεν.

255 4292 401 4344 Ἀλλ’
420 4291 479 4343 ὃν
498 4291 696 4361 τρόπον
713 4291 780 4344 τὰ
798 4289 1024 4360 σώματα
1037 4289 1214 4344 αὐτῶν
1234 4289 1548 4360 ἐφθαρμένα
1564 4291 1670 4342 εἰσὶ
1683 4288 1820 4350 τέως

241 4389 301 4438 ἐν
330 4385 414 4456 τῷ
441 4384 619 4456 καιρῷ
636 4384 829 4452 τούτῳ,
860 4385 954 4438 καὶ
984 4384 1174 4454 νεκρὰ,
1207 4385 1300 4436 καὶ
1317 4382 1582 4452 λελυμένα
1604 4397 1615 4410 ·
1649 4379 1820 4443 οὕτως

1917 1883 2136 1937 illorum
2173 1883 2346 1950 stetit,
2395 1893 2451 1939 et
2484 1885 2732 1940 cohibuit
2770 1896 3126 1958 apparentem
3175 1887 3376 1960 ignem,
3407 1905 3478 1946 ne

1909 1985 2100 2031 ureret
2129 1986 2225 2032 aut
2252 1977 2477 2032 laaderet
2500 1977 2680 2048 aliqua
2710 1994 2777 2033 ex
2803 1989 2960 2050 parte
2981 1980 3183 2051 justos.
3212 1981 3479 2038 Similiter

1909 2082 2126 2137 quoque
2163 2067 2534 2123 Israelitarum
2587 2069 2947 2139 temporibus,
2985 2086 3109 2126 cum
3157 2072 3374 2128 animus
3423 2081 3480 2129 et

1909 2155 2273 2226 cogitationes
2294 2155 2516 2211 illorum
2539 2157 2862 2213 statuissent
2882 2159 3143 2215 recedere
3159 2161 3312 2217 aDeo
3329 2163 3476 2228 vivo,

1907 2244 2048 2298 etad
2071 2244 2436 2300 idololatriam
2464 2248 2733 2313 converti,
2766 2257 2990 2305 coactus
3009 2259 3093 2305 est
3125 2250 3305 2306 Aaron
3329 2252 3478 2307 indi-

1910 2349 2034 2390 cere
2061 2334 2189 2400 illis,
2217 2343 2279 2390 ut
2311 2336 2575 2391 aflerrent
2609 2353 2776 2394 aurea
2809 2348 2864 2393 et
2885 2349 3113 2396 venusta
3131 2358 3280 2400 vasa.
3325 2344 3483 2400 Post-

1911 2428 2132 2482 modum
2165 2445 2361 2484 aurum
2391 2439 2448 2485 et
2479 2447 2629 2498 vasa,
2661 2447 2784 2503 quae
2819 2435 3168 2505 conjeeerant
3193 2436 3249 2491 in
3276 2437 3484 2508 ignem,

1913 2518 1968 2573 in
2003 2521 2206 2575 idolum
2232 2529 2361 2576 sunt
2393 2533 2754 2586 conversa,et
2784 2526 2939 2595 quasi
2970 2527 3218 2583 imitatus
3238 2541 3322 2585 est
3343 2529 3484 2600 ignis

1913 2613 2130 2666 illorum
2183 2613 2546 2683 propositum.
2595 2615 2710 2670 lloc
2752 2624 2933 2671 autem
2987 2618 3350 2674 admiratione
3395 2621 3483 2676 di-

1913 2720 2100 2775 gnum.
2133 2703 2268 2759 Cum
2305 2705 2452 2760 enim
2483 2708 2788 2761 secundum
2832 2710 3160 2766 sententiam
3203 2712 3372 2768 animi
3405 2715 3489 2768 in-

1915 2797 2154 2862 terioris,
2172 2806 2227 2851 et
2252 2798 2306 2851 in
2337 2797 2765 2868 cogitationibus
2786 2800 2920 2865 suis,
2937 2802 3300 2858 idolol-atriam
3325 2822 3486 2861 exer-

1915 2906 2040 2944 cere
2065 2891 2467 2958 decrevissent;
2491 2891 2655 2947 etiam
2679 2892 2818 2963 ignis
2850 2894 3104 2950 similiter
3133 2896 3333 2962 injecta
3356 2916 3484 2954 vasa

1917 2983 1973 3037 in
2013 2983 2219 3038 idolum
2249 2986 2521 3039 convertit
2552 3003 2567 3041 :
2608 2997 2664 3040 et
2710 2995 2824 3041 tum
2856 2988 3034 3057 palam
3080 2989 3244 3044 idolis
3277 2993 3484 3048 cultum

1917 3077 2350 3132 exhibuerunt".
2384 3079 2854 3146 Quemadmodum
2899 3099 3030 3155 ergo
3061 3093 3173 3140 tres
3222 3087 3328 3157 illis
3356 3085 3490 3158 pue-

1920 3169 1986 3234 ri,
2016 3171 2134 3239 qui,
2165 3170 2395 3242 justitixe
2436 3187 2657 3242 operam
2684 3174 2900 3240 dantes,
2933 3190 3298 3250 susceperunt
3325 3179 3381 3235 in
3431 3198 3491 3238 se

1919 3262 2022 3332 ipsi
2058 3262 2236 3334 ignem
2271 3264 2542 3331 divinum,
2573 3274 2628 3321 et
2658 3267 2960 3323 adorarunt
2989 3271 3282 3327 Dominum
3317 3272 3372 3328 in
3398 3289 3494 3330 ve-

1918 3355 2119 3409 ritate:
2153 3356 2232 3412 sic
2283 3373 2500 3427 quoque
2533 3373 2680 3414 nunc
2725 3361 2922 3416 anima:
2973 3361 3164 3418 ﬁdeles
3211 3365 3492 3435 recipiunt

1917 3449 2132 3508 occulte
2163 3449 2315 3502 illum
2361 3449 2609 3505 divinum
2641 3461 2697 3505 et
2740 3454 3019 3509 caelestem
3071 3455 3254 3526 ignem
3293 3456 3349 3511 in
3381 3458 3489 3514 hoe

1917 3542 2175 3610 praesenti
2229 3543 2430 3597 saaculo
2466 3561 2480 3596 :
2514 3552 2572 3598 et
2621 3543 2715 3598 ille
2771 3544 2912 3615 ignis
2958 3544 3162 3602 format
3194 3544 3490 3620 imaginem

1917 3631 2194 3687 cmlestem
2229 3633 2285 3686 in
2315 3632 2562 3686 homine.

1987 3723 2076 3777 lll.
2115 3723 2269 3778 Sicut
2293 3723 2462 3793 igitur
2487 3724 2743 3779 formavit
2780 3725 2922 3796 ignis
2945 3740 3074 3782 vasa
3109 3742 3301 3793 aurea,
3328 3737 3386 3784 et
3407 3729 3491 3783 fa-

1917 3823 2064 3870 ctum
2094 3823 2179 3870 est
2209 3815 2417 3869 idolum
2446 3832 2462 3869 :
2497 3814 2573 3870 ita
2591 3830 2810 3885 quoque
2827 3815 3112 3882 Dominus,
3129 3819 3224 3888 qui
3247 3819 3494 3874 imitatur

1917 3906 2161 3961 ﬁdelium
2189 3923 2255 3962 ac
2297 3907 2513 3977 piarum
2543 3907 2852 3962 animarum
2880 3907 3235 3976 intentiones,
3291 3926 3356 3965 ac
3391 3927 3493 3981 pro

1916 4000 2199 4055 voluntate
2236 4015 2426 4056 earum
2461 4000 2662 4055 format
2686 3999 2975 4071 imaginem
2996 4041 3012 4066 ,
3042 4017 3164 4072 quae
3196 4019 3345 4058 nunc
3367 4003 3495 4074 qui-

1918 4093 2042 4149 dem
2068 4094 2125 4149 in
2154 4095 2334 4148 anima
2367 4103 2470 4152 est.
2509 4104 2564 4149 et
2585 4094 2640 4148 in
2665 4095 3069 4150 resurrectione
3104 4096 3346 4151 exterius
3398 4112 3494 4166 ap—

1917 4187 2165 4256 parebit;
2185 4194 2241 4242 et
2263 4187 2530 4257 glorificat
2563 4202 2793 4256 corpora
2824 4187 3042 4241 illorum
3068 4185 3217 4241 intus
3243 4195 3298 4240 et
3318 4196 3494 4243 extra.

1921 4280 2119 4335 Verum
2149 4279 2537 4349 sicutcorpora
2553 4279 2772 4334 illorum
2796 4287 3062 4348 corrupta
3079 4285 3209 4334 sunt
3233 4279 3326 4332 illo
3357 4288 3497 4333 tem-

1919 4386 2074 4441 pore,
2103 4379 2318 4425 mortua
2340 4381 2395 4425 et
2424 4371 2693 4425 dissoluta
2725 4387 2738 4422 :
2778 4371 2859 4425 sic
2895 4385 3116 4440 quoque
3136 4371 3497 4440 cogitationes

241 4480 353 4530 εἰσὶ
386 4479 484 4530 καὶ
513 4479 560 4530 οἱ
589 4477 834 4546 λογισμοί
861 4494 1024 4530 τινων
1043 4476 1148 4530 ὑπὸ
1167 4475 1261 4529 τοῦ
1293 4476 1508 4528 Σατανᾶ
1545 4472 1813 4543 ἐφθαρμέ-

1925 4463 2292 4532 quorumdam
2320 4477 2351 4517 a
2385 4462 2587 4517 Satana
2625 4471 2755 4516 sunt
2776 4470 3053 4531 corruptae
3079 4469 3136 4516 et
3163 4471 3397 4518 mortuae
3428 4479 3500 4518 ne

243 4586 349 4631 νοι,
384 4569 480 4620 καὶ
503 4568 685 4638 νεκροί⁵
707 4568 812 4621 ἀπὸ
840 4568 940 4635 τῆς
985 4567 1151 4637 ζωῆς,
1214 4567 1308 4618 καὶ
1364 4564 1700 4634 κεχωσμένοι
1743 4565 1824 4625 εἰς

247 4660 520 4730 βόρϐορον
551 4659 644 4712 καὶ
686 4660 827 4728 γῆν·
880 4658 1131 4712 ἀπώλετο
1179 4658 1287 4728 γὰρ
1339 4656 1519 4711 αὐτῶν
1569 4658 1602 4726 ὴ
1653 4655 1820 4724 ψυχή.

247 4753 473 4822 Ὠσπερ
504 4747 595 4804 οὖν
621 4754 669 4804 οί
703 4751 1035 4822 Ἰσραηλῖται
1085 4749 1278 4803 ἔϐαλον
1309 4747 1379 4802 τὰ
1423 4749 1602 4819 χρυσᾶ
1655 4747 1826 4816 σκεύη

247 4849 327 4909 εἰς
380 4846 442 4898 τὸ
473 4844 606 4915 πῦρ,
629 4843 721 4898 καὶ
743 4842 962 4912 ἐγένετο
993 4839 1230 4906 εἴδωλον,
1259 4837 1401 4892 οὕτω
1433 4838 1528 4892 νῦν
1556 4839 1679 4900 τοὺς
1729 4853 1828 4889 κα·

248 4937 456 5008 θαροὺς
481 4933 772 5003 λογισμοὺς
799 4931 893 4986 καὶ
937 4928 1137 4991 καλοὺς
1187 4927 1430 4980 ἐπέδωκε
1485 4927 1553 4995 τῇ
1605 4923 1773 4992 κακίᾳ
1799 4923 1828 4974 6

251 5029 561 5098 ἄνθρωπος,
586 5025 680 5078 καὶ
735 5019 1161 5092 κατεχώσθησαν
1206 5019 1286 5081 είς
1313 5015 1403 5070 τὸν
1442 5014 1702 5087 βόρϐορον
1730 5014 1828 5081 τῆς

253 5118 551 5189 ἁμαρτίας,
608 5118 701 5170 καὶ
756 5115 1008 5183 ἐγένοντο
1033 5108 1273 5164 εἴδωλον.
1327 5106 1438 5160 Καὶ
1488 5105 1606 5168 πῶς
1631 5121 1712 5167 τις
1743 5103 1830 5154 ἵνα

257 5209 451 5272 αὐτοὺς
471 5207 690 5280 ἐξεύρῃ,
717 5210 811 5261 καὶ
836 5203 1110 5275 διακρίνῃ,
1137 5201 1232 5255 καὶ
1253 5199 1461 5273 ἐκϐάλῃ
1487 5199 1552 5250 ἐκ
1577 5194 1670 5250 τοῦ
1701 5194 1829 5248 ἰδίου

254 5301 464 5372 πυρός;
529 5297 630 5355 ὦδε
683 5300 876 5372 λύχνου
928 5295 1111 5352 θεῖκοῦ
1169 5293 1358 5364 χρείαν
1404 5291 1520 5361 ἔχει
1571 5292 1605 5361 ἡ
1657 5285 1824 5356 ψυχὴ,

243 5395 576 5467 Πνεύματος
608 5393 765 5463 ἁγίου
813 5391 908 5446 τοῦ
941 5385 1275 5460 κοσμοῦντος
1303 5385 1394 5437 τὸν
1445 5380 1828 5452 ἐσκοτισμὲνον

237 5484 422 5552 οἷκον,
447 5487 544 5539 τοῦ
559 5484 822 5554 φωτεινοῦ
861 5481 1046 5537 Ἠλίου
1071 5479 1171 5551 τῆς
1203 5473 1570 5545 δικαιοσύνης,
1595 5471 1688 5524 τοῦ
1720 5488 1831 5540 φω-

234 5578 496 5642 τίζοντος
545 5576 641 5630 καί⁵
692 5573 1072 5636 ἀνατέλλοντος
1121 5571 1203 5632 είς
1231 5567 1331 5637 τὴν
1375 5563 1627 5636 καρδίαν,
1661 5561 1827 5615 ὅπλου

233 5671 442 5746 χρείαν
470 5674 584 5742 ἔχει
605 5669 699 5724 τοῦ
727 5668 982 5732 νικῶντος
1003 5667 1094 5722 τὸν
1115 5665 1373 5738 πόλεμον.

313 5783 340 5814 ⁸
361 5783 498 5840 Dan.
529 5797 610 5846 ni,
635 5779 722 5836 l9.
799 5780 822 5812 ⁸
844 5778 980 5835 ibid.

583 5877 864 5938 ΡΔτιιοι.
899 5876 1016 5934 Gn.
1046 5872 1334 5934 XXXll’.

1921 4557 2129 4617 vivant,
2164 4563 2220 4609 et
2249 4553 2478 4609 defossa:
2511 4556 2563 4607 in
2595 4554 2770 4607 lutum
2791 4562 2848 4608 et
2879 4562 3078 4608 terram
3115 4571 3127 4606 :
3159 4553 3327 4624 periit
3350 4554 3499 4608 enim

1924 4648 2144 4702 illorum
2210 4646 2410 4701 anima.
2479 4646 2954 4712 Quemadmodum
3024 4646 3192 4716 igitur
3241 4646 3500 4700 lsraelita‘.

1925 4738 2285 4806 conjecerunt
2339 4751 2506 4790 aurea
2540 4750 2666 4790 vasa
2708 4736 2765 4789 in
2801 4736 3005 4807 ignem,
3052 4746 3108 4790 et
3155 4735 3360 4790 factum
3416 4742 3502 4789 est

1928 4829 2134 4882 idolum
2173 4844 2188 4881 :
2219 4828 2297 4882 sic
2323 4841 2473 4881 nunc
2507 4841 2670 4897 puras
2711 4835 2768 4881 et
2796 4826 2966 4880 bonas
3005 4823 3365 4894 cogitationes
3394 4830 3505 4877 tra-

1929 4920 2070 4975 didit
2098 4919 2260 4972 homo
2285 4917 2526 4983 malitiae,
2557 4933 2680 4987 qua:
2711 4916 2924 4971 obrutae
2950 4915 3066 4968 luto
3103 4911 3348 4983 peccati,
3375 4911 3500 4966 ido-

1926 5013 2039 5067 lum
2075 5011 2233 5065 factae
2274 5018 2420 5066 sunt.
2453 5009 2524 5064 At
2545 5009 2823 5079 quomodo
2873 5005 3145 5076 quiSpiam
3180 5005 3302 5059 illas
3327 5003 3497 5074 possit

1928 5105 2198 5166 invenire,
2238 5104 2552 5158 discernere
2615 5109 2670 5156 et
2707 5100 2950 5155 educere
3006 5113 3036 5152 e
3073 5097 3300 5168 proprio
3338 5095 3506 5168 igne?

1928 5193 2032 5247 Hic
2072 5192 2298 5247 lucerna
2331 5190 2517 5244 divina
2549 5203 2687 5258 opus
2731 5187 2898 5242 habet
2929 5187 3130 5251 anima,
3179 5185 3391 5256 Spiritu
3418 5185 3506 5240 vi-

1932 5285 2133 5340 delicet
2165 5292 2380 5344 sancto,
2410 5283 2504 5352 qui
2535 5289 2765 5334 exornet
2792 5279 3208 5334 obtenebratam
3240 5278 3502 5341 domum;

1929 5385 1988 5434 et
2009 5376 2306 5447 splendido
2333 5375 2460 5430 Sole
2486 5372 2740 5445 iustitiae,
2761 5372 2855 5442 qui
2886 5371 3163 5427 illuminet
3197 5379 3254 5426 et
3295 5369 3507 5425 oriatur

1930 5470 1986 5524 in
2015 5468 2211 5533 corde;
2251 5467 2420 5521 armis
2445 5479 2662 5535 quoque
2691 5479 2830 5533 opus
2854 5463 3038 5521 habet.
3066 5461 3268 5533 quibus
3309 5459 3510 5518 evadat

1932 5561 1988 5616 in
2017 5560 2162 5617 bello
2181 5559 2456 5628 superior.

3086 5849 3163 5910 18
