3966 6450
455 368 555 433 54Ί

1691 368 1752 427 S.
1794 368 2117 430 MACARII
2156 367 2442 428 ιΈῦΥΡΤΙ
2452 366 2478 426 Ι

3690 355 3796 421 548

524 479 613 535 IV.
644 476 761 532 Illic
778 476 928 531 enim
953 474 1143 542 vidua,
1169 489 1293 545 quae
1312 472 1629 544 perdiderat
1654 474 1973 530 drachmam
1991 476 2033 529 ':

2206 476 2279 533 Δ’.
2312 476 2421 531 Καὶ
2440 475 2550 547 γὰρ
2572 473 2736 544 ὲκεῖὴ
2758 470 2902 543 χήρα
2922 470 2958 541 ἠ
2981 467 3344 523 ἀπολέσασα
3367 465 3480 539 τὴν
3502 467 3790 541 δραχμὴν,

455 570 696 639 primum
730 566 983 623 accendit
1024 567 1309 623 lucernam
1330 606 1346 631 ,
1382 574 1571 636 postea
1595 566 1914 621 emundavit
1943 566 2042 621 do-

456 678 607 716 mum
640 662 866 731 :sicque
919 668 1154 731 purgata
1183 658 1371 724 domo,
1406 672 1746 729 accensaque
1793 659 2039 726 lucerna,

460 753 682 808 inventa
719 762 805 808 est
832 752 1116 819 drachma,
1140 751 1401 806 sordibus
1438 760 1602 820 atque
1645 752 1962 821 impuritate
1986 760 2043 806 et

463 854 609 899 terra
641 842 872 908 obruta;
930 857 1125 896 verum
1155 841 1339 895 anima
1386 856 1494 895 non
1540 849 1720 910 potest
1748 857 1779 896 a
1826 857 1884 896 se
1926 843 2043 913 ipsa

464 935 793 1006 investigare
812 935 1064 1005 proprias
1075 933 1450 1004 cogitationes,
1474 948 1677 1003 easque
1698 933 2039 990 discernere;

462 1026 560 1081 sed
604 1042 728 1081 cum
773 1040 1004 1079 accensa
1026 1024 1130 1078 fuit
1162 1025 1388 1078 lucerna
1412 1024 1617 1089 divina,
1654 1033 1787 1079 tunc
1832 1025 1927 1079 lux
1957 1032 2043 1080 est

460 1119 516 1172 in
554 1118 797 1174 tenebris
820 1117 1059 1172 obducta
1088 1116 1281 1183 domo;
1327 1124 1383 1171 et
1404 1123 1535 1171 tunc
1562 1115 1711 1171 videt
1749 1117 2040 1188 cogitatio-

460 1226 559 1265 nes
579 1225 725 1275 suas,
751 1209 1026 1279 quomodo
1057 1208 1169 1263 sint
1196 1208 1408 1263 obrutae
1445 1208 1764 1277 impuritale
1801 1216 1858 1264 et
1881 1224 2039 1265 coeno

462 1303 669 1372 peccati
702 1319 715 1356 :
748 1302 924 1356 oritur
979 1301 1081 1366 sol,
1138 1309 1195 1356 et
1220 1310 1336 1356 tum
1394 1300 1659 1371 perspicit
1710 1301 1895 1356 anima
1947 1302 2033 1356 sui

463 1395 784 1460 interitum,
846 1404 1008 1465 atque
1054 1394 1251 1464 incipit
1316 1409 1577 1449 revocare
1631 1395 2035 1465 cogitationes,

463 1483 717 1538 sordibus
744 1491 799 1536 ct
822 1482 1075 1552 squalore
1099 1481 1410 1552 permistas.
1442 1481 1687 1536 Perdidit
1719 1482 1865 1537 enim
1900 1482 2040 1537 ima-

464 1576 643 1647 ginem
671 1591 825 1630 suam
850 1575 1030 1629 anima
1051 1614 1068 1640 ,
1099 1588 1221 1645 quae
1255 1573 1572 1628 mandatum
1604 1575 1699 1629 Dei
1734 1582 2039 1645 transgres-

464 1684 523 1723 sa
551 1679 652 1724 est.

538 1763 599 1817 ν.
631 1760 866 1816 Perinde
895 1775 959 1816 ac
984 1762 1031 1816 si
1061 1761 1188 1831 quis
1219 1776 1315 1815 rex
1339 1760 1432 1826 sit,
1455 1760 1549 1830 qui
1578 1760 1720 1815 bona
1750 1770 1805 1816 et
1843 1775 2032 1816 servos

2143 567 2358 636 πρῶτον
2378 563 2483 639 ἧψε
2506 566 2595 619 τὸν
2625 565 2838 636 λύχνον,
2865 558 2985 615 εἶτα
3010 550 3249 630 ἐκόσμη
3260 577 3329 612 σε
3368 559 3474 612 τδν
3495 555 3675 626 οἷκον,
3702 566 3791 616 καὶ

2142 658 2284 712 οὕτω
2315 656 2683 728 κοσμηθέντος
2703 653 2798 708 τοῦ
2827 654 2999 719 οἴκου,
3029 653 3130 707 καὶ
3167 653 3286 706 τοῦ
3336 652 3561 724 λύχνου
3590 656 3790 722 ἁφθὲν-

2142 766 2254 813 τος,
2284 748 2477 821 εὑρέθη
2509 749 2542 819 ἡ
2570 746 2788 818 δραχμὴ
2827 745 2884 800 ἐν
2912 747 2980 816 τῇ
3005 744 3246 816 κόπρῳ,
3289 744 3404 798 καὶ
3434 746 3504 799 ἐν
3546 747 3617 816 τῇ
3650 744 3788 801 ἀκα-

2144 841 2362 912 θαρσίᾳ,
2394 842 2486 893 καὶ
2516 843 2582 911 τῇ
2623 842 2693 910 γῇ
2725 840 3065 909 κεχωσμένη.
3111 838 3248 893 Καὶ
3316 836 3431 891 νῦν
3459 839 3497 907 ἡ
3729 842 3785 891 οὗ

2143 931 2367 985 δύναται
2394 932 2485 1001 ἀφ’
2518 931 2717 999 ἐαυτῆς
2757 930 2937 1001 εὑρεῖν
2960 930 3084 993 τοὺς
3130 929 3329 992 ίδίους
3379 929 3785 1000 διαλογισμοὺς

2143 1024 2313 1092 αὐτῆς
2336 1023 2429 1076 καὶ
2453 1021 2707 1092 χωρίσαι,
2734 1020 2847 1074 ἀλλ’
2868 1022 2996 1074 ὅταν
3020 1020 3177 1090 ἀφθῇ
3213 1022 3247 1073 6
3270 1019 3495 1090 λύχνος
3521 1023 3552 1073 6
3582 1020 3781 1084 θεῖκὺς,

2143 1112 2305 1167 ἅπτει
2356 1114 2436 1177 είς
2471 1112 2563 1166 τὸν
2604 1112 2988 1182 ἐσκοτισμένον
3036 1107 3229 1177 οἷκον,
3266 1114 3379 1167 καὶ
3415 1114 3552 1166 τότε
3596 1114 3780 1185 βλέπει

2141 1204 2268 1266 τοὺς
2282 1204 2576 1273 λογισμοὺς
2599 1204 2791 1274 αὐτῆς,
2819 1203 2934 1267 πῶς
2964 1205 3068 1257 είσι
3119 1207 3517 1275 κεχωσμένοι
3581 1209 3665 1270 είς
3688 1207 3779 1278 τὴν

2142 1300 2486 1370 ἀκαθαρσίαν
2536 1301 2631 1355 καῖ
2669 1300 2762 1354 τὸν
2805 1299 3064 1371 βόρϐορον
3121 1302 3241 1370 τῆς
3272 1302 3621 1371 ἁμαρτίας·
3653 1304 3776 1355 ἀνα-

2141 1391 2315 1445 τέλλει
2337 1392 2552 1462 όῆλιος,
2580 1392 2673 1447 καὶ
2693 1391 2812 1445 τότε
2844 1391 3030 1461 βλέπει
3063 1393 3093 1462 ἡ
3136 1392 3311 1463 ψυχὴ
3364 1396 3475 1464 τὴν
3500 1394 3771 1448 ἀπώλειαν

2141 1485 2331 1554 αὐτῆς,
2361 1484 2458 1536 καὶ
2478 1483 2706 1555 ἄρχεται
2735 1485 3125 1538 ἀνακαλεῖσθαι
3168 1486 3319 1548 τοὺς
3372 1488 3439 1538 ἐν
3486 1488 3557 1557 τῇ
3592 1486 3767 1557 κόπρῳ

2142 1576 2237 1629 καῖ
2262 1574 2507 1647 ῥυπαρία
2552 1577 3035 1648 ἀναμεμιγμένους
3071 1576 3440 1647 λογισμούς.
3493 1579 3760 1630 Ἀπὼλεσε

2140 1668 2249 1739 γάρ
2278 1668 2375 1737 τὴν
2406 1668 2590 1721 είκόνα
2615 1668 2836 1740 αὑτῆςή
2864 1669 3008 1740 ψυχὴ
3028 1669 3364 1741 παραϐᾶσα
3389 1670 3500 1740 τὴν
3527 1669 3753 1738 ἐντολήν.

2212 1757 2286 1813 Ε’.
2321 1760 2529 1831 ’Ὠσπερ
2568 1756 2720 1831 ἐάνῇ
2768 1777 2852 1824 τις
2886 1760 3171 1831 βασιλεὺς,
3224 1760 3335 1815 καὶ
3378 1760 3485 1832 ἔχῃ
3538 1760 3751 1831 ὕπαρξιν

465 1855 569 1909 sub
603 1869 661 1908 se
689 1854 909 1919 habeat,
948 1854 1054 1908 sibi
1100 1853 1476 1909 ministrantes
1508 1871 1522 1907 :
1556 1853 2035 1923 contingatautem

2156 1851 2238 1905 καὶ
2268 1826 2549 1914 διακόνους
2583 1851 2674 1920 ὑφ’
2691 1826 2897 1905 ἐαυτὸν
2920 1853 3047 1915 τοὺς
3090 1826 3552 1926 ὑττηρετοῦἆας
3578 1826 3745 1920 αὐτῷ·

467 1945 617 2001 hunc
638 1945 706 1999 ab
730 1945 969 2001 inimicis
998 1945 1458 2015 comprehensum
1484 1946 1759 2015 captivum
1783 1945 1984 2001 abduci
2022 1964 2038 2001 :

466 2052 535 2092 eo
568 2044 725 2106 capto
766 2046 989 2092 ctextra
1025 2038 1288 2092 terminos
1311 2038 1561 2108 abrepto,
1592 2038 1782 2108 utique
1823 2046 2043 2109 Oportet

468 2142 658 2181 servos
679 2136 735 2181 ct
762 2127 1044 2181 ministros
1069 2143 1100 2181 a
1121 2136 1271 2197 tergo
1298 2127 1449 2181 illum
1480 2128 1638 2198 sequi
1675 2145 1690 2182 :
1719 2128 1799 2184 sic
1824 2145 2043 2200 quoque

468 2218 640 2273 Adam
664 2219 916 2274 conditus
931 2226 1013 2273 est
1040 2234 1211 2289 purus
1234 2234 1263 2273 a
1291 2219 1403 2274 Deo
1424 2219 1480 2273 in
1500 2220 1618 2289 ejus
1636 2220 2000 2277 ministerium
2026 2239 2042 2277 :

469 2308 578 2380 ω
596 2309 680 2363 hae
701 2324 833 2364 vero
864 2321 1133 2365 creaturae
1159 2308 1227 2365 ad
1256 2310 1605 2366 serviendum
1629 2311 1681 2367 ei
1716 2311 1857 2368 datae
1882 2322 2042 2370 sunt:

472 2400 737 2456 Dominus
764 2400 912 2455 enim
940 2410 996 2456 et
1025 2417 1120 2456 rex
1148 2404 1482 2459 constitutus
1503 2411 1588 2459 est
1611 2401 1859 2457 omnium
1887 2418 2045 2459 crea-

473 2496 745 2543 turarum.
779 2489 980 2543 Verum
1003 2499 1292 2560 postquam
1326 2505 1510 2545 sermo
1550 2490 1836 2561 improbus
1867 2491 1936 2547 ad
1980 2491 2048 2546 il-

471 2582 587 2635 lum
616 2580 884 2650 pervenit,
915 2588 970 2636 et
1007 2595 1132 2635 cum
1165 2595 1232 2635 eo
1258 2591 1616 2637 conversatus
1648 2591 1752 2648 est,
1781 2582 1897 2653 ipse
1929 2584 2047 2652 pri-

474 2687 625 2726 mum
690 2672 880 2727 auditu
940 2672 1200 2727 exteriori
1254 2674 1495 2745 suscepit
1553 2688 1705 2740 eum,
1753 2673 1955 2731 deinde
2001 2673 2049 2731 is

476 2764 781 2837 penetravit
802 2765 859 2821 in
894 2782 990 2823 cor
1029 2769 1169 2839 ejus,
1196 2777 1251 2824 et
1280 2783 1499 2824 omnem
1525 2769 1646 2840 ejus
1680 2770 2048 2825 substantiam

477 2859 768 2929 occupavit
803 2867 899 2915 :et
930 2860 1005 2914 ita
1041 2860 1263 2915 tandem
1289 2868 1449 2931 capto
1473 2861 1589 2926 illo,
1635 2870 1791 2932 capta
1826 2878 2048 2933 quoque

476 2959 580 3019 est,
619 2967 740 3021 quae
773 2950 1122 3007 ministrabat
1150 2960 1205 3007 et
1246 2953 1629 3009 subservicbat
1652 2954 1727 3020 ei,
1775 2963 2047 3010 creatura.

482 3045 585 3099 Per
620 3059 747 3099 eum
779 3044 927 3099 enim
963 3045 1254 3115 imperium
1287 3045 1527 3100 obtinuit
1555 3061 1705 3101 mors
1741 3060 1907 3117 super
1935 3061 2054 3101 om-

481 3152 606 3191 nem
654 3137 1006 3201 animam,et
1059 3137 1285 3192 omnino
1334 3138 1627 3208 imaginem
1676 3138 1806 3194 Adae
1849 3140 2122 3224 delevitc

481 3238 705 3299 pr0pter
722 3230 842 3300 ejus
869 3228 1320 3295 inobedientiam,
1362 3229 1499 3285 adeo
1527 3241 1587 3285 ut
1614 3233 1865 3288 conversi
1888 3241 2055 3304 atque

482 3318 721 3388 prolapsi
750 3317 861 3372 sint
888 3318 1141 3372 homines
1164 3317 1232 3372 ad
1255 3319 1564 3374 adorandos
1592 3319 1887 3393 daemones.
1913 3321 2057 3378 Ecce

482 3410 630 3462 enim
673 3408 888 3463 fructus
941 3416 1123 3473 teme,
1162 3408 1257 3479 qui
1291 3408 1347 3463 in
1397 3409 1603 3465 bonum
1652 3425 1810 3466 usum
1858 3426 1890 3466 a
1944 3410 2059 3467 Deo

484 3501 654 3556 creati
688 3509 835 3565 sunt,
868 3499 1177 3555 oﬂ'eruntur
1205 3500 1566 3556 dtemonibus.
1600 3502 1824 3567 Panem,
1869 3502 2059 3559 vinum

485 3602 541 3649 et
570 3594 749 3649 oleum
773 3593 1013 3648 oﬂ‘erunt
1043 3593 1311 3649 altaribus
1341 3609 1557 3660 eorum,
1591 3601 1648 3649 et
1674 3594 1931 3650 animalia
1960 3596 2063 3651 im-

486 3690 718 3751 ponunt.
769 3681 874 3737 Sed
913 3698 1022 3737 non
1059 3681 1176 3738 haec
1201 3692 1448 3751 tantum;
1506 3682 1601 3738 sed
1638 3682 1781 3741 ﬁlios
1807 3685 1975 3741 etiam
2006 3695 2063 3742 et

486 3771 626 3829 ﬁlias
648 3773 1003 3831 immolarunt
1027 3774 1328 3830 daemoniis.

563 3954 647 4011 Vl.
680 3955 795 4010 Hoc
822 3955 988 4026 igitur
1008 3965 1255 4027 tempore
1284 3958 1377 4014 ille
1396 4000 1410 4025 ,
1438 3959 1534 4029 qui
1563 3959 1825 4015 formavrt
1859 3975 2061 4030 corpus

488 4053 545 4100 et
572 4045 831 4111 animam,
876 4046 993 4115 ipse
1026 4047 1213 4116 prodit
1259 4056 1318 4103 et
1364 4048 1616 4105 dissolvit
1647 4066 1809 4105 onme
1840 4050 2062 4107 institu-

493 4146 607 4191 tum
646 4138 773 4192 mali
805 4136 1091 4203 daemonis,
1117 4154 1181 4193 ac
1206 4152 1371 4209 Opera
1406 4140 1528 4211 ejus
1552 4141 1608 4196 in
1634 4143 2061 4214 cogitationibus

490 4237 835 4296 constructa;
860 4237 914 4284 et
944 4238 1167 4284 renovat
1193 4238 1359 4300 atque
1390 4230 1591 4286 format
1628 4233 1919 4304 imaginem
1953 4250 2065 4291 cm-

492 4322 707 4388 lestem,
746 4331 803 4378 et
856 4322 1046 4377 condit
1070 4338 1267 4377 novam
1294 4324 1554 4391 animam,
1586 4316 1646 4380 ut
1673 4326 1849 4382 Adam
1879 4329 2062 4385 denuo

497 4412 591 4467 ﬁat
616 4428 711 4467 rex
735 4415 928 4469 mortis
940 4423 998 4469 et
1012 4413 1268 4470 dominus
1293 4419 1775 4475 creaturarum.Et
1791 4420 1846 4474 in
1869 4423 2063 4478 umbra

2149 1944 2333 2015 συμϐῇ
2388 1943 2447 1996 δέ
2483 1942 2669 1997 τοῦτον
2705 1943 2811 1997 ὑπὸ
2849 1944 2957 1998 τῶν
3006 1943 3239 2015 ἐχθρῶν
3298 1943 3739 2015 παραληφθῆναι,

2145 2035 2241 2089 καὶ
2296 2034 2821 2106 αίχμαλωτισθῆναι,
2879 2036 3073 2089 τούτου
3138 2034 3630 2107 παραληφθέντος
3668 2035 3748 2087 καὶ

2146 2128 2534 2200 ἐξορισθέντος,
2564 2128 2776 2200 ἀνάγκη
2816 2127 2912 2182 καὶ
2943 2127 3071 2191 τοὺς
3114 2125 3433 2189 διακόνους
3469 2125 3633 2179 αὐτοῦ
3658 2125 3743 2177 καὶ

2147 2221 2425 2292 ὑπηρέτας
2445 2221 2619 2275 ὀπίσω
2639 2220 2803 2274 αὑτοῦ
2824 2218 3144 2274 ἀκολουθεῖν
3174 2236 3188 2247 ο
3224 2216 3385 2271 οὕτω
3410 2218 3500 2270 καὶ
3519 2219 3546 2269 ὁ
3578 2215 3741 2282 Ἀδὰμ

2146 2313 2371 2383 ἐκτίσθη
2398 2313 2642 2384 καθαρὸς
2676 2313 2783 2367 ὑπὸ
2813 2312 2909 2366 τοῦ
2934 2310 3070 2365 Θεοῦ
3102 2312 3191 2375 είς
3222 2310 3508 2364 διακονίαν
3549 2305 3729 2370 αὐτοῦ,

2149 2406 2248 2458 καὶ
2276 2406 2446 2460 ταῦτα
2487 2406 2556 2460 τά
2581 2405 2857 2476 κτίσματα
2878 2407 2957 2469 είς
2989 2404 3321 2476 ὑπηρεσίαν
3356 2401 3507 2471 αὐτῷ
3556 2398 3732 2470 ἐδόθη⁹

2148 2496 2354 2568 Κύριος
2382 2497 2486 2569 γὰρ
2516 2497 2608 2551 καὶ
2667 2497 2920 2567 βασιὶεὺς
2974 2496 3307 2569 κατεστάθη
3368 2497 3588 2551 πάντων
3634 2493 3727 2547 τῶν

2150 2588 2488 2658 κτισμάτων·
2522 2588 2637 2643 ἀλλ’
2669 2587 2729 2654 ἐξ
2754 2583 2813 2642 οὑ
2847 2591 2875 2643 6
2900 2589 3054 2658 λόγος
3092 2590 3123 2642 6
3160 2588 3414 2659 πονηρὸς
3445 2582 3721 2656 προσῆλθεν

2151 2681 2323 2752 αὐτῷ,
2353 2682 2448 2736 καὶ
2497 2682 2937 2753 προσωμίλησεν,
2981 2680 3149 2746 αὐτὸς
3196 2680 3481 2751 πρότερον
3530 2676 3613 2729 διὰ
3644 2673 3718 2740 τῆς

2151 2772 2350 2837 ἔξωθεν
2382 2774 2551 2843 ἀκοῆς
2588 2773 2883 2840 ὑπεδέξατο
2912 2766 3102 2839 αὑτὸν,
3140 2768 3274 2826 εἷτα
3321 2769 3544 2841 διῆλθεν
3584 2763 3720 2820 αὑτοῦ

2150 2862 2239 2917 διά
2268 2863 2368 2932 τῆς
2424 2864 2677 2934 καρδίας,
2722 2864 2817 2917 καὶ
2858 2862 3130 2933 κατέσχεν
3195 2860 3374 2916 αὑτοῦ
3422 2860 3603 2913 πᾶσαν
3642 2857 3718 2923 τὴν

2153 2954 2480 3008 ὑπόστασινο
2520 2956 2615 3008 καὶ
2639 2954 2783 3007 οὕτω
2809 2953 2993 3006 λοιπὸν
3047 2953 3226 3007 αὑτοῦ
3266 2948 3717 3023 παραληφθέντος.

2155 3047 2588 3119 συμπαρελήφθη
2639 3046 2734 3100 καὶ
2790 3049 2823 3116 ἡ
2862 3045 3195 3100 διακονοῦσα
3246 3045 3348 3099 καὶ
3404 3037 3715 3112 ὑπηρετοῦσα

2155 3138 2304 3210 αὐτῷ
2333 3139 2531 3206 κτίσις.
2560 3139 2639 3192 Δι’
2662 3138 2826 3193 αὑτοῦ
2859 3138 2967 3210 γὰρ
2987 3138 3079 3192 ἐπὶ
3102 3139 3300 3193 πᾶσαν
3346 3136 3524 3206 ψυχὴν
3561 3127 3717 3185 ἐϐασί-

2155 3228 2389 3283 λευσενό
2420 3229 2669 3298 θάνατος,
2700 3231 2793 3284 καὶ
2824 3232 3005 3284 πᾶσαν
3032 3231 3233 3284 είκόνα
3260 3230 3363 3284 τοῦ
3401 3228 3565 3296 Ἀδὰμ
3596 3221 3712 3293 ἠφά-

2156 3337 2302 3374 νισεν
2325 3321 2390 3375 ἐκ
2421 3321 2521 3389 τῆς
2551 3322 2761 3375 ἐκείνου
2795 3324 3100 3393 παρακοῆς,
3126 3321 3281 3375 ὥστε
3324 3319 3590 3393 τραπῆναι
3609 3313 3710 3373 τοὺς

2156 3412 2497 3483 ἀνθρώπους,
2532 3413 2627 3467 καὶ
2659 3414 2837 3468 ἐλθεῖν
2885 3416 2967 3479 είς
3011 3414 3407 3484 προσκύνησιν
3456 3407 3704 3477 δαιμόνων.

2169 3500 2300 3554 Ἰδοὺ
2325 3500 2435 3571 γὰρ
2465 3502 2513 3555 οί
2549 3502 2754 3573 καρποὶ
2788 3502 2891 3572 τῆς
2921 3503 3025 3573 γῆς
3050 3504 3098 3556 οί
3138 3502 3253 3555 ὑπὸ
3300 3498 3397 3554 τοῦ
3454 3495 3573 3552 Θεοῦ
3601 3508 3699 3544 κτι-

2160 3590 2379 3655 σθέντες
2412 3591 2615 3657 καλῶς,
2642 3593 3045 3664 προσφέρονται
3079 3596 3202 3656 τοῖς
3236 3592 3511 3661 δαίμοσιν.
3537 3586 3695 3653 Ἄρτον

2160 3682 2256 3736 καὶ
2276 3677 2437 3747 οἶνον,
2470 3684 2564 3736 καὶ
2595 3682 2771 3737 ἔλαιον
2793 3684 2851 3735 ἐν
2874 3686 2984 3746 τοῖς
3026 3683 3237 3754 βωμοῖς
3261 3682 3468 3741 αὐτῶν,
3498 3676 3579 3730 καί
3605 3671 3697 3735 ζῶα

2160 3774 2497 3831 ἐπιτιθέασιν
2516 3790 2531 3805 ’
2562 3777 2624 3829 οὑ
2662 3775 2772 3846 μὴν
2794 3774 2931 3828 ἀλλὰ
2966 3777 3059 3829 καὶ
3082 3777 3216 3839 τοὺς
3242 3774 3396 3837 υἱοὺς
3426 3768 3605 3827 αὐτῶν,
3624 3760 3697 3816 καὶ

2156 3867 2257 3931 τὰς
2291 3866 2599 3937 θυγατέρας
2630 3864 2828 3919 ἔθυσαν
2860 3868 2973 3929 τοῖς
3004 3865 3338 3932 δαιμονίοις.

2231 3961 2321 4026 ς’.
2355 3958 2464 4011 Νῦν
2495 3953 2588 4012 οὖν
2616 3957 2779 4021 αὐτὸς
2800 3959 2828 4011 ό
2864 3958 3076 4021 πλάσας
3098 3958 3161 4011 τὸ
3188 3956 3353 4029 σῶμα
3395 3953 3485 4009 καὶ
3514 3949 3601 4019 τὴν
3618 3944 3695 4012 ψυ-

2160 4050 2281 4122 Χῆν,
2312 4050 2473 4115 αὐτὸς
2502 4049 2722 4121 ἔρχεται
2751 4050 2846 4103 καὶ
2871 4049 3078 4103 διαλύει
3127 4053 3317 4105 πᾶσαν
3346 4047 3443 4117 τὴν
3466 4046 3690 4107 ἀναστροο

2162 4143 2268 4213 φὴν
2313 4140 2406 4193 τοῦ
2445 4141 2705 4211 πονηροῦ,
2746 4140 2940 4194 καὶτὰ
2983 4139 3121 4211 ἔργα
3165 4139 3336 4196 αὑτοῦ
3366 4136 3434 4190 τὰ
3456 4124 3691 4187 ἐπιτελού-

2168 4249 2303 4303 μενα
2337 4232 2396 4285 ἐν
2422 4233 2536 4295 τοῖς
2565 4232 2869 4301 λογισμοῖς,
2912 4232 3008 4285 καὶ
3039 4231 3385 4293 ἀνακαινίζει
3410 4226 3499 4281 καὶ
3528 4215 3689 4294 μορφοῖ

2164 4324 2348 4377 εἰκόνα
2379 4322 2721 4395 ἐπουράνιον,
2752 4324 2845 4377 καὶ
2897 4327 3042 4377 ποιεῖ
3068 4324 3267 4394 καινὴν
3307 4319 3499 4391 ψυχὴν,
3523 4315 3597 4367 ἵνα
3617 4306 3690 4375 γέ·

2162 4433 2321 4486 νηται
2353 4413 2517 4469 πάλιν
2548 4413 2796 4484 βασιλεὺς
2825 4415 2854 4466 ὁ
2891 4415 3062 4484 Ἀδὰμ
3092 4416 3187 4468 τοῦ
3216 4414 3465 4475 θανάτου,
3498 4404 3579 4459 καὶ
3600 4396 3686 4453 Κύ-

496 4502 717 4573 quidem
751 4504 888 4574 legis
931 4505 1108 4561 Moses
1149 4506 1526 4576 appellabatur
1571 4520 1816 4566 servator
1849 4512 2013 4569 Israel
2045 4534 2051 4569 :

2171 4525 2280 4580 ριος
2308 4507 2417 4561 τῶν
2440 4507 2776 4577 κτισμάτων.
2814 4506 2924 4560 Καὶ
2973 4508 3030 4560 ἐν
3074 4510 3138 4578 τῇ
3192 4507 3320 4577 σκιᾷ
3343 4504 3398 4556 δὲ
3435 4499 3521 4555 τοῦ
3555 4493 3685 4580 νὸμρυ

493 4596 684 4652 eduxit
728 4598 875 4651 enim
910 4614 1004 4654 eos
1029 4614 1096 4654 ex
1123 4599 1377 4672 Egypto.
1410 4602 1502 4657 Sic
1533 4619 1751 4675 quoque
1797 4622 1945 4662 nunc
1966 4624 2063 4664 ve-

496 4705 589 4745 rus
618 4689 956 4761 Redemptor
1002 4691 1255 4748 Christus
1300 4704 1551 4763 penetrat
1578 4697 1793 4752 occulta
1830 4700 2060 4767 animae,

495 4798 726 4853 eamque
763 4783 915 4858 ejicit
970 4799 1039 4839 ex
1063 4785 1354 4841 tenebrosa
1400 4786 1634 4860 Egypto
1658 4831 1672 4855 ,
1742 4793 2063 4862 gravissimo

491 4879 622 4948 jugo
643 4884 699 4932 et
728 4876 865 4932 dura
909 4878 1193 4933 servitute.
1250 4878 1502 4949 Pracipit
1544 4882 1710 4951 igitur
1750 4884 1911 4940 nobis
1936 4926 1951 4950 ,
2005 4897 2064 4942 ut

495 4968 842 5039 egrediamur
872 4984 903 5024 e
933 4970 1159 5036 mundo,
1187 4980 1243 5025 et
1277 4981 1653 5042 paupertatem
1679 4976 2063 5047 suscipiamus,

497 5060 701 5115 relictis
723 5061 978 5117 omnibus
1025 5078 1148 5131 quae
1179 5062 1451 5130 videmus,
1478 5081 1582 5120 nec
1616 5066 1917 5123 habeamus
1964 5088 2065 5126 cu-

501 5166 615 5204 ram
643 5160 941 5218 terrenam,
965 5152 1058 5207 sed
1087 5164 1248 5209 nocte
1270 5153 1468 5224 dieque
1497 5156 1564 5210 ad
1581 5158 1805 5227 januam
1835 5168 2064 5228 stemus,

499 5250 553 5295 et
609 5251 987 5311 exspectemus
1037 5246 1255 5313 quando
1309 5245 1574 5303 Dominus
1616 5251 1829 5319 aperiat
1881 5252 2064 5307 clausa

503 5334 686 5400 corda,
719 5343 775 5388 et
803 5334 1050 5389 etl‘undat
1079 5336 1135 5389 in
1167 5354 1266 5392 nos
1296 5338 1499 5394 donum
1540 5339 1779 5411 Spiritus
1809 5344 2005 5399 sancti.

580 5600 683 5655 VII.
711 5601 904 5663 Jussit,
959 5616 1111 5672 ergo,
1160 5610 1219 5656 ut
1262 5603 1468 5658 relictis
1510 5620 1677 5671 auro,
1733 5616 1978 5678 argento,
2016 5620 2071 5663 ct

578 5777 596 5804 ⁸
624 5776 757 5832 Luc.
789 5796 877 5845 xv,
910 5784 963 5837 8.

2170 4578 2410 4670 Μωῦσῆς
2459 4598 2649 4669 Σωτὴρ
2718 4598 3037 4651 ἐπεκαλεῖτο
3078 4598 3173 4651 τοῦ
3214 4594 3455 4668 Ἰσραήλ·
3506 4578 3681 4652 ἐξέϐαλε

2169 4691 2278 4762 γάρ
2309 4691 2506 4753 αὐτοὺς
2542 4690 2607 4743 ἐκ
2634 4692 2733 4760 τῆς
2753 4688 3051 4759 Αἰγύπτου.
3095 4689 3253 4745 Οὕτω
3302 4687 3395 4739 καὶ
3428 4680 3555 4736 νῦνὸ
3581 4672 3682 4771 ἀὶῖιο

2170 4784 2314 4846 θινὸς
2342 4783 2622 4853 λυτρωτὴς
2643 4782 2875 4853 Χριστὸς
2903 4782 3173 4853 διέρχεται
3201 4783 3283 4845 εἰς
3312 4778 3380 4833 τὰ
3406 4772 3586 4845 κρύφια
3603 4773 3676 4827 της

2169 4874 2366 4945 ψυχῆς,
2401 4874 2496 4927 καὶ
2543 4872 2791 4925 ἐκόἁλλει
2839 4874 2904 4925 ἐκ
2957 4875 3054 4943 τῆς
3104 4872 3382 4940 σκοτεινῆς
3428 4859 3673 4945 Αἰγύπτου,

2171 4942 2277 5021 τοὺ⁷
2299 4942 2598 5037 βαρυτάτου
2633 4964 2820 5033 ζυγοῦ,
2847 4968 2941 5018 καὶ
2964 4942 3063 5034 τῆς
3089 4966 3290 5036 πικρᾶς
3316 4955 3554 5015 δουλείας.
3592 4942 3674 5037 Ένς

2172 5028 2416 5113 τέλλεται
2442 5051 2533 5110 οὖν
2561 5028 2724 5126 ἡμῖν,
2748 5028 2888 5109 ὥστε
2922 5028 3157 5122 ἐξελθεῖν
3186 5028 3249 5109 ἐκ
3273 5052 3362 5106 τοῦ
3385 5049 3583 5113 κόσμου,
3604 5028 3671 5130 κτξὶ

2174 5148 2485 5219 πτωχεῖηαι
2529 5146 2636 5199 ἀπὺ
2691 5147 2912 5200 πάντων
2959 5148 3068 5203 τῶν
3116 5144 3461 5219 φαινομένων,
3490 5131 3668 5219 καῖῃμη

2174 5214 2327 5311 ἔχειν
2371 5240 2643 5310 μέριμναν
2693 5239 2909 5309 γηῖνην,
2963 5239 3100 5292 ἀλλά
3126 5214 3342 5296 ννυκτνὸς
3389 5228 3474 5283 καὶ
3502 5214 3669 5311 fimus

2171 5296 2459 5401 έὲτηκέὶραί
2493 5296 2573 5392 είς
2612 5296 2716 5399 τὴν
2745 5296 2914 5399 θύραν
2935 5370 2949 5394 ,
2996 5331 3091 5384 καὶ
3122 5319 3489 5395 ἀπεκδέχεσθαι
3517 5296 3664 5401 «ora?

2173 5385 2373 5494 Κύριος
2407 5385 2607 5487 ἀνοίξει
2660 5385 2761 5483 τὰς
2813 5385 3563 5492 συγκεκλεισμέναςηκαρδίαςσ
3592 5385 3661 5444 καὶ

2171 5520 2379 5587 ἐπιχεεῖ
2404 5518 2532 5588 ἡμῖν
2566 5516 2663 5587 τὴν
2695 5516 2904 5587 δωρεὰν
2932 5519 3027 5573 τοῦ
3063 5520 3216 5588 ἀγίου
3237 5511 3536 5579 Πνεῦματοςο

2246 5574 2312 5663 ΖἸ.
2352 5574 2517 5666 Εἶπεν
2573 5574 2668 5666 οὑν
2699 5574 2917 5679 ἀφιέναι
2969 5574 3190 5685 χρυσδν,
3232 5574 3464 5677 ἀργυρονν
3505 5574 3654 5648 πίγρ
