1983 3213
119 191 170 224 549

731 187 914 220 HOMlLI/E.
930 199 964 204 -
979 187 1074 218 HOM.
1094 187 1146 218 XI.

1691 188 1745 220 550

118 258 203 282 νειαν,
222 248 348 282 πωλῆσαι
365 248 399 275 τά
412 248 580 283 ὑπάρχοντα,
604 247 652 274 καὶ
678 247 816 274 διαδοῦναι
832 254 904 273 πτω-

962 246 1080 281 :ognatis
1092 266 1099 277 ,
1116 245 1268 273 vendamus
1293 244 1366 272 bona
1381 248 1484 276 nostra,
1503 250 1531 271 et
1546 244 1744 273 distribuamus

118 296 184 329 χοῖς,
199 293 249 320 καὶ
263 292 441 328 θησαυρίζειν
455 291 535 325 αὐτὰ,
548 291 596 318 καὶ
612 290 704 326 ζητεῖν
722 292 762 323 εἰς
781 291 844 321 τοὺς
861 290 906 316 ού-

118 339 218 376 ρανούς
228 347 234 355 -
248 338 340 366 Ὅπου
366 338 422 373 γὰρ
438 338 454 364 ό
479 337 631 371 θησαυρός
647 345 716 370 σου,
733 335 800 363 ἐκεῖ
819 335 906 362 ἔσται

118 385 163 412 καὶ
180 386 202 419 ἡ
215 384 323 419 καρδία
332 392 400 412 σου.
418 384 495 420 ᾜδει
511 383 566 418 γὰρ
581 382 718 418 όΚύριος,
739 382 781 409 ὅτι
811 381 906 408 ὲντεῦ-

120 431 162 457 θεν
174 432 187 457 ὑ
199 431 326 462 Σατανᾶς
340 429 475 465 κατισχίει
485 429 541 455 τῶν
557 428 706 464 λογισμῶν,
719 428 766 455 τοῦ
784 428 904 463 καταφέ-

126 486 173 514 ρειν
185 477 287 507 αὐτοὺς
304 477 344 508 είς
357 476 406 511 τὴν
419 475 548 511 φροντίδα
564 474 617 501 τῶν
632 474 733 501 ὕλικῶν
744 474 791 500 καὶ
804 473 906 509 γηΐνων

124 523 300 559 πραγμάτων.
320 521 369 549 Διά
380 521 460 548 τοῦτο
471 522 485 547 ὁ
502 520 569 552 Θεὸς
581 520 779 556 προνοούμενος
790 519 838 554 τῆς
852 518 906 553 ψυ-

120 570 166 605 χῆς
180 578 241 601 σοι),
258 566 337 595 εἶπεν
366 567 553 600 ἀποτάξασθαι
583 567 677 599 πᾶσιν,
704 566 748 593 ἴνα
763 565 811 592 καὶ
832 565 906 592 ἄκων

118 614 289 650 ἑπιζητήσῃς
301 614 347 641 τὸν
358 613 482 649 οὐράνιον
498 612 624 645 πλοῦτον,
640 612 687 639 καὶ
701 611 766 648 ἔχῃς
779 611 828 646 τὴν
839 619 906 645 καρ-

117 662 173 689 δίαν
192 670 242 688 σου
257 661 326 696 πρὸς
342 660 388 687 τὸν
403 660 478 687 Θεόν.
500 659 564 686 Ἐὰν
578 658 633 694 γὰρ
648 658 696 684 καὶ
709 658 826 693 Θελήσῃς
845 659 907 684 ἑπι-

117 706 275 742 στραφῆναι
286 705 353 742 πρὸς
368 705 403 732 τὰ
422 705 571 740 κτίσματα,
594 703 671 730 οὐδὲν
693 703 833 739 εὑρίσκεις
853 703 907 729 τῶν

115 751 292 786 φαινομένων
320 749 500 785 κεκτημένος.
529 748 639 781 Θέλεις,
663 748 694 775 οὐ
720 747 820 779 θέλεις,
840 748 906 774 ὅπου

114 797 204 824 ταῦτα
228 795 414 831 ὲθησαύρισας
430 794 479 822 καὶ
495 795 597 822 ἀπέθου
608 814 615 827 ,
630 793 779 829 ἀναγκάζει
799 794 907 829 πέμψαι

113 843 161 869 τὸν
173 841 238 869 νοῦν
252 850 300 868 σου
316 841 383 877 πρὸς
404 841 449 868 τὸν
471 841 598 877 οὐράνιον
613 848 619 855 ·
639 841 731 867 Ὅπου
746 840 802 875 γὰρ
816 841 832 867 ὁ
855 842 907 874 θη-

112 886 233 920 σαυρός
247 893 317 918 σου,
336 885 397 912 ἐκεῖ
409 886 495 913 ἐσται
510 885 559 913 καὶ
575 885 594 920 ἡ
611 884 718 920 καρδία
728 893 797 912 σου.

957 291 1125 326 pauperibus
1137 291 1158 323 ⁷,
1171 296 1200 318 et
1210 290 1370 327 colligamus
1382 298 1414 318 ea
1425 290 1454 318 in
1471 290 1630 318 thesaurum
1639 311 1647 324 ,
1668 299 1744 326 qure-

958 344 1106 372 ramusque
1128 336 1158 364 in
1177 336 1255 365 ctelis
1272 346 1278 364 :
1294 336 1342 365 Ubi
1363 337 1434 364 enim
1457 341 1495 363 est
1516 337 1654 364 thesaurus
1672 340 1742 368 tuus,

956 382 993 409 ibi
1009 387 1047 409 est
1072 386 1097 408 et
1119 390 1164 409 cor
1178 386 1252 409 tuum
1262 382 1283 409 ⁸.
1314 382 1396 409 Novit
1420 383 1494 410 enim
1511 382 1654 413 Dominus.
1670 382 1745 417 quod

958 428 1021 455 inde
1036 428 1151 456 Satanas
1166 428 1278 455 roborct
1299 436 1328 456 se
1344 429 1491 456 adversum
1506 428 1697 464 cogitationes,
1713 432 1742 455 u'

958 474 1084 501 traducat
1095 481 1142 502 eas
1153 474 1180 501 in
1195 474 1412 502 sollicitudinem
1428 482 1522 502 rerum
1540 474 1745 501 mundanarur.

956 521 985 545 et
1007 522 1190 546 terrenarum.
1208 519 1357 554 Propterea
1388 520 1469 553 Deus,
1489 519 1534 555 qui
1557 528 1652 548 curam
1675 520 1747 555 gerit

957 563 1055 592 animae
1067 568 1130 598 tuas,
1143 565 1226 600 jusstt
1236 566 1395 593 renuntiare
1410 566 1551 598 omnibus,
1570 572 1601 594 ut
1618 566 1661 593 vel
1675 566 1747 593 invi—

958 613 1003 637 tus
1016 618 1123 645 quaeras
1139 610 1266 638 cmlestes
1290 610 1411 643 divitias,
1429 616 1457 638 et
1481 611 1584 639 habeas
1604 619 1652 639 cor
1667 616 1745 639 tuum

957 655 1030 690 apud
1046 655 1142 683 Deum.
1158 655 1288 689 Quamvis
1300 656 1374 683 enim
1390 657 1510 684 volueris
1525 657 1626 684 reverti
1646 657 1680 685 ad
1702 666 1746 685 res

957 703 1073 731 creatas,
1085 700 1154 727 nihil
1169 705 1259 728 tamen
1272 708 1380 734 eorum,
1391 709 1453 736 quae
1464 701 1602 734 videntur,
1621 706 1646 729 te
1657 704 1747 737 possi-

957 745 1022 773 dere
1037 746 1229 781 deprehendes
1246 755 1253 773 :
1269 746 1349 780 velis,
1371 747 1489 779 nolisve,
1513 747 1621 782 cogeris
1635 748 1746 776 mittere

957 796 1076 819 mentem
1091 792 1126 819 ad
1134 793 1272 820 ctelestem
1283 792 1452 826 thesaurum,
1467 793 1514 821 ubi
1526 801 1558 821 ea
1571 794 1703 830 collegisti
1718 800 1747 821 et

958 838 1111 873 deposuisti
1133 848 1140 866 :
1157 839 1204 867 Ubi
1221 840 1291 866 enim
1308 844 1346 866 est
1370 840 1511 867 thesaurus
1531 845 1603 874 tuus,
1623 842 1658 868 ibi
1671 846 1707 869 est
1721 845 1746 868 et

958 892 1003 911 cor
1020 888 1095 912 tuum
1107 885 1128 901 '-

149 919 193 958 Ηί.
216 931 273 958 Καὶ
294 931 349 966 γὰρ
379 932 408 958 ὲν
434 931 473 967 τῷ
493 931 568 967 νόμῳ
589 919 732 958 ἐκέλευσεν
747 932 761 957 ὀ
776 931 841 963 Θεὸς
870 930 907 965 τῷ

994 931 1061 958 Vill.
1079 931 1124 958 Sic
1143 931 1226 960 etiam
1253 932 1281 959 in
1300 932 1361 968 lege
1385 932 1515 968 praecepit
1529 933 1602 961 Deus
1612 933 1690 965 Mosi,
1716 937 1747 961 ut

113 978 240 1009 Μωῖισεί,
256 976 300 1003 ἵνα
314 977 415 1012 ποιήσῃ
423 977 485 1012 ὅφιν
496 976 624 1013 χαλκοῦν,
634 976 681 1003 καὶ
695 976 789 1003 τοῦτον
801 975 906 1010 ὑψώσῃ,

113 1023 162 1050 καὶ
172 1023 322 1059 προσπήξῃ
331 1024 370 1054 είς
379 1023 409 1049 τὸ
418 1023 567 1059 ἀκρότατον
575 1023 622 1049 τοῦ
633 1022 722 1055 ξύλων
731 1022 778 1049 καὶ
787 1022 844 1048 ὅσοι
857 1022 909 1048 ὑπὸ

113 1070 267 1104 τῶνδφεων
273 1069 449 1104 ἐπὶ-ἠσσοντο,
459 1070 637 1105 προσέχοντες
645 1062 682 1105 τῷ
691 1069 750 1104 ὕφει
758 1068 797 1103 τῷ
804 1069 907 1105 χαλκῷ,

116 1116 218 1147 ἰάσεως
232 1115 392 1150 ἐτύγχανον.
409 1115 495 1142 Τοῦτο
516 1115 696 1151 οἰκονομικῶς
719 1115 836 1149 ἐγίνετο,
864 1115 908 1141 ἵνα

118 1163 143 1189 o't
152 1161 333 1197 κατεχόμενοι
351 1162 390 1193 εἰς
403 1161 453 1193 τὰς
466 1161 564 1197 γηῖνας
579 1162 726 1197 μερίμνας,
743 1161 792 1189 καὶ
807 1162 847 1193 είς
859 1161 909 1192 τὰς

123 1206 355 1242 εἰδωλολατρείας,
369 1207 416 1234 καὶ
437 1208 477 1239 είς
489 1206 540 1239 τὰς
557 1207 653 1242 ἡδονὰς
664 1207 712 1234 τοῦ
726 1208 843 1239 Σατανᾶ,
861 1208 909 1235 καὶ

122 1253 161 1283 εἰς
174 1253 267 1279 πᾶσαν
278 1252 418 1285 ἀσέϐειαν,
431 1251 477 1278 διὰ
497 1252 591 1279 τούτου
609 1251 655 1278 τοῦ
670 1252 772 1287 τρόπου
788 1253 908 1288 μερικῶς

118 1306 177 1330 πως
190 1297 370 1333 ἁνακύψωσιν
390 1297 436 1324 ἐπὶ
447 1297 482 1325 τὰ
500 1298 566 1331 ἅνω,
583 1299 629 1324 καὶ
644 1298 830 1333 ἀναψύξαντες
855 1298 909 1325 ἀπὸ

116 1343 171 1370 τῶν
183 1344 264 1371 κάτω
275 1344 446 1380 προσέχωσιν
462 1344 511 1370 ἐπὶ
524 1344 559 1371 τὰ
573 1343 674 1379 ὑψηλὰ,
697 1345 745 1371 καὶ
763 1344 846 1370 πάλιν
862 1338 918 1371 an"

115 1390 234 1417 ἐκείνων
245 1389 421 1425 προκόψωσιν
445 1391 484 1421 εἰς
505 1389 536 1416 τὺ
559 1389 727 1425 ὑψηλότατον
738 1397 745 1404 ·
761 1390 808 1415 καὶ
823 1389 910 1421 οὕτως

116 1435 193 1464 κατὰ
208 1435 308 1472 μικρὸν
333 1435 535 1472 προκόπτοντες
555 1436 596 1467 είς
617 1436 647 1462 τὸ
675 1435 842 1471 ὑψηλότερον
863 1436 910 1462 καὶ

114 1481 260 1516 ἀνώτερον
276 1480 355 1515 γένος
383 1479 613 1514 ὲπιγινώσκωσιν,
637 1480 678 1507 ὅτι
702 1480 777 1507 ἐστὶν
799 1479 910 1515 ὕψιστος

115 1528 198 1563 παρὰ
215 1528 306 1555 πᾶσαν
320 1527 369 1563 τὴν
378 1528 477 1555 κτίσιν.
494 1527 573 1555 Οὕτω
584 1527 633 1555 καὶ
645 1527 675 1554 σὲ
694 1527 822 1555 ἐκέλευσε
837 1536 910 1554 πτω-

959 978 1061 1004 iaceret
1090 983 1245 1012 serpentem
1269 986 1386 1011 aeneum,
1409 984 1438 1006 et
1453 979 1530 1007 illum
1555 980 1689 1007 exaltaret
1715 988 1748 1007 ac

959 1022 1082 1058 afﬁgerct
1105 1023 1137 1051 ad
1160 1024 1347 1052 summitatem
1371 1025 1487 1061 ligni”:
1503 1029 1531 1053 et
1545 1026 1706 1062 quicunque
1731 1034 1747 1053 a

959 1068 1137 1103 serpentibus
1164 1070 1412 1104 percutiebantur,
1435 1072 1576 1099 intuentes
1599 1071 1628 1098 in
1640 1079 1747 1099 aeneum

959 1117 1128 1147 serpentem,
1145 1114 1280 1142 medelam
1296 1116 1546 1150 consequebantur.
1564 1116 1676 1152 Hocque
1692 1125 1748 1144 non

959 1159 1063 1194 absque
1077 1161 1281 1195 dispensatione
1296 1161 1388 1194 ﬁebat,
1399 1166 1428 1189 ut
1439 1163 1485 1198 qui
1501 1164 1620 1191 terrenis
1629 1163 1705 1191 curis
1716 1171 1749 1191 ac

960 1205 1128 1238 idololatria,
1149 1212 1232 1242 atque
1258 1208 1447 1243 voluptatibus
1464 1209 1589 1242 Satanae,
1617 1209 1748 1244 omnique

961 1251 1101 1286 impietate
1114 1252 1233 1281 districti
1244 1258 1346 1287 essent,
1364 1254 1418 1282 hoc
1434 1255 1531 1282 saltem
1547 1255 1629 1283 modo
1644 1255 1750 1290 aliqua-

960 1301 1042 1325 tenus
1072 1299 1243 1333 respicerent
1266 1301 1410 1334 superiora
1424 1321 1431 1333 ,
1454 1305 1483 1329 et
1513 1302 1547 1329 ab
1572 1301 1750 1331 inferioribus

961 1345 1129 1379 respirantes
1150 1346 1185 1373 ad
1206 1346 1334 1374 sublimia
1351 1348 1537 1381 attenderem,
1551 1354 1579 1376 et
1597 1357 1695 1377 rursus
1714 1350 1750 1377 ab

961 1390 1017 1418 illis
1036 1391 1204 1425 proﬁcerent
1215 1392 1248 1420 ad
1260 1393 1424 1420 altissimum
1439 1398 1482 1421 :ct
1492 1394 1529 1422 ita
1542 1395 1674 1430 paulatim
1685 1403 1750 1431 pro-

960 1438 1117 1473 gredientes
1135 1438 1169 1466 ad
1197 1439 1387 1467 sublimiorem
1410 1445 1438 1467 et
1465 1441 1637 1476 superiorem
1653 1449 1752 1477 proge-

960 1483 1046 1516 niem,
1061 1489 1259 1519 cognoscerent
1281 1493 1342 1513 eSse
1360 1486 1506 1520 quemdam
1523 1487 1686 1515 altissimum
1703 1495 1751 1514 su-

961 1536 1011 1564 pra
1022 1537 1132 1557 omnem
1157 1535 1324 1558 creaturam.
1349 1530 1396 1558 Sic
1408 1539 1518 1566 quoque
1536 1536 1562 1559 te
1579 1532 1661 1567 jussit
1680 1533 1753 1560 Deus

116 1575 166 1608 χὸν
176 1574 316 1609 γενέσθαι,
327 1575 374 1600 καὶ
385 1575 475 1601 πάντα
486 1574 651 1610 πωλήσαντα
668 1574 758 1601 δοῦναι
781 1576 909 1609 πτωχοῖς,

962 1584 1111 1611 pauperem
1128 1577 1205 1609 ﬁeri,
1226 1582 1255 1604 et
1275 1577 1368 1605 omnia
1396 1577 1562 1606 vendentem
1583 1579 1753 1614 pauperibus

116 1621 166 1648 ἵνα
185 1619 280 1646 λοιπὸν
300 1620 352 1647 κᾶν
378 1620 494 1656 Θελήσῃς
519 1622 594 1648 κάτω
624 1622 704 1656 ῥέψαι
724 1623 770 1648 ἐπὶ
785 1623 832 1656 τῆς
849 1622 911 1657 γῆς,

118 1667 158 1702 μὴ
177 1666 307 1702 δυνηθῇς.
323 1667 488 1702 Ἐρευνήσας
502 1668 555 1703 γὰρ
567 1669 595 1695 ἐν
606 1671 638 1704 τῇ
653 1670 751 1705 καρδίᾳ
764 1679 810 1696 σου
829 1670 911 1704 ἄρχου

119 1713 192 1747 μετὰ
206 1713 263 1738 τῶν
277 1712 416 1748 λογισμῶν
432 1722 477 1739 σου
487 1713 670 1748 διαλέγεσθαι,
684 1715 754 1747 Παρ¹
771 1715 785 1740 ὃ
797 1715 845 1741 ἐπὶ
859 1714 913 1748 τῆς

117 1758 178 1793 τῆς
197 1757 289 1785 οὐδὲν
315 1759 435 1793 ἔχομεν,
459 1760 575 1794 ἄγωμεν
600 1761 674 1794 πρὸς
702 1761 754 1787 τιῖν
770 1761 911 1794 οὐρανὸν,

119 1803 198 1830 ὅπου
207 1803 317 1837 ἔχομεν
331 1804 384 1830 τὸν
395 1804 560 1837 θησαυρὸν,
580 1805 655 1831 ὅπου
667 1806 912 1840 ἑπραγματευσιὶ-

120 1851 205 1883 μεθα.
222 1850 353 1884 Ἀρχεται
373 1851 386 1876 ό
403 1850 464 1881 νοῦς
480 1859 526 1876 σου
543 1851 684 1877 ἀνανεύειν
703 1851 770 1886 πρὸς
789 1852 817 1877 τὺ
835 1851 911 1885 ὕψος,

126 1895 175 1920 καὶ
183 1895 320 1928 ἐπιζητεῖν
331 1895 365 1921 τὰ
378 1895 513 1931 ἀνώτερα,
529 1897 576 1923 καὶ
590 1897 755 1931 προκόπτειν
770 1898 797 1922 ἐν
812 1898 910 1930 τούτῳ.

166 1939 204 1966 Θ’.
217 1941 248 1967 Τί
270 1942 300 1968 δέ
327 1943 402 1968 ἐστιν
423 1943 437 1968 ό
462 1943 558 1978 νεκρὸς
579 1943 649 1977 ὄφις,
666 1943 679 1969 ὁ
697 1943 913 1978 προσπεπηγμέ-

129 1993 173 2016 νος
185 1985 222 2015 εἰς
237 1986 267 2012 τὺ
281 1987 433 2022 ἀκρὸτατον
450 1988 497 2013 τοῦ
512 1987 600 2019 ξύλου,
629 1989 686 2014 ἰᾶτο
717 1990 779 2019 τοὺς
802 1989 912 2023 πεπὶη-

124 2031 259 2066 γμένους;
274 2033 287 2058 ὁ
300 2032 395 2067 νεκρὸς
411 2032 472 2067 ὄφις
485 2033 547 2064 τοὺς
566 2033 671 2065 ζῶντας
683 2034 768 2066 ἐνίκα,
785 2034 853 2060 ὥστε
864 2035 911 2060 τύ-

122 2085 171 2108 πος
185 2078 244 2103 ἐστὶ
257 2078 303 2104 τοῦ
316 2078 442 2113 σώματος
471 2079 517 2105 τοῦ
536 2080 651 2114 Κυρίου.
667 2080 703 2106 Τὸ
723 2080 802 2115 σῶμα
827 2082 881 2115 γὰρ
900 2081 913 2106 ὃ

121 2122 221 2148 ἕλαῦεν
249 2124 280 2149 ὲκ
301 2124 350 2157 τῆς
380 2125 502 2159 Μλρὶας,
535 2127 685 2160 ἀνήνεγκεν
710 2127 775 2152 αὐτὸ
794 2127 840 2152 ἐπὶ
866 2128 912 2152 τοῦ

120 2168 256 2204 σταυροῦ,
286 2170 330 2195 καὶ
345 2171 494 2204 ἐκρέμασε,
526 2172 573 2198 καὶ
596 2173 769 2207 προσέπηξεν
791 2173 835 2198 ἐπὶ
866 2174 911 2199 τοῦ

118 2213 214 2246 ξύλου,
229 2214 276 2240 καὶ
294 2214 338 2240 τὸν
351 2216 379 2240 ἐν
392 2217 424 2250 τῇ
442 2216 542 2250 καρδίᾳ.
556 2216 617 2250 ὅφιν
628 2217 715 2248 ζῶντα
734 2218 780 2243 καὶ
794 2218 911 2252 Ξρποντα

117 2260 220 2295 νεκρῇν
248 2259 326 2295 σῶμα
351 2261 460 2296 ἐνίκησε
485 2262 531 2287 καὶ
548 2262 718 2288 ἀπέκτεινεν.
736 2260 798 2288 ’Ὧδε
821 2264 912 2297 Οαῦμα
930 2257 951 2283 D

120 2306 267 2341 μέγιστον,
284 2307 340 2338 πῶς
357 2308 370 2333 ὁ
382 2307 478 2342 νεκρὸς
492 2308 553 2341 ὅφις
574 2308 618 2333 τὸν
636 2309 725 2339 ζῶντα
740 2309 911 2341 ἀπέκτεινεν;

118 2353 180 2379 ἀλλ’
193 2353 223 2379 ὃν
232 2353 330 2387 τρόπον
338 2354 449 2388 ἐποίησε
459 2355 578 2387 Μωῡσῆς
591 2355 680 2380 καινὸν
691 2355 911 2389 ἕργονρμοῇημα

119 2398 169 2425 τοῦ
186 2399 287 2430 ζῶντος
299 2399 385 2433 ὄφεως
400 2401 513 2434 ποιήσας
524 2407 531 2414 °
550 2400 620 2426 οὕτω
632 2402 676 2426 7.1".
704 2403 717 2427 ὁ
734 2401 834 2435 Κύριος
850 2411 912 2427 καικ

120 2444 167 2471 νὺν
181 2444 262 2479 ἔργον
278 2445 309 2470 ἐκ
325 2445 375 2479 τῆς
392 2445 502 2479 Μαρίας
517 2446 639 2479 ἐποίησε,
661 2447 707 2472 καὶ
726 2447 804 2472 τοῦτο
822 2447 911 2473 ἐνεδύ-

123 2499 190 2517 σατο
223 2491 281 2517 ἀλλ’
309 2492 358 2517 οὐκ
373 2492 471 2526 ἤνεγκε
497 2492 528 2518 τὸ
560 2493 639 2527 σῶμα
668 2494 697 2525 ἐξ
728 2494 856 2528 οὐρανοῦ·
883 2495 913 2520 τὸ

126 2536 238 2570 Πνεῦμα
264 2537 293 2562 τὸ
313 2537 439 2572 οὐράνιον
466 2538 494 2564 ὲν
510 2538 549 2572 τῷ
567 2538 651 2573 Ἀῧὰμ
674 2540 794 2565 εἰπεὶῡὸν
819 2540 913 2574 εἰργά-

127 2591 201 2615 σατο,
215 2583 263 2608 καὶ
278 2583 373 2609 τοῦτον
395 2584 559 2620 συνεκέρασε
587 2586 619 2619 τῇ
638 2585 744 2620 Θεότητι
759 2587 805 2612 καὶ
824 2586 913 2612 ἐνεδύ-

128 2637 200 2660 σατο,
217 2630 390 2664 ἀνθρωπίνην
407 2630 505 2665 σάρκα,
522 2631 569 2657 καὶ
590 2631 750 2666 ὲμόρφωςεν
767 2634 794 2658 ἐν
812 2634 845 2666 τῇ
862 2634 911 2667 μή-

122 2682 187 2709 τρει.
205 2675 310 2710 ’Ὠσπερ
335 2675 381 2702 οὖν
409 2675 470 2709 ὄφις
496 2676 613 2711 χαλκοῦς
631 2677 682 2709 ἕως
709 2678 755 2704 τοῦ
774 2679 911 2710 Μωῦσέως

117 2721 172 2746 οὐκ
188 2721 317 2756 ἐκελεύῢη
336 2722 389 2748 ὑπὸ
406 2722 452 2748 τοῦ
478 2723 580 2758 Κυρίου
606 2724 634 2748 ἐν
652 2724 746 2759 κόσμῳ
764 2726 891 2758 γενέσθαι
905 2735 910 2740 ·

115 2767 194 2794 οὕτω
213 2767 246 2802 δὴ
267 2768 345 2803 σῶμα
375 2769 466 2794 καινὴν
491 2769 538 2794 καὶ
567 2770 769 2804 ἀναμάρτητον,
792 2771 844 2802 ἕως
866 2772 911 2797 τοῦ

117 2814 227 2848 Κυρίου
243 2815 292 2841 οὐκ
320 2815 407 2849 ἐφάνη
424 2815 453 2841 ἐν
479 2814 516 2850 τῷ
543 2816 646 2850 κόσμῳ.
669 2818 844 2852 Πιραὸάντος
859 2819 912 2854 γὰρ

157 2902 169 2919 ⁷
184 2903 277 2933 Matth.
294 2912 351 2938 XIX,
367 2903 412 2930 9.0.
451 2904 460 2918 "
474 2904 567 2932 .‘lnllh.
585 2915 620 2939 vi,
636 2906 680 2933 ‘21.

963 1621 1069 1657 largiri,
1080 1626 1111 1649 ut
1126 1626 1232 1657 postea,
1248 1622 1270 1650 si
1289 1622 1358 1650 velis
1376 1622 1468 1650 denuo
1483 1630 1580 1658 repere
1595 1631 1679 1658 super
1694 1628 1752 1651 ter-

963 1675 1033 1700 ram,
1049 1676 1104 1695 non
1115 1668 1214 1703 possis.
1227 1668 1361 1696 Scrutans
1378 1676 1443 1704 ergo
1459 1669 1487 1695 in
1497 1668 1581 1696 cerde
1592 1673 1649 1701 tuo,
1661 1669 1753 1704 incipe

963 1721 1027 1741 cum
1048 1714 1261 1749 cogitationibus
1287 1714 1341 1741 tuis
1355 1714 1520 1749 disputare:
1542 1714 1608 1743 Cum
1634 1714 1702 1742 nihil
1724 1716 1752 1742 in

964 1759 1041 1786 terris
1060 1759 1250 1794 passideamus,
1270 1765 1436 1786 transeamus
1455 1759 1506 1795 41
1528 1760 1563 1786 ad
1583 1760 1689 1791 caelum,
1709 1760 1753 1788 ubi

964 1804 1089 1832 habemus
1105 1798 1269 1837 tltésaurum,
1282 1810 1306 1832 et
1325 1805 1368 1832 ubi
1391 1805 1517 1840 negotiati
1534 1813 1635 1832 sumus.
1654 1806 1752 1840 incipit

964 1858 1043 1878 mens
1055 1855 1101 1878 tua
1114 1851 1147 1877 ad
1157 1850 1287 1878 sublimia
1300 1858 1453 1886 emergere,
1469 1855 1497 1878 et
1516 1850 1659 1878 suoeriora
1673 1851 1752 1878 inda-

963 1904 1028 1932 gare
1047 1901 1075 1924 et
1089 1896 1116 1923 in
1128 1905 1162 1924 eo
1172 1896 1317 1932 proﬁcere.

1001 1942 1046 1970 IX.
1066 1942 1168 1970 Verum
1180 1943 1247 1977 quid
1264 1942 1355 1970 innuit
1368 1950 1481 1978 serpens
1492 1943 1538 1971 ille
1553 1947 1688 1977 mortuus,
1703 1944 1750 1978 qui

965 1990 1125 2020 sublimitati
1142 1990 1207 2026 ligni
1218 1990 1326 2023 afﬁxus,
1338 1990 1452 2018 sanabat
1462 1998 1606 2025 percussos
1615 1990 1754 2025 ?Serpens

964 2036 1011 2064 ille
1031 2041 1156 2064 mortuus
1164 2037 1242 2064 vivos
1254 2037 1412 2072 superabat,
1435 2041 1465 2064 ut
1478 2042 1558 2073 typus
1575 2037 1612 2065 sit
1628 2038 1754 2072 corporis

965 2083 1085 2111 Domini.
1108 2082 1216 2118 Corpus
1236 2082 1309 2110 enim
1335 2083 1408 2116 quod
1429 2083 1578 2118 assumpsit
1601 2091 1633 2110 ex
1657 2084 1751 2115 Maria,

964 2128 1094 2156 exaltavit
1109 2128 1137 2155 in
1152 2135 1246 2160 cruce,
1259 2128 1402 2163 suspendit
1425 2132 1453 2155 et
1464 2127 1549 2155 aﬁixit
1568 2128 1642 2163 ligno
1655 2137 1661 2155 :
1674 2133 1703 2155 et
1715 2128 1753 2155 ita

964 2179 1121 2209 serpentem
1142 2174 1170 2201 in
1194 2174 1276 2201 corde
1297 2174 1435 2201 viventem
1446 2178 1475 2201 et
1487 2178 1629 2209 repentem
1652 2182 1754 2209 corpus

965 2224 1104 2247 mortuum
1123 2219 1225 2247 vicitet
1239 2219 1349 2247 occidit.
1363 2220 1413 2246 llic
1426 2219 1588 2247 miraculum
1602 2227 1730 2255 magnum
1745 2220 1752 2245 !

965 2265 1104 2300 quomodo
1130 2272 1245 2299 serpens
1271 2270 1396 2292 mortuus
1419 2265 1551 2293 occiderit
1581 2266 1693 2293 vivuml
1719 2266 1755 2293 At

966 2310 1197 2345 quemadmodum
1217 2310 1282 2337 fecit
1296 2311 1384 2337 Moses
1405 2319 1507 2338 novum
1531 2318 1612 2346 opus,
1634 2319 1696 2339 cum
1717 2312 1754 2338 si—

966 2356 1152 2383 militudinem
1177 2356 1233 2383 vivi
1261 2357 1397 2391 serpentis
1416 2356 1574 2392 efﬁngeret:
1589 2357 1629 2384 sic
1644 2365 1754 2391 quoque

965 2402 1099 2429 Dominus
1123 2410 1225 2429 novum
1250 2410 1320 2436 opus
1334 2411 1367 2429 cx
1392 2402 1478 2429 Maria
1491 2402 1634 2434 condidit,
1652 2407 1680 2429 et
1702 2403 1754 2430 hoc

965 2450 1065 2483 induit,
1081 2457 1136 2477 non
1151 2455 1243 2477 autem
1254 2450 1348 2477 attulit
1364 2457 1465 2484 corpus
1478 2457 1511 2476 ex
1523 2450 1604 2477 ccelo.
1621 2448 1761 2483 Spiritum,

966 2500 1116 2531 caelestem,
1131 2498 1178 2533 qui
1200 2498 1334 2525 Adamum
1349 2498 1565 2533 ingrediebatur,
1585 2497 1699 2529 creavit,
1726 2502 1754 2524 ct

965 2545 1040 2572 hunc
1052 2544 1371 2579 permiscuitdivinitati,
1387 2548 1415 2570 et
1434 2543 1643 2570 induitcarnem
1658 2542 1756 2569 imma-

964 2599 1038 2623 natn,
1052 2598 1168 2626 eamque
1179 2590 1309 2617 formavit
1321 2590 1348 2617 in
1364 2594 1454 2617 utero.
1468 2588 1546 2616 Sicut
1558 2596 1624 2624 ergo
1638 2596 1753 2623 serpen-

965 2640 1020 2662 tem
1042 2642 1149 2662 teneum
1175 2642 1262 2669 usque
1279 2634 1314 2660 ad
1333 2634 1425 2660 Mosen
1446 2640 1502 2660 non
1517 2632 1599 2668 jussit
1623 2633 1754 2659 Dominus

967 2681 994 2708 in
1011 2680 1115 2709 mundo
1130 2680 1189 2708 ﬁeri
1202 2689 1208 2706 :
1224 2681 1261 2707 ita
1270 2687 1371 2714 corpus
1383 2687 1485 2706 novum
1500 2683 1529 2706 et
1543 2678 1756 2713 peccatiexpers

967 2734 1055 2761 usque
1071 2726 1104 2754 ad
1120 2726 1267 2753 Dominum
1287 2734 1342 2752 non
1358 2724 1485 2760 apparuit
1504 2724 1532 2751 in
1548 2724 1660 2751 mundo.
1678 2723 1754 2750 Post-

966 2781 1047 2808 quam
1062 2773 1135 2801 cnim
1152 2773 1260 2807 primus
1268 2772 1355 2799 Adam
1369 2771 1527 2799 mandatum
1542 2770 1590 2797 Dei
1604 2774 1752 2805 transgres-

966 2827 1013 2847 sus
1022 2823 1075 2852 est,
1091 2819 1216 2855 regnavit
1232 2826 1306 2846 mors
1318 2818 1346 2846 in
1364 2817 1510 2846 universos
1526 2816 1585 2853 ejus
1601 2816 1672 2844 ﬁlios
1685 2824 1753 2858 z/su-
