3966 6448
457 407 556 476 551

1688 405 1750 468 S.
1794 408 2112 469 MACARII
2151 405 2471 469 EGYPTII

3688 407 3793 471 552

454 522 665 594 peravit
701 537 833 593 ergo
868 536 1069 593 corpus
1105 530 1383 577 mortuum
1438 528 1757 592 serpentem
1813 522 2023 577 vivum.

2150 520 2225 592 ςὴν
2270 522 2489 594 ἐντολὴν
2518 522 2614 577 τοῦ
2653 524 2872 594 πρώτου
2918 521 3139 590 Ἀδὰμ.
3203 514 3602 573 ὲσασίλευπν
3633 520 3663 573 ὀ
3701 521 3792 575 θά-

523 785 593 840 X.
618 785 687 840 Et
718 786 825 843 hoc
862 787 1193 844 miraculum
1220 786 1428 844 Iudaeis
1470 786 1694 857 quidem
1741 787 2019 844 oﬁ‘endicu

455 883 591 948 lum,
613 882 819 937 (ξι-πρὶς
851 891 1036 936 autem
1058 880 1292 936 stultitia
1317 888 1422 936 est.
1454 880 1596 947 Quid
1622 880 1771 935 enim
1793 880 2029 951 Aposto-

456 977 543 1031 lus
562 977 638 1030 ait
669 975 807 1031 :Nos
834 985 1009 1030 autem
1028 977 1375 1047 pradicamus
1406 974 1671 1030 Christum
1694 975 2025 1043 cruciﬁxum,

455 1069 651 1123 Judcm's
683 1069 892 1139 quidem
919 1066 1304 1139 oﬁ‘endiculum,
1340 1066 1535 1123 ercis
1574 1083 1695 1122 vero
1721 1066 2027 1133 stultitiam,

457 1162 601 1216 nobis
633 1178 775 1220 vero,
799 1164 887 1232 qui
911 1177 1204 1224 servantur,
1229 1158 1498 1216 Christum
1532 1159 1627 1214 Dei
1650 1161 1945 1231 potentiam
1966 1175 2030 1213 ac

455 1254 555 1308 Dei
584 1255 897 1324 sapientiam
916 1255 977 1307 “.
1007 1253 1064 1307 In
1101 1268 1332 1324 corpore
1353 1252 1501 1307 enim
1526 1264 1746 1307 mortuo
1766 1252 1878 1307 vita
1907 1261 2031 1307 est:

456 1347 548 1402 hic
584 1347 910 1416 redemptio,
941 1345 1029 1400 hic
1068 1345 1403 1412 lumen;hic
1434 1344 1645 1399 accedit
1680 1344 1747 1399 ad
1773 1352 2029 1409 mortem,

458 1447 513 1493 et
552 1438 794 1508 diSpulat
815 1453 939 1492 cum
967 1453 1033 1493 ea
1065 1436 1356 1499 Dominus,
1392 1451 1456 1490 ac
1481 1434 1725 1500 mandat,
1756 1444 1818 1490 ut
1850 1433 2036 1504 eiiciat

456 1546 523 1583 ex
548 1529 760 1584 inferno
780 1539 837 1584 et
859 1537 1034 1584 morte
1059 1529 1291 1594 animas,
1342 1543 1406 1581 ac
1424 1527 1617 1582 reddat
1639 1542 1732 1582 eas
1748 1526 1873 1582 sibi.
1894 1526 2035 1580 Ecce

456 1618 573 1673 haec
606 1619 755 1675 hisce
777 1618 1050 1689 perculsa,
1086 1621 1200 1675 adit
1215 1620 1497 1674 mini‘stros
1531 1634 1687 1685 suos,
1715 1627 2035 1689 congregat-

458 1725 566 1779 que
584 1724 774 1765 omnes
814 1717 1113 1778 potestates
1131 1723 1195 1763 ac
1218 1708 1501 1779 principes
1525 1708 1772 1771 malitiae,
1812 1706 2038 1762 adducit

459 1800 845 1871 chirographa,
885 1809 941 1854 et
969 1800 1146 1854 dicit:
1186 1820 1204 1851 c
1247 1800 1390 1856 Ecce
1428 1799 1484 1853 hi
1515 1798 1848 1854 obedierunt
1868 1798 2038 1853 verbo

2130 630 2288 678 νατος
2326 615 2418 668 ἐπὶ
2443 616 2540 670 ὅλα
2563 617 2631 670 τὰ
2661 620 2827 672 τέκνα
2874 616 3047 673 αὑτοῦ
3074 631 3093 646 ο
3131 616 3430 686 ἐνίκησεν
3466 614 3569 667 οὖν
3599 617 3790 687 νεκρὲν

2136 706 2297 777 σῶμα
2334 708 2426 760 τὸν
2456 709 2636 774 ζῶντα
2671 709 2815 779 ὅφιν.

2210 799 2266 851 l'.
2300 799 2410 852 Καὶ
2437 798 2594 853 τοῦτο
2636 800 2955 871 θαυμάσιον,
3019 799 3351 864 Ἰουδαίοις
3388 798 3500 871 μὲν
3562 799 3789 854 σκάνδα-

2132 889 2247 953 λον,
2279 887 2510 958 Ἕλλησι
2546 889 2603 942 δὲ
2644 890 2848 961 μωρία.
2882 889 2947 943 Τί
2986 890 3051 944 δὲ
3114 890 3298 958 λέγει
3327 888 3361 941 ὀ
3420 888 3786 953 Ἀπόστολοςο

2149 981 2346 1051 Ἡμεῖς
2375 980 2445 1033 δὲ
2464 982 2855 1052 κηρύσσομεν
2881 983 3150 1051 Ἰησοῦν
3169 982 3494 1051 Χριστὸν,
3526 983 3631 1036 καὶ
3658 982 3786 1036 τοῦ·

2134 1091 2242 1128 τον
2289 1074 2748 1145 ἐσταυρωμένον
2771 1114 2787 1140 ,
2827 1074 3155 1142 Ἰουδαίοις
3211 1076 3351 1145 μὲν
3398 1074 3781 1134 σκάνδαλον.

2137 1165 2406 1232 Ἕλλησι
2457 1164 2527 1217 δὲ
2578 1166 2832 1235 μωρίαν,
2878 1166 3026 1236 ἡμῖν
3058 1165 3144 1220 δὲ
3210 1165 3357 1232 τοῖς
3416 1165 3783 1235 σωζομένοις

2137 1257 2394 1324 Χριστὸν
2442 1257 2591 1311 Θεοῦ
2639 1258 2917 1328 δύναμιν,
2975 1258 3086 1313 καὶ
3145 1257 3323 1313 Θεοῦ
3379 1260 3649 1326 σοφίαν.
3706 1260 3785 1312 Ἐν

2138 1349 2248 1419 γὰρ
2273 1348 2350 1419 τῷ
2380 1349 2559 1421 νεκρῷ
2585 1350 2798 1422 σώματι
2826 1353 2861 1424 ἡ
2907 1351 3020 1422 ζωή
3056 1369 3076 1384 ·
3119 1345 3242 1407 ὦδε
3281 1352 3320 1422 ἠ
3367 1349 3775 1421 ἀπολύτρωσις.

2140 1435 2240 1490 ὦδε
2276 1437 2339 1490 τὸ
2363 1438 2498 1508 φῶς,
2536 1432 2639 1493 ὧδε
2662 1439 2882 1511 ἔρχεται
2911 1441 3051 1511 πρὸς
3080 1440 3191 1494 τὸν
3225 1441 3514 1506 θάνατον,
3543 1442 3643 1493 καὶ
3670 1439 3775 1492 δια-

2144 1531 2361 1600 λέγεται
2390 1530 2542 1602 αὐτῷ
2601 1533 2631 1585 ὁ
2664 1532 2895 1603 Κύριος,
2924 1532 3018 1586 καὶ
3046 1532 3437 1603 προστάσσει
3487 1530 3589 1586 τοῦ
3617 1533 3770 1585 ἐκόαο

2142 1625 2256 1677 λεῖν
2280 1624 2345 1677 ὲκ
2377 1621 2473 1676 τοῦ
2497 1622 2662 1695 ’ᾍδου
2706 1625 2802 1678 καὶ
2830 1624 2926 1678 τοῦ
2957 1625 3222 1678 θανάτου
3286 1624 3401 1688 τὰς
3446 1624 3653 1694 ψυχὰς,
3691 1625 3770 1676 καὶ

2142 1713 2434 1769 ἀποδοῦναι
2460 1714 2632 1785 αὐτῷ.
2670 1716 2801 1768 Ἰδοὺ
2842 1712 2935 1769 οὖν
2964 1708 3137 1779 οὗτος
3166 1714 3327 1788 πρὸς
3354 1715 3543 1770 ταῦτα
3578 1734 3765 1785 ταρασ-

2147 1810 2373 1879 σόμενος
2406 1806 2715 1878 εἰσέρχεται
2750 1808 2882 1877 πρὸς
2906 1808 3031 1871 τοὺς
3066 1806 3403 1871 διακόνους
3454 1805 3647 1871 αὑτοῦ,
3684 1810 3765 1859 καὶ

460 1896 616 1948 meo!
645 1907 773 1947 ecce
809 1891 1089 1961 quomodo
1114 1893 1417 1946 adorarunt
1446 1906 1547 1946 nos
1567 1892 1827 1946 mortales
1855 1891 2033 1945 !Deus

2150 1898 2368 1966 συνάγει
2397 1896 2578 1961 πάσας
2598 1896 2697 1960 τὰς
2718 1896 3001 1967 δυνάμεις,
3030 1895 3140 1949 καὶ
3171 1896 3509 1967 προσφέρει
3543 1896 3572 1947 ὁ
3593 1894 3759 1965 ἄρχων

464 1996 671 2049 autem,
706 1986 800 2054 qui
827 1992 913 2039 est
940 1986 1121 2055 justus
1151 1984 1336 2055 iudex,
1363 1983 1475 2039 illic
1501 1983 1745 2039 ostendit
1763 1984 2035 2055 jusﬁtiam

462 2094 651 2141 suam,
679 2092 741 2131 ac
770 2076 904 2131 dicit
931 2077 999 2131 ad
1030 2091 1152 2131 eam
1182 2094 1195 2131 :
1225 2075 1417 2131 Paruit
1458 2074 1557 2129 tibi
1588 2075 1759 2129 Adam
1798 2084 1854 2130 et
1893 2074 2037 2129 obti-

464 2168 634 2224 nuisti
662 2167 788 2223 inde
822 2182 985 2223 omne
1028 2181 1125 2221 cor
1166 2168 1306 2238 ejus.
1335 2164 1749 2235 Obtemperavit
1789 2165 1885 2219 tibi
1933 2164 2038 2219 hu-

464 2262 719 2325 manitas,
764 2274 949 2314 meum
996 2273 1197 2328 corpus
1220 2268 1411 2314 autem
1439 2258 1570 2328 quid
1612 2258 1743 2313 facit
1772 2257 1901 2311 hic?
1922 2257 2038 2313 Hoc

464 2353 677 2423 peccati
707 2360 793 2407 est
816 2366 1032 2421 expers.
1062 2349 1276 2420 Corpus
1309 2348 1446 2403 illud
1470 2348 1637 2419 primi
1666 2347 1797 2401 Adae
1826 2346 2036 2417 obliga-

466 2455 585 2500 tum
614 2444 715 2499 tibi
755 2451 859 2508 est,
893 2452 949 2498 et
976 2442 1101 2514 jure
1135 2444 1207 2497 ob
1250 2441 1307 2495 id
1335 2442 1454 2511 ejus
1490 2440 1857 2510 chirographa
1889 2437 2040 2493 obti-

465 2534 767 2591 neszmihi
815 2541 1000 2589 autem
1063 2548 1256 2587 omnes
1298 2531 1594 2602 perhibent
1634 2528 2036 2594 testimonium,

465 2627 611 2698 quod
641 2643 751 2683 non
781 2626 1147 2697 peccaverim,
1176 2623 1314 2679 nihil
1344 2623 1444 2679 tibi
1471 2622 1666 2687 debeo,
1686 2632 1742 2678 et
1764 2621 1911 2693 quod
1935 2623 2039 2677 sim

467 2721 637 2776 Filius
660 2720 755 2776 Dei
789 2720 1036 2774 universi
1070 2716 1207 2772 mihi
1237 2724 1589 2772 attestantur.
1624 2714 1875 2784 Desuper
1893 2717 2038 2771 enim

466 2830 533 2871 ex
562 2814 716 2870 caelis
744 2814 799 2868 in
829 2823 1032 2869 terram
1061 2812 1294 2867 veniens
1316 2824 1425 2865 vox
1454 2809 1835 2864 testimonium
1867 2807 1994 2863 tulit
2023 2825 2037 2862 :

466 2906 565 2961 Hic
586 2913 661 2960 est
687 2904 853 2959 Filius
874 2921 1018 2959 meus
1043 2902 1284 2966 dilectus,
1312 2903 1486 2973 ipsum
1512 2901 1691 2955 audite
1712 2901 1777 2954 ¹¹.
1802 2900 2042 2955 Joannes

466 3003 700 3052 testatur
728 3015 741 3049 :
777 2994 931 3060 Ecce,
974 2996 1152 3066 Agnus
1179 2993 1295 3060 Dei,
1330 2994 1423 3063 qui
1466 2991 1603 3046 tollit
1633 2999 1846 3062 peccata
1883 3007 2037 3045 mun-

468 3090 599 3144 di”.
624 3090 693 3143 Et
719 3088 916 3142 iterum
942 3087 1229 3157 Scriptura
1259 3102 1274 3140 :
1305 3083 1406 3150 Qui
1446 3094 1719 3156 peccatum
1760 3101 1864 3138 non
1899 3085 2039 3153 fecit,

472 3198 563 3236 nec
612 3182 848 3235 inventus
882 3187 957 3233 est
996 3177 1147 3232 dolus
1188 3179 1245 3232 in
1279 3178 1426 3232 eo“.
1476 3178 1545 3233 Et
1577 3175 1760 3232 :Venit
1801 3178 2040 3248 princeps

2136 1988 2237 2059 τῆς
2264 1986 2527 2058 πονηρίας
2553 1986 2623 2039 τὰ
2642 1986 3005 2058 χειρόγραφα,
3034 1987 3143 2040 καὶ
3175 1985 3347 2054 λέγει
3382 2002 3397 2015 ο
3435 2005 3454 2037 ι
3496 1986 3597 2039 Ἴδε
3629 1980 3757 2039 οὗτοι

2137 2080 2457 2149 ὑπήκουσαν
2503 2076 2580 2148 τῷ
2628 2076 2771 2146 λόγῳ
2820 2093 2943 2147 μου,
2994 2077 3075 2131 ῐδε
3135 2078 3293 2131 ὅπου
3353 2076 3754 2148 προσεκύνησαν

2136 2172 2268 2242 ἡμῖν
2291 2172 2339 2223 oi
2369 2168 2465 2224 ἀνθ
2478 2186 2668 2239 ρωποι.
2686 2169 2745 2222 Ὀ
2770 2168 2827 2223 δὲ
2852 2168 3006 2234 Θεὸς,
3037 2168 3283 2224 δικαιοκ
3292 2169 3462 2241 ρίτης
3492 2168 3581 2231 ὢν,
3606 2170 3753 2222 κάκεῖ

2135 2265 2372 2317 δείκνυσι
2400 2263 2464 2316 τὸ
2486 2262 2691 2316 δίκαιον
2716 2261 2881 2316 αὑτοῦ
2910 2262 3003 2316 καὶ
3026 2263 3197 2331 λέγει
3226 2264 3428 2334 αὐτῷ;
3466 2260 3743 2332 ’Υπήκουσέ

2140 2372 2223 2410 σοι
2249 2355 2487 2426 ὁἈδὰμ,
2516 2356 2609 2407 καὶ
2636 2355 2905 2425 κατέσχες
2934 2353 3109 2407 αὑτοῦ
3143 2356 3352 2418 πάσας
3383 2354 3487 2417 τὰς
3507 2352 3737 2420 καρδίας·

2139 2447 2419 2520 ὑπήκουσὲ
2461 2464 2544 2500 σοι
2574 2450 2609 2516 ἠ
2640 2446 3027 2516 ἀνορωπὸτης,
3050 2445 3119 2499 τὸ
3166 2448 3317 2517 ἐμὸν
3354 2446 3519 2514 σῶμα
3544 2445 3593 2498 τί
3619 2444 3741 2495 ποιεῖ

2137 2533 2259 2595 ὧδε.
2291 2541 2461 2594 Τοῦτο
2488 2539 2874 2610 ἀναμάρτητόν
2902 2540 3084 2593 ἔστιν·
3137 2541 3333 2594 ἐκεῖνο
3378 2540 3443 2592 τὸ
3490 2540 3633 2607 σῶμα
3652 2532 3722 2587 τοῦ

2145 2630 2364 2701 πρώτου
2396 2630 2568 2701 Ἀδὰμ
2613 2629 2955 2701 ἑχρεὼστησέ
3007 2646 3117 2694 σοι,
3159 2631 3266 2684 καὶ
3323 2631 3555 2693 δικαίως
3597 2623 3715 2681 αὑτοῦ

2141 2721 2393 2790 κατέχεις
2414 2721 2481 2773 τὰ
2506 2720 2869 2791 χειρόγραφα·
2904 2719 3029 2789 ἐμοὶ
3044 2719 3106 2773 δὲ
3122 2721 3343 2784 πάντες
3364 2715 3716 2791 μαρτυροῦσιν.

2140 2813 2223 2866 ὅτι
2243 2814 2343 2882 οὐχ
2363 2812 2608 2883 ἥμαρτον
2629 2828 2641 2841 ·
2670 2811 2731 2864 οὐ
2762 2811 3022 2882 χρεωστῶ
3051 2829 3141 2865 σοι
3175 2812 3343 2866 οὐδέν
3363 2828 3379 2843 θ
3404 2812 3499 2865 καὶ
3525 2812 3599 2863 ὅτι
3626 2804 3721 2867 Υἱός

2141 2904 2259 2973 εἰμι
2292 2903 2384 2956 τοῦ
2411 2902 2569 2966 Θεοῦ,
2599 2905 2802 2966 πάντες
2839 2920 2930 2973 μοι
2959 2903 3380 2974 μαρτυροῦσιν,
3400 2902 3605 2956 Ἐπάνω
3634 2911 3719 2965 γαρ

2141 2994 2251 3049 τῶν
2273 2994 2519 3066 οὐρανῶν
2554 2993 2906 3065 ἐμαρτύρησε
2938 2994 3092 3065 φωνὴ
3117 2994 3366 3047 ἐλθοῦσα
3389 2994 3482 3047 ἐπὶ
3504 2991 3596 3059 τῆς
3619 2987 3718 3055 γῆς,

2147 3082 2337 3153 Οὗτός
2385 3087 2555 3141 ἐστιν
2601 3091 2633 3140 ὁ
2684 3087 2815 3153 Υἱός
2860 3101 2979 3155 μου
3035 3089 3071 3141 ό
3126 3088 3452 3157 ἀγαπητός
3493 3100 3507 3114 ’
3563 3078 3717 3137 αὐτοῦ

2145 3179 2413 3234 ἀκούετε.
2451 3178 2735 3246 Ἰωάννης
2749 3178 3053 3249 μαρτυρεῖ,
3073 3178 3201 3234 Ἴδε
3224 3177 3456 3249 όάμνὸς
3474 3175 3574 3231 τοῦ
3596 3168 3718 3227 Θεοῦ

471 3274 626 3343 hujus
645 3271 849 3333 mundi,
871 3280 918 3325 et
940 3272 994 3325 in
1015 3286 1211 3324 menon
1232 3270 1384 3324 habet
1403 3269 1770 3340 quidquam".
1789 3268 2043 3335 Quinimo

2150 3275 2181 3323 ό
2210 3271 2394 3339 αἴρων
2423 3270 2540 3339 τὴν
2567 3270 2859 3340 ἁμαρτίαν
2885 3270 2990 3324 τοῦ
3022 3270 3277 3340 κόσμου
3303 3286 3318 3300 ο
3364 3267 3458 3323 καὶ
3501 3265 3645 3319 πάλιν
3683 3262 3712 3329 ἡ

476 3374 535 3419 ιιι
554 3365 691 3434 ipse,
714 3364 937 3429 Satana,
971 3363 1041 3418 de
1068 3378 1155 3418 me
1178 3362 1396 3419 testaris
1418 3362 1610 3418 dicens
1639 3362 1805 3417 :Novi
1828 3370 1877 3415 te
1905 3362 2045 3433 quod

471 3455 543 3510 sis
564 3455 727 3509 Filius
758 3454 852 3508 Dei
879 3456 940 3506 ¹⁶.
971 3454 1039 3508 Et
1063 3453 1297 3509 iterum:
1329 3452 1463 3519 Quid
1487 3454 1563 3507 rei
1580 3453 1723 3507 nobis
1753 3460 1918 3506 tecum
1942 3461 2042 3519 est,

472 3546 598 3601 Iesu
633 3544 955 3600 Nazarene?
985 3546 1172 3600 venisti
1200 3546 1300 3601 huc
1331 3545 1401 3599 ad
1422 3546 1769 3599 cruciandum
1800 3554 1893 3599 nos
1924 3553 2046 3613 ante

473 3639 733 3710 tempus"
754 3678 770 3703 ,
803 3637 940 3693 Tres
978 3653 1110 3709 ergo
1137 3638 1275 3693 mihi
1316 3638 2044 3709 testimoniumperhibent,

474 3732 570 3803 qui
599 3730 835 3802 desuper
866 3744 898 3785 e
921 3730 1076 3786 caelis
1109 3745 1301 3786 vocem
1348 3730 1571 3794 emittit,
1598 3740 1655 3787 et
1700 3732 1795 3801 qui
1830 3740 1959 3786 sunt
1990 3732 2047 3786 in

479 3834 645 3887 terra,
689 3830 745 3877 et
769 3832 828 3877 tu
871 3823 1008 3893 ipse.
1050 3823 1281 3878 Rcdimo
1313 3823 1478 3895 igitur
1500 3839 1702 3893 corpus
1728 3824 1830 3879 tibi
1852 3823 2047 3879 vendi-

480 3926 595 3970 tum
631 3932 661 3971 a
685 3916 862 3985 primo
906 3915 1022 3969 Ada
1055 3916 1334 3971 :dissulvo
1378 3926 1473 3971 tua
1513 3917 1917 3988 chirographa:
1947 3931 2049 3988 ego

477 4008 629 4062 enim
682 4006 923 4061 satisfeci
976 4020 1077 4075 pro
1139 4006 1342 4061 debitis
1372 4006 1523 4073 Adae,
1568 4007 1699 4062 dum
1749 4006 2049 4063 crucifixus

480 4114 623 4163 sum,
659 4109 716 4152 et
746 4097 803 4151 in
831 4096 1104 4152 infernum
1150 4096 1431 4152 descendi.
1459 4098 1528 4152 Et
1570 4098 1771 4152 mando
1803 4098 1925 4162 tibi,
1967 4098 2051 4152 in-

480 4190 655 4257 ferne,
708 4189 948 4245 tenebrae
974 4197 1030 4242 et
1087 4202 1256 4254 mors,
1315 4188 1507 4242 emitte
1555 4188 1793 4243 inclusas
1839 4188 2052 4243 animas

480 4282 631 4337 Adae.
677 4302 694 4331 ι
737 4281 939 4351 Sicque
984 4279 1207 4333 tandem
1251 4279 1513 4348 improba:
1546 4286 1867 4349 potestates,
1899 4288 2049 4336 metu

481 4373 768 4444 perculsae,
794 4371 1095 4427 restituunt
1132 4370 1402 4425 inclusum
1436 4370 1631 4424 Adam.

2151 3362 2478 3433 Γραιρὴ,⁶¹ος
2505 3362 2799 3431 ἁμαρτίαν
2842 3362 2953 3414 οὐκ
2999 3360 3333 3429 ἐποίησεν,
3360 3357 3496 3414 οὐδὲ
3528 3353 3713 3422 εἰρέθη

2149 3454 2329 3521 δόλος
2379 3455 2450 3508 ἐν
2491 3453 2685 3518 αὐτῷ’
2745 3453 2838 3506 καὶ
2890 3453 3293 3524 ὃτι,Ἔ’ρχεται
3330 3456 3364 3507 ὀ
3396 3451 3576 3518 ἅρχων
3616 3442 3709 3497 τοῦ

2146 3547 2377 3615 κόσμου
2403 3546 2642 3611 τούτου,
2684 3544 2783 3599 καὶ
2830 3546 2901 3600 ἐν
2944 3544 3078 3615 ἐμοὶ
3120 3546 3379 3615 εὑρήσει
3402 3541 3579 3598 οὐδέν.
3608 3535 3707 3589 Καὶ

2149 3639 2213 3692 σὺ
2237 3638 2292 3692 δὲ
2313 3637 2493 3700 αὐτὸς,
2513 3638 2776 3701 Σατανᾶς,
2798 3639 3097 3709 μαρτυρεῖς
3133 3656 3231 3709 μοι
3262 3638 3447 3706 λέγων,
3474 3628 3601 3685 Οἶδά
3637 3639 3703 3679 σε

2146 3732 2237 3795 τίς
2269 3724 2343 3793 εἴ,
2378 3732 2412 3783 ὁ
2452 3729 2583 3795 Υἱὸς
2620 3728 2729 3782 τοῦ
2763 3728 2944 3782 Θεοῦ·
2992 3730 3089 3782 καὶ
3138 3730 3334 3791 πάλιν,
3373 3728 3431 3783 Τί
3456 3722 3583 3793 ἡμῖν
3613 3716 3700 3771 καὶ

2148 3826 2247 3880 σοὶ
2286 3824 2483 3893 Ἰησοῦ
2515 3822 2857 3893 Ναζαρηνέ;
2884 3820 3066 3895 ἦλθες
3097 3826 3220 3895 πρὸ
3251 3821 3457 3892 καιροῦ
3474 3812 3698 3885 βασανί-

2149 3933 2255 3973 σαι
2282 3916 2460 3986 ἠμᾶς.
2494 3918 2655 3987 Τρεῖς
2683 3934 2773 3987 μοι
2803 3916 3204 3988 μαρτυροῦσιν,
3239 3920 3268 3971 ὀ
3295 3918 3477 3970 ἐπάνω
3506 3909 3601 3964 τῶν
3625 3905 3693 3957 οὓς

2152 4010 2332 4082 ρανῶν
2380 4009 2563 4080 φωνὴν
2608 4009 2851 4079 ἀφίησιν,
2888 4011 2937 4062 οί
2986 4012 3081 4062 ἐπὶ
3129 4011 3261 4079 γῆς,
3298 4009 3391 4062 καὶ
3438 4006 3498 4058 σὺ
3545 3998 3685 4058 αὐτόςο

2162 4099 2510 4170 Ἐξαγοράζω
2536 4093 2629 4153 οὖν
2655 4099 2718 4152 τὸ
2742 4099 2901 4162 σῶμα
2924 4099 2985 4152 τὸ
3008 4100 3223 4170 πραθέν
3251 4117 3331 4151 σοι
3359 4097 3445 4150 διὰ
3471 4092 3556 4147 τοῦ
3586 4083 3685 4158 πρώ-

2149 4209 2244 4245 του
2278 4192 2470 4262 Ἀδὰμ,
2494 4190 2756 4263 παραλύω
2806 4207 2900 4244 σου
2947 4193 3020 4246 τὰ,
3056 4184 3570 4265 χειρόγραφα.⁹Εγὼ
3608 4179 3684 4248 γάρ

2151 4284 2409 4337 ἀπέδωκα
2441 4283 2511 4336 τὰ
2541 4284 2679 4353 χρέα
2707 4282 2802 4336 τοῦ
2844 4284 3015 4354 Ἀδὰμ
3049 4284 3383 4357 σταυρωθεὶς
3410 4279 3499 4333 καὶ
3538 4268 3689 4328 κατελ-

2153 4372 2261 4425 θὼν
2312 4373 2370 4424 ἐν
2414 4370 2493 4440 τῷ
2522 4371 2657 4442 ᾇδῃο
2698 4373 2792 4424 καὶ
2836 4373 3041 4427 κελεύω
3086 4390 3201 4441 σοι,
3232 4373 3331 4444 ᾷδη
3383 4369 3473 4422 καὶ
3516 4363 3683 4418 σκότος,

483 4462 577 4517 καὶ
598 4460 811 4524 θάνατε,
830 4460 894 4514 ἔκ
908 4458 1038 4513 ϐαλε
1065 4458 1162 4521 τὰς
1179 4458 1637 4529 ὲγκεκλεισμένας
1659 4458 1835 4529 ψυχὰς
1862 4461 1955 4515 τοῦ
1985 4461 2175 4531 Ἀδάμ,
2208 4480 2226 4510 ι
2248 4460 2356 4513 Καὶ
2384 4459 2526 4514 οὕτω
2554 4460 2740 4513 λοιπὸν
2767 4463 2821 4515 αἱ
2847 4464 3085 4534 πονηραὶ
3111 4465 3375 4532 δυνάμεις
3393 4452 3684 4530 τρομόιξσιεκιι

482 4558 795 4616 ἀποδιδοῦσι
830 4556 922 4609 τὸν
961 4555 1411 4624 ἐγκεκλεισμένον
1446 4555 1636 4624 Ἀδάμ.

552 4653 659 4725 42
698 4649 790 4705 Kl.
821 4649 1025 4705 Verum
1054 4647 1100 4703 si
1124 4646 1388 4712 audieris,
1418 4647 1567 4717 quod
1592 4648 1688 4702 illo
1712 4655 1963 4719 tempore
1983 4649 2043 4704 li-

2230 4646 2333 4704 IA'.
2353 4645 2497 4701 Ἀλλ’
2517 4648 2643 4701 ὅταν
2660 4646 2793 4701 ἀκού
2803 4663 2921 4721 σῃς,
2947 4649 3028 4702 ὅτι
3052 4650 3109 4702 ὲν
3136 4648 3213 4720 τῷ
3231 4643 3404 4716 καιρῷ
3431 4637 3602 4704 ἐκείνῳ
3619 4629 3685 4725 ὲρξ

484 4745 693 4802 berarit
716 4742 927 4797 animas
948 4754 1015 4794 ex
1041 4739 1258 4794 inferno
1274 4750 1330 4794 et
1345 4737 1610 4802 tenebris,
1632 4747 1691 4795 et
1710 4740 1859 4809 quod
1878 4740 1944 4795 ad
1969 4741 2054 4794 in-

485 4840 631 4895 feros
657 4831 1310 4895 descenderitDominus,
1336 4839 1392 4885 et
1417 4830 1711 4901 perfecerit
1748 4847 1888 4901 opus
1922 4847 2060 4902 pree-

485 4931 713 4993 elarum,
750 4942 820 4982 ne
841 4926 1005 4996 longe
1033 4922 1102 4977 ab
1141 4923 1321 4976 anima
1350 4929 1441 4976 tua
1471 4921 1587 4976 haec
1615 4922 1835 4992 negotia
1865 4922 2060 4979 abesse

486 5020 785 5075 existimes.
812 5014 988 5072 llomo
1040 5011 1315 5083 siquidem
1363 5009 1525 5065 facile
1556 5010 1705 5081 capit
1736 5020 1794 5066 et
1832 5012 2066 5082 suscipit

486 5112 711 5166 malum.
743 5109 967 5163 Detinet
993 5106 1142 5162 enim
1175 5118 1323 5158 mors
1350 5102 1592 5157 animam
1620 5102 1778 5168 Adae,
1805 5112 1862 5158 et
1888 5104 1945 5158 in
1973 5112 2058 5157 tc-

488 5203 675 5258 nebris
723 5208 853 5255 sunt
904 5200 1129 5253 inclusze
1175 5196 1538 5267 cogitationes
1571 5196 1791 5251 animae.
1816 5196 1886 5251 Et
1932 5212 2060 5251 cum

490 5291 732 5349 audieris
745 5290 813 5345 de
840 5290 1232 5355 monumentis,
1264 5303 1336 5344 ne
1358 5288 1428 5343 de
1450 5288 1618 5343 rebus
1647 5287 1750 5343 sub
1778 5296 2064 5358 aspectum

493 5383 815 5441 cadentibus
848 5381 1069 5437 tandem
1102 5380 1347 5451 cogites:
1382 5387 1805 5435 monumentum
1834 5380 1983 5435 enim
2012 5389 2070 5436 et

493 5476 805 5547 sepulcrum
848 5487 945 5528 cor
974 5480 1130 5526 tuum
1184 5481 1286 5526 est.
1324 5470 1460 5527 Cum
1483 5472 1631 5527 enim
1672 5471 1933 5543 princeps
1963 5486 2069 5527 ne-

494 5568 679 5637 quitiae
703 5606 719 5632 ,
760 5573 816 5621 et
864 5564 1046 5635 angeli
1092 5564 1213 5634 ejus
1242 5563 1355 5618 illic
1392 5563 1583 5618 nidum
1626 5563 2067 5634 composuerint,

2158 4736 2360 4811 ρύσατο
2386 4739 2487 4803 τὰς
2515 4739 2697 4809 ψυχὰς
2727 4741 2789 4791 ἐκ
2812 4739 2905 4791 τοῦ
2932 4738 3082 4811 ᾅδου,
3116 4740 3213 4794 κα.)⁸
3233 4737 3327 4791 τοῦ
3359 4733 3579 4793 σκότους,
3608 4719 3676 4774 καὶ

2158 4832 2240 4885 ὅτι
2271 4830 2543 4900 κατῆλθεν
2590 4831 2668 4892 είς
2712 4830 2801 4884 τὸν
2846 4831 2980 4902 ᾅδην
3012 4833 3040 4885 ὁ
3095 4832 3320 4903 Κύριος,
3354 4825 3444 4880 καὶ
3474 4818 3674 4908 minas?

2159 4921 2369 4986 ἔνδοξον
2398 4920 2582 4992 εργονο
2632 4924 2708 4992 μὴ
2772 4922 2989 4992 μακρὰν
3035 4922 3143 4975 ἀπὸ
3188 4922 3285 4991 τῆς
3316 4915 3487 4987 ψυχῆς
3520 4923 3598 4961 σου
3628 4913 3675 4992 ἴα

2160 4989 2461 5085 πράγματα
2489 4989 2662 5065 ταῦτα
2696 4989 2849 5066 εἶναι
2892 4989 3146 5086 νομίσῃς.
3284 5009 3391 5079 γὰρ
3444 4989 3674 5086 ἄνθρωπός

2168 5084 2284 5159 ἐστι
2309 5104 2617 5176 χωρητικδς
2645 5105 2743 5157 καὶ
2790 5084 3036 5169 δεκτικὸς
3068 5084 3162 5160 τοῦ
3214 5096 3445 5170 πονηροῦ
3466 5110 3478 5125 ⁸
3505 5084 3674 5176 κατέχεξ

2168 5198 2278 5269 γὰρ
2306 5200 2334 5250 ὁ
2368 5198 2595 5260 θάνατος
2631 5197 2729 5261 τὰς
2758 5197 2934 5267 ψυχὰς
2960 5197 3054 5253 τοῦ
3105 5196 3296 5266 Ἀδὰμ,
3330 5189 3421 5245 xai
3455 5179 3580 5239 ἐντὸς
3601 5185 3671 5269 τοξθ

2168 5260 2393 5355 ἇκότυυς
2423 5290 2562 5344 εἰσὶν
2591 5290 2640 5343 οἱ
2678 5260 2940 5361 λογισμοὶ
2995 5290 3095 5363 τῆς
3133 5260 3308 5361 ψυχῆς
3347 5260 3673 5363 ἐγκεκλεισμέ·

2168 5400 2268 5437 νοι.
2298 5382 2410 5436 Καὶ
2433 5382 2563 5437 ὅταν
2595 5360 3002 5453 ἁκούσῃςνπερὶ
3034 5360 3330 5454 μνημείων,
3380 5371 3449 5442 μὴ
3490 5360 3548 5454 τὰ
3576 5365 3665 5454 qm;

2169 5433 2368 5545 ista;
2399 5433 2849 5545 τεθεάμεθα,ζό
2877 5433 3301 5545 magna.
3317 5433 3328 5442 ’
3342 5433 3449 5519 κὰ(
3465 5433 3665 5545 τάφοξῇ

2170 5531 2369 5619 καοδία
2401 5531 2496 5617 σου
2726 5531 2911 5618 Ὅταν.
2940 5531 3053 5636 γᾶρ
3081 5568 3110 5621 ὁ
3146 5531 3323 5634 ἀρχιρν
3365 5551 3451 5620 τῆς
3491 5531 3660 5595 κακίαςν

569 5742 590 5773 ³
620 5740 807 5794 Matth.
840 5754 915 5803 vr,
943 5739 1033 5792 Ἡ.
1081 5736 1119 5769 ⁸ο
1149 5737 1311 5807 Num.
1335 5753 1442 5796 xxx.
1469 5737 1521 5791 8.
1599 5738 1634 5769 ”
1657 5738 1677 5792 l
1702 5738 1830 5793 Cor.
1866 5754 1903 5801 ι,
1940 5739 2031 5801 25,

2150 5780 2153 5792 ,
2230 5739 2268 5771 ¹²
2298 5739 2488 5796 Matth.
2520 5740 2726 5807 ιη,16;
2761 5754 2895 5804 xvn,
2932 5740 2984 5794 5.
3063 5738 3103 5771 ¹³
3139 5736 3287 5792 Joan.
3318 5745 3353 5794 ι,
3384 5720 3461 5778 29.
3522 5708 3555 5742 ³⁸
3577 5702 3654 5758 1³³⁸

500 5827 573 5877 ιν,
600 5810 653 5864 9.
730 5809 776 5839 ¹¹
796 5808 951 5865 Joan.
984 5823 1093 5873 xw,
1122 5806 1212 5861 50.
1290 5806 1327 5839 ³⁸
1348 5808 1515 5862 Marc.
1553 5824 1633 5875 ltl,
1664 5808 1750 5862 Η.
1827 5807 1862 5839 ³⁷
1896 5808 2043 5865 Mattl

2153 5826 2234 5877 ιιι,
2265 5810 2356 5865 20.
