3966 6482
234 397 345 462 553

1477 395 1842 457 HOMILI/E.
1867 420 1936 430 ·-
1967 392 2153 455 HOM.
2193 393 2289 452 XI.

3395 393 3499 459 55L

237 518 334 569 καὶ
360 515 412 569 οί
438 514 661 584 ἄγγελοι
690 511 855 567 αὐτοῦ
892 511 1010 565 ἐκεῖ
1046 510 1423 583 ἔμφωλεύωσι,
1450 510 1545 565 καὶ
1570 511 1698 564 ὅταν
1720 510 1821 573 τὰς
1850 547 1860 574 λ

1964 508 2148 578 lioque
2176 507 2295 562 vias
2317 514 2377 565 et,
2403 505 2599 563 itinera
2626 503 2989 573 confecerint,
3021 508 3225 576 quibus
3243 509 3499 563 inambu—

235 606 464 676 τρίϐους
496 605 590 658 καὶ
616 604 714 669 τὰς
742 604 943 666 διόδους
990 605 1107 656 ἐκεῖ
1135 602 1423 668 ποιῶνται,
1464 603 1598 656 ὅπου
1646 603 1818 673 ἐμπε-

242 695 570 768 ριπατοῦσιν
598 698 653 749 αἱ
679 695 934 764 δυνάμεις
962 693 1056 747 τοῦ
1086 694 1301 747 Σατανᾶ
1324 694 1405 756 είς
1432 693 1522 747 τὸν
1544 692 1669 747 νοῦν
1699 710 1817 757 σου,

244 790 339 842 καὶ
372 790 455 851 είς
499 787 626 849 τοὺς
656 784 948 857 λογισμούς
989 802 1106 848 σου,
1140 784 1263 855 οὐχὶ
1285 784 1442 854 ᾅδης,
1495 784 1592 838 καὶ
1625 784 1817 853 τάφος,

250 879 341 933 καὶ
376 879 671 948 μνημεῖον,
729 876 823 929 καὶ
871 876 1066 946 νεκρὸς
1103 869 1154 927 εἴ
1193 872 1272 945 τῷ
1316 872 1470 944 Θεῷ;
1516 874 1631 927 ἐκεῖ
1660 872 1770 943 γὰρ
1795 872 1824 924 6

260 972 499 1033 Σατανᾶς
533 969 792 1041 ἀργύριον
828 966 1083 1037 ἀδόκιμον
1122 964 1413 1037 ἐχάραξεν.
1449 965 1537 1018 Ἐν
1568 965 1634 1034 τῇ

260 1063 427 1133 ταύτῃ
470 1062 692 1131 ἔσπειρε
726 1059 1017 1130 σπέρματα
1070 1058 1295 1130 πικρίας
1326 1075 1341 1089 ⁸
1374 1055 1624 1127 ἐξύμωσε
1679 1053 1828 1125 ζύμη

258 1155 499 1225 παλαιᾷ-
544 1153 696 1223 βρύει
724 1154 839 1205 ἐκεῖ
871 1151 1027 1221 πηγὴ
1057 1149 1342 1221 βορϐόρου.
1381 1147 1643 1217 Ἔρχεται
1677 1141 1768 1199 οὖν
1803 1148 1832 1199 ὁ

258 1246 465 1316 Κύριος
497 1246 577 1307 είς
603 1243 699 1307 τὰς
727 1242 1093 1313 ὲπιζητούσας
1122 1240 1285 1295 αὑτὸν
1306 1240 1506 1309 ψυχὰς,
1538 1239 1618 1302 είς
1646 1239 1707 1291 τὸ
1737 1238 1835 1307 βά-

260 1338 352 1401 θος
382 1337 477 1391 τοῦ
518 1335 644 1408 ᾇδου
681 1338 778 1406 τῆς
807 1334 1060 1404 καρδίας,
1094 1333 1255 1386 κάκεῖ
1282 1332 1613 1404 προστάσσει
1633 1329 1710 1398 τῷ
1738 1328 1838 1381 θα-

257 1429 411 1500 νάτῳ
437 1430 631 1496 λέγων,
668 1428 926 1481 Ἔκϐαλε
951 1426 1058 1491 τὰς
1078 1423 1583 1494 ἑγκεκλεισμένας
1608 1421 1836 1489 ψυχὰς,

259 1524 370 1587 τὰς
398 1523 505 1591 ἐμὲ
532 1520 948 1586 ἐπιζητούσης,
996 1517 1071 1584 ἂς
1113 1516 1382 1587 κατέχεις
1415 1515 1647 1581 βιαίως.
1679 1514 1840 1582 Διαρ-

263 1617 461 1686 ρήσσει
493 1613 585 1667 οὖν
604 1613 730 1675 τοὺς
750 1611 935 1682 βαρεῖς
960 1610 1141 1672 λίθους
1164 1606 1547 1676 ἐπικειμένους
1574 1606 1642 1675 τῇ
1666 1603 1835 1675 ψυχῇ,

1923 600 2041 655 lent
2069 606 2367 669 potestates
2399 598 2613 655 Satanae
2642 600 2698 654 in
2722 608 2906 655 mente
2935 609 3046 663 tua,
3071 609 3126 654 et
3152 600 3503 669 cogitationi-

1925 689 2029 745 bus
2054 689 2182 753 tuis,
2233 704 2416 744 nonne
2438 690 2707 755 infernus,
2755 702 2813 747 et
2847 692 3182 761 sepulcrum,
3218 702 3275 746 et
3310 707 3507 746 monu-

1929 792 2197 839 mentum.
2222 790 2277 835 et
2304 790 2556 835 mortuus
2576 783 2687 837 Deo
2714 784 2812 837 es?
2850 783 2966 837 Illic
2988 784 3135 837 enim
3165 782 3395 836 Satanas
3415 798 3505 835 ar-

1929 884 2152 945 gentum
2208 875 2505 944 reprobum
2537 876 2813 945 impressit
2852 894 2865 930 :
2898 876 2953 930 in
2987 876 3165 929 anima
3195 875 3299 928 hac
3339 874 3505 928 semi-

1932 965 2301 1021 navitsemiua
2324 981 2529 1029 amara.
2556 976 2611 1020 et
2628 968 2975 1023 fermentavit
2993 967 3263 1022 fermento
3288 966 3465 1021 veteri
3488 982 3504 1030 ;

1932 1058 2165 1115 scaturit
2196 1058 2309 1112 illic
2334 1058 2455 1112 fons
2488 1058 2610 1113 luti.
2652 1059 2949 1114 Descendit
2979 1075 3112 1129 ergo
3160 1058 3426 1113 Dominus
3452 1057 3509 1110 in

1933 1148 2144 1204 animas
2175 1162 2303 1202 eum
2325 1148 2690 1218 inquirentes,
2723 1150 2778 1204 in
2840 1150 3272 1218 profunditatem
3303 1144 3505 1201 inferni

1933 1238 2137 1302 cordis,
2169 1239 2391 1310 illicque
2437 1240 2659 1293 mandat
2703 1241 2887 1305 morti,
2917 1241 3108 1294 dicens
3135 1260 3148 1294 :
3174 1239 3373 1294 Emitte
3397 1240 3512 1291 ani-

1943 1346 2059 1384 mas
2079 1329 2315 1384 inclusas
2342 1347 2424 1384 me
2446 1342 2760 1401 quarrcntcs,
2792 1350 2924 1402 quas
2944 1335 2991 1386 vi
3014 1333 3232 1387 detines.
3262 1334 3516 1387 Perrum-

1944 1421 2024 1490 pit
2053 1422 2221 1491 igitur
2260 1437 2455 1492 graves
2497 1422 2707 1491 lapides
2754 1423 3042 1493 impositos
3085 1425 3304 1488 animae,
3338 1424 3519 1493 aperit

1945 1520 2318 1576 monumenta,
2370 1512 2661 1567 resuscitat
2689 1528 2818 1567 vere
2876 1523 3154 1569 mortuum
3181 1524 3239 1569 et
3256 1513 3446 1568 educit
3484 1527 3517 1567 e

1945 1617 2167 1657 carcere
2201 1603 2496 1656 tenebroso
2519 1604 2755 1656 animam
2791 1604 3077 1661 inclusam.

260 1709 475 1775 ἀνοίγει
526 1707 593 1761 τὰ
643 1707 917 1777 μνημεῖα,
963 1705 1157 1776 ἀνιστᾷ
1206 1703 1296 1756 τὸν
1345 1702 1596 1771 ἀληθινὸν
1645 1697 1837 1768 νεκρὸν
1866 1736 1882 1762 ,
1923 1697 2173 1751 ἐκϐάλλει
2239 1701 2304 1752 ὲκ
2342 1701 2441 1767 τῆς
2498 1701 2776 1770 σκοτεινῆς
2820 1700 3063 1771 φυλακῆς
3099 1699 3197 1773 τὴν
3240 1700 3518 1769 ἐγκεκλει⁴

269 1805 483 1876 σμένην
517 1803 713 1873 ψυχήνο

336 1944 442 1998 IB'.
477 1944 576 1996 Ὃν
614 1941 813 2014 τρόπον
842 1940 936 1994 ἐὰν
1030 1939 1318 2010 ἄνθρωπος
1352 1935 1634 2007 δεδεμένος
1656 1936 1841 2006 χεῖρας

2013 1933 2127 1988 XII.
2160 1933 2637 2001 Quemadmodum
2677 1933 2723 1990 si
2757 1935 2924 1989 homo
2953 1935 3026 1988 sit
3050 1934 3271 1989 vinetus
3311 1934 3520 1988 catenis

265 2035 364 2089 καὶ
397 2034 561 2097 πόδας
590 2032 833 2099 ἁλύσεσι,
859 2033 954 2084 καὶ
990 2031 1120 2103 ἔλθῃ
1147 2047 1232 2093 τις
1268 2030 1297 2082 6
1322 2027 1552 2082 διαλύων
1580 2025 1746 2080 αὐτοῦ
1774 2026 1842 2078 τὰ

263 2126 471 2197 δεσμὰ,
498 2125 594 2179 καὶ
621 2125 734 2196 ἁφῇ
764 2125 925 2177 αὐτὸν
958 2123 1243 2193 ἐλεύθερον
1265 2122 1592 2192 περιπατεῖν
1618 2122 1676 2173 ὲν
1725 2119 1845 2171 ἁνε-

267 2217 497 2287 κτότητι
518 2233 533 2246 ·
560 2214 703 2268 οὕτω
725 2215 823 2284 τὴν
851 2213 1141 2283 δεδεμένην
1160 2211 1337 2281 ψυχὴν
1365 2213 1483 2276 ταῖς
1501 2209 1724 2264 ἁλύσεσι
1749 2205 1843 2261 τοῦ

269 2304 510 2360 θανάτου
565 2302 681 2357 λύει
744 2304 774 2356 6
819 2302 1024 2373 Κύριος
1072 2302 1181 2354 ἀπὸ
1210 2302 1445 2371 δεσμῶν,
1475 2300 1569 2353 καὶ
1619 2298 1846 2369 ἀφίησιν

278 2394 465 2463 αὐτὴν,
495 2392 592 2446 καὶ
629 2392 906 2463 ἐλευθεροῖ
935 2394 1025 2445 τὸν
1068 2390 1194 2444 νοῦν
1223 2391 1319 2443 τοῦ
1369 2392 1589 2452 ἀκόπως
1619 2392 1677 2442 ὲν
1710 2391 1845 2442 ἀνα-

286 2483 476 2537 παύσει
505 2484 826 2552 περιπατεῖν
858 2484 938 2544 εἰς
972 2482 1062 2534 τὸν
1092 2481 1270 2534 θεῖκὸν
1304 2482 1465 2551 ἀέρα.
1510 2482 1720 2550 Ὥσπερ
1756 2479 1848 2533 ἐὰν

280 2569 638 2647 ᾕᾶνθρωπος
695 2571 754 2624 ὲν
805 2572 1090 2641 πλησμονῇ
1146 2568 1395 2642 ποταμοῦ
1446 2571 1503 2625 ἐν
1534 2568 1705 2639 μέσῳ,
1755 2566 1850 2619 καὶ

280 2660 703 2723 κατασυθισθεὶς
731 2661 790 2713 ὲν
816 2662 892 2732 τῷ
918 2661 1070 2715 ὕδατι
1097 2662 1275 2715 κεῖται
1306 2661 1519 2731 νεκρὸς,
1547 2659 1853 2727 πεπνιγμέ-

276 2774 367 2819 νος
387 2755 662 2827 ἀναμέσον
692 2756 881 2810 δεινῶν
909 2756 1116 2826 Θηρίων
1136 2771 1152 2785 ⁸
1191 2757 1286 2811 καὶ
1328 2759 1376 2809 εί
1425 2756 1643 2824 θελήσει
1695 2752 1853 2815 ἄλλος

276 2849 568 2920 ἄνθρωπος
597 2850 825 2920 ἄπειρος
846 2848 939 2902 τοῦ
962 2849 1261 2920 κολυμϐᾷν,
1287 2849 1549 2902 διασῶσαι
1574 2848 1666 2900 τὸν
1688 2848 1855 2916 ἐμπεο

280 2954 467 3008 «οντα,
495 2942 590 2994 καὶ
634 2942 796 3004 αὐτὸς
831 2942 1226 2995 συναπόλλυται
1272 2942 1369 2993 καὶ
1401 2939 1673 3009 πνίγεται.
1730 2939 1855 2990 Λοι-

284 3033 391 3086 τεὸν
443 3028 540 3087 οῦν
586 3025 690 3085 ὧδε
742 3034 1009 3102 ἐμπείρου
1057 3031 1427 3101 κολυμϐητοῦ,
1475 3032 1569 3084 καὶ
1613 3030 1855 3101 τεχνίτου

280 3124 467 3195 χρεία,
518 3124 607 3176 ἴνα
645 3122 899 3175 εἰσελθὼν
951 3125 1031 3186 εἰς
1089 3123 1151 3176 τὸ
1188 3122 1350 3192 βάθος
1395 3121 1489 3175 τοῦ
1529 3121 1733 3175 κόλπου
1764 3117 1857 3173 τοῦ

284 3215 480 3278 ὕδατος
511 3216 625 3267 ἐκεῖ
650 3213 929 3284 καταδύσῃ
959 3214 1052 3267 καὶ
1086 3213 1355 3286 ἁνενέγκῃ
1388 3213 1481 3266 τὸν
1514 3229 1860 3267 καταπεπον-

281 3305 546 3374 τισμένον
577 3304 670 3357 καὶ
712 3304 842 3357 ὄντα
890 3303 1163 3375 ἀναμέσον
1188 3304 1298 3357 τῶν
1337 3303 1572 3376 θηρίων
1602 3306 1697 3358 καὶ
1727 3304 1859 3355 αὐτὸ

283 3395 343 3449 δὲ
372 3394 437 3448 τὸ
485 3396 632 3466 ὕδωρ
661 3396 792 3450 ὅταν
836 3394 922 3467 ῑδῃ
980 3393 1244 3467 ἔμπειρον
1294 3396 1388 3449 καὶ
1426 3396 1603 3448 εἰδότα
1652 3395 1859 3462 πλέειν,

288 3489 481 3560 βοηθεῖ
527 3487 721 3559 τούτῳ,
756 3490 848 3542 καὶ
882 3490 1143 3560 ἀναφέρει
1174 3489 1337 3543 αὐτὸν
1381 3490 1474 3542 ἐπὶ
1512 3490 1580 3543 τὰ
1619 3489 1866 3560 ἀνώτερα

289 3582 456 3653 μέρη.
489 3579 679 3644 Οὕτως
710 3583 745 3652 ἡ
767 3580 912 3653 ψυχὴ
937 3585 1017 3643 εἰς
1037 3583 1274 3636 ἄϐυσσον
1301 3584 1547 3645 σκότους,
1581 3584 1676 3635 καὶ
1705 3584 1787 3645 είς
1806 3582 1867 3634 τὸ

291 3675 457 3743 βάθος
496 3674 591 3727 τοῦ
629 3673 858 3728 θανάτου
889 3676 1384 3729 καταποντισθεῖσα
1410 3676 1726 3739 πέπνικται,
1769 3672 1868 3727 καὶ

295 3765 464 3835 νεκρά
492 3767 643 3818 ἐστιν
671 3765 781 3818 ἀπὸ
807 3763 901 3818 τοῦ
923 3765 1059 3819 Θεοῦ
1094 3766 1365 3836 ἀναμέσον
1410 3766 1617 3837 θηρίων
1651 3764 1863 3819 δεινῶν.

306 3855 415 3907 Καὶ
440 3855 523 3919 τίς
549 3856 777 3910 δύναται
801 3860 880 3921 είς
898 3858 967 3913 τὰ
995 3860 1219 3928 ταμιεῖα
1249 3859 1433 3911 ἐκεῖνα
1485 3858 1581 3910 καὶ
1622 3858 1691 3910 τὰ
1728 3855 1866 3926 βάθη

312 3944 407 3998 τοῦ
430 3945 544 4015 ᾅδου
572 3949 667 4002 καὶ
703 3947 797 4001 τοῦ
828 3949 1059 4004 θανάτου
1107 3948 1413 4011 κατελθεῖν,
1461 3948 1509 3999 εί
1547 3947 1622 4016 μὴ
1652 3945 1816 4008 αὐτὸς
1844 3946 1873 3998 6

308 4039 549 4111 τεχνίτης
581 4041 612 4092 6
641 4041 1019 4112 ἐργασάμενος
1045 4041 1105 4095 τὸ
1123 4042 1322 4112 σῶμα;
1354 4039 1525 4101 Αὐτὸς
1558 4037 1777 4111 ἔρχεται
1797 4038 1877 4101 είς

301 4129 371 4183 τὰ
397 4130 491 4184 δύο
521 4132 684 4202 μέρη,
719 4133 799 4194 είς
845 4132 907 4185 τὸ
939 4132 1099 4201 βάθος
1126 4132 1221 4186 τοῦ
1261 4131 1409 4203 ᾅδου,
1456 4130 1552 4183 καὶ
1598 4128 1762 4184 πάλιν
1798 4128 1879 4190 είς

297 4221 395 4274 τὸν
452 4219 624 4290 βαθὺν
658 4222 862 4274 κόλπον
912 4225 1012 4291 τῆς
1044 4221 1297 4291 καρδίας,
1340 4222 1476 4273 ὅπου
1510 4216 1801 4288 κατέχεται
1844 4217 1879 4287 ἡ

306 4313 458 4384 ψυχὴ
491 4312 597 4366 ὑπὸ
638 4314 733 4367 τοῦ
779 4314 1009 4368 θανάτου
1047 4315 1145 4367 σὺν
1194 4315 1307 4375 τοῖς
1333 4313 1614 4381 λογισμοῖς
1670 4309 1874 4374 αὐτοῖς,

297 4405 402 4458 καὶ
428 4404 692 4473 ἀναφέρει
730 4406 795 4459 ὲκ
831 4404 928 4458 τοῦ
956 4404 1231 4458 σκοτεινοῦ
1259 4402 1419 4474 βυθοῦ
1468 4403 1559 4455 τὸν
1603 4416 1873 4469 νενεκρω-

301 4496 476 4565 μένον
536 4497 728 4565 Ἀδάμ.
781 4497 893 4550 Καὶ
929 4496 1092 4558 αὐτὸς
1132 4495 1189 4548 δὲ
1235 4497 1265 4548 6
1314 4494 1564 4555 θάνατος,
1627 4490 1717 4543 διὰ
1772 4489 1876 4558 τῆς

1944 2025 2199 2080 manibus
2225 2025 2588 2095 pedibusque,
2630 2035 2687 2081 et
2716 2027 2903 2081 veniat
2935 2026 3134 2095 aliquis
3163 2027 3257 2097 qui
3298 2026 3519 2081 vincula

1944 2118 2119 2189 ipsius
2146 2118 2340 2183 solvat,
2373 2127 2427 2173 et
2451 2118 2693 2173 dimittat
2724 2134 2876 2182 eum,
2921 2127 2982 2173 ut
3009 2118 3153 2172 liber
3195 2118 3440 2173 ambulet
3464 2118 3520 2172 in

1946 2212 2285 2281 propatulo:
2336 2211 2416 2266 sic
2464 2212 2704 2265 animam
2759 2212 2971 2268 catenis
3027 2212 3222 2265 mortis
3282 2211 3523 2265 vinctam

1947 2302 2111 2357 solvit
2131 2302 2393 2357 Dominus
2428 2317 2456 2356 a
2481 2302 2739 2367 vinculis,
2796 2310 2851 2356 et
2879 2301 3108 2355 dimittit
3140 2301 3289 2356 illam
3311 2340 3326 2364 ,
3353 2318 3417 2355 ac
3460 2302 3524 2355 li-

1948 2394 2105 2448 berat
2133 2401 2416 2458 mentem,
2441 2401 2502 2447 ut
2540 2394 2751 2464 absque
2800 2394 3049 2449 molestia
3077 2403 3132 2447 et
3170 2410 3294 2447 cum
3339 2392 3525 2461 quiete

1950 2484 2195 2539 ambulet
2262 2483 2317 2538 in
2385 2488 2573 2539 aerem‘
2619 2485 2892 2540 divinum.
2942 2486 3176 2540 Perinde
3227 2501 3290 2538 ac
3323 2485 3367 2539 si
3401 2484 3527 2553 quis

1950 2577 2115 2630 homo
2150 2578 2202 2630 in
2234 2578 2396 2647 pleno
2424 2592 2487 2632 ac
2510 2577 2691 2631 medio
2716 2578 2939 2631 ﬂumine
2973 2577 3255 2632 demersus
3278 2577 3330 2629 in
3360 2593 3526 2645 aqua,

1947 2668 2126 2737 jaceat
2150 2677 2423 2730 mortuus,
2473 2668 2773 2721 suffocatus
2810 2668 2865 2721 in
2897 2668 3079 2721 medio
3126 2666 3527 2721 horrendorum

1953 2764 2009 2810 et
2036 2756 2344 2811 crudelium
2395 2758 2716 2811 animalium
2751 2776 2763 2811 :
2792 2768 2848 2812 et
2881 2758 2925 2813 si
2951 2759 3075 2827 quis
3126 2760 3269 2813 alius
3298 2757 3527 2812 natandi

1955 2848 2175 2919 ignarus
2236 2848 2369 2903 velit
2413 2849 2561 2902 hunc
2605 2849 2661 2903 in
2701 2864 2898 2919 aquam
2950 2850 3254 2919 collapsum
3286 2864 3530 2913 servare,

1957 2941 2073 3012 ipse
2102 2942 2265 2997 simul
2296 2951 2484 3011 pereat
2510 2949 2566 2994 et
2592 2941 2925 3009 sutl‘ocetur;
2960 2951 3111 2996 certe
3138 2957 3278 3011 opus
3314 2942 3406 2996 hic
3434 2957 3532 3011 pe—

1958 3034 2066 3088 rito
2088 3034 2310 3088 natandi
2344 3034 2555 3089 artifice
2582 3042 2687 3100 est,
2720 3045 2781 3089 ut
2803 3036 3081 3106 ingressus
3107 3035 3161 3088 in
3200 3034 3535 3105 profundum

1961 3141 2119 3196 aqua:
2150 3126 2355 3191 sinum,
2382 3127 2495 3180 illic
2518 3142 2689 3196 aquas
2718 3126 2915 3180 subeat
2948 3144 2960 3178 :
2987 3136 3043 3181 et
3068 3126 3265 3181 referat
3287 3144 3412 3181 eum
3443 3128 3538 3196 qui

1962 3219 2248 3275 demersus
2284 3220 2340 3273 in
2377 3218 2559 3274 medio
2598 3219 2910 3273 belluarum
2951 3227 3109 3273 erat:
3138 3219 3189 3273 ei
3222 3219 3337 3289 ipsa
3375 3237 3538 3291 aqua,

1964 3312 2009 3366 si
2036 3312 2259 3381 quando
2291 3312 2530 3381 peritum
2558 3311 2693 3367 artis
2715 3310 2937 3365 natandi
2958 3311 3221 3367 artiﬁcem
3241 3322 3401 3367 nacta
3422 3312 3541 3368 fue—

1967 3403 2062 3468 rit,
2099 3404 2275 3473 ipsum
2311 3403 2555 3474 adjuvat,
2587 3411 2643 3458 et
2675 3404 2817 3459 tellit
2860 3404 2915 3458 in
2965 3404 3312 3474 superﬁciem
3366 3422 3538 3475 aqua).

1967 3495 2174 3549 Eodem
2226 3496 2389 3550 modo
2437 3497 2619 3549 anima
2652 3496 2709 3550 in
2767 3497 3022 3567 abyssum
3082 3498 3435 3551 tenebrarum
3489 3508 3546 3553 et

1968 3589 2401 3661 profunditatem
2429 3588 2623 3643 mortis
2677 3589 2948 3654 demersa,
2985 3590 3249 3644 sutl‘ocata
3272 3631 3287 3654 ,
3321 3600 3378 3645 et
3403 3606 3547 3644 mor-

1971 3689 2063 3735 tua
2086 3688 2170 3735 est
2200 3696 2230 3734 a
2254 3681 2365 3734 Deo
2388 3679 2443 3733 in
2470 3680 2651 3734 medio
2674 3679 2940 3733 ferocium
2967 3679 3309 3733 animalium.
3333 3680 3400 3732 Et
3424 3681 3548 3748 quis

1970 3777 2153 3839 potest
2180 3768 2234 3822 in
2256 3768 2556 3838 penetralia
2582 3767 2673 3821 illa
2703 3777 2759 3821 et
2786 3766 3053 3835 profunda
3082 3766 3280 3820 inferni
3309 3775 3365 3819 et
3404 3781 3549 3819 mor—

1974 3860 2047 3915 tis
2067 3859 2426 3924 descendere,
2462 3859 2569 3913 nisi
2608 3859 2724 3929 ipse
2767 3857 2950 3928 opifex
2970 3900 2985 3925 ,
3010 3860 3105 3928 qui
3128 3858 3392 3924 condidit
3418 3872 3545 3912 cor-

1976 3955 2124 4024 pus?
2145 3954 2264 4022 Ipse
2282 3960 2534 4022 penetrat
2563 3951 2700 4006 duas
2722 3960 2938 4022 partes,
2970 3950 3302 4021 profundum
3340 3950 3549 4005 scilicet

1974 4045 2200 4109 inferni,
2232 4053 2288 4100 et
2317 4042 2651 4113 profundum
2694 4042 2872 4096 sinum
2902 4040 3107 4106 cordis,
3135 4040 3231 4095 ubi
3274 4040 3551 4095 detinetur

1976 4136 2158 4191 anima
2192 4151 2221 4189 a
2247 4142 2420 4189 morte
2458 4148 2583 4189 eum
2623 4133 2880 4187 omnibus
2923 4132 3038 4187 suis
3086 4131 3549 4202 cogitationibus,

1977 4240 2141 4298 atque
2182 4228 2371 4282 educit
2414 4243 2482 4281 ex
2532 4225 2825 4280 tenebrosa
2854 4224 3227 4295 profunditate
3267 4231 3548 4278 mortuum

1980 4321 2173 4376 Adam.
2204 4320 2323 4389 Ipsa
2350 4333 2567 4388 quoque
2596 4333 2745 4371 mors
2777 4317 3189 4371 exercitationis
3205 4316 3376 4386 gratia
3398 4314 3555 4387 adju-

1980 4424 2167 4469 mento
2196 4422 2280 4467 est
2306 4411 2409 4482 ipsi
2448 4409 2683 4472 homini,
2714 4408 2884 4463 veluti
2915 4423 3054 4478 aqua
3082 4409 3311 4463 natanti.

298 4587 616 4660 γυμνασίας
646 4589 726 4651 εἰς
760 4587 1013 4658 βοήθειαν
1064 4585 1274 4655 γίνεται
1297 4583 1461 4638 αὑτοῦ
1518 4580 1612 4637 τοῦ
1634 4579 1940 4651 ἀνθρώπου,
1974 4574 2161 4645 ὥσπερ
2189 4573 2251 4625 τὸ
2283 4570 2427 4641 ὕδωρ
2456 4570 2535 4641 τῷ
2554 4570 2915 4641 κολυμϐῶντα

376 4772 486 4829 ll".
532 4773 601 4825 Τί
645 4772 756 4844 γὰρ
783 4770 1045 4842 δυσχερές
1078 4772 1196 4823 ἔστι
1233 4767 1313 4839 τῷ
1355 4764 1476 4836 Θεῷ
1506 4761 1774 4817 εἰσελθεῖν
1802 4760 1860 4814 εί‹

2054 4751 2195 4809 XIII.
2221 4750 2362 4817 Quid
2385 4748 2536 4804 enim
2565 4756 2652 4804 est
2678 4746 2900 4804 difﬁcile
2942 4748 3055 4804 Deo
3085 4760 3377 4820 penetrare
3414 4765 3561 4804 mor-

304 4865 407 4918 τὸν
440 4863 700 4930 θάνατον,
726 4863 821 4915 καὶ
850 4860 1017 4915 πάλιν
1068 4862 1150 4923 είς
1194 4859 1287 4913 τὸν
1325 4856 1495 4928 βαθὺν
1548 4854 1751 4908 κόλπον
1784 4851 1885 4920 τῆς

310 4956 564 5025 καρδίας,
599 4953 854 5007 κάκεῖθεν
894 4950 1338 5006 ἀνακαλέσασθαι
1361 4948 1453 5003 τὸν
1483 4945 1887 5016 νενεκρωμένον

324 5045 535 5117 ’Δδάμ;
564 5047 625 5099 ἐν
650 5045 756 5117 γὰρ
783 5043 862 5113 τῷ
886 5042 1201 5112 φαινομένῳ
1239 5040 1395 5095 αίῶνί
1424 5040 1562 5093 εἰσιν
1597 5036 1766 5090 οἰκίαι
1789 5035 1886 5088 καὶ

317 5135 620 5205 οίκοδομαὶ,
649 5136 783 5190 ὅπου
830 5136 865 5206 ἠ
898 5133 1257 5205 ἁνθρωπότης
1285 5132 1566 5186 κατοικεῖ*
1595 5128 1706 5182 Καί
1748 5128 1887 5180 εἰσιν

322 5227 454 5282 ὅπου
486 5226 674 5296 θηρία,
702 5227 937 5289 λέοντες,
975 5225 1009 5296 ἢ
1039 5225 1350 5295 δράκοντες,
1384 5223 1477 5277 καὶ
1530 5220 1667 5275 ἄλλα
1709 5219 1888 5272 ίοϐόλα

328 5318 510 5388 θηρία.
533 5320 596 5375 Et
620 5320 797 5372 τοίνυν
828 5320 857 5371 ὁ
886 5318 1037 5387 ἥλιος
1062 5317 1269 5385 κτίσμα
1295 5314 1391 5379 ὢν,
1425 5312 1733 5382 εἰσέρχεται
1758 5327 1893 5363 παν-

320 5410 572 5478 ταχόθεν,
612 5410 702 5463 διὰ
749 5408 858 5463 τῶν
891 5408 1143 5480 θυρίδων,
1175 5408 1296 5477 ἦτοι
1345 5404 1546 5475 θυρῶν,
1591 5402 1687 5456 καὶ
1720 5404 1800 5465 εἰς
1825 5400 1895 5453 τὰ

314 5503 567 5571 σπήλαια
596 5500 704 5554 τῶν
728 5500 977 5565 λεόντων,
1023 5499 1119 5552 καὶ
1165 5499 1247 5561 εἰς
1274 5495 1374 5558 τὰς
1402 5493 1543 5556 ὀπὰς
1588 5492 1698 5546 τῶν
1724 5492 1895 5562 ἑρπε-

308 5592 452 5654 τῶν,
506 5592 601 5645 καὶ
663 5592 965 5662 ἐξέρχεται,
1016 5591 1109 5644 καὶ
1171 5588 1322 5643 οὐδὲν
1359 5586 1656 5656 βλάπτεται
1680 5598 1694 5614 ·
1745 5584 1897 5653 πόσῳ

315 5682 530 5756 μᾶλλον
559 5685 589 5736 6
615 5683 746 5747 Θεὸς
778 5683 875 5737 καὶ
926 5682 1200 5751 Δεσπότης
1228 5679 1445 5733 πάντων
1475 5676 1784 5747 εἰσέρχεται
1816 5675 1897 5737 εἰς

311 5774 453 5838 τοὺς
488 5773 750 5842 φωλεοὺς,
785 5773 881 5826 καὶ
918 5772 999 5835 είς
1029 5771 1155 5834 τοὺς
1185 5769 1390 5833 οἴκους,
1431 5768 1565 5819 ὅπου
1620 5765 1895 5833 κατεσκή-

317 5883 502 5921 νωσεν
535 5867 564 5920 6
594 5864 844 5931 θάνατος,
878 5862 974 5919 καὶ
997 5865 1076 5927 εἰς
1101 5863 1198 5927 τὰς
1247 5860 1445 5932 ψυχὰς,
1482 5857 1733 5913 κάκεῖθεν
1770 5854 1888 5926 ῥυό-

1992 4855 2102 4900 tem
2123 4852 2179 4899 et
2197 4839 2532 4912 profundum
2580 4840 2762 4893 sinum
2804 4840 3010 4905 cordis,
3054 4856 3119 4895 ac
3148 4841 3273 4895 inde
3305 4856 3564 4897 revocare

1992 4945 2271 4992 mortuum
2327 4933 2543 4988 Adam?
2588 4932 2649 4987 In
2697 4933 2804 4987 hoc
2842 4933 2992 4987 enim
3046 4933 3304 5001 prazsenti
3364 4935 3564 4988 sreeulo

1992 5037 2125 5085 sunt
2145 5026 2515 5083 habitationes
2538 5034 2594 5079 et
2617 5025 2951 5088 mansiones,
2987 5024 3081 5077 ubi
3120 5024 3373 5080 homines
3410 5027 3568 5080 habi-

1992 5130 2112 5176 tent
2141 5137 2155 5175 :
2192 5129 2251 5175 et
2270 5126 2400 5175 sunt
2419 5132 2639 5188 quoque
2665 5118 2759 5172 ubi
2793 5116 3009 5182 bellum,
3036 5116 3245 5181 leones,
3276 5117 3565 5180 dracones,

1994 5221 2051 5270 et
2078 5213 2199 5267 alia;
2224 5226 2500 5267 venenum
2538 5210 2856 5266 emittentes
2883 5208 3013 5262 ferae
3052 5207 3323 5264 habitent.
3366 5208 3423 5265 Si
3465 5209 3569 5279 igi-

1999 5311 2089 5353 tur
2115 5300 2218 5366 sol,
2257 5299 2353 5369 qui
2394 5306 2480 5353 est
2515 5306 2789 5363 creatura,
2825 5312 3157 5367 quocunque
3186 5307 3458 5368 penetrat,
3492 5298 3571 5353 fe-

1999 5396 2234 5455 nestras,
2268 5399 2364 5443 aut
2388 5390 2582 5460 januas
2603 5429 2617 5453 ,
2650 5397 2761 5443 tam
2800 5389 3092 5459 speluncas
3117 5390 3359 5455 leonum,
3402 5405 3569 5459 quam

2002 5496 2265 5536 cavernas
2280 5481 2586 5551 reptilium,
2616 5490 2673 5535 et
2710 5495 2966 5551 egressus
3007 5481 3379 5551 nequidquam
3419 5482 3571 5535 lmdi-
3608 5494 3614 5500 ·

2004 5584 2094 5629 tur
2119 5613 2135 5638 ,
2172 5581 2377 5643 quanto
2404 5574 2575 5643 magis
2594 5574 2740 5627 Deus
2768 5582 2824 5627 et
2864 5573 3128 5627 Dominus
3168 5573 3412 5625 omnium
3435 5615 3449 5637 ,
3486 5572 3570 5626 in-

2002 5681 2220 5736 gressus
2236 5664 2397 5719 nidos
2422 5675 2478 5720 et
2500 5664 2779 5719 domicilia
2806 5664 2898 5718 ubi
2955 5679 3107 5718 mors
3142 5664 3370 5728 habitat,
3408 5674 3572 5733 atque

2001 5757 2168 5812 etiam
2194 5758 2426 5823 animas,
2454 5767 2511 5813 et
2540 5758 2692 5812 illinc
2712 5757 2954 5827 eripiens
2978 5756 3340 5820 Adam,nulla
3370 5757 3570 5829 injuria

2005 5848 2274 5907 adicitur!
2318 5847 2392 5905 Ac
2426 5849 2609 5920 pluvia
2642 5866 2672 5906 e
2712 5849 2852 5906 cmlo
2875 5848 3212 5906 descendens
3243 5848 3309 5905 ad
3350 5849 3573 5906 intimas
