3966 6440
546 382 651 446 555

1795 386 1856 446 S.
1896 386 2221 448 MACARII
2262 387 2584 451 IEGYP'I‘lI

3697 403 3787 469 556

545 510 705 553 terra;
734 505 916 566 partes
944 512 1117 567 usque
1147 498 1435 571 pertingit,
1459 498 1556 555 ubi
1582 498 1883 555 exsiccatas
1902 500 2084 556 radice

2227 520 2386 571 μενος
2431 506 2523 559 τὸν
2564 506 2732 578 Ἀδὰμ
2761 508 2862 562 οὐκ
2905 509 3177 565 ἀδικεῖται
3236 512 3351 567 ὑπὸ
3399 514 3497 568 τοῦ
3532 516 3787 589 θανάτους

539 589 647 663 43
677 603 869 644 rursus
884 589 1167 645 humectat
1182 598 1239 645 et
1255 600 1504 658 renovat,
1529 606 1593 647 ac
1614 591 1870 662 producit
1890 608 2113 663 germen

542 696 766 737 novum.

2222 597 2330 648 Καὶ
2357 598 2385 649 ό
2408 598 2558 663 ὑετὸς
2586 598 2645 663 ἐξ
2669 599 2902 670 οὐρανοῦ
2925 604 3364 676 κατερχόμενος,
3401 606 3595 678 φθάνει
3622 615 3789 685 κατέρ-

2218 688 2407 755 χεσθαι
2432 690 2511 751 εἰς
2540 690 2608 743 τὰ
2637 689 2924 764 κατώτερα
2956 695 3098 765 μέρη
3122 697 3232 766 τῆς
3266 699 3400 766 γῆς,
3432 700 3682 755 κάκεῖθεν
3704 705 3788 769 τὰς

2217 778 2578 847 ξηρανθείσας
2643 783 2799 852 ῥίζας
2854 785 3123 857 ἀνύγρανε
3168 789 3272 841 καὶ
3322 792 3655 860 ἀνεκαίνισε,
3706 798 3785 850 καὶ

2106 876 2111 889 ‘
2215 870 2469 943 ἐποίησεν
2498 875 2615 926 ἐκεῖ
2653 876 2897 947 γέννημα
2927 879 3133 933 καινόν.

610 968 749 1024 XIV.
786 969 941 1025 Alius
959 980 1064 1037 est,
1086 973 1177 1041 qui
1198 971 1497 1027 certamine
1521 982 1575 1027 et
1596 971 1742 1027 bello
1759 986 1884 1026 cum
1908 971 2107 1025 Satana

540 1060 716 1125 inito,
772 1060 1122 1116 aﬂlictionem
1174 1063 1423 1132 patitur:
1454 1062 1547 1117 hic
1589 1062 1884 1116 contritam
1939 1061 2108 1116 habet

539 1151 777 1205 animam
804 1166 817 1203 :
850 1151 903 1205 in
949 1153 1319 1208 sollicitudine
1351 1154 1532 1216 enim,
1568 1154 1720 1208 luctu
1755 1168 1819 1207 ac
1849 1153 2105 1224 laerymis

537 1245 868 1300 constitutus
895 1255 977 1300 est
1000 1262 1012 1299 :
1038 1246 1311 1315 duplicem
1336 1245 1606 1316 ejusmodi
1628 1246 1793 1299 homo
1811 1260 2103 1314 personam

534 1337 785 1391 sustinet.
815 1336 869 1392 Si
906 1338 1070 1407 igitur
1109 1338 1165 1391 in
1199 1338 1284 1392 his
1308 1338 1545 1409 negotiis
1579 1338 1771 1392 firmus
1791 1348 2099 1408 permanet,

532 1427 589 1480 in
621 1427 765 1482 bello
796 1429 1061 1485 Dominus
1083 1430 1133 1485 ei
1176 1430 1331 1484 adest
1386 1438 1441 1484 ct
1473 1438 1763 1485 conservat
1790 1445 1935 1495 eum,
1970 1429 2099 1500 quia

530 1518 728 1584 quatrit
751 1518 969 1573 assidue
997 1528 1054 1573 et
1084 1520 1521 1591 pulsatjanuam,
1547 1520 1770 1589 quando
1792 1521 1843 1575 ei
1864 1522 2095 1590 aperiat.

530 1607 733 1663 lterum
764 1626 920 1675 vero,
966 1611 1011 1665 si
1043 1620 1301 1681 appareat
1332 1612 1430 1666 tibi
1467 1613 1633 1667 frater
1658 1621 1916 1667 strenuus
1949 1629 2017 1666 co
2040 1614 2096 1666 in

527 1698 695 1765 bello,
727 1716 757 1756 a
798 1702 974 1771 gratia
1016 1711 1102 1758 est
1140 1705 1494 1758 confirmatus
1527 1722 1539 1757 :
1570 1703 1663 1774 qui
1719 1720 1850 1759 vero
1898 1705 2095 1759 funda-

526 1800 773 1846 mentum
826 1808 934 1847 non
987 1793 1174 1861 habet,
1222 1810 1335 1849 non
1376 1802 1656 1865 tantopere
1692 1798 1859 1851 Deum
1914 1798 2091 1859 timet,

2282 961 2378 1015 IA'.
2418 962 2607 1027 Ἀλλος
2645 966 2794 1019 ἐστὶν
2834 967 2863 1019 ὁ
2894 966 3033 1038 ἔχων
3062 970 3258 1039 ἀγῶνα
3278 1012 3295 1037 ,
3349 974 3448 1026 καί¹
3482 974 3674 1043 θλῖψιν,
3703 982 3781 1033 καὶ

2212 1054 2445 1123 πόλεμον
2488 1058 2623 1128 πρὸς
2671 1059 2764 1112 τὸν
2802 1061 3047 1116 Σατανᾶν
3070 1081 3084 1095 ο
3121 1059 3290 1129 οὗτος
3327 1073 3780 1141 συντετριμμένην

2210 1144 2320 1213 ἔχει
2367 1145 2464 1216 τὴν
2503 1147 2683 1217 ψυχὴν
2737 1150 2943 1204 αὐτοῦ·
2974 1153 3031 1205 ὲν
3079 1155 3331 1228 μερίμνῃ
3378 1158 3495 1228 γάρ
3543 1162 3652 1214 ἐστι
3701 1166 3777 1216 καὶ

2212 1235 2393 1288 πένθει
2426 1239 2518 1290 καὶ
2570 1238 2853 1309 δάκρυσιν.
2903 1243 2996 1305 Ei;
3038 1244 3130 1297 δύο
3165 1247 3449 1315 πρόσω-πα
3487 1251 3720 1321 εἱστήκει
3754 1258 3775 1307 ὁ

2205 1327 2461 1392 τοιοῦτος.
2488 1331 2549 1383 Ei
2588 1332 2765 1385 τοίνυν
2796 1336 2852 1386 ὲν
2882 1336 3142 1399 τοιούτοις
3174 1338 3514 1409 πράγμασιν
3552 1343 3768 1413 εἱστήκει

2202 1413 2358 1482 οὗτος
2380 1461 2394 1485 ,
2427 1423 2506 1485 εἰς
2541 1423 2630 1475 τὸν
2663 1425 2899 1497 πόλεμον
2954 1430 3072 1496 μετ’
3098 1430 3274 1483 αὐτοῦ
3310 1432 3465 1485 ἐστιν
3512 1435 3541 1485 δ
3594 1436 3768 1505 Κύριος

2203 1512 2296 1564 καὶ
2343 1512 2610 1580 φυλάσσει
2642 1517 2802 1569 αὐτόν
2823 1534 2837 1546 ο
2886 1518 3138 1589 ἐπιζητεῖ
3178 1524 3296 1592 γὰρ
3326 1523 3660 1590 σπουδαίως,
3689 1530 3764 1579 καὶ

2204 1601 2388 1671 κρούει
2424 1602 2520 1674 τὴν
2575 1605 2765 1675 θύραν,
2800 1609 2931 1661 πότε
2974 1610 3125 1680 αὐτῷ
3160 1611 3402 1679 ἀνοίγει.
3446 1613 3612 1666 Πάλιν
3651 1615 3700 1667 δὲ
3725 1618 3762 1667 εί

2201 1691 2449 1759 φαίνεταί
2478 1710 2560 1746 σοι
2602 1695 2829 1766 ἀδελφὸς
2861 1697 3065 1766 ἀγαθὸς
3094 1695 3199 1753 ὧδε
3229 1738 3245 1763 ,
3301 1702 3409 1755 ὑπὸ
3444 1701 3541 1772 τῆς
3570 1704 3758 1774 χάριτός

2199 1782 2347 1833 ἐστιν
2395 1783 2807 1855 ὲστηριγμένος.
2865 1789 2923 1841 '0
2958 1789 3015 1841 δὲ
3049 1790 3124 1861 μὴ
3180 1792 3330 1863 ἔχων
3367 1793 3643 1863 θεμέλιον,
3679 1796 3757 1848 οὐκ

525 1896 629 1935 nec
655 1883 956 1937 contritum
996 1891 1081 1938 est
1112 1900 1209 1939 cor
1240 1885 1381 1955 ejus,
1418 1901 1521 1940 nec
1564 1888 1618 1940 in
1672 1896 1819 1941 metu
1849 1896 1953 1952 est,
1990 1903 2084 1941 nec

2200 1874 2311 1945 ἔχει
2357 1876 2612 1931 τοσοῦτον
2658 1879 2821 1948 φόϐον
2847 1880 3013 1948 Θεοῦ,
3065 1883 3127 1936 οὐ
3174 1887 3566 1955 συντέτριπται
3616 1888 3751 1940 αὐτοῦ

522 1971 783 2026 observat
814 1989 911 2027 cor
937 1989 1125 2038 suum,
1165 1983 1220 2029 ct
1254 1975 1518 2042 membra,
1541 1992 1611 2031 ne
1638 1977 1947 2032 inordinate
1978 1994 2094 2031 am-

523 2061 719 2116 bulent
748 2080 761 2117 :
787 2064 1056 2133 ejusmodi
1088 2065 1267 2120 adhuc
1298 2066 1620 2123 dissolutam
1665 2067 1833 2123 habet
1856 2068 2092 2122 animam

523 2166 715 2216 suam;
755 2152 1001 2207 nondum
1031 2154 1180 2208 enim
1208 2154 1457 2224 praelium
1498 2157 1781 2227 ingressus
1805 2165 1909 2212 est.
1939 2158 2094 2213 Alius

522 2241 691 2312 igitur
734 2251 849 2309 est,
883 2244 977 2315 qui
1023 2245 1079 2298 in
1110 2245 1254 2301 bello
1297 2254 1353 2301 et
1398 2248 1690 2302 afﬂictione
1718 2257 1822 2311 est,
1851 2258 1907 2304 et
1955 2249 2094 2305 alius

519 2333 615 2401 qui
641 2333 721 2388 rei
758 2334 1012 2390 militaris
1037 2334 1260 2405 ignarus
1288 2336 1471 2391 adhuc
1518 2346 1619 2391 est.
1647 2337 1857 2392 Etenim
1883 2340 2091 2395 semina

517 2441 738 2497 quoque
783 2426 838 2481 in
886 2435 1089 2482 terram
1130 2430 1294 2483 missa
1324 2428 1677 2485 afﬂictionem
1711 2430 2005 2495 sustinent,
2035 2431 2089 2486 in

516 2519 664 2588 gelu,
700 2519 903 2587 hieme,
934 2529 990 2575 et
1022 2520 1227 2592 frigore
1273 2522 1417 2577 acris
1447 2540 1460 2575 :
1492 2536 1555 2576 ac
1599 2522 1862 2593 deinceps
1902 2522 2090 2578 debito

517 2616 761 2678 tempore
794 2609 1079 2666 reviviscit
1111 2626 1357 2682 germen.

584 2796 699 2851 XV.
734 2797 1015 2871 Contingit
1065 2810 1248 2855 autem
1283 2802 1594 2868 interdum,
1644 2814 1707 2858 ut
1753 2804 1983 2862 Satanas
2030 2807 2085 2860 in

512 2888 679 2944 corda
708 2900 889 2944 tecum
933 2891 1197 2962 disputet,
1235 2893 1448 2950 scilicet
1486 2911 1502 2948 :
1535 2894 1668 2948 Ecce
1696 2906 1897 2967 quanta
1938 2898 2087 2952 mala

512 2982 839 3048 commisisti,
887 2998 1000 3035 ecce
1035 2992 1240 3053 quanta
1279 2984 1492 3039 insania
1533 2987 1717 3040 anima
1761 2996 1854 3041 tua
1884 2988 2086 3059 repleta

512 3079 611 3137 cst,
652 3079 702 3125 et
729 3090 888 3143 quam
913 3076 1129 3128 onustus
1163 3091 1214 3129 es
1244 3077 1489 3145 peccatis,
1524 3086 1580 3129 ut
1622 3078 1850 3148 amplius
1883 3078 2086 3133 salvari

512 3180 618 3217 non
647 3164 830 3233 possis.
867 3164 992 3219 Haec
1036 3173 1221 3220 autem
1259 3166 1383 3220 ideo
1414 3166 1567 3229 facit,
1606 3176 1668 3221 ut
1709 3177 1759 3223 te
1800 3171 1855 3223 in
1886 3170 2084 3240 despc-

2198 1970 2230 2037 ὴ
2272 1969 2500 2039 καρδία.
2535 1969 2659 2024 οὔτε
2710 1974 2857 2028 ἐστὶν
2902 1975 2961 2027 ὲν
3009 1976 3199 2046 φόϐῳ,
3244 1978 3376 2031 οὔτε
3428 1978 3749 2046 ἀσφαλίζεται

2195 2060 2360 2113 αὐτοῦ
2405 2061 2504 2132 τὴν
2538 2062 2767 2135 καρδίαν
2796 2065 2893 2118 καὶ
2939 2067 3009 2120 τὰ
3055 2068 3195 2139 μέλη
3219 2112 3234 2132 ,
3286 2069 3386 2123 τοῦ
3417 2072 3494 2143 μὴ
3535 2073 3748 2135 ἀτάκτως

2156 2210 2167 2228 ᾗ
2194 2155 2536 2224 περιπατεῖν.
2591 2149 2758 2219 Οὗτος
2810 2158 2994 2228 ἀκμὴν
3047 2161 3479 2233 ἀπολελυμένην
3527 2162 3627 2233 ἔχει
3663 2164 3742 2233 τὴν

2191 2241 2367 2313 ψυχὴν
2394 2242 2560 2296 αὑτοῦ
2580 2262 2592 2275 ·
2629 2244 2783 2299 οὔπω
2814 2248 2925 2317 γὰρ
2951 2248 3204 2318 εἰσῆλθεν
3230 2252 3315 2315 είς
3347 2252 3553 2321 ἀγῶνα.
3583 2253 3738 2316 Ἄλλος

2190 2332 2285 2390 οὖν
2321 2338 2468 2390 ἐστιν
2515 2337 2544 2388 ό
2573 2339 2633 2391 ὲν
2680 2337 2855 2407 ἀγῶνι
2906 2340 3001 2393 καὶ
3034 2340 3214 2410 θλίψει
3239 2382 3254 2408 ,
3292 2344 3392 2397 καὶ
3439 2343 3585 2406 ἄλλος
3620 2346 3644 2395 ὀ
3675 2342 3731 2411 μὴ

2190 2428 2350 2492 εἰδὼς
2380 2429 2433 2481 τί
2473 2432 2591 2484 ὲστι
2630 2429 2890 2501 πόλεμος.
2925 2431 3034 2485 Καὶ
3063 2431 3179 2504 γὰρ
3214 2434 3287 2487 τὰ
3331 2435 3609 2505 σπέρματα
3632 2435 3727 2487 ὅταν

2192 2521 2359 2591 βληθῇ
2386 2524 2465 2585 εἰς
2489 2522 2589 2593 τὴν
2619 2527 2743 2595 γῆν,
2772 2523 2951 2594 θλίψιν
2974 2525 3249 2595 ὑπομένει
3280 2530 3362 2591 εἰς
3385 2530 3510 2592 τοὺς
3542 2529 3710 2594 πάγους,

2189 2614 2268 2676 είς
2295 2613 2386 2666 τὸν
2412 2613 2677 2683 χειμῶνα,
2704 2615 2786 2679 είς
2814 2616 2914 2685 τὴν
2942 2617 3269 2688 ψυχρότητα
3298 2619 3410 2673 τῶν
3440 2621 3622 2691 ἀέρων·
3642 2614 3706 2670 καὶ

2187 2704 2245 2757 ὲν
2270 2703 2348 2774 τῷ
2375 2704 2547 2759 δέοντι
2573 2706 2752 2778 καιρῷ
2774 2704 3234 2770 ἀναζωοποιεῖται
3258 2711 3321 2763 τὸ
3344 2710 3595 2781 γέννημα.

2259 2794 2355 2849 IE'.
2391 2796 2685 2866 Συμὸαίνει
2722 2797 2779 2851 δὲ
2811 2798 2893 2852 ὅτι
2922 2801 2950 2853 ὁ
2978 2801 3233 2865 Σατανᾶς
3268 2802 3566 2871 διαλέγεταί
3592 2818 3654 2853 σοι
3673 2800 3713 2851 ἐν

2187 2888 2251 2956 τῇ
2291 2886 2507 2958 καρδίᾳ·
2549 2888 2673 2942 Ἴδε
2716 2890 2883 2943 πόσα
2927 2891 3081 2946 κακὰ
3128 2892 3466 2962 ἐποίησας,
3497 2893 3609 2948 ἰδοὺ
3634 2891 3713 2943 πό-

2186 2994 2314 3032 σων
2339 2978 2571 3047 μανιῶν
2602 2981 2989 3049 πεπλήρωται
3029 2999 3154 3039 σου
3204 2988 3245 3054 ἡ
3282 2987 3484 3056 ψυχὴ,
3526 2986 3608 3039 καί
3636 2983 3714 3047 βε-

2187 3070 2516 3139 ϐαρημένος
2553 3072 2610 3125 εἷ
2635 3072 2755 3125 ἀπὸ
2785 3073 3114 3142 ἁμαρτιῶν,
3158 3075 3251 3129 ὅτι
3282 3077 3476 3132 οὐκέτι
3505 3077 3713 3130 δύνασαι

2184 3161 2474 3228 σωθῆναι.
2506 3161 2693 3216 Ταῦτα
2717 3162 2773 3215 δὲ
2822 3165 2986 3229 ποιεῖ,
3035 3164 3121 3218 ἵνα
3160 3167 3362 3239 ἐνέγκῃ
3405 3184 3460 3219 σε
3484 3168 3553 3229 εἰς
3581 3161 3713 3217 ἀπελ-

511 3255 782 3310 rationem
811 3256 1069 3323 deducat,
1099 3270 1156 3314 et
1179 3259 1307 3330 quia
1348 3276 1457 3314 non
1492 3270 1578 3316 est
1615 3270 1838 3333 accepta
1875 3271 1930 3318 et
1955 3280 2082 3334 gra-

2191 3252 2408 3321 πισμὸν,
2445 3252 2540 3306 καὶ
2570 3253 2653 3306 ὃτι
2691 3254 2790 3306 οὐκ
2824 3254 2973 3308 ἐστιν
2997 3256 3458 3327 εὐπρόσδεκτοςή
3499 3252 3712 3326 μετάνοιά

511 3357 565 3402 ta
595 3360 691 3402 tua
735 3349 1075 3418 paenitentia.
1106 3352 1398 3422 Postquam
1445 3352 1591 3407 enim
1624 3370 1724 3423 per
1773 3362 2080 3425 transgres-

506 3441 720 3495 sionem
754 3440 960 3495 malitia
992 3441 1261 3508 introivit,
1288 3453 1475 3513 postea
1511 3445 1739 3516 singulis
1768 3447 1921 3501 boris
1964 3447 2080 3501 dis-

506 3538 809 3600 putatcum
841 3532 1042 3599 anima,
1093 3543 1151 3588 ut
1176 3534 1343 3588 homo
1366 3550 1489 3589 cum
1515 3536 1758 3591 homine.
1788 3538 2079 3608 Responde

505 3632 563 3676 tu
593 3638 813 3693 quoque
842 3624 922 3679 sic
966 3642 979 3678 :
1021 3625 1197 3679 Habeo
1249 3628 1548 3681 testimonia
1584 3627 1832 3696 Domini,
1884 3633 2079 3702 scripto

503 3714 819 3784 consignata
846 3729 865 3767 :
893 3712 1029 3768 Nolo
1063 3724 1285 3770 mortem
1316 3726 1670 3786 peccatorum,
1699 3721 1789 3773 sed
1818 3724 2076 3791 pazniten-

506 3805 659 3870 (iam,
710 3816 767 3859 ut
807 3816 1144 3862 convertatur
1192 3810 1301 3879 ipse
1344 3827 1377 3862 a
1420 3812 1507 3864 via
1539 3828 1805 3882 perversa,
1838 3824 1885 3868 et
1914 3818 2074 3870 vivat.

505 3898 803 3968 Propterea
828 3899 973 3955 enim
1010 3900 1299 3956 descendit
1344 3901 1625 3969 Dominus,
1670 3914 1730 3958 ut
1760 3918 2079 3975 peccatores

505 3990 765 4055 salvaret,
798 4001 1046 4047 mortuos
1080 3995 1393 4058 suscitaret,
1421 4003 1475 4050 et
1494 4012 1523 4050 a
1550 4007 1725 4053 morte
1753 4001 2077 4057 vulneratos

503 4079 827 4147 viviﬁcaret,
855 4091 912 4138 et
937 4099 1033 4138 eos
1054 4086 1149 4154 qui
1176 4086 1229 4139 in
1259 4087 1500 4142 tenebris
1520 4100 1697 4155 erant,
1718 4091 2073 4149 illuminarct.

503 4172 647 4229 Vere
702 4175 850 4230 enim
901 4176 1167 4232 Dominus
1210 4177 1533 4243 adveniens,
1585 4182 1803 4236 vocavit
1865 4200 1967 4239 nos
2019 4186 2074 4239 in

504 4266 855 4336 adoptionem
897 4267 1160 4337 filiorum,
1193 4269 1259 4324 ad
1292 4280 1537 4326 sanctam
1568 4283 1623 4328 et
1665 4275 1817 4344 pacis
1865 4277 2077 4332 studio-

506 4370 621 4411 sam
672 4358 973 4423 civitatem,
1021 4358 1087 4413 ad
1134 4359 1302 4415 vitam
1331 4377 1608 4432 nunquam
1646 4365 1971 4435 perituram,
2005 4368 2073 4421 ad

504 4448 732 4517 gloriam
757 4447 1456 4518 incorruptibilem;modo
1496 4469 1597 4509 nos
1657 4455 1931 4526 principio
1978 4458 2075 4512 bo-

504 4555 638 4594 num
677 4540 840 4594 finem
880 4551 1350 4611 superstruamus,
1378 4558 1795 4614 perseverantes
1840 4549 1895 4603 in
1930 4567 2069 4621 pau-

2193 3359 2309 3396 σου.
2362 3344 2581 3415 Ἐπειδὴ
2630 3344 2731 3416 γὰρ
2766 3346 3103 3417 παρεισῆλθε
3136 3349 3235 3403 διὰ
3263 3349 3363 3420 τῆς
3402 3347 3713 3418 παραϐάσεως

2186 3434 2219 3503 ὴ
2254 3434 2455 3500 κακία,
2498 3434 2684 3488 λοιπὸν
2714 3437 2835 3490 καθ’
2876 3438 3113 3508 ἑκάστην
3157 3440 3311 3510 ὥραν
3353 3440 3614 3506 διαλέγεται
3650 3436 3706 3503 τῇ

2185 3521 2329 3592 imm
2384 3523 2459 3586 ὡς
2504 3523 2790 3595 ἅνθρωπος
2846 3526 2983 3595 μετὰ
3024 3528 3346 3599 ἀνθρώπου.
3408 3523 3705 3593 ’Δποκρίθητι

2186 3614 2335 3684 αὐτῴ
2365 3615 2460 3668 καὶ
2492 3616 2555 3668 σὺ
2578 3655 2593 3678 ,
2644 3616 2727 3668 ὅτι
2759 3617 2879 3684 ἔχω
2913 3617 3021 3684 τὰς
3056 3622 3396 3689 μαρτυρίας
3423 3616 3501 3671 τοῦ
3530 3612 3701 3683 Κυρίου

2184 3704 2512 3774 ἐγγράφως,
2544 3705 2643 3758 καὶ
2672 3705 2761 3758 ὅτι
2788 3708 2861 3760 οὐ
2884 3708 3193 3777 ,ϐούλομαι
3228 3711 3337 3765 τὸν
3365 3709 3589 3765 θάνατον
3615 3698 3705 3755 τοῦ

2185 3795 2558 3866 ἀμαρτωλοῠ,
2588 3796 2669 3861 ὡς
2701 3796 2814 3864 τὴν
2838 3799 3191 3867 μετάνοιαν,
3226 3802 3325 3855 καὶ
3359 3799 3422 3854 τὸ
3456 3800 3703 3859 ἀποστρα⁸

2184 3889 2371 3959 φῆναι
2401 3888 2587 3943 αὐτὸν
2618 3888 2737 3943 ἀπὸ
2761 3889 2871 3959 τῆς
2895 3890 3039 3945 ὀδοῦ
3062 3892 3181 3961 τῆς
3205 3891 3485 3961 πονηρᾶς,
3515 3886 3598 3941 καὶ
3622 3882 3700 3950 ζῆν

2183 3985 2390 4039 αὐτόν.
2429 3983 2529 4038 Διὰ
2576 3986 2733 4037 τοζτο
2778 3986 2887 4057 γὰρ
2936 3988 3210 4057 κατῆλθεν
3248 3988 3434 4049 αὐτὸς,
3487 3985 3563 4036 ἵνα
3605 3977 3693 4034 τοὺς

2182 4074 2541 4147 ἁμαρτωλοὺς
2572 4076 2741 4150 σώσῃ,
2782 4077 2905 4141 τοὺς
2934 4082 3165 4149 νεκροὺς
3199 4082 3469 4150 ἀνεγείρῃ,
3500 4077 3608 4136 τοὺς
3629 4085 3684 4121 τε·

2183 4166 2596 4235 θανατωμένους
2644 4169 2955 4241 ζωοποιήση
2978 4212 2990 4234 ,
3034 4172 3162 4234 τοὺς
3213 4175 3273 4225 ἐν
3306 4172 3379 4241 τῷ
3415 4169 3579 4221 σκότει
3611 4178 3687 4229 φω·

2180 4259 2327 4333 τίσῃ.
2368 4258 2609 4332 Ἀληθῶς
2641 4262 2747 4333 γὰρ
2798 4261 2967 4314 ἐλθὼν
3000 4265 3078 4327 εἰς
3120 4265 3392 4319 υἱοθεσίαν
3434 4262 3566 4330 ἡμᾶς
3597 4253 3691 4306 ἐκά-

2182 4352 2356 4417 λεσεν,
2390 4354 2469 4415 εἰς
2496 4352 2649 4405 πόλιν
2682 4353 2865 4420 ἁγίαν,
2895 4355 3339 4426 εἰρηνευομένην,
3373 4357 3447 4415 είς
3476 4350 3599 4415 ζωὴν
3618 4344 3691 4410 τὴν

2184 4444 2451 4513 μηδέποτε
2475 4444 2944 4515 ἀποθνήσκουσαν,
2973 4448 3051 4510 είς
3071 4448 3231 4511 δόξαν
3255 4446 3533 4514 ἄφθαρτον.
3555 4436 3690 4493 Μόνον

2181 4539 2341 4607 ἡμεῖς
2379 4539 2444 4607 τῇ
2485 4538 2627 4607 ἀρχῇ
2674 4539 2830 4607 ἡμῶν
2860 4538 3041 4607 δῶμεν
3087 4540 3239 4602 τέλος
3281 4535 3510 4604 ἀγαθόν’
3535 4524 3689 4628 έμμείς

502 4641 734 4703 portate,
782 4610 1245 4705 peregrinatione,
1291 4610 1584 4694 afﬂictione
1616 4648 1670 4694 et
1704 4610 2071 4709 postulatione

2191 4647 2360 4699 νωμεν
2409 4633 2473 4699 τῇ
2511 4629 2775 4700 πτωχείᾳ,
2826 4632 2890 4699 τῇ
2925 4629 3194 4701 ξενητείᾳ,
3236 4631 3302 4698 τῇ
3342 4622 3600 4692 κακουχίᾳ,
3639 4616 3685 4681 τῇ

500 4741 630 4797 erga
661 4726 857 4793 Deum,
890 4727 1098 4797 absque
1129 4728 1240 4783 ullo
1273 4728 1484 4799 pudore
1513 4733 1798 4800 pulsantes
1823 4735 2070 4804 januam.

500 4817 971 4884 Quemadmodum
1056 4819 1206 4874 enim
1281 4835 1484 4890 corpus
1560 4824 1930 4893 prOpinquum
1988 4836 2074 4880 est

500 4910 715 4975 animm,
769 4910 846 4965 ita
895 4910 1122 4981 propior
1151 4919 1237 4966 est
1264 4911 1532 4967 Dominus
1561 4913 1627 4967 ad
1658 4914 1990 4970 veniendum
2017 4925 2074 4970 et

500 4996 862 5065 aperiendum
883 4998 1131 5053 occlusas
1152 4997 1300 5053 fores
1324 4998 1529 5065 cordis,
1557 5008 1614 5055 et
1635 5000 1703 5054 ad
1729 5000 2069 5071 largiendum

499 5088 659 5143 nobis
696 5088 918 5145 divitias
943 5092 1218 5146 caelestes.
1243 5092 1430 5146 Bonus
1473 5092 1745 5162 siquidem
1781 5103 1865 5149 est
1892 5105 1948 5149 et
1970 5097 2061 5149 ho~

500 5180 713 5235 minum
738 5196 961 5247 amans;
994 5191 1051 5237 et
1078 5183 1320 5238 falsitate
1352 5184 1472 5254 ejus
1525 5186 1921 5254 promissiones
1976 5204 2069 5241 ca-

500 5280 644 5337 rent,
680 5271 844 5325 modo
871 5286 975 5326 nos
1015 5288 1433 5341 perseveremus
1472 5274 1542 5328 ad
1587 5275 1750 5329 finem
1798 5291 1970 5346 usque
2016 5278 2071 5332 in

500 5362 684 5419 studio
712 5376 840 5417 eum
858 5363 1164 5431 quaerendi.
1189 5364 1374 5420 Gloria
1395 5366 1847 5424 miserationibus
1868 5369 2068 5435 Patris,

501 5461 557 5509 et
584 5454 731 5522 Filii,
756 5464 812 5511 et
848 5453 1088 5525 Spiritus
1112 5456 1287 5511 sancti
1320 5455 1375 5512 in
1404 5458 1621 5514 satcula.
1656 5458 1849 5515 Amen.

2080 5763 2150 5778 -ρ

2178 4724 2390 4792 αἰτήσει
2417 4726 2483 4792 τῇ
2517 4724 2650 4791 πρὸς
2692 4724 2784 4776 τὸν
2811 4723 2963 4788 Θεὸν,
2994 4725 3132 4794 μετὰ
3160 4722 3427 4782 ἀναιδείας
3452 4714 3687 4786 κρούοντες

2174 4812 2272 4882 τὴν
2326 4812 2516 4881 θύραν.
2569 4813 2780 4883 ’Ὥσπερ
2838 4811 2946 4881 γὰρ
2979 4814 3148 4881 ὲγγύς
3198 4815 3311 4866 ἐστι
3344 4811 3400 4862 τὸ
3446 4806 3585 4873 σῶμα
3611 4796 3687 4863 τῆς

2175 4902 2373 4972 Ψυκῆςν
2423 4902 2595 4966 οὕτως
2635 4900 2933 4972 ἐγγύτερος
2979 4906 3007 4957 ὁ
3051 4905 3253 4973 Κύριος
3296 4900 3387 4955 τοῦ
3426 4896 3578 4989 ἐλθεῖν
3616 4884 3685 4989 καλ

2175 4995 2384 5061 ἀνοῖξαι
2419 4995 2515 5057 τὰς
2553 4994 2950 5064 κεκλεισμένας
2998 4995 3167 5066 θύρας
3217 4997 3315 5065 τῆς
3358 4988 3587 5059 καρδίας,
3614 4990 3683 5029 και

2179 5085 2528 5157 δωρήσασθαι
2560 5088 2693 5156 ἡμῖν
2723 5087 2814 5140 τὸν
2857 5086 3089 5141 πλοῦτον
3131 5088 3221 5141 τὸν
3260 5084 3509 5154 οὐράνιον.
3554 5072 3682 5135 Ἀγα-

2178 5178 2269 5241 θὸς
2313 5178 2419 5249 γάρ
2449 5179 2565 5230 ἐστι
2601 5182 2694 5231 καὶ.
2743 5176 3120 5249 φιλάνθρωπος
3141 5220 3157 5243 ,
3192 5179 3281 5231 καὶ
3323 5168 3548 5243 ἀψευδεῖς
3572 5160 3680 5249 εἰσιν

2177 5269 2344 5323 αὐτοῦ
2392 5248 2449 5323 αί
2478 5269 2804 5337 ἐπαγγελίαι
2826 5309 2843 5335 ,
2875 5248 3039 5339 μόνον
3076 5272 3172 5324 ἐὰν
3214 5263 3565 5334 ὑπομείνωμεν
3599 5248 3681 5303 ἕως

2174 5362 2361 5425 τέλους
2387 5361 2769 5432 ἐπιζητοῦντες
2799 5362 2979 5415 αὐτόν.
3008 5361 3145 5427 Δόξα
3173 5363 3283 5422 τοῖς
3305 5347 3569 5422 οἰκτιρμοῖί
3592 5339 3675 5437 Ἦν

2174 5454 2323 5523 τρὺς,
2363 5453 2459 5506 καὶ
2489 5430 2643 5519 Υίοῦ,
2677 5454 2770 5506 καὶ
2798 5451 2956 5522 ἁγίου
2998 5452 3327 5524 Πνεύματος,
3352 5448 3423 5507 είς
3448 5440 3557 5499 τοὺς
3575 5430 3676 5484 aia"

2176 5565 2291 5610 νας.
2342 5547 2534 5618 Ἀμήν.
