3966 6464
318 400 414 464 557

898 515 1140 569 ΟΜῙΛΙΑ
1174 512 1275 567 IB'.

314 601 442 676 Περί
470 601 583 676 τῆς
610 602 881 676 στάσεως
905 605 1011 676 τοῦ
1043 604 1223 676 Ἀδᾲμ
1251 607 1366 676 πρὸ
1400 606 1505 661 τοῦ
1532 609 1870 676 παραϐηναι

376 672 565 746 αὐτόν
611 673 726 746 τὴν
763 673 1021 746 ἐντολὴν
1072 672 1192 746 σοῦ’
1222 672 1401 746 Θεοῦ·
1461 676 1560 730 καὶ
1602 672 1764 746 λιετᾶ
1803 678 1870 732 τὸ

376 740 1011 815 αὐτὸν-ἀπολέσαικω
1049 745 1164 813 τὴν
1202 745 1360 801 ἰδίαν
1384 747 1588 801 εἰκόνα
1604 740 1721 800 ”καὶ
1757 748 1871 815 τὴν

373 812 753 887 mappae-tor.
779 813 1048 887 _Zvr_éxet
1102 812 1200 869 καί
1238 818 1279 885 ή
1340 816 1544 887 ὁμιλία
1589 812 1870 885 ζητήσεις

373 882 541 947 τινὰς
571 882 735 937 πάνυ
761 882 1114 953 ὠφελίμους.

369 991 445 1048 Δ’.
495 993 560 1046 '0
627 994 796 1066 Ἀδάμ
836 996 933 1067 τὴν
982 997 1203 1069 ἐντολὴν
1254 998 1543 1070 παραϐὰς,
1585 1001 1725 1055 κατά
1776 1000 1870 1055 δύο

308 1083 535 1153 τρόπους
582 1083 829 1139 ἀπώλετο
853 1103 867 1116 ο
907 1086 1003 1140 ἕνα
1039 1090 1157 1159 μὲν,
1202 1090 1284 1142 ὅτι
1306 1088 1555 1142 ἀπώλεσε
1584 1090 1649 1143 τὸ
1683 1093 1868 1161 κτῆμα

304 1174 356 1226 τὸ
390 1175 638 1246 καθαρὸν
666 1176 765 1245 τῆς
810 1177 1024 1246 φύσεως
1063 1178 1248 1246 αὑτοῦ,
1295 1180 1355 1233 τὸ
1387 1180 1611 1251 ὡραῖον,
1641 1181 1701 1234 τὸ
1746 1181 1866 1234 κατ’

300 1265 484 1319 εἰκόνα
517 1267 613 1318 καὶ
647 1266 903 1337 ὁμοίωσιν
941 1268 1076 1322 Θεοῦ
1096 1286 1111 1299 ο
1142 1269 1326 1340 ἕτερον
1354 1270 1434 1335 δὲ,
1469 1271 1551 1324 ὅτι
1588 1271 1869 1326 ἀπώλεσεν

296 1357 468 1427 αὐτὴν
496 1356 596 1427 τὴν
642 1358 845 1424 εἰκόνα,
875 1360 933 1412 ἐν
1052 1360 1308 1414 ἀπέκειτο
1339 1361 1490 1433 αὐτῷ
1534 1364 1655 1416 κατ’
1692 1365 1868 1434 ἐπαγ-

295 1450 483 1516 γελίαν
518 1451 553 1521 ὴ
591 1450 911 1520 ἐπουράνιος
944 1454 1093 1504 πᾶσα
1134 1452 1488 1523 κληρονομία.
1533 1454 1744 1526 Ὠσπερ
1774 1457 1870 1511 ὲάν

294 1539 327 1612 ᾖ
354 1541 620 1611 νόμισμα,
657 1542 755 1612 τὴν
782 1543 964 1597 εἰκόνα
990 1544 1085 1598 τοῦ
1116 1544 1381 1615 βασιλέως
1409 1545 1551 1616 ἔχον,
1581 1548 1679 1600 καὶ
1710 1548 1868 1601 τοῦτο

294 1635 689 1704 παραχαραγῇ,
728 1634 757 1686 6
804 1636 1004 1705 χρυσός
1041 1653 1098 1689 τε
1129 1635 1397 1703 ἀπώλετο,
1435 1639 1528 1691 καὶ
1556 1641 1589 1709 ἠ
1617 1639 1779 1694 εἰκὼν
1806 1641 1865 1694 οὐ

290 1726 646 1795 χρησιμεύει,
670 1728 913 1782 τοιοῦτον
945 1729 1114 1783 ἔπαθε
1136 1732 1230 1784 καὶ
1256 1733 1284 1785 ό
1324 1732 1495 1803 Ἀδάμ
1514 1751 1529 1766 ο
1558 1737 1731 1805 μέγας
1758 1737 1868 1808 γὰρ

1496 400 1862 464 ΗΟΜΙΕΙΛΕ.
1886 425 1956 437 --
1978 400 2165 462 HOM.
2204 399 2344 461 XII.

1905 518 1952 573 A

3432 396 3537 459 558

2553 512 2837 569 HOMILIA
2869 512 2982 565 Xll.

1972 605 2049 660 De
2075 612 2218 659 statu
2238 604 2369 660 Adae
2412 613 2697 675 antequam
2748 603 3205 674 transgrederetur
3228 602 3537 675 mandatum

2033 675 2131 731 Dei
2157 692 2175 728 :
2204 685 2251 729 et
2294 671 2575 745 postquam
2614 676 2792 729 amisit
2838 671 3109 745 propriam
3172 690 3234 726 ac
3277 671 3539 745 rcazlestem

2040 743 2346 816 imaginem.
2367 743 2611 816 COntinet
2653 761 2855 815 quoque
2872 743 3089 798 homilia
3115 744 3373 813 quasdam
3397 759 3539 813 qua:-

2034 813 2227 870 stiones
2257 814 2410 869 valde
2440 813 2617 869 utiles.

2040 994 2081 1048 Ι.
2115 993 2287 1048 Adam
2334 1002 2706 1065 transgressus
2734 993 3071 1056 mandatum,
3109 989 3328 1046 duobus
3360 987 3538 1042 modis

1969 1086 2136 1155 periit
2170 1102 2184 1139 :
2224 1101 2333 1140 uno
2356 1086 2602 1155 quidem,
2634 1085 2784 1155 quod
2831 1084 3074 1155 perdidit
3134 1080 3535 1152 possessionem

1968 1193 2163 1244 puram
2192 1186 2403 1232 naturae
2443 1192 2579 1242 sua),
2604 1176 2932 1246 speciosam,
2964 1182 3019 1229 ct
3062 1173 3368 1229 secundum
3396 1171 3534 1225 ima-

1970 1270 2149 1340 ginem
2173 1285 2236 1323 ac
2256 1268 2677 1324 similitudinem
2698 1267 2795 1320 Dei
2817 1267 3094 1321 conditam
3124 1284 3136 1319 :
3180 1266 3353 1319 altero
3379 1278 3532 1325 vero,

1968 1359 2116 1428 quod
2147 1358 2389 1429 perdidit
2426 1359 2599 1427 ipsam
2635 1356 2950 1426 imaginem,
2990 1355 3046 1407 in
3074 1370 3181 1423 qua
3212 1352 3450 1422 reposita
3482 1350 3533 1405 ei

1967 1458 2087 1505 erat
2105 1450 2259 1520 juxta
2288 1447 2727 1517 promissionem,
2768 1454 2881 1500 tota
2936 1445 3227 1499 haereditas
3269 1443 3529 1499 etelestis.

1967 1538 2202 1594 Perinde
2228 1553 2293 1591 ac
2322 1536 2369 1591 si
2398 1536 2471 1591 sit
2499 1543 2739 1599 moneta,
2778 1535 3013 1604 imagine
3054 1533 3200 1604 regis
3248 1533 3529 1602 insignita,

1967 1646 2090 1701 quas
2120 1630 2166 1685 si
2196 1629 2561 1695 adulteretur,
2585 1635 2643 1683 et
2682 1642 2877 1681 aurum
2908 1627 3073 1695 perit,
3108 1633 3165 1681 et
3212 1626 3390 1695 imago
3423 1624 3532 1695 44

1966 1724 2174 1778 nullius
2207 1732 2293 1778 est
2317 1721 2479 1793 pretii
2525 1737 2539 1775 :
2580 1721 2684 1775 tale
2713 1718 2994 1789 quippiam
3026 1716 3211 1772 evenit
3239 1715 3400 1782 Adae;
3440 1716 3526 1768 in-

289 1822 528 1914 πλοῦτος
556 1823 649 1878 καὶ
663 1824 889 1914 ῴμεγάλη
920 1828 954 1896 ἡ
985 1825 1319 1898 κληρονομία
1348 1830 1670 1902 εὐτρέπιστο
1692 1832 1857 1905 αὐτῷ.

1967 1826 2160 1886 gentes
2198 1814 2470 1884 siquidem
2519 1812 2749 1877 divitiae,
2797 1819 2853 1867 et
2900 1826 3095 1881 magna
3142 1809 3433 1864 haereditas
3479 1809 3529 1862 ci

289 1912 508 1984 Ὠσπερ
535 1915 630 1969 ἐὰν
719 1916 917 1989 χωρίον
943 1919 1107 1988 μέγα,
1142 1921 1236 1973 καὶ
1262 1920 1421 1975 τοῦτο
1448 1921 1545 1995 ἔχῃ
1568 1926 1860 1995 προσόδους

285 2005 517 2073 πολλὰς,
550 2008 667 2060 ἐκεῖ
701 2007 943 2079 ἄμπελος
977 2011 1296 2079 εὐθύνουσα,
1341 2015 1458 2068 ἐκεῖ
1482 2016 1657 2087 χῶραι
1698 2018 1860 2087 εὐφο-

286 2096 503 2167 ροῦσαι,
532 2099 647 2151 ἐκεῖ
670 2098 881 2167 ἀγέλαι,
911 2102 1029 2154 ἐκεῖ
1046 2103 1246 2173 χρυσὸς
1270 2105 1363 2157 καὶ
1390 2104 1629 2177 ἄργυρος
1647 2125 1662 2140 ·
1685 2109 1860 2175 οὕτως

281 2184 351 2259 ἦν
400 2188 585 2260 τίμιον
628 2188 692 2243 τὺ
723 2192 922 2263 χωρίον
960 2193 1070 2264 πρὸ
1116 2195 1215 2264 τῆς
1262 2198 1581 2267 παρακοῆς,
1629 2200 1762 2252 αὐτὸ
1798 2201 1859 2254 τὸ

286 2280 481 2345 σκεῦος
510 2280 606 2335 τοῦ
648 2282 835 2351 Ἀδάμ.
885 2284 1025 2338 Ἀλλ’
1055 2285 1240 2357 ἐπειδὴ
1285 2288 1431 2341 κακά
1471 2288 1594 2359 ἔσχε
1646 2290 1858 2362 διανοή-

297 2385 437 2438 ματα
468 2370 566 2424 καὶ
595 2370 909 2443 λογισμοὺς,
946 2373 1196 2429 ἀπώλετο
1225 2375 1333 2429 ἀπὸ
1358 2377 1451 2430 τοῦ
1476 2378 1633 2435 Θεοῦ.

354 2544 432 2601 B'.
463 2548 542 2601 Οὐ
574 2547 806 2619 λέγομεν
826 2549 883 2603 δὲ
916 2552 996 2605 ὅτι
1027 2552 1274 2609 ἀπώλετο
1300 2556 1360 2610 τὸ
1387 2557 1506 2611 ὅλον
1537 2559 1629 2613 καὶ
1652 2561 1855 2631 ἠφανί-

282 2638 409 2709 σθη,
442 2642 537 2694 καὶ
556 2641 826 2697 ἀπέθανεν
843 2660 859 2675 ο
886 2644 994 2697 ἀπὸ
1015 2644 1109 2699 τοῦ
1127 2647 1262 2700 Θεοῦ
1293 2650 1555 2717 ἀπέθανε,
1578 2656 1642 2723 τῇ
1669 2654 1724 2706 δὲ
1750 2656 1854 2728 ἰδίᾳ

280 2729 443 2795 φύσει
469 2730 560 2801 ζῇ.
617 2732 747 2787 Ἰδοὺ
778 2735 886 2804 γὰρ
914 2735 1034 2799 ὅλος
1062 2739 1091 2790 6
1131 2739 1336 2809 κόσμος
1368 2747 1663 2812 περιπατεῖ
1694 2747 1752 2797 ἐν
1784 2751 1851 2819 τῇ

276 2822 386 2890 γῇ,
424 2822 521 2875 καὶ
571 2825 1056 2894 πραγματεύεται·
1109 2829 1226 2882 ἀλλ’
1255 2830 1530 2903 ὀφθαλμὸς
1576 2834 1669 2888 τοῦ
1716 2838 1852 2891 Θεοῦ

282 2911 475 2974 βλέπει
517 2912 678 2968 αὐτὸν
703 2915 794 2967 τὸν
825 2916 972 2980 νοῦν,
1009 2919 1105 2971 καὶ
1132 2920 1233 2984 τὰς
1266 2922 1613 2995 ἐνθυμήσεις,
1648 2929 1742 2980 καὶ
1776 2929 1853 2993 ὡς

279 3003 628 3073 περιϐλέπει,
658 3007 753 3059 καὶ
788 3010 1161 3079 παραϐλέπει,
1197 3013 1293 3066 καὶ
1324 3014 1385 3066 οὐ
1416 3018 1560 3069 ποιεῖ
1588 3018 1644 3070 ἐν
1668 3019 1852 3084 αὐτοῖς

279 3093 570 3147 κοινωνίαν
592 3137 608 3159 ,
648 3097 837 3168 ἐπειδὴ
861 3100 1012 3153 οὐδὲν
1039 3102 1335 3173 εὐάρεστον
1359 3105 1437 3176 τῷ
1464 3106 1583 3179 Θεῷ
1611 3108 1852 3179 λογίζον-

1964 1912 2268 1976 praeparata
2296 1912 2434 1963 erat.
2458 1903 2694 1959 Perinde
2720 1918 2785 1958 ac
2807 1902 2851 1957 si
2877 1902 2948 1956 sit
2975 1901 3239 1971 prmdium
3264 1900 3525 1969 amplum,

1961 1998 2207 2068 illudque
2235 1999 2439 2053 multos
2470 1997 2671 2052 habeat
2720 1996 2954 2061 reditus,
2988 1995 3045 2048 in
3090 2009 3201 2064 quo
3239 1994 3313 2048 sit
3368 1993 3526 2046 vinea

1959 2091 2268 2155 fructuosa;
2302 2090 2525 2159 illicque
2555 2090 2666 2143 sint
2707 2088 2915 2143 fertiles
2964 2087 3100 2157 agri,
3142 2085 3255 2139 illic
3310 2100 3524 2154 greges,

1960 2182 2180 2253 illicque
2213 2196 2411 2237 aurum
2440 2191 2496 2236 et
2520 2187 2806 2251 argentum
2842 2197 2855 2232 :
2893 2179 2967 2231 ita
2993 2192 3089 2231 vas
3113 2176 3242 2230 Adre
3281 2185 3406 2229 ante
3437 2176 3524 2228 in-

1958 2274 2329 2330 obedientiam
2355 2281 2474 2326 erat
2504 2279 2762 2340 tanquam
2790 2269 3055 2339 praedium
3080 2265 3355 2337 quoddam
3397 2280 3524 2335 prc-

1958 2367 2182 2421 tiosum.
2207 2365 2410 2419 Verum
2442 2363 2536 2418 ubi
2568 2362 2752 2432 pravis
2785 2359 3111 2415 commentis
3133 2364 3191 2414 et
3232 2357 3521 2428 cogitatio-

1955 2456 2121 2512 nibus
2145 2471 2203 2511 se
2231 2453 2480 2519 involvit,
2509 2453 2677 2524 periit
2704 2468 2735 2506 a
2760 2452 2893 2506 Deo.

2026 2544 2093 2598 ll.
2131 2544 2251 2598 Non
2294 2552 2472 2599 tamen
2501 2543 2758 2607 dicimus,
2793 2541 2939 2611 quod
2972 2550 3120 2596 totus
3173 2541 3422 2610 perierit,
3469 2550 3525 2595 et

1953 2635 2257 2690 exstinctus
2281 2650 2345 2690 ac
2368 2643 2619 2689 mortuus
2643 2633 2716 2688 sit
2749 2650 2762 2686 :
2795 2648 2827 2686 a
2856 2642 3151 2702 conspectu
3176 2633 3270 2687 Dei
3300 2633 3521 2702 quidem

1955 2720 2205 2784 mortuus
2242 2740 2348 2796 est,
2381 2746 2478 2785 sua
2524 2738 2710 2784 autem
2764 2738 2959 2783 natura
2994 2730 3150 2783 vivit.
3185 2730 3326 2784 Ecce
3374 2728 3521 2784 enim

1955 2822 2249 2877 universus
2278 2822 2518 2876 mundus
2563 2821 2809 2876 ambulat
2862 2821 2916 2875 in
2975 2831 3143 2886 terra,
3192 2830 3247 2875 et
3302 2822 3521 2891 negotia

1953 2916 2165 2987 peragit
2199 2932 2213 2969 :
2248 2924 2303 2969 at
2328 2915 2523 2970 oculus
2548 2915 2642 2969 Dei
2674 2914 2824 2969 videt
2859 2914 3029 2983 ipsam
3068 2922 3309 2967 mentem
3335 2928 3399 2967 ac
3427 2929 3521 2968 co-

1953 3008 2266 3080 gitationes,
2299 3016 2355 3062 et
2382 3006 2538 3077 quasi
2572 3008 2797 3076 respicit
2834 3016 2891 3061 et
2937 3006 3192 3077 despicit,
3243 3022 3346 3061 nec
3396 3021 3519 3060 cum

1953 3098 2035 3152 eis
2061 3098 2227 3152 ullam
2259 3097 2576 3152 societatem
2606 3097 2740 3163 init;
2776 3097 2905 3167 quia
2952 3097 3092 3153 nihil
3129 3097 3275 3167 quod
3309 3106 3521 3168 gratum

277 3201 389 3239 ται.
422 3185 639 3258 Ὠσπερ
684 3188 779 3243 ἐὰν
820 3184 923 3244 ὦσι
964 3194 1290 3265 πανδοχεῖα,
1344 3198 1436 3251 καὶ
1468 3204 1725 3272 πορνεῖα,
1760 3206 1854 3259 καὶ

1966 3190 2029 3245 sit
2060 3190 2181 3246 Deo
2214 3190 2639 3260 cogitationibus
2685 3190 3007 3243 moliuntur.
3061 3189 3297 3244 Perinde
3354 3206 3419 3245 ac
3476 3191 3523 3245 si

277 3277 435 3331 τόποι
462 3279 600 3333 ὅπου
636 3281 852 3346 ἀταξίαι
884 3284 1129 3353 γίνονται
1163 3289 1257 3342 καὶ
1288 3290 1518 3345 ἀσωτίαι
1538 3307 1554 3325 ·
1587 3294 1773 3351 λοιπὸν
1804 3301 1853 3353 oi

278 3371 560 3437 θεοσεϐεῖς
599 3377 999 3447 παρερχόμενοι
1042 3381 1102 3433 οὐ
1144 3381 1561 3453 βδελύσσονται,
1592 3389 1688 3443 καὶ
1731 3390 1853 3461 βλέ-

280 3479 483 3527 ποντες
524 3466 587 3518 οὐ
632 3465 951 3539 βλέπουσιν;
988 3473 1062 3536 ὡς
1094 3476 1263 3545 νεκρά
1295 3476 1406 3549 γὰρ
1444 3479 1628 3543 αὐτοῖς
1669 3482 1851 3535 ἐστιν’

276 3554 423 3610 οὕτω
450 3556 548 3611 καὶ
583 3558 614 3610 6
654 3559 787 3623 Θεὸς
826 3562 922 3614 ἐπὶ
945 3565 1071 3627 τοὺς
1115 3567 1603 3640 ἀποστατήσαντας
1637 3573 1727 3628 διὰ
1759 3576 1853 3630 τοῦ

276 3647 439 3716 λόγου
464 3648 669 3716 αὐτοῦ,
700 3651 798 3705 καὶ
844 3654 951 3707 ἀπὸ
989 3656 1089 3723 τῆς
1132 3658 1374 3729 ἐντολῆς,
1409 3662 1693 3717 ἐπιϐλέπει
1730 3668 1850 3735 μὲν,

284 3738 417 3792 ἀλλά
446 3740 799 3811 παραϐλέπει
840 3745 1039 3810 αὐτοὺς
1059 3787 1074 3811 ,
1104 3749 1198 3801 καὶ
1237 3750 1297 3802 οὐ
1331 3754 1476 3805 ποιεῖ
1502 3754 1620 3806 ἐκεῖ
1660 3774 1852 3812 κοινω-

292 3829 405 3882 νίαν
425 3870 439 3893 ,
466 3830 594 3886 οὔτε
627 3833 1039 3891 ἐπαναπαύεται
1074 3839 1154 3903 εἰς
1195 3840 1323 3905 τοὺς
1353 3841 1647 3915 λογισμοὺς
1673 3848 1853 3903 αὐτῶν

295 3920 326 3972 ὁ
361 3922 571 3993 Κύριος.

360 4013 428 4068 Γ’.
478 4016 821 4085 Ἐρώτησις.
850 4020 984 4087 Πῶς
1012 4038 1103 4088 τις
1139 4022 1390 4080 δύναται
1427 4022 1578 4082 εἶναι
1618 4031 1854 4099 πτωχὸς

281 4105 363 4170 τῷ
389 4109 702 4177 πνεύματι,
726 4111 995 4181 μάλιστα
1027 4113 1126 4167 ὅτε
1151 4117 1413 4188 αἰσθηθῇ
1440 4120 1507 4174 ἐν
1528 4120 1735 4188 ἐαυτῷ,
1764 4124 1854 4178 ὅτι

271 4198 558 4267 μετετέθη
601 4201 701 4255 καί
730 4203 1032 4274 προέκοψε
1050 4208 1187 4280 ,εκαί
1208 4212 1295 4275 εἰς
1323 4211 1548 4278 γνῶσιν
1580 4216 1679 4270 καὶ
1701 4218 1851 4271 σύν-

272 4302 416 4343 εσιν
438 4285 647 4359 ἦλθεν,
678 4289 759 4359 ἢν
787 4293 853 4346 τὸ
882 4296 1173 4365 πρότερον
1200 4300 1313 4352 οὐκ
1341 4295 1507 4368 εἶχεν
1522 4317 1541 4365 ;

361 4380 716 4449 Ἀπόκρισις.
750 4384 895 4447 Ἕως
929 4380 989 4440 οῦ
1016 4387 1190 4444 ταῦτά
1218 4406 1303 4452 τις
1332 4391 1524 4443 κτᾶται
1549 4434 1563 4455 ,
1599 4394 1692 4445 καὶ
1721 4410 1853 4463 προ-

272 4470 509 4535 κόπτει,
548 4473 645 4526 οὐκ
683 4473 798 4527 ἐστι
836 4479 1051 4547 πτωχὸς
1090 4478 1168 4547 τῷ
1206 4480 1500 4548 πνεύματι,
1535 4481 1649 4534 ἀλλ’
1680 4482 1849 4536 οἴεται

1957 3282 2068 3335 sint
2091 3281 2393 3336 diversoria
2434 3296 2498 3336 ac
2541 3282 2845 3352 lupanaria,
2898 3290 2953 3335 et
3006 3282 3145 3347 loca,
3198 3283 3289 3337 ubi
3342 3282 3524 3339 omnia

1956 3373 2335 3443 incompositis
2368 3373 2615 3427 moribus
2647 3389 2712 3428 ac
2741 3373 3171 3441 intemperanter
3202 3386 3467 3443 geruntur
3508 3392 3521 3425 :

1955 3474 2143 3535 postea
2174 3465 2220 3519 si
2250 3464 2491 3535 religiosi
2523 3465 2774 3518 homines
2806 3473 3105 3529 transeant,
3148 3481 3331 3519 nonne
3371 3481 3526 3519 exse-

1956 3559 2223 3611 crantur?
2261 3566 2318 3613 et
2348 3557 2600 3611 videntes
2624 3571 2733 3609 non
2756 3555 2948 3609 vident
2980 3573 2993 3609 :
3027 3556 3179 3625 (sunt
3217 3556 3363 3609 enim
3418 3555 3526 3609 illis

1954 3649 2112 3720 quasi
2142 3659 2360 3703 mortua
2387 3649 2441 3717 ε)
2478 3648 2559 3703 sic
2588 3649 2737 3702 Deus
2766 3662 2990 3701 aversos
3020 3662 3061 3700 a'
3082 3646 3250 3700 verbo
3278 3662 3342 3700 ac
3378 3662 3526 3700 man-

1955 3742 2084 3797 dato
2112 3756 2214 3796 suo
2264 3740 2492 3809 respicit
2519 3739 2789 3808 (quidem;
2826 3748 3067 3794 attamen
3120 3738 3354 3808 despicit
3405 3754 3521 3802 cos,

1954 3850 2057 3890 nec
2085 3850 2209 3889 eum
2235 3833 2316 3889 eis
2343 3833 2516 3886 ullum
2552 3832 2945 3887 commercium
2997 3831 3147 3896 colit,
3187 3847 3289 3886 nec
3341 3832 3526 3901 requi-

1952 3926 2093 3981 escit
2118 3926 2174 3980 in
2200 3923 2628 3995 cogitationibus
2659 3923 2881 3976 illorum
2909 3923 3193 3978 Dominus.

2023 4016 2114 4070 lll.
2152 4016 2528 4085 Interrogatio.
2573 4014 2843 4079 Quomodo
2887 4016 3002 4086 quis
3045 4024 3211 4085 potest
3255 4031 3362 4068 esse
3391 4032 3497 4084 pau

1953 4124 2047 4179 per
2073 4109 2283 4178 spiritu,
2311 4107 2539 4160 maxime
2566 4124 2683 4161 cum
2712 4108 2931 4160 senserit
2972 4108 3112 4177 apud
3136 4124 3209 4171 se,
3244 4125 3298 4160 se
3343 4118 3521 4161 trans-

1955 4198 2123 4253 latum
2150 4215 2258 4253 esse
2281 4216 2343 4252 ac
2368 4200 2666 4269 profecisse,
2697 4206 2747 4251 et
2774 4200 3123 4267 cognitionem
3174 4208 3333 4269 atque
3362 4200 3523 4253 intel-

1954 4288 2227 4359 ligentiam
2272 4297 2605 4343 consecutum
2643 4306 2773 4354 esse,
2806 4307 2912 4361 qua
2940 4298 3097 4343 antea
3126 4291 3384 4344 carebat?

2024 4377 2602 4449 Responsio.Quandiu
2633 4379 2748 4433 haec
2775 4381 2898 4449 quis
2925 4380 3168 4449 possidet
3196 4389 3252 4435 et
3283 4381 3520 4450 prolicit.

1954 4485 2066 4524 non
2092 4479 2177 4524 est
2209 4485 2417 4539 pauper
2439 4471 2658 4539 Spiritu,
2687 4471 2783 4525 sed
2806 4472 2873 4526 de
2897 4488 2956 4525 se
2986 4471 3103 4541 ipso
3122 4472 3201 4528 sic
3231 4475 3519 4542 opinatur:

270 4562 409 4630 περὶ
438 4563 630 4616 ἑαυτοῦ
652 4581 665 4595 ’
705 4565 834 4619 ὅταν
864 4567 921 4621 δὲ
947 4566 1073 4639 ἔλθῃ
1122 4571 1201 4632 εἰς
1228 4570 1432 4641 ταύτην
1468 4574 1567 4642 τὴν
1634 4574 1849 4628 σύνεσιν

1966 4563 2175 4632 quando
2215 4579 2345 4617 vero
2375 4565 2689 4640 pervenerit
2722 4565 2790 4618 ad
2818 4567 2984 4620 talem
3020 4567 3439 4639 intelligentiam
3465 4575 3522 4623 et

269 4652 374 4705 καὶ
433 4651 532 4721 τὴν
579 4656 900 4726 προκοπὴν,
951 4656 1093 4728 αὕτη
1141 4660 1174 4728 ἡ
1208 4660 1367 4729 χάρις
1409 4659 1649 4714 διδάσκει
1684 4664 1848 4716 αὐτὸν

270 4735 420 4795 εἶναι
452 4743 663 4813 πτωχὸν
687 4744 765 4816 τῷ
787 4745 1078 4816 πνεύματι,
1105 4747 1198 4803 τὸν
1222 4748 1352 4803 ὄντα
1369 4750 1491 4804 τινὰ
1516 4751 1724 4806 δίκαιον
1754 4755 1847 4807 καὶ

272 4832 535 4887 ἐκλεκτὸν
578 4834 747 4900 Θεοῦ,
782 4837 858 4909 μὴ
899 4836 1151 4907 ἡγεῖσθαί
1196 4857 1249 4893 τι
1284 4840 1476 4893 ἐαυτὸν
1522 4838 1695 4909 εἶναι,
1727 4843 1847 4896 ἀλλ’

273 4926 419 4996 ἔχειν
449 4924 548 4996 τὴν
584 4925 760 4997 ψυχὴν
789 4927 956 4982 αὐτοῦ
987 4929 1180 4999 ἄτιμον
1219 4931 1313 4983 καὶ
1370 4930 1841 5003 ἐξουδενουμένην,

273 5018 348 5074 ὡς
376 5016 548 5086 μηδὲν
576 5017 751 5071 εἰδότα
780 5018 815 5089 ἦ
850 5018 1065 5090 ἔχοντα,
1096 5020 1274 5074 καίτοι
1301 5021 1478 5075 εἰδότα
1506 5016 1611 5075 καί
1628 5024 1839 5093 ἔχοντα.

274 5108 446 5161 Τοῦτο
482 5108 537 5161 δὲ
562 5108 638 5173 ὡς
664 5111 891 5179 φυσικὸν
928 5112 1025 5167 καὶ
1054 5112 1269 5183 πηκτὸν.
1295 5114 1503 5182 γίνεται
1530 5114 1624 5167 ἐπὶ
1650 5115 1728 5186 τῷ
1762 5115 1844 5169 νοῒ

275 5199 379 5251 τῶν
399 5200 719 5272 ἀνθρώπιον.
744 5203 857 5274 Οὐχ
880 5204 1010 5274 ὁρᾷς
1030 5205 1058 5256 6
1081 5206 1377 5276 προπάτωρ
1397 5206 1556 5277 ἡμῶν
1593 5208 1842 5279 Ἀϐραὰμ

278 5288 352 5342 ὣν
385 5292 660 5358 ἐκλεκτὸς,
691 5294 795 5362 γῆν
825 5296 1015 5349 ἐαυτὸν
1036 5302 1129 5349 καὶ
1159 5297 1350 5350 σποδὸν
1380 5298 1662 5367 ώνόμαζε;
1695 5301 1785 5351 καὶ
1813 5302 1842 5353 ὁ

271 5384 455 5449 Δαόιδ,
476 5385 723 5467 χρισθεὶς
754 5388 834 5450 εἰς
862 5387 1109 5457 βασιλέα,
1133 5389 1266 5442 Θεὸν
1296 5385 1411 5460 εἶχε
1449 5390 1566 5460 μεθ’
1604 5392 1797 5445 ἑαυτοῦ
1824 5408 1841 5424 ο

263 5479 360 5533 καὶ
384 5479 438 5530 τί
460 5479 607 5547 λέγει
628 5496 644 5542 ;
662 5478 913 5548 Σκώληξ
937 5481 1053 5550 είμί
1082 5482 1181 5535 καὶ
1204 5483 1313 5536 οὺιι
1342 5483 1669 5550 ἅνθρωπος,
1701 5483 1845 5538 ὀνει-

258 5571 366 5637 δος
397 5570 746 5639 ἀνθρώπων,
786 5572 886 5626 καὶ
908 5572 1286 5643 ἐξουδένωμα
1316 5574 1500 5628 λαῶν.

335 5666 409 5717 Δ”.
445 5666 510 5716 Οἱ
538 5658 634 5717 οὖν
667 5662 912 5728 θέλοντες
942 5665 1147 5720 τούτων
1177 5662 1316 5720 εἶναι
1365 5667 1799 5735 συγκληρονὸμοι
1823 5707 1839 5732 ,

1953 4653 2284 4722 profectum,
2314 4655 2432 4723 ipsa
2456 4655 2628 4725 gratia
2653 4655 2817 4710 docet
2843 4671 2995 4723 eum,
3024 4658 3118 4727 qui
3150 4675 3207 4713 re
3234 4676 3362 4713 vera
3395 4660 3519 4727 qui-

1953 4744 2080 4799 dem
2107 4745 2288 4815 justus
2317 4753 2373 4799 et
2400 4747 2610 4800 electus
2642 4746 2741 4801 Dei
2772 4756 2879 4813 est,
2908 4764 2978 4802 ne
3003 4758 3165 4818 putet
3196 4765 3255 4805 se
3311 4750 3519 4819 aliquid

1950 4850 2091 4899 esse,
2121 4836 2217 4890 sed
2250 4836 2433 4890 animo
2474 4837 2575 4891 vili
2623 4845 2679 4891 et
2727 4838 2942 4908 abjecto
2969 4854 3029 4893 se
3058 4847 3228 4908 gerat,
3263 4826 3519 4909 tanquam

1949 4928 2090 4982 nihil
2116 4929 2298 4983 sciens
2325 4937 2420 4984 aut
2447 4929 2678 4995 habens,
2707 4929 2959 4999 quamvis
3002 4930 3139 4984 sciat
3187 4940 3246 4984 et
3295 4931 3514 4985 habeat.

1951 5019 2069 5074 Hoc
2100 5034 2232 5074 vero
2271 5028 2526 5089 tanquam
2557 5020 2805 5075 naturale
2846 5031 2902 5075 et
2947 5020 3173 5074 inﬁxum
3224 5022 3281 5075 in
3336 5032 3518 5076 mente

1949 5112 2240 5166 hominum
2286 5122 2390 5166 est.
2420 5112 2612 5167 Nonne
2654 5112 2829 5176 vides,
2866 5112 3105 5182 primum
3160 5120 3374 5182 patrem
3418 5129 3518 5167 no-

1948 5213 2124 5259 strum
2180 5203 2454 5257 Abraham
2490 5204 2552 5267 ‘3,
2602 5217 2724 5256 cum
2768 5210 2913 5256 esset
2948 5202 3177 5267 electus,
3212 5211 3412 5257 terram
3460 5213 3515 5257 et

1947 5296 2190 5350 cinerem
2221 5311 2280 5349 se
2314 5295 2491 5364 ipsum
2520 5288 2877 5347 nominasse?
2921 5294 2991 5348 Et
3028 5294 3197 5348 David
3229 5303 3426 5349 unctus
3460 5295 3511 5347 in

1949 5404 2151 5458 regem,
2182 5388 2354 5442 Deum
2408 5387 2647 5441 habebat
2678 5402 2865 5442 secum
2888 5388 2952 5450 ⁸⁸,
2984 5396 3039 5442 et
3068 5404 3198 5444 sane
3227 5389 3358 5457 quid
3394 5390 3469 5441 ait
3492 5390 3515 5439 ’ἰ

1948 5481 2144 5534 Vermis
2170 5496 2307 5543 sum,
2340 5488 2389 5533 et
2427 5498 2531 5534 non
2570 5482 2743 5548 homo,
2773 5482 3111 5552 opprobrium
3136 5483 3426 5545 hominum,
3465 5490 3511 5532 et

1945 5575 2165 5645 abjectio
2188 5574 2347 5644 plebis
2370 5576 2439 5629 '°.

2016 5666 2102 5720 ιν.
2143 5666 2246 5734 Qui
2284 5667 2479 5728 volunt
2509 5667 2678 5738 igitur
2705 5677 2827 5723 esse
2864 5667 3062 5721 horum
3091 5664 3426 5729 cohmredes,
3455 5674 3512 5718 et

338 5819 381 5851 "
403 5819 540 5875 Gen.
577 5837 725 5887 xvnl,
756 5820 848 5899 27.
926 5820 1006 5874 “’1
1038 5812 1183 5876 Sam.
1219 5839 1328 5888 xw,
1361 5823 1424 5877 13
1524 5825 1567 5853 ²⁰
1600 5821 1740 5877 Psal.
1769 5838 1894 5884 χχιι,
1922 5823 1971 5875 7.
