3966 6478
445 396 551 474 559
1678 403 1735 461 S.
1772 403 2093 465 MACARII

447 515 597 569 cives
629 513 872 571 civitatis
898 514 1162 582 caelestis,
1202 526 1260 572 et
1306 531 1435 573 cum
1466 518 1548 573 eis
1570 516 1891 588 gloriﬁcari,
1922 515 2019 571 de—
2046 518 2093 577 Δ

448 608 583 663 bent
611 606 714 663 hac
741 607 1057 664 humilitate
1086 608 1257 664 animi
1281 624 1404 665 esse
1431 610 1638 675 ornati,
1676 618 1734 665 et
1756 624 1871 665 non
1900 608 2022 664 exi-

450 700 675 759 stimare
724 697 930 768 aliquid
956 698 1010 753 in
1042 714 1101 754 se
1124 715 1266 764 esse,
1294 699 1391 755 sed
1418 715 1515 755 cor
1534 700 1835 755 contritum
1863 698 2025 753 habeo

451 808 531 846 re.
560 790 820 858 Quamvis
844 791 991 846 enim
1023 792 1198 861 gratia
1233 791 1286 845 in
1314 792 1546 863 singulis
1568 791 1905 848 Christianis
1933 791 2022 846 di-

450 883 764 938 versimode
813 892 1094 953 eperetur,
1125 893 1180 937 et
1224 883 1441 938 diversa
1493 883 1739 937 membra
1794 884 2020 949 habeat,

452 990 644 1033 omnes
698 985 880 1032 tamen
934 985 1065 1032 sunt
1119 976 1368 1047 ejusdem
1418 976 1695 1040 civitatis,
1744 976 1915 1030 animi
1969 984 2025 1031 et

452 1066 677 1137 linguae,
713 1082 773 1121 se
802 1076 996 1120 mutuo
1026 1073 1441 1136 cognoscentes.
1473 1065 1630 1121 Sicut
1682 1065 1736 1119 in
1792 1079 2025 1135 corpore

455 1159 702 1214 membra
735 1167 863 1215 sunt
890 1160 1082 1223 multa,
1115 1176 1223 1213 una
1253 1168 1437 1214 autem
1463 1160 1521 1213 in
1552 1158 1812 1214 omnibus
1840 1158 2026 1212 anima

453 1251 560 1307 ista
588 1268 817 1308 movens
849 1271 862 1307 :
903 1253 977 1307 ita
1014 1252 1256 1323 Spiritus
1289 1268 1433 1308 unus
1459 1259 1723 1322 operatur
1753 1251 1809 1304 in
1847 1251 2029 1305 omni-

456 1341 561 1397 bus
612 1342 1003 1406 diversimode,
1043 1342 1288 1412 ejusdem
1355 1351 1541 1397 tamen
1595 1349 1721 1396 sunt
1765 1340 2025 1405 civitatis,

455 1432 703 1504 ejusdem
734 1432 1011 1488 vimJusti
1037 1434 1185 1488 enim
1209 1449 1404 1489 omnes
1425 1439 1711 1504 angustam
1740 1441 1797 1488 et
1818 1440 2029 1488 arctam

455 1524 599 1578 viam
671 1525 1070 1591 ambularunt,
1140 1524 1480 1580 sustinentes
1560 1524 2029 1594 persecutionem,

455 1615 804 1685 aﬁlictionem,
854 1624 902 1669 et
943 1614 1312 1677 contumelias,
1357 1632 1419 1668 ac
1448 1615 1669 1669 viventes
1700 1615 1757 1668 in
1804 1614 2028 1685 pellibus

454 1707 705 1776 caprinis,
740 1708 796 1760 in
819 1706 1081 1777 speluncis
1107 1715 1155 1761 et
1189 1707 1427 1760 cavernis
1484 1717 1639 1761 terra:
1663 1707 1728 1759 ¹¹.
1762 1706 2028 1762 Similiter

452 1807 511 1854 et
537 1798 769 1868 apostoli
796 1798 865 1853 ad
889 1798 1042 1865 hanc.
1064 1813 1238 1868 usque
1271 1798 1464 1853 horam
1491 1798 1684 1855 dicunt
1714 1816 1729 1852 :
1757 1799 1827 1853 Et
1862 1801 2030 1854 esuri-

2135 404 2459 466 IBGYPTII
3696 401 3797 466 560

2120 517 2211 571 καὶ
2239 516 2567 587 συμπολῑται
2588 516 2687 586 τῆς
2712 514 2921 579 πόλεως
2948 514 3064 586 τῆς
3104 515 3268 567 ἦπου
3280 511 3521 584 ρανῑου,
3554 514 3657 567 καὶ
3683 531 3798 568 συν-

2123 608 2445 681 δοξασθῆναι
2487 607 2700 673 αὐτοῖς,
2746 606 2949 679 ταύτην
2996 602 3341 676 ὀφείλουσι
3391 604 3508 674 τὴν
3538 622 3795 661 ταπεινός

2126 699 2400 771 φροσύνην
2429 697 2593 769 ἔχειν,
2627 699 2722 752 καὶ
2764 696 2839 768 μὴ
2871 696 3105 750 οἴεσθαι
3151 696 3223 747 ὲν
3261 694 3515 756 ἑαυτοῖς
3555 688 3701 748 εἶναέ
3727 714 3794 762 τι,

2126 793 2241 849 ἀλλ’
2272 791 2416 863 ἔχειν
2458 791 2926 861 συντετριμμένην
2954 787 3071 860 τὴν
3109 785 3411 858 καρδίαν.
3448 785 3521 839 El
3562 786 3677 857 γὰρ
3707 792 3794 842 καὶ

2124 883 2397 955 διαφόρως
2452 883 2532 946 εἰς
2572 882 2804 935 ἕκαστον
2854 881 2963 933 τῶν
3016 878 3439 951 Χριστιανῶν
3492 878 3719 947 ἐνεργεῖ
3761 884 3790 950 ἡ

2127 975 2287 1047 χάρις
2329 976 2424 1029 καὶ
2454 974 2688 1045 διάφορα
2730 971 2841 1043 ἔχει
2884 972 3025 1043 μέλη
3052 989 3070 1002 ·
3147 972 3334 1041 ὅμως
3375 970 3447 1024 δὲ
3504 973 3646 1041 μιᾶς
3693 976 3789 1027 εἰσι

2128 1067 2338 1130 πόλεως
2376 1066 2425 1118 οἱ
2461 1066 2685 1131 πάντες,
2719 1064 3006 1135 όμόψυχοι,
3045 1063 3481 1133 ὁμόγλωττοι,
3537 1063 3791 1131 ἐπιγινώ-

2130 1176 2351 1221 σκοντες
2380 1157 2663 1229 ἀλλήλους.
2695 1158 2903 1229 Ὥσπερ
2947 1158 3101 1228 μέλη
3154 1154 3362 1209 πολλά
3396 1156 3563 1209 ἐστιν
3595 1158 3657 1209 ἐν
3686 1158 3784 1211 σώ-

2131 1267 2280 1321 ματι,
2316 1249 2413 1320 μία
2439 1250 2496 1303 δὲ
2516 1249 2665 1320 ψυχὴ
2693 1250 2752 1302 ὲν
2778 1251 2944 1303 πᾶσιν
2975 1250 3009 1321 ὴ
3038 1249 3316 1303 κινοῦσα
3354 1250 3552 1303 ταῦτα
3571 1267 3586 1281 ·
3621 1248 3785 1312 οὓτως

2129 1343 2188 1396 ἓν
2239 1342 2457 1413 πνεῦμα
2495 1343 2709 1412 ἐνεργεῖ
2740 1343 2799 1394 ὲν
2836 1342 2971 1394 πᾶσι
3016 1340 3375 1411 διαφόρως,
3422 1341 3568 1409 μιᾶς
3597 1338 3655 1391 δέ
3684 1341 3777 1393 εἰει

2129 1434 2358 1497 πόλεως,
2401 1435 2532 1505 μιᾶς
2565 1433 2687 1486 ὁδοῦ
2712 1449 2726 1463 ·
2760 1432 2961 1495 πάντες
2992 1432 3121 1502 γὰρ
3159 1432 3220 1485 οἱ
3260 1431 3494 1485 δίκαιοι
3535 1432 3641 1499 τὴν
3674 1448 3779 1482 στε-

2128 1528 2227 1598 νὴν
2275 1526 2370 1580 καὶ
2411 1525 2778 1597 τεθλιμμένην
2825 1524 2942 1578 ὁδὸν
2990 1522 3367 1589 διώδευσαν,
3426 1522 3768 1592 διωκόμενοι,

2129 1619 2605 1688 κακουχούμενοι
2628 1658 2643 1683 ,
2698 1616 3137 1685 ὀνειδιζόμενοι
3163 1657 3183 1679 ,
3231 1617 3315 1669 ἐν
3353 1616 3614 1684 αἰγείοις
3652 1614 3769 1683 δέρ-

2124 1727 2276 1783 μασι
2322 1712 2564 1777 ζῶντες,
2616 1710 2685 1765 ἐν
2728 1709 3094 1777 σπηλαίοις,
3139 1708 3224 1763 ἐν
3260 1707 3409 1774 ταῖς
3448 1708 3633 1773 ὀπαῖς
3670 1706 3764 1774 τῆς

2130 1805 2263 1876 γῆς.
2306 1804 2540 1874 νομοίως
2567 1802 2663 1857 καὶ
2694 1804 2745 1855 οἱ
2779 1801 3102 1866 ἀπόστολοι,
3142 1802 3267 1865 ἕως
3296 1800 3410 1870 τῆς
3457 1800 3589 1872 ἄρτι
3630 1800 3761 1869 ὧρας

454 1908 572 1945 mus
596 1900 647 1945 et
663 1890 1088 1959 sitimus,et,nudi
1111 1898 1374 1955 sumus,et
1392 1890 1719 1946 contumeliis
1746 1892 2023 1962 efﬁcimur,

2139 1871 2287 1970 φασὶ,
2320 1871 2428 1955 Καὶ
2477 1896 2793 1966 πεινῶμεν,
2843 1895 2944 1950 καὶ
2990 1895 3332 1966 διψῶμεν,
3387 1871 3508 1949 καί
3549 1912 3757 1965 TW“?

455 1989 506 2035 et
528 1981 798 2035 instabiles
822 1982 935 2036 sine
956 1981 1077 2035 sede
1096 1982 1334 2035 vivimus.
1356 1979 1606 2048 Quorum
1623 1981 1872 2037 nonnulli
1898 1992 2027 2037 sunt

455 2072 654 2142 capitis
704 2072 975 2143 supplicio
1021 2071 1227 2138 aﬂ‘ccti,
1262 2072 1486 2142 quidam
1517 2088 1650 2127 vero
1673 2073 1826 2128 cruci
1859 2072 2025 2141 alIixi,

348 2192 354 2199 -
455 2163 565 2235 45
599 2164 691 2219 alii
725 2180 855 2220 vero
906 2164 1075 2219 variis
1140 2164 1321 2221 modis
1370 2163 1579 2219 amicti.
1626 2164 1857 2235 Insuper
1910 2165 2029 2236 ipse

456 2258 726 2313 Dominus
787 2257 1186 2328 prophetarum
1235 2267 1294 2313 ct
1344 2256 1758 2327 apostolorum,
1824 2256 2032 2313 oblitus

454 2349 614 2419 quasi
634 2348 837 2411 divinae
858 2348 1067 2420 gloriae,
1090 2349 1369 2420 quomodo
1398 2358 1757 2404 conversatus
1786 2349 1908 2403 est?
1938 2348 2029 2404 ille

456 2440 620 2496 nobis
656 2441 714 2495 in
740 2441 1054 2511 exemplum
1090 2440 1269 2497 factus
1284 2442 1358 2508 ¹²,
1390 2454 1607 2496 summa
1650 2456 1778 2495 cum
1830 2448 2027 2497 contu-

457 2532 622 2587 melia
662 2546 925 2587 coronam
980 2532 1228 2602 spineam
1278 2532 1334 2587 in
1360 2531 1539 2603 capite
1562 2530 1816 2602 gestavit,
1847 2540 2028 2602 sputa,

456 2624 720 2693 colaphos
745 2632 802 2679 et
827 2638 1050 2679 crucem
1086 2624 1372 2679 sustinuit.

524 2718 590 2772 ν.
632 2716 689 2772 Si
719 2717 864 2773 Deus
904 2718 958 2772 in
1006 2718 1172 2773 terris
1198 2718 1279 2773 sic
1301 2727 1555 2773 versatus
1588 2728 1691 2785 est,
1722 2727 1874 2772 tuum
1902 2718 2030 2783 erit,

457 2815 521 2863 ut
548 2823 677 2863 eum
720 2807 999 2863 imiteris:
1028 2817 1084 2863 et
1127 2809 1173 2863 si
1224 2810 1458 2880 apostoli
1513 2826 1578 2865 ac
1624 2810 1908 2879 propheta:
1953 2810 2034 2865 sic

457 2899 770 2955 conversati
814 2907 985 2966 sunt,
1026 2916 1129 2956 nos
1168 2916 1427 2971 quoque,
1481 2901 1527 2956 si
1581 2901 1746 2955 modo
1799 2901 2034 2956 velimus

457 2988 823 3045 fundamento
852 2988 1071 3045 Domini
1098 2998 1156 3045 et
1173 2990 1551 3060 apostolorum
1574 2990 2032 3060 supertediﬁcari,

458 3096 558 3137 eos
587 3081 790 3137 imitari
829 3080 1116 3137 debemus.
1168 3081 1352 3151 Inquit
1401 3082 1550 3137 enim
1600 3082 1896 3151 Apostolus
1936 3097 2035 3151 per

461 3172 732 3245 Spiritum
760 3182 1011 3229 sanctum
1050 3172 1403 3228 :Imitatores
1453 3182 1614 3227 estote
1658 3174 1782 3239 mei,
1812 3175 1947 3227 sicut
1984 3182 2034 3227 et
2062 3222 2104 3281 α

463 3281 557 3337 ego
595 3264 792 3321 Christi
811 3265 879 3319 ”.
908 3263 1064 3331 Quod
1106 3264 1153 3320 si
1198 3264 1428 3335 gloriam
1474 3265 1761 3319 hominum
1801 3263 2033 3334 expetis,

462 3363 519 3412 et
551 3355 774 3411 adorari
813 3356 990 3413 colive
1020 3355 1324 3421 desideras,
1375 3365 1540 3426 atque
1588 3355 1759 3411 vitam
1790 3356 2042 3427 volupta-

462 3450 605 3505 riam
636 3448 861 3520 quaeris,
887 3449 957 3505 de
999 3450 1089 3505 via
1135 3449 1447 3505 declinasti.
1498 3447 1735 3519 Oportet
1776 3449 1927 3503 enim
1983 3456 2040 3505 te

466 3542 635 3599 simul
661 3541 909 3614 cruciﬁgi
936 3557 1062 3598 cum
1084 3540 1350 3599 cruciﬁxo
1372 3540 1438 3608 “,
1465 3541 1629 3597 simul
1674 3541 1787 3613 pati
1819 3556 1944 3596 cum
1973 3555 2041 3596 eo

464 3634 561 3705 qui
587 3649 782 3705 passus
820 3641 935 3698 est,
983 3643 1047 3690 ut
1078 3634 1154 3690 ita
1180 3633 1344 3692 simul
1378 3633 1702 3705 gloriﬁceris
1748 3648 1874 3689 cum
1920 3633 2043 3705 glo-

466 3726 702 3784 riﬁcato.
750 3725 988 3783 Necesse
1038 3725 1188 3786 enim
1252 3735 1380 3791 est,
1428 3741 1686 3797 sponsam
1743 3725 1857 3796 pati
1917 3740 2044 3781 cum

466 3833 695 3888 sponso,
727 3834 791 3874 ac
824 3819 907 3874 sic
939 3820 1145 3875 sociam
1173 3834 1238 3875 ac
1263 3818 1606 3875 cobmredem
1637 3818 1845 3874 Christi
1899 3816 2042 3873 ﬁeri.

467 3910 589 3967 Non
638 3911 789 3967 enim
824 3911 1185 3983 conceditur,
1232 3912 1339 3967 nisi
1392 3928 1491 3983 per
1542 3911 1893 3975 alllietiones,
1946 3926 2045 3981 per

466 4015 743 4073 asperam,
786 4013 1094 4074 angustam,
1124 4011 1446 4073 arctamque
1474 4002 1619 4057 viam
1666 4002 1878 4073 ingredi
1905 4001 2044 4057 civi-

469 4100 638 4149 tatem
674 4103 1014 4160 sanctorum,
1046 4102 1104 4149 et
1144 4095 1493 4165 requiescere
1545 4109 1610 4149 ac
1657 4109 1888 4166 regnare
1918 4109 2045 4150 cum

471 4202 600 4258 rege
627 4186 685 4242 in
714 4185 929 4241 inﬁnita
955 4188 1172 4243 saecula.

537 4366 631 4422 VI.
664 4348 1035 4436 Interrogatio.
1064 4365 1329 4432 Quoniam
1368 4368 1640 4438 propriam
1682 4384 1744 4422 ac
1788 4367 2047 4422 caelestem

467 4459 757 4527 imaginem
774 4458 997 4528 perdidit
1020 4457 1214 4521 Adam,
1248 4458 1432 4528 igitur,
1453 4458 1499 4512 si
1519 4459 1781 4529 particeps
1811 4459 1910 4529 fuit
1941 4474 2046 4513 co:-

470 4548 616 4607 lestis
644 4550 912 4620 imaginis,
946 4550 1126 4604 habuit
1155 4547 1412 4621 Spiritum
1429 4552 1720 4606 sanctum?

538 4739 849 4811 Responsio.
887 4737 1144 4806 Quandiu
1174 4737 1416 4794 Verbum
1448 4736 1548 4794 Dei
1577 4748 1698 4795 erat
1751 4754 1878 4795 cum
1928 4739 2044 4804 illo,

470 4831 715 4888 habebat
736 4829 941 4886 omnia.
970 4829 1155 4899 Ipsum
1193 4828 1341 4882 enim
1369 4828 1612 4884 Verbum
1640 4839 1762 4883 erat
1795 4829 1847 4884 ei
1874 4828 2048 4883 luere-

469 4922 635 4988 ditas,
662 4931 785 4977 erat
810 4920 1217 4985 indumentum,
1260 4927 1318 4974 et
1359 4919 1533 4990 gloria
1583 4934 1709 4974 eum
1765 4920 2046 4990 operiens,

470 5015 655 5085 ipsum
690 5024 809 5068 erat
858 5013 1134 5070 doctrina.
1182 5013 1318 5067 Data
1350 5012 1500 5066 enim
1531 5012 1584 5067 ei
1622 5021 1746 5068 erat
1804 5022 2051 5083 potestas

471 5104 797 5159 nominandi
829 5104 1012 5159 omnia
1039 5126 1050 5160 :
1076 5104 1181 5159 hoc
1206 5103 1528 5159 nominabat
1548 5104 1772 5170 ctelum,
1797 5103 1935 5159 illud
1964 5118 2052 5159 so-

474 5197 624 5261 lem;
661 5196 766 5250 hoc
792 5196 999 5259 lunam,
1027 5195 1162 5250 illud
1182 5204 1417 5260 terram;
1454 5195 1561 5252 hoe
1576 5195 1880 5261 volucrem,
1915 5195 2051 5251 illud

475 5286 737 5353 belluam,
772 5286 907 5341 illud
933 5287 1218 5355 arborem;
1249 5295 1311 5343 ut
1340 5287 1701 5355 edocebatur,
1726 5288 1802 5344 ita
1828 5303 2051 5359 quoque

475 5380 699 5436 nomina
744 5378 1040 5435 indiderat.

546 5477 658 5532 Vll.
697 5476 1073 5547 Interrogatio.
1126 5478 1430 5533 Habebatne
1457 5496 1691 5544 sensum,
1738 5488 1787 5533 et
1836 5477 2053 5548 partici-

475 5569 618 5629 patio
631 5584 749 5621 nem
772 5565 1001 5637 Spiritus
1025 5569 1196 5621 sancti
1219 5569 1241 5620 ?

552 5660 857 5731 Responsio.
896 5663 1141 5718 Verbum
1192 5663 1371 5733 ipsum
1411 5664 1464 5719 ei
1496 5664 1818 5729 adhaerens,
1847 5675 1968 5718 erat
1996 5663 2049 5718 ei

2126 1989 2396 2057 τεύομεν,
2439 1984 2538 2040 καὶ
2569 1983 2992 2055 ὀνειδιζόμεθα,
3023 1985 3141 2039 καὶ
3200 1985 3638 2054 ἀστατοῦμεν.
3668 1981 3757 2045 Ἦν

2127 2081 2178 2133 οἱ
2231 2079 2331 2149 μὲν
2383 2075 2939 2147 ἀπεκεφαλίοθησαν,
2989 2076 3041 2129 οἱ
3104 2075 3174 2128 δὲ
3243 2073 3747 2145 ὲστραυρώϐησαν,

2128 2171 2274 2226 ἄλλοι
2307 2170 2365 2223 δὲ
2406 2168 2682 2239 διαφόρως
2722 2167 3051 2238 ἐθλίϐησαν·
3090 2168 3281 2231 αὐτὸς
3328 2167 3391 2220 δὲ
3424 2169 3455 2220 ό
3490 2166 3748 2235 Δεσπότης

2130 2262 2424 2336 προφητῶν
2455 2279 2517 2313 τε
2561 2261 2660 2315 καὶ
2706 2259 3060 2324 ἀποστόλων,
3109 2260 3332 2331 ὥσπερ
3368 2259 3742 2329 ἐπιλαθόμενος

2129 2355 2227 2426 τῆς
2255 2353 2440 2423 θεῖκῆς
2462 2352 2642 2422 δόξης,
2672 2351 2789 2415 πῶς
2817 2350 3081 2404 διώδευσε
3109 2369 3126 2419 ;
3165 2351 3358 2413 τύπος
3400 2353 3542 2422 ἡμῖν
3580 2348 3734 2418 γιγνό-

2133 2460 2314 2516 μενος,
2343 2442 2429 2495 διὰ
2457 2440 2666 2511 ὖὸρεων
2695 2441 2959 2510 στέφανον
2982 2442 3313 2496 ἀκάνθινον
3342 2442 3444 2495 ἐπὶ
3472 2442 3572 2511 τῆς
3595 2457 3727 2506 κερκ-

2130 2536 2229 2606 λῆς
2288 2533 2584 2603 ἐφόρεσεν,
2642 2532 3015 2604 ὲμπτύσματα
3070 2534 3346 2605 ὑπέστη,
3400 2533 3712 2603 ῥαπίσματα,

2136 2627 2391 2699 σταυρόν.

2205 2718 2279 2774 E'.
2315 2720 2377 2772 Ei
2406 2721 2433 2773 ό
2464 2719 2598 2781 Θεὸς
2628 2718 2803 2782 οὕτως
2831 2717 3133 2772 διώδευσεν
3167 2716 3273 2769 ἐπὶ
3310 2718 3421 2785 τῆς
3456 2715 3578 2785 γῆς,
3596 2710 3702 2778 ἀφεὶ-

2133 2810 2248 2874 λεις
2281 2810 2375 2864 καὶ
2425 2812 2489 2864 σὺ
2527 2809 2771 2881 μιμητὴς
2806 2806 2971 2862 αὐτοῦ
3021 2806 3344 2875 γενέσθαι·
3397 2806 3495 2859 καὶ
3533 2804 3576 2855 oi
3608 2799 3709 2851 ἀπό-

2137 2908 2313 2961 στολοι
2342 2908 2440 2963 καὶ
2484 2909 2533 2961 οἱ
2560 2906 2838 2976 προφῆται
2866 2902 3041 2965 οὕτως
3062 2902 3389 2957 διώδευσαν
3407 2916 3422 2930 ’
3450 2898 3543 2951 καὶ
3564 2894 3708 2965 ἡμεῖς.

2135 3002 2183 3054 εἰ
2226 3000 2452 3069 Θέλομεν
2593 2996 2826 3067 θεμελίῳ
2852 2993 2948 3048 τοῦ
2981 2994 3210 3065 Κυρίου
3245 2993 3351 3047 καὶ
3386 2991 3498 3044 τῶν
3524 2983 3714 3042 ἀποστό-

2135 3089 2242 3143 λων
2308 3087 2834 3157 ὲποικοδομηθῆναι,
2895 3084 3204 3154 ὀφείλομεν
3280 3079 3518 3152 μιμηταὶ
3560 3072 3710 3133 αὐτῶν

2137 3182 2411 3252 γενέσθαι.
2444 3181 2609 3249 Λέγει
2635 3179 2744 3249 γὰρ
2768 3180 2795 3231 ὁ
2817 3177 3152 3241 Ἀπόστολος
3184 3179 3250 3229 ὲν
3281 3174 3556 3243 Πνεύματι
3577 3164 3707 3234 ἁγίῳ.

2138 3274 2403 3344 Matuta!
2425 3290 2545 3343 μου
2592 3272 2855 3342 γίνεσθε,
2899 3267 3100 3335 καθὼς
3139 3266 3317 3338 κάτώ
3356 3260 3616 3333 Χριστοῦ.
3654 3254 3708 3307 Εἰ

2139 3367 2198 3421 δὲ
2259 3366 2480 3437 ἀγαπᾷς
2540 3362 2701 3430 δόξας
2754 3361 3098 3429 ἀνθρώπων,
3160 3361 3265 3414 καὶ
3318 3346 3708 3437 προσκυνεῖσθαι

2143 3458 2317 3522 θέλεις
2334 3498 2351 3523 ,
2399 3456 2493 3511 καὶ
2521 3455 2829 3510 ἀνάπαυσιν
2860 3453 3045 3524 ζητεῖς
3064 3493 3079 3516 ,
3121 3453 3440 3521 ὲξετράπης
3462 3445 3551 3513 τῆς
3572 3436 3700 3494 όδοῦο

2140 3550 2265 3622 Χρὴ
2292 3549 2402 3620 γάρ
2435 3565 2497 3601 σε
2538 3545 2989 3617 συσταυρωθῆναι
3033 3544 3118 3615 τῷ
3164 3538 3541 3614 σταυρωθέντι,
3576 3544 3699 3622 συμ-

2143 3620 2336 3698 παθεῖν
2361 3639 2440 3712 τῷ
2466 3639 2713 3706 παθόντι,
2746 3639 2835 3692 ἵνα
2863 3635 3038 3699 οὕτως
3078 3633 3448 3703 συνδοξασθῇς
3468 3626 3537 3695 τῷ
3555 3620 3693 3712 δοξας

2145 3736 2349 3791 σθέντι.
2404 3710 2644 3804 ίΔνάγκη
2701 3730 2810 3802 γὰρ
2870 3730 2972 3801 τὴν
3023 3728 3261 3801 νύμφην
3315 3718 3595 3795 συμπαθεῖν
3633 3710 3699 3780 τῷ

2144 3826 2385 3898 νυμφίῳ,
2420 3826 2515 3881 καὶ
2552 3825 2695 3879 οὕτω
2726 3823 2985 3893 γενέσθαι
3010 3821 3284 3877 κοινωνὸν
3318 3820 3411 3873 καὶ
3437 3809 3693 3880 συγκληρο-

2144 3921 2311 3991 νόμον
2340 3916 2603 3990 Χριστοῦ.
2639 3916 2755 3971 Οὐκ
2796 3916 3033 3985 ἐγχωρεῖ
3066 3914 3185 3987 γὰρ
3211 3914 3345 3969 ἄνευ
3379 3901 3688 3994 παθημάτιιιξ

2146 3988 2241 4067 καὶ
2273 4012 2374 4081 τῆς
2398 3988 2678 4081 τραχείας
2706 4007 2802 4062 καὶ
2848 4005 3043 4076 στενῆς
3078 4007 3178 4061 καὶ
3210 3998 3566 4072 τεθλιμμένης
3595 3988 3678 4041 ὁδοῦ

2146 4102 2411 4158 εἰσελθεῖν
2443 4118 2568 4154 τινα
2614 4102 2694 4163 εἰς
2733 4098 2834 4170 τὴν
2880 4097 3035 4151 πόλιν
3066 4099 3183 4152 τῶν
3229 4094 3420 4163 ἁγίων,
3455 4086 3545 4143 καὶ
3584 4082 3672 4134 ἀνα·

2145 4198 2374 4267 παῆναι,
2406 4194 2501 4247 καὶ
2527 4189 2969 4261 ωμόασιλεῦσαι
2995 4188 3075 4261 τῷ
3099 4188 3316 4260 βασιλεῖ
3338 4186 3419 4246 εἰς
3445 4178 3562 4239 τοὺς
3582 4172 3676 4225 ἀπε·

2151 4289 2373 4359 ράντους
2408 4285 2631 4348 αἰῶνας.

2220 4381 2312 4445 σι”ο
2384 4376 2732 4444 Ἐρώτησις.
2798 4372 3042 4441 Ἐπειδὴ
3107 4372 3200 4426 ὅτι
3258 4366 3357 4423 καὶ
3409 4357 3519 4429 τὴν
3557 4350 3681 4445 lii/ar

2147 4440 2354 4523 εὶκδνα
2401 4440 2503 4519 καὶ
2540 4440 2657 4533 ripi-
2687 4440 3053 4532 ἐπουράνιον
3097 4461 3415 4515 ἀπώλεσεν
3449 4453 3481 4505 ὀ
3517 4440 3676 4533 Ἅδᾷμο

2078 4567 2121 4621 D
2145 4558 2372 4615 οὐκοῦν
2416 4559 2471 4612 εὶ
2500 4531 2865 4624 ἐκοινώνησε
2898 4554 2973 4624 τῇ
3005 4555 3199 4608 εικόνι
3242 4548 3319 4618 τῇ
3348 4531 3673 4607 ἐπουρανίῳ,

2146 4649 2271 4723 εἶχε
2298 4652 2544 4715 Πνεῦμα
2570 4649 2779 4719 (irier;

2232 4711 2598 4813 ;Aﬂdxpt0’tc.
2618 4711 2778 4802 ⁷Ἕως
2827 4740 2917 4792 ὅτε
2964 4740 2994 4791 ὁ
3038 4735 3214 4806 Λόγος
3242 4728 3337 4787 τοῦ
3375 4721 3502 4781 Θεοῦ
3545 4711 3676 4813 οιξνῆν

2150 4836 2320 4906 αὐτῷ,
2353 4804 2445 4888 καὶ
2473 4836 2507 4904 ἡ
2543 4804 2754 4897 ἐντολὴ,
2782 4826 2895 4903 εἶχε
2926 4804 3137 4883 πάνταέ
3168 4822 3331 4884 αὐτὸς
3358 4817 3461 4889 γὰρ
3486 4813 3517 4906 ό
3538 4804 3672 4905 Λόγος

2149 4921 2219 4999 ἦν
2254 4902 2407 4997 ἀὺτῷ
2445 4902 2814 4996 κληρονομία,
2845 4922 3007 4985 αὐτὸς
3053 4920 3263 4990 ἔνδυμα
3293 4912 3384 4968 καὶ
3422 4902 3535 5003 δόξα

2160 4995 2337 5077 πουσα
2351 4995 2544 5085 αὐτὸν,
2561 5019 2724 5082 αὐτὸς
2741 5016 3079 5072 διδασκαλία.
3115 5008 3421 5068 ’Υπετίθετο
3439 4995 3667 5085 γὰρξῡτφ

2159 5113 2384 5168 καλέσαι
2427 5113 2626 5176 πάντα,
2677 5110 2836 5164 τοῦτο
2873 5104 2996 5162 εἷπε
3043 5103 3293 5178 οὐρανὸν,
3338 5080 3663 5188 scito-711$,

2157 5204 2316 5259 τοῦτο
2352 5204 2606 5273 σελήνην,
2638 5201 2796 5255 τοῦτο
2824 5201 2949 5272 γῆν,
2986 5199 3144 5253 τοῦτο
3174 5190 3388 5263 πτηνὸν,
3425 5188 3560 5285 “EO-Wo

2160 5296 2294 5366 βίον,
2347 5269 2507 5349 τοῦτο
2541 5269 2786 5365 δένδρον,
2826 5269 3010 5355 adeo;
3042 5288 3364 5344 ὲδιδάσκετο,
3405 5270 3553 5327 οὕτως
3589 5269 3661 5309 και

2155 5387 2362 5454 ἔλεγεν.
3587 5437 3595 5451 .

2226 5445 2299 5533 Z".
2356 5477 2695 5545 Ἐρώτησις.
2750 5477 3053 5543 Αἵσθησιν
3096 5468 3216 5540 εἶχε
3262 5462 3353 5518 καὶ
3396 5445 3654 5510 κοινωνίαν

2156 5571 2262 5625 τοῦ
2297 5571 2679 5640 ﬂuctuat-cc;
3469 5636 3478 5649 ι
3514 5642 3561 5649 __
3595 5612 3617 5649 ε

2238 5630 2818 5732 Ἀπόκρισις.’Ᾰύτδς
2870 5663 2900 5715 ὁ
2952 5661 3125 5729 Λόγος
3177 5650 3367 5711 συνὼν,
3420 5636 3563 5692 πάντα
3595 5630 3645 5687 ην

554 5840 594 5871 ’ί
622 5838 993 5907 Hebr.x1,57,
1028 5841 1115 5896 58.
1192 5843 1234 5875 ³³
1255 5842 1445 5899 Matth.
1474 5844 1724 5913 xxvu,28
1748 5844 1833 5898 ΞΣ).
1915 5843 1990 5898 ³³1
2024 5844 2037 5897 4

2139 5861 2251 5911 .tv,
2286 5846 2379 5910 ll;
2421 5860 2491 5910 λι,
2533 5846 2575 5901 l.
2656 5846 3009 5907 “Romwm,
3044 5842 3123 5896 l7.
