3966 6430
250 367 355 437 561

1464 376 1831 437 ΗΟΜΙΙᾸΕ.
1858 378 2131 441 -ΗΟΜ.
2173 382 2311 443 ΧΠ.

3383 377 3489 440 562

248 481 432 553 αὐτῷ,
453 481 557 535 εἴτε
583 481 805 551 γνῶσις,
827 482 935 537 εἴτε
968 481 1325 555 κληρονομία,
1352 485 1461 540 εἴτε
1482 485 1813 542 διδασκαλία.

1920 489 2124 554 omnia,
2149 499 2206 545 et
2227 498 2491 559 cognitio,
2517 498 2571 544 et
2597 504 2814 552 sensus,
2836 496 2893 543 et
2919 486 3302 549 hazrcditas,et
3323 486 3491 543 disci-

248 576 363 628 Καὶ
418 574 665 644 Ἰωάννης
707 573 762 626 τί
788 573 938 643 λέγει
972 577 1100 646 περὶ
1125 576 1220 630 τοῦ
1261 577 1471 645 Λόγους
1515 578 1618 631 Ἔν
1659 576 1815 645 ἀρχῇ

245 664 325 736 ἦν
354 670 392 722 ὁ
416 668 638 735 Λόγος·
664 668 796 739 ὁρᾷς
822 668 904 721 ὅτι
946 670 975 720 6
1008 670 1177 737 Λόγος
1215 672 1392 724 πάντα
1424 669 1509 742 ἦν.
1542 671 1601 723 Ei
1636 671 1692 723 δὲ
1723 675 1817 724 καὶ

242 756 452 821 ἔξωθεν
487 756 652 827 συνῆν
705 758 854 827 αὐτῷ
887 758 1043 823 δόξα,
1087 761 1148 813 οὐ
1198 761 1679 832 σκανδαλιζώμεθα
1724 763 1816 815 ἐπὶ

250 848 446 917 τούτῳ,
502 849 593 899 καὶ
627 848 734 918 γὰρ
781 849 929 916 λέγει
980 851 1060 902 ὅτι
1096 853 1307 920 γυμνοὶ
1360 852 1539 920 ἦσαν,
1580 856 1672 907 καὶ
1718 855 1817 906 οὐκ

260 940 477 995 ἔὸλεπον
506 940 789 1009 ἀλλήλους,
824 943 916 994 καὶ
950 944 1090 1011 μετὰ
1118 943 1179 995 τὸ
1218 944 1533 1014 παραὸἧσαι
1580 946 1677 1015 τὴν
1728 947 1815 999 ὲν-

256 1031 409 1100 τολὴν
428 1072 442 1096 ,
469 1032 585 1084 τότε
617 1028 756 1085 εἶδον
784 1033 977 1096 αὐτοὺς
1021 1035 1291 1105 γυμνοὺς,
1323 1036 1416 1089 καὶ
1447 1035 1813 1107 ᾐσχύνθησαν.

316 1210 407 1262 Η’.
453 1207 787 1278 Ἐρώτησις.
824 1213 1058 1266 Οὐκοῦν
1087 1212 1200 1279 πρὸ
1230 1214 1447 1267 τούτου
1487 1210 1650 1285 ἦσαν
1683 1215 1816 1269 ἀντὶ

243 1302 631 1370 περιϐολαίου
658 1303 1039 1372 ἐνδεδυμένοι
1069 1305 1257 1370 δόξαν
1286 1306 1471 1372 Θεοῦ;

329 1393 691 1463 Ἀπόκρισις.
760 1395 846 1459 Ὠς
901 1398 994 1450 ἐπὶ
1030 1398 1137 1451 τῶν
1176 1400 1468 1469 προφητῶν
1501 1400 1723 1469 ἐνήργει
1758 1400 1818 1454 τὸ

244 1484 474 1555 Πνεῦμα
502 1486 596 1541 καὶ
624 1486 898 1542 ἐδίδασκεν
920 1490 1137 1553 αὐτοὺς,
1168 1492 1266 1543 καὶ
1292 1490 1493 1546 ἔσωθεν
1522 1492 1701 1544 αὐτῶν
1727 1488 1815 1562 ἦν,

243 1574 345 1627 καὶ
400 1575 596 1640 ἔξωθεν
631 1577 813 1641 αὐτοῖς
860 1580 1259 1651 παρεφαίνετο·
1305 1580 1447 1634 οὕτω
1489 1583 1583 1634 καί
1626 1585 1704 1645 είς
1728 1585 1818 1636 τὸν

256 1664 435 1733 Ἀδὰμ
472 1668 558 1719 ὅτε
606 1666 763 1737 ἤθελε
792 1668 854 1721 τὸ
884 1670 1107 1740 Πνεῦμα
1142 1672 1239 1725 σὺν
1270 1670 1417 1741 αὐτῷ
1448 1668 1537 1740 ἦν,
1586 1674 1680 1726 καὶ
1710 1673 1818 1726 ἐδί-

240 1752 416 1809 δασκε
446 1758 538 1810 καὶ
585 1758 886 1824 ὑπετίθετο,
917 1761 1114 1827 οὕτως
1141 1761 1271 1817 εἰπὲ
1300 1764 1398 1817 καὶ
1434 1763 1593 1832 λέγε.
1632 1765 1818 1818 Πάντα

237 1848 354 1916 γὰρ
414 1843 481 1920 ἦν
531 1850 560 1902 6
594 1850 768 1919 Λόγος
806 1851 985 1922 αὐτῷ.
1045 1854 1141 1907 καὶ
1195 1854 1300 1919 ἓως
1342 1855 1429 1907 ὅτε
1482 1855 1702 1924 ἐνέμενε
1746 1859 1811 1926 τῇ

228 1938 465 2013 ἐντολῇ,
523 1940 673 2008 φίλος
709 1938 776 2011 ἦν
823 1943 978 1998 Θεοῦ.
1019 1945 1132 1998 Καὶ
1184 1946 1236 1998 τί
1286 1946 1633 2015 θαυμαστὸν,
1678 1948 1726 2000 εί
1756 1949 1814 2002 ὲν

222 2033 456 2095 τούτοις
490 2031 588 2099 ὢν,
621 2033 833 2106 παρέϐη
866 2034 964 2104 τὴν
1014 2037 1264 2107 ἐντολήνς
1315 2037 1475 2091 ὁπότε
1509 2040 1603 2092 καὶ
1632 2039 1681 2091 οἱ
1720 2057 1817 2094 πε-

216 2121 593 2192 πληρωμένοι
634 2124 948 2196 Πνεύματος
980 2126 1161 2193 ἁγίου,
1196 2128 1377 2197 έχουσι
1402 2130 1527 2191 τοὺς
1553 2132 1815 2198 φυσικοὺς

214 2214 577 2283 λογισμοὺς,
625 2217 719 2269 καὶ
762 2216 942 2286 έχουσι
998 2218 1211 2288 θέλημα
1263 2218 1356 2272 τοῦ
1408 2222 1809 2290 συμφωνῆσαις

224 2307 431 2366 Οὕτως
462 2308 560 2362 καὶ
600 2309 761 2372 αὐτὸς
799 2308 973 2363 συνὼν
1006 2310 1085 2379 τῷ
1111 2310 1230 2381 Θεῷ
1266 2314 1325 2365 ὲν
1358 2312 1691 2384 παραδείσῳ,
1719 2314 1811 2382 ἀφ’

237 2398 433 2451 ἑαυτοῦ
484 2398 604 2469 ἰδίῳ
630 2400 891 2471 θελήματι
938 2402 1186 2472 παρέϐη,
1216 2403 1309 2455 καὶ
1346 2404 1624 2473 ὑπήκουσε
1656 2404 1811 2475 μέρει

239 2491 466 2563 πον-ηρῷ
487 2507 502 2520 ·
530 2491 670 2563 πλὴν
700 2492 794 2546 καὶ
820 2494 959 2565 μετὰ
977 2494 1073 2563 τὴν
1099 2495 1411 2567 παράϐασιν
1440 2496 1566 2567 ἔσχε
1588 2497 1806 2566 γνῶσιν.

304 2680 391 2736 Θ’.
438 2680 779 2750 Ἐρώτησις.
822 2682 1105 2747 ’οποΙαν;

320 2771 697 2841 Ἀπόκρισις.
748 2775 959 2848 Ὥσπερ
1008 2780 1137 2832 ὅταν
1186 2780 1462 2851 συλληφθῇ
1496 2782 1702 2854 λῃστὴς
1731 2786 1808 2848 είς

240 2861 617 2934 δικαστήριον,
664 2866 758 2919 καὶ
792 2866 1019 2938 ἄρχεται
1066 2870 1371 2940 κρίνεσθαι.
1408 2872 1556 2940 λέγει
1588 2874 1738 2946 αὐτῷ
1783 2880 1811 2930 6

244 2954 448 3024 ἄρχων,
489 2955 619 3011 Ὅτε
636 2956 858 3024 ἐποίεις
884 2960 959 3013 τὰ
982 2962 1155 3023 κακὰ,
1186 2963 1296 3016 οὐκ
1322 2962 1508 3031 ᾕδεις,
1543 2964 1632 3018 ὅτι
1660 2970 1811 3022 συλ-

246 3045 550 3117 ληφθῆναι
582 3049 742 3118 ἔχεις
776 3051 875 3104 καὶ
900 3052 1264 3118 damma-air;
1297 3054 1535 3121 Ἐκεῖνος
1556 3058 1617 3110 οὐ
1637 3061 1811 3131 τολμᾷ

1916 578 2087 646 plina.
2120 579 2388 645 Quidnam
2428 580 2574 633 enim
2624 578 2864 633 Joannes
2916 576 3096 644 inquit
3138 576 3207 631 de
3258 575 3489 632 Verbo:

1915 669 1981 723 In
2014 672 2269 741 principio
2324 671 2784 725 erat-Verbum".
2817 670 3002 732 Vides,
3055 669 3201 738 quod
3247 669 3486 724 Verbum

1916 763 2096 816 omnia
2128 772 2264 817 erat.
2299 763 2456 829 Quod
2496 764 2542 818 si
2572 762 2919 818 extrinsecus
2947 762 2995 817 ei
3026 761 3339 815 adhznrebat
3373 761 3490 829 glo-

1918 853 2019 913 ria,
2075 868 2143 907 ne
2194 853 2538 907 otl‘eudamur
2581 862 2896 923 propterea,
2945 853 3076 922 quia
3122 852 3300 908 dicit:
3340 852 3488 918 Quod

1919 944 2045 997 nudi
2086 945 2279 1013 fuerint
2316 945 2395 1008 ’⁸,
2430 960 2532 998 nec
2586 960 2645 999 se
2692 954 2886 999 mutuo
2937 944 3219 1008 videbant,
3268 954 3325 997 at
3366 953 3489 1013 post

1921 1037 2413 1106 transgressionem
2462 1036 2728 1094 mandati.
2758 1046 2888 1090 tunc
2926 1052 2984 1090 se
3038 1035 3218 1090 nudos
3264 1051 3489 1105 perspe-

1918 1138 2135 1191 xerunt,
2162 1144 2225 1182 ac
2246 1128 2452 1197 pudore
2480 1128 2670 1182 suﬂusi
2693 1138 2842 1183 sunt.

1989 1220 2123 1274 VIII.
2167 1220 2537 1289 Interrogatio.
2574 1219 2712 1289 Ergo
2762 1227 2921 1273 antea
2974 1228 3127 1272 erant
3181 1217 3290 1271 loco
3336 1217 3488 1271 indu-

1919 1311 2079 1364 menti
2100 1310 2273 1362 induti
2296 1308 2469 1379 gloria
2509 1309 2603 1363 Dei
2628 1310 2651 1362 ?

1990 1400 2294 1471 Responsio.
2348 1401 2820 1467 Quemadmodum
2868 1401 2923 1454 in
2973 1401 3260 1469 prophetis
3291 1416 3486 1469 opera-

1919 1495 2084 1550 batur
2114 1496 2371 1565 Spiritus,
2397 1504 2453 1551 et
2479 1497 2712 1550 docebat
2742 1512 2858 1553 eos.
2892 1506 2947 1549 et
2977 1495 3115 1548 intra
3145 1511 3241 1547 eos
3264 1505 3402 1555 erat,
3429 1507 3486 1547 et

1918 1597 2075 1641 extra
2104 1603 2201 1641 eos
2236 1588 2533 1657 apparebat
2565 1628 2579 1649 ,
2610 1587 2687 1640 sic
2713 1603 2931 1656 quoque
2964 1586 3015 1639 in
3041 1586 3234 1647 Adam,
3267 1584 3486 1654 quando

1918 1680 2137 1733 volebat
2165 1679 2426 1748 Spiritus,
2465 1694 2589 1733 cum
2614 1694 2682 1732 co
2707 1688 2844 1739 crat,
2876 1687 2931 1731 et
2960 1678 3195 1732 docebat
3236 1693 3297 1731 ac
3346 1694 3487 1746 prae-

1921 1771 2160 1840 cipiebat
2185 1788 2198 1824 :
2224 1769 2311 1825 Sic
2340 1772 2588 1833 nomina,
2617 1772 2690 1824 sic
2717 1770 2951 1839 appella.
2994 1771 3233 1823 Verbum
3274 1770 3322 1823 ei
3368 1778 3489 1823 erat

1919 1864 2123 1918 omnia.
2148 1872 2205 1917 et
2231 1864 2373 1917 intra
2407 1863 2724 1918 mandatum
2749 1863 3109 1925 subsistebat,
3152 1871 3339 1931 gratus
3369 1868 3490 1915 erat

1916 1954 2047 2007 Deo.
2073 1953 2141 2007 Et
2170 1969 2299 2007 sane
2330 1952 2462 2021 quid
2492 1953 2713 2014 mirum,
2744 1952 2891 2021 quod
2934 1953 3040 2006 hoc
3091 1951 3148 2004 in
3195 1959 3339 2005 statu
3388 1949 3486 2003 de-

1915 2061 2068 2116 gens,
2096 2054 2471 2115 transgressus
2508 2043 2620 2114 46
2660 2044 2733 2099 sit
2774 2044 3114 2103 mandatum,
3156 2056 3282 2095 cum
3328 2050 3384 2095 et
3426 2040 3486 2101 ii,

1915 2135 2010 2204 qui
2042 2135 2236 2204 repleti
2267 2142 2397 2189 sunt
2436 2133 2645 2203 Spiritu
2677 2143 2869 2190 sancto
2891 2173 2906 2197 ,
2956 2130 3299 2186 naturalibus
3334 2129 3486 2199 cogi-

1918 2226 2218 2281 tationibus
2253 2225 2505 2294 occupati
2551 2225 2683 2289 sint,
2727 2225 3077 2292 habeantque
3119 2222 3482 2284 voluntatem,

1913 2334 2036 2389 quae
2066 2318 2174 2372 illis
2200 2318 2507 2371 consentiat
2537 2334 2551 2370 :
2590 2318 2664 2370 ita
2703 2331 2926 2385 quoque
2960 2314 3076 2382 ipse
3108 2313 3302 2374 Adam,
3337 2326 3462 2365 cum

1912 2423 2057 2465 esset
2080 2425 2203 2464 cum
2236 2410 2346 2463 Deo
2377 2409 2429 2462 in
2458 2408 2731 2476 paradiso,
2766 2406 2881 2473 ipse
2925 2421 3026 2459 sua
3076 2414 3273 2473 sponte
3306 2413 3488 2457 trans-

1911 2520 2133 2577 gressus
2175 2513 2280 2568 est,
2332 2513 2389 2557 et
2440 2503 2839 2570 obtemperavit
2890 2501 3030 2569 parti
3082 2500 3343 2554 deteriori
3383 2508 3487 2553 :at

1912 2604 2035 2667 post
2062 2594 2520 2665 trangressionem
2550 2593 2741 2647 habuit
2770 2592 3162 2662 cognitionem.

1986 2687 2077 2742 IX.
2120 2686 2497 2757 Interrogatio.
2537 2685 2806 2751 Qualem?

1981 2778 2279 2848 Responsio.
2323 2778 2559 2834 Perinde
2605 2793 2669 2832 ac
2724 2777 2770 2831 si
2818 2774 3040 2845 quando
3088 2775 3230 2828 latro
3277 2772 3476 2843 deprc-

1912 2869 2121 2924 hensus
2144 2869 2211 2923 ad
2248 2868 2577 2939 supplicium
2623 2868 2857 2938 rapitur,
2889 2875 2946 2921 et
2969 2867 3215 2921 accusari
3267 2865 3484 2933 incipit,

1907 2960 2078 3033 judex
2120 2961 2171 3015 ei
2225 2960 2360 3015 dicit
2394 2979 2407 3013 :
2448 2959 2580 3015 Cum
2618 2960 2968 3013 committeres
3019 2956 3191 3025 mala,
3233 2955 3486 3020 nmnquid

1911 3053 2126 3114 sciebas,
2150 3053 2288 3123 quod
2305 3054 2705 3121 comprehensus
2730 3052 2918 3121 capitis
2942 3067 3095 3119 poma
3127 3049 3260 3117 αθῑεὶ
3288 3047 3487 3116 possis?

249 3142 421 3194 εἰπεῖν
449 3142 532 3195 ὅτι
562 3143 676 3196 Οὐκ
706 3143 854 3214 ᾔδειν
882 3160 896 3174 ⁸
932 3139 1041 3197 οἶδε
1075 3146 1205 3215 γὰρ,
1260 3148 1353 3199 καὶ
1378 3149 1806 3221 τιμωρούμενος,

1920 3146 2006 3201 [lle
2039 3164 2147 3201 non
2180 3148 2347 3201 audet
2371 3147 2556 3201 dicere
2593 3165 2606 3200 :
2636 3147 2755 3201 Non
2779 3146 3040 3199 sciebam.
3071 3143 3293 3197 Sciebat
3314 3142 3485 3205 enim,

251 3233 424 3287 πάντα
476 3235 829 3305 μνημονεύων
858 3234 1279 3307 ὲξομολογεῐται.
1329 3241 1436 3293 Καὶ
1482 3243 1509 3293 6
1536 3244 1811 3311 πορνεύων

250 3330 347 3379 οὐκ
378 3321 518 3379 οἶδεν
545 3327 628 3381 ὅτι
659 3327 847 3382 κακῶς
870 3331 1041 3389 ποιεῖς
1074 3332 1165 3383 καὶ
1193 3332 1221 3383 6
1250 3330 1519 3397 κλέπτων,
1545 3332 1645 3385 οὐκ
1672 3328 1811 3386 οἶδεν

251 3420 329 3472 ὅτι
375 3418 721 3488 ἁμαρτάνει;
755 3417 926 3484 οὕτως
956 3422 1049 3474 καὶ
1082 3422 1210 3476 ἄνευ
1242 3422 1498 3493 Γραφῶν,
1528 3425 1576 3477 οἱ
1605 3424 1812 3495 ἄνθρω-

255 3530 342 3564 ποι
371 3511 480 3564 ἀπὸ
499 3510 595 3563 τοῦ
620 3512 849 3580 φυσικοῦ
872 3513 1157 3583 λογισμοῦ,
1186 3515 1287 3568 οὐκ
1318 3514 1526 3569 οἴδασιν
1573 3516 1657 3571 ὅτι
1679 3517 1812 3580 Θεός

260 3606 431 3670 ὲστινς
468 3603 529 3656 οὐ
566 3602 819 3657 δύνανται
852 3605 909 3658 ὲν
931 3608 995 3675 τῇ
1024 3606 1208 3676 ἡμέρα
1242 3607 1425 3678 ἐκείνῃ
1456 3610 1653 3673 εἰπεῖν,
1691 3612 1811 3663 Οὐκ

260 3692 492 3762 ᾔδειμεν
525 3692 615 3746 ὅτι
644 3694 788 3760 Θείς
819 3690 893 3751 εἴ.
933 3695 1098 3763 Λέγει
1133 3697 1243 3767 γὰρ
1272 3696 1455 3761 αὐτοῖς
1491 3699 1589 3761 τὰς
1628 3717 1811 3768 γιγνο-

271 3782 417 3849 μένας
442 3784 507 3834 ὲκ
556 3782 652 3836 τοῦ
686 3783 916 3853 οὐρανοῦ
962 3784 1210 3855 βροντὰς,
1250 3787 1346 3841 καὶ
1375 3788 1683 3858 ἀστραπὰς,
1713 3792 1813 3845 οὐκ

273 3872 431 3925 οἴδατε
470 3874 550 3927 ὅτι
604 3874 723 3927 ἐστὶ
770 3874 902 3939 Θεὸς
950 3876 1167 3929 διοικῶν
1219 3878 1316 3948 τὴν
1348 3878 1564 3944 κτίσιν;
1602 3881 1667 3933 Τί
1721 3881 1813 3935 οὖν

271 3963 477 4033 ἔκραζον
524 3966 577 4019 οἱ
621 3965 870 4035 δαίμονες
900 3983 914 3996 ’
955 3966 1039 4021 Σὺ
1070 3964 1127 4021 εἴ
1151 3971 1183 4021 ό
1216 3969 1354 4034 Υἱὸς
1393 3970 1561 4032 Θεοῦ,
1600 3972 1658 4025 τί
1699 3974 1814 4039 πρὸ

263 4055 456 4122 καιροῦ
507 4052 694 4126 ἦλθες
735 4058 1075 4123 βασανίσαι
1110 4058 1266 4131 ἡμᾶς
1286 4077 1307 4125 ;
1362 4063 1472 4116 Καὶ
1502 4063 1582 4117 ἐτι
1619 4065 1677 4117 έν
1704 4068 1814 4129 τοῖς

262 4146 571 4217 μαρτυρίοις
628 4148 886 4217 λέγουσι,
927 4152 1125 4219 ΚαΙεις
1164 4169 1273 4222 με,
1323 4154 1513 4221 καίεις
1553 4171 1649 4223 με.
1701 4157 1816 4211 Οὐκ

259 4239 470 4311 ᾔδεισαν
506 4235 599 4295 οὖν
639 4240 700 4294 τὸ
731 4240 887 4306 ξύλον
930 4243 1030 4313 τῆς
1073 4244 1329 4313 γνώσεως
1373 4245 1468 4299 τοῦ
1498 4246 1666 4301 καλοῦ
1720 4248 1816 4303 καὶ

258 4330 441 4393 κακοῦ,
468 4332 504 4402 ή
536 4331 849 4403 παράϐασις
875 4333 970 4389 τοῦ
1021 4333 1192 4406 Ἀδὰμ
1224 4334 1324 4406 τὴν
1361 4335 1562 4405 γνῶσιν
1588 4336 1813 4396 ἔδωκεν.

319 4512 375 4567 ι’.
406 4512 673 4575 Ἕκαστος
688 4511 797 4584 γὰρ
824 4512 1051 4584 ἄρχεται
1078 4514 1379 4586 ἐπερωτᾷν,
1399 4513 1476 4580 ὡς
1496 4515 1567 4570 ἐν
1592 4517 1709 4572 τινι
1732 4514 1814 4589 ἦν

256 4605 290 4659 ὁ
333 4603 525 4672 Ἀδὰμ,
560 4604 658 4658 καί
679 4605 737 4658 τι
761 4604 1060 4674 ἕπραξεγ;
1092 4606 1265 4671 Δὺτὸς
1312 4607 1421 4679 γὰρ
1452 4608 1483 4662 6
1515 4609 1685 4681 Ἀδὰμ
1714 4610 1812 4683 τὴν

255 4694 448 4764 γνιῖισιν
469 4694 686 4762 ἐδέξατο
707 4694 875 4751 καλοῦ
899 4700 960 4751 τε
980 4697 1077 4752 καὶ
1097 4698 1294 4753 κακοῦ.
1318 4699 1519 4754 Λοιπὸν
1541 4699 1813 4771 ἀκούομεν

257 4788 319 4842 ὲκ
338 4785 443 4840 τῶν
468 4786 721 4857 Γραφῶν,
750 4789 834 4843 ὅτι
859 4788 918 4842 έν
948 4791 1080 4861 τιμῇ
1139 4792 1236 4845 καὶ
1261 4791 1320 4845 ὲν
1346 4790 1679 4863 καθαρότητι
1706 4788 1774 4864 ἦν
1794 4809 1809 4825 ο

258 4876 348 4931 καὶ
374 4877 626 4948 παραϐὰς
650 4879 750 4949 τὴν
779 4880 998 4951 ἐντολὴν
1032 4880 1297 4952 ἐξεϐλήθη
1326 4880 1420 4936 τοῦ
1454 4883 1809 4953 παραδείσου,

261 4968 352 5021 καὶ
376 4968 617 5041 ὠργίσθη
658 4970 805 5041 αύτῷ
841 4972 870 5026 6
893 4972 1044 5035 Θεός.
1075 4972 1277 5026 Λοιπὸν
1311 4974 1408 5028 καὶ
1446 4974 1516 5029 τὰ
1543 4975 1687 5030 καλὰ
1716 4977 1815 5030 αὐ-

265 5058 352 5113 τοῦ
399 5060 693 5131 μανθάνει,
744 5064 841 5116 καὶ
888 5064 956 5117 τὰ
1014 5066 1159 5117 κακὰ
1219 5064 1405 5133 μαθὼν
1453 5066 1814 5136 ἀσφαλίζεται

268 5151 471 5215 ἑαυτὸν,
522 5152 607 5206 ἶνα
643 5154 848 5223 μηκέτι·
891 5155 1220 5225 ἁμαρτήσας
1276 5157 1494 5229 ἐμπέσῃ
1525 5158 1606 5222 είς
1639 5162 1814 5228 κρῖμα

271 5238 499 5295 θανάτου.
532 5242 878 5313 Γινώσκομεν
903 5244 982 5310 δὲ,
1009 5245 1092 5297 ὅτι
1119 5247 1269 5299 πᾶσα
1291 5247 1326 5317 ή
1356 5246 1534 5311 κτίσις
1561 5248 1655 5302 τοῦ
1679 5250 1815 5304 Θεοῦ

262 5327 333 5382 δι’
356 5331 506 5386 αὑτοῦ
533 5334 918 5403 οἰκονομεῖται.
942 5335 1113 5398 Αὐτὸς
1141 5335 1248 5405 γὰρ
1280 5336 1539 5408 ἐποίησεν
1563 5340 1812 5409 οὐρανὸν,

259 5419 380 5488 γῆν,
409 5419 541 5486 ζῶα,
573 5424 781 5493 ἑρπετὰ
804 5463 818 5488 ,
850 5422 1033 5494 θηρία,
1063 5424 1101 5479 ἃ
1135 5425 1425 5496 βλέπομεν,
1464 5425 1556 5480 τὸν
1603 5428 1660 5481 δὲ
1693 5429 1815 5499 ἀρι-

254 5510 386 5580 θμὸν
431 5511 753 5584 ἀγνοοῦμεν.
805 5513 903 5577 Τίς
938 5514 1047 5585 γὰρ
1096 5514 1399 5585 ἀνθρώπων
1431 5511 1594 5580 οἶδεν,
1653 5517 1811 5587 εἰμὴ

256 5600 413 5672 μόνον
432 5603 460 5657 6
486 5602 617 5668 Θεὸς
645 5606 675 5659 6
703 5602 779 5657 ὢν
805 5604 863 5656 ὲν
891 5605 1046 5672 πᾶσι,
1077 5606 1301 5671 καὶτοῖς
1330 5605 1588 5679 ἐμϐρύοις
1614 5607 1670 5660 δὲ
1699 5609 1809 5663 τῶν

299 5784 344 5817 ’⁸
374 5785 521 5843 Joan.
558 5804 593 5851 ι,
641 5786 660 5841 i
769 5784 815 5817 "
846 5784 981 5840 Gen.
1016 5802 1101 5852 ιιι,
1128 5787 1214 5841 23.

1912 3249 1969 3303 et
1997 3240 2269 3310 supplicio
2293 3240 2425 3295 dum
2453 3238 2709 3303 adicitur,
2741 3237 2929 3292 omnia
2960 3237 3016 3291 in
3046 3233 3367 3290 memoriam
3398 3248 3488 3287 re-

1910 3346 2112 3386 vocans
2173 3332 2489 3387 conﬁtetur.
2541 3332 2679 3386 Item
2724 3330 2816 3399 qui
2868 3338 3124 3398 stuprum
3172 3325 3486 3385 committit,

1911 3438 2094 3476 nonne
2120 3422 2224 3478 scit
2251 3437 2309 3476 se
2344 3423 2483 3476 male
2524 3421 2728 3491 agere?
2761 3429 2819 3475 et
2875 3420 2967 3489 qui
3016 3420 3247 3483 furtum,
3308 3432 3490 3471 nonne

1911 3513 2017 3568 scit
2061 3528 2120 3567 se
2166 3512 2432 3581 peccare?
2463 3511 2555 3566 Sic
2594 3512 2760 3565 etiam
2813 3510 3022 3579 absque
3056 3508 3353 3577 Scripturis
3387 3508 3489 3561 bo-

1912 3603 2089 3658 mines
2107 3603 2343 3657 naturali
2366 3603 2577 3657 ratione
2596 3602 2733 3665 sola,
2758 3616 2940 3657 nonne
2958 3607 3296 3669 cognoscunt
3317 3599 3487 3653 Deum

1911 3696 2070 3751 esse?
2097 3694 2219 3750 Non
2265 3703 2496 3764 possunt
2528 3695 2715 3764 itaque
2750 3694 2807 3748 in
2854 3693 2945 3747 illa
2993 3692 3082 3746 die
3125 3690 3489 3746 dicerezNou

1912 3790 2155 3844 scivimus
2193 3786 2359 3841 Deum
2383 3788 2567 3857 fuisse.
2613 3785 3017 3841 Enarratenim
3050 3784 3160 3841 illis
3189 3784 3387 3838 emissa
3418 3783 3487 3838 de

1913 3879 2053 3934 cmlo
2087 3878 2327 3932 tonitrua
2360 3884 2415 3932 et
2443 3876 2678 3931 fulmina
2704 3915 2720 3937 ,
2752 3875 2981 3930 nescitis
3010 3889 3132 3929 esse
3167 3876 3360 3939 Deum,
3390 3875 3487 3943 qui

1915 3969 2056 4040 regit
2086 3971 2439 4024 creaturam?
2467 3968 2608 4034 Quid
2645 3968 2811 4037 igitur
2832 3968 3145 4023 clamabant
3169 3967 3446 4021 deemones
3474 3984 3487 4018 :

1915 4063 1990 4117 Τιι
2022 4080 2074 4116 es
2106 4060 2270 4116 Filius
2304 4062 2435 4116 Dei:
2472 4079 2635 4132 quare
2670 4062 2857 4117 venisti
2897 4061 2965 4115 ad
3002 4060 3348 4114 cruciandnm
3392 4076 3488 4113 nos

1915 4162 2039 4208 ante
2061 4161 2262 4225 tempus
2280 4154 2351 4206 ’7?
2372 4154 2602 4223 Insuper
2623 4154 2678 4207 in
2698 4152 2993 4207 tormentis
3012 4166 3231 4221 quoque
3250 4149 3444 4204 dicunt
3469 4166 3485 4204 :

1920 4246 2038 4304 Uris
2085 4262 2188 4312 me,
2221 4247 2336 4301 uris
2376 4263 2456 4301 me
2490 4245 2559 4299 ".
2592 4246 2714 4300 Non
2765 4253 3032 4300 noverant
3077 4243 3244 4313 igitur
3278 4242 3485 4311 lignum

1916 4338 2127 4393 notitia;
2158 4335 2289 4393 boni
2316 4344 2376 4392 et
2396 4336 2546 4401 mali,
2573 4335 2938 4406 transgressio
2958 4334 3089 4390 Adae
3119 4333 3489 4404 cognitionem

1920 4428 2093 4485 dedit.

1847 4482 1893 4540 θ
2102 4519 2348 4587 Quilibet
2370 4519 2517 4574 enim
2541 4517 2735 4587 incipit
2767 4518 3106 4586 interrogare
3130 4533 3143 4569 :
3170 4514 3236 4569 In
3260 4531 3361 4585 quo
3384 4523 3496 4569 sta-

1916 4620 1974 4666 tu
2015 4620 2131 4666 erat
2155 4612 2354 4678 Adam,
2407 4611 2634 4681 quidque
2668 4610 2897 4680 agebat?
2944 4609 3065 4678 Ipse
3112 4608 3260 4663 enim
3319 4607 3492 4660 Adam

1917 4703 2170 4759 notitiam
2196 4712 2486 4773 acceperat
2514 4701 2645 4757 boni
2678 4709 2736 4757 et
2768 4700 2919 4755 mali.
2956 4700 3205 4755 Alterum
3237 4699 3494 4753 audimus

1916 4810 1985 4850 ex
2006 4792 2330 4862 Scripturis,
2358 4792 2506 4861 quod
2542 4790 2599 4845 in
2630 4790 2842 4846 honore
2884 4800 2941 4843 et
2967 4790 3021 4843 in
3050 4788 3291 4858 puritate
3336 4794 3490 4851 erat;

1918 4894 1973 4939 at
2017 4898 2140 4939 cum
2166 4890 2539 4953 transgressus
2572 4888 2721 4935 esset
2766 4878 3102 4941 mandatum,
3151 4876 3362 4945 ejectus
3408 4882 3495 4929 est

1918 4973 2193 5045 paradiso,
2249 4981 2305 5027 et
2334 4970 2651 5028 succensuit
2703 4970 2757 5025 ei
2794 4970 2959 5024 Deus.
2988 4966 3234 5021 Tandem
3267 4964 3402 5035 quid
3436 4964 3492 5018 in

1920 5081 1979 5121 se
2009 5067 2214 5120 bonum
2262 5079 2326 5118 ac
2368 5063 2686 5133 praeclarum
2731 5067 2898 5123 esset,
2951 5058 3137 5115 discit.
3166 5074 3230 5112 ac
3264 5056 3492 5112 calami-

1922 5165 2091 5211 tatem
2135 5171 2292 5211 suam
2319 5155 2550 5209 edoctus
2583 5159 2745 5208 cavet
2785 5151 2912 5213 sibi,
2956 5165 3026 5204 ne
3078 5150 3311 5204 ulterius
3361 5164 3493 5219 pec-
3530 5164 3533 5167 ·

1924 5248 2101 5304 cando
2163 5246 2373 5301 incidat
2403 5246 2460 5299 in
2514 5244 2783 5315 iudicium
2818 5241 3033 5299 mortis,
3097 5240 3495 5311 Cognoscimus

1918 5339 2087 5410 igitur
2112 5352 2331 5393 omnem
2364 5345 2673 5390 creaturam
2730 5333 2824 5388 Dei
2872 5348 2968 5400 per
3017 5348 3142 5387 eum
3204 5332 3338 5401 regi.
3372 5331 3495 5399 Ipse

1917 5428 2066 5484 enim
2115 5425 2246 5481 fecit
2298 5426 2498 5481 coelum
2530 5434 2586 5480 et
2638 5434 2864 5489 terram,
2912 5423 3193 5486 animalia,
3254 5420 3493 5489 reptilia,

1920 5516 2153 5580 belluas,
2176 5531 2312 5585 quas
2343 5516 2617 5581 videmus,
2643 5529 2938 5570 numerum
2981 5530 3112 5569 vero
3156 5513 3491 5582 ignoramus.

1914 5608 2051 5677 Quis
2086 5606 2235 5662 enim
2291 5606 2575 5665 hominum
2602 5606 2775 5674 novit,
2798 5614 3032 5677 excepto
3082 5604 3200 5660 solo
3230 5604 3366 5671 Deo,
3398 5602 3497 5674 qui

1299 5790 1340 5820 =7
1370 5787 1557 5843 Matth.
1593 5804 1648 5852 ιι,
1708 5790 1787 5844 ll.
1866 5789 1910 5820 ³⁸
1949 5789 2262 5853 Μειιιιι.νιιι,
2295 5789 2383 5845 29.
