3966 6434
232 360 355 427 565

1472 381 1840 444 HOMILIZE.
1863 391 1935 421 -δ
1954 385 2143 448 HOM.
2182 387 2322 449 XII.

3404 382 3509 447 566

232 471 413 567 θεοῦ,
447 472 543 529 καὶ
569 479 951 551 συναγομένων
1000 482 1138 540 ὅλων
1197 484 1309 541 τῶν
1346 487 1531 559 φυλῶν
1574 491 1678 561 τῆς
1724 490 1828 564 γῆς

1939 496 2188 553 omnibus
2239 497 2495 553 tribubus
2553 508 2713 555 terrm
2761 498 3031 552 universa:
3082 495 3245 564 Adaa,
3289 499 3508 567 quando

232 565 368 618 ὅλου
414 566 511 621 τοῦ
551 568 741 641 Ἀδὰμ,
773 572 900 627 ὅταν
936 574 1140 651 κοὶλέσῃ
1186 578 1216 631 ὁ
1271 578 1480 652 ποιμὴν
1525 579 1625 653 τὴν
1687 582 1829 637 ίδίαν

234 656 495 726 ποίμνην
518 699 535 723 ,
590 658 703 713 ἔσοι
737 662 918 731 ὅχουσι
950 665 1041 720 τὸν
1087 667 1335 741 καυτῆρα
1361 708 1379 735 ,
1407 671 1829 741 ὲπιγινώσκουσι

237 748 335 799 τὸν
394 747 529 801 ἴδιον
581 751 836 821 ποιμένα,
871 755 965 809 καὶΙ
989 758 1018 810 ὀ
1051 757 1258 829 ποιμὴν
1297 762 1424 825 τοὺς
1461 760 1684 831 ἔχοντας
1728 762 1828 834 τὴν

244 839 388 892 ὶδίαν
415 844 690 911 σφραγῖδα
713 847 987 915 γνωρίζει,
1017 849 1114 902 καὶ
1145 852 1464 919 ἐπισυνάγει
1484 854 1591 908 ἀπὸ
1613 854 1829 908 πάντων

255 932 360 983 τῶν
385 932 577 988 ἐθνῶν.
608 936 718 1007 Τῆς
750 938 938 1009 φωνῆς
960 939 1069 1012 γὰρ
1086 942 1249 997 αὐτοῦ
1286 944 1574 998 ἀκούουσιν
1602 948 1652 1000 οἱ
1684 947 1824 1012 ῐδιοι,

259 1023 343 1074 καὶ
370 1023 678 1092 ὑπάγουσιν
708 1028 884 1083 ὀπίσω
909 1030 1095 1087 αὑτοῦ.
1122 1034 1216 1097 Είς
1243 1034 1337 1087 δύο
1366 1035 1476 1106 γὰρ
1507 1037 1647 1109 μέρη
1682 1037 1830 1091 ἵστα·-

253 1131 337 1166 ται
374 1117 406 1168 ὁ
442 1117 665 1187 κόσμος,
689 1120 784 1174 καὶ
813 1121 1065 1189 γίγνεται
1098 1124 1200 1195 μία
1229 1127 1434 1198 ποίμνη
1492 1130 1767 1199 σκοτεινὴ,
1792 1131 1826 1201 ἡ

248 1206 503 1274 χωροῦσα
528 1210 611 1272 είς
662 1210 774 1282 πῦρ
810 1212 1047 1270 αίώνιον.
1090 1215 1202 1270 Καὶ
1226 1218 1325 1287 μία
1372 1218 1590 1290 πλήρης
1623 1220 1823 1288 φωτὸς.

247 1297 280 1363 ἡ
312 1297 456 1367 πρὸς
496 1298 597 1369 τὴν
632 1301 890 1371 οὐράνιον
948 1303 1102 1376 λῆξιν
1130 1307 1459 1380 ἀναγομένη·
1517 1309 1647 1363 αὐτὸ
1679 1310 1771 1365 οὖν
1800 1312 1828 1365 ὃ

244 1384 340 1438 νῦν
369 1387 628 1458 κτώμεθα
649 1393 709 1445 ὲν
748 1394 868 1457 ταῖς
919 1394 1139 1466 ψυχαῖς,
1187 1399 1324 1452 αὐτὸ
1382 1401 1562 1452 ὲκείνο
1617 1400 1827 1471 λάμπει

245 1478 340 1531 καὶ
370 1481 723 1552 φανεροῦται,
755 1486 851 1539 καὶ
877 1486 952 1540 τὰ
968 1486 1194 1557 σώματα
1231 1489 1405 1544 ὲνδύει
1431 1490 1612 1556 δόξαν.

312 1569 419 1624 IA'.
455 1572 665 1646 Ὠσπερ
694 1576 752 1629 ὲν
812 1577 891 1648 τῷ
923 1578 1104 1652 καιρῷ
1129 1579 1225 1635 τοῦ
1251 1580 1518 1637 Ξανθικοῦ
1568 1583 1736 1656 μηνὸς
1771 1586 1829 1640 αἱ

237 1658 394 1727 ῥίζαι
448 1665 789 1734 κεχωσμέναι
826 1668 885 1721 ὲν
913 1672 979 1740 τῇ
1014 1672 1085 1741 γῇ
1107 1710 1122 1736 ,
1170 1671 1299 1735 τοὺς
1360 1674 1524 1738 ίδίους
1556 1676 1826 1747 καρποὺς,

231 1752 333 1805 καὶ
367 1752 447 1807 τὰ
478 1756 586 1809 ίδια
610 1757 746 1829 άνθη
777 1762 873 1815 καὶ
900 1762 1071 1834 κάλλη
1099 1764 1549 1832 ὲκϐλαστάνουσι,
1578 1770 1672 1821 καὶ
1703 1785 1830 1839 καρ-

222 1846 574 1917 ποφοροῦσι,
604 1851 698 1903 καὶ
733 1854 1095 1925 φανεροῦνται
1124 1856 1186 1910 αί
1220 1857 1385 1912 καλαὶ
1420 1858 1588 1929 ῥίζαι,
1648 1862 1744 1916 καὶ
1776 1862 1834 1914 αί
1868 1855 1907 1910 Β

1934 586 2155 641 vocabit
2211 596 2576 657 pastorsuum
2637 603 2879 659 gregem,
2951 589 3267 660 quicunque
3316 599 3507 644 caute-

1932 678 2075 733 rium
2130 679 2446 745 habuerint,
2512 690 2843 751 cognoscent
2890 690 3165 751 pastorem
3224 698 3406 747 suum,
3453 692 3509 736 et

1932 775 2119 837 pastor
2154 768 2334 838 sigillo
2363 767 2652 838 insignitos
2680 776 2958 840 agnoscet,
2978 778 3033 824 et
3064 770 3417 840 congregabit
3441 786 3506 824 ex

1933 857 2190 913 omnibus
2221 857 2497 929 gentibus.
2535 858 2736 914 Vocem
2788 860 2937 914 enim
2986 861 3107 929 ejus
3133 859 3384 922 audiunt,
3410 858 3505 930 qui

1933 958 2063 1005 sunt
2091 950 2197 1016 sui,
2252 958 2309 1005 et
2337 958 2647 1019 sequuntur
2694 966 2843 1006 eum.
2877 951 2936 1005 In
2969 951 3105 1006 duas
3154 951 3299 1006 enim
3322 962 3507 1021 partes

1934 1043 2173 1099 mundus
2205 1042 2493 1108 dividitur,
2542 1051 2599 1099 et
2646 1053 2732 1099 est
2759 1059 2902 1099 unus
2956 1060 3088 1115 grex
3154 1045 3497 1109 tenebrosus,

1934 1136 2027 1207 qui
2055 1136 2298 1191 discedet
2312 1136 2368 1190 in
2396 1136 2575 1206 ignem
2603 1135 3105 1206 inexstinguibilem
3127 1130 3461 1192 etazternum
3484 1153 3499 1201 ;

1932 1229 2071 1284 alter
2120 1243 2253 1283 vero
2311 1228 2510 1298 plenus
2567 1227 2795 1293 lumine,
2857 1229 2954 1297 qui
2998 1229 3065 1282 ad
3120 1229 3501 1283 haereditatem

1932 1323 2210 1377 caelestem
2240 1321 2567 1377 deducetur.
2592 1318 2731 1375 Illud
2760 1319 2944 1391 igitur,
2976 1320 3122 1389 quod
3150 1336 3299 1375 nunc
3325 1321 3505 1391 possi—

1933 1413 2127 1469 demus
2156 1413 2211 1467 in
2253 1412 2473 1478 animis,
2499 1410 2634 1467 illud
2685 1412 2863 1482 ipsum
2900 1412 3211 1482 splendebit
3252 1422 3310 1467 et
3383 1429 3506 1467 ma-

1933 1502 2303 1568 nifestabitur,
2350 1512 2408 1557 et
2443 1516 2675 1572 corpora
2705 1503 2937 1557 induent
2981 1503 3234 1573 gloriam.

2002 1593 2141 1649 XIV.
2193 1594 2429 1650 Perinde
2489 1611 2554 1650 ac
2607 1603 2855 1665 tempore
2904 1596 3108 1651 mensis
3178 1594 3382 1665 Aprilis
3422 1610 3506 1649 ra-

1933 1688 2083 1744 dices
2111 1697 2255 1743 terra
2278 1696 2571 1759 cooperta,
2608 1704 2737 1743 suos
2786 1688 3021 1752 fructus,
3077 1703 3312 1758 suosque
3345 1687 3509 1742 ﬂores

1933 1796 1997 1836 ac
2022 1780 2266 1837 lautitias
2294 1780 2628 1849 producunt,
2690 1779 3043 1848 fructumque
3075 1777 3277 1841 ferunt,
3300 1793 3362 1833 ac
3390 1793 3507 1831 ma-

1935 1874 2267 1928 nil‘estantur
2316 1872 2564 1928 fecundae
2637 1871 2873 1938 radices,
2927 1871 3007 1926 uti
3037 1879 3093 1926 et
3156 1885 3277 1940 qua:
3323 1870 3508 1940 spinas

215 1937 327 2002 τὰς
351 1938 610 2004 ἀκάνθας
632 1941 849 2012 ἔχουσαι
871 1948 1104 2018 φανεραὶ
1118 1949 1359 2017 γίνονται
1382 1950 1555 2015 οὕτως
1578 1953 1665 2005 ὲνὲ
1683 1953 1833 2024 κείνῃ

207 2033 280 2101 τῇ
353 2033 555 2105 ἡμέρᾳ
616 2034 845 2102 ἕκαστος
890 2039 978 2093 διά
1016 2039 1112 2094 τοῦ
1163 2040 1293 2094 ίδίου
1345 2041 1596 2112 σώματος
1622 2083 1638 2108 ,
1691 2043 1835 2115 ἅπερ

206 2123 481 2194 ἔπραξεν
502 2168 516 2191 ,
547 2128 834 2197 ἐμφανίζει
856 2170 871 2196 ,
898 2132 995 2185 καὶ
1038 2132 1367 2204 φανεροῦται
1393 2134 1464 2188 τά
1491 2152 1549 2187 τε
1570 2135 1713 2189 καλὰ
1741 2138 1835 2189 καὶ

205 2215 283 2265 τά
308 2214 496 2268 κακά.
534 2216 797 2288 Ἐκεῖγάρ
818 2220 935 2273 ἐστι
977 2222 1128 2274 πᾶσα
1150 2223 1183 2293 η
1204 2223 1383 2293 κρίσις
1429 2224 1524 2277 καὶ
1543 2225 1577 2294 ή
1595 2224 1829 2278 ἀνταπό-

1935 1968 2140 2031 ferunt,
2176 1965 2476 2037 patefiunt:
2502 1966 2583 2021 sic
2629 1966 2683 2021 in
2717 1965 2807 2020 illa
2829 1966 2941 2029 die,
2970 1964 3205 2034 quilibet
3248 1979 3348 2018 suo
3383 1978 3509 2017 eor-

1936 2077 2091 2132 pore,
2133 2060 2267 2130 quid
2296 2062 2493 2131 egerit,
2529 2059 2844 2129 patefaciet,
2901 2071 2958 2113 et
3012 2055 3511 2111 manifestabuntur

1935 2154 2078 2209 mala
2106 2161 2163 2208 et
2185 2153 2353 2207 bona.
2385 2152 2505 2207 Illic
2540 2153 2687 2207 enim
2723 2152 2831 2205 erit
2861 2149 3173 2204 universale
3216 2148 3535 2234 judiciumg

217 2306 407 2370 ὃοσις.
433 2308 593 2361 Ἔστι
622 2309 730 2380 γὰρ
754 2310 886 2382 άλλη
919 2313 1095 2385 τροφὴ
1115 2314 1267 2386 παρὰ
1284 2315 1488 2385 ταύτην
1523 2317 1623 2389 τὴν
1644 2335 1830 2386 φαινο-

236 2398 431 2469 μένηνθ
450 2398 549 2454 καὶ
569 2401 676 2472 γάρ
690 2403 929 2474 Μωῠσῆς
944 2405 1033 2459 ὅτε
1047 2406 1276 2477 ἀνῆλθεν
1294 2410 1373 2471 είς
1389 2410 1447 2463 τὸ
1464 2408 1609 2481 ὅρος,
1623 2409 1838 2484 ἡμέρας

233 2492 655 2562 τεσσαράκοντα
679 2496 1021 2566 ὲνήστευσεν.
1062 2498 1319 2570 Ἀνῆλθεν
1340 2499 1648 2572 ἄνθρωπος,
1696 2520 1829 2556 κατε

231 2583 363 2652 ἦλθε
386 2584 526 2638 Θεὸν
546 2584 704 2656 ἔχων.
734 2587 843 2642 Καὶ
874 2588 951 2642 ίδε
983 2589 1251 2661 βλέπομεν
1277 2593 1336 2643 ὲν
1365 2594 1515 2661 ἡμῖν,
1540 2596 1620 2647 ὃτι
1646 2597 1703 2648 ὲν
1727 2594 1837 2648 ὀλί-

233 2691 365 2741 γαις
398 2676 659 2748 ἡμέραις,
679 2677 775 2733 ὲὰν
798 2678 874 2751 μὴ
895 2679 1267 2753 ὑποστηριχθῇ
1297 2684 1357 2736 τὸ
1376 2684 1533 2755 σῶμα
1554 2684 1833 2756 βρώμασι,

237 2766 560 2837 φθείρεται.
583 2769 695 2824 Καὶ
743 2770 907 2837 αὐτὸς
937 2773 996 2827 ὲν
1031 2774 1442 2845 τεσσαράκοντα
1480 2764 1713 2847 ἡμέραις
1741 2796 1837 2849 νη-

239 2856 499 2920 στεύσας,
517 2858 699 2914 πλεῖον
717 2859 854 2915 ὅλων
880 2861 1632 2939 ὲώυναμώτεροςοκατῆλθεν.
1650 2868 1835 2939 Ἐτρέ-

242 2964 377 3017 φετο
404 2949 516 3021 γάρ
544 2950 649 3004 ὑπὸ
689 2951 785 3006 τοῦ
840 2952 1000 3020 Θεοῦ,
1053 2955 1149 3009 καὶ
1189 2938 1521 3028 ᾠκονομεῖτο
1580 2938 1836 3012 αὐτοῦτὸ

248 3040 409 3111 σῶμα
440 3041 577 3114 άλλῃ
602 3045 773 3115 τροφῇ
808 3046 1136 3119 ἐπουρανίῳ.
1181 3048 1240 3103 '0
1256 3049 1366 3119 γὰρ
1386 3050 1541 3118 λόγος
1567 3049 1662 3104 τοῦ
1688 3049 1824 3104 Θεοῦ

1934 2252 1990 2301 et
2033 2243 2346 2299 retributio.
2397 2243 2494 2300 Est
2546 2242 2692 2298 enim
2732 2243 2874 2297 alius
2922 2240 3081 2295 cibus
3127 2247 3325 2309 praeter
3359 2255 3510 2299 eum,

1934 2336 2029 2406 qui
2055 2334 2299 2390 videtur.
2341 2334 2519 2389 Moses
2541 2334 2688 2389 enim
2717 2348 2841 2388 cum
2877 2332 3201 2388 ascenderet
3245 2338 3510 2395 montem,

1934 2427 2295 2501 quadraginta
2347 2427 2466 2483 dies
2516 2426 2801 2499 jejunavit.
2871 2424 3131 2481 Ascendit
3182 2424 3368 2488 homo,
3412 2423 3511 2477 de-

1934 2519 2149 2575 scendit
2171 2518 2383 2574 habens
2416 2519 2612 2573 Deum.
2640 2517 2710 2572 Et
2762 2532 2911 2581 ecce,
2944 2514 3192 2571 videmus
3216 2516 3271 2569 in
3326 2513 3510 2574 nobis,

1935 2610 2082 2681 quod
2128 2626 2531 2681 perpaucorum
2605 2610 2822 2664 dierum
2877 2609 3076 2680 spatio,
3127 2608 3235 2662 nisi
3279 2621 3512 2675 corpora

1935 2701 2325 2762 suﬂ‘ulciantu:
2368 2701 2529 2767 cibis,
2565 2701 2683 2771 ipsa
2736 2709 2989 2771 pereant,
3024 2700 3141 2770 ipse
3188 2712 3322 2754 vero
3372 2712 3512 2767 qua-

1935 2792 2184 2863 draginta
2213 2791 2332 2847 dies
2354 2807 2480 2847 cum
2533 2793 2757 2864 jejunus
2786 2791 3002 2854 fuisset,
3026 2790 3223 2845 fortior
3256 2789 3514 2843 omnibus

1935 2880 2241 2937 descendit.
2296 2881 2558 2936 Alebatur
2607 2882 2757 2937 enim
2793 2896 2825 2936 a
2895 2882 3029 2945 Deo,
3070 2888 3127 2935 et
3154 2894 3357 2950 corpus
3392 2880 3512 2949 ejus

1934 2972 2347 3029 sustentabatur
2388 2971 2497 3026 alio
2536 2970 2661 3026 cibo
2713 2970 2945 3026 caelesti.
3000 2968 3195 3025 Sermo
3236 2968 3381 3023 enim
3416 2968 3511 3023 Dei

1935 3067 2095 3122 cibus
2114 3065 2166 3121 ei
2192 3076 2333 3131 erat,
2387 3071 2447 3120 et
2499 3063 2738 3119 habebat
2782 3063 3011 3135 gloriam
3057 3062 3113 3115 in
3158 3060 3317 3115 facie.
3340 3060 3514 3115 Omne

248 3132 421 3204 τροφὴ
453 3133 603 3247 αὐτῷ
628 3135 899 3247 ἐγίγνετο,
939 3139 1033 3193 καὶ
1055 3134 1171 3211 εἶχε
1211 3141 1372 3208 δόξαν
1414 3143 1494 3206 είς
1525 3141 1586 3195 τὸ
1652 3142 1827 3213 πρόσ-

1939 3158 2082 3229 quod
2108 3158 2273 3214 fiebat
2298 3197 2314 3223 ,
2340 3166 2501 3229 typus
2525 3164 2643 3212 erat
2664 3132 2894 3211 alterius
2922 3154 3022 3209 rei.
3050 3154 3145 3207 llla
3167 3153 3313 3208 enim
3338 3152 3511 3223 gloria

250 3242 416 3279 οηοονο
440 3226 505 3280 τὸ
526 3226 832 3296 γενόμενον,
862 3230 1031 3296 τύπος
1059 3227 1148 3303 ἦν’
1174 3232 1358 3303 ἐκείνη
1384 3232 1494 3303 γάρ
1524 3234 1557 3304 ὴ
1580 3233 1709 3298 δόξα
1733 3231 1830 3286 νῦν

252 3317 455 3373 ἔσωθεν
512 3319 591 3382 είς
633 3319 733 3383 τὰς
769 3321 994 3391 καρδίας
1046 3323 1157 3376 τῶν
1202 3324 1547 3394 Χριστιανῶν
1590 3323 1819 3394 λάμπει.

268 3411 625 3480 Ἀνιστάμενα
651 3411 761 3483 γὰρ
793 3412 862 3467 τὰ
910 3415 1141 3485 σώματα
1188 3416 1247 3470 ὲν
1278 3419 1343 3487 τῇ
1377 3418 1669 3473 ἀναστάσει
1690 3417 1836 3482 άλλφ

256 3502 512 3572 ὲνδύματι
539 3501 707 3575 θεῖκῷ
737 3504 1125 3575 σκεπάζονται,
1173 3508 1268 3562 καὶ
1297 3507 1500 3581 βρώσει
1525 3510 1835 3582 ἐπουρανίῳ

256 3592 561 3664 τρέφονται.

329 3684 422 3738 lE'.
440 3682 774 3753 Ἐρώτησις.
806 3687 869 3741 Τί
886 3686 1039 3755 ἐστι,
1073 3689 1225 3760 γυνή
1242 3690 1723 3747 ἀκατακαλύπτὼ
1741 3710 1836 3748 κε-

274 3774 420 3843 φαλῇ
439 3780 893 3849 προσευχομένη
910 3797 931 3846 .-

353 3867 689 3936 Ἀπόκρισις.
733 3870 950 3943 Ἐπειδὴ
996 3874 1055 3926 ὲν
1085 3872 1163 3945 τῷ
1205 3875 1383 3946 καιρῷ
1422 3876 1531 3929 τῶν
1588 3876 1828 3932 ἀποστό-

279 3956 377 4008 λων
403 3959 696 4028 ἀφιεμένας
751 3955 896 4031 εἶχον
952 3961 1054 4026 τὰς
1088 3963 1284 4034 τρίχας
1341 3966 1463 4019 ἀντὶ
1513 3967 1835 4038 σκεπάσμα-

272 4066 373 4112 τος·
404 4051 489 4104 διὰ
508 4050 669 4105 τοῦτο
709 4054 737 4105 ὁ
766 4053 971 4124 Κύριος
1001 4055 1098 4109 καὶ⁵
1140 4056 1190 4108 οί
1233 4056 1521 4111 ἀπόστολοι
1547 4054 1709 4130 ἦλθον
1756 4061 1835 4123 είς

267 4139 357 4208 τὴν
390 4140 565 4194 κτίσιν
599 4142 694 4194 καὶ
745 4144 1141 4215 ἐσωφρόνησαν
1192 4147 1382 4217 αὐτήν.
1438 4148 1585 4219 Πλὴν
1636 4150 1832 4221 ηγυνὴ

266 4234 431 4285 κεῖται
459 4235 538 4295 εἰς
566 4233 736 4288 τύπον
785 4234 889 4305 τῆς
938 4236 1296 4308 Ἐκκλησίας’
1326 4241 1419 4293 καὶ
1449 4240 1640 4313 ὥσπερ
1667 4244 1746 4307 είς
1775 4244 1834 4296 τὸ

269 4324 593 4394 φαινόμενον
625 4326 683 4379 ὲν
717 4326 913 4397 ἐκείνῳ
938 4327 1015 4397 τῷ
1071 4330 1249 4400 καιρῷ
1280 4333 1485 4385 ἐκεῖναι
1532 4329 1677 4404 εἶχον
1746 4333 1833 4401 ἐξ·

262 4416 582 4486 ηπλωμένας
615 4419 711 4482 τὰς
739 4420 933 4490 τρίχας
966 4422 1088 4475 ἀντὶ
1126 4425 1540 4494 σκεπάσματοςο
1569 4426 1712 4481 οὕτω
1741 4428 1834 4481 καὶ

1940 3267 2051 3306 non
2084 3252 2309 3307 intusin
2338 3249 2600 3305 cordibus
2614 3248 3054 3305 Christianorum
3079 3246 3272 3317 fulget.
3310 3244 3515 3301 Resur-

1940 3345 2124 3415 gentia
2170 3344 2316 3398 enim
2349 3356 2583 3412 corpora
2627 3340 2685 3394 in
2722 3338 3149 3401 resurrectione,
3183 3337 3289 3392 alio
3348 3335 3516 3391 vcsti-

1941 3446 2125 3492 mento
2150 3436 2337 3492 divino
2366 3434 2708 3506 operientur,
2737 3448 2803 3489 ac
2838 3433 2964 3489 cibo
3009 3430 3217 3487 celmsti
3267 3430 3516 3484 nutrien-

1942 3536 2051 3583 tur.

2009 3704 2121 3778 48
2146 3705 2261 3760 XV.
2293 3703 2664 3774 Interrogatio.
2696 3700 2836 3768 Quid
2867 3711 2945 3756 est
2966 3700 3099 3755 illud
3127 3740 3142 3766 ,
3170 3699 3386 3755 Femina
3410 3719 3514 3755 non

1940 3797 2110 3851 uelato
2143 3799 2311 3867 capite
2337 3813 2497 3851 orans
2526 3794 2614 3847 “‘3
3488 3850 3494 3859 ,

2010 3889 2318 3959 Responsio.
2390 3886 2660 3954 Quoniam
2728 3886 3067 3957 temporibus
3141 3886 3512 3955 apostolorum

1940 3982 2182 4053 prolixos
2205 3982 2424 4036 alebant
2444 3982 2626 4036 crines
2647 3996 2749 4052 pro
2782 3980 3071 4040 velamine,
3096 3988 3385 4048 propterea
3410 3980 3514 4033 Do—

1940 4074 2124 4129 minus
2144 4081 2200 4129 et
2223 4073 2457 4143 apostoli
2479 4080 2751 4127 venerunt
2776 4072 2841 4126 ad
2859 4080 3188 4135 creaturam,
3214 4078 3273 4124 ut
3291 4086 3410 4124 eam
3445 4072 3513 4125 ad

1938 4165 2263 4221 modestiam
2315 4160 2691 4220 adducerent.
2726 4163 2929 4219 Verum
2984 4164 3185 4217 mulier
3240 4170 3401 4233 typus
3430 4172 3515 4217 est

1940 4257 2220 4312 Ecclesiae.
2257 4257 2326 4311 Et
2370 4254 2831 4326 quemadmodum
2878 4254 2945 4309 ad
2996 4255 3228 4309 aliorum
3275 4269 3512 4331 conspe-

1940 4357 2088 4404 ctum
2120 4358 2364 4418 tempore
2389 4348 2481 4401 illo
2510 4348 2771 4402 mulieres
2800 4348 3065 4418 gerebant
3105 4362 3295 4416 passos
3318 4348 3503 4401 crines

1939 4458 2041 4514 pro
2069 4442 2342 4497 velamine
2377 4482 2393 4505 ,
2442 4441 2523 4496 sic
2579 4440 2823 4495 Ecclesia
2883 4441 3025 4494 ﬁlios
3080 4454 3210 4493 suos
3245 4439 3422 4492 induit
3459 4448 3515 4493 et

264 4512 295 4579 ἡ
326 4508 628 4600 ,Ἐκκλησία
654 4510 723 4564 τὰ
768 4513 935 4567 τέκνα
976 4514 1147 4584 αὐτῆς
1175 4514 1349 4567 ἐνδύει
1382 4516 1481 4569 καὶ
1516 4517 1830 4587 περιϐάλλει

1939 4508 2129 4588 amicit
2156 4531 2502 4586 vestimentis
2545 4530 2748 4585 divinis
2770 4538 2826 4585 et
2871 4530 3143 4600 gloriosis.
3196 4530 3514 4597 Antiquitus

264 4599 512 4670 ἐνδύμασι
545 4599 739 4665 θεῖκοίς
794 4603 891 4657 καὶ⁵
916 4603 1348 4674 δεδοξασμένοις.
1387 4606 1498 4660 Καὶ
1527 4609 1607 4669 εἰς
1633 4607 1695 4659 τὸ
1722 4626 1828 4661 πα-

263 4691 406 4746 λαιὸν
438 4693 617 4763 δὲτῆς
674 4693 1002 4765 Ἐκκλησίας
1055 4696 1298 4767 Ἰσραὴλ,
1336 4698 1435 4766 μία
1486 4693 1556 4769 ἦν
1602 4701 1631 4769 ὴ
1699 4717 1827 4753 συν-

264 4784 464 4854 αγωγὴ,
491 4786 586 4839 καὶ
612 4786 874 4840 ὲσκέπετο
900 4787 1005 4841 ὑπὸ
1042 4789 1138 4841 τοῦ
1182 4788 1521 4860 Πνεύματος,
1560 4792 1657 4843 καὶ
1679 4786 1822 4862 ἦσαν

267 4874 376 4926 ἀντὶ
402 4873 558 4944 δόξης
591 4876 1044 4946 πριόεόλημένοι
1084 4878 1144 4930 τὸ
1174 4877 1417 4947 Πνεῦμα,
1455 4880 1504 4931 εἰ
1533 4881 1628 4934 καὶ
1676 4880 1830 4934 αὐτοὶ

268 4965 359 5018 οὐκ
392 4965 738 5037 ὲστοίχησαν.
780 4967 1077 5038 Ἐκκλησία
1103 4964 1198 5023 οὖν
1227 4968 1444 5037 λέγεται
1466 4971 1561 5024 καὶ
1582 4973 1675 5024 ἐπὶ
1700 4971 1833 5024 πολ-ρ

1936 4633 2116 4678 autem
2149 4622 2407 4677 Ecclesia:
2455 4620 2623 4674 Israel
2664 4635 2771 4673 una
2813 4627 2930 4673 erat
2960 4621 3330 4691 congregatio,
3393 4636 3512 4689 qua:

1936 4713 2291 4784 operiebatur
2317 4711 2525 4781 Spiritu
2576 4719 2672 4765 :et
2711 4709 2890 4763 induti
2946 4719 3109 4764 erant
3160 4706 3367 4779 Spiritu
3412 4726 3510 4779 pro

1936 4806 2127 4879 gloria,
2193 4804 2444 4874 quamvis
2511 4803 2613 4872 ipsi
2675 4818 2785 4855 non
2844 4801 3238 4856 consentirent.
3302 4800 3511 4854 Dicitur

1935 4910 2066 4966 ergo
2094 4893 2340 4948 Ecclesia
2371 4901 2478 4945 tam
2517 4890 2585 4945 de
2609 4890 2859 4960 pluribus
2887 4904 3049 4959 quam
3080 4888 3147 4943 de
3173 4904 3278 4941 una
3308 4889 3507 4941 anima.

1932 4988 2058 5043 Haec
2100 4986 2249 5041 enim
2299 4985 2481 5038 anima
2543 4991 2839 5053 congregat
2883 4997 3075 5036 omnes
3123 4980 3508 5051 cogitationes,

270 5056 386 5148 λών,
419 5058 512 5111 καὶ
543 5059 634 5111 ἐπὶ
667 5060 795 5128 μιᾶς
822 5059 1022 5129 ψυχῆςο
1059 5060 1197 5130 αὐτὴ
1228 5061 1335 5133 γάρ
1363 5064 1396 5134 ἡ
1430 5062 1578 5135 ψυχὴ
1608 5063 1830 5132 συνάγει

1939 5090 2094 5148 atque
2126 5078 2238 5132 Deo
2272 5084 2356 5131 est
2405 5073 2672 5129 Ecclesia.
2717 5074 2856 5142 Apta
2905 5072 3051 5126 enim
3089 5080 3173 5125 est
3220 5072 3401 5125 anima
3442 5074 3507 5127 ad

276 5147 414 5211 ὅλους
436 5148 565 5212 τοὺς
601 5148 919 5218 λογισμοὺς,
954 5149 1051 5204 καὶ
1083 5149 1231 5204 ἐστιν
1270 5152 1568 5223 Ἐκκλησία
1588 5153 1666 5224 τῷ
1687 5155 1828 5226 Θεῷ.

290 5234 546 5309 Ἦρμὸσθη
581 5240 688 5307 γὰρ
726 5241 805 5302 είς
831 5240 1116 5294 κοινωνίαν
1148 5240 1182 5310 ἡ
1213 5240 1360 5313 ψυχὴ
1398 5241 1476 5311 τῷ
1526 5244 1833 5315 ἐπουρανίῳ

277 5330 492 5400 νυμφίῳ,
523 5331 617 5383 καὶ
656 5331 911 5399 κιρνᾶται
932 5330 1011 5401 τῷ
1037 5331 1367 5402 ἐπουρανίῳ,
1413 5331 1570 5386 τοῦτο
1624 5334 1681 5386 δὲ
1733 5336 1827 5390 καὶ

270 5419 359 5473 ἐπὶ
387 5420 587 5473 πολλῶν
609 5422 842 5487 νοεῖται,
870 5421 965 5473 καὶ
994 5421 1086 5473 ἐπὶ
1111 5422 1248 5483 ἑνός.
1285 5421 1394 5477 Καὶ
1427 5422 1538 5492 γὰρ
1566 5425 1593 5476 ὀ
1613 5424 1825 5494 προφή-

268 5530 361 5583 της
394 5512 537 5582 λίγει
569 5512 699 5583 περὶ
731 5511 828 5581 τῆς
869 5510 1243 5582 Ἰερουσαλὴμ,
1285 5510 1482 5581 Εὗρόν
1505 5529 1579 5568 σε
1601 5514 1829 5586 ἐρημον-

273 5604 360 5659 Ital
400 5604 651 5675 γυμνὴν,
676 5604 780 5657 καί
802 5602 1063 5658 ἐνέδυσά
1088 5619 1183 5670 σε,
1214 5606 1307 5657 καὶ
1348 5606 1415 5658 τά
1438 5606 1583 5677 ἑξῆς,
1609 5605 1686 5671 ὡς
1732 5609 1827 5663 ἐπὶ

276 5695 357 5748 τοῦ
382 5696 491 5760 ἐνὸς
517 5695 814 5769 προσώπου
840 5691 1004 5751 εἶπεν.
1664 5692 1667 5697 ’

334 5814 421 5871 ³²Ι
459 5815 587 5871 Cor.
640 5830 719 5877 xl,
748 5811 801 5866 5.
876 5813 917 5843 ³³
946 5812 1121 5869 Ezcclt
1196 5831 1302 5869 nt.
1344 5815 1371 5862 βυ

1927 5170 2252 5224 societatem
2288 5166 2529 5221 caelestis
2585 5162 2807 5233 Sponsi,
2861 5171 2917 5216 et
2982 5169 3322 5231 temperatur
3384 5178 3508 5216 cum

1932 5260 2167 5317 cmlesti.
2220 5259 2488 5314 Hocvero
2552 5256 2739 5310 nonin
2798 5255 3054 5326 pluribus
3106 5266 3337 5315 tantum,
3414 5256 3506 5308 sed

1931 5348 2099 5403 etiam
2144 5346 2202 5402 in
2232 5361 2344 5401 uno
2388 5353 2569 5415 potest
2619 5342 2872 5414 intelligi.
2918 5342 2995 5399 De
3023 5343 3324 5399 Jerusalem
3359 5344 3507 5396 enim

1932 5438 2202 5509 propheta
2237 5437 2417 5507 inquit
2458 5453 2471 5489 :
2514 5435 2699 5490 Inueni
2728 5441 2777 5487 te
2802 5434 3064 5489 desertam
3113 5442 3163 5488 et
3207 5432 3422 5496 nudam,
3459 5443 3507 5485 et

1934 5525 2083 5580 indui
2118 5533 2167 5578 :a
2197 5525 2264 5589 ³³,
2295 5532 2352 5580 et
2386 5531 2611 5587 caetera,
2665 5530 2925 5593 tanquam
2980 5522 3049 5577 de
3105 5535 3212 5577 una
3271 5535 3506 5591 persona

1936 5618 2278 5689 loqueretur.
