3966 6432
167 382 275 447 569
1310 368 1682 431 IIOMILl/E.
1706 390 1770 402 -
1802 368 1818 427 1

1937 368 1988 428 τῙ.
2027 368 2202 439 XIII,
2241 366 2392 426 XlV.
3371 362 3477 427 570

175 498 353 565 σῶμα
393 490 545 563 υπὲρ
574 488 732 562 ἡμῶν
754 528 770 555 ,
801 486 1057 558 ὑπεράνω
1084 484 1195 541 τῶν
1224 485 1473 555 οὐρανῶν
1493 499 1509 516 ⁶
1542 485 1639 537 καὶ
1668 483 1789 536 τότε

1937 498 2000 537 us
2024 497 2126 551 pro
2173 480 2335 536 nobis
2390 493 2557 549 super
2616 478 2809 534 caelos.
2860 479 3086 534 Ettunc
3127 478 3342 533 introiit
3411 492 3480 533 ac

177 586 421 657 εἰσῆλθε
465 585 565 638 καὶ
609 579 982 651 συνεκεράσθη
1026 582 1083 631 ὲν
1112 580 1230 641 ταῖς
1274 579 1480 647 ψυχαῖς
1513 576 1693 631 αὐτῶν
1731 576 1793 629 τὸ

1937 572 2217 628 ammistus
2242 579 2329 625 est
2351 584 2547 625 eorum
2603 569 2804 625 animis
2852 570 3095 640 Spiritus
3147 570 3477 642 paracletus.

181 681 435 750 Πνεῦμα
456 678 519 731 τὸ
544 675 919 747 παράκλητον.
951 672 1061 725 Καὶ
1086 671 1275 741 αὐτὴὴ
1304 668 1536 741 ἀλήθεια
1564 670 1794 738 φανεροῑ

1937 675 2017 716 )sa
2049 674 2270 730 quoque
2341 660 2544 713 veritas
2584 659 2904 714 manifestat
2954 674 3013 714 se
3053 659 3226 729 ipsam
3284 659 3484 715 animis

186 774 403 841 ἑαυτὴν
461 769 543 832 είς
579 768 678 832 τὰς
730 766 911 837 ψυχάς
946 764 1046 826 τὰς
1090 764 1315 827 πιστάς·
1372 762 1468 816 καὶ
1514 760 1734 832 ἔρχεται
1768 762 1796 813 6

196 864 529 935 ἐπουράνιος
568 859 855 930 ἄνθρωπος
892 855 1029 927 μετὰ
1072 853 1169 908 τοῦ
1203 852 1494 924 ἀνθρώπου
1528 870 1657 920 σου,
1702 852 1799 907 καλ⁵

207 958 462 1025 γίγνεται
514 953 594 1015 είς
653 951 781 1021 μίαν
830 947 1138 1002 κοινωνίαν.
1183 948 1341 999 Ὅσοι
1379 946 1475 1000 οὖν
1523 947 1662 999 εἰσιν
1718 948 1799 1009 εἰς

218 1040 488 1095 διακονίαν
513 1080 528 1103 ,
579 1042 671 1092 καὶ
702 1038 1003 1110 προθύμως
1046 1036 1224 1091 πάντα
1256 1035 1471 1091 ποιοῦσι
1496 1036 1585 1089 διὰ
1614 1034 1796 1106 ζῆλον,

215 1135 303 1188 καὶ
330 1134 545 1197 πίστιν,
577 1131 672 1185 καὶ
699 1132 921 1200 ἀγάπην
952 1129 1112 1193 Θεοῦ,
1145 1129 1277 1183 αὐτὸ
1300 1130 1478 1181 ἐκεῖνο
1505 1128 1643 1198 μετὰ
1673 1145 1800 1180 και-

208 1227 299 1298 ρόν
326 1242 462 1279 τινα
502 1225 660 1294 φέρει
710 1223 909 1285 αὐτοὺς
956 1222 1036 1285 είς
1077 1221 1281 1291 γνῶσιν
1317 1220 1487 1289 αὐτῆς
1524 1220 1624 1287 τῆς
1663 1218 1795 1289 άλη-

205 1318 383 1380 οείας.
442 1316 501 1369 '0
547 1318 659 1387 γὰρ
697 1314 906 1386 Κύριος
939 1312 1273 1385 φανεροῦται
1318 1313 1439 1376 ταῖς
1472 1310 1671 1382 ψυχαῖς
1700 1312 1801 1365 αὺ-

116 1444 121 1451 .
202 1406 333 1472 τῶν,
371 1406 476 1459 καὶ
510 1406 746 1459 διδάσκει
776 1405 974 1467 αὐτοὺς
1009 1404 1107 1475 τὴν
1137 1402 1482 1476 ἀναστροφὴν
1521 1402 1615 1456 τοῦ
1643 1402 1800 1469 ἁγίου

114 1534 119 1541 λ
204 1500 557 1570 Πνεύματος.
590 1498 729 1562 Δόξα
754 1500 849 1551 καὶ
876 1498 1246 1569 προσκύνησις
1266 1495 1344 1567 τῷ
1376 1496 1572 1567 Πατρὶ,
1606 1493 1702 1549 καὶ
1726 1493 1803 1564 τῷ

110 1648 115 1651 _
200 1593 342 1662 Υίῷ,
422 1593 521 1647 καὶ
568 1592 648 1663 τῷ
704 1590 843 1662 ἁγίῳ
903 1589 1203 1661 Πνεύματι,
1255 1589 1337 1653 είς
1393 1588 1520 1651 τοὺς
1578 1586 1799 1648 αἰῶνας.

214 1685 269 1738 ’Δ
275 1686 358 1755 μή
365 1701 425 1738 ν.

819 1775 1062 1828 OMIAIA
1108 1774 1209 1828 ll".

102 1898 105 1905 -
196 1870 306 1920 ὀν
334 1867 590 1934 καρπὸν
607 1864 847 1919 ἀπαιτεῖ
860 1867 891 1918 ὀ
910 1863 1055 1931 Θεὸς
1078 1865 1236 1931 παρὰ
1258 1861 1378 1917 τῶν
1398 1862 1767 1931 Χριστιανῶν
1784 1878 1805 1925 ;
1839 1841 1880 1895 Β

266 1959 481 2011 Πάντα
520 1956 590 2011 τὰ
623 1957 919 2027 φαινόμενα
968 1956 1182 2009 ἔκτισεν
1218 1957 1247 2009 6
1288 1955 1419 2019 Θεὸς
1445 1997 1458 2019 ,
1499 1955 1593 2008 καὶ
1636 1954 1803 2007 ἔδωκε

180 2055 306 2113 τοῖς
342 2047 675 2121 ἀνθρώποις
704 2050 783 2111 είς
807 2048 1111 2103 ἀνάπαυσιν
1136 2048 1229 2101 καὶ
1252 2048 1491 2119 τρυφὴν,
1515 2048 1611 2101 καὶ
1643 2047 1804 2117 νόμον

180 2141 574 2212 δικαιοσύνης
607 2140 806 2193 ἔδωκεν
841 2140 1043 2201 αὐτοῖς.
1080 2139 1212 2191 ’Λπὸ
1240 2138 1415 2209 seca;
1436 2139 1530 2194 τοῦ
1561 2138 1800 2209 Χριστοῦ

185 2233 569 2306 παρουσίας,
603 2231 762 2286 ἄλλον
790 2230 998 2301 καρπὸν
1046 2230 1203 2299 ζητεί
1242 2231 1270 2282 6
1298 2230 1454 2297 Θεὸς,
1500 2232 1595 2283 καὶ
1640 2230 1806 2299 ἄλλην

196 2322 599 2396 δικαιοσύνην,
621 2323 720 2394 τὴν
744 2322 1092 2394 καθαρότητα
1103 2324 1201 2394 τῆς
1220 2324 1470 2394 καρδὶας,
1506 2323 1808 2394 συνείδησιν

214 2420 471 2490 ἀγαθὴν,
513 2416 709 2485 λόγους
744 2415 1051 2488 χρηστοὺς,
1081 2414 1409 2487 ἐνθυμήσεις
1459 2415 1662 2486 σεμνὰς
1712 2416 1809 2469 καὶ

216 2510 461 2580 ἀγαθάς,
485 2510 585 2563 καί
618 2508 796 2562 πάντα
824 2506 895 2561 τὰ
917 2507 1025 2561 τῶν
1054 2507 1227 2575 ἁγίων
1253 2506 1675 2579 κατορθώματα,
1707 2506 1810 2560 Λέ-

215 2620 305 2671 γει
334 2603 453 2673 γὰρ
477 2604 507 2656 6
537 2599 764 2672 Κύριος,
801 2598 938 2652 Ἐὰν
956 2598 1043 2669 μὴ
1065 2598 1445 2667 περισσεύσῃ
1473 2597 1641 2667 ὑμῶν
1658 2599 1697 2668 ἠ
1728 2598 1813 2650 δι-

216 2697 531 2764 καιοσύνη
585 2695 801 2749 πλεῖον
854 2692 974 2749 τῶν
1032 2692 1419 2763 γραμματέων
1474 2692 1572 2745 καί
1635 2695 1813 2758 Φαρι-

219 2789 455 2853 σαίων,
487 2787 561 2840 οὐ
587 2786 853 2840 δύνασθε
891 2781 1191 2837 εἰσελθεῖν
1215 2784 1304 2849 εὶς
1333 2781 1449 2850 τὴν
1484 2783 1815 2847 ,ϐασιλείαν

224 2877 346 2930 τῶν
376 2875 673 2943 οὐρανῶν.
736 2874 833 2926 Ἐν
854 2871 933 2937 τῷ
964 2870 1126 2941 νόμῳ
1152 2871 1494 2941 γέγραπται,
1535 2873 1630 2940 Μὴ
1674 2890 1818 2940 πορ-

228 2970 500 3034 νεύσῃς-ο
532 2966 647 3036 ἐγὼ
689 2965 759 3019 δὲ
801 2965 959 3033 λέγω
1010 2964 1174 3034 ὑμῖν,
1222 2964 1376 3032 μήτε
1413 2964 1813 3035 ἐπιθυμήσῃς,

231 3063 387 3131 μήτε
414 3056 721 3128 ὀργισθῇς.
753 3057 874 3127 Χρὴ
898 3054 1007 3125 γὰρ
1034 3055 1125 3109 τὸν
1153 3056 1474 3126 βουλόμενον
1498 3056 1651 3123 φίλον
1677 3051 1818 3109 εἶναι

240 3152 401 3215 Θεοῦ,
431 3150 723 3220 φυλάττειν
745 3148 937 3200 ἑαυτὸν
958 3148 1067 3201 ἀπὸ
1088 3147 1181 3200 τοῦ
1207 3146 1378 3218 ῥύπου
1399 3149 1498 3218 τῆς
1521 3148 1815 3218 ἁμαρτίας,

243 3247 337 3298 καὶ
366 3243 464 3296 τοῦ
496 3242 668 3314 πυρὸς
698 3240 796 3296 τοῦ
823 3241 1045 3295 αἰωνίου
1079 3241 1173 3294 τοῦ
1207 3241 1358 3305 ὄντος
1388 3245 1446 3294 ἐν
1477 3245 1627 3314 ἡμῖν.
1653 3243 1823 3298 Τοῦτο

245 3336 430 3401 ἀξίους
482 3337 582 3404 τῆς
636 3332 913 3404 βασιλείας
974 3332 1298 3403 καθίστησιν
1351 3336 1517 3404 ἡμᾶς.
1570 3336 1708 3401 Δόξα
1755 3340 1821 3409 τῇ

248 3427 621 3497 εύσπλαγχνίᾳ
670 3425 836 3482 αὐτοῦ
857 3465 874 3492 ,
904 3425 1001 3479 Ital
1028 3427 1298 3497 γενομένῃ
1327 3427 1549 3499 εὐδοκία
1576 3428 1671 3481 τοῦ
1714 3431 1825 3484 Πα-

251 3523 400 3595 τρὺς,
436 3519 533 3574 καὶ
560 3518 719 3584 Υίοῦ,
749 3518 845 3571 καὶ⁵
876 3517 1035 3587 ἁγίου
1070 3518 1409 3589 Πνεύματος.
1455 3521 1647 3590 Ἀμήν.

854 3644 1101 3699 OMIAIA
1128 3647 1229 3700 IA'.

262 3742 321 3791 Ot
339 3738 472 3806 τοὺς
500 3735 835 3817 λογισμούς
854 3737 952 3817 καὶ
978 3736 1086 3817 τρν
1110 3736 1262 3817 rogas
1282 3734 1360 3802 τῷ
1391 3736 1829 3817 Θεῷρπιδιδόν-

336 3826 445 3874 τες,
500 3806 659 3862 τοῦτ’
705 3807 798 3877 ὲαζξ
849 3806 1051 3877 ἐλπίδι
1101 3808 1209 3860 τοῦ
1264 3807 1637 3877 φωτισθῆναι
1688 3810 1829 3877 τοὺς

345 3879 673 3947 ὀρθωμοὺς
720 3875 825 3943 τῆς
858 3876 1107 3946 καρδίας
1134 3877 1418 3947 ποιοῦσι,
1459 3875 1561 3931 καί
1602 3882 1634 3933 ὀ
1686 3875 1830 3946 Θεὸς

344 3946 631 4028 remutqu
656 3948 724 4028 ἐν
740 3948 1021 4028 ..ἁγιότητι
1054 3946 1548 4028 καὶλξιιαθαρότητι
1564 3950 1828 4028 μεγίσξῃ

332 4020 668 4088 μυστηρίων
689 4017 867 4089 ἀξιοῖ,
890 4017 989 4071 καὶ
1004 4016 1619 4089 μεταδίδωσιναῠτοῖς
1638 4016 1706 4074 ἐκ
1721 4016 1831 4089 τῆς

335 4086 563 4157 χάριτος
593 4088 799 4141 αὐτοῦ.
834 4089 943 4141 Καὶ
974 4089 1032 4141 τί
1059 4086 1299 4157 ἀγαθῶν
1324 4088 1701 4157 ἐπουρανίων
1726 4086 1829 4144 τὺ.

330 4161 456 4230 χεῐν
489 4159 857 4230 βουλόμενοι
889 4157 1473 4230 ποιεῖνᾲόφείᾷωμεν.
1509 4160 1736 4230 Λοιπὸν
1777 4164 1832 4217 oi

332 4227 654 4301 ἀπόστολοι
684 4228 782 4301 καί
818 4230 872 4301 οἱ
894 4227 1214 4301 Δπροφῆται
1248 4227 1681 4301 ἀφομοιοῦνται
1709 4234 1833 4301 τοῖς

331 4300 566 4354 ἀκτῖσιν
605 4299 784 4367 ἡλίου
822 4297 918 4368 διὰ
950 4296 1191 4367 θυρίδος
1232 4296 1699 4368 είσερχομένοις.
1739 4296 1833 4354 At:-

332 4370 541 4423 δάσκει
563 4365 661 4421 καὶ
690 4369 728 4435 σή
756 4367 978 4437 ὁμιλία,
1012 4365 1102 4433 τίς
1139 4370 1172 4435 ἡ
1199 4365 1277 4437 γῆ
1302 4365 1699 4434 τόῦΣατανᾶ,
1730 4373 1830 4426 καί

329 4442 423 4505 τίς
440 4438 558 4511 τῷν
578 4437 870 4508 ἀγγέλων,
889 4437 988 4493 καὶ
1001 4437 1093 4493 ὅτι
1111 4438 1415 4509 ἀμφοτέρα
1429 4440 1834 4511 ἀψηλάφητος

332 4510 429 4563 καί
462 4509 731 4575 ἀόρατος.

332 4623 412 4680 A'.
439 4622 621 4676 Πάντα
643 4622 711 4677 τά
737 4624 796 4676 ὲν
822 4619 903 4691 τῷ
923 4620 1114 4691 κόσμῳ
1143 4623 1447 4693 φαινόμενα
1473 4621 1611 4692 ἔργα
1633 4623 1719 4675 ἐπ’
1746 4624 1832 4676 ἑλ-

272 4717 378 4771 πίδι
406 4715 646 4782 γίνεται,
677 4713 760 4775 εἰς
785 4710 847 4764 τὸ
890 4710 1216 4781 μεταλαϐεῖν
1260 4712 1371 4766 τῶν
1403 4712 1699 4783 καμάτων
1738 4714 1833 4767 καὶ

273 4811 318 4863 εί
350 4808 420 4879 μή
441 4822 526 4869 τις
555 4807 613 4857 ὲν
641 4804 791 4874 πάσῃ
812 4802 1156 4874 πληροφορίᾳ
1181 4803 1468 4878 ἀπολαύσῃ
1492 4803 1603 4857 τῶν
1630 4805 1828 4872 πόνων,

274 4900 409 4954 οὐδὲν
436 4897 744 4964 ὠφελεῖται.
776 4894 888 4950 Καὶ
908 4894 1018 4965 γάρ
1046 4897 1075 4948 6
1108 4896 1356 4967 γεωργὸς
1378 4896 1595 4968 σπείρει
1625 4898 1714 4949 ἐπ’
1745 4898 1831 4950 ὲλ-

279 4993 382 5045 πίδι
403 4990 649 5061 καρπῶν,
671 4989 768 5043 καὶ
811 4989 1094 5060 καμάτους
1124 4988 1388 5061 ὑποφέρει
1413 4988 1504 5043 διὰ
1532 4989 1631 5061 τὴν
1662 5006 1831 5061 προσ·

282 5086 463 5139 δοκίανυ
482 5082 601 5136 Ἐπ’
624 5082 850 5149 ἐλπίδι,
878 5084 1064 5155 φησὶν,
1088 5086 1122 5138 ό
1132 5083 1419 5152 ἀροτριῶν
1445 5082 1708 5153 ἀροτριᾷ·
1736 5084 1833 5137 καὶ

284 5181 315 5232 ὁ
335 5175 635 5247 ,λαμϐάνων
661 5174 937 5245 γυναῖκα,
964 5176 1056 5229 ἐπ’
1081 5175 1281 5230 ἐλπίδι
1304 5176 1410 5230 τοῦ
1428 5176 1590 5246 ἔχειν
1612 5180 1832 5244 κληρο-

285 5271 498 5338 νόμους.
531 5270 644 5325 Καὶ
662 5272 691 5323 6
712 5269 953 5341 ἔμπορος
981 5270 1197 5324 δίδωσιν
1228 5268 1423 5324 ἑαυτὸν
1447 5273 1529 5334 εἰς
1560 5269 1831 5325 Θάλατταν

283 5361 374 5415 καὶ
402 5360 613 5416 θάνατον
650 5360 870 5431 ἕτοιμον
899 5362 989 5416 διὰ
1014 5361 1077 5415 τὸ
1108 5360 1319 5433 κέρδος.
1348 5362 1504 5416 Οὕτω
1533 5363 1631 5416 καὶ
1673 5364 1733 5415 ὲν
1760 5365 1828 5434 τῇ

279 5454 502 5527 βασιλείᾳ
534 5454 647 5510 τῶν
684 5454 955 5526 οὐρανῶν,
998 5454 1086 5508 ἐπ’
1132 5454 1308 5509 ἑλπίδι
1352 5454 1448 5509 τοῦ
1488 5455 1830 5527 φωισθῆναι

273 5549 391 5612 τοὺς
412 5547 718 5620 ὀφθαλμοὺς
738 5547 839 5618 τῆς
858 5546 1105 5617 καρδίας,
1134 5547 1322 5602 δίδωσί
1347 5566 1433 5612 τις
1461 5548 1674 5614 ἑαυτὸν,
1700 5550 1829 5603 ἅνα-

276 5640 449 5712 χωρῶν
471 5641 581 5695 τῶν
625 5638 899 5710 βιωτικῶν
928 5640 1265 5712 πραγμάτων
1286 5682 1301 5710 ,
1336 5641 1428 5697 καὶ
1459 5639 1735 5713 σχολάζων
1768 5642 1829 5698 ὲν

347 5797 384 5831 ³⁸
412 5802 590 5861 Matth.
635 5822 689 5871 ν,
724 5802 797 5857 20
825 5817 939 5873 seq.

1896 752 2191 807 ﬁdelibus:
2223 766 2287 805 ac
2322 750 2676 821 congreditur
2718 751 2963 807 cmlestis
3013 750 3179 806 homo
3226 766 3351 805 cum
3380 750 3483 804 bo-

1898 846 2046 899 mine
2089 853 2204 908 tuo,
2255 852 2313 899 et
2343 843 2405 898 ﬁt
2440 859 2549 898 una
2615 844 2875 899 societas.
2948 842 3273 913 Quicunque
3317 842 3487 914 igitur

1898 932 2212 988 ministerio
2246 934 2400 988 vario
2429 942 2651 996 vacant,
2694 943 2753 987 et
2794 933 3056 989 alacriter
3115 934 3302 989 omnia
3355 948 3486 1004 pcr-

1899 1036 2092 1097 agunt,
2127 1028 2271 1092 zelo,
2310 1026 2438 1092 ﬁde,
2483 1026 2783 1082 dilectione
2807 1026 2906 1081 Dei
2941 1027 3188 1097 impulsi,
3223 1026 3358 1081 illud
3392 1026 3479 1097 ip-

1900 1136 2020 1174 sum
2051 1121 2335 1189 aliquanto
2364 1128 2489 1189 post
2511 1118 2666 1173 ducit
2694 1134 2792 1174 eos
2825 1118 2880 1172 in
2905 1120 3279 1190 cognitionem
3311 1117 3489 1190 ipsius

1899 1212 2174 1268 veritatis.
2216 1211 2486 1267 Dominus
2542 1213 2692 1266 enim
2739 1212 3184 1283 apparetanimis
3241 1212 3486 1276 illorum,

1900 1313 1958 1359 et
1987 1304 2150 1360 docet
2170 1320 2269 1360 eos
2326 1305 2806 1360 eonveisationem
2837 1304 3077 1375 Spiritus
3106 1304 3304 1360 sancti.
3354 1300 3489 1360 Glo-

1903 1398 1985 1451 ria
2010 1406 2067 1452 et
2087 1396 2337 1451 adoratio
2366 1397 2535 1462 Patri,
2574 1404 2630 1451 et
2658 1396 2824 1460 Filio,
2851 1406 2907 1451 et
2931 1396 3163 1466 Spiritui
3192 1404 3403 1462 sancto,
3433 1395 3489 1450 in

1904 1490 2128 1545 saecula.
2155 1491 2349 1544 Amen.
2448 1562 2451 1567 η

2447 1770 2780 1826 IIOMILLIA
2815 1771 2957 1826 XIII.

2030 1865 2196 1931 Quem
2227 1865 2452 1933 fructum
2494 1882 2527 1918 a
2569 1861 2884 1917 Christianis
2913 1862 3051 1917 Deus
3083 1864 3317 1933 requirat
3345 1864 3370 1916 ?

1982 1979 2197 2043 Omnia,
2262 1994 2385 2048 qua:
2439 1978 2721 2042 videntur,
2782 1977 2992 2032 creavit
3047 1977 3210 2043 Deus,
3242 1988 3298 2033 et
3344 1978 3496 2033 dedit

1914 2070 2241 2126 hominibus
2281 2071 2339 2123 in
2366 2070 2769 2125 recreationem
2812 2079 2869 2124 et
2914 2068 3163 2134 delicias,
3215 2086 3278 2125 ac
3323 2070 3500 2141 legem

1914 2167 2026 2221 illis
2068 2164 2220 2220 dedit
2243 2164 2492 2235 justitize.
2526 2164 2606 2217 Ex
2633 2177 2746 2233 quo
2785 2177 2922 2218 vero
2956 2161 3210 2217 Christus
3257 2163 3500 2228 advenit,

1915 2260 2083 2313 alium
2108 2241 2348 2312 fructum
2373 2255 2609 2325 requirit
2627 2256 2794 2317 Deus,
2821 2263 2986 2324 atque
3016 2254 3180 2309 aliam
3211 2255 3501 2327 justitiam,

1914 2348 2209 2419 puritatem
2236 2362 2432 2417 nempe
2465 2347 2671 2413 cordis,
2705 2345 3099 2402 conscientiam
3132 2346 3356 2415 bonam,
3391 2365 3508 2405 ser-

1917 2453 2109 2491 mones
2161 2437 2345 2499 utiles,
2396 2435 2759 2506 cogitationes
2803 2442 2982 2489 castas
3013 2445 3070 2490 et
3110 2434 3303 2499 bonas,
3339 2446 3506 2507 atque

1916 2529 2103 2583 omnia
2168 2537 2487 2581 sanctorum
2556 2525 2758 2580 oﬂieia.
2808 2526 2951 2580 Dicit
3000 2526 3148 2581 enim
3198 2527 3504 2585 Dominus:

1918 2620 2032 2675 Nisi
2056 2617 2400 2673 abundaverit
2432 2626 2606 2671 vestra
2654 2617 2893 2687 justitia,
2932 2616 3049 2687 plus
3090 2634 3251 2681 quam
3291 2615 3507 2673 Scriba-

1920 2724 2039 2761 rum
2065 2716 2113 2760 et
2143 2707 2558 2768 l’harisworum,
2583 2722 2686 2757 non
2714 2705 2930 2775 potestis
2964 2705 3168 2775 ingredi
3203 2706 3259 2759 in
3289 2723 3509 2777 regnum

1922 2796 2190 2851 cmiormn.
2214 2794 2277 2848 In
2312 2794 2422 2863 lege
2442 2795 2701 2862 scriptum
2726 2803 2800 2847 est
2828 2811 2841 2847 :
2882 2793 2999 2847 Non
3031 2796 3321 2849 committes
3349 2796 3509 2849 adul-

1923 2886 2152 2938 terium:
2179 2893 2232 2935 at
2261 2898 2354 2953 ego
2384 2884 2498 2935 dico
2532 2881 2693 2946 vobis,
2718 2880 2797 2935 Ne
2820 2884 3152 2946 concupiscas
3191 2892 3284 2935 aut
3307 2885 3512 2938 irasca-

1926 2980 1995 3031 ris
2056 2977 2123 3031 ³⁸.
2188 2975 2417 3045 Oportet
2469 2974 2617 3028 enim
2677 2990 2805 3029 eum
2859 2975 2955 3045 qui
3001 2986 3228 3045 exoptat
3270 2978 3509 3033 altricum

1924 3071 2018 3125 Dei
2057 3084 2197 3135 esse,
2234 3083 2561 3123 conservare
2617 3082 2676 3121 se
2722 3083 2753 3122 a
2785 3083 2945 3122 emno
2998 3069 3226 3137 peccati,
3260 3078 3318 3124 et
3371 3070 3514 3142 ignis

1924 3163 2138 3226 aeterni,
2167 3161 2261 3231 qui
2288 3162 2344 3214 in
2376 3160 2537 3213 nobis
2582 3160 2751 3231 viget.
2786 3160 2901 3214 lloe
2946 3160 3144 3230 dignos
3185 3177 3352 3231 regno
3380 3178 3513 3218 eon-

1924 3254 2123 3308 stituit.
2142 3252 2328 3307 Gloria
2360 3251 2757 3306 misericordia:
2788 3253 2930 3323 ejus,
2948 3262 3003 3307 et
3021 3269 3304 3323 propensa:
3320 3256 3518 3311 volun-

1927 3348 2173 3417 tatierga
2206 3361 2329 3411 nos,
2370 3346 2568 3408 Patris,
2606 3354 2665 3400 et
2696 3344 2847 3411 Filii,
2908 3354 2966 3401 et
3022 3346 3263 3416 Spiritus
3311 3350 3510 3405 sancti.

1927 3440 2121 3494 Amen.

2465 3664 2793 3721 llOMILLIA
2842 3665 2982 3720 XIV.

1930 3758 2029 3824 Qui
2053 3760 2391 3829 cogitationes
2427 3776 2485 3811 ac
2520 3768 2743 3811 mentem
2782 3758 2888 3811 Deo
2914 3768 3265 3832 traannt,noc
3295 3762 3390 3816 sub
3421 3778 3515 3832 spe

2001 3832 2476 3885 illuminandorum
2518 3832 2789 3882 oculorum
2831 3831 3001 3882 cordis
3022 3832 3220 3898 faciunt
3246 3846 3263 3883 :
3289 3848 3351 3885 ac
3379 3831 3513 3889 Deus

1994 3903 2289 3975 Imjnsmodi
2317 3902 2373 3953 in
2402 3916 2610 3953 summa
2649 3901 3001 3975 sanctimonia
3031 3918 3095 3975 ac
3112 3904 3352 3975 puritate
3401 3920 3516 3975 my-

2000 3973 2172 4025 steriis
2201 3973 2383 4043 dignos
2408 3979 2637 4043 reputat,
2666 3987 2728 4022 ac
2759 3972 3038 4043 participes
3070 3972 3195 4039 facit
3226 3972 3347 4027 illos
3385 3972 3514 4043 gra-

2003 4046 2087 4097 tiar
2130 4040 2267 4095 sum.
2290 4041 2525 4114 Quidque
2556 4042 2690 4093 bona
2728 4040 2956 4114 cariestia
3005 4046 3330 4097 consecuturi
3360 4040 3517 4114 agere

2003 4114 2297 4166 debeamus.
2328 4112 2558 4164 Tandem
2587 4110 2813 4182 apostoli
2836 4120 2885 4163 et
2922 4114 3186 4180 prouheta:
3211 4110 3517 4169 assimilan-

2004 4194 2089 4237 tur
2124 4184 2288 4237 radiis
2314 4182 2597 4255 solaribus,
2641 4198 2734 4250 per
2768 4183 3377 4255 fenestramjngressis.
3405 4186 3515 4239 Do-

2002 4264 2080 4309 cet
2110 4269 2313 4324 quoque
2340 4253 2578 4315 homilia,
2630 4269 2749 4322 qua:
2772 4254 2839 4305 sit
2879 4262 3024 4307 terra
3056 4252 3295 4318 Satanae,
3328 4266 3377 4309 et
3400 4273 3518 4325 qua?

2001 4325 2334 4395 ungularum,
2367 4333 2417 4375 et
2476 4325 2614 4392 quod
2670 4332 2895 4393 utraque
2926 4340 3019 4378 nec
3068 4330 3385 4381 contrectari
3425 4344 3518 4381 nec

2001 4397 2165 4450 videri
2225 4395 2407 4465 possit.

2006 4634 2113 4705 50
2139 4634 2181 4689 l.
2212 4634 2407 4690 Omnia
2460 4649 2651 4704 opera,
2681 4650 2804 4703 qua:
2848 4635 2902 4689 in
2934 4634 3040 4691 hoc
3072 4637 3279 4691 mundo
3327 4639 3521 4694 viden-

1934 4739 2045 4794 tur,
2080 4726 2184 4781 snb
2210 4742 2306 4797 spe
2364 4726 2549 4796 aliqua
2582 4726 2721 4781 Iiunt
2768 4726 2989 4781 fruendi
3037 4728 3322 4785 laboribus
3378 4731 3516 4787 suis.

1935 4818 2004 4873 Et
2060 4817 2168 4873 nisi
2221 4817 2346 4887 quis
2367 4817 2528 4887 plene
2583 4817 2689 4871 sibi
2746 4817 3076 4887 persuadeat
3126 4834 3187 4874 se
3220 4818 3518 4876 fruiturum

1932 4911 2222 4967 laboribus
2254 4950 2268 4976 ,
2304 4911 2382 4965 nil
2413 4910 2690 4965 commodi
2745 4911 3002 4981 percipit.
3057 4911 3308 4983 Agricola
3366 4915 3518 4970 enim

1932 5004 2141 5058 semina
2175 5002 2279 5058 sub
2312 5017 2406 5072 Spe
2436 5002 2738 5066 fructuum,
2766 5018 2830 5057 ac
2872 5003 3089 5058 labores
3133 5004 3368 5061 sustinet
3393 5022 3523 5078 pro-

1932 5101 2056 5163 pter
2083 5092 2574 5163 exspectationem.
2602 5092 2667 5147 1η
2690 5109 2801 5164 spe,
2825 5094 3025 5163 inquit,
3054 5096 3144 5165 qui
3205 5105 3346 5166 arat,
3373 5099 3519 5153 debet

1932 5201 2094 5239 arare
2141 5202 2161 5239 :
2204 5192 2254 5239 et
2314 5186 2405 5255 qui
2446 5184 2596 5239 duxit
2651 5201 2889 5251 uxorein,
2922 5187 3012 5240 sub
3040 5204 3130 5258 spe
3162 5189 3519 5245 habendorum

1932 5276 2197 5331 hazredum
2228 5276 2290 5329 ³⁸.
2320 5276 2592 5330 Mercator
2623 5290 2843 5346 quoque
2861 5278 3161 5334 committit
3184 5294 3243 5334 se
3299 5281 3435 5335 mari
3459 5292 3519 5336 et

1934 5368 2102 5422 morti
2123 5368 2570 5438 promptissimis,
2602 5369 2952 5440 luerigratia.
2984 5370 3063 5426 Ita
3093 5387 3312 5443 quoque
3340 5373 3395 5427 in
3428 5388 3517 5427 re-

1934 5476 2044 5531 gno
2065 5462 2355 5527 calorum,
2392 5462 2495 5517 sub
2538 5477 2635 5533 spe
2686 5462 3175 5520 illuminandorum
3229 5465 3516 5521 oculorum

1934 5553 2163 5618 cordis,
2212 5553 2380 5609 tradit
2439 5554 2643 5624 aliquis
2725 5570 2785 5609 se
2840 5554 3044 5625 ipsum.
3109 5556 3299 5627 procul
3326 5554 3513 5612 a'bsee-

1935 5642 2075 5699 dens
2128 5659 2158 5698 a
2220 5644 2384 5700 rebus
2450 5645 2848 5712 saecularibus,
2906 5646 3151 5702 intentus
3243 5646 3513 5716 precatio-
