3966 6426
586 354 683 418 571

1812 358 1874 418 s.
1915 353 2236 418 MACARII
2276 353 2595 420 EGYPTII
3724 372 3802 437 δη

586 468 753 524 nibus
800 478 856 524 et
931 468 1434 533 oosecrationibus,
1487 475 1810 538 exspectans
1867 467 2129 522 Dominum

2263 466 2451 536 εὐχαῖς
2477 468 2572 522 καὶ
2597 468 2835 540 δεήσεσι,
2866 470 3309 543 προσδεχόμενος
3334 473 3431 528 τὸν
3460 475 3675 548 Κύριον,
3704 484 3803 535 πότε

587 559 809 628 quando
832 560 1062 614 veniens
1119 558 1430 613 manifestet
1484 557 1536 612 ei
1558 571 1617 612 se
1640 558 1839 628 ipsum,
1872 564 1931 611 et
1958 570 2155 611 emun-

586 653 681 708 det
709 668 835 707 eum
868 660 1091 722 peccato
1122 653 1172 706 ei
1203 652 1524 706 inhaerente.

656 745 861 800 ll.Nec
905 760 1054 814 spem
1106 745 1275 798 habet
1334 744 1388 797 in
1442 742 1724 797 laboribus
1748 740 1883 799 suis.
1938 750 1995 794 et
2028 739 2153 794 vitae

586 837 819 901 ratione,
858 838 1035 891 donec
1062 845 1431 905 consequatur
1473 852 1594 906 quae
1619 843 1824 905 sperat.
1848 832 2027 903 quoad
2062 847 2152 886 ve-

583 928 741 983 niens
767 929 1024 984 Dominus
1044 930 1251 983 habitet
1279 928 1331 981 in
1352 944 1418 982 eo
1442 928 1496 980 in
1519 927 1663 981 omni
1691 942 1851 981 sensu
1878 935 1932 979 et
1954 940 2149 994 Opera-

585 1022 731 1076 tione
758 1022 1017 1092 Spiritus.
1048 1022 1293 1091 Cumque
1337 1020 1636 1092 gustaverit
1681 1018 1982 1073 bonitatem
2042 1019 2147 1071 Do-

583 1117 742 1181 mini,
792 1124 849 1171 et
902 1115 1174 1170 fructibus
1218 1115 1446 1185 spiritus
1492 1114 1797 1169 delectatus
1846 1112 2032 1173 fuerit,
2085 1126 2148 1163 ae

581 1208 859 1261 sublatum
939 1209 1011 1262 sit
1060 1209 1308 1263 velamen
1390 1206 1765 1269 tenebrarum,
1851 1204 2147 1269 lumenque

579 1299 779 1354 Christi
809 1300 1169 1369 Splendescat,
1191 1309 1246 1355 et
1276 1307 1538 1370 operetur
1559 1300 1612 1353 in
1634 1297 1821 1352 laetitia
1848 1294 2142 1349 ineffabili:

580 1403 709 1446 tunc
742 1394 899 1462 plene
930 1393 1369 1455 conﬁrmabitur,
1397 1392 1608 1445 habens
1638 1406 1824 1443 secum
1855 1390 2143 1444 Dominum

576 1486 629 1539 in
667 1487 836 1540 multa
896 1485 1212 1549 dilectione,
1233 1484 1462 1555 perinde
1491 1499 1554 1538 ac
1587 1484 1659 1553 ibi
1694 1491 1983 1539 mercator.
2012 1482 2141 1536 dum

574 1580 789 1633 lucrum
852 1578 981 1631 facit
1042 1580 1255 1632 Imtatur
1306 1595 1318 1630 :
1382 1577 1580 1629 multas
1630 1584 1809 1629 tamen
1865 1574 2142 1629 molestias

572 1677 828 1733 sustinet,
865 1680 921 1723 et
960 1669 1155 1723 metuit
1183 1684 1213 1721 a
1266 1667 1573 1720 latronibus
1600 1676 1656 1719 et
1703 1665 1993 1735 spiritibus
2039 1681 2139 1719 ne-

571 1766 779 1833 quitiae,
822 1779 891 1817 ne
924 1762 1207 1817 remissior
1249 1761 1426 1814 factus
1462 1760 1655 1829 perdat
1686 1774 1930 1829 operam.
1964 1758 2139 1812 donec

571 1861 944 1922 consequatur
986 1866 1215 1921 regnum
1270 1852 1555 1913 ccelorum.
1587 1865 1878 1921 supernam
1915 1849 2137 1905 Jerusa-

570 1947 697 2000 lem.

642 2038 725 2091 ΙΙΙ.
782 2036 1149 2090 Obsecremus
1201 2034 1366 2104 igitur
1416 2049 1517 2087 nos
1551 2048 1771 2103 quoque
1822 2034 2015 2097 Deum,
2076 2043 2137 2088 ut

566 2136 762 2185 exutos
788 2142 893 2183 nos
918 2127 1088 2183 veteri
1140 2126 1384 2191 homine,
1436 2116 1626 2180 induat
1663 2126 1871 2181 cmlesti
1916 2126 2136 2181 Christo

569 2238 635 2276 ex
674 2221 779 2275 hoc
850 2230 1117 2290 tempore,
1166 2231 1229 2274 ut
1300 2220 1353 2273 in
1407 2220 1769 2274 exsultatione
1828 2220 2133 2287 constituti,

568 2313 755 2382 sicque
791 2312 860 2366 ab
891 2326 957 2365 eo
984 2310 1131 2365 ducti
1165 2309 1220 2365 in
1261 2326 1473 2365 summa
1519 2310 1912 2380 tranquillitate
1940 2311 2133 2366 simus.

566 2405 749 2475 lnquit
795 2405 943 2459 enim
1007 2402 1295 2463 Dominus.
1343 2402 1557 2472 replere
1627 2418 1729 2457 nos
1790 2419 1914 2458 cum
1972 2404 2136 2457 vellet

564 2505 729 2568 gustu
768 2494 921 2566 regni
957 2493 1126 2549 :Sine
1158 2510 1240 2549 me
1292 2493 1422 2547 nihil
1469 2495 1680 2563 potestis
1737 2495 1905 2564 facere
1948 2495 2013 2548 “.
2068 2493 2134 2549 Et

563 2587 784 2657 quidem
806 2585 1180 2657 apostolorum
1212 2586 1315 2654 ope
1346 2586 1550 2639 multos
1583 2584 1737 2639 novit
1784 2586 2128 2639 illuminare:

560 2686 828 2734 creaturae
873 2678 1020 2732 enim
1056 2692 1180 2732 cum
1210 2687 1394 2731 essent
1438 2676 1539 2741 illi,
1590 2691 1887 2731 conservos
1930 2676 2135 2732 educa-

560 2771 695 2825 bant
730 2788 743 2823 :
773 2778 831 2825 et
865 2769 1089 2824 fratrem
1136 2782 1199 2822 ac
1243 2767 1414 2822 ﬁlium
1447 2766 1653 2822 Christi
1693 2766 1834 2830 ﬁeri,
1866 2776 2130 2837 praestan-

562 2863 673 2917 tius
707 2861 843 2931 quid
870 2876 1034 2932 quam
1060 2859 1243 2915 caeteri
1283 2859 1553 2923 homines,
1584 2858 1823 2935 ,elIicere
1848 2875 1864 2926 ;
1892 2859 1998 2913 hoc
2022 2868 2129 2925 est,

560 2956 739 3025 ipsum
789 2969 885 3008 cor
936 2961 995 3008 et
1043 2959 1285 3007 mentem
1333 2951 1773 3014 sanetilieabant,
1844 2951 2033 3007 itidem
2074 2960 2132 3006 et

558 3047 944 3117 cogitationes,
982 3054 1045 3100 ut
1100 3044 1167 3099 ad
1220 3045 1392 3099 Deum
1445 3059 1541 3099 eas
1579 3044 1913 3115 dirigerent;
1944 3052 2004 3099 et
2050 3043 2131 3099 sic

2257 558 2430 611 ἐλθὼν
2458 561 2743 630 ἐμφανίσει
2775 563 2928 633 αὐτῷ
2971 565 3205 631 ἑαυτὸν,
3237 566 3338 621 καὶ
3367 567 3650 641 καθαρίσαι
3672 575 3802 629 αὐτὸν

2254 650 2319 703 ἐκ
2350 652 2450 722 τῆς
2480 653 2794 724 ἐνοικούσης
2826 653 2977 725 αύτῷ
3005 656 3321 725 ἁμαρτίας.

2324 741 2399 797 B'.
2424 742 2537 796 Οὐκ
2556 743 2834 808 ἐπελπίξει
2862 745 2920 799 δὲ
2946 746 3040 800 ἐπὶ
3067 751 3193 812 τοῖς
3216 749 3502 818 καμάτοις
3530 751 3701 818 αὑτοῦ,
3727 758 3799 811 καὶ

2254 836 2317 904 τῇ
2352 835 2615 907 πολιτείᾳ,
2645 838 2749 901 ἕως
2793 832 2854 893 οὗ
2884 841 3021 913 τύχῃ
3050 842 3165 895 τῶν
3194 843 3579 914 ἐλπιζομένων
3597 886 3613 911 ,
3647 848 3737 910 ἕως
3754 846 3802 904 οὗ

2252 923 2420 978 ἐλθὼν
2449 926 2476 978 6
2515 926 2718 996 Κύριος
2747 929 2944 1001 οίκήσῃ
2972 931 3030 982 ἐν
3080 930 3265 1001 αὐτῷ,
3308 932 3370 984 ἐν
3407 932 3554 1002 πάσῃ
3586 934 3796 1003 αἰσθήσει

2251 1019 2345 1070 καὶ
2400 1019 2653 1090 ἐνεργείᾳ
2697 1021 3035 1090 Πνεύματος.
3084 1024 3204 1075 Καὶ
3253 1024 3389 1078 ὅταν
3436 1025 3687 1095 γεύσηται
3722 1028 3797 1095 τῆς

2249 1109 2615 1179 χρηστότητος
2640 1108 2734 1162 τοῦ
2763 1111 2993 1177 Κυρίου,
3017 1112 3108 1165 καὶ
3133 1113 3261 1175 τοῖς
3286 1117 3525 1183 καρποῖς
3550 1115 3639 1168 τοῦ
3668 1118 3792 1170 mmi-

2251 1217 2419 1269 ματος
2456 1202 2768 1273 ἐντρυφήσῃ
2795 1240 2811 1265 ,
2851 1205 2946 1257 καὶ
2976 1205 3315 1275 περιαιρεθῇ
3355 1205 3419 1258 τὸ
3445 1207 3696 1277 κάλυμμα
3724 1210 3791 1261 τοῦ

2249 1292 2492 1359 σκότους,
2527 1294 2619 1346 καὶ
2650 1295 2710 1346 τὸ
2732 1295 2847 1363 φῶς
2875 1294 2968 1347 τοῦ
2995 1295 3244 1366 Χριστοῦ
3276 1295 3531 1370 ἐλλάμψῃ
3558 1299 3644 1351 καὶ
3672 1300 3788 1369 ἐνερ-

2246 1383 2391 1455 γήσῃ
2412 1385 2469 1434 ἐν
2492 1386 2632 1455 χαρᾷ
2662 1384 3042 1457 ἀνεκλαλήτῳ,
3071 1388 3200 1439 τότε
3239 1388 3663 1458 πληροφορείται
3684 1392 3785 1459 ἔχων

2248 1473 2369 1542 μεθ’
2420 1474 2616 1527 ἑαυτοῦ
2667 1478 2758 1529 τὸν
2806 1476 3009 1545 Κύριον
3051 1480 3108 1531 ἐν
3142 1479 3325 1549 πολλῇ
3369 1486 3608 1551 στοργῇ*
3639 1481 3782 1550 ὥσπερ

2242 1565 2362 1617 ἐκεῖ
2392 1568 2420 1618 6
2448 1566 2687 1636 ἔμπορος
2718 1569 2991 1638 κερδήσας
3010 1570 3222 1639 χαίρει.
3270 1572 3492 1639 Ἀγώνα
3518 1573 3574 1625 δὲ
3596 1573 3694 1641 ἔχει
3714 1578 3779 1627 καὶ

2242 1657 2405 1725 φόὸον
2433 1657 2540 1711 τῶν
2574 1660 2679 1713 ἀπὸ
2707 1660 2815 1713 τῶν
2859 1662 3068 1732 λῃστῶν
3095 1664 3195 1715 καὶ
3230 1663 3346 1716 τῶν
3377 1666 3688 1735 πνευμάτων
3706 1670 3775 1737 τῆς

2242 1749 2523 1819 πονηρίας,
2558 1752 2630 1821 μή
2674 1769 2759 1803 πω
2797 1753 3093 1823 χαυνωθεὶς
3125 1755 3385 1829 ἀπολέσῃ
3428 1756 3518 1809 τὸν
3555 1758 3771 1828 κάματον,

2240 1840 2345 1903 ἕως
2372 1834 2433 1894 οὗ
2466 1842 2774 1916 καταξιωθῇ
2798 1847 2857 1899 ἐν
2876 1848 2943 1917 τῇ
2970 1844 3226 1920 βασιλείᾳ
3248 1848 3364 1900 τῶν
3389 1848 3641 1919 οὐρανῶν,
3663 1854 3711 1904 ἐν
3727 1854 3770 1921 τῇ

2236 1933 2349 1987 ἄνω
2386 1931 2759 2005 Ἰερουσαλήμ.

2308 2023 2384 2079 I".
2420 2027 2896 2099 Παρακαλέσωμεν
2928 2026 3022 2084 οὖν
3058 2032 3159 2085 καὶ
3204 2036 3374 2104 ἡμεῖς
3419 2036 3511 2089 τὸν
3544 2037 3675 2103 Θεὸν,
3708 2038 3768 2089 iv:

2235 2116 2477 2187 ἀποδύσῃ
2500 2122 2649 2189 ἡμᾶς
2670 2121 3013 2177 τὸιπαλαιὺν
3039 2124 3361 2193 ἄνθρωπον,
3390 2129 3483 2181 καὶ
3507 2129 3673 2200 ἐνδύσῃ
3696 2131 3761 2179 τὸν

2234 2210 2557 2281 ἐπουράνιον
2583 2213 2817 2283 Χριστὸν
2842 2214 2950 2269 ἀπὺ
2970 2215 3063 2268 τοῦ
3092 2216 3217 2281 νῦν,
3248 2219 3404 2282 ὅπως
3425 2221 3483 2273 ἐν
3508 2220 3761 2288 ἀγαλλιάσει

2235 2300 2543 2370 γενόμενοι,
2572 2304 2669 2357 καὶ
2686 2303 2854 2368 οὕτως
2879 2306 2972 2359 ὑπ’
2998 2306 3167 2361 αὑτοῦ
3191 2309 3550 2380 ὁδηγούμενοι
3570 2314 3617 2364 ἐν
3632 2310 3752 2380 πολλῇ

2234 2392 2443 2464 γαλήνῃ
2468 2392 2724 2463 ἐσόμεθα.
2748 2397 2885 2464 Φησὶ
2910 2398 3015 2469 γὰρ
3046 2399 3075 2452 6
3097 2400 3336 2471 Κύριος,
3368 2403 3630 2472 πληρῶσαι
3648 2403 3751 2473 ἡμᾶς

2232 2486 2333 2553 τῆς
2355 2486 2595 2555 γεύσεως
2628 2488 2729 2558 τῆς
2756 2489 3030 2558 βασιλείας
3073 2492 3434 2564 βουλόμενος,
3464 2492 3740 2563 Kcmch

2233 2579 2305 2631 οὐ
2318 2578 2583 2633 δύνασθε
2599 2580 2793 2634 ποιεῖν
2811 2579 3013 2637 οὐδέν.
3041 2584 3243 2639 Καίτοι
3268 2604 3335 2654 γε
3354 2587 3443 2641 διὰ
3464 2588 3565 2639 τῶν
3580 2582 3727 2639 ἀποστό-

2232 2668 2339 2723 λων
2360 2662 2587 2735 πολλοὺς
2613 2668 2722 2726 οἶδε
2749 2675 3028 2742 φωτίζεινο
3057 2677 3344 2748 κτίσματα
3366 2677 3474 2749 γὰρ
3498 2675 3722 2739 {Man-'05»:

2230 2762 2555 2832 ὁμοδούλους
2581 2765 2889 2837 ἐξέτρεφον·
2919 2768 3013 2821 καὶ
3041 2751 3284 2839 ἀδελφὺν
3304 2771 3402 2824 καὶ
3436 2770 3545 2823 υἱὸν
3568 2762 3726 2839 Χριστοῦ

2230 2854 2507 2921 γενέσθαι,
2544 2857 2803 2924 περισσόν
2832 2875 2886 2912 τι
2911 2859 3064 2931 παρά
3087 2860 3224 2925 τοὺς
3247 2860 3470 2925 λοιποὺς
3494 2858 3730 2929 ἀνθρώπους

2232 2948 2427 3008 ποιεῖν,
2459 2948 2733 3001 τουτέστιν
2763 2950 2932 3021 αὐτὴν
2961 2950 3059 3022 τὴν
3086 2953 3327 3023 καρδίαν
3347 2993 3363 3020 ,
3392 2952 3543 3007 αὐτὸν
3562 2951 3633 3003 τὸν
3649 2945 3734 2998 νοῦν

2232 3037 2491 3106 ἀφιεροῦν
2516 3076 2533 3101 ,
2580 3039 2676 3091 καὶ
2712 3040 2838 3104 τοὺς
2871 3040 3173 3112 λογισμοὺς
3225 3045 3495 3099 ἀνασείειν
3536 3039 3644 3113 πρὸς
3673 3036 3735 3090 τὸν

558 3141 706 3194 Deus
749 3137 982 3208 largitur
1009 3136 1225 3191 occulte
1255 3136 1424 3190 vitam
1476 3144 1534 3191 et
1573 3151 1733 3206 opem
1775 3135 1952 3199 cordi,
1974 3150 2038 3191 ac
2069 3150 2129 3189 se

2235 3126 2385 3180 Θεόν.
2422 3130 2533 3183 Καὶ
2576 3129 2751 3195 οὕτως
2792 3134 2821 3186 6
2860 3134 2993 3197 Θεὸς
3020 3134 3215 3191 δίδωσι
3245 3135 3498 3208 κρυπτῶς
3534 3131 3651 3202 ζωὴν
3672 3126 3737 3181 καὶ

558 3230 738 3301 ipsum
766 3232 819 3286 ei
864 3233 1176 3289 committit.
1230 3232 1367 3287 Cum
1426 3228 1573 3283 enim
1606 3237 1841 3290 secreta,
1882 3226 1987 3281 hoc
2019 3236 2122 3291 est,

560 3334 801 3378 mentem
835 3334 892 3378 et
938 3324 1304 3394 cogitationes
1342 3322 1469 3393 quis
1518 3321 1629 3376 Deo
1671 3318 1913 3383 dedicat,
1974 3318 2124 3372 nulla

558 3414 664 3469 alia
689 3431 747 3470 re
771 3423 869 3470 aut
901 3417 1235 3487 cogitatione
1263 3422 1563 3484 occupatus
1596 3427 1659 3467 ac
1692 3411 1996 3473 districtus,
2028 3408 2123 3463 sed

556 3526 617 3566 se
654 3511 832 3582 ipsum
862 3512 915 3566 vi
940 3511 1172 3582 quadam
1200 3511 1465 3566 cohibens
1485 3550 1500 3574 ,
1545 3517 1677 3563 tunc
1704 3507 1970 3561 Dominus
2009 3523 2125 3578 my-

557 3604 854 3661 steriorum
879 3606 1202 3675 participem
1252 3604 1382 3658 facit
1414 3618 1564 3666 eum,
1588 3602 1643 3655 in
1671 3599 2031 3656 sanctimonia
2059 3614 2124 3653 ac

553 3697 794 3768 puritate
840 3699 1032 3761 multa,
1109 3706 1165 3752 ct
1213 3696 1395 3751 cibum
1471 3695 1749 3749 caelestem
1815 3692 2039 3747 exhibet
2061 3705 2122 3745 se

554 3802 755 3857 ipsum,
806 3802 870 3842 ac
904 3796 1093 3857 potum
1131 3786 1492 3857 spiritualem.

622 3878 712 3934 IV.
740 3880 974 3935 Perinde
1004 3896 1066 3934 ac
1103 3881 1247 3949 quis,
1280 3881 1373 3949 qui
1416 3881 1585 3934 multa
1638 3880 1804 3943 bona,
1830 3893 2026 3933 servos
2054 3891 2121 3930 ac

553 3969 697 4024 ﬁlios
722 3969 986 4041 possidet,
1036 3971 1203 4024 alium
1248 3971 1429 4024 cibum
1478 3971 1684 4039 praebet
1733 3968 1925 4028 servis,
1952 3967 2117 4021 alium

553 4062 682 4117 ﬁliis
709 4078 777 4117 ex
800 4062 1013 4117 semine
1059 4077 1160 4117 suo
1184 4052 1524 4131 procreatis:
1558 4061 1685 4130 quia
1728 4060 1822 4113 filii
1855 4067 1984 4114 sunt
2010 4059 2121 4112 ha:-

554 4154 715 4208 reiles
765 4154 961 4224 patris,
990 4162 1046 4208 et
1074 4169 1197 4207 cum
1229 4168 1297 4208 eo
1320 4153 1637 4215 comedunt,
1673 4151 1880 4205 similes
1911 4150 2119 4204 scilicet

553 4243 695 4310 patri
723 4257 861 4297 suo:
904 4242 984 4297 sic
1033 4240 1288 4297 Christus
1316 4255 1479 4295 verus
1506 4240 1596 4293 ille
1639 4240 1906 4293 Dominus
1934 4238 2115 4293 omnia

552 4330 780 4394 creavit,
826 4338 881 4385 et
933 4329 1115 4385 nutrit
1170 4327 1455 4397 improbos
1499 4342 1565 4381 ac
1620 4327 1916 4397 ingratos:
1974 4326 2116 4380 ﬁlios

551 4429 683 4469 vero
710 4430 847 4483 quos
886 4414 1077 4486 genuit
1119 4429 1189 4469 ex
1238 4415 1446 4469 semine
1496 4429 1617 4478 suo,
1654 4428 1905 4483 quosque
1945 4414 2115 4484 parti-

2233 3218 2486 3289 βοήθειαν
2532 3222 2611 3283 εἰς
2660 3222 2762 3291 τὴν
2810 3222 3060 3293 καρδίαν,
3116 3225 3217 3278 καὶ
3266 3226 3453 3278 ἑαυτὸν
3486 3213 3735 3289 ἐμπιστεύει

2231 3312 2389 3382 αὐτῇ.
2429 3312 2555 3366 Ὅτε
2584 3312 2693 3384 γὰρ
2728 3316 2794 3368 τὰ
2837 3316 3057 3386 κρυπτά
3080 3356 3095 3381 ,
3131 3319 3383 3370 τουτέστι
3428 3314 3508 3368 τὸν
3534 3312 3636 3365 νοῦν
3668 3307 3738 3361 καὶ

2229 3404 2355 3467 τοὺς
2393 3405 2708 3475 λογισμοὺς,
2734 3405 2919 3461 δίδωσι
2949 3408 3027 3477 τῷ
3067 3409 3229 3480 Θεῷ,
3268 3411 3345 3480 μὴ
3383 3405 3710 3476 ἀσχολούμενος
3720 3436 3733 3463 ι

2231 3496 2368 3565 μήτε
2404 3497 2743 3568 ῥεμϐόμενος
2777 3499 3042 3570 ἀλλαχοῦ.
3071 3501 3194 3555 ἀλλ’
3228 3503 3417 3556 ἑαυτὸν
3449 3494 3708 3569 βιαζόμενος
3717 3526 3731 3551 ν

2228 3589 2349 3641 τότε
2382 3592 2411 3642 6
2461 3590 2663 3661 Κύριος
2696 3594 3012 3664 μυστηρίων
3045 3593 3196 3660 ἀξιοί
3228 3596 3417 3650 τοῦτον
3450 3595 3497 3646 ὲν
3532 3586 3730 3655 ἁγιότητι

2228 3683 2323 3735 καὶ
2352 3682 2683 3753 καθαρότητι
2716 3684 2957 3749 πλείονι,
2994 3689 3086 3741 καὶ
3128 3690 3347 3760 τροφὴν
3379 3681 3644 3755 ἐπουράνιον
3668 3674 3730 3725 δί-

2225 3773 2388 3827 δωσιν
2421 3773 2605 3839 αὑτὸν,
2643 3776 2737 3829 καὶ
2759 3777 2911 3846 πόμα
2933 3779 3334 3849 πνευματικόν.

2297 3868 2372 3920 Δ’.
2414 3867 2622 3937 Ὥσπερ
2655 3868 2751 3922 ἐὰν
2847 3887 2932 3934 τις
2970 3873 3313 3942 κεκτημένος
3348 3866 3530 3937 πολλὴν
3565 3872 3720 3929 περιοψ

2226 3956 2347 4010 σίαν
2364 3996 2378 4019 ,
2406 3959 2501 4011 καὶ
2529 3958 2779 4025 δούλους,
2809 3962 2903 4014 καὶ
2947 3961 3113 4015 τέκνα
3140 4002 3159 4027 ,
3194 3964 3362 4033 ἄλλην
3383 3956 3567 4031 τροφὴν
3592 3951 3710 4033 δίδωῖί

2223 4051 2336 4112 τοῖς
2364 4049 2590 4114 δούλοις,
2617 4052 2711 4105 καὶ
2732 4051 2897 4120 ἄλλην
2926 4054 3039 4116 τοῖς
3062 4054 3218 4118 ίδίοις
3242 4032 3449 4114 τέκνοις
3471 4050 3569 4107 τοῖς
3590 4045 3630 4094 ἐκ
3643 4032 3700 4087 τοῦ

2226 4142 2542 4212 σπέρματος
2570 4145 2959 4214 γεγενημένοις
2978 4161 2992 4175 '
3029 4146 3224 4215 ἐπειδὴ
3250 4146 3320 4198 τὰ
3347 4144 3505 4196 τέκνα
3526 4138 3703 4203 κληρον⁰⁴

2226 4233 2388 4303 μοῦσι
2430 4235 2521 4287 τὸν
2550 4236 2798 4307 πατέρα,
2835 4236 2929 4289 καὶ
2965 4238 3086 4308 μετ’
3124 4238 3291 4293 αὐτοῦ
3330 4233 3592 4288 ἐσθίουσιν,
3616 4223 3708 4308 ἀῖωξ

2227 4324 2506 4394 μοιωμένα
2535 4326 2612 4396 τῷ
2655 4304 2825 4397 πατρὶ
2863 4304 3076 4381 αύτιῦν·
3113 4329 3258 4383 οὕτω
3298 4326 3387 4379 καὶ
3423 4326 3451 4377 6
3491 4312 3671 4387 Χριστὸς
3692 4304 3711 4354 δ

2222 4416 2479 4483 ἀληθινὸς
2505 4418 2803 4489 Δεσπότης,
2839 4420 3015 4475 πάντα
3046 4422 3219 4484 αὐτὸς,
3250 4420 3446 4476 ἔκτισε,
3469 4411 3552 4466 καὶ
3578 4400 3710 4471 τρέφει

550 4507 702 4577 cipes
759 4505 887 4561 fecit
935 4507 1124 4577 gratiae
1167 4521 1299 4572 suae,
1359 4508 1414 4561 in
1462 4508 1665 4578 quibus
1712 4505 1979 4563 formatus
2033 4515 2118 4561 est

2235 4506 2345 4570 τοὺς
2377 4509 2649 4578 πονηροὺς
2674 4510 2771 4563 καὶ
2799 4511 3146 4582 ἀχαρίστους*
3180 4512 3251 4565 τὰ
3277 4510 3335 4563 δὲ
3364 4509 3532 4561 τέκνα,
3552 4497 3581 4551 ἃ
3603 4490 3712 4582 ὲΥέ-Ῥ

462 4666 465 4671 λ
547 4597 832 4663 Dominus,
892 4597 1159 4667 peculiari
1216 4597 1537 4661 refectione,
1581 4599 1862 4661 alimento,
1908 4597 2032 4651 cibo
2059 4606 2117 4651 et

544 4698 704 4759 potu,
728 4697 923 4758 praeter
947 4698 1175 4743 caeteros
1204 4687 1456 4743 homines
1480 4690 1707 4752 enutrit,
1741 4704 1804 4743 ac
1831 4689 2033 4758 prabet
2056 4703 2115 4743 se

546 4781 725 4851 ipsum
787 4781 896 4836 illis
959 4781 1417 4835 conversantibus
1459 4796 1586 4835 eum
1620 4789 1774 4850 patre
1819 4796 1939 4844 suo,
1970 4781 2114 4834 sicut

544 4872 620 4927 ait
680 4873 986 4927 Dominus:
1040 4871 1141 4937 Qui
1188 4872 1289 4924 edit
1340 4888 1513 4925 meam
1586 4889 1821 4936 carnem,
1873 4880 1921 4924 et
1989 4870 2112 4923 bibit

546 4977 719 5015 meum
774 4962 1108 5034 sanguinem,
1164 4962 1218 5013 in
1249 4976 1329 5013 me
1363 4968 1560 5024 manet,
1619 4969 1669 5013 et
1702 4976 1793 5030 ego
1819 4960 1870 5012 in
1914 4958 2026 5022 illo,
2062 4967 2110 5011 et

545 5060 766 5106 mortem
794 5070 898 5107 non
955 5052 1229 5108 videbit“.
1279 5052 1382 5120 Qui
1415 5053 1562 5107 enim
1598 5052 1882 5123 possident
1925 5066 2106 5105 veram

545 5138 940 5205 htereditatem,
987 5152 1245 5210 tanquam
1290 5140 1385 5195 ﬁlii
1424 5148 1554 5194 sunt
1598 5155 1667 5194 ex
1698 5139 1858 5193 Patre
1897 5137 2107 5192 cmlesti

544 5231 837 5302 progeniti,
891 5241 948 5286 et
1001 5233 1055 5286 in
1104 5234 1267 5288 domo
1317 5232 1493 5303 patris
1552 5233 1637 5287 sui
1670 5232 1895 5302 degunt,
1934 5241 1994 5284 ut
2033 5229 2112 5283 ait

543 5316 846 5372 Dominus:
893 5317 1081 5373 Servus
1136 5337 1240 5373 non
1266 5329 1444 5374 manet
1476 5320 1530 5373 in
1581 5320 1755 5384 domo,
1801 5317 1944 5386 ﬁlius
1989 5333 2108 5372 vero

544 5419 715 5462 manet
750 5410 803 5462 in
832 5418 1083 5463 mternum
1107 5410 1172 5463 δ’.

619 5772 661 5804 ³³
688 5774 730 5828 ll
766 5774 892 5829 Cor.
922 5794 993 5840 ix,
1032 5780 1112 5832 10.
1193 5782 1236 5813 "°
1271 5782 1427 5837 Joau.
1459 5799 1545 5846 XV,

2219 4615 2380 4668 νησεν
2414 4600 2478 4653 ἐκ
2497 4599 2590 4653 τοῦ
2614 4580 2927 4670 σπέρματος
2954 4604 3143 4669 αὑτοῦ,
3168 4604 3260 4657 καὶ
3283 4597 3362 4661 οἷς
3393 4592 3646 4666 μετέδωκεν
3658 4580 3711 4670 ,ἐκ

2218 4689 2321 4758 τῆς
2348 4690 2569 4760 χαρίτος
2596 4668 2781 4756 αὐτού,
2810 4694 2866 4745 ἐν
2891 4688 2973 4757 οἷς
2998 4692 3297 4765 ἐμορφὼθη
3335 4689 3363 4740 6
3390 4684 3588 4754 κύριος’
3615 4668 3711 4765 ίδί³Υ

2218 4755 2526 4834 ἀνάπαυσιν
2546 4784 2643 4836 καὶ
2668 4785 2895 4856 τροφὴν,
2924 4755 3395 4856 κῗαίβρᾶίσινίκαὶ
3413 4776 3571 4831 πόσιν,
3598 4755 3707 4856 περά

2219 4869 2345 4932 τοὺς
2386 4869 2607 4935 λοιποὺς
2634 4852 2955 4942 ἀνθρώπους
2993 4852 3272 4946 ἐκτρέφει.
3300 4871 3391 4923 καὶ
3414 4864 3599 4948 δίδωσυ(
3621 4852 3707 4948 ἔξω

2219 4959 2309 5013 τδν
2337 4961 2520 5025 αὐτοῖς
2553 4963 3048 5035 ἀναστρεφομένοις
3076 4945 3213 5037 μετὰ
3233 4963 3326 5018 τοῦ
3353 4953 3535 5024 πατρὸς
3552 4945 3701 5037 αὗτῶνς

2217 5050 2293 5114 ὥς
2314 5070 2479 5123 φησιν
2556 5023 2780 5123 Κύριος,
2907 5023 3139 5128 τρώγων
3153 5075 3272 5126 μου
3298 5053 3405 5120 τὴν
3430 5023 3612 5110 δάμω
3633 5023 3703 5127 “id

2218 5146 2409 5198 πίνων
2434 5163 2554 5213 μου
2587 5147 2651 5201 τὸ
2674 5146 2837 5218 αἷμα,
2866 5149 2937 5203 ἐν
2963 5150 3092 5220 ἐμοὶ
3113 5151 3297 5221 μένει,
3318 5139 3466 5211 κάιὼ
3486 5136 3545 5188 ἐν
3562 5128 3698 5221 αὐτῷ

2217 5237 2318 5291 καὶ
2357 5212 2615 5294 mirator
2651 5212 2833 5311 cum)
2863 5212 3165 5312 θεωρήσέι.
3196 5244 3259 5296 Oi
3290 5240 3391 5308 γὰρ
3428 5233 3607 5301 ἔχοντες
3628 5212 3701 5318 ξῆν

2215 5328 2474 5399 ἀληθινὴν
2500 5330 2884 5402 κληρονομίαν,
2908 5335 2982 5398 ὡς
3004 5336 3111 5389 υἱοὶ
3136 5338 3199 5388 ἐκ
3220 5329 3419 5398 [ἰατρὸς
3441 5317 3695 5404 ἐπουρανίου

2214 5421 2570 5491 γεγενημένοι
2597 5401 2840 5488 είσὶ,κα“ι
2868 5429 2948 5490 είς
2978 5428 3065 5482 τὸν
3088 5423 3233 5482 οἷκον
3252 5422 3341 5477 τοῦ
3366 5411 3542 5483 πατρὸς
3560 5401 3694 5494 αὐτῷ

2214 5512 2514 5579 διάγουσιν,
2534 5513 2606 5579 ὥς
2634 5533 2799 5585 φησιν
2824 5521 2852 5570 6
2875 5519 3097 5588 Κύριος,
3113 5520 3166 5573 '0
3186 5514 3394 5574 δοῦλος
3411 5506 3474 5560 οὐ
3487 5496 3623 5570 μένει
3639 5493 3692 5535 εν

2216 5602 2288 5669 τῇ
2317 5605 2493 5669 οἰκίᾳ,
2523 5607 2555 5658 ὀ
2572 5604 2639 5657 δὲ
2662 5608 2791 5673 υἱὸς
2810 5611 2977 5678 μένει
2998 5613 3081 5680 εὶς
3105 5611 3208 5667 τὸν
3236 5602 3424 5662 αἰῶνα.

1712 5786 1755 5817 ⁸¹
1785 5786 1941 5841 103“.
1973 5805 2047 5853 VI.
2077 5788 2163 5844 54.
2240 5794 2286 5827 ⁴¹
2315 5794 2469 5852 Joan.
2505 5808 2620 5859 vm,
2650 5791 2737 5853 35.
