3966 6450
132 354 267 417 573

144 553 256 607 τοῦ
307 549 611 622 ἐπουρανίου
649 546 1008 616 γεννηθῆναιξ,
1040 546 1297 616 περισσόν
1327 562 1379 596 τι
1410 543 1563 613 παρὰ
1604 542 1730 605 τοὺς

143 644 387 707 λοιποὺς
445 640 764 709 ἀνθρώπους
826 638 1114 709 ὀφείλομεν
1179 639 1395 704 ποιεῖν,
1462 635 1731 706 σπουδὴν,

143 738 375 805 αγῶνα,
406 735 585 804 ζῆλον,
614 733 856 802 ἀγάπην,
892 731 1168 785 πολιτείαν
1198 729 1431 800 ἀγαθὴν,
1460 731 1519 782 ἐν
1550 729 1731 783 πίστει

148 830 263 882 καὶ
307 827 443 898 φόϐῳ
482 823 645 889 εἶναι,
684 826 758 889 ὡς
795 825 1107 897 βουλόμενοι
1152 822 1482 896 τηλικούτων
1512 822 1734 891 ἀγαθῶν

159 921 371 987 τυχεῖν,
411 917 505 971 καὶ
543 917 674 970 Θεὸν
706 916 1133 987 κληρονομῆσαι.
1166 915 1379 982 Κύριος
1424 912 1534 983 γὰρ
1563 910 1733 981 μερὶς

170 1010 287 1076 οἷς
312 1008 703 1076 κληρονομίας
720 1026 861 1077 μου,
887 1007 985 1062 καὶ
1013 1007 1117 1060 τοῦ
1142 1006 1427 1073 ποτηρίου
1450 1023 1592 1073 μου.
1622 1002 1735 1056 Καὶ

178 1100 344 1161 >ὖτως
379 1096 584 1167 βλέπων
613 1097 642 1148 6
668 1095 872 1167 Κύριος
907 1097 1006 1167 τὴν
1048 1096 1261 1165 ἀγαθὴν
1291 1094 1609 1166 προαίρεσιν
1642 1093 1735 1147 καὶ

175 1191 267 1258 τὴν
303 1185 602 1257 ὑπομονὴν,
638 1188 780 1240 ποιεῖ
806 1187 867 1239 τὸ
899 1186 1044 1249 ἔλεος
1074 1185 1260 1250 αὐτοῦ,
1306 1186 1404 1239 καὶ
1434 1184 1734 1256 καθαρίσας

170 1282 321 1349 ﬁgi;
349 1280 423 1349 τῷ
462 1278 605 1348 λόγῳ
637 1276 715 1348 τῷ
757 1277 1015 1348 οὐρανίῳ.
1048 1277 1143 1330 καὶ
1187 1278 1433 1346 νοήματα
1470 1293 1735 1348 νενεκρω-

164 1370 338 1431 ,ιένα,
368 1368 455 1422 καὶ
483 1368 852 1437 διεφθαρμένα
871 1408 885 1433 ,
916 1366 1003 1419 διὰ
1049 1366 1149 1435 τῆς
1179 1366 1349 1435 καλῆς
1383 1364 1561 1419 αὐτῶν
1601 1366 1733 1419 ἀνα-

156 1459 413 1528 στροφῆς
440 1458 533 1511 καὶ
564 1456 930 1521 διδασκαλίας,
969 1456 1371 1521 ἀναζωοποιῶν,
1408 1456 1501 1508 καὶ
1526 1456 1733 1524 ἀνεγεί-

159 1570 282 1613 .ιων
304 1570 319 1583 ·
350 1551 549 1620 κτίσμα
586 1551 694 1620 γὰρ
727 1550 914 1619 ἓτερον
948 1548 1150 1618 κτίσμα
1181 1548 1434 1619 ἐκτρέφει
1480 1549 1573 1602 καὶ
1602 1546 1737 1612 ζωο-

155 1644 338 1697 ποιεῖ.
369 1642 574 1712 Ὠσπερ
597 1640 664 1694 τὰ
697 1640 990 1711 σπέρματα
1016 1637 1108 1692 τοῦ
1140 1639 1310 1702 σίτου,
1338 1639 1370 1708 ἢ
1400 1639 1508 1691 τῶν
1537 1639 1738 1709 κριθῶν

157 1738 228 1790 τὰ
252 1736 423 1804 νέφη,
452 1734 723 1802 κτίσματα
744 1732 871 1786 ὄντα
896 1750 908 1762 ’
934 1734 962 1785 6
992 1731 1145 1794 ὑετός
1170 1749 1229 1783 τε
1260 1733 1353 1784 καὶ
1382 1733 1409 1784 6
1429 1731 1578 1801 ἥλιος
1608 1731 1738 1796 ζωοο

156 1826 390 1880 ποιοῦσι
418 1824 765 1894 κελευόμενα.
794 1826 1005 1894 Ὥσπερ
1041 1823 1097 1877 δέ
1126 1826 1241 1877 ἐστι
1272 1825 1387 1893 φῶς
1413 1824 1501 1879 διὰ
1527 1824 1738 1894 θυρίδος

160 1917 572 1987 εἰσιρχόμενον,
601 1919 629 1969 ὀ
654 1916 711 1969 δὲ
739 1915 891 1986 ἥλιος
920 1915 1017 1988 ὅλῃ
1044 1917 1110 1985 τῇ
1136 1915 1432 1988 οἰκουμένῃ
1459 1915 1558 1979 τὰς
1587 1917 1739 1969 ἀκτῖ-

160 2029 262 2073 νας
285 2009 606 2080 ιταφίησιν,
634 2009 803 2074 οὕτως
829 2006 970 2080 ἦσαν
998 2011 1045 2062 οί
1075 2010 1351 2080 προφῆται
1378 2009 1474 2064 τοῦ
1507 2011 1638 2064 ῐδίου
1664 2012 1740 2065 οτ-

160 2120 263 2155 κου
305 2101 468 2171 μόνον
506 2102 789 2171 φωστῆρες
830 2101 923 2155 τοῦ
985 2102 1219 2172 Ἰσραήλ·
1260 2102 1308 2154 οἱ
1352 2102 1408 2155 δὲ
1452 2103 1741 2158 ἀπόστολοι

164 2191 310 2260 ἣλιοι
337 2184 481 2245 ἦσαν
507 2188 879 2259 ὲκλάμποντες
898 2188 996 2253 τὰς
1025 2190 1250 2252 ἀκτῖνας
1279 2189 1357 2252 εἰς
1387 2188 1483 2241 ὅλα
1504 2187 1571 2241 τὰ
1598 2188 1741 2259 μέρη

169 2281 263 2334 τοῦ
294 2280 527 2350 κόσμου.

249 2374 335 2438 ς’.
384 2371 558 2424 Ἐστιν
595 2364 687 2424 οὖν
718 2371 787 2440 γῆ
825 2370 883 2422 ὲν
980 2369 1294 2423 κατοικοῦσι
1324 2368 1394 2424 τὰ
1418 2367 1740 2440 τετράποδαο

190 2465 278 2515 καὶ
307 2461 411 2515 ἐντι
446 2462 519 2531 γῆ
561 2463 618 2514 ἐν
647 2460 722 2531 τῷ
762 2460 907 2530 ἀέρι,
935 2462 993 2513 ἐν
1093 2460 1459 2533 περιπατοῦσι
1488 2460 1583 2513 καὶ
1611 2460 1744 2524 ζῶσι

186 2553 246 2605 τὰ
276 2553 456 2624 ὄρνεα,
489 2551 600 2606 Καὶ
626 2550 797 2604 ταῦτα
828 2550 921 2604 ὲάν
951 2550 1250 2620 θελήσωσιν
1271 2552 1330 2605 ὲν
1352 2553 1420 2623 τῇ
1447 2553 1518 2621 γῇ
1551 2550 1743 2619 στ’ήναι

178 2647 207 2714 ῆ
249 2642 662 2715 περιπατῆσαι,
706 2641 889 2711 ἔχουσι
928 2641 1197 2713 θηρευτὰς
1238 2643 1366 2705 τοὺς
1410 2642 1745 2712 κρατοῦντας

174 2737 329 2789 αὐτὰ.
371 2735 485 2791 Ιῖιιιὶ
518 2733 633 2786 ἔστι
663 2733 733 2803 γῆ
762 2732 885 2811 τῶη
904 2732 1128 2801 ἰχθύων,
1159 2735 1221 2785 τὸ
1251 2731 1396 2805 ὕδωρ
1423 2733 1521 2801 τῆς
1549 2732 1747 2786 θαλάσ-

175 2841 289 2895 σης,
325 2825 425 2877 καὶ
459 2823 686 2876 ἕκαστον
728 2822 783 2873 ὲν
885 2821 1037 2889 τόπῳ
1069 2820 1355 2891 ἐγεννήθη,
1402 2820 1497 2873 καὶ
1541 2823 1613 2891 γῇ
1651 2819 1745 2873 καὶ

174 2917 315 2986 ἀέρι,
353 2914 467 2985 ἔχει
514 2915 630 2966 ἐκεῖ
666 2911 765 2983 τὴν
808 2912 1084 2981 διαγωγὴν
1115 2911 1212 2963 καὶ
1247 2910 1455 2982 τροφὴν
1482 2910 1577 2963 ml.
1619 2909 1749 2963 ἀνά-

173 3024 401 3063 παυσιν.
431 3004 616 3065 Οὕτως
643 3003 759 3057 ἐστι
788 3004 861 3074 γῆ
885 3003 979 3058 καὶ
1009 3002 1208 3073 πατρὶς
1240 3002 1524 3073 σατανικὴ,
1554 2994 1615 3055 οὗ
1636 3002 1751 3056 διά-

1371 342 1737 403 IIOMlLI/E.
1770 367 1837 377 -
1868 342 2055 407 ΗΟΜ.
2094 346 2249 407 XIV.

222 462 319 515 E’.
346 460 509 529 Εἴπερ
534 456 627 511 οῦν
658 455 749 510 καὶ
769 454 932 527 ἡμεῖς
963 450 1265 525 βουλόμεθα
1290 452 1354 505 ὲκ
1382 452 1477 505 τοῦ
1507 452 1719 522 Πατρδς
1748 455 1796 512 Α

3299 345 3403 409 5⁸2⁵4

1891 454 1993 525 51
2034 456 2098 511 ν.
2132 456 2191 512 Si
2239 456 2404 527 igitur
2436 471 2538 512 nos
2581 472 2802 528 quoque
2855 457 3086 513 velimus
3126 473 3192 514 ex
3240 459 3402 515 Patre

1832 547 2041 603 cmlesti
2070 549 2342 619 pronasci,
2370 550 2721 619 praestantius
2741 549 2873 619 quid
2906 566 3070 620 quam
3097 551 3281 605 caateri
3305 551 3405 603 ho-

1832 638 2009 694 mines
2034 655 2196 710 agere
2222 640 2510 707 debemus,
2544 641 2771 697 studere
2794 656 3013 711 nempe,
3038 641 3396 705 contendere,

1831 731 2099 796 aemulari,
2152 730 2383 801 diligere
2417 771 2433 796 ,
2496 732 2636 787 bene
2683 732 3016 797 conversari,
3068 733 3122 787 in
3182 731 3287 786 ﬁde
3341 747 3405 787 ac

1834 830 1982 876 metu
2005 822 2376 888 vivere,velut
2397 824 2744 879 consecuturi
2779 833 2929 878 tanta
2959 824 3123 889 bona,
3154 834 3209 878 et
3233 825 3402 879 Deum

1833 913 2182 968 hereditario
2226 916 2349 985 jure
2400 917 2706 985 possessuri
2744 915 3045 971 :Dominus
3096 916 3233 968 enim
3277 933 3405 986 pars

1834 1007 2159 1061 ltwreditatis
2186 1022 2316 1061 mere
2341 1017 2389 1059 et
2413 1006 2590 1060 calicis
2621 1007 2724 1060 mei
2749 1006 2816 1060 ”.
2850 1006 2919 1060 Et
2946 1006 3021 1061 ita
3052 1006 3269 1060 intuens
3295 1007 3405 1060 Do—

1833 1097 2017 1151 minus
2044 1096 2385 1166 prOpositum
2411 1097 2545 1151 illud
2573 1097 2797 1163 bonum,
2816 1112 2880 1151 ac
2910 1097 3275 1161 tolerantiam,
3299 1097 3405 1151 mi-

1834 1187 2190 1244 sericordiam
2224 1203 2377 1242 suam
2410 1187 2615 1242 exserit
2643 1204 2655 1240 :
2690 1202 2753 1242 ac
2772 1186 3071 1256 puriﬁcans
3103 1203 3208 1241 nos
3236 1186 3406 1240 verbo

1836 1278 2066 1343 ctelesti,
2116 1289 2328 1333 mentes
2352 1287 2594 1334 mortuas
2613 1294 2677 1333 ac
2708 1278 3046 1348 deperditas,
3080 1294 3177 1347 per
3205 1279 3405 1332 bonam

1837 1369 2081 1439 ipsorum
2109 1370 2478 1439 apostolorum
2508 1370 2979 1424 conversationem
3004 1378 3059 1424 et
3076 1370 3404 1437 doctrinam,

1838 1461 2076 1517 viviﬁcat
2105 1462 2328 1517 alteram
2346 1471 2675 1517 creaturam.
2707 1461 2939 1517 Perinde
2972 1478 3035 1516 ac
3056 1463 3262 1517 semina
3288 1463 3409 1517 fru-

1837 1551 2005 1607 menti
2035 1560 2130 1606 aut
2153 1552 2346 1606 hordei
2371 1552 2555 1606 fovent
2575 1554 2771 1615 nubes,
2814 1569 2936 1622 quae
2963 1562 3227 1609 creatum:
3256 1562 3404 1608 sunt.

1837 1646 2025 1702 Pluvia
2048 1662 2266 1717 quoque
2304 1656 2359 1701 et
2396 1647 2474 1701 sol
2516 1645 2794 1701 viviﬁcant
2821 1662 2905 1711 ea,
2952 1662 3077 1700 cum
3110 1647 3403 1717 jubentur.

1838 1739 2307 1805 Quemadmodum
2340 1747 2523 1793 autem
2565 1753 2623 1793 se
2662 1737 2827 1792 habet
2876 1738 3084 1802 lumen,
3119 1737 3265 1806 quod
3311 1751 3410 1806 per

1838 1831 2135 1887 fenestram
2185 1829 2512 1901 ingreditur,
2562 1845 2627 1884 ac
2659 1829 2763 1893 sol,
2803 1829 2897 1898 qui
2948 1845 3047 1899 per
3095 1828 3409 1882 universam

1840 1933 2037 1979 terram
2086 1923 2267 1978 radios
2314 1938 2443 1977 suos
2475 1921 2766 1986 extendit,
2812 1921 2892 1975 sic
2938 1929 3097 1975 erant
3130 1919 3412 1989 prophetae

1840 2014 2127 2069 luminaria
2172 2014 2465 2084 peculiaris
2510 2013 2707 2067 domus
2761 2011 2953 2068 Israel.
2992 2011 3240 2082 Apostoli
3274 2026 3413 2064 .vero

1840 2114 1997 2161 erant
2026 2106 2188 2172 soles,
2232 2105 2547 2160 emittentes
2576 2104 2762 2159 radios
2794 2103 2852 2158 in
2875 2103 3189 2159 universam
3220 2100 3413 2156 mundi

1842 2206 2073 2268 partem.

1912 2374 2002 2430 VI.
2042 2374 2138 2429 Est
2177 2373 2340 2445 igitur
2376 2382 2541 2440 terra,
2594 2374 2649 2428 in
2695 2384 2800 2443 qua
2828 2378 3200 2450 quadrupedis
3254 2377 3410 2433 habi-

1843 2472 1961 2521 tant
1991 2483 2004 2520 :
2035 2475 2121 2521 est
2145 2480 2365 2536 quoque
2395 2474 2541 2519 terra
2583 2465 2637 2518 in
2681 2480 2828 2533 aere,
2877 2471 2933 2524 in
2982 2486 3088 2539 qua
3132 2469 3416 2523 ambulant

1842 2572 1909 2612 ac
1939 2556 2131 2611 vivunt
2156 2555 2432 2610 volucres.
2461 2554 2594 2621 Quae
2626 2554 2670 2608 si
2711 2560 2880 2613 velint
2908 2560 3215 2614 consistere
3246 2573 3416 2627 super

1844 2654 2047 2702 terram
2087 2653 2142 2701 et
2185 2644 2558 2709 deambulare,
2607 2644 2811 2704 habent
2854 2660 3161 2715 venatores,
3200 2649 3293 2718 qui
3325 2662 3419 2702 eas

1846 2737 2082 2807 capiant.
2132 2737 2228 2792 Est
2262 2752 2480 2807 quoqm:
2516 2743 2662 2795 lerra
2705 2742 2958 2811 piscium,
3007 2757 3147 2810 aqua
3200 2739 3414 2795 scilicet

1846 2830 2052 2896 maris;
2082 2837 2138 2884 at
2164 2829 2612 2903 unumquodque,
2646 2832 2702 2886 in
2725 2847 2834 2902 quo
2860 2833 2982 2893 loco
3003 2831 3170 2887 fuerit
3201 2838 3415 2894 natum,

1849 2920 1964 2976 sive
1993 2920 2049 2975 in
2096 2929 2240 2975 terra
2279 2920 2393 2975 sive
2428 2919 2481 2977 in
2517 2937 2665 2988 aere,
2706 2922 2819 2977 illic
2863 2921 3035 2993 degit,
3067 2922 3312 2975 nutritur
3352 2936 3417 2975 ac

1848 3012 2101 3083 quiescit.
2131 3011 2221 3066 Sic
2243 3026 2463 3083 quoque
2490 3022 2634 3068 terra
2655 3021 2738 3068 est
2765 3012 2938 3083 patria
2972 3011 3203 3077 Satanae,
3228 3010 3284 3066 in
3313 3027 3421 3081 qua

176 3116 333 3166 γουσι
380 3097 479 3152 καὶ
528 3094 967 3167 ὲμπεριπατοῦσι
994 3133 1011 3160 ,
1062 3095 1157 3149 καὶ
1199 3093 1639 3147 ὲπαναπαύονται
1692 3094 1748 3147 αἱ

1852 3104 2076 3175 degunt,
2108 3112 2164 3158 et
2194 3102 2707 3169 eireumambulant,
2739 3118 2803 3158 ac
2836 3103 2892 3157 in
2925 3118 3032 3174 qua
3069 3103 3425 3173 requiescunt

176 3191 440 3260 δυνάμεις
479 3186 571 3241 τοῦ
607 3187 867 3253 σκότους,
900 3186 995 3240 καὶ
1031 3185 1103 3239 τά
1131 3185 1419 3257 πνεύματα
1456 3185 1556 3256 τῆς
1582 3202 1750 3256 πονηο

181 3283 325 3354 ρίας·
371 3281 469 3335 καί
505 3278 619 3335 ἐστι
645 3280 717 3351 τῇ
740 3277 977 3351 φωτεινὴ
1018 3278 1119 3348 τῆς
1157 3276 1441 3349 θεότητος,
1479 3278 1613 3331 ὅπου
1646 3278 1750 3350 ὲμ-

179 3368 548 3443 περιπατοῦσι
574 3369 671 3422 καὶ
705 3366 1148 3423 ὲπαναπαύονται
1179 3366 1236 3422 αί
1278 3365 1617 3438 παρεμϐολαὶ⁸
1643 3369 1751 3422 τῶν

183 3464 433 3532 ἀγγέλων
484 3462 578 3515 καὶ
624 3460 733 3515 τῶν
784 3458 953 3528 ἁγίων
1004 3461 1351 3527 πνευμάτων.
1413 3460 1521 3512 Καὶ
1558 3458 1679 3511 οὔτε
1717 3462 1750 3529 ἡ

188 3554 442 3626 σκοτεινὴ
475 3555 548 3623 γῆ
578 3554 691 3615 τοῖς
722 3550 1021 3621 ὀφθαλμοῖς
1057 3550 1250 3603 τούτου
1282 3549 1532 3619 σώματος
1563 3551 1755 3623 ὁραθῆ-

190 3665 291 3714 ναι,
317 3647 352 3716 ἢ
378 3644 772 3717 ψηλαφηθῆναι
798 3642 1042 3698 δύναταιο
1067 3641 1193 3695 οὕτε
1222 3643 1256 3712 ἡ
1286 3642 1358 3711 γῆ
1379 3641 1478 3711 τῆς
1503 3641 1753 3712 θεότητος

203 3736 233 3802 ἡ
280 3733 514 3805 φωτεινὴ
561 3732 910 3803 ψηλαφᾶται,
966 3732 999 3802 ἢ
1053 3733 1246 3801 ὁρᾶται
1300 3734 1413 3794 τοῖς
1473 3734 1753 3801 σαρκικοῖς

209 3824 503 3895 ὀφθαλμοῖς·
525 3827 639 3888 τοῖς
655 3823 712 3877 δὲ
732 3825 1118 3901 πνευματικοῖς
1140 3822 1471 3893 φαίνεταιτῷ
1492 3822 1755 3894 ὀφθαλμῷ

212 3912 303 3982 τῆς
330 3914 577 3983 καρδίας,
614 3913 708 3966 καὶ
748 3914 783 3984 ἡ
829 3911 1101 3983 Σατανικὴ
1141 3909 1235 3964 τοῦ
1270 3914 1527 3976 σκότους,
1580 3915 1673 3967 καί
1720 3914 1755 3983 ή

210 4003 423 4074 φωτεινὴ
451 4006 551 4076 τῆς
576 4004 851 4075 θεότητος.

262 4099 332 4151 Z'.
381 4097 471 4160 Ὠς
514 4097 571 4149 δὲ.
606 4098 635 4151 ὁ
688 4095 989 4165 λόγος-τῶν
1022 4096 1222 4161 ἔξωθεν
1251 4097 1418 4165 λέγει,
1454 4095 1601 4150 ἐστιν
1651 4097 1754 4168 ὅρη

199 4190 416 4261 πύρινα,
446 4191 526 4242 ὅτι
555 4190 672 4242 ἐκεῖ
706 4189 817 4259 πῦρ
853 4190 990 4251 ἐστι,
1026 4192 1122 4244 καὶ
1146 4189 1294 4244 ἔστιν
1322 4192 1437 4243 ἐκεῖ
1460 4189 1573 4254 ζῶα
1598 4192 1758 4260 ὃμοια

194 4284 295 4346 τοῖς
338 4281 651 4350 προϐάτοις.
694 4282 893 4336 Λοιπὸν
927 4283 975 4336 οἱ
1003 4283 1323 4355 θηρεύοντες
1353 4285 1492 4337 αὑτά
1538 4285 1757 4338 ποιοῦσι

197 4372 451 4444 σιδηροῦς
476 4375 723 4444 τροχοὺς,
753 4374 847 4428 καὶ
870 4373 1155 4445 βάλλουσιν
1179 4376 1472 4447 ἄγκιστρα,
1495 4379 1590 4430 καὶ
1615 4378 1757 4447 πέμ-

1850 3204 2146 3266 potestates
2191 3196 2541 3251 tenebrarum
2594 3205 2650 3251 et
2710 3195 2940 3266 spiritus
2986 3195 3266 3266 nequitiae.
3316 3195 3415 3249 Est

1849 3305 2070 3361 quoque
2110 3300 2253 3344 terra
2281 3289 2461 3344 lucida
2502 3287 2830 3354 divinitatis,
2868 3288 2926 3342 in
2952 3304 3060 3359 qua
3090 3288 3425 3344 circumam-

1850 3385 2045 3439 bulant
2069 3398 2131 3437 ac
2158 3383 2531 3453 requiescunt,
2559 3389 2736 3436 castra
2768 3388 2825 3435 et
2850 3380 2998 3435 acies
3024 3382 3341 3451 angelorum
3370 3385 3427 3434 et

1852 3487 2165 3531 sanctorum
2214 3474 2527 3543 spirituum.
2563 3472 2741 3540 Atque
2790 3486 2894 3525 nec
2942 3480 3085 3526 terra
3126 3471 3419 3525 tenebrosa

1852 3567 2026 3621 oculis
2052 3565 2217 3636 hujus
2260 3562 2508 3633 corporis
2558 3560 2803 3630 conspici
2847 3569 2943 3615 aut
2971 3561 3303 3615 contrectari
3329 3576 3426 3630 po-

1854 3660 1995 3719 test;
2047 3666 2151 3706 nec
2185 3659 2330 3705 terra
2356 3648 2661 3703 divinitatis
2704 3647 2884 3701 lucida
2929 3655 3305 3702 contrectatur
3330 3658 3428 3702 aut

1851 3745 2070 3799 videtur
2118 3742 2291 3797 oculis
2341 3742 2559 3796 carneis
2597 3758 2611 3793 :
2653 3739 3035 3809 spiritualibus
3075 3756 3209 3793 vero
3252 3748 3424 3809 patet,

1854 3832 2013 3888 oculo
2039 3845 2235 3900 nempe
2261 3830 2464 3893 cordis,
2500 3838 2615 3882 tum
2649 3843 2771 3897 quae
2799 3836 2883 3881 est
2916 3827 3134 3881 Satana:
3172 3843 3235 3882 ac
3272 3838 3423 3883 tene-

1855 3923 2099 3987 brarum,
2131 3932 2245 3977 tum
2278 3922 2443 3975 etiam
2468 3935 2591 3989 qua:
2618 3931 2703 3974 est
2728 3918 2907 3973 lucida
2936 3934 2999 3973 ac
3022 3919 3208 3974 divina

1926 4097 2039 4154 VII.
2077 4096 2300 4161 Verum,
2348 4104 2408 4151 ut
2462 4095 2723 4166 profanus
2752 4108 2935 4150 sermo
2980 4094 3260 4165 perhibet,
3298 4106 3430 4151 sunt

1857 4189 2081 4261 quidam
2124 4200 2339 4245 montes
2383 4189 2549 4259 ignei,
2605 4188 2732 4257 quia
2775 4187 2888 4241 illic
2933 4186 3074 4257 ignis
3121 4198 3426 4257 permanet,

1860 4292 2097 4351 suntque
2130 4281 2242 4335 illic
2281 4280 2534 4334 animalia
2561 4280 2761 4334 similia
2786 4281 3000 4335 ovibus.
3032 4278 3300 4334 Caeterum
3332 4295 3431 4333 vc-

1860 4382 2081 4428 natores
2130 4372 2198 4426 ad
2245 4386 2311 4426 ea
2353 4371 2618 4440 capienda
2657 4371 2957 4426 coniiciunt
3003 4370 3212 4425 ferreas
3260 4378 3428 4434 rotas,

195 4482 385 4519 πουσιν
422 4466 503 4528 είς
529 4466 589 4519 τὸ
611 4464 744 4536 πῦρ,
772 4468 958 4539 ἐπειδὴ
988 4469 1172 4522 ὲκεϊνα
1199 4470 1268 4523 τὰ
1288 4469 1403 4533 ζῶα
1427 4469 1488 4522 τὸ
1512 4469 1622 4543 πῦρ
1646 4470 1748 4540 ἔχει

1859 4474 1916 4521 et
1940 4467 2212 4536 proiectos
2252 4464 2441 4518 hamos
2473 4464 2700 4517 mittunt
2742 4464 2798 4517 in
2839 4464 3041 4533 ignem,
3082 4464 3433 4533 quandoqui-

198 4556 428 4623 βρῶσιν,
480 4556 541 4609 τὸ
568 4556 680 4626 πῦρ
712 4558 835 4628 ιέχει
872 4559 1029 4613 πόσιν
1049 4598 1064 4621 ,
1108 4561 1416 4614 ἀνάπαυσιν
1436 4604 1451 4627 ,
1488 4560 1715 4632 αὔξησιν
1740 4603 1756 4628 ,

199 4649 357 4721 ζωὴν,
412 4649 536 4702 ἀντὶ
578 4649 797 4703 πάντων
841 4651 902 4704 τὸ
944 4651 1054 4722 πῦρ
1106 4653 1284 4716 αὐτοῖς
1327 4653 1462 4705 ἐστι.
1512 4653 1620 4704 Καὶ
1663 4652 1759 4705 ἐὰν

202 4739 488 4811 ἐξενέγκῃς
518 4740 657 4794 αὐτά
686 4744 765 4805 είς
794 4742 953 4797 ἄλλον
981 4743 1151 4813 ἀέρα,
1183 4742 1532 4809 ἀπόλλυνται,
1572 4746 1663 4797 καὶ
1690 4745 1760 4805 τὰ

203 4830 465 4903 ἐνδύματα
494 4833 671 4889 αὐτῶν
698 4835 826 4887 ὅταν
867 4834 1112 4905 ρυπωθῇ,
1140 4837 1221 4899 είς
1255 4836 1316 4889 τὸ
1350 4834 1492 4907 ὕδωρ
1522 4838 1580 4888 οὐ
1622 4836 1760 4891 πλύ-

206 4938 392 4988 νονται,
426 4923 561 4977 ἀλλά
604 4926 682 4988 είς
725 4926 786 4978 τὸ
815 4926 948 4997 πῦρ,
980 4929 1073 4979 καὶ
1111 4926 1351 4995 γίνονται
1400 4926 1761 4998 καθαρώτερα

212 5014 288 5066 καὶ
312 5014 632 5085 λευκότερα.
665 5014 854 5079 Οῦτως
890 5010 985 5070 καὶ
1013 5017 1063 5069 oi
1089 5018 1404 5088 Χριστιανοὶ
1431 5018 1490 5071 τὸ
1529 5018 1763 5089 ἐπουρά-

214 5118 307 5155 νιον
336 5102 452 5173 πῦρ
483 5107 658 5158 ἐκεῖνο
686 5105 870 5176 ἔχουσι
897 5106 1119 5177 βρῶσιν.
1164 5109 1368 5162 Ἐκεῖνο
1405 5110 1587 5172 αὐτοῖς
1616 5109 1763 5161 ἐστιν

217 5192 521 5259 ἀνάπαυσις·
546 5196 723 5249 ἐκεῖνο
754 5196 1064 5267 καθαρίζει,
1094 5198 1190 5252 καὶ
1228 5198 1440 5265 πλύνει,
1480 5200 1575 5253 καὶ
1603 5199 1763 5267 ἁγιά-

214 5279 286 5343 ζει
309 5284 483 5338 αῠτῶν
513 5285 609 5356 τὴν
640 5285 867 5356 καρδίαν
890 5301 906 5317 ’
934 5287 1110 5340 ἐκεῖνο
1135 5286 1294 5357 φέρει
1323 5287 1517 5350 αὐτοὺς
1557 5290 1636 5350 εἰς
1660 5285 1759 5340 αῦ-

210 5370 386 5441 ξησιν·
416 5378 593 5428 ἐκεῖνο
634 5375 813 5439 αὐτοῖς
864 5375 1016 5430 ἐστιν
1054 5376 1182 5447 ἀὴρ,
1233 5377 1328 5431 καὶ
1376 5379 1510 5448 ζωή.
1558 5378 1656 5431 Ἂν
1702 5379 1760 5431 δὲ

201 5464 402 5519 ἐκεῖθεν
452 5467 778 5534 ὲξὲλθωσιν,
828 5468 1150 5523 ἀπόλλυνται
1206 5469 1312 5523 ὑπὸ
1360 5468 1465 5522 τῶν
1511 5470 1763 5542 πονηρῶν

196 5557 541 5623 πνευμάτων,
572 5558 762 5629 ὥσπερ
792 5559 909 5611 ἐκεῖ
942 5560 1011 5614 τὰ
1033 5559 1147 5624 ζῶα
1172 5559 1498 5631 ὲξερχόμενα
1526 5560 1635 5615 ἀπὸ
1670 5561 1763 5614 τοῦ

259 5732 303 5765 ⁴³
338 5731 486 5789 Psal.
520 5749 627 5800 xvr,
660 5734 715 5791 5.

1862 4556 1987 4611 dem
2015 4555 2105 4611 illa
2131 4555 2386 4608 animalia
2416 4554 2596 4623 ignem
2623 4552 2833 4608 habent
2866 4555 2990 4607 loco
3030 4552 3162 4617 cibi,
3196 4552 3430 4621 requiei,

1861 4648 2209 4711 incrementi,
2235 4648 2377 4710 vitae,
2412 4646 2659 4701 omnium
2689 4644 2928 4715 denique
2970 4644 3092 4698 loco
3134 4642 3277 4713 ignis
3325 4644 3433 4697 illis

1862 4747 1964 4794 est.
1990 4739 2069 4793 Ac
2093 4737 2140 4791 si
2166 4735 2461 4790 transferas
2482 4750 2544 4789 ea
2570 4735 2738 4790 alium
2759 4735 2817 4790 in
2840 4750 3046 4800 aerem,
3079 4742 3316 4802 pereunt
3339 4750 3353 4785 :
3376 4741 3433 4787 et

1866 4830 2186 4885 indumenta
2214 4828 2453 4891 illorum,
2504 4826 2551 4881 si
2593 4826 2801 4881 fuerint
2837 4825 3095 4881 sordibus
3125 4823 3428 4893 inquinata,

1862 4939 2004 4994 aqua
2044 4937 2152 4976 non
2189 4921 2469 4984 eluuntur,
2506 4919 2603 4975 sed
2645 4919 2778 4989 igni,
2830 4918 3077 4985 ﬁuntque
3116 4916 3335 4986 puriora
3370 4930 3434 4970 ac

1860 5011 2180 5068 candidiora
2208 5029 2221 5063 ε
2267 5010 2346 5065 sic
2372 5025 2589 5079 quoque
2614 5008 2910 5063 Christiani
2949 5022 3032 5062 eos
3052 5008 3245 5061 lestem
3279 5007 3433 5062 illum

1862 5103 2041 5173 ignem
2068 5100 2274 5155 habent
2306 5100 2425 5153 vice
2460 5098 2727 5163 alimenti,
2773 5099 2864 5151 ille
2904 5097 3038 5165 ipsis
3073 5105 3157 5151 est
3195 5096 3432 5166 requies,

1862 5195 1954 5249 ille
1984 5201 2273 5263 expurgat,
2298 5191 2466 5257 lavat,
2493 5200 2550 5246 et
2578 5190 2883 5245 sanctiﬁcat
2923 5204 3018 5244 cor
3044 5190 3260 5243 illorum
3292 5209 3305 5242 :
3344 5190 3435 5244 ille

1867 5285 2075 5355 prabet
2106 5285 2188 5339 eis
2212 5291 2624 5354 argumentum:
2659 5281 2750 5336 ille
2783 5282 2865 5336 eis
2893 5293 2974 5335 est
3008 5298 3103 5337 aer
3128 5293 3183 5336 et
3217 5281 3345 5335 vita.
3376 5281 3433 5335 Si

1869 5393 2004 5431 vero
2028 5376 2153 5430 inde
2182 5374 2554 5445 egrediantur,
2580 5372 2987 5428 interﬁciuntur
3008 5390 3038 5427 a
3062 5375 3245 5444 pravis
3268 5373 3435 5442 spiri-

1870 5470 2040 5533 tibus,
2064 5468 2213 5522 velut
2241 5467 2317 5521 ibi
2338 5466 2593 5522 animalia
2615 5466 2725 5538 igni
2747 5466 3086 5536 egredientia
3103 5466 3434 5529 moriuntur,

1871 5560 2021 5617 velut
2071 5560 2249 5630 pisces
2284 5574 2423 5630 aqua
2465 5558 2834 5630 egredientes,
2872 5558 3023 5613 velut
3062 5556 3438 5627 quadrupedia
