3966 6442
194 383 337 447 577

178 494 396 566 ρανίου
434 490 718 562 βασιλέως.
761 490 870 544 Καὶ
910 489 1096 543 λοιπὸν
1135 486 1226 541 ἐπ’
1272 484 1458 556 ἐκείνῃ
1501 486 1569 554 τῇ
1611 482 1780 552 ψυχῇ,
1810 482 1858 540 Α

175 587 358 656 λύπη
379 587 468 638 καὶ
489 584 670 654 ὀδύνη,
699 584 792 637 καὶ
822 582 1105 652 κλαυθμὸς
1134 581 1301 634 πᾶσιν
1326 579 1505 647 ἁγίοις
1532 576 1628 630 καὶ
1660 591 1782 628 νοε-

179 682 328 748 pot;
356 675 622 746 πνεύμασι
641 676 874 744 γίνεται·
896 674 1140 742 ἄγγελοι,
1162 672 1445 741 δυνάμεις,
1465 668 1780 731 ἀπόστολοι,

179 771 498 842 προφῆται.
537 770 813 840 μάρτυρες
836 766 1114 821 κλαίουσιν
1141 765 1232 817 ἐπ’
1263 764 1423 833 αὐτῇ.

279 865 358 914 1".
397 863 606 932 Ὠσπερ
648 861 758 930 γὰρ
786 858 940 928 χαρὰ
970 859 1237 928 γίγνεται
1263 856 1334 908 ὲν
1357 851 1613 922 οὐρανῷ,
1649 851 1725 914 ὡς
1753 852 1782 904 ὁ

194 957 409 1024 Κύριος
421 950 592 1016 εἶπεν,
608 952 706 1008 ἐπὶ
724 954 813 1006 ἑνὶ
835 948 1164 1021 ἁμαρτωλῷ
1175 947 1592 1019 μετανοοῦντι·
1610 943 1782 1007 οὕτως

201 1047 351 1118 λύπη
377 1047 540 1116 πολλὴ
564 1048 660 1099 καὶ⁵
685 1045 960 1115 κλαυθμὸς
993 1046 1051 1097 ἐν
1071 1043 1150 1112 τῷ
1178 1041 1392 1112 οὐρανῷ
1425 1039 1658 1108 γίνεται,
1687 1037 1782 1090 ἐπὶ

197 1141 308 1210 μιᾷ
327 1139 464 1209 ψυχῇ
490 1136 876 1208 ἀποπιπτούσῃ
891 1135 991 1204 τῆς
1014 1133 1232 1187 αἰωνίου
1269 1132 1434 1202 ζωῆς.
1462 1131 1570 1183 Καὶ
1589 1128 1781 1198 ὥσπερ

188 1235 294 1286 ἐπὶ
325 1231 424 1302 τῆς
455 1232 558 1300 γῆς
594 1230 734 1282 ἐπάν
762 1245 847 1289 τις
873 1226 1130 1289 πλούσιος
1159 1223 1408 1295 ἀποθάνῃ
1444 1222 1606 1293 ἀνὴρ,
1639 1219 1782 1292 μετὰ

189 1320 500 1392 μελῳδιῶν,
526 1320 622 1372 καὶ
655 1318 874 1389 θρήνου,
899 1317 998 1370 καὶ
1035 1314 1272 1371 κοπετοῦ
1301 1313 1654 1382 ὲκκομίζεται
1681 1308 1779 1364 τοῦ

183 1413 321 1482 βίου
373 1409 477 1463 ὑπὸ
508 1409 617 1462 τῶν
662 1409 806 1461 ἰδίων
845 1405 1124 1475 ἀδελφῶν,
1158 1405 1252 1458 καὶ
1294 1403 1432 1472 πρὸς
1465 1401 1777 1471 συγγενῶν,

181 1503 288 1556 καὶ
323 1500 514 1571 φίλων,
559 1499 656 1554 καὶ
703 1499 1036 1568 γνωρίμων
1077 1496 1251 1560 οὕτως
1290 1499 1384 1551 καὶ
1413 1497 1504 1548 ἐπὶ
1538 1498 1605 1565 τῇ
1631 1493 1778 1564 ψυχῇ

179 1595 396 1666 ἐκείνῃ
424 1594 618 1654 πάντες
649 1592 700 1645 οἱ
746 1591 890 1659 ἆγιοι
943 1588 1200 1644 πενθοῦσι
1247 1588 1388 1659 μετὰ
1427 1587 1643 1658 θρήνων
1687 1585 1782 1639 καὶ⁵

181 1685 504 1758 μελῳδιῶν.
538 1683 650 1738 Καὶ
675 1683 784 1754 γὰρ
813 1682 1047 1753 ἀλλαχοῦ
1073 1681 1229 1736 τοῦτο
1259 1685 1294 1752 ἡ
1319 1680 1512 1752 Γραφὴ
1543 1680 1782 1732 αἰνίττεά

179 1795 279 1832 ται
316 1776 573 1845 λέγουσα,
630 1773 904 1828 πέπτωκε
959 1774 1168 1839 πίτυς,
1215 1770 1504 1836 πενθεῒτε,
1537 1768 1736 1837 κέδροι
1761 1781 1777 1796 ·

180 1869 394 1939 ὥσπερ
415 1867 525 1937 γὰρ
567 1867 596 1920 ὁ
634 1866 851 1936 Ἰσραὴλ
879 1867 966 1919 ὅτε
999 1865 1175 1919 ἐδόκει
1207 1864 1522 1933 εὐαρεστεῖν
1561 1861 1641 1934 τῷ
1681 1863 1781 1913 Δε-

185 1961 422 2032 σπότῃν
440 1961 491 2012 εί
533 1959 629 2012 καὶ
673 1957 938 2028 μηδέποτε
975 1957 1035 2010 ὃν
1075 1957 1156 2010 δεῖ
1181 1955 1384 2028 τρόπον
1420 1955 1781 2026 εὐηρέστησε,

184 2052 396 2106 στύλον
410 2049 644 2120 νεφέλης
667 2045 812 2119 εἶχεν
836 2049 1250 2114 έπισκιάξοντα,
1271 2047 1370 2101 καὶ
1394 2047 1588 2100 στύλον
1609 2046 1784 2116 πυρδς

188 2141 635 2210 καταυγάζοντα,
655 2140 930 2195 θάλασσαν
957 2139 1104 2211 ἐώρα
1123 2138 1452 2210 σχιζομένην
1472 2137 1784 2209 ἔμπροσθεν

187 2233 384 2298 αὑτοῦ,
408 2234 558 2304 ὕδωρ
594 2233 660 2286 ὲκ
693 2233 901 2306 πέτρας
947 2233 1171 2300 διαυγὲς
1211 2230 1570 2301 ἐξερχόμενοι)
1606 2246 1621 2261 ·
1658 2230 1782 2282 ἐπεὶ

198 2327 257 2381 δὲ
279 2326 579 2397 ἐστρέφετο
602 2326 630 2378 ὁ
659 2323 784 2388 νοῦς
815 2324 1022 2388 αὐτῶν,
1047 2325 1142 2378 καὶ
1161 2323 1196 2392 ἠ
1219 2322 1538 2394 προαίρεσις
1552 2322 1666 2398 ,ἀπὸ
1685 2320 1780 2374 τοῦ

209 2419 358 2483 Θεοῦ,
381 2420 508 2473 τότε
537 2418 698 2489 ὄφεσι
742 2417 1114 2488 παρεδίδοντο,
1151 2415 1250 2471 καὶ
1279 2417 1392 2479 τοῖς
1434 2415 1651 2487 ἐχθροῖς
1679 2414 1781 2468 αὺ-

209 2509 329 2575 τῶν,
359 2512 416 2564 ἐν
445 2509 849 2581 αἰχμαλωσίαις
878 2509 1078 2572 δειναῖς
1107 2508 1474 2579 ἀπαγόμενοι,
1525 2508 1620 2561 καὶ
1657 2506 1782 2559 δου-

201 2600 364 2664 λείαις
395 2603 628 2672 πικραῖς
668 2599 1052 2671 ἐξεταζόμενοι
1078 2616 1092 2631 ·
1139 2600 1202 2654 τὸ
1244 2599 1380 2655 αὐτὸ
1422 2601 1642 2662 πάντως
1686 2599 1782 2651 καὶ

195 2693 288 2745 ἐπὶ
327 2691 440 2746 τῶν
474 2691 663 2762 ψυχῶν
708 2689 864 2758 ἡμῶν
896 2690 1126 2758 γίνεται.
1169 2689 1340 2744 Τοῦτο
1373 2689 1431 2742 δὲ
1471 2689 1566 2742 καὶ
1610 2689 1668 2741 ὲν
1697 2685 1782 2756 τῷ

191 2782 454 2854 προφήτῃ
505 2779 774 2852 Ἰεζεκιὴλ
817 2781 1095 2852 μυστικῶς
1142 2781 1405 2850 ἐμφαῖνον
1449 2779 1511 2832 τὸ
1557 2777 1782 2848 Πνεῦμα

191 2873 320 2942 περὶ
350 2874 453 2942 τῆς
483 2868 738 2942 τοιαύτης
779 2869 978 2941 ψυχῆς,
1013 2870 1204 2940 ὥσπερ
1251 2868 1628 2942 Ἰερουσαλὴμ,
1662 2868 1779 2921 ἐλε-

190 2980 282 3032 γεν
309 2979 325 2992 ·
353 2960 557 3032 Εὗρόν
587 2978 683 3027 σε,
721 2964 914 3036 φησὶν,
943 2963 1013 3016 ἐν
1041 2961 1116 3030 τῇ
1146 2961 1344 3031 ἐρήμῳ
1369 2960 1610 3030 γυμνὴν
1633 2997 1651 3023 ,
1680 2959 1780 3014 καὶ

194 3055 433 3110 ἐλαυσὰ
478 3073 553 3110 σε
584 3056 654 3108 ἐκ
686 3055 794 3109 τοῦ
824 3055 1043 3122 ὕδατος
1077 3054 1186 3122 τῆς
1215 3052 1593 3122 ἀκαθαρσίας
1626 3067 1779 3118 σου,

1444 369 1814 434 ΗΟΜΙΠᾸΞ.
1844 371 2120 432 -110M.
2156 357 2284 434 xv;

3358 371 3465 436 578

1887 480 2035 538 illam
2067 485 2306 538 animam
2341 483 2588 551 tristitia,
2621 483 2782 538 dolor
2813 497 2879 537 ac
2902 481 3087 537 luctus
3116 493 3310 534 omnes
3339 493 3465 533 san-

1883 583 2003 630 ctos
2030 585 2087 630 ct
2118 575 2520 631 intellectuales
2570 575 2800 645 spiritus
2835 572 3048 627 invadit
3078 589 3091 626 :
3132 570 3335 642 angeli,
3361 585 3465 641 po-

1884 677 2132 733 testates,
2181 668 2439 738 apostoli,
2479 667 2783 738 prophetae,
2830 675 3103 736 martyres
3127 663 3319 734 lugent
3345 662 3468 734 ejus

1882 759 2081 814 vicem.

1954 853 2044 908 lll.
2086 853 2558 919 Quemadmodum
2609 852 2756 906 enim
2794 851 3050 922 gaudium
3098 857 3174 904 est
3215 850 3270 902 in
3313 847 3464 912 calo,

1884 953 1947 999 ut
1975 945 2114 998 dixit
2142 944 2430 1007 Dominus,
2461 960 2620 1014 super
2647 959 2754 996 uno
2800 949 3075 1012 peccatore
3104 941 3466 1011 paenitentiam

1883 1043 2070 1106 agente
2098 1035 2164 1098 “,
2185 1035 2261 1090 ita
2285 1036 2504 1090 tristitia
2526 1036 2696 1090 multa
2712 1044 2796 1090 est
2825 1043 2883 1090 et
2901 1033 3085 1088 luctus
3111 1032 3166 1086 in
3200 1032 3340 1087 caelo
3374 1047 3467 1085 su-

1884 1143 1983 1197 per
2015 1144 2121 1182 una
2149 1129 2352 1194 anima,
2381 1144 2504 1199 quae
2537 1127 2744 1183 excidit
2765 1129 2876 1182 vita
2899 1133 3127 1182 aeterna.
3165 1125 3234 1180 Et
3275 1138 3468 1194 quem-

1883 1219 2176 1274 admodum
2224 1223 2280 1274 in
2313 1219 2497 1283 terris,
2546 1219 2592 1274 si
2638 1218 2765 1288 quis
2805 1216 3052 1286 locuples
3094 1215 3182 1270 vir
3213 1227 3467 1270 mortuus

1883 1313 2070 1377 fuerit,
2119 1329 2244 1367 cum
2287 1321 2453 1368 cantu
2497 1311 2740 1382 lugubri,
2792 1308 3188 1365 lamentatione
3217 1323 3280 1362 ac
3311 1307 3467 1376 plan-

1882 1416 1974 1461 ctu
2017 1406 2296 1460 ell‘erture
2317 1406 2425 1460 vita
2453 1421 2552 1475 per
2586 1421 2717 1460 suos
2746 1404 2964 1467 fratres,
2997 1401 3462 1471 consanguineos,

1881 1498 2089 1552 amicos
2110 1513 2175 1552 ac
2197 1497 2496 1552 familiares
2523 1514 2538 1550 :
2576 1497 2656 1552 sic
2683 1511 2906 1566 quoque
2938 1503 3167 1564 propter
3188 1508 3308 1548 eam
3339 1490 3464 1546 ani-

1881 1605 2025 1644 mam
2057 1605 2250 1645 omnes
2272 1590 2448 1647 sancti
2475 1589 2667 1660 lugent
2693 1587 3087 1644 lamentatione
3117 1600 3183 1639 ac
3219 1599 3356 1638 voce
3381 1583 3467 1638 lu-

1881 1683 2064 1754 gubri.
2093 1684 2236 1738 Alibi
2264 1683 2412 1738 enim
2439 1682 2723 1752 Scriptura
2754 1682 2820 1736 ad
2847 1681 2952 1736 hoc
2986 1679 3222 1734 obscure
3245 1675 3462 1742 alludit,

1883 1775 2144 1846 inquiens
2191 1794 2204 1830 :
2242 1777 2436 1833 Cecidit
2474 1778 2650 1847 pinus,
2695 1774 2886 1846 lugete,
2917 1773 3060 1827 cedri
3097 1771 3164 1826 ⁵⁸.
3192 1769 3466 1837 Quemad-

1883 1870 2108 1924 modum
2135 1871 2283 1925 enim
2309 1871 2546 1941 populus
2571 1868 2761 1933 Israel,
2784 1883 2910 1922 clim
2935 1867 3221 1921 videretur
3246 1864 3466 1935 placere

1883 1959 2140 2025 Domino,
2171 1962 2425 2030 quamvis
2455 1962 2607 2016 nullo
2635 1959 2820 2025 modo,
2865 1973 2976 2028 quo
3012 1956 3229 2021 debuit,
3260 1955 3311 2009 ei
3344 1955 3464 2024 pla-

1882 2054 2086 2120 cuerit,
2138 2055 2453 2110 columnam
2504 2054 2670 2109 nubis
2727 2052 2968 2108 habebat
3014 2049 3462 2112 obumbrantcm,

1885 2145 1990 2217 53
2007 2147 2387 2202 etcolumnam
2407 2147 2548 2217 ignis
2569 2146 2960 2208 illustrantem,
2978 2158 3128 2198 mare
3145 2138 3466 2196 videbatdi-

1883 2239 1997 2292 vidi
2023 2254 2209 2293 coram
2235 2238 2389 2309 ipsis,
2420 2253 2484 2292 ac
2508 2237 2792 2307 limpidam
2817 2250 3014 2305 aquam
3038 2250 3070 2290 e
3098 2242 3250 2303 petra
3279 2247 3465 2287 erum-

1884 2346 2017 2402 pere
2035 2331 2115 2384 “:
2149 2341 2440 2402 postquam
2469 2346 2602 2386 vero
2626 2344 2820 2384 aversa
2839 2337 2929 2384 est
2949 2342 3104 2382 mens
3127 2336 3184 2381 et
3210 2326 3465 2381 voluntas

1883 2439 2078 2479 eorum
2110 2439 2140 2477 a
2171 2425 2283 2480 Deo
2310 2465 2325 2489 ,
2360 2433 2474 2478 tum
2507 2423 2861 2494 serpentibus
2889 2421 3074 2476 traditi
3117 2429 3174 2475 et
3212 2419 3466 2475 hostibus

1884 2518 2021 2582 suis,
2049 2533 2113 2572 ac
2141 2519 2196 2572 in
2228 2507 2607 2588 captivitatem
2633 2515 3000 2570 miserrimam
3028 2513 3274 2576 abducti,
3299 2520 3466 2582 atque

1883 2607 2247 2664 servitutibus
2275 2609 2436 2664 duris
2468 2608 2864 2663 tentati'sunt:
2902 2606 3048 2661 idem
3077 2621 3306 2676 prorsus
3328 2619 3468 2675 quo-

1882 2708 1990 2773 que
2041 2701 2242 2756 animis
2267 2703 2474 2757 nostris
2499 2701 2790 2772 contingit.
2817 2699 2973 2766 Quod
3018 2699 3198 2769 ipsum
3243 2712 3466 2769 quoque

1881 2809 1983 2864 per
2015 2798 2345 2865 prOphetam
2372 2793 2716 2849 Ezechielem
2749 2793 2982 2864 mystice
3025 2799 3467 2846 commonstrans

1882 2883 2124 2956 Spiritus
2151 2886 2218 2941 de
2250 2885 2573 2957 hujusmodi
2608 2885 2816 2948 anima,
2851 2885 3005 2939 velut
3033 2884 3101 2938 de
3131 2883 3464 2948 Jerusalem,

1881 2975 2214 3046 loquebatur
2243 2995 2257 3032 :
2293 2976 2477 3031 Inveni
2506 2985 2573 3041 te,
2604 2975 2806 3046 inquit,
2834 2976 2893 3030 in
2918 2975 3120 3030 deserto
3154 2974 3374 3040 nudam,
3415 2983 3466 3029 et

1884 3067 2030 3122 ablui
2086 3075 2134 3122 te
2165 3086 2308 3140 aqua
2353 3069 2418 3123 ab
2447 3069 2760 3140 impuritate
2784 3078 2898 3133 tua,
2941 3076 2992 3122 et
3023 3068 3176 3122 indui
3212 3077 3262 3123 te
3305 3069 3468 3123 vesti-

188 3148 283 3201 κιιὶ
313 3146 584 3200 ἐνέδυσά
607 3164 682 3202 σε
702 3147 956 3216 ἔνδυμα,
981 3148 1081 3200 καὶ
1105 3145 1337 3215 ψέλλια
1361 3143 1684 3213 περιέθηκα
1711 3145 1777 3198 ἐν

1885 3171 2094 3227 mento,
2135 3169 2184 3214 et
2231 3160 2477 3216 armillas
2531 3161 2887 3233 circumposui
2933 3161 3180 3216 manibus
3220 3163 3365 3227 tuis,
3411 3171 3462 3216 et

186 3240 316 3304 ταῖς
351 3240 530 3308 χερσί
563 3256 703 3305 σου,
732 3229 1153 3309 καίμανιάκια
1179 3238 1314 3308 περὶ
1340 3238 1448 3292 τὸν
1473 3237 1782 3308 τράχηλόν

186 3349 302 3387 σου
326 3372 345 3396 ,
373 3333 476 3386 καὶ
504 3332 719 3386 ἐνώτια
745 3333 815 3385 ἐν
845 3332 968 3398 τοῖς
997 3333 1110 3386 ὠσί
1133 3349 1254 3387 σου
1277 3375 1293 3400 ,
1312 3333 1410 3386 καὶ
1431 3332 1646 3402 ἐγένου
1674 3349 1781 3402 μοι

187 3423 502 3495 ὀνομαστὴ
544 3425 613 3476 ἐν
646 3423 799 3480 πᾶσι
842 3423 969 3490 τοῖς
1001 3424 1207 3479 ἔθνεσι
1229 3441 1243 3454 ·
1297 3425 1648 3494 σεμίδαλιν,
1679 3424 1780 3480 καὶ

188 3518 420 3583 ἕλοιεν,
454 3517 554 3571 καί
579 3514 721 3586 μέλι
749 3518 1000 3588 ἔφαγες,
1028 3520 1128 3572 καὶ
1157 3521 1245 3586 εὶς
1271 3519 1531 3588 ὕστερον
1559 3519 1779 3574 ἐπελά-

194 3613 295 3662 θου
329 3608 452 3662 τῶν
482 3607 844 3678 εὐεργεσιῶν
871 3628 993 3679 μου
1014 3650 1030 3674 ,
1073 3611 1175 3668 καὶ
1225 3613 1556 3680 ἐπορεύθης
1583 3612 1779 3665 ὀπίσω

201 3698 310 3752 τῶν
328 3701 604 3770 ἐραστῶν
631 3717 770 3765 σου,
799 3701 898 3755 καὶ
927 3702 1306 3771 ἐπόρνευσας
1326 3704 1396 3756 ἐν
1415 3703 1705 3770 αἰσχύνῃ.

275 3793 346 3846 Δ’.
392 3791 584 3856 υῦτως
617 3792 717 3846 καὶ
734 3793 880 3864 ψυχῇ
905 3796 972 3864 τῇ
1000 3795 1085 3847 διὰ
1123 3796 1223 3864 τῆς
1251 3795 1475 3864 χάριτος
1515 3795 1776 3860 ἐπιγινω-

219 3883 407 3956 σκοὺση
427 3885 514 3938 τὸν
539 3885 694 3950 Θεὸν,
720 3886 780 3940 τὺ
815 3885 1042 3957 Πνεῦμα
1072 3891 1361 3958 παραινεῖ,
1387 3889 1509 3958 ἥτις
1541 3886 1777 3956 καθαρι-

219 3976 387 4032 absis:
403 3981 506 4035 ἀπὸ
526 3981 640 4034 τῶν
657 3980 941 4051 προτέρων
959 3980 1244 4050 ἁμαρτιῶν
1265 3981 1362 4034 καὶ
1381 3984 1494 4045 τοῖς
1509 3981 1602 4036 τοῦ
1617 3981 1778 4049 ἁγίου

207 4069 510 4142 Πνεύματος
560 4072 811 4143 κοσμίοις
849 4072 1230 4144 κοσμηθεῖσα,
1261 4073 1359 4125 καὶ
1395 4071 1779 4141 μεταλαϐοῦσα

203 4161 341 4228 Θείας
390 4165 488 4218 καὶ
537 4165 864 4236 ἐπουρανίου
909 4166 1156 4236 τροφῆς,
1212 4165 1287 4236 μὴ
1335 4164 1566 4228 δεόντως
1607 4163 1665 4217 δὲ
1720 4165 1779 4216 ὲν

201 4255 359 4326 πολλῇ
394 4255 598 4326 γνώσει
642 4257 1099 4330 ἀναστρεφομένη
1127 4298 1143 4322 ,
1174 4257 1272 4310 καὶ
1304 4255 1659 4328 ἁρμοζόντως
1701 4254 1777 4328 μὴ

195 4353 433 4422 τηροῦσα
490 4353 590 4423 τὴν
637 4354 998 4424 ὀφειλομένην
1057 4352 1138 4422 τῷ
1185 4353 1497 4426 ἐπουρανίῳ
1558 4353 1778 4424 νυμφίῳ

195 4444 417 4516 Χριστῷ
444 4443 656 4499 εὔνοιαν
675 4433 782 4500 ⁸καὶ.
827 4445 1082 4518 ἀγάπην,
1106 4445 1512 4517 ἀποῤῥίπτεται
1543 4447 1640 4500 καὶ
1679 4448 1772 4499 ὲκ-

1882 3261 2095 3323 torques
2123 3255 2265 3308 circa
2289 3252 2484 3308 collum
2515 3263 2686 3321 tuum,
2712 3266 2761 3309 et
2780 3257 2997 3312 inaures
3013 3257 3071 3311 in
3101 3256 3319 3313 auribus
3343 3259 3466 3324 tuis,

1881 3352 1932 3396 et
1963 3343 2109 3414 facta
2147 3361 2200 3398 es
2231 3346 2359 3399 mihi
2392 3348 2670 3401 nominata
2709 3349 2848 3402 inter
2876 3366 3056 3403 omnes
3082 3360 3277 3420 gentes.
3311 3349 3471 3405 Simi-

1883 3436 1993 3489 lam
2032 3444 2082 3489 et
2134 3435 2308 3490 oleum
2353 3453 2414 3490 ac
2446 3436 2552 3490 mel
2589 3439 2878 3504 comedisti,
2930 3448 2981 3492 et
3020 3440 3090 3492 ad
3139 3440 3387 3494 ultimum
3418 3458 3470 3496 es

1881 3529 2045 3582 oblita
2076 3528 2326 3596 beneﬁcia
2367 3546 2508 3584 mea.
2555 3530 2743 3586 Abiisti
2786 3542 2902 3588 vast
2946 3543 3211 3588 amatores
3253 3543 3390 3600 tuos,
3421 3543 3470 3589 et

1881 3634 1998 3673 cum
2034 3620 2232 3690 pudore
2263 3621 2528 3690 fornicata
2554 3639 2607 3676 es
2630 3623 2695 3675 ".

1950 3813 2041 3868 IV.
2085 3811 2178 3867 Sic
2207 3827 2428 3882 quoque
2458 3814 2722 3877 animam,
2753 3829 2876 3884 quae
2907 3828 3008 3884 per
3038 3814 3269 3884 gratiam
3294 3815 3468 3871 Deum

1879 3905 2183 3978 cognoscit,
2223 3905 2462 3975 Spiritus
2510 3905 2773 3960 admonet
2817 3922 2829 3959 :
2869 3921 2991 3975 quae
3025 3905 3315 3975 puriﬁcata
3341 3907 3469 3976 qui-

1880 3995 2004 4049 dem
2036 4010 2066 4048 a
2095 3993 2348 4064 pristinis
2395 3993 2655 4063 peccatis.
2688 4003 2744 4047 et
2794 3993 3035 4061 Spiritus
3084 3994 3261 4047 sancti
3308 4010 3472 4048 orna-

1879 4087 2085 4142 mentis
2107 4077 2386 4151 dccolata,
2414 4101 2479 4140 ac
2509 4084 2786 4155 particeps
2802 4086 2942 4140 facta
2958 4083 3129 4138 divini
3153 4100 3216 4140 ac
3229 4086 3472 4142 caelestis

1881 4177 2014 4242 cibi,
2066 4177 2252 4232 minus
2275 4190 2410 4231 vero
2437 4175 2700 4231 decenter
2727 4175 2782 4229 in
2808 4175 2981 4229 multa
3002 4174 3317 4244 cognitione
3345 4191 3471 4231 ver-

1879 4284 1998 4329 sata
2027 4315 2042 4339 ,
2087 4287 2192 4328 nec
2246 4268 2649 4326 convenienter
2713 4269 2955 4324 debitam
3006 4269 3218 4324 caelesti
3265 4285 3470 4340 sponso

1878 4364 2098 4420 Christo
2143 4363 2586 4419 benevolentiam
2630 4370 2685 4416 et
2708 4361 3062 4418 dilectionem
3107 4379 3464 4426 conservans,

1884 4457 2177 4528 projicitur
2207 4467 2264 4510 et
2288 4455 2605 4510 detruditur
2634 4470 2662 4508 a
2694 4454 2829 4520 vita,
2856 4456 3012 4526 cujus
3043 4465 3161 4511 erat
3191 4456 3468 4526 particeps

195 4539 449 4591 θαλλεται
471 4537 568 4608 τῆς
593 4538 740 4609 ζωῆς
766 4533 835 4610 ἦς
868 4555 1002 4592 ποτε
1037 4539 1266 4608 μέτοχος
1291 4536 1506 4607 γέγονε.
1539 4536 1774 4590 Δύναται

1888 4547 2051 4601 facta.
2088 4547 2245 4601 Valet
2280 4562 2520 4616 namque
2556 4545 2787 4601 Salanus
2819 4547 2904 4601 vel
2934 4547 3205 4602 adversus
3223 4564 3341 4610 eos,
3371 4551 3465 4619 qui

196 4631 293 4701 γὰρ
326 4632 356 4684 ὁ
395 4631 643 4696 Σατανᾶς
684 4633 780 4686 καὶ
820 4630 959 4702 μετὰ
1004 4629 1114 4684 τῶν
1152 4631 1386 4701 ἐχόντων
1414 4628 1642 4682 τοιαῦτα
1677 4629 1776 4698 μέ-

196 4737 290 4790 τρα
343 4720 668 4791 ἐπαίρεσθαι
720 4721 818 4776 καὶ
869 4721 1135 4792 ὑψοῦσθαι
1161 4759 1176 4785 ,
1212 4721 1306 4774 καὶ
1336 4719 1480 4772 κατὰ
1535 4719 1645 4772 τῶν
1683 4719 1776 4773 τὸν

199 4795 321 4867 θεὸν
362 4816 424 4868 ὲν
470 4813 656 4886 χάριτι
689 4814 786 4869 καὶ
817 4814 1048 4883 δυνάμει
1095 4813 1455 4881 ὲπιγνόντων,
1505 4814 1690 4882 ἀκμὴν
1740 4815 1773 4883 ή

203 4908 354 4960 κακία
382 4907 699 4976 ἐπαίρεται,
730 4909 829 4961 καὶ
862 4905 1189 4974 ἀγωνίζεται
1224 4906 1554 4976 διαταράξαι.
1596 4908 1771 4974 Ἀγω-

205 4997 398 5050 νιστέον
432 4997 615 5050 τοίνυν
666 4999 760 5051 καὶ
796 4996 1254 5068 παραφυλακτέον
1301 4999 1395 5050 καὶ
1433 4998 1581 5068 ἡμᾶς
1629 4999 1778 5068 πάσῃ

213 5087 408 5142 συνέσει
433 5087 586 5158 μετὰ
610 5089 798 5158 φόϐου
821 5090 938 5159 τὴν
958 5089 1189 5144 ἑαυτῶν
1229 5091 1534 5157 σωτηρίαν
1571 5107 1778 5159 κατερ-

213 5177 498 5246 γάζεσθαι,
527 5180 712 5245 καθὼς
757 5182 1092 5254 γέγραπται.
1131 5183 1288 5236 Ὀσοι
1310 5177 1406 5236 οὖν
1433 5182 1649 5253 μέτοχοι
1681 5183 1777 5236 τοῦ

214 5267 511 5342 ﬂuitante;
546 5271 786 5344 Χριστοῦ
814 5274 1110 5343 γεγόνατε,
1145 5276 1202 5327 ὲν
1231 5276 1424 5348 μηδενὶ
1463 5277 1775 5348 πράγματι,

208 5361 344 5430 μήτε
361 5365 430 5418 ,ὲν
477 5365 663 5436 μικρῷ
710 5365 852 5436 μήτε
881 5366 940 5420 ὲν
987 5367 1208 5438 μεγάλῳ
1233 5410 1246 5432 ,
1285 5371 1778 5440 καταφρονητικῶς

197 5454 469 5527 διατεθῆτε
491 5499 508 5524 ,
536 5459 630 5511 καὶ
658 5457 758 5530 τὴν
788 5457 950 5529 χάριν
978 5459 1074 5512 τοῦ
1108 5459 1425 5529 Πνεύματος
1457 5462 1531 5531 μὴ
1562 5462 1779 5532 ἐνυϐρί-

196 5565 342 5619 σητε,
375 5549 469 5602 ἵνα
503 5549 576 5620 μὴ
618 5549 718 5620 τῆς
759 5548 909 5620 ζωῆς
949 5551 1106 5615 ἐκτὸς
1147 5553 1379 5622 γένησθε
1402 5592 1418 5618 ,
1452 5547 1522 5624 ἧς
1557 5554 1778 5624 μέτοχοι

193 5640 283 5712 ἤδη
318 5643 609 5712 γεγόνατε.

1885 4641 1951 4695 ad
1975 4642 2076 4695 hos
2103 4639 2307 4710 gradus
2337 4649 2730 4712 pervenerunt,
2753 4641 3038 4711 insurgere
3062 4641 3336 4696 etelcvari
3365 4658 3378 4694 :
3409 4650 3467 4695 et

1884 4734 2150 4789 adversus
2172 4750 2288 4799 eos,
2317 4737 2411 4805 qui
2444 4734 2618 4790 Deum
2649 4735 2704 4789 in
2735 4734 2910 4805 gratia
2939 4744 2998 4788 et
3028 4735 3236 4790 virtute
3266 4749 3467 4804 cogno-

1881 4833 2103 4888 verunt,
2135 4824 2316 4877 adhuc
2340 4824 2587 4894 nequitia
2618 4824 2876 4896 insurgit,
2910 4840 2975 4879 ac
3002 4832 3236 4879 conatur
3251 4837 3347 4878 eos
3368 4823 3466 4878 de-

1882 4916 2130 4971 turbare.
2158 4915 2615 4971 Contendendum
2641 4916 2809 4984 igitur
2836 4930 2901 4970 ac
2929 4915 3235 4984 prudenter
3265 4929 3467 4968 caven-

1883 5007 2012 5063 dum
2036 5023 2257 5078 quoque
2287 5007 2449 5062 nobis
2481 5016 2588 5074 est,
2614 5017 2671 5060 ut
2694 5024 2812 5060 cum
2839 5010 3029 5061 timore
3061 5012 3302 5059 nostram
3325 5007 3469 5077 ipso-

1881 5118 2002 5154 rum
2029 5100 2257 5155 salutem
2290 5115 2570 5170 operemur
2588 5098 2656 5164 “,
2691 5109 2751 5152 ut
2781 5099 3049 5167 scriptum
3079 5106 3184 5153 est.
3217 5097 3467 5165 Quicun-

1881 5207 1989 5264 que
2019 5191 2188 5264 igitur
2219 5191 2519 5262 participes
2551 5190 2792 5260 Spiritus
2820 5189 3026 5244 Christi
3056 5189 3184 5244 l‘acti
3218 5191 3373 5254 estis,
3412 5191 3469 5245 in

1881 5285 2032 5339 nulla
2067 5299 2148 5347 re,
2185 5283 2299 5339 sive
2349 5299 2517 5354 parva
2557 5282 2674 5337 sive
2705 5295 2936 5352 magna,
2973 5282 3336 5353 contemptim
3392 5281 3468 5336 ita

1879 5379 2001 5434 sitis
2027 5378 2212 5435 animo
2246 5378 2535 5450 dispositi,
2570 5388 2633 5434 ut
2665 5379 2781 5435 haec
2824 5382 3196 5436 contemnatis
3221 5424 3237 5447 ,
3287 5396 3468 5450 neque

1879 5469 2109 5541 gratiam
2171 5470 2414 5542 Spiritus
2480 5475 2815 5530 contumelia
2876 5475 3163 5540 alliciatis,
3227 5491 3298 5530 ne
3354 5477 3466 5531 vita

1878 5561 2192 5633 privemini,
2226 5565 2386 5636 cujus
2408 5564 2708 5636 participes
2735 5565 2866 5622 facti
2897 5567 3087 5622 cratis.

259 5823 305 5858 “
335 5825 476 5882 Luc.
505 5844 591 5890 xv,
623 5828 676 5880 7.
755 5827 802 5856 ⁸⁵
825 5826 992 5882 Zach.
1033 5845 1106 5891 xu,
1139 5831 1194 5884 2.
1273 5831 1318 5862 ⁸⁸
1357 5829 1643 5885 Exod.xm
1685 5830 1777 5885 2|:

1884 5847 1935 5898 ν,
1968 5832 2058 5890 19.
2137 5832 2179 5866 ‘7
2203 5832 2404 5889 Ezecb.
2431 5850 2536 5890 xw.
2577 5835 2610 5891 6
2632 5850 2749 5906 seq.
2824 5835 2870 5869 ⁸⁸
2907 5837 3148 5911 Philipp.
3177 5853 3239 5904 ll,
3268 5836 3359 5894 12.

506 5919 782 5980 Parnm.
824 5919 944 5980 Gn.
975 5921 1268 5984 XXXIV.

2901 5930 2980 5992 19
