3966 6430
571 354 676 419 579

1817 350 1879 409 S.
1921 346 2241 408 MACARII
2280 346 2602 408 EGYPTII

3746 350 3828 414 580

646 466 710 521 V.
734 462 846 518 Hoc
874 464 1053 532 ipsum
1073 462 1255 517 denuo
1279 460 1332 515 in
1356 460 1462 515 alia
1484 474 1718 531 persona
1734 458 1934 514 dicam.
1956 456 2145 525 Quem-

2330 460 2392 513 E.
2421 458 2534 513 Kal.
2548 457 2711 513 πάλιν
2736 456 2911 529 ἑτέρῳ
2938 457 3230 531 προσώπῳ
3246 456 3421 523 λέξω.
3442 458 3654 531 Ὠσπερ
3678 463 3830 527 δοῦλος

579 555 876 613 admodum
923 571 1117 610 servus
1164 553 1427 624 palatium
1476 552 1697 621 aliquod
1743 552 2043 622 ingressus,
2088 560 2152 606 ut

576 655 778 702 tractet
812 661 939 701 vasa
962 645 1279 708 ministerii,
1308 661 1375 698 ex
1400 644 1545 713 regis
1570 643 1730 697 bonis
1753 643 1944 709 sumit,
1966 642 2151 697 nudus

574 758 699 796 cum
747 741 861 808 ipse
892 741 1128 802 venerit,
1161 750 1325 809 atque
1366 740 1422 793 in
1458 737 1593 808 ipsis
1612 736 1835 792 vasibus
1870 752 1994 806 quae
2021 745 2151 791 sunt

575 832 741 900 regis,
774 831 1049 885 ministrat
1077 831 1222 900 regi:
1246 838 1503 884 caeterum
1526 828 1617 883 hic
1639 843 1833 900 magna
1856 828 2149 899 prudentia

575 938 639 977 ac
659 922 868 993 judicio
902 938 1040 991 opus
1065 932 1169 984 cst,
1201 938 1267 976 ne
1293 932 1492 992 praeter
1520 921 1787 977 decorum
1818 920 1952 991 quid
1980 920 2150 974 mini-

573 1025 731 1078 stret,
766 1016 869 1069 alia
901 1031 999 1084 pro
1031 1016 1156 1069 aliis
1181 1016 1460 1069 esculenta
1490 1030 1774 1085 apponens
1806 1014 1969 1084 regia:
1991 1029 2149 1067 men-

572 1123 668 1172 s33,
698 1109 793 1162 sed
827 1118 887 1161 ut
928 1108 1122 1162 ordine
1168 1115 1406 1173 servato,
1451 1107 1629 1177 prima
1673 1117 1836 1177 atque
1867 1115 2147 1177 postrema

572 1211 809 1270 apponat
837 1200 1078 1265 cibaria;
1110 1200 1195 1254 sin
1230 1216 1363 1254 vero
1393 1216 1460 1254 ex
1505 1200 1812 1270 ignorantia
1858 1216 1923 1255 ac
1952 1199 2146 1270 iudicii

572 1294 789 1348 defectu
821 1309 930 1347 non
960 1294 1111 1364 juxta
1147 1292 1401 1347 ordinem
1427 1293 1541 1363 regi
1572 1292 1867 1353 ministret.
1896 1292 2149 1362 periculo

572 1385 845 1453 mortique
883 1384 1155 1438 obnoxius
1197 1383 1289 1437 fit:
1319 1384 1402 1438 sic
1428 1393 1485 1439 et
1503 1384 1706 1449 anima,
1732 1400 1855 1453 quae
1888 1385 1943 1438 in
1972 1385 2147 1455 gratia

570 1488 627 1533 et
658 1477 863 1547 Spiritu
914 1476 1284 1532 ministerium
1324 1477 1439 1531 Deo
1478 1476 1725 1539 exhibet,
1773 1485 2033 1531 accurato
2060 1477 2150 1548 ju-

571 1568 718 1622 dicio
746 1575 801 1622 et
832 1569 1147 1638 cognitione
1182 1569 1411 1639 indiget,
1446 1584 1518 1623 ne
1550 1568 1683 1638 quid
1718 1569 1938 1624 aberret
1964 1570 2020 1623 in
2046 1584 2146 1623 va-

570 1660 725 1714 sibus
764 1659 987 1727 divinis,
1033 1669 1129 1714 aut
1159 1660 1470 1714 ministerio
1513 1660 1785 1729 spirituali
1816 1702 1831 1727 ,
1867 1661 2145 1731 propriam

570 1753 933 1815 voluntatem,
965 1768 1074 1806 non
1107 1762 1499 1819 congruentem
1534 1753 1743 1824 gratiae,
1781 1753 2014 1809 habens.
2048 1753 2146 1808 Li-

570 1853 660 1897 cet
690 1842 861 1907 enim,
908 1852 969 1897 ut
1014 1842 1207 1912 utique
1238 1842 1292 1896 in
1328 1842 1636 1898 ministerio
1664 1841 1962 1913 spirituali,
1996 1842 2146 1912 quod

571 1937 711 1990 clam
767 1950 868 2005 per
911 1935 1232 1989 interiorem
1284 1935 1561 1990 hominem
1617 1936 1919 2006 peragitur.
1979 1943 2037 1992 et
2090 1935 2147 1990 in

569 2028 813 2097 propriis
851 2027 1094 2091 vasibus,
1131 2027 1237 2082 hoc
1284 2036 1387 2092 est,
1436 2027 1636 2099 spiritu
1685 2028 1931 2098 proprio,
1964 2027 2148 2084 anima

571 2119 805 2174 Domino
848 2120 1147 2175 ministret.
1193 2120 1417 2190 Absque
1464 2135 1597 2176 vero
1630 2121 1727 2177 Dei
1761 2122 2008 2186 vasibus,
2041 2121 2148 2178 hoc

570 2219 676 2273 est,
708 2210 915 2279 absque
958 2210 1153 2280 gratia.
1199 2211 1539 2282 impossibile
1567 2221 1653 2269 est
1678 2213 1992 2284 quempiam
2033 2212 2148 2268 Deo

569 2302 800 2368 servire,
833 2303 939 2357 hoc
966 2309 1053 2358 est
1089 2304 1311 2374 placere
1357 2302 1414 2358 in
1455 2319 1788 2374 quacunoue
1813 2304 1912 2359 Dei
1950 2304 2149 2361 volun-

569 2404 702 2452 tate.

641 2557 732 2613 VI.
772 2557 842 2613 At
877 2556 970 2612 ubi
999 2556 1275 2628 acceperit
1306 2558 1557 2629 gratiam,
1603 2566 1719 2613 tum
1766 2572 1981 2614 summa
2010 2572 2149 2629 pru-

570 2647 759 2702 dentia
789 2654 953 2716 atque
976 2646 1186 2717 judicio
1218 2662 1359 2719 opus
1382 2656 1486 2713 est,
1514 2662 1636 2719 qua:
1659 2647 1828 2704 etiam
1863 2648 1985 2719 ipsa
2010 2663 2149 2704 con-

570 2741 717 2795 cedit
751 2741 896 2795 Deus
919 2741 1116 2796 animze
1143 2757 1174 2795 a
1197 2758 1256 2798 se
1284 2742 1609 2813 postulanti,
1644 2750 1709 2797 ut
1736 2742 2066 2814 gravissima
2093 2740 2147 2798 ei

566 2833 741 2904 possit
767 2832 1031 2887 exhibere
1053 2833 1276 2888 servitia
1301 2833 1357 2888 in
1378 2833 1614 2905 Spiritu,
1640 2848 1809 2904 quem
1832 2833 2063 2904 accipit;
2090 2841 2149 2889 et

566 2927 623 2981 in
656 2926 808 2980 nullo
831 2926 1085 2980 vincatur
1105 2941 1136 2980 a
1161 2926 1368 2980 malitia
1392 2936 1557 2996 atque
1588 2925 1837 2992 fallatur,
1865 2941 1964 2997 per
1989 2925 2148 2997 igno-

570 3021 825 3084 rantiam,
855 3018 1223 3073 temeritatem
1253 3032 1318 3073 ac
1341 3018 1731 3090 negligentiam
1761 3035 1976 3084 aversa,
2005 3032 2148 3089 prae-

528 3121 765 3189 ,terque
817 3108 1080 3164 decorum
1121 3109 1415 3164 Dominicae
1442 3110 1744 3167 voluntatis
1794 3112 1976 3167 omnia
2021 3128 2147 3182 per-

568 3217 737 3273 agens
762 3219 775 3255 :
798 3202 927 3272 quia
957 3200 1311 3271 supplicium,
1345 3216 1500 3257 mors
1534 3212 1591 3257 et
1612 3202 1800 3258 luctus
1827 3202 2142 3275 hujusmodi

573 3293 682 3364 54
711 3293 950 3347 animam
985 3300 1191 3346 manet.
1236 3292 1391 3358 Quod
1423 3292 1591 3347 etiam
1635 3292 1798 3348 divus
1847 3293 2146 3363 Apostolus

567 3386 708 3440 dixit
740 3403 754 3439 :
786 3385 864 3441 Ne
894 3385 1029 3455 forte
1052 3402 1171 3439 cum
1199 3384 1320 3439 aliis
1351 3386 1769 3457 prwdicaverim,
1817 3387 1928 3457 ipse
1960 3402 2145 3458 repro-

565 3478 662 3531 bus
692 3477 887 3547 eﬂiciar
921 3477 987 3531 ιν.
1020 3475 1187 3533 Vides
1212 3492 1336 3531 cum
1373 3476 1471 3532 Dei
1516 3477 1798 3548 apostolus
1827 3486 1996 3543 esset,
2033 3494 2146 3549 quo

563 3570 731 3624 fuerit
758 3569 989 3624 timore?
1018 3567 1387 3625 Obsecremus
1412 3569 1578 3641 igitur
1601 3570 1914 3636 Dominum,
1947 3579 2007 3626 ut
2028 3586 2146 3627 ser-

561 3659 759 3714 vitium
790 3658 1029 3729 Spiritus
1048 3659 1350 3715 secundum
1366 3661 1708 3716 voluntatem
1731 3662 1854 3733 ejus
1875 3661 1930 3716 in
1951 3662 2146 3733 primis

561 3751 943 3815 exhibeamus,
1002 3751 1319 3822 quicunque
1365 3750 1569 3824 gratiae-
1602 3751 1806 3807 divinze
1849 3752 2145 3823 participes

560 3844 691 3899 facti
738 3859 952 3911 sumus,
983 3859 1165 3915 neque
1209 3854 1394 3899 mente
1425 3843 1495 3898 ad
1537 3852 1920 3914 contemptum
1950 3842 2143 3915 dispo-

563 3940 668 3991 sita
700 3937 1082 4001 convivamus,
1115 3946 1175 3991 ut
1202 3936 1308 3993 hoc
1341 3935 1506 3991 modo
1533 3936 1843 4007 gratissima
1867 3937 1981 3991 Deo
2009 3951 2143 3991 con-

560 4031 874 4086 versatione
919 4036 1162 4093 utentes,
1209 4044 1276 4085 ac
1321 4028 1598 4099 spirituali
1642 4028 1795 4084 cultu
1836 4027 2143 4084 secundum

558 4124 900 4179 voluntatem
939 4122 1060 4194 ejus
1088 4122 1165 4177 illi
1202 4122 1602 4189 ministrantes,
1627 4131 1848 4179 aeternae
1875 4122 2001 4177 vitae
2029 4121 2143 4177 hae-

560 4216 854 4271 reditatem
885 4230 1198 4272 cernamus.

630 4308 745 4363 VII.
777 4304 975 4363 Morbo
1013 4309 1061 4364 si
1109 4307 1235 4378 quis
1282 4309 1516 4373 laborat,
1556 4318 1737 4363 tamen
1769 4307 1890 4364 ﬁeri
1937 4316 2141 4380 potest,

562 4408 624 4453 ut
653 4399 699 4454 is
728 4400 974 4455 membra
1000 4400 1251 4471 quaedam
1284 4401 1453 4455 illaesa
1479 4415 1546 4456 ac
1575 4415 1708 4456 sana
1736 4400 1959 4467 habeat,
2002 4415 2141 4456 ocu-

2252 549 2348 604 ὲὰν
2386 548 2605 621 εἰσᾶλθῃ
2636 550 2695 601 ὲν
2718 548 2999 619 παλατίῳ,
3031 548 3409 620 ὑπηρετῆσαι
3451 550 3522 604 τὰ
3564 552 3724 623 σκεύη
3750 556 3827 625 τῆς

2252 640 2560 712 ὑπηρεσίας
2581 679 2598 702 ,
2629 642 2693 695 ὲκ
2732 638 2844 695 τῶν
2873 639 2968 694 τοῦ
3014 640 3299 712 βασιλέως
3325 643 3687 713 ὑπαρχόντων
3714 646 3827 715 λαμ-

2250 731 2406 786 ϐάνει
2425 772 2440 799 ,
2470 731 2633 795 αὐτὸς
2673 732 2731 785 δὲ
2758 730 2968 803 γυμνὸς
2995 732 3358 803 εἰσέρχεται,
3389 732 3493 787 xa'l.
3519 735 3579 786 ὲν
3609 738 3716 798 τοῖς
3752 737 3825 791 τοῦ

2250 824 2518 898 βασιλέως
2548 825 2799 881 σκεύεσιν
2840 828 3107 899 ὑπηρετεῖ
3133 826 3224 897 τῷ
3253 826 3515 897 βασιλεῖ·
3545 830 3721 883 λοιπὸν
3742 824 3821 884 ὧδε

2250 917 2453 989 πολλῆς
2496 919 2765 982 συνέσεως
2814 919 2910 973 καὶ
2950 920 3294 992 διακρίσεως
3328 920 3497 991 χρεία
3524 960 3542 985 ,
3601 922 3683 975 ἴνα
3717 927 3820 994 μήτι

2250 1012 2406 1082 παρὰ
2437 1011 2499 1064 τὸ
2517 1010 2635 1064 δέον
2662 1011 2957 1084 διακονήσῃ
2980 1051 2995 1076 ,
3026 1013 3166 1067 ἄλλα
3196 1016 3330 1067 ἀντὶ
3372 1014 3556 1068 ἄλλων
3585 1016 3819 1086 ἐδέσματα

2250 1098 2562 1168 εἰσαγαγὼν
2600 1104 2669 1173 τῇ
2718 1100 2817 1155 τοῦ
2857 1102 3121 1172 βασιλέως
3168 1104 3477 1176 τραπέζῃ,
3526 1105 3659 1160 ἀλλὰ
3708 1109 3815 1162 κατὰ

2249 1194 2573 1249 ἀκολουθίαν
2603 1195 2671 1249 τὰ
2698 1196 2893 1266 πρῶτα
2912 1198 3007 1251 καὶ
3044 1198 3115 1252 τὰ
3145 1198 3370 1269 ἔσχατα
3399 1200 3624 1273 παραθῇ
3652 1204 3810 1256 σιτίαο

2249 1287 2298 1337 εἰ
2343 1285 2400 1338 δὲ
2440 1287 2582 1339 κατά
2618 1288 2845 1355 ἄγνοιαν
2887 1292 2982 1343 καὶ
3023 1290 3394 1361 ἀδιακρισίαν
3446 1292 3524 1362 μὴ
3560 1293 3809 1365 διακονήσῃ

2248 1376 2327 1443 τῷ
2378 1375 2590 1447 βασιλεί
2633 1379 2901 1450 καθεξῆς,
2938 1383 3189 1436 κινδύνου
3244 1385 3350 1439 καὶ
3396 1385 3626 1439 θανάτου
3667 1386 3809 1457 ἔνοχος

2247 1469 2509 1538 τυγχάνει
2535 1486 2549 1499 ·
2574 1470 2748 1535 οὓτως
2767 1472 3024 1544 καὶψυχὴ
3045 1476 3105 1526 ὲν
3127 1478 3203 1547 τῇ
3238 1476 3436 1547 χάριτι
3461 1477 3556 1531 καὶ
3584 1478 3657 1548 τῷ
3677 1479 3807 1531 Πνεύ-

2252 1577 2386 1630 ματι
2436 1561 2765 1617 διακονοῦσα
2807 1564 2887 1635 τῷ
2935 1566 3094 1635 Θεῷ,
3126 1567 3350 1637 πολλῆς
3401 1569 3713 1636 διακρίσεως
3736 1572 3803 1622 καὶ

2247 1651 2505 1722 γνώσεως
2535 1654 2729 1727 χρῄζει
2755 1695 2771 1720 ,
2802 1658 2950 1722 ὅπως
2980 1659 3111 1729 μήτι
3141 1661 3336 1731 σφαλῇ
3370 1663 3431 1715 ἐν
3454 1665 3568 1727 τοῖς
3594 1663 3678 1715 τοῦ
3704 1664 3801 1716 Θεοῦ

2251 1744 2525 1814 σκεύεσιν,
2567 1748 2737 1819 ῆγουν
2781 1752 2848 1821 τῇ
2892 1750 2988 1804 τοῦ
3029 1750 3372 1823 Πνεύματος
3420 1755 3691 1826 διακονίᾳ,
3728 1757 3797 1827 τὴν

2179 1814 2221 1869 Β
2255 1838 2392 1892 ίδίαν
2417 1814 2739 1912 προαίρεσιν
2766 1814 2847 1914 μῆ
2872 1814 3288 1914 συμφωνοῦσαν
3319 1814 3391 1919 τῆ
3419 1850 3599 1919 χάριτι
3625 1814 3791 1920 έχουσα.

2256 1934 2412 1987 Ἐστι
2448 1932 2560 2005 γὰρ
2603 1936 2664 1987 ὲν
2688 1937 2754 2007 τῇ
2788 1935 2885 1990 τοῦ
2930 1937 3263 2009 Πνεύματος
3309 1941 3562 2012 διακονίᾳ
3588 1943 3791 2014 κρυπτῶς

2250 2024 2357 2079 ὑπὸ
2389 2025 2486 2080 τοῦ
2528 2027 2637 2081 ἔσω
2678 2028 2965 2099 ἀνθρώπου
3009 2033 3430 2105 ἐπιτελουμένη
3454 2075 3469 2100 ,
3518 2037 3607 2090 καὶ
3641 2038 3692 2088 ὲν
3714 2037 3793 2097 τοῖς

2253 2114 2407 2177 ίδίοις
2440 2116 2664 2171 σκεύεσι
2691 2157 2706 2184 ,
2738 2120 2988 2174 τουτέστι
3028 2120 3110 2192 τῷ
3152 2123 3447 2193 πνεύματι
3473 2124 3627 2177 αὑτοῦ
3651 2123 3788 2178 bum-

2248 2206 2460 2263 νεῖσθαι
2489 2208 2582 2263 τὸν
2625 2209 2832 2282 Κύριον
2875 2210 2985 2265 ὑπὸ
3024 2211 3123 2282 τῆς
3166 2211 3386 2283 ψυχῆς.
3442 2215 3596 2268 Ἀνευ
3628 2214 3676 2267 δὲ
3709 2213 3790 2265 τῶν

2248 2301 2421 2357 αὐτοῦ
2449 2304 2686 2369 σκευῶν,
2714 2305 2965 2360 τουτέστι
2992 2306 3094 2376 τῆς
3137 2308 3378 2379 χάριτος
3397 2351 3414 2375 ,
3444 2310 3676 2363 ἀδύνατόν
3692 2323 3780 2361 τινα

2247 2395 2328 2467 τῷ
2351 2395 2473 2468 Θεῷ
2494 2396 2835 2469 διακονῆσαι,
2855 2400 3162 2469 τουτέστιν,
3181 2402 3555 2474 εὐαρεστῆσαι
3570 2405 3636 2465 el,-
3647 2403 3774 2456 πάντα

2247 2488 2319 2541 τὰ
2351 2487 2448 2542 τοῦ
2479 2488 2616 2542 Θεοῦ
2649 2489 2957 2562 Θελήματα.

2321 2582 2415 2648 ς’.
2457 2581 2569 2636 Καὶ
2594 2582 2725 2636 ὅταν
2762 2582 2903 2655 λάϐῃ
2953 2584 3054 2656 τὴν
3101 2586 3301 2658 χάριν,
3353 2588 3453 2642 καὶ
3494 2588 3598 2640 τότε
3619 2582 3753 2650 tellit

2250 2670 2525 2736 συνέσεως
2579 2673 2676 2729 καὶ
2705 2673 3029 2747 διακρίσεως
3071 2678 3278 2748 χρεία,
3348 2679 3497 2751 ἅπερ
3540 2677 3611 2732 καὶ
3631 2673 3745 2728 suis:

2249 2764 2413 2828 αὐτὸς
2439 2764 2656 2819 δίδωσιν
2688 2766 2827 2839 αὐτῇ
2872 2767 3111 2840 ζητούσῃ
3154 2772 3317 2840 παρὰ
3346 2768 3517 2833 Θεοῦ.
3566 2770 3671 2827 ὅπως
3690 2764 3748 2815 εὖ·

2249 2856 2497 2926 αρέστως
2517 2857 2666 2930 αὐτῷ
2688 2859 2986 2933 διακονήσῃ
3008 2862 3067 2915 ἐν
3083 2862 3168 2934 τῷ
3191 2864 3476 2935 Πνεύματι
3501 2863 3527 2916 δ
3548 2858 3752 2930 λαμσάνειι

2248 2951 2345 3004 καὶ
2374 2951 2433 3004 ἐν
2473 2951 2665 3023 μηδενὶ
2703 2956 2881 3026 κρατῇ
2934 2955 3043 3009 ὑπὸ
3071 2956 3178 3027 τῆς
3231 2958 3435 3021 κακίας
3491 2956 3573 3009 καὶ
3613 2949 3755 3020 σφαλῇν

2249 3043 2357 3096 ὑπὸ
2393 3044 2618 3113 ἀγνοίας
2665 3048 2761 3099 καὶ
2800 3046 3034 3116 ἀφοϐίας
3077 3052 3179 3105 καὶ
3229 3052 3492 3123 ἀμελείας
3541 3060 3755 3119 παρατρι-

2172 3155 2215 3215 c
2249 3138 2413 3189 πείσα
2432 3175 2448 3201 ,
2479 3137 2574 3191 καὶ
2603 3136 2758 3210 παρὰ
2787 3140 2850 3192 τὸ
2879 3139 2999 3196 δέον
3028 3141 3127 3195 τοῦ
3166 3142 3495 3198 Δεσποτικοῦ
3526 3134 3757 3207 biceps-551‘

2249 3230 2385 3301 μένη
2426 3229 2769 3302 θελήματος.
2815 3233 2942 3288 ἐπεὶ
2980 3239 3264 3309 τιμωρία,
3302 3240 3397 3292 καί⁷
3440 3237 3661 3294 θάνατος,
3690 3224 3755 3277 καὶ

2246 3321 2444 3385 πένθος
2469 3326 2536 3395 τῇ
2564 3326 2792 3401 τοιαύτῃ
2822 3326 2973 3381 ἔσται
2999 3327 3149 3399 ψυχῇ
3181 3347 3194 3360 ο
3234 3328 3263 3381 δ
3293 3330 3390 3382 καὶ
3423 3328 3449 3379 ὁ
3477 3325 3597 3385 θεῖός
3634 3332 3757 3387 φησιν

2258 3413 2601 3481 Ἀπόστολος⁸
2619 3419 2715 3489 Μή
2742 3436 2867 3487 πως
2890 3420 3103 3487 ἄλλοις
3126 3422 3402 3491 κηρύξας
3421 3416 3574 3480 αὐτὸς
3596 3410 3756 3465 ἀδόκι-

2240 3520 2357 3574 μος
2384 3505 2641 3577 γένωμαι
2662 3525 2678 3540 ο
2707 3512 2875 3583 ὁρᾷς,
2915 3512 3223 3578 ἀπόστολος
3278 3513 3355 3566 ὢν
3382 3510 3462 3565 τοῦ
3495 3503 3636 3563 Θεοῦ,
3666 3494 3756 3551 οἷον

2245 3591 2360 3666 εἶχε
2400 3598 2589 3666 φόϐον;
2623 3601 3105 3674 Παρακαλέσωμεν
3152 3606 3341 3660 τοίνυν
3361 3604 3443 3657 τὸν
3470 3597 3597 3658 θεὸν,
3626 3592 3752 3649 ὅπως

2244 3686 2347 3757 τὴν
2377 3688 2655 3746 διακονίαν
2685 3690 2781 3744 τοῦ
2812 3692 3129 3763 Πνεύματος
3162 3694 3307 3748 κατὰ
3338 3694 3398 3747 τὸ
3423 3686 3562 3744 αὑτοῦ
3584 3681 3749 3749 θέλημα

2243 3777 2659 3853 διακονήσωμεν
2689 3783 3004 3856 ἐξαιρέτως,
3039 3786 3157 3841 ὅσοι
3185 3790 3288 3857 τῆς
3319 3786 3522 3857 χάριτος
3551 3774 3624 3830 τοῦ
3644 3766 3743 3825 Θεοῦ

2243 3871 2533 3943 ἐτύχομεν,
2554 3873 2650 3930 καὶ
2678 3876 2754 3946 μὴ
2776 3879 2844 3946 τῇ
2865 3880 3322 3949 καταφρονητικῇ
3351 3874 3578 3943 ωζῶμεν
3598 3861 3736 3929 ἑννοίίν

2244 3961 2334 4015 ἵνα
2388 3961 2566 4028 οὕτως
2608 3966 2919 4039 εὐαρέστως
2968 3969 3120 4040 αύτῷ
3175 3968 3628 4033 πολιτευσάμενοι,
3670 3952 3730 4005 καὶ

2243 4060 2595 4129 πνευματικῇ
2625 4057 2851 4133 λατρεία
2880 4064 3022 4117 κατὰ
3050 4063 3112 4116 τὸ
3147 4064 3363 4133 θέλημα
3396 4055 3548 4115 αὐτοῦ
3574 4042 3720 4117 λατρεύ·

2245 4160 2440 4211 σαντες
2469 4147 2653 4219 αὐτῷ,
2691 4151 2791 4221 τὴν
2824 4150 3044 4206 αἰώνιον
3078 4150 3233 4225 ζωὴν
3262 4146 3698 4223 κληρονομήσωμενο

2316 4329 2391 4382 Ζ’.
2440 4329 2753 4384 Ἀσσενειαν
2781 4329 3090 4402 περίκειται
3118 4348 3238 4396 τις,
3275 4346 3369 4384 και
3392 4302 3733 4402 WW7“

2248 4420 2385 4492 μέλη
2419 4419 2567 4491 ἔχειν
2598 4421 2762 4476 αὐτὸν
2791 4399 2957 4492 ὑγιᾶ,
2987 4410 3269 4494 ὀφθαλμὸν
3302 4422 3429 4482 ἴσως
3463 4413 3624 4483 ἁνίκ’

560 4491 678 4546 lum
708 4490 968 4547 videlicet
996 4492 1246 4556 visionis,
1278 4502 1374 4547 aut
1416 4491 1564 4549 aliud
1597 4493 1911 4548 membrum
1946 4510 1961 4547 :
2008 4492 2141 4548 reli-

2246 4484 2628 4585 ὲτερονξνὰλλὰ
2659 4515 2730 4569 τὰ
2768 4484 3103 4587 λοιπὰνμέλη
3133 4484 3457 4586 ὴξράνισταν
3498 4503 3636 4558 οὖτωῖ
3654 4484 3734 4587 if“

560 4603 669 4657 qua
699 4604 829 4643 vero
863 4587 1105 4642 membra
1128 4588 1445 4643 adiciuntur
1476 4607 1489 4643 :
1521 4588 1602 4645 sic
1631 4604 1851 4659 quoque
1885 4589 2052 4644 habet
2082 4605 2142 4646 se

561 4696 651 4735 res
680 4680 736 4735 in
761 4679 1160 4750 spiritualihus.
1183 4680 1474 4735 Probabile
1494 4691 1598 4745 est,
1630 4683 1945 4751 quempiam
1969 4695 2143 4736 mem-

559 4772 658 4828 bra
705 4773 935 4843 spiritus
976 4774 1081 4827 tria
1125 4773 1332 4829 habere
1382 4789 1533 4841 sana,
1569 4774 1667 4830 sed
1698 4791 1809 4829 non
1849 4784 2141 4846 prOpterea

559 4865 840 4936 perfectus
864 4875 967 4920 est.
1002 4864 1168 4921 Vides
1196 4874 1331 4936 quot
1354 4866 1556 4938 gradus
1584 4877 1641 4921 et
1666 4867 1814 4921 modi
1845 4867 1958 4922 sint
1980 4867 2142 4937 spiri-

560 4969 650 5012 tus
682 4976 695 5011 :
728 4958 1004 5027 quomodo
1051 4974 1150 5028 per
1195 4967 1380 5029 partes
1427 4957 1725 5014 defaecetur
1764 4973 1829 5013 ac
1857 4958 2141 5013 minuatur

558 5048 789 5115 malitia,
816 5058 874 5103 et
901 5065 1012 5104 non
1038 5065 1148 5104 uno
1181 5061 1486 5106 momento.
1520 5049 1808 5115 Universa,
1837 5066 1960 5121 quae
1987 5059 2140 5115 sunt,

557 5136 908 5206 providentia
929 5154 995 5192 ac
1016 5137 1427 5208 dispensatione
1448 5138 1636 5193 divina
1665 5137 1826 5202 ﬁunt,
1852 5147 1969 5193 tum
1989 5139 2139 5209 quod

557 5228 772 5283 oriatur
823 5229 927 5293 sol,
972 5237 1089 5284 tum
1120 5230 1266 5301 quod
1293 5245 1486 5285 omnes
1512 5239 1778 5287 creaturae
1803 5239 2028 5302 propter
2055 5248 2143 5287 re-

559 5337 752 5392 gnum,
778 5320 925 5391 quod
944 5321 1298 5378 hzercditario
1320 5326 1442 5394 jure
1462 5325 1769 5394 possessuri
1802 5334 1935 5379 sunt
1954 5325 2139 5390 electi,

558 5411 715 5467 factae
741 5412 873 5480 sint,
902 5419 963 5466 ut
980 5412 1267 5484 paciﬁcum
1296 5429 1360 5468 ac
1386 5429 1453 5469 ex
1482 5415 1776 5470 concordia
1798 5418 2138 5473 constituant

558 5516 811 5573 regnum.

626 5595 763 5649 \‘lll.
802 5590 1013 5651 Debent
1040 5596 1210 5667 igitur
1238 5596 1535 5654 Christiani
1564 5616 1663 5670 per
1692 5617 1872 5657 omnia
1910 5614 2137 5659 conten-

630 5778 679 5808 ”
718 5778 742 5831 l
768 5778 896 5833 Cor.
925 5798 1000 5850 ix,
1030 5782 1123 5837 ‘27.

2244 4583 2352 4660 καὶ*
2371 4608 2452 4671 είς
2483 4608 2547 4661 τὸ
2576 4583 2974 4679 πνευματικόνξ
3000 4583 3169 4673 Είκόςν
3187 4583 3316 4663 *τινα
3339 4605 3478 4675 ἔχειν
3504 4592 3610 4664 ὑγιᾶ
3636 4583 3731 4679 μέλη

2241 4696 2337 4751 τοῦ
2366 4701 2680 4768 πνεύματος
2714 4670 2841 4770 τρία
2862 4742 2878 4767 ,
2930 4699 3047 4754 ἀλλ’
3095 4670 3157 4754 οῦ
3208 4670 3552 4768 παρὰ-’τοῦτο
3587 4670 3733 4773 τέλειξς

2243 4792 2411 4846 ἐστιν.
2461 4792 2625 4863 Ὁρᾷς
2657 4793 2815 4846 πόσοι
2842 4792 3041 4865 βαθμοί
3063 4796 3170 4848 είσι
3202 4794 3294 4847 καὶ
3324 4789 3487 4861 μέτρα
3508 4775 3588 4834 τοῧ
3610 4781 3728 4865 Ἔνθ’

2246 4896 2435 4950 ματος·
2620 4881 2763 4935 κατὰ
2809 4861 2974 4953 [lepos
3010 4884 3307 4949 διῦλίζεται
3354 4878 3443 4933 καὶ
3482 4861 3730 4926 λε⁶ιττύν¹⁶⁸δ⁵²ι

2243 4973 2304 5025 τὸ
2334 4973 2526 5037 κακὸν,
2549 4975 2645 5027 καὶ
2675 4975 2777 5047 οὐχ
2807 4975 2976 5041 ἅπαξ.
3005 4977 3140 5049 ’Ὀλη
3162 4979 3195 5047 ἡ
3230 4974 3444 5046 πρόνοια
3470 4963 3553 5019 καὶ
3577 4956 3727 5049 om“):
3828 4978 3829 4995 ³

2247 5063 2346 5132 μία
2375 5062 2472 5117 τοῦ
2507 5033 2714 5137 Κυρίου
2734 5033 2878 5131 ,ηκαὶ
2922 5033 2985 5122 τὸ
3018 5033 3329 5123 ἀνατέλλειν
3373 5062 3455 5115 τὸν
3482 5055 3625 5126 ἦλι⁰ν⁹
3662 5033 3728 5137 {at

2243 5126 2423 5210 ίπάντα
2473 5156 2542 5211 τὰ
2575 5126 3082 5231 δημιουργήματα,
3117 5161 3205 5215 διὰ
3253 5159 3347 5229 τὴν
3395 5126 3724 5238 βασιλεωΪῖ

2246 5247 2502 5315 μέλλουσι
2532 5214 2909 5321 κληρονομεῖν⁵
2929 5252 2979 5305 oi
3013 5214 3258 5307 ἐκλεκτοὶ
3278 5214 3572 5316 ,ἰτείόνασθ
3595 5222 3663 5325 Ῠιὸξ
3684 5214 3726 5325 ἢ

2241 5340 2341 5409 τὴν
2370 5340 2653 5412 εἰρηνικὴν
2681 5343 2776 5396 καὶ
2808 5343 2928 5397 καθ’
2953 5346 3206 5415 ὁμόνοιαν
3230 5338 3467 5404 συστῆναι
3488 5317 3717 5398 βασιλειαν-

2318 5610 2398 5664 ll'.
2453 5609 2789 5677 Ὀφείλουσιν
2818 5608 2911 5667 οὖν
2950 5614 2997 5665 οἱ
3023 5602 3329 5681 λριστιανοὶ
3350 5601 3421 5660 είς
3444 5588 3589 5645 πάντα
3609 5573 3714 5638 ἀτω⁴
