3966 6448
202 368 344 435 581

1463 366 1831 430 HOMILIIE.
1858 393 1927 402 -—
1952 369 2136 430 ΗΘΜ.
2181 371 2303 432 XV.

3381 372 3485 437 582

204 481 497 550 νίζεσθαι,
544 482 640 537 καὶ
670 482 807 555 μήτε
842 481 1047 555 κρίνειν
1090 479 1226 545 ὅλως
1275 477 1432 547 τινὰ,
1482 482 1559 552 μὴ
1603 480 1810 553 πόρνην

1923 480 2067 544 dere,
2118 498 2298 553 neque
2347 485 2574 540 omnino
2597 484 2846 556 judicare
2884 487 3216 557 quempiam,
3256 504 3325 543 ne
3359 490 3485 559 qui-

206 576 608 649 προεστῶσαν,
642 576 717 646 μὴ
744 575 1124 647 ἁμαρτωλοὺς,
1150 576 1182 645 ἢ
1207 575 1495 645 ἀτάκτους,
1523 574 1635 628 ἀλλ’
1662 574 1805 644 ἁπλῇ

208 670 548 741 προαιρέσει
594 668 691 721 καὶ
734 667 960 739 καθαρῷ
992 665 1255 737 ὀφθαλμῷ
1298 666 1509 741 ¹πάντας
1549 667 1704 737 ὀρᾷν,
1741 665 1809 719 ἵν’

208 763 452 834 ὑπάρχῃ
477 759 635 814 τοῦτό
666 778 772 813 τινι
812 759 887 823 ὡς
932 758 1162 827 φυσικὸν
1191 760 1286 812 καὶ
1332 757 1561 829 πηκτὸν,
1602 757 1809 827 μηδένα

218 854 545 919 ὲξουδενεϊν,
582 853 722 922 μήτε
747 850 1083 921 ἀνακρίνειν,
1104 850 1137 921 ἢ
1161 849 1567 921 βδελύσσεσθαι,
1602 847 1635 919 ἢ
1664 848 1810 919 ἔχειν

230 944 426 1005 αὐτοὺς
451 942 507 994 ὲν
538 939 826 1012 διακρίσει.
857 939 1254 1009 Μονόφθαλμον
1276 939 1372 993 ὲάν
1407 938 1521 1010 ἴδῃς
1545 979 1560 1003 ,
1590 940 1665 1009 μὴ
1695 939 1812 992 διας

232 1034 430 1105 κριθῇς
466 1032 523 1085 ἐν
560 1034 627 1103 τῇ
674 1031 872 1103 καρδία
900 1048 997 1084 σου
1019 1071 1033 1095 ,
1067 1031 1182 1084 ἀλλ’
1211 1030 1287 1093 ὡς
1315 1032 1458 1099 ὑγιεῖ
1492 1031 1641 1103 αὐτῷ
1673 1029 1810 1100 πρόο

225 1143 385 1195 σχες·
416 1123 499 1178 τὸν
545 1124 736 1192 ἔχοντα
766 1124 967 1195 κνλλὴν
1014 1123 1114 1193 τὴν
1151 1124 1339 1194 χεῖρα,
1378 1123 1453 1187 ὡς
1505 1125 1580 1197 μὴ
1616 1126 1812 1180 κεκυλ-

220 1216 486 1285 λωμένην
520 1214 596 1268 ίδε
616 1256 631 1281 ,
666 1216 758 1269 τὸν
786 1215 958 1287 χωλὸν
988 1213 1064 1277 ὼς
1101 1214 1283 1285 ὀρθὸν,
1314 1213 1407 1267 τὸν
1438 1217 1810 1288 παραλυτικὸν

216 1308 303 1371 ὡς
338 1308 664 1374 ὑγιαίνονταο
690 1306 826 1377 αὕτη
852 1307 959 1376 γάρ
979 1308 1180 1376 ἐστινὴ
1211 1307 1523 1378 καθαρότης
1550 1310 1647 1380 τῆς
1674 1328 1813 1380 καρ-

215 1400 353 1463 δίας
377 1440 396 1464 ,
430 1399 511 1452 ίνα
541 1398 664 1453 ἰδὼν
686 1400 812 1463 τοὺς
845 1399 1207 1468 ἁμαρτωλοὺς
1241 1400 1273 1469 ἢ
1309 1399 1556 1464 ἀσθενεῖς
1586 1418 1810 1473 συμπα-

216 1492 443 1565 θήσεις,
472 1492 565 1545 καὶ
596 1490 967 1561 εῦσπλαγχνος
996 1491 1082 1544 ἐπ’
1124 1493 1308 1556 αὐτοῖς
1337 1496 1490 1564 γενῇ’
1524 1494 1812 1565 συμϐαίνει

214 1584 340 1653 γὰρ
373 1583 463 1635 καὶ
491 1583 674 1651 ἁγίους
720 1585 929 1655 Κυρίου
981 1583 1305 1647 καθέζεσθαι
1337 1586 1420 1647 εἰς
1463 1584 1666 1657 θέατρα
1717 1586 1813 1640 καὶ

216 1676 456 1746 βλέπειν
482 1676 579 1745 τὴν
616 1676 830 1747 ἀπάτην
865 1675 958 1728 τοῦ
989 1677 1198 1746 κόσμου
1218 1693 1231 1707 '
1265 1676 1421 1731 αὐτοὶ
1460 1676 1516 1730 δὲ
1550 1678 1690 1732 κατά
1719 1678 1812 1734 τὸν

217 1768 341 1821 ἔσω
373 1766 657 1837 ἄνθρωπον
684 1768 906 1823 λαλοῦσι
939 1770 1076 1840 μετά
1103 1769 1196 1823 τοῦ
1222 1769 1357 1823 Θεοῦ
1380 1809 1394 1834 ,
1428 1770 1524 1825 καὶ
1552 1771 1694 1824 κατά
1717 1771 1812 1825 τὸν

219 1861 340 1927 ἔξω
363 1861 647 1931 ἄνθρωπον
672 1861 957 1930 φαίνονται
978 1863 1089 1925 τοῖς
1115 1862 1411 1933 ὀφθαλμοῖς
1440 1862 1516 1928 ὡς
1547 1864 1812 1935 θεωροῦν-

220 1967 319 2014 τες
354 1949 423 2003 τὰ
460 1952 518 2003 ὲν
547 1948 624 2020 τῷ
654 1949 846 2021 κόσμῳ
872 1950 1155 2021 γινόμενα.

297 2132 382 2185 Θ’.
424 2129 627 2200 ¹Ἄλλην
659 2124 750 2183 οῦν
776 2128 991 2199 ἔχουσιν
1017 2131 1069 2184 οἱ
1098 2133 1353 2201 κοσμικοὶ
1381 2132 1661 2202 ἐνέργειαν
1708 2133 1813 2187 ὑπὸ

225 2226 322 2277 τοῦ
349 2222 661 2293 πνεύματος
689 2225 787 2293 τῆς
816 2222 1022 2294 πλάνης
1057 2224 1150 2277 τοῦ
1178 2229 1393 2295 φρονεῖν
1426 2226 1497 2279 τὰ
1528 2230 1709 2297 γήϊνα.
1747 2228 1812 2280 υἱ

233 2317 287 2368 δὲ
316 2315 643 2386 Χριστιανοὶ
671 2314 838 2384 ἄλλην
870 2316 1052 2384 ἔχουσι
1085 2316 1430 2387 προαίρεσιν,
1479 2318 1637 2373 ἄλλον
1663 2318 1811 2384 νοῦν,

246 2407 391 2459 ἄλλον
412 2404 612 2468 αἰῶνός
642 2405 799 2470 εἰσιν,
832 2404 1000 2475 ἄλλης
1024 2404 1255 2469 πόλεως.
1293 2405 1517 2476 Πνεῦμα
1542 2408 1649 2479 γὰρ
1677 2406 1815 2461 Θεοῦ

247 2499 485 2549 κοινωνεῖ
513 2497 634 2560 ταῖς
660 2495 861 2566 ψυχαῖς
899 2496 1101 2558 αὐτῶν,
1139 2498 1236 2549 καὶ
1266 2498 1642 2552 καταπατοῦσι
1666 2500 1818 2553 ἀντι-

241 2592 510 2661 κείμενον.
537 2590 854 2658 Γέγραπται
872 2589 980 2660 γάρ
1000 2606 1015 2620 ·
1037 2588 1339 2659 Ἒσχατος
1360 2590 1572 2660 ἐχθρὸς
1600 2607 1818 2660 καταρ-

233 2682 419 2750 γεῖται
468 2683 503 2735 ὀ
547 2679 821 2746 θάνατος.
878 2681 941 2734 Ol
988 2680 1099 2751 γὰρ
1130 2680 1407 2745 θεοσεϐεῖς
1448 2682 1666 2735 πάντων
1711 2684 1820 2737 alat

231 2773 516 2825 δεσπόται.
557 2771 725 2825 Πάλιν
758 2770 815 2823 δὲ
850 2771 901 2824 ol
936 2769 1125 2841 χαῦνοι
1154 2774 1222 2842 τῇ
1251 2772 1433 2826 πίστει
1459 2812 1475 2838 ,
1510 2774 1605 2829 καὶ
1635 2775 1820 2849 ἀμαρ-

228 2863 433 2928 τωλοὶ,
468 2861 605 2925 ὅλως
642 2861 750 2915 είσὶ
784 2861 990 2927 δοῦλοι,
1027 2863 1259 2935 καὶπῦρ
1287 2865 1484 2928 αὐτοὺς
1522 2867 1689 2934 καίει,
1719 2869 1822 2923 καὶ

230 2953 381 3017 λίθος
406 2952 505 3005 καὶ
528 2949 680 3021 ξίφος
706 2952 1017 3008 ἀποκτείνει
1042 2968 1058 2984 °
1107 2956 1203 3011 καὶ
1233 2956 1538 3012 τελευταῖον
1567 2958 1821 3031 δαίμονες

230 3042 418 3098 αὐτῶν
454 3040 1004 3111 κατακυριεύσουσιν.

1916 573 2043 628 dem
2073 576 2429 630 meretricem
2464 578 2842 646 prostitutam,
2871 593 2977 633 nec
3007 590 3342 649 peccatores,
3382 596 3487 635 nec

1911 663 2190 730 lureones,
2242 665 2339 719 sed
2387 664 2624 734 simplici
2668 666 2978 721 intentione
3023 681 3088 721 ac
3140 682 3283 736 puro
3325 668 3489 723 oculo

1911 769 2103 810 omnes
2126 758 2409 826 aspicere;
2432 763 2493 810 ut
2515 757 2587 811 sit
2612 757 2720 811 hoc
2746 757 2962 812 cuidam
2985 758 3140 828 quasi
3166 759 3416 814 naturale
3433 768 3489 814 et

1914 848 2162 916 inﬁxum,
2215 865 2285 905 ne
2340 865 2673 920 quemquam
2728 859 3063 917 contemnat,
3115 867 3216 906 nec
3254 852 3486 922 judieet,

1911 951 2008 996 aut
2033 942 2401 1008 abominetur,
2435 949 2531 997 aut
2569 942 2717 1010 ipsos
2749 942 2949 998 habeat
2983 944 3039 997 in
3073 944 3388 999 dicrimine.
3429 944 3489 999 Si

1913 1034 2266 1089 monoeulum
2298 1034 2599 1104 aspexeris,
2644 1050 2714 1091 ne
2743 1034 3015 1106 dijudices
3066 1036 3123 1090 in
3173 1036 3340 1091 corde
3369 1044 3487 1102 tuo,

1912 1126 2009 1181 sed
2040 1142 2167 1181 eum
2196 1126 2427 1196 perinde
2455 1144 2519 1182 ac
2562 1129 2609 1183 si
2640 1144 2806 1184 sanus
2834 1139 2979 1185 esset
3026 1129 3242 1185 intuere
3267 1147 3281 1195 ;
3332 1145 3491 1183 man-

1912 1234 2038 1277 cum
2061 1219 2298 1288 aliquem
2319 1235 2481 1273 manu
2510 1221 2737 1276 minime
2756 1221 2925 1276 veluti
2949 1223 3259 1277 mutilatum
3284 1222 3490 1292 aspice,

1913 1311 2171 1365 claudum
2201 1312 2351 1366 velut
2380 1321 2567 1366 erecto
2595 1327 2823 1381 corpore
2854 1312 3224 1379 incedentem,
3276 1314 3492 1385 paraly—

1913 1399 2083 1455 ticum
2118 1400 2269 1453 velut
2309 1415 2524 1454 sanum.
2574 1399 2700 1453 Haec
2745 1401 2892 1454 enim
2931 1411 3016 1457 est
3043 1403 3259 1472 puritas
3282 1401 3489 1466 cordis,

1914 1501 1976 1545 ut
2000 1491 2135 1546 visis
2164 1492 2551 1563 peccatoribus
2582 1503 2678 1547 aut
2721 1493 2975 1561 inﬁrmis,
3009 1495 3383 1565 eompatiaris,
3425 1509 3491 1550 ac

1914 1582 2231 1636 misericors
2256 1598 2382 1653 erga
2414 1601 2511 1640 eos
2539 1584 2635 1639 sis.
2680 1582 2963 1656 Contingit
3006 1586 3174 1649 enim,
3222 1593 3283 1639 ut
3314 1585 3491 1640 sancti

1913 1681 2133 1742 qquue
2166 1673 2408 1741 Domini,
2442 1677 2593 1732 velut
2621 1676 2677 1730 in
2708 1676 2932 1746 specula
2962 1675 3239 1742 sedentes,
3273 1674 3491 1745 prospi-

1915 1764 2062 1819 ciant
2110 1765 2465 1836 deceptiones
2514 1767 2751 1835 mundi;
2804 1768 3008 1839 quippe
3053 1768 3148 1839 qui
3184 1768 3489 1823 secundum

1916 1858 2236 1914 interiorem
2264 1859 2545 1916 hominem
2571 1876 2696 1915 eum
2721 1862 2834 1916 Deo
2852 1862 3265 1932 colloquuntur,
3292 1875 3491 1916 secun-

1913 1949 2046 2005 dum
2098 1966 2230 2006 vero
2279 1953 2611 2007 exteriorem
2667 1952 2949 2007 hominem
2996 1961 3263 2023 apparent
3316 1952 3492 2009 oculis

1913 2044 2071 2114 quasi
2110 2054 2361 2115 spectare
2389 2060 2475 2111 ea,
2504 2061 2627 2116 quae
2660 2046 2793 2100 ﬁant
2821 2046 2877 2100 in
2900 2046 3127 2101 mundo.

1986 2138 2081 2193 IX.
2110 2138 2287 2193 Aliam
2337 2138 2503 2210 igitur
2546 2140 2751 2195 habent
2797 2141 3088 2196 saeculares
3141 2142 3407 2196 virtutem
3460 2155 3493 2195 a

1916 2230 2118 2300 spiritu
2160 2232 2389 2298 erroris,
2422 2242 2483 2287 ut
2513 2232 2729 2302 sapiant
2760 2232 3020 2288 videlicet
3045 2242 3282 2291 terrena.
3328 2230 3493 2287 Chri-

1916 2325 2081 2380 stiani
2115 2340 2249 2379 vero
2282 2325 2443 2379 aliam
2489 2325 2695 2381 habent
2740 2325 3124 2389 intentionem,
3172 2325 3338 2379 alium
3373 2325 3494 2380 ani-

1916 2428 2102 2479 mum,
2137 2414 2276 2468 alius
2310 2424 2440 2470 sunt
2491 2414 2700 2480 saeculi,
2749 2415 2892 2469 alius
2939 2414 3195 2469 civitatis.
3256 2413 3494 2484 Spiritus

1918 2505 2065 2560 enim
2119 2506 2215 2560 Dei
2264 2506 2583 2561 societatem
2631 2506 2733 2561 init
2772 2522 2898 2561 cum
2930 2506 3149 2560 illorum
3185 2506 3404 2569 animis,
3439 2517 3497 2563 et

1919 2599 2247 2653 conculcant
2272 2599 2670 2655 adversarium.
2721 2599 2998 2669 Scriptum
3047 2599 3193 2654 enim
3223 2609 3307 2654 est
3335 2616 3347 2653 :
3380 2598 3495 2653 Νο-

1918 2691 2157 2744 uissimas
2188 2692 2347 2744 hostis
2378 2691 2616 2745 aboletur
2640 2708 2779 2745 mors
2803 2693 2869 2745 '°.
2909 2692 3078 2746 Deum
3110 2692 3255 2747 enim
3278 2692 3372 2762 qui
3402 2708 3495 2746 ve-

1918 2791 2204 2849 nerantur,
2235 2784 2479 2838 omnium
2520 2795 2651 2839 sunt
2683 2784 2911 2840 domini.
2943 2786 2986 2841 Ε
3015 2785 3296 2841 contrario
3329 2800 3494 2850 vero,

1920 2877 2013 2946 qui
2036 2874 2168 2933 lenti
2192 2886 2321 2932 sunt
2345 2876 2449 2932 ﬁde
2476 2894 2539 2933 ac
2563 2890 2897 2949 peceatores,
2929 2880 3147 2950 penitus
3170 2887 3297 2934 sunt
3322 2879 3489 2943 servi,

1922 2968 2064 3039 ignis
2096 2984 2192 3023 eos
2219 2970 2353 3033 urit,
2384 2971 2634 3041 lapisque
2656 2980 2713 3026 et
2734 2971 2949 3041 gladius
2970 2987 3067 3027 eos
3094 2971 3391 3039 interﬁcit;
3431 2988 3495 3027 ac

1923 3060 2144 3115 tandem
2173 3060 2450 3117 daemones
2476 3062 2911 3119 dominabuntur
2936 3064 2992 3118 in
3018 3080 3149 3119 eos.

297 3134 365 3187 I'.
399 3131 745 3200 Ἐρώτησις.
776 3133 849 3187 El
880 3131 951 3187 ἐν
980 3133 1055 3204 τῇ
1078 3134 1417 3193 ἀναστάσει
1433 3138 1549 3193 ὅλα
1578 3140 1648 3195 τὰ
1662 3139 1816 3211 μέλη

1996 3152 2062 3208 Χ.
2116 3153 2493 3225 Interrogatio.
2551 3155 2739 3211 Utrum
2787 3157 2844 3211 in
2881 3157 3260 3211 resurrectione
3315 3159 3498 3212 omnia

230 3226 595 3281 ἀνίστανται
620 3241 641 3291 ;

315 3317 687 3384 Ἀπόκρισις.
729 3316 820 3391 Τῷ
846 3317 969 3391 Θεῷ
1001 3318 1178 3373 πάντα
1215 3318 1415 3375 εὖκολά
1439 3324 1575 3390 ἐστι,
1609 3326 1705 3380 καὶ
1730 3324 1824 3378 οῦ-

233 3425 347 3471 τως
373 3406 743 3479 ἐπηγγείλατο
774 3423 790 3440 ο
821 3410 1141 3485 ἀνθρωπίνῃ
1175 3411 1231 3466 δὲ
1259 3413 1514 3487 ἀσθενείᾳ
1542 3418 1637 3471 καὶ
1677 3416 1825 3485 λογι-

236 3500 361 3571 σμῷ
400 3499 595 3571 ὥσπερ
631 3500 894 3555 ἀδύνατον
939 3502 1099 3557 τοῦτο
1146 3506 1566 3575 καταφαίνεται.
1608 3508 1822 3580 Ὠσπερ

236 3593 345 3663 γὰρ
392 3592 505 3645 ἀπὸ
551 3591 645 3646 τοῦ
682 3593 805 3663 χοὸς
838 3596 932 3648 καὶ
970 3597 1071 3666 τῆς
1099 3599 1205 3669 γῆς
1252 3600 1434 3654 λαϐὼν
1483 3602 1512 3653 ὀ
1541 3602 1673 3667 Θεὸς
1696 3641 1712 3669 ,
1744 3603 1824 3667 ὡς

244 3683 404 3754 δλλην
437 3684 561 3736 τινὰ
590 3684 754 3753 φύσιν
784 3686 1156 3741 κατεσκεύασε
1187 3690 1285 3761 τὴν
1314 3690 1409 3744 τοῦ
1442 3692 1696 3762 σώματος
1744 3695 1822 3765 μὴ

252 3779 481 3832 ὶοικυῖαν
500 3780 569 3849 τῇ
600 3780 671 3849 γῇ
694 3818 709 3844 ,
738 3780 833 3832 καὶ
855 3780 990 3851 γένη
1032 3782 1204 3836 πολλὰ
1243 3784 1521 3855 ἐποίησεν,
1564 3782 1675 3840 οἷον
1702 3787 1822 3857 τρί-

258 3887 379 3938 χας,
409 3872 502 3924 καὶ
532 3871 739 3941 δέρμα,
773 3875 869 3926 καὶ
891 3873 1057 3927 ὀστέα
1077 3914 1092 3938 ,
1125 3875 1219 3929 καὶ⁵
1238 3875 1405 3948 νεῦρα
1437 3893 1450 3906 ο
1482 3876 1577 3929 καὶ
1608 3877 1667 3930 ὃν
1698 3877 1819 3949 τρό-

262 3977 354 4013 πον
378 3962 674 4034 βαλλομένη
712 3966 876 4037 ραφὶς
911 3967 991 4029 εἰς
1024 3964 1135 4037 πῦρ
1158 4005 1175 4031 ,
1209 3967 1470 4022 ἀλλάσσει
1499 3970 1599 4039 τὴν
1631 3971 1820 4041 χρόαν,

254 4053 336 4106 καὶ
367 4054 764 4125 μεταϐάλλεται
810 4058 890 4119 εἰς
942 4059 1076 4127 πῦρ·
1136 4057 1388 4129 μέντοιγε
1433 4061 1467 4130 ὴ
1518 4060 1681 4129 φύσις
1726 4060 1822 4114 τοῦ

250 4144 467 4217 σιδήρου
483 4147 585 4199 οὐκ
609 4147 874 4219 ἀνῃρέθη,
901 4148 1036 4202 ἀλλὰ
1069 4149 1422 4222 συνέστηκεν·
1448 4151 1619 4217 οὕτως
1651 4153 1745 4207 καὶ
1767 4157 1823 4207 ὲν

246 4240 308 4309 τῇ
343 4238 641 4292 ἀναστάσει
672 4240 771 4293 ὅλα
796 4239 866 4293 τὰ
900 4241 1036 4311 μέλη
1060 4242 1401 4309 ἀνίστανται,
1431 4244 1530 4298 καὶ
1559 4245 1689 4312 θρὶξ
1711 4248 1824 4300 οὐκ

240 4333 583 4386 ἀπόλλυται
609 4373 625 4397 ,
656 4332 841 4396 καθὼς
887 4336 1196 4404 γέγραπται
1228 4376 1241 4400 ,
1273 4338 1367 4389 καὶ
1410 4336 1507 4390 ὅλα
1548 4338 1823 4405 γίγνονται

240 4422 545 4490 φωτοειὸἧ,
582 4421 675 4475 ὅλα
709 4424 789 4486 εἰς
824 4422 939 4491 φῶς
970 4424 1064 4477 καὶ
1100 4425 1210 4495 πῦρ
1243 4426 1561 4496 βάπτονται,
1592 4430 1685 4481 καὶ
1720 4446 1821 4498 με·

1927 3245 2165 3299 membra
2192 3256 2493 3317 resurgant.

1995 3336 2302 3408 Responsio.
2350 3339 2466 3394 Deo
2491 3340 2675 3394 omnia
2706 3340 2885 3395 facilia
2916 3353 3061 3401 sunt.
3104 3352 3158 3397 et
3190 3358 3270 3399 sic
3296 3344 3502 3414 promi-

1923 3429 1995 3485 sit
2020 3446 2034 3482 :
2077 3430 2330 3485 humanae
2354 3446 2489 3486 vero
2517 3430 2880 3487 imbecillitati
2910 3442 2967 3487 et
2994 3433 3310 3504 cogitationi
3350 3436 3503 3489 velut

1925 3525 2263 3594 impossibile
2284 3525 2388 3579 hoc
2411 3524 2650 3580 videtur.
2687 3525 3158 3592 Quemadmodum
3181 3528 3327 3582 enim
3354 3528 3501 3585 Deus

1922 3629 1955 3669 e
1980 3616 2205 3685 pulvere
2235 3624 2292 3670 et
2338 3624 2485 3671 terra
2528 3631 2773 3682 sumens,
2808 3617 2960 3671 velut
3012 3618 3177 3672 aliam
3206 3620 3500 3688 quamdam

1924 3716 2179 3761 naturam
2235 3706 2521 3771 condidit,
2587 3716 2843 3762 naturam
2906 3708 3171 3762 nimirum
3226 3711 3497 3779 corporis,

1924 3805 2087 3851 teme
2135 3797 2320 3853 minus
2364 3798 2622 3863 similem,
2684 3808 2741 3854 et
2788 3814 2988 3870 genera
3043 3801 3213 3855 multa
3266 3802 3496 3869 creavit,

1923 3890 2075 3944 velut
2101 3890 2261 3959 pilos,
2291 3891 2513 3960 pellem,
2543 3906 2667 3945 ossa
2691 3899 2747 3944 et
2776 3906 2975 3947 nervos
3003 3908 3017 3945 :
3052 3901 3112 3948 et
3141 3893 3500 3963 quemadmo-

1924 3981 2054 4035 dum
2102 3985 2344 4052 projecta
2388 3983 2493 4052 55
2527 3983 2582 4037 in
2618 3984 2798 4054 ignem
2836 3999 2991 4052 acus,
3034 3985 3266 4041 alterato
3310 3987 3497 4045 colore

1924 4072 2159 4128 vertitur
2190 4073 2243 4126 in
2276 4074 2456 4143 ignem
2494 4093 2506 4129 :
2539 4090 2854 4145 quanquam
2882 4085 3081 4132 natura
3108 4077 3329 4148 quidem
3363 4078 3498 4135 ferri

1925 4181 2035 4219 non
2067 4166 2287 4234 penitus
2332 4168 2563 4231 tollitur,
2596 4168 2690 4223 sed
2719 4169 2975 4224 subsistit
3008 4187 3021 4223 :
3060 4170 3131 4224 ita
3162 4170 3217 4224 in
3244 4186 3497 4227 resurre-

1924 4256 2107 4310 ctione
2158 4256 2341 4310 omnia
2390 4258 2635 4312 membra
2670 4267 2980 4329 resurgent,
3016 4276 3107 4312 nec
3146 4261 3281 4330 perit
3327 4260 3497 4331 capil-

1927 4345 2006 4400 lus
2028 4347 2095 4410 ⁸¹,
2114 4356 2176 4401 ιιι
2200 4348 2466 4416 scriptum
2498 4358 2604 4413 est,
2635 4350 2929 4419 omniaque
2956 4350 3139 4405 lucida
3164 4350 3498 4418 redduntur,

1925 4448 2091 4507 atque
2136 4439 2320 4493 omnia
2350 4440 2556 4496 lumine
2595 4453 2651 4496 et
2707 4442 2816 4511 igni
2848 4443 3016 4497 tincta
3057 4452 3339 4499 mutantur
3373 4446 3499 4514 qui-

238 4511 593 4566 ταϐἀλλονται
617 4555 631 4577 ,
665 4513 779 4568 ἀλλ’
806 4515 903 4584 οὐχ
925 4557 939 4580 ,
967 4515 1039 4580 ὥς
1069 4533 1216 4580 τινες
1234 4517 1502 4585 λέγουσιν,
1528 4519 1816 4574 ἀναλύεται

1927 4528 2073 4592 dem,
2110 4529 2204 4582 sed
2236 4545 2369 4594 non,
2400 4538 2459 4585 ut
2481 4532 2729 4585 nonnulli
2760 4533 2935 4600 aiunt,
2960 4535 3332 4601 resolvuntur,
3357 4544 3414 4590 et
3442 4536 3499 4590 in

238 4606 334 4656 καὶ
386 4604 595 4671 γίνεται
636 4604 745 4673 πῦρ
772 4644 786 4668 ,
833 4607 929 4659 καλ⁵
968 4609 1157 4660 οὐκέτι
1196 4608 1506 4678 ὑφέστηκεν
1551 4612 1584 4678 ἡ
1634 4611 1815 4680 φύσις.

240 4696 445 4765 Πέτρος
474 4695 579 4765 γὰρ
616 4698 820 4767 Πέτρος
867 4700 985 4751 ἐστὶ
1009 4739 1024 4763 ,
1066 4702 1158 4752 καὶ
1189 4701 1401 4764 Παῦλος
1438 4702 1649 4766 Παῦλος
1674 4746 1689 4769 ,
1726 4707 1821 4759 καὶ

239 4788 503 4851 Φίλιππος
546 4789 851 4852 Φίλιππος·
901 4790 1133 4855 ἕκαστος
1178 4795 1235 4846 ὲν
1281 4796 1346 4863 τῇ
1391 4793 1493 4865 ἰδίᾳ
1539 4797 1695 4862 φύσει
1726 4799 1820 4850 καὶ

241 4880 538 4933 ὑποστάσει
580 4882 729 4949 μένει
772 4883 1207 4953 πεπληρωμένος
1248 4884 1344 4938 τοῦ
1374 4886 1715 4955 Πνεύματος.
1752 4890 1815 4942 ΕΞ

243 4974 296 5026 δὲ
342 4972 545 5039 λέγεις,
574 4974 658 5025 ὅτι
697 4974 932 5045 ἀνελύθη
963 4977 997 5044 ἡ
1037 4976 1220 5044 φύσις,
1255 4978 1436 5031 οὐκέτι
1495 4981 1734 5051 Πέτρος,
1782 4982 1815 5050 ἢ

246 5063 473 5127 Παῦλος,
508 5064 643 5118 ἀλλὰ
674 5066 851 5134 πάντη
886 5068 984 5119 καὶ
1026 5069 1304 5139 πανταχοῦ
1337 5070 1366 5122 ὀ
1392 5071 1543 5136 Θεὸς,
1581 5074 1673 5125 καὶ
1697 5071 1819 5125 οὔτε

248 5156 292 5207 οἱ
338 5157 420 5217 είς
467 5157 692 5222 γέενναν
734 5160 1100 5229 ἀπερχόμενοι
1139 5162 1484 5216 αἰσθάνονται
1514 5165 1611 5235 τῆς
1658 5165 1819 5219 κολά-

252 5261 379 5308 σεως
404 5287 420 5308 ,
453 5246 578 5299 οὔτε
609 5250 656 5300 οἱ
683 5250 761 5312 είς
796 5250 1097 5319 βασιλείαν,
1133 5254 1229 5320 τῆς
1265 5254 1606 5323 εὐεργεσίας.

320 5338 525 5394 IX—IB'.
572 5341 782 5414 Ὥσπερ
833 5339 987 5417 ῖναῇ
1030 5345 1356 5416 παράδεισος
1402 5346 1542 5416 έχων
1591 5350 1820 5402 παντοῖα

242 5430 427 5503 δένδρα
464 5434 812 5505 καρποφόρα,
861 5436 953 5489 καὶ
978 5432 1046 5506 ἦν
1081 5438 1195 5490 ἐκεῖ
1219 5439 1396 5502 ἄπιος,
1430 5440 1463 5510 ἢ
1503 5440 1692 5509 μῆλον,
1728 5443 1819 5494 καὶ

236 5525 481 5595 ἄμπελος
529 5523 727 5597 ἔχουσα
755 5528 845 5580 τὸν
885 5530 1119 5599 καρπὸν,
1155 5530 1251 5582 καὶ
1281 5529 1350 5582 τὰ
1401 5530 1595 5599 φύλλα·
1633 5534 1814 5605 συμϐῇ

235 5616 292 5669 δὲ
323 5615 414 5669 τὸν
459 5618 788 5689 παράδεισον
818 5619 914 5672 καὶ
940 5620 1037 5674 ὅλα
1075 5620 1145 5674 τὰ
1173 5621 1386 5693 δένδρα,
1420 5623 1516 5675 καὶ
1543 5622 1611 5675 τὰ
1637 5624 1814 5693 φύλλα

310 5792 359 5827 ⁸⁸
400 5793 420 5849 l
466 5792 595 5850 Cor.
629 5810 721 5860 xv,
747 5794 837 5850 26.
914 5795 957 5827 ⁸⁸
999 5795 1134 5853 Luc.
1163 5812 1273 5865 χιι,
1307 5798 1404 5853 18;
1435 5798 1599 5853 Marc.
1630 5815 1705 5868 rx,
1730 5800 1819 5856 49.

1924 4620 2101 4689 ignem
2122 4620 2387 4685 evadunt,
2409 4623 2547 4678 adeo
2562 4631 2621 4677 ut
2642 4639 2753 4677 non
2768 4625 3003 4695 amplius
3019 4627 3285 4683 subsistat
3303 4642 3497 4683 eorum

1923 4721 2136 4766 natura.
2170 4713 2367 4768 Petrus
2400 4715 2549 4768 enim
2584 4716 2778 4772 Petrus
2802 4727 2909 4782 est,
2941 4727 2995 4772 et
3029 4720 3230 4773 Paulus
3262 4720 3461 4773 Paulus
3482 4760 3497 4783 ,

1922 4813 1978 4858 et
2042 4804 2331 4874 Philippus
2389 4806 2697 4877 Philippus.
2749 4808 2993 4874 Quilibet
3044 4810 3100 4864 in
3161 4826 3258 4865 sua
3328 4811 3502 4879 ipsius

1922 4905 2120 4950 natura
2171 4905 2227 4951 et
2275 4898 2587 4953 substantia
2642 4913 2928 4970 permanet
2975 4902 3219 4971 repletus
3269 4903 3497 4972 Spiritu.

1922 4989 2081 5054 Quod
2122 4990 2165 5044 si
2198 4990 2372 5054 dicas,
2402 4992 2699 5047 resolutam
2740 5007 2865 5047 esse
2903 5002 3174 5059 naturam,
3221 5011 3329 5049 non
3380 5011 3502 5050 am-

1920 5081 2067 5150 plius
2096 5090 2181 5135 est
2207 5081 2403 5136 Petrus
2434 5091 2530 5135 aut
2560 5082 2784 5146 Paulus,
2812 5082 2906 5136 sed
2942 5098 3172 5152 prorsus
3200 5093 3257 5139 et
3296 5084 3500 5154 ubique

1923 5172 2069 5226 Deus
2108 5188 2121 5224 :
2168 5187 2272 5226 nec.
2318 5173 2411 5242 qni
2469 5173 2525 5227 in
2581 5173 2886 5243 gehennam
2938 5175 3191 5239 abeunt,
3253 5176 3504 5233 sentiunt

1922 5262 2253 5331 supplicium
2280 5304 2295 5328 ,
2350 5278 2453 5317 nec
2489 5264 2584 5333 qui
2619 5265 2673 5317 in
2706 5280 2934 5334 regnum
2963 5308 2977 5331 ,
3004 5266 3358 5323 beneﬁcium.

1996 5353 2392 5414 XI-Xl,l.Veluti
2406 5356 2450 5410 si
2471 5357 2541 5409 sit
2555 5356 2751 5412 hortus
2765 5359 3013 5413 consitus
3025 5359 3194 5413 variis
3208 5357 3503 5413 arboribus

1924 5443 2247 5511 fructiferis,
2277 5462 2341 5501 ae
2371 5448 2442 5501 sit
2470 5448 2583 5503 illic
2610 5464 2799 5519 pyrus,
2832 5465 3027 5519 pomus
3056 5460 3112 5505 et
3136 5450 3266 5505 vitis
3292 5450 3503 5504 habens

1923 5536 2163 5592 fructum
2196 5548 2251 5593 et
2283 5539 2411 5593 folia
2439 5559 2452 5593 :
2498 5540 2701 5595 accidit
2732 5551 2919 5596 autem
2952 5545 3170 5598 hortum
3201 5559 3501 5613 omnesque

1922 5630 2151 5687 arbores
2180 5647 2243 5687 ac
2271 5632 2401 5689 folia
2440 5636 2665 5702 mutari,
2696 5646 2754 5692 et
2785 5638 3034 5694 converti
3060 5638 3117 5693 in
3152 5637 3314 5693 aliam
3336 5645 3500 5693 natu-
