3966 6430
534 354 639 421 583

1763 354 1821 415 S.
1861 353 2089 413 MACAI

2213 353 2539 415 [EGYI‘TII
3694 354 3779 417 584

534 489 675 537 ram,
709 470 937 541 lierique
968 471 1150 541 priora
1193 470 1282 525 illa
1316 470 1640 525 Iucida:sic
1675 484 1894 540 quoque
1925 470 2089 524 homi-

2214 469 2619 540 μεταϐληθῆναι
2640 508 2655 533 ,
2686 469 2781 521 καί
2818 468 3119 538 ἀλλαγῆναι
3157 470 3250 531 είς
3296 467 3475 538 ἄλλην
3502 470 3677 538 φύσιν,
3705 476 3780 525 καὶ

529 580 631 620 nes
678 573 962 618 mutantur
1012 562 1069 617 in
1110 562 1536 627 resurrectione,
1585 571 1642 617 et
1664 562 1813 615 «ﬁunt
1850 562 2101 616 membra

530 666 723 707 eorum
757 661 946 704 sancta
990 660 1046 704 et
1072 650 1276 705 lucida.
1317 649 1684 715 Quamobrem
1714 649 1886 704 divini
1918 650 2101 705 homi-

530 757 630 797 nes
651 742 857 797 debent
896 758 955 797 se
998 756 1311 811 pralparare
1340 741 1408 796 ad
1438 749 1713 795 certamen
1752 749 1808 794 et
1836 756 2097 811 pugnam.

527 836 764 891 Perinde
797 846 1004 899 autent,
1027 846 1089 890 ut
1113 837 1332 905 juvenis
1365 849 1667 906 generosus
1709 834 1889 889 illatas
1915 835 2098 905 plagas

527 944 590 983 ac
617 930 819 983 luctam
847 930 1085 984 sustinet
1110 944 1174 983 ac
1200 928 1423 983 referit:
1452 928 1531 982 sic
1557 942 1779 997 quoque
1796 927 2097 982 Christiani

527 1021 772 1090 perferre
795 1020 1000 1075 debent
1029 1020 1373 1084 amictiones.
1408 1030 1521 1074 tum
1547 1028 1823 1083 externas,
1860 1030 1975 1073 tum
2008 1020 2096 1073 in-

526 1113 731 1167 teriora
763 1112 925 1177 bella,
970 1121 1030 1165 ut
1055 1112 1300 1183 percussi
1325 1127 1425 1182 per
1458 1112 1806 1167 tolerantiam
1842 1112 2098 1181 superio-

527 1218 616 1259 res
639 1203 893 1258 evadant.
929 1204 1026 1259 Via
1068 1204 1216 1258 enim
1248 1203 1575 1259 Christiana:
1620 1204 1905 1273 religionis
1931 1204 2010 1258 sic
2035 1220 2095 1259 se

525 1294 712 1349 habet.
769 1295 871 1350 Ubi
907 1296 1138 1366 spiritus
1176 1303 1423 1356 sanctus,
1478 1295 1590 1349 illic
1638 1296 1909 1364 sequitur,
1946 1296 2096 1351 velut

524 1388 737 1452 umbra,
771 1388 1082 1456 persecutio
1111 1397 1166 1441 et
1191 1403 1392 1459 pugna.
1416 1388 1582 1443 Vides
1605 1388 1921 1457 prophetas,
1954 1404 2095 1458 quo-

523 1478 686 1532 modo
712 1480 1095 1547 persecutione
1129 1478 1315 1533 aﬂlicti
1357 1478 1563 1534 fuerint
1588 1479 1659 1533 ab
1689 1479 1945 1533 omnibus
1962 1494 2095 1532 con-

523 1570 819 1626 tribulibus
867 1571 1003 1637 suis,
1037 1571 1094 1625 in
1125 1571 1329 1641 quibus
1363 1570 1722 1625 nihilominus
1760 1570 2095 1640 operabatur

520 1664 777 1734 Spiritus.
823 1664 991 1719 Vides
1017 1664 1295 1733 quomodo
1344 1664 1629 1719 Dominus.
1684 1664 1777 1733 qui
1807 1672 1892 1718 est
1924 1666 2008 1718 via
2044 1672 2092 1717 et

519 1759 714 1812 veritas
740 1759 810 1821 δ’,
846 1772 956 1811 non
991 1756 1061 1811 ab
1103 1756 1211 1810 alio
1243 1757 1449 1826 populo
1491 1757 1933 1826 persecutionem
1968 1772 2091 1825 pas-

2202 560 2455 629 γενέσθαι
2481 561 2550 613 τὰ
2589 562 2784 631 πρῶτα
2818 560 3119 630 φωτοειδῆ’
3155 560 3351 623 οὕτως
3372 562 3472 614 καὶ
3509 563 3557 614 οἳ
3596 564 3783 636 ἀνθρω-

2202 668 2293 705 ποι
2319 651 2683 705 ἀλλάσσονται
2726 655 2783 705 ὲν
2822 656 2889 721 τῇ
2925 652 3265 716 ἀναστάσει,
3303 654 3403 704 xui
3434 654 3703 721 γίγνονται
3726 661 3781 708 τὶ

2202 744 2338 814 μέλη
2385 744 2565 797 αὐτῶν
2605 744 2738 812 am
2798 744 2893 798 xui
2934 745 3239 813 φωτοειδῆ.
3292 746 3360 796 0i
3391 744 3489 797 οὖν
3534 746 3627 799 τοῦ
3663 750 3778 800 Θεοῦ

2198 837 2477 908 ἄνθρωποι
2516 837 2821 905 ὀφείλουσιν
2854 838 3183 907 εὐτρεπίσαι
3219 838 3463 899 ἑαυτοὺς
3502 840 3580 901 είς
3620 840 3781 906 ἀγῶνα

2198 926 2293 979 καὶ
2338 926 2587 997 ἄθλησιν.
2638 927 2853 997 Ὥσπερ
2884 928 2941 981 δὲ
2986 928 3212 991 νεανίας
3260 931 3521 995 γενναῖος
3551 930 3645 992 τὰς
3674 932 3777 983 ἐπι-

2198 1017 2504 1086 φερομένας
2538 1017 2787 1087 πληγὰς,
2821 1018 2917 1071 xui
2939 1020 3038 1090 τὴν
3062 1019 3253 1089 πάλην
3290 1020 3561 1089 βαστάζει
3589 1025 3677 1075 xui
3699 1023 3777 1073 ἁν-

2196 1107 2471 1170 τιτύπτει,
2497 1107 2640 1161 οὕτω
2678 1110 2772 1161 καί
2805 1110 2857 1162 οἱ
2905 1110 3235 1181 Χριστιανοὶ
3284 1110 3572 1179 ὀφείλουσι
3614 1112 3775 1183 φέρειν

2194 1197 2294 1261 τὰς
2321 1197 2527 1265 θλίψεις
2547 1239 2561 1262 ,
2588 1199 2687 1261 τὰς
2712 1217 2769 1251 τε
2801 1199 3022 1265 ἔξωθεν,
3070 1202 3169 1254 xui
3203 1202 3347 1265 τοὺς
3377 1201 3610 1265 ἔνδοθεν,
3640 1196 3773 1256 πολί-

2199 1304 2353 1357 μους,
2389 1290 2475 1342 ἵνα
2508 1290 2597 1343 διὰ
2639 1292 2739 1359 τῆς
2768 1292 3049 1361 ὑπομονῆς
3086 1294 3446 1363 τυπτόμενοι
3481 1295 3766 1363 νικήσωσιν.

2207 1379 2269 1432 Ἢ
2301 1381 2410 1451 γὰρ
2438 1381 2556 1444 ὁδὸς
2583 1382 2676 1435 τοῦ
2718 1384 3152 1454 Χριστιανισμοῦ
3187 1384 3378 1446 οὕτως
3417 1386 3585 1438 ἐστίν.
3620 1386 3767 1438 Ὅπου

2193 1473 2303 1543 γάρ
2328 1475 2524 1543 ὲστιξτὸ
2559 1474 2778 1544 Πνεῦμα
2806 1474 2868 1527 τὸ
2897 1475 3073 1543 ἅγιον,
3103 1477 3230 1528 ἐκεῖ
3261 1475 3642 1543 ἐπακολουθεῖ,
3674 1472 3765 1529 οἷον

2194 1565 2342 1628 σκιὰ,
2389 1566 2417 1616 ὁ
2446 1565 2685 1633 διωγμὸς
2716 1565 2811 1617 xui
2840 1568 2873 1636 ἠ
2900 1566 3065 1635 πάλη.
3114 1566 3296 1635 Ὁρᾷς
3327 1568 3457 1629 τοὺς
3486 1570 3760 1637 προφήτας,

2191 1656 2308 1719 πῶς
2353 1656 2634 1709 ἐδιώκοντο
2677 1658 2779 1709 ὑπὸ
2806 1657 2916 1709 τῶν
2941 1656 3245 1726 ὁμοφύλων
3271 1657 3345 1709 δι’
3380 1658 3538 1721 ὅλου,
3582 1659 3656 1720 εἰς
3689 1658 3762 1720 οὖς

2166 1749 2340 1827 leam;
2363 1750 2583 1819 ἐνήργει
2600 1750 2662 1801 τὸ
2685 1748 2930 1819 Πνεῦμα.
2965 1749 3153 1820 Ὁρᾷς,
3182 1749 3309 1812 πῶς
3339 1750 3369 1802 ὁ
3395 1750 3614 1819 Κύριος,
3638 1749 3757 1812 ὅστις

520 1866 615 1907 sus
661 1859 768 1913 est,
813 1849 909 1903 sed
942 1864 973 1903 a
1004 1848 1140 1913 suis,
1176 1863 1207 1902 a
1255 1848 1479 1918 pr0pria
1510 1848 1721 1903 scilicet
1756 1847 1901 1902 tribu
1929 1848 2089 1903 Israel

2194 1838 2341 1891 ἐστὶν
2363 1818 2506 1904 ὁδὸς·
2529 1839 2629 1891 καὶ
2651 1818 2922 1907 ἀλήθεια,
2957 1818 3055 1909 οὐχ
3074 1818 3198 1892 om
3228 1838 3402 1892 ἄλλου
3431 1818 3611 1901 ἔθνους
3634 1838 3756 1891 ἐδιώ-

519 1941 909 2012 persecutione
963 1940 1214 2005 aﬁ‘ectus,
1245 1955 1311 1995 ac
1345 1940 1498 1996 cruci
1533 1939 1727 1996 aﬂixus
1752 1949 1868 1995 est:
1901 1940 2093 1995 itidem

521 2040 579 2087 et
604 2031 858 2103 apostoli.
888 2031 968 2086 Ex
995 2046 1064 2086 eo
1092 2031 1240 2085 enim
1269 2039 1537 2100 tempore,
1571 2046 1683 2101 quo
1708 2030 1862 2087 cruci
1898 2030 2093 2086 amxus

522 2132 631 2186 est,
692 2122 916 2176 transiit
961 2120 1207 2191 Spiritus
1250 2121 1583 2191 paracletus.
1636 2130 1693 2177 et
1740 2122 1997 2193 migravit
2033 2121 2091 2176 in

520 2214 895 2270 Christianos.
944 2212 1215 2272 (laterum
1269 2212 1455 2270 nullus
1490 2213 1809 2269 Judaeorum
1832 2230 2094 2285 persecu-

520 2306 724 2360 tionem
758 2304 1003 2375 pertulit,
1037 2305 1133 2360 sed
1162 2304 1459 2361 Christiani
1487 2306 1664 2361 solum
1712 2306 1976 2377 martyrio
2006 2305 2092 2360 af-

520 2396 649 2451 fecti
674 2406 827 2451 sunt.
877 2395 1059 2462 Quare
1110 2412 1220 2452 non
1254 2407 1357 2464 est,
1381 2397 1530 2468 quod
1570 2398 1869 2454 Christiani
1897 2398 1954 2453 in
1977 2407 2093 2453 stu-

518 2501 709 2556 porem
738 2485 1105 2554 adducantur,
1131 2502 1321 2543 verum
1345 2495 1565 2558 oportet
1592 2489 1878 2544 veritatem
1908 2503 2092 2559 perse-

515 2579 796 2633 cutionem
836 2579 967 2648 pati.

591 2670 732 2725 XIII.
768 2670 1147 2742 Interrogatio.
1200 2669 1433 2736 Quidam
1472 2672 1623 2725 aiunt
1650 2674 1881 2726 exterius
1905 2674 2090 2728 vitium

515 2762 745 2833 ingredi,
796 2771 847 2817 et
900 2764 947 2817 si
1000 2762 1125 2818 velit
1178 2764 1352 2828 homo,
1395 2779 1502 2817 non
1538 2764 1743 2833 recipit,
1792 2766 1885 2818 sed
1919 2766 2091 2835 rejicit

512 2852 670 2907 illud.

582 2944 892 3015 Responsio.
926 2944 1399 3012 Quemadmodum
1437 2962 1666 3017 serpens
1712 2947 1931 3003 locutus
1961 2962 2089 3003 cum

513 3037 627 3092 Eva
656 3039 723 3101 ⁵³,
783 3053 910 3092 eum
962 3037 1216 3093 obedirct
1266 3038 1403 3108 ipsa,
1448 3039 1821 3110 introgressus
1849 3050 1968 3096 est:
2008 3040 2091 3096 sic

513 3142 734 3199 quoque
779 3143 928 3183 nunc
974 3129 1047 3183 ob
1093 3128 1463 3184 obedientiam
1512 3130 1750 3185 hominis
1782 3131 2090 3202 ingreditur

512 3229 822 3292 peccatum,
876 3220 1022 3290 quod
1074 3230 1228 3275 extra
1274 3230 1377 3275 est.
1422 3221 1598 3276 liabet
1632 3224 1778 3278 enim
1804 3234 2088 3294 peccatum

513 3313 734 3382 plenam
765 3319 1099 3382 potestatem
1130 3320 1189 3367 et
1216 3312 1534 3368 libertatem
1565 3314 1621 3368 in
1658 3330 1758 3370 cor
1777 3316 2090 3385 ingredien-

512 3405 592 3460 di.
636 3405 826 3475 Neque
852 3405 1001 3461 enim
1039 3406 1401 3476 cogitationes
1439 3416 1595 3460 extra
1617 3415 1765 3472 sunt,
1794 3407 1889 3461 sed
1916 3408 2086 3473 intus,

512 3512 580 3552 ex
629 3496 797 3551 corde
855 3496 1292 3567 proﬁciscentes.
1327 3496 1510 3566 lnquit
1564 3497 1711 3551 enim
1756 3497 2085 3567 Apostolus:

516 3588 639 3645 Volo
657 3590 793 3643 viros
813 3606 969 3644 orare
995 3591 1109 3643 sine
1127 3591 1210 3643 ira
1228 3599 1275 3643 et
1292 3589 1689 3661 cogitationibus
1706 3590 1883 3660 pravis
1899 3590 1965 3644 ⁸⁸.
1985 3589 2087 3646 C0-

512 3683 791 3751 gitationes
816 3682 965 3736 enim
997 3681 1063 3734 de
1088 3683 1244 3735 corde
1269 3690 1459 3735 exeunt
1487 3682 1555 3745 ",
1576 3681 1875 3737 secundum
1905 3682 2085 3736 Evan-

511 3774 739 3843 gelium.
771 3772 986 3829 Accede
1023 3774 1208 3844 itaque
1260 3773 1330 3828 ad
1373 3773 1701 3839 orationem,
1734 3783 1791 3830 et
1834 3774 2087 3830 examina

520 3877 618 3916 cor
666 3870 822 3917 tuum
875 3872 934 3917 et
992 3864 1259 3929 animum,
1304 3872 1467 3933 atque
1492 3864 1745 3919 desidera
1780 3866 2086 3920 oralionem

515 3963 664 4009 tuam
688 3955 799 4010 Deo
828 3956 1171 4011 committere
1199 3970 1414 4026 puram,
1445 3965 1609 4026 atque
1627 3957 1989 4027 circumspice
2009 3957 2085 4012 ibi

514 4047 885 4117 potissimum,
919 4047 1189 4117 numquid
1238 4064 1349 4104 non
1368 4048 1450 4102 'sit
1480 4049 1704 4119 aliquod
1731 4050 2087 4119 impedimen-

513 4150 663 4194 tum:
698 4156 828 4194 num
854 4138 1032 4193 oratio
1056 4139 1129 4193 sit
1154 4154 1322 4209 pura;
1356 4155 1486 4193 num
1518 4140 1764 4195 intentus
1778 4140 1849 4195 sit
1868 4142 2086 4197 animus

512 4240 639 4283 tuus
675 4229 929 4293 Domino,
970 4228 1199 4298 perinde
1231 4244 1296 4283 ac
1320 4227 1538 4283 animus
1561 4228 1814 4298 agricolae
1841 4230 2083 4301 agricul-

510 4328 671 4385 turae,
694 4321 911 4376 animus
930 4322 1034 4376 viri
1060 4320 1240 4387 uxori,
1263 4330 1320 4376 et
1346 4322 1666 4377 mercatoris
1685 4323 2080 4393 negotiationi;

510 4426 645 4465 num
699 4410 888 4467 ﬂectas
938 4427 1117 4483 genua
1153 4422 1249 4468 tua
1284 4413 1355 4469 ad
1384 4414 1677 4482 orandum,
1706 4428 1811 4471 nec
1842 4423 1965 4472 tuas
1984 4431 2081 4472 co-

510 4501 801 4573 gitationes
828 4502 922 4557 alii
948 4503 1273 4561 distrahant.

580 4700 688 4773 56
706 4698 969 4756 XIV-XV.
995 4700 1064 4755 At
1085 4700 1288 4771 inquis,
1308 4702 1610 4770 Dominum,
1637 4713 1923 4777 postquam
1940 4710 2090 4763 venit

506 4801 609 4857 per
623 4801 865 4851 crucem,
884 4786 1256 4840 condemnasse
1275 4797 1544 4858 peccatum
1559 4790 1625 4855 ",
1648 4807 1747 4846 nec
1761 4793 1996 4862 amplius
2012 4794 2091 4848 in-

510 4888 600 4931 tus
624 4876 857 4932 haerere.
888 4877 1101 4933 Verum
1133 4878 1389 4947 perinde,
1414 4895 1479 4935 ac
1512 4880 1557 4935 si
1595 4882 1775 4946 miles,
1802 4885 1893 4953 qui
1919 4885 2089 4954 depo-

507 4973 603 5020 nat
646 4982 871 5021 currum
916 4982 1079 5022 suum
1118 4968 1173 5022 in
1229 4967 1393 5023 domo
1432 4970 1685 5042 alicujus,
1712 4973 1931 5042 quando
1966 4975 2083 5044 pla-

507 5055 687 5110 cuerit
710 5056 785 5122 ei,
816 5056 1129 5113 facultatem
1150 5057 1318 5113 habet
1343 5058 1688 5131 ingrediendi
1717 5074 1774 5117 et
1796 5063 2085 5133 egredien-

506 5145 562 5200 di
592 5144 816 5201 domum
841 5147 989 5205 illam
1016 5166 1030 5201 :
1061 5149 1141 5204 sic
1160 5164 1382 5220 quoque
1409 5161 1695 5219 peccatum
1729 5152 1896 5207 habet
1931 5164 2085 5223 pote-

505 5248 703 5301 statem
718 5240 1349 5309 disputationesserendi
1366 5243 1421 5297 in
1438 5244 1623 5299 corde.
1648 5245 1922 5316 Scriptum
1936 5247 2083 5303 enim

503 5340 590 5386 cst
614 5348 629 5385 :
657 5330 872 5386 Introiit
908 5330 1144 5387 Satanas
1166 5335 1223 5387 in
1253 5351 1344 5389 cor
1362 5334 1517 5391 Judw
1546 5336 1611 5389 ".
1648 5335 1706 5391 Si
1735 5354 1866 5393 vero
1890 5339 2079 5406 instes,

503 5436 605 5491 per
624 5424 923 5479 adventum
950 5426 1156 5482 Christi
1177 5430 1598 5487 condemnatum
1624 5449 1745 5490 esse
1769 5446 2077 5504 peccatum,

506 5529 611 5570 nec
640 5528 768 5587 post
821 5518 1160 5589 baptismum
1191 5522 1455 5592 pabulum
1499 5525 1703 5582 habere
1728 5528 1931 5582 malum
1960 5528 2077 5582 dis-

506 5604 738 5673 putandi
782 5608 841 5663 in
887 5610 1094 5678 corde;
1141 5611 1365 5683 ignoras
1395 5614 1543 5683 quod
1586 5615 1655 5670 ab
1701 5617 1936 5675 adventu
1966 5620 2077 5675 Do-

2193 1930 2319 2001 χθη,
2348 1931 2463 1985 ἀλλ’
2510 1932 2615 1984 ὑπὸ
2659 1932 2768 1984 τῶν
2818 1932 2990 1996 ίδίων,
3028 1931 3133 1985 ὑπὸ
3164 1932 3271 2003 τῆς
3306 1931 3450 1995 ίδίας
3497 1932 3655 2001 φυλῆς
3678 1930 3752 1983 τοῦ

2205 2022 2425 2093 Ἰσραὴλ
2468 2022 2699 2092 ἐδιώχθη
2759 2024 2855 2075 καὶ
2902 2018 3233 2093 ἐσταυρώθη
3294 2039 3309 2053 ·
3364 2024 3566 2094 ὁμοίως
3601 2023 3681 2075 καὶ
3713 2022 3751 2073 οἱ

2191 2113 2505 2171 ἀπόστολοι.
2539 2113 2631 2179 Ἐξ
2648 2110 2709 2169 οὖ
2731 2115 2841 2185 γὰρ
2861 2115 2890 2168 6
2917 2115 3178 2186 σταυρὸς,
3214 2115 3462 2185 μετῆλθε
3484 2114 3541 2167 τὸ
3560 2113 3744 2181 Πνεῦμα

2190 2205 2253 2259 τὸ
2280 2206 2651 2278 παράκλητον,
2683 2208 2779 2261 xui
2817 2207 3097 2279 ἐχώρησεν
3129 2211 3215 2271 εἰς
3243 2210 3375 2271 τοὺς
3407 2204 3739 2276 Χριστιανούς.

2188 2297 2393 2351 Λοιπὸν
2432 2298 2607 2361 οὐδεὶς
2660 2298 2929 2351 Ἰουδαίων
2962 2298 3238 2369 ἐδιώχθη,
3284 2298 3425 2352 ἀλλὰ
3454 2298 3602 2368 μόνον
3633 2296 3733 2365 Χρι-

2194 2388 2403 2441 στιανοὶ
2426 2388 2837 2460 ἐμαρτύρησαν.
2866 2389 2956 2443 Διὸ
2991 2390 3093 2443 οὐκ
3124 2390 3417 2459 ὀφείλουσι
3448 2387 3729 2455 ξενίζεσθαι.

2190 2477 2329 2533 ἀλλά
2361 2480 2575 2552 ἀνάγκη
2604 2481 2895 2535 διώκεσθαι
2918 2484 3014 2554 τὴν
3042 2484 3341 2555 ἀλήθειαν.

2265 2664 2364 2720 ll".
2400 2665 2733 2735 Ἐρώτησις.
2767 2666 2935 2733 Τινὲς
2959 2668 3266 2738 λέγουσιν
3298 2669 3389 2723 ὅτι
3430 2669 3618 2733 ἔξωθεν
3634 2664 3700 2716 ἐπ-

2189 2756 2525 2825 εισέρχεται
2566 2759 2634 2813 τὸ
2664 2760 2876 2826 κακὸν,
2910 2760 3010 2813 καὶ
3038 2761 3153 2815 ἐὰν
3175 2760 3331 2833 θέλῃ
3374 2764 3407 2815 ὁ
3448 2760 3706 2828 ἅνθρωπος,

2190 2856 2263 2909 οὐ
2289 2854 2541 2923 δέχεται,
2568 2856 2706 2910 ἀλλ’
2740 2858 3156 2927 ἀποπέμπεται
3190 2862 3367 2915 αὐτό.

2273 2943 2637 3011 Ἀπόκρισις.
2680 2946 2891 3016 Ὠσπερ
2915 2949 2944 2999 ὁ
2980 2947 3105 3016 ὄφις
3139 2949 3392 3021 λαλήσας
3423 2950 3488 3019 τῇ
3512 2940 3715 3007 Εὔα,διὰ

2188 3032 2287 3103 τὴν
2329 3034 2578 3104 ὑπακοὴν
2618 3033 2832 3088 ἔνδοθεν
2867 3038 3219 3107 ἐπεισῆλθεν,
3268 3042 3413 3093 οὕτω
3450 3039 3534 3091 καὶ
3558 3034 3632 3087 νῦν
3651 3031 3715 3084 διὰ

2116 3159 2158 3217 C
2192 3125 2292 3217 τῆς
2327 3125 2575 3217 ὗξτακοῆς
2597 3127 2693 3182 τοῦ
2720 3127 3009 3199 ἀνθρώπου
3048 3132 3438 3203 ἐπεισέρχεται
3466 3132 3496 3202 ἡ
3524 3124 3715 3199 ἁμαρτία

2191 3216 2296 3281 ἔξω
2329 3214 2484 3273 οὖσα.
2516 3221 2669 3290 Ἔχει
2698 3220 2806 3292 γὰρ
2836 3220 3088 3286 ἐξουσίαν
3111 3226 3212 3277 xui
3250 3225 3552 3297 παρρησίαν
3575 3217 3714 3286 είσέρ·

2199 3310 2389 3380 χεσθαι
2430 3312 2463 3381 ἡ
2490 3311 2734 3383 ἁμαρτία
2758 3316 2837 3378 είς
2875 3315 2975 3385 τὴν
3012 3317 3271 3387 καρδίαν·
3309 3321 3357 3371 οί
3387 3319 3487 3385 γὰρ
3513 3305 3714 3379 λογισμοὶ

2189 3396 2289 3451 οὔκ
2311 3401 2448 3453 εἰσιν
2476 3400 2697 3466 ἔξωθεν,
2728 3402 2843 3455 ἀλλ’
2870 3402 3084 3457 ἔνδοθεν
3108 3407 3179 3459 ὲκ
3206 3407 3309 3476 τῆς
3340 3402 3559 3475 καρδίας-
3578 3397 3712 3460 Λέγει

2187 3492 2295 3560 γὰρ
2322 3492 2349 3543 δ
2381 3491 2642 3545 Ἀπόστολ
2659 3511 2737 3556 ος·
2769 3496 3073 3565 Βούλομαι
3094 3500 3245 3565 τοὺς
3273 3498 3482 3565 ἄνδρας
3498 3486 3709 3559 προσεύ-

2186 3586 2400 3651 χεσθαι
2425 3586 2601 3652 χωρίς
2649 3586 2833 3655 ὀργῆς
2864 3588 2962 3640 καὶ
3001 3588 3418 3659 διαλογισμῶν
3458 3577 3703 3646 πονηρῶν·

2186 3672 2325 3727 Εισι
2355 3675 2464 3743 γὰρ
2489 3677 2766 3745 λογισμοί
2811 3678 3201 3748 ἐξερχόμενοι
3234 3683 3305 3735 ἐκ
3356 3679 3457 3747 τῆς
3490 3672 3705 3741 καρδίαςν

2186 3766 2329 3819 κατὰ
2378 3766 2441 3818 τὸ
2491 3767 2843 3835 Εὐαγγέλιον.
2900 3771 3138 3824 Ἀπελθε
3171 3768 3269 3826 οὖν
3314 3774 3393 3833 είς
3434 3765 3591 3836 εὐχὴν,
3633 3758 3705 3812 καὶ

2186 3857 2479 3927 ἐπίσκεψαί
2508 3876 2604 3914 σου
2628 3862 2729 3930 τὴν
2759 3862 2992 3934 καρδίαν
3014 3863 3108 3917 xui
3133 3866 3229 3918 τὸν
3257 3864 3401 3926 νοῦν.
3424 3862 3510 3915 xui
3530 3855 3702 3922 θέλησυν

2183 3950 2284 4021 τὴν
2332 3951 2498 4021 εὐχήν
2538 3969 2633 4005 σου
2677 3954 2927 4028 καθαρὰν
2974 3956 3304 4027 ἀναπέμψαι
3355 3954 3431 4024 τῷ
3470 3948 3597 4018 Θεῷ.
3635 3944 3693 3996 καὶ

2186 4041 2379 4113 βλέψον
2408 4044 2699 4115 ὲξτιιιρίτως
2725 4047 2875 4114 εκεῖ,
2905 4048 2956 4100 εί
2993 4048 3151 4102 οὐδέν
3190 4052 3306 4103 ὲστι
3350 4047 3410 4101 τὸ
3446 4036 3682 4115 ἐμποδίζον,

2186 4134 2236 4186 εί
2280 4134 2491 4201 γίνεται
2539 4136 2672 4207 εὐχὴ
2716 4137 2956 4209 καθαρὰ,
3003 4141 3051 4193 εί
3078 4138 3381 4211 ἠσχὸληταί
3427 4151 3515 4188 σου
3558 4122 3683 4183 ὁνοῦς

2184 4228 2313 4297 περὶ
2364 4226 2455 4280 τὸν
2523 4229 2746 4299 Κύριον,
2807 4231 2866 4283 ὃν
2914 4232 3118 4302 τρόπον
3184 4231 3279 4284 τοῦ
3331 4223 3562 4299 γεωργοῦ
3604 4213 3691 4281 περ.

2182 4319 2281 4389 τὴν
2327 4320 2625 4391 γεωργίαν,
2675 4320 2769 4376 τοῦ
2814 4322 3010 4394 ἀνδρὸς
3052 4325 3185 4395 περὶ
3209 4324 3309 4392 τὴν
3346 4320 3594 4390 γυναῖκα,
3628 4303 3692 4395 soil

2182 4407 2433 4477 ἐμπόρου
2474 4413 2604 4482 περὶ
2645 4412 2745 4483 τὴν
2781 4392 3055 4483 ἐμπορίαν
3080 4453 3095 4477 ,
3132 4392 3185 4467 εί
3220 4414 3420 4474 κλίνεις
3446 4410 3508 4462 τὰ
3546 4392 3694 4472 γόνατά

2108 4508 2160 4567 ι)
2187 4514 2283 4550 σου
2307 4499 2387 4562 είς
2408 4500 2596 4573 εὐχὴν,
2625 4502 2869 4567 καὶτοὺς
2894 4504 3191 4575 λογισμούς
3214 4522 3306 4559 σου
3328 4503 3472 4557 ἄλλοι
3500 4498 3563 4569 μὴ
3585 4493 3696 4555 διαρ·

2188 4588 2455 4653 στάζουσιν

2263 4700 2493 4757 1Δ’.-1Ε⁹.
2539 4704 2697 4759 Ἀλλὰ
2730 4705 2930 4775 λέγεις,
2960 4710 3043 4763 ὅτι
3068 4714 3101 4765 ό
3123 4713 3334 4779 Κύριος
3362 4704 3519 4760 ἐλθὼν
3540 4695 3611 4751 διὰ
3626 4687 3695 4741 τοῦ

2187 4795 2423 4866 σταυροῦ
2448 4797 2757 4865 κατέκρινε
2945 4803 3261 4872 ἁμαρτίαν,
3289 4802 3376 4855 xui
3400 4797 3562 4850 οὐκέτι
3582 4784 3694 4840 ἐστὶν

2184 4888 2314 4943 ἔσω.
2354 4889 2493 4943 Ἀλλ’
2537 4890 2726 4961 ὥσπερ
2766 4886 2933 4968 iii/ﬁ
2974 4897 3313 4966 στρατιώτης
3351 4892 3439 4945 καὶ
3478 4880 3694 4968 ἀποθῆται

2184 4983 2246 5034 τὸ
2276 4981 2430 5053 ἆρμα
2462 4983 2627 5038 αὐτοῦ
2664 4986 2741 5048 είς
2773 4967 2950 5041 οἰκίαν
2980 4989 3148 5053 τινὸς,
3185 4990 3275 5042 ὅτε
3307 4985 3471 5044 θέλει,
3495 4967 3692 5039 ἐξουσίαν

2186 5073 2299 5143 ἔχει
2339 5074 2565 5128 είσιέναι
2601 5077 2695 5128 xui
2725 5077 2927 5141 ἐξιέναι
2967 5081 3026 5133 ἐν
3063 5084 3126 5151 τῇ
3166 5080 3311 5149 οἰκίᾳ
3352 5058 3692 5139 ἐκεί-ιη’ῦῦτως

2186 5166 2330 5237 καὶή
2355 5166 2599 5237 ἁμαρτία
2622 5167 2736 5237 ἔχει
2763 5168 3009 5234 ἐξουσίαν
3034 5168 3416 5240 διαλογίζεσθαι
3438 5165 3489 5215 ὲν
3508 5156 3563 5250 τῇ
3587 5160 3689 5250 καρξ

2183 5256 2293 5328 δίᾳο
2326 5258 2642 5327 Γέγραπται
2665 5265 2808 5332 γάρ·
2840 5261 3143 5331 Εισῆλθεν
3169 5267 3201 5319 δ
3234 5253 3484 5315 Σατανᾶς
3507 5248 3578 5306 εις
3602 5247 3690 5299 την

2186 5349 2437 5418 καρδίαν
2474 5352 2682 5406 Ἰούδα.
2717 5354 2777 5405 Ei
2804 5354 2861 5406 δὲ
2894 5354 3095 5425 λέγεις,
3124 5358 3205 5410 ὅτι
3237 5351 3323 5407 διὰ
3362 5347 3452 5415 τῆς
3475 5334 3685 5427 in???"

2185 5416 2279 5494 του
2312 5441 2549 5512 Χριστοῦ
2584 5444 2884 5517 κατεκρίθη
2917 5416 3247 5519 ήνάρξᾷρτια,
3279 5442 3367 5494 καὶ
3393 5430 3514 5507 μετὰ
3538 5420 3587 5475 τὸ
3605 5416 3682 5519 gi.

2184 5507 2395 5606 πτισμα
2414 5538 2597 5591 οὐκέτι
2620 5539 2734 5609 ἔχει
2763 5507 3210 5612 νομῆναδκακὺν
3232 5507 3321 5591 τοῦ
3346 5507 3678 5616 διαλογίξεξξέι

2185 5628 2245 5681 ὲν
2271 5600 2339 5699 τῇ
2365 5629 2591 5701 καρδίᾳ,
2623 5600 2841 5699 άλνοεῖέ
2864 5600 2949 5686 ὅτι
2986 5636 3050 5688 ὲκ
3076 5635 3175 5703 τῆς
3199 5621 3475 5699 παρουσίας
3494 5607 3569 5664 τοῦ
3592 5600 3675 5653 Κνθ

581 5741 628 5772 "
660 5741 818 5796 Joan.
869 5761 978 5816 xvr,
1004 5748 1059 5803 6.
1116 5750 1165 5782 ⁸³
1190 5749 1325 5807 Gen.
1355 5767 1438 5820 ιιι,
1469 5754 1522 5811 5.
1558 5753 1611 5808 6.
1685 5757 1774 5811 “l
1806 5757 1948 5813 Tim.
1981 5777 2039 5827 ιι,
2075 5763 2089 5818 ί

2203 5766 2249 5799 ⁸⁸
2273 5766 2463 5823 Matth.
2494 5784 2584 5837 xv,
2610 5770 2694 5828 l9.
2750 5773 2797 5804 "
2833 5774 2990 5829 Rom.
3022 5790 3132 5842 vm,
3172 5773 3223 5828 5.
3287 5768 3328 5802 "
3354 5748 3473 5819 Lllc-
3496 5758 3603 5805 w"
3626 5732 3667 5788 δ’
