3966 6446
187 411 318 474 585

1440 405 1808 469 HOMILIZE.
1839 432 1911 440 —
1936 406 2125 468 HOM.
2153 408 2273 471 XV.

3367 405 3476 472 586
3516 458 3526 469 .

192 524 335 592 ρίου
369 519 517 592 μέχρι
551 519 645 572 τοῦ
677 518 793 586 νῦν,
829 519 941 572 ὅσοι
973 517 1406 586 ἐϐαπτίσθησαν,
1438 520 1531 573 καὶ
1573 516 1787 588 πονηρά

1910 518 2027 575 nini
2060 519 2128 575 ad
2158 522 2307 577 hunc
2331 534 2506 592 usque
2527 520 2673 575 diem
2702 527 2841 590 quot
2864 518 3028 575 modo
3050 516 3326 590 baptizatf
3338 520 3467 587 sint,

192 616 352 667 ποτὲ
391 612 775 682 ἐλογίσθησαν;
821 612 855 682 ἢ
894 612 995 666 οὐκ
1028 614 1108 676 εἰς
1141 612 1450 679 κενοδοξίαν
1499 611 1643 674 τινὲς
1686 611 1784 664 αὑ-

190 708 345 770 τῶν,
375 706 405 776 ἢ
436 704 709 775 πορνείαν,
737 704 770 773 ἦ
803 704 1251 775 γαστριμαργίαν
1276 703 1625 775 ἐτράπησαν;
1649 702 1786 757 άλλά

197 799 326 852 ὅλοι
354 800 397 851 oi
420 796 797 859 κατοικοῦντες
832 798 889 848 ὲν
918 799 984 867 τῇ
1022 796 1317 867 Ἐκκλησία
1334 796 1610 865 κοσμικοὶ,
1630 797 1787 866 ἄμω-

211 908 320 960 μον
372 892 459 942 καὶ
494 888 745 959 καθαράν
797 888 980 958 ἔχουσι
1024 889 1121 960 τὴν
1166 889 1426 959 καρδίανς
1453 888 1488 959 ἢ
1530 887 1788 958 εὑρίσκο-

220 1006 343 1059 μεν,
367 988 440 1040 ὅτι
464 986 599 1055 μετά
628 985 689 1038 τὸ
722 985 1004 1056 βάπτισμα
1038 984 1231 1037 πολλαὶ
1270 980 1540 1052 ἁμαρτίαι
1574 979 1789 1048 γίγνον-

213 1098 300 1135 ται
320 1119 339 1145 ,
368 1080 455 1134 καὶ
489 1079 677 1133 πολλοὶ
700 1080 1105 1150 ἁμαρτάνουσιν
1128 1093 1143 1143 ;
1181 1076 1333 1147 Ἔχει
1361 1069 1454 1128 οῦν
1480 1073 1654 1145 νομὴν
1694 1072 1789 1127 καὶ

211 1171 360 1242 μετὰ
380 1170 436 1223 τὸ
465 1170 746 1240 βάπτισμα
780 1169 1041 1222 εἰσελθεῖν
1079 1169 1109 1221 ὁ
1148 1168 1371 1241 λῃστὴς,
1404 1169 1499 1221 καὶ
1528 1166 1790 1238 πράττειν

203 1266 238 1318 ἃ
274 1264 445 1318 θέλει.
480 1263 790 1332 Γέγραπται
835 1263 943 1332 γάρ
976 1278 990 1291 ·
1033 1260 1388 1330 Ἀγαπήσεις
1428 1260 1649 1328 Κύριον
1681 1258 1791 1314 τὸν

205 1356 369 1410 Θεόν
404 1372 515 1410 σου
563 1355 633 1419 ἐξ
678 1354 829 1423 ὅλης
872 1354 985 1421 τῆς
1028 1353 1280 1421 καρδίας
1324 1369 1463 1408 σου.
1509 1351 1669 1405 Ἀλλά
1698 1351 1788 1405 λέ-

200 1464 333 1515 γεις
363 1488 380 1512 ,
410 1447 486 1499 ὃτι
516 1443 776 1515 Ἀγαπῶ,
811 1443 911 1497 καὶ
946 1444 1064 1513 ἔχω
1095 1442 1335 1513 Πνεῦμα
1368 1443 1565 1512 ἅγιον.
1602 1442 1791 1511 Ἔχεις

199 1542 307 1611 τὴν
351 1540 589 1610 μνήμην,
638 1537 850 1591 καὶτὸν
892 1537 1094 1609 ἔρωτα,
1120 1539 1216 1591 καὶ
1274 1535 1372 1607 τὴν
1416 1528 1613 1589 καῦσιν
1653 1535 1791 1605 πρὸς

196 1636 297 1687 τὸν
330 1632 564 1705 Κύριονς
586 1631 780 1695 νυκτὸς
802 1632 897 1685 καὶ
917 1633 1130 1703 ἡμέρας
1154 1632 1271 1684 ἐκεῖ
1300 1629 1623 1684 άποδέδεσαι
1651 1645 1667 1692 ;
1695 1626 1793 1683 καὶ⁸

199 1732 252 1783 εἰ
289 1729 401 1798 μὲν
427 1726 565 1795 ἔχεις
584 1724 845 1795 τοιαύτην
873 1723 1117 1793 ἀγάπην,
1143 1722 1386 1793 καθαρὸς
1414 1715 1482 1777 εἷ.
1520 1721 1581 1773 Ei
1609 1719 1665 1772 δὲ
1691 1718 1794 1772 οὐκ

200 1824 404 1892 ἔχεις,
448 1818 683 1891 ζήτησον
728 1819 811 1871 ἔτι
858 1818 986 1871 ὅταν
1023 1816 1249 1869 ἔλθωσιν
1290 1814 1400 1868 ἀπὸ
1438 1812 1548 1867 τῶν
1588 1812 1793 1881 γηΐνων

1889 621 1945 668 et
1978 614 2274 684 aliquando
2306 623 2489 669 tamen
2516 613 2880 668 nihilominus
2907 613 3049 667 mala
3076 612 3473 683 cogitaverim?

1889 707 1998 762 Aut
2026 723 2210 763 nonne
2236 706 2458 778 quidam
2488 722 2680 762 eorum
2706 706 2773 761 ad
2806 722 3003 761 vanam
3041 704 3229 776 gloriae
3260 706 3475 775 cupidi-

1889 799 2117 858 ditatem
2152 840 2168 865 ,
2216 799 2285 854 ad
2337 808 2588 869 stuprum
2640 808 2735 855 aut
2789 798 3183 853 helluationem
3219 798 3473 854 conversi

1890 894 2050 946 sunt?
2084 893 2258 947 Porro
2288 932 2303 957 ,
2349 907 2419 947 an
2456 906 2655 947 omnes
2698 891 2795 961 qui
2842 892 3095 946 habitant
3142 891 3198 945 in
3226 891 3474 946 Ecclesia

1890 983 2144 1038 homines
2188 983 2474 1047 mundani,
2514 999 2654 1055 puro
2684 992 2741 1039 et
2776 984 3098 1054 inculpabili
3133 984 3301 1039 corde
3335 1000 3474 1055 pra:-

1890 1075 1992 1131 diti
2025 1074 2191 1130 sunt?
2224 1084 2318 1131 aut
2373 1091 2557 1131 nonne
2608 1077 2916 1146 reperimus
2968 1087 3093 1146 post
3132 1077 3471 1148 baptismum

1890 1168 2061 1223 multa
2105 1168 2414 1238 perpetrari
2445 1176 2691 1238 peccata,
2720 1184 2785 1225 ac
2814 1170 3022 1225 multos
3045 1171 3274 1227 errare?
3295 1169 3473 1224 liabet

1891 1262 2060 1332 igitur
2084 1260 2347 1330 pabulum
2374 1268 2431 1314 et
2474 1260 2754 1315 licentiam
2798 1262 2963 1326 latro,
3010 1262 3177 1317 etiam
3221 1270 3345 1333 post
3379 1263 3475 1317 ha-

1890 1354 2173 1425 ptismum,
2202 1340 2543 1425 ingrediendi
2566 1364 2732 1423 atque
2753 1354 2951 1424 agendi
2975 1371 3078 1425 pro
3098 1355 3303 1409 lubitu.
3323 1355 3475 1411 Scri-

1892 1453 2047 1515 ptum
2102 1444 2251 1499 enim
2300 1454 2419 1500 est:
2468 1443 2669 1516 Diliges
2701 1444 2991 1498 Dominum
3021 1444 3188 1499 Deum
3230 1456 3379 1500 tuum
3408 1462 3473 1500 ea:

1894 1544 2001 1590 toto
2035 1536 2192 1589 corde
2230 1544 2322 1590 tuo
2346 1536 2414 1590 ⁵⁸.
2461 1535 2662 1591 Verum
2710 1535 2894 1591 dicis:
2938 1535 3134 1607 Diligo,
3192 1545 3244 1591 et
3300 1537 3467 1591 habeo

1892 1625 2153 1697 Spiritum
2179 1635 2445 1681 sanctum.
2482 1626 2737 1683 Habesne
2765 1628 3089 1683 memoriam
3117 1638 3174 1683 et
3198 1644 3466 1694 amorem,

1894 1735 1959 1775 ac
2006 1719 2243 1789 ﬂagrans
2296 1719 2635 1776 desiderium
2674 1719 2953 1777 directum
2979 1737 3107 1792 erga
3136 1722 3471 1777 Dominum?

1897 1825 2029 1865 esne
2066 1819 2237 1864 noctu
2266 1809 2472 1879 diuque
2502 1810 2616 1866 illic
2634 1809 2965 1866 devinctus?
2992 1820 3049 1867 et
3078 1813 3350 1883 siquidem
3370 1813 3475 1867 hac

201 1914 581 1986 πραγμάτων,
628 1911 721 1965 καὶ
749 1910 857 1964 ἀπὸ
884 1909 992 1963 τῶν
1029 1906 1273 1979 αἰσχρῶν
1308 1907 1404 1959 καὶ
1431 1903 1685 1975 πονηρῶν
1710 1902 1798 1955 λο-

1910 1902 2196 1957 dilectione
2246 1902 2511 1972 praeditus
2533 1917 2616 1969 es,
2644 1919 2816 1973 purus
2848 1919 2928 1959 es.
2957 1904 3054 1959 Sin
3083 1921 3146 1960 ea
3185 1907 3368 1961 minus
3400 1906 3478 1961 sis

204 2006 453 2078 γισμῶν,
484 2005 533 2057 εἰ
583 2004 657 2074 μὴ
698 2002 833 2071 πρὸς
857 2000 1034 2055 ταῦτα
1062 1998 1351 2069 ὐποκλίνῃ,
1386 1995 1523 2050 ἀλλὰ
1563 1994 1798 2050 πάντοτε

1910 1995 2189 2066 praeditus,
2217 1997 2361 2051 ultra
2386 1996 2624 2065 inquire,
2660 1996 2753 2051 ubi
2802 2012 2863 2053 se
2908 1996 3212 2053 obtulerint
3258 1998 3479 2068 negotia

207 2103 289 2164 εἰς
322 2098 550 2166 ἀγάπην
578 2097 674 2149 καὶ
709 2093 873 2147 πόθον
912 2092 1047 2147 Θεοῦ
1081 2090 1299 2144 ἕλκεται
1347 2107 1441 2143 σου
1468 2089 1501 2158 ἠ
1532 2088 1701 2157 ψυχή.
1734 2085 1798 2140 Οἱ

1910 2096 2143 2153 terrena,
2172 2096 2271 2143 aut
2309 2088 2675 2159 cogitationes
2713 2098 2907 2159 turpes
2951 2098 3008 2145 et
3054 2104 3259 2159 pravae,
3293 2104 3479 2143 annon

208 2196 321 2262 γάρ
348 2189 601 2258 λογισμοὶ
624 2186 718 2240 τοῦ
749 2186 956 2255 κόσμου
981 2184 1308 2239 κατασπῶσι
1334 2181 1426 2235 τὸν
1455 2180 1580 2234 νοῦν
1607 2179 1685 2244 είς
1728 2180 1802 2235 τά

215 2291 433 2357 ἐπίγεια
473 2287 569 2339 καὶ
603 2284 817 2354 φθαρτά
837 2323 853 2345 ,
881 2282 977 2335 καὶ
1004 2280 1105 2334 οῦκ
1144 2278 1309 2335 ὲῶσιν
1333 2276 1620 2347 ἀγαπῆσαι
1643 2278 1798 2344 Θεὸν,

226 2387 261 2453 ἦ
283 2381 653 2454 μνημονεῦσαι
676 2379 769 2432 τοῦ
794 2376 1025 2449 Κυρίου.
1063 2376 1176 2429 Καὶ
1206 2374 1470 2438 πολλάκις
1498 2373 1801 2444 ἀπέρχεται

233 2479 305 2537 είς
332 2473 640 2546 προσευχὴν
667 2474 694 2525 ὁ
722 2468 957 2539 ἰδιώτης,
990 2469 1083 2522 καὶ
1112 2468 1280 2521 κλίνει
1308 2466 1460 2534 γόνυ,
1494 2466 1591 2521 καὶ
1621 2465 1799 2535 εἰσέρ-

227 2581 366 2633 χεται
404 2567 433 2629 ὁ
458 2562 583 2625 νοῦς
612 2560 778 2615 αὑτοῦ
809 2561 889 2623 εἰς
913 2559 1253 2622 ἀνάπαυσιν,
1287 2560 1379 2610 καὶ
1408 2559 1534 2611 ὅσον
1568 2558 1801 2611 σκάπτει

221 2654 308 2705 καὶ
352 2652 580 2722 βαθύνει
601 2691 616 2715 ,
650 2650 909 2720 ρύσσεται
942 2648 1004 2703 τὸ
1046 2651 1225 2719 τεῖχος
1252 2649 1351 2719 τῆς
1380 2648 1578 2709 κακίας
1607 2647 1668 2700 τὸ
1700 2649 1799 2699 άν-

218 2744 562 2814 θιστάμενον,
596 2744 691 2796 καὶ
732 2741 1041 2811 εἰσέρχεται
1092 2744 1172 2804 εἰς
1219 2741 1409 2811 ὅρασιν
1440 2739 1536 2793 καὶ
1581 2741 1799 2808 σοφίαν,

213 2838 342 2890 ὅπου
381 2837 449 2889 οὐ
483 2836 749 2905 φθάνουσι
786 2833 1043 2887 δυνάσται
1074 2833 1105 2904 ἢ
1149 2833 1389 2903 σοφοὶ,ἢ
1426 2834 1657 2905 ῥήτορες
1696 2850 1800 2887 κα-

216 2928 480 2982 ταλαϐεῖν
532 2928 565 2998 ἢ
609 2927 815 2995 γνῶναι
866 2927 965 2996 τὴν
994 2925 1300 2995 λεπτότητα
1330 2924 1425 2978 τοῦ
1460 2925 1578 2988 νοὸς
1608 2924 1796 2978 αὑτοῦ·

213 3021 401 3088 ἐπειδὴ
466 3018 778 3089 ἀσχολεῖται
845 3018 925 3081 είς
993 3018 1113 3071 θεῖα
1166 3018 1460 3089 μυστήρια.
1521 3018 1633 3070 Καὶ
1690 3018 1801 3088 γάρ

214 3114 445 3183 ἄπειρος
468 3111 561 3165 τοῦ
592 3109 909 3179 δοκιμάζειν
957 3112 1330 3180 μαργαρίτας,
1367 3110 1469 3163 οὐκ
1494 3106 1601 3163 οἵδε
1628 3110 1801 3163 διατι-

1895 2180 1970 2235 ad
1992 2182 2108 2236 haec
2132 2180 2520 2249 declinaveris,
2563 2198 2635 2241 an
2656 2197 2791 2238 vero
2822 2191 3091 2252 perpetuo
3128 2181 3197 2236 ad
3231 2197 3478 2236 amorem

1901 2288 1964 2327 ac
1985 2272 2321 2328 desiderium
2345 2274 2443 2330 Dei
2472 2273 2723 2329 trahatur
2748 2274 2932 2329 anima
2959 2274 3094 2328 tua?
3118 2274 3483 2344 cogitationes

1900 2366 2048 2419 enim
2097 2367 2387 2421 mundanae
2419 2366 2739 2421 distrahunt
2783 2375 3025 2421 mentem
3070 2366 3137 2421 ad
3174 2375 3396 2423 terrena
3426 2377 3484 2421 et

1902 2458 2309 2527 corruptibilia,
2361 2473 2464 2513 nec
2505 2458 2836 2528 permittunt
2882 2457 3114 2529 diligere
3145 2459 3342 2523 Deum,
3387 2466 3483 2513 aut

1901 2550 2117 2605 Domini
2140 2566 2441 2606 memorem
2469 2567 2611 2606 esse.
2649 2551 2718 2605 At
2761 2551 3392 2620 smpenumeroaccedit
3413 2551 3481 2605 ad

1901 2643 2170 2697 orandum
2224 2644 2394 2698 idiota
2448 2643 2590 2698 ﬂexo
2622 2643 2849 2713 poplite,
2882 2643 3298 2713 ingrediturque
3328 2658 3483 2698 mens

1901 2734 2022 2803 ejus
2046 2733 2101 2787 in
2149 2733 2417 2803 requiem,
2441 2742 2498 2787 et
2530 2733 2774 2803 quandiu
2821 2732 2964 2787 fodit
2992 2748 3055 2787 ac
3093 2732 3201 2785 ima
3226 2732 3481 2795 rimatur,

1903 2826 2211 2896 perrumpit
2231 2826 2507 2896 objectum
2540 2826 2804 2894 parietem
2835 2825 3081 2889 malitim,
3113 2840 3177 2879 ac
3198 2825 3397 2881 transit
3427 2824 3484 2878 in

1902 2918 2174 2973 visionem
2216 2926 2272 2972 et
2330 2917 2681 2987 sapientiam,
2709 2934 2819 2987 quo
2865 2932 2976 2973 non
3023 2916 3357 2987 perveniunt
3387 2932 3487 2985 po-

1904 3018 2105 3075 tentes,
2135 3015 2231 3061 aut
2263 3008 2563 3077 sapientes,
2599 3017 2697 3061 aut
2726 3008 2999 3072 rhetores,
3027 3016 3087 3062 ut
3120 3007 3487 3077 comprehen-

1904 3100 2038 3155 dant
2067 3110 2162 3154 aut
2220 3110 2556 3170 cognoscant
2588 3100 2953 3155 subtilitatem
2990 3100 3195 3153 mentis
3218 3100 3376 3169 ejus:
3409 3100 3485 3154 si-

218 3204 504 3274 μήσασθαι
534 3204 781 3265 τούτους,
816 3201 905 3255 διά
932 3203 993 3255 τὸ
1032 3202 1260 3273 ἄπειρον
1297 3202 1461 3257 αὑτὸν
1486 3203 1796 3273 τυγχάνειν.

1910 3193 2125 3264 quidem
2152 3202 2399 3249 attentus
2434 3201 2520 3248 est
2559 3192 2627 3247 ad
2666 3192 2854 3247 divina
2885 3191 3163 3263 mysteria.
3204 3190 3308 3258 Qui
3338 3192 3485 3245 enim

216 3300 275 3350 Oi
304 3293 405 3351 οὖν
445 3296 762 3366 Χριστιανοὶ
794 3296 863 3348 τά
894 3296 1079 3360 ἔνδοξα
1118 3298 1218 3367 τῆς
1257 3298 1363 3368 γῆς
1395 3296 1800 3367 βδελύσσονται,

217 3391 308 3442 καὶ
339 3388 609 3461 ἡγοῦνται
644 3389 819 3442 ταῦτα
859 3389 936 3453 ὡς
985 3390 1217 3461 κοπρίαν
1252 3391 1391 3462 πρὸς
1442 3391 1670 3445 ἐκείνων
1704 3390 1804 3461 τὴν

220 3480 513 3551 σύγκρισιν
566 3479 667 3551 τῆς
727 3478 1148 3550 μεγαλειότητος
1198 3480 1299 3551 τῆς
1362 3480 1695 3551 ἐνεργούσης
1746 3479 1806 3531 ὲν

220 3572 424 3636 αὐτοῖς.

298 3832 405 3899 ις’.
459 3833 804 3903 Ἐρώτησις.
839 3836 908 3889 El
955 3834 1206 3890 δύναται
1239 3834 1453 3889 πεσεῖν
1497 3834 1808 3905 ἅνθρωπος

246 3925 387 3991 ἔχων
415 3926 714 3997 χάρισμα;

318 4017 675 4088 Ἀπόκρισις.
724 4019 851 4075 Ἐάν
892 4020 1177 4092 άμελήσῃ,
1222 4020 1434 4075 πίπτειο
1474 4020 1524 4073 oi
1570 4020 1680 4091 γὰρ
1712 4038 1808 4073 πο-

237 4110 403 4179 λέμιοι
430 4112 689 4165 οὐδέποτε
719 4113 970 4184 ἀργοῦσι,
1002 4112 1127 4167 οὔτε
1168 4112 1386 4166 ὀκνοῦσι
1420 4112 1804 4182 πολεμοῦντες*

236 4205 375 4275 πόσῳ
414 4206 619 4275 μᾶλλον
666 4206 733 4259 σὺ
760 4207 862 4261 οὐκ
906 4207 1143 4276 ὀφείλεις
1190 4206 1504 4261 παύσασθαι
1547 4206 1657 4259 ἀπὸ
1710 4208 1810 4276 τῆς

232 4291 506 4365 ζητήσεως
555 4296 653 4365 τῆς
704 4296 842 4367 πρὸς
897 4297 1071 4363 Θεόν;
1116 4297 1286 4367 πολλὴ
1343 4296 1451 4366 γάρ
1502 4314 1585 4349 σοι
1633 4294 1811 4366 ζημία.

231 4384 475 4452 γίγνεται
512 4386 835 4455 ἀμελοῦντι,
885 4389 933 4440 εἰ
972 4389 1066 4439 καὶ
1111 4380 1169 4440 ἐν
1207 4387 1356 4459 αὑτῷ
1396 4386 1477 4458 τῷ
1524 4386 1811 4459 μυστηρίῳ

229 4480 315 4547 τῆς
342 4478 568 4549 χάριτος
597 4479 773 4543 δοκεῖς
809 4478 1179 4544 ἐξετάζεσθαι.

1904 3287 2228 3357 margaritas
2272 3287 2511 3357 probare
2545 3285 2690 3340 haud
2746 3285 2923 3349 novit,
2977 3285 3068 3339 ille
3100 3300 3203 3340 nec
3226 3301 3321 3340 eas
3342 3287 3489 3340 msti—

1903 3397 2052 3435 mare
2082 3380 2252 3445 novit,
2284 3396 2351 3435 eo
2377 3379 2525 3449 quod
2570 3379 2861 3449 imperitus
2895 3377 2968 3433 sit
2996 3379 3117 3449 ejus
3142 3379 3246 3432 rei.
3278 3377 3486 3444 Quam-

1903 3472 2094 3526 obrem
2160 3471 2461 3526 Christiani
2507 3470 2565 3524 in
2618 3480 2767 3525 terra
2796 3511 2811 3535 ,
2848 3483 2971 3539 quae
3013 3470 3275 3539 praeclara
3330 3480 3483 3534 sunt,

1904 3571 2282 3626 exsecrantur,
2334 3576 2398 3615 ac
2447 3576 2549 3631 pro
2582 3569 2827 3616 stercore
2882 3568 3287 3629 reputantca,
3319 3560 3490 3614 colla-

1909 3656 2057 3711 tione
2084 3670 2212 3710 cum
2261 3654 2569 3725 majestate,
2605 3667 2731 3724 qua:
2780 3659 3047 3722 operatur
3086 3651 3143 3707 in
3168 3652 3300 3719 illis,
3328 3652 3488 3707 insti-

1908 3756 2050 3803 tuta.

1978 3839 2117 3895 XVI.
2155 3839 2533 3910 Interrogatio.
2571 3838 2761 3895 Utrum
2809 3837 2917 3893 labs
2962 3844 3135 3907 potest
3193 3838 3370 3903 homo,
3401 3840 3493 3905 qui

1907 3935 2103 3989 donum
2142 3935 2330 4004 gratiae
2362 3933 2561 3989 habet?

1983 4026 2287 4098 Responsio.
2343 4026 2399 4083 Si
2448 4027 2712 4099 negligat,
2766 4026 2963 4097 utique
3011 4024 3243 4082 labitur.
3278 4024 3493 4081 Inimici

1908 4119 2056 4174 enim
2106 4134 2392 4187 nunquam
2440 4118 2757 4188 quiescunt,
2788 4132 2893 4173 nec
2952 4117 3157 4173 bellum
3187 4115 3347 4172 ciere-
3368 4132 3486 4187 gra-

1909 4216 2151 4263 vantur:
2193 4218 2400 4278 quanto
2434 4208 2608 4279 magis
2637 4216 2695 4263 tu
2733 4208 2907 4262 Deum
2938 4222 3186 4277 quaerere
3226 4206 3496 4261 desistere

1911 4315 2024 4355 non
2075 4300 2279 4355 debes!
2336 4316 2447 4355 non
2476 4300 2627 4355 enim
2667 4302 2928 4370 exiguum
2954 4298 3348 4354 detrimentum
3377 4313 3498 4351 ma-

1911 4401 2007 4446 net
2039 4399 2113 4457 te,
2141 4391 2187 4445 si
2220 4393 2484 4463 negligas,
2510 4391 2763 4463 quamvis
2789 4391 2845 4445 in
2872 4390 2997 4462 ipso
3022 4390 3287 4463 mysterio
3303 4389 3492 4462 gratia

1915 4482 2134 4537 videare
2170 4482 2453 4551 probatus.

292 4546 394 4626 1Z7".
430 4546 784 4639 ΫἘρώτησις.
816 4575 883 4626 Ei
915 4573 1240 4643 παραμένει
1271 4575 1309 4643 ἡ
1340 4572 1515 4643 χάρις
1551 4575 1702 4644 μετὰ
1741 4577 1800 4630 td

1982 4573 2146 4631 XVII.
2170 4546 2548 4647 interrogatio.
2586 4584 2775 4633 utrum
2812 4583 3090 4647 permanet
3148 4585 3327 4647 gratia
3383 4583 3499 4646 post

233 4661 446 4716 πεσεῖν
471 4664 815 4732 ἄνθρωπον;

304 4753 678 4821 Ἀπόκρισις.
762 4754 841 4819 '0,
872 4754 1005 4819 Θεὸς
1062 4755 1205 4810 θέλει
1252 4757 1344 4810 τὸν
1395 4756 1680 4827 ἄνθρωπον
1729 4759 1811 4824 είς

235 4842 369 4917 ζωὴν
405 4845 568 4899 πάλιν
603 4848 853 4916 ἀγαγεῖν,
883 4849 978 4902 καὶ
1010 4849 1386 4919 προτρέπεται
1420 4852 1513 4904 ἐπὶ
1542 4852 1604 4903 τὸ
1648 4852 1814 4906 πάλιν

238 4935 611 5004 προσκλαῦσαι
637 4939 734 4991 καὶ
768 4941 1102 5011 μετανοῆσαι
1127 4941 1218 4993 τὸν
1250 4940 1555 5011 ἄνθρωπον.
1604 4944 1727 4996 Ἐάν
1757 4945 1815 4998 δὲ

241 5029 316 5081 καὶ
351 5030 708 5103 παραμείνῃ,
744 5032 837 5084 ἐπὶ
870 5031 931 5085 τὸ
962 5032 1122 5086 πάλιν
1175 5034 1552 5103 προσκλαῦσαι
1582 5038 1675 5089 καὶ
1707 5054 1807 5107 με-

243 5120 495 5189 τανοῆσαι
524 5121 615 5173 τὸν
646 5120 955 5191 ἄνθρωπον,
990 5124 1355 5193 μετανοοῦντα
1379 5125 1446 5178 τὰ
1475 5125 1560 5194 ἐφ’
1593 5122 1675 5190 οἷς
1704 5126 1810 5179 πά-

244 5206 316 5264 λαι
340 5214 785 5284 ἐπλημμέλησεν.

303 5304 407 5359 IH'.
472 5305 814 5375 Ἐρώτησις.
847 5308 916 5361 El
937 5307 1061 5374 τοῖς
1082 5310 1334 5375 τελείοις
1354 5309 1641 5363 ἐπίκειται
1680 5311 1809 5365 θλί-

243 5394 355 5462 ψίςι
378 5396 417 5466 ἧ
448 5399 733 5468 πόλεμος,
756 5400 794 5468 ἢ
836 5400 903 5455 τὸ
930 5400 1082 5455 ὅλον
1105 5401 1542 5470 ἀμεριμνοῦσιν
1557 5419 1579 5467 ;

308 5486 671 5557 Ἀπόκρισις.
734 5491 795 5543 '0
844 5490 1106 5561 πολέμιος
1153 5494 1273 5547 κατ’
1306 5493 1520 5557 οὐδενὸς
1576 5513 1813 5550 παύεται

234 5576 503 5648 πολεμῶν,
539 5580 567 5631 ὁ
592 5580 839 5645 Σατανᾶς
870 5582 927 5634 δὲ
956 5583 1302 5655 ἄσπλαγχνός
1328 5586 1444 5638 ἐστι
1498 5587 1590 5638 καὶ
1617 5589 1805 5657 μισάν-

236 5662 448 5735 θρωπος
467 5684 481 5699 ο
510 5669 590 5722 διὸ
622 5670 716 5723 καὶ
738 5671 903 5725 παντὶ
934 5672 1209 5748 ἀνθρώπῳ
1236 5675 1492 5748 πολεμεῖν
1514 5677 1623 5731 οὑκ⁴
1641 5679 1808 5737 ὀκνεῖ.

302 5851 347 5883 ³⁸
372 5852 529 5912 Deut.
561 5872 634 5923 γι,
658 5854 712 5910 5.

1911 4665 2117 4737 lapsum
2171 4668 2397 4721 hominis
2414 4670 2439 4721 ?

1980 4757 2286 4829 Responsio.
2327 4759 2475 4815 Deus
2510 4758 2583 4819 ,in
2613 4759 2759 4814 votis
2797 4759 2965 4815 habet
2998 4760 3279 4814 hominem
3334 4774 3366 4811 n
3411 4773 3496 4811 νι-

1912 4857 2023 4904 tam
2050 4849 2233 4904 denuo
2264 4851 2552 4915 reducere,
2584 4860 2748 4922 atque
2783 4851 3112 4905 adhortatur
3139 4864 3267 4902 eum
3295 4848 3497 4903 iterum

1914 4938 1983 4992 ad
2026 4939 2236 4995 luctum
2269 4950 2324 4995 et
2369 4942 2829 5011 resipiscentiam.
2866 4942 2962 4997 Sin
3000 4957 3131 4996 vero
3156 4953 3495 5010 perseveret,

1917 5030 1985 5085 ad
2016 5032 2227 5087 luctum
2272 5042 2330 5087 et
2383 5035 2765 5103 pwnitentiam
2804 5034 3005 5088 iterum
3040 5034 3292 5088 hortatur
3322 5034 3499 5092 homio

1914 5139 2065 5190 nem,
2099 5132 2160 5179 ut
2211 5126 2502 5195 resipiscat
2562 5135 2787 5196 pr0pter
2844 5141 2930 5191 ea,
2982 5142 3105 5197 qua:
3162 5128 3294 5182 olim
3351 5128 3493 5184 deli—

1915 5211 2070 5289 quit.

1997 5312 2104 5381 57
2130 5311 2315 5367 XVIII.
2341 5310 2719 5382 Interrogatio.
2767 5310 2956 5366 Utrum
2978 5312 3221 5383 perfectis
3257 5314 3494 5367 imminet

1916 5403 2136 5472 afﬂictio
2165 5413 2257 5456 aut
2297 5402 2623 5468 bellum,aut
2652 5406 2856 5473 penitus
2881 5422 3061 5460 secure
3080 5408 3302 5475 vivunt?

1986 5494 2291 5565 Responsio.
2329 5496 2514 5552 Hostis
2536 5498 2742 5552 nemini
2777 5498 2981 5553 bellum
3018 5500 3225 5554 inferre
3253 5498 3494 5554 desinit:

1918 5587 2147 5644 Satanas
2184 5605 2319 5646 vero
2365 5590 2762 5647 immisericors
2804 5600 2910 5658 est,
2950 5601 3007 5646 et
3048 5591 3167 5646 odit
3216 5592 3495 5657 homines;

1917 5690 2257 5754 quapropter
2312 5682 2478 5740 etiam
2526 5684 2785 5740 omnibus
2835 5683 3157 5740 hominibus
3186 5684 3391 5740 bellum
3418 5685 3500 5739 in-
