3966 6440
173 385 281 448 589

1392 378 1767 446 HOMILIIE.
1799 406 1873 419 -·
1900 376 2091 443 HOM.
2129 381 2253 444 XV.

3365 366 3480 436 590⁸

170 502 469 575 ὀρείλουσι
512 497 744 570 κάμνειν
770 498 862 552 καὶ⁸
906 496 1280 567 ὲπισυνάγειν,
1308 498 1400 553 ἵνα
1441 498 1517 570 μὴ
1543 499 1778 570 ὑστερη-

1907 512 2035 561 'are,
2067 495 2177 565 58
2214 503 2270 550 et
2314 504 2543 550 acervos
2588 493 2963 558 accumulare,
3017 507 3090 547 nc
3125 493 3471 562 paupertatis

178 600 378 653 θῶσιν.
416 594 605 656 Οῦτως
637 595 788 648 ἐστὶν
826 595 884 647 ὲν
917 592 994 663 τῷ
1038 592 1456 664 Χριστιανισμῷ
1484 593 1547 647 τὸ
1575 591 1780 662 γεύσα-

1907 604 2012 659 ugo
2056 597 2399 658 premantur.
2434 587 2552 642 Ποο
2597 586 2762 641 modo
2794 586 2939 641 inter
2963 585 3312 641 Christianos
3338 599 3472 637 con-

181 689 309 743 σθαί
351 705 480 741 τινα
529 687 631 755 τῆς
677 684 898 756 χάριτος
941 683 1039 737 τοῦ
1071 683 1208 737 Θεοῦ
1234 700 1249 715 ο
1286 684 1609 739 Γεὺσασθε
1644 681 1777 752 γὰρ,

185 782 355 852 φησὶ,
389 780 489 833 καὶ
511 779 670 832 ἴδετε
693 778 784 833 ὅτι
813 777 1085 848 χρηστὸς
1113 779 1147 831 ό
1180 777 1417 845 Κύριος.
1458 776 1615 830 Ἔστι
1648 774 1705 828 δὲ
1745 775 1780 845 ἡ

197 872 383 941 γεῦσις
439 869 582 940 αῦτη
647 867 973 941 ἐνεργητικὴ
1035 869 1093 922 ὲν
1140 867 1489 940 πληροφορίᾳ
1546 864 1783 935 δύναμις

116 1028 121 1033 _
206 965 519 1036 Πνεύῃατος
566 961 891 1017 διακονοῦσα
939 964 998 1015 ὲν
1046 960 1268 1033 καρδίᾳ.
1314 960 1474 1013 Ὅσοι
1513 958 1624 1027 γὰρ
1673 956 1781 1010 υἱοί

210 1062 305 1113 εἱσι
342 1058 440 1111 τοῦ
482 1057 692 1127 φωτὸς,
729 1057 825 1111 καὶ
852 1058 953 1127 τῆς
996 1055 1271 1117 διακονίας
1302 1054 1399 1124 τῆς
1438 1053 1635 1121 καινῆς
1661 1051 1781 1105 δια-

118 1140 123 1215 ί
210 1154 377 1224 θήκης
412 1153 469 1203 ὲν
505 1149 584 1221 τῷ
611 1149 892 1219 Πνεύματι
917 1148 993 1218 τῷ
1022 1148 1179 1218 ἁγίῳ,
1213 1140 1358 1201 οὗτοι
1389 1146 1541 1215 παρά
1572 1142 1784 1213 ἀνθρώ-

210 1261 322 1298 πων
351 1243 504 1297 οὐδὲν
537 1244 902 1313 μανθάνουσι·
933 1241 1267 1295 θεοδίδακτοι
1293 1240 1404 1311 γάρ
1439 1240 1597 1291 εἰσιν.
1632 1236 1782 1308 Αὐτὴ

209 1337 312 1407 γὰρ
366 1337 405 1405 ἡ
458 1336 617 1406 χάρις
683 1334 979 1405 ἐπιγράφει
1035 1335 1092 1386 ὲν
1123 1335 1247 1395 ταῖς
1303 1330 1556 1401 καρδίαις
1603 1328 1784 1382 αὐτῶν

102 1491 107 1497 ,
209 1430 331 1492 τοὺς
364 1428 562 1499 νόμους
586 1426 682 1480 τοῦ
720 1426 1055 1497 Πνεύματος.
1084 1424 1200 1479 Ούκ
1228 1423 1539 1493 ὀφείλουσιν
1577 1421 1670 1475 οῦν
1704 1423 1786 1485 είς

102 1510 107 1589 ί
209 1521 303 1583 τὰς
343 1520 566 1591 Γραφάς
624 1521 783 1590 μόνον
825 1519 927 1581 τάς
971 1518 1060 1571 διὰ
1115 1517 1346 1587 μέλανος
1392 1513 1788 1584 γεγραμμένας

102 1605 107 1613 ’
210 1613 693 1685 πληροφορεῑσθαι,
735 1611 873 1665 ἀλλὰ
902 1612 995 1663 καὶ
1021 1612 1101 1673 εἰς
1138 1609 1237 1670 τὰς
1274 1607 1485 1670 πλάκας
1518 1608 1616 1676 τῆς
1646 1623 1787 1675 καρ-

108 1700 121 1774 ξ
209 1708 326 1770 δίας
377 1709 410 1778 ἡ
462 1708 619 1777 χάρις
650 1705 745 1759 τοῦ
777 1704 914 1758 Θεοῦ
954 1702 1224 1773 ἐγγράφει
1272 1700 1399 1763 τοὺς
1442 1698 1644 1769 νόμους
1690 1696 1787 1750 τοῦ

108 1860 121 1887 ;
211 1801 544 1869 Πνεύματος,
597 1800 691 1854 καὶ
745 1799 814 1853 τά
868 1798 1166 1868 ἐπουράνια
1224 1794 1529 1865 μυστήριαο
1593 1792 1627 1861 ἡ
1676 1790 1783 1862 γὰρ

114 1952 123 1979 Σ
212 1895 412 1966 καρδία
443 1893 763 1966 ἡγεμονεύει
806 1892 902 1947 καὶ
936 1890 1209 1962 βασιλεύει
1257 1888 1378 1941 ὅλου
1409 1886 1503 1938 τοῦ
1535 1901 1782 1955 σωματι-

106 2065 111 2068 ι
206 1989 303 2041 κοῦ
328 1988 587 2060 ὀργάνου.
618 1987 726 2040 Καὶ
753 1985 892 2040 ὲπάν
926 1983 1177 2054 κατάσχῃ
1205 1982 1302 2043 τὰς
1326 1981 1499 2051 νομὰς
1522 1980 1622 2049 τῆς
1652 1994 1790 2048 καρ-

102 2134 107 2141 ,
196 2084 315 2146 δίας
351 2084 390 2153 ἠ
430 2081 612 2152 χάρις,
648 2078 923 2151 βασιλεύει
968 2078 1106 2131 ὅλων
1151 2077 1260 2130 τῶν
1309 2076 1510 2147 μελῶν,
1543 2076 1639 2127 καὶ
1682 2074 1791 2127 τῶν

190 2176 485 2247 λογισμῶν
507 2192 520 2206 ·
575 2177 693 2228 ἐκεῖ
726 2174 835 2243 γάρ
867 2174 1017 2226 ὲστιν
1061 2172 1089 2225 6
1119 2170 1264 2235 νοῦς,
1307 2170 1401 2222 καὶ
1429 2168 1540 2222 ὅλοι
1570 2170 1618 2221 οἱ
1641 2168 1791 2235 λογι-

190 2272 325 2341 apol
378 2269 486 2339 τῆς
534 2268 713 2339 ψυχῆς
751 2268 845 2319 καὶ
900 2265 1271 2338 ήπροσδοκία
1324 2265 1517 2334 αὐτῆς.
1569 2260 1661 2314 Διδ
1698 2260 1793 2314 καὶ

196 2363 478 2433 διέρχεται
511 2363 545 2431 ή
576 2363 735 2431 χάρις
763 2360 843 2422 είς
875 2359 973 2412 ὅλα
1002 2359 1070 2410 τὰ
1107 2357 1246 2427 μέλη
1276 2356 1370 2409 τοῦ
1409 2355 1685 2427 σώματος.

279 2455 407 2510 KX.
444 2454 639 2517 Οὕτως
667 2452 830 2506 πάλιν
856 2452 971 2506 ὅσοι
998 2450 1139 2504 εἰσὶν
1169 2450 1279 2503 υἱοὶ
1304 2448 1396 2503 τοῦ
1428 2451 1672 2513 σκότους,
1702 2449 1797 2519 βα-

200 2549 407 2602 σιλεύει
460 2548 565 2618 τῆς
608 2546 835 2618 καρδίας
884 2547 917 2614 ὴ
944 2544 1215 2616 ἁμαρτία,
1265 2543 1360 2596 καὶ
1398 2542 1673 2613 διέρχεται
1716 2543 1796 2604 εἰς

192 2645 295 2699 ὅλα
348 2643 422 2696 τὰ
479 2642 646 2712 μέρη.
689 2641 791 2693 Ἐκ
839 2640 951 2709 γὰρ
998 2640 1113 2708 τῆς
1146 2636 1397 2706 καρδίας
1446 2636 1797 2706 ἐξέρχονται

195 2734 593 2807 διαλογισμοὶ
616 2731 897 2802 πονηροί·
931 2730 1028 2786 καὶ
1058 2729 1231 2796 οὕτως
1264 2728 1645 2800 ὑπεκχεομένη
1675 2744 1801 2780 σκο-

197 2833 342 2895 τίζει
369 2829 465 2882 τὸν
489 2827 797 2897 ἄνθρωπον.
821 2825 885 2879 Οἱ
911 2823 967 2877 δὲ
1001 2824 1076 2895 μὴ
1102 2823 1351 2892 λέγοντες
1381 2817 1520 2875 εἶναι
1546 2820 1607 2874 τὸ
1629 2821 1800 2874 κακὸν

207 2924 539 2994 σύντροφον,
573 2920 669 2974 καὶ⁹
699 2918 1029 2983 συναυξάνον
1068 2916 1146 2989 τῷ
1187 2914 1490 2985 ἀνθρώπῳ,
1527 2916 1667 2986 μήτε
1699 2932 1799 2984 με-

212 3020 526 3091 ριμνήσωσι
569 3014 699 3085 περὶ
749 3013 849 3082 τῆς
902 3010 1115 3082 αῦριον,
1174 3010 1315 3080 μήτε
1375 3008 1797 3080 ὲπιθυμὴσωσι’

213 3110 392 3185 καιρῷ
422 3110 535 3180 γάρ
569 3125 674 3162 τινι
705 3106 984 3160 ἐπαύσατο
1009 3107 1067 3159 ὲν
1091 3105 1276 3166 αὐτοῖς
1305 3101 1560 3172 ἐνοχλοῦν
1586 3103 1648 3153 τὸ
1696 3117 1800 3155 κα-

1820 1851 1863 1906 Β

1881 681 2063 752 tingit,
2099 689 2161 735 ut
2186 680 2311 750 quis
2340 679 2593 750 degustet
2618 678 2847 749 gratiam
2874 678 2967 731 Dei
2994 694 3009 731 :
3039 676 3264 731 Gustata
3295 676 3465 729 enim.

1883 774 2085 845 inquit,
2111 782 2161 828 et
2197 774 2364 827 videte
2393 774 2645 844 quoniam
2686 772 2861 825 suavis
2883 778 2958 824 cst
2987 770 3244 824 Dominus
3276 769 3346 820 ⁵⁸.
3372 768 3473 822 Est

1882 883 2068 930 autem
2097 870 2337 943 gustatio
2381 869 2497 923 haec
2527 868 2707 922 virtus
2728 850 2995 937 ‘Spiritus
3036 866 3090 919 in
3120 864 3476 935 plenitudine

1883 966 2011 1022 ﬁdei
2047 980 2305 1036 operans,
2348 978 2471 1032 quae
2518 961 2574 1015 in
2625 960 2794 1015 corde
2828 960 3134 1013 ministrat.
3186 958 3472 1025 Quthuot

1883 1058 2033 1114 enim
2070 1056 2168 1111 ﬁlii
2208 1052 2523 1118 suntlucis,
2555 1060 2612 1106 et
2653 1049 2948 1105 ministerii
2992 1048 3120 1102 novi
3156 1045 3470 1101 testamenti

1886 1168 1983 1223 per
2019 1150 2287 1221 Spiritum
2339 1156 2610 1209 sanctum,
2644 1145 2701 1199 hi
2742 1144 2808 1199 ah
2856 1143 3178 1197 hominibus
3220 1140 3359 1195 nihil
3389 1140 3475 1194 di-

1886 1254 2088 1302 scunt:
2132 1243 2314 1299 edocti
2365 1241 2516 1296 enim
2556 1256 2586 1294 a
2630 1240 2742 1293 Deo
2785 1249 2937 1292 sunt.
2966 1237 3087 1307 ipsa
3125 1236 3273 1289 enim
3296 1234 3471 1305 gratia

1888 1337 2145 1393 inscribit
2187 1336 2244 1389 in
2282 1334 2543 1389 cordibus
2584 1333 2808 1386 illorum
2839 1331 2991 1400 leges
3024 1328 3289 1398 Spiritus.
3347 1328 3473 1382 Non

1889 1433 2057 1504 igitur
2090 1429 2295 1485 debent
2342 1428 2397 1482 in
2445 1425 2771 1495 Scripturis,
2818 1430 3128 1478 atramento
3169 1421 3347 1476 solum
3379 1420 3474 1474 de-

1888 1523 2129 1594 scriptis,
2150 1521 2366 1591 plcnam
2394 1517 2606 1572 ﬁduciae
2629 1533 2780 1586 spem
2813 1530 3055 1585 ponere;
3086 1530 3280 1568 verum
3306 1512 3471 1566 etiam

1892 1617 1948 1672 in
1991 1614 2194 1670 tabulis
2231 1612 2416 1668 cordis
2449 1611 2623 1681 gratia
2653 1608 2840 1662 divina
2893 1605 3149 1662 inscribit
3175 1605 3325 1675 leges
3351 1603 3474 1673 Spi-

1890 1706 2033 1760 ritus
2074 1712 2132 1758 et
2163 1700 2406 1757 caelestia
2444 1696 2724 1770 mysteria.
2758 1696 2866 1751 Cor
2893 1696 3042 1750 enim
3067 1694 3255 1763 dirigit
3284 1709 3348 1747 ac
3370 1709 3470 1763 gu-

1895 1800 2093 1854 bernat
2142 1795 2402 1851 universa
2456 1791 2709 1862 corporis
2753 1805 2978 1861 organa.
3034 1789 3111 1842 Ac
3166 1788 3211 1841 si
3270 1801 3473 1855 pascua

1893 1895 2079 1951 cordis
2105 1891 2278 1963 gratia
2306 1888 2632 1951 obtinuerit,
2667 1885 2984 1940 dominatur
3020 1881 3280 1936 omnibus
3306 1896 3474 1934 mem-

1894 1990 2010 2044 bris
2039 2003 2104 2042 ac
2149 1981 2599 2053 cogitationibus.
2639 1977 2756 2033 Illic
2786 1977 2935 2033 enim
2975 1990 3134 2029 mens
3189 1973 3386 2035 lueret,
3418 1979 3476 2025 et

1893 2095 2088 2138 omnes
2142 2077 2508 2149 cogitationes
2556 2072 2754 2127 animm
2808 2070 3039 2139 ejusque
3075 2065 3297 2121 ﬁducia.
3326 2064 3475 2131 Qua—

1894 2184 2121 2247 pr0pter
2150 2178 2410 2243 penetrat
2437 2167 2604 2224 etiam
2645 2164 2820 2236 gratia
2858 2163 2912 2217 iu
2944 2160 3201 2217 universa
3228 2156 3480 2228 corporis

1900 2271 2170 2324 membra.

1968 2445 2113 2501 XXI.
2153 2445 2245 2500 Sic
2265 2459 2295 2499 e
2321 2438 2602 2497 contrario
2627 2444 2900 2509 quotquot
2925 2440 3055 2489 sunt
3088 2430 3186 2485 ﬁlii
3221 2428 3480 2485 tenebra-

1899 2555 2046 2601 rum,
2075 2551 2269 2592 eorum
2317 2532 2470 2587 cordi
2516 2532 2754 2600 imperat
2797 2534 3107 2597 peccatum,
3138 2537 3203 2576 ac
3231 2527 3485 2591 penetrat

1898 2630 2085 2687 omnia
2113 2626 2395 2682 membra:
2431 2624 2515 2678 Ea:
2544 2622 2699 2676 corde
2728 2620 2868 2673 enim
2910 2622 3100 2671 exeunt
3144 2614 3482 2684 cogitationes

1901 2724 2061 2779 mala:
2085 2723 2167 2775 °°:
2210 2728 2268 2774 et
2320 2718 2395 2771 ita
2431 2715 2696 2770 diﬁ'usum
2754 2711 3001 2769 tenebris
3040 2706 3279 2761 offundit
3306 2704 3485 2758 homi-

1902 2831 2049 2871 nem.
2078 2812 2181 2880 Qui
2235 2825 2369 2865 vero
2412 2815 2689 2868 asserunt,
2726 2803 2923 2858 vitium
2969 2813 3316 2869 nequaquam
3356 2811 3484 2849 cum

1902 2909 2127 2964 homine
2163 2904 2339 2960 foveri
2393 2910 2450 2957 et
2494 2914 2771 2963 crescere,
2820 2895 2899 2950 illi
2935 2910 3116 2963 neque
3144 2893 3210 2946 de
3242 2889 3486 2946 crastino

1903 2998 2125 3056 solliciti
2162 3005 2312 3061 sunt,
2347 3010 2450 3050 nec
2487 2989 2937 3061 concupiscentia
2975 2988 3280 3042 ducuntur.
3320 2982 3487 3037 Certo

1904 3094 2051 3148 enim
2075 3102 2323 3161 tempore
2351 3085 2588 3143 cessavit
2611 3084 2734 3138 illos
2756 3080 3005 3137 molestia
3025 3079 3238 3133 allicere
3267 3075 3485 3136 vitium,

217 3168 331 3267 κδν,
363 3168 816 3269 τιύάιὲπιθυμίαν
855 3195 1159 3251 ιἰποὸάλλον
1180 3211 1195 3225 ⁸
1243 3168 1473 3248 ὣστε-εν
1502 3194 1652 3264 ὅρκῳ
1679 3193 1796 3246 δια-

1907 3182 2195 3255 quamdam
2252 3176 2761 3251 concupiscentiam
2790 3171 3156 3244 suggerendo,
3190 3176 3249 3223 ut
3285 3168 3487 3238 jureju-

220 3292 573 3350 ϐεϐαιοῦσθαι
600 3291 692 3344 τὸν
732 3287 1043 3358 ἄνθρωπον,
1083 3285 1165 3339 ὅτι
1193 3282 1392 3337 Οὐκέτι
1440 3280 1802 3336 ὲπανίσταταί

225 3406 311 3459 μοι
338 3389 398 3441 τὸ
422 3383 666 3439 τοιοῦτον
701 3380 875 3443 πάθος
901 3396 917 3410 ·
951 3380 1048 3433 καὶ
1083 3378 1201 3450 μετ’
1225 3377 1406 3447 ὀλίγον
1447 3375 1639 3447 καιρὸν
1670 3392 1802 3428 κατ-

222 3478 356 3549 εκάη
386 3479 453 3547 τῇ
503 3472 803 3544 ἐπιθυμίᾳ,
848 3469 989 3525 ὥστε
1020 3468 1312 3541 εὑρεθῆναι
1339 3467 1501 3521 αὐτὸν
1530 3466 1667 3535 πρὸς
1710 3465 1804 3520 ἐπὶ

225 3573 429 3635 τούτοις
473 3570 568 3622 καὶ
613 3566 893 3636 ἐπίορκον.
937 3562 1152 3633 Ὠσπερ
1184 3562 1295 3633 γὰρ
1324 3560 1391 3614 δι’
1422 3558 1614 3630 ὀχετοῦ
1652 3559 1803 3628 διέρ-

231 3684 377 3736 χεται
422 3662 589 3734 ὕδωρ,
622 3660 796 3723 οῦτως
837 3659 933 3713 καὶ
953 3658 1041 3711 διὰ
1079 3658 1169 3727 τῆς
1206 3656 1433 3727 καρδίας
1461 3657 1554 3709 καὶ
1582 3654 1691 3708 τῶν
1716 3655 1807 3707 λο-

242 3756 438 3827 γισμῶν
471 3758 504 3825 ἡ
534 3753 816 3824 ἁμαρτία·
853 3752 1009 3804 Ὅσοι
1052 3749 1109 3802 δὲ
1152 3748 1312 3801 τοῦτο
1340 3747 1675 3819 ἀναιροῦσιν,
1712 3744 1805 3798 ὑπ’

249 3847 401 3915 αὐτῆς
423 3846 517 3915 τῆς
546 3843 821 3917 ἁμαρτίας
843 3841 1145 3914 μελλούσης
1170 3839 1626 3911 θριαμϐεύεσθαι,
1651 3839 1808 3907 ἐλέγ-

254 3955 418 4010 χονται
462 3940 560 3992 καὶ
606 3936 985 4008 χλευάζονται.
1025 3934 1325 3997 Σπουδάζει
1370 3932 1480 4003 γὰρ
1532 3932 1593 3986 τὸ
1637 3932 1809 3987 κακὸν

248 4031 507 4086 λανθάνειν
569 4030 665 4084 καί⁸
711 4027 1055 4100 κρύπτεσθαι
1107 4028 1166 4082 ἐν
1204 4030 1272 4099 τῇ
1306 4026 1519 4099 διανοίᾳ
1574 4026 1670 4081 τοῦ
1716 4028 1811 4081 ἀν-

242 4124 470 4195 θρώπου.

307 4220 433 4273 KB’.
470 4217 533 4270 Εἰ
565 4211 659 4272 οὖν
680 4216 874 4289 ἀγαπᾷ
917 4234 1005 4280 τις
1036 4215 1128 4271 τὸν
1157 4216 1314 4281 Θεὸν,
1347 4216 1442 4270 καὶ
1484 4214 1650 4279 αὐτὸς
1681 4230 1814 4285 συγ-

242 4312 394 4384 κρινᾷ
448 4310 621 4381 τούτῳ
651 4310 748 4381 τὴν
792 4309 987 4363 ἑαυτοῦ
1043 4310 1304 4381 ἀγάπην*
1363 4308 1683 4374 πιστευθεὶς
1757 4308 1815 4362 δὲ

244 4405 380 4472 ἅπαξ
431 4404 521 4457 ὑπ’
571 4403 760 4469 αὐτοῦ,
806 4401 1093 4475 προστιθεῖ
1124 4402 1302 4473 τούτῳ
1346 4400 1447 4472 τὴν
1490 4401 1815 4473 ἐπουράνιον

1903 3274 2079 3331 rando
2109 3272 2437 3329 conﬁrmare
2466 3285 2575 3324 non
2608 3275 2867 3323 vereatur
2905 3265 3090 3328 homo,
3118 3277 3227 3315 non
3264 3260 3404 3313 ultra
3434 3258 3487 3310 in

1904 3385 1963 3425 se
2002 3381 2289 3437 assurgere
2320 3365 2483 3419 talem
2529 3361 2911 3424 all‘cctionem;
2952 3366 3009 3411 at
3050 3372 3161 3410 non
3214 3355 3284 3408 ita
3316 3352 3489 3406 multo

1903 3470 2031 3533 post
2078 3459 2258 3514 uritur
2312 3452 2788 3525 concupiscentia,
2830 3458 2894 3505 ut
2935 3451 3019 3503 vel
3048 3448 3104 3502 in
3132 3463 3199 3501 eo
3230 3446 3491 3517 periurus

1905 3551 2379 3626 deprehendatur.
2413 3545 2648 3602 Perinde
2673 3543 2823 3599 enim
2860 3550 2922 3596 ut
2946 3557 3046 3610 per
3064 3539 3304 3595 ﬁstulam
3334 3546 3488 3591 tran-

1906 3645 1981 3704 sit
2004 3660 2145 3715 aqua
2164 3684 2180 3709 ,
2213 3642 2293 3697 sic
2316 3655 2542 3711 quoque
2570 3653 2668 3708 per
2690 3650 2789 3691 cor
2822 3643 2878 3690 et
2901 3632 3273 3705 cogitationes
3296 3645 3492 3701 pecca-

1908 3753 2049 3797 tum.
2096 3736 2425 3804 Quicunque
2453 3748 2588 3788 vero
2620 3730 2738 3785 haec
2775 3735 3001 3798 negant,
3029 3742 3059 3779 a
3086 3732 3314 3795 peccato
3349 3722 3491 3792 ipso,

1909 3830 2253 3900 triumphum
2275 3835 2503 3889 acturo,
2550 3829 2860 3894 arguuntur
2906 3828 2962 3874 et
2999 3816 3331 3872 illuduntur.
3381 3813 3489 3868 Co-

1910 3930 2077 3979 natur
2112 3919 2260 3975 enim
2300 3916 2508 3973 malitia
2535 3915 2708 3970 latere
2744 3918 2801 3966 ct
2845 3908 3175 3965 delitescere
3209 3904 3265 3958 in
3308 3910 3493 3957 mente

1912 4015 2181 4073 hominis.

1987 4206 2154 4263 XXII.
2210 4203 2268 4260 Si
2320 4201 2491 4275 igitur
2527 4197 2803 4270 quispiam
2864 4196 3039 4251 Deum
3089 4191 3291 4264 diligit,
3354 4190 3498 4245 Deus

1916 4316 2137 4375 quoque
2186 4312 2311 4353 cum
2360 4311 2429 4351 eo
2473 4292 2797 4348 commiscet
2839 4304 2995 4343 suam
3026 4287 3397 4341 dilectionem.
3434 4284 3501 4337 Et

1917 4410 2044 4450 cum
2069 4390 2238 4447 semel
2275 4385 2576 4442 crediderit
2634 4384 2689 4437 in
2745 4397 2893 4446 eum,
2928 4379 3081 4434 addit
3112 4378 3189 4433 illi
3222 4378 3368 4432 Dens
3391 4392 3501 4430 ccc-

242 4500 437 4563 πίστιν,
470 4497 560 4549 καὶ
588 4495 821 4566 γίγνεται
852 4471 1073 4558 διπλοῦς
1104 4496 1132 4548 6
1161 4471 1468 4565 ἄνθρωπος.
1503 4471 1693 4557 "Ome;
1722 4493 1806 4547 οῦν

1919 4487 2114 4541 lestem
2140 4483 2326 4545 ﬁdem,
2363 4488 2419 4535 et
2453 4481 2527 4534 ita
2560 4476 2746 4533 evadit
2785 4476 2948 4529 homo
2976 4473 3197 4543 duplex.
3240 4472 3310 4527 Ut
3337 4471 3502 4541 igitur

244 4594 303 4646 ὲκ
326 4590 427 4645 τῶν
455 4590 631 4661 μελῶν
656 4608 752 4644 σου
782 4589 1097 4661 προσφέρῃς
1121 4587 1293 4658 αὐτῷ,
1315 4585 1410 4640 καὶ⁵
1435 4586 1595 4649 αὐτὸς
1622 4589 1685 4639 ὲκ
1704 4585 1814 4639 τῶν

1920 4596 1989 4635 ex
2035 4575 2300 4631 membris
2337 4574 2448 4628 tuis
2492 4573 2604 4627 Deo
2636 4568 2856 4633 oﬂ‘cras,
2904 4568 2995 4621 ille
3027 4567 3142 4636 ipse
3174 4581 3241 4620 ex
3264 4562 3504 4635 propriis

248 4688 385 4742 ἰδίων
430 4656 590 4755 ὅμοια
645 4656 838 4751 μελῶν-
869 4656 1140 4754 συγκιρνᾷ
1191 4656 1258 4751 τῇ
1288 4680 1436 4751 ψυχῇ
1472 4698 1564 4733 σου
1585 4718 1600 4742 ,
1634 4678 1721 4731 ἵνα
1749 4675 1806 4751 ᾖς

1919 4669 2123 4725 similia
2170 4664 2551 4720 membrorum
2591 4660 2888 4732 permiscet
2917 4674 3041 4712 cum
3074 4656 3256 4710 anima
3290 4662 3404 4717 tua,
3445 4660 3505 4705 ut

246 4782 411 4834 πάντα
450 4774 707 4845 καθαρῶς
737 4773 926 4840 ποιῶν,
968 4773 1062 4826 καὶ
1099 4770 1350 4839 ἀγαπῶν,
1388 4771 1482 4823 καὶ
1514 4769 1815 4839 προσευχό-

251 4887 427 4944 μενος·
482 4867 720 4940 μεγάλου
754 4866 866 4939 γὰρ
897 4864 1212 4937 ἀξιώματός
1257 4865 1404 4918 ἔστιν
1439 4864 1468 4916 6
1493 4861 1781 4934 ἄνθρωπος
1801 4876 1816 4892 ο

1921 4762 2107 4818 omnia
2152 4759 2370 4813 sincere
2420 4771 2486 4810 ac
2538 4768 2679 4825 pure
2737 4766 3022 4822 peragere,
3081 4750 3313 4817 diligere
3340 4752 3506 4813 atque

1922 4853 2136 4926 precari
2170 4851 2365 4923 possis.
2414 4848 2655 4904 Summa:
2691 4847 2839 4900 enim
2870 4843 3152 4912 dignitatis
3179 4849 3264 4894 est
3320 4838 3505 4891 homo.

250 4932 321 5020 ίδε
358 4932 520 5028 πόσος
565 4932 713 5015 εστὶν
805 4932 1053 5032 οῦρανὸς-
1074 4959 1170 5012 καὶ
1196 4958 1230 5030 ἡ
1262 4956 1337 5028 γῆ
1356 4998 1370 5020 ,
1411 4957 1439 5009 ὀ
1467 4932 1621 5026 ἥλιος
1652 4955 1747 5008 καὶ
1783 4956 1806 5022 ἦ

1923 4948 2063 5004 Vide
2101 4952 2372 5017 quantum
2400 4942 2472 4997 sit
2498 4940 2721 5000 cmlum,
2758 4948 2927 5001 terra,
2974 4935 3055 4989 sol
3099 4941 3156 4988 et
3197 4932 3327 4985 luna
3361 4945 3375 4982 :
3407 4943 3511 4982 nec

254 5055 458 5125 σελήνη,
500 5052 596 5106 καὶ
643 5053 745 5105 οὐκ
788 5049 1085 5120 εὐδόκησεν
1134 5049 1193 5101 ὲν
1222 5048 1409 5111 αὐτοῖς
1447 5048 1475 5100 ὀ
1504 5045 1730 5116 Κύριος,
1771 5046 1821 5098 εί

260 5148 325 5218 μὴ
352 5150 405 5200 ἓν
440 5146 518 5217 τῷ
557 5143 835 5217 ἀνθρώπῳ
867 5143 1048 5214 μόνῳ,
1102 5138 1576 5195 ὲπαναπαύεσθαι.
1609 5138 1827 5210 Τιμιώ-

259 5255 396 5310 τερος
429 5236 522 5293 οὖν
547 5241 696 5292 ἐστιν
724 5240 752 5291 6
775 5235 1062 5308 ἅνθρωπος
1082 5234 1225 5306 ὑπὲρ
1254 5233 1435 5288 πάντα
1464 5232 1534 5286 τά
1561 5232 1827 5303 δημιουρ-

261 5334 483 5404 γήματα,
516 5334 658 5402 τάχα
688 5332 744 5385 δὲ
769 5330 1027 5400 τολμήσω
1055 5329 1262 5399 λέγειν,
1298 5328 1382 5381 ὅτι
1415 5327 1490 5398 μὴ
1521 5326 1685 5397 μόνον
1720 5326 1827 5378 τῶν

256 5424 449 5495 ὁρατῶν
491 5423 1020 5496 δημιουργημάτων,
1067 5420 1206 5474 ἀλλά
1264 5418 1504 5473 καὶτῶν
1555 5417 1830 5489 ἀοράτων,

254 5521 408 5592 ἤγουν
459 5518 567 5572 τῶν
605 5515 999 5589 λειτουργικῶν
1033 5504 1391 5586 πνευμάτων,
1425 5513 1500 5566 Οὐ
1543 5512 1653 5582 γὰρ
1704 5511 1834 5582 περὶ

252 5611 459 5683 Μιχαὴλ
510 5611 604 5666 καὶ
644 5609 908 5681 Γαϐριὴλ,
952 5608 1066 5663 τῶν
1122 5607 1483 5682 ἀρχαγγέλων
1528 5600 1705 5668 εἷπεν.
1749 5606 1834 5658 ὅτι

257 5705 594 5775 Ποιήσωμεν
635 5703 767 5758 κατ’
799 5704 1008 5757 είκόνα
1046 5699 1147 5754 καί
1178 5701 1470 5773 ὁμοίωσιν
1503 5698 1831 5769 ἡμετέραν

1927 5048 2113 5095 tamen
2162 5035 2369 5108 placuit
2430 5033 2486 5087 in
2545 5032 2612 5085 iis
2643 5028 2899 5092 Domino,
2935 5025 3029 5081 sed
3056 5026 3109 5078 in
3144 5023 3259 5077 solo
3287 5019 3511 5074 homine

1928 5135 2303 5204 requiescere.
2350 5122 2708 5183 Praestantior
2745 5135 2875 5190 ergo
2922 5126 3006 5173 est
3051 5117 3217 5170 homo
3250 5111 3511 5169 omnibus

1930 5222 2224 5288 creaturis,
2252 5228 2309 5275 et
2349 5218 2533 5273 forsan
2564 5215 2749 5270 dicere
2786 5226 2895 5265 non
2940 5208 3201 5269 verebor,
3244 5222 3355 5260 non
3388 5212 3511 5257 tan-

1932 5327 2051 5373 tum
2094 5310 2528 5385 aspectabilibus
2573 5304 2865 5367 creaturis,
2898 5318 3089 5356 verum
3120 5298 3287 5353 etiam
3325 5293 3515 5349 i'nvisi-

1932 5411 2101 5475 libus,
2134 5420 2331 5476 nempe
2386 5398 2803 5457 ministratoriis
2847 5394 3162 5465 spiritibus.
3218 5389 3336 5443 Non
3365 5386 3513 5440 enim

1931 5504 2001 5560 de
2025 5474 2292 5558 Michaele
2324 5504 2422 5552 aut
2445 5491 2724 5554 Gabriele,
2758 5484 3127 5555 archangelis,
3162 5482 3307 5534 Deus
3337 5474 3513 5529 dixit:

1930 5598 2212 5655 Faciamus
2245 5592 2316 5647 ad
2348 5592 2635 5660 imaginem
2672 5594 2720 5639 et
2759 5578 3159 5637 similitudinem
3192 5568 3517 5631 nostram“,

1929 5692 2026 5752 sed
2066 5690 2135 5745 de
2166 5658 2479 5744 substantia
2517 5676 2855 5735 intellectiva
2882 5668 3127 5727 hominis
3151 5708 3165 5731 ,
3198 5658 3517 5722 immortali,

327 5892 366 5931 ³ο
389 5890 530 5949 Psal.
566 5904 758 5956 nun,
783 5888 837 5944 9.
912 5854 964 5921 ἰο
1004 5885 1195 5942 Matth.
1224 5900 1310 5951 xv,
1349 5883 1431 5938 ιι).
1511 5878 1716 5936 “Gen.
1751 5891 1786 5945 l,
1823 5874 1913 5929 eo.
