  <div class='ocr_page' id='page_1' title='image "/cluster/home/n/w/nwhite01/storage/ocr_20150623/34/coo.31924054869312/309.png"; bbox 0 0 3966 6388; ppageno 0'>
   <div class='ocr_carea' id='block_1_1' title="bbox 459 362 561 430">
    <p class='ocr_par' dir='ltr' id='par_1_1' title="bbox 459 362 561 430">
     <span class='ocr_line' id='line_1_1' title="bbox 459 362 561 430; baseline -0.01 0"><span class='ocrx_word' id='word_1_1' title='bbox 459 362 561 430; x_wconf 80' lang='grc'><strong>591</strong></span> 
     </span>
    </p>
   </div>
   <div class='ocr_carea' id='block_1_2' title="bbox 1692 360 2475 429">
    <p class='ocr_par' dir='ltr' id='par_1_2' title="bbox 1692 360 2475 429">
     <span class='ocr_line' id='line_1_2' title="bbox 1692 360 2475 429; baseline -0.005 -1"><span class='ocrx_word' id='word_1_2' title='bbox 1692 369 1755 429; x_wconf 90' lang='lat' dir='ltr'><strong>S.</strong></span> <span class='ocrx_word' id='word_1_3' title='bbox 1794 362 2115 425; x_wconf 78' lang='lat' dir='ltr'><strong>MACARH</strong></span> <span class='ocrx_word' id='word_1_4' title='bbox 2154 360 2475 424; x_wconf 62' lang='lat' dir='ltr'><strong>[EGYPTII</strong></span> 
     </span>
    </p>
   </div>
   <div class='ocr_carea' id='block_1_3' title="bbox 3652 350 3795 418">
    <p class='ocr_par' dir='ltr' id='par_1_3' title="bbox 3652 350 3795 418">
     <span class='ocr_line' id='line_1_3' title="bbox 3652 350 3795 418; baseline 0 0"><span class='ocrx_word' id='word_1_5' title='bbox 3652 350 3795 418; x_wconf 73' lang='lat'><strong>592</strong></span> 
     </span>
    </p>
   </div>
   <div class='ocr_carea' id='block_1_4' title="bbox 460 468 2040 555">
    <p class='ocr_par' dir='ltr' id='par_1_4' title="bbox 460 478 2031 555">
     <span class='ocr_line' id='line_1_4' title="bbox 460 478 2031 555; baseline -0.003 -22"><span class='ocrx_word' id='word_1_6' title='bbox 460 478 703 550; x_wconf 89' lang='lat' dir='ltr'><strong>inquam,</strong></span> <span class='ocrx_word' id='word_1_7' title='bbox 752 482 955 537; x_wconf 88' lang='lat' dir='ltr'><strong>anima.</strong></span> <span class='ocrx_word' id='word_1_8' title='bbox 1014 483 1291 555; x_wconf 78' lang='lat' dir='ltr'><strong>Scriptum</strong></span> <span class='ocrx_word' id='word_1_9' title='bbox 1320 483 1467 539; x_wconf 91' lang='lat' dir='ltr'><strong>enim</strong></span> <span class='ocrx_word' id='word_1_10' title='bbox 1500 494 1622 547; x_wconf 88' lang='lat' dir='ltr'><strong>est,</strong></span> <span class='ocrx_word' id='word_1_11' title='bbox 1664 498 1774 536; x_wconf 78' lang='lat' dir='ltr'><strong>esse</strong></span> <span class='ocrx_word' id='word_1_12' title='bbox 1824 479 2031 533; x_wconf 78' lang='lat' dir='ltr'><strong>ordines</strong></span> 
     </span>
    </p>
   </div>
   <div class='ocr_carea' id='block_1_5' title="bbox 2147 468 3798 555">
    <p class='ocr_par' dir='ltr' id='par_1_5' title="bbox 2147 468 3798 548">
     <span class='ocr_line' id='line_1_5' title="bbox 2147 468 3798 548; baseline 0.003 -20"><span class='ocrx_word' id='word_1_13' title='bbox 2147 476 2269 529; x_wconf 58' lang='lat' dir='ltr'><strong>illi</strong></span> <span class='ocrx_word' id='word_1_14' title='bbox 2316 478 2446 548; x_wconf 71' lang='grc' dir='ltr'><strong>περὶ</strong></span> <span class='ocrx_word' id='word_1_15' title='bbox 2486 476 2585 546; x_wconf 85' lang='grc' dir='ltr'><strong>τῆς</strong></span> <span class='ocrx_word' id='word_1_16' title='bbox 2630 476 2825 548; x_wconf 75' lang='grc' dir='ltr'><strong>νοερᾶς</strong></span> <span class='ocrx_word' id='word_1_17' title='bbox 2873 472 3064 538; x_wconf 82' lang='grc' dir='ltr'><strong>οὐσίας</strong></span> <span class='ocrx_word' id='word_1_18' title='bbox 3120 472 3217 527; x_wconf 76' lang='grc' dir='ltr'><strong>τοῦ</strong></span> <span class='ocrx_word' id='word_1_19' title='bbox 3247 469 3588 544; x_wconf 76' lang='grc' dir='ltr'><strong>ἀνθρώπω.</strong></span> <span class='ocrx_word' id='word_1_20' title='bbox 3661 468 3798 538; x_wconf 76' lang='grc' dir='ltr'><strong>τῆς</strong></span> 
     </span>
    </p>
   </div>
   <div class='ocr_carea' id='block_1_6' title="bbox 460 572 2033 643">
    <p class='ocr_par' dir='ltr' id='par_1_6' title="bbox 460 572 2033 643">
     <span class='ocr_line' id='line_1_6' title="bbox 460 572 2033 643; baseline 0.001 -18"><span class='ocrx_word' id='word_1_21' title='bbox 460 572 771 643; x_wconf 83' lang='lat' dir='ltr'><strong>angelorum</strong></span> <span class='ocrx_word' id='word_1_22' title='bbox 810 577 865 628; x_wconf 85' lang='lat' dir='ltr'><strong>in</strong></span> <span class='ocrx_word' id='word_1_23' title='bbox 904 578 1126 630; x_wconf 84' lang='lat' dir='ltr'><strong>circuitu</strong></span> <span class='ocrx_word' id='word_1_24' title='bbox 1177 578 1476 631; x_wconf 77' lang='lat' dir='ltr'><strong>timentium</strong></span> <span class='ocrx_word' id='word_1_25' title='bbox 1514 594 1632 630; x_wconf 85' lang='lat' dir='ltr'><strong>eum</strong></span> <span class='ocrx_word' id='word_1_26' title='bbox 1662 576 1728 627; x_wconf 76' lang='lat'><strong>“.</strong></span> <span class='ocrx_word' id='word_1_27' title='bbox 1757 574 2033 630; x_wconf 71' lang='lat' dir='ltr'><strong>Creatura:</strong></span> 
     </span>
    </p>
   </div>
   <div class='ocr_carea' id='block_1_7' title="bbox 460 666 2069 740">
    <p class='ocr_par' dir='ltr' id='par_1_7' title="bbox 460 666 2069 740">
     <span class='ocr_line' id='line_1_7' title="bbox 460 666 2069 740; baseline 0 -22"><span class='ocrx_word' id='word_1_28' title='bbox 460 674 644 719; x_wconf 90' lang='lat' dir='ltr'><strong>autem</strong></span> <span class='ocrx_word' id='word_1_29' title='bbox 667 666 913 722; x_wconf 82' lang='lat' dir='ltr'><strong>visibiles</strong></span> <span class='ocrx_word' id='word_1_30' title='bbox 940 678 1134 723; x_wconf 81' lang='lat' dir='ltr'><strong>natura</strong></span> <span class='ocrx_word' id='word_1_31' title='bbox 1164 669 1400 740; x_wconf 86' lang='lat' dir='ltr'><strong>quadam</strong></span> <span class='ocrx_word' id='word_1_32' title='bbox 1439 667 1767 723; x_wconf 91' lang='lat' dir='ltr'><strong>immutabili</strong></span> <span class='ocrx_word' id='word_1_33' title='bbox 1794 666 2034 737; x_wconf 59' lang='lat' dir='ltr'><strong>pra&#39;ditre</strong></span> <span class='ocrx_word' id='word_1_34' title='bbox 2062 670 2069 676; x_wconf 87' lang='grc'><strong>’</strong></span> 
     </span>
    </p>
   </div>
   <div class='ocr_carea' id='block_1_8' title="bbox 461 766 611 812">
    <p class='ocr_par' dir='ltr' id='par_1_8' title="bbox 461 766 611 812">
     <span class='ocr_line' id='line_1_8' title="bbox 461 766 611 812; baseline 0 -1"><span class='ocrx_word' id='word_1_35' title='bbox 461 766 611 812; x_wconf 90' lang='lat' dir='ltr'><strong>sunt.</strong></span> 
     </span>
    </p>
   </div>
   <div class='ocr_carea' id='block_1_9' title="bbox 534 934 2036 1003">
    <p class='ocr_par' dir='ltr' id='par_1_9' title="bbox 534 934 2036 1003">
     <span class='ocr_line' id='line_1_9' title="bbox 534 934 2036 1003; baseline 0.003 -16"><span class='ocrx_word' id='word_1_36' title='bbox 534 934 724 989; x_wconf 74' lang='lat' dir='ltr'><strong>XXIII.</strong></span> <span class='ocrx_word' id='word_1_37' title='bbox 750 935 963 993; x_wconf 75' lang='lat' dir='ltr'><strong>Caelum</strong></span> <span class='ocrx_word' id='word_1_38' title='bbox 995 940 1161 993; x_wconf 89' lang='lat' dir='ltr'><strong>semel</strong></span> <span class='ocrx_word' id='word_1_39' title='bbox 1186 938 1500 993; x_wconf 90' lang='lat' dir='ltr'><strong>ordinatum</strong></span> <span class='ocrx_word' id='word_1_40' title='bbox 1539 947 1644 1003; x_wconf 86' lang='lat' dir='ltr'><strong>est,</strong></span> <span class='ocrx_word' id='word_1_41' title='bbox 1678 939 1782 1001; x_wconf 87' lang='lat' dir='ltr'><strong>sol,</strong></span> <span class='ocrx_word' id='word_1_42' title='bbox 1812 939 1940 992; x_wconf 90' lang='lat' dir='ltr'><strong>luna</strong></span> <span class='ocrx_word' id='word_1_43' title='bbox 1980 947 2036 991; x_wconf 89' lang='lat' dir='ltr'><strong>et</strong></span> 
     </span>
    </p>
   </div>
   <div class='ocr_carea' id='block_1_10' title="bbox 468 1028 2035 1097">
    <p class='ocr_par' dir='ltr' id='par_1_10' title="bbox 468 1028 2035 1097">
     <span class='ocr_line' id='line_1_10' title="bbox 468 1028 2035 1097; baseline 0.002 -21"><span class='ocrx_word' id='word_1_44' title='bbox 468 1031 638 1088; x_wconf 88' lang='lat' dir='ltr'><strong>terra,</strong></span> <span class='ocrx_word' id='word_1_45' title='bbox 684 1042 786 1080; x_wconf 92' lang='lat' dir='ltr'><strong>nec</strong></span> <span class='ocrx_word' id='word_1_46' title='bbox 816 1037 1000 1082; x_wconf 89' lang='lat' dir='ltr'><strong>tamen</strong></span> <span class='ocrx_word' id='word_1_47' title='bbox 1051 1028 1324 1097; x_wconf 87' lang='lat' dir='ltr'><strong>acquievit</strong></span> <span class='ocrx_word' id='word_1_48' title='bbox 1354 1030 1407 1083; x_wconf 89' lang='lat' dir='ltr'><strong>in</strong></span> <span class='ocrx_word' id='word_1_49' title='bbox 1441 1028 1509 1083; x_wconf 85' lang='lat' dir='ltr'><strong>iis</strong></span> <span class='ocrx_word' id='word_1_50' title='bbox 1538 1028 1827 1089; x_wconf 89' lang='lat' dir='ltr'><strong>Dominus,</strong></span> <span class='ocrx_word' id='word_1_51' title='bbox 1856 1042 2035 1095; x_wconf 88' lang='lat' dir='ltr'><strong>neque</strong></span> 
     </span>
    </p>
   </div>
   <div class='ocr_carea' id='block_1_11' title="bbox 467 1116 2033 1189">
    <p class='ocr_par' dir='ltr' id='par_1_11' title="bbox 467 1116 2033 1189">
     <span class='ocr_line' id='line_1_11' title="bbox 467 1116 2033 1189; baseline 0.001 -21"><span class='ocrx_word' id='word_1_52' title='bbox 467 1116 629 1171; x_wconf 83' lang='lat' dir='ltr'><strong>aliter</strong></span> <span class='ocrx_word' id='word_1_53' title='bbox 658 1133 721 1171; x_wconf 89' lang='lat' dir='ltr'><strong>ac</strong></span> <span class='ocrx_word' id='word_1_54' title='bbox 752 1130 935 1173; x_wconf 87' lang='lat' dir='ltr'><strong>creata</strong></span> <span class='ocrx_word' id='word_1_55' title='bbox 986 1127 1133 1186; x_wconf 91' lang='lat' dir='ltr'><strong>sunt,</strong></span> <span class='ocrx_word' id='word_1_56' title='bbox 1164 1120 1411 1175; x_wconf 83' lang='lat' dir='ltr'><strong>converti</strong></span> <span class='ocrx_word' id='word_1_57' title='bbox 1448 1132 1699 1189; x_wconf 89' lang='lat' dir='ltr'><strong>possunt,</strong></span> <span class='ocrx_word' id='word_1_58' title='bbox 1725 1134 1907 1187; x_wconf 89' lang='lat' dir='ltr'><strong>neque</strong></span> <span class='ocrx_word' id='word_1_59' title='bbox 1933 1118 2033 1171; x_wconf 84' lang='lat' dir='ltr'><strong>ha-</strong></span> 
     </span>
    </p>
   </div>
   <div class='ocr_carea' id='block_1_12' title="bbox 466 1208 2035 1283">
    <p class='ocr_par' dir='ltr' id='par_1_12' title="bbox 466 1208 2035 1283">
     <span class='ocr_line' id='line_1_12' title="bbox 466 1208 2035 1283; baseline -0.001 -20"><span class='ocrx_word' id='word_1_60' title='bbox 466 1208 600 1263; x_wconf 82' lang='lat' dir='ltr'><strong>bent</strong></span> <span class='ocrx_word' id='word_1_61' title='bbox 620 1211 977 1265; x_wconf 65' lang='lat' dir='ltr'><strong>vtluutalem.</strong></span> <span class='ocrx_word' id='word_1_62' title='bbox 1006 1212 1085 1266; x_wconf 81' lang='lat' dir='ltr'><strong>&#39;l‘u</strong></span> <span class='ocrx_word' id='word_1_63' title='bbox 1109 1229 1241 1267; x_wconf 89' lang='lat' dir='ltr'><strong>vero</strong></span> <span class='ocrx_word' id='word_1_64' title='bbox 1260 1223 1551 1283; x_wconf 85' lang='lat' dir='ltr'><strong>prepterea</strong></span> <span class='ocrx_word' id='word_1_65' title='bbox 1575 1229 1636 1266; x_wconf 85' lang='lat' dir='ltr'><strong>es</strong></span> <span class='ocrx_word' id='word_1_66' title='bbox 1658 1212 1723 1265; x_wconf 92' lang='lat' dir='ltr'><strong>ad</strong></span> <span class='ocrx_word' id='word_1_67' title='bbox 1744 1211 2035 1281; x_wconf 74' lang='lat' dir='ltr'><strong>imaginem</strong></span> 
     </span>
    </p>
   </div>
   <div class='ocr_carea' id='block_1_13' title="bbox 465 1300 2035 1373">
    <p class='ocr_par' dir='ltr' id='par_1_13' title="bbox 465 1300 2035 1373">
     <span class='ocr_line' id='line_1_13' title="bbox 465 1300 2035 1373; baseline 0.003 -22"><span class='ocrx_word' id='word_1_68' title='bbox 465 1310 523 1353; x_wconf 90' lang='lat' dir='ltr'><strong>et</strong></span> <span class='ocrx_word' id='word_1_69' title='bbox 566 1300 983 1356; x_wconf 84' lang='lat' dir='ltr'><strong>similitudinem</strong></span> <span class='ocrx_word' id='word_1_70' title='bbox 1015 1303 1111 1357; x_wconf 89' lang='lat' dir='ltr'><strong>Dei</strong></span> <span class='ocrx_word' id='word_1_71' title='bbox 1166 1304 1364 1366; x_wconf 79' lang='lat' dir='ltr'><strong>factus,</strong></span> <span class='ocrx_word' id='word_1_72' title='bbox 1411 1305 1541 1373; x_wconf 84' lang='lat' dir='ltr'><strong>quia</strong></span> <span class='ocrx_word' id='word_1_73' title='bbox 1569 1303 2035 1373; x_wconf 84' lang='lat' dir='ltr'><strong>quemadmodum</strong></span> 
     </span>
    </p>
   </div>
   <div class='ocr_carea' id='block_1_14' title="bbox 466 1389 2036 1462">
    <p class='ocr_par' dir='ltr' id='par_1_14' title="bbox 466 1389 2036 1462">
     <span class='ocr_line' id='line_1_14' title="bbox 466 1389 2036 1462; baseline 0.001 -21"><span class='ocrx_word' id='word_1_74' title='bbox 466 1389 612 1443; x_wconf 86' lang='lat' dir='ltr'><strong>Deus</strong></span> <span class='ocrx_word' id='word_1_75' title='bbox 641 1391 722 1444; x_wconf 92' lang='lat' dir='ltr'><strong>sui</strong></span> <span class='ocrx_word' id='word_1_76' title='bbox 747 1391 889 1461; x_wconf 87' lang='lat' dir='ltr'><strong>juris</strong></span> <span class='ocrx_word' id='word_1_77' title='bbox 908 1402 1010 1456; x_wconf 87' lang='lat' dir='ltr'><strong>est,</strong></span> <span class='ocrx_word' id='word_1_78' title='bbox 1033 1402 1090 1445; x_wconf 91' lang='lat' dir='ltr'><strong>et</strong></span> <span class='ocrx_word' id='word_1_79' title='bbox 1117 1392 1264 1462; x_wconf 89' lang='lat' dir='ltr'><strong>quod</strong></span> <span class='ocrx_word' id='word_1_80' title='bbox 1297 1393 1413 1446; x_wconf 84' lang='lat' dir='ltr'><strong>vult</strong></span> <span class='ocrx_word' id='word_1_81' title='bbox 1438 1392 1607 1445; x_wconf 85' lang='lat' dir='ltr'><strong>facit:</strong></span> <span class='ocrx_word' id='word_1_82' title='bbox 1641 1390 1865 1459; x_wconf 89' lang='lat' dir='ltr'><strong>quando</strong></span> <span class='ocrx_word' id='word_1_83' title='bbox 1886 1389 1935 1442; x_wconf 91' lang='lat' dir='ltr'><strong>ei</strong></span> <span class='ocrx_word' id='word_1_84' title='bbox 1961 1389 2036 1443; x_wconf 90' lang='lat' dir='ltr'><strong>ita</strong></span> 
     </span>
    </p>
   </div>
   <div class='ocr_carea' id='block_1_15' title="bbox 466 1478 2038 1558">
    <p class='ocr_par' dir='ltr' id='par_1_15' title="bbox 466 1478 2038 1558">
     <span class='ocr_line' id='line_1_15' title="bbox 466 1478 2038 1558; baseline 0.002 -23"><span class='ocrx_word' id='word_1_85' title='bbox 466 1483 644 1537; x_wconf 87' lang='lat' dir='ltr'><strong>visum</strong></span> <span class='ocrx_word' id='word_1_86' title='bbox 699 1494 804 1550; x_wconf 91' lang='lat' dir='ltr'><strong>est,</strong></span> <span class='ocrx_word' id='word_1_87' title='bbox 851 1502 952 1556; x_wconf 89' lang='lat' dir='ltr'><strong>pro</strong></span> <span class='ocrx_word' id='word_1_88' title='bbox 989 1478 1261 1558; x_wconf 70' lang='lat' dir='ltr'><strong>potestate</strong></span> <span class='ocrx_word' id='word_1_89' title='bbox 1294 1496 1351 1543; x_wconf 91' lang='lat' dir='ltr'><strong>et</strong></span> <span class='ocrx_word' id='word_1_90' title='bbox 1380 1489 1505 1558; x_wconf 89' lang='lat' dir='ltr'><strong>jure</strong></span> <span class='ocrx_word' id='word_1_91' title='bbox 1534 1504 1633 1542; x_wconf 90' lang='lat' dir='ltr'><strong>suo</strong></span> <span class='ocrx_word' id='word_1_92' title='bbox 1659 1486 1831 1540; x_wconf 83' lang='lat' dir='ltr'><strong>mittit</strong></span> <span class='ocrx_word' id='word_1_93' title='bbox 1856 1486 2038 1555; x_wconf 87' lang='lat' dir='ltr'><strong>justos</strong></span> 
     </span>
    </p>
   </div>
   <div class='ocr_carea' id='block_1_16' title="bbox 466 1576 2039 1649">
    <p class='ocr_par' dir='ltr' id='par_1_16' title="bbox 466 1576 2039 1649">
     <span class='ocr_line' id='line_1_16' title="bbox 466 1576 2039 1649; baseline 0.001 -21"><span class='ocrx_word' id='word_1_94' title='bbox 466 1576 519 1629; x_wconf 92' lang='lat' dir='ltr'><strong>in</strong></span> <span class='ocrx_word' id='word_1_95' title='bbox 552 1577 878 1645; x_wconf 84' lang='lat' dir='ltr'><strong>gehennam.</strong></span> <span class='ocrx_word' id='word_1_96' title='bbox 902 1594 965 1633; x_wconf 87' lang='lat' dir='ltr'><strong>ac</strong></span> <span class='ocrx_word' id='word_1_97' title='bbox 1001 1589 1317 1649; x_wconf 86' lang='lat' dir='ltr'><strong>peccatores</strong></span> <span class='ocrx_word' id='word_1_98' title='bbox 1348 1580 1402 1633; x_wconf 92' lang='lat' dir='ltr'><strong>in</strong></span> <span class='ocrx_word' id='word_1_99' title='bbox 1427 1594 1653 1649; x_wconf 76' lang='lat' dir='ltr'><strong>regnum</strong></span> <span class='ocrx_word' id='word_1_100' title='bbox 1673 1618 1686 1641; x_wconf 88' lang='lat'><strong>,</strong></span> <span class='ocrx_word' id='word_1_101' title='bbox 1711 1577 1819 1647; x_wconf 84' lang='lat'><strong>59</strong></span> <span class='ocrx_word' id='word_1_102' title='bbox 1846 1593 2039 1647; x_wconf 82' lang='lat' dir='ltr'><strong>quam-</strong></span> 
     </span>
    </p>
   </div>
   <div class='ocr_carea' id='block_1_17' title="bbox 465 1668 2034 1741">
    <p class='ocr_par' dir='ltr' id='par_1_17' title="bbox 465 1668 2034 1741">
     <span class='ocr_line' id='line_1_17' title="bbox 465 1668 2034 1741; baseline 0.001 -22"><span class='ocrx_word' id='word_1_103' title='bbox 465 1668 550 1721; x_wconf 88' lang='lat' dir='ltr'><strong>vis</strong></span> <span class='ocrx_word' id='word_1_104' title='bbox 589 1668 693 1728; x_wconf 75' lang='lat' dir='ltr'><strong>huc</strong></span> <span class='ocrx_word' id='word_1_105' title='bbox 723 1670 947 1725; x_wconf 90' lang='lat' dir='ltr'><strong>minime</strong></span> <span class='ocrx_word' id='word_1_106' title='bbox 980 1672 1135 1734; x_wconf 88' lang='lat' dir='ltr'><strong>velit,</strong></span> <span class='ocrx_word' id='word_1_107' title='bbox 1192 1686 1297 1726; x_wconf 91' lang='lat' dir='ltr'><strong>nec</strong></span> <span class='ocrx_word' id='word_1_108' title='bbox 1332 1672 1545 1741; x_wconf 84' lang='lat' dir='ltr'><strong>placeat</strong></span> <span class='ocrx_word' id='word_1_109' title='bbox 1566 1670 1857 1738; x_wconf 85' lang='lat' dir='ltr'><strong>ei;justus</strong></span> <span class='ocrx_word' id='word_1_110' title='bbox 1884 1669 2034 1723; x_wconf 88' lang='lat' dir='ltr'><strong>enim</strong></span> 
     </span>
    </p>
   </div>
   <div class='ocr_carea' id='block_1_18' title="bbox 463 1760 2031 1833">
    <p class='ocr_par' dir='ltr' id='par_1_18' title="bbox 463 1760 2031 1833">
     <span class='ocr_line' id='line_1_18' title="bbox 463 1760 2031 1833; baseline 0.001 -20"><span class='ocrx_word' id='word_1_111' title='bbox 463 1769 548 1813; x_wconf 87' lang='lat' dir='ltr'><strong>est</strong></span> <span class='ocrx_word' id='word_1_112' title='bbox 595 1761 860 1817; x_wconf 88' lang='lat' dir='ltr'><strong>Dominus</strong></span> <span class='ocrx_word' id='word_1_113' title='bbox 908 1781 921 1817; x_wconf 93' lang='lat'><strong>:</strong></span> <span class='ocrx_word' id='word_1_114' title='bbox 973 1765 1054 1818; x_wconf 90' lang='lat' dir='ltr'><strong>sic</strong></span> <span class='ocrx_word' id='word_1_115' title='bbox 1109 1779 1329 1833; x_wconf 90' lang='lat' dir='ltr'><strong>quoque</strong></span> <span class='ocrx_word' id='word_1_116' title='bbox 1372 1773 1427 1818; x_wconf 91' lang='lat' dir='ltr'><strong>tu</strong></span> <span class='ocrx_word' id='word_1_117' title='bbox 1477 1764 1553 1816; x_wconf 92' lang='lat' dir='ltr'><strong>tui</strong></span> <span class='ocrx_word' id='word_1_118' title='bbox 1596 1762 1736 1825; x_wconf 86' lang='lat' dir='ltr'><strong>juris</strong></span> <span class='ocrx_word' id='word_1_119' title='bbox 1769 1776 1851 1826; x_wconf 92' lang='lat' dir='ltr'><strong>es,</strong></span> <span class='ocrx_word' id='word_1_120' title='bbox 1894 1760 2031 1815; x_wconf 90' lang='lat' dir='ltr'><strong>etsi</strong></span> 
     </span>
    </p>
   </div>
   <div class='ocr_carea' id='block_1_19' title="bbox 462 1851 2031 1920">
    <p class='ocr_par' dir='ltr' id='par_1_19' title="bbox 462 1851 2031 1920">
     <span class='ocr_line' id='line_1_19' title="bbox 462 1851 2031 1920; baseline 0.001 -17"><span class='ocrx_word' id='word_1_121' title='bbox 462 1852 602 1905; x_wconf 88' lang='lat' dir='ltr'><strong>velis</strong></span> <span class='ocrx_word' id='word_1_122' title='bbox 634 1853 835 1920; x_wconf 81' lang='lat' dir='ltr'><strong>perire,</strong></span> <span class='ocrx_word' id='word_1_123' title='bbox 887 1854 1171 1908; x_wconf 86' lang='lat' dir='ltr'><strong>mutabilis</strong></span> <span class='ocrx_word' id='word_1_124' title='bbox 1219 1861 1451 1907; x_wconf 53' lang='lat' dir='ltr'><strong>natura}.</strong></span> <span class='ocrx_word' id='word_1_125' title='bbox 1485 1852 1541 1907; x_wconf 90' lang='lat' dir='ltr'><strong>Si</strong></span> <span class='ocrx_word' id='word_1_126' title='bbox 1574 1853 1743 1906; x_wconf 88' lang='lat' dir='ltr'><strong>libeat</strong></span> <span class='ocrx_word' id='word_1_127' title='bbox 1780 1851 2031 1920; x_wconf 88' lang='lat' dir='ltr'><strong>blasphe-</strong></span> 
     </span>
    </p>
   </div>
   <div class='ocr_carea' id='block_1_20' title="bbox 462 1940 2032 2007">
    <p class='ocr_par' dir='ltr' id='par_1_20' title="bbox 462 1940 2032 2007">
     <span class='ocr_line' id='line_1_20' title="bbox 462 1940 2032 2007; baseline 0.002 -16"><span class='ocrx_word' id='word_1_128' title='bbox 462 1940 603 1992; x_wconf 90' lang='lat' dir='ltr'><strong>mias</strong></span> <span class='ocrx_word' id='word_1_129' title='bbox 651 1941 961 2007; x_wconf 70' lang='lat' dir='ltr'><strong>ettundcre,</strong></span> <span class='ocrx_word' id='word_1_130' title='bbox 1008 1958 1220 1997; x_wconf 87' lang='lat' dir='ltr'><strong>venena</strong></span> <span class='ocrx_word' id='word_1_131' title='bbox 1252 1942 1530 1997; x_wconf 84' lang='lat' dir='ltr'><strong>conﬁcere</strong></span> <span class='ocrx_word' id='word_1_132' title='bbox 1576 1950 1670 1995; x_wconf 89' lang='lat' dir='ltr'><strong>aut</strong></span> <span class='ocrx_word' id='word_1_133' title='bbox 1723 1940 2032 1995; x_wconf 84' lang='lat' dir='ltr'><strong>interﬁcere</strong></span> 
     </span>
    </p>
   </div>
   <div class='ocr_carea' id='block_1_21' title="bbox 460 2029 2031 2102">
    <p class='ocr_par' dir='ltr' id='par_1_21' title="bbox 460 2029 2031 2102">
     <span class='ocr_line' id='line_1_21' title="bbox 460 2029 2031 2102; baseline 0 -19"><span class='ocrx_word' id='word_1_134' title='bbox 460 2030 721 2099; x_wconf 79' lang='lat' dir='ltr'><strong>aliquem,</strong></span> <span class='ocrx_word' id='word_1_135' title='bbox 756 2047 918 2086; x_wconf 90' lang='lat' dir='ltr'><strong>nemo</strong></span> <span class='ocrx_word' id='word_1_136' title='bbox 954 2033 1051 2087; x_wconf 93' lang='lat' dir='ltr'><strong>tibi</strong></span> <span class='ocrx_word' id='word_1_137' title='bbox 1098 2034 1400 2087; x_wconf 78' lang='lat' dir='ltr'><strong>reluctatur</strong></span> <span class='ocrx_word' id='word_1_138' title='bbox 1442 2040 1536 2086; x_wconf 92' lang='lat' dir='ltr'><strong>aut</strong></span> <span class='ocrx_word' id='word_1_139' title='bbox 1572 2031 1830 2102; x_wconf 85' lang='lat' dir='ltr'><strong>prohibet</strong></span> <span class='ocrx_word' id='word_1_140' title='bbox 1873 2038 1945 2084; x_wconf 91' lang='lat' dir='ltr'><strong>te.</strong></span> <span class='ocrx_word' id='word_1_141' title='bbox 1976 2029 2031 2084; x_wconf 86' lang='lat' dir='ltr'><strong>Si</strong></span> 
     </span>
    </p>
   </div>
   <div class='ocr_carea' id='block_1_22' title="bbox 460 2120 2031 2194">
    <p class='ocr_par' dir='ltr' id='par_1_22' title="bbox 460 2120 2031 2194">
     <span class='ocr_line' id='line_1_22' title="bbox 460 2120 2031 2194; baseline -0.001 -21"><span class='ocrx_word' id='word_1_142' title='bbox 460 2122 594 2174; x_wconf 80' lang='lat' dir='ltr'><strong>velit</strong></span> <span class='ocrx_word' id='word_1_143' title='bbox 625 2122 770 2191; x_wconf 86' lang='lat' dir='ltr'><strong>quis,</strong></span> <span class='ocrx_word' id='word_1_144' title='bbox 820 2138 1030 2177; x_wconf 90' lang='lat' dir='ltr'><strong>morem</strong></span> <span class='ocrx_word' id='word_1_145' title='bbox 1069 2124 1212 2194; x_wconf 85' lang='lat' dir='ltr'><strong>gerit</strong></span> <span class='ocrx_word' id='word_1_146' title='bbox 1256 2125 1387 2187; x_wconf 92' lang='lat' dir='ltr'><strong>Deo,</strong></span> <span class='ocrx_word' id='word_1_147' title='bbox 1438 2131 1494 2179; x_wconf 89' lang='lat' dir='ltr'><strong>et</strong></span> <span class='ocrx_word' id='word_1_148' title='bbox 1544 2122 1854 2192; x_wconf 84' lang='lat' dir='ltr'><strong>ingreditur</strong></span> <span class='ocrx_word' id='word_1_149' title='bbox 1885 2120 2031 2173; x_wconf 81' lang='lat' dir='ltr'><strong>viam</strong></span> 
     </span>
    </p>
   </div>
   <div class='ocr_carea' id='block_1_23' title="bbox 458 2212 2037 2285">
    <p class='ocr_par' dir='ltr' id='par_1_23' title="bbox 458 2212 2037 2285">
     <span class='ocr_line' id='line_1_23' title="bbox 458 2212 2037 2285; baseline -0.001 -19"><span class='ocrx_word' id='word_1_150' title='bbox 458 2213 708 2283; x_wconf 64' lang='lat' dir='ltr'><strong>justitim,</strong></span> <span class='ocrx_word' id='word_1_151' title='bbox 739 2230 802 2269; x_wconf 92' lang='lat' dir='ltr'><strong>ac</strong></span> <span class='ocrx_word' id='word_1_152' title='bbox 825 2214 999 2269; x_wconf 85' lang='lat' dir='ltr'><strong>vincit</strong></span> <span class='ocrx_word' id='word_1_153' title='bbox 1032 2215 1532 2285; x_wconf 87' lang='lat' dir='ltr'><strong>concupiscentias.</strong></span> <span class='ocrx_word' id='word_1_154' title='bbox 1580 2214 1731 2268; x_wconf 81' lang='lat' dir='ltr'><strong>Mens</strong></span> <span class='ocrx_word' id='word_1_155' title='bbox 1755 2214 1900 2268; x_wconf 90' lang='lat' dir='ltr'><strong>enim</strong></span> <span class='ocrx_word' id='word_1_156' title='bbox 1932 2212 2037 2265; x_wconf 89' lang='lat' dir='ltr'><strong>hu-</strong></span> 
     </span>
    </p>
   </div>
   <div class='ocr_carea' id='block_1_24' title="bbox 456 2306 2032 2377">
    <p class='ocr_par' dir='ltr' id='par_1_24' title="bbox 456 2306 2032 2377">
     <span class='ocr_line' id='line_1_24' title="bbox 456 2306 2032 2377; baseline -0.001 -18"><span class='ocrx_word' id='word_1_157' title='bbox 456 2306 720 2377; x_wconf 90' lang='lat' dir='ltr'><strong>jusmodi,</strong></span> <span class='ocrx_word' id='word_1_158' title='bbox 749 2322 871 2376; x_wconf 68' lang='lat' dir='ltr'><strong>qua:</strong></span> <span class='ocrx_word' id='word_1_159' title='bbox 898 2306 1105 2363; x_wconf 88' lang='lat' dir='ltr'><strong>resistit</strong></span> <span class='ocrx_word' id='word_1_160' title='bbox 1137 2322 1201 2361; x_wconf 90' lang='lat' dir='ltr'><strong>ac</strong></span> <span class='ocrx_word' id='word_1_161' title='bbox 1225 2315 1515 2377; x_wconf 84' lang='lat' dir='ltr'><strong>repugnat,</strong></span> <span class='ocrx_word' id='word_1_162' title='bbox 1550 2314 1729 2376; x_wconf 85' lang='lat' dir='ltr'><strong>potest</strong></span> <span class='ocrx_word' id='word_1_163' title='bbox 1751 2318 2032 2375; x_wconf 89' lang='lat' dir='ltr'><strong>superare,</strong></span> 
     </span>
    </p>
   </div>
   <div class='ocr_carea' id='block_1_25' title="bbox 460 2398 2035 2470">
    <p class='ocr_par' dir='ltr' id='par_1_25' title="bbox 460 2398 2035 2470">
     <span class='ocr_line' id='line_1_25' title="bbox 460 2398 2035 2470; baseline -0.003 -16"><span class='ocrx_word' id='word_1_164' title='bbox 460 2398 750 2454; x_wconf 78' lang='lat' dir='ltr'><strong>obfirmata</strong></span> <span class='ocrx_word' id='word_1_165' title='bbox 790 2400 1024 2465; x_wconf 86' lang='lat' dir='ltr'><strong>ratione,</strong></span> <span class='ocrx_word' id='word_1_166' title='bbox 1071 2399 1309 2470; x_wconf 88' lang='lat' dir='ltr'><strong>impetus</strong></span> <span class='ocrx_word' id='word_1_167' title='bbox 1343 2400 1607 2454; x_wconf 89' lang='lat' dir='ltr'><strong>vitiorum</strong></span> <span class='ocrx_word' id='word_1_168' title='bbox 1648 2409 1704 2453; x_wconf 88' lang='lat' dir='ltr'><strong>et</strong></span> <span class='ocrx_word' id='word_1_169' title='bbox 1762 2398 2035 2454; x_wconf 89' lang='lat' dir='ltr'><strong>obscenas</strong></span> 
     </span>
    </p>
   </div>
   <div class='ocr_carea' id='block_1_26' title="bbox 462 2492 957 2561">
    <p class='ocr_par' dir='ltr' id='par_1_26' title="bbox 462 2492 957 2561">
     <span class='ocr_line' id='line_1_26' title="bbox 462 2492 957 2561; baseline -0.008 -13"><span class='ocrx_word' id='word_1_170' title='bbox 462 2492 957 2561; x_wconf 87' lang='lat' dir='ltr'><strong>concupiscentias.</strong></span> 
     </span>
    </p>
   </div>
   <div class='ocr_carea' id='block_1_27' title="bbox 532 2583 2030 2655">
    <p class='ocr_par' dir='ltr' id='par_1_27' title="bbox 532 2583 2030 2655">
     <span class='ocr_line' id='line_1_27' title="bbox 532 2583 2030 2655; baseline 0 -18"><span class='ocrx_word' id='word_1_171' title='bbox 532 2583 720 2638; x_wconf 77' lang='lat' dir='ltr'><strong>XXIV.</strong></span> <span class='ocrx_word' id='word_1_172' title='bbox 753 2584 810 2639; x_wconf 91' lang='lat' dir='ltr'><strong>Si</strong></span> <span class='ocrx_word' id='word_1_173' title='bbox 834 2585 982 2639; x_wconf 89' lang='lat' dir='ltr'><strong>enim</strong></span> <span class='ocrx_word' id='word_1_174' title='bbox 1019 2584 1073 2639; x_wconf 94' lang='lat' dir='ltr'><strong>in</strong></span> <span class='ocrx_word' id='word_1_175' title='bbox 1107 2584 1271 2640; x_wconf 91' lang='lat' dir='ltr'><strong>domo</strong></span> <span class='ocrx_word' id='word_1_176' title='bbox 1300 2584 1503 2655; x_wconf 88' lang='lat' dir='ltr'><strong>ampla,</strong></span> <span class='ocrx_word' id='word_1_177' title='bbox 1536 2584 1589 2638; x_wconf 94' lang='lat' dir='ltr'><strong>in</strong></span> <span class='ocrx_word' id='word_1_178' title='bbox 1626 2600 1732 2653; x_wconf 89' lang='lat' dir='ltr'><strong>qua</strong></span> <span class='ocrx_word' id='word_1_179' title='bbox 1762 2591 1891 2638; x_wconf 87' lang='lat' dir='ltr'><strong>sunt</strong></span> <span class='ocrx_word' id='word_1_180' title='bbox 1910 2598 2030 2637; x_wconf 84' lang='lat' dir='ltr'><strong>vasa</strong></span> 
     </span>
    </p>
   </div>
   <div class='ocr_carea' id='block_1_28' title="bbox 461 2674 2036 2745">
    <p class='ocr_par' dir='ltr' id='par_1_28' title="bbox 461 2674 2036 2745">
     <span class='ocr_line' id='line_1_28' title="bbox 461 2674 2036 2745; baseline -0.001 -18"><span class='ocrx_word' id='word_1_181' title='bbox 461 2688 649 2739; x_wconf 88' lang='lat' dir='ltr'><strong>aurea,</strong></span> <span class='ocrx_word' id='word_1_182' title='bbox 676 2688 810 2727; x_wconf 90' lang='lat' dir='ltr'><strong>auro</strong></span> <span class='ocrx_word' id='word_1_183' title='bbox 840 2682 1004 2738; x_wconf 85' lang='lat' dir='ltr'><strong>tecta,</strong></span> <span class='ocrx_word' id='word_1_184' title='bbox 1032 2682 1089 2729; x_wconf 89' lang='lat' dir='ltr'><strong>et</strong></span> <span class='ocrx_word' id='word_1_185' title='bbox 1119 2684 1395 2745; x_wconf 87' lang='lat' dir='ltr'><strong>argentea,</strong></span> <span class='ocrx_word' id='word_1_186' title='bbox 1434 2674 1570 2728; x_wconf 88' lang='lat' dir='ltr'><strong>varii</strong></span> <span class='ocrx_word' id='word_1_187' title='bbox 1621 2674 1841 2744; x_wconf 78' lang='lat' dir='ltr'><strong>generis</strong></span> <span class='ocrx_word' id='word_1_188' title='bbox 1866 2675 2036 2727; x_wconf 86' lang='lat' dir='ltr'><strong>vesti-</strong></span> 
     </span>
    </p>
   </div>
   <div class='ocr_carea' id='block_1_29' title="bbox 461 2763 2039 2836">
    <p class='ocr_par' dir='ltr' id='par_1_29' title="bbox 461 2763 2039 2836">
     <span class='ocr_line' id='line_1_29' title="bbox 461 2763 2039 2836; baseline -0.001 -18"><span class='ocrx_word' id='word_1_189' title='bbox 461 2772 666 2827; x_wconf 88' lang='lat' dir='ltr'><strong>menta,</strong></span> <span class='ocrx_word' id='word_1_190' title='bbox 697 2779 891 2819; x_wconf 92' lang='lat' dir='ltr'><strong>aurum</strong></span> <span class='ocrx_word' id='word_1_191' title='bbox 921 2773 1085 2833; x_wconf 90' lang='lat' dir='ltr'><strong>atque</strong></span> <span class='ocrx_word' id='word_1_192' title='bbox 1117 2774 1426 2836; x_wconf 86' lang='lat' dir='ltr'><strong>argentum,</strong></span> <span class='ocrx_word' id='word_1_193' title='bbox 1468 2764 1844 2820; x_wconf 87' lang='lat' dir='ltr'><strong>adolescentes</strong></span> <span class='ocrx_word' id='word_1_194' title='bbox 1873 2773 1929 2817; x_wconf 92' lang='lat' dir='ltr'><strong>et</strong></span> <span class='ocrx_word' id='word_1_195' title='bbox 1949 2763 2039 2833; x_wconf 91' lang='lat' dir='ltr'><strong>ju-</strong></span> 
     </span>
    </p>
   </div>
   <div class='ocr_carea' id='block_1_30' title="bbox 460 2854 2038 2927">
    <p class='ocr_par' dir='ltr' id='par_1_30' title="bbox 460 2854 2038 2927">
     <span class='ocr_line' id='line_1_30' title="bbox 460 2854 2038 2927; baseline -0.002 -17"><span class='ocrx_word' id='word_1_196' title='bbox 460 2856 725 2919; x_wconf 66' lang='lat' dir='ltr'><strong>venculaa,</strong></span> <span class='ocrx_word' id='word_1_197' title='bbox 775 2872 899 2927; x_wconf 72' lang='lat' dir='ltr'><strong>qua:</strong></span> <span class='ocrx_word' id='word_1_198' title='bbox 951 2857 1027 2911; x_wconf 91' lang='lat' dir='ltr'><strong>ibi</strong></span> <span class='ocrx_word' id='word_1_199' title='bbox 1058 2866 1390 2919; x_wconf 79' lang='lat' dir='ltr'><strong>versantur,</strong></span> <span class='ocrx_word' id='word_1_200' title='bbox 1449 2856 1711 2911; x_wconf 86' lang='lat' dir='ltr'><strong>cohibent</strong></span> <span class='ocrx_word' id='word_1_201' title='bbox 1791 2854 2038 2909; x_wconf 90' lang='lat' dir='ltr'><strong>animum</strong></span> 
     </span>
    </p>
   </div>
   <div class='ocr_carea' id='block_1_31' title="bbox 462 2947 2039 3020">
    <p class='ocr_par' dir='ltr' id='par_1_31' title="bbox 462 2947 2039 3020">
     <span class='ocr_line' id='line_1_31' title="bbox 462 2947 2039 3020; baseline -0.003 -16"><span class='ocrx_word' id='word_1_202' title='bbox 462 2964 624 3004; x_wconf 76' lang='lat' dir='ltr'><strong>suum</strong></span> <span class='ocrx_word' id='word_1_203' title='bbox 656 2949 926 3020; x_wconf 85' lang='lat' dir='ltr'><strong>(quamvis</strong></span> <span class='ocrx_word' id='word_1_204' title='bbox 952 2957 1147 3002; x_wconf 90' lang='lat' dir='ltr'><strong>natura</strong></span> <span class='ocrx_word' id='word_1_205' title='bbox 1168 2958 1393 3018; x_wconf 84' lang='lat' dir='ltr'><strong>propter</strong></span> <span class='ocrx_word' id='word_1_206' title='bbox 1416 2947 1731 3003; x_wconf 88' lang='lat' dir='ltr'><strong>inhabitans</strong></span> <span class='ocrx_word' id='word_1_207' title='bbox 1754 2955 2039 3017; x_wconf 87' lang='lat' dir='ltr'><strong>peccatum</strong></span> 
     </span>
    </p>
   </div>
   <div class='ocr_carea' id='block_1_32' title="bbox 464 3039 2041 3111">
    <p class='ocr_par' dir='ltr' id='par_1_32' title="bbox 464 3039 2041 3111">
     <span class='ocr_line' id='line_1_32' title="bbox 464 3039 2041 3111; baseline -0.002 -17"><span class='ocrx_word' id='word_1_208' title='bbox 464 3041 648 3094; x_wconf 87' lang='lat' dir='ltr'><strong>omnia</strong></span> <span class='ocrx_word' id='word_1_209' title='bbox 678 3041 1078 3111; x_wconf 85' lang='lat' dir='ltr'><strong>concupiscat),</strong></span> <span class='ocrx_word' id='word_1_210' title='bbox 1120 3048 1176 3096; x_wconf 92' lang='lat' dir='ltr'><strong>et</strong></span> <span class='ocrx_word' id='word_1_211' title='bbox 1204 3042 1333 3110; x_wconf 92' lang='lat' dir='ltr'><strong>quia</strong></span> <span class='ocrx_word' id='word_1_212' title='bbox 1371 3048 1627 3095; x_wconf 89' lang='lat' dir='ltr'><strong>metuunt</strong></span> <span class='ocrx_word' id='word_1_213' title='bbox 1659 3054 1813 3093; x_wconf 90' lang='lat' dir='ltr'><strong>more</strong></span> <span class='ocrx_word' id='word_1_214' title='bbox 1857 3039 2041 3092; x_wconf 89' lang='lat' dir='ltr'><strong>homi-</strong></span> 
     </span>
    </p>
   </div>
   <div class='ocr_carea' id='block_1_33' title="bbox 2136 565 3802 639">
    <p class='ocr_par' dir='ltr' id='par_1_33' title="bbox 2136 565 3802 639">
     <span class='ocr_line' id='line_1_33' title="bbox 2136 565 3802 639; baseline -0.002 -18"><span class='ocrx_word' id='word_1_215' title='bbox 2136 568 2405 621; x_wconf 81' lang='grc' dir='ltr'><strong>ἀθανάτου</strong></span> <span class='ocrx_word' id='word_1_216' title='bbox 2435 568 2577 635; x_wconf 77' lang='grc' dir='ltr'><strong>λέγω</strong></span> <span class='ocrx_word' id='word_1_217' title='bbox 2603 568 2800 639; x_wconf 77' lang='grc' dir='ltr'><strong>ψυχῆς.</strong></span> <span class='ocrx_word' id='word_1_218' title='bbox 2828 567 2940 620; x_wconf 79' lang='grc' dir='ltr'><strong>Καὶ</strong></span> <span class='ocrx_word' id='word_1_219' title='bbox 2967 566 3077 638; x_wconf 83' lang='grc' dir='ltr'><strong>γὰρ</strong></span> <span class='ocrx_word' id='word_1_220' title='bbox 3098 565 3435 637; x_wconf 85' lang='grc' dir='ltr'><strong>γέγραπται,</strong></span> <span class='ocrx_word' id='word_1_221' title='bbox 3456 566 3554 619; x_wconf 77' lang='grc' dir='ltr'><strong>ὅτι</strong></span> <span class='ocrx_word' id='word_1_222' title='bbox 3592 566 3802 631; x_wconf 69' lang='lat' dir='ltr'><strong>Rapo</strong></span> 
     </span>
    </p>
   </div>
   <div class='ocr_carea' id='block_1_34' title="bbox 2134 657 3796 729">
    <p class='ocr_par' dir='ltr' id='par_1_34' title="bbox 2134 657 3796 729">
     <span class='ocr_line' id='line_1_34' title="bbox 2134 657 3796 729; baseline -0.004 -16"><span class='ocrx_word' id='word_1_223' title='bbox 2134 660 2381 727; x_wconf 75' lang='grc' dir='ltr'><strong>εμόολαὶ</strong></span> <span class='ocrx_word' id='word_1_224' title='bbox 2426 660 2696 729; x_wconf 73' lang='grc' dir='ltr'><strong>ἀγγέλων</strong></span> <span class='ocrx_word' id='word_1_225' title='bbox 2733 661 2940 722; x_wconf 72' lang='grc' dir='ltr'><strong>κύκλῳ</strong></span> <span class='ocrx_word' id='word_1_226' title='bbox 2957 657 3079 710; x_wconf 73' lang='grc' dir='ltr'><strong>τῶν</strong></span> <span class='ocrx_word' id='word_1_227' title='bbox 3096 658 3485 727; x_wconf 74' lang='grc' dir='ltr'><strong>φοϐουμένων</strong></span> <span class='ocrx_word' id='word_1_228' title='bbox 3502 657 3796 712; x_wconf 79' lang='grc' dir='ltr'><strong>αὐτόν.</strong></span> 
     </span>
    </p>
   </div>
   <div class='ocr_carea' id='block_1_35' title="bbox 2136 746 3799 820">
    <p class='ocr_par' dir='ltr' id='par_1_35' title="bbox 2136 746 3799 820">
     <span class='ocr_line' id='line_1_35' title="bbox 2136 746 3799 820; baseline -0.003 -15"><span class='ocrx_word' id='word_1_229' title='bbox 2136 753 2216 805; x_wconf 87' lang='grc' dir='ltr'><strong>Τά</strong></span> <span class='ocrx_word' id='word_1_230' title='bbox 2277 753 2375 820; x_wconf 82' lang='grc' dir='ltr'><strong>μὲν</strong></span> <span class='ocrx_word' id='word_1_231' title='bbox 2423 746 2517 804; x_wconf 81' lang='grc' dir='ltr'><strong>οὖν</strong></span> <span class='ocrx_word' id='word_1_232' title='bbox 2551 752 2827 820; x_wconf 79' lang='grc' dir='ltr'><strong>κτίσματα</strong></span> <span class='ocrx_word' id='word_1_233' title='bbox 2874 750 2944 803; x_wconf 80' lang='grc' dir='ltr'><strong>τὰ</strong></span> <span class='ocrx_word' id='word_1_234' title='bbox 2991 748 3297 819; x_wconf 79' lang='grc' dir='ltr'><strong>φαινόμενα</strong></span> <span class='ocrx_word' id='word_1_235' title='bbox 3325 788 3343 816; x_wconf 83' lang='grc'><strong>,</strong></span> <span class='ocrx_word' id='word_1_236' title='bbox 3397 749 3587 818; x_wconf 82' lang='grc' dir='ltr'><strong>φύσει</strong></span> <span class='ocrx_word' id='word_1_237' title='bbox 3656 747 3799 800; x_wconf 78' lang='grc' dir='ltr'><strong>τινὶ</strong></span> 
     </span>
    </p>
   </div>
   <div class='ocr_carea' id='block_1_36' title="bbox 2136 840 2761 911">
    <p class='ocr_par' dir='ltr' id='par_1_36' title="bbox 2136 840 2761 911">
     <span class='ocr_line' id='line_1_36' title="bbox 2136 840 2761 911; baseline -0.003 -18"><span class='ocrx_word' id='word_1_238' title='bbox 2136 841 2500 911; x_wconf 86' lang='grc' dir='ltr'><strong>ἀμεταϐλήτῳ</strong></span> <span class='ocrx_word' id='word_1_239' title='bbox 2528 840 2761 894; x_wconf 81' lang='grc' dir='ltr'><strong>δέδεται.</strong></span> 
     </span>
    </p>
   </div>
   <div class='ocr_carea' id='block_1_37' title="bbox 2209 926 3796 1002">
    <p class='ocr_par' dir='ltr' id='par_1_37' title="bbox 2209 926 3796 1002">
     <span class='ocr_line' id='line_1_37' title="bbox 2209 926 3796 1002; baseline -0.004 -17"><span class='ocrx_word' id='word_1_240' title='bbox 2209 933 2336 987; x_wconf 76' lang='lat' dir='ltr'><strong>Kl&quot;.</strong></span> <span class='ocrx_word' id='word_1_241' title='bbox 2381 933 2437 987; x_wconf 79' lang='grc' dir='ltr'><strong>Ὀ</strong></span> <span class='ocrx_word' id='word_1_242' title='bbox 2461 931 2688 1002; x_wconf 73' lang='grc' dir='ltr'><strong>οὐρανὸς</strong></span> <span class='ocrx_word' id='word_1_243' title='bbox 2712 929 2858 997; x_wconf 69' lang='grc' dir='ltr'><strong>ἅπαξ</strong></span> <span class='ocrx_word' id='word_1_244' title='bbox 2885 931 3164 993; x_wconf 84' lang='grc' dir='ltr'><strong>τέτακται,</strong></span> <span class='ocrx_word' id='word_1_245' title='bbox 3184 929 3213 982; x_wconf 93' lang='lat'><strong>6</strong></span> <span class='ocrx_word' id='word_1_246' title='bbox 3234 929 3409 999; x_wconf 76' lang='grc' dir='ltr'><strong>ἥλιος,</strong></span> <span class='ocrx_word' id='word_1_247' title='bbox 3430 930 3465 998; x_wconf 84' lang='grc' dir='ltr'>ὴ</span> <span class='ocrx_word' id='word_1_248' title='bbox 3495 926 3796 997; x_wconf 74' lang='grc' dir='ltr'><strong>σελήνη,</strong></span> 
     </span>
    </p>
   </div>
   <div class='ocr_carea' id='block_1_38' title="bbox 2137 1020 3797 1098">
    <p class='ocr_par' dir='ltr' id='par_1_38' title="bbox 2137 1020 3797 1098">
     <span class='ocr_line' id='line_1_38' title="bbox 2137 1020 3797 1098; baseline -0.007 -16"><span class='ocrx_word' id='word_1_249' title='bbox 2137 1029 2170 1098; x_wconf 83' lang='grc' dir='ltr'><strong>ἡ</strong></span> <span class='ocrx_word' id='word_1_250' title='bbox 2198 1026 2292 1096; x_wconf 80' lang='grc' dir='ltr'><strong>γῆ,</strong></span> <span class='ocrx_word' id='word_1_251' title='bbox 2334 1026 2433 1079; x_wconf 75' lang='grc' dir='ltr'><strong>καὶ</strong></span> <span class='ocrx_word' id='word_1_252' title='bbox 2459 1026 2560 1077; x_wconf 83' lang='grc' dir='ltr'><strong>οὐκ</strong></span> <span class='ocrx_word' id='word_1_253' title='bbox 2592 1024 2884 1093; x_wconf 83' lang='grc' dir='ltr'><strong>εὐδόκησεν</strong></span> <span class='ocrx_word' id='word_1_254' title='bbox 2931 1024 2990 1077; x_wconf 82' lang='grc' dir='ltr'><strong>ἐν</strong></span> <span class='ocrx_word' id='word_1_255' title='bbox 3030 1023 3217 1085; x_wconf 83' lang='grc' dir='ltr'><strong>αὐτοῖς</strong></span> <span class='ocrx_word' id='word_1_256' title='bbox 3254 1024 3283 1075; x_wconf 93' lang='lat'><strong>6</strong></span> <span class='ocrx_word' id='word_1_257' title='bbox 3312 1020 3530 1091; x_wconf 80' lang='grc' dir='ltr'><strong>Κύριος</strong></span> <span class='ocrx_word' id='word_1_258' title='bbox 3560 1035 3585 1049; x_wconf 84' lang='grc'><strong>·</strong></span> <span class='ocrx_word' id='word_1_259' title='bbox 3642 1020 3797 1072; x_wconf 72' lang='grc' dir='ltr'><strong>ἀλλ’</strong></span> 
     </span>
    </p>
   </div>
   <div class='ocr_carea' id='block_1_39' title="bbox 2134 1114 3791 1188">
    <p class='ocr_par' dir='ltr' id='par_1_39' title="bbox 2134 1114 3791 1188">
     <span class='ocr_line' id='line_1_39' title="bbox 2134 1114 3791 1188; baseline -0.003 -18"><span class='ocrx_word' id='word_1_260' title='bbox 2134 1118 2255 1170; x_wconf 77' lang='grc' dir='ltr'><strong>οὐδὲ</strong></span> <span class='ocrx_word' id='word_1_261' title='bbox 2314 1118 2445 1188; x_wconf 86' lang='grc' dir='ltr'><strong>παρ’</strong></span> <span class='ocrx_word' id='word_1_262' title='bbox 2492 1115 2521 1169; x_wconf 84' lang='lat'><strong>6</strong></span> <span class='ocrx_word' id='word_1_263' title='bbox 2574 1116 2903 1184; x_wconf 76' lang='grc' dir='ltr'><strong>ἐκτίσθησαν</strong></span> <span class='ocrx_word' id='word_1_264' title='bbox 2957 1114 3370 1185; x_wconf 84' lang='grc' dir='ltr'><strong>μετατραπῆναι</strong></span> <span class='ocrx_word' id='word_1_265' title='bbox 3430 1114 3791 1176; x_wconf 69' lang='grc' dir='ltr'><strong>δύνανται,</strong></span> 
     </span>
    </p>
   </div>
   <div class='ocr_carea' id='block_1_40' title="bbox 2135 1204 3793 1278">
    <p class='ocr_par' dir='ltr' id='par_1_40' title="bbox 2135 1204 3793 1278">
     <span class='ocr_line' id='line_1_40' title="bbox 2135 1204 3793 1278; baseline -0.001 -17"><span class='ocrx_word' id='word_1_266' title='bbox 2135 1208 2259 1262; x_wconf 80' lang='grc' dir='ltr'><strong>οὔτε</strong></span> <span class='ocrx_word' id='word_1_267' title='bbox 2298 1208 2480 1278; x_wconf 76' lang='grc' dir='ltr'><strong>έχουσι</strong></span> <span class='ocrx_word' id='word_1_268' title='bbox 2520 1208 2751 1278; x_wconf 81' lang='grc' dir='ltr'><strong>θέλημα.</strong></span> <span class='ocrx_word' id='word_1_269' title='bbox 2785 1210 2856 1263; x_wconf 82' lang='grc' dir='ltr'><strong>Σὺ</strong></span> <span class='ocrx_word' id='word_1_270' title='bbox 2888 1209 2946 1262; x_wconf 83' lang='grc' dir='ltr'><strong>δὲ</strong></span> <span class='ocrx_word' id='word_1_271' title='bbox 2974 1208 3066 1263; x_wconf 86' lang='grc' dir='ltr'><strong>διὰ</strong></span> <span class='ocrx_word' id='word_1_272' title='bbox 3109 1207 3268 1263; x_wconf 81' lang='grc' dir='ltr'><strong>τοῦτο</strong></span> <span class='ocrx_word' id='word_1_273' title='bbox 3296 1204 3349 1261; x_wconf 83' lang='grc' dir='ltr'><strong>εἷ</strong></span> <span class='ocrx_word' id='word_1_274' title='bbox 3375 1208 3505 1261; x_wconf 83' lang='grc' dir='ltr'><strong>κατ’</strong></span> <span class='ocrx_word' id='word_1_275' title='bbox 3541 1209 3793 1261; x_wconf 71' lang='grc' dir='ltr'><strong>εἰκόνα</strong></span> 
     </span>
    </p>
   </div>
   <div class='ocr_carea' id='block_1_41' title="bbox 2136 1300 3792 1373">
    <p class='ocr_par' dir='ltr' id='par_1_41' title="bbox 2136 1300 3792 1373">
     <span class='ocr_line' id='line_1_41' title="bbox 2136 1300 3792 1373; baseline -0.001 -18"><span class='ocrx_word' id='word_1_276' title='bbox 2136 1303 2231 1355; x_wconf 79' lang='grc' dir='ltr'><strong>καὶ</strong></span> <span class='ocrx_word' id='word_1_277' title='bbox 2261 1302 2521 1371; x_wconf 86' lang='grc' dir='ltr'><strong>ὁμοίωσιν</strong></span> <span class='ocrx_word' id='word_1_278' title='bbox 2545 1301 2702 1365; x_wconf 80' lang='grc' dir='ltr'><strong>Θεοῦ,</strong></span> <span class='ocrx_word' id='word_1_279' title='bbox 2733 1301 2923 1371; x_wconf 86' lang='grc' dir='ltr'><strong>ἐπείδὴ</strong></span> <span class='ocrx_word' id='word_1_280' title='bbox 2952 1300 3142 1373; x_wconf 85' lang='grc' dir='ltr'><strong>ὥσπερ</strong></span> <span class='ocrx_word' id='word_1_281' title='bbox 3167 1302 3195 1353; x_wconf 98' lang='lat'><strong>6</strong></span> <span class='ocrx_word' id='word_1_282' title='bbox 3218 1302 3350 1361; x_wconf 83' lang='grc' dir='ltr'><strong>Θεὸς</strong></span> <span class='ocrx_word' id='word_1_283' title='bbox 3368 1300 3639 1367; x_wconf 79' lang='grc' dir='ltr'><strong>αύτεξού</strong></span> <span class='ocrx_word' id='word_1_284' title='bbox 3650 1301 3792 1361; x_wconf 59' lang='lat' dir='ltr'><strong>cui;</strong></span> 
     </span>
    </p>
   </div>
   <div class='ocr_carea' id='block_1_42' title="bbox 2136 1392 3788 1464">
    <p class='ocr_par' dir='ltr' id='par_1_42' title="bbox 2136 1392 3788 1464">
     <span class='ocr_line' id='line_1_42' title="bbox 2136 1392 3788 1464; baseline -0.001 -18"><span class='ocrx_word' id='word_1_285' title='bbox 2136 1397 2273 1456; x_wconf 82' lang='grc' dir='ltr'><strong>ἐστι,</strong></span> <span class='ocrx_word' id='word_1_286' title='bbox 2303 1395 2398 1446; x_wconf 79' lang='grc' dir='ltr'><strong>καὶ</strong></span> <span class='ocrx_word' id='word_1_287' title='bbox 2421 1394 2449 1446; x_wconf 87' lang='grc' dir='ltr'>ὃ</span> <span class='ocrx_word' id='word_1_288' title='bbox 2481 1394 2625 1446; x_wconf 73' lang='grc' dir='ltr'><strong>θέλει</strong></span> <span class='ocrx_word' id='word_1_289' title='bbox 2653 1397 2823 1447; x_wconf 84' lang='grc' dir='ltr'><strong>ποιεῖ’</strong></span> <span class='ocrx_word' id='word_1_290' title='bbox 2858 1394 2952 1446; x_wconf 77' lang='grc' dir='ltr'><strong>ἐὰν</strong></span> <span class='ocrx_word' id='word_1_291' title='bbox 2982 1392 3134 1464; x_wconf 83' lang='grc' dir='ltr'><strong>θέλῃ,</strong></span> <span class='ocrx_word' id='word_1_292' title='bbox 3169 1394 3312 1446; x_wconf 88' lang='grc' dir='ltr'><strong>κατά</strong></span> <span class='ocrx_word' id='word_1_293' title='bbox 3337 1394 3440 1463; x_wconf 77' lang='grc' dir='ltr'><strong>τὴν</strong></span> <span class='ocrx_word' id='word_1_294' title='bbox 3474 1394 3788 1457; x_wconf 72' lang='grc' dir='ltr'><strong>ὲξῡυσίαν</strong></span> 
     </span>
    </p>
   </div>
   <div class='ocr_carea' id='block_1_43' title="bbox 2142 1484 3789 1555">
    <p class='ocr_par' dir='ltr' id='par_1_43' title="bbox 2142 1484 3789 1555">
     <span class='ocr_line' id='line_1_43' title="bbox 2142 1484 3789 1555; baseline -0.002 -15"><span class='ocrx_word' id='word_1_295' title='bbox 2142 1486 2309 1540; x_wconf 77' lang='grc' dir='ltr'><strong>αὐτοῦ</strong></span> <span class='ocrx_word' id='word_1_296' title='bbox 2358 1485 2562 1555; x_wconf 77' lang='grc' dir='ltr'><strong>πέμψει</strong></span> <span class='ocrx_word' id='word_1_297' title='bbox 2610 1485 2738 1548; x_wconf 78' lang='grc' dir='ltr'><strong>τοὺς</strong></span> <span class='ocrx_word' id='word_1_298' title='bbox 2786 1485 3030 1546; x_wconf 79' lang='grc' dir='ltr'><strong>δικαίους</strong></span> <span class='ocrx_word' id='word_1_299' title='bbox 3060 1486 3141 1548; x_wconf 89' lang='grc' dir='ltr'><strong>είς</strong></span> <span class='ocrx_word' id='word_1_300' title='bbox 3183 1485 3432 1552; x_wconf 83' lang='grc' dir='ltr'><strong>γέενναν,</strong></span> <span class='ocrx_word' id='word_1_301' title='bbox 3472 1484 3583 1537; x_wconf 74' lang='grc' dir='ltr'><strong>καὶ</strong></span> <span class='ocrx_word' id='word_1_302' title='bbox 3628 1485 3789 1547; x_wconf 70' lang='grc' dir='ltr'><strong>τεὺς</strong></span> 
     </span>
    </p>
   </div>
   <div class='ocr_carea' id='block_1_44' title="bbox 2136 1576 3783 1649">
    <p class='ocr_par' dir='ltr' id='par_1_44' title="bbox 2136 1576 3783 1649">
     <span class='ocr_line' id='line_1_44' title="bbox 2136 1576 3783 1649; baseline -0.004 -16"><span class='ocrx_word' id='word_1_303' title='bbox 2136 1578 2492 1649; x_wconf 83' lang='grc' dir='ltr'><strong>ἁμαρτωλοὺς</strong></span> <span class='ocrx_word' id='word_1_304' title='bbox 2525 1581 2605 1641; x_wconf 86' lang='grc' dir='ltr'><strong>είς</strong></span> <span class='ocrx_word' id='word_1_305' title='bbox 2635 1576 2910 1647; x_wconf 85' lang='grc' dir='ltr'><strong>βασιλείαν</strong></span> <span class='ocrx_word' id='word_1_306' title='bbox 2955 1593 2969 1609; x_wconf 90' lang='grc'><strong>·</strong></span> <span class='ocrx_word' id='word_1_307' title='bbox 3002 1576 3117 1629; x_wconf 80' lang='grc' dir='ltr'><strong>ἀλλ’</strong></span> <span class='ocrx_word' id='word_1_308' title='bbox 3147 1577 3245 1645; x_wconf 78' lang='grc' dir='ltr'><strong>οὐχ</strong></span> <span class='ocrx_word' id='word_1_309' title='bbox 3288 1576 3567 1646; x_wconf 83' lang='grc' dir='ltr'><strong>αἱρεῖται,</strong></span> <span class='ocrx_word' id='word_1_310' title='bbox 3633 1576 3783 1627; x_wconf 76' lang='grc' dir='ltr'><strong>οὐδὲ</strong></span> 
     </span>
    </p>
   </div>
   <div class='ocr_carea' id='block_1_45' title="bbox 2137 1665 3780 1740">
    <p class='ocr_par' dir='ltr' id='par_1_45' title="bbox 2137 1665 3780 1740">
     <span class='ocr_line' id='line_1_45' title="bbox 2137 1665 3780 1740; baseline -0.004 -16"><span class='ocrx_word' id='word_1_311' title='bbox 2137 1672 2495 1740; x_wconf 81' lang='grc' dir='ltr'><strong>καταδέχεται</strong></span> <span class='ocrx_word' id='word_1_312' title='bbox 2515 1669 2703 1723; x_wconf 80' lang='grc' dir='ltr'><strong>τοῦτο’</strong></span> <span class='ocrx_word' id='word_1_313' title='bbox 2735 1668 3111 1739; x_wconf 83' lang='grc' dir='ltr'><strong>δικαιοκρίτης</strong></span> <span class='ocrx_word' id='word_1_314' title='bbox 3128 1669 3238 1738; x_wconf 82' lang='grc' dir='ltr'><strong>γάρ</strong></span> <span class='ocrx_word' id='word_1_315' title='bbox 3260 1668 3411 1720; x_wconf 86' lang='grc' dir='ltr'><strong>ἐστιν</strong></span> <span class='ocrx_word' id='word_1_316' title='bbox 3437 1669 3468 1720; x_wconf 91' lang='lat'><strong>6</strong></span> <span class='ocrx_word' id='word_1_317' title='bbox 3500 1665 3780 1736; x_wconf 66' lang='grc' dir='ltr'><strong>Κύριος·</strong></span> 
     </span>
    </p>
   </div>
   <div class='ocr_carea' id='block_1_46' title="bbox 2136 1757 3777 1831">
    <p class='ocr_par' dir='ltr' id='par_1_46' title="bbox 2136 1757 3777 1831">
     <span class='ocr_line' id='line_1_46' title="bbox 2136 1757 3777 1831; baseline -0.004 -15"><span class='ocrx_word' id='word_1_318' title='bbox 2136 1763 2309 1826; x_wconf 74' lang='grc' dir='ltr'><strong>οὕτως</strong></span> <span class='ocrx_word' id='word_1_319' title='bbox 2356 1764 2451 1816; x_wconf 77' lang='grc' dir='ltr'><strong>καὶ</strong></span> <span class='ocrx_word' id='word_1_320' title='bbox 2500 1762 2564 1814; x_wconf 82' lang='grc' dir='ltr'><strong>σὺ</strong></span> <span class='ocrx_word' id='word_1_321' title='bbox 2613 1760 2966 1825; x_wconf 82' lang='grc' dir='ltr'><strong>αύτεξούσιος</strong></span> <span class='ocrx_word' id='word_1_322' title='bbox 2999 1757 3074 1825; x_wconf 80' lang='grc' dir='ltr'><strong>εἷ,</strong></span> <span class='ocrx_word' id='word_1_323' title='bbox 3138 1760 3233 1813; x_wconf 71' lang='grc' dir='ltr'><strong>καὶ</strong></span> <span class='ocrx_word' id='word_1_324' title='bbox 3278 1760 3374 1812; x_wconf 87' lang='grc' dir='ltr'><strong>ἐάν</strong></span> <span class='ocrx_word' id='word_1_325' title='bbox 3414 1758 3598 1831; x_wconf 74' lang='grc' dir='ltr'><strong>θέλῃς</strong></span> <span class='ocrx_word' id='word_1_326' title='bbox 3646 1759 3777 1811; x_wconf 78' lang='grc' dir='ltr'><strong>ἀπ-</strong></span> 
     </span>
    </p>
   </div>
   <div class='ocr_carea' id='block_1_47' title="bbox 2138 1850 3775 1924">
    <p class='ocr_par' dir='ltr' id='par_1_47' title="bbox 2138 1850 3775 1924">
     <span class='ocr_line' id='line_1_47' title="bbox 2138 1850 3775 1924; baseline -0.005 -16"><span class='ocrx_word' id='word_1_327' title='bbox 2138 1854 2372 1919; x_wconf 73' lang='grc' dir='ltr'><strong>ολέσθαι,</strong></span> <span class='ocrx_word' id='word_1_328' title='bbox 2407 1854 2648 1924; x_wconf 83' lang='grc' dir='ltr'><strong>τρεπτῆς</strong></span> <span class='ocrx_word' id='word_1_329' title='bbox 2681 1853 2894 1921; x_wconf 76' lang='grc' dir='ltr'><strong>φύσεως</strong></span> <span class='ocrx_word' id='word_1_330' title='bbox 2915 1850 2990 1906; x_wconf 75' lang='grc' dir='ltr'><strong>εἷ’</strong></span> <span class='ocrx_word' id='word_1_331' title='bbox 3016 1854 3064 1905; x_wconf 85' lang='grc' dir='ltr'><strong>εἰ</strong></span> <span class='ocrx_word' id='word_1_332' title='bbox 3097 1850 3270 1914; x_wconf 79' lang='grc' dir='ltr'><strong>Θέλεις</strong></span> <span class='ocrx_word' id='word_1_333' title='bbox 3298 1851 3775 1921; x_wconf 71' lang='grc' dir='ltr'><strong>βλασφημῆσαι,</strong></span> 
     </span>
    </p>
   </div>
   <div class='ocr_carea' id='block_1_48' title="bbox 2138 1942 3772 2016">
    <p class='ocr_par' dir='ltr' id='par_1_48' title="bbox 2138 1942 3772 2016">
     <span class='ocr_line' id='line_1_48' title="bbox 2138 1942 3772 2016; baseline -0.003 -16"><span class='ocrx_word' id='word_1_334' title='bbox 2138 1949 2359 2012; x_wconf 75' lang='grc' dir='ltr'><strong>ποιῆσαι</strong></span> <span class='ocrx_word' id='word_1_335' title='bbox 2407 1947 2699 2016; x_wconf 83' lang='grc' dir='ltr'><strong>φάρμακα,</strong></span> <span class='ocrx_word' id='word_1_336' title='bbox 2756 1946 2851 1998; x_wconf 73' lang='grc' dir='ltr'><strong>καὶ</strong></span> <span class='ocrx_word' id='word_1_337' title='bbox 2892 1944 3210 1999; x_wconf 83' lang='grc' dir='ltr'><strong>ἀποκτεῖναί</strong></span> <span class='ocrx_word' id='word_1_338' title='bbox 3245 1961 3399 2007; x_wconf 87' lang='grc' dir='ltr'><strong>τινα,</strong></span> <span class='ocrx_word' id='word_1_339' title='bbox 3433 1942 3642 2002; x_wconf 73' lang='grc' dir='ltr'><strong>οὐδείς</strong></span> <span class='ocrx_word' id='word_1_340' title='bbox 3678 1959 3772 1995; x_wconf 76' lang='grc' dir='ltr'><strong>σοι</strong></span> 
     </span>
    </p>
   </div>
   <div class='ocr_carea' id='block_1_49' title="bbox 2135 2034 3774 2105">
    <p class='ocr_par' dir='ltr' id='par_1_49' title="bbox 2135 2034 3774 2105">
     <span class='ocr_line' id='line_1_49' title="bbox 2135 2034 3774 2105; baseline -0.004 -14"><span class='ocrx_word' id='word_1_341' title='bbox 2135 2040 2435 2091; x_wconf 86' lang='grc' dir='ltr'><strong>ἀντίκειται</strong></span> <span class='ocrx_word' id='word_1_342' title='bbox 2484 2037 2516 2105; x_wconf 85' lang='grc' dir='ltr'>ἢ</span> <span class='ocrx_word' id='word_1_343' title='bbox 2566 2035 2766 2088; x_wconf 83' lang='grc' dir='ltr'><strong>κωλύει</strong></span> <span class='ocrx_word' id='word_1_344' title='bbox 2813 2052 2893 2090; x_wconf 87' lang='grc' dir='ltr'><strong>σε.</strong></span> <span class='ocrx_word' id='word_1_345' title='bbox 2937 2036 2999 2087; x_wconf 85' lang='grc' dir='ltr'><strong>Εἰ</strong></span> <span class='ocrx_word' id='word_1_346' title='bbox 3034 2034 3179 2087; x_wconf 85' lang='grc' dir='ltr'><strong>θέλει</strong></span> <span class='ocrx_word' id='word_1_347' title='bbox 3208 2051 3313 2098; x_wconf 90' lang='grc' dir='ltr'><strong>τις,</strong></span> <span class='ocrx_word' id='word_1_348' title='bbox 3354 2034 3774 2087; x_wconf 69' lang='grc' dir='ltr'><strong>ὑποτάσσεται</strong></span> 
     </span>
    </p>
   </div>
   <div class='ocr_carea' id='block_1_50' title="bbox 2134 2124 3769 2197">
    <p class='ocr_par' dir='ltr' id='par_1_50' title="bbox 2134 2124 3769 2197">
     <span class='ocr_line' id='line_1_50' title="bbox 2134 2124 3769 2197; baseline -0.003 -16"><span class='ocrx_word' id='word_1_349' title='bbox 2134 2128 2212 2197; x_wconf 83' lang='grc' dir='ltr'><strong>τῷ</strong></span> <span class='ocrx_word' id='word_1_350' title='bbox 2242 2126 2385 2195; x_wconf 84' lang='grc' dir='ltr'><strong>Θεῷ,</strong></span> <span class='ocrx_word' id='word_1_351' title='bbox 2424 2126 2520 2178; x_wconf 76' lang='grc' dir='ltr'><strong>καὶ</strong></span> <span class='ocrx_word' id='word_1_352' title='bbox 2547 2125 2774 2179; x_wconf 75' lang='grc' dir='ltr'><strong>διοδεύει</strong></span> <span class='ocrx_word' id='word_1_353' title='bbox 2802 2124 2899 2195; x_wconf 80' lang='grc' dir='ltr'><strong>τὴν</strong></span> <span class='ocrx_word' id='word_1_354' title='bbox 2928 2125 3045 2178; x_wconf 79' lang='grc' dir='ltr'><strong>ὁδὸν</strong></span> <span class='ocrx_word' id='word_1_355' title='bbox 3074 2125 3175 2195; x_wconf 83' lang='grc' dir='ltr'><strong>τῆς</strong></span> <span class='ocrx_word' id='word_1_356' title='bbox 3205 2125 3571 2195; x_wconf 75' lang='grc' dir='ltr'><strong>δικαιοσύνης</strong></span> <span class='ocrx_word' id='word_1_357' title='bbox 3590 2165 3611 2189; x_wconf 86' lang='lat'><strong>,</strong></span> <span class='ocrx_word' id='word_1_358' title='bbox 3659 2126 3769 2177; x_wconf 78' lang='grc' dir='ltr'><strong>καὶ</strong></span> 
     </span>
    </p>
   </div>
   <div class='ocr_carea' id='block_1_51' title="bbox 2135 2210 3764 2290">
    <p class='ocr_par' dir='ltr' id='par_1_51' title="bbox 2135 2210 3764 2290">
     <span class='ocr_line' id='line_1_51' title="bbox 2135 2210 3764 2290; baseline -0.002 -17"><span class='ocrx_word' id='word_1_359' title='bbox 2135 2220 2330 2290; x_wconf 83' lang='grc' dir='ltr'><strong>κρατεῖ</strong></span> <span class='ocrx_word' id='word_1_360' title='bbox 2366 2217 2474 2271; x_wconf 88' lang='grc' dir='ltr'><strong>τῶν</strong></span> <span class='ocrx_word' id='word_1_361' title='bbox 2519 2217 2846 2287; x_wconf 79' lang='grc' dir='ltr'><strong>ἐπιθυμιῶν.</strong></span> <span class='ocrx_word' id='word_1_362' title='bbox 2894 2217 2952 2271; x_wconf 77' lang='grc'><strong>’0</strong></span> <span class='ocrx_word' id='word_1_363' title='bbox 2986 2217 3096 2288; x_wconf 86' lang='grc' dir='ltr'><strong>γὰρ</strong></span> <span class='ocrx_word' id='word_1_364' title='bbox 3136 2218 3261 2281; x_wconf 84' lang='grc' dir='ltr'><strong>νοῦς</strong></span> <span class='ocrx_word' id='word_1_365' title='bbox 3294 2210 3460 2281; x_wconf 70' lang='grc' dir='ltr'><strong>οὗτος</strong></span> <span class='ocrx_word' id='word_1_366' title='bbox 3499 2218 3764 2270; x_wconf 76' lang='grc' dir='ltr'><strong>ἀντεπα-</strong></span> 
     </span>
    </p>
   </div>
   <div class='ocr_carea' id='block_1_52' title="bbox 2134 2310 3754 2382">
    <p class='ocr_par' dir='ltr' id='par_1_52' title="bbox 2134 2310 3754 2382">
     <span class='ocr_line' id='line_1_52' title="bbox 2134 2310 3754 2382; baseline -0.001 -19"><span class='ocrx_word' id='word_1_367' title='bbox 2134 2311 2224 2375; x_wconf 87' lang='grc' dir='ltr'><strong>λός</strong></span> <span class='ocrx_word' id='word_1_368' title='bbox 2252 2314 2424 2377; x_wconf 89' lang='grc' dir='ltr'><strong>ἐστιν,</strong></span> <span class='ocrx_word' id='word_1_369' title='bbox 2476 2310 2792 2381; x_wconf 75' lang='grc' dir='ltr'><strong>ἐπικρατεῖν</strong></span> <span class='ocrx_word' id='word_1_370' title='bbox 2825 2310 3122 2381; x_wconf 85' lang='grc' dir='ltr'><strong>δυνάμενος</strong></span> <span class='ocrx_word' id='word_1_371' title='bbox 3155 2312 3461 2382; x_wconf 69' lang='grc' dir='ltr'><strong>ἐρρωμένῳ</strong></span> <span class='ocrx_word' id='word_1_372' title='bbox 3482 2310 3754 2382; x_wconf 79' lang='grc' dir='ltr'><strong>λογισμῷ</strong></span> 
     </span>
    </p>
   </div>
   <div class='ocr_carea' id='block_1_53' title="bbox 2134 2400 3524 2474">
    <p class='ocr_par' dir='ltr' id='par_1_53' title="bbox 2134 2400 3524 2474">
     <span class='ocr_line' id='line_1_53' title="bbox 2134 2400 3524 2474; baseline 0 -17"><span class='ocrx_word' id='word_1_373' title='bbox 2134 2403 2232 2466; x_wconf 78' lang='grc' dir='ltr'><strong>τὰς</strong></span> <span class='ocrx_word' id='word_1_374' title='bbox 2256 2403 2355 2472; x_wconf 84' lang='grc' dir='ltr'><strong>τῆς</strong></span> <span class='ocrx_word' id='word_1_375' title='bbox 2388 2401 2584 2465; x_wconf 79' lang='grc' dir='ltr'><strong>κακίας</strong></span> <span class='ocrx_word' id='word_1_376' title='bbox 2603 2401 2779 2474; x_wconf 84' lang='grc' dir='ltr'><strong>ὁρμὰς</strong></span> <span class='ocrx_word' id='word_1_377' title='bbox 2812 2402 2908 2455; x_wconf 78' lang='grc' dir='ltr'><strong>καὶ</strong></span> <span class='ocrx_word' id='word_1_378' title='bbox 2940 2400 3232 2473; x_wconf 70' lang='grc' dir='ltr'><strong>ἐπιθυμίας</strong></span> <span class='ocrx_word' id='word_1_379' title='bbox 3254 2403 3524 2474; x_wconf 79' lang='grc' dir='ltr'><strong>αἰσχρὰς.</strong></span> 
     </span>
    </p>
   </div>
   <div class='ocr_carea' id='block_1_54' title="bbox 2207 2579 3711 2653">
    <p class='ocr_par' dir='ltr' id='par_1_54' title="bbox 2207 2579 3711 2653">
     <span class='ocr_line' id='line_1_54' title="bbox 2207 2579 3711 2653; baseline -0.005 -16"><span class='ocrx_word' id='word_1_380' title='bbox 2207 2585 2334 2638; x_wconf 79' lang='lat' dir='ltr'><strong>KA&#39;.</strong></span> <span class='ocrx_word' id='word_1_381' title='bbox 2376 2582 2439 2635; x_wconf 79' lang='lat' dir='ltr'><strong>Ei</strong></span> <span class='ocrx_word' id='word_1_382' title='bbox 2484 2581 2593 2653; x_wconf 83' lang='grc' dir='ltr'><strong>γὰρ</strong></span> <span class='ocrx_word' id='word_1_383' title='bbox 2636 2581 2695 2634; x_wconf 89' lang='grc' dir='ltr'><strong>ἐν</strong></span> <span class='ocrx_word' id='word_1_384' title='bbox 2734 2579 2882 2651; x_wconf 80' lang='grc' dir='ltr'><strong>οἰκίᾳ</strong></span> <span class='ocrx_word' id='word_1_385' title='bbox 2915 2579 3149 2653; x_wconf 77' lang='grc' dir='ltr'><strong>μεγάλῃ,</strong></span> <span class='ocrx_word' id='word_1_386' title='bbox 3183 2580 3315 2634; x_wconf 83' lang='grc' dir='ltr'><strong>ὅπου</strong></span> <span class='ocrx_word' id='word_1_387' title='bbox 3351 2579 3479 2633; x_wconf 67' lang='grc' dir='ltr'><strong>ἐστὶ</strong></span> <span class='ocrx_word' id='word_1_388' title='bbox 3507 2579 3711 2650; x_wconf 78' lang='grc' dir='ltr'><strong>χρυσώ-</strong></span> 
     </span>
    </p>
   </div>
   <div class='ocr_carea' id='block_1_55' title="bbox 2142 2670 3711 2745">
    <p class='ocr_par' dir='ltr' id='par_1_55' title="bbox 2142 2670 3711 2745">
     <span class='ocr_line' id='line_1_55' title="bbox 2142 2670 3711 2745; baseline -0.004 -18"><span class='ocrx_word' id='word_1_389' title='bbox 2142 2693 2308 2745; x_wconf 84' lang='grc' dir='ltr'><strong>ματα,</strong></span> <span class='ocrx_word' id='word_1_390' title='bbox 2348 2675 2682 2745; x_wconf 82' lang='grc' dir='ltr'><strong>χρυσόφορα,</strong></span> <span class='ocrx_word' id='word_1_391' title='bbox 2712 2672 2808 2727; x_wconf 75' lang='grc' dir='ltr'><strong>καὶ</strong></span> <span class='ocrx_word' id='word_1_392' title='bbox 2836 2671 3243 2744; x_wconf 86' lang='grc' dir='ltr'><strong>ἀργυρώματα,</strong></span> <span class='ocrx_word' id='word_1_393' title='bbox 3279 2670 3377 2726; x_wconf 73' lang='grc' dir='ltr'><strong>καὶ</strong></span> <span class='ocrx_word' id='word_1_394' title='bbox 3408 2670 3569 2743; x_wconf 72' lang='grc' dir='ltr'><strong>ἐσθὴς</strong></span> <span class='ocrx_word' id='word_1_395' title='bbox 3596 2670 3711 2723; x_wconf 78' lang='grc' dir='ltr'><strong>διὰ-</strong></span> 
     </span>
    </p>
   </div>
   <div class='ocr_carea' id='block_1_56' title="bbox 2139 2762 3717 2839">
    <p class='ocr_par' dir='ltr' id='par_1_56' title="bbox 2139 2762 3717 2839">
     <span class='ocr_line' id='line_1_56' title="bbox 2139 2762 3717 2839; baseline -0.004 -19"><span class='ocrx_word' id='word_1_396' title='bbox 2139 2784 2326 2839; x_wconf 82' lang='grc' dir='ltr'><strong>φορος,</strong></span> <span class='ocrx_word' id='word_1_397' title='bbox 2356 2768 2559 2838; x_wconf 84' lang='grc' dir='ltr'><strong>χρυσός</strong></span> <span class='ocrx_word' id='word_1_398' title='bbox 2582 2783 2642 2819; x_wconf 89' lang='grc' dir='ltr'><strong>τε</strong></span> <span class='ocrx_word' id='word_1_399' title='bbox 2670 2765 2764 2820; x_wconf 78' lang='grc' dir='ltr'><strong>καὶ</strong></span> <span class='ocrx_word' id='word_1_400' title='bbox 2784 2765 3047 2836; x_wconf 78' lang='grc' dir='ltr'><strong>ἄργυρος.</strong></span> <span class='ocrx_word' id='word_1_401' title='bbox 3068 2764 3344 2817; x_wconf 81' lang='grc' dir='ltr'><strong>νεανίσκοι</strong></span> <span class='ocrx_word' id='word_1_402' title='bbox 3365 2764 3467 2817; x_wconf 71' lang='grc' dir='ltr'><strong>καὶ</strong></span> <span class='ocrx_word' id='word_1_403' title='bbox 3488 2762 3717 2824; x_wconf 76' lang='grc' dir='ltr'><strong>νεάνιδες</strong></span> 
     </span>
    </p>
   </div>
   <div class='ocr_carea' id='block_1_57' title="bbox 2139 2854 3728 2931">
    <p class='ocr_par' dir='ltr' id='par_1_57' title="bbox 2139 2854 3728 2931">
     <span class='ocr_line' id='line_1_57' title="bbox 2139 2854 3728 2931; baseline -0.004 -19"><span class='ocrx_word' id='word_1_404' title='bbox 2139 2858 2508 2931; x_wconf 85' lang='grc' dir='ltr'><strong>διατρίϐοντες</strong></span> <span class='ocrx_word' id='word_1_405' title='bbox 2533 2857 2761 2927; x_wconf 82' lang='grc' dir='ltr'><strong>ἄγχουσι</strong></span> <span class='ocrx_word' id='word_1_406' title='bbox 2788 2856 2879 2908; x_wconf 83' lang='grc' dir='ltr'><strong>τὸν</strong></span> <span class='ocrx_word' id='word_1_407' title='bbox 2896 2855 3107 2909; x_wconf 77' lang='grc' dir='ltr'><strong>ἑαυτῶν</strong></span> <span class='ocrx_word' id='word_1_408' title='bbox 3133 2854 3279 2908; x_wconf 75' lang='grc' dir='ltr'><strong>νοῦνο</strong></span> <span class='ocrx_word' id='word_1_409' title='bbox 3311 2856 3481 2908; x_wconf 75' lang='grc' dir='ltr'><strong>εἶκαὶ</strong></span> <span class='ocrx_word' id='word_1_410' title='bbox 3508 2857 3543 2926; x_wconf 84' lang='grc' dir='ltr'><strong>ή</strong></span> <span class='ocrx_word' id='word_1_411' title='bbox 3566 2854 3728 2925; x_wconf 83' lang='grc' dir='ltr'><strong>φύσις</strong></span> 
     </span>
    </p>
   </div>
   <div class='ocr_carea' id='block_1_58' title="bbox 2139 2944 3734 3024">
    <p class='ocr_par' dir='ltr' id='par_1_58' title="bbox 2139 2944 3734 3024">
     <span class='ocr_line' id='line_1_58' title="bbox 2139 2944 3734 3024; baseline -0.006 -18"><span class='ocrx_word' id='word_1_412' title='bbox 2139 2953 2225 3006; x_wconf 69' lang='grc' dir='ltr'><strong>διὰ</strong></span> <span class='ocrx_word' id='word_1_413' title='bbox 2255 2952 2353 3024; x_wconf 78' lang='grc' dir='ltr'><strong>τὴν</strong></span> <span class='ocrx_word' id='word_1_414' title='bbox 2380 2951 2629 3004; x_wconf 82' lang='grc' dir='ltr'><strong>σύνοικον</strong></span> <span class='ocrx_word' id='word_1_415' title='bbox 2652 2948 2926 3019; x_wconf 85' lang='grc' dir='ltr'><strong>ἁμαρτίαν</strong></span> <span class='ocrx_word' id='word_1_416' title='bbox 2953 2947 3173 3002; x_wconf 82' lang='grc' dir='ltr'><strong>πάντων</strong></span> <span class='ocrx_word' id='word_1_417' title='bbox 3199 2946 3464 3015; x_wconf 76' lang='grc' dir='ltr'><strong>ἐπιθυμεῖ</strong></span> <span class='ocrx_word' id='word_1_418' title='bbox 3484 2963 3499 2976; x_wconf 90' lang='grc'>·</span> <span class='ocrx_word' id='word_1_419' title='bbox 3526 2946 3625 3000; x_wconf 74' lang='grc' dir='ltr'><strong>καὶ</strong></span> <span class='ocrx_word' id='word_1_420' title='bbox 3643 2944 3734 2998; x_wconf 77' lang='grc' dir='ltr'><strong>διὰ</strong></span> 
     </span>
    </p>
   </div>
   <div class='ocr_carea' id='block_1_59' title="bbox 2138 3037 3738 3114">
    <p class='ocr_par' dir='ltr' id='par_1_59' title="bbox 2138 3037 3738 3114">
     <span class='ocr_line' id='line_1_59' title="bbox 2138 3037 3738 3114; baseline -0.006 -15"><span class='ocrx_word' id='word_1_421' title='bbox 2138 3045 2231 3099; x_wconf 86' lang='grc' dir='ltr'><strong>τὸν</strong></span> <span class='ocrx_word' id='word_1_422' title='bbox 2284 3044 2625 3114; x_wconf 84' lang='grc' dir='ltr'><strong>ἀνθρώπινον</strong></span> <span class='ocrx_word' id='word_1_423' title='bbox 2660 3041 2825 3111; x_wconf 86' lang='grc' dir='ltr'><strong>φόϐον</strong></span> <span class='ocrx_word' id='word_1_424' title='bbox 2853 3039 2963 3093; x_wconf 89' lang='grc' dir='ltr'><strong>τῶν</strong></span> <span class='ocrx_word' id='word_1_425' title='bbox 3000 3040 3300 3103; x_wconf 86' lang='grc' dir='ltr'><strong>δεσποτῶν,</strong></span> <span class='ocrx_word' id='word_1_426' title='bbox 3331 3038 3602 3109; x_wconf 75' lang='grc' dir='ltr'><strong>ἐπέχουσι</strong></span> <span class='ocrx_word' id='word_1_427' title='bbox 3634 3037 3738 3100; x_wconf 85' lang='grc' dir='ltr'><strong>τάς</strong></span> 
     </span>
    </p>
   </div>
   <div class='ocr_carea' id='block_1_60' title="bbox 464 3129 2040 3217">
    <p class='ocr_par' dir='ltr' id='par_1_60' title="bbox 464 3129 2031 3203">
     <span class='ocr_line' id='line_1_60' title="bbox 464 3129 2031 3203; baseline -0.005 -13"><span class='ocrx_word' id='word_1_428' title='bbox 464 3150 597 3190; x_wconf 88' lang='lat' dir='ltr'><strong>num</strong></span> <span class='ocrx_word' id='word_1_429' title='bbox 620 3134 895 3198; x_wconf 89' lang='lat' dir='ltr'><strong>dominos,</strong></span> <span class='ocrx_word' id='word_1_430' title='bbox 927 3133 1237 3203; x_wconf 90' lang='lat' dir='ltr'><strong>reprimunt</strong></span> <span class='ocrx_word' id='word_1_431' title='bbox 1280 3131 1518 3202; x_wconf 88' lang='lat' dir='ltr'><strong>impetus</strong></span> <span class='ocrx_word' id='word_1_432' title='bbox 1541 3129 2031 3200; x_wconf 60' lang='lat' dir='ltr'><strong>concupiscentiae:</strong></span> 
     </span>
    </p>
   </div>
   <div class='ocr_carea' id='block_1_61' title="bbox 2147 3129 3736 3217">
    <p class='ocr_par' dir='ltr' id='par_1_61' title="bbox 2147 3130 3736 3210">
     <span class='ocr_line' id='line_1_61' title="bbox 2147 3130 3736 3210; baseline -0.006 -19"><span class='ocrx_word' id='word_1_433' title='bbox 2147 3138 2315 3210; x_wconf 81' lang='grc' dir='ltr'><strong>όρμάς</strong></span> <span class='ocrx_word' id='word_1_434' title='bbox 2341 3137 2449 3189; x_wconf 91' lang='grc' dir='ltr'><strong>τῶν</strong></span> <span class='ocrx_word' id='word_1_435' title='bbox 2469 3134 2772 3205; x_wconf 82' lang='grc' dir='ltr'><strong>ἐπιθυμιῶν</strong></span> <span class='ocrx_word' id='word_1_436' title='bbox 2794 3150 2808 3164; x_wconf 83' lang='grc'>⁶</span> <span class='ocrx_word' id='word_1_437' title='bbox 2832 3134 2984 3205; x_wconf 84' lang='grc' dir='ltr'><strong>πόσῳ</strong></span> <span class='ocrx_word' id='word_1_438' title='bbox 3001 3133 3222 3204; x_wconf 81' lang='grc' dir='ltr'><strong>μᾶλλον,</strong></span> <span class='ocrx_word' id='word_1_439' title='bbox 3246 3132 3382 3185; x_wconf 85' lang='grc' dir='ltr'><strong>ὅπου</strong></span> <span class='ocrx_word' id='word_1_440' title='bbox 3407 3132 3529 3184; x_wconf 78' lang='grc' dir='ltr'><strong>ἐστὶ</strong></span> <span class='ocrx_word' id='word_1_441' title='bbox 3561 3130 3736 3202; x_wconf 75' lang='grc' dir='ltr'><strong>φόϐος</strong></span> 
     </span>
    </p>
   </div>
   <div class='ocr_carea' id='block_1_62' title="bbox 465 3218 2037 3291">
    <p class='ocr_par' dir='ltr' id='par_1_62' title="bbox 465 3218 2037 3291">
     <span class='ocr_line' id='line_1_62' title="bbox 465 3218 2037 3291; baseline -0.001 -17"><span class='ocrx_word' id='word_1_442' title='bbox 465 3231 673 3291; x_wconf 87' lang='lat' dir='ltr'><strong>quanto</strong></span> <span class='ocrx_word' id='word_1_443' title='bbox 709 3220 900 3291; x_wconf 82' lang='lat' dir='ltr'><strong>magis,</strong></span> <span class='ocrx_word' id='word_1_444' title='bbox 933 3220 1026 3274; x_wconf 89' lang='lat' dir='ltr'><strong>ubi</strong></span> <span class='ocrx_word' id='word_1_445' title='bbox 1048 3220 1194 3290; x_wconf 85' lang='lat' dir='ltr'><strong>viget</strong></span> <span class='ocrx_word' id='word_1_446' title='bbox 1223 3221 1387 3273; x_wconf 84' lang='lat' dir='ltr'><strong>timor</strong></span> <span class='ocrx_word' id='word_1_447' title='bbox 1415 3218 1533 3285; x_wconf 87' lang='lat' dir='ltr'><strong>Dei,</strong></span> <span class='ocrx_word' id='word_1_448' title='bbox 1565 3219 1824 3273; x_wconf 89' lang='lat' dir='ltr'><strong>reluctari</strong></span> <span class='ocrx_word' id='word_1_449' title='bbox 1874 3228 2037 3289; x_wconf 87' lang='lat' dir='ltr'><strong>atque</strong></span> 
     </span>
    </p>
   </div>
   <div class='ocr_carea' id='block_1_63' title="bbox 465 3310 2040 3381">
    <p class='ocr_par' dir='ltr' id='par_1_63' title="bbox 465 3310 2040 3381">
     <span class='ocr_line' id='line_1_63' title="bbox 465 3310 2040 3381; baseline -0.004 -14"><span class='ocrx_word' id='word_1_450' title='bbox 465 3311 631 3367; x_wconf 90' lang='lat' dir='ltr'><strong>reniti</strong></span> <span class='ocrx_word' id='word_1_451' title='bbox 680 3326 836 3366; x_wconf 89' lang='lat' dir='ltr'><strong>mens</strong></span> <span class='ocrx_word' id='word_1_452' title='bbox 884 3310 1049 3366; x_wconf 90' lang='lat' dir='ltr'><strong>debet</strong></span> <span class='ocrx_word' id='word_1_453' title='bbox 1084 3311 1371 3366; x_wconf 70' lang='lat' dir='ltr'><strong>inhaerenti</strong></span> <span class='ocrx_word' id='word_1_454' title='bbox 1411 3311 1705 3381; x_wconf 84' lang='lat' dir='ltr'><strong>pravitati?</strong></span> <span class='ocrx_word' id='word_1_455' title='bbox 1734 3310 1864 3377; x_wconf 67' lang='lat' dir='ltr'><strong>Qum</strong></span> <span class='ocrx_word' id='word_1_456' title='bbox 1894 3311 2040 3364; x_wconf 91' lang='lat' dir='ltr'><strong>enim</strong></span> 
     </span>
    </p>
   </div>
   <div class='ocr_carea' id='block_1_64' title="bbox 466 3402 2040 3475">
    <p class='ocr_par' dir='ltr' id='par_1_64' title="bbox 466 3402 2040 3475">
     <span class='ocr_line' id='line_1_64' title="bbox 466 3402 2040 3475; baseline -0.003 -17"><span class='ocrx_word' id='word_1_457' title='bbox 466 3404 747 3475; x_wconf 89' lang='lat' dir='ltr'><strong>possibilia</strong></span> <span class='ocrx_word' id='word_1_458' title='bbox 801 3404 901 3459; x_wconf 92' lang='lat' dir='ltr'><strong>tibi</strong></span> <span class='ocrx_word' id='word_1_459' title='bbox 956 3411 1103 3469; x_wconf 87' lang='lat' dir='ltr'><strong>sunt,</strong></span> <span class='ocrx_word' id='word_1_460' title='bbox 1162 3404 1425 3473; x_wconf 68' lang='lat' dir='ltr'><strong>praecepit</strong></span> <span class='ocrx_word' id='word_1_461' title='bbox 1480 3403 1643 3457; x_wconf 87' lang='lat' dir='ltr'><strong>Deus.</strong></span> <span class='ocrx_word' id='word_1_462' title='bbox 1709 3402 2040 3457; x_wconf 86' lang='lat' dir='ltr'><strong>Animalium</strong></span> 
     </span>
    </p>
   </div>
   <div class='ocr_carea' id='block_1_65' title="bbox 465 3491 2047 3558">
    <p class='ocr_par' dir='ltr' id='par_1_65' title="bbox 465 3491 2047 3558">
     <span class='ocr_line' id='line_1_65' title="bbox 465 3491 2047 3558; baseline -0.001 -11"><span class='ocrx_word' id='word_1_463' title='bbox 465 3493 689 3558; x_wconf 83' lang='lat' dir='ltr'><strong>quidem</strong></span> <span class='ocrx_word' id='word_1_464' title='bbox 745 3492 959 3547; x_wconf 90' lang='lat' dir='ltr'><strong>ratione</strong></span> <span class='ocrx_word' id='word_1_465' title='bbox 1016 3492 1404 3547; x_wconf 86' lang='lat' dir='ltr'><strong>destitutorum</strong></span> <span class='ocrx_word' id='word_1_466' title='bbox 1456 3501 1654 3546; x_wconf 87' lang='lat' dir='ltr'><strong>natura</strong></span> <span class='ocrx_word' id='word_1_467' title='bbox 1704 3491 1885 3545; x_wconf 86' lang='lat' dir='ltr'><strong>vincta</strong></span> <span class='ocrx_word' id='word_1_468' title='bbox 1934 3500 2047 3554; x_wconf 85' lang='lat' dir='ltr'><strong>est,</strong></span> 
     </span>
    </p>
   </div>
   <div class='ocr_carea' id='block_1_66' title="bbox 465 3583 2039 3653">
    <p class='ocr_par' dir='ltr' id='par_1_66' title="bbox 465 3583 2039 3653">
     <span class='ocr_line' id='line_1_66' title="bbox 465 3583 2039 3653; baseline -0.001 -14"><span class='ocrx_word' id='word_1_469' title='bbox 465 3584 619 3639; x_wconf 87' lang='lat' dir='ltr'><strong>velut</strong></span> <span class='ocrx_word' id='word_1_470' title='bbox 681 3593 879 3639; x_wconf 88' lang='lat' dir='ltr'><strong>natura</strong></span> <span class='ocrx_word' id='word_1_471' title='bbox 934 3583 1208 3653; x_wconf 87' lang='lat' dir='ltr'><strong>serpentis</strong></span> <span class='ocrx_word' id='word_1_472' title='bbox 1262 3592 1347 3637; x_wconf 88' lang='lat' dir='ltr'><strong>est</strong></span> <span class='ocrx_word' id='word_1_473' title='bbox 1408 3599 1591 3638; x_wconf 90' lang='lat' dir='ltr'><strong>amara</strong></span> <span class='ocrx_word' id='word_1_474' title='bbox 1644 3597 1709 3637; x_wconf 91' lang='lat' dir='ltr'><strong>ac</strong></span> <span class='ocrx_word' id='word_1_475' title='bbox 1768 3598 2039 3638; x_wconf 90' lang='lat' dir='ltr'><strong>venenum</strong></span> 
     </span>
    </p>
   </div>
   <div class='ocr_carea' id='block_1_67' title="bbox 465 3675 2037 3747">
    <p class='ocr_par' dir='ltr' id='par_1_67' title="bbox 465 3675 2037 3747">
     <span class='ocr_line' id='line_1_67' title="bbox 465 3675 2037 3747; baseline -0.002 -16"><span class='ocrx_word' id='word_1_476' title='bbox 465 3676 759 3733; x_wconf 87' lang='lat' dir='ltr'><strong>emittens:</strong></span> <span class='ocrx_word' id='word_1_477' title='bbox 797 3675 1043 3730; x_wconf 89' lang='lat' dir='ltr'><strong>universi</strong></span> <span class='ocrx_word' id='word_1_478' title='bbox 1084 3675 1251 3747; x_wconf 88' lang='lat' dir='ltr'><strong>igitur</strong></span> <span class='ocrx_word' id='word_1_479' title='bbox 1278 3686 1563 3745; x_wconf 85' lang='lat' dir='ltr'><strong>serpentes</strong></span> <span class='ocrx_word' id='word_1_480' title='bbox 1592 3684 1720 3730; x_wconf 91' lang='lat' dir='ltr'><strong>sunt</strong></span> <span class='ocrx_word' id='word_1_481' title='bbox 1748 3675 2037 3747; x_wconf 86' lang='lat' dir='ltr'><strong>ejusmodi.</strong></span> 
     </span>
    </p>
   </div>
   <div class='ocr_carea' id='block_1_68' title="bbox 467 3766 2044 3838">
    <p class='ocr_par' dir='ltr' id='par_1_68' title="bbox 467 3766 2044 3838">
     <span class='ocr_line' id='line_1_68' title="bbox 467 3766 2044 3838; baseline 0 -17"><span class='ocrx_word' id='word_1_482' title='bbox 467 3766 654 3838; x_wconf 89' lang='lat' dir='ltr'><strong>Lupus</strong></span> <span class='ocrx_word' id='word_1_483' title='bbox 691 3784 860 3838; x_wconf 80' lang='lat' dir='ltr'><strong>rapax</strong></span> <span class='ocrx_word' id='word_1_484' title='bbox 887 3783 1007 3823; x_wconf 89' lang='lat' dir='ltr'><strong>esse</strong></span> <span class='ocrx_word' id='word_1_485' title='bbox 1031 3768 1352 3823; x_wconf 85' lang='lat' dir='ltr'><strong>consuevit:</strong></span> <span class='ocrx_word' id='word_1_486' title='bbox 1380 3783 1572 3822; x_wconf 86' lang='lat' dir='ltr'><strong>omnes</strong></span> <span class='ocrx_word' id='word_1_487' title='bbox 1600 3782 1732 3838; x_wconf 84' lang='lat' dir='ltr'><strong>ergo</strong></span> <span class='ocrx_word' id='word_1_488' title='bbox 1758 3766 1873 3836; x_wconf 90' lang='lat' dir='ltr'><strong>lupi</strong></span> <span class='ocrx_word' id='word_1_489' title='bbox 1915 3775 2044 3821; x_wconf 88' lang='lat' dir='ltr'><strong>sunt</strong></span> 
     </span>
    </p>
   </div>
   <div class='ocr_carea' id='block_1_69' title="bbox 465 3858 2043 3930">
    <p class='ocr_par' dir='ltr' id='par_1_69' title="bbox 465 3858 2043 3930">
     <span class='ocr_line' id='line_1_69' title="bbox 465 3858 2043 3930; baseline -0.001 -17"><span class='ocrx_word' id='word_1_490' title='bbox 465 3859 712 3930; x_wconf 89' lang='lat' dir='ltr'><strong>ejusdem</strong></span> <span class='ocrx_word' id='word_1_491' title='bbox 744 3870 973 3914; x_wconf 63' lang='lat' dir='ltr'><strong>naturai.</strong></span> <span class='ocrx_word' id='word_1_492' title='bbox 1001 3859 1208 3930; x_wconf 81' lang='lat' dir='ltr'><strong>Agnus,</strong></span> <span class='ocrx_word' id='word_1_493' title='bbox 1235 3858 1329 3929; x_wconf 91' lang='lat' dir='ltr'><strong>qui</strong></span> <span class='ocrx_word' id='word_1_494' title='bbox 1362 3859 1593 3929; x_wconf 78' lang='lat' dir='ltr'><strong>simplex</strong></span> <span class='ocrx_word' id='word_1_495' title='bbox 1631 3867 1735 3921; x_wconf 86' lang='lat' dir='ltr'><strong>est,</strong></span> <span class='ocrx_word' id='word_1_496' title='bbox 1772 3858 2043 3913; x_wconf 77' lang='lat' dir='ltr'><strong>obnoxius</strong></span> 
     </span>
    </p>
   </div>
   <div class='ocr_carea' id='block_1_70' title="bbox 465 3951 2040 4023">
    <p class='ocr_par' dir='ltr' id='par_1_70' title="bbox 465 3951 2040 4023">
     <span class='ocr_line' id='line_1_70' title="bbox 465 3951 2040 4023; baseline -0.003 -16"><span class='ocrx_word' id='word_1_497' title='bbox 465 3961 551 4007; x_wconf 90' lang='lat' dir='ltr'><strong>est</strong></span> <span class='ocrx_word' id='word_1_498' title='bbox 572 3953 810 4021; x_wconf 64' lang='lat' dir='ltr'><strong>rapinae:</strong></span> <span class='ocrx_word' id='word_1_499' title='bbox 837 3967 1031 4009; x_wconf 89' lang='lat' dir='ltr'><strong>omnes</strong></span> <span class='ocrx_word' id='word_1_500' title='bbox 1054 3968 1185 4023; x_wconf 81' lang='lat' dir='ltr'><strong>ergo</strong></span> <span class='ocrx_word' id='word_1_501' title='bbox 1208 3952 1333 4023; x_wconf 77' lang='lat' dir='ltr'><strong>agni</strong></span> <span class='ocrx_word' id='word_1_502' title='bbox 1368 3962 1496 4007; x_wconf 89' lang='lat' dir='ltr'><strong>sunt</strong></span> <span class='ocrx_word' id='word_1_503' title='bbox 1536 3951 1781 4021; x_wconf 88' lang='lat' dir='ltr'><strong>ejusdem</strong></span> <span class='ocrx_word' id='word_1_504' title='bbox 1810 3960 2040 4004; x_wconf 72' lang='lat' dir='ltr'><strong>naturze.</strong></span> 
     </span>
    </p>
   </div>
   <div class='ocr_carea' id='block_1_71' title="bbox 466 4044 2046 4114">
    <p class='ocr_par' dir='ltr' id='par_1_71' title="bbox 466 4044 2046 4114">
     <span class='ocr_line' id='line_1_71' title="bbox 466 4044 2046 4114; baseline -0.003 -15"><span class='ocrx_word' id='word_1_505' title='bbox 466 4044 732 4101; x_wconf 88' lang='lat' dir='ltr'><strong>Columba</strong></span> <span class='ocrx_word' id='word_1_506' title='bbox 781 4045 1011 4114; x_wconf 85' lang='lat' dir='ltr'><strong>simplex</strong></span> <span class='ocrx_word' id='word_1_507' title='bbox 1050 4054 1137 4099; x_wconf 88' lang='lat' dir='ltr'><strong>est</strong></span> <span class='ocrx_word' id='word_1_508' title='bbox 1167 4060 1231 4098; x_wconf 91' lang='lat' dir='ltr'><strong>ac</strong></span> <span class='ocrx_word' id='word_1_509' title='bbox 1255 4045 1503 4099; x_wconf 89' lang='lat' dir='ltr'><strong>sincera:</strong></span> <span class='ocrx_word' id='word_1_510' title='bbox 1544 4059 1737 4099; x_wconf 87' lang='lat' dir='ltr'><strong>omnes</strong></span> <span class='ocrx_word' id='word_1_511' title='bbox 1768 4059 1899 4114; x_wconf 84' lang='lat' dir='ltr'><strong>ergo</strong></span> <span class='ocrx_word' id='word_1_512' title='bbox 1954 4058 2046 4096; x_wconf 87' lang='lat' dir='ltr'><strong>co-</strong></span> 
     </span>
    </p>
   </div>
   <div class='ocr_carea' id='block_1_72' title="bbox 466 4134 2044 4205">
    <p class='ocr_par' dir='ltr' id='par_1_72' title="bbox 466 4134 2044 4205">
     <span class='ocr_line' id='line_1_72' title="bbox 466 4134 2044 4205; baseline -0.001 -15"><span class='ocrx_word' id='word_1_513' title='bbox 466 4135 667 4190; x_wconf 67' lang='lat' dir='ltr'><strong>lumba:</strong></span> <span class='ocrx_word' id='word_1_514' title='bbox 690 4143 819 4189; x_wconf 91' lang='lat' dir='ltr'><strong>sunt</strong></span> <span class='ocrx_word' id='word_1_515' title='bbox 842 4135 1090 4205; x_wconf 90' lang='lat' dir='ltr'><strong>ejusdem</strong></span> <span class='ocrx_word' id='word_1_516' title='bbox 1118 4144 1347 4188; x_wconf 58' lang='lat' dir='ltr'><strong>naturae.</strong></span> <span class='ocrx_word' id='word_1_517' title='bbox 1380 4134 1555 4189; x_wconf 85' lang='lat' dir='ltr'><strong>Homo</strong></span> <span class='ocrx_word' id='word_1_518' title='bbox 1588 4149 1720 4188; x_wconf 92' lang='lat' dir='ltr'><strong>vero</strong></span> <span class='ocrx_word' id='word_1_519' title='bbox 1746 4150 1857 4188; x_wconf 78' lang='lat' dir='ltr'><strong>non</strong></span> <span class='ocrx_word' id='word_1_520' title='bbox 1888 4134 1961 4187; x_wconf 83' lang='lat' dir='ltr'><strong>ita</strong></span> <span class='ocrx_word' id='word_1_521' title='bbox 1986 4148 2044 4188; x_wconf 92' lang='lat' dir='ltr'><strong>se</strong></span> 
     </span>
    </p>
   </div>
   <div class='ocr_carea' id='block_1_73' title="bbox 468 4224 2044 4294">
    <p class='ocr_par' dir='ltr' id='par_1_73' title="bbox 468 4224 2044 4294">
     <span class='ocr_line' id='line_1_73' title="bbox 468 4224 2044 4294; baseline 0 -16"><span class='ocrx_word' id='word_1_522' title='bbox 468 4224 653 4282; x_wconf 88' lang='lat' dir='ltr'><strong>habet.</strong></span> <span class='ocrx_word' id='word_1_523' title='bbox 679 4225 910 4291; x_wconf 84' lang='lat' dir='ltr'><strong>Quidam</strong></span> <span class='ocrx_word' id='word_1_524' title='bbox 943 4224 1091 4279; x_wconf 90' lang='lat' dir='ltr'><strong>enim</strong></span> <span class='ocrx_word' id='word_1_525' title='bbox 1145 4233 1233 4279; x_wconf 90' lang='lat' dir='ltr'><strong>est</strong></span> <span class='ocrx_word' id='word_1_526' title='bbox 1282 4224 1448 4294; x_wconf 79' lang='lat' dir='ltr'><strong>lupus</strong></span> <span class='ocrx_word' id='word_1_527' title='bbox 1510 4240 1700 4294; x_wconf 78' lang='lat' dir='ltr'><strong>rapax,</strong></span> <span class='ocrx_word' id='word_1_528' title='bbox 1742 4234 1796 4279; x_wconf 89' lang='lat' dir='ltr'><strong>et</strong></span> <span class='ocrx_word' id='word_1_529' title='bbox 1821 4224 2044 4293; x_wconf 88' lang='lat' dir='ltr'><strong>quidam</strong></span> 
     </span>
    </p>
   </div>
   <div class='ocr_carea' id='block_1_74' title="bbox 465 4315 2046 4387">
    <p class='ocr_par' dir='ltr' id='par_1_74' title="bbox 465 4315 2046 4387">
     <span class='ocr_line' id='line_1_74' title="bbox 465 4315 2046 4387; baseline -0.001 -17"><span class='ocrx_word' id='word_1_530' title='bbox 465 4316 617 4371; x_wconf 90' lang='lat' dir='ltr'><strong>velut</strong></span> <span class='ocrx_word' id='word_1_531' title='bbox 657 4332 831 4387; x_wconf 86' lang='lat' dir='ltr'><strong>agnus</strong></span> <span class='ocrx_word' id='word_1_532' title='bbox 879 4316 1084 4386; x_wconf 71' lang='lat' dir='ltr'><strong>rapinae</strong></span> <span class='ocrx_word' id='word_1_533' title='bbox 1121 4324 1295 4386; x_wconf 88' lang='lat' dir='ltr'><strong>patet,</strong></span> <span class='ocrx_word' id='word_1_534' title='bbox 1320 4326 1376 4371; x_wconf 89' lang='lat' dir='ltr'><strong>et</strong></span> <span class='ocrx_word' id='word_1_535' title='bbox 1398 4331 1464 4371; x_wconf 79' lang='lat' dir='ltr'><strong>ex</strong></span> <span class='ocrx_word' id='word_1_536' title='bbox 1491 4315 1684 4371; x_wconf 89' lang='lat' dir='ltr'><strong>eodem</strong></span> <span class='ocrx_word' id='word_1_537' title='bbox 1719 4331 1918 4387; x_wconf 81' lang='lat' dir='ltr'><strong>genere</strong></span> <span class='ocrx_word' id='word_1_538' title='bbox 1945 4315 2046 4369; x_wconf 90' lang='lat' dir='ltr'><strong>hu-</strong></span> 
     </span>
    </p>
   </div>
   <div class='ocr_carea' id='block_1_75' title="bbox 468 4410 1196 4480">
    <p class='ocr_par' dir='ltr' id='par_1_75' title="bbox 468 4410 1196 4480">
     <span class='ocr_line' id='line_1_75' title="bbox 468 4410 1196 4480; baseline -0.003 -13"><span class='ocrx_word' id='word_1_539' title='bbox 468 4426 632 4467; x_wconf 86' lang='lat' dir='ltr'><strong>mano</strong></span> <span class='ocrx_word' id='word_1_540' title='bbox 667 4422 965 4480; x_wconf 88' lang='lat' dir='ltr'><strong>utrumque</strong></span> <span class='ocrx_word' id='word_1_541' title='bbox 997 4410 1196 4465; x_wconf 77' lang='lat' dir='ltr'><strong>oritur.</strong></span> 
     </span>
    </p>
   </div>
   <div class='ocr_carea' id='block_1_76' title="bbox 2142 3222 3739 3298">
    <p class='ocr_par' dir='ltr' id='par_1_76' title="bbox 2142 3222 3739 3298">
     <span class='ocr_line' id='line_1_76' title="bbox 2142 3222 3739 3298; baseline -0.006 -15"><span class='ocrx_word' id='word_1_542' title='bbox 2142 3229 2299 3292; x_wconf 80' lang='grc' dir='ltr'><strong>Θεοῦ,</strong></span> <span class='ocrx_word' id='word_1_543' title='bbox 2347 3228 2746 3298; x_wconf 86' lang='grc' dir='ltr'><strong>ἀντιμάχεσθαι</strong></span> <span class='ocrx_word' id='word_1_544' title='bbox 2774 3227 2869 3281; x_wconf 75' lang='grc' dir='ltr'><strong>καὶ</strong></span> <span class='ocrx_word' id='word_1_545' title='bbox 2899 3225 3291 3295; x_wconf 80' lang='grc' dir='ltr'><strong>ἀντιπράττειν</strong></span> <span class='ocrx_word' id='word_1_546' title='bbox 3311 3225 3339 3277; x_wconf 90' lang='lat'><strong>6</strong></span> <span class='ocrx_word' id='word_1_547' title='bbox 3367 3222 3495 3286; x_wconf 75' lang='grc' dir='ltr'><strong>νοῦς</strong></span> <span class='ocrx_word' id='word_1_548' title='bbox 3518 3223 3739 3292; x_wconf 82' lang='grc' dir='ltr'><strong>ὀφείλει</strong></span> 
     </span>
    </p>
   </div>
   <div class='ocr_carea' id='block_1_77' title="bbox 2143 3314 3745 3392">
    <p class='ocr_par' dir='ltr' id='par_1_77' title="bbox 2143 3314 3745 3392">
     <span class='ocr_line' id='line_1_77' title="bbox 2143 3314 3745 3392; baseline -0.003 -19"><span class='ocrx_word' id='word_1_549' title='bbox 2143 3323 2209 3392; x_wconf 78' lang='grc' dir='ltr'><strong>τῇ</strong></span> <span class='ocrx_word' id='word_1_550' title='bbox 2240 3318 2476 3390; x_wconf 86' lang='grc' dir='ltr'><strong>συνούσῃ</strong></span> <span class='ocrx_word' id='word_1_551' title='bbox 2500 3318 2706 3389; x_wconf 52' lang='grc' dir='ltr'><strong>κακξμ</strong></span> <span class='ocrx_word' id='word_1_552' title='bbox 2740 3319 2819 3371; x_wconf 87' lang='grc' dir='ltr'><strong>Τά</strong></span> <span class='ocrx_word' id='word_1_553' title='bbox 2846 3316 2955 3388; x_wconf 84' lang='grc' dir='ltr'><strong>γὰρ</strong></span> <span class='ocrx_word' id='word_1_554' title='bbox 2996 3316 3197 3371; x_wconf 78' lang='grc' dir='ltr'><strong>δυνατά</strong></span> <span class='ocrx_word' id='word_1_555' title='bbox 3228 3333 3311 3369; x_wconf 83' lang='grc' dir='ltr'><strong>σοι</strong></span> <span class='ocrx_word' id='word_1_556' title='bbox 3339 3314 3690 3384; x_wconf 76' lang='grc' dir='ltr'><strong>προσέταξεν</strong></span> <span class='ocrx_word' id='word_1_557' title='bbox 3714 3316 3745 3368; x_wconf 87' lang='lat'><strong>6</strong></span> 
     </span>
    </p>
   </div>
   <div class='ocr_carea' id='block_1_78' title="bbox 2142 3403 3744 3479">
    <p class='ocr_par' dir='ltr' id='par_1_78' title="bbox 2142 3403 3744 3479">
     <span class='ocr_line' id='line_1_78' title="bbox 2142 3403 3744 3479; baseline -0.004 -16"><span class='ocrx_word' id='word_1_558' title='bbox 2142 3410 2296 3474; x_wconf 86' lang='grc' dir='ltr'><strong>Θεός.</strong></span> <span class='ocrx_word' id='word_1_559' title='bbox 2365 3409 2432 3463; x_wconf 83' lang='grc' dir='ltr'><strong>Ἦ</strong></span> <span class='ocrx_word' id='word_1_560' title='bbox 2486 3409 2584 3479; x_wconf 82' lang='grc' dir='ltr'><strong>μὲν</strong></span> <span class='ocrx_word' id='word_1_561' title='bbox 2634 3407 2727 3461; x_wconf 80' lang='grc' dir='ltr'><strong>οὖν</strong></span> <span class='ocrx_word' id='word_1_562' title='bbox 2786 3406 2898 3460; x_wconf 90' lang='grc' dir='ltr'><strong>τῶν</strong></span> <span class='ocrx_word' id='word_1_563' title='bbox 2932 3406 3145 3474; x_wconf 81' lang='grc' dir='ltr'><strong>ἀλόγων</strong></span> <span class='ocrx_word' id='word_1_564' title='bbox 3198 3404 3353 3470; x_wconf 75' lang='grc' dir='ltr'><strong>ζώων</strong></span> <span class='ocrx_word' id='word_1_565' title='bbox 3404 3403 3569 3473; x_wconf 84' lang='grc' dir='ltr'><strong>φύσις</strong></span> <span class='ocrx_word' id='word_1_566' title='bbox 3598 3404 3744 3476; x_wconf 81' lang='grc' dir='ltr'><strong>δετή</strong></span> 
     </span>
    </p>
   </div>
   <div class='ocr_carea' id='block_1_79' title="bbox 2143 3492 3745 3571">
    <p class='ocr_par' dir='ltr' id='par_1_79' title="bbox 2143 3492 3745 3571">
     <span class='ocr_line' id='line_1_79' title="bbox 2143 3492 3745 3571; baseline -0.005 -16"><span class='ocrx_word' id='word_1_567' title='bbox 2143 3502 2311 3566; x_wconf 83' lang='grc' dir='ltr'><strong>ἐστιν,</strong></span> <span class='ocrx_word' id='word_1_568' title='bbox 2352 3495 2465 3554; x_wconf 75' lang='grc' dir='ltr'><strong>οἷον</strong></span> <span class='ocrx_word' id='word_1_569' title='bbox 2500 3502 2534 3571; x_wconf 82' lang='grc' dir='ltr'>ὴ</span> <span class='ocrx_word' id='word_1_570' title='bbox 2566 3499 2659 3552; x_wconf 84' lang='grc' dir='ltr'><strong>τοῦ</strong></span> <span class='ocrx_word' id='word_1_571' title='bbox 2691 3498 2869 3568; x_wconf 78' lang='grc' dir='ltr'><strong>ὄφεως</strong></span> <span class='ocrx_word' id='word_1_572' title='bbox 2902 3497 3063 3567; x_wconf 82' lang='grc' dir='ltr'><strong>φύσις</strong></span> <span class='ocrx_word' id='word_1_573' title='bbox 3098 3497 3273 3568; x_wconf 73' lang='grc' dir='ltr'><strong>πικρά</strong></span> <span class='ocrx_word' id='word_1_574' title='bbox 3313 3492 3542 3548; x_wconf 77' lang='grc' dir='ltr'><strong>ἐστικαὶ</strong></span> <span class='ocrx_word' id='word_1_575' title='bbox 3580 3494 3745 3548; x_wconf 76' lang='lat' dir='ltr'>i066-</span> 
     </span>
    </p>
   </div>
   <div class='ocr_carea' id='block_1_80' title="bbox 2140 3586 3741 3661">
    <p class='ocr_par' dir='ltr' id='par_1_80' title="bbox 2140 3586 3741 3661">
     <span class='ocr_line' id='line_1_80' title="bbox 2140 3586 3741 3661; baseline -0.003 -13"><span class='ocrx_word' id='word_1_576' title='bbox 2140 3595 2232 3659; x_wconf 78' lang='grc' dir='ltr'><strong>λος</strong></span> <span class='ocrx_word' id='word_1_577' title='bbox 2256 3610 2270 3625; x_wconf 78' lang='grc'><strong><em>⁸</em></strong></span> <span class='ocrx_word' id='word_1_578' title='bbox 2301 3594 2411 3647; x_wconf 85' lang='grc' dir='ltr'><strong>ὅλοι</strong></span> <span class='ocrx_word' id='word_1_579' title='bbox 2440 3589 2533 3646; x_wconf 79' lang='grc' dir='ltr'><strong>οὖν</strong></span> <span class='ocrx_word' id='word_1_580' title='bbox 2558 3593 2606 3646; x_wconf 81' lang='grc' dir='ltr'><strong>οἱ</strong></span> <span class='ocrx_word' id='word_1_581' title='bbox 2626 3591 2776 3661; x_wconf 84' lang='grc' dir='ltr'><strong>δφεις</strong></span> <span class='ocrx_word' id='word_1_582' title='bbox 2806 3589 3039 3644; x_wconf 79' lang='grc' dir='ltr'><strong>τοιοῦτοί</strong></span> <span class='ocrx_word' id='word_1_583' title='bbox 3071 3592 3231 3643; x_wconf 83' lang='grc' dir='ltr'><strong>εἰσιν.</strong></span> <span class='ocrx_word' id='word_1_584' title='bbox 3274 3588 3333 3643; x_wconf 88' lang='lat'><strong>&#39;0</strong></span> <span class='ocrx_word' id='word_1_585' title='bbox 3353 3586 3513 3649; x_wconf 84' lang='grc' dir='ltr'><strong>λύκος</strong></span> <span class='ocrx_word' id='word_1_586' title='bbox 3534 3587 3741 3659; x_wconf 78' lang='grc' dir='ltr'><strong>ἀρπά-</strong></span> 
     </span>
    </p>
   </div>
   <div class='ocr_carea' id='block_1_81' title="bbox 2144 3680 3736 3754">
    <p class='ocr_par' dir='ltr' id='par_1_81' title="bbox 2144 3680 3736 3754">
     <span class='ocr_line' id='line_1_81' title="bbox 2144 3680 3736 3754; baseline -0.003 -14"><span class='ocrx_word' id='word_1_587' title='bbox 2144 3689 2260 3752; x_wconf 69' lang='grc' dir='ltr'><strong>ςειθ</strong></span> <span class='ocrx_word' id='word_1_588' title='bbox 2290 3686 2509 3740; x_wconf 73' lang='grc' dir='ltr'><strong>εἴωθεν·</strong></span> <span class='ocrx_word' id='word_1_589' title='bbox 2542 3684 2670 3739; x_wconf 72' lang='grc' dir='ltr'><strong>δλοι</strong></span> <span class='ocrx_word' id='word_1_590' title='bbox 2722 3686 2772 3737; x_wconf 88' lang='grc' dir='ltr'><strong>οί</strong></span> <span class='ocrx_word' id='word_1_591' title='bbox 2819 3682 2976 3737; x_wconf 84' lang='grc' dir='ltr'><strong>λύκοι</strong></span> <span class='ocrx_word' id='word_1_592' title='bbox 3008 3683 3105 3754; x_wconf 81' lang='grc' dir='ltr'><strong>τῆς</strong></span> <span class='ocrx_word' id='word_1_593' title='bbox 3142 3682 3313 3753; x_wconf 77' lang='grc' dir='ltr'><strong>αὐτῆς</strong></span> <span class='ocrx_word' id='word_1_594' title='bbox 3350 3682 3455 3734; x_wconf 84' lang='grc' dir='ltr'><strong>εἰσι</strong></span> <span class='ocrx_word' id='word_1_595' title='bbox 3483 3680 3736 3749; x_wconf 78' lang='grc' dir='ltr'><strong>φύσεως.</strong></span> 
     </span>
    </p>
   </div>
   <div class='ocr_carea' id='block_1_82' title="bbox 2144 3775 3733 3851">
    <p class='ocr_par' dir='ltr' id='par_1_82' title="bbox 2144 3775 3733 3851">
     <span class='ocr_line' id='line_1_82' title="bbox 2144 3775 3733 3851; baseline -0.002 -20"><span class='ocrx_word' id='word_1_596' title='bbox 2144 3780 2219 3833; x_wconf 84' lang='grc' dir='ltr'><strong>Τὸ</strong></span> <span class='ocrx_word' id='word_1_597' title='bbox 2263 3780 2449 3851; x_wconf 85' lang='grc' dir='ltr'><strong>ἀρνίον</strong></span> <span class='ocrx_word' id='word_1_598' title='bbox 2481 3779 2677 3848; x_wconf 82' lang='grc' dir='ltr'><strong>ἀφελὲς</strong></span> <span class='ocrx_word' id='word_1_599' title='bbox 2723 3777 2784 3833; x_wconf 80' lang='grc' dir='ltr'><strong>δν</strong></span> <span class='ocrx_word' id='word_1_600' title='bbox 2822 3777 3127 3848; x_wconf 81' lang='grc' dir='ltr'><strong>ἁρπάζεται</strong></span> <span class='ocrx_word' id='word_1_601' title='bbox 3147 3791 3161 3805; x_wconf 83' lang='lat'><strong><em>°</em></strong></span> <span class='ocrx_word' id='word_1_602' title='bbox 3205 3776 3300 3829; x_wconf 82' lang='grc' dir='ltr'><strong>ὅλα</strong></span> <span class='ocrx_word' id='word_1_603' title='bbox 3332 3776 3401 3829; x_wconf 82' lang='grc' dir='ltr'><strong>τὰ</strong></span> <span class='ocrx_word' id='word_1_604' title='bbox 3434 3775 3609 3845; x_wconf 81' lang='grc' dir='ltr'><strong>ἀρνία</strong></span> <span class='ocrx_word' id='word_1_605' title='bbox 3634 3775 3733 3843; x_wconf 80' lang='grc' dir='ltr'><strong>τῆς</strong></span> 
     </span>
    </p>
   </div>
   <div class='ocr_carea' id='block_1_83' title="bbox 2144 3868 3730 3942">
    <p class='ocr_par' dir='ltr' id='par_1_83' title="bbox 2144 3868 3730 3942">
     <span class='ocr_line' id='line_1_83' title="bbox 2144 3868 3730 3942; baseline -0.004 -16"><span class='ocrx_word' id='word_1_606' title='bbox 2144 3872 2320 3942; x_wconf 80' lang='grc' dir='ltr'><strong>αὐτῆς</strong></span> <span class='ocrx_word' id='word_1_607' title='bbox 2368 3875 2473 3925; x_wconf 84' lang='grc' dir='ltr'><strong>εἰσι</strong></span> <span class='ocrx_word' id='word_1_608' title='bbox 2515 3871 2749 3941; x_wconf 82' lang='grc' dir='ltr'><strong>φύσεως.</strong></span> <span class='ocrx_word' id='word_1_609' title='bbox 2811 3872 2881 3925; x_wconf 83' lang='grc' dir='ltr'><strong><em>Ἥ</em></strong></span> <span class='ocrx_word' id='word_1_610' title='bbox 2931 3868 3230 3942; x_wconf 83' lang='grc' dir='ltr'><strong>περιστερά</strong></span> <span class='ocrx_word' id='word_1_611' title='bbox 3271 3868 3457 3931; x_wconf 84' lang='grc' dir='ltr'><strong>ἀδολός</strong></span> <span class='ocrx_word' id='word_1_612' title='bbox 3490 3869 3616 3921; x_wconf 82' lang='grc' dir='ltr'><strong>ἐστι</strong></span> <span class='ocrx_word' id='word_1_613' title='bbox 3642 3869 3730 3921; x_wconf 71' lang='grc' dir='ltr'><strong>καὶ</strong></span> 
     </span>
    </p>
   </div>
   <div class='ocr_carea' id='block_1_84' title="bbox 2148 3959 3720 4034">
    <p class='ocr_par' dir='ltr' id='par_1_84' title="bbox 2148 3959 3720 4034">
     <span class='ocr_line' id='line_1_84' title="bbox 2148 3959 3720 4034; baseline -0.004 -18"><span class='ocrx_word' id='word_1_614' title='bbox 2148 3963 2437 4034; x_wconf 67' lang='grc' dir='ltr'><strong>ἀκέραιος*</strong></span> <span class='ocrx_word' id='word_1_615' title='bbox 2476 3962 2595 4015; x_wconf 85' lang='grc' dir='ltr'><strong>ὅλαι</strong></span> <span class='ocrx_word' id='word_1_616' title='bbox 2648 3963 2706 4015; x_wconf 78' lang='grc' dir='ltr'><strong>αἱ</strong></span> <span class='ocrx_word' id='word_1_617' title='bbox 2755 3961 3075 4033; x_wconf 71' lang='grc' dir='ltr'><strong>περιστεραὶ</strong></span> <span class='ocrx_word' id='word_1_618' title='bbox 3124 3962 3221 4027; x_wconf 78' lang='grc' dir='ltr'><strong>τῆς</strong></span> <span class='ocrx_word' id='word_1_619' title='bbox 3263 3959 3438 4028; x_wconf 75' lang='grc' dir='ltr'><strong>αὐτῆς</strong></span> <span class='ocrx_word' id='word_1_620' title='bbox 3472 3960 3587 4012; x_wconf 86' lang='grc' dir='ltr'><strong>εἰσι</strong></span> <span class='ocrx_word' id='word_1_621' title='bbox 3633 3959 3720 4027; x_wconf 76' lang='grc' dir='ltr'><strong>φύ-</strong></span> 
     </span>
    </p>
   </div>
   <div class='ocr_carea' id='block_1_85' title="bbox 2147 4048 3706 4125">
    <p class='ocr_par' dir='ltr' id='par_1_85' title="bbox 2147 4048 3706 4125">
     <span class='ocr_line' id='line_1_85' title="bbox 2147 4048 3706 4125; baseline -0.008 -14"><span class='ocrx_word' id='word_1_622' title='bbox 2147 4073 2307 4120; x_wconf 88' lang='grc' dir='ltr'><strong>σεως.</strong></span> <span class='ocrx_word' id='word_1_623' title='bbox 2351 4054 2411 4109; x_wconf 79' lang='grc' dir='ltr'><strong>Ὀ</strong></span> <span class='ocrx_word' id='word_1_624' title='bbox 2442 4054 2498 4107; x_wconf 75' lang='grc' dir='ltr'><strong>δὲ</strong></span> <span class='ocrx_word' id='word_1_625' title='bbox 2534 4054 2817 4125; x_wconf 83' lang='grc' dir='ltr'><strong>ἄνθρωπος</strong></span> <span class='ocrx_word' id='word_1_626' title='bbox 2845 4054 2941 4122; x_wconf 79' lang='grc' dir='ltr'><strong>οὐχ</strong></span> <span class='ocrx_word' id='word_1_627' title='bbox 2975 4054 3143 4116; x_wconf 60' lang='grc' dir='ltr'><strong>οὕτως</strong></span> <span class='ocrx_word' id='word_1_628' title='bbox 3170 4054 3335 4104; x_wconf 80' lang='grc' dir='ltr'><strong>ἐστίν.</strong></span> <span class='ocrx_word' id='word_1_629' title='bbox 3372 4048 3472 4114; x_wconf 79' lang='grc' dir='ltr'><strong>Εἷς</strong></span> <span class='ocrx_word' id='word_1_630' title='bbox 3527 4049 3706 4104; x_wconf 83' lang='grc' dir='ltr'><strong>ἐστινὸ</strong></span> 
     </span>
    </p>
   </div>
   <div class='ocr_carea' id='block_1_86' title="bbox 2144 4140 3709 4217">
    <p class='ocr_par' dir='ltr' id='par_1_86' title="bbox 2144 4140 3709 4217">
     <span class='ocr_line' id='line_1_86' title="bbox 2144 4140 3709 4217; baseline -0.004 -18"><span class='ocrx_word' id='word_1_631' title='bbox 2144 4146 2309 4211; x_wconf 87' lang='grc' dir='ltr'><strong>λύκος</strong></span> <span class='ocrx_word' id='word_1_632' title='bbox 2358 4145 2642 4217; x_wconf 78' lang='grc' dir='ltr'><strong>ἁρπάζων,</strong></span> <span class='ocrx_word' id='word_1_633' title='bbox 2688 4145 2783 4198; x_wconf 74' lang='grc' dir='ltr'><strong>καὶ</strong></span> <span class='ocrx_word' id='word_1_634' title='bbox 2829 4141 2909 4206; x_wconf 77' lang='grc' dir='ltr'><strong>εἷς</strong></span> <span class='ocrx_word' id='word_1_635' title='bbox 2952 4147 3100 4197; x_wconf 87' lang='grc' dir='ltr'><strong>ἐστιν</strong></span> <span class='ocrx_word' id='word_1_636' title='bbox 3143 4143 3217 4206; x_wconf 87' lang='grc' dir='ltr'><strong>ὡς</strong></span> <span class='ocrx_word' id='word_1_637' title='bbox 3260 4142 3452 4212; x_wconf 84' lang='grc' dir='ltr'><strong>ἀρνίον</strong></span> <span class='ocrx_word' id='word_1_638' title='bbox 3481 4140 3709 4213; x_wconf 69' lang='grc' dir='ltr'><strong>ἁρπαζό-</strong></span> 
     </span>
    </p>
   </div>
   <div class='ocr_carea' id='block_1_87' title="bbox 2149 4234 3723 4308">
    <p class='ocr_par' dir='ltr' id='par_1_87' title="bbox 2149 4234 3723 4308">
     <span class='ocr_line' id='line_1_87' title="bbox 2149 4234 3723 4308; baseline -0.003 -17"><span class='ocrx_word' id='word_1_639' title='bbox 2149 4255 2309 4308; x_wconf 86' lang='grc' dir='ltr'><strong>μενος</strong></span> <span class='ocrx_word' id='word_1_640' title='bbox 2339 4255 2354 4269; x_wconf 76' lang='grc' dir='ltr'><strong>ο</strong></span> <span class='ocrx_word' id='word_1_641' title='bbox 2396 4239 2462 4291; x_wconf 83' lang='grc' dir='ltr'><strong>ἐκ</strong></span> <span class='ocrx_word' id='word_1_642' title='bbox 2488 4238 2583 4291; x_wconf 82' lang='grc' dir='ltr'><strong>τοῦ</strong></span> <span class='ocrx_word' id='word_1_643' title='bbox 2630 4237 2824 4306; x_wconf 88' lang='grc' dir='ltr'><strong>γένους</strong></span> <span class='ocrx_word' id='word_1_644' title='bbox 2851 4236 2949 4305; x_wconf 82' lang='grc' dir='ltr'><strong>τῆς</strong></span> <span class='ocrx_word' id='word_1_645' title='bbox 2978 4234 3395 4306; x_wconf 75' lang='grc' dir='ltr'><strong>ἀνθρωτοεὸτητος</strong></span> <span class='ocrx_word' id='word_1_646' title='bbox 3443 4235 3723 4304; x_wconf 66' lang='grc' dir='ltr'><strong>ἀμφότερα.</strong></span> 
     </span>
    </p>
   </div>
   <div class='ocr_carea' id='block_1_88' title="bbox 2145 4331 2453 4401">
    <p class='ocr_par' dir='ltr' id='par_1_88' title="bbox 2145 4331 2453 4401">
     <span class='ocr_line' id='line_1_88' title="bbox 2145 4331 2453 4401; baseline 0.003 -18"><span class='ocrx_word' id='word_1_647' title='bbox 2145 4331 2453 4401; x_wconf 81' lang='grc' dir='ltr'><strong>γενήσεται.</strong></span> 
     </span>
    </p>
   </div>
   <div class='ocr_carea' id='block_1_89' title="bbox 538 4502 2040 4578">
    <p class='ocr_par' dir='ltr' id='par_1_89' title="bbox 538 4502 2039 4572">
     <span class='ocr_line' id='line_1_89' title="bbox 538 4502 2039 4572; baseline -0.001 -12"><span class='ocrx_word' id='word_1_648' title='bbox 538 4502 704 4565; x_wconf 79' lang='lat' dir='ltr'><strong>XXV.</strong></span> <span class='ocrx_word' id='word_1_649' title='bbox 739 4503 835 4557; x_wconf 87' lang='lat' dir='ltr'><strong>Est</strong></span> <span class='ocrx_word' id='word_1_650' title='bbox 863 4502 958 4572; x_wconf 91' lang='lat' dir='ltr'><strong>qui</strong></span> <span class='ocrx_word' id='word_1_651' title='bbox 992 4518 1103 4557; x_wconf 89' lang='lat' dir='ltr'><strong>non</strong></span> <span class='ocrx_word' id='word_1_652' title='bbox 1144 4510 1439 4559; x_wconf 90' lang='lat' dir='ltr'><strong>contentus</strong></span> <span class='ocrx_word' id='word_1_653' title='bbox 1471 4520 1641 4559; x_wconf 79' lang='lat' dir='ltr'><strong>uxore</strong></span> <span class='ocrx_word' id='word_1_654' title='bbox 1691 4521 1808 4568; x_wconf 90' lang='lat' dir='ltr'><strong>sua,</strong></span> <span class='ocrx_word' id='word_1_655' title='bbox 1835 4515 2039 4561; x_wconf 83' lang='lat' dir='ltr'><strong>scorta-</strong></span> 
     </span>
    </p>
   </div>
   <div class='ocr_carea' id='block_1_90' title="bbox 2147 4502 3731 4578">
    <p class='ocr_par' dir='ltr' id='par_1_90' title="bbox 2223 4506 3731 4578">
     <span class='ocr_line' id='line_1_90' title="bbox 2223 4506 3731 4578; baseline -0.005 -15"><span class='ocrx_word' id='word_1_656' title='bbox 2223 4510 2352 4563; x_wconf 80' lang='lat' dir='ltr'><strong>KE&#39;.</strong></span> <span class='ocrx_word' id='word_1_657' title='bbox 2398 4510 2553 4562; x_wconf 82' lang='grc' dir='ltr'><strong>Ἔστι</strong></span> <span class='ocrx_word' id='word_1_658' title='bbox 2586 4526 2671 4571; x_wconf 88' lang='grc' dir='ltr'><strong>τις</strong></span> <span class='ocrx_word' id='word_1_659' title='bbox 2724 4508 2799 4578; x_wconf 80' lang='grc' dir='ltr'><strong>μὴ</strong></span> <span class='ocrx_word' id='word_1_660' title='bbox 2834 4506 3169 4578; x_wconf 86' lang='grc' dir='ltr'><strong>ἀρκούμενος</strong></span> <span class='ocrx_word' id='word_1_661' title='bbox 3214 4507 3279 4577; x_wconf 79' lang='grc' dir='ltr'><strong>τῇ</strong></span> <span class='ocrx_word' id='word_1_662' title='bbox 3329 4506 3436 4577; x_wconf 74' lang='grc' dir='ltr'><strong>ἰδίᾳ</strong></span> <span class='ocrx_word' id='word_1_663' title='bbox 3485 4506 3731 4572; x_wconf 73' lang='grc' dir='ltr'><strong>γυναικὶ,</strong></span> 
     </span>
    </p>
   </div>
   <div class='ocr_carea' id='block_1_91' title="bbox 466 4594 2041 4668">
    <p class='ocr_par' dir='ltr' id='par_1_91' title="bbox 466 4594 2041 4668">
     <span class='ocr_line' id='line_1_91' title="bbox 466 4594 2041 4668; baseline 0.001 -18"><span class='ocrx_word' id='word_1_664' title='bbox 466 4604 598 4651; x_wconf 86' lang='lat' dir='ltr'><strong>tur:</strong></span> <span class='ocrx_word' id='word_1_665' title='bbox 647 4601 732 4649; x_wconf 87' lang='lat' dir='ltr'><strong>est</strong></span> <span class='ocrx_word' id='word_1_666' title='bbox 788 4608 1007 4664; x_wconf 89' lang='lat' dir='ltr'><strong>quoque</strong></span> <span class='ocrx_word' id='word_1_667' title='bbox 1053 4594 1216 4661; x_wconf 91' lang='lat' dir='ltr'><strong>alius,</strong></span> <span class='ocrx_word' id='word_1_668' title='bbox 1279 4597 1374 4665; x_wconf 90' lang='lat' dir='ltr'><strong>qui</strong></span> <span class='ocrx_word' id='word_1_669' title='bbox 1421 4613 1490 4652; x_wconf 87' lang='lat' dir='ltr'><strong>ne</strong></span> <span class='ocrx_word' id='word_1_670' title='bbox 1537 4599 2041 4668; x_wconf 86' lang='lat' dir='ltr'><strong>concupiscentiam</strong></span> 
     </span>
    </p>
   </div>
   <div class='ocr_carea' id='block_1_92' title="bbox 468 4685 2043 4759">
    <p class='ocr_par' dir='ltr' id='par_1_92' title="bbox 468 4685 2043 4759">
     <span class='ocr_line' id='line_1_92' title="bbox 468 4685 2043 4759; baseline 0 -17"><span class='ocrx_word' id='word_1_671' title='bbox 468 4687 693 4758; x_wconf 90' lang='lat' dir='ltr'><strong>quidem</strong></span> <span class='ocrx_word' id='word_1_672' title='bbox 742 4685 797 4740; x_wconf 92' lang='lat' dir='ltr'><strong>in</strong></span> <span class='ocrx_word' id='word_1_673' title='bbox 847 4685 1014 4741; x_wconf 92' lang='lat' dir='ltr'><strong>corde</strong></span> <span class='ocrx_word' id='word_1_674' title='bbox 1058 4700 1161 4741; x_wconf 91' lang='lat' dir='ltr'><strong>suo</strong></span> <span class='ocrx_word' id='word_1_675' title='bbox 1209 4686 1437 4741; x_wconf 81' lang='lat' dir='ltr'><strong>excitari</strong></span> <span class='ocrx_word' id='word_1_676' title='bbox 1486 4688 1774 4758; x_wconf 88' lang='lat' dir='ltr'><strong>permittit.</strong></span> <span class='ocrx_word' id='word_1_677' title='bbox 1805 4689 1902 4742; x_wconf 80' lang='lat' dir='ltr'><strong>Est</strong></span> <span class='ocrx_word' id='word_1_678' title='bbox 1947 4689 2043 4759; x_wconf 92' lang='lat' dir='ltr'><strong>qui</strong></span> 
     </span>
    </p>
   </div>
   <div class='ocr_carea' id='block_1_93' title="bbox 467 4778 2043 4851">
    <p class='ocr_par' dir='ltr' id='par_1_93' title="bbox 467 4778 2043 4851">
     <span class='ocr_line' id='line_1_93' title="bbox 467 4778 2043 4851; baseline 0 -15"><span class='ocrx_word' id='word_1_679' title='bbox 467 4780 612 4836; x_wconf 90' lang='lat' dir='ltr'><strong>bona</strong></span> <span class='ocrx_word' id='word_1_680' title='bbox 644 4779 878 4851; x_wconf 81' lang='lat' dir='ltr'><strong>proximi</strong></span> <span class='ocrx_word' id='word_1_681' title='bbox 905 4778 1129 4848; x_wconf 88' lang='lat' dir='ltr'><strong>diripit:</strong></span> <span class='ocrx_word' id='word_1_682' title='bbox 1152 4788 1240 4834; x_wconf 89' lang='lat' dir='ltr'><strong>est</strong></span> <span class='ocrx_word' id='word_1_683' title='bbox 1263 4795 1483 4849; x_wconf 91' lang='lat' dir='ltr'><strong>quoque</strong></span> <span class='ocrx_word' id='word_1_684' title='bbox 1516 4780 1678 4845; x_wconf 89' lang='lat' dir='ltr'><strong>alius,</strong></span> <span class='ocrx_word' id='word_1_685' title='bbox 1698 4781 1792 4850; x_wconf 90' lang='lat' dir='ltr'><strong>qui</strong></span> <span class='ocrx_word' id='word_1_686' title='bbox 1820 4781 2043 4850; x_wconf 86' lang='lat' dir='ltr'><strong>pietatis</strong></span> 
     </span>
    </p>
   </div>
   <div class='ocr_carea' id='block_1_94' title="bbox 466 4874 2046 4947">
    <p class='ocr_par' dir='ltr' id='par_1_94' title="bbox 466 4874 2046 4947">
     <span class='ocr_line' id='line_1_94' title="bbox 466 4874 2046 4947; baseline -0.001 -15"><span class='ocrx_word' id='word_1_687' title='bbox 466 4877 617 4932; x_wconf 89' lang='lat' dir='ltr'><strong>cultu</strong></span> <span class='ocrx_word' id='word_1_688' title='bbox 648 4884 852 4938; x_wconf 89' lang='lat' dir='ltr'><strong>motus,</strong></span> <span class='ocrx_word' id='word_1_689' title='bbox 888 4890 989 4931; x_wconf 85' lang='lat' dir='ltr'><strong>sua</strong></span> <span class='ocrx_word' id='word_1_690' title='bbox 1021 4874 1164 4929; x_wconf 90' lang='lat' dir='ltr'><strong>bona</strong></span> <span class='ocrx_word' id='word_1_691' title='bbox 1195 4875 1498 4929; x_wconf 90' lang='lat' dir='ltr'><strong>distribuit.</strong></span> <span class='ocrx_word' id='word_1_692' title='bbox 1528 4876 1694 4931; x_wconf 83' lang='lat' dir='ltr'><strong>Vides</strong></span> <span class='ocrx_word' id='word_1_693' title='bbox 1726 4892 1889 4947; x_wconf 92' lang='lat' dir='ltr'><strong>quam</strong></span> <span class='ocrx_word' id='word_1_694' title='bbox 1925 4894 2046 4931; x_wconf 89' lang='lat' dir='ltr'><strong>mu-</strong></span> 
     </span>
    </p>
   </div>
   <div class='ocr_carea' id='block_1_95' title="bbox 467 4967 2042 5039">
    <p class='ocr_par' dir='ltr' id='par_1_95' title="bbox 467 4967 2042 5039">
     <span class='ocr_line' id='line_1_95' title="bbox 467 4967 2042 5039; baseline 0.003 -17"><span class='ocrx_word' id='word_1_695' title='bbox 467 4968 653 5024; x_wconf 87' lang='lat' dir='ltr'><strong>tabilis</strong></span> <span class='ocrx_word' id='word_1_696' title='bbox 695 4967 768 5023; x_wconf 91' lang='lat' dir='ltr'><strong>sit</strong></span> <span class='ocrx_word' id='word_1_697' title='bbox 820 4968 938 5038; x_wconf 88' lang='lat' dir='ltr'><strong>ipsa</strong></span> <span class='ocrx_word' id='word_1_698' title='bbox 983 4977 1204 5031; x_wconf 90' lang='lat' dir='ltr'><strong>natura,</strong></span> <span class='ocrx_word' id='word_1_699' title='bbox 1248 4978 1357 5021; x_wconf 90' lang='lat' dir='ltr'><strong>tam</strong></span> <span class='ocrx_word' id='word_1_700' title='bbox 1398 4968 1466 5021; x_wconf 88' lang='lat' dir='ltr'><strong>ad</strong></span> <span class='ocrx_word' id='word_1_701' title='bbox 1508 4968 1638 5022; x_wconf 90' lang='lat' dir='ltr'><strong>vitia</strong></span> <span class='ocrx_word' id='word_1_702' title='bbox 1672 4969 2042 5039; x_wconf 87' lang='lat' dir='ltr'><strong>propendens,</strong></span> 
     </span>
    </p>
   </div>
   <div class='ocr_carea' id='block_1_96' title="bbox 466 5058 2047 5129">
    <p class='ocr_par' dir='ltr' id='par_1_96' title="bbox 466 5058 2047 5129">
     <span class='ocr_line' id='line_1_96' title="bbox 466 5058 2047 5129; baseline 0.001 -16"><span class='ocrx_word' id='word_1_703' title='bbox 466 5074 630 5129; x_wconf 84' lang='lat' dir='ltr'><strong>quam</strong></span> <span class='ocrx_word' id='word_1_704' title='bbox 664 5074 696 5114; x_wconf 91' lang='lat' dir='ltr'><strong>e</strong></span> <span class='ocrx_word' id='word_1_705' title='bbox 729 5059 947 5114; x_wconf 87' lang='lat' dir='ltr'><strong>diverso</strong></span> <span class='ocrx_word' id='word_1_706' title='bbox 975 5058 1043 5113; x_wconf 90' lang='lat' dir='ltr'><strong>ad</strong></span> <span class='ocrx_word' id='word_1_707' title='bbox 1066 5060 1395 5124; x_wconf 88' lang='lat' dir='ltr'><strong>honestum;</strong></span> <span class='ocrx_word' id='word_1_708' title='bbox 1423 5068 1479 5113; x_wconf 91' lang='lat' dir='ltr'><strong>et</strong></span> <span class='ocrx_word' id='word_1_709' title='bbox 1510 5061 1813 5115; x_wconf 88' lang='lat' dir='ltr'><strong>secundum</strong></span> <span class='ocrx_word' id='word_1_710' title='bbox 1839 5070 2047 5115; x_wconf 87' lang='lat' dir='ltr'><strong>utram-</strong></span> 
     </span>
    </p>
   </div>
   <div class='ocr_carea' id='block_1_97' title="bbox 466 5150 2046 5223">
    <p class='ocr_par' dir='ltr' id='par_1_97' title="bbox 466 5150 2046 5223">
     <span class='ocr_line' id='line_1_97' title="bbox 466 5150 2046 5223; baseline 0.003 -20"><span class='ocrx_word' id='word_1_711' title='bbox 466 5163 574 5219; x_wconf 92' lang='lat' dir='ltr'><strong>que</strong></span> <span class='ocrx_word' id='word_1_712' title='bbox 618 5150 1009 5219; x_wconf 85' lang='lat' dir='ltr'><strong>proprietatem</strong></span> <span class='ocrx_word' id='word_1_713' title='bbox 1068 5159 1194 5220; x_wconf 92' lang='lat' dir='ltr'><strong>apta</strong></span> <span class='ocrx_word' id='word_1_714' title='bbox 1247 5150 1529 5207; x_wconf 86' lang='lat' dir='ltr'><strong>declinare</strong></span> <span class='ocrx_word' id='word_1_715' title='bbox 1570 5150 1636 5205; x_wconf 90' lang='lat' dir='ltr'><strong>ad</strong></span> <span class='ocrx_word' id='word_1_716' title='bbox 1688 5168 2046 5223; x_wconf 91' lang='lat' dir='ltr'><strong>quascunque</strong></span> 
     </span>
    </p>
   </div>
   <div class='ocr_carea' id='block_1_98' title="bbox 466 5240 2044 5315">
    <p class='ocr_par' dir='ltr' id='par_1_98' title="bbox 466 5240 2044 5315">
     <span class='ocr_line' id='line_1_98' title="bbox 466 5240 2044 5315; baseline 0.003 -21"><span class='ocrx_word' id='word_1_717' title='bbox 466 5240 691 5297; x_wconf 87' lang='lat' dir='ltr'><strong>libuerit</strong></span> <span class='ocrx_word' id='word_1_718' title='bbox 712 5242 979 5297; x_wconf 88' lang='lat' dir='ltr'><strong>actiones.</strong></span> <span class='ocrx_word' id='word_1_719' title='bbox 1005 5243 1188 5314; x_wconf 77' lang='lat' dir='ltr'><strong>Capax</strong></span> <span class='ocrx_word' id='word_1_720' title='bbox 1226 5244 1394 5315; x_wconf 87' lang='lat' dir='ltr'><strong>igitur</strong></span> <span class='ocrx_word' id='word_1_721' title='bbox 1412 5254 1499 5299; x_wconf 89' lang='lat' dir='ltr'><strong>est</strong></span> <span class='ocrx_word' id='word_1_722' title='bbox 1529 5254 1726 5299; x_wconf 89' lang='lat' dir='ltr'><strong>natura</strong></span> <span class='ocrx_word' id='word_1_723' title='bbox 1755 5254 1869 5299; x_wconf 91' lang='lat' dir='ltr'><strong>tum</strong></span> <span class='ocrx_word' id='word_1_724' title='bbox 1914 5246 2044 5299; x_wconf 84' lang='lat' dir='ltr'><strong>boni</strong></span> 
     </span>
    </p>
   </div>
   <div class='ocr_carea' id='block_1_99' title="bbox 471 5335 2053 5410">
    <p class='ocr_par' dir='ltr' id='par_1_99' title="bbox 471 5335 2053 5410">
     <span class='ocr_line' id='line_1_99' title="bbox 471 5335 2053 5410; baseline 0.003 -22"><span class='ocrx_word' id='word_1_725' title='bbox 471 5343 586 5389; x_wconf 90' lang='lat' dir='ltr'><strong>tum</strong></span> <span class='ocrx_word' id='word_1_726' title='bbox 615 5335 775 5400; x_wconf 88' lang='lat' dir='ltr'><strong>mali,</strong></span> <span class='ocrx_word' id='word_1_727' title='bbox 819 5335 935 5390; x_wconf 80' lang='lat' dir='ltr'><strong>sive</strong></span> <span class='ocrx_word' id='word_1_728' title='bbox 977 5336 1177 5391; x_wconf 84' lang='lat' dir='ltr'><strong>divinae</strong></span> <span class='ocrx_word' id='word_1_729' title='bbox 1220 5338 1429 5407; x_wconf 65' lang='lat' dir='ltr'><strong>gratia),</strong></span> <span class='ocrx_word' id='word_1_730' title='bbox 1456 5339 1571 5394; x_wconf 88' lang='lat' dir='ltr'><strong>sive</strong></span> <span class='ocrx_word' id='word_1_731' title='bbox 1599 5339 1923 5395; x_wconf 51' lang='lat' dir='ltr'><strong>adversaria</strong></span> <span class='ocrx_word' id='word_1_732' title='bbox 1956 5356 2053 5410; x_wconf 88' lang='lat' dir='ltr'><strong>po-</strong></span> 
     </span>
    </p>
   </div>
   <div class='ocr_carea' id='block_1_100' title="bbox 469 5426 2052 5501">
    <p class='ocr_par' dir='ltr' id='par_1_100' title="bbox 469 5426 2052 5501">
     <span class='ocr_line' id='line_1_100' title="bbox 469 5426 2052 5501; baseline 0.004 -22"><span class='ocrx_word' id='word_1_733' title='bbox 469 5426 684 5480; x_wconf 88' lang='lat' dir='ltr'><strong>testatis</strong></span> <span class='ocrx_word' id='word_1_734' title='bbox 708 5443 722 5480; x_wconf 87' lang='lat'><strong>:</strong></span> <span class='ocrx_word' id='word_1_735' title='bbox 748 5427 1063 5481; x_wconf 91' lang='lat' dir='ltr'><strong>necessitati</strong></span> <span class='ocrx_word' id='word_1_736' title='bbox 1095 5436 1279 5481; x_wconf 87' lang='lat' dir='ltr'><strong>tamen</strong></span> <span class='ocrx_word' id='word_1_737' title='bbox 1306 5429 1501 5499; x_wconf 85' lang='lat' dir='ltr'><strong>subjici</strong></span> <span class='ocrx_word' id='word_1_738' title='bbox 1540 5431 1767 5501; x_wconf 76' lang='lat' dir='ltr'><strong>nequit;</strong></span> <span class='ocrx_word' id='word_1_739' title='bbox 1804 5432 2052 5500; x_wconf 87' lang='lat' dir='ltr'><strong>quando-</strong></span> 
     </span>
    </p>
   </div>
   <div class='ocr_carea' id='block_1_101' title="bbox 470 5518 2050 5602">
    <p class='ocr_par' dir='ltr' id='par_1_101' title="bbox 470 5518 2050 5602">
     <span class='ocr_line' id='line_1_101' title="bbox 470 5518 2050 5602; baseline 0.004 -32"><span class='ocrx_word' id='word_1_740' title='bbox 470 5518 693 5586; x_wconf 84' lang='lat' dir='ltr'><strong>quidem</strong></span> <span class='ocrx_word' id='word_1_741' title='bbox 727 5518 796 5571; x_wconf 89' lang='lat' dir='ltr'><strong>ab</strong></span> <span class='ocrx_word' id='word_1_742' title='bbox 842 5518 999 5573; x_wconf 88' lang='lat' dir='ltr'><strong>initio</strong></span> <span class='ocrx_word' id='word_1_743' title='bbox 1032 5518 1203 5572; x_wconf 82' lang='lat' dir='ltr'><strong>Adam</strong></span> <span class='ocrx_word' id='word_1_744' title='bbox 1253 5520 1315 5602; x_wconf 65' lang='lat' dir='ltr'><strong>in</strong></span> <span class='ocrx_word' id='word_1_745' title='bbox 1351 5522 1592 5591; x_wconf 88' lang='lat' dir='ltr'><strong>puritate</strong></span> <span class='ocrx_word' id='word_1_746' title='bbox 1640 5539 1766 5577; x_wconf 91' lang='lat' dir='ltr'><strong>cum</strong></span> <span class='ocrx_word' id='word_1_747' title='bbox 1817 5523 2050 5590; x_wconf 89' lang='lat' dir='ltr'><strong>viveret,</strong></span> 
     </span>
    </p>
   </div>
   <div class='ocr_carea' id='block_1_102' title="bbox 472 5609 2053 5688">
    <p class='ocr_par' dir='ltr' id='par_1_102' title="bbox 472 5609 2053 5688">
     <span class='ocr_line' id='line_1_102' title="bbox 472 5609 2053 5688; baseline 0.007 -26"><span class='ocrx_word' id='word_1_748' title='bbox 472 5609 857 5665; x_wconf 84' lang='lat' dir='ltr'><strong>dominabatur</strong></span> <span class='ocrx_word' id='word_1_749' title='bbox 900 5612 1329 5682; x_wconf 73' lang='lat' dir='ltr'><strong>cogitationibus</strong></span> <span class='ocrx_word' id='word_1_750' title='bbox 1373 5615 1535 5681; x_wconf 86' lang='lat' dir='ltr'><strong>suis;</strong></span> <span class='ocrx_word' id='word_1_751' title='bbox 1590 5633 1776 5671; x_wconf 87' lang='lat' dir='ltr'><strong>verum</strong></span> <span class='ocrx_word' id='word_1_752' title='bbox 1825 5633 1891 5672; x_wconf 80' lang='lat' dir='ltr'><strong>ex</strong></span> <span class='ocrx_word' id='word_1_753' title='bbox 1944 5634 2053 5688; x_wconf 85' lang='lat' dir='ltr'><strong>quo</strong></span> 
     </span>
    </p>
   </div>
   <div class='ocr_carea' id='block_1_103' title="bbox 542 5786 1048 5853">
    <p class='ocr_par' dir='ltr' id='par_1_103' title="bbox 542 5786 1048 5853">
     <span class='ocr_line' id='line_1_103' title="bbox 542 5786 1048 5853; baseline 0.01 -13"><span class='ocrx_word' id='word_1_754' title='bbox 542 5789 584 5819; x_wconf 72' lang='grc'><strong>⁸³</strong></span> <span class='ocrx_word' id='word_1_755' title='bbox 611 5786 753 5841; x_wconf 82' lang='lat' dir='ltr'><strong>Psal.</strong></span> <span class='ocrx_word' id='word_1_756' title='bbox 788 5806 963 5853; x_wconf 72' lang='lat' dir='ltr'><strong>xxxnv,</strong></span> <span class='ocrx_word' id='word_1_757' title='bbox 994 5791 1048 5845; x_wconf 86' lang='lat'><strong>8.</strong></span> 
     </span>
    </p>
   </div>
   <div class='ocr_carea' id='block_1_104' title="bbox 2148 4596 3736 4671">
    <p class='ocr_par' dir='ltr' id='par_1_104' title="bbox 2148 4596 3736 4671">
     <span class='ocr_line' id='line_1_104' title="bbox 2148 4596 3736 4671; baseline -0.005 -15"><span class='ocrx_word' id='word_1_758' title='bbox 2148 4602 2287 4657; x_wconf 86' lang='grc' dir='ltr'><strong>ἀλλά</strong></span> <span class='ocrx_word' id='word_1_759' title='bbox 2336 4603 2426 4655; x_wconf 86' lang='grc' dir='ltr'><strong>κα“·</strong></span> <span class='ocrx_word' id='word_1_760' title='bbox 2469 4599 2746 4671; x_wconf 86' lang='grc' dir='ltr'><strong>πορνεύων</strong></span> <span class='ocrx_word' id='word_1_761' title='bbox 2781 4614 2794 4626; x_wconf 89' lang='grc'>·</span> <span class='ocrx_word' id='word_1_762' title='bbox 2829 4603 2922 4651; x_wconf 71' lang='grc' dir='ltr'><strong>καὶ</strong></span> <span class='ocrx_word' id='word_1_763' title='bbox 2950 4597 3096 4650; x_wconf 75' lang='grc' dir='ltr'><strong>ἐστιν</strong></span> <span class='ocrx_word' id='word_1_764' title='bbox 3126 4596 3318 4663; x_wconf 79' lang='grc' dir='ltr'><strong>ἄλλος,</strong></span> <span class='ocrx_word' id='word_1_765' title='bbox 3350 4600 3499 4660; x_wconf 75' lang='grc' dir='ltr'><strong>ὅστις</strong></span> <span class='ocrx_word' id='word_1_766' title='bbox 3540 4598 3641 4651; x_wconf 76' lang='grc' dir='ltr'><strong>οὐκ</strong></span> <span class='ocrx_word' id='word_1_767' title='bbox 3672 4598 3736 4667; x_wconf 68' lang='grc' dir='ltr'><strong>ἐᾷ.</strong></span> 
     </span>
    </p>
   </div>
   <div class='ocr_carea' id='block_1_105' title="bbox 2147 4689 3733 4763">
    <p class='ocr_par' dir='ltr' id='par_1_105' title="bbox 2147 4689 3733 4763">
     <span class='ocr_line' id='line_1_105' title="bbox 2147 4689 3733 4763; baseline -0.003 -15"><span class='ocrx_word' id='word_1_768' title='bbox 2147 4696 2271 4748; x_wconf 81' lang='grc' dir='ltr'><strong>ούδέ</strong></span> <span class='ocrx_word' id='word_1_769' title='bbox 2320 4694 2614 4763; x_wconf 77' lang='grc' dir='ltr'><strong>ἐπιθυμίαν</strong></span> <span class='ocrx_word' id='word_1_770' title='bbox 2661 4692 2905 4745; x_wconf 82' lang='grc' dir='ltr'><strong>ἀνελθεῖν</strong></span> <span class='ocrx_word' id='word_1_771' title='bbox 2964 4692 3057 4743; x_wconf 68' lang='grc' dir='ltr'><strong>ἐπὶ</strong></span> <span class='ocrx_word' id='word_1_772' title='bbox 3106 4689 3205 4761; x_wconf 81' lang='grc' dir='ltr'><strong>τὴν</strong></span> <span class='ocrx_word' id='word_1_773' title='bbox 3250 4692 3483 4759; x_wconf 81' lang='grc' dir='ltr'><strong>καρδίαν</strong></span> <span class='ocrx_word' id='word_1_774' title='bbox 3540 4690 3733 4743; x_wconf 66' lang='grc' dir='ltr'><strong>αὐτοῦ.</strong></span> 
     </span>
    </p>
   </div>
   <div class='ocr_carea' id='block_1_106' title="bbox 2151 4781 3735 4854">
    <p class='ocr_par' dir='ltr' id='par_1_106' title="bbox 2151 4781 3735 4854">
     <span class='ocr_line' id='line_1_106' title="bbox 2151 4781 3735 4854; baseline -0.003 -15"><span class='ocrx_word' id='word_1_775' title='bbox 2151 4787 2308 4839; x_wconf 84' lang='grc' dir='ltr'><strong>Ἔστι</strong></span> <span class='ocrx_word' id='word_1_776' title='bbox 2348 4802 2432 4848; x_wconf 83' lang='grc' dir='ltr'><strong>τις</strong></span> <span class='ocrx_word' id='word_1_777' title='bbox 2463 4784 2780 4854; x_wconf 78' lang='grc' dir='ltr'><strong>διαρπάζων</strong></span> <span class='ocrx_word' id='word_1_778' title='bbox 2810 4782 2879 4835; x_wconf 73' lang='grc' dir='ltr'><strong>τὰ</strong></span> <span class='ocrx_word' id='word_1_779' title='bbox 2921 4783 3014 4835; x_wconf 79' lang='grc' dir='ltr'><strong>τοῦ</strong></span> <span class='ocrx_word' id='word_1_780' title='bbox 3046 4781 3271 4850; x_wconf 77' lang='grc' dir='ltr'><strong>πλησίον</strong></span> <span class='ocrx_word' id='word_1_781' title='bbox 3291 4797 3304 4809; x_wconf 91' lang='grc'><strong>·</strong></span> <span class='ocrx_word' id='word_1_782' title='bbox 3336 4783 3427 4834; x_wconf 71' lang='grc' dir='ltr'><strong>καὶ</strong></span> <span class='ocrx_word' id='word_1_783' title='bbox 3459 4783 3608 4833; x_wconf 76' lang='grc' dir='ltr'><strong>ἐστιν</strong></span> <span class='ocrx_word' id='word_1_784' title='bbox 3635 4783 3735 4834; x_wconf 79' lang='grc' dir='ltr'><strong>ἄλ·</strong></span> 
     </span>
    </p>
   </div>
   <div class='ocr_carea' id='block_1_107' title="bbox 2146 4874 3737 4943">
    <p class='ocr_par' dir='ltr' id='par_1_107' title="bbox 2146 4874 3737 4943">
     <span class='ocr_line' id='line_1_107' title="bbox 2146 4874 3737 4943; baseline -0.004 -12"><span class='ocrx_word' id='word_1_785' title='bbox 2146 4879 2238 4942; x_wconf 89' lang='grc' dir='ltr'><strong>λος</strong></span> <span class='ocrx_word' id='word_1_786' title='bbox 2276 4878 2365 4931; x_wconf 88' lang='grc' dir='ltr'><strong>διὰ</strong></span> <span class='ocrx_word' id='word_1_787' title='bbox 2390 4878 2700 4931; x_wconf 74' lang='grc' dir='ltr'><strong>θεοσέϐειαν</strong></span> <span class='ocrx_word' id='word_1_788' title='bbox 2728 4876 2821 4928; x_wconf 70' lang='grc' dir='ltr'><strong>καὶ</strong></span> <span class='ocrx_word' id='word_1_789' title='bbox 2849 4876 2916 4929; x_wconf 69' lang='grc' dir='ltr'><strong>τὰ</strong></span> <span class='ocrx_word' id='word_1_790' title='bbox 2951 4875 3057 4927; x_wconf 80' lang='grc' dir='ltr'><strong>ἴδια</strong></span> <span class='ocrx_word' id='word_1_791' title='bbox 3093 4874 3379 4936; x_wconf 78' lang='grc' dir='ltr'><strong>διαδιδούς.</strong></span> <span class='ocrx_word' id='word_1_792' title='bbox 3422 4875 3584 4943; x_wconf 76' lang='grc' dir='ltr'><strong>Ὁρᾷς</strong></span> <span class='ocrx_word' id='word_1_793' title='bbox 3616 4875 3737 4937; x_wconf 81' lang='grc' dir='ltr'><strong>πῶς</strong></span> 
     </span>
    </p>
   </div>
   <div class='ocr_carea' id='block_1_108' title="bbox 2150 4965 3741 5043">
    <p class='ocr_par' dir='ltr' id='par_1_108' title="bbox 2150 4965 3741 5043">
     <span class='ocr_line' id='line_1_108' title="bbox 2150 4965 3741 5043; baseline -0.005 -19"><span class='ocrx_word' id='word_1_794' title='bbox 2150 4971 2362 5043; x_wconf 80' lang='grc' dir='ltr'><strong>τρεπτή</strong></span> <span class='ocrx_word' id='word_1_795' title='bbox 2401 4973 2549 5023; x_wconf 87' lang='grc' dir='ltr'><strong>ἐστιν</strong></span> <span class='ocrx_word' id='word_1_796' title='bbox 2592 4968 2729 5039; x_wconf 86' lang='grc' dir='ltr'><strong>αύτὴ</strong></span> <span class='ocrx_word' id='word_1_797' title='bbox 2764 4970 2797 5037; x_wconf 83' lang='grc' dir='ltr'>ἡ</span> <span class='ocrx_word' id='word_1_798' title='bbox 2831 4967 3019 5036; x_wconf 86' lang='grc' dir='ltr'><strong>φύσις·</strong></span> <span class='ocrx_word' id='word_1_799' title='bbox 3050 4967 3195 5018; x_wconf 78' lang='grc' dir='ltr'><strong>ἔστιν</strong></span> <span class='ocrx_word' id='word_1_800' title='bbox 3229 4966 3322 5017; x_wconf 76' lang='grc' dir='ltr'><strong>ἐπὶ</strong></span> <span class='ocrx_word' id='word_1_801' title='bbox 3354 4965 3411 5017; x_wconf 87' lang='grc' dir='ltr'><strong>τὸ</strong></span> <span class='ocrx_word' id='word_1_802' title='bbox 3444 4965 3611 5017; x_wconf 83' lang='grc' dir='ltr'><strong>κακὸν</strong></span> <span class='ocrx_word' id='word_1_803' title='bbox 3642 4967 3741 5035; x_wconf 57' lang='lat'><strong>{35&#39;-</strong></span> 
     </span>
    </p>
   </div>
   <div class='ocr_carea' id='block_1_109' title="bbox 2152 5056 3704 5128">
    <p class='ocr_par' dir='ltr' id='par_1_109' title="bbox 2152 5056 3704 5128">
     <span class='ocr_line' id='line_1_109' title="bbox 2152 5056 3704 5128; baseline -0.005 -11"><span class='ocrx_word' id='word_1_804' title='bbox 2152 5081 2351 5128; x_wconf 82' lang='grc' dir='ltr'><strong>πουσα,</strong></span> <span class='ocrx_word' id='word_1_805' title='bbox 2384 5065 2477 5116; x_wconf 72' lang='grc' dir='ltr'><strong>καὶ</strong></span> <span class='ocrx_word' id='word_1_806' title='bbox 2506 5064 2653 5116; x_wconf 78' lang='grc' dir='ltr'><strong>ἔστιν</strong></span> <span class='ocrx_word' id='word_1_807' title='bbox 2691 5063 2785 5116; x_wconf 74' lang='grc' dir='ltr'><strong>ἐπὶ</strong></span> <span class='ocrx_word' id='word_1_808' title='bbox 2817 5061 2877 5114; x_wconf 75' lang='grc' dir='ltr'><strong>τὸ</strong></span> <span class='ocrx_word' id='word_1_809' title='bbox 2906 5060 3069 5113; x_wconf 78' lang='grc' dir='ltr'><strong>καλὸν</strong></span> <span class='ocrx_word' id='word_1_810' title='bbox 3100 5056 3285 5122; x_wconf 80' lang='grc' dir='ltr'><strong>αὖθις·</strong></span> <span class='ocrx_word' id='word_1_811' title='bbox 3329 5059 3423 5111; x_wconf 77' lang='grc' dir='ltr'><strong>καὶ</strong></span> <span class='ocrx_word' id='word_1_812' title='bbox 3450 5060 3517 5111; x_wconf 80' lang='grc' dir='ltr'><strong>δι’</strong></span> <span class='ocrx_word' id='word_1_813' title='bbox 3548 5060 3704 5128; x_wconf 77' lang='grc' dir='ltr'><strong>ἀμφο</strong></span> 
     </span>
    </p>
   </div>
   <div class='ocr_carea' id='block_1_110' title="bbox 2152 5149 3738 5228">
    <p class='ocr_par' dir='ltr' id='par_1_110' title="bbox 2152 5149 3738 5228">
     <span class='ocr_line' id='line_1_110' title="bbox 2152 5149 3738 5228; baseline -0.004 -17"><span class='ocrx_word' id='word_1_814' title='bbox 2152 5158 2327 5228; x_wconf 86' lang='grc' dir='ltr'><strong>τέρων</strong></span> <span class='ocrx_word' id='word_1_815' title='bbox 2384 5155 2707 5225; x_wconf 83' lang='grc' dir='ltr'><strong>ἐπιτηδείως</strong></span> <span class='ocrx_word' id='word_1_816' title='bbox 2758 5153 2870 5224; x_wconf 78' lang='grc' dir='ltr'><strong>ἔχει</strong></span> <span class='ocrx_word' id='word_1_817' title='bbox 2912 5156 3100 5206; x_wconf 81' lang='grc' dir='ltr'><strong>νεῦσαι</strong></span> <span class='ocrx_word' id='word_1_818' title='bbox 3162 5151 3296 5221; x_wconf 74' lang='grc' dir='ltr'><strong>πρὸς</strong></span> <span class='ocrx_word' id='word_1_819' title='bbox 3364 5149 3430 5212; x_wconf 75' lang='grc' dir='ltr'><strong>ἃς</strong></span> <span class='ocrx_word' id='word_1_820' title='bbox 3482 5150 3738 5219; x_wconf 80' lang='grc' dir='ltr'><strong>βούλεται</strong></span> 
     </span>
    </p>
   </div>
   <div class='ocr_carea' id='block_1_111' title="bbox 2158 5240 3738 5321">
    <p class='ocr_par' dir='ltr' id='par_1_111' title="bbox 2158 5240 3738 5321">
     <span class='ocr_line' id='line_1_111' title="bbox 2158 5240 3738 5321; baseline -0.004 -19"><span class='ocrx_word' id='word_1_821' title='bbox 2158 5248 2385 5321; x_wconf 81' lang='grc' dir='ltr'><strong>πράξεις</strong></span> <span class='ocrx_word' id='word_1_822' title='bbox 2408 5264 2420 5278; x_wconf 74' lang='grc'><strong><em>⁸</em></strong></span> <span class='ocrx_word' id='word_1_823' title='bbox 2470 5247 2695 5319; x_wconf 75' lang='grc' dir='ltr'><strong>δεκτικὴ</strong></span> <span class='ocrx_word' id='word_1_824' title='bbox 2724 5243 2815 5300; x_wconf 76' lang='grc' dir='ltr'><strong>οὖν</strong></span> <span class='ocrx_word' id='word_1_825' title='bbox 2844 5249 2876 5315; x_wconf 83' lang='grc' dir='ltr'>ὴ</span> <span class='ocrx_word' id='word_1_826' title='bbox 2910 5244 3072 5314; x_wconf 84' lang='grc' dir='ltr'><strong>φύσις</strong></span> <span class='ocrx_word' id='word_1_827' title='bbox 3102 5244 3196 5296; x_wconf 84' lang='grc' dir='ltr'><strong>τοῦ</strong></span> <span class='ocrx_word' id='word_1_828' title='bbox 3228 5240 3398 5296; x_wconf 76' lang='grc' dir='ltr'><strong>καλοῦ</strong></span> <span class='ocrx_word' id='word_1_829' title='bbox 3427 5259 3485 5293; x_wconf 86' lang='grc' dir='ltr'><strong>τε</strong></span> <span class='ocrx_word' id='word_1_830' title='bbox 3512 5242 3604 5293; x_wconf 80' lang='grc' dir='ltr'><strong>καὶ</strong></span> <span class='ocrx_word' id='word_1_831' title='bbox 3634 5243 3738 5295; x_wconf 83' lang='grc' dir='ltr'><strong>τοῦ</strong></span> 
     </span>
    </p>
   </div>
   <div class='ocr_carea' id='block_1_112' title="bbox 2150 5332 3732 5411">
    <p class='ocr_par' dir='ltr' id='par_1_112' title="bbox 2150 5332 3732 5411">
     <span class='ocr_line' id='line_1_112' title="bbox 2150 5332 3732 5411; baseline -0.007 -17"><span class='ocrx_word' id='word_1_832' title='bbox 2150 5338 2345 5403; x_wconf 79' lang='grc' dir='ltr'><strong>κακοῦ,</strong></span> <span class='ocrx_word' id='word_1_833' title='bbox 2388 5340 2508 5411; x_wconf 74' lang='grc' dir='ltr'><strong>ἦτοι</strong></span> <span class='ocrx_word' id='word_1_834' title='bbox 2538 5339 2689 5402; x_wconf 78' lang='grc' dir='ltr'><strong>θείας</strong></span> <span class='ocrx_word' id='word_1_835' title='bbox 2718 5338 2961 5409; x_wconf 80' lang='grc' dir='ltr'><strong>χάριτος,</strong></span> <span class='ocrx_word' id='word_1_836' title='bbox 2997 5337 3116 5406; x_wconf 76' lang='grc' dir='ltr'><strong>ἦτοι</strong></span> <span class='ocrx_word' id='word_1_837' title='bbox 3150 5332 3398 5397; x_wconf 83' lang='grc' dir='ltr'><strong>ἐναντίας</strong></span> <span class='ocrx_word' id='word_1_838' title='bbox 3424 5332 3732 5401; x_wconf 80' lang='grc' dir='ltr'><strong>δυνάμεως,</strong></span> 
     </span>
    </p>
   </div>
   <div class='ocr_carea' id='block_1_113' title="bbox 2149 5424 3735 5502">
    <p class='ocr_par' dir='ltr' id='par_1_113' title="bbox 2149 5424 3735 5502">
     <span class='ocr_line' id='line_1_113' title="bbox 2149 5424 3735 5502; baseline -0.007 -16"><span class='ocrx_word' id='word_1_839' title='bbox 2149 5433 2265 5487; x_wconf 86' lang='grc' dir='ltr'><strong>ἀλλ’</strong></span> <span class='ocrx_word' id='word_1_840' title='bbox 2285 5434 2385 5486; x_wconf 84' lang='grc' dir='ltr'><strong>οὐκ</strong></span> <span class='ocrx_word' id='word_1_841' title='bbox 2406 5432 2784 5502; x_wconf 69' lang='grc' dir='ltr'><strong>ἀναγκαστική</strong></span> <span class='ocrx_word' id='word_1_842' title='bbox 2809 5446 2822 5461; x_wconf 75' lang='grc' dir='ltr'><strong>ο</strong></span> <span class='ocrx_word' id='word_1_843' title='bbox 2849 5429 3043 5499; x_wconf 81' lang='grc' dir='ltr'><strong>ἐπειδὴ</strong></span> <span class='ocrx_word' id='word_1_844' title='bbox 3068 5428 3127 5480; x_wconf 84' lang='grc' dir='ltr'><strong>τὸ</strong></span> <span class='ocrx_word' id='word_1_845' title='bbox 3152 5425 3283 5496; x_wconf 72' lang='grc' dir='ltr'><strong>πρὶν</strong></span> <span class='ocrx_word' id='word_1_846' title='bbox 3310 5424 3473 5486; x_wconf 84' lang='grc' dir='ltr'><strong>αὐτὸς</strong></span> <span class='ocrx_word' id='word_1_847' title='bbox 3497 5425 3526 5476; x_wconf 93' lang='lat'><strong>6</strong></span> <span class='ocrx_word' id='word_1_848' title='bbox 3560 5424 3735 5493; x_wconf 73' lang='grc' dir='ltr'><strong>Ἀδὰμ</strong></span> 
     </span>
    </p>
   </div>
   <div class='ocr_carea' id='block_1_114' title="bbox 2150 5515 3729 5598">
    <p class='ocr_par' dir='ltr' id='par_1_114' title="bbox 2150 5515 3729 5598">
     <span class='ocr_line' id='line_1_114' title="bbox 2150 5515 3729 5598; baseline -0.01 -18"><span class='ocrx_word' id='word_1_849' title='bbox 2150 5530 2208 5581; x_wconf 89' lang='grc' dir='ltr'><strong>ἐν</strong></span> <span class='ocrx_word' id='word_1_850' title='bbox 2254 5527 2587 5598; x_wconf 82' lang='grc' dir='ltr'><strong>καθαρότητι</strong></span> <span class='ocrx_word' id='word_1_851' title='bbox 2635 5523 2733 5588; x_wconf 80' lang='grc' dir='ltr'><strong>ὢν,</strong></span> <span class='ocrx_word' id='word_1_852' title='bbox 2770 5522 3050 5575; x_wconf 81' lang='grc' dir='ltr'><strong>ἐϐασίλευε</strong></span> <span class='ocrx_word' id='word_1_853' title='bbox 3076 5518 3187 5571; x_wconf 89' lang='grc' dir='ltr'><strong>τῶν</strong></span> <span class='ocrx_word' id='word_1_854' title='bbox 3218 5516 3496 5585; x_wconf 83' lang='grc' dir='ltr'><strong>λογισμῶν</strong></span> <span class='ocrx_word' id='word_1_855' title='bbox 3525 5515 3691 5567; x_wconf 74' lang='grc' dir='ltr'><strong>αὐτοῦ</strong></span> <span class='ocrx_word' id='word_1_856' title='bbox 3713 5532 3729 5545; x_wconf 78' lang='grc' dir='ltr'><strong>ο</strong></span> 
     </span>
    </p>
   </div>
   <div class='ocr_carea' id='block_1_115' title="bbox 2152 5606 3733 5689">
    <p class='ocr_par' dir='ltr' id='par_1_115' title="bbox 2152 5606 3733 5689">
     <span class='ocr_line' id='line_1_115' title="bbox 2152 5606 3733 5689; baseline -0.009 -15"><span class='ocrx_word' id='word_1_857' title='bbox 2152 5620 2246 5689; x_wconf 76' lang='grc' dir='ltr'><strong>ἀφ’</strong></span> <span class='ocrx_word' id='word_1_858' title='bbox 2295 5613 2357 5673; x_wconf 72' lang='grc' dir='ltr'><strong>οὗ</strong></span> <span class='ocrx_word' id='word_1_859' title='bbox 2402 5619 2457 5672; x_wconf 77' lang='grc' dir='ltr'><strong>δὲ</strong></span> <span class='ocrx_word' id='word_1_860' title='bbox 2508 5618 2724 5689; x_wconf 79' lang='grc' dir='ltr'><strong>παρέϐη</strong></span> <span class='ocrx_word' id='word_1_861' title='bbox 2769 5618 2869 5670; x_wconf 56' lang='grc' dir='ltr'><strong>τὶν</strong></span> <span class='ocrx_word' id='word_1_862' title='bbox 2914 5611 3157 5684; x_wconf 76' lang='grc' dir='ltr'><strong>ἐντολὴν,</strong></span> <span class='ocrx_word' id='word_1_863' title='bbox 3201 5610 3303 5681; x_wconf 77' lang='grc' dir='ltr'><strong>ὄρη</strong></span> <span class='ocrx_word' id='word_1_864' title='bbox 3351 5606 3733 5661; x_wconf 78' lang='grc' dir='ltr'><strong>δυσϐάστακτα</strong></span> 
     </span>
    </p>
   </div>
  </div>
