3966 6430
188 356 317 422 593

1424 347 1793 410 HOMILLE.
1823 372 1893 382 -
1924 347 2113 410 ΗΟΜ.
2152 349 2274 410 XV.

3377 339 3495 404 594·

192 473 498 528 ἐπίκειται
525 466 603 541 τῷ
629 466 704 541 νῷ
729 466 919 525 αὐτοῦ.
953 465 1068 521 Καὶ
1093 465 1144 520 οί
1169 465 1271 536 τῆς
1307 463 1510 529 κακίας
1544 462 1800 533 λογισμοὶ

1925 477 2275 532 ransgressus
2299 469 2384 515 est
2416 458 2758 522 mandatum,
2780 454 3087 529 gravissimi
3121 462 3337 509 montes
3361 454 3473 523 ejus

193 563 654 636 παραμιγέντες,
684 563 796 614 ὅλοι
819 560 894 625 ὡς
923 560 1044 615 ῖδιοι
1067 558 1233 614 αὐτοῦ
1260 557 1530 627 ἐγένοντο,
1558 555 1658 610 καὶ
1678 554 1802 608 οὐδὲ

197 652 301 716 εἶς
350 652 520 709 αὐτοῦ
560 652 690 717 ἴδιός
748 652 917 716 ἐστιν,
965 649 1157 721 ἐπειδὴ
1194 649 1519 719 κατέχονται
1560 645 1668 700 ὑπὸ
1699 644 1801 717 τῆς

202 747 446 810 κακίας.

299 842 445 908 KG’.
482 838 684 893 Λοιπὸν
727 836 966 906 ὀφείλεις
1006 834 1241 907 ζητῆσαι
1284 833 1499 904 λύχνον,
1531 833 1619 887 ἵνα
1652 831 1800 903 ἀφθῇ

232 934 329 987 καὶ
353 930 519 1002 εὕρῃς
541 928 669 995 τοὺς
690 926 967 999 καθαροὺς
990 922 1304 996 λογισμούς.
1347 917 1507 977 Οὗτοι
1536 922 1646 992 γάρ
1664 923 1803 974 εἰσιν

230 1024 289 1077 ot
315 1020 547 1090 φυσικοὶ,
572 1016 667 1081 οὓς
694 1017 952 1088 ἐποίησεν
976 1017 1005 1069 6
1038 1014 1261 1086 Κύριος.
1292 1013 1356 1067 Οί
1395 1010 1804 1081 ἀνατραφέντες

228 1116 316 1176 εἰς
362 1110 653 1173 θάλασσαν,
700 1106 905 1178 ἔμαθον
944 1103 1248 1174 κολυμϐᾷν,
1281 1102 1379 1156 καὶ
1419 1100 1546 1153 ὅταν
1592 1100 1801 1152 ἐπανα-

225 1202 409 1257 στῶσι
431 1200 700 1263 κλύδωνες
742 1198 838 1251 καὶ
864 1195 1108 1266 κύματα,
1139 1194 1202 1249 οὐ
1247 1189 1573 1258 ξενίζονται.
1616 1186 1805 1249 Οὕτως

220 1296 374 1349 εἰσιν
415 1295 463 1348 οἱ
510 1290 842 1364 Χριστιανοί.
878 1290 1089 1358 ’Ὠσπερ
1140 1284 1265 1350 νοῦς
1309 1282 1558 1355 τριετοῦς
1588 1278 1803 1335 παιδίου

223 1388 300 1439 οὐ
334 1386 549 1439 δύναται
597 1381 848 1454 χωρῆσαι
888 1380 922 1451 ἢ
952 1376 1283 1433 καταλαϐεῖν
1313 1374 1437 1429 νοῦν
1467 1371 1676 1426 τελείου
1713 1386 1804 1423 σο-

224 1473 447 1545 φιστοῦ,
477 1473 776 1543 ἐπειδήπερ
803 1472 862 1525 ὲν
901 1469 1051 1541 μέσῳ
1083 1466 1327 1538 παρῆλθε
1359 1463 1528 1528 πολύς
1556 1480 1641 1526 τις
1672 1460 1803 1532 χρό-

225 1583 359 1630 νος·
411 1564 552 1619 οὕτω
588 1564 682 1618 κα)⁸
727 1564 777 1616 oi
830 1560 1150 1633 Χριστιανοὶ
1192 1556 1268 1623 ὡς
1304 1555 1481 1628 βρέφη
1512 1555 1685 1626 νήπια
1714 1551 1806 1604 τὸν

226 1661 436 1729 κόσμον
485 1655 859 1717 κατανοοῦσιν,
897 1654 1212 1725 ἀφορῶντες
1258 1651 1338 1713 είς
1370 1651 1431 1701 τὸ
1467 1647 1666 1718 μέτρον
1704 1644 1807 1713 τῆς

226 1754 483 1823 χάριτος·
533 1750 672 1816 ξένοι
716 1748 825 1819 γάρ
873 1749 980 1801 εἰσι
1012 1743 1107 1799 τοῦ
1155 1743 1350 1803 αἰῶνος
1390 1739 1602 1795 τούτου.
1650 1737 1714 1791 Ἠ
1749 1735 1806 1788 δὲ

225 1844 387 1906 πόλις
417 1841 592 1896 αὐτῶν
631 1840 728 1893 καὶ
774 1841 808 1910 ἡ
864 1838 1172 1898 ἀνάπαυσις
1207 1833 1344 1903 άλλη
1395 1831 1542 1885 ἐστίν
1567 1847 1581 1860 ο
1618 1829 1800 1899 ἔχουσι
1834 1823 1878 1878 Β

224 1936 336 2008 γάρ
377 1936 424 1988 οί
456 1932 772 2005 Χριστιανοὶ
800 1931 900 2000 τὴν
929 1926 1278 1999 παράκλησιν
1321 1921 1413 1976 τοῦ
1463 1921 1803 1989 Πνεύματος,

216 2031 467 2100 δάκρυα,
501 2027 596 2080 καὶ
645 2024 876 2086 πένθος,
921 2022 1016 2075 καὶ
1050 2016 1377 2088 στεναγμὸν,
1420 2014 1515 2067 καὶ
1552 2011 1694 2066 αὐτὰ
1736 2010 1808 2063 τὰ

210 2122 435 2191 δάκρυα
473 2116 656 2189 τρυφὴ
699 2116 882 2177 αὐτοῖς
929 2114 1101 2166 ἐστιν.
1149 2111 1375 2180 Ἔχουσι
1403 2107 1460 2161 δὲ
1495 2106 1591 2158 καὶ
1641 2101 1807 2172 φόϐον

207 2217 269 2267 ἐν
330 2213 484 2283 χαρᾷ
534 2212 628 2265 καὶ
669 2206 987 2277 ἀγαλλιάσει
1017 2221 1032 2235 °
1085 2202 1182 2257 καὶ
1212 2200 1385 2262 οὕτως
1416 2199 1553 2252 εἰσὶν
1588 2196 1663 2259 ὡς
1714 2195 1809 2248 ἇν-

459 2281 468 2283 I
488 2299 854 2374 βαστάζοντες
890 2300 971 2362 είς
1008 2295 1108 2360 τάς
1139 2297 1329 2366 χεῖρας
1362 2289 1544 2347 αὐτῶν
1571 2288 1634 2341 τὸ
1667 2281 1810 2358 αἷμα

222 2397 423 2462 aia-43v,
467 2397 545 2467 μὴ
578 2391 909 2466 Θαρροῦντες
943 2390 1181 2453 ἑαυτοῖς,
1216 2386 1252 2458 ἦ
1286 2385 1522 2457 οἰόμενοί
1549 2400 1603 2437 τι
1638 2375 1803 2448 εἶναι,

223 2488 345 2541 ἀλλ’
388 2489 550 2552 ὅντες
609 2483 1045 2553 ὲξουδενούμενοι
1091 2479 1189 2536 καὶ
1246 2472 1806 2547 ἀποδεδοκιμασμένοι

216 2578 375 2651 παρά
408 2577 623 2639 πάντας
650 2573 993 2647 ἀνθρώπους.

290 2674 427 2726 KZ’.
474 2670 685 2740 Ὥσπερ
735 2669 830 2721 ἐὰν
984 2663 1259 2737 βασιλεὺς,
1312 2662 1409 2719 καὶ
1466 2660 1670 2732 πτωχῷ
1703 2676 1809 2714 τινι

216 2764 551 2837 παράθηται
591 2761 685 2816 τὸν
719 2760 916 2814 ἑαυτοῦ
954 2756 1249 2830 θησαυρὸν,
1284 2757 1314 2810 6
1340 2752 1676 2826 παραλαϐὼν
1703 2769 1808 2822 φυ-

217 2858 407 2924 λάξαι,
445 2855 547 2909 οὐκ
592 2853 708 2925 ἔχει
748 2852 912 2907 αὑτὸν
944 2850 1020 2917 ὠς
1056 2850 1209 2916 ίδιον,
1250 2847 1367 2902 ἀλλ’
1388 2845 1644 2917 ὁμολογεῖ
1672 2845 1811 2898 πάν-

222 2969 352 3007 τοτε
382 2951 487 3021 τὴν
521 2947 800 3019 πτωχείαν
840 2944 1029 3011 αὐτοῦ,
1069 2943 1145 3016 μὴ
1169 2941 1386 3013 τολμῶν
1422 2936 1810 3010 διασκορπίσαι

225 3047 292 3099 ὲκ
336 3042 437 3097 τοῦ
480 3041 762 3113 ἀλλοτρίου
798 3037 1075 3109 θησαυροῦ
1106 3051 1123 3067 ο
1148 3035 1309 3089 τοῦτο
1339 3042 1449 3105 γάρ
1493 3032 1810 3102 ἐνθυμεῖται

1900 552 2231 609 incumbunt
2253 552 2455 606 animo.
2487 551 2565 604 Ac
2586 564 2768 620 prava:
2791 548 3152 618 cogitationes
3179 544 3480 615 permista3,

1899 645 2128 701 omnino
2158 645 2316 699 facta:
2362 652 2493 698 sunt
2523 642 2677 696 velut
2708 641 2828 710 ejus
2874 638 3134 709 prepriaa,
3166 652 3267 690 nec
3302 645 3482 689 tamen

1900 737 2013 793 ulla
2036 736 2210 805 ipsius
2239 733 2461 805 propria
2485 742 2592 800 est,
2609 731 2740 802 quia
2767 730 3120 801 possidentur
3149 745 3180 783 a
3207 727 3373 781 vitiis.

1971 827 2163 884 XXVI.
2197 826 2377 882 Debes
2429 825 2597 895 igitur
2639 838 2891 893 quaerere
2921 823 3227 884 lucernam,
3253 834 3359 889 qua
3391 832 3485 870 ac-

1901 934 2068 974 censa
2090 916 2336 987 reperias
2365 932 2537 987 puras
2578 914 2959 985 cogitationes.
3011 913 3121 967 Illae
3165 910 3313 966 enim
3356 918 3487 964 sunt

1902 1010 2207 1077 naturales,
2230 1024 2370 1080 quas
2401 1008 2534 1065 fecit
2585 1007 2880 1070 Dominus;
2917 1021 3039 1075 quae
3080 1004 3306 1073 quidem
3349 1018 3486 1056 enu-

1904 1102 2052 1160 tritae
2098 1102 2155 1158 in
2198 1101 2338 1157 mari
2384 1099 2705 1155 didicerunt
2738 1106 2963 1152 natare:
2999 1112 3122 1161 nec,
3167 1095 3213 1150 si
3264 1092 3486 1164 quando

1904 1192 2309 1252 assurrexerint
2351 1198 2709 1260 tempestates
2756 1203 2823 1244 ac
2868 1186 3090 1245 ﬂuctus.
3139 1192 3484 1253 stupescunt.

1904 1288 2104 1358 Sicque
2128 1292 2258 1341 sunt
2271 1282 2593 1341 Christiani.
2617 1280 2781 1337 Velut
2811 1295 2968 1333 mens
2985 1278 3142 1349 pueri
3177 1277 3344 1339 trimi,
3366 1291 3481 1345 qua.»

1904 1394 2017 1436 non
2061 1384 2245 1449 potest
2295 1374 2517 1445 assequi
2573 1381 2668 1428 aut
2712 1370 3188 1441 comprehendere
3246 1377 3485 1423 mentem

1905 1470 2140 1543 perfecti
2184 1467 2467 1538 sophista,
2523 1465 2654 1535 quia
2704 1462 3010 1519 interﬂuxit
3062 1463 3295 1516 multum
3351 1470 3483 1516 tem-

1906 1563 2095 1635 poris,
2125 1561 2205 1617 sic
2246 1574 2469 1630 quoque
2514 1554 2812 1629 Christiani
2858 1553 3089 1624 perinde
3134 1568 3199 1608 ac
3250 1552 3479 1607 infantes

1906 1652 2176 1710 mundum
2201 1649 2541 1720 despiciunt,
2574 1648 2851 1703 intuentes
2881 1646 3109 1717 gradum
3142 1644 3349 1715 gratim.
3374 1644 3487 1697 Ho-

1907 1747 2081 1817 spites
2110 1744 2258 1800 enim
2291 1750 2420 1798 sunt
2464 1741 2632 1811 hujus
2669 1739 2877 1795 smeuli.
2909 1737 3114 1793 Civitas
3141 1744 3324 1790 autem
3370 1735 3482 1788 illo-

1906 1856 2030 1895 rum
2081 1846 2139 1893 et
2184 1836 2404 1908 requies
2435 1845 2521 1890 est
2571 1834 2699 1888 alia.
2751 1832 2967 1886 Ilabent
3014 1830 3165 1884 enim
3191 1827 3487 1883 Christiani

1906 1932 2341 1992 consolationem
2392 1929 2654 1999 Spiritus,
2695 1927 2985 1997 lacrymas,
3019 1925 3227 1978 luctum
3258 1929 3315 1975 et
3342 1922 3491 1990 plan«

1907 2040 2055 2086 ctum
2082 2046 2096 2082 :
2126 2034 2182 2082 et
2216 2027 2348 2096 ipsa:
2399 2024 2651 2093 lacrymaa
2700 2029 2829 2075 sunt
2856 2020 2965 2074 illis
2998 2018 3118 2073 vice
3146 2015 3487 2071 deliciarum.

1908 2119 2125 2175 Habent
2152 2129 2373 2185 quoque
2392 2122 2600 2167 metum
2632 2127 2759 2165 cum
2788 2109 2989 2180 gaudio
3007 2116 3065 2162 et
3086 2105 3488 2161 exsultatione:

1906 2214 2101 2283 sicque
2154 2216 2287 2263 sunt
2332 2205 2484 2261 velut
2534 2204 2787 2258 homines
2816 2208 3093 2271 gestantes
3144 2197 3197 2251 in
3237 2194 3494 2249 manibus

1908 2301 2231 2374 sanguinem
2248 2310 2554 2363 suum,non
2578 2293 2811 2348 nimium
2830 2291 2936 2346 sibi
2971 2289 3104 2359 ipsis
3125 2287 3488 2347 confidentes,

1907 2402 2006 2449 aut
2031 2390 2412 2447 existimantes
2442 2402 2499 2441 se
2529 2383 2736 2454 aliquid
2773 2397 2915 2443 esse,
2944 2380 3038 2435 sed
3079 2387 3209 2432 sunt
3232 2375 3490 2447 neglecti,

1909 2481 2211 2553 contempti
2247 2495 2313 2536 ac
2336 2478 2613 2549 rcprobati
2642 2476 2788 2546 apud
2817 2488 3011 2529 omnes
3040 2470 3314 2525 homines.

1979 2670 2192 2728 XXVII.
2211 2668 2323 2740 60
2345 2662 2819 2733 Quemadmodum
2843 2659 2888 2715 si
2919 2674 3012 2713 rex
3032 2655 3175 2727 apud
3198 2667 3494 2724 pauperem

1910 2763 2203 2838 quemdam
2233 2762 2476 2831 deponat
2510 2772 2671 2812 suum
2716 2756 3063 2815 thesaurum,
3092 2750 3140 2803 is
3159 2748 3255 2817 qui
3284 2748 3497 2814 accepit

1909 2835 1976 2912 ad
2007 2852 2453 2917 custodiendum,
2476 2864 2587 2904 non
2616 2854 2838 2917 reputat
2880 2844 3035 2898 illum
3074 2848 3137 2895 ut
3181 2854 3366 2902 suum,
3399 2835 3497 2890 sed

1911 2950 2117 3018 ubique
2146 2945 2350 3001 fatetur
2371 2947 2752 3013 paupertatem
2783 2952 2961 3001 suam,
2986 2950 3097 2989 non
3123 2930 3335 2986 audens
3360 2928 3498 2983 dila-

1911 3043 2104 3113 pidare
2132 3035 2342 3108 aliquid
2378 3050 2448 3089 ex
2476 3033 2657 3088 alieno
2694 3030 2995 3084 thesauro:
3039 3026 3147 3079 hoc
3187 3035 3404 3090 semper
3444 3019 3499 3072 in

228 3140 501 3203 πάντοτε,
550 3136 625 3201 ὡς
654 3137 717 3189 οὐ
768 3132 931 3205 μόνον
973 3128 1251 3203 ἀλλότριός
1276 3130 1423 3182 ἐστιν
1446 3127 1475 3180 6
1504 3122 1807 3196 θησαυρὸς,

1925 3134 2096 3190 mimo
2116 3144 2365 3193 versans,
2383 3142 2494 3182 non
2536 3138 2658 3180 esse
2682 3122 2859 3178 solum
2882 3118 3123 3174 alienum
3158 3114 3498 3173 thesaurum,

1997 3223 2011 3226 ’
2112 3221 2123 3226 ’
2515 3216 2527 3226 ⁸
2881 3224 2906 3226 η
2957 3224 2983 3226 ς-
3003 3205 3212 3226 -ια-ιξμ
3246 3218 3364 3226 --ι-...-
3407 3200 3472 3226 ιιι.

228 3228 371 3284 ἀλλά
525 3200 782 3297 βασιλεὺς
802 3222 1067 3289 δυνάστης
1091 3200 1363 3291 παρέθετό
1386 3233 1481 3288 μοι
1506 3214 1690 3279 αὐτὸν,
1714 3214 1813 3268 καὶ⁵

1925 3223 2016 3281 sed
2051 3221 2219 3278 etiam
2248 3232 2434 3289 regem
2477 3216 2656 3271 virum
2685 3224 2913 3267 summa:
2957 3205 3216 3278 potentia:
3241 3218 3367 3258 eum
3405 3200 3503 3255 de-

231 3324 361 3377 ὄταν
391 3319 526 3391 θέλῃ
555 3316 821 3389 λαμϐάνει
863 3314 1027 3370 αὐτὸν
1058 3312 1153 3368 ἀπ’
1182 3310 1320 3383 ὲμοῦ
1338 3328 1352 3343 ’
1384 3307 1562 3373 οὕτως
1590 3307 1819 3370 ἑαυτοὺς

232 3412 545 3481 ὀφείλουσιν
586 3408 841 3481 ἡγεῖσθαι
887 3407 986 3461 καὶ
1030 3406 1083 3459 ot
1111 3405 1330 3475 ιχοντες
1382 3402 1483 3473 τὴν
1520 3401 1685 3474 χάριν
1721 3398 1816 3453 τοῦ

234 3506 373 3563 Θεοῦ
401 3543 421 3571 ,
466 3501 921 3573 ταπεινοφρονεῖνν
951 3500 1045 3554 καὶ
1090 3498 1372 3570 ὁμολογεῖν
1411 3495 1510 3567 τὴν
1542 3493 1819 3566 πτωχείαν

236 3598 445 3656 αὐτῶν.
477 3595 689 3666 Ὥσπερ
720 3594 828 3663 γάρ
856 3594 887 3646 6
923 3592 1138 3662 πτωχὸς
1163 3593 1193 3646 6
1217 3589 1396 3645 λαϐὼν
1436 3589 1536 3661 τὴν
1565 3589 1821 3660 παραθή-

243 3707 344 3762 κην
370 3687 468 3743 τοῦ
493 3684 770 3757 θησαυροῦ
804 3684 958 3754 παρά
982 3682 1076 3736 τοῦ
1103 3681 1391 3753 βασιλέως,
1425 3681 1520 3734 ὲάν
1544 3679 1823 3746 πεποιθὼς

260 3786 344 3840 tat
365 3781 447 3854 τῷ
471 3779 742 3851 ἀλλοτρίῳ
768 3776 1050 3849 θησαυρῷ,
1082 3775 1159 3840 ὡς
1193 3774 1310 3846 ἰδίῳ
1339 3774 1554 3846 πλούτῳ
1574 3774 1786 3851 ἐπαρθῇ
1805 3813 1821 3843 ,

268 3878 358 3930 κει.)⁵
393 3874 558 3945 τύφον
600 3871 741 3943 λάϐῃ
775 3872 811 3942 ἡ
849 3869 1047 3942 καρδία
1095 3866 1294 3926 αὐτοῦ.
1339 3867 1486 3938 αἴρει
1529 3866 1627 3921 ἀπ’
1656 3864 1825 3921 αὐτοῦ

264 3970 292 4023 ὁ
320 3968 561 4039 βασιλεὺς
589 3967 680 4019 τὸν
708 3964 980 4036 θησαυρὸν
1003 3960 1193 4024 αὐτοῦ,
1218 3960 1313 4015 καί⁵
1334 3959 1485 4029 μένει
1516 3961 1546 4013 6
1577 3958 1828 4030 ἐσχηκὼς

259 4059 409 4113 αὐτὸν
449 4059 508 4110 ὲν
554 4052 1019 4125 παρακαταθήκη,
1065 4044 1176 4113 οἷος
1203 4045 1274 4121 ἦν
1305 4048 1414 4119 πρὸ
1440 4047 1633 4101 τούτου
1681 4065 1830 4099 πτω-

257 4150 345 4221 χός
381 4166 394 4178 ·
424 4147 600 4210 οῦτως
643 4144 739 4199 καὶ
767 4146 817 4197 οἱ
847 4143 1065 4215 ἔχοντες
1091 4141 1190 4213 τὴν
1212 4141 1393 4212 χάριν,
1419 4140 1515 4193 ἐὰν
1546 4139 1829 4210 ὲπαρθῶσι

260 4246 348 4299 καὶ
375 4241 543 4311 τύψον
581 4239 820 4294 λάϐωσιν
847 4240 901 4290 αἱ
946 4236 1166 4306 κάρδιαι
1194 4234 1396 4299 αὐτῶν,
1440 4231 1585 4304 αίρει
1612 4234 1705 4285 ἀπ’
1735 4233 1833 4287 αὐ-

258 4338 365 4392 τῶν
392 4337 420 4388 ὁ
450 4332 654 4404 Κύριος
682 4330 783 4401 τὴν
809 4329 969 4400 χάριν
990 4326 1181 4387 αὑτοῦ,
1206 4325 1300 4379 καὶ
1326 4325 1548 4395 μένουσι
1575 4324 1826 4390 τοιοῦτοι,

257 4425 362 4484 οἷοι
393 4422 533 4497 ἦσαν
580 4422 686 4495 πρὸ
730 4420 827 4473 τοῦ
863 4418 1049 4471 λαϐεῖν
1078 4416 1175 4488 τὴν
1220 4415 1381 4487 χάριν
1414 4414 1568 4485 παρὰ
1593 4415 1689 4468 τοῦ
1717 4416 1833 4467 Κυ-

265 4525 399 4599 ρίου.

331 4613 468 4671 KH’.
521 4611 680 4667 Ἀλλά
713 4608 901 4663 πολλοὶ
937 4606 1115 4661 καίτοι
1158 4602 1424 4674 συνούσης
1451 4603 1550 4672 τῆς
1574 4601 1830 4671 χάριτος,

266 4708 614 4778 κλεπτόμενοι
655 4704 761 4759 ὑπὸ
802 4703 901 4772 τῆς
924 4700 1194 4770 ἁμαρτίας
1239 4699 1338 4751 οὐκ
1372 4697 1596 4749 οἴδασιν.
1625 4695 1835 4764 Ὠσπερ

267 4804 356 4857 ὲάν
427 4798 668 4867 νεωτέρα
690 4798 747 4849 ὲν
775 4795 907 4863 οἴκῳ
927 4793 1050 4852 τινὶ.
1074 4791 1277 4861 ὁμοίως
1300 4788 1395 4842 καὶ
1417 4787 1681 4856 νεώτερος
1698 4802 1711 4817 ο
1743 4785 1838 4838 καὶ

268 4892 444 4947 λοιῶν
457 4886 861 4957 κολακευομὲνη
883 4882 973 4936 ὑπ’
992 4882 1200 4936 ἐκείνου
1223 4882 1362 4949 αὑτὴ
1383 4878 1642 4948 συνθῆται
1666 4877 1835 4947 αὐτῷ,

275 4984 549 5057 μοιχᾶται,
578 4981 674 5034 καὶ
698 4977 1006 5047 ἀπόϐλητος
1038 4974 1283 5043 γίνεται·
1318 4970 1461 5025 οὕτω
1489 4972 1584 5023 καὶ
1616 4970 1643 5021 ὁ
1668 4968 1839 5030 δεινὸς

276 5078 386 5146 δφις
419 5076 519 5144 τῆς
550 5070 826 5144 ἁμαρτίας
867 5068 1084 5121 σύνεστι
1107 5068 1171 5135 τῇ
1194 5065 1341 5135 ψυχῇ
1367 5061 1721 5133 γαργαρίζων
1748 5060 1842 5113 καὶ

281 5167 708 5239 προτρεπόμενος
732 5180 746 5195 ·
789 5161 882 5215 καὶ
903 5161 997 5213 ἐὰν
1024 5159 1318 5222 συνθῆται,
1349 5155 1597 5208 κοινωνεῖ
1636 5154 1668 5223 ἡ
1700 5149 1843 5205 ἀσώ-

289 5262 438 5333 ματός
457 5259 604 5331 ψυχὴ
624 5261 691 5330 τῇ
718 5254 997 5325 ἀσωμάτῳ
1018 5250 1186 5322 κακίᾳ
1212 5248 1305 5301 τοῦ
1330 5246 1664 5317 πνεύματος,
1690 5260 1845 5297 τουτ-

286 5352 659 5423 έστιγπνεῦμα
688 5347 959 5416 πνεύματι
982 5342 1251 5407 κοινωνεῖ,
1282 5339 1376 5392 καὶ
1406 5337 1649 5408 μοιχεύει
1678 5336 1736 5388 ὲν
1774 5336 1842 5405 τῇ

284 5446 465 5520 καρδίᾳ
486 5442 650 5498 αὑτοῦ
678 5443 707 5495 ὁ
748 5438 1127 5507 συντιθέμενος
1157 5433 1253 5487 καὶ
1291 5429 1722 5499 καταδεχόμενος
1753 5426 1845 5478 τὸν

280 5519 527 5607 λογισμὸν
550 5535 644 5588 τοῦ
672 5528 933 5603 πονηροῦ.
957 5530 999 5581 Τ
1002 5528 1030 5581 ὸ
1052 5522 1144 5580 οῦν
1173 5524 1372 5595 μέτρον
1392 5519 1487 5573 τοῦ
1515 5519 1723 5588 ἀγῶνός
1751 5534 1843 5571 σου

281 5629 430 5684 τοῦτό
450 5630 619 5691 ἐστιν,
648 5627 735 5680 ἵνα
758 5625 833 5695 μὴ
858 5620 1153 5692 μοιχεύσῃς
1177 5620 1233 5670 ἐν
1262 5618 1373 5677 τοῖς
1395 5613 1675 5683 λογισμοῖς
1730 5609 1847 5663 ἀλλ’

286 5721 365 5773 ἵνα
386 5719 644 5787 ἀντιστῇς
666 5715 744 5785 τῷ
765 5714 861 5785 νῷ,
895 5712 990 5765 καὶ
1010 5710 1212 5763 ἔσωθεν
1238 5707 1471 5778 ποιήσῃς
1497 5705 1732 5774 πόλεμον
1757 5702 1850 5755 καὶ

285 5812 481 5883 ἀγῶνα,
513 5812 605 5865 καὶ
636 5809 709 5881 μὴ
737 5805 1073 5877 ὑπακούσῃς,
1112 5802 1245 5875 μηδὲ
1283 5798 1617 5872 συνηδυνθῇς
1645 5797 1709 5867 τῇ
1748 5812 1848 5848 κα-

1917 3315 2168 3388 posuisse
2194 3310 2340 3380 apud
2371 3323 2452 3373 se,
2474 3322 2561 3370 ac,
2584 3303 2806 3375 quando
2846 3300 2899 3355 ei
2926 3299 3107 3353 visum
3138 3296 3228 3359 sit,
3258 3310 3290 3348 a
3317 3308 3377 3348 se
3413 3306 3502 3345 re-

1918 3383 2431 3479 poscerezeosdem
2475 3396 2682 3453 debent
2725 3408 2785 3448 se
2819 3399 3100 3461 reputare,
3130 3385 3226 3456 qui
3273 3383 3504 3455 gratiam

1920 3498 2165 3556 divinam
2208 3488 2495 3549 consecuti
2545 3495 2695 3551 sunt,
2724 3483 2963 3539 demisse
2998 3495 3064 3534 ac
3112 3475 3397 3549 humiliter
3437 3472 3506 3527 de

1921 3611 1984 3651 se
2029 3589 2266 3653 sentire,
2306 3600 2373 3641 ac
2422 3580 2676 3639 confiteri
2738 3575 2980 3646 inopiam
3038 3585 3216 3628 suam.
3266 3564 3507 3623 Perinde

1922 3684 2072 3741 enim
2097 3695 2163 3737 ac
2186 3679 2232 3737 si
2254 3691 2488 3748 pauper,
2516 3672 2612 3744 qui
2645 3671 2965 3726 thesaurum
2987 3679 3020 3719 a
3042 3677 3170 3728 rege
3193 3657 3505 3729 depositum

1924 3775 2167 3845 accepit,
2202 3746 2385 3826 alieno
2425 3766 2683 3822 thesauro
2738 3759 2914 3814 fretus
2950 3756 3102 3810 velut
3144 3752 3260 3807 suis
3309 3746 3511 3817 opibus

1925 3870 2210 3928 efferatur,
2237 3878 2301 3918 ac
2318 3859 2562 3929 conejus
2590 3856 2730 3910 altos
2752 3858 2935 3907 sumat
2958 3847 3210 3918 spiritus,
3235 3840 3417 3897 aufert
3439 3838 3510 3892 ai)

1926 3977 1995 4018 eo
2022 3974 2120 4014 rex
2148 3956 2471 4011 thesaurum
2507 3961 2691 4009 suum,
2719 3958 2783 3998 ac
2811 3944 3100 4010 permanet
3144 3935 3258 3998 ille,
3287 3929 3384 4000 qui
3416 3928 3519 3982 de-

1929 4048 2094 4122 positi
2138 4048 2262 4103 loco
2292 4058 2420 4097 eum
2460 4046 2773 4107 acceperat,
2797 4032 2976 4103 qualis
3006 4037 3124 4083 erat
3160 4033 3342 4085 antea,
3374 4035 3511 4091 pau-

1929 4160 2031 4217 per
2062 4141 2185 4197 :sic
2206 4152 2449 4209 quoque,
2471 4133 2566 4202 qui
2589 4130 2819 4201 gratiam
2848 4119 3128 4179 consecuti
3158 4126 3309 4181 sunt,
3341 4115 3384 4169 si
3414 4129 3517 4167 (εχ-ι

1932 4238 2221 4299 tollantur,
2251 4246 2316 4286 ac
2354 4224 2673 4298 superbiam
2722 4217 3040 4286 concipiant
3080 4224 3272 4266 eorum
3321 4204 3514 4271 corda,

1931 4330 2114 4385 aufert
2132 4326 2201 4381 ab
2232 4324 2342 4379 illis
2374 4318 2639 4375 Dominus
2678 4312 2907 4385 gratiam
2939 4323 3117 4368 suam,
3146 4311 3202 4357 ct
3228 4303 3517 4356 remanent

1936 4422 2091 4485 tales,
2119 4417 2311 4488 quales
2336 4422 2497 4469 erant
2521 4412 2840 4480 priusquam
2873 4397 3159 4456 consecuti
3181 4401 3368 4451 essent
3386 4406 3515 4463 gra-

1864 4543 1909 4597 D
1941 4514 2067 4567 tiam
2094 4526 2125 4563 a
2147 4506 2401 4563 Domino.

2010 4600 2250 4657 XXVIII.
2278 4598 2482 4653 Verum
2523 4591 2705 4655 multi,
2749 4604 2808 4643 se
2851 4587 2939 4641 vel
2986 4583 3330 4639 inhabitante
3360 4577 3417 4632 in
3458 4593 3520 4632 se

1940 4695 2135 4769 gratia,
2155 4710 2184 4747 a
2204 4698 2429 4760 peccato
2447 4686 2586 4741 clam
2606 4678 2819 4749 subripi
2836 4695 2944 4732 non
2964 4676 3297 4748 percipiunt.
3315 4672 3521 4736 Quem—

1941 4786 2237 4844 admodum
2292 4781 2336 4835 si
2380 4781 2452 4835 sit
2501 4778 2553 4831 in
2599 4777 2762 4829 domo
2797 4774 2977 4841 aliqua
3021 4766 3268 4837 quaedam
3324 4764 3520 4832 juven-

1942 4877 2084 4941 cula,
2113 4872 2370 4928 similiter
2416 4875 2472 4922 et
2512 4865 2873 4923 adolescens;
2913 4865 3169 4911 caeterum
3225 4852 3344 4904 haec
3391 4863 3520 4900 vcr-

1942 4972 2139 5025 borum
2184 4961 2461 5019 illecebris
2495 4958 2564 5012 ab
2587 4971 2654 5011 eo
2684 4954 2921 5013 devicta,
2948 4946 3027 5000 illi
3075 4940 3372 5003 consentit,
3404 4946 3523 4991 stu-

1944 5077 2103 5135 prum
2136 5053 2452 5116 committit,
2478 5065 2563 5112 ac,
2607 5061 2727 5115 quae
2773 5040 3101 5109 expellatur,
3132 5042 3413 5087 meretur:
3444 5027 3524 5081 sic

1948 5121 2213 5209 terribilis
2233 5148 2321 5200 illc
2342 5156 2572 5211 serpens
2600 5134 2810 5206 peccati
2836 5138 3104 5201 perpetuo
3127 5124 3285 5179 adest
3306 5121 3543 5195 animzeq

1945 5260 2066 5300 eam
2116 5240 2363 5294 alliciens
2411 5250 2474 5288 ac
2521 5241 2847 5301 provocans,
2905 5238 3025 5291 qua:
3080 5219 3125 5273 si
3174 5214 3523 5284 astipulelur,

1946 5331 2317 5392 communicat
2361 5326 2544 5381 anima
2587 5322 2912 5387 incorporea
2944 5329 3068 5368 cum
3123 5310 3259 5364 vitio
3298 5305 3531 5375 spiritus

1950 5427 2302 5494 incorporeo.
2326 5421 2431 5473 hoc
2450 5424 2556 5479 est,
2579 5410 2810 5483 spiritus
2829 5422 2955 5462 cum
2983 5405 3181 5476 spiritu
3206 5400 3526 5456 societatem

1951 5518 2075 5580 init,
2097 5489 2152 5569 et
2180 5511 2515 5569 adulterium
2547 5501 2846 5561 committit
2876 5500 2933 5554 in
2961 5498 3129 5555 corde
3168 5506 3270 5551 δυο
3319 5491 3386 5555 is,
3435 5489 3531 5559 qui

1950 5608 2211 5665 societate
2270 5602 2404 5658 inita
2448 5596 2645 5667 recipit
2710 5591 3096 5663 cogitationem
3180 5580 3532 5655 nequissimi.

1952 5702 2142 5755 Modus
2184 5712 2314 5765 ergo
2350 5688 2670 5749 certaminis
2705 5684 2783 5740 tui
2834 5684 2925 5737 hic
2970 5690 3073 5745 est,
3104 5696 3172 5735 ne
3200 5678 3535 5733 adulterium

1953 5791 2265 5851 committas
2294 5787 2349 5843 in
2387 5778 2811 5856 cogitationibus
2840 5774 2969 5842 tuis,
2996 5773 3090 5830 sed
3126 5781 3188 5828 ut
3215 5768 3533 5833 relucteris,
