3966 6464
465 398 573 462 595

1709 386 1772 445 S.
1810 384 2130 445 MACARII
2171 383 2492 443 [EGYP’I‘II

3663 390 3753 456 596

464 512 521 559 et
549 503 833 558 internum
862 497 1068 554 bellum
1099 511 1162 552 ac
1214 510 1451 565 pugnam
1487 492 1773 564 suscipias,
1796 509 1899 547 nec
1936 508 2057 547 mo—

2170 492 2253 563 ιιίᾳ
2277 492 2335 545 ἐν
2377 494 2489 557 τοῖς
2528 492 2806 563 λογισμοις
2827 508 2840 523 ’
2887 493 2980 547 καὶ
3008 494 3109 547 ὲάν
3137 493 3375 561 ταύτην
3418 494 3519 562 τὴν
3555 496 3759 568 ἑτοίμα.

466 611 582 649 rem
614 608 796 664 geras,
826 606 966 645 neve
1008 588 1303 644 delecteris
1327 603 1356 640 a
1386 585 1633 655 nequitia
1670 586 1725 639 in
1765 585 2052 655 cogitatio.

464 684 656 738 nibus.
681 681 856 747 Quam
885 678 1057 732 animi
1088 674 1583 747 promptitudinem
1613 672 1659 727 si
1702 673 1967 729 Dominus
1996 673 2052 728 in

467 786 523 831 te
553 770 956 844 deprehendat,
980 770 1039 823 in
1064 768 1363 823 novissimo
1402 766 1493 821 die
1532 764 1767 836 recipiet
1796 773 1849 820 te
1886 766 1943 820 in
1966 782 2055 822 re-

466 882 638 939 gnum
666 866 956 920 ccelorum.

541 958 736 1013 XXIX.
774 958 916 1012 Sunt
940 956 1089 1011 enim
1132 953 1405 1025 quaedam,
1435 969 1559 1024 quae
1608 953 1685 1009 ita
1735 952 2056 1007 moderatur

472 1051 761 1115 Dominus,
790 1066 859 1103 ne
880 1048 1094 1101 nullum
1131 1045 1510 1101 testimonium
1540 1044 1733 1117 gratiae
1773 1044 1981 1099 divinae
2000 1054 2063 1099 es

470 1140 790 1196 vocationis
810 1156 922 1195 sua:
952 1139 1194 1194 ediderit
1220 1155 1234 1192 :
1262 1146 1392 1192 sunt
1418 1136 1550 1191 item
1580 1146 1636 1191 et
1670 1136 1803 1200 alia,
1827 1151 1955 1206 qua:
1980 1138 2057 1191 ita

364 1259 369 1263 -
474 1232 852 1305 permittendo
908 1231 1261 1286 administrat
1319 1230 1496 1293 Deus,
1557 1236 1618 1283 ut
1677 1229 1948 1299 probetur
2001 1237 2058 1284 et

472 1335 803 1381 exerceatur
854 1324 1040 1389 homo,
1085 1338 1149 1378 ac
1194 1323 1419 1393 pateliat
1464 1321 1702 1375 liberum
1756 1322 2058 1377 voluntatis

478 1419 732 1473 humanm
766 1417 1081 1471 arbitrium.
1116 1413 1524 1470 Atllictionibus
1573 1412 1721 1468 enim
1768 1429 1833 1468 ac
1877 1422 2058 1468 tenta-

478 1512 726 1567 tionibus
775 1509 1051 1580 oppressi,
1102 1509 1147 1562 si
1204 1506 1593 1567 sustinuerint.
1637 1522 1749 1561 non
1797 1506 2061 1561 excidunt

479 1620 647 1675 regno
701 1603 987 1658 caelorum.
1036 1599 1338 1656 C-liristiani
1391 1613 1524 1668 ergo
1563 1598 1617 1652 in
1662 1598 1826 1653 rebus
1849 1597 2061 1675 asperis

477 1672 631 1751 nullo
656 1712 760 1751 nec
785 1696 978 1750 dolore
1013 1709 1116 1747 nec
1146 1692 1371 1747 tristitia
1400 1691 1732 1745 alliciuntur.
1763 1690 1819 1745 Si
1870 1672 2059 1761 inopia

478 1799 573 1845 aut
606 1788 941 1844 contumelia
974 1787 1356 1856 explorantur,
1404 1800 1514 1838 non
1568 1784 1778 1839 debent
1822 1784 2063 1838 admira—

480 1882 630 1938 tione
653 1881 795 1936 alliei
818 1899 832 1948 ;
868 1880 1056 1951 potius
1096 1885 1419 1949 paupertate
1443 1877 1730 1942 delectari,
1754 1893 1818 1931 ac
1851 1893 1951 1947 pro
1974 1877 2061 1932 di-

480 1974 634 2029 vitiis
667 1973 895 2035 liabere,
924 1971 1193 2042 jejunium
1254 1986 1355 2040 pro
1421 1969 1655 2033 deliciis,
1704 1970 2061 2041 ignominiam

480 2080 585 2136 pro
614 2064 809 2135 gloria.
838 2064 913 2117 Ex
949 2063 1183 2118 adverso
1230 2062 1274 2117 si
1322 2062 1618 2117 inciderint
1663 2062 1717 2116 in
1751 2077 1841 2116 res
1873 2062 1927 2116 in
1961 2063 2066 2117 bac

364 2170 371 2179 '
481 2157 597 2212 vita
631 2156 941 2227 praeclaras,
972 2171 1094 2225 quae,
1127 2171 1223 2209 eos
1252 2155 1515 2209 allectant
1540 2153 1608 2207 ad
1657 2154 1899 2223 quietem
1947 2170 2065 2208 car-

484 2248 692 2312 nalem,
726 2247 791 2301 ad
824 2247 1070 2310 divitias,
1120 2246 1187 2301 ad
1240 2246 1497 2316 gloriam,
1546 2254 1642 2301 aut
1695 2246 1761 2299 ad
1813 2246 2062 2311 delicias,

484 2340 712 2395 omnino
736 2356 847 2394 non
879 2338 964 2394 his
988 2339 1253 2394 delectari
1294 2338 1521 2404 debent,
1549 2338 1645 2393 sed
1674 2338 1827 2394 velut
1852 2338 1921 2393 ab
1952 2338 2063 2409 igni

483 2428 771 2495 aufugere.

554 2610 725 2667 XXX.
757 2610 907 2667 Idem
960 2612 1139 2667 oculis
1184 2611 1581 2684 subjicuamus:
1631 2612 1677 2667 si
1710 2628 1846 2683 gens
1884 2612 2065 2682 aliqua

484 2706 686 2775 exigua
736 2712 1027 2758 moveatur
1070 2704 1136 2758 ad
1172 2704 1377 2758 bellum
1412 2704 1526 2774 regi
1555 2702 1924 2769 inferendum,
1955 2720 2067 2759 non

484 2797 645 2851 valde
675 2796 943 2852 sollicitus
964 2804 1049 2850 est
1082 2796 1199 2866 ipse
1232 2796 1286 2851 in
1319 2811 1388 2851 eo
1413 2795 1781 2859 conﬁciendo,
1814 2796 1910 2851 sed
1937 2796 2068 2850 mit-

486 2887 553 2942 tit
578 2888 781 2944 milites
802 2904 928 2943 eum
960 2887 1217 2954 ducibus,
1247 2891 1344 2959 qui
1380 2890 1585 2944 bellum
1613 2898 1829 2961 gerant.
1854 2889 1911 2944 Si
1935 2905 2070 2945 vero

487 2995 623 3050 gens
642 2989 791 3035 mota
813 2996 925 3035 non
950 2980 1024 3035 sit
1053 2980 1239 3051 exigui
1270 2981 1514 3047 numeri,
1530 2996 1653 3052 quae
1678 2995 1875 3051 nempe
1896 2982 2071 3053 possit

487 3079 741 3126 evertere
786 3086 1018 3141 regnum
1060 3072 1202 3141 ejus,
1249 3071 1467 3142 cogitur
1508 3073 1625 3142 ipse
1680 3087 1776 3127 rex
1801 3087 1925 3127 cum
1966 3072 2071 3127 do-

491 3161 738 3216 mesticis
766 3170 823 3216 et
840 3164 1086 3217 exercitu
1112 3177 1214 3217 suo
1248 3163 1303 3217 in
1338 3163 1539 3217 bellum
1561 3163 1884 3232 procedere,
1907 3173 2071 3234 atque
2098 3183 2141 3241 (ς

494 3251 742 3307 collectis
792 3252 970 3321 copiis
1028 3253 1232 3307 bellqu
1290 3251 1610 3324 proﬂigare.
1663 3252 1896 3322 Respice
1942 3269 2074 3326 ergo

490 3344 817 3416 dignitatem
854 3354 1025 3411 tuam,
1072 3360 1289 3415 nempe,
1337 3345 1511 3400 Deum
1550 3344 1925 3400 exsurrexisse
1949 3360 2077 3400 cum

492 3448 596 3488 suo
611 3434 930 3497 exercitu“,
944 3434 1286 3504 angelorum,
1302 3432 1547 3504 inquam,
1564 3440 1620 3487 et
1636 3441 1950 3487 sanctorum
1967 3434 2073 3504 61

493 3524 815 3595 spirituum,
840 3534 902 3580 ut
923 3540 1009 3587 ea,
1035 3540 1157 3595 qua
1186 3525 1255 3579 ad
1286 3540 1346 3579 se
1372 3532 1609 3595 spectat,
1638 3524 1910 3594 legatione
1960 3525 2080 3595 ipse

491 3617 819 3688 perfunctus
846 3627 900 3673 te
931 3617 1233 3672 redimeret
1260 3632 1292 3671 a
1322 3623 1522 3671 morte.
1566 3616 1806 3671 Obtirma
1834 3616 2001 3687 igitur
2025 3626 2080 3672 te

494 3709 697 3778 ipsum.
744 3723 809 3763 ac
851 3709 1054 3779 cogita,
1105 3716 1313 3778 quanta
1363 3706 1713 3778 providentia
1766 3707 1846 3762 tui
1903 3708 2080 3778 gratia

494 3799 636 3854 facta
660 3799 774 3854 siti
807 3798 1079 3854 Caeterum
1112 3800 1323 3854 utimur
1347 3798 1600 3868 exemplo
1632 3812 1663 3851 e
1690 3797 1799 3852 vita
1838 3798 2080 3852 humana

495 3888 670 3959 petito
718 3897 978 3958 tanquam
1005 3887 1059 3942 in
1097 3888 1209 3943 vita
1234 3887 1418 3943 adhuc
1460 3886 1810 3943 exsistentes.
1844 3887 2080 3942 Perinde

496 3994 563 4035 ac
590 3981 635 4035 si
658 3996 756 4035 rex
782 3979 1064 4035 incidatin
1085 3979 1380 4050 quemdam
1406 3993 1730 4049 pauperem,
1759 3977 2080 4033 inﬁrmitate

496 4070 778 4137 atl‘ectum,
813 4086 917 4125 nec
962 4069 1257 4125 erubescat
1302 4068 1622 4123 salubribus
1657 4068 2081 4124 medicamentis

496 4163 619 4232 ejus
648 4177 844 4217 curare
872 4161 1103 4216 vulnera
1122 4200 1138 4227 ,
1166 4169 1223 4215 et
1247 4175 1377 4216 eum
1403 4162 1459 4214 in
1486 4160 1749 4230 palatium
1778 4175 1938 4214 suum
1963 4160 2081 4216 illa-

502 4261 617 4307 tum
662 4254 857 4308 induat
889 4269 1133 4323 purpura
1183 4268 1248 4309 ac
1294 4251 1623 4320 diademate,
1658 4262 1823 4322 atque
1851 4254 2079 4322 partici-

499 4336 625 4415 pem
656 4344 819 4397 faciat
860 4359 1065 4399 menste
1093 4359 1240 4399 suae:
1276 4343 1358 4398 sic
1402 4343 1644 4398 cmlestis
1685 4358 1780 4397 rex
1826 4343 2081 4399 Christus

500 4434 771 4489 accedens
816 4435 885 4489 ad
936 4435 1218 4490 hominem
1268 4434 1510 4505 graviter
1548 4435 1827 4501 affectum,
1867 4435 2082 4490 sanavit

2155 584 2277 636 σίαν
2310 582 2449 654 εὒρῃ
2477 585 2506 637 ὁ
2534 584 2737 654 Κύριος
2776 586 2834 636 ἐν
2868 584 2972 645 σοι,
2998 586 3057 635 ὲν
3078 588 3154 655 τῇ
3197 585 3428 655 ἐσχάτῃ
3462 586 3640 659 ἡμέρᾳ
3663 609 3755 643 πα-

2156 677 2497 748 ραλαμϐάνει
2526 694 2585 729 σε
2613 679 2673 731 ὲν
2700 679 2767 748 τῇ
2797 676 3044 748 βασιλείᾳ
3075 678 3299 732 αὐτοῦ.

2229 950 2360 1004 ΚΘθ.
2436 926 2568 1004 εστι
2602 949 2710 1021 γάρ
2751 965 2876 1001 τινα
2926 948 3276 1020 πράγματα,
3337 948 3375 1003 ἃ
3421 950 3751 1023 οἶκονομεῖέ

2157 1042 2361 1113 Κύριος
2409 1042 2498 1095 ῐνα
2531 1041 2607 1111 μὴ
2637 1041 2954 1111 ἀμάρτυρον
2985 1041 3193 1094 ἑαυτὸν
3232 1042 3457 1113 ποιήσῃ
3482 1043 3587 1113 τῆς
3622 1045 3755 1106 θείας

2157 1134 2385 1205 χάριτος
2402 1134 2500 1188 καὶ
2530 1132 2631 1203 τῆς
2659 1132 2906 1202 κλήσεως
2930 1132 3093 1186 αὑτοῦ
3118 1148 3137 1161 ⁸
3180 1134 3292 1185 καὶ
3322 1134 3450 1185 ἐστι
3478 1134 3605 1186 τινὰ
3627 1137 3749 1207 πρά-

2157 1242 2365 1295 γματα,
2404 1224 2441 1278 ἃ
2473 1223 2651 1287 οὕτως
2689 1225 2967 1293 οἰκονομεῖ
3011 1223 3165 1277 κατὰ
3201 1223 3639 1296 Μμχὼρησιν,
3679 1227 3749 1279 ἶνα

2158 1315 2464 1386 δοκιμασθῇ
2495 1316 2589 1369 καὶ
2615 1314 2905 1385 γυμνασθῇ
2928 1316 2957 1368 ὁ
2986 1314 3322 1386 ἄνθρωπος,
3356 1316 3448 1369 ἵνα
3477 1318 3743 1389 ἀποδειχθῇ

2157 1408 2220 1462 τὸ
2248 1407 2593 1474 αὐτεξούσιον
2621 1407 2719 1460 τοῦ
2758 1406 3067 1477 ἀνθρώπου.
3094 1408 3165 1460 Oi
3197 1409 3317 1479 γὰρ
3352 1410 3415 1463 ὲν
3437 1409 3646 1480 θλίψεσι
3668 1412 3745 1463 καὶ

2160 1500 2487 1570 πειρασμοῖς
2531 1498 2707 1563 ὄντες,
2735 1498 2831 1551 ἐὰν
2868 1498 3282 1568 ὑπομείνωσιν,
3313 1502 3424 1553 οὐκ
3454 1502 3738 1571 ἀποτυγχὰ-

2160 1594 2313 1644 νουσι
2336 1590 2435 1659 τῆς
2464 1589 2743 1660 βασιλείας
2763 1590 2877 1643 τῶν
2902 1590 3182 1661 οὐρανῶν.
3221 1593 3293 1644 Οἱ
3326 1586 3427 1645 οὗν
3453 1594 3737 1663 Χριστιανοὶ

2158 1684 2220 1735 ἐν
2244 1683 2358 1745 τοῖς
2383 1681 2655 1753 θλιϐεροϊς
2684 1682 3005 1753 πράγμασιν
3030 1682 3133 1734 οὒκ
3168 1682 3453 1752 ἄχθονται
3476 1684 3507 1753 ἢ
3533 1683 3735 1737 λυποῦν-

2162 1791 2288 1827 ται’
2334 1775 2433 1829 ὲάν
2470 1775 2529 1827 ὲν
2574 1773 2736 1845 πενίᾳ
2775 1774 2809 1845 ἥ
2860 1775 3172 1847 κακουρχίᾳ
3228 1776 3618 1840 ἑξετασθῶσιν,
3659 1779 3736 1831 οὐκ

2091 1841 2137 1899 Β
2164 1866 2438 1935 ὀφείλουσι
2482 1841 2808 1933 ξενίζεσθαι,
2840 1867 2977 1919 ἀλλά
3007 1841 3221 1937 nail-0v
3268 1868 3654 1938 συνηδύνεσθαι
3683 1872 3731 1939 τῇ

2164 1956 2429 2029 πτωχείᾳ,
2472 1958 2565 2010 καὶ
2599 1957 2854 2026 ἡγεῖσθαι
2894 1957 3014 2010 ἀντὶ
3052 1956 3335 2024 πλούτου,
3382 1958 3483 2029 τὴν
3513 1961 3729 2028 νηστείαν

2164 2049 2287 2104 ἀντὶ
2327 2048 2560 2120 τρυφῆς,
2597 2048 2696 2118 τὴν
2731 2048 2961 2118 ἀτιμίαν
3002 2049 3101 2102 καὶ
3136 2049 3381 2113 ἀδοξίαν
3433 2053 3549 2105 ἀντὶ
3574 2051 3727 2120 8651;;-

2166 2141 2326 2196 πάλιν
2366 2140 2446 2202 δὲ,
2489 2140 2587 2193 ὲάν
2620 2140 2936 2209 ἐμπέσωσιν
2964 2140 3047 2200 είς
3091 2142 3425 2212 πράγματα
3466 2141 3633 2205 ἔνδοξα
3666 2142 3725 2209 τῷ

2167 2232 2267 2304 βίῳ
2291 2232 2486 2302 τούτῳ,
2518 2231 2663 2301 άπερ
2690 2231 3060 2303 προτρέπεται
3104 2233 3322 2296 αὐτοὺς
3347 2235 3430 2296 εἰς
3460 2233 3723 2286 ἀνάπαυσιν
3828 2222 3829 2253 ἶ

2168 2320 2459 2393 σαρκικὴν,
2493 2320 2527 2390 ἢ
2568 2320 2820 2386 πλοῦτον,
2846 2322 2879 2393 ἢ
2909 2320 3090 2386 δόξαν,
3119 2323 3155 2392 ἢ
3200 2324 3454 2393 τρυφὴν,
3494 2322 3712 2392 ὀφείλουσι

2170 2416 2245 2485 μὴ
2295 2413 2626 2485 συνήδεσθαι
2678 2414 2921 2481 τούτοις,
2952 2415 3066 2469 ἀλλ’
3130 2416 3493 2486 ἀποφεύγειν
3542 2416 3603 2476 ὡς
3634 2415 3710 2467 ἀπὸ

2167 2525 2240 2559 πυ
2247 2507 2361 2578 ρος.

2236 2598 2315 2654 Λ’.
2343 2600 2438 2664 Εἰς
2464 2613 2524 2653 το
2546 2615 2900 2669 φαινδμενον·
2966 2602 3088 2662 dvo;
3109 2601 3216 2654 ἐὰν
3252 2600 3543 2671 ἐλάχιστον
3570 2602 3685 2651 ἐπικι-

2167 2693 2303 2765 νηθῇ
2327 2691 2407 2763 τῷ
2439 2692 2648 2762 βασιλεῖ
2678 2693 2816 2763 πρὸς
2850 2692 3109 2763 πόλεμον,
3150 2693 3219 2747 ού
3264 2693 3473 2764 κάμνει
3514 2689 3681 2759 πολεμῶν

2169 2784 2353 2847 αὐτὸς,
2383 2784 2497 2837 ἀλλ’
2528 2784 2850 2838 ἀποστέλλει
2877 2784 3225 2854 στρατιώτας
3251 2787 3399 2857 μετὰ
3429 2786 3533 2839 τῶν
3557 2781 3689 2853 ἀρχὸν·

2169 2895 2279 2932 των
2299 2876 2503 2942 αὐτῶν,
2530 2876 2625 2930 καὶ
2647 2876 2927 2931 ποιοῦνται
2950 2878 3042 2931 τὸν
3064 2878 3344 2949 πόλεμον.
3381 2878 3503 2932 Ἐάν
3526 2876 3572 2930 δὲ
3592 2874 3693 2933 ἔθνος

2174 2964 2486 3042 μέγιστονῇ
2507 2969 2569 3022 τὸ
2591 2968 2926 3038 ὲπικινηθὲν,
2946 2968 3261 3040 δυνάμενον
3290 2969 3610 3041 ὲμπορθῆσαι
3630 2964 3698 3028 τὴν

2174 3062 2452 3134 βασιλείαν
2478 3061 2668 3123 αὐτοῦ,
2700 3061 3071 3129 ἀναγκάζεται
3098 3064 3275 3127 αὐτὸς
3315 3066 3344 3117 ὁ
3384 3060 3606 3133 βασιλεὺς
3630 3056 3698 3107 σὺν

2172 3158 2286 3218 τοῖς
2320 3157 2379 3208 ὲν
2430 3154 2508 3225 τῷ
2555 3155 2805 3225 παλατίῳ
2869 3155 2967 3209 atat
3007 3157 3126 3219 τοῖς
3169 3154 3549 3226 στρατοπέδοις
3578 3144 3701 3202 αὐτοῦ

2174 3247 2428 3303 ἀπελθεῖν
2450 3249 2821 3319 συγκροτῆσαι
2845 3249 2939 3302 τὸν
2967 3247 3238 3319 πόλεμον.
3265 3249 3442 3304 Βλέπε
3459 3245 3544 3299 οὖν
3562 3256 3636 3293 σου
3656 3237 3700 3289 τὸ

2173 3339 2412 3410 ἀξίωμα,
2434 3340 2517 3393 ὅτι
2544 3341 2573 3392 ὀ
2613 3340 2747 3404 Θεὸς
2788 3340 3015 3412 ἐκινήθη
3063 3343 3212 3411 μετὰ
3243 3342 3343 3395 τοῦ
3379 3340 3503 3394 ἰδίου
3524 3347 3700 3404 στρατο-

2174 3432 2363 3497 πέδου,
2396 3432 2505 3486 τῶν
2549 3432 2796 3501 ἀγγέλων
2832 3431 2976 3501 λέγω
3018 3432 3114 3486 καὶ
3153 3432 3262 3487 τῶν
3295 3432 3464 3499 άγίων
3503 3421 3701 3491 πνευμά·

2174 3543 2307 3591 των,
2359 3526 2440 3589 είς
2485 3524 2587 3595 σὴν
2634 3524 2934 3595 πρεσϐείαν
2976 3522 3047 3578 δι’
3078 3523 3288 3577 ἑαυτοῦ
3336 3519 3508 3581 ἐλθὼν,
3551 3514 3619 3566 ἵνα
3655 3525 3700 3560 σε

2176 3616 2523 3689 λυτρώσηται
2545 3617 2611 3669 ὲκ
2630 3614 2725 3669 τοῦ
2747 3614 3004 3671 θανάτου.
3047 3614 3105 3669 ’Δ
3115 3615 3381 3683 σφάλισαι
3403 3609 3487 3665 οὖν
3502 3601 3696 3663 σεαυτὸν,

2177 3709 2274 3765 καὶ
2300 3708 2584 3780 ἐννοήθητι
2611 3708 2699 3761 aia
2734 3706 2963 3778 πρόνοια
2999 3706 3089 3762 διὰ
3143 3708 3208 3761 σὲ
3243 3706 3539 3776 γεγένηται.
3570 3695 3697 3747 Ὑπο-

2182 3801 2433 3871 δείγματι
2458 3800 2516 3853 δὲ
2544 3797 2780 3869 βιωτικῷ
2806 3798 3154 3869 κεχρήμεθα,
3199 3797 3279 3862 ὡς
3305 3800 3365 3851 ὲν
3386 3794 3496 3866 βίῳ.
3536 3787 3692 3849 ὀσπερ

2178 3893 2247 3948 ἂν
2374 3892 2661 3963 βασιλεὺς,
2716 3891 2814 3944 καὶ
2857 3888 2994 3961 εὕρῃ
3042 3891 3169 3944 τινὰ
3223 3890 3403 3958 ἐνδεῆ,
3444 3884 3527 3939 καὶ
3553 3879 3687 3949 ἔχοντα

2179 3986 2359 4055 πάθη,
2401 3984 2496 4038 καὶ
2535 3982 2611 4055 μὴ
2658 3982 2997 4052 ὶπαισχυνθῇ
3037 3982 3235 4046 αὐτὸν,
3280 3979 3416 4036 ἀλλὰ
3449 3973 3684 4055 φαρμάκοις

2180 4052 2493 4146 ῑαματικοίς
2537 4052 2879 4145 ⁷θεραπεύσῃ
2943 4073 3109 4126 αὑτοῦ
3169 4073 3242 4127 τά
3303 4068 3585 4141 τραύματα.
3617 4052 3671 4106 καί

2177 4166 2457 4237 ἀπενέγκῃ
2494 4165 2658 4218 αὐτὸν
2709 4165 2793 4227 είς
2844 4163 2909 4218 τὸ
2965 4163 3165 4219 ἑαυτοῦ
3209 4164 3486 4221 παλάτιον,
3523 4153 3587 4209 καὶ
3618 4148 3670 4237 ἔνς

2177 4257 2313 4328 δύσῃ
2361 4231 2527 4311 αὑτὸν
2572 4258 2673 4328 τήν
2724 4256 3039 4329 πορφυρίδα
3076 4258 3174 4310 καὶ
3231 4257 3294 4309 τὸ
3350 4231 3678 4318 διάδημαηιαἱ

2179 4354 2383 4424 ποιήσῃ
2414 4353 2576 4407 αὐτὸν
2610 4352 2873 4406 κοινωνὸν
2902 4353 3004 4422 τῆς
3046 4350 3333 4422 τραπέζης
3360 4342 3546 4400 αὐτοῦ’
3569 4332 3683 4424 οὗτος

2181 4416 2689 4515 καὶ-ὁὶπουράνιος
2721 4416 2980 4514 βασιλεὺς
3009 4416 3268 4514 Χριστὸς,
3287 4416 3462 4492 ’ἐλθὼν
3499 4427 3605 4498 πρὸς

501 4540 631 4581 eum
673 4535 837 4594 atque
868 4526 1082 4580 socium
1126 4526 1258 4582 fecit
1287 4526 1448 4596 regia:
1488 4542 1691 4582 mensae
1714 4542 1864 4593 suae;
1896 4537 1954 4582 et
1975 4528 2071 4583 hoc

2184 4537 2468 4607 ἄνθρωπον
2496 4508 2688 4605 έχοντα
2713 4508 2863 4605 πάθη
2896 4508 3104 4595 ἰάσατο,
3130 4536 3227 4589 καὶ
3258 4529 3475 4598 ἐποίησε
3500 4508 3685 4607 mme

502 4617 726 4688 quidem
763 4617 914 4672 nulla
951 4618 1005 4672 vi
1047 4618 1167 4687 ejus
1215 4619 1553 4674 voluntatem
1600 4621 1956 4690 compellens,
1984 4620 2083 4675 sed

503 4710 751 4766 alliciens
779 4710 838 4765 in
867 4717 1074 4766 tantam
1105 4711 1428 4783 dignitatem
1457 4727 1585 4767 eum
1612 4712 1919 4768 constituit.

572 4919 765 4976 XXXI.
802 4920 1083 4993 Scriptum
1110 4922 1260 4977 enim
1301 4931 1389 4977 est
1426 4922 1483 4977 in
1513 4923 1810 4995 Evangelia
1845 4922 2081 4977 :Domi-

504 5030 633 5069 num
658 5014 917 5068 dimisisse
963 5031 1138 5069 servos
1188 5015 1259 5068 ad
1301 5016 1595 5069 vocandum
1641 5032 1750 5079 eos,
1779 5016 1870 5086 qui
1899 5014 2083 5068 volunt

505 5103 699 5165 venire,
736 5105 1055 5157 denuntians
1107 5103 1245 5170 illis,
1283 5102 1581 5158 Prandium
1630 5120 1804 5158 meum
1835 5113 2085 5175 paratum

506 5203 602 5246 est.
636 5192 736 5258 Qui
766 5210 885 5247 vero
922 5196 1096 5248 vocati
1128 5204 1281 5249 erant
1322 5205 1640 5249 excusarunt
1689 5212 1765 5259 se,
1801 5197 2035 5249 dicentes
2067 5235 2083 5262 ,

508 5284 646 5337 alter
666 5284 903 5349 quidem.
925 5285 1065 5349 Emi,
1093 5286 1291 5357 inquit,
1308 5286 1445 5358 juga
1462 5287 1649 5353 boum;
1672 5286 1831 5352 alius,
1861 5287 2087 5343 Uxorem

2183 4601 2300 4698 τῆς·
2329 4601 2612 4697 βασιλικῆς
2655 4625 2821 4679 αὐτοῦ
2851 4601 3185 4696 ϋτραπέζίηςο
3222 4622 3315 4678 καὶ
3341 4618 3489 4673 τοῦτο
3524 4608 3573 4662 οὒ

2188 4718 2423 4788 σάμενος
2450 4718 2512 4770 τὸ
2542 4716 2756 4786 θέλημα
2789 4715 2977 4780 αὑτοῦ,
3018 4715 3157 4768 ἀλλὰ
3186 4707 3595 4786 προτρεψάμενος
3619 4706 3687 4744 αν*

2183 4808 2277 4862 τὸν
2307 4809 2386 4871 είς
2406 4807 2505 4877 τὴν
2534 4805 2796 4875 τοιαύτην
2818 4805 2999 4876 ἵστησι
3026 4807 3216 4875 τιμήν.

2258 4920 2383 4976 AA'.
2414 4922 2527 4976 Καὶ
2564 4920 2675 4991 γὰρ
2725 4921 2784 4975 ὲν
2820 4918 2897 4988 τῷ
2928 4918 3245 4989 Εύαγγελίῳ
3292 4893 3682 4991 γέγρσιτττάτιιῗτι

2200 5015 2537 5070 Ἀπέστειλε
2563 5013 2705 5080 τοὺς
2737 5012 2953 5067 ἑαυτοῦ
2974 5011 3236 5078 δούλους
3259 5013 3292 5064 ό
3312 5007 3512 5074 κύριος,
3529 4990 3680 5080 καλῷν

2189 5109 2332 5174 τοὺς
2371 5074 2991 5173 θέλονταςξδηλώσας
3022 5074 3255 5172 αὐτοῖς,
3281 5102 3368 5155 ὅτι
3400 5095 3461 5151 Τὸ
3492 5074 3683 5177 ἀριστῆν

2188 5217 2306 5271 μου
2336 5200 2694 5268 ἡτοίμασται
2712 5214 2725 5229 ·
2753 5199 2925 5253 αὐτοὶ
2945 5197 3014 5251 δὲ
3042 5201 3096 5251 oi
3123 5189 3460 5262 κεκλημένοι
3478 5182 3679 5277 arat-7.12%:

2200 5264 2392 5349 σαν-το
2419 5264 2724 5359 λέγοντες,
2767 5290 2835 5357 ὃς
2863 5290 2998 5360 μὲν,
3037 5291 3348 5359 Ἠγόρασαν
3394 5275 3524 5348 φη⁶ὶ’

508 5375 641 5428 (ιιιπὶ
674 5375 739 5427 ⁸⁸.
771 5375 937 5431 Vides
968 5386 1215 5446 paratum
1244 5379 1418 5434 fuisse
1470 5378 1565 5448 qui
1592 5383 1829 5444 vocavit,
1864 5389 2071 5435 vocato:

2677 5343 3372 5453 ’i‘u;az’ixa,ajpjiod’dpnr.
3403 5343 3560 5435 ⁷Ὁρᾷς
3576 5343 3673 5453 ὅτιιδ

509 5480 643 5519 vero
674 5465 945 5521 renuisse.
976 5467 1233 5524 Profecto
1264 5470 1321 5524 hi
1348 5470 1433 5525 sui
1454 5471 1631 5541 ipsius
1666 5472 1744 5526 rei
1776 5472 1904 5526 facti
1937 5481 2066 5528 sunt

2183 5438 2409 5549 'xiiﬁrwp
2442 5438 2681 5548 ἕτοιμος,
2712 5478 2760 5530 οἱ
2782 5477 2838 5529 δὲ
2867 5438 3158 5548 κληθέντες
3184 5438 3435 5528 ἀύτείπον.
3468 5456 3581 5549 Ἄρα
3602 5438 3672 5549 αξξ

513 5555 691 5611 'l‘auta
724 5568 810 5614 est
842 5559 1011 5629 igitur
1030 5558 1270 5630 dignitas
1292 5560 1756 5618 Christianorum.
1780 5564 2087 5634 Perpende,

514 5646 808 5703 Dominum
843 5666 1181 5722 praeparasse
1211 5652 1321 5710 illis
1355 5669 1615 5726 regnum,
1668 5666 1724 5712 et
1758 5673 1984 5714 vocasse
2021 5658 2091 5713 il-

2192 5526 2405 5549 ""'t"'t'
2446 5526 2681 5548 ""r""
2719 5526 2759 5530 "
2790 5526 2835 5529 "
2870 5526 3155 5548 ""1""7‘
3189 5526 3233 5528 “⁷⁷
3627 5545 3647 5557 '

2188 5575 2274 5622 τοι
2305 5568 2513 5622 ἑαυτῶν
2561 5569 2722 5623 αἴτιοι
2775 5568 3055 5637 γεγόνασι.
3108 5564 3366 5620 Τοσοῦτον
3395 5549 3474 5607 οὖν
3519 5544 3606 5637 ﬁt“
3634 5526 3669 5632 ςδ

2191 5660 2411 5733 ἀξίωμα
2435 5660 2544 5716 τῶν
2577 5630 2939 5734 Χριστιάνιῖιν.
2994 5658 3169 5714 Βλέπε
3195 5659 3273 5713 ὅτι
3299 5656 3324 5708 ὁ
3363 5646 3532 5713 Κύριος
3556 5630 3666 5698 ﬁt“.

583 5821 633 5855 "
662 5818 805 5876 Psal.
839 5841 1016 5891 xxxrv.
1057 5828 1107 5889 8.
1185 5834 1227 5867 ⁸⁵
1265 5835 1401 5891 Luc.
1440 5833 1768 5904 κιν,18-20;
1797 5836 1990 5892 Matth.
2017 5853 2147 5906 χχιι,
2181 5838 2232 5892 4.
