3966 6440
134 364 243 434 597

1393 358 1762 423 HOMILI/E.
1792 385 1861 395 --
1890 360 2077 428 HOM.
2120 364 2238 427 XV.

3323 366 3426 429 598
3456 424 3459 429 ι

161 493 349 554 μασεν
385 474 579 540 αὐτοῖς
607 474 707 546 τὴν
740 472 1020 546 βασιλείαν
1047 510 1064 537 ,
1104 471 1203 527 καὶ
1232 472 1385 526 καλεῖ
1414 473 1616 537 αὐτοὺς
1642 474 1754 526 εισ-

1889 490 1943 530 os
1973 476 2042 530 ad
2078 475 2519 548 ingrediendum,
2558 480 2705 552 ipsos
2741 498 2875 537 vero
2910 481 3173 540 noluisse.
3206 484 3283 538 De
3310 500 3436 538 mu-

159 574 378 636 ελθεῖν,
408 571 571 623 αὐτοὶ
599 568 657 622 δὲ
682 568 742 621 οὐ
766 567 999 621 θέλουσι.
1028 565 1173 635 Πρὸς
1199 564 1257 618 τὸ
1281 564 1421 635 δόμα
1445 564 1537 618 οῦν
1567 564 1595 618 ὃ
1628 564 1759 635 μὲλ-

154 667 310 719 λουσι
327 660 724 730 κληρονομεῖν.
739 656 897 710 τοῦτο
911 656 976 711 ἄν
988 674 1069 720 τις
1083 654 1259 727 ὀρθῶς
1271 656 1438 719 εῐποι,
1454 656 1516 709 ΕΞ
1529 655 1761 718 ἕκαστος

156 755 245 825 ἀφ’
260 748 331 808 οὗ
350 751 593 820 ἐκτίσθη
606 753 635 804 ὁ
658 749 782 803 Ἀδά
791 767 849 819 μ,
864 748 968 811 ἕως
982 747 1083 817 τῆς
1098 744 1514 809 συντελείαςτοῦ
1532 746 1758 816 κόσμου,

159 848 439 917 ἐπολέμει
492 846 630 914 πρὸς
657 843 748 897 τὸν
773 844 1040 905 Σατανᾶν,
1080 841 1174 896 καὶ
1224 841 1488 909 ὑπέμεινε
1522 839 1623 903 τὰς
1644 838 1763 892 θλί-

174 941 311 1009 ψεις,
350 936 525 990 οὐδὲν
564 935 706 1005 μέγα
749 933 924 987 ἐποίει
956 932 1091 1003 πρὸς
1138 932 1239 984 τὴν
1290 929 1448 994 δόξαν
1476 929 1542 999 ἣν
1576 928 1763 1000 μέλλει

170 1033 568 1103 κληρονομεῖν.
602 1028 1037 1099 Συμόασιλεύσει
1090 1027 1199 1096 γὰρ
1241 1026 1321 1088 είς
1352 1025 1479 1089 τοὺς
1519 1023 1763 1095 ἀπεράν-

164 1142 287 1187 τους
319 1122 549 1185 αἰῶνας
577 1123 715 1192 μετά
747 1118 1010 1190 Χριστοῦ.
1042 1119 1183 1185 Δόξα
1212 1118 1288 1187 τῷ
1319 1116 1492 1181 οὕτως
1542 1117 1763 1186 ἀγάπη-

160 1233 327 1270 σαντι
356 1214 473 1286 τὴν
506 1213 761 1283 τοιαύτην
797 1210 995 1282 ψυχὴν,
1036 1212 1117 1264 ὅτι
1145 1209 1307 1263 αὑτὸν
1338 1208 1500 1271 αὑτός
1533 1208 1627 1262 καὶ
1665 1207 1765 1278 τὴν

159 1308 337 1377 χάριν
359 1305 535 1360 αὑτοῦ
560 1306 748 1370 ἔδωκε,
766 1306 861 1358 καὶ
882 1303 1232 1358 ὲνεπίστευσε
1252 1304 1319 1371 τῇ
1344 1301 1509 1372 ψυχῇ.
1538 1298 1676 1367 Δόξα
1696 1302 1763 1372 τῇ

158 1397 556 1469 μεγαλωσύνη
586 1396 775 1451 αὐτοῦ.

246 1490 382 1543 AB'.
416 1489 576 1541 Κατὰ
596 1488 666 1541 τὰ
705 1487 1009 1557 φαινόμενα
1048 1488 1372 1560 πράγματα,
1423 1485 1533 1540 ἰδοὺ
1563 1483 1769 1547 πάντες

159 1584 222 1635 οἱ
259 1581 634 1651 καθεζόμενοι
672 1580 890 1649 ἀδελφοὶ
936 1581 1063 1651 μίαν
1098 1581 1295 1642 ,εξκόνα
1324 1580 1545 1650 ἔχομεν,
1585 1577 1682 1631 κοιλ⁵
1710 1576 1770 1630 ἓν

162 1670 492 1741 πρόσωπον
512 1670 604 1722 τοῦ
641 1669 812 1740 ’Δὸάμ
834 1684 849 1699 ’
882 1664 992 1741 ἆρα
1036 1670 1131 1724 καὶ
1159 1671 1238 1733 είς
1282 1669 1343 1722 τὸ
1382 1668 1646 1741 κρυπτὸν,
1677 1666 1772 1719 καὶ

165 1760 262 1821 εις
290 1761 369 1814 τὰ
401 1760 662 1813 ὲνδότατα
690 1759 1012 1831 πράγματα,
1045 1759 1144 1829 μία
1174 1759 1321 1813 ἐστὶν
1362 1761 1395 1829 ἡ
1450 1758 1771 1829 προαίρεσις

1862 580 1993 622 nere
2009 584 2164 639 ergo,
2192 570 2340 639 quod
2370 571 2671 627 Christiani
2697 574 3048 628 haereditario
3066 574 3189 644 jure
3213 590 3435 644 posses-

1860 657 1975 712 suri
2003 669 2154 724 sunt,
2184 669 2333 716 recte
2354 662 2461 717 hoc
2488 663 2613 732 quis
2644 663 2829 718 dicere
2860 665 3068 733 possit:
3096 663 3153 719 Si
3179 658 3455 735 quisque,

1862 767 1930 806 ex
1964 768 2074 821 quo
2106 763 2328 808 creatus
2357 762 2442 809 est
2474 754 2670 820 Adam,
2706 771 2880 825 usque
2917 756 2983 810 ad
3009 760 3443 812 consummatio-

1863 859 1987 898 nem
2017 845 2229 911 mundi,
2257 846 2546 902 dimicaret
2567 856 2759 901 contra
2798 847 3076 913 Satanam,
3118 861 3173 904 et
3205 850 3447 905 sustine-

1864 945 1954 991 ret
2014 936 2360 1003 aIIIictiones,
2426 938 2562 992 nihil
2618 940 2797 1009 magni
2848 949 3135 1010 perageret
3188 950 3439 1010 respectu

1865 1030 2072 1101 gloriae,
2098 1044 2265 1099 quam
2298 1040 2705 1085 consecuturus
2739 1040 2843 1085 est.
2882 1032 3153 1101 Regnabit
3196 1033 3344 1085 enim
3386 1032 3441 1085 in

1866 1122 2079 1177 infinita
2105 1122 2302 1177 saecula
2340 1138 2451 1177 una
2470 1138 2595 1177 cum
2623 1121 2868 1178 Christo.
2894 1122 3080 1179 Gloria
3116 1123 3188 1178 sit
3218 1124 3319 1187 illi,
3345 1124 3441 1193 qui

1868 1224 2022 1271 tanto
2071 1224 2401 1285 prosecutus
2447 1225 2533 1270 est
2558 1232 2750 1271 amore
2787 1217 2955 1271 talem
2987 1217 3248 1283 animam,
3285 1224 3347 1271 ut
3384 1232 3443 1273 se

1866 1306 2048 1377 ipsum
2097 1323 2161 1362 ac
2195 1323 2349 1362 suam
2410 1310 2643 1379 gratiam
2700 1310 2999 1364 contulerit
3052 1326 3116 1364 ac
3143 1309 3443 1364 crediderit

1867 1399 2082 1455 animae.
2104 1398 2287 1456 Gloria
2322 1400 2395 1456 sit
2428 1401 2849 1471 magniﬁcentiae
2869 1402 3013 1471 ejus.

1938 1492 2156 1548 XXXII.
2190 1493 2509 1548 Secundum
2538 1509 2625 1556 ea,
2676 1510 2798 1562 quae
2838 1495 3015 1549 oculis
3054 1503 3263 1563 patent,
3314 1509 3444 1551 ecce

1868 1600 1971 1640 nos
1998 1600 2192 1639 omnes
2219 1584 2441 1649 fratres,
2478 1585 2569 1654 qui
2610 1584 2889 1649 sedemus,
2926 1601 3032 1639 una
3074 1601 3265 1640 sumus
3304 1602 3445 1655 prae-

1871 1676 1971 1732 diti
2021 1676 2281 1747 imagine,
2334 1683 2500 1745 atque
2552 1691 2661 1729 una
2712 1674 2853 1731 facie
2913 1676 3064 1731 Adae.
3099 1678 3268 1732 Estne
3311 1692 3443 1747 ergo

1872 1771 2039 1825 etiam
2094 1770 2149 1823 in
2210 1768 2439 1823 secretis
2483 1777 2541 1823 et
2588 1768 2797 1823 intimis
2832 1769 3019 1832 rebus,
3054 1786 3161 1824 una
3201 1772 3443 1825 omniurr

168 1851 448 1917 πάντωνς
500 1850 594 1904 καὶ
648 1851 748 1921 μία
806 1851 1032 1922 καρδία;
1084 1854 1284 1914 πάντες
1323 1850 1433 1920 ἄρα
1479 1848 1539 1902 ἓν
1572 1852 1764 1919 ἐσμεν,

1889 1861 2168 1916 voluntas?
2203 1876 2374 1914 unum
2418 1859 2553 1914 cor?
2597 1873 2790 1914 omnes
2839 1874 2971 1931 ergo
3002 1876 3170 1914 unum
3214 1860 3445 1914 erimus.

173 1942 389 2011 ἁγαθοὶ⁵
423 1946 522 1998 καὶ
580 1944 873 2007 θεοσεὸεἶς.
914 1947 987 1999 ’Ἦ
1018 1946 1126 2016 ἄρα
1156 1946 1263 1998 είσί
1311 1961 1456 2010 τινες
1488 1942 1549 2009 ἐξ
1586 1943 1768 2014 ἡμῶν,

171 2036 258 2088 ὅτι
308 2038 364 2089 οἱ
444 2036 543 2106 μὲν
607 2036 925 2090 κοινωνοῦσι
982 2035 1204 2107 Χριστῷ
1267 2036 1363 2090 καὶ
1432 2039 1546 2098 τοῖς
1597 2034 1768 2102 ἀγγέ-

169 2126 289 2191 λοις
350 2126 568 2193 αὑτοῦ,
608 2127 659 2180 oi
692 2126 752 2180 δὲ
798 2127 876 2198 τῷ
926 2128 1142 2197 Σατανᾷ
1198 2128 1293 2182 καὶ
1342 2129 1454 2190 τοῖς
1509 2126 1769 2196 δαίμοσι·

167 2220 268 2273 καὶ
317 2218 451 2273 ὅλοι
478 2218 555 2283 ὡς
606 2215 686 2285 εἷς
734 2220 1046 2291 φαινόμενοι
1095 2219 1229 2288 ὁμοῦ
1284 2218 1626 2288 καθεζόμεθα
1654 2232 1669 2246 °
1716 2215 1776 2270 ἓν

171 2315 499 2384 πρόσωπον
542 2312 637 2367 τοῦ
689 2313 861 2383 Ἀδάμ
909 2314 1112 2376 πάντες
1171 2311 1390 2381 ἔχομεν.
1432 2310 1599 2382 Ὁρᾷς
1654 2310 1774 2373 πῶς

177 2407 367 2460 ἀλλοτί
392 2407 554 2460 ἐστιν
582 2408 615 2477 η
648 2406 811 2478 νοερά
854 2405 1034 2471 οὐσία,
1063 2407 1091 2459 ὁ
1119 2403 1227 2457 ἔσω
1265 2402 1573 2474 ἄνθρωπος,
1623 2401 1778 2473 παρὰ

176 2502 276 2554 τὸν
318 2500 475 2564 tito;
521 2499 605 2553 ὃτι
640 2492 722 2561 εἷς
771 2496 1078 2569 φαινόμεθα
1105 2496 1155 2548 οἱ
1185 2495 1385 2557 πάντες
1410 2509 1423 2524 ·
1452 2493 1549 2548 καὶ
1588 2493 1639 2546 οἱ
1679 2494 1778 2563 μὲν

174 2591 328 2661 μετὰ
378 2588 489 2644 τοῦ
526 2589 763 2662 Χριστοῦ
822 2589 919 2643 καὶ
974 2587 1085 2642 τῶν
1139 2586 1388 2656 ἀγγέλων
1425 2585 1564 2639 είσίν
1586 2601 1602 2617 ο
1636 2585 1687 2637 οἱ
1721 2583 1779 2637 δὲ

177 2683 333 2753 μετά
372 2680 481 2736 τοῦ
526 2682 741 2735 Σατανᾶ
789 2680 882 2735 καὶ
915 2680 1025 2734 τῶν
1071 2678 1399 2751 ἀκαθάρτων
1426 2676 1777 2747 πνευμάτων.

179 2778 250 2830 Ei
290 2770 396 2829 οὖν
428 2775 465 2846 ἡ
491 2773 691 2845 καρδία
724 2773 887 2845 βάθος
914 2791 967 2827 τι
992 2772 1106 2844 ἔχει
1145 2773 1476 2841 ἀπέραντον,
1512 2770 1634 2823 ικεῑ
1670 2771 1780 2822 εἰσι

183 2869 495 2942 τρίκλινοι,
542 2868 638 2922 καὶ
668 2865 961 2932 κοιτῶνες,
1014 2866 1198 2937 θύραι,
1242 2865 1339 2919 καὶ
1381 2861 1650 2934 πρόθυρα,
1686 2860 1782 2913 καὶ

188 2959 475 3014 διακονίαι
508 2958 722 3021 πολλαὶ,
768 2958 864 3012 καὶ
890 2956 1133 3023 διέξοδοι.
1179 2955 1327 3008 Ἐκεῖ
1369 2955 1485 3006 ἰστι
1512 2952 1575 3004 τὸ
1608 2952 1778 3019 ἔργα·

199 3054 437 3123 στήριον
461 3048 561 3119 τῆς
584 3046 957 3115 δικαιοσύνης,
982 3047 1076 3098 καὶ
1104 3043 1315 3106 ἀδικίας
1343 3059 1359 3074 ο
1400 3044 1515 3096 ἐκεῖ
1562 3043 1590 3095 ό
1612 3040 1781 3095 θάνα-

200 3163 293 3210 τος
316 3161 335 3176 ·
367 3144 490 3197 ἐκεῖ
521 3142 727 3211 ἐστινὴ
773 3138 886 3210 ζωή
910 3154 928 3172 ο
965 3138 1081 3192 ἐκεῖ
1111 3139 1258 3190 ἐστιν
1312 3135 1347 3207 ή
1386 3132 1565 3205 ἀγαθὴ
1610 3135 1783 3204 ἐμπο-

208 3238 322 3310 ρία,
352 3232 455 3290 καὶ
482 3234 516 3305 ἠ
545 3230 785 3287 ἐναντία.

281 3326 411 3382 Al".
467 3324 679 3394 Ὠσπερ
702 3322 796 3375 ὲάν
904 3318 1166 3374 παλάτιον
1193 3317 1476 3388 μέγιστον,
1511 3317 1607 3371 καὶ
1630 3314 1789 3370 τοῦτο

210 3416 502 3490 ὲρημωθῇ,
532 3415 628 3470 καὶ
650 3413 910 3483 πληρωθῇ
931 3413 1118 3482 πάσης
1139 3410 1425 3475 δυσωδίας,
1456 3411 1552 3463 καὶ
1579 3409 1790 3480 νεκρῶν

212 3511 430 3565 πολλῶν
455 3524 468 3537 ·
500 3508 642 3560 οὕτω
658 3507 747 3559 καὶ
769 3505 829 3558 τὸ
854 3504 1115 3560 πάλάτιον
1136 3502 1228 3555 τοῦ
1264 3500 1500 3572 Χριστοῦ
1534 3502 1567 3571 ἡ
1598 3499 1791 3571 καρδία

216 3605 357 3667 ἔστι,
390 3601 484 3655 καὶ
506 3601 663 3670 γέμει
689 3598 879 3666 πάσης
910 3595 1275 3665 ἀκαθαρσίας,
1332 3594 1427 3647 καὶ
1454 3592 1629 3663 ὄχλων
1660 3591 1791 3644 πολ-

223 3697 331 3749 λῶν
357 3692 607 3762 πονηρῶν
638 3688 967 3759 πνευμάτων
1014 3686 1133 3757 Χρὴ
1158 3680 1250 3738 οὖν
1272 3683 1430 3736 τοῦτο
1454 3682 1793 3753 ἀνακτισθῆ-

1872 1954 2004 2010 boni
2035 1964 2093 2010 et
2116 1954 2357 2024 religiosi
2391 1971 2404 2007 :
2440 1968 2508 2007 an
2536 1953 2727 2022 utique
2748 1954 2972 2023 quidam
3005 1970 3073 2008 ex
3097 1953 3257 2008 nobis
3297 1960 3443 2017 sunt,

1872 2047 1968 2116 qui
1992 2046 2313 2101 societatem
2345 2044 2590 2098 inierunt
2623 2059 2748 2098 cum
2782 2043 3004 2098 Christo
3026 2046 3253 2115 ejusque
3286 2057 3453 2113 ange-

1874 2140 1977 2205 lis;
2003 2139 2201 2208 reliqui
2234 2154 2364 2193 vero
2396 2151 2521 2191 cum
2559 2136 2758 2191 Satana
2792 2144 2849 2191 et
2880 2136 3222 2191 dzemonibus
3251 2144 3453 2189 utcun-

1874 2246 1983 2301 que
2033 2245 2226 2286 omnes
2270 2231 2425 2286 velut
2476 2246 2620 2285 unus
2667 2230 2956 2284 videamur
3008 2228 3238 2283 sedere?
3290 2242 3452 2281 unam

1876 2323 2082 2392 quippe
2131 2322 2329 2377 faciem
2378 2322 2509 2379 Adae
2548 2332 2845 2394 gestamus.
2880 2320 3138 2384 Videsne,
3177 2320 3455 2389 quomodo

1876 2413 2027 2469 aliud
2054 2413 2342 2484 quidpiam
2379 2414 2451 2469 sit
2474 2415 2781 2470 substantia
2828 2413 3185 2475 intellectiva,
3223 2412 3457 2465 interior

1877 2504 2137 2561 videlicet
2186 2506 2375 2571 homo,
2421 2522 2587 2575 quam
2619 2504 2895 2561 exterior?
2920 2519 3112 2559 omnes
3142 2503 3288 2558 enim
3330 2512 3456 2557 tan-

1878 2614 2045 2669 quam
2064 2613 2208 2653 unus
2228 2613 2350 2654 esse
2372 2596 2648 2653 videmur.
2668 2598 2737 2652 Et
2760 2598 2817 2652 hi
2845 2597 3070 2666 quidem
3094 2613 3219 2652 cum
3235 2595 3456 2652 Christo

1878 2700 1937 2747 et
1964 2690 2174 2762 angelis
2192 2692 2312 2762 ejus
2336 2699 2487 2754 sunt,
2509 2690 2587 2745 illi
2617 2706 2750 2745 vero
2775 2705 2900 2745 cum
2920 2688 3117 2744 Satana
3136 2696 3193 2744 et
3219 2689 3431 2743 immun

1880 2781 1968 2837 dis
2000 2781 2311 2853 spiritibus.
2339 2780 2479 2836 Cum
2506 2797 2640 2853 ergo
2673 2797 2770 2837 cor
2802 2779 3233 2851 profunditatem
3276 2778 3459 2833 inﬁni-

1884 2885 1994 2932 tam
2036 2875 2261 2943 habeat,
2314 2874 2394 2931 ibi
2461 2882 2592 2930 sunt
2648 2872 2908 2939 triclinia,
2956 2872 3246 2934 cubicula,
3290 2869 3460 2933 fores,

1880 2966 2175 3032 vestibula,
2202 2966 2510 3023 ministeria
2540 2967 2713 3021 multa
2735 2973 2792 3021 et
2822 2964 3004 3020 exitus
3038 2981 3053 3019 :
3086 2963 3161 3018 ibi
3183 2973 3269 3019 est
3296 2962 3465 3018 allici-

1882 3074 1953 3114 na
1970 3057 2219 3129 iustitiae,
2241 3066 2407 3128 atque
2439 3058 2721 3129 injustitia:
2747 3072 2765 3111 :
2793 3056 2869 3110 ibi
2892 3071 3061 3121 mors,
3098 3055 3286 3125 ibique
3309 3055 3421 3109 vita
3445 3071 3461 3107 :

1887 3149 1966 3205 ibi
1989 3148 2132 3205 bona
2152 3148 2454 3220 negotiatio
2489 3157 2547 3205 et
2567 3147 2865 3205 contraria.

1965 3327 2207 3384 XXXIII.
2233 3325 2707 3394 Quemadmodum
2739 3325 2784 3381 si
2814 3325 3077 3395 palatium
3107 3324 3180 3379 sit
3202 3324 3467 3393 amplum,

1889 3434 1955 3474 ac
1981 3418 2273 3474 deseratur
2301 3415 2469 3477 illud,
2496 3424 2553 3471 et
2608 3414 2789 3470 omnis
2840 3415 3058 3484 generis
3098 3413 3470 3484 graveolcntia

1891 3511 2197 3581 repleatur,
2227 3524 2292 3564 ac
2314 3509 2679 3564 cadaveribus
2736 3508 2926 3562 multis
2958 3525 2974 3574 ;
3015 3510 3095 3563 sic
3125 3522 3345 3576 quoque
3374 3521 3471 3562 cor

1890 3600 2039 3671 quod
2083 3600 2349 3670 palatium
2374 3598 2584 3654 Christi
2613 3607 2721 3663 est,
2752 3599 2998 3653 abundat
3021 3598 3335 3651 omnimoda
3368 3597 3471 3650 im-

1892 3690 2136 3761 puritate
2185 3698 2241 3743 et
2285 3688 2539 3759 plurimis
2575 3687 2751 3741 turbis
2804 3698 3102 3756 pravorum
3147 3684 3468 3753 spirituum.

237 3805 341 3849 ναι,
390 3785 486 3839 καὶ
543 3779 1055 3850 ἀνοικοδομηθῆναι,
1096 3779 1191 3831 καὶ
1246 3774 1667 3848 εὐτρεπισθῆναι
1725 3773 1796 3826 τά

249 3881 445 3947 ταμεῖα,
497 3876 590 3930 καὶ
643 3874 711 3927 τά
750 3869 1131 3925 κουϐούκλεια.
1174 3866 1323 3920 Ἐκεῖ
1354 3867 1463 3937 γάρ
1493 3867 1520 3918 ὁ
1544 3864 1795 3935 βασιλεὺς

1894 3783 2125 3852 Oportet
2150 3781 2318 3851 igitur
2347 3778 2401 3833 id
2432 3777 2757 3842 restaurari,
2790 3786 2848 3831 et
2870 3776 3210 3839 resediﬁcari,
3242 3790 3305 3829 ac
3332 3790 3472 3844 prie-

1895 3876 2078 3948 parari
2113 3871 2395 3929 conclavia
2435 3879 2491 3925 et
2522 3869 2796 3925 cubicula.
2829 3868 2966 3923 Illuc
2994 3867 3139 3922 enim
3180 3882 3278 3919 rex
3308 3864 3474 3919 Chri-

1897 3977 2016 4025 stus
2048 3981 2175 4020 cum
2206 3963 2417 4034 angelis
2440 3969 2497 4017 et
2526 3960 2818 4032 spiritibus
2868 3957 3071 4015 sanctis
3101 3956 3276 4021 venit,
3303 3964 3363 4009 ut
3396 3955 3473 4010 ibi

1902 4059 2235 4131 requiescat,
2290 4056 2506 4111 habitet
2550 4062 2606 4109 et
2650 4053 2997 4117 inambulet,
3030 4058 3196 4121 atque
3243 4049 3477 4103 collocet

1902 4167 2130 4224 regnum
2166 4165 2348 4207 suum.
2394 4148 2528 4204 Dico
2568 4154 2778 4212 autem,
2834 4144 3064 4217 perinde
3125 4158 3189 4198 ac
3240 4141 3286 4197 si
3321 4139 3477 4195 navis

1904 4246 2079 4300 multo
2142 4252 2407 4314 apparatu
2462 4241 2731 4296 instructa
2771 4240 2866 4303 sit,
2922 4238 2976 4292 in
3008 4252 3115 4306 qua
3143 4236 3479 4307 gubernator

245 4344 459 4414 σκευὴν,
489 4342 602 4394 ἐκεῖ
641 4340 670 4393 ὁ
696 4338 1037 4408 κυϐερνήτης
1076 4336 1269 4389 διοικεῖ
1289 4333 1414 4397 τοὺς
1446 4330 1675 4393 πάντας,
1707 4345 1779 4381 κα

1904 4347 2059 4407 regat
2086 4346 2145 4392 et
2170 4336 2493 4390 moderetur
2527 4347 2740 4396 omnes,
2774 4330 2878 4385 hos
2906 4328 3127 4399 quidem
3159 4325 3476 4395 olijurgans,

245 4435 524 4504 οίκονομεῖ,
554 4435 664 4496 τοῖς
698 4430 799 4501 μὲν
841 4428 1209 4497 ἐπιπλήττων,
1238 4423 1429 4487 ἄλλους
1472 4422 1528 4474 δὲ
1555 4418 1764 4491 ὁδηγῶν

1908 4427 2033 4483 illos
2064 4442 2197 4482 vero
2213 4425 2458 4495 dirigens
2489 4441 2503 4477 :
2536 4423 2733 4478 eodem
2760 4420 2926 4475 modo
2949 4434 3009 4474 se
3035 4418 3204 4472 habet
3226 4432 3341 4480 cor,
3378 4430 3479 4483 pro

248 4526 414 4588 οὕτως
454 4524 567 4578 ἐστὶ
603 4524 696 4578 καὶ
736 4525 769 4593 ἡ
821 4521 1020 4593 καρδία
1056 4520 1258 4591 ἔχουσα
1297 4518 1389 4571 τὸν
1432 4514 1555 4569 νοῦν
1602 4512 1779 4581 κυϐερι

1908 4518 2278 4590 gubernatore
2307 4515 2517 4569 habens
2546 4523 2810 4577 mentem,
2831 4511 3227 4567 conscientiam
3248 4522 3486 4578 arguen-

251 4620 443 4691 νήτην,
475 4617 570 4686 τὴν
615 4612 1293 4685 συνείδησιν“ὲλέγχουσαν
1312 4650 1327 4675 ,
1350 4606 1644 4677 λογισμοὺς
1671 4621 1774 4658 κατ

1909 4618 2043 4674 tem,
2078 4608 2186 4678 62
2207 4606 2568 4676 cogitationes
2616 4611 2940 4659 accusantes
2966 4618 3029 4657 ac
3069 4600 3427 4656 defendentes
3462 4610 3479 4648 :

252 4707 569 4782 ηγοροῦντας
594 4707 688 4762 καὶ
717 4704 1180 4774 ἀπολογουμένους
1199 4718 1213 4734 ο
1242 4700 1389 4768 λέγει
1410 4699 1539 4769 γάρ’
1564 4694 1779 4761 Μεταξί

1908 4698 2091 4771 inquit
2108 4698 2257 4753 enim
2281 4713 2296 4751 :
2314 4695 2732 4765 Cogitationibus
2752 4696 2891 4749 inter
2905 4710 2961 4749 se
2984 4694 3208 4748 invicem
3234 4704 3483 4744 accusan-

255 4801 527 4870 ἀλλήλων
574 4799 692 4854 τῶν
724 4796 1031 4870 λογισμῶν
1070 4793 1580 4865 κατηγορούντων,
1620 4790 1661 4860 ἢ
1704 4806 1779 4846 κα

1911 4792 2046 4848 tibus
2068 4798 2120 4844 et
2148 4786 2546 4859 defendentibus
2578 4787 2644 4840 “.

257 4890 759 4963 ἀπολογουμένων.

327 4985 435 5039 AA'.
472 4982 633 5054 Ὁρᾷς
663 4982 745 5035 ὅτι
793 4982 828 5051 ἡ
872 4978 1175 5049 συνείδησις
1227 4975 1290 5030 οὐ
1325 4974 1609 5047 συγκρίνει
1674 4973 1805 5039 τοὺς

98 5092 107 5121 ι
267 5074 512 5137 τοιούτους
537 5074 833 5144 λογισμοὺς
870 5071 998 5134 τοὺς
1030 5067 1406 5134 ὑπακούοντας
1438 5070 1505 5138 τῇ
1539 5066 1807 5141 ἁμαρτίᾳ,

98 5176 107 5215 ί
271 5168 367 5223 ἀλλ’
391 5167 541 5230 εὐθὺς
570 5166 801 5235 ἐλέγχει.
841 5162 918 5217 Οὐ
941 5161 1198 5231 ψεύδεται
1232 5160 1363 5232 γάρ,
1414 5160 1539 5213 ἐπεὶ
1577 5160 1629 5212 τί
1661 5160 1808 5212 εἴποι

96 5276 105 5313 ε
275 5260 473 5315 ἐνώπιον
517 5258 611 5311 τοῦ
644 5256 778 5310 Θεοῦ
798 5256 857 5308 ὲν
874 5256 941 5325 τῇ
975 5253 1162 5325 ἡμέρᾳ
1190 5253 1289 5322 τῆς
1315 5252 1549 5324 κρίσεως³
1594 5251 1805 5322 μαρτύ-

98 5354 105 5401 ‘r
275 5369 422 5424 ρεται,
460 5350 530 5415 ὡς
562 5351 793 5404 πάντοτε
839 5347 1155 5417 ἐλέγχουσα.
1208 5347 1418 5415 ’Ὠσπερ
1467 5345 1567 5397 ἐὰν
1657 5346 1809 5413 ἅρμα

246 3972 458 4042 Χριστὸς
490 3968 629 4040 μετά
675 3967 784 4019 τῶν
819 3963 1088 4034 ἀγγέλων,
1136 3959 1365 4016 καὶτῶν
1427 3958 1597 4028 ἁγίων
1629 3975 1795 4011 πνευ-

243 4066 419 4139 μάτων
479 4063 697 4135 ἔρχεται
758 4058 1179 4128 ὲπαναπαῆναι,
1246 4052 1344 4108 καὶ
1393 4054 1629 4123 οἰκῆσαι,
1703 4050 1799 4105 καὶ

242 4158 673 4229 ἑμπεριπατῆσαι
700 4194 715 4218 ,
775 4151 870 4206 καὶ
911 4151 1083 4204 θεῖναι
1118 4149 1217 4220 τὴν
1270 4143 1464 4200 ἑαυτοῦ
1501 4143 1797 4215 βασιλείαν.

244 4251 397 4319 Λέγω
430 4248 485 4317 δὲ
508 4287 524 4313 ,
580 4246 771 4314 ὥσπερ
815 4244 910 4298 ἐάν
1022 4242 1204 4296 πλοῖον
1254 4239 1375 4311 ἔχον
1408 4237 1610 4306 πολλὴν
1635 4251 1803 4288 κατα-

1980 4970 2219 5028 XXXIV.
2239 4967 2409 5026 Vides
2445 4965 2842 5022 conscientiam
2875 4979 2988 5017 non
3021 4960 3329 5032 approbare
3374 4957 3483 5013 hu-

1903 5063 2147 5139 jusmodi
2191 5061 2579 5133 cogitationes,
2630 5074 2755 5128 quae
2802 5063 3030 5126 peccato
3076 5053 3485 5121 obtemperant,

1910 5156 2009 5212 sed
2033 5155 2222 5210 statim
2260 5166 2515 5222 arguere.
2543 5149 2663 5204 Non
2707 5148 2855 5202 enim
2883 5145 3169 5209 mentitur,
3204 5143 3330 5212 quia
3356 5139 3489 5211 quid

1910 5249 2131 5304 dictura
2184 5247 2256 5303 sit
2284 5258 2471 5301 coram
2519 5244 2631 5297 Deo
2680 5240 2736 5295 in
2770 5241 2859 5294 die
2893 5238 3086 5311 judicii
3128 5238 3484 5296 testiﬁcatur,

1916 5352 2177 5411 tanquam
2207 5337 2471 5395 continue
2502 5333 2937 5405 reprehendens.
2971 5329 3207 5386 Perinde
3244 5343 3308 5382 ac
3341 5326 3385 5380 si
3418 5325 3491 5377 sit

1915 5449 2133 5497 currus,
2156 5442 2213 5487 et
2250 5432 2426 5492 frena,
2451 5425 2732 5491 animalia,
2760 5434 2817 5479 et
2848 5422 3031 5478 omnis
3064 5428 3361 5491 apparatus
3386 5414 3489 5471 sub

1917 5540 2029 5581 uno
2084 5523 2436 5578 moderatore
2488 5526 2619 5575 sunt
2670 5532 2683 5569 :
2734 5513 2955 5587 quando
3002 5529 3136 5583 ergo
3184 5510 3235 5566 ei
3288 5508 3487 5580 placet,

1916 5616 2265 5673 velocissimo
2287 5628 2455 5670 cursu
2483 5610 2705 5667 vehitur
2736 5624 2767 5663 a
2794 5622 2995 5673 curru;
3027 5602 3247 5675 quando
3275 5615 3407 5657 vero
3438 5598 3487 5656 ei

271 5449 354 5500 καὶ
378 5445 536 5513 ἡνίαι,
563 5444 632 5496 τὰ
673 5441 811 5507 ζῶα,
840 5442 933 5494 καὶ
975 5443 1127 5493 πᾶσα
1156 5439 1191 5509 ἡ
1214 5437 1532 5505 κατασκευὴ
1576 5437 1682 5490 ὑπὸ
1711 5435 1808 5488 ’ἐνα

264 5534 460 5608 ἡνίοχόν
488 5535 625 5598 ἐστι,
649 5532 853 5596 λοιπὸν,
885 5532 973 5584 ὅτε
994 5531 1135 5585 θέλει
1163 5532 1387 5595 ἐκεῖνος,
1412 5528 1647 5599 ὀξυτάτῃ
1663 5530 1807 5599 ὁρμῇ

267 5630 473 5698 φέρεται
509 5626 615 5678 ὑπὸ
643 5624 736 5677 τοῦ
767 5622 1011 5695 ἅρματος
1039 5640 1051 5655 ο
1082 5624 1169 5677 ὅτε
1199 5619 1255 5676 δὲ
1286 5621 1452 5689 θέλει,
1489 5619 1675 5689 ἐπέχει
1710 5619 1808 5672 αύ-

335 5806 376 5837 ⁸⁸
400 5805 539 5859 Rom.
570 5820 627 5864 ιι.
658 5802 743 5856 l5.
