3966 6438
533 364 639 429 599
1775 366 1835 426 S.
1869 365 2065 426 MACA
2075 366 2188 425 llII
2231 364 2551 426 EGYPTII
3694 372 3774 438 600

534 481 713 546 placet
739 474 926 536 aliter,
967 474 1173 529 retinet
1200 475 1355 531 illum
1389 494 1402 531 :
1431 476 1617 532 denuo
1657 476 1752 531 ubi
1779 477 1959 546 placet
1988 493 2116 532 eum

2234 478 2284 531 τό
2311 495 2324 508 ·
2357 477 2520 531 πάλιν
2544 477 2680 529 ὅπου
2724 461 2868 529 ϐέλει
2922 476 3279 548 μετατρέψαι
3320 477 3480 540 αὑτὸ,
3535 466 3645 532 ἐκεῖ
3679 483 3780 538 asa

530 576 887 630 convertere,
917 566 992 620 ibi
1021 567 1275 636 sequitur
1297 583 1529 633 currus;
1553 577 1701 634 totus
1731 569 1897 639 igitur
1920 583 2120 623 currus

2234 574 2541 645 τυνέρχεται
2574 589 2590 604 ·
2619 572 2741 625 ὅλον
2785 567 2880 625 οὖν
2915 571 2978 624 τὸ
3003 570 3164 642 ἅρμα
3215 573 3279 624 ἐν
3333 573 3401 642 τῇ
3461 569 3667 643 ἐξουσίᾳ
3711 577 3781 629 τοῦ

529 661 641 716 sub
669 667 943 730 potestate
975 657 1270 729 dirigentis
1299 669 1387 714 est
1417 677 1430 713 :
1469 661 1550 714 sic
1577 675 1800 728 quoque
1827 674 1925 713 cor
1953 659 2118 713 habet

2234 663 2564 734 ἡνιοχοῦντος
2619 665 2838 717 κεῖται·
2873 662 3046 727 οὕτως
3076 667 3184 718 καὶ
3216 665 3252 734 ἡ
3295 663 3499 734 καρδία
3547 664 3651 734 εχει
3688 668 3785 719 πο).-

534 755 738 808 multas
791 752 1161 822 cogitationes
1212 753 1529 815 naturales,
1579 751 1929 805 adhaerentes
1988 749 2117 815 sibi,

2234 758 2346 820 ιοὺς
2380 756 2674 826 λογισμοὺς
2726 758 3012 825 φυσικοὺς,
3059 756 3508 826 συνδεδεμένους
3543 759 3690 830 αὐτῇ,
3715 764 3786 816 καὶ

536 860 694 898 mens
718 851 900 898 autem
943 851 1000 899 et
1049 844 1390 899 conscientia
1437 843 1854 913 reprehendunt
1893 852 1951 897 et
1981 843 2120 897 diri-

2234 849 2248 900 5
2277 847 2402 911 νοῦς
2423 849 2540 900 ἐστι
2571 847 2723 914 καὶή
2765 847 3068 916 συνείδησις
3109 847 3450 916 ἐπιτιμῶσι
3495 849 3588 902 καὶ
3626 868 3785 904 κατευ-

531 947 675 1006 gunt
703 953 824 998 cor,
851 947 1016 1006 atque
1048 940 1274 1006 sopiunt
1299 946 1357 992 et
1386 937 1581 993 sedant
1608 937 1889 991 naturales
1914 936 2123 1007 cogita-

2234 940 2457 994 ltivousa
2497 939 2597 1010 τὴν
2633 939 2883 1010 καρδίαν,
2939 941 3035 992 καὶ
3089 939 3476 1004 διῦπνίζουσα
3507 943 3628 1005 τοὺς
3659 961 3780 1011 cur:-

542 1032 722 1085 tiones
751 1030 805 1085 in
842 1031 1010 1086 conlo
1057 1031 1447 1085 scaturientes.
1496 1030 1740 1084 Membra
1766 1030 1915 1084 enim
1963 1030 2122 1101 plura

2234 1035 2354 1094 ιιοὺς
2387 1032 2651 1104 βρύοντας
2679 1034 2738 1086 ἐν
2765 1035 2831 1103 τῇ
2884 1032 3103 1104 καρδίᾳ.
3150 1033 3320 1103 Μέλη
3361 1033 3477 1104 γὰρ
3525 1035 3684 1087 πολλὰ
3701 1038 3782 1106 ἔχει

539 1123 711 1177 habet
757 1123 964 1187 anima,
1003 1122 1132 1176 licet
1164 1138 1270 1176 una
1299 1123 1390 1177 sit.

2234 1123 2390 1195 ψυχὴ,
2425 1125 2527 1177 κᾶν
2562 1123 2659 1194 μία
2692 1123 2862 1178 ἐστίν.

614 1217 830 1272 XXXV.
878 1217 957 1272 Ex
1011 1235 1122 1288 quo
1168 1219 1316 1273 enim
1371 1225 1751 1286 transgressus
1799 1228 1886 1273 est
1950 1219 2123 1274 Adam

2298 1217 2423 1270 ΑΒ.
2470 1210 2672 1285 ’Λφόῦ
2692 1215 2804 1286 γὰρ
2846 1215 3067 1287 παρέόη
3110 1215 3145 1266 ὁ
3211 1213 3401 1287 Ἀδὰμ
3438 1214 3542 1286 τὴν
3583 1218 3776 1287 ἐντολὴν,

544 1309 861 1364 mandatum
891 1350 906 1375 ,
957 1311 1192 1365 accessit
1233 1327 1490 1379 serpens,
1531 1310 1900 1380 dominusque
1949 1311 2127 1366 lactus

2234 1307 2559 1362 ἐπεισελθὼν
2583 1309 2612 1361 ὁ
2673 1309 2797 1378 ὄφις
2839 1310 3108 1382 δεσπότης
3151 1310 3359 1380 γέγονε
3403 1310 3498 1365 τοῦ
3531 1313 3688 1377 οἴκου,
3714 1315 3777 1366 καὶ

540 1411 634 1455 est
658 1401 875 1464 domus,
933 1411 990 1457 et
1029 1404 1181 1456 velut
1214 1403 1390 1456 altera
1417 1402 1599 1456 anima
1637 1417 1762 1456 cum
1805 1403 2005 1457 aninta.
2037 1403 2128 1456 Ait

2234 1401 2302 1464 ὡς
2347 1399 2494 1472 ψυχὴ
2528 1402 2689 1473 ἐτέρα
2740 1403 2878 1472 μετὰ
2912 1405 3014 1474 τῆς
3040 1402 3229 1474 ψυχῆς
3274 1406 3421 1460 ἐστι.
3450 1407 3608 1473 Λέγει
3645 1407 3776 1475 γάρὸ

539 1493 694 1548 enim
722 1495 1035 1550 Dominus:
1082 1493 1390 1565 Quicunque
1446 1511 1552 1549 non
1600 1496 1994 1549 renuntiaverit
2029 1495 2127 1549 sibi

2234 1494 2454 1564 Κύριος·
2486 1492 2613 1560 Πᾶς
2648 1495 2820 1562 ὅστις
2855 1497 2968 1549 οὐκ
2997 1495 3281 1565 ἀργεῖται
3333 1497 3574 1561 ἑαυτὸν,
3616 1499 3698 1551 καί
3725 1499 3774 1551 σὺ

543 1589 669 1658 ipsi,
701 1597 750 1642 et
785 1590 875 1659 qui
907 1606 1014 1643 non
1048 1590 1215 1642 oderit
1247 1590 1488 1642 animam
1520 1604 1697 1651 suam,
1732 1605 1836 1642 non
1868 1597 1945 1641 est
1980 1603 2128 1642 mem

2234 1585 2397 1654 μισεῖ
2411 1586 2528 1648 τὴν
2548 1586 2765 1640 ἑαυτοῦ
2787 1587 3019 1656 ψυχὴν,
3046 1589 3163 1642 οὐκ
3200 1589 3345 1643 ἐστι
3369 1606 3492 1659 μου
3524 1588 3772 1658 μαθητής·

547 1679 837 1753 discipulus
858 1684 922 1736 “.
970 1683 1074 1736 Et:
1109 1680 1210 1746 Qui
1263 1680 1437 1750 diligit
1474 1681 1715 1734 animam
1745 1697 1920 1744 suam,
1948 1681 2128 1750 perdet

2234 1680 2322 1732 καί
2360 1694 2373 1708 ⁸
2417 1678 2472 1731 ὀ
2504 1679 2753 1748 ἀγαπῶν
2799 1679 2914 1747 τὴν
2959 1680 3182 1751 ψυχὴν
3244 1682 3464 1748 αὐτοῦ,
3538 1681 3769 1736 ἀπολέσει

541 1789 668 1828 eam
700 1776 767 1829 ⁸⁷.
795 1774 1078 1844 Siquidem
1110 1783 1398 1843 peccatum
1440 1781 1732 1842 postquam
1772 1773 1974 1826 invasit
2005 1773 2127 1826 ani-

2234 1769 2442 1837 αίντήν.
2478 1771 2630 1825 Ἐπεὶ
2684 1772 2719 1842 ή
2772 1773 3022 1842 ήμαρτία
3071 1771 3486 1827 ἐπεισελθοῦσα
3530 1776 3592 1842 τῇ
3645 1773 3768 1841 ψυχῇ,

546 1884 716 1931 mam,
755 1868 1066 1922 membrum
1093 1867 1216 1936 ejus
1248 1866 1449 1920 factum
1477 1876 1581 1930 est,
1615 1867 1827 1936 ipsique
1861 1881 2128 1935 corporeo

2237 1863 2398 1932 μέλος
2435 1863 2606 1932 αὐτῆς
2634 1863 2848 1932 γέγονε,
2881 1865 2975 1918 καὶ
2998 1864 3150 1936 αὐτῷ
3172 1865 3260 1936 τῷ
3290 1863 3588 1935 σωματικῷ
3618 1864 3768 1934 ἀνθρὼ-

547 1957 762 2013 homini
787 1958 1054 2021 adhaeret,
1099 1974 1162 2012 ac
1209 1958 1520 2014 scaturiunt
1567 1957 1694 2011 inde
1733 1957 1918 2012 multa:
1963 1966 2128 2026 atque

547 2049 781 2119 impura:
806 2048 1170 2121 cogitationes
1203 2049 1256 2103 in
1289 2049 1482 2104 corde.
1506 2048 1800 2116 Quocirca,
1845 2049 1941 2119 qui
1999 2049 2132 2104 facit

549 2143 890 2196 voluntatem
931 2141 1128 2196 animae
1166 2157 1300 2208 suze,
1347 2142 1688 2196 voluntatem
1733 2141 1920 2196 cordis
1963 2140 2124 2208 facit;

547 2235 676 2304 quia
713 2251 838 2289 cum
864 2235 958 2289 illo
987 2251 1232 2290 connexa
1265 2243 1323 2290 et
1353 2235 1615 2305 permista
1645 2243 1730 2290 est
1759 2234 1960 2288 anima.
1984 2235 2132 2300 Qua-

547 2336 795 2398 propter,
826 2329 921 2398 qui
951 2329 1262 2400 subiugum
1288 2328 1528 2384 animam
1551 2344 1706 2384 suam
1739 2329 1928 2392 mittit,
1955 2339 2012 2383 et
2032 2328 2128 2398 qui

544 2422 652 2476 sibi
688 2422 1004 2492 innatisquc
1035 2422 1442 2492 cupiditatibus
1461 2432 1775 2486 succenset,
1803 2423 2038 2494 perinde
2071 2439 2130 2478 se

548 2515 732 2579 habet,
761 2531 825 2569 ac
854 2516 947 2585 qui
980 2515 1261 2570 civitatem
1292 2516 1535 2570 hostium
1572 2531 1799 2570 suorum
1832 2516 2120 2587 subjugat:

549 2607 751 2678 hicque
787 2609 989 2680 dignus
1031 2609 1270 2665 habetur
1298 2610 1524 2681 assequi
1571 2611 1772 2664 bonam
1811 2624 2130 2664 mensuram

547 2703 814 2773 Spiritus,
847 2714 1013 2773 atque
1033 2703 1215 2757 induit
1233 2703 1441 2758 virtute
1467 2703 1653 2757 divina
1685 2703 1908 2770 adjutus
1927 2717 2130 2772 purum

545 2795 848 2860 hominem,
880 2811 1047 2866 seque
1067 2797 1186 2865 ipso
1215 2795 1576 2865 praestantior
1596 2795 1806 2850 evadit.
1842 2793 2128 2863 Ejusmodi

545 2887 693 2943 enitn
721 2887 816 2957 qui
853 2894 959 2950 est,
1012 2895 1200 2956 postea
1226 2885 1430 2940 divinae
1482 2894 1692 2939 naturae
1727 2885 1786 2939 lit
1828 2884 2124 2954 particeps,

542 2986 603 3029 et
653 2977 839 3031 evadit
867 2975 1015 3030 [llius
1059 2977 1178 3041 Dei,
1210 2978 1491 3048 recipiens
1523 2977 1865 3047 signaculum
1904 2979 2131 3032 caeleste

546 3069 602 3124 in
627 3068 810 3124 anima
842 3085 964 3124 sua.
1000 3069 1178 3124 Eleeti
1207 3071 1356 3124 enim
1394 3071 1518 3142 ejus
1545 3079 1831 3141 unguntur
1859 3070 1984 3126 oleo
2006 3087 2133 3126 san-

543 3159 847 3227 ctificante,
880 3161 936 3216 in
958 3176 1158 3232 magna
1178 3161 1446 3233 dignitate
1473 3163 1913 3230 constituuntur,
1949 3179 2014 3219 ac
2039 3180 2128 3219 re-
2157 3189 2203 3250 α

545 3270 642 3325 ges
663 3253 931 3308 evadunt.

619 3347 861 3404 XXXVI.
895 3348 990 3404 Est
1015 3349 1166 3404 enim
1207 3348 1374 3404 homo
1407 3348 1678 3421 ejusmodi
1712 3358 1948 3416 naturae,
1980 3360 2042 3406 ut
2075 3363 2133 3409 et

547 3443 644 3512 qui
681 3442 735 3496 in
756 3441 1093 3512 profundum
1122 3443 1386 3513 nequitiae
1407 3443 1700 3498 demersus
1722 3452 1807 3498 est
1832 3452 1888 3499 et
1905 3452 2131 3514 peccato

548 3533 744 3601 servit,
772 3535 1022 3590 converti
1054 3534 1122 3589 ad
1155 3533 1364 3590 bonum
1401 3577 1416 3599 ,
1460 3545 1516 3590 ct
1545 3535 1641 3606 qui
1669 3534 1903 3606 Spiritui
1941 3545 2134 3592 sancto

549 3627 866 3693 devinctus,
902 3635 960 3683 et
987 3626 1155 3683 rebus
1189 3627 1514 3683 cmlestibus
1559 3628 1865 3684 inebriatus
1912 3637 2018 3694 est,
2065 3627 2134 3684 ad

550 3717 758 3772 malum
780 3716 1030 3773 converti
1051 3717 1249 3789 possit.
1273 3717 1509 3773 Perinde
1536 3733 1600 3773 ac
1635 3719 1682 3774 si
1704 3718 1905 3774 mulier
1937 3718 2135 3790 pannis

548 3809 754 3865 laceris
798 3808 998 3874 obsita,
1040 3810 1296 3867 esuriens
1350 3819 1408 3866 et
1445 3810 1735 3880 squalida;
1772 3817 1830 3866 et
1866 3827 1990 3882 qua:
2023 3828 2135 3866 non

547 3900 760 3970 absque
791 3900 968 3954 multo
992 3899 1181 3955 labore
1211 3899 1421 3970 regiam
1453 3899 1782 3970 dignitatem
1812 3909 2132 3967 consecuta,

549 3992 804 4047 induitur
826 4008 1071 4063 purpura
1099 4001 1156 4048 et
1182 4007 1406 4057 corona,
1441 4007 1505 4047 ac
1530 3992 1591 4046 ﬁt
1617 4006 1818 4062 sponsa
1858 3991 2004 4062 regis
2028 4031 2044 4056 ,
2078 3992 2136 4047 in

547 4087 870 4142 memoriam
899 4086 1001 4142 sibi
1036 4095 1256 4141 revocet
1285 4087 1549 4156 pristinas
1587 4086 1804 4152 sordes,
1831 4102 1895 4140 ac
1926 4088 1982 4141 in
2017 4088 2138 4141 ani-

548 4193 641 4232 mo
662 4179 945 4234 habeatad
973 4179 1266 4247 pristinum
1299 4185 1505 4231 statum
1537 4179 1780 4241 reverti,
1814 4194 1916 4234 nec
1951 4187 2137 4232 tamen

550 4269 606 4324 in
631 4270 922 4339 pristinam
961 4269 1244 4323 infamiam
1280 4268 1464 4323 redire
1488 4269 1679 4322 malit:
1707 4267 1813 4323 hoc
1835 4269 1986 4324 enim
2024 4279 2138 4324 sto-

547 4361 723 4416 lidum
753 4370 837 4416 cst
868 4380 882 4416 :
916 4363 991 4416 ita
1033 4375 1275 4430 quoque,
1306 4359 1401 4428 qui
1431 4378 1449 4410 ι
1488 4367 1775 4430 gustarunt
1801 4361 2034 4430 gratiam
2059 4361 2138 4415 di-

547 4454 760 4519 vinam,
786 4471 848 4507 ac
876 4452 1106 4523 Spiritus
1136 4454 1421 4523 participes
1465 4453 1593 4524 facti
1640 4462 1763 4506 sunt
1796 4455 1860 4519 ⁸⁸,
1892 4453 1997 4507 nisi
2030 4453 2136 4507 sibi

2233 1971 2321 2026 πῳ
2350 1955 2702 2024 κεκόλληται,
2736 1956 2831 2010 καὶ
2886 1955 3111 2028 βρύουσι
3156 1956 3360 2010 πολλοὶ
3405 1956 3502 2010 καὶ
3530 1954 3767 2024 ἀκάθαρτοι

2231 2051 2484 2120 λογισμοὶ
2523 2053 2581 2104 ἐν
2617 2052 2684 2120 τῇ
2728 2051 2945 2122 καρδίᾳ.
2984 2051 3046 2107 Ὀ
3094 2052 3195 2108 οὖν
3243 2052 3427 2106 ποιῶν
3456 2052 3522 2107 τὰ
3546 2052 3767 2120 θελήματα

2231 2143 2330 2212 τῆς
2363 2143 2542 2214 ψυχῆς
2574 2142 2762 2206 αὐτοῦ,
2800 2145 2865 2198 τὰ
2890 2144 3178 2216 θελήματα
3212 2147 3322 2216 τῆς
3365 2145 3584 2217 καρδίας
3623 2147 3764 2198 ποιεῖ·

2221 2235 2417 2318 ,ἐπειδή
2447 2235 2865 2304 συμπέπλεκται
2905 2238 2998 2290 καὶ
3044 2239 3440 2311 συγκέκραται
3487 2241 3516 2309 ἡ
3553 2238 3687 2307 ψυχή.
3722 2237 3761 2288 Ὁ

2231 2321 2324 2379 οὖν
2351 2326 2672 2380 ύποτάσσων
2695 2327 2795 2397 τὴν
2836 2326 3016 2398 ψυχὴν
3052 2328 3282 2395 ἑαυτοῦ,
3344 2330 3442 2383 καὶ
3479 2328 3756 2400 ὀργιζόμενος

2233 2414 2411 2484 ἐαυτῷ
2443 2415 2537 2468 καὶ
2578 2418 2698 2478 ταῖς
2731 2416 3018 2480 συνούσαις
3053 2418 3208 2486 αὐτῷ
3263 2419 3598 2488 ἐπιθυμίαις,
3628 2416 3750 2477 οὕτως

2232 2506 2402 2569 ἐστὶν,
2451 2505 2528 2569 ὡς
2580 2507 2609 2560 ὁ
2655 2507 2977 2561 ύποτάσσων
3008 2508 3169 2562 πόλιν
3223 2510 3444 2582 ἐχθρῶν
3504 2508 3644 2571 αὐτοῦ,
3676 2507 3738 2557 καὶ

2232 2592 2386 2662 οὗτος
2425 2598 2777 2662 καταξιοῦται
2809 2598 2987 2654 ἐλθεῖν
3015 2602 3100 2665 είς
3136 2603 3324 2673 μέτρα
3355 2603 3535 2671 ἀγαθὰ
3564 2599 3729 2666 Huius-

2231 2707 2344 2754 τος,
2382 2691 2477 2743 καὶ
2507 2691 2886 2762 ἀπολαμϐάνει
2936 2691 3025 2746 διὰ
3078 2694 3182 2759 τῆς
3235 2693 3390 2759 θείας
3425 2693 3648 2764 δυνάμεως
3669 2688 3729 2739 τω

2233 2782 2474 2853 καθαρὸν
2526 2782 2834 2854 ἄνθρωπον,
2889 2783 2985 2838 καὶ
3045 2785 3268 2853 γίνεται
3346 2783 3539 2840 ἑαυτοῦ
3585 2780 3736 2853 μεὶζων.

2244 2872 2603 2927 ’Λποθεοῦται
2655 2873 2766 2944 γὰρ
2817 2874 3005 2926 λοιπὸν
3053 2876 3082 2927 ὁ
3142 2874 3418 2940 τοιοῦτος,
3453 2874 3540 2928 καὶ
3567 2871 3739 2941 γίγνεται

2233 2965 2349 3029 υίὸς
2373 2964 2532 3028 Θεοῦ,
2567 2965 2862 3036 λαμσάνων
2884 2967 2947 3020 τὸ
2966 2967 3227 3038 οὐράνιον
3279 2968 3464 3037 σίγνον
3493 2969 3544 3020 ἐν
3565 2967 3617 3034 τῇ
3644 2961 3742 3029 ψδχῇ

2232 3055 2420 3112 αὐτοῦ.
2455 3059 2518 3111 Oi
2541 3057 2650 3128 γὰρ
2691 3058 2938 3112 ἐκλεκτοὶ
2971 3059 3140 3112 αὐτοῦ
3178 3061 3430 3130 χρίονται
3477 3059 3532 3110 τὸ
3562 3057 3744 3122 aviam-

2234 3147 2331 3202 κὸν
2370 3148 2572 3213 ἔλαιον,
2603 3148 2699 3202 καὶ
2731 3146 3010 3218 γίγνονται
3041 3146 3416 3220 ἀξιωματικοί
3438 3146 3524 3200 καὶ
3552 3138 3744 3215 βασιλεῖςσ

2305 3342 2446 3410 Δεῖ.
2482 3341 2639 3412 Ἔχει
2667 3340 2782 3412 γὰρ
2815 3358 2916 3413 την
2945 3357 3110 3410 φυσιν
3147 3343 3177 3396 ό
3225 3340 3505 3411 ἄνθρωπος
3532 3329 3747 3393 τοιαύτην.

2237 3435 2333 3490 καὶ
2368 3433 2498 3488 όῶν
2560 3436 2618 3486 ἐν
2653 3433 2808 3505 βάθει
2852 3433 2956 3504 τῆς
3002 3432 3232 3501 κακίας,
3292 3433 3390 3487 καὶ
3443 3422 3665 3481 δουλεύων
3695 3414 3747 3505 γῇ

2236 3525 2508 3598 ἁμαρτίᾳ,
2535 3524 2631 3579 τοῦ
2655 3503 2946 3594 τραπῆναι
2974 3523 3069 3576 ἐπὶ
3111 3523 3177 3576 τὸ
3223 3521 3432 3592 ἀγαθόν
3450 3534 3464 3548 ·
3492 3513 3570 3567 καὶ
3597 3509 3622 3561 ό
3641 3503 3750 3598 δεδει-

2239 3589 2401 3689 μένος
2455 3589 2739 3688 ίΙνεύματι
2796 3589 2960 3683 ἀξίῳ,
3012 3613 3108 3667 καὶ
3163 3589 3556 3685 μεμεθυσμένος
3586 3598 3655 3659 είς
3697 3589 3746 3643 τά

2239 3709 2560 3784 ἐπουράνια,
2600 3709 2715 3780 ἔχει
2760 3708 3012 3774 ἐξουσίαν
3052 3707 3150 3761 τοῦ
3200 3706 3470 3780 τραπῆναι
3511 3694 3587 3752 ἐπὶ
3607 3689 3743 3784 senx!-

2243 3801 2361 3855 κόν.
2379 3778 2603 3871 ’Ὥσπερ
2633 3778 2778 3874 ίναῇ
2808 3799 2947 3869 γυνὴ
2999 3799 3195 3870 ἱμάτια
3224 3778 3444 3871 ρακὼδη
3483 3778 3736 3883 Μρξῦεθης

2243 3894 2403 3966 μένη,
2468 3893 2842 3965 λιμώσσουσα,
2895 3893 3295 3966 ἐρῤυπωμένη,
3359 3891 3451 3943 καὶ
3489 3881 3609 3971 αὐτὴ

2241 3961 2437 4040 πολλοῦ
2465 3961 2716 4055 καμάτου
2743 3985 2874 4058 exon
2994 3961 3216 4056 ἀξίω-μα
3235 3961 3525 4055 βασιλικὸν,
3545 3961 3724 4026 καὶέῶ

2242 4095 2402 4148 σηται
2440 4076 2728 4150 πορφύραν
2756 4077 2850 4131 καὶ
2900 4077 3189 4146 στέφανον,
3240 4074 3336 4130 καὶ
3366 4073 3574 4142 γένηται
3601 4060 3714 4160 uilli-’1

2241 4170 2524 4241 βασιλέως,
2559 4171 2695 4241 αὑτὴ
2739 4170 3015 4241 μέμνηται
3049 4169 3150 4240 τῆς
3203 4167 3474 4239 προτέρας
3507 4157 3722 4250 ρυαριξιίι,

2240 4264 2333 4316 καὶ
2369 4265 2484 4335 ἔχει
2519 4263 2735 4334 θέλημα
2798 4263 3118 4316 ἐπανελθεῖν
3167 4265 3250 4325 είς
3298 4261 3361 4313 τὸ
3416 4247 3715 4346 dpxaié‘f-ﬁ‘f

2239 4361 2338 4431 οὐχ
2390 4361 2628 4432 αἱρεῖται
2679 4361 2758 4422 είς
2816 4358 2916 4427 τὴν
2973 4358 3253 4430 προτέραν
3304 4351 3550 4423 αίσχύνην
3577 4335 3726 4427 item?

2243 4451 2426 4522 μωρὸν
2457 4451 2564 4522 γάρ
2589 4454 2749 4504 ἐστι·
2787 4451 2883 4504 και
2928 4451 3084 4505 αὐτοὶ
3137 4451 3195 4503 δὲ
3231 4451 3288 4503 οι
3320 4439 3635 4517 γευσάμενοι
3657 4435 3729 4522 τις

547 4556 801 4609 caveant,
837 4545 1122 4609 deﬁciunt,
1174 4562 1237 4600 ac
1285 4546 1598 4601 deteriores
1648 4545 1912 4610 evadunt,
1967 4562 2129 4616 quam

2237 4546 2480 4616 χάριτος
2514 4545 2619 4600 τοῦ
2655 4543 2826 4609 Θεοῦ,
2880 4545 2978 4597 καὶ
3028 4544 3267 4613 μέτοχοι
3295 4542 3462 4602 ὄντες
3488 4527 3579 4586 τοῦ
3601 4523 3729 4616 (mu:

545 4655 672 4694 cum
696 4647 880 4694 essent
909 4637 1170 4692 mundani
1201 4656 1212 4692 :
1241 4655 1370 4702 non,
1404 4641 1550 4709 quod
1578 4639 1722 4692 Deus
1746 4639 1817 4692 sit
1849 4638 2131 4694 mutabilis

2234 4656 2438 4708 ματοςν
2473 4639 2567 4690 ἐὰν
2603 4637 2677 4708 μὴ
2722 4635 3162 4703 ἀσφαλίπωνται,
3195 4629 3640 4709 κατασϐέννυνταξ.
3664 4615 3728 4709 1-4"

543 4739 642 4786 aut
677 4731 968 4786 imbecilla:
994 4733 1217 4793 utentis,
1241 4741 1336 4785 aut
1369 4733 1516 4802 quod
1544 4734 1931 4803 exstinguatur
1956 4731 2134 4802 Spiri-

544 4834 634 4880 tus
665 4834 924 4890 sanctus,
975 4841 1197 4889 verum,
1237 4825 1383 4894 quod
1432 4825 1534 4894 ipsi
1575 4825 1830 4880 homines
1864 4843 1972 4879 non
2005 4841 2139 4880 con-

542 4920 785 4974 sentiant
822 4919 1033 4991 gratiaa,
1059 4929 1350 4990 propterea
1375 4929 1725 4984 avertuntur,
1759 4929 1813 4974 et
1839 4919 1895 4975 in
1920 4919 2135 4976 inﬁnita

542 5021 769 5082 peccala
809 5013 1129 5068 incurrunt.
1161 5012 1266 5080 Qui
1295 5015 1445 5067 enim
1476 5012 1684 5067 donum
1709 5012 1844 5067 illud
1874 5013 2133 5084 degusta-

544 5114 696 5164 runt.
733 5116 1030 5177 utrumque
1084 5106 1258 5161 instar
1307 5106 1528 5161 comitis
1584 5105 1810 5169 habent,
1870 5106 2130 5176 gaudium

541 5197 808 5252 videlicet
838 5207 892 5250 et
916 5199 1374 5261 consolationem,
1421 5207 1629 5253 metum
1683 5214 1748 5252 ac
1806 5209 2125 5264 tremorem,

541 5288 967 5342 exsultationem
1005 5297 1061 5343 et
1095 5290 1326 5345 luctum.
1367 5290 1669 5361 Dcploraut
1701 5294 1850 5345 enim
1889 5307 1946 5344 sc
1977 5291 2127 5361 ipsos

541 5390 597 5433 et
625 5383 948 5436 universum
975 5382 1168 5446 Adam,
1197 5385 1327 5453 quia
1346 5401 1453 5438 una
1480 5395 1565 5439 est
1598 5384 1888 5438 hominum
1909 5392 2124 5438 natura.

545 5471 610 5526 Et
641 5474 899 5545 lacryma:
937 5473 1025 5528 his
1049 5473 1166 5530 vice
1192 5476 1349 5547 panis
1384 5484 1534 5542 sunt,
1569 5485 1626 5532 et
1650 5476 1833 5532 luctus
1855 5476 1974 5531 vice
1999 5492 2131 5533 sua-

547 5561 737 5619 vitatis
766 5573 822 5620 et
847 5567 1082 5638 requiei.

624 5823 671 5854 ⁶⁶
703 5821 841 5883 Luc.
864 5842 976 5894 xiv,
1005 5827 1092 5882 ⁸55.
1171 5833 1214 5864 ⁶⁷
1245 5832 1407 5888 Joatt.
1444 5848 1536 5888 xu.
1571 5831 1659 5890 25.

1740 5833 1786 5866 ⁸⁸
1813 5831 1982 5889 Hebr.
2012 5849 2086 5900 Vt,
2109 5833 2162 5889 ει.

2231 4731 2472 4800 γίνονται
2512 4729 2729 4801 χείρους
2759 4721 2820 4782 οῦ
2862 4723 3024 4798 ἦσαν,
3063 4725 3318 4796 κοσμικοὶ
3371 4721 3542 4777 ὄντες·
3577 4705 3730 4801 ίξῦιξτξ

2231 4799 2422 4886 όΘεὸς
2485 4799 2720 4896 τρεπτὸς
2759 4823 2876 4874 ἐστι
2940 4820 3035 4874 καὶ
3092 4818 3342 4887 ἀσθενὴς,
3397 4811 3428 4883 ἢ
3472 4805 3525 4859 τὺ
3569 4799 3730 4896 “Vi”??-

2235 4890 2549 4980 σϐέννυται,
2589 4914 2705 4967 ἀλλ’
2743 4913 2898 4967 αὐτοί⁵
2933 4913 2983 4965 οἱ
3021 4905 3300 4983 ἄνθρωποι
3346 4905 3403 4958 οὖ
3454 4890 3728 4983 συμφωνθνῗξ

2240 5011 2305 5080 τῇ
2337 5007 2522 5078 χάριτι
2555 5024 2570 5037 '
2617 5006 2705 5058 διὰ
2735 5005 2893 5058 τοῦτο
2946 5005 3305 5075 ἐκτρέπονται
3363 4997 3450 5049 καὶ
3504 4978 3729 5082 uitrici":

2238 5073 2526 5171 vpupiz
2577 5098 2744 5152 κακά.
2789 5099 2853 5150 Οἱ
2909 5101 3018 5167 γὰρ
3051 5073 3388 5164 τευσάμενοι
3435 5073 3725 5174 “inﬁgi:

2236 5193 2467 5265 δωρεᾶς.
2503 5192 2686 5263 ἔχουσι
2727 5191 2798 5242 τὰ
2826 5189 3112 5258 ἀμφότερα
3138 5187 3358 5240 συνόντα
3381 5172 3558 5280 αὐτοῖς’
3598 5159 3728 5280 xui:

3374 5271 3385 5280 .
3465 5265 3481 5280 ς
3525 5257 3637 5280 sum

2236 5252 2333 5337 καί
2371 5252 2738 5354 παράκλησιν,
2779 5252 2945 5350 φόῦον
2971 5252 3067 5334 καί.
3105 5280 3326 5351 τρόμον,
3364 5252 3709 5363 ἀγαλῇίαξξζξξῗ

2236 5333 2744 5439 ἐπενοξέίιιένοᾉῠσῖ
2775 5333 2885 5446 {ap
2941 5333 3168 5438 ἑαυτοὺς
3203 5333 3295 5426 ξιαι
3313 5333 3434 5419 ’δλοφ
3459 5352 3538 5406 τδν
3567 5333 3719 5446 Ἀξάξιξ

2234 5469 2427 5540 ἐπειδὴ
2476 5470 2576 5540 μία
2617 5471 2764 5522 ἐστὶν
2804 5471 2836 5538 ἡ
2879 5469 3042 5539 φύσις
3082 5467 3189 5522 τῶν
3230 5455 3508 5530 ἀνθρώπων

2235 5561 2448 5633 δάκρυα
2498 5563 2609 5615 τῶν
2647 5560 2904 5614 τοιούτων
2955 5561 3122 5633 ἄρτος
3168 5558 3302 5623 ἐστὶ,
3364 5545 3447 5601 καὶ
3488 5551 3514 5587 τ

2240 5654 2516 5728 γλυκύτης
2553 5656 2647 5711 καὶ
2683 5657 3016 5720 ἀνάπαυσις.

3526 5457 3537 5470 ο
3565 5429 3639 5486 καὶ
3670 5429 3718 5470 τ³

3518 5533 3538 5583 δ
3575 5511 3718 5575 πένθος
