3966 6436
137 368 247 442 σοι

1395 370 1763 432 IIOMlLI/E.
1788 400 1857 408 —
1884 372 2067 435 IIOM.
2104 376 2227 438 XV.

3332 379 3439 443 602

219 485 356 538 AZ'.
400 481 533 537 Ἐὰν
563 483 618 536 δὲ
655 482 770 553 ἴδῃς
790 481 913 535 τινὰ
937 482 1248 553 ἐπηρμένον
1289 484 1382 535 καὶ
1431 486 1749 555 τετυφωμέ-

1924 490 2031 560 63
2070 489 2336 546 XXXVII.
2376 490 2432 547 Si
2474 506 2607 546 vero
2640 492 2954 563 quempiam
2986 494 3178 549 videas
3204 494 3344 550 fastu
3375 515 3440 551 ac

158 598 239 633 νον
282 577 369 639 ὡς
416 578 645 645 μέτοχον
699 578 829 629 ὄντα
885 576 984 645 τῆς
1028 577 1274 645 χάριτος,
1335 569 1489 641 οὗτος
1528 578 1625 632 ἐὰν
1654 578 1749 631 καὶ

160 673 368 740 σημεῖα
421 671 653 739 ποιήσῃ,
698 671 793 722 καὶ
860 670 1086 738 νεκροὺς
1145 670 1359 741 ἐγείρῃ,
1426 671 1501 739 μὴ
1541 670 1639 744 ἔχῃ
1691 672 1749 724 δὲ

157 766 251 832 τὴν
319 762 514 833 ψυχὴν
587 762 753 816 αὑτοῦ
842 762 1036 832 ἄτιμον
1118 765 1214 816 καὶ
1269 763 1746 833 ὲξοοδενουμένην,

162 850 321 925 καὶῇ
376 854 596 922 πτωχὸς
642 853 721 921 τῷ
768 852 1041 921 πνεύματι
1080 853 1176 904 καὶ
1251 852 1562 921 βδελυκτὸς,
1626 852 1750 906 κλέ-

171 963 357 998 πτεται
392 945 505 996 ὑπὸ
542 947 643 1013 τῆς
689 946 886 1007 κακίας
931 946 1027 997 καὶ
1057 948 1157 998 οὐκ
1188 942 1331 997 οἶδε·
1365 946 1461 998 καὶ
1503 948 1553 998 εί
1608 948 1753 999 ποιεῖ

170 1038 395 1104 σημεῖα,
429 1037 535 1088 οὐκ
564 1036 714 1089 ἐστιν
743 1036 889 1107 αὐτῷ
920 1036 1214 1089 πιστεῦσαι
1246 1053 1259 1066 ·
1288 1038 1349 1090 τὸ
1383 1037 1493 1107 γὰρ
1524 1042 1750 1109 σημεῖον

163 1128 252 1179 τοῦ
274 1128 727 1198 Χριστιανισμοῦ
748 1128 909 1182 τοῦτό
947 1131 1065 1181 ἐστι
1083 1169 1099 1193 ,
1133 1129 1196 1182 τὸ
1220 1128 1347 1182 ὄντα
1377 1130 1501 1184 τινὰ
1527 1130 1750 1200 δόκιμον

154 1219 250 1272 τοῦ
286 1219 459 1283 Θεοῦ,
495 1222 819 1285 σπουδάζειν
848 1220 1133 1274 λανθάνειν
1166 1221 1511 1291 ἀνθρώπους.
1544 1224 1653 1276 Καὶ
1701 1224 1751 1275 εἰ

151 1309 272 1379 ἔχει
297 1310 461 1372 ὅλους
497 1312 621 1373 τοὺς
656 1310 965 1382 θησαυροὺς
1011 1313 1107 1366 τοῦ
1149 1315 1431 1385 βασιλέως,
1488 1316 1753 1386 κρύπτειν

148 1404 392 1466 αὐτοὺς,
434 1404 529 1456 καὶ
577 1404 811 1457 πάντοτε
869 1405 1048 1474 λέγειν
1077 1408 1157 1460 ὅτι
1203 1410 1323 1461 Οὐκ
1376 1409 1549 1461 ἔστιν
1586 1410 1752 1478 ἐμὸς,

145 1494 365 1561 ἄλλος
392 1513 498 1563 μοι
517 1495 808 1564 παρέθετο
837 1498 945 1550 τὸν
991 1501 1305 1567 θησαυρὸν
1348 1499 1565 1553 τοῦτον
1598 1517 1611 1531 ’
1638 1500 1755 1570 ἐγὼ

147 1589 278 1656 γὰρ
300 1589 543 1657 πτωχός
570 1592 706 1659 ειμι.
750 1590 860 1645 Kal
895 1591 995 1645 ὅτε
1031 1592 1210 1655 θέλει,
1247 1592 1537 1659 λαμϐάνει
1566 1594 1755 1647 αὑτὸν

164 1682 284 1735 ἀπ’
326 1681 500 1749 ἐμοῦ.
533 1682 594 1734 Ei
643 1681 696 1734 δέ
726 1699 808 1746 τις
839 1682 1010 1751 λέγει,
1042 1686 1347 1749 Πλούσιός
1381 1689 1518 1755 ειμι,
1566 1687 1751 1755 ἀρκεῖ,

150 1773 551 1842 ἐκτησάμην,
598 1773 800 1828 οὐκέτι
838 1775 1048 1845 χρῄζω.
1102 1778 1131 1831 6
1180 1778 1421 1840 τοιοῦτος
1467 1779 1568 1830 οὐκ
1639 1779 1753 1831 ἐστι

152 1864 204 1917 Χ
217 1841 525 1933 ριστισινὸς,
572 1865 709 1919 ἀλλά
743 1841 946 1931 σκεῦος
978 1870 1094 1920 ἐστι
1142 1868 1244 1937 τῆς
1278 1869 1488 1940 πλάνης
1527 1870 1622 1923 καὶ
1656 1871 1751 1924 τοῦ
1787 1841 1829 1896 Β

154 1954 444 2009 διαϐόλου.
493 1958 556 2010 Ἦ
591 1957 701 2027 γὰρ
751 1958 1053 2022 ἀπόλαυσις
1100 1958 1197 2012 τοῦ
1265 1959 1403 2013 Θεοῦ
1457 1960 1754 2030 ἀκόρεστος

155 2048 301 2112 ἐστι,
334 2050 437 2101 καὶ
469 2048 593 2101 ὅσον
615 2047 782 2103 αὐτοῦ
811 2048 1133 2117 γεύεταίτις
1164 2050 1258 2104 καὶ
1276 2051 1466 2117 ἐσθίει,
1497 2050 1754 2105 τοσοῦτον

154 2139 424 2201 ἐκπεινος
481 2137 753 2206 γίγνεται.
804 2137 918 2190 Καὶ
968 2139 1067 2208 τὴν
1100 2138 1304 2192 παῦσιν
1333 2140 1429 2193 καὶ
1456 2138 1549 2191 τὸν
1578 2137 1756 2209 ἐρ’ωτα

153 2233 292 2303 πρὸς
321 2232 426 2283 τὸν
460 2230 593 2283 Θεὸν
633 2230 852 2300 ἔχουσιν
883 2231 1259 2301 ἀκατάσχετον
1288 2232 1338 2283 οί
1365 2229 1601 2287 τοιοῦτοι
1623 2248 1635 2261 ·
1662 2230 1758 2284 καὶ

154 2326 259 2394 Eat-3
300 2322 683 2387 σπουδάζουσι
718 2324 1070 2393 προκόπτειν,
1103 2323 1199 2377 καὶ
1236 2322 1596 2393 ὲπιπορξζειν,
1628 2339 1757 2376 τοσ-

159 2416 317 2468 oinov
360 2417 607 2477 ἑαυτοὺς
651 2414 913 2486 ἡγοῦνται
962 2418 1237 2485 πτωχοὺς,
1284 2415 1361 2479 ὡς
1411 2415 1611 2478 ἐνδεεῖς
1661 2415 1758 2469 καὶ

157 2505 335 2575 μηδὲν
366 2505 787 2575 κεκτημένους·
816 2506 974 2559 τοῦτο
999 2506 1106 2576 γὰρ
1164 2505 1417 2575 λέγουσιν
1440 2545 1457 2570 ,
1502 2508 1585 2560 ὃτι
1636 2506 1759 2560 Οὔκ

150 2602 265 2665 εἰμι
329 2597 535 2663 ἄξιος,
591 2598 694 2652 ἵνα
762 2592 944 2662 οὗτος
988 2600 1021 2651 ὀ
1056 2597 1233 2665 ἥλιος
1287 2598 1603 2667 ἐπιλάμψῃ
1632 2616 1754 2668 μοι.

150 2689 333 2741 Τοῦτὸ
367 2692 499 2741 ἐστι
546 2688 607 2741 τὸ
647 2690 873 2759 σημεῖον
924 2688 1018 2742 τοῦ
1065 2688 1525 2761 Χριστιανισμοῦ,
1558 2689 1698 2760 αὑτὴ
1723 2690 1758 2760 ή

158 2782 536 2843 ταπείνωσις.

226 2874 371 2928 AII'.
410 2871 550 2927 Εἱδέ
578 2889 665 2934 τις
685 2870 834 2937 ὶὲγει
854 2872 939 2925 ὅτι
976 2871 1296 2942 Ἀρκοῦμαι
1320 2872 1419 2927 καὶ
1444 2872 1760 2940 πεπλήρω-

162 2986 289 3037 μαι,
325 2960 492 3027 οὗτος
529 2964 727 3027 πλάνος
766 2964 884 3017 ἐστὶ
920 2965 1012 3018 καὶ
1028 2963 1293 3035 ψεύστης.
1332 2966 1544 3034 Ὠσπερ
1563 2965 1625 3016 τὸ
1656 2964 1763 3017 σῶ-

172 3082 243 3133 μα
273 3059 373 3113 τοῦ
426 3058 633 3127 Κυρίου
673 3055 965 3124 ἐδοξάσθη,
1008 3057 1096 3109 ὅτε
1137 3057 1369 3127 ἀνῆλθεν
1409 3059 1487 3119 είς
1518 3057 1580 3109 τὸ
1613 3055 1759 3127 ὅρος,

174 3156 263 3206 καὶ
298 3147 713 3221 μετεμορφώθη
772 3150 855 3211 εἰς
893 3149 992 3218 τὴν
1033 3148 1221 3219 θεῖκὴν
1250 3149 1430 3214 δόξαν,
1468 3150 1563 3201 καὶ
1592 3149 1672 3212 είς
1699 3149 1761 3201 τὸ

174 3246 286 3313 ςρῶς
327 3241 392 3295 τὸ
424 3242 676 3312 ἄπειρον,
727 3240 902 3305 οὕτως
946 3241 1042 3294 καὶ
1076 3242 1141 3295 τὰ
1183 3241 1414 3311 σώματα
1439 3241 1549 3295 τῶν
1589 3241 1760 3311 ἁγίων

175 3336 466 3402 δοξάζεται
553 3335 649 3387 καὶ
722 3332 1111 3405 ὲξαστράπτει.
1207 3336 1296 3398 Ὠς
1370 3336 1479 3406 γὰρ
1558 3335 1764 3389 ἔσωθεν

176 3428 374 3499 quea
431 3427 528 3480 τοῦ
584 3426 826 3497 Χριστοῦ
869 3426 1012 3481 οὕτω
1080 3427 1380 3498 ὲφηπλώθη
1432 3428 1512 3498 τῷ
1550 3426 1762 3497 σώματι

175 3519 346 3573 αὑτοῦ
400 3519 498 3572 καὶ
550 3518 863 3588 ἐξέλαμψεο
916 3519 1008 3573 τὸν
1043 3520 1209 3573 αὐτὸν
1269 3520 1471 3591 τρόπον
1502 3522 1605 3574 κάν
1651 3524 1763 3585 τοῖς

177 3614 380 3681 ἁγίοις,
453 3612 486 3681 ἠ
532 3611 739 3666 ἔσωθεν
791 3608 928 3665 οὖσα
986 3613 1081 3666 τοῦ
1120 3614 1354 3683 Χριστοῦ
1392 3614 1644 3684 δύναμις,
1705 3616 1765 3667 ὲν

189 3708 372 3779 ἐκείνῃ
430 3707 498 3775 τῇ
555 3704 745 3777 ἡμέρᾳ
799 3704 1003 3770 ἔξωθεν
1059 3707 1139 3768 εἰς
1202 3707 1271 3759 τὰ
1316 3706 1543 3777 σώματα
1584 3707 1765 3760 αὐτῶν

199 3801 594 3869 ὑπερεκχείται.
645 3799 754 3852 Καί
788 3800 899 3872 γὰρ
958 3801 1022 3853 ἐκ
1078 3802 1180 3868 τῆς
1236 3799 1403 3854 αὑτοῦ
1444 3801 1631 3863 οὐσίας
1670 3802 1765 3854 καὶ

208 3892 409 3961 φύσεως
432 3891 540 3945 ἀπὸ
593 3891 689 3944 τοῦ
724 3890 818 3944 νῦν
857 3892 1181 3962 μετέχουσιν
1212 3892 1272 3945 ὲν
1324 3891 1402 3960 τῷ
1436 3892 1513 3961 νῷ
1554 3892 1762 3947 αὐτῶν.

206 3984 501 4053 Γέγραπται
537 3983 646 4053 γάρ
670 3998 685 4013 ’
738 3983 811 4036 '0
842 3999 906 4037 τε
959 3982 1229 4051 ἁγιάζων,
1251 3982 1352 4036 καὶ
1392 3986 1445 4036 οἱ
1467 3982 1767 4052 ἁγιαζόμε-

196 4093 289 4130 νοι
318 4075 383 4140 ἐξ
411 4075 569 4140 ἑνός.
598 4075 709 4128 Καί
737 4089 753 4106 ο
783 4073 979 4139 Δόξαν
999 4072 1080 4141 ἣν
1108 4073 1376 4141 δέδωκάς
1397 4074 1766 4143 μοι,δέ6ωκα

200 4164 420 4232 αὐτοῖς.
464 4164 677 4234 ’Ὠσπερ
724 4164 834 4217 ἀπὸ
884 4162 1003 4228 ἑνὸς
1046 4163 1219 4234 πυρὸς
1262 4164 1527 4219 ἅπτονται
1581 4163 1765 4233 λύχνοι

199 4258 623 4327 πελλοὶ,άνάγκη
652 4256 840 4310 καὶτὰ
867 4255 1094 4327 σώματα
1129 4255 1239 4310 τῶν
1263 4256 1435 4325 ἁγίων
1464 4256 1598 4327 μέλη
1631 4257 1768 4327 Χρι-

202 4350 325 4406 στοῦ
360 4350 506 4416 ὄντα,
536 4350 596 4404 τὸ
622 4349 756 4403 αὐτὸ
782 4349 1068 4419 γίγνεσθαι
1096 4350 1236 4421 ὅπερ
1261 4350 1410 4403 ἐστὶν
1442 4351 1472 4404 6
1504 4350 1762 4419 Χριστός.

1852 582 2109 651 Superbia
2142 583 2381 645 elatum,
2428 583 2601 639 veluti
2637 584 2730 653 qui
2778 584 2851 638 sit
2892 586 3169 656 particeps
3202 587 3388 657 gratia:
3424 627 3442 651 ,

1851 671 1942 726 hic
1986 672 2112 725 licet
2167 672 2319 742 signa
2368 673 2563 737 faciat,
2610 689 2672 728 ac
2716 684 2964 729 mortuos
3009 677 3346 741 exsuscitet,
3385 683 3445 729 et

1852 778 1963 817 non
2005 774 2187 818 tamen
2220 765 2423 819 habeat
2459 766 2728 837 ahjectam
2767 777 2823 821 ct
2866 768 3131 822 humilem
3178 770 3441 833 animam,

1852 872 1955 910 nec
1982 873 2188 926 pauper
2234 857 2432 927 spiritu
2467 867 2522 911 et
2552 859 2959 913 ahominandus
2990 861 3061 914 sit
3081 903 3093 922 ,
3130 862 3175 914 is
3204 861 3447 930 subripi-

1855 958 1945 1003 tur
1972 965 2001 1003 a
2031 949 2186 1015 vitio,
2212 961 2268 1004 et
2289 950 2514 1020 quidem
2538 952 2800 1006 nescius:
2832 962 2888 1006 et
2922 953 3049 1007 licet
3074 954 3231 1023 signa
3257 954 3439 1017 faciat,

1853 1054 1963 1093 non
2002 1049 2182 1093 tamen
2216 1040 2266 1094 ei
2305 1041 2644 1097 credendum
2675 1050 2779 1095 est.
2825 1040 3054 1111 Signum
3101 1043 3248 1096 enim
3280 1042 3444 1097 Chri-

1856 1132 2128 1184 stianismi
2167 1132 2274 1186 hoc
2317 1142 2403 1187 est
2428 1174 2441 1195 ,
2479 1141 2540 1187 ut
2565 1132 2763 1201 aliquis
2789 1133 2902 1186 Deo
2934 1134 3006 1187 sit
3042 1134 3328 1202 probatus,
3352 1140 3447 1186 ul-

1856 1240 1964 1293 que
2000 1226 2218 1280 studeat
2260 1226 2429 1279 latere
2454 1240 2638 1279 coram
2677 1224 3032 1289 hominibus;
3066 1232 3121 1278 et
3152 1231 3248 1289 ut,
3276 1224 3321 1278 si
3355 1225 3445 1277 vel

1857 1316 2149 1371 universos
2192 1318 2483 1371 thesauros
2523 1317 2668 1386 regis
2714 1316 3012 1386 possideat,
3058 1332 3154 1371 eos
3201 1317 3447 1371 occultet

1856 1423 1920 1462 ac
1948 1420 2167 1478 semper
2190 1409 2341 1463 dicat
2368 1428 2381 1461 :
2412 1409 2709 1462 Thesaurus
2746 1426 2849 1461 non
2886 1420 2959 1463 est
2992 1427 3158 1473 mens,
3192 1412 3283 1463 sed
3305 1410 3447 1465 alius

1857 1515 1975 1552 eum
2011 1500 2153 1569 apud
2190 1516 2271 1553 me
2300 1500 2541 1570 deposuit
2568 1516 2587 1553 :
2620 1517 2712 1569 ego
2745 1503 2883 1553 enim
2916 1502 3186 1555 mendicus
3206 1520 3323 1555 sum
3346 1516 3364 1552 :
3395 1509 3446 1554 et

1858 1593 2071 1663 quando
2095 1595 2142 1646 ei
2172 1592 2449 1663 placuerit,
2487 1602 2683 1662 repetet
2712 1609 2828 1646 eum
2855 1612 2885 1647 a
2923 1610 3024 1647 me.
3067 1594 3124 1648 Si
3153 1610 3288 1649 vero
3322 1595 3452 1664 quis

1858 1686 2006 1739 dicat
2037 1702 2051 1738 :
2085 1685 2239 1739 Dives
2277 1701 2416 1749 sum,
2454 1686 2661 1754 stt/ficit,
2691 1686 2827 1739 bona
2870 1687 3126 1756 possideo,
3150 1687 3301 1741 nihili
3327 1706 3447 1742 am-

1859 1778 1996 1847 plius
2019 1777 2248 1847 indigeo,
2279 1777 2550 1847 ejusmodi
2580 1777 2672 1846 qui
2698 1784 2802 1841 est,
2831 1792 2942 1831 non
2968 1788 3054 1832 est
3075 1777 3451 1845 Christianus,

1858 1869 1957 1925 sed
1987 1885 2084 1923 vas
2128 1869 2446 1939 imposturae
2474 1877 2532 1923 et
2556 1868 2785 1923 diaboli.
2824 1867 3126 1923 Delectatio
3155 1869 3305 1924 enim
3351 1870 3448 1925 Dei

1857 1961 2189 2017 insatiabilis
2234 1969 2355 2027 est,
2401 1968 2459 2015 et
2495 1970 2704 2030 quanto
2744 1960 2919 2031 magis
2962 1960 3089 2030 quis
3130 1960 3364 2031 gustarit
3393 1970 3456 2016 et

1856 2052 2059 2112 ederit.
2092 2060 2248 2106 tanto
2290 2051 2462 2121 magis
2489 2050 2721 2106 esuriet.
2759 2050 2826 2105 Et
2857 2050 2953 2120 qui
2991 2050 3263 2121 ejusmodi
3299 2059 3451 2114 sunt,

1857 2144 2117 2198 ardorem
2169 2152 2338 2214 atque
2391 2157 2636 2197 amorem
2676 2158 2806 2213 erga
2864 2142 3159 2197 Dominum
3224 2142 3455 2207 habent,

1860 2238 1955 2309 qui
1990 2238 2235 2292 coerceri
2282 2234 2517 2306 nequit,
2555 2246 2613 2291 et
2644 2243 2853 2305 quanto
2882 2235 3147 2305 majorem
3179 2235 3456 2289 adhibue-

1861 2334 1974 2386 rint
1997 2346 2221 2400 operam
2242 2328 2571 2400 proﬁciendi
2595 2344 2660 2383 ac
2687 2328 2997 2390 crescendi,
3036 2334 3189 2381 tanto
3228 2341 3287 2381 se
3317 2343 3457 2397 pau-

1860 2423 2109 2493 periores
2141 2430 2430 2491 reputant,
2473 2431 2737 2490 tanquam
2784 2418 2942 2489 egeni
2993 2433 3058 2473 ac
3090 2418 3232 2472 nihil
3270 2417 3456 2488 possi-

1861 2515 2077 2570 dentes.
2125 2514 2239 2567 Hoc
2268 2514 2417 2567 enim
2449 2512 2645 2566 dicunt
2676 2528 2689 2565 :
2729 2511 2847 2566 Non
2878 2527 2998 2564 sum
3027 2510 3216 2580 dignus
3236 2552 3250 2575 ,
3283 2517 3343 2563 ut
3373 2507 3457 2563 sol

1863 2607 2033 2662 radiis
2069 2609 2180 2661 suis
2208 2622 2293 2660 me
2332 2606 2619 2659 illuminet.
2658 2604 2775 2659 Hoc
2812 2611 2899 2659 est
2927 2604 3145 2674 signum
3180 2602 3457 2658 Christia-

1867 2699 2057 2764 nismi,
2087 2697 2205 2767 ipsa
2240 2695 2455 2751 scilicet
2487 2696 2795 2750 humilitas.

1935 2869 2227 2924 XXXVIII.
2268 2869 2340 2924 At
2376 2868 2420 2923 si
2458 2869 2733 2939 quispiam
2783 2870 2930 2924 dicat
2964 2886 2979 2923 :
3016 2869 3305 2925 Contentus
3339 2887 3457 2925 sum

1864 2971 1914 3017 et
1942 2962 2147 3034 plenus.
2176 2962 2439 3017 seductor
2469 2962 2559 3015 ille
2587 2971 2671 3017 est
2698 2973 2753 3015 et
2779 2963 3036 3017 mendax.
3088 2962 3461 3028 Quemadmo-

1865 3056 1996 3110 dum
2041 3056 2189 3110 enim
2238 3054 2608 3125 gloriﬁcatum
2643 3064 2729 3109 est
2775 3071 2978 3125 corpus
3034 3056 3277 3121 Domini,
3329 3072 3457 3111 cum

1867 3147 2288 3201 conscendisset
2330 3153 2610 3210 montem,
2642 3154 2703 3201 et
2733 3144 2790 3199 in
2834 3146 3078 3200 divinam
3109 3147 3339 3216 gloriam
3359 3187 3374 3212 ,
3403 3157 3460 3203 et

1866 3239 1922 3293 in
1982 3238 2257 3294 inﬁnitum
2306 3239 2494 3293 lumen
2533 3246 2681 3293 esset
2727 3238 3177 3308 transﬁguratum
3216 3256 3229 3293 :
3273 3238 3354 3293 sic
3404 3247 3461 3293 et

1866 3346 2103 3400 corpora
2144 3339 2461 3385 sanctorum
2502 3330 2905 3401 gloriﬁcantur,
2936 3340 2993 3385 et
3023 3330 3250 3401 fulgoris
3287 3332 3465 3386 instar

1864 3422 2073 3477 lucent.
2108 3420 2587 3488 Quemadmodum
2609 3423 2759 3477 enim
2783 3423 2957 3493 gloria
2985 3422 3192 3477 Christi
3220 3423 3458 3478 interior

1866 3515 1951 3570 sic
1984 3515 2235 3569 contexit
2260 3530 2500 3584 corpus,
2536 3523 2593 3569 et
2628 3515 3020 3584 exspleuduit;
3053 3515 3249 3571 eodem
3295 3517 3462 3571 modo

1863 3615 1921 3660 et
1949 3606 2005 3659 in
2035 3605 2244 3661 sanctis
2293 3604 2527 3660 interior
2559 3605 2767 3661 Christi
2807 3607 2987 3659 virtus
3027 3606 3085 3660 in
3114 3606 3203 3661 die
3235 3606 3327 3661 illa
3362 3623 3461 3661 ex-

1866 3698 2043 3753 terius
2085 3698 2142 3751 in
2175 3712 2405 3767 corpora
2452 3697 2674 3751 illorum
2715 3697 3047 3752 eﬁ‘unditur.
3073 3697 3287 3751 Etenim
3324 3697 3462 3751 sub-

1866 3790 2085 3846 stantia:
2117 3797 2170 3843 et
2201 3799 2413 3843 naturae
2455 3790 2574 3859 ejus
2618 3804 2686 3842 ex
2730 3788 2837 3843 hoc
2875 3796 3125 3858 tempore
3158 3789 3461 3858 participes

1867 3891 1997 3938 sunt
2022 3884 2076 3936 in
2107 3881 2294 3935 animo
2320 3898 2442 3937 suo.
2478 3882 2762 3951 Scriptum
2790 3890 2875 3936 est
2903 3881 3051 3935 enim
3087 3898 3100 3935 :
3141 3880 3242 3946 Qui
3267 3883 3464 3935 sancti-

1866 3974 2012 4043 ﬁcat,
2040 3982 2089 4026 et
2115 3972 2483 4040 sanctiﬁcatur
2506 4013 2521 4037 ,
2559 3989 2622 4025 ex
2651 3988 2757 4025 uno
2786 3981 2909 4025 sunt
2941 3973 3007 4025 °’.
3048 3972 3117 4026 Et
3145 3990 3159 4025 :
3191 3972 3458 4037 Gloriam,

1867 4084 2029 4140 quam
2061 4067 2250 4120 dedisti
2277 4066 2442 4131 mihi,
2491 4066 2610 4119 dedi
2643 4066 2752 4120 illis
2780 4067 2849 4121 "°.
2881 4066 3359 4132 Quemadmodum
3388 4067 3461 4121 ab

1868 4176 1980 4215 uno
2020 4159 2327 4229 eodemque
2364 4158 2489 4229 igne
2531 4158 2721 4228 plures
2752 4158 2993 4213 lucerna:
3038 4158 3461 4225 accenduntur,

1866 4252 1949 4308 sic
1987 4267 2216 4307 necesse
2259 4265 2481 4320 quoque
2527 4259 2646 4314 est,
2695 4258 2758 4303 ut
2808 4265 3040 4319 corpora
3099 4261 3457 4317 sanctorum,

1868 4358 1993 4412 qua:
2016 4350 2148 4396 sunt
2174 4339 2384 4396 Christi
2412 4339 2683 4406 membra,
2718 4338 2863 4395 idem
2888 4338 3147 4405 evadant,
3170 4339 3318 4410 quod
3343 4340 3462 4411 ipse

1867 4434 2126 4490 Christus
2153 4444 2257 4489 est.

268 4524 392 4580 AO’.
445 4524 780 4593 Ἐρώτησις.
824 4523 959 4591 Πῶς
1008 4523 1296 4593 ἀνώτεροι
1347 4523 1658 4594 γίγνονται
1710 4526 1759 4578 ol

1943 4526 2187 4581 XXXIX.
2232 4526 2612 4598 Interrogatio.
2675 4524 2791 4589 Quo
2844 4532 2998 4594 pacto
3041 4524 3269 4578 evadunt
3313 4524 3465 4580 Chri-

206 4616 539 4687 Χριστιανοὶ
586 4616 694 4670 τοῦ
732 4616 970 4684 πρώτου
1010 4616 1184 4686 Ἀδάμ
1206 4615 1471 4681 ;ὲκεῖνος
1495 4616 1607 4685 γὰρ
1628 4616 1759 4671 ἀυά-

207 4726 377 4772 γατος
404 4705 502 4773 ἦν,
535 4706 632 4759 καὶ
668 4706 885 4775 ψυχὴν
916 4707 1014 4760 καὶ
1043 4706 1217 4776 σῶμα
1254 4705 1586 4776 ἄφθαρτος·
1612 4709 1666 4762 οἱ
1695 4706 1765 4761 δὲ

212 4797 659 4865 ἀποθνήσκουσι
688 4798 787 4853 καὶ
816 4800 1181 4869 φθείρονται.

292 4976 642 5045 Ἀπόκρισις.
694 4972 755 5030 '0
784 4976 1038 5048 ἀληθινὸς
1076 4976 1305 5043 θάνατος
1334 4977 1482 5032 ἔνδον
1516 4979 1663 5033 ἐστὶν
1713 4980 1773 5033 ὲν

219 5074 280 5140 τῇ
312 5069 513 5139 καρδίᾳ,
550 5068 646 5122 καὶ
700 5069 1031 5140 κέκρυπται,
1076 5071 1221 5124 καὶὸ
1267 5072 1555 5143 ἄνθρωπος
1590 5073 1618 5125 6
1664 5072 1773 5126 ἔσω

222 5162 523 5232 νεγέκρωται
550 5177 564 5191 ο
597 5160 651 5214 εῑ
675 5178 759 5226 τις
784 5158 879 5215 οὖν
914 5162 1294 5234 μεταϐέϐηκεν
1324 5166 1388 5217 ἐκ
1418 5166 1511 5218 τοῦ
1535 5166 1771 5221 θανάτου

223 5256 300 5317 εἰς
326 5254 571 5325 τὴνξωὴν
610 5255 749 5308 κατὰ
798 5255 860 5306 τὸ
905 5255 1165 5325 κρυπτὸν,
1219 5251 1373 5318 οὗτος
1419 5256 1636 5327 ἀληθῶς
1687 5258 1767 5322 είς

217 5347 340 5409 τοὺς
364 5346 555 5411 αἰῶνας
586 5346 675 5417 ζῇ,
708 5348 802 5400 καὶ
823 5347 922 5399 οὐκ
945 5348 1305 5419 ἀποθνήσκει.
1345 5348 1483 5401 Ἀλλ’
1502 5350 1549 5403 εὶ
1575 5351 1668 5404 καὶ
1702 5350 1769 5403 τὰ

214 5438 429 5509 σώματα
459 5438 566 5491 τῶν
594 5438 852 5491 τοιούτων
900 5438 1084 5492 λύεται
1130 5440 1267 5509 πρὸς
1311 5440 1522 5512 καιρὸν,
1557 5442 1771 5513 ἐγείρε-

205 5550 297 5587 ται
324 5525 468 5592 αὖθις
496 5529 554 5581 ἐν
581 5527 707 5599 δόξῃ
728 5544 743 5559 ·
777 5528 1089 5599 ήγιασμένα
1112 5531 1221 5601 γάρ
1250 5532 1410 5586 εἰσιν.
1446 5532 1653 5586 ’Ύπνον
1676 5530 1773 5589 οὖν

205 5626 431 5697 λέγομεν
480 5622 574 5675 καὶ
638 5620 896 5692 κοίμησιν
934 5621 1043 5675 τῶν
1071 5622 1414 5694 Χριστιανῶν
1455 5623 1549 5679 τὸν
1606 5625 1772 5681 θάνα-

283 5815 327 5849 ⁶⁹
365 5808 523 5865 Hebr.
547 5824 609 5877 It,
637 5808 723 5863 ll.
800 5807 848 5840 ‘"
887 5806 1021 5862 Joan
1062 5808 1301 5877 “11,22.

1869 4618 2032 4672 stiani
2059 4618 2171 4687 ipso
2200 4619 2369 4688 primo
2396 4619 2570 4672 Adam
2595 4614 2937 4686 superiores?
2968 4613 3059 4668 ille
3084 4616 3345 4686 siquidem
3362 4616 3462 4669 im-

1874 4709 2117 4765 mortalis
2142 4718 2284 4775 erat,
2313 4720 2361 4764 et
2394 4728 2498 4764 non
2520 4711 2704 4764 anima
2736 4708 2912 4773 modo,
2942 4724 3129 4762 verum
3158 4708 3322 4761 etiam
3341 4725 3461 4760 cor-

1877 4819 2004 4874 pore
2038 4800 2453 4874 incorruptibilis
2484 4819 2502 4857 :
2535 4804 2588 4857 hi
2641 4817 2761 4855 vero
2800 4801 3103 4854 moriuntur
3144 4806 3192 4852 et
3224 4814 3466 4852 corrum-

1880 4904 2099 4968 puntur.

1948 4986 2256 5057 Responsio.
2296 4986 2438 5042 Vera
2488 4999 2637 5040 mors
2687 4983 2837 5038 intus
2876 4982 2933 5036 in
2974 4980 3141 5037 corde
3184 4980 3357 5035 haeret
3400 4995 3466 5035 ac

1878 5077 2035 5141 latet,
2071 5086 2237 5147 atque
2287 5077 2453 5131 homo
2502 5075 2736 5129 interior
2782 5082 3035 5128 mortuus
3075 5079 3178 5126 est.
3224 5070 3281 5126 Si
3340 5070 3468 5140 quis

1878 5182 2011 5238 ergo
2048 5169 2328 5223 transierit
2350 5185 2381 5223 a
2409 5177 2587 5222 morte
2617 5167 2670 5220 in
2694 5166 2862 5221 vitam
2898 5165 3170 5219 occultam
3196 5204 3212 5231 ,
3254 5164 3347 5218 ille
3376 5180 3465 5217 re-

1872 5276 2004 5314 vera
2035 5262 2091 5315 in
2121 5262 2321 5316 saecula
2352 5261 2510 5326 vivit,
2544 5274 2648 5314 nec
2678 5259 2933 5314 moritur.
2968 5258 3122 5313 Licet
3153 5258 3302 5313 enim
3340 5272 3465 5310 cor-

1871 5368 2008 5423 pora
2052 5355 2252 5408 horum
2299 5354 2593 5410 solvantur
2638 5351 2706 5405 ad
2747 5360 3003 5422 tempus,
3049 5350 3233 5405 denuo
3280 5358 3464 5403 tamen

1873 5445 2214 5501 suscitantur
2246 5445 2304 5500 in
2337 5444 2543 5516 gloria;
2575 5452 2706 5499 sunt
2732 5444 2882 5498 enim
2910 5442 3272 5498 sanctiﬁcata.
3307 5438 3468 5494 Som-

1872 5552 2008 5592 num
2032 5552 2163 5608 ergo
2186 5552 2252 5592 ac
2286 5536 2681 5593 dormitionem
2715 5551 2838 5591 esse
2862 5536 3099 5590 dicimus
3118 5530 3465 5588 Christiano-

1876 5644 1999 5685 rum
2040 5636 2303 5687 mortem.
2348 5627 2506 5696 Quod
2537 5629 2585 5686 si
2620 5628 2787 5685 homo
2822 5626 3151 5684 immortalis
3183 5631 3367 5690 esset,
3408 5629 3469 5679 et
