3966 6426
572 351 679 417 603

1826 346 1888 408 s.
1929 342 2252 407 MACABII
2290 342 2611 406 nomn
3694 351 3767 417 ωι

574 478 806 536 corpore
849 460 1312 536 incorruptibilis,
1343 460 1637 517 universus
1656 460 1897 517 mundus
1929 476 2045 516 rem
2076 460 2163 516 in-

2266 476 2383 514 τον.
2423 459 2487 513 Ei
2524 457 2582 512 δὲ
2640 455 2909 520 ἀθάνατος
2940 452 3007 529 ἦν
3044 458 3072 512 6
3101 457 3419 530 ἄνθρωπος,
3460 460 3547 515 καὶ
3595 465 3771 521 κατὰτὸ

574 558 844 613 solentem
878 556 1244 627 perspiciens,
1280 554 1431 626 quod
1477 554 1689 610 scilicet
1724 567 1958 623 corpora
1993 550 2161 607 Chri-

574 651 883 707 stianorum
913 666 1021 705 non
1052 656 1508 719 corrumpantur,
1537 646 1869 702 necessitate
1899 643 2159 715 quadam,

574 758 632 803 at
672 764 782 802 non
825 754 1132 818 spontanea
1182 744 1509 809 voluntate,
1551 741 1620 797 ad
1665 740 1720 796 id
1760 737 1910 811 quod
1952 738 2162 793 bonum

574 849 682 899 est.
712 846 1059 909 properaret.

639 931 762 987 .XL.
806 932 1041 995 Verum,
1071 938 1132 985 ut
1168 926 1392 1000 penitus
1423 933 1713 998 appareat,
1747 932 1806 980 et
1844 931 1961 978 rata
1988 920 2062 978 sit
2090 919 2162 976 li-

578 1025 710 1080 bera
742 1024 959 1078 arbitrii
996 1022 1289 1087 voluntas,
1321 1036 1487 1091 quam
1530 1020 1599 1074 ab
1639 1018 1800 1073 initio
1840 1017 1989 1072 Deus
2029 1032 2166 1072 con-

578 1112 863 1185 εοεείιθᾶ.
875 1112 1107 1176 homini,
1122 1113 1243 1181 ejus
1263 1127 1353 1166 res
1370 1125 1581 1165 summa
1602 1125 1727 1165 cum
1750 1106 2165 1178 dispensatione

581 1206 1067 1269 administrantur,
1099 1210 1270 1274 htque
1297 1203 1501 1258 solutio
1527 1217 1826 1272 corporum
1853 1218 1867 1267 ;
1897 1211 1959 1256 ut
1983 1200 2037 1254 in
2064 1215 2164 1255 vo-

580 1300 792 1354 luntate
823 1298 1065 1352 hominis
1102 1298 1205 1359 sit.
1232 1297 1479 1352 converti
1518 1312 1645 1351 eum
1682 1294 1747 1348 ad
1794 1293 1846 1348 id
1887 1293 2035 1364 quod
2066 1292 2167 1347 bo-

578 1407 749 1456 num,
798 1400 896 1445 aut
928 1390 1074 1461 quod
1110 1391 1312 1445 malum
1348 1397 1452 1445 est.
1486 1389 1676 1459 Neque
1706 1387 1854 1442 enim
1887 1385 2166 1456 perfectus

581 1490 747 1543 homo
788 1488 855 1542 ad
891 1487 1098 1541 bonum
1127 1526 1141 1551 ,
1185 1494 1281 1539 aut
1310 1487 1363 1539 in
1402 1493 1630 1555 peccato
1658 1482 1979 1545 demersus,
2020 1488 2077 1535 et
2106 1494 2165 1533 se

580 1582 760 1652 ipsum
789 1580 1141 1634 constituens
1170 1593 1269 1633 vas
1295 1577 1525 1640 diaboli,
1551 1592 1580 1630 a
1606 1589 1715 1646 quo
1740 1582 1890 1629 totus
1923 1572 2167 1627 mundus

579 1673 982 1728 condemnatus
1000 1678 1106 1734 est,
1124 1669 1192 1725 ad
1220 1669 1274 1724 id
1304 1668 1451 1739 quod
1479 1668 1684 1723 malum
1704 1676 1809 1731 est,
1836 1664 2164 1720 necessitate

578 1763 817 1833 quadam
858 1770 944 1817 est
986 1762 1320 1824 devinctus;
1365 1759 1460 1814 sed
1514 1758 1682 1813 habet
1722 1757 1961 1811 liberum
2014 1754 2165 1809 arbi-

581 1858 775 1918 trium,
824 1864 887 1909 ut
936 1855 1029 1908 fiat
1070 1870 1167 1908 vas
1209 1852 1500 1908 electionis
1543 1859 1601 1906 et
1646 1849 1792 1905 vitae.
1838 1849 2103 1905 Similiter
2132 1863 2164 1903 ο

580 1961 849 2002 converso
876 1985 891 2009 ,
924 1944 1019 2015 qui
1060 1943 1352 1998 divinitate
1380 1951 1510 1998 sunt
1543 1941 1821 2005 inebriati,
1853 1941 1982 1995 licet
2013 1938 2162 2010 pleni

580 2040 694 2094 sint
727 2055 791 2093 ac
826 2037 1071 2091 devincti
1100 2036 1308 2108 Spiritu
1342 2044 1535 2090 sancto
1560 2074 1576 2092 .
1607 2050 1717 2089 non
1752 2043 1931 2088 tamen
1968 2048 2164 2088 neces-

580 2132 745 2186 sitate
776 2131 885 2185 ulla
924 2138 1205 2191 tenentur,
1238 2128 1333 2182 sed
1354 2128 1590 2183 liberum
1614 2126 1820 2181 habent
1849 2124 2160 2191 arbitrium,

580 2235 643 2279 ut
668 2231 1067 2278 convertantur
1091 2230 1149 2276 et
1181 2220 1427 2286 faciant,
1463 2217 1731 2289 quidquid
1772 2217 2077 2288 placuerit,
2107 2215 2163 2271 in

578 2313 687 2370 hoc
712 2315 934 2369 saeculo.

647 2406 788 2463 XLI.
825 2406 1201 2477 Interrogatio.
1242 2403 1586 2460 Paulatimne
1622 2411 1939 2457 extenuatur
1966 2410 2013 2455 et
2046 2418 2166 2455 era-

575 2498 807 2563 dicatur,
836 2498 975 2569 quod
1006 2497 1208 2552 malum
1224 2504 1322 2561 est,
1344 2506 1503 2566 atque
1532 2497 1609 2550 ita
1635 2494 1842 2567 proﬁcit
1865 2496 2018 2549 homo
2034 2511 2163 2564 gra-

576 2590 683 2658 tia;
724 2608 795 2645 an
836 2592 1057 2656 statim,
1093 2590 1181 2645 ubi
1219 2605 1551 2662 progressum
1599 2589 1798 2659 fecerit,
1840 2588 2165 2658 mtirpatur

574 2684 714 2756 quod
748 2683 950 2738 malum
984 2692 1058 2738 est
1080 2683 1107 2737 ?

646 2776 954 2840 Responsio.
994 2775 1473 2844 Quemadmodum
1505 2774 1687 2829 infans
1716 2770 2075 2843 imperfectus
2105 2769 2163 2824 in

574 2878 738 2923 utero
784 2885 897 2924 non
942 2868 1234 2924 confestim
1274 2868 1331 2923 in
1361 2867 1645 2923 hominem
1688 2865 2034 2933 concrescit,
2066 2863 2163 2920 sed

573 2961 843 3032 paulatim
873 2960 1108 3016 formam
1137 2960 1337 3031 recipit
1374 2971 1432 3015 et
1454 2960 1737 3031 gignitur;
1775 2974 1953 3028 neque
1980 2956 2165 3013 conti-

574 3068 689 3108 nuo
712 3052 993 3123 perlectus
1015 3052 1182 3107 homo
1205 3062 1313 3119 est,
1342 3052 1440 3108 sed
1474 3052 1778 3107 multorum
1804 3050 2026 3106 demum
2063 3066 2163 3106 an-

576 3158 777 3199 norum
795 3143 1034 3198 decursu
1060 3143 1461 3199 incrementum
1486 3143 1677 3208 sumit,
1697 3150 1863 3213 atque
1885 3143 1942 3197 in
1974 3141 2157 3197 virum
2188 3170 2233 3231 ο

577 3236 767 3292 evadit
798 3254 812 3291 :
848 3247 1043 3306 estque
1068 3236 1220 3291 velut
1245 3235 1456 3291 semina
1487 3233 1680 3290 hordei
1707 3244 1802 3289 aut
1822 3233 2013 3297 tritici,
2040 3249 2163 3304 qua:

578 3326 636 3382 in
661 3336 863 3383 terram
900 3328 1143 3393 :onjecta
1164 3342 1273 3382 non
1294 3327 1477 3383 statim
1497 3326 1717 3382 radices
1737 3334 1907 3397 agunt
1928 3366 1943 3391 ,
1966 3341 2163 3381 verum

578 3421 672 3477 ubi
703 3420 1073 3490 praeterierint
1100 3421 1315 3475 hiemes
1336 3430 1394 3475 et
1418 3420 1593 3484 venti,
1625 3428 1743 3474 tum
1768 3419 1992 3474 demum
2021 3433 2165 3474 com-

578 3513 743 3568 modo
779 3522 1025 3583 tempore
1049 3513 1215 3583 spica:
1253 3522 1633 3569 enascuntur:
1671 3513 1825 3578 item,
1849 3511 1943 3582 qui
1967 3526 2164 3583 pyrum

576 3601 811 3672 plantat,
840 3617 948 3656 non
977 3603 1161 3658 statim
1186 3602 1423 3673 percipit
1453 3601 1694 3656 fructum
1726 3618 1741 3655 :
1766 3600 1961 3655 eodem
1997 3599 2165 3654 modo

578 3692 636 3747 in
665 3693 1050 3762 spiritualibus
1073 3708 1319 3763 quoque,
1349 3693 1444 3749 ubi
1469 3702 1619 3748 tanta
1648 3692 1918 3763 sapientia
1940 3699 1997 3746 et
2030 3690 2164 3745 sub-

579 3781 751 3837 tilitas
802 3789 917 3848 est,
950 3783 1215 3854 paulatim
1251 3783 1418 3839 homo
1452 3784 1807 3856 progreditur
1832 3824 1848 3848 ,
1885 3783 2165 3853 evaditque

577 3874 635 3929 in
658 3875 825 3928 virum
846 3875 1157 3945 perfectum,
1190 3886 1239 3929 et
1263 3875 1648 3947 plenitudinem
1678 3877 1850 3931 (etatis
1883 3892 1900 3929 :
1934 3892 2066 3940 non,
2101 3881 2164 3929 ut

579 3966 805 4036 quidam
843 3967 998 4021 aiunt
1026 3984 1040 4020 :
1066 3967 1293 4022 Induere
1316 3978 1365 4023 et
1388 3985 1577 4023 exuere
1604 3970 1668 4023 τί.

652 4072 814 4127 XLII.
854 4073 959 4139 Qui
1000 4075 1216 4129 litteras
1243 4074 1458 4130 discere
1496 4076 1551 4129 in
1584 4076 1729 4131 votis
1760 4076 1957 4141 habet,
1986 4076 2165 4147 pergit

578 4165 820 4235 primum
848 4166 915 4219 ad
946 4165 1244 4220 ediscenda
1284 4167 1438 4236 signa
1472 4184 1485 4218 :
1527 4168 1621 4221 ubi
1655 4169 1699 4223 si
1732 4169 1943 4238 primus
1971 4169 2159 4234 fuerit,

578 4259 839 4329 pergitad
863 4259 1105 4313 scholam
1133 4258 1479 4324 Latinorum,
1515 4269 1709 4331 estque
1746 4262 1992 4316 omnium
2030 4262 2162 4317 ulti-

580 4364 725 4403 mus.
775 4350 1016 4405 Rursum
1066 4350 1181 4405 illic
1221 4351 1315 4406 ubi
1367 4351 1537 4406 fuerit
1589 4354 1821 4423 primus,
1869 4354 2046 4425 pergit
2092 4354 2161 4409 ad

2267 550 2431 623 σῶμα
2460 550 2761 622 ἄφθαρτος,
2801 550 3016 623 βλέπων
3052 550 3172 615 ὅλος
3209 554 3241 604 6
3279 552 3480 622 κόσμος
3503 554 3560 607 τὸ
3588 558 3770 628 παράδο.

2266 642 2357 711 εον
2393 641 2489 697 τοῦ
2520 643 2871 716 πράγματος,
2906 644 2989 698 ὅτι
3051 642 3128 715 μὴ
3164 645 3483 717 φθείρονται
3510 647 3574 701 τά
3599 647 3773 720 σώματι

2263 736 2377 791 τῶν
2419 736 2788 808 Χριστιανῶν,
2836 736 3054 808 ἀνάγκῃ
3107 736 3293 790 τοίνυν
3372 736 3498 803 τινὶ,
3556 737 3655 793 ἀλλ’
3707 743 3774 814 οὐκ

2265 830 2491 899 ἑκουσίᾳ
2518 829 2715 902 γνώμῃ
2751 830 2893 901 πρὸς
2935 828 2999 883 τδ
3040 830 3246 900 ἀγαθὸν
3283 830 3560 901 ἀνήρχετο.

2336 925 2428 979 Μ’.
2477 923 2613 979 Ἀλλ’
2640 924 2728 979 ἵνα
2753 926 2896 997 φανῇ
2921 923 3171 991 καθάπαξ
3212 924 3311 978 καὶ
3347 923 3587 996 διαμείνῃ
3603 924 3658 979 τδ
3686 927 3773 981 αἰκι-

2266 1015 2535 1083 εξούσιον,
2572 1016 2713 1087 ὅπερ
2741 1016 2801 1083 ἐξ
2832 1015 3013 1087 ἀρχῆς
3035 1018 3065 1070 6
3096 1014 3234 1080 Θεδς
3263 1016 3434 1070 ἔδωκε
3453 1016 3529 1087 τῷ
3542 1017 3769 1089 ἀνθρώπῳ,

2265 1108 2461 1164 τούτου
2490 1108 2861 1179 οἰκονομικῶς
2885 1107 2956 1161 τά
2980 1108 3288 1181 πράγματα
3313 1108 3605 1174 διοικεῖται,
3620 1109 3695 1162 καὶ
3713 1110 3769 1178 γί-

2266 1219 2455 1271 γνεται
2486 1200 2643 1264 λύσις
2673 1200 2968 1269 σωμάτων,
3004 1200 3092 1253 ἴνα
3120 1202 3178 1254 ὲν
3205 1198 3287 1266 τῷ
3327 1199 3579 1270 θελήματι
3608 1199 3686 1253 τοῦ
3712 1201 3769 1253 ἁν-

2268 1294 2489 1367 θρὼπου
2520 1292 2554 1367 ᾖ
2582 1294 2643 1349 τὸ
2694 1296 2973 1364 τραπῆναι
3000 1293 3163 1348 αὐτὸν
3208 1296 3303 1346 ἐπὶ
3356 1293 3419 1345 τὸ
3463 1292 3646 1361 ἀγαθὸν
3675 1295 3699 1363 ἢ
3731 1294 3767 1346 τὸ

2267 1389 2459 1445 κακόν.
2495 1388 2633 1443 Οὐτε
2665 1388 2777 1459 γάρ
2813 1389 2842 1441 6
2887 1386 3093 1450 τέλειος
3141 1387 3224 1449 εἰς
3252 1384 3316 1439 τὸ
3355 1384 3571 1453 ἀγαθὸν,
3597 1385 3627 1454 ἢ
3653 1385 3766 1453 βαθὺς

2268 1484 2350 1547 είς
2378 1482 2480 1555 τὴν
2512 1483 2814 1552 ἁμαρτίαν,
2842 1481 2938 1533 καὶ
2958 1480 3130 1533 ποιῶν
3159 1481 3356 1534 ἑαυτὸν
3378 1477 3563 1541 σκεῦος
3586 1476 3665 1530 τοῦ
3692 1478 3766 1529 διι-

2271 1576 2453 1641 σόλου,
2475 1576 2565 1645 ὐφ’
2586 1568 2648 1629 οὗ
2678 1575 2738 1629 τὸ
2765 1575 2889 1628 ὅλον
2924 1573 3249 1644 κατεκρίθη,
3286 1574 3366 1636 είς
3391 1572 3450 1625 τὺ
3468 1571 3636 1642 ,κακὸν
3651 1572 3763 1637 ἀνάγ-

2270 1686 2343 1739 κῃ
2370 1668 2477 1721 τινὶ
2508 1666 2716 1721 δέδεται
2750 1682 2764 1696 ο
2796 1665 2916 1719 ἀλλ’
2962 1665 3079 1736 ἔχει
3138 1664 3240 1735 τὴν
3279 1664 3580 1734 ἐλευθερίαν
3607 1662 3680 1716 τοῦ
3708 1679 3762 1728 γει

2270 1760 2456 1814 νέσθαι
2490 1758 2683 1825 σκεῦος
2722 1757 2957 1828 ἐκλογῆς
3006 1757 3102 1811 καὶ
3128 1756 3297 1827 ζωῆς.
3339 1754 3561 1826 Ὁμοίως
3597 1754 3760 1807 πάλινοὶ

2270 1853 2676 1924 μεμεθυσμὲνοι
2705 1853 2785 1915 είς
2813 1854 2915 1922 τὴν
2939 1851 3197 1921 θεότητα,
3225 1849 3408 1903 καίτοι
3428 1846 3759 1919 πεπληρωμένοι

2266 1946 2360 1999 καὶ
2390 1944 2669 2015 δεδεμένοι
2710 1944 2991 2015 Πνεύματι
3021 1943 3189 2014 ἀγίῳ,
3225 1944 3329 1996 οὐκ
3362 1943 3561 2012 ἀνάγκῃ
3590 1944 3675 1993 τινὶ
3697 1957 3757 1991 κε-

2264 2040 2592 2111 κράτηνται,
2626 2038 2743 2093 ἀλλ’
2783 2039 2966 2109 ἔχουσι
3013 2039 3076 2091 τδ
3115 2037 3465 2105 αὐτεξούσιον
3506 2036 3587 2089 τοῦ
3612 2033 3760 2105 τραπῆ-

2265 2150 2353 2185 ναι
2385 2131 2605 2199 αὐτοὺς,
2663 2133 2760 2187 καὶ
2791 2135 2970 2187 ποιεῖν
3014 2132 3044 2185 δ
3100 2132 3352 2185 θέλουσιν
3408 2134 3484 2195 εἰς
3527 2129 3603 2182 τὸν
3640 2126 3759 2180 αἰῶνα

2263 2242 2474 2280 τουτον.

2252 2405 2268 2464 l
2338 2408 2477 2462 ΜΝ.
2544 2405 2891 2474 Ἐρωτησις.
2945 2402 3110 2458 Κατὰ
3151 2401 3341 2472 μέρος
3390 2400 3681 2456 λεπτύνεται
3705 2396 3749 2448 τὸ

2264 2501 2476 2564 κακὸν,
2518 2499 2617 2553 καὶ
2648 2495 3003 2565 ἐκριζοῦται,
3062 2496 3163 2549 καὶ
3228 2494 3543 2563 προκόπτει
3574 2493 3633 2555 εις
3667 2487 3741 2552 τὴν

2265 2592 2443 2662 χάριν
2462 2594 2495 2646 ὁ
2519 2592 2853 2660 ἅνθρωπος,
2890 2588 2929 2659 ἢ
2960 2586 3207 2655 εὐθέως,
3240 2589 3295 2642 εί
3319 2587 3487 2657 τύχοι
3511 2578 3727 2654 προκοπῆς,

2263 2682 2595 2752 ἐκριζυῦται
2620 2684 2689 2738 τὸ
2718 2684 2949 2745 κακόν-ξ

2349 2777 2703 2844 Ἀπόκρισις.
2732 2776 3002 2848 Καθάπερ
3042 2776 3104 2831 τδ
3158 2775 3403 2849 ἔμϐρυον
3449 2774 3503 2827 ὲν
3548 2767 3738 2840 τῇμήτρι

2266 2868 2368 2922 οὐκ
2397 2867 2602 2933 εὐθέως
2631 2868 2911 2941 πήγνυται
2942 2870 3023 2933 είς
3061 2868 3380 2937 ἄνθρωπον,
3410 2864 3531 2921 ἀλλά
3557 2859 3658 2916 κατὰ
3680 2854 3741 2924 ιιέ-

2264 2978 2360 3033 ρος
2403 2960 2656 3029 γίγνεται
2705 2959 2871 3014 εἰκὼν
2922 2962 3021 3014 καὶ
3061 2962 3351 3028 γεννᾶται,
3376 2958 3471 3013 οὐκ
3496 2950 3641 3027 ήδηᾶ
3669 2950 3744 3000 ἔστι

2263 3052 2473 3116 τέλειος
2518 3052 2829 3124 ἄνθρωπος,
2888 3052 3009 3107 ἀλλ’
3046 3052 3274 3118 αὐξάνει
3320 3053 3378 3105 ἑν
3422 3049 3552 3103 ἔτεσι
3580 3039 3742 3099 coibit.

2265 3144 2363 3198 καὶ
2418 3145 2666 3214 γίγνεται
2699 3144 2842 3216 ἀνήρ
2877 3161 2892 3175 ο
2940 3143 3057 3197 ἔστι
3103 3144 3163 3198 δι
3215 3143 3407 3213 ὥσπερ
3440 3139 3502 3193 τά
3539 3134 3745 3203 σπέρματα

2263 3238 2375 3291 τῶν
2404 3235 2614 3306 κριθῶν
2640 3236 2674 3308 ἦ
2712 3236 2807 3290 τοῦ
2859 3235 3031 3301 σίτου,
3072 3236 3175 3289 οὐκ
3207 3236 3409 3296 εὐθέως
3434 3226 3677 3297 βαλλόμενα
3696 3219 3745 3279 εις

2264 3330 2367 3401 τὴν
2428 3331 2534 3399 γῆν
2604 3328 2766 3399 ῥιζοί,
2822 3328 2959 3383 ἀλλά
3013 3329 3386 3400 παρέρχονται
3435 3320 3654 3395 χειμῶνες
3688 3313 3748 3364 καὶ

2264 3421 2483 3493 ἄνεμοι,
2515 3421 2611 3475 καὶ
2631 3423 2753 3475 τότε
2773 3422 2852 3493 τῷ
2867 3422 3041 3476 δέοντι
3071 3423 3254 3495 καιρῷ
3286 3421 3536 3490 γίγνονται
3559 3410 3727 3477 στάχυες
3736 3419 3746 3433 ’

2264 3518 2361 3571 καὶ
2402 3518 2431 3571 6
2490 3515 2739 3584 φυτεύων
2790 3516 2990 3580 ἀπιον,
3026 3518 3127 3570 οὐκ
3182 3515 3389 3578 εὐθέως
3437 3499 3748 3582 μεταλαμϐάνει

2264 3611 2357 3665 τὸν
2381 3610 2613 3680 καρπόν·
2652 3608 2916 3670 ὡσαύτως
2956 3610 3063 3661 κάν
3099 3610 3216 3672 τοῖς
3261 3600 3625 3673 πνευματικοῖς,
3653 3592 3745 3643 ὅπου

2266 3700 2499 3771 τοσαύτη
2536 3700 2700 3769 σοφία
2723 3699 2819 3753 καὶ
2846 3698 3139 3768 λεπτότης,
3176 3699 3323 3752 κατά
3364 3692 3539 3765 μικρὸν
3560 3689 3582 3740 ὁ

2266 3811 2367 3858 πος
2399 3769 2645 3858 αὐξάνει,
2688 3790 2790 3845 καὶ
2834 3790 3061 3861 γίνεται
3098 3792 3188 3856 εις
3240 3788 3428 3856 ἄνδρα
3454 3782 3653 3837 τέλειον,
3687 3769 3741 3829 εἰς

2258 3887 2483 3954 μέτρον
2494 3883 2758 3954 ἡλικίας·
2774 3882 2875 3953 οὐχ
2885 3882 3075 3954 ὥσπερ
3084 3883 3232 3947 τινὲς
3243 3881 3483 3950 λέγουσιν
3494 3888 3507 3903 ·
3520 3865 3734 3923 Ἐνδυσαιι

2264 3978 2542 4032 ἐκδυσαι.
3709 4036 3717 4049 ,

2334 4072 2473 4126 MB’.
2530 4070 2591 4124 Ὀ
2631 4069 2802 4125 θέλων
2846 4069 3041 4140 μαθεῖν
3069 4068 3379 4140 γράμματα
3421 4052 3722 4147 ἀπέρχετξικῆθ

2268 4163 2531 4234 μανθάνει
2559 4164 2629 4217 τὰ
2658 4165 2886 4234 σημεῖα,
2918 4163 3013 4216 καὶ¹
3049 4162 3179 4214 ὃταν
3213 4162 3423 4230 γένηται
3451 4152 3555 4206 ἐκεῖ

2264 4258 2567 4329 ἀπέρχεται
2596 4259 2677 4321 εἰς
2703 4256 2804 4329 τὴν
2829 4255 3027 4327 σχολὴν
3049 4255 3157 4309 τῶν
3202 4245 3532 4322 Ῥωμαῗκῶνν
3558 4234 3732 4331 min“

2263 4350 2403 4404 ὅλων
2463 4349 2716 4419 ἔσχατος.
2766 4349 2936 4403 Πάλιν
2988 4349 3106 4401 ἐκεῖ
3142 4347 3272 4402 ὅταν
3331 4343 3541 4413 γένηται
3574 4330 3734 4419 apud“:

582 4401 589 4402 κ
648 4401 723 4403 εκ,
777 4401 1015 4405 -------η
1068 4401 1176 4405 ψη
1228 4401 1315 4406 -η-
1590 4401 1821 4423 ,μ---ην--ν
1869 4401 2046 4425 ,ην-ιν-
2092 4401 2161 4409 --

576 4442 823 4497 scholam
858 4443 1135 4499 forensem
1161 4486 1175 4510 ,
1215 4454 1410 4515 estque
1451 4446 1504 4500 in
1544 4462 1607 4502 ea
1643 4462 1863 4501 rursum
1910 4446 2158 4503 omnium

2266 4401 2581 4512 ista“;
2617 4401 2911 4511 sint»,
2966 4441 3162 4511 σχολὴν
3199 4439 3308 4493 τῶν
3341 4401 3739 4515 ’γράμμάὶονίικῗῖ

576 4531 808 4587 ultimus
851 4543 909 4588 et
955 4535 1083 4589 tiro.
1139 4506 1348 4591 Deinde
1395 4536 1489 4591 ubi
1545 4537 1715 4593 fuerit
1764 4539 2157 4605 scholasticus,

2266 4506 2389 4586 ἐστι·
2415 4506 2586 4587 -πάλιν
2621 4506 2739 4586 ὲκεί
2764 4506 2903 4586 ὅλων
2938 4506 3188 4604 ἕσξατος,
3231 4527 3499 4598 ἀρχάριος,
3535 4506 3739 4605 Εἷταιὸτεξί

574 4623 826 4678 omnium
861 4623 1269 4679 causidicorum
1300 4632 1385 4680 est
1419 4626 1663 4680 novitius
1692 4635 1750 4681 et
1776 4626 2023 4681 ultimus.
2056 4626 2165 4681 De-

578 4732 690 4771 nuo
718 4716 812 4770 ubi
840 4716 955 4770 illic
980 4718 1223 4772 evaserit
1253 4717 1486 4787 primus,
1521 4729 1634 4772 tum
1674 4718 1785 4772 dux
1813 4719 2038 4786 evadit;
2068 4718 2165 4790 qui

574 4808 622 4863 si
652 4808 1024 4878 principatum
1054 4808 1290 4879 adeptus
1313 4808 1500 4874 fuerit,
1534 4811 1841 4881 adiutorem
1871 4811 1976 4867 sibi
1998 4812 2168 4868 sumit

572 4916 931 4955 assessorem.
979 4901 1036 4957 Si
1084 4918 1217 4973 ergo
1266 4901 1323 4957 in
1368 4904 1539 4959 rebus
1592 4904 1842 4959 externis
1883 4913 1964 4959 tot
1996 4904 2168 4960 habet

573 4992 742 5047 homo
769 5008 1159 5063 progressuum
1190 4994 1395 5065 gradus
1425 5012 1438 5049 :
1475 5005 1682 5066 quanto
1704 4996 1877 5067 magis
1899 4997 2158 5068 mysteria

573 5084 821 5139 coelestia
857 5084 1066 5140 habent
1094 5086 1394 5156 profectus,
1426 5095 1482 5142 et
1503 5103 1603 5157 per
1625 5090 1830 5142 multos
1854 5087 2059 5158 gradus
2078 5088 2161 5142 in-

574 5185 917 5229 crementum
944 5186 1205 5244 sumunt;
1236 5187 1294 5233 et
1321 5187 1463 5243 tum,
1497 5178 1591 5248 qui
1631 5195 1732 5250 per
1770 5180 1971 5233 multas
1996 5195 2158 5235 οχον-

574 5267 887 5330 eitationes,
916 5278 973 5323 et
996 5284 1095 5337 per
1123 5271 1295 5325 multa
1323 5271 1568 5341 pericula
1590 5272 2014 5337 transcenderit,
2035 5288 2161 5343 per-

577 5359 758 5415 fectus
793 5358 997 5415 evadit.
1028 5360 1328 5417 Christiani
1360 5364 1507 5418 enim
1534 5406 1548 5431 ,
1584 5364 1676 5434 qui
1712 5380 1905 5421 revera.
1934 5375 2154 5436 gustum

580 5450 766 5521 gratia:
790 5460 1194 5522 perceperunt,
1238 5458 1295 5507 et
1331 5452 1546 5523 signum
1581 5455 1765 5511 erucis
1802 5455 1858 5510 in
1884 5464 2069 5512 mente
2101 5464 2161 5511 et

582 5542 749 5598 corde
788 5544 1016 5609 habent,
1052 5544 1109 5598 hi
1138 5559 1168 5598 a
1201 5544 1421 5615 regibus
1442 5546 1509 5602 ad
1543 5563 1813 5619 pauperes
1844 5565 2161 5620 usque,pro

582 5641 828 5690 stercore
848 5644 903 5690 et
939 5635 1134 5692 fcetore
1183 5646 1445 5707 reputant
1488 5639 1672 5695 omnia
1704 5658 1718 5696 :
1758 5651 1814 5697 et
1846 5641 1901 5695 hi
1932 5650 2162 5712 possunt

644 5809 689 5843 ⁷¹
731 5812 936 5883 Ephes.
970 5830 1042 5881 vt,
1091 5817 1177 5870 19..

2264 4625 2493 4695 γένηται
2527 4625 2903 4695 σχολαστικὸς,
2927 4595 3064 4679 ὃλιζν
3097 4626 3206 4678 τῶν
3238 4595 3517 4684 aiam...
3556 4595 3740 4698 6:9ny

2263 4693 2360 4774 καὶ
2390 4693 2632 4791 ήὲσχατδς
2664 4722 2801 4773 ἐστι.
2834 4719 3003 4772 Πάλιν
3035 4719 3165 4773 ὅταν
3200 4716 3316 4770 ἐκεῖ
3346 4710 3552 4780 γένηται
3574 4693 3740 4791 ﬂ?

2265 4813 2387 4868 τότε
2428 4784 2640 4881 γίνεται
2700 4810 2956 4883 ήγεμῶνο
3014 4811 3110 4866 καὶ
3170 4811 3299 4863 ὅταν
3361 4784 3741 4887 γένηταξέεζκφζ

2267 4861 2540 4975 λαμϐάνει
2576 4861 2761 4975 tauri};
2796 4861 2990 4975 stellam;
3148 4861 3515 4971 σθθκάθέρδοὲε.
3549 4861 3743 4975 είθὲνξῗ

2272 4954 2578 5068 φαῖνόμενα
2629 4954 2903 5059 τοσαύτας
2951 4998 3066 5067 ἔχει
3112 4954 3409 5066 προκοπὰς,
3447 4954 3743 5071 “ﬁt”???

2266 5054 2334 5144 ’ἑὰ
2368 5054 2671 5161 ἒ’πὲθυράνια
2698 5054 3107 5160 μυστήριαὲχει
3141 5054 3431 5157 προκοπὰς,
3464 5068 3541 5124 καὶ

2268 5152 2521 5245 πολλοὺς·
2551 5152 2811 5246 αὐξάνειί
2849 5152 2943 5234 irai
2987 5152 3107 5234 τξτε
3136 5152 3225 5232 ad
3277 5168 3467 5234 πολλῆς
3511 5152 3741 5246 τυμν²³ίῗ⁴

2267 5273 2363 5326 ml.
2422 5224 2653 5327 «iam;
2681 5272 3058 5342 πειρατηρίων
3105 5273 3134 5324 δ
3185 5260 3451 5336 διαφυγὼν
3493 5224 3745 5343 γίνεται

2265 5366 2430 5430 λειος.
2465 5368 2529 5421 Ol
2568 5368 2677 5437 γὰρ
2710 5334 3031 5437 Χριστιανοὶ
3060 5366 3109 5418 οἱ
3146 5334 3740 5458 γευσάμενοξτῆίῗὲτέξ

2390 5418 2426 5430 ,ε
2477 5418 2491 5421 ν
2579 5418 2656 5437 ,η
2712 5418 2775 5437 η.
2872 5418 2941 5419 ρ
3156 5418 3168 5433 .
3318 5418 3329 5426 -
3449 5437 3471 5448 ,
3655 5418 3675 5449 τ

2268 5461 2326 5525 ἐξ
2363 5458 2648 5526 ἀληθείας,
2669 5460 2764 5511 καὶ
2796 5458 2855 5510 τὸ
2902 5460 3129 5528 σημεῖον
3158 5456 3365 5525 ἔχοντες
3388 5458 3472 5495 του
3492 5418 3743 5531 “iiuna:

2267 5551 2347 5621 τῷ
2383 5551 2460 5621 νῷ
2493 5552 2585 5604 καὶ
2616 5554 2680 5621 τῇ
2708 5550 2927 5621 καρδίᾳ,
2959 5542 3106 5603 οὗτοι
3140 5546 3245 5603 ἀπὸ
3279 5532 3516 5613 βασιλέοιν
3533 5521 3622 5646 Em:
3638 5514 3737 5646 ττιὶἵῖ

2322 5645 2334 5646 γ
2593 5644 2599 5646 Α
2767 5643 2776 5646 -
2822 5644 2831 5646 _
2968 5643 2982 5646 _
3003 5643 3011 5646 .
3131 5644 3137 5646 _
3222 5639 3245 5646 _
3430 5624 3450 5646 λ
3483 5615 3601 5646 -.ξηαπ
3629 5640 3639 5646 .
3729 5620 3737 5634 ¹

2270 5645 2403 5715 χῶν,
2433 5644 2670 5716 κοπρίαν
2694 5643 2790 5697 καὶ
2815 5643 3083 5697 δυσωδίαν
3114 5639 3364 5714 ἡγοῦνται
3393 5624 3451 5680 τὰ
3482 5621 3640 5670 πάντα·
3664 5604 3739 5646 Μ’
