3966 6432
190 354 324 418 605
1428 348 1800 412 HOMILIIE.
1826 374 1894 387 —
1914 353 2103 419 HOM.
2145 358 2268 421 XV.
3387 354 3495 418 606

185 462 364 521 οὗτοι
393 462 651 519 δύνανται
702 461 922 525 εἰδέναι,
959 460 1040 514 ὅτι
1078 459 1200 525 ὅλος
1238 459 1267 512 6
1295 458 1550 529 κόσμοςό
1586 458 1800 528 γήϊνος,

1930 466 2240 536 ntelligere,
2269 469 2590 526 universum
2625 468 2893 524 mundum
2921 477 3204 523 terrenum
3226 509 3241 534 ,
3268 468 3496 524 thesau-

188 559 307 613 καὶ
342 564 393 611 οι
428 556 696 628 θησαυροὶ
732 553 826 608 τοῦ
872 552 1161 624 βασιλέως,
1216 553 1311 605 καὶ
1344 552 1377 622 ἡ
1423 549 1572 615 δόξα,
1635 550 1730 603 καὶ
1755 551 1803 603 οί

1928 573 2113 628 'osque
2142 559 2316 629 regis,
2353 576 2522 631 opes,
2554 561 2790 632 gloriam
2827 576 2893 615 ac
2929 560 3214 630 sapientiae
3249 560 3495 630 eloquia,

186 650 322 719 τῆς
367 648 565 717 σοφίας
604 647 776 716 λόγοι,
814 646 873 698 ὲν
919 644 1193 715 φαντασίᾳ
1217 643 1325 697 τινί
1353 642 1483 709 είσι,
1519 641 1594 712 μὴ
1614 640 1810 712 ἔχοντα

1928 660 2204 706 externam
2229 652 2397 707 modo
2419 653 2662 724 speciem
2690 653 2759 708 de
2784 668 2843 708 se
2865 652 3133 723 praebere,
3158 667 3263 707 nec
3290 652 3499 709 habere

199 740 457 813 στερεὰν
487 739 667 810 βάσιν,
703 738 838 792 ἀλλά
876 737 1289 808 παρερχόμενα.
1335 736 1447 790 Καὶ
1476 736 1529 789 εί
1563 734 1615 789 τί
1662 734 1810 787 ἐστιν

1928 742 2148 797 ιοιίἀιιιιι
2167 742 2715 810 fundamentum,sed
2734 745 3017 816 praeterire
3049 760 3114 799 ac
3142 758 3499 801 evanescere.

210 833 335 887 ὑπὸ
358 833 449 887 τὸν
474 833 727 902 ούρανδν,
760 830 973 894 τούτοις
1000 829 1151 884 ἐστὶν
1180 827 1679 899 εὐκαταφρόνητον.

1928 830 1978 884 Ξι
1996 829 2262 901 quidquid
2293 831 2397 886 sub
2413 832 2554 888 caelo
2578 841 2683 897 est,
2708 832 2777 887 ab
2803 832 2885 888 eis
2912 831 3072 888 facile
3098 831 3501 887 contemnitur.

280 921 424 977 ΜΓ.
462 921 566 975 Διά
597 922 687 987 τί;
716 922 799 975 ᾶτι
827 920 952 986 ξένα
970 921 1065 974 καὶ
1096 918 1382 989 Θαυμαστὰ
1413 917 1481 971 τὰ
1501 916 1686 973 ἐπάνω
1700 915 1810 969 τῶν

228 1015 508 1087 οὐρανῶν,
538 1013 608 1068 τὰ
638 1014 713 1085 μὴ
742 1014 871 1067 ὅντα
900 1014 1037 1085 μήτε
1068 1014 1148 1077 είς
1180 1011 1489 1082 θησαυροὺς
1525 1008 1808 1080 βασιλέων,

214 1111 367 1180 μήτε
388 1107 469 1171 είς
505 1106 705 1177 σοφίαν
734 1107 931 1175 λόγων,
986 1106 1126 1177 μήτε
1183 1106 1263 1169 είς
1319 1102 1478 1169 δόξαν
1512 1102 1810 1176 κοσμικὴν,

210 1208 318 1260 καὶ
356 1204 749 1276 ἀξιώματα,ἢ
796 1203 1052 1267 πλοῦτον,
1084 1195 1195 1255 οἷον
1242 1204 1440 1255 ἐκεῖνοι
1488 1201 1811 1272 ἐκτήσαντο,

208 1300 313 1352 τὸν
356 1296 565 1370 Κύριον
600 1301 694 1352 καὶ
722 1298 950 1368 κτίστην
984 1298 1203 1351 πάντων
1232 1295 1446 1365 ἔχοντες
1482 1297 1540 1349 ὲν
1568 1294 1647 1367 τῷ
1671 1293 1816 1347 ὲνδο-

210 1389 373 1458 τάτῳ
408 1387 707 1460 ἀνθρώπῳ,
743 1389 931 1459 κτῆμα
973 1389 1034 1441 τὸ
1089 1387 1165 1458 μὴ
1210 1386 1646 1458 παρερχόμενον,
1675 1383 1815 1438 ἀλλά

211 1479 571 1550 παραμένον.
622 1479 684 1531 Oi
726 1480 835 1548 γὰρ
883 1478 1209 1549 Χριστιανοὶ
1255 1478 1445 1547 τιμίαν
1489 1476 1666 1528 οἴδασι
1713 1472 1813 1544 τὴν

216 1570 406 1639 ψυχὴν
430 1568 574 1638 ὑπὲρ
606 1566 785 1621 πάντα
819 1568 889 1621 τά
919 1567 1417 1638 δημιουργήματα⁶
1458 1565 1617 1636 μόνος
1642 1564 1761 1633 ,γὰρ
1786 1564 1814 1617 6

214 1663 523 1730 ἄνθρωπος
561 1661 683 1714 κατ’
717 1660 900 1712 εἰκόνα
934 1660 1030 1713 καὶ
1079 1660 1341 1730 ὁμοίωσιν
1369 1658 1505 1711 Θεοῦ
1550 1657 1769 1726 ἐγένετο
1794 1671 1811 1687 ⁹

217 1752 343 1805 ἰδοὺ
373 1751 402 1805 6
427 1751 659 1822 οὐρανὸς
698 1753 863 1805 πόσον
894 1752 1043 1805 ἐστὶν
1078 1750 1486 1822 ὑπερμεγέθης,
1508 1750 1605 1803 καὶ
1643 1752 1676 1819 ἡ
1704 1750 1808 1820 γῆ,

1980 921 2169 978 XLIII.
2210 922 2314 990 Qui
2364 923 2507 978 hoc?
2554 924 2634 978 Eo
2686 923 2835 994 quod
2884 923 3176 995 peregrina
3221 931 3279 979 et
3317 923 3499 979 admi-

1908 1014 2082 1070 randa
2114 1015 2247 1081 sint,
2270 1031 2390 1086 qua:
2411 1032 2577 1086 supra
2610 1017 2781 1071 caelos
2814 1025 2964 1083 sunt,
2998 1031 3061 1071 ac
3081 1030 3264 1087 neque
3294 1015 3351 1071 in
3376 1017 3501 1072 the-

1911 1102 2097 1159 sauris
2130 1120 2343 1174 regum,
2370 1120 2550 1174 neque
2584 1103 2637 1159 in
2666 1106 2934 1175 sapientia
2973 1106 3294 1172 verborum,
3319 1122 3503 1178 neque

1912 1194 1970 1251 in
2000 1196 2172 1268 gloria
2198 1197 2479 1251 mundana
2504 1198 2855 1267 reperiantur
2881 1216 2895 1251 :
2928 1214 2993 1253 ac
3020 1199 3150 1270 quia
3182 1200 3498 1270 dignitates,

1912 1297 2009 1342 aut
2048 1288 2290 1355 divitize,
2331 1304 2469 1359 quas
2508 1289 2588 1344 illi
2632 1290 2941 1359 possident,
2986 1293 3080 1362 qui
3116 1294 3410 1347 Dominum
3444 1302 3505 1349 et

1910 1380 2232 1436 Creatorem
2253 1381 2502 1436 omnium
2530 1382 2583 1436 in
2614 1382 2864 1437 interiori
2897 1384 3120 1439 homine
3144 1385 3372 1451 habent,
3391 1386 3504 1441 sint

1912 1473 2189 1542 possessio
2239 1489 2525 1544 nunquam
2590 1474 2927 1539 interitura,
2986 1476 3083 1530 sed
3148 1492 3500 1546 permanens.

1913 1562 2213 1619 Christiani
2245 1565 2393 1619 enim
2424 1574 2736 1629 noverunt,
2774 1567 3013 1621 animam
3045 1568 3206 1639 longe
3238 1577 3505 1638 praestan-

1917 1656 2115 1712 tiorem
2158 1656 2265 1728 65
2294 1672 2416 1712 esse
2454 1658 2672 1713 caeteris
2702 1658 2966 1713 omnibus
3000 1661 3272 1715 creaturis
3304 1677 3319 1716 :
3350 1662 3505 1716 solus

1916 1749 2188 1819 siquidem
2222 1751 2385 1804 homo
2408 1750 2717 1805 secundum
2756 1751 3049 1822 imaginem
3090 1761 3149 1808 et
3185 1752 3509 1809 similitudi-

213 1847 319 1901 καὶ
349 1845 420 1900 τά
461 1846 519 1900 ὲν
551 1845 734 1909 αὐτοῖς
784 1862 1062 1915 κτισματα
1096 1842 1275 1913 τίμια,
1334 1842 1431 1897 καὶ
1484 1840 1697 1912 μεγάλα
1741 1838 1814 1892 τά

1928 1858 2045 1898 nem
2083 1843 2180 1898 Dei
2222 1842 2401 1898 factus
2429 1853 2533 1899 est.
2565 1845 2706 1900 Ecce
2741 1845 2943 1900 ccelum
2979 1862 3143 1915 quam
3177 1846 3505 1902 immensum

216 1935 400 2005 σκεύη
458 1937 657 2001 αὐτῶν,
696 1936 724 1988 6
776 1937 831 1990 δὲ
860 1938 1146 2008 ἄνθρωπος
1178 1936 1322 2006 ὑπὲρ
1348 1934 1527 1989 πάντα
1550 1931 1619 1986 τά
1645 1930 1819 2004 σκεύη

215 2031 410 2101 τίμιός
442 2033 613 2095 ἐστιν,
657 2032 845 2101 ἐπειδὴ
887 2034 968 2095 είς
1009 2031 1172 2085 αὐτὸν
1225 2029 1384 2101 μόνον
1434 2026 1727 2097 εὐδόκησεν
1788 2026 1819 2079 6

215 2124 437 2195 Κύριος
467 2140 481 2155 ·
513 2126 608 2178 καὶ
640 2127 709 2179 τά
743 2126 885 2194 κήτη
917 2123 974 2177 δὲ
998 2123 1099 2194 τῆς
1145 2122 1443 2191 θαλάσσης,
1475 2120 1571 2175 καὶ
1591 2119 1661 2173 τὰ
1685 2118 1811 2190 ὅρη,

215 2218 319 2272 καὶ
346 2216 416 2270 τά
462 2215 646 2287 θηρία,
704 2217 784 2280 είς
842 2215 904 2271 τὸ
967 2215 1298 2285 φαινόμενον
1331 2211 1553 2284 μείζονά
1588 2214 1695 2263 εἰσι
1725 2207 1819 2263 τοῦ

221 2306 546 2377 ἀνθρώπου.
580 2306 755 2361 Βλέπε
780 2306 874 2361 οὖν
903 2324 999 2359 σου
1022 2306 1084 2359 τὸ
1111 2306 1349 2377 ἀξίωμα,
1380 2304 1499 2367 πῶς
1522 2298 1573 2356 εἴ
1593 2301 1774 2372 τίμιος
1795 2340 1811 2366 ,

233 2400 315 2453 ὅτι
344 2399 489 2469 ὑπὲρ
540 2400 807 2468 ἀγγέλους
865 2398 1089 2471 ἐποίησέ
1138 2414 1200 2451 σε
1251 2398 1281 2450 ό
1314 2396 1470 2459 Θεὸς,
1526 2393 1690 2449 όπότε
1720 2393 1817 2447 καὶ

234 2492 387 2557 αὐτὸς
423 2492 493 2545 δι’
523 2490 718 2546 ἑαυτοῦ
770 2494 853 2556 εἰς
884 2492 985 2563 σὴν
1033 2489 1340 2563 πρεσϐείαν
1390 2489 1487 2545 καλ⁸
1546 2488 1818 2559 λύτρωσιν

227 2587 566 2658 παρεγίνετο
592 2588 684 2641 ἐπὶ
711 2588 809 2659 τῆς
829 2586 955 2658 γῆς.

1916 1936 2020 1991 sit!
2060 1935 2190 1991 item
2217 1944 2273 1991 et
2297 1939 2480 1992 terra!
2518 1953 2683 2008 quam
2726 1946 2998 1993 creaturae
3031 1939 3086 1993 in
3116 1939 3228 1993 illis
3258 1939 3510 1996 viventes

1916 2029 2202 2099 pretiosae!
2244 2045 2522 2100 quamque
2560 2046 2756 2101 magna
2788 2046 3024 2102 corpora
3057 2034 3288 2088 eorum!
3335 2032 3511 2089 Homo

1916 2120 2282 2177 nihilominus
2320 2122 2471 2178 hisce
2496 2122 2824 2193 corporibus
2851 2124 3117 2179 omnibus
3161 2126 3337 2180 multo
3365 2142 3511 2197 pra:-

1923 2212 2160 2268 stantior
2193 2221 2319 2281 est;
2352 2213 2800 2285 quandoquidem
2833 2216 2889 2270 in
2935 2217 3030 2271 illo
3062 2217 3182 2273 solo
3211 2218 3515 2288 complaci»

1922 2313 2038 2359 tum
2065 2305 2424 2361 estDomino.
2449 2307 2722 2363 Praeterea
2743 2317 2863 2363 cete
2891 2325 3113 2379 quoque
3140 2312 3329 2377 maris,
3354 2328 3515 2368 mon-

1925 2404 2011 2450 tes
2058 2404 2115 2449 et
2178 2394 2377 2451 belluas
2432 2396 2735 2451 secundum
2797 2407 3154 2467 conspectum
3218 2408 3510 2455 externum

1928 2486 2309 2567 magnitudine
2337 2502 2437 2541 sua
2475 2489 2752 2546 excedunt
2781 2490 3085 2545 hominem.
3120 2491 3351 2563 Respice
3377 2509 3512 2565 ergo

1920 2580 2245 2653 dignitatem
2281 2589 2456 2646 tuam,
2489 2597 2655 2651 quam
2694 2583 2771 2639 sis
2804 2586 3116 2655 pretiosus!
3151 2588 3296 2657 quod
3329 2598 3381 2643 te
3412 2584 3511 2644 su-

220 2683 505 2753 periorem
544 2682 753 2753 angelis
790 2681 983 2737 fecerit
1018 2681 1187 2747 Deus,
1208 2677 1432 2751 quando
1490 2677 1579 2734 vel
1648 2676 1766 2748 ipse
1824 2675 2099 2747 legatione
2143 2674 2213 2730 ad
2251 2682 2307 2730 te
2338 2682 2398 2730 et
2456 2674 2837 2747 redemptione
2867 2678 2946 2732 tui
2974 2679 3401 2750 perfuncturus,
3454 2682 3513 2737 in

230 2773 398 2829 terris
422 2788 483 2827 se
509 2782 834 2843 praesentem
865 2772 1139 2829 exhibuit.

299 2864 436 2920 MA'.
457 2865 585 2919 Ὅτε
601 2860 698 2919 οὖν
726 2867 819 2919 καὶ
846 2867 897 2918 οἰ
928 2865 1149 2933 ἄγγελοι
1174 2864 1255 2927 είς
1286 2862 1386 2935 τὴν
1413 2860 1515 2933 σὴν
1540 2858 1818 2931 σωτηρίαν

224 2954 393 3029 ἦλθον
413 2975 429 3025 ;
451 2958 703 3028 βασιλεὺς
722 2958 830 3029 γάρ
854 2958 969 3021 υίὸς
992 2956 1257 3028 βασιλέως
1279 2973 1342 3009 συ
1351 2954 1603 3028 μσούλιον
1627 2953 1820 3023 ἐποιή-

229 3068 365 3105 σατο
390 3052 529 3122 μετά
561 3050 656 3105 τοῦ
689 3052 895 3123 πατρὸς
922 3050 1112 3115 αὐτοῦ,
1137 3052 1232 3105 καὶ
1256 3048 1540 3118 ἀπεστάλη
1564 3049 1593 3101 ό
1619 3046 1817 3115 Λόγος,

1996 2858 2185 2916 XLIV.
2224 2860 2456 2931 Quando
2479 2860 2629 2916 enim
2661 2860 2841 2932 angeli
2884 2860 2954 2917 ad
2976 2868 3030 2916 te
3063 2860 3386 2917 salvandum
3419 2877 3487 2917 ve

1928 2962 2171 3020 nerunt?
2214 2962 2334 3017 Rex
2366 2959 2641 3032 siquidem
2682 2957 2827 3015 ﬁlius
2864 2958 3011 3029 regis
3050 2958 3343 3014 consilium
3389 2956 3517 3011 iniit

1929 3072 2056 3113 cum
2082 3064 2240 3127 patre
2269 3070 2392 3119 suo,
2417 3054 2762 3123 missumque
2780 3061 2866 3107 est
2896 3051 3164 3117 Verbum,
3195 3066 3259 3107 ac
3287 3066 3511 3106 carnem

228 3145 328 3198 καὶ
350 3144 535 3214 σάρκα
560 3144 943 3215 ἐνδυσάμενος.
975 3146 1070 3197 καὶ
1098 3142 1312 3215 κρύψας
1337 3142 1439 3213 τὴν
1464 3138 1661 3196 ἑαυτοῦ
1697 3138 1819 3193 θεό-

1929 3161 2146 3227 induit;
2178 3168 2345 3229 atque
2375 3158 2661 3214 occultans
2681 3171 2836 3211 suam
2860 3156 3036 3226 ipsius
3057 3154 3428 3222 divinitatem,
3448 3164 3511 3211 ut

229 3249 394 3304 τητα,
422 3233 511 3286 ίνα
540 3232 629 3287 διά
663 3233 760 3286 τοῦ
784 3233 970 3303 ὁμοίου
1006 3233 1065 3287 τὸ
1087 3234 1272 3303 ὅμοιον
1310 3231 1460 3303 σωθῇ
1482 3272 1497 3296 ,
1535 3230 1698 3300 ἔθηκε
1725 3228 1824 3300 τὴν

229 3327 414 3397 ψυχὴν
454 3325 618 3380 αὑτοῦ
663 3312 759 3379 ἐπὶ
796 3324 889 3379 τοῦ
921 3325 1181 3396 σταυροῦ.
1224 3324 1474 3393 Τοσαύτη
1504 3323 1695 3392 ἀγάπη
1730 3318 1822 3374 τοῦ

230 3419 370 3474 Θεοῦ
401 3420 518 3471 ἔστι
548 3418 685 3487 πρὸς
704 3418 795 3471 τὸν
816 3418 1128 3489 ἄνθρωπονί
1166 3417 1486 3489 ᾘρετίσατο
1506 3418 1533 3469 6
1559 3414 1823 3476 ἀθάνατος

232 3509 626 3585 σταυρωθῆναι
655 3510 747 3565 διὰ
776 3510 856 3565 σέ.
889 3510 1064 3563 Βλέπε
1088 3506 1183 3564 οῦν
1210 3509 1331 3572 πῶς
1355 3511 1387 3563 ό
1414 3508 1559 3573 Θεὸς
1590 3508 1825 3578 ἠγάπη-

230 3622 311 3660 σε
339 3604 455 3658 τὸν
481 3603 738 3672 κόσμον,
776 3602 865 3656 ὅτι
916 3602 1024 3657 τόν
1068 3601 1372 3672 μονογενῆ
1428 3600 1618 3655 αὐτοῦ
1687 3599 1826 3653 Υίὸν

238 3696 465 3751 ἔδωκεν
478 3694 634 3763 ὑπὲρ
652 3694 861 3749 αὐτοῦ.
884 3694 1018 3760 Πῶς
1038 3694 1172 3762 οὐχὶ
1199 3692 1323 3748 σὺν
1348 3692 1509 3757 αὐτῷ
1539 3692 1608 3745 τὰ
1628 3689 1826 3743 πάντα

248 3787 386 3854 ἡμῖν
412 3787 768 3856 χαρίσεται;
803 3786 898 3838 καὶ
926 3784 1093 3837 πάλιν
1126 3780 1364 3852 ἀλλαχοῦ
1405 3779 1592 3849 λέγει·
1637 3777 1827 3847 Ἀμὴν

255 3874 401 3945 λέγω
424 3875 588 3947 ὑμῖν,
631 3874 729 3927 ἐπὶ
762 3873 915 3930 πᾶσι
935 3874 1060 3940 τοῖς
1082 3871 1465 3941 ὑπάρχουσιν
1499 3867 1688 3923 αὐτοῦ
1717 3884 1825 3921 κα-

255 3961 536 4028 ταστήσει
567 3964 775 4018 αὐτόν.
808 3962 1062 4015 Δείκνυσι
1084 3959 1143 4013 δὲ
1168 3961 1264 4013 καὶ
1289 3958 1524 4030 ἀλλαχοῦ
1570 3956 1697 4020 τοὺς
1726 3956 1826 4025 ἀγ·-

248 4053 433 4123 γέλους
454 4054 806 4125 λειτουργοὺς
837 4050 975 4107 εῖναι
1000 4053 1111 4107 τῶν
1134 4052 1327 4121 άγίων’
1370 4051 1465 4105 καὶ
1500 4048 1609 4120 γὰρ
1638 4047 1825 4111 Ἠλίας

240 4147 332 4202 ὅτε
349 4142 420 4218 ἦν
457 4146 539 4210 είς
567 4146 629 4200 τὸ
657 4147 806 4217 ὅρος,
837 4146 933 4199 καὶ
953 4142 1118 4217 ἦλθον
1146 4146 1268 4200 κατ’
1297 4144 1462 4198 αὐτοῦ
1499 4144 1550 4197 οί
1595 4142 1827 4211 ἀλλόφυ-

240 4238 345 4299 λοι.
366 4237 432 4291 τὸ
463 4237 678 4291 παιδίον
698 4238 854 4307 ἔλεγε
878 4252 891 4266 '
919 4240 1144 4292 Πολλοι
1173 4238 1448 4307 ἔρχονται
1471 4236 1600 4291 καθ’
1633 4235 1822 4304 ἡμῶν,

239 4331 342 4385 καὶ
373 4330 545 4399 ἡμεῖς
571 4331 752 4400 μόνοι
783 4330 995 4399 ἐσμέν.
1042 4331 1178 4384 Τότε
1217 4329 1572 4401 ἀποκρίνεται
1614 4329 1820 4391 Ἦλίας⁶

243 4426 369 4494 Οὐχ
427 4422 570 4493 ὁρᾷς
610 4423 990 4493 παρεμϐολὰς
1018 4422 1117 4478 καί
1164 4422 1366 4492 πλήθη
1395 4422 1665 4491 ἀγγέλων
1692 4420 1821 4490 μεθ’

1928 3270 2027 3325 per
2050 3252 2233 3308 simile
2252 3259 2591 3313 servaretur,
2613 3248 2853 3303 animam
2877 3264 3030 3303 suam
3053 3250 3203 3304 cruci
3227 3249 3509 3321 imposuit.

1928 3346 2104 3400 Tanta
2128 3353 2250 3399 erat
2275 3344 2373 3399 Dei
2406 3343 2633 3398 dilectio
2669 3358 2797 3414 erga
2825 3343 3145 3397 hominem!
3186 3342 3516 3399 Immortalis

1927 3437 2021 3507 qui
2062 3442 2219 3500 erat,
2262 3434 2429 3505 elegit
2475 3434 2553 3488 tui
2605 3450 2770 3488 causa
2816 3433 2969 3487 cruci
3011 3432 3173 3504 affigi.
3229 3433 3515 3503 Perpende

1926 3543 2091 3598 ergo,
2134 3542 2298 3597 quam
2344 3526 2608 3581 ardenter
2654 3525 2793 3579 Deus
2836 3525 3081 3579 dilexerit
3130 3526 3407 3591 mundum,
3456 3534 3516 3579 ut

1927 3622 2261 3691 unigenitum
2297 3618 2495 3674 Filium
2533 3618 2682 3671 daret
2724 3634 2819 3689 pro
2843 3632 2933 3670 eo:
2964 3619 3055 3687 qui
3086 3617 3205 3685 ﬁeri
3237 3626 3423 3687 potest,
3457 3632 3518 3672 ut

1928 3732 2033 3769 non
2064 3722 2113 3767 et
2143 3730 2262 3767 cum
2297 3714 2477 3767 eodem
2505 3712 2685 3765 omnia
2718 3711 2862 3765 nobis
2892 3712 3048 3764 donet
3076 3712 3121 3741 "
3143 3711 3166 3764 ?
3192 3711 3259 3764 Et
3294 3727 3514 3767 rursum

1927 3808 2056 3864 alibi
2085 3806 2222 3863 dicit
2249 3823 2263 3860 :
2292 3806 2458 3862 Amen
2487 3805 2600 3857 dico
2625 3804 2765 3859 vobis
2784 3843 2799 3864 ,
2834 3818 2993 3872 super
3023 3803 3202 3855 omnia
3231 3803 3367 3856 bona
3392 3820 3518 3856 con-

1933 3904 2112 3956 stituet
2143 3916 2260 3954 eum
2287 3899 2355 3953 ⁷³.
2391 3896 2646 3953 Ostendit
2684 3911 2905 3966 quoque
2947 3894 3110 3957 alibi,
3156 3895 3379 3965 angelos
3408 3894 3515 3948 mi-

1929 3995 2136 4049 nistros
2172 4007 2293 4047 esse
2336 3998 2675 4046 sanctorum.
2718 3988 2855 4044 Cum
2905 3987 3051 4043 enim
3095 3989 3243 4043 Elias
3274 3998 3421 4043 esset
3462 3988 3517 4044 in

1928 4095 2151 4151 monte,
2191 4093 2247 4139 et
2295 4083 2563 4137 adversus
2594 4098 2719 4135 eum
2761 4081 3113 4151 insurgerent
3157 4080 3515 4151 alienigenae,

1930 4195 2071 4251 puer
2110 4178 2232 4247 eius
2280 4175 2463 4230 aiebat
2497 4191 2510 4228 :
2556 4173 2712 4228 Multi
2751 4175 2970 4227 veniunt
3013 4173 3267 4228 adversm
3307 4189 3430 4236 nos,
3468 4181 3521 4227 et

1932 4287 2027 4325 nos
2067 4268 2169 4323 soli
2206 4284 2426 4331 sumus;
2466 4274 2599 4320 tunc
2648 4263 2951 4335 respondet
2992 4264 3141 4319 Elias
3172 4282 3184 4318 :
3220 4264 3342 4319 Non
3377 4266 3519 4320 vides

1927 4364 2135 4417 ordines
2159 4369 2206 4415 et
2226 4360 2587 4415 multitudines
2605 4357 2913 4427 angelorum
2932 4358 3194 4411 nobiscum
3226 4358 3279 4411 in
3299 4358 3519 4411 circuitu

1928 4450 2075 4505 nobis
2106 4447 2487 4520 opitulantium
2524 4446 2613 4498 7‘?
2644 4444 2813 4501 Vides
2852 4444 3142 4500 Dominum
3176 4453 3233 4499 et
3264 4446 3519 4501 multitu-

236 4516 413 4588 ἡμῶν
439 4517 642 4583 κύκλῳ
653 4516 1049 4584 βοηθούντων
1070 4514 1253 4585 ήμῗν;
1289 4515 1453 4586 Ὁρᾷς
1476 4514 1558 4566 ὃτι
1578 4514 1606 4566 6
1623 4513 1819 4565 Δεσπό-

1928 4541 2112 4596 dinem
2146 4540 2467 4610 angelorum
2492 4536 2683 4591 adesse
2715 4535 2891 4591 servis
2926 4537 3062 4593 suis.
3106 4535 3322 4603 Quanta
3350 4536 3522 4607 igitur

237 4628 360 4682 της,
390 4611 487 4664 καὶ
518 4610 585 4664 τά
624 4610 802 4681 πλήθη
834 4608 942 4663 τῶν
963 4608 1214 4677 ἀγγέλων
1241 4606 1457 4660 σύνεστι
1486 4606 1598 4668 τοῖς
1621 4602 1825 4667 δούλοις

238 4702 429 4759 αὐτοῦ.
464 4702 609 4772 Πόση
641 4700 734 4756 οῦν
780 4702 929 4754 ἐστιν
957 4701 991 4770 ἡ
1023 4699 1169 4771 ψυχὴ
1194 4738 1209 4763 ,
1241 4699 1336 4753 καὶ
1362 4697 1482 4761 πῶς
1531 4694 1827 4766 τετίμηται

241 4797 345 4850 ύπδ
370 4794 466 4848 τοῦ
496 4794 662 4849 Θεοῦί
696 4795 779 4848 ὅτι
816 4795 846 4846 6
869 4794 1003 4857 Θεὸς
1026 4795 1120 4847 καὶ
1148 4793 1198 4845 oi
1226 4790 1451 4862 ἄγγελοι
1476 4790 1686 4862 ταύτην
1707 4791 1827 4843 επι-

240 4889 497 4961 ζητοῦσιν
516 4889 595 4952 είς
624 4886 910 4943 κοινωνίαν
943 4886 1099 4953 ἰδίαν,
1128 4886 1222 4940 καὶ
1247 4888 1326 4948 είς
1351 4883 1650 4956 βασιλείαν.
1693 4882 1753 4935 '0
1770 4882 1828 4935 δὲ

239 4982 488 5045 Σατανᾶς
527 4982 620 5035 καὶ
647 4982 703 5036 αί
733 4980 997 5051 δυνάμεις
1027 4978 1197 5035 αὐτοῦ
1226 4979 1431 5050 ταύτην
1469 4975 1823 5049 ἐπιζητοῦσιν

245 5076 321 5141 είς
343 5078 406 5129 τὸ
440 5076 570 5129 ἴδιον
601 5075 787 5147 μέρος.

310 5168 445 5222 ME'.
491 5166 580 5231 Ὠς
606 5168 717 5240 γάρ
751 5169 811 5221 ὲν
841 5169 953 5231 τοῖς
1001 5164 1347 5237 φαινομένοις
1397 5166 1425 5219 ό
1466 5164 1721 5235 βασιλεὺς
1758 5166 1819 5217 ού

253 5255 569 5310 διακονεῖται
627 5257 733 5311 ὑπὸ
788 5255 1146 5328 ἀγελημαίων
1192 5254 1516 5325 ἀνθρώπων),
1565 5255 1682 5309 ἀλλ’
1716 5254 1821 5307 ὑπὸ

247 5349 455 5420 ὡραίων
503 5352 599 5404 καὶ
626 5350 809 5415 καλῶς
841 5347 1293 5419 πεπαιδευμένων
1312 5389 1327 5412 ,
1359 5346 1501 5401 οὕτω
1532 5349 1627 5403 καὶ
1657 5351 1736 5412 είς
1766 5348 1823 5400 τὸ

241 5444 563 5515 ἐπουράνιον
599 5443 859 5497 παλάτιον
890 5445 1090 5497 ἐκείνοι
1126 5440 1434 5495 διακονοῦσι
1466 5439 1544 5510 τῷ
1582 5441 1817 5511 ἐπουρα-

237 5537 335 5607 νίῳ
360 5536 593 5602 βασιλεῖ,
640 5538 689 5589 οἱ
724 5534 969 5607 ἄμωμοι,
1000 5535 1052 5588 oi
1094 5532 1474 5602 ἀνεπίληπτοι,
1506 5532 1555 5584 οί
1589 5532 1821 5602 καθαροὶ

232 5631 335 5703 τὴν
363 5630 613 5701 καρδίαν.
640 5630 753 5685 Καὶ
784 5627 974 5700 ὥσπερ
1002 5629 1061 5681 ὲν
1083 5624 1161 5698 τῷ
1194 5624 1464 5696 παλατίῳ,
1498 5623 1697 5696 ὡραῖαι
1728 5624 1820 5678 κό-

1924 4644 2011 4689 est
2053 4632 2269 4696 anima,
2316 4640 2373 4687 et
2420 4628 2644 4702 quantis
2690 4628 3000 4685 honoribus
3044 4644 3075 4683 a
3128 4629 3242 4685 Deo
3281 4628 3515 4685 affecta!

1931 4724 2218 4797 Siquidem
2249 4734 2307 4780 et
2336 4724 2483 4779 Deus
2506 4730 2564 4779 et
2589 4723 2764 4795 angeli
2796 4722 2941 4778 hanc
2971 4728 3263 4777 accersunt
3298 4720 3351 4774 in
3389 4735 3521 4774 eon-

1929 4820 2165 4877 sortium
2208 4827 2267 4875 et
2296 4832 2526 4889 regnum
2558 4832 2745 4871 suum.
2779 4814 3011 4870 Satanas
3037 4828 3171 4867 vero
3198 4819 3254 4866 et
3278 4820 3520 4881 potesta-

1929 4920 2013 4967 tes
2054 4911 2177 4983 ejus
2216 4924 2339 4966 eam
2383 4908 2704 4964 desiderant
2746 4905 2815 4961 ad
2855 4920 3011 4961 suam
3063 4911 3275 4958 oartem
3322 4902 3517 4957 tradu-

1933 5018 2081 5060 cere.

2002 5175 2165 5231 XLV.
2207 5172 2686 5242 Quemadmodum
2708 5187 2841 5227 vero
2866 5170 2922 5225 in
2953 5169 3125 5225 rebus
3153 5169 3295 5225 visui
3328 5169 3519 5241 subje-

1929 5267 2054 5333 ctis,
2086 5282 2183 5322 rex
2215 5266 2367 5321 nulla
2389 5264 2697 5320 ministeria
2730 5262 2927 5333 recipit
2954 5262 3024 5318 ab
3050 5261 3371 5318 hominibus
3395 5277 3521 5333 gre-

1930 5373 2025 5429 ges
2051 5357 2427 5427 pascentibus,
2463 5356 2558 5411 sed
2583 5356 2652 5411 ab
2682 5355 2953 5426 speciosis
2984 5363 3041 5410 et
3061 5356 3269 5425 optime
3295 5353 3517 5408 institu-

1932 5450 2002 5505 tis
2029 5466 2043 5504 :
2076 5449 2157 5505 sic
2181 5459 2237 5503 et
2267 5449 2323 5503 in
2359 5447 2571 5504 emlesti
2602 5448 2807 5519 palatio
2840 5448 2914 5503 illi
2944 5447 3263 5502 ministrant
3302 5445 3514 5501 caelesti

1931 5537 2070 5609 regi,
2096 5537 2191 5608 qui
2224 5537 2375 5592 omni
2407 5537 2569 5607 culpa
2608 5544 2665 5593 et
2696 5537 3133 5608 reprehensione
3164 5543 3423 5590 vacantes
3450 5548 3515 5589 ac

1928 5628 2052 5701 puri
2078 5628 2266 5685 cordis
2307 5635 2459 5683 sunt.
2495 5627 2566 5684 Et
2598 5627 3065 5701 quemadmodum
3104 5627 3161 5684 in
3192 5626 3395 5699 palatio
3420 5640 3515 5685 vo-

298 5809 345 5839 "
380 5808 538 5866 Joan.
569 5826 649 5876 ιιι,
683 5808 793 5877 I6;
827 5810 988 5865 Rom.
1023 5823 1139 5875 vui,
1179 5809 1270 5864 52.
1350 5807 1395 5843 ’³
1432 5806 1624 5863 Matth.
1663 5821 1811 5862 xxxv.

1928 5848 1935 5862 .
2013 5808 2061 5843 "
2100 5807 2169 5863 IV
2198 5805 2335 5880 Reg.
2365 5822 2440 5876 vr,
2474 5807 2565 5863 I7.
