3966 6432
395 365 500 430 607

1630 372 1692 432 S.
1734 367 2053 432 MACARII
2090 366 2407 428 )EGYPTII

3542 364 3646 429 608

394 489 572 535 nusue
595 496 825 551 quaeque
861 484 1078 553 puellm,
1107 488 1287 542 omnis
1316 486 1457 541 labis
1502 500 1565 539 ac
1594 481 1971 553 reprehensio-

2081 496 2194 549 ραι,
2229 478 2325 532 καὶ
2365 476 2439 549 μή
2463 476 2903 549 ἔχουσαι-μῶμόν
2934 495 3077 539 τινα,
3108 478 3477 534 εύειδέσταται
3503 480 3648 533 έκεῖ-

392 573 483 628 uis
504 580 776 641 expertes,
802 575 1227 643 speciosissime
1253 579 1483 639 scilicet,
1511 576 1672 645 regia:
1695 572 1974 628 societatis

393 664 693 734 participes
738 664 877 719 ﬁunt
909 683 923 718 :
962 667 1044 721 sic
1077 683 1297 737 quoque
1334 669 1390 722 in
1428 665 1698 737 spirituali
1748 662 1970 733 palatio,

393 754 613 817 animae,
660 770 782 824 quae
820 757 969 810 omni
1000 757 1267 812 virtutum
1302 759 1572 813 bonarum
1615 771 1815 827 genere
1845 752 1975 809 sunt

394 855 703 907 exornatae,
736 847 1055 903 societatem
1106 848 1300 904 ineunt
1323 865 1447 904 cum
1475 848 1685 903 emlesti
1730 862 1876 916 rege.
1913 846 1972 899 In

395 935 564 989 rebus
588 974 602 997 ,
635 952 760 1005 qua:
796 936 939 992 visui
974 947 1191 1008 patent,
1229 940 1272 993 si
1317 940 1384 994 ad
1412 939 1636 993 domum
1679 937 1972 1008 quamdam

395 1025 809 1081 inhabitandam
850 1028 1107 1097 princeps
1150 1030 1351 1094 abeat,
1399 1045 1521 1099 quae
1559 1028 1816 1083 sordibus
1845 1028 1971 1098 qui-

396 1118 626 1173 busdam
656 1121 953 1174 contractis
997 1121 1214 1190 impura
1250 1123 1342 1182 sit,
1396 1130 1739 1191 prmparatur
1769 1122 1881 1186 illa,
1911 1136 1975 1175 ac

395 1212 551 1265 vario
606 1223 836 1268 ornatus
884 1231 1083 1284 genere
1139 1216 1460 1281 instruitur,
1509 1217 1701 1272 effusis
1753 1231 1975 1286 quoque

395 1305 734 1360 aromatibus
765 1324 777 1359 :
811 1317 1018 1375 quanto
1046 1310 1241 1377 majori
1277 1310 1474 1364 domus
1514 1311 1731 1373 animae,
1778 1310 1834 1363 in
1865 1324 1973 1378 qua

392 1396 659 1451 Dominus
688 1399 1008 1466 requiescit,
1033 1409 1231 1455 ornatu
1261 1401 1490 1471 indiget,
1509 1409 1571 1454 ut
1594 1401 1738 1455 illam
1762 1400 1972 1471 ingredi

394 1484 588 1552 possit,
639 1494 696 1540 et
747 1487 821 1539 ibi
869 1489 1220 1557 requiescere
1274 1491 1351 1554 is,
1396 1492 1486 1559 qui
1542 1493 1974 1561 reprehensione

393 1576 573 1639 multa,
620 1593 723 1631 nec
753 1580 963 1632 macula
989 1621 1004 1644 ,
1038 1596 1141 1635 nec
1170 1581 1291 1636 labe
1334 1598 1429 1636 seu
1474 1599 1629 1637 navvo
1673 1584 1847 1637 notari
1878 1597 1980 1652 po-

394 1669 541 1721 test!
599 1669 656 1722 In
702 1670 1018 1740 hujusmodi
1064 1673 1215 1726 enim
1269 1674 1438 1729 corde
1488 1684 1601 1729 tum
1645 1676 1821 1740 Deus,
1858 1684 1973 1731 tum

393 1760 653 1814 universa
686 1762 925 1816 caelestis
953 1762 1195 1818 Ecclesia
1224 1766 1541 1834 requiescit.

2076 589 2164 624 ναι
2197 572 2277 634 εἰς
2311 570 2597 623 κοινωνίαν
2645 569 2911 639 βασιλέων
2938 570 3298 640 άπέρχονται’
3326 570 3501 633 οὕτως
3553 570 3651 623 καί

2073 665 2153 726 εἰς
2183 664 2243 716 τὸ
2270 664 2660 733 πνευματικὸν,
2694 662 2865 731 ψυχαὶ
2893 662 2949 715 αἱ
2984 663 3041 715 ἐν
3072 664 3206 715 πᾶσι
3234 662 3460 729 τρόποις
3510 661 3651 728 ἀγα-

2075 755 2186 818 θοῖς
2214 755 2647 824 κεκοσμημέναι,
2679 748 2841 808 αὗται
2873 752 3190 807 κοινωνοῦσι
3232 753 3309 824 τῷ
3340 753 3650 821 ὲπουρανίῳ

2076 846 2303 917 βασιλεῖ.
2336 846 2431 908 Εἰς
2467 846 2529 899 τὸ
2555 846 2900 916 φαινόμενον,
2956 845 3091 899 ὅπου
3120 845 3419 915 ἀπέρχεται
3464 842 3651 913 ἄρχων

2079 939 2280 1007 μεῖναι,
2304 938 2398 990 καὶ
2420 937 2708 1007 συμϐαίνει
2737 937 2953 1008 ἐκείνην
2980 937 3077 1005 τὴν
3114 936 3293 990 οἰκίαν
3326 936 3472 1005 ἔχειν
3508 935 3649 987 ἀκα-

2077 1029 2305 1100 θαρσίαν
2331 1028 2472 1093 τινὰ,
2508 1028 2907 1099 εύτρεπίζεται,
2952 1029 3048 1082 καὶ
3074 1029 3435 1098 διακόσμησις
3477 1027 3650 1096 πολλὴ

2075 1119 2304 1187 γίνεται,
2340 1120 2434 1173 καὶ
2464 1120 2730 1191 ἀρώματα
2751 1122 3014 1191 ἐκχεῖται.
3038 1120 3194 1190 Πόσῳ
3222 1119 3423 1190 μᾶλλον
3448 1121 3475 1172 ὁ
3502 1113 3652 1183 οἵκος

2074 1210 2175 1281 τῆς
2206 1212 2408 1283 ψυχῆς,
2444 1214 2523 1276 εἰς
2548 1213 2607 1267 ὃν
2628 1216 2656 1267 6
2681 1214 2885 1283 Κύριος
2906 1212 3267 1279 ἀναπαύεται,
3299 1212 3502 1281 πολλῆς
3532 1212 3651 1265 διαο

2076 1306 2401 1374 κοσμήσεως
2452 1304 2668 1376 χρῄζει,
2715 1306 2802 1358 ἶνα
2847 1304 3048 1375 δυνηθῇ
3082 1306 3198 1357 ἐκεῖ
3247 1302 3513 1357 εἰσελθεῖν
3557 1303 3655 1355 καὶ

2076 1397 2389 1467 ἁναπαῆναι
2433 1399 2463 1451 6
2514 1398 2761 1461 ἀσπιλος.
2792 1400 2821 1452 ὁ
2856 1398 3124 1469 ἀμωμοςί
3161 1396 3240 1460 εἰς
3261 1396 3372 1467 γὰρ
3397 1396 3653 1465 τοιαύτην

2076 1488 2303 1558 καρδίαν
2335 1491 2363 1542 6
2394 1489 2527 1553 Θεὸς
2553 1532 2567 1554 ,
2626 1490 2717 1543 καὶ
2748 1490 2842 1561 ὂλη
2880 1492 2913 1561 ή
2965 1490 3290 1560 ἐπουράνιος
3357 1486 3653 1558 Ἐκκλησία

2076 1582 2509 1636 ὲπαναπαύεται.

462 1850 647 1904 XLVI.
690 1852 961 1907 Prseterea
1006 1855 1061 1907 in
1098 1832 1459 1925 rebus,_quze
1503 1856 1641 1912 aciei
1686 1873 1971 1913 ocu.orum

2144 1846 2298 1914 MC’.
2342 1847 2432 1900 Ἕν
2458 1848 2572 1910 τοῖς
2597 1845 2966 1917 φαινομένοις,
2986 1846 3081 1900 ὲαν
3105 1845 3205 1918 ἔχῃ
3230 1845 3412 1917 πατὴρ
3434 1846 3652 1916 κτήμα-

388 1952 616 2012 patent,
660 1944 706 1997 si
740 1954 898 2015 pater
922 1945 1197 2017 quispiam
1228 1950 1505 2019 possideat
1544 1950 1710 2015 bona,
1741 1962 1798 2006 et
1830 1952 1977 2007 inter

390 2033 510 2089 hac
546 2034 859 2091 diademata
892 2037 1093 2094 habeat
1124 2054 1188 2095 ac
1212 2041 1421 2111 lapides
1449 2043 1745 2112 pretiosos.
1776 2043 1895 2099 hinc
1918 2043 1974 2099 in

390 2124 700 2181 conditoria
738 2128 976 2198 reponit,
1003 2140 1061 2185 et
1083 2141 1329 2186 reservat
1364 2132 1479 2187 ﬁlio
1506 2149 1627 2197 suo,
1658 2136 1745 2191 cui
1780 2151 1845 2191 ea
1868 2137 1975 2190 Iar-

390 2211 607 2282 giturus
635 2222 721 2269 est
745 2233 758 2269 :
786 2215 867 2271 sic
900 2232 1123 2288 quoque
1148 2219 1293 2274 Deus
1311 2223 1715 2289 possessionem
1742 2223 1825 2278 sui
1848 2240 1974 2280 eum

390 2304 562 2361 rebus
584 2306 700 2360 suis
724 2307 989 2376 pretiosis
1023 2310 1370 2367 concredidit
1396 2312 1610 2369 animae.
1643 2312 1885 2371 Tandem
1916 2316 1973 2371 in

388 2396 559 2451 rebus
572 2397 904 2463 visibilibus,
928 2399 973 2454 si
999 2401 1283 2456 exoriatur
1300 2402 1529 2469 bellum,
1556 2413 1612 2459 et
1637 2408 1855 2462 venerit
1878 2424 1975 2463 rex

388 2504 514 2543 cum
554 2490 798 2545 exercitu
831 2506 932 2547 suo
974 2492 1043 2547 ad
1076 2494 1470 2549 decertandum
1491 2537 1506 2561 ,
1540 2496 1758 2567 sintque
1788 2507 1976 2569 partes

386 2576 629 2647 “eius
648 2577 909 2644 minores,
928 2588 1023 2634 aut
1050 2580 1457 2647 imbecilliores,
1477 2584 1742 2640 continuo
1766 2586 1975 2657 legatos

387 2668 581 2733 mittit,
633 2669 702 2724 ad
744 2670 1047 2741 rogandum
1094 2686 1160 2727 ea
1220 2687 1344 2742 quae
1396 2672 1608 2729 faciunt
1640 2676 1707 2731 ad
1753 2691 1969 2746 pacem.

389 2758 446 2814 Si
487 2775 619 2813 vero
644 2776 779 2830 gens
820 2762 1051 2816 maxima
1075 2776 1200 2817 cum
1230 2764 1429 2834 aequali
1460 2765 1775 2822 conﬂictum
1801 2768 1970 2833 ineat,

388 2852 571 2922 sitque
607 2870 702 2909 rex
742 2870 868 2909 cum
910 2870 1060 2926 rege,
1102 2871 1220 2920 rex,
1261 2857 1819 2927 inquam,Persarum
1847 2877 1973 2916 cum

389 2960 517 3014 rege
542 2946 937 3011 Romanorum,
958 2956 1179 3016 oportet
1206 2949 1430 3003 omnino
1458 2950 1559 3003 bos
1579 2964 1736 3021 reges
1759 2952 1827 3006 ad
1852 2953 1973 3007 bel-

388 3038 502 3093 lum
544 3041 882 3095 commoveri
907 3056 1034 3094 cum
1073 3042 1225 3096 omni
1266 3045 1509 3097 exercitu
1546 3060 1609 3099 ac
1640 3045 1813 3101 milite
1848 3061 1970 3103 suo.

386 3128 671 3199 Perpende
714 3146 843 3201 ergo
877 3140 1081 3200 quanta
1114 3141 1207 3187 tua
1245 3134 1317 3188 sit
1351 3134 1621 3204 dignitas,
1654 3152 1781 3192 cum
1821 3138 1967 3193 Deus
1998 3169 2041 3227 (Σ

387 3230 571 3276 motus
629 3222 703 3276 sit
748 3238 875 3277 cum
930 3226 1080 3280 omni
1128 3240 1229 3280 suo
1277 3228 1558 3291 exercitu,
1612 3230 1968 3298 angelorum,

388 3314 638 3383 inquam,
670 3322 765 3368 aut
789 3314 1109 3384 spirituum,
1137 3316 1206 3370 ad
1243 3318 1701 3374 committendum
1733 3336 1970 3391 pugnam

385 3421 511 3459 cum
537 3405 881 3469 adversario,
907 3414 971 3461 ut
1009 3416 1062 3463 te
1092 3408 1393 3464 redimeret
1418 3426 1449 3465 a
1469 3423 1667 3467 morte.
1695 3414 1842 3470 Deus
1869 3414 1973 3485 igi-

385 3503 479 3551 tur
504 3496 657 3550 venit
687 3496 763 3550 tui
797 3512 984 3553 causa.

454 3584 665 3640 XLVII.
715 3586 955 3643 Perinde
1002 3602 1066 3643 ac
1109 3588 1155 3643 si
1201 3589 1274 3645 sit
1298 3606 1415 3653 rex,
1439 3590 1533 3661 qui
1571 3591 1628 3646 in
1668 3608 1970 3663 pauperem

382 3678 702 3747 quemdam,
730 3680 891 3749 cujus
934 3680 1182 3735 membra
1210 3683 1394 3737 omnia
1421 3684 1571 3753 lepra
1601 3686 1863 3752 pervasit,
1888 3686 1975 3739 in-

385 3768 555 3832 cidat,
596 3784 701 3824 nec
731 3769 1024 3826 erubescat
1064 3770 1463 3827 medicamenta
1504 3774 1624 3844 ejus
1652 3773 1972 3829 vulneribus

383 3857 700 3924 admovere,
752 3875 817 3915 ac
870 3860 1009 3915 adeo
1064 3871 1221 3917 curet
1268 3863 1389 3933 ejus
1428 3863 1648 3934 plagas;
1706 3864 1971 3936 illumque

382 3960 573 4019 postea
600 3949 749 4020 regia
780 3967 969 4007 mensa
990 3961 1303 4023 exceptum.
1355 3970 1600 4024 purpura
1638 3954 1855 4018 induat,
1908 3970 1973 4010 ac

384 4052 569 4109 regem
605 4038 767 4093 faciat
791 4056 803 4092 :
842 4039 921 4093 sic
939 4055 1160 4109 quoque
1184 4041 1333 4095 Deus
1361 4057 1418 4095 se
1445 4042 1696 4096 exhibuit
1730 4042 1972 4098 humano

383 4129 573 4199 generi
604 4130 815 4184 :abluit
842 4130 991 4184 illius
1016 4132 1268 4191 vulnera,
1293 4140 1349 4185 et
1373 4134 1585 4187 sanavit.
1616 4131 1772 4197 illud,
1808 4143 1972 4202 atque

383 4216 692 4272 introduxit
741 4218 797 4272 in
838 4218 1119 4274 cmlestem
1165 4220 1486 4275 thalamum.
1538 4221 1768 4275 Maxima
1807 4221 1972 4293 igitur

381 4316 470 4362 est
521 4307 966 4363 Christianorum
1040 4309 1316 4380 dignitas,
1375 4319 1524 4365 tanta
1583 4310 1850 4380 quidem,
1913 4321 1976 4368 ut

382 4398 528 4467 quod
565 4415 689 4453 cum
724 4416 788 4454 ea
824 4411 1215 4471 comparetur,
1258 4417 1367 4456 non
1397 4404 1488 4457 sit.
1531 4401 1587 4459 Si
1615 4418 1747 4459 vero
1772 4404 1839 4459 ad
1874 4404 1973 4459 de-

2075 1954 2163 2001 τα,
2200 1937 2300 2010 ἔχῃ
2326 1936 2383 1990 δὲ
2410 1937 2503 1990 καὶ
2531 1937 2841 2007 διαδήματα
2870 1938 2966 1992 καὶ
2986 1936 3170 2002 λίθους
3196 1937 3434 2008 τιμίους,
3476 1937 3653 1991 ταῦτα

2075 2027 2156 2089 είς
2197 2027 2386 2089 οἴκους
2448 2026 2746 2091 ἀποθέτους
2779 2027 3035 2098 κρύπτει,
3088 2029 3182 2081 καὶ
3222 2028 3543 2096 ταμιεύεται
3570 2029 3653 2100 τῷ

2075 2116 2352 2187 ἀγαπητῷ
2385 2115 2552 2171 αὑτοῦ
2604 2117 2725 2187 υἱῷ,
2782 2117 3020 2189 κάκείνῳ
3050 2118 3266 2172 δίδωσιν
3310 2119 3479 2173 αύτά⁸
3508 2119 3654 2173 οὕτω

2077 2207 2171 2259 καὶ
2194 2208 2223 2260 6
2253 2205 2385 2271 Θεὸς
2412 2207 2511 2277 τὴν
2535 2206 2730 2261 ἑαυτοῦ
2754 2208 2949 2277 κτῆσιν
2975 2208 3113 2279 μετά
3136 2209 3244 2263 τῶν
3268 2209 3415 2262 ἰδίων
3456 2208 3653 2278 τιμίων

2077 2298 2426 2351 ἐνεπίστευσε
2449 2301 2514 2369 τῇ
2546 2298 2713 2370 ψυχῇ.
2746 2299 2841 2362 Et;
2874 2299 2935 2353 τὸ
2962 2300 3310 2369 φαινόμενον,
3356 2301 3452 2355 ἐὰν
3544 2301 3652 2354 πό-

2074 2386 2260 2458 λεμος,
2286 2390 2381 2443 καὶ
2404 2389 2531 2461 ἔλθῃ
2569 2389 2825 2460 βασιλεὺς
2858 2393 2996 2462 μετά
3040 2392 3137 2446 τοῦ
3164 2394 3526 2463 στρατοπέδου
3556 2395 3656 2448 ἐπὶ

2073 2481 2136 2534 τὸ
2164 2481 2492 2552 πολειίῆσαι,
2520 2484 2615 2538 καὶ
2644 2484 2865 2557 ὑπάρχῃ
2895 2485 2959 2538 τὸ
3002 2486 3167 2555 μέρος
3211 2486 3378 2539 αὐτοῦ
3406 2486 3652 2554 ἔλαττον,

2074 2571 2108 2642 ἦ
2141 2572 2551 2646 ἀσθενέστερον,
2585 2575 2791 2639 εὐθέως
2830 2576 3151 2630 ἀποστέλλει
3192 2576 3489 2648 πρεσϐείαν
3514 2580 3656 2647 ὲρω-

2074 2668 2177 2738 τᾷν
2208 2664 2277 2719 τὰ
2302 2665 2437 2736 πρὸς
2463 2666 2709 2737 εἰρήνην.
2744 2668 2807 2720 EI
2825 2666 2884 2720 δὲ
2906 2666 3059 2729 ιθνος
3099 2666 3355 2737 μέγιστον
3379 2668 3515 2736 πρὸς
3536 2669 3654 2722 ἴσον

2075 2753 2132 2832 ᾖ,
2168 2758 2261 2811 καὶ
2288 2760 2317 2811 6
2351 2756 2602 2828 βασιλεὺς
2629 2758 2769 2828 πρὸς
2807 2758 3051 2829 βασιλέα,
3079 2758 3224 2826 λέγω
3269 2758 3335 2829 δὴ
3366 2761 3394 2811 6
3425 2758 3653 2830 Περσῶν

2074 2850 2169 2903 καὶ
2190 2852 2219 2904 6
2258 2849 2567 2919 Ῥωμαίων,
2594 2850 2807 2920 ἀνάγκη
2829 2850 2978 2903 πᾶσα
3008 2849 3137 2913 τοὺς
3170 2848 3265 2902 δύο
3300 2848 3539 2919 βασιλεῖς
3566 2867 3654 2903 κιο

2074 2942 2307 3013 νηθῆναι
2335 2942 2473 3011 μετά
2498 2941 2607 2994 τῶν
2632 2942 3011 3011 στρατοπέδων
3031 2942 3191 2997 ὅλων.
3224 2942 3397 2996 Βλέπε
3431 2938 3523 2995 οὖν
3537 2938 3653 2996 οἷόν

2076 3034 2171 3088 σού
2197 3036 2313 3087 ἐστι
2338 3035 2399 3087 τὸ
2415 3034 2749 3103 ἀξίωμα,ὃτι
2767 3036 2795 3088 6
2815 3034 2946 3097 Θεὸς
2968 3034 3193 3104 ἐκινήθη
3215 3034 3353 3104 μστά
3374 3036 3483 3087 τῶν
3507 3034 3654 3087 ἰδίων

2075 3127 2473 3197 στρατοπέδων,
2498 3127 2642 3196 λέγω
2679 3128 2745 3197 δὴ
2773 3128 2883 3180 τῶν
2913 3128 3158 3196 ἀγγέλων
3180 3130 3273 3181 καὶ
3301 3130 3647 3197 πνευμάτων,

2075 3218 2372 3288 συμϐαλεῖν
2397 3219 2475 3289 τῷ
2498 3220 2881 3289 ἀντικειμένῳ,
2909 3220 2995 3273 ἵνα
3022 3237 3082 3274 σε
3108 3222 3451 3292 λυτρώσηται
3472 3223 3536 3275 ὲκ
3556 3222 3649 3276 τοῦ

2072 3310 2324 3366 θανάτου.
2362 3309 2422 3365 '0
2456 3311 2587 3375 Θεὸς
2616 3310 2709 3364 οῦν
2736 3313 3068 3366 παρεγένετο
3090 3312 3180 3366 διὰ
3213 3312 3295 3368 σέ.

2140 3580 2271 3636 MZ'.
2306 3581 2515 3653 Ὠσπερ
2544 3582 2640 3635 ἐάν
2733 3583 2985 3654 βασιλεὺς
3007 3586 3102 3639 καὶ
3128 3587 3264 3659 εὕρῃ
3293 3588 3506 3658 πτωχόν
3528 3605 3654 3641 τινα

2071 3669 2265 3739 έχοντα
2291 3671 2501 3743 λέπραν
2538 3676 2617 3737 εἰς
2645 3675 2741 3729 ὅλα
2763 3674 2833 3729 τὸ.
2865 3676 3025 3745 μέλη,
3054 3678 3149 3731 καὶ
3182 3678 3256 3748 μὴ
3287 3679 3650 3750 ἐπαισχυνθῇ,

2070 3763 2189 3817 ἀλλ’
2219 3766 2380 3837 ἐπιθῇ
2433 3767 2701 3836 φάρμακα
2730 3769 2825 3821 καὶ
2856 3769 2915 3821 ὲν
2961 3772 3073 3831 τοῖς
3118 3770 3430 3840 τραύμασιν
3461 3772 3651 3834 αὑτοῦ,

2072 3856 2165 3909 καὶ
2206 3856 2424 3927 ἰάσηται
2448 3858 2612 3911 αὑτοῦ
2639 3858 2737 3921 τὰς
2757 3859 2991 3926 πληγὰς,
3014 3860 3106 3912 καὶ
3131 3860 3316 3915 λοιπὸν
3342 3864 3421 3925 είς
3440 3863 3652 3931 τράπε-

2073 3946 2174 4011 ζαν
2198 3947 2482 4018 βασιλικὴν
2504 3951 2763 4021 ἀπαγάγῃ
2787 3953 2971 4011 αὐτὸν.
3001 3954 3096 4006 καὶ
3118 3954 3312 4024 περιθῇ
3336 3955 3482 4023 αύτῷ
3513 3973 3649 4026 πορ-

2074 4037 2271 4104 φύραν,
2304 4038 2400 4090 καὶ
2430 4041 2629 4109 ποιήσῃ
2653 4041 2813 4093 αὑτὸν
2840 4041 3063 4110 βασιλέα
3085 4058 3099 4073 ο
3133 4042 3309 4108 ούτως
3343 4045 3437 4097 καὶ
3467 4046 3494 4098 6
3514 4045 3643 4107 Θεὸς

2074 4128 2297 4199 ἐποίησε
2320 4128 2399 4200 τῷ
2428 4130 2574 4197 γένει
2592 4132 2701 4185 τῶν
2736 4134 2836 4186 ἀνθ
2846 4133 3062 4199 ρώπων.
3087 4135 3424 4190 Ἀπέπλυνεν
3467 4136 3642 4188 αὐτῶν

2072 4219 2387 4289 τραύματα,
2420 4222 2515 4274 καὶ
2548 4222 2734 4276 ἰάσατο
2767 4225 2986 4287 αὐτοὺς,
3017 4226 3111 4279 καὶ
3138 4228 3434 4298 εἰσήγαγεν
3460 4228 3538 4291 εἰς
3557 4226 3650 4279 τὸν

2075 4311 2398 4381 ἐπουράνιον
2426 4313 2715 4383 νυμφῶνα.
2745 4315 2905 4382 Μέγα
2931 4316 3025 4373 οὖν
3056 4319 3173 4371 ἐστι
3201 4319 3262 4371 τὸ
3290 4320 3507 4389 ἀξίωμα
3539 4318 3650 4370 τῶν

2075 4402 2456 4472 Χριστιανῶν,
2513 4405 2785 4468 τοσοῦτον,
2834 4406 2910 4470 ὡς
2962 4408 3095 4478 μηδὲ
3137 4410 3451 4476 συγκρίνειν
3480 4408 3649 4479 ἔχειν.

382 4489 677 4545 rectionem
699 4492 971 4546 excitetur
996 4502 1052 4548 et
1088 4493 1430 4563 subripiatur
1454 4510 1484 4548 a
1518 4494 1725 4550 malitia
1748 4537 1761 4561 ,
1784 4496 1971 4566 perin-

2088 4495 2213 4547 Ἑάν
2265 4495 2321 4548 δὲ
2357 4497 2696 4568 μετεωρισθῇ
2749 4499 2845 4552 καὶ
2898 4499 3079 4570 κλαπῇ
3129 4502 3233 4554 ὑπὸ
3275 4502 3374 4571 τῆς
3429 4502 3651 4564 κακίας,

381 4580 451 4635 de
492 4589 597 4645 est,
630 4597 694 4637 ac
733 4583 777 4637 si
806 4583 877 4637 sit
911 4584 1136 4648 civitas,
1165 4601 1289 4655 qua:
1321 4586 1497 4641 muris
1522 4586 1700 4641 cincta
1729 4604 1837 4642 non
1864 4598 1967 4653 est,

381 4690 548 4744 quam
579 4673 847 4729 invadunt
882 4676 1133 4731 latrones
1153 4717 1167 4741 ,
1196 4693 1530 4748 quacunque
1574 4688 1727 4749 parte
1752 4680 1969 4744 volunt,

382 4766 535 4821 nulla
575 4766 804 4822 omnino
835 4783 895 4822 re
939 4767 1227 4838 impediti,
1271 4784 1503 4839 eamque
1540 4769 1815 4825 desertam
1847 4771 1974 4826 red-

382 4858 541 4921 dunt,
571 4876 633 4916 ac
656 4862 913 4917 incendio
946 4862 1291 4931 ﬂammisque
1317 4862 1575 4917 tradunt:
1604 4862 1683 4918 sic
1711 4863 1840 4919 dum
1869 4879 1970 4918 ne-

383 4952 543 5024 gligis
564 4963 617 5009 te
638 4955 841 5025 ipsum,
869 4964 925 5009 et
953 4953 1151 5024 frigide
1183 4953 1279 5007 tibi
1297 4954 1415 5024 ipse
1443 4955 1704 5023 attendis,
1730 4955 1972 5011 subeunt

383 5048 437 5095 te
461 5042 688 5111 spiritus
710 5044 951 5109 malitim,
974 5053 1139 5113 atque
1166 5044 1480 5100 deformant
1508 5056 1672 5116 atque
1694 5046 1968 5101 desertam

382 5129 625 5183 reddunt
674 5140 912 5185 mentem
955 5140 1101 5185 tuam
1132 5172 1145 5199 ,
1182 5131 1562 5203 dispergentes
1606 5134 1970 5205 cogitationes

386 5225 509 5271 tuas
544 5218 597 5271 in
636 5218 740 5275 hoc
776 5221 1058 5276 saeculum.

457 5307 694 5365 XLVIII.
734 5311 889 5366 Multi
920 5314 1091 5377 enim,
1114 5314 1208 5385 qui
1231 5314 1375 5371 circa
1394 5326 1746 5372 externarum
1778 5333 1966 5373 rerum

389 5399 813 5470 inquisitionem
864 5413 1149 5477 satagunt,
1185 5418 1242 5464 et
1269 5410 1550 5464 scientiam
1575 5412 1865 5476 excolunt,
1903 5428 1967 5467 ac

386 5509 577 5548 curam
605 5506 752 5551 recte
779 5498 999 5552 vivendi
1033 5500 1258 5565 habent,
1301 5502 1451 5556 hunc
1497 5512 1757 5572 reputant
1783 5503 1965 5572 perfe-

388 5595 558 5653 ctum,
586 5604 696 5642 non
739 5590 1095 5660 inspicientes
1128 5592 1182 5646 in
1216 5608 1312 5648 cor
1334 5633 1351 5657 ,
1387 5610 1493 5649 nec
1516 5594 1769 5649 videntes
1807 5594 1967 5648 mali-

390 5676 523 5731 tiam
541 5678 777 5733 animam
803 5679 1195 5736 involventem.
1228 5682 1512 5752 Siquidem
1530 5700 1687 5739 mens
1712 5685 1963 5748 interior,

389 5768 600 5827 malitia
630 5780 873 5835 scatens,
906 5773 1121 5830 radices
1155 5774 1324 5830 mittit
1350 5775 1409 5833 in
1437 5777 1650 5848 reliqua
1678 5777 1923 5834 membra
1949 5794 1963 5831 :

2073 4585 2219 4639 ἔοικε
2240 4587 2467 4657 τοιούτῳ
2501 4588 2631 4655 τινὶ,
2662 4588 2849 4660 ὥσπερ
2876 4591 2970 4644 εὰν
3048 4591 3199 4651 πόλις
3227 4592 3300 4662 μή
3326 4592 3526 4661 ἔχουσα
3543 4596 3655 4644 τεῖ-

2072 4695 2188 4748 χος,
2224 4678 2321 4732 καὶ
2352 4680 2402 4731 οί
2425 4679 2620 4750 λῃσταὶ
2650 4682 2987 4751 εἰσέρχονται
3008 4682 3076 4734 δι’
3096 4682 3285 4753 αὐτῆς,
3308 4683 3431 4737 ὅθεν
3464 4683 3655 4736 θέλου-

2075 4787 2149 4833 σι,
2172 4768 2247 4842 μὴ
2273 4770 2715 4841 ἑμποδιζὸμενοι,
2743 4774 2840 4827 καὶ
2876 4774 3167 4843 ἑρημοῦσι,
3195 4776 3289 4828 καὶ
3317 4774 3653 4847 ἐμπυρίζου-

2073 4879 2160 4916 σιν
2204 4863 2410 4933 αύτήν⁶
2466 4864 2641 4928 οὓτως
2672 4866 2999 4936 άμελοῦντός
3046 4884 3163 4932 σου,
3213 4872 3308 4921 καὶ
3365 4867 3440 4937 μὴ
3469 4868 3655 4939 ἑαυτῷ

2071 4953 2451 5025 προσέχοντος,
2487 4957 2894 5027 ὲπεισέρχονται
2947 4958 3018 5012 τὰ
3039 4958 3328 5028 πνεύματα
3355 4960 3452 5029 τῆς
3478 4976 3651 5028 πονη-

2075 5046 2215 5118 ρίας,
2246 5050 2340 5100 καὶ
2377 5048 2701 5115 ἀφανίζουσι
2737 5051 2832 5103 καί
2870 5050 3140 5121 ἐρημοῦσι
3180 5052 3272 5105 τὸν
3295 5050 3451 5113 νοῦν,
3482 5067 3653 5122 σκορ-

2074 5141 2323 5205 πίζοντες
2353 5146 2478 5206 τοὺς
2512 5142 2806 5214 λογισμοὺς
2840 5146 2919 5208 εἰς
2940 5144 3033 5197 τὸν
3060 5145 3236 5200 αἰῶνα
3257 5145 3471 5199 τοῦτον.

2141 5318 2284 5373 ΜΗ’.
2311 5319 2501 5373 Πολλοί
2524 5319 2633 5391 γὰρ
2662 5322 2799 5393 περὶ
2812 5321 2881 5375 τά
2906 5321 3105 5387 ἔξωθεν
3129 5322 3523 5394 ήκριόωμένοι,
3554 5324 3656 5378 καὶ

2072 5411 2386 5482 ἐπιστήμην
2414 5412 2731 5477 ἀσκοῦντες,
2755 5413 2851 5467 καὶ
2876 5414 2989 5482 βίου
3012 5414 3173 5486 ὀρθοῦ
3203 5415 3649 5485 ἐπιμελούμενοι,

2072 5501 2262 5555 τοῦτον
2290 5503 2603 5572 νομίζουσιν
2634 5498 2772 5557 εἶναι
2798 5506 3021 5570 τέλειον,
3055 5508 3128 5577 μὴ
3154 5506 3515 5574 ὲγκύπτοντει,
3564 5508 3648 5569 εἰς

2070 5596 2169 5665 τὴν
2204 5596 2450 5665 καρδίαν,
2475 5597 2569 5648 καὶ
2597 5596 2831 5665 ὁρῶντες
2850 5598 2918 5651 τά
2941 5598 3057 5651 ἐκεῖ
3083 5601 3373 5670 συνέχοντα
3405 5600 3505 5667 τὴν
3540 5598 3648 5667 ψυο

2073 5684 2176 5754 χὴν
2204 5685 2372 5740 κακά.
2415 5685 2634 5755 Ἐπειδὴ
2663 5686 2806 5739 κατά
2856 5688 2947 5740 τὸν
2998 5689 3098 5759 τῆς
3131 5689 3329 5751 κακίας
3379 5687 3647 5757 ἐσώτερον

2072 5776 2216 5843 νοῦν,
2251 5776 2377 5847 ῥίζα
2406 5777 2554 5831 ἐστὶν
2584 5778 2641 5833 ὲν
2669 5779 2782 5842 τοῖς
2810 5778 3057 5850 μέλεσινσ
3080 5782 3177 5835 καὶ
3199 5782 3228 5836 6
3255 5779 3460 5855 λῃστὴς
3490 5780 3549 5834 ὲν
3575 5780 3641 5850 τῇ
