3966 6430
195 344 308 407 609

1397 331 1764 396 HOMILI/E.
1778 353 1849 364 -
1869 327 2055 388 110M.
2094 330 2217 396 XV.

3333 327 3439 392 610

193 454 347 523 οἰκία
394 451 533 514 ἐστὶ,
593 449 867 502 τουτέστιν
896 449 928 517 ἠ
959 446 1176 501 ἐναντία
1199 446 1448 516 δύναμις.
1491 445 1768 498 Ἀντιστα-

1883 448 1927 492 et
1954 438 2092 494 latro
2113 481 2129 505 ,
2163 440 2269 495 hoc
2299 449 2423 503 est,
2454 439 2770 496 adversaria
2799 445 3064 509 potestas,
3089 438 3314 494 domum
3350 441 3438 496 in-

191 545 326 614 τικὴ
353 543 449 599 οὖν
482 541 577 596 καὶ
606 541 766 610 νοερὰ
791 541 939 592 ἐστι·
973 543 1068 594 καὶ
1096 541 1191 592 ἐὰν
1239 538 1313 609 μή
1344 555 1426 602 τις
1477 537 1544 607 θῇ
1578 534 1766 603 ἀγῶνα

193 638 342 692 κατὰ
363 638 462 704 τῆς
491 634 784 706 ἁμαρτίας,
818 631 962 685 κατὰ
993 632 1159 703 μέρος
1191 628 1568 699 ὑπεκχεομένη
1596 627 1632 697 ἡ
1660 625 1769 678 ἔσω

192 729 375 782 κακία
413 726 503 780 διὰ
529 725 621 778 τὸν
648 724 1007 796 πλεονασμὸν,
1060 725 1215 795 φέρει
1246 723 1338 776 τὸν
1377 720 1662 791 ἄνθρωπον
1689 719 1770 782 είς

193 822 444 891 φανερὰς
471 818 769 889 ἁμαρτίας,
798 819 891 872 ἐπὶ
911 817 973 871 τὸ
1000 814 1436 886 κατεργάζεσθαι
1472 812 1662 875 αὐτάς.
1697 810 1772 863 Τὸ

194 911 310 981 γὰρ
358 911 529 964 κακὸν
588 909 782 979 ὥσπερ,
829 909 1011 978 πηγῆς
1047 908 1322 978 ὀφθαλμός
1369 908 1482 959 ἐστι
1537 903 1771 956 πάντοτε

203 1004 405 1074 βρύων.
441 1004 553 1060 Καὶ
576 1003 640 1062 σὺ
671 997 764 1055 οῦν
783 1001 931 1068 γίνου
959 1002 1052 1054 ἐπὶ
1078 1000 1136 1054 τὸ
1157 1001 1400 1069 ἐπισχεῖν
1422 997 1489 1050 τὰ
1521 994 1772 1068 ῥεύματα

205 1098 300 1163 τῆς
333 1095 564 1158 κακίας,
605 1095 690 1148 ἵνα
739 1098 814 1166 μὴ
863 1097 944 1157 είς
978 1093 1150 1164 μυρία
1183 1091 1330 1146 κακὰ
1384 1088 1674 1161 ἐμπίπτων
1697 1086 1773 1152 ὡς

202 1186 579 1258 θαμϐούμενος
608 1185 694 1261 ᾗς.
728 1190 824 1241 Ὃν
845 1187 1044 1257 τρόπον
1073 1187 1168 1238 ἐὰν
1258 1200 1343 1247 τις
1379 1181 1607 1254 εὐγενὴς
1637 1181 1774 1252 ἀμέ-

198 1297 391 1352 ριμνος
415 1281 666 1344 πλούσιος
690 1298 704 1311 σ
730 1284 825 1335 καὶ
850 1277 1037 1332 τοῦτον
1060 1281 1108 1331 οί
1127 1278 1362 1331 διάκονοι
1392 1274 1486 1328 τοῦ
1515 1274 1772 1345 ἄρχοντος

197 1373 297 1424 καὶ
335 1375 382 1426 οἱ
415 1373 681 1439 ταξεῶται
730 1373 1070 1443 ἁρπάσωσιν,
1127 1369 1490 1438 ἀποφέροντες
1517 1364 1654 1436 πρὸς
1683 1365 1773 1418 αὺ-

195 1463 314 1526 τὸν,
347 1463 614 1532 λέγοντες,
641 1465 722 1518 ὅτι
746 1463 1158 1533 κατηγορήθης
1178 1459 1277 1514 ἐπὶ
1301 1459 1652 1529 ἐγκλήματι,
1676 1455 1774 1509 καί

196 1551 436 1619 θανάτῳ
458 1555 794 1608 ὑπόκεισαι.
823 1554 1024 1606 Λοιπὸν
1048 1555 1113 1605 ἐκ
1135 1552 1232 1622 τῆς
1262 1551 1450 1620 φήμης
1473 1548 1566 1601 τοῦ
1606 1546 1771 1614 φόϐου

196 1643 466 1706 ἀπόλεσεν
497 1645 662 1698 αὑτοῦ
699 1646 878 1710 πάσας
905 1646 1004 1708 τὰς
1057 1644 1414 1715 ἐνθυμήσεις,
1451 1640 1546 1694 καὶ
1585 1639 1772 1708 ὥσπερ

194 1734 447 1806 τεθαμϐη
457 1735 617 1805 μένος
652 1737 822 1791 ἐστίν.
1576 1743 1581 1748 ’

269 1903 404 1956 MG’.
444 1902 820 1972 Ὑπολάμϐανε
839 1903 931 1956 οῦν
955 1903 1127 1967 οὕτως
1163 1907 1255 1958 καὶ
1301 1905 1430 1978 περὶ
1473 1907 1582 1959 τῶν
1611 1924 1776 1959 πνευ-

204 1993 392 2064 μάτων
417 1994 514 2062 τῆς
537 1995 822 2064 πονηρίας.
874 1995 930 2047 '0
955 1993 1064 2064 γὰρ
1091 1995 1415 2066 φαινόμενος
1434 1995 1634 2066 κόσμος
1668 1996 1775 2048 ἀπὸ

200 2085 468 2155 βασιλέων
493 2085 598 2147 ’έως
629 2085 879 2156 πτωχῶν,
908 2087 965 2137 ἐν
991 2086 1204 2157 θορύϐῳ
1255 2090 1381 2148 εἰσὶ,
1421 2089 1513 2140 καὶ
1562 2077 1769 2141 ἀκατα-

199 2179 418 2248 στασία,
447 2179 540 2230 καὶ
569 2177 733 2248 μάχῃ,
764 2179 859 2231 καὶ
887 2179 1061 2242 οὐδεὶς
1088 2179 1269 2232 αὐτῶν
1291 2176 1395 2250 οἶδε
1430 2183 1528 2251 τὴν
1557 2182 1736 2234 αἰτίαν
1760 2199 1772 2211 ο

197 2274 367 2344 ἤγουν
390 2271 712 2341 φαινόμενον
738 2271 800 2324 τὸ
824 2273 1014 2335 κακὸν,
1061 2272 1122 2326 τὸ
1156 2273 1511 2344 παρεισελθὸν
1559 2273 1646 2327 διὰ
1675 2261 1775 2341 τῆς

199 2362 484 2431 παρακοῆς
514 2361 608 2413 τοῦ
649 2361 841 2432 Ἀδὰμ,
889 2362 948 2414 τὸ
981 2363 1204 2430 κέντρον
1262 2364 1355 2416 τοῦ
1415 2363 1663 2417 θανάτου.
1714 2364 1776 2416 Ἦ

197 2455 312 2525 γάρ
335 2453 578 2524 ἁμαρτία
603 2455 635 2524 ἡ
666 2453 1028 2523 παρελθοῦσα,
1063 2454 1292 2525 δύναμίς
1321 2474 1402 2518 τις
1433 2452 1566 2508 οὖσα
1586 2455 1778 2527 λογικὴ

200 2548 297 2600 τοῦ
336 2548 570 2613 Σατανᾶ,
601 2547 695 2600 καὶ
717 2547 896 2611 οὐσία,
949 2548 1234 2616 ὲνέσπειρε
1284 2549 1350 2601 τὰ
1387 2551 1532 2616 κακά
1564 2551 1738 2606 πάντα
1761 2568 1774 2580 ο

200 2639 396 2707 ἐπειδὴ
426 2637 729 2709 λεληθότως
762 2639 840 2702 είς
863 2638 952 2693 τὸν
981 2638 1089 2694 ἔσω
1135 2638 1420 2710 ἄνθρωπον
1455 2621 1558 2696 καὶ.
1585 2643 1662 2705 εἰς
1689 2641 1779 2694 τὸν

203 2730 329 2785 νοῦν
363 2733 593 2800 ἐνεργεῖ,
629 2732 723 2784 καὶ
756 2731 987 2800 μάχεται
1017 2734 1129 2794 τοῖς
1157 2732 1456 2803 λογισμοῖς.
1494 2735 1607 2787 Οὐκ
1632 2734 1777 2786 ἴσασι

201 2824 261 2876 δὲ
295 2825 343 2877 οἱ
387 2824 686 2894 ἄνθρωποι,
723 2825 804 2876 ὅτι
851 2823 959 2878 ἀπὸ
986 2823 1270 2894 ἀλλοτρίας
1305 2808 1449 2888 τινὸς
1497 2826 1778 2894 δυνάμεως

202 2915 555 2984 ἐλαυνόμενοι
587 2914 758 2968 ταῦτα
799 2919 1153 2986 πράττουσιν,
1192 2917 1327 2988 ἀλλᾲ
1366 2916 1645 2987 νομίζουσι
1679 2937 1798 2988 φυ-,

203 3009 341 3062 σικὰ
370 3007 541 3060 ταῦτα
573 3003 735 3071 εἶναι,
767 3009 860 3062 καὶ
911 3008 1020 3063 ἀπὸ
1079 3009 1214 3072 ἰδίας
1245 3012 1560 3080 φρονήσεως
1604 3011 1779 3064 ταῦτα

201 3103 407 3154 ποιεῖν.
457 3103 518 3154 Oi.
549 3101 606 3154 δὲ
655 3103 754 3170 τὴν
803 3103 1027 3172 εἰρήνην
1077 3102 1170 3155 τοῦ
1217 3103 1455 3183 Χριστοῦ
1479 3086 1692 3175 ἔχοντες
1720 3107 1778 3157 ὲν

1867 544 2088 600 gressus
2119 537 2226 586 est.
2264 531 2550 587 Contraria
2583 532 2752 603 igitur
2783 539 3026 601 potestas
3065 533 3231 588 etiam
3273 532 3439 588 intel-

1868 624 2118 682 lectualis
2155 633 2260 680 est.
2307 625 2376 680 Et
2414 625 2517 680 nisi
2553 626 2678 696 quis
2725 624 2930 680 bellum
2982 623 3132 678 ineat
3173 624 3443 680 adversus

1868 725 2175 788 peccatum,
2204 719 2470 788 paulatim
2492 719 2700 773 malitia
2731 718 2882 773 intus
2907 718 3104 783 latens,
3132 717 3308 774 ell‘usa
3328 735 3444 788 prae

1870 808 2037 864 nimia
2055 809 2210 878 copia
2237 808 2463 864 abducit
2488 809 2766 864 hominem
2800 809 2868 864 ad
2900 809 3191 865 manifesta
3217 817 3443 880 peccata

1869 901 2287 958 committenda.
2337 901 2542 962 Malitia
2577 903 2725 962 enim
2767 901 2920 958 velut
2958 901 3128 958 fontis
3167 903 3446 975 scaturigo

1869 1002 1958 1048 est
1985 992 2339 1062 undiquaque
2365 995 2693 1049 scaturiens.
2716 993 2800 1048 Tu
2825 993 2995 1065 igitur
3035 1008 3168 1049 cura
3205 993 3445 1066 diligen—

1872 1089 1987 1147 ter,
2018 1091 2080 1139 ut
2124 1084 2382 1140 oohibeas
2421 1078 2571 1138 rivos
2610 1084 2865 1148 malitiae,
2903 1100 2975 1140 ne
3015 1083 3248 1140 inﬁnitis
3288 1083 3446 1140 malis

1871 1175 2106 1238 obrutus
2136 1174 2289 1230 velut
2321 1172 2584 1228 attonitus
2613 1173 2832 1228 evadas.
2857 1172 3356 1240 Quemadmodum,
3399 1175 3447 1231 si

1873 1265 2143 1336 quispiam
2185 1264 2258 1330 sit
2295 1263 2519 1328 nobilis,
2561 1263 2677 1333 qui,
2711 1277 2844 1317 cura
2893 1263 3044 1318 omni
3087 1264 3334 1335 abjecta,
3389 1264 3448 1318 in

1874 1358 2151 1414 amuentia
2184 1372 2367 1412 rerum
2393 1356 2580 1422 vivat;
2614 1371 2778 1427 quem
2824 1355 3064 1411 ministri
3089 1356 3359 1429 principis
3388 1367 3451 1412 et

1874 1450 2218 1520 apparitores
2249 1449 2534 1518 abreptum
2554 1487 2568 1512 ,
2615 1447 2684 1501 ad
2725 1461 2852 1501 eum
2881 1447 3225 1516 protrahant,
3254 1447 3448 1501 dicen-

1874 1551 1957 1598 tes
1995 1561 2007 1596 :
2043 1543 2329 1597 Accusatus
2354 1559 2404 1595 es
2431 1541 2492 1594 ob
2518 1542 2714 1594 crimen
2741 1539 2977 1609 aliquod,
3004 1558 3065 1593 ac
3086 1539 3305 1610 capitali
3323 1556 3451 1609 sup—

1875 1635 2028 1705 plicio
2072 1636 2330 1705 subjaces.
2383 1633 2652 1689 Cteterum
2707 1632 2797 1686 ille
2837 1647 2951 1702 prae
2989 1642 3138 1686 metu
3187 1649 3256 1688 ex
3303 1633 3445 1688 fama

1875 1735 2179 1791 contracto,
2213 1725 2396 1796 perdit
2423 1740 2614 1781 omnes
2637 1725 3000 1795 cogitationes
3031 1741 3178 1791 suas,
3209 1743 3273 1784 ac
3297 1729 3446 1784 velut

1807 1799 1848 1852 Β
1876 1817 2109 1871 attonito
2141 1825 2367 1887 stupore
2401 1826 2583 1886 pavet.

1946 1908 2134 1962 XLIX.
2172 1909 2434 1964 Eamdem
2466 1909 2632 1973 igitur
2653 1910 2985 1964 sententiam
3015 1925 3237 1980 quoque
3259 1912 3448 1966 conci-

1875 2001 1995 2070 pias
2015 2002 2082 2055 de
2104 2002 2390 2071 spiritibus
2415 2002 2656 2057 malitiae.
2685 2001 2922 2056 Mundus
2946 2001 3092 2056 enim
3117 2002 3450 2073 conspicuus

1876 2109 1906 2148 a
1949 2095 2170 2164 regibus
2202 2095 2271 2148 ad
2297 2095 2514 2150 inﬁmos
2543 2097 2598 2149 in
2634 2097 2904 2160 tumultu,
2940 2095 3356 2166 perturbatione
3389 2111 3451 2151 ac

1877 2201 2056 2257 pugna
2085 2187 2416 2254 constitutus
2440 2195 2544 2250 est,
2572 2203 2674 2243 nec
2704 2189 2847 2242 ullus
2866 2188 3084 2242 illorum
3102 2203 3451 2244 causamno-

1878 2279 1999 2334 vit:
2034 2281 2292 2336 nimirum
2332 2291 2581 2351 apertum
2630 2282 2831 2336 malum
2857 2322 2871 2346 ,
2911 2281 3059 2350 quod
3096 2282 3269 2336 subiit
3315 2298 3452 2351 pro-

1876 2379 1999 2442 pter
2041 2371 2470 2426 inobedicntiam
2499 2372 2668 2435 Adae,
2715 2380 2771 2426 et
2815 2372 3071 2428 stimulus
3115 2382 3198 2428 est
3233 2374 3449 2430 mortis.

1877 2461 2164 2516 Peccatum
2187 2463 2334 2518 enim
2363 2461 2511 2532 quod
2535 2462 2724 2528 subiit,
2767 2477 2891 2516 cum
2924 2461 2996 2516 sit
3027 2463 3269 2531 potentia
3297 2479 3449 2532 qum-

1877 2554 1999 2608 dam
2031 2563 2088 2609 et
2109 2555 2414 2609 substantia
2443 2553 2727 2622 rationalis
2758 2553 2994 2620 Satanae,
3037 2556 3236 2608 insevit
3264 2555 3450 2610 omnia

1877 2649 2036 2702 mala.
2061 2647 2343 2718 Siquidem
2368 2648 2582 2701 occulte
2611 2654 2667 2700 et
2709 2647 2944 2701 latenter
2981 2647 3036 2700 in
3070 2648 3320 2702 interiori
3355 2649 3453 2702 ho-

1877 2741 2024 2793 mine
2060 2755 2124 2794 ac
2163 2747 2345 2806 mente
2388 2746 2670 2808 operatur,
2709 2748 2872 2807 atque
2912 2737 3338 2808 cogitationibus
3361 2755 3452 2794 re-

1877 2841 2100 2901 pugnat.
2129 2829 2391 2884 Nesciunt
2419 2839 2601 2884 tamen
2624 2829 2895 2892 homines,
2922 2831 3066 2898 quod
3101 2830 3278 2884 aliena
3311 2847 3452 2902 qua-

1878 2923 2000 2984 dam
2026 2923 2079 2975 vi
2111 2922 2331 2992 impulsi
2369 2921 2484 2976 haec
2522 2929 2705 2991 agant,
2735 2921 2832 2975 sed
2860 2915 3054 2991 putant
3079 2922 3193 2978 huic
3213 2938 3336 2978 esse
3359 2939 3455 2977 na-

1878 3016 2098 3080 turalia,
2130 3024 2187 3071 et
2215 3015 2438 3085 propria
2469 3014 2721 3084 quaedam
2760 3016 2929 3069 animi
2961 3015 3363 3070 deliberatione
3397 3030 3458 3071 se

1880 3109 1994 3163 haec
2031 3123 2214 3178 agere.
2254 3106 2359 3174 Qui
2388 3122 2520 3162 vero
2541 3107 2748 3163 Christi
2785 3123 2975 3177 pacem
3003 3108 3210 3163 habent
3249 3110 3306 3162 in
3341 3108 3458 3162 ani-

199 3191 357 3262 αὐτῷ
388 3191 463 3262 τῷ
491 3193 583 3262 νῷ,
607 3193 700 3245 καὶ
734 3193 824 3245 τὸν
872 3193 1152 3262 φωτισμὸν
1193 3193 1380 3274 αὐτοῦ,
1413 3193 1559 3250 ἴσασι
1613 3197 1779 3250 πόθεν

1883 3216 1970 3254 mo
1998 3201 2138 3270 ipso,
2169 3208 2226 3255 et
2258 3200 2326 3255 ab
2346 3215 2413 3255 eo
2444 3209 2572 3255 sunt
2602 3199 2893 3256 illuminati
2913 3242 2927 3266 ,
2969 3199 3048 3255 illi
3079 3210 3284 3256 norunt
3306 3200 3454 3256 unde

205 3279 378 3340 ταῦτα
408 3288 657 3339 κινεῖται.
1025 3343 1028 3346 ,
1289 3341 1291 3344 ,

277 3378 357 3432 N'.
389 3379 597 3448 Πάσχει
641 3377 750 3446 γὰρ
782 3379 810 3430 ὁ
837 3361 1041 3449 κόσμος
1087 3379 1258 3443 πάθος
1307 3379 1528 3444 κακίας,
1559 3379 1653 3434 καὶ
1681 3382 1781 3434 οὐκ

205 3468 334 3527 οἶδε.
383 3472 497 3532 Καὶ
545 3471 664 3525 ἐστι
724 3470 835 3542 πῦρ
889 3471 1220 3543 ἀκάθαρτον,
1267 3473 1403 3543 ὅπερ
1429 3473 1799 3545 ἀνάπτει-τὴν.

205 3563 454 3636 καρδίαν,
481 3564 581 3620 καὶ
605 3562 746 3616 οὕτω
773 3563 1046 3633 διατρέχει
1072 3565 1169 3618 ὅλα
1203 3564 1269 3641 τὰ
1311 3566 1468 3637 μέλη,
1522 3566 1619 3621 καὶ
1648 3583 1799 3638 προ-.

206 3658 465 3727 τρέπεται
505 3644 630 3720 τοῦς
673 3654 1101 3732 ἀνθρώπους-είς
1125 3657 1434 3726 ἀσελγείας,
1471 3659 1564 3712 καὶ
1613 3658 1798 3729 μυρία,

208 3749 380 3803 κακά.
406 3750 466 3801 Οἱ
497 3745 589 3801 οῦν
629 3731 1088 3823 γαργαλιζόμενοι
1139 3748 1234 3820 καὶ
1282 3749 1652 3819 συνηδόμενοι,
1698 3749 1798 3802 ἕν-,

206 3840 303 3891 δον
338 3841 394 3891 ὲν
412 3842 477 3909 τῇ
510 3840 706 3910 καρδίᾳ.
734 3838 1042 3892 ἐπιτελοῦσι
1067 3841 1166 3906 τὴν
1184 3840 1462 3909 πορνείαν,
1492 3841 1586 3892 καὶ
1609 3839 1782 3903 οὕτως

212 3933 512 3999 νεμομένου
528 3933 621 3986 τοῦ
654 3933 848 3998 κακοῦ,
882 3937 1290 3990 καταπίπτουσι
1317 3931 1414 3985 καὶ
1433 3933 1513 3993 εἰς
1543 3932 1782 4003 φανερὰν

208 4025 488 4092 πορνείαν.
529 4011 766 4078 Τὸαὺτὸ
796 4025 1024 4078 νὸεικαὶ
1073 4009 1204 4095 περὶ
1253 4023 1352 4094 τῆς
1395 4022 1781 4093 φιλαργυρίας,

205 4116 535 4189 κενοδοξίας,
575 4121 769 4186 τύφου,
805 4117 990 4187 ζήλου,
1029 4116 1222 4187 θυμοῦ.
1264 4117 1471 4187 ’Ὠσπερ
1518 4117 1644 4169 ὅταν
1700 4131 1785 4178 τις

210 4207 388 4278 κληθῇ
427 4211 507 4272 είς
556 4208 810 4278 ἄριστον,
862 4209 955 4261 καὶ
997 4207 1275 4279 παρατεθῇ
1327 4208 1476 4278 αὑτῷ
1513 4207 1786 4276 ἐδέσματα

209 4299 391 4353 πολλὰ
412 4341 426 4364 ,
487 4298 675 4353 λοιπὸν
704 4303 737 4370 ἠ
772 4287 1015 4371 ἁμαρτία
1044 4300 1334 4353 ὑποϐάλλει
1370 4301 1587 4353 πάντων
1647 4299 1794 4366 aea,

209 4391 361 4445 σθαιο
391 4392 487 4447 καὶ
513 4391 685 4454 οὕτως
708 4395 741 4463 ἡ
766 4393 912 4462 ψυχὴ
935 4385 1268 4463 συνηδομένη
1302 4390 1612 4462 βαρύνεται.
1643 4392 1783 4461 Ὀρη

1882 3293 1997 3347 haec
2024 3292 2294 3350 oriantur.

1908 3446 1916 3450 _
1950 3383 2014 3437 L.
2051 3383 2296 3439 Sustinet
2323 3384 2472 3439 enim
2499 3385 2742 3440 mundus
2773 3384 3094 3442 affectiones
3118 3386 3368 3451 vitiosas,
3400 3396 3457 3442 et

1879 3478 1983 3554 67
2008 3477 2060 3532 id
2087 3477 2265 3531 nescit
2289 3494 2302 3529 :
2327 3491 2451 3547 quae
2477 3478 2699 3547 quidem
2719 3486 2848 3532 sunt
2887 3477 3335 3548 ignisimpurus.
3357 3479 3455 3548 qui

1883 3568 2133 3623 accendit
2154 3583 2270 3633 cor,
2298 3577 2355 3624 et
2378 3569 2631 3640 pervadit
2658 3571 2846 3623 omnia
2883 3568 3149 3631 membra,
3179 3577 3344 3638 atque
3371 3571 3460 3624 in-

1884 3662 2017 3717 citat
2041 3661 2293 3718 homines
2321 3661 2390 3715 ad
2411 3661 2672 3717 libidines
2692 3668 2748 3715 et
2785 3661 2997 3715 infinita
3021 3661 3182 3714 mala.
3213 3661 3458 3726 Quicun-

1883 3769 1989 3822 que
2024 3752 2191 3823 igitur
2219 3751 2544 3818 titillantur,
2574 3760 2630 3806 et
2667 3751 2942 3820 voluptate
2979 3749 3287 3804 aﬂiciuntur
3313 3789 3328 3813 ,
3371 3751 3459 3804 in-

1885 3858 1974 3902 tus
2006 3845 2063 3899 in
2101 3844 2270 3900 corde
2309 3843 2732 3899 fornicationem
2774 3843 3147 3908 committunt,
3182 3850 3347 3913 atque
3379 3843 3460 3896 sic

1884 3937 2144 4008 paulatim
2171 3978 2186 4000 ,
2220 3936 2350 3991 dum
2390 3936 2605 3991 fovetur
2633 3937 2855 4002 malum,
2894 3934 3148 3989 incidunt
3178 3934 3234 3988 in
3279 3935 3459 3988 mani—

1884 4031 2086 4086 festum
2123 4039 2395 4100 stuprum.
2429 4028 2580 4084 ldem
2616 4029 2824 4084 sentias
2855 4043 3075 4098 quoque
3104 4026 3173 4081 de
3203 4027 3456 4092 avaritia,

1885 4138 2024 4177 vana
2050 4121 2251 4192 gloria,
2289 4119 2430 4175 fastu
2452 4160 2467 4184 ,
2498 4119 2846 4173 aemulatione
2881 4125 2937 4172 et
2978 4117 3081 4170 ira.
3127 4116 3362 4172 Perinde
3395 4131 3460 4172 ac

1886 4214 2078 4285 siquis
2104 4213 2172 4269 ad
2194 4213 2488 4284 prandium
2514 4211 2683 4267 fuerit
2714 4220 2966 4276 vocatus,
2994 4212 3082 4265 cui
3115 4218 3460 4281 apponantur

1884 4307 2033 4362 varia
2063 4307 2313 4362 ciborum
2336 4321 2537 4378 genera
2556 4323 2572 4372 ;
2591 4313 2707 4360 tum
2724 4319 2855 4358 vero
2872 4311 3154 4373 peccatum
3178 4301 3460 4372 suggerit,

1888 4411 1950 4455 ut
1983 4401 2171 4455 omnia
2196 4399 2450 4471 degustet
2477 4417 2491 4452 :
2528 4399 2609 4454 sic
2633 4411 2856 4468 quoque
2885 4394 3067 4449 anima
3095 4393 3462 4448 delectatione

209 4485 319 4554 γὰρ
351 4478 733 4539 δυσϐάστακτά
766 4490 881 4539 ἐστι
913 4487 984 4551 τά.
1012 4486 1181 4556 πάθη,
1214 4478 1288 4538 ὧν
1322 4487 1380 4540 ὲν
1411 4487 1564 4558 μέσῳ
1612 4503 1780 4539 ποτα-

1888 4503 2048 4562 capta
2083 4501 2364 4547 oneratur.
2396 4491 2606 4546 Montes
2633 4490 2783 4544 enim
2816 4487 3123 4543 diliicillimi
3165 4497 3293 4541 sunt
3330 4487 3461 4541 all‘e-

213 4576 312 4648 μοὶ
359 4575 669 4646 δρακόντων
710 4577 804 4628 καὶ
863 4577 1084 4630 ἰοϐόλων
1131 4578 1334 4647 Θηρίων
1386 4577 1479 4631 καὶ
1515 4578 1780 4646 ἑρπετῶν·

211 4666 406 4738 ὥσπερ
438 4659 533 4722 ἐὰν
560 4663 594 4742 ᾖ
618 4663 798 4739 κῆτος,
828 4670 921 4722 καὶ
951 4668 1194 4742 καταπίῃ
1211 4669 1302 4722 τὸν
1326 4669 1608 4740 ἄνθρωπον
1637 4670 1696 4722 ὲν
1719 4671 1784 4739 τῇ

211 4761 396 4831 κοιλία
416 4778 430 4790 ·
458 4758 599 4813 οὕτω
632 4755 724 4814 καὶ
755 4764 787 4832 ἡ
817 4762 1060 4834 ἁμαρτία
1113 4761 1401 4815 καταπίνει
1445 4761 1544 4824 τὰς
1586 4761 1785 4832 ψυχάς.

211 4854 417 4920 Φλόγες
449 4853 619 4923 πυρός
643 4855 747 4905 εἱσι
780 4853 1194 4917 κατακαίουσαι,
1227 4854 1321 4905 καὶ
1371 4852 1498 4923 βέλη
1525 4869 1786 4922 πεπυρω-

219 4946 359 5014 μένα
382 4945 478 4997 τοῦ
534 4944 792 5015 πονηροῦ.
835 4945 1000 5014 Λέγει
1029 4934 1135 5017 γὰρ
1177 4948 1205 5000 ὁ
1246 4945 1584 5010 Ἀπόστολος,
1631 4946 1786 5014 Πρὸς

217 5035 284 5086 τὸ
319 5027 654 5106 δυνηθῆναι
689 5026 843 5104 ὑμᾶς
876 5039 946 5092 τὰ
968 5039 1125 5106 ,ϐέλη
1156 5037 1262 5092 τοῦ
1292 5038 1558 5106 πονηροῦ
1584 5038 1656 5092 τὰ
1684 5054 1788 5092 πε-

224 5131 538 5200 πυρωμένα
559 5132 796 5186 σϐέσαι.
841 5132 1114 5204 Ἐνεμήθη
1136 5131 1245 5203 γὰρ
1276 5132 1338 5185 τὸ
1363 5132 1551 5198 κακὸν,
1580 5133 1676 5185 καὶ
1700 5149 1790 5184 τε-

225 5217 546 5286 θεμελίωται
582 5222 712 5292 περὶ
739 5222 838 5290 τὴν
867 5222 1066 5292 ψυχήν.

293 5309 421 5367 NA’.
445 5315 508 5367 Οί
541 5313 599 5366 δὲ
629 5313 906 5384 φρόνιμοι,
941 5314 1068 5368 ὅταν
1097 5314 1372 5384 ἐπαναστῇ
1405 5312 1473 5366 τὰ
1505 5311 1672 5382 πάθη,
1693 5311 1791 5383 οὐχ

218 5394 608 5468 ὑπακούουσιν,
674 5405 788 5457 ἀλλ’
847 5405 1156 5478 ὀργίζονται
1204 5407 1320 5468 ταῖς
1355 5407 1553 5466 κακαῖς
1609 5405 1793 5457 ἐπιθυ-

215 5495 396 5568 μίαις,
422 5497 520 5549 καὶ¹
547 5495 732 5568 ἐχθροὶ
755 5497 964 5551 ἑαυτῶν
988 5500 1284 5567 γίγνονται.
1331 5497 1389 5552 '0
1413 5498 1519 5568 γὰρ
1548 5498 1791 5561 Σατανᾶς

214 5587 354 5642 πολὺ
379 5588 524 5642 θέλει
553 5591 936 5660 ὲπαναπαῆναι
967 5593 1034 5663 τῇ
1063 5590 1232 5663 ψυχῇ,
1261 5591 1352 5644 καὶ
1383 5589 1789 5660 ἐφαπλωθῆναι,

295 5773 342 5806 ⁷³
379 5772 589 5844 Ephes.
622 5787 696 5836 vt,
733 5770 820 5824 16.

548 5869 823 5930 ΡΑτιιοι..
870 5865 989 5927 Gtt.
1025 5867 1314 5928 XXXIV.

1889 4582 2100 4637 ctiones
2137 4580 2262 4643 illae,
2307 4593 2544 4650 quorum
2583 4578 2638 4632 in
2678 4577 2860 4633 medio
2889 4577 3195 4633 decurrunt
3235 4576 3460 4630 ﬂumina

1888 4673 2625 4736 draconum,venenosarum
2647 4669 2888 4723 ferarum
2915 4684 2978 4724 ac
3006 4668 3306 4738 reptilium.
3335 4668 3461 4720 Per-

1889 4765 2018 4819 inde
2061 4779 2190 4819 vero
2223 4779 2286 4820 ac
2324 4763 2371 4818 si
2407 4763 2615 4818 balaena
2653 4763 2928 4818 hominem
2971 4762 3199 4816 devoret
3236 4761 3289 4815 in
3323 4775 3455 4814 ven-

1887 4865 2050 4920 trem,
2080 4858 2160 4913 sic
2179 4873 2398 4928 quoque
2424 4864 2707 4927 peccaturo
2733 4855 2991 4910 absorbet
3016 4856 3248 4909 animas.
3283 4855 3462 4910 Flam-

1894 4965 1994 5005 mae
2029 4958 2160 5004 sunt
2188 4950 2328 5020 ignis
2347 4949 2602 5004 ardentes
2622 4949 2726 5002 illa:
2751 4947 3093 5011 aﬂectiones,
3122 4956 3180 5002 et
3204 4947 3310 5002 tela
3336 4949 3462 5002 mali

1889 5041 2080 5111 ignita.
2116 5040 2301 5110 lnquit
2321 5040 2467 5096 enim
2487 5039 2812 5110 Apostolus:
2849 5037 2913 5092 Ut
2939 5037 3144 5106 possitis
3176 5054 3263 5091 vos
3286 5041 3470 5096 omnia

1894 5133 2000 5189 tela
2017 5134 2146 5188 mali
2169 5135 2334 5202 ignita
2359 5135 2690 5202 exstinguere
2717 5132 2801 5185 '5?
2823 5132 3062 5186 Fovetur
3075 5131 3222 5186 enim
3245 5132 3462 5190 vitium.

1894 5242 1959 5282 ac
1985 5225 2408 5281 fundamentum
2441 5225 2596 5294 ponit
2622 5225 2679 5279 in
2709 5224 2913 5279 anima.

1967 5320 2052 5374 LI.
2084 5320 2390 5375 Prudentes
2417 5327 2602 5373 autem
2635 5315 3049 5385 insurgentibus
3078 5315 3464 5371 aﬁectionibus

1898 5425 2007 5464 non
2029 5409 2428 5479 obtemperant,
2451 5407 2546 5462 sed
2568 5409 2702 5462 iram
2719 5405 3041 5476 concipiunt
3057 5404 3322 5460 adversus
3343 5418 3470 5473 pra-

1897 5517 1992 5556 vas
2021 5501 2368 5570 cupiditates,
2405 5507 2565 5569 atque
2588 5499 2772 5554 hostes
2798 5498 2883 5552 sui
2925 5495 3184 5552 evadunt.
3241 5493 3470 5550 Satanas

1897 5594 2045 5648 enim
2084 5591 2242 5647 valde
2291 5594 2443 5662 cupit
2480 5590 2536 5646 in
2573 5591 2754 5646 anima
2794 5589 3164 5661 requiescere,
3195 5601 3258 5643 ac
3285 5583 3471 5640 cubile

3075 5861 3156 5922 20
