3966 6426
469 329 571 397 611

1702 332 1761 389 S.
1804 328 2125 389 MACARII
2166 328 2485 390 ᾹΞΟΥΡΤΙΙ

3620 324 3734 389 612

464 458 626 499 suum
650 441 1007 505 constituere,
1036 449 1091 494 et
1113 438 1367 509 afﬂigitur
1396 456 1459 495 ac
1492 450 1796 511 torquetur,
1823 441 2047 511 quando

2170 444 2245 497 καὶ
2275 442 2515 497 θλίϐεται
2550 440 2645 495 καὶ
2668 442 3082 511 στενοχωρείται
3106 437 3181 510 μὴ
3219 437 3604 508 ὐπακουούσης
3626 438 3736 507 τῆς

464 552 572 589 non
604 536 951 604 obtemperat
1002 534 1206 587 anima.
1262 534 1383 588 Non
1431 542 1614 587 tamen
1674 533 1895 599 desunt,
1945 533 2039 603 qui

464 627 650 680 divina
679 626 886 680 virtute
924 624 1303 689 continentur,
1330 624 1482 694 quia,
1516 638 1638 679 cum
1668 622 1893 678 videant
1915 639 2041 677 cum

462 720 697 774 muliere
722 718 1150 785 adolescentem,
1182 719 1310 774 licet
1351 718 1599 789 quaedam
1627 717 1892 789 cogitent,
1924 718 2044 772 illo—

464 829 586 867 rum
618 822 802 868 tamen
838 813 1054 867 animus
1073 826 1183 867 non
1214 810 1499 881 polluitur,
1530 826 1709 880 neque
1738 810 1887 866 intus
1918 825 2046 881 pec-

464 915 645 961 catum
673 905 990 960 committit.
1035 905 1239 961 Verum
1277 903 1524 957 nondum
1573 902 1704 957 huic
1739 910 1825 959 est
1867 901 2045 957 ﬁden-

466 998 620 1052 dunt.
666 997 808 1053 Sunt
854 1012 988 1053 vero
1039 996 1155 1060 alii,
1209 996 1265 1049 in
1334 994 1537 1064 quibus
1590 993 1766 1049 libido
1817 1008 2046 1064 prorsus

465 1091 736 1145 exstincta
790 1099 957 1159 atque
991 1088 1228 1144 arefacta
1250 1096 1469 1143 cessat:
1525 1102 1719 1142 verum
1748 1086 1806 1141 hi
1844 1086 2046 1157 gradus

466 1189 595 1236 sunt
614 1195 976 1237 summorum.
1001 1178 1475 1246 Quemadmodum
1500 1188 1684 1233 autem
1711 1188 2049 1234 mercatores

466 1272 602 1327 nudi
652 1272 710 1326 in
752 1270 1088 1343 profundum
1120 1271 1310 1337 maris,
1348 1287 1413 1327 ac
1468 1278 1705 1325 mortem
1749 1286 1909 1341 aqua:
1950 1269 2048 1324 de-

468 1364 765 1431 scendunt,
788 1371 849 1419 ut
878 1364 991 1419 illic
1019 1364 1291 1434 accipiant
1319 1362 1650 1434 margaritas
1696 1362 1763 1418 ad
1788 1378 2046 1418 coronam

468 1456 675 1526 regiam
701 1464 759 1512 et
806 1470 1112 1526 purpuram
1133 1456 1495 1524 commodas;
1540 1456 1619 1511 sic
1668 1471 1909 1526 quoque,
1953 1455 2049 1525 qui

467 1548 779 1603 solitariam
806 1548 979 1603 vitam
1010 1556 1204 1618 agunt,
1240 1549 1375 1603 nudi
1402 1556 1609 1603 exeunt
1654 1547 1884 1609 mundo,
1913 1558 1969 1601 et
1992 1547 2049 1600 in

469 1640 811 1711 profundum
881 1641 1049 1695 maris
1114 1641 1356 1707 malitiae,
1425 1650 1591 1710 atque
1667 1640 1724 1695 in
1792 1640 2049 1710 abyssum

469 1733 824 1788 tenebrarum
905 1732 1279 1787 descendunt:
1362 1748 1395 1787 e
1470 1748 1579 1802 qua
1670 1739 1899 1787 sumunt
1990 1745 2053 1785 ac

470 1835 757 1896 reportant
806 1826 1081 1895 pretiosos
1141 1825 1375 1895 lapides,
1440 1836 1599 1897 aptos
1659 1825 1729 1879 ad
1789 1839 2050 1879 coronam

468 1918 712 1984 Christi,
761 1919 828 1973 ad
893 1918 1196 1973 Eeclesiam
1270 1918 1615 1980 cmlestem,.
1652 1916 1721 1972 ad
1793 1917 2055 1971 saeculum

470 2024 701 2076 novum,
737 2010 806 2065 ad
833 2010 1111 2065 civitatem
1144 2009 1488 2081 Splendidam
1547 2019 1605 2064 et
1648 2009 1913 2080 populum
1954 2025 2054 2065 an-

471 2101 724 2172 gelicum.

543 2193 655 2248 Lll.
693 2192 927 2249 Perinde
948 2209 1083 2249 vero
1144 2210 1208 2249 ac
1254 2192 1310 2248 in
1342 2196 1601 2265 sagenam
1652 2194 1822 2249 multa
1854 2207 2055 2264 genera

474 2286 706 2356 piscium
746 2285 1022 2355 incidunt,
1056 2295 1112 2343 et
1142 2286 1326 2342 minus
1356 2288 1524 2343 utiles
1552 2287 1736 2342 denuo
1779 2286 1963 2342 statim
2000 2286 2055 2339 in

474 2392 626 2433 mare
658 2378 1060 2449 proiiciantur:
1096 2378 1177 2433 sic
1204 2394 1425 2448 quoque
1452 2393 1652 2448 sagena
1679 2377 1867 2449 gratia:
1890 2391 2058 2446 super

474 2487 668 2527 omnes
690 2487 931 2542 expansa
951 2481 1057 2536 est,
1096 2488 1159 2527 ac
1181 2472 1380 2541 quaerit
1410 2472 1680 2542 requiem.
1720 2471 1921 2526 Verum
1945 2485 2056 2524 non

474 2564 860 2634 obtemperant
879 2564 1134 2619 homines
1160 2605 1167 2611 .
1191 2574 1481 2635 propterea
1504 2564 1689 2619 denuo
1724 2564 1780 2617 in
1806 2561 2056 2617 eamdem

476 2656 911 2727 profunditatem
993 2656 1352 2713 tenebrarum
1417 2650 1815 2728 conjiciuntur.
1873 2653 2056 2710 Veluti

476 2748 625 2804 enim
649 2763 847 2804 aurum
888 2764 921 2804 a
966 2748 1191 2820 copiosa
1238 2765 1407 2805 arena
1464 2749 1701 2805 dilutum
1752 2747 2055 2812 invenitur,

478 2850 718 2913 suntque
768 2858 936 2915 grana
991 2843 1188 2915 exigua
1240 2844 1414 2899 instar
1465 2843 1640 2899 milii:
1709 2842 1789 2898 sic
1838 2854 2059 2913 quoque

478 2946 546 2985 ex
608 2932 798 2988 multis
851 2933 1013 3003 pauci
1068 2931 1485 3001 probabuntur.
1540 2932 1647 2999 Qui
1708 2932 1858 2987 enim
1903 2929 2059 3001 regni

479 3039 619 3094 opus
660 3024 885 3090 habent,
935 3024 1214 3081 manifesti
1245 3034 1395 3090 sunt,
1424 3033 1481 3080 et
1511 3025 1608 3096 qui
1654 3024 1886 3080 verbum
1941 3024 2061 3094 ejus

2147 536 2344 607 ψυχῆς.
2374 535 2497 588 Εἰσὶ
2529 534 2588 587 δέ
2639 551 2788 597 τινες
2840 531 3204 603 κρατούμενοι
3235 532 3339 585 ὑπὸ
3380 530 3530 595 θείας
3561 529 3742 583 δυνά·

2145 645 2318 699 μεως,
2356 628 2439 681 ὅτι
2468 626 2562 680 ἐὰν
2590 625 2741 679 ἴδωσί
2770 642 2894 678 τινα
2926 624 3065 695 μετά
3112 623 3369 692 γυναικὸς
3403 623 3550 687 νέον,
3579 616 3741 675 οὗτοι

2148 725 2196 777 εί
2228 721 2321 775 καὶ
2348 718 2745 787 διαλογίζονταί
2778 733 2921 781 τινα,
2956 717 3105 786 ὅμως
3136 716 3197 768 οὐ
3244 713 3515 785 μιαίνεται
3547 714 3576 766 6
3601 711 3743 775 νοῦς

2148 817 2349 884 αὐτῶν,
2406 812 2531 868 οὐτε
2592 812 2831 866 ἐπιτελεί
2876 809 3024 863 ένδον
3069 808 3363 879 ἁμαρτίαν.
3406 805 3544 859 Ἀλλ’
3573 804 3747 857 οὐπω

2149 910 2267 965 ἐστὶ
2296 907 2373 979 τῷ
2403 905 2631 977 τοιούτῳ
2660 904 2953 976 θαρσῆσαι.
2985 901 3111 956 Είσὶ
3131 902 3187 955 δὲ
3218 900 3368 955 ἄλλοι
3395 900 3476 961 είς
3498 896 3593 961 οὓς
3634 912 3748 949 τε·

2148 1004 2309 1068 λείως
2362 1002 2658 1064 πέπαυται,
2698 999 2795 1052 καὶ
2842 995 3212 1066 κατεσϐέσθη,
3273 994 3368 1048 καὶ
3422 990 3747 1063 ἐξηράνθη’

2150 1095 2286 1151 ἀλλὰ
2313 1092 2383 1147 τά
2412 1092 2586 1163 μέτρα
2611 1091 2720 1145 τῶν
2756 1090 3007 1160 μεγάλων
3034 1088 3193 1143 εἰσίν.
3224 1086 3437 1155 Ὥσπερ
3461 1083 3517 1136 δέ
3549 1084 3599 1135 οἱ
3626 1081 3751 1150 ἔμ-

2150 1207 2309 1261 ποροι
2337 1188 2541 1258 γυμνοὶ
2589 1185 2946 1257 κατέρχονται
2990 1184 3071 1246 είς
3129 1179 3290 1250 βυθὸν
3315 1178 3612 1245 θαλάσσης,
3651 1177 3752 1237 εἰς

2151 1284 2379 1338 θάνατον
2404 1280 2495 1336 τοῦ
2522 1279 2743 1341 ὓδατος,
2777 1278 2863 1330 ἵνα
2895 1276 3009 1329 ἐκεῖ
3036 1273 3241 1344 εὕρωσι
3276 1268 3619 1343 μαργαρίτας
3655 1269 3753 1330 είς

2152 1379 2419 1446 στέφανον
2452 1373 2739 1435 ποιοῦντας
2776 1368 3073 1440 βασιλικὸν,
3106 1367 3201 1419 καὶ
3224 1363 3531 1435 πορφύραν,
3558 1361 3753 1422 οὕτως

2151 1468 2248 1522 καὶ
2282 1468 2331 1520 οἱ
2366 1466 2714 1537 μονάζοντες,
2770 1462 2969 1530 γυμνοὶ
3023 1459 3338 1528 ἐξέρχονται
3371 1454 3464 1509 τοῦ
3498 1454 3748 1523 κόσμου,

2152 1561 2247 1615 καὶ
2274 1559 2631 1629 κατέρχονται
2652 1556 2733 1618 είς
2766 1553 2926 1624 βυθὸν
2958 1552 3235 1620 θαλάσσης
3263 1550 3360 1617 τῆς
3399 1547 3615 1609 κακίας,
3638 1546 3754 1598 καὶ

2153 1656 2232 1717 εἰς
2264 1655 2361 1724 τὴν
2394 1652 2629 1707 ἄϐυσσον
2674 1650 2770 1703 τοῦ
2803 1647 3049 1708 σκότους,
3082 1645 3177 1698 καὶ
3227 1642 3337 1695 ἀπὸ
3361 1640 3471 1695 τῶν
3524 1639 3753 1709 βαθέων

2152 1746 2493 1816 λαμϐάνουσι
2539 1742 2633 1797 καὶ
2688 1739 3021 1807 ἀναφέρουσι
3049 1738 3266 1804 τιμίους
3310 1732 3487 1795 λίθους
3518 1744 3753 1800 προχω-

2166 1839 2393 1911 ροῦντας
2424 1838 2503 1900 είς
2526 1835 2791 1902 στέφανον
2824 1831 2919 1885 τοῦ
2952 1826 3213 1900 Χριστοῦ,
3250 1828 3329 1886 είς
3366 1825 3465 1895 τὴν
3506 1823 3753 1892 Ἐκκλη-

2165 1931 2286 2007 σίαν
2330 1929 2429 1999 τὴν
2486 1925 2831 1995 ἐπουράνιον,
2890 1924 2968 1984 εἰς
2997 1919 3170 1973 αίῶνα
3203 1918 3411 1982 καινὸν,
3457 1915 3548 1970 καὶ
3581 1915 3755 1968 πόλιν

2164 2018 2455 2089 φωτεινὴν,
2484 2016 2579 2069 καὶ
2605 2014 2778 2084 δῆμον
2802 2009 3113 2080 ἀγγελικόν.

2233 2201 2360 2256 NB’.
2383 2203 2597 2272 Ὥσπερ
2630 2200 2688 2253 ἐν
2715 2200 2781 2269 τῇ
2815 2197 3027 2266 σαγήνῃ
3053 2192 3223 2246 πολλὰ
3264 2190 3378 2257 εἴδη
3416 2188 3609 2259 ἰχθύων
3635 2189 3759 2256 ἐμ.-

2164 2294 2377 2357 πίπτει,
2409 2292 2503 2345 καὶ
2531 2292 2599 2345 τὰ
2621 2289 2999 2361 ἀχρηστότερα
3026 2286 3190 2339 πάλιν
3214 2282 3417 2345 εὐθέως
3444 2282 3522 2343 εἰς
3543 2278 3758 2332 θάλασ-

2165 2403 2267 2441 σαν
2300 2385 2603 2455 ῥίπτουσιν·
2630 2382 2800 2446 οὕτως
2820 2380 2915 2434 καὶ
2941 2381 2975 2450 ἠ
3012 2378 3225 2448 σαγήνη
3270 2375 3367 2444 τῆς,
3399 2372 3615 2444 χάριτος
3643 2372 3755 2438 ἐφ-

2162 2472 2429 2528 απλοῦται
2451 2471 2543 2524 ἐπὶ
2570 2470 2798 2535 πάντας,
2836 2468 2931 2523 καὶ
2959 2469 3113 2539 ζητεῖ
3144 2466 3473 2520 ἀνάπαυσιν.
3515 2461 3652 2515 Ἀλλ’
3693 2462 3750 2513 of

2162 2563 2441 2633 ἄνθρωποι
2461 2562 2559 2631 οὐχ
2588 2559 2924 2614 ὑπακούουσι
2948 2572 2963 2589 ο
2991 2557 3079 2611 διὰ
3107 2556 3265 2610 τοῦτο
3288 2554 3450 2609 πάλιν
3478 2553 3558 2616 είς
3578 2551 3752 2608 αὐτὸν

2163 2654 2255 2709 τὸν
2286 2653 2507 2724 βόθυνον
2566 2651 2661 2705 τοῦ
2717 2651 2942 2715 σκότους
2996 2650 3487 2722 καταρῤίπτονται.
3529 2648 3751 2715 Ὥσπερ

2164 2749 2273 2819 γὰρ
2296 2750 2325 2801 6
2354 2748 2555 2818 χρυσὸς
2596 2746 2705 2800 άπὸ
2755 2744 2958 2817 πολλῆς
3002 2745 3191 2816 ἄμμου
3225 2743 3562 2815 πλυνόμενος
3596 2741 3752 2811 εὐρίο

2167 2855 2377 2905 σκεται,
2425 2838 2521 2892 καὶ
2571 2838 2746 2892 ταῦτα
2780 2837 3040 2909 ἐλάχιστα
3092 2836 3170 2901 ὡς
3220 2835 3537 2907 κεγχρίδες·
3571 2832 3751 2896 οὕτως

2165 2932 2261 2987 xal
2295 2932 2405 2987 ἀπὸ
2453 2931 2665 2985 πολλῶν
2720 2930 2896 3000 ὀλίγοι
2939 2932 3048 2984 elal.
3100 2929 3335 3000 δόκιμοι.
3394 2928 3506 2983 Kal.
3553 2926 3661 2996 γὰρ
3692 2928 3748 2979 οἱ

2166 3026 2381 3095 ἔχοντες
2414 3025 2475 3079 τὸ
2502 3024 2662 3098 ἔργον
2694 3027 2793 3096 τῆς
2816 3024 3115 3095 βασιλείας,
3147 3021 3375 3093 φανεροί
3405 3022 3533 3086 είσι,
3570 3020 3664 3074 καὶ
3694 3019 3749 3072 οἱ

481 3127 771 3182 exornant,
794 3119 1082 3188 conspicui
1141 3129 1290 3174 sunt.
1318 3119 1522 3174 Eadem
1544 3118 1758 3174 ratione
1782 3116 2060 3172 manifesti

2170 3118 2498 3189 κοσμοῦντες
2545 3118 2637 3173 τὸν
2680 3118 2837 3187 λόγον
2868 3117 3037 3188 αὐτῆς
3088 3116 3389 3184 φαίνονται.
3431 3115 3663 3184 Ὁμοίως
3688 3113 3751 3166 δὲ

482 3217 635 3275 sunt,
696 3210 793 3281 qui
851 3211 964 3266 sale
1016 3210 1230 3266 crelesti
1285 3220 1415 3266 sunt
1458 3211 1691 3279 conditi,
1729 3220 1787 3267 et
1842 3212 1937 3282 qui
1995 3227 2061 3267 ex

2170 3212 2258 3265 καὶ
2283 3216 2331 3266 οἱ
2367 3212 2665 3283 ἠρτυμέναι
2694 3210 2772 3281 τῷ
2799 3211 2959 3265 ἅλατι
2987 3209 3066 3281 τῷ
3099 3209 3411 3281 ἐπουρανίῳ
3441 3208 3747 3276 φαίνονται,

488 3302 767 3358 thesauris
827 3302 1065 3374 Spiritus
1114 3304 1437 3375 loquuntur.
1489 3306 1775 3377 Apparent
1821 3323 1971 3373 vasa,
2007 3308 2065 3363 in

484 3393 691 3463 quibus
712 3395 1102 3465 complacitum
1126 3406 1211 3452 est
1247 3397 1384 3462 Deo,
1425 3398 1743 3469 quibusque
1778 3414 1931 3454 suam
1959 3400 2067 3454 lar—

484 3486 633 3556 gitur
675 3487 930 3557 gratiam.
985 3487 1126 3544 Sunt
1175 3505 1396 3561 quoque
1435 3491 1555 3558 alii,
1608 3492 1702 3562 qui
1730 3493 1904 3547 multa
1942 3508 2064 3547 cum

483 3580 755 3652 patientia
831 3582 1112 3653 accipiunt
1187 3584 1450 3638 virtutem
1548 3583 2065 3650 sanctiﬁcatricem,

484 3682 653 3745 prout
683 3675 949 3730 Dominus
993 3675 1113 3729 vult
1152 3676 1371 3732 ratione
1412 3676 1734 3747 multiplici.
1783 3675 1889 3743 Qui
1938 3692 2069 3748 ergo

486 3766 753 3837 loquitur,
793 3767 901 3823 nisi
946 3766 1217 3838 dirigatur
1268 3784 1298 3823 a
1356 3769 1571 3824 emlesti
1618 3768 1827 3824 lumine
1874 3784 1939 3825 ac
1980 3784 2067 3824 sa-

486 3859 718 3930 pientia,
742 3860 1182 3932 uniuscujusque
1222 3871 1463 3916 mentem
1487 3860 1539 3915 in
1555 3859 1715 3922 plena
1739 3859 1845 3916 fide
1861 3862 2068 3916 consli-

488 3962 647 4007 tuere
707 3952 940 4023 nequit;
992 3952 1123 4022 quia
1183 3952 1339 4007 varia
1409 3962 1540 4008 sunt
1598 3953 1887 4008 hominum
1942 3954 2070 4008 vitae

488 4043 778 4109 instituta;
810 4043 1035 4113 quidam
1052 4043 1199 4099 enim
1222 4043 1391 4110 bello,
1416 4043 1511 4099 alii
1532 4059 1664 4100 vero
1687 4045 1874 4117 quieta
1899 4045 2071 4115 magis

490 4135 844 4191 delectantur
879 4136 1012 4190 vita.

560 4227 697 4282 Llll.
728 4226 967 4283 Perinde
1005 4242 1071 4282 ac
1103 4228 1195 4299 qui
1239 4227 1518 4284 civitatem
1566 4228 1685 4284 solo
1731 4237 2069 4298 exaequatam

491 4319 704 4374 :cdibus
751 4318 980 4374 reﬁcere
1015 4319 1170 4383 velit,
1219 4319 1484 4374 continuo
1514 4318 1731 4373 ruinam
1762 4334 1826 4373 ac
1859 4318 2073 4388 lapsum

492 4410 759 4464 minantia
793 4409 1026 4468 omnino
1052 4410 1243 4482 dejicit
1266 4426 1331 4467 ac
1364 4410 1626 4473 destruit,
1664 4409 1856 4480 sicque
1884 4407 2078 4479 incipit

2167 3304 2261 3357 καὶ
2285 3301 2334 3356 οί
2358 3304 2425 3357 ἐκ
2454 3302 2563 3356 τῶν
2593 3301 2885 3372 θησαυρῶν
2933 3299 3030 3355 τοῦ
3088 3300 3409 3370 Πνεύματος
3438 3298 3748 3361 λαλοῦντες.

2166 3394 2417 3445 Φαίνεται
2466 3392 2535 3445 τὰ
2566 3390 2735 3461 σκεύη
2769 3393 2827 3443 ἐν
2849 3384 2930 3453 οἷς
2954 3392 2983 3443 6
3004 3389 3135 3453 Θεὸς
3182 3389 3411 3452 εὐδοκεῖ,
3442 3389 3538 3443 καὶ
3568 3387 3755 3441 δίδωσι

2166 3484 2266 3555 τὴν
2288 3482 2484 3539 ἑαυτοῦ
2515 3483 2708 3553 χάριν*
2743 3483 2836 3536 καὶ
2867 3483 3017 3539 ἄλλοι
3058 3482 3195 3554 μετὰ
3227 3462 3429 3553 πολλῆς
3472 3482 3758 3550 ὑπομονῆς

2167 3576 2413 3644 δέχονται
2443 3576 2543 3644 τὴν
2598 3575 2927 3645 ἁγιαστικὴν
2968 3573 3225 3644 δύναμιν,
3260 3574 3443 3637 καθὼς
3490 3576 3519 3627 6
3547 3574 3761 3644 Κύριος

2170 3668 2313 3723 θέλει
2345 3667 2721 3739 πολυτρόπως.
2764 3669 2821 3723 '0
2850 3667 2943 3723 οὖν
2962 3667 3159 3735 λαλῶν,
3196 3670 3244 3721 εί
3273 3668 3348 3738 μὴ
3446 3666 3755 3737 ὁδηγούμε-

2170 3779 2258 3825 νος
2288 3761 2394 3816 ὑπὸ
2422 3760 2600 3831 φωτὸς
2620 3760 2872 3831 οὐρανίου
2898 3760 2996 3813 καὶ
3025 3760 3239 3829 σοφίας,
3263 3760 3325 3813 οὐ
3354 3761 3580 3813 δύναται
3615 3760 3755 3828 πλη-

2175 3856 2426 3926 ροφορεῖν
2456 3855 2549 3907 τὸν
2583 3855 2816 3909 ἑκάστου
2847 3852 3002 3919 νοῦν,
3055 3853 3247 3923 ἐπειδὴ
3289 3852 3481 3905 πολλαί
3514 3854 3654 3904 εἰσιν
3698 3853 3754 3904 αἱ

2173 3946 2546 4017 προαιρέσεις,
2577 3947 2635 4000 αἱ
2669 3948 2767 4018 μὲν
2790 3948 2848 4001 ἐν
2878 3946 3125 4017 πολέμῳ,
3155 3945 3311 4000 ἄλλαι
3336 3946 3393 3999 ἐν
3421 3944 3747 3998 ἀναπαύσει.

2248 4227 2374 4281 NF’.
2401 4226 2617 4297 Ὠσπερ
2646 4226 2776 4280 ὅταν
2860 4228 3207 4300 ὴρημωμένη
3234 4228 3413 4292 πόλις,
3440 4229 3531 4281 καὶ
3548 4227 3754 4299 θελήσῃ

2175 4336 2261 4382 τις
2289 4318 2493 4389 ταύτην
2520 4319 2830 4382 ἀνακτίσαι,
2864 4320 3065 4385 εὐθέως
3092 4321 3161 4375 τά
3191 4320 3639 4394 καταρῤεύσαντα
3660 4323 3760 4374 καὶ

2178 4412 2412 4465 πεσόντα
2439 4409 2662 4474 τελείως
2684 4410 3037 4475 καταϐάλλει,
3064 4414 3157 4466 xal.
3175 4414 3349 4477 οὕτως
3372 4416 3600 4485 ἄρχεται
3626 4414 3763 4467 σκά-

494 4500 708 4564 fodere,
738 4512 795 4555 et
826 4500 882 4554 in
931 4500 1052 4556 loco
1092 4501 1314 4557 defosso
1360 4502 1719 4556 fundamenta
1753 4502 1961 4572 jacere,
2009 4514 2061 4555 at

2177 4518 2354 4566 πτειν,
2392 4502 2487 4555 καὶ
2516 4504 2574 4555 ὲν
2605 4501 2686 4573 τῷ
2716 4503 3005 4574 σκάμματι
3033 4505 3158 4568 τοὺς
3208 4503 3492 4575 θεμελίους
3524 4504 3758 4571 τιθέναι,

493 4592 607 4663 68
635 4591 927 4647 mdiﬁcium
951 4603 1367 4664 snperstruere:
1400 4610 1504 4649 nec
1527 4592 1658 4647 dum
1696 4610 1829 4648 vero
1864 4602 1948 4649 est
1970 4592 2074 4648 do-

495 4698 641 4736 mus.
684 4681 901 4747 Itidem,
927 4683 1020 4752 qui
1045 4684 1268 4738 hortum
1299 4691 1723 4739 eonstructurus
1752 4692 1838 4739 est
1860 4684 1918 4739 in
1939 4683 2076 4739 locis

498 4774 739 4829 desertis
792 4789 855 4829 ac
888 4775 1265 4845 graveolentia
1316 4775 1503 4831 fetidis
1531 4817 1547 4841 ,
1588 4777 1832 4846 primum
1882 4776 2077 4847 incipit

498 4879 756 4935 purgare,
793 4880 857 4919 ac
889 4866 1256 4935 sepimentum
1295 4867 1740 4938 circumponere,
1780 4877 1837 4923 et
1862 4883 2076 4938 ιιι-πριι-

500 4973 624 5012 rare
649 4958 1030 5027 aquaeductus,
1074 4968 1131 5013 et
1155 4961 1234 5016 sic
1269 4961 1490 5015 tandem
1517 4961 1750 5031 plantat,
1776 4969 1834 5015 et
1872 4961 2076 5031 plantae

499 5047 910 5103 incrementum
933 5060 1181 5115 sumunt,
1209 5059 1270 5105 ut
1299 5050 1405 5105 hoc
1431 5050 1775 5122 modolongo
1796 5058 1921 5121 post
1945 5059 2084 5104 tem-

501 5154 635 5208 pore
653 5139 852 5195 hortus
872 5140 1118 5211 proferat
1134 5141 1376 5197 fructus:
1402 5142 1483 5197 sic
1498 5157 1719 5212 quoque
1745 5142 2083 5197 intentiones

503 5231 792 5287 hominum
815 5240 942 5303 post
963 5235 1463 5305 transgressionem
1484 5235 1737 5302 deserta),
1784 5235 2084 5292 devastata:

502 5331 671 5391 atque
717 5323 955 5392 spinosa:
1009 5332 1161 5379 sunt.
1225 5325 1374 5381 Dixit
1421 5326 1571 5381 enim
1622 5326 1836 5383 homini
1890 5327 2076 5382 Deus:

502 5413 698 5485 Spinaa
728 5430 790 5469 ac
822 5414 1041 5470 tribulos
1074 5416 1168 5471 tibi
1193 5425 1339 5472 terra
1367 5419 1614 5490 producet
1640 5420 1702 5475 ".
1724 5418 1873 5490 Opus
1910 5418 2082 5490 igitur

504 5516 589 5561 est
626 5506 819 5563 labore
839 5523 904 5563 ac
940 5508 1145 5565 sudore
1191 5510 1385 5579 multo,
1434 5519 1496 5566 ut
1538 5510 1666 5582 quis
1698 5511 1991 5582 conquirat
2019 5523 2082 5565 ac

503 5595 668 5666 iaciat
689 5598 1107 5657 fundamentum
1133 5642 1149 5670 ,
1182 5602 1361 5661 donec
1393 5603 1581 5662 veniat
1614 5604 1671 5662 in
1693 5603 1861 5662 corda
1887 5601 2082 5680 .homi-

580 5776 624 5805 η
654 5774 795 5831 Gen.
828 5792 907 5844 ιιι,
938 5777 1024 5833 18.

2180 4593 2275 4647 καὶ
2312 4592 2713 4664 προϐάλλεσθαι
2774 4595 2874 4666 τὴν
2924 4596 3230 4669 οἰκοδομὴν,
3279 4598 3489 4651 οὐδέπω
3518 4597 3574 4650 δέ
3610 4599 3764 4652 ἐστιν

2187 4687 2353 4742 οἰκία.
2388 4686 2502 4741 Kal.
2540 4688 2568 4740 6
2616 4686 2785 4740 θέλων
2834 4688 3161 4758 παράδεισον
3192 4690 3415 4759 ποιῆσαι
3453 4691 3532 4753 εἰς
3560 4691 3764 4755 τόπους

2183 4778 2425 4848 ἐρήμους
2456 4778 2552 4831 καὶ
2583 4777 2861 4843 δυσώδεις,
2908 4779 3123 4850 πρῶτον
3167 4781 3393 4852 ἄρχεται
3417 4781 3762 4851 καθαρίζειν,

2184 4869 2279 4922 κα)⁸
2311 4870 2565 4940 φραγμὸν
2623 4870 2979 4942 περιτιθέναι,
3033 4872 3129 4925 καὶ
3182 4874 3490 4944 ἑτοιμάζειν
3514 4876 3764 4946 ὀχετοὺς,

2184 4960 2281 5013 καὶ
2311 4958 2482 5021 οὕτως
2510 4959 2754 5029 φυτεύει,
2786 4961 2881 5015 καὶ
2903 4960 3154 5027 αὔξονται
3184 4963 3251 5016 τὰ
3275 4964 3438 5032 φυτά,
3477 4964 3563 5016 ἴνα
3589 4963 3768 5029 οὕτως

2190 5049 2331 5118 μετὰ
2361 5049 2530 5103 πολὺν
2561 5050 2754 5122 χρόνον
2806 5053 3007 5124 ἐνέγκῃ
3046 5055 3295 5124 καρποὺς
3323 5056 3352 5107 6
3394 5054 3724 5125 παράδεισος
3747 5072 3765 5087 ο

2187 5140 2358 5205 οὔτως
2385 5141 2479 5195 καὶ
2527 5143 2583 5195 al
2614 5144 2963 5215 προαιρέσεις
2993 5146 3101 5200 τῶν
3128 5145 3452 5217 ἀνθρώπων,
3505 5147 3643 5216 μετὰ
3666 5148 3771 5217 τὴν

2192 5235 2508 5306 παράϐασιν
2536 5239 2947 5309 κεχερσωμέναι
2978 5239 3104 5303 εἰσὶ,
3132 5240 3226 5292 καὶ
3252 5238 3640 5309 ἡρημωμέναι,
3669 5239 3770 5292 καὶ

2190 5324 2543 5389 ἀκανθώδεις.
2573 5321 2710 5379 Eine
2741 5327 2850 5398 γὰρ
2883 5330 2910 5381 6
2938 5328 3073 5391 Θεὸς
3112 5327 3191 5398 τῷ
3223 5327 3520 5398 ἀνθρώπῳ,
3571 5328 3772 5381 Ἀκάν-

2189 5421 2298 5484 θας
2320 5418 2417 5471 καὶ
2441 5420 2752 5487 τριϐόλους
2776 5418 3061 5474 ἀνατελεῖ
3084 5435 3187 5474 σοι
3230 5421 3269 5489 ἡ
3321 5418 3421 5490 γῆ.
3453 5420 3630 5492 Χρεία
3675 5418 3771 5471 οὐν

2190 5509 2437 5580 καμάτου
2467 5510 2564 5562 καὶ
2597 5510 2769 5562 κόπου
2796 5510 3013 5576 πολλοῦ,
3040 5511 3127 5565 ἵνα
3156 5528 3239 5575 τις
3271 5511 3479 5582 ζητήσῃ
3509 5512 3604 5561 καὶ
3627 5510 3770 5562 ἁπο-

2191 5601 2349 5671 θῆται
2379 5602 2469 5658 τὸν
2488 5602 2757 5673 θεμέλιον,
2783 5602 2885 5668 ἕως
2909 5604 2996 5659 ὅτε
3027 5602 3157 5677 ἔλθῃ
3182 5606 3259 5669 εἰς
3289 5603 3385 5667 τὰς
3413 5601 3636 5675 καρδίας
3658 5598 3771 5653 τῶν
