3966 6452
158 349 263 414 6i3

1381 344 1836 404 HOMILI/E.—
1862 345 2049 405 ΗΘΜ.
2092 345 2244 403 xw.
2331 322 2338 331 ’

3323 345 3427 409 614

157 457 495 530 ἀνθρώπων
555 455 687 528 πῦρ,
742 456 835 509 καὶ
894 452 1124 525 ἄρξηται
1186 452 1606 523 περικαθαίρειν
1665 452 1751 514 τὰς

1867 468 1997 506 num
2026 453 2187 525 ignis,
2220 454 2314 524 qui
2351 454 2638 509 comburat
2669 470 2733 509 ac
2774 454 3042 526 depurget
3094 456 3320 525 spinas;
3372 469 3430 514 et

156 552 426 612 ἀκάνθας
450 566 465 580 ·
496 548 592 601 καὶ
616 547 786 611 οὕτως
811 546 1068 618 ἄρχονται
1085 545 1422 611 άγιάξεσθαι,
1445 544 1756 608 δοξάζοντες

158 644 424 711 Πατέρα,
455 640 552 692 καὶ
577 639 722 703 Υίὺν,
752 638 844 692 καὶ
873 637 1026 705 ἅγιον
1053 636 1294 705 Πνεῦμα,
1343 636 1424 698 είς
1448 637 1574 697 τοὺς
1620 634 1754 687 αἰῶ-

159 754 283 801 νας.
336 735 542 805 Ἀμήν.

785 843 1023 897 UMIAIA
1052 841 1169 909 ις’.

191 938 330 1000 Τοὺς
364 934 809 1004 πνευματικοὺς
842 932 1192 1004 ἀνθρώπους
1226 929 1602 1004 ὑποκεῖσθαιΔ
1634 932 1758 997 τοῖς

253 1000 605 1075 πειρασμοῖς
635 1006 732 1058 καί
763 1006 1030 1073 θλίψεσι,
1059 1002 1190 1067 ταῖς
1217 1002 1286 1055 ἐκ
1316 1000 1549 1070 πρώτης
1573 1002 1757 1071 ἁμαρ-

249 1080 384 1143 τίας
399 1077 759 1144 βρυούσαις.

246 1192 326 1242 Α’.
353 1190 542 1242 Πᾶσαι
564 1188 620 1242 αἱ
651 1186 834 1258 νοεραὶ
857 1186 1056 1252 οὐσίαι,
1095 1188 1239 1257 λέγω
1266 1189 1329 1258 δὴ
1364 1187 1634 1257 ἀγγέλων,
1663 1187 1757 1239 καὶ

173 1281 392 1350 ψυχῶν,
422 1280 521 1334 καὶ
553 1279 841 1351 δαιμόνων,
869 1280 1118 1351 ἀκέραιοι
1142 1280 1236 1344 καὶ
1263 1278 1623 1334 ἁπλούστατοι
1651 1277 1757 1331 ὑπὸ

172 1374 267 1427 τοῦ
304 1373 659 1447 Δημιουργοῦ
692 1373 1020 1444 ἐκτίσθησαν
1046 1390 1060 1403 ·
1090 1371 1151 1426 τὸ
1175 1373 1231 1427 δέ
1265 1390 1418 1436 τινας
1462 1372 1523 1437 ἐξ
1576 1371 1755 1427 αὐτῶν

172 1465 462 1534 τραπῆναι
497 1467 576 1527 είς
603 1464 664 1516 τὸ
693 1464 881 1527 κακὸν,
913 1464 978 1516 ὲκ
1005 1462 1099 1515 τοῦ
1124 1462 1471 1529 αὐτεξουσίου
1493 1462 1756 1532 προσεγέ-

174 1576 299 1611 νετο
348 1560 562 1621 αὐτοῖς.
610 1557 749 1628 ’ἰδίῳ
779 1556 888 1629 γὰρ
918 1556 1184 1627 θελήματι
1238 1555 1618 1626 ἐξετράπησαν
1660 1555 1754 1607 τοῦ

176 1653 558 1723 προσήκοντος
587 1649 870 1721 λογισμοῦ.
896 1649 959 1703 Ei
989 1649 1046 1703 δέ
1078 1667 1258 1720 φαμεν
1303 1649 1474 1712 οὕτως
1515 1647 1619 1700 ὑπὸ
1660 1645 1755 1699 τοῦ

176 1741 532 1813 Δημιουργοῦ
581 1742 888 1813 κτισθῆναι,
927 1742 1112 1796 ἄδικον
1166 1740 1359 1812 κριτὴν
1408 1740 1638 1809 λέγομεν
1664 1738 1755 1791 τὸν

1860 545 1941 600 sic
2014 544 2277 615 incipiant
2321 545 2573 600 homines
2635 546 3004 613 sanctiﬁcari,
3063 547 3433 619 gloriﬁcantes

1861 637 2097 703 Patrem,
2134 648 2189 693 et
2224 638 2438 705 Filium,
2459 649 2515 694 et
2543 638 2806 709 Spiritum
2839 650 3087 697 sanctum
3122 643 3179 697 in
3208 644 3429 700 saecula.

1860 728 2032 781 Amen
2045 767 2057 781 .

2418 844 2702 900 HOMILIA
2730 846 2871 902 XVI.

1858 930 2176 1008 Spirituales
2207 936 2441 1008 homines
2466 936 2713 1008 obnoxios
2738 953 2845 991 esse
2880 938 3252 991 tentatiom’bus
3277 946 3434 1008 atque

1960 1004 2344 1073 afflictionibus,
2376 1022 2439 1059 ex
2476 1007 2647 1076 primo
2677 1014 2889 1077 peccato
2914 1008 3336 1061 scaturientibus.

1931 1182 1970 1241 l.
2014 1189 2215 1243 Omnes
2262 1187 2546 1243 intellectu
2588 1188 2830 1259 praedita:
2862 1187 3205 1253 substantiae,
3261 1201 3432 1257 ange-

1858 1280 2058 1342 lorum,
2097 1280 2341 1351 inquam,
2391 1282 2694 1337 animarum
2736 1297 2799 1337 ac
2825 1282 3157 1345 dmmonum,
3202 1280 3432 1336 sincerae

1858 1386 1922 1425 ac
1940 1371 2356 1441 simplicissime
2376 1389 2405 1427 a
2432 1372 2728 1429 Conditore
2748 1382 2944 1429 creata:
2963 1382 3107 1427 sunt.
3126 1372 3283 1439 Quod
3300 1386 3434 1425 vero

1858 1465 2134 1520 nonnullae
2158 1481 2227 1520 ex
2260 1466 2328 1521 iis
2355 1466 2423 1520 ad
2459 1467 2727 1521 malitiam
2771 1467 2996 1536 dilapsae
3031 1474 3188 1529 sunt,
3248 1474 3432 1520 ortum

1857 1563 1941 1609 est
1970 1554 2024 1608 id
2056 1571 2087 1609 a
2132 1556 2308 1610 libero
2360 1556 2611 1611 arbitrio.
2666 1558 2895 1626 Propria
2944 1557 3091 1612 enim
3146 1556 3431 1610 voluntate

1859 1647 2248 1703 deﬂexerunta
2269 1660 2419 1704 recta
2446 1649 2678 1703 ratione.
2708 1648 2767 1704 Si
2791 1665 2926 1704 vero
2959 1663 3269 1717 asseramus
3296 1648 3432 1701 tales

1859 1756 1888 1794 a
1943 1740 2057 1795 Deo
2104 1741 2391 1796 conditore
2446 1749 2659 1796 creatas
2705 1757 2849 1807 esse,
2895 1741 3158 1812 iujustum
3187 1739 3433 1811 judicem

176 1834 333 1899 Θεὸν,
370 1834 666 1904 πέμποντα
687 1835 765 1897 είς
797 1833 906 1905 πῦρ
932 1834 1019 1888 τὸν
1041 1835 1306 1888 Σατανᾶν.
1334 1834 1454 1888 Είσὶ
1484 1833 1591 1902 γάρ
1614 1849 1751 1896 τινες

1856 1849 1979 1888 esse
2001 1833 2171 1887 Deum
2219 1834 2533 1898 statuimus,
2559 1832 2655 1903 qui
2702 1832 2957 1889 Satanam
2995 1835 3052 1887 in
3083 1833 3261 1904 ignem
3294 1848 3431 1887 con-

174 1922 282 1976 τῶν
313 1924 658 1995 αἱρετικῶς),
712 1924 965 1991 λέγοντες
1012 1925 1143 1993 ὓλην
1197 1925 1449 1995 ἄναρχον,
1496 1924 1590 1978 καὶ
1623 1922 1757 1994 ὓλην

174 2016 357 2084 ῥίζαν,
392 2019 490 2071 καὶ
538 2016 694 2087 ῥίζαν
746 2017 975 2087 δύναμιν
1006 2058 1022 2083 ,
1071 2017 1560 2087 καὶίσοδυναμίαν.
1613 2016 1757 2086 Πρὸς

171 2108 351 2179 τούτῳ
380 2104 479 2162 οῦν
506 2108 652 2178 ἔχεις
700 2108 937 2177 εὐλόγως
984 2108 1303 2174 ἀντιθεῖναι,
1338 2109 1420 2162 ὅτι
1463 2107 1591 2161 ποία
1640 2106 1758 2160 ἐστὶ

173 2200 361 2252 λοιπὸν
389 2202 424 2270 ὴ
453 2199 663 2253 νικῶσα
688 2200 942 2271 δύναμις;
971 2200 1183 2269 ἀνάγκη
1217 2200 1274 2252 δὲ
1303 2201 1385 2253 ὅτι
1415 2200 1447 2269 ἡ
1476 2199 1571 2253 τοῦ
1596 2198 1752 2252 Θεοῦ.

183 2290 373 2343 Λοιπὸν
402 2290 596 2344 οὐκέτι
630 2291 777 2345 ἐστὶν
818 2291 1114 2363 ίσόχρονος,
1171 2292 1204 2362 ἦ
1241 2290 1561 2361 ίσοδύναμος
1595 2291 1623 2342 6
1657 2293 1753 2361 ἠτ-

192 2382 437 2453 τώμενος.
476 2385 543 2438 Οἱ
593 2383 842 2453 λέγοντες
872 2384 1235 2439 ὲνυπόστατον
1267 2384 1329 2438 τὸ
1360 2384 1551 2449 κακὸν,
1604 2384 1756 2437 οὐδὲν

196 2475 347 2528 ἴσασι.
376 2475 504 2546 Θεῷ
532 2477 644 2548 γὰρ
673 2476 823 2531 οὐδέν
852 2478 969 2530 ἐστι
992 2477 1160 2531 κακὸν
1187 2478 1570 2544 ὲνυπόστατον,
1610 2476 1755 2530 κατὰ

189 2566 241 2617 τὸ
264 2569 475 2633 ἀπαθὲς
505 2568 669 2622 αὑτοῦ
704 2570 798 2623 καὶ⁵
822 2569 1000 2623 θεῖκόν
1025 2586 1039 2600 ·
1065 2571 1197 2641 ἡμῖν
1227 2569 1283 2623 δέ
1311 2572 1458 2623 ἐστιν
1496 2567 1755 2639 ἐνεργοῦν

182 2663 235 2713 ἐν
270 2662 423 2735 πάσῃ
446 2662 677 2732 δυνάμει
699 2663 795 2716 καὶ
821 2662 1093 2733 αἰσθήσει,
1124 2664 1304 2726 πάσας
1332 2660 1629 2732 ἐπιθυμίας
1662 2663 1754 2730 ρυ-

183 2755 353 2826 παρὰς
378 2756 708 2822 ῦποϐἀλλον,
743 2756 804 2810 οὐ
838 2756 1145 2830 συνεκράθη
1177 2756 1235 2809 δὲ
1262 2756 1451 2820 οὕτως,
1480 2755 1539 2808 ὃν
1554 2755 1754 2825 τρόπον

179 2847 313 2910 τινὲς
350 2846 578 2915 λέγουσι
604 2848 705 2919 τὴν
745 2847 892 2918 μίξιν
924 2849 1016 2903 τοῦ
1074 2849 1214 2902 οῐνου
1250 2850 1343 2902 καὶ
1393 2848 1487 2901 τοῦ
1540 2847 1749 2911 ὓδατος·

170 2940 283 2992 ἀλλ’
314 2940 392 3003 ὠς
426 2940 575 2994 ἔστιν
598 2942 655 2994 ὲν
686 2943 787 3011 μιᾷ
818 2940 975 3013 χώρᾳ.
1018 2944 1047 2996 ὁ
1080 2944 1226 3005 σῖτος
1254 2941 1377 2995 καθ’
1405 2940 1597 2993 ἑαυτὸν
1616 2978 1631 3003 ,
1660 2940 1753 2992 καὶ

168 3033 235 3086 τά
266 3033 491 3097 ζιζάνια
520 3033 643 3087 καθ’
673 3035 845 3088 ἑαυτά
865 3049 881 3064 ⁶
913 3036 986 3099 ώς
1021 3034 1169 3088 ἐστιν
1220 3036 1277 3088 ὲν
1310 3036 1443 3104 οἴκῳ
1474 3034 1502 3086 6
1551 3034 1753 3105 λῃστὴς

173 3125 291 3179 κατ’
318 3124 479 3189 ἰδίαν,
504 3125 597 3177 καὶ
629 3126 656 3177 6
684 3126 1068 3197 οἰκοδεσπότης
1093 3126 1215 3179 κατ’
1248 3126 1405 3183 ίδίαν.

1852 1925 2027 1997 jiciat.
2056 1926 2178 1980 Non
2206 1925 2407 1981 desunt
2427 1926 2575 1980 enim
2597 1925 2822 1994 quidam
2843 1924 3110 1990 haeretici,
3130 1924 3224 1995 qui
3246 1924 3434 1979 dicant

1858 2015 2144 2069 materiam
2181 2014 2340 2069 initio
2363 2030 2573 2081 carere,
2608 2028 2665 2071 et
2692 2017 2977 2071 materiam
3020 2030 3140 2072 esse
3166 2015 3431 2075 radicem,

1857 2116 1913 2161 et
1940 2107 2178 2162 radicem
2215 2123 2339 2163 esse
2362 2109 2646 2171 virtutem,
2675 2120 2731 2164 et
2753 2109 2978 2179 quidem
3014 2116 3288 2179 potestate
3320 2108 3434 2162 Deo

1857 2215 2068 2269 parem.
2116 2198 2219 2256 Cui
2280 2201 2570 2257 commode
2628 2215 2692 2256 ac
2741 2202 2878 2256 scite
2930 2202 3173 2273 objicere
3230 2201 3433 2271 possis,

1856 2308 2107 2362 quaenam
2142 2307 2273 2364 ergo
2295 2292 2517 2349 demum
2545 2302 2629 2349 est
2656 2294 2833 2348 virtus
2850 2294 3086 2364 palmam
3107 2291 3434 2363 reportans?

1856 2379 2085 2450 Oportet
2125 2390 2310 2436 autem
2332 2382 2504 2437 dubio
2546 2383 2737 2453 procul
2764 2392 3091 2453 potestatem
3139 2382 3237 2437 Dei
3276 2397 3427 2449 esse;

1855 2482 2193 2544 quapropter
2220 2486 2467 2546 tempore
2486 2488 2581 2531 aut
2603 2485 2875 2547 potestate
2903 2492 3003 2547 par
3032 2490 3151 2532 esse
3187 2490 3299 2529 non
3328 2490 3431 2545 po-

1856 2575 1984 2631 test,
2040 2566 2135 2636 qui
2176 2567 2355 2623 victus
2391 2569 2720 2623 succumbit.
2778 2568 2882 2635 Qui
2936 2584 3069 2623 vero
3134 2566 3431 2632 atIirmant,

1854 2660 2059 2713 malum
2089 2659 2499 2717 subsistentiam
2553 2661 2610 2717 in
2660 2661 2845 2731 aliquo
2902 2660 3130 2726 habere,
3180 2659 3430 2715 omnium

1854 2768 2041 2807 rerum
2097 2753 2265 2809 rudes
2321 2763 2491 2809 sunt:
2552 2755 2609 2809 in
2656 2755 2769 2810 Deo
2797 2755 2947 2810 enim
2974 2755 3189 2810 nullum
3220 2754 3428 2809 malum

1853 2845 2126 2911 subsistit,
2159 2862 2287 2901 cum
2318 2848 2433 2917 ipse
2464 2848 2815 2918 passiouibus
2860 2864 2972 2903 non
3033 2850 3107 2903 sit
3155 2848 3431 2903 obnoxius

1854 2945 1909 2991 et
1945 2936 2205 2992 deitatem
2248 2939 2565 3007 possideat:
2617 2942 2671 2995 in
2717 2941 2879 2996 nobis
2927 2949 3116 2995 autem
3168 2949 3430 3011 operatur

1853 3046 1979 3086 cum
2000 3031 2147 3087 omni
2186 3040 2464 3101 potestate
2503 3044 2560 3088 et
2598 3046 2784 3101 sensu,
2834 3035 3102 3090 obscenas
3131 3034 3312 3089 omnis
3340 3049 3433 3104 ge-

1852 3124 2002 3179 neris
2036 3124 2369 3194 cupiditates
2400 3140 2739 3196 suggerens:
2764 3142 2875 3181 non
2921 3137 3103 3182 tamen
3132 3143 3199 3182 eo
3228 3126 3393 3181 modo
3412 3166 3428 3191 ,

172 3233 281 3285 quo
344 3217 542 3270 vinum
590 3231 732 3286 aqua
775 3217 911 3272 dilui
965 3218 1208 3282 tradunt,
1284 3216 1608 3287 permistum
1649 3224 1772 3270 est:
1813 3231 2008 3270 verum
2062 3215 2292 3286 perinde
2338 3232 2404 3271 ac
2454 3224 2539 3271 est
2577 3217 2633 3271 in
2682 3234 2792 3272 una
2837 3218 3141 3288 eademque
3206 3218 3431 3288 regione

173 3308 406 3365 seorsim
434 3309 601 3363 situm
622 3308 982 3374 frumentum,
1009 3318 1063 3366 et
1085 3309 1317 3366 seorsim
1343 3309 1471 3363 lolia
1507 3326 1520 3362 :
1552 3307 1783 3377 perinde
1820 3323 1881 3362 ac
1912 3318 1998 3363 est
2027 3308 2081 3363 in
2130 3308 2295 3363 domo
2320 3310 2548 3365 seorsim
2588 3311 2752 3375 latro,
2799 3318 2855 3365 et
2917 3311 3142 3366 seorsim
3172 3309 3433 3364 dominus

176 3404 391 3459 domus.

246 3495 323 3551 B'.
350 3496 506 3549 Ἐστι
534 3495 686 3567 πηγὴ
725 3494 924 3565 ῥέουσα
960 3495 1104 3566 ὕδωρ
1125 3495 1383 3565 καθαρὸν,
1413 3497 1508 3550 καὶ
1534 3496 1749 3549 ὑπόκει-

1924 3494 1991 3548 ll.
2020 3492 2103 3548 Sit
2133 3491 2279 3558 fons,
2304 3492 2398 3563 qui
2427 3509 2625 3563 puram
2658 3508 2855 3563 aquam
2907 3496 3142 3560 emittat,
3191 3511 3257 3549 ac
3301 3494 3431 3550 sub-

180 3607 269 3642 ται
299 3587 581 3659 βόρϐορος,
608 3589 736 3640 ὅταν
765 3586 974 3658 ταράξῃ
1005 3605 1088 3651 τις
1119 3588 1212 3641 τὸν
1243 3587 1526 3658 βόρϐορον,
1571 3589 1666 3657 ὅλη
1712 3588 1746 3655 ἡ

1855 3586 2054 3657 iectum
2086 3584 2287 3639 habeat
2333 3600 2552 3639 caenum
2579 3602 2592 3638 :
2617 3600 2743 3639 cum
2784 3600 2916 3656 ergo
2953 3585 3157 3656 aliquis
3210 3602 3429 3642 caenum

189 3682 332 3749 πηγὴ
356 3678 625 3733 θολοῦται.
654 3678 811 3733 Οῦτω
835 3681 929 3733 καὶ
970 3680 1005 3750 ἡ
1044 3679 1189 3750 ψυχὴ
1223 3680 1350 3733 ὅταν
1410 3680 1750 3750 ταράσσηται

200 3771 291 3823 καὶ
317 3774 557 3843 κιρνᾶται
589 3774 655 3842 τῇ
690 3770 884 3842 κακίᾳο
911 3771 1009 3825 καὶ
1034 3771 1093 3824 ἓν
1120 3789 1173 3825 τι
1196 3771 1405 3839 γίνεται
1450 3773 1477 3824 ὁ
1506 3771 1749 3834 Σατανᾶς

212 3861 339 3931 μετὰ
363 3864 449 3933 τῆς
507 3863 710 3934 ψυχῆς,
771 3864 1059 3934 πνεύματα
1109 3862 1416 3934 ἀμφότερα,
1452 3862 1596 3916 κατὰ
1650 3862 1750 3932 τὴν

214 3955 432 4024 πορνείαν
450 3994 465 4018 ,
497 3954 531 4024 ἢ
556 3955 648 4007 τὸν
677 3953 836 4022 φόνον
864 3968 881 3986 ⁸
902 3954 990 4007 διὰ
1022 3953 1178 4007 τοῦτο
1206 3956 1238 4008 ό
1268 3954 1640 4024 κολλώμενος
1673 3953 1750 4022 τῇ

205 4046 452 4115 πόρνῃὲν
477 4045 652 4116 σῶμά
674 4047 827 4105 ἐστι,
854 4047 1000 4116 Πλὴν
1019 4048 1077 4100 ἐν
1100 4046 1235 4118 ἄλλῃ
1254 4046 1374 4119 ὥρᾳ
1401 4046 1522 4099 καθ’
1544 4048 1748 4116 ἑαυτήν

200 4138 562 4209 ὲστινήψυχὴ
612 4139 996 4205 ἐνυπόστατος,
1031 4139 1479 4209 μεταμελουμένη
1531 4139 1615 4209 ἐφ’
1667 4133 1749 4203 οἷς

202 4234 402 4303 ἔπραξε,
450 4232 544 4285 καὶ
588 4232 784 4295 κλαίει,
837 4233 932 4285 καὶ
981 4231 1216 4303 εὔχεται,
1271 4235 1365 4287 καὶ
1420 4234 1748 4304 μνημονεύει

201 4321 341 4376 Θεοῦ.
382 4323 442 4375 Εἰ
463 4324 569 4392 γὰρ
599 4324 829 4377 πάντοτε
854 4320 922 4395 ἦν
953 4325 987 4394 ἡ
1016 4324 1163 4396 ψυχὴ
1192 4324 1553 4396 βεὸυθισμένη
1587 4328 1665 4389 είς
1687 4326 1748 4380 τὸ

203 4414 373 4476 κακῶν,
397 4413 510 4476 πῶς
533 4414 760 4485 ἠδύνατο
783 4415 955 4469 ταῦτα
978 4416 1259 4486 πράττειν,
1281 4418 1375 4472 τοῦ
1401 4419 1615 4473 Σατανᾶ
1639 4437 1749 4489 μη-

200 4506 371 4559 δέποτε
402 4504 639 4570 θέλοντος
671 4509 749 4571 εἰς
781 4507 1070 4578 μετάνοιαν
1098 4508 1352 4580 ἔρχεσθαι
1380 4512 1505 4573 τοὺς
1532 4513 1627 4565 ἀνθ
1639 4513 1746 4582 ρώ-

202 4617 339 4662 πους,
386 4598 726 4669 ἄσπλαγχνος
774 4600 881 4671 γὰρ
915 4600 1171 4671 ὑπάρχει.
1210 4602 1322 4655 Καὶ
1365 4603 1398 4672 ὴ
1438 4603 1577 4673 γυνὴ
1605 4606 1746 4658 κατὰ

206 4688 521 4742 συντίθεσθαι
576 4689 652 4761 τῷ
701 4692 875 4760 ἀνδρὶ,
913 4690 970 4743 ἒν
1008 4693 1126 4761 μετ’
1158 4692 1347 4759 αὐτοῦ,
1378 4693 1514 4763 ἄλλῃ
1541 4694 1596 4745 δὲ
1625 4692 1745 4765 ὥρᾳ

205 4781 568 4849 κεχωρισμένοι
592 4780 729 4833 εἰσίν
752 4797 766 4811 ο
793 4782 874 4835 ὅτι
909 4779 1169 4844 πολλάκις
1207 4784 1235 4835 6
1264 4777 1344 4844 εἷς
1383 4782 1562 4836 αὐτῶν
1607 4785 1743 4837 ἀπο-

206 4873 422 4942 θνήσκει,
456 4872 548 4926 καὶ
577 4874 605 4926 6
637 4874 821 4946 ἕτερος
849 4874 937 4945 ζῇ.
968 4874 1223 4928 Τοιοῦτόν
1277 4875 1329 4928 τί
1378 4877 1494 4929 ἐστι
1525 4878 1617 4929 καὶ
1648 4878 1742 4931 ἐπὶ

207 4965 267 5031 τῇ
294 4963 522 5033 κοινωνίᾳ
549 4962 642 5016 τοῦ
673 4965 829 5032 ἁγίου
858 4964 1193 5035 Πνεῦμα-ξος,
1246 4965 1304 5017 ἓν
1330 4966 1546 5035 πνεῦμα
1575 4966 1745 5034 γίνον-

210 5071 307 5107 ται.
354 5054 409 5105 '0
449 5056 825 5126 κολλώμενος
878 5056 987 5126 γὰρ
1029 5056 1108 5121 τῷ
1153 5059 1345 5126 Κυρίῳ
1388 5058 1458 5111 ἓν
1510 5057 1745 5127 πνεῦμά

212 5146 340 5200 ἐστι.
361 5145 517 5198 Τοῦτο
545 5147 599 5200 δὲ
641 5148 867 5215 γίνεται,
919 5150 1045 5202 ὅταν
1084 5151 1363 5220 καταποθῇ
1398 5154 1425 5203 ὀ
1460 5150 1742 5220 ἄνθρωπος

214 5237 269 5288 ἐν
292 5237 399 5307 αὐτῇ
427 5241 487 5308 τῇ
525 5239 726 5309 χάριτι.

273 5417 333 5471 Ρ.
360 5418 465 5470 Εἰσὶ
492 5419 548 5472 δέ
571 5438 715 5483 τινες
742 5422 955 5492 ἔχοντες
975 5424 1161 5492 γεῦσιν
1191 5425 1347 5491 Θεοῦ,
1376 5428 1456 5481 ἔτι
1486 5431 1738 5499 ἐνεργού-

1852 3676 2177 3743 turbaverit,
2203 3686 2350 3732 totus
2368 3678 2492 3732 fons
2531 3676 2852 3748 inquinatur
2885 3694 2898 3729 :
2930 3678 3010 3733 sic
3048 3693 3267 3749 quoque
3308 3680 3430 3733 ani-

1850 3788 1959 3835 ma,
1993 3771 2038 3827 si
2070 3771 2239 3826 fuerit
2267 3772 2610 3842 perturbata,
2636 3772 2960 3841 inquinatur
2974 3780 3031 3827 et
3062 3772 3428 3843 permiscetur

1852 3864 2109 3918 malitiae:
2140 3862 2309 3933 ﬁtque
2338 3862 2569 3919 Satanas
2585 3877 2855 3919 consensu
2875 3879 3048 3918 unum
3073 3879 3199 3920 cum
3221 3865 3424 3931 anima,

1850 3965 2149 4026 utrumque
2179 3954 2404 4024 quidem
2434 3955 2681 4026 spiritus,
2704 3955 2773 4011 ad
2800 3964 3078 4026 stuprum,
3102 3966 3196 4012 aut
3220 3957 3435 4013 caadem

1850 4046 2329 4103 committendum.
2358 4047 2693 4114 Quorcirca:
2735 4048 2838 4113 Qui
2867 4050 3099 4104 adhaeret
3141 4053 3424 4118 meretrici,

1853 4159 2018 4196 unum
2043 4158 2229 4213 corpus
2258 4150 2333 4195 est
2362 4142 2429 4195 ⁷⁷.
2458 4142 2663 4197 Verum
2697 4142 2804 4196 alia
2829 4142 2964 4197 hora
2988 4143 3217 4198 seorsim
3242 4144 3424 4198 anima

1849 4235 2120 4302 subsistit,
2177 4241 2345 4305 atque
2377 4234 2701 4304 poenitentia
2746 4250 2939 4290 eorum
2972 4251 3095 4304 quae
3153 4236 3427 4291 commisit

1850 4328 2038 4394 ducta,
2076 4328 2229 4398 luget
2252 4336 2309 4382 et
2331 4337 2607 4397 precatur,
2651 4336 2816 4397 atque
2842 4327 2941 4383 Dei
2970 4328 3317 4384 recordatur.
3366 4329 3424 4384 Si

1846 4424 1995 4479 enim
2022 4423 2203 4477 anima
2234 4436 2451 4491 semper
2476 4422 2725 4477 demersa
2741 4428 2888 4498 esset
2921 4421 2978 4475 in
3005 4421 3291 4486 malitiam,
3316 4438 3427 4492 quo

1846 4524 2009 4586 pacto
2031 4522 2218 4585 posset
2240 4514 2356 4568 haec
2385 4512 2601 4567 facere?
2624 4527 2748 4567 cum
2778 4513 3005 4568 Satanas
3026 4529 3309 4584 nunquam
3332 4529 3427 4568 ve-

1846 4607 1931 4671 lit,
1960 4612 2020 4659 ut
2041 4604 2108 4659 ad
2144 4604 2523 4673 pmnitentiam
2550 4613 2898 4659 revertantur
2920 4604 3172 4659 homines
3196 4621 3212 4671 ;
3245 4604 3426 4658 immi-

1847 4698 2082 4754 sericors
2113 4696 2385 4767 siquidem
2412 4705 2515 4750 cst.
2550 4695 2747 4751 Itidem
2790 4697 3011 4763 mulier,
3045 4696 3266 4766 quando
3295 4711 3421 4750 cum

1846 4792 1966 4845 viro
1986 4789 2166 4846 ftedus
2193 4787 2457 4843 connubii
2493 4788 2615 4852 init,
2652 4796 2736 4843 est
2763 4804 2935 4843 unum
2980 4804 3106 4843 cum
3150 4788 3265 4853 illo,
3315 4787 3421 4842 alia

1850 4900 1984 4940 vero
2012 4885 2150 4940 hora
2180 4882 2438 4954 disiuncti
2488 4894 2637 4947 sunt,
2682 4899 2806 4938 eum
2847 4882 3048 4952 saepius
3076 4896 3223 4937 unus
3256 4895 3324 4934 ex
3352 4880 3421 4935 iis

1846 4980 1956 5034 vita
1982 4977 2333 5047 defungatur,
2352 4976 2492 5030 alter
2538 4990 2671 5028 vero
2712 4984 2990 5045 superstes
3032 4981 3267 5027 maneat.
3299 4972 3421 5027 Non

1845 5071 2004 5125 aliter
2038 5084 2096 5124 se
2128 5084 2218 5123 res
2248 5067 2414 5121 habet
2442 5066 2497 5121 in
2544 5068 2805 5121 societate
2845 5065 3083 5135 Spiritus
3118 5063 3313 5129 sancti,
3361 5064 3420 5118 in

1847 5175 2015 5215 unum
2052 5158 2305 5229 spiritum
2330 5157 2592 5212 evadunt.
2623 5157 2725 5222 Qui
2748 5159 2885 5211 enim
2909 5156 3135 5211 Domino
3160 5156 3414 5219 adliceret,

1842 5268 1977 5305 unus
1997 5252 2211 5319 spiritus
2241 5259 2317 5303 est
2337 5247 2403 5301 ⁷⁸.
2436 5248 2591 5315 Quod
2628 5250 2705 5301 lit.
2739 5264 2864 5301 cum
2898 5247 3062 5302 homo
3088 5246 3418 5302 absorbetur

1843 5360 1870 5395 8
1904 5353 2099 5396 aratra.

1943 5360 2099 5396 raua.

1904 5360 2021 5505 369
2046 5435 2131 5488 ιιι.
2154 5435 2294 5490 Sunt
2313 5435 2583 5500 nonnulli,
2601 5434 2694 5504 qui
2722 5434 2851 5489 licet
2874 5445 3093 5504 gustum
3114 5432 3417 5489 divinitatis

193 5530 335 5588 μενοι
362 5513 456 5565 ὑπὸ
481 5514 575 5566 τοῦ
612 5517 1014 5586 ἀντικειμένου,
1038 5521 1128 5573 καὶ
1155 5519 1484 5587 ξενίζονται,
1515 5523 1735 5595 ἄπειροι

1855 5529 2208 5596 )crceperint,
2233 5528 2417 5584 adhuc
2432 5538 2615 5585 tamen
2640 5529 2707 5585 ab
2727 5528 3044 5583 adversario
3066 5529 3339 5598 agitantur
3360 5535 3417 5581 et

188 5610 351 5671 ὄντες,
379 5606 614 5677 ὃτιμετὰ
646 5609 744 5679 τὴν
795 5610 1083 5682 ἐπίσκεψιν
1132 5614 1227 5668 τοῦ
1271 5615 1406 5668 Θεοῦ
1452 5618 1732 5688 ἐνεργοῦσι

1855 5628 2127 5685 vexantur,
2152 5619 2289 5676 adeo
2316 5632 2375 5678 ut
2403 5621 2812 5694 obstupescant,
2830 5621 2984 5675 velut
3009 5621 3189 5676 adhuc
3215 5619 3413 5690 ignari,

1131 5706 1251 5711 ..-Ἦ
1270 5701 1456 5711 --νη-ντουιμ

270 5783 306 5818 ⁷⁷
333 5784 351 5840 i
375 5782 489 5839 Cor.
519 5800 594 5851 γι,
628 5786 712 5841 17.
794 5786 837 5819 ⁷⁸
864 5787 998 5844 ibid.
