3966 6440
434 359 540 426 615

1674 360 1736 419 S.
1776 359 2095 419 MACARII
2135 359 2455 423 [EGYPTII

3574 367 3689 432 616

430 468 578 543 quod
616 446 741 538 post
788 467 1159 523 visitationem
1207 465 1451 523 divinam
1500 467 1857 540 cogitationes
1895 467 2002 521 vim

2126 473 2354 542 ιογισμοὶ
2388 474 2468 535 είς
2489 472 2557 525 τά
2593 476 2867 547 μυστήρια
2918 476 3013 530 τοῦ
3049 475 3513 549 Χριστιανισμοῦθ
3542 478 3593 531 οί
3625 480 3696 532 ἐν

429 576 587 618 suam
609 569 864 616 exserant
883 560 951 616 ad
970 562 1226 633 mysteria
1239 561 1565 618 Christianae.
1586 559 1884 630 religionis.
1903 559 2005 626 Qui

429 671 563 713 vero
592 656 648 710 in
673 655 740 710 iis
768 656 1296 722 consenuere,nulla
1316 654 1683 711 admiratione
1706 653 2007 709 ducuntur.

430 751 511 804 Ac
530 746 761 818 perinde
791 753 855 801 ut
885 748 1138 818 agricolae
1172 748 1360 818 periti,
1405 764 1481 823 ex,
1504 748 1667 818 longa
1707 753 2010 802 consuetu-

431 840 582 908 dine,
629 840 675 896 si
720 839 956 895 t‘eracior
979 856 1043 896 ac
1076 840 1303 896 uberior
1330 840 1498 896 fuerit
1526 840 1656 896 anni
1684 849 2004 912 tempestas,

428 948 540 989 non
570 934 730 1004 plane
765 934 976 1004 absque
1028 948 1161 989 cura
1201 934 1417 997 vivunt,
1444 932 1544 989 sed
1571 942 1897 1003 exspectant
1928 932 2010 987 fa-

430 1040 575 1081 mem
600 1033 655 1080 ct
687 1025 1025 1095 angustiam:
1049 1040 1154 1081 nec
1174 1024 1479 1091 e‘diverso,
1506 1025 1552 1080 si
1582 1024 1754 1081 fames
1785 1034 1880 1079 aut
1908 1040 2009 1079 an-

433 1117 615 1188 gustia
644 1131 740 1172 eos
763 1117 1059 1187 opprimat,
1097 1131 1251 1187 spem
1278 1131 1501 1171 omnem
1524 1115 1829 1186 deponunt,
1882 1130 2009 1170 cum

429 1206 868 1263 vicissitudinem
916 1206 1123 1276 optime
1181 1207 1456 1277 cognitam
1504 1206 1780 1283 habeant:
1815 1206 2009 1261 eodem

432 1300 597 1356 modo
625 1316 683 1356 se
711 1315 800 1354 res
826 1297 992 1353 habet
1024 1299 1080 1353 in
1110 1298 1527 1369 spiritualibus;
1555 1298 1650 1353 ubi
1676 1298 1823 1352 enim
1844 1298 2012 1353 variis

441 1391 837 1447 tentationibus
865 1405 1127 1460 oppressa
1155 1389 1321 1445 fuerit
1350 1390 1555 1456 anima,
1612 1406 1719 1443 non
1748 1390 2012 1459 obstupe-

434 1485 563 1548 scit,
594 1498 776 1554 neque
803 1497 956 1552 spem
987 1481 1175 1552 abiicit
1202 1499 1216 1547 ;
1253 1482 1382 1551 quia
1414 1481 1571 1537 novit
1603 1497 1661 1536 se
1690 1498 1754 1536 ex
1783 1482 2013 1552 permis-

431 1576 585 1631 sione
616 1573 919 1645 expositam
942 1571 1067 1627 esse
1103 1573 1544 1643 probatiOnibus,
1591 1589 1655 1629 ac
1692 1574 1950 1644 castigari
1981 1588 2012 1627 a

430 1664 667 1720 malitia:
696 1681 801 1720 nec
822 1664 1067 1718 vicissim
1097 1664 1319 1735 quando
1349 1680 1535 1719 rerum
1582 1666 1827 1719 omnium
1854 1665 2013 1735 copia

430 1763 490 1811 et
518 1756 710 1825 requie
744 1754 939 1818 afﬂuit,
964 1754 1101 1809 cura
1138 1763 1318 1820 vacat,
1341 1754 1437 1810 sed
1475 1765 1758 1826 exspectat
1795 1755 2012 1811 vicissi-

434 1846 707 1903 tudinem.
758 1848 938 1917 Atque
966 1849 1044 1903 sol
1107 1863 1230 1902 cum
1264 1846 1338 1902 sit
1376 1862 1577 1917 corpus
1618 1856 1673 1902 et
1708 1848 2011 1917 opificium,

434 1941 755 1995 illuminans
779 1956 999 2011 quoque
1036 1941 1157 1995 loca
1194 1939 1398 2007 fetida,
1450 1955 1606 1994 cceno
1654 1955 1717 1995 ac
1756 1940 2015 1995 sordibus

440 2033 626 2108 plena,
654 2031 794 2086 nihil
820 2032 1037 2087 laeditur
1070 2040 1165 2087 aut
1198 2033 1537 2088 infuscatur:
1587 2042 1795 2103 quanto
1844 2033 2017 2104 magis

441 2141 619 2199 purus
641 2134 699 2179 et
737 2133 961 2180 sanctus
992 2125 1254 2195 Spiritus,
1283 2127 1608 2197 coniunctus
1635 2126 1851 2188 animm,
1895 2112 2033 2196 quae

448 2215 630 2270 adhuc
709 2231 741 2270 a
791 2216 935 2270 malo
979 2215 1258 2286 afﬂigitur,
1331 2216 1469 2270 nihil
1538 2216 1667 2271 inde
1742 2217 2018 2271 contrahit

436 2305 591 2360 vitii?
612 2306 864 2362 Etenim:
896 2306 1009 2360 Lux
1030 2310 1085 2360 in
1115 2308 1339 2362 tenebris
1371 2307 1527 2371 lucet,
1565 2317 1613 2362 et
1642 2309 1866 2363 tenebra:
1899 2325 2016 2362 eam

435 2417 542 2455 non
571 2401 1082 2472 comprehenderunt
1117 2404 1182 2457 '9.

506 2493 594 2549 IV.
632 2490 895 2560 Quamvis
931 2492 1098 2562 igitur
1136 2494 1303 2548 homo
1334 2493 1390 2547 in
1412 2492 1789 2563 profunditate
1824 2494 1915 2555 sit,
1955 2508 2018 2547 ac

437 2584 671 2641 ditescat
693 2580 890 2655 gratia,
919 2585 1284 2640 nihilominus
1320 2586 1477 2641 adest
1508 2587 1561 2641 ei
1585 2587 1708 2640 olus
1731 2586 1799 2640 ad
1828 2586 2019 2641 foven—

438 2674 567 2729 dam
603 2669 891 2728 malitiam.
925 2674 1101 2728 llabet
1140 2690 1270 2729 vero
1292 2685 1662 2745 protectorem
1707 2676 1808 2729 sibi
1843 2676 2022 2745 opitu-

434 2765 663 2821 lantem.
692 2765 871 2831 Quare
906 2765 950 2820 si
973 2766 1096 2835 quis
1124 2766 1513 2822 afflictionibus
1550 2774 1647 2822 aut
1669 2767 2021 2821 all‘ectionum

436 2856 698 2914 ﬂuctibus
724 2858 961 2913 obrutus
991 2858 1178 2925 fuerit,
1213 2876 1367 2930 spem
1404 2876 1518 2916 non
1561 2861 1803 2931 abjicere
1832 2860 2018 2916 debet.

436 2951 607 3022 Magis
639 2951 791 3006 enim
841 2951 953 3005 hoc
992 2952 1156 3006 modo
1206 2961 1492 3021 peccatum
1547 2953 1926 3008 accumulatur
1966 2962 2024 3008 et

438 3042 736 3098 subintrat.
765 3042 823 3097 Si
849 3042 974 3112 quis
1009 3057 1142 3097 vero
1166 3054 1435 3113 perpetuo
1459 3060 1608 3114 spem
1642 3060 1798 3099 suam
1834 3043 1890 3100 in
1913 3045 2024 3100 Deo

438 3134 743 3197 Collocarit,
781 3140 1098 3188 attenuatur
1145 3135 1573 3203 quodammodo,
1605 3146 1663 3192 et
1714 3138 2024 3193 exsiccatur

440 3225 673 3278 malum.
695 3224 853 3291 Quod
880 3224 1047 3294 igitur
1072 3226 1295 3294 quidam
1320 3241 1388 3280 ex
1410 3228 1665 3299 paralysi,
1685 3244 1752 3283 ex
1782 3230 2021 3299 partium

440 3315 810 3386 quarumdam
870 3315 1240 3381 mutilatione,
1303 3333 1367 3371 ex
1418 3318 1581 3384 febri,
1631 3328 1687 3374 et
1720 3335 1786 3374 ex
1816 3321 2023 3378 morbis

439 3408 714 3473 laborent,
757 3408 863 3463 hoc
900 3416 1076 3463 totum
1127 3425 1157 3464 a
1198 3420 1421 3479 peccato
1467 3413 1857 3481 proficiscitur.
1906 3412 2024 3468 Hoc

440 3498 715 3570 siquidem
746 3500 901 3555 radix
920 3511 1005 3557 est
1026 3503 1272 3557 omnium
1290 3503 1594 3558 malorum:
1626 3512 1682 3559 et
1703 3504 2022 3562 aﬂectiones
2068 3526 2071 3527 '

444 3592 1025 3664 concupiscentiarum
1056 3596 1273 3661 animae,
1313 3604 1371 3651 et
1397 3612 1695 3667 pravarum
1736 3599 2023 3670 cogitatio-

440 3699 689 3751 num,.ex
712 3701 780 3741 eo
811 3686 1144 3742 scaturiunt.
1169 3688 1404 3744 Perinde
1422 3705 1486 3745 ac
1518 3690 1563 3745 si
1589 3691 1713 3747 fons
1742 3691 2020 3759 decurrat,

439 3776 534 3830 cui
562 3776 684 3831 loca
701 3776 952 3846 proxime
984 3777 1234 3849 subjecta
1255 3781 1366 3833 sint
1387 3780 1657 3851 uliginosa
1683 3793 1738 3837 et
1759 3782 2019 3838 humida:

443 3867 626 3922 calore
650 3882 781 3921 vero
805 3867 1117 3938 ingruente,
1140 3876 1253 3922 tam
1277 3868 1419 3934 fons,
1444 3884 1607 3939 quam
1626 3871 1744 3925 loca
1774 3871 2024 3940 proxima

442 3959 821 4024 exsiccantur;
877 3961 958 4016 sic
1006 3976 1227 4032 quoque
1288 3962 1464 4017 servis
1531 3964 1626 4018 Dei
1683 3964 1909 4027 accidit,
1966 3965 2024 4018 in

441 4052 646 4121 quibus
675 4052 923 4107 abundat
951 4054 1165 4124 gratia;
1216 4055 1456 4111 exsiccat
1492 4056 1640 4111 enim
1691 4072 1803 4112 non
1845 4058 2024 4112 solum

444 4143 925 4214 concupiscentias
966 4160 996 4198 a
1037 4142 1258 4210 Satana,
1304 4160 1499 4200 verum
1544 4147 1710 4203 etiam
1754 4163 1786 4202 a
1824 4157 2024 4203 natura

446 4242 757 4302 suggestas:
783 4248 851 4288 eo
879 4234 1025 4303 quod
1054 4250 1204 4289 nunc
1228 4234 1331 4289 viri
1359 4235 1455 4293 Dei
1483 4237 1896 4306 praestantiores
1916 4237 2024 4292 sint

447 4323 628 4391 primo
662 4324 800 4378 Ada.

520 4416 587 4469 V.
614 4416 761 4470 Deus
787 4415 1298 4487 incircumscriptus
1325 4424 1411 4472 est
1432 4424 1488 4471 et
1511 4415 2022 4488 incomprehensus,

2109 563 2293 627 αὐτοῖς
2335 564 2393 618 δὲ
2424 567 2768 638 γηράσαντες
2813 570 2873 622 οὐ
2908 568 3224 636 ξενίζονται.
3260 571 3373 624 Καὶ
3402 569 3594 641 ὥσπερ
3633 572 3695 624 οι

2110 656 2361 729 ἔμπειροι
2408 663 2646 730 γεωργοὶ
2709 664 2770 715 ἐκ
2800 662 2899 732 τῆς
2936 663 3139 733 πολλῆς
3188 663 3499 735 συνηθείας,
3549 665 3701 718 ὅταν

2110 749 2339 821 γένηται
2368 752 2617 824 εὐφορία,
2656 754 2718 809 οὐ
2778 755 3000 819 τελείως
3031 746 3325 829 ἀμέριμνοί
3352 759 3506 825 είσιν,
3565 756 3705 812 ἀλλ’

2109 842 2425 914 ἐκδέχονται
2447 846 2539 897 καὶ
2559 846 2716 916 λιμὸν
2742 846 2836 900 καὶ
2864 848 3223 919 στενοχωρίαν
3245 867 3258 880 ’
3278 849 3402 903 οὕτε
3417 851 3471 904 δέ
3495 850 3709 915 πάλιν,

2109 936 2237 989 ὅταν
2267 935 2549 1007 καταλάϐῃ
2573 938 2768 1002 αὐτοὺς
2796 939 2974 1010 λιμὸς,
3007 943 3041 1012 ἢ
3064 943 3417 1013 στενοχωρία,
3449 943 3712 996 ἐπιπολὺ

2110 1016 2503 1091 ἀπελπίζουσι,
2534 1030 2918 1102 ’γνωρίζοντες
2984 1033 3084 1104 τὴν
3143 1033 3473 1105 μεταϐολήν·
3512 1034 3720 1096 οὕτως

2112 1122 2205 1178 καὶ
2239 1125 2317 1187 είς
2351 1122 2413 1177 τὸ
2440 1125 2833 1198 πνευματικὸν.
2864 1127 2994 1181 ὅταν
3047 1130 3373 1197 πειρασμοῖς
3423 1128 3720 1189 ποικίλοις

2111 1220 2390 1291 περιπέσῃ
2448 1224 2482 1291 ἡ
2514 1220 2681 1292 ψυχὴ,
2731 1221 2794 1274 οὐ
2857 1217 3144 1285 ξενίζεται,
3186 1217 3309 1272 οὔτε
3377 1218 3717 1283 ἀπελπίζει,

2111 1312 2302 1384 ἐπειδὴ
2345 1310 2505 1379 οἶδεν,
2537 1316 2619 1368 ὃτι
2648 1314 2789 1381 κατὰ
2818 1312 3164 1384 συγχώρησιν
3193 1313 3413 1381 ἀφίεται
3454 1313 3715 1382 δοκιμα-

2115 1404 2331 1475 σθῆναι,
2370 1406 2466 1459 καὶ
2510 1406 2867 1476 παιδευθῆναι
2899 1406 3005 1458 ὑπὸ
3052 1406 3154 1475 τῆς
3207 1403 3427 1466 κακίας.
3461 1401 3598 1456 Οῦτε
3640 1403 3721 1455 δὲ

2113 1499 2299 1565 πάλιν,
2360 1500 2448 1552 ὅτε
2494 1501 2553 1552 ἐν
2608 1499 2826 1569 πλούτῳ
2864 1498 3045 1568 πολλῷ
3080 1499 3198 1551 ἐστι
3238 1500 3332 1550 καὶ
3383 1495 3719 1549 ἀναπαύσει

2114 1594 2431 1663 ἀμεριμνεῖ,
2475 1591 2589 1644 ἀλλ’
2619 1592 2902 1662 ἐκδέχεται
2963 1591 3060 1661 τὴν
3128 1588 3455 1661 μεταϐολήν.
3502 1588 3614 1641 Kal
3680 1590 3720 1640 ὁ

2112 1686 2265 1756 ἥλιος
2303 1687 2483 1757 σῶμα.
2507 1685 2600 1740 καὶ
2637 1684 3031 1757 δημιούργημα
3079 1683 3177 1748 ὢν,
3211 1682 3585 1753 καταλάμπων
3638 1681 3721 1735 δὲ

2118 1780 2199 1841 εἰς
2223 1778 2421 1842 τόπους
2446 1778 2721 1842 δυσώδεις,
2746 1760 2875 1833 ἔνθα
2901 1779 3018 1830 ἐστὶ
3043 1777 3302 1847 βόρϐορος
3324 1775 3420 1829 καὶ
3447 1773 3718 1844 ἀκαθαρ-

2119 1870 2255 1936 σίαι,
2288 1870 2439 1924 οὐδὲν
2461 1870 2817 1942 βλάπτεταιῆ
2852 1870 3172 1940 μολύνεται·
3216 1869 3366 1938 πόσῳ
3400 1867 3597 1938 μᾶλλον
3634 1866 3719 1920 τὺ

2117 1962 2358 2035 καθαρὸν
2391 1963 2487 2016 καὶ
2520 1964 2672 2032 ἅγιον
2703 1962 2929 2034 Πνεῦμα
2962 1962 3118 2015 συνὸν
3140 1964 3207 2033 τῇ
3237 1960 3383 2030 ψυχῇ
3424 1958 3501 2012 ἔτι
3534 1959 3721 2030 ἐνερ-

2118 2042 2358 2127 γουμένη
2394 2056 2500 2110 ὑπὸ
2554 2055 2648 2108 τοῦ
2694 2055 2957 2128 πονηροῦ,
2998 2054 3149 2108 οὐδὲν
3175 2050 3733 2127 συμπεριλαμϐάνει,

2120 2128 2214 2197 ἀπ’
2244 2134 2421 2200 αὐτῶν
2445 2164 2459 2211 ;
2483 2148 2576 2200 καὶ
2600 2146 2708 2217 γὰρ
2741 2144 2817 2200 Τὸ
2848 2144 2973 2214 φῶς
3022 2145 3092 2198 ἐν
3118 2144 3195 2215 τῇ
3228 2146 3441 2214 σκοτίᾳ
3468 2146 3737 2215 aufras,

2122 2221 2219 2307 καὶ
2246 2239 2283 2305 ἠ
2312 2240 2524 2293 σκοτία
2551 2239 2696 2293 αὺτό
2736 2240 2809 2292 οὐ
2857 2238 3166 2293 κατέλαϐε.

2192 2501 2263 2553 Δ’.
2299 2499 2409 2552 Kal
2440 2498 2528 2551 ὅτε
2554 2494 2646 2552 οὖν
2676 2500 2735 2552 ἐν
2758 2497 2914 2567 βάθει
2934 2499 3075 2561 ἐστὶ,
3110 2498 3205 2552 καὶ
3234 2499 3457 2552 πλουτεῖ
3499 2500 3565 2568 τῇ
3597 2498 3717 2568 χὰ-

2125 2609 2231 2663 ριτι
2263 2593 2291 2645 ὁ
2332 2590 2639 2661 ἄνθρωπος,
2680 2588 2813 2643 ἐστι
2841 2590 3072 2660 λάχανον
3104 2589 3183 2643 ἔτι
3231 2591 3362 2663 παρ’
3403 2588 3548 2659 αὒτῷ
3596 2590 3718 2656 τῆς

2122 2664 2322 2744 κακίας
2350 2697 2363 2710 ·
2422 2680 2534 2752 ἔχει
2589 2681 2701 2747 τὸν,
2738 2672 3110 2751 ἀντιληπτορα
3165 2672 3464 2751 βοηθοῦντα
3524 2676 3711 2750 αὐτῷ.

2124 2773 2294 2827 Ὅταν
2324 2770 2417 2826 οῦν
2445 2790 2531 2836 τις
2564 2774 2623 2826 ἐν
2649 2772 2893 2842 θλίψεσιν
2992 2773 3089 2826 καὶ¹
3131 2772 3321 2826 παθῶν
3359 2772 3712 2842 τρικυμίαις,

2122 2862 2223 2915 οὐκ
2258 2863 2464 2932 ὀφείλει
2488 2862 2791 2916 ἀπελπίσαι
2819 2879 2831 2891 ·
2852 2863 2956 2937 ἐπὶ
2987 2864 3171 2935 πλεῖον
3195 2862 3305 2933 γὰρ
3336 2861 3478 2916 οὕτω
3521 2860 3719 2933 nexa;

2124 2968 2272 3008 νεται
2293 2955 2326 3025 ἡ
2351 2954 2595 3026 ἁμαρτία
2622 2955 2718 3008 καὶ
2745 2952 3147 3025 ἐπεισέρχεται.
3178 2955 3348 3031 Ὅταν
3399 2953 3455 3006 δέ
3486 2952 3586 3026 ἔχῃ
3616 2958 3714 3018 τις

2126 3034 2357 3099 πάντοτε
2382 3046 2480 3116 τὴν
2511 3045 2704 3099 ἐλπίδα
2732 3046 2825 3099 τοῦ
2850 3044 3015 3112 Θεοῦ,
3042 3046 3232 3117 ὥσπερ
3264 3045 3583 3100 λεπτύνεται
3606 3047 3710 3100 καὶ

2126 3138 2478 3211 ἐξυδαροῦται
2503 3137 2563 3190 τὸ
2588 3137 2779 3191 κακόν.
2815 3137 2889 3191 Τὸ
2925 3134 3017 3192 οὖν
3048 3132 3187 3191 εἷναί
3218 3136 3372 3201 τινας
3391 3137 3710 3209 παραλελυ-

2131 3232 2345 3300 μένους,
2394 3230 2427 3300 ῆ
2483 3218 2917 3299 λελωϐημένους,
2973 3231 3355 3300 πυρέσσοντας
3391 3229 3486 3284 καὶ
3524 3230 3709 3284 ’ἀσθε-

2126 3322 2369 3387 νοῦντας,
2398 3321 2556 3375 τοῦτο
2595 3324 2659 3374 ἐκ
2689 3323 2788 3387 τῆς
2821 3320 3095 3393 ἁμαρτίας
3140 3322 3523 3393 προσεγένετο.
3550 3320 3708 3393 Αὕτη

2127 3413 2237 3484 γὰρ
2265 3412 2392 3483 ῥίζα
2428 3411 2547 3465 ἐστὶ
2568 3400 2801 3465 πάντων
2831 3412 2943 3465 τῶν
2983 3413 3193 3479 κακῶν,
3244 3415 3337 3467 καὶ
3370 3415 3439 3468 τὰ
3467 3414 3616 3486 πάθη
3644 3414 3711 3470 δὲ

2127 3504 2235 3558 τῶν
2270 3502 2573 3573 ἐπιθυμιῶν
2603 3502 2702 3572 τῆς
2756 3502 2954 3575 ψυχῆς,
2999 3504 3095 3558 καὶ
3139 3504 3249 3559 τῶν
3297 3505 3485 3560 κακῶν
3522 3507 3714 3561 διαλο-

2127 3592 2342 3669 γισμῶν
2364 3596 2423 3664 ἐξ
2457 3596 2628 3668 αὐτῆς
2655 3597 2814 3652 εἰσιν.
2860 3598 3075 3666 Ὥσπερ
3106 3598 3202 3653 ἐὰν
3234 3595 3442 3672 ᾗπηγὴ
3482 3586 3710 3672 ῥέουσα,

2129 3693 2223 3745 καὶ
2254 3691 2355 3763 ἔχῃ
2406 3692 2532 3753 τοὺς
2580 3686 3030 3761 παρακειμένους
3080 3692 3280 3756 τόπους
3326 3693 3582 3764 διῢγρους
3615 3694 3712 3748 καὶ

2129 3784 2419 3856 νοτερούς’
2455 3783 2666 3857 θέρμης
2714 3784 2772 3839 δέ
2809 3784 3132 3853 γενομένης,
3177 3786 3273 3839 καὶ
3317 3785 3455 3856 αὑτὴ
3512 3787 3610 3840 καὶ
3658 3785 3710 3840 οἱ

2129 3877 2355 3946 ἔγγιστα
2390 3878 2545 3931 τόποι
2581 3877 2926 3950 ξηραίνονται
2948 3893 2961 3907 ·
2992 3876 3170 3941 οὓτως
3201 3880 3299 3932 καὶ
3320 3879 3399 3938 είς
3426 3878 3552 3942 τοὺς
3586 3878 3712 3932 δού-

2129 3968 2256 4032 λους
2288 3967 2384 4022 τοῦ
2410 3968 2568 4035 Θεοῦ,
2597 3971 2677 4031 είς
2709 3970 2804 4033 οὓς
2856 3964 3145 4034 πλεονάζει
3174 3972 3207 4042 ἡ
3234 3971 3413 4041 χάρις,
3459 3970 3705 4043 ξηραίνει

2128 4058 2227 4128 τὴν
2261 4058 2355 4111 τοῦ
2383 4058 2625 4128 πονηροῦ
2652 4058 2971 4130 ἐπιθυμίαν,
2999 4059 3204 4131 ὁμοίως
3234 4061 3293 4114 δὲ
3333 4062 3430 4116 καὶ
3462 4062 3553 4132 τήν
3591 4078 3696 4128 φυ-

2132 4147 2312 4217 σικὴν,
2361 4147 2554 4215 ἐπειδὴ
2607 4147 2702 4202 νῦν
2731 4151 2779 4202 οἱ
2812 4148 2905 4202 τοῦ
2955 4148 3091 4203 Θεοῦ
3126 4150 3404 4223 ἄνθρωποι
3440 4150 3697 4223 μείζονες

2133 4239 2414 4306 γίγνονται
2445 4239 2540 4293 τοῦ
2566 4238 2781 4311 πρώτου
2826 4241 3019 4311 Ἀδάμ.
3178 4248 3181 4251 ’

2203 4418 2281 4475 E'.
2322 4420 2385 4473 '0
2416 4420 2550 4484 Θεὸς
2575 4420 2992 4492 ἀπερίγραπτός
3022 4421 3141 4475 ἐστι
3174 4426 3269 4477 καὶ
3297 4424 3709 4496 ἁκατάληπτος,

448 4506 657 4576 ubique
679 4522 968 4577 apparens,
1000 4518 1057 4563 et
1094 4508 1152 4562 in
1195 4508 1499 4572 montibus,
1550 4514 1608 4563 et
1652 4508 1709 4561 in
1751 4507 1913 4571 mari,
1968 4516 2021 4563 et

2131 4512 2405 4583 πανταχοῦ
2445 4512 2885 4582 ἐπιφαινόμενος,
2911 4514 3006 4568 καὶ
3028 4515 3086 4567 ἐν
3115 4517 3228 4579 τοῖς
3258 4516 3410 4587 ὄρεσι
3441 4518 3533 4571 καὶ
3558 4519 3618 4573 ἐν
3636 4522 3711 4592 τῇ

448 4602 640 4657 subter
658 4601 915 4672 abyssum
940 4617 955 4668 ;
980 4609 1035 4656 et
1050 4601 1105 4655 id
1126 4600 1351 4671 quidem
1372 4616 1485 4655 non
1502 4599 1719 4677 ratione
1738 4599 2026 4667 transitus,

448 4694 592 4751 sicut
624 4694 801 4766 angeli
822 4694 1163 4751 descendunt
1193 4709 1224 4749 e
1253 4695 1394 4749 caelo
1416 4694 1474 4749 in
1509 4700 1732 4750 terram.
1764 4693 1862 4749 Est
1880 4692 2029 4747 enim

449 4785 511 4839 iu
538 4786 702 4851 coelo,
732 4792 816 4840 est
848 4800 1067 4856 quoque
1096 4783 1210 4839 hic.
1245 4783 1449 4840 Verum
1478 4784 1707 4857 objicies
1723 4784 1882 4851 mihi,
1917 4799 2029 4854 quo

448 4886 612 4951 pacto
640 4886 826 4949 potest
851 4878 1001 4933 Deus
1028 4893 1150 4933 esse
1179 4877 1234 4933 in
1264 4877 1535 4949 gehenna,
1583 4886 1679 4931 aut
1706 4892 1818 4947 quo
1868 4883 2030 4947 pacto

449 4978 632 5041 potest
649 4971 707 5025 in
728 4971 977 5026 tenebris
1002 4985 1144 5037 esse,
1179 4982 1274 5025 aut
1306 4970 1362 5024 in
1409 4969 1631 5038 Satana,
1669 4979 1764 5025 aut
1804 4971 1860 5024 in
1894 4970 2032 5026 locis

451 5062 822 5133 graveolentia
880 5063 1098 5119 fetidis?
1146 5061 1472 5132 Respondeo
1532 5062 1653 5127 tibi,
1705 5062 1818 5133 pati
1850 5063 2030 5132 ipsum

450 5167 563 5208 non
580 5168 763 5224 posse,
779 5163 945 5224 atque
970 5156 1153 5211 omnia
1179 5154 1465 5209 continere
1487 5171 1501 5208 :
1521 5154 2032 5224 incircumscriptus

452 5244 600 5298 enim
629 5254 750 5311 est;
788 5245 1021 5301 Satanas
1048 5264 1199 5311 vero,
1229 5247 1322 5317 qui
1361 5255 1445 5302 est
1489 5247 1608 5318 ejus
1652 5253 1927 5312 creatura,
1966 5244 2034 5299 li-

455 5346 636 5407 gatur.
671 5337 883 5392 Bonum
915 5348 1097 5394 autem
1126 5340 1306 5410 ipsum
1336 5354 1439 5395 nec
1476 5339 1733 5396 sordibus
1778 5338 2034 5410 inquina-

456 5436 565 5494 tur,
597 5444 703 5484 nec
759 5428 1009 5484 tenebris
1038 5429 1365 5487 offunditur.
1412 5430 1569 5497 Quod
1621 5431 1667 5487 si
1699 5447 1868 5503 neges
1906 5446 2034 5487 eum

456 5522 639 5576 omnia
659 5522 966 5586 continere,
997 5530 1055 5575 et
1083 5522 1408 5593 gehennam,
1431 5530 1488 5580 et
1528 5522 1808 5588 Satanam,
1850 5522 2035 5592 ipsum

455 5607 588 5666 facis
628 5612 1127 5684 circumscriptum,
1174 5614 1357 5687 quoad
1399 5630 1527 5672 eum
1588 5616 1772 5673 locum
1822 5614 1879 5669 in
1924 5628 2035 5685 quo

524 5796 571 5831 "
601 5799 759 5860 Joan.
787 5800 939 5865 1,15.

2134 4602 2403 4674 θαλάσσῃ,
2433 4602 2529 4656 καὶ
2558 4602 2818 4658 ὑποκάτω
2843 4604 2941 4673 τῆς
2971 4603 3213 4658 ἀϐύσσου
3241 4622 3255 4636 ⁸
3286 4606 3382 4660 καὶ
3407 4608 3530 4679 οὐχὶ
3565 4611 3714 4665 κατὰ

2137 4694 2459 4766 μετάϐασιν,
2519 4695 2579 4749 ὃν
2631 4695 2835 4766 τρόπον
2888 4697 3193 4767 οίτᾶγγελοι
3226 4701 3619 4771 κατερχόμενοι
3653 4703 3714 4768 ἐξ

2134 4787 2365 4857 οὐρανοῦ
2392 4787 2487 4840 ἐπὶ
2510 4787 2609 4858 τὴν
2630 4788 2757 4858 γῆν.
2783 4787 2943 4842 Ἔστι
2964 4788 3075 4860 γὰρ
3097 4791 3156 4844 ἐν
3175 4790 3414 4863 οὐρανῷ,
3439 4794 3536 4846 καὶ
3561 4792 3713 4847 ἐστιν

2136 4875 2255 4938 ὧδε.
2296 4882 2436 4935 Ἀλλ’
2457 4884 2601 4953 ἐρεῖς
2628 4900 2719 4953 μοι
2743 4882 2860 4947 πῶς
2881 4882 3103 4937 δύναται
3125 4885 3153 4937 ό
3180 4884 3308 4950 Θεὸς
3335 4887 3395 4939 ἐν
3420 4890 3485 4957 τῇ
3514 4888 3716 4961 γεέννῃ

2134 4969 2293 5033 εἶναι,
2321 4970 2355 5041 ἢ
2393 4970 2511 5034 πῶς
2542 4971 2766 5025 δύναται
2813 4973 2871 5025 ἐν
2917 4971 2996 5043 τῷ
3053 4974 3235 5027 σκότει
3269 4968 3435 5040 εἶναι,
3468 4974 3502 5044 ἢ
3533 4978 3593 5029 ὲν
3631 4976 3714 5046 τῷ

2136 5062 2370 5133 Σατανᾷ,
2404 5062 2439 5133 ἢ
2467 5063 2656 5127 τόποις
2681 5064 2817 5117 ὅπου
2846 5065 2964 5118 ἐστὶ
2994 5066 3265 5134 δυσωδίας
3315 5066 3713 5138 Ἀποκρίνομαί

2134 5171 2221 5208 σοι
2250 5153 2433 5225 κάγὼ,
2487 5157 2570 5209 ὅτι
2611 5156 2832 5227 ἀπαθής
2888 5158 3002 5211 ἐστι
3043 5159 3139 5214 καὶ
3196 5160 3374 5213 πάντα
3424 5161 3712 5232 περιέχειο

2134 5247 2547 5317 ἀπερίγραπτος
2568 5248 2678 5320 γάρ
2704 5250 2845 5314 ἐστι,
2879 5250 2974 5304 καὶ
3022 5253 3051 5303 ό
3100 5250 3347 5315 Σατανᾶς
3380 5250 3457 5305 ὣν
3503 5252 3715 5323 κτίσμα

2134 5341 2296 5395 αὐτοῦ
2329 5341 2628 5413 δεσμείται.
2672 5343 2745 5395 Τὸ
2767 5343 2825 5396 δέ
2851 5343 3057 5413 ἀγαθὸν
3109 5344 3231 5399 οὔτε
3261 5345 3547 5415 ρυποῦται,
3585 5346 3714 5400 οὒτε

2136 5434 2464 5499 σκοτίζεται.
2497 5435 2560 5488 Εἰ
2580 5434 2637 5487 δέ
2657 5435 2718 5488 οὐ
2739 5435 2918 5503 λέγεις
2937 5436 3101 5489 αὐτὸν
3125 5437 3402 5509 περιέχειν
3422 5438 3489 5492 τὰ
3508 5438 3710 5503 πάντα,

2136 5525 2230 5579 καὶ
2253 5524 2355 5597 τὴν
2381 5525 2626 5594 γέενναν,
2662 5526 2753 5580 καὶ
2785 5527 2882 5581 τὸν
2913 5528 3179 5592 Σατανᾶν,
3211 5532 3388 5594 ποιεῖς
3413 5530 3575 5583 αὑτὸν
3606 5546 3714 5582 πε-

2142 5615 2441 5687 ρίγραπτον
2488 5618 2567 5680 είς
2599 5619 2804 5672 ἐκεῖνον
2842 5618 2935 5673 τὸν
2968 5620 3157 5689 τόπον,
3182 5622 3242 5678 ἐν
3295 5615 3342 5691 ᾧ
3369 5622 3515 5677 ἐστιν
3548 5622 3577 5676 ό
3610 5637 3712 5674 πο-
