3966 6432
261 408 380 474 617

1468 415 1850 477 nonnum.
1877 394 2154 482 -Ποιι
2188 421 2341 486 XVI.

3418 441 3523 510 618

260 526 459 596 νηρδς,
493 525 583 579 ῖνα
613 525 865 598 ζητῶμεν
895 527 1053 582 ἄλλον
1081 526 1354 599 ἀνώτερον
1377 529 1564 583 αὐτοῦ.
1607 531 1846 601 Ἀνάγκη

1948 529 2163 588 habitat
2192 534 2284 590 ille
2308 545 2680 610 lnequ,am,,ut
2704 539 2835 596 inde
2880 541 3225 614 inquiramus
3255 548 3423 606 alium
3450 569 3521 614 eo

233 604 379 686 ’γὰρ
403 613 495 668 τὸν
523 614 656 668 Θεὸν
695 617 974 688 πανταχοῦ
1025 615 1294 690 ἀνώτερον
1343 617 1506 672 αὐτὸν
1541 614 1686 674 ,εἶναι
1711 637 1727 651 ’
1759 621 1846 675 διὰ

1950 607 2311 692 superiorem,
2340 626 2576 684 Necesse
2611 638 2697 686 est
2727 632 2874 687 enim
2913 634 3086 690 Deum
3108 636 3288 708 ipsum
3315 642 3523 715 ubique

255 705 325 761 δὲ
355 705 418 759 τὸ
443 707 743 778 μυστήριον
776 706 874 778 τῆς
900 707 1155 778 θεότητος
1204 709 1298 762 καὶ
1329 708 1422 762 τὸν
1459 709 1767 782 λεπτότητα
1791 711 1849 766 ὲν

260 795 424 868 αὐτῷ
451 797 843 868 περιεχόμενον
872 799 934 852 τὸ
967 799 1178 864 σκότος,
1210 799 1272 852 οὐ
1297 799 1710 876 καταλαμϐάνει
1746 803 1848 858 αὐ-

259 890 398 945 τόν’
423 888 548 944 οὔτε
593 887 822 943 δύναται
866 889 927 942 τὸ
978 889 1149 945 κακὸν
1188 891 1436 962 μετέχειν
1483 892 1584 964 τῆς
1611 893 1850 965 καθαρό-

263 999 450 1053 τητος,
487 980 523 1052 ἤ
553 983 612 1035 ἐν
642 979 790 1053 αὐτῷ
805 981 940 1035 ἐστι.
974 980 1064 1053 Τῷ
1091 977 1184 1036 οὖν
1200 983 1318 1056 Θεῷ
1339 984 1492 1039 οὐδὲν
1537 985 1706 1040 κακὸν
1765 987 1850 1061 ὲν-

245 1073 597 1140 ὐπόστατον,
628 1073 751 1126 ἐπεὶ
778 1072 930 1129 οὐδὲν
959 1073 1244 1130 ἀδικεῖται.

341 1253 435 1319 ς’.
477 1243 639 1322 Ἦμῖν
661 1250 719 1306 δέ
753 1254 869 1306 ἐστι
892 1253 1060 1307 κακὸν
1091 1244 1183 1308 διὰ
1219 1253 1504 1310 τὸόίκεῖον
1532 1257 1590 1310 ἐν
1610 1260 1678 1329 τῇ
1712 1271 1847 1328 καρ-

247 1342 381 1415 δίᾳ,
413 1344 508 1398 καὶ
534 1347 800 1416 ἐνεργεῖν,
823 1331 1127 1401 ὑποϐάλλον
1147 1347 1444 1418 λογισμοὺς
1465 1350 1733 1420 πονηροὺς
1755 1351 1848 1404 καὶ

268 1437 572 1507 ῥυπαροὺς,
621 1438 715 1490 καὶ
752 1437 829 1509 μὴ
879 1439 1198 1511 συγχωροῦν
1255 1440 1513 1510 καθαρῶς
1543 1443 1849 1513 προσεύχε-

245 1514 420 1588 ἰοιπθαι,
453 1527 569 1581 ἀλλ’
599 1530 1004 1600 αίχμαλωτίζον
1031 1533 1121 1584 τὸν
1144 1531 1270 1586 νοῦν
1297 1534 1377 1595 είς
1403 1533 1494 1586 τὸν
1519 1535 1696 1590 ἀίῶνα
1725 1537 1850 1590 τοῦ·

245 1618 388 1674 ’τον.
425 1607 730 1676 Ἐνδέδυται
768 1622 862 1677 οὖν
888 1623 988 1688 τὰς
1014 1624 1212 1695 ψυχὰς,
1245 1613 1426 1696 ἥψατο
1457 1627 1513 1680 δὲ
1541 1614 1634 1682 καὶ
1668 1629 1849 1691 αὐτῶν

253 1703 380 1764 ’τῶν
407 1711 612 1767 ὀστέων
647 1715 843 1785 μελῶν.
879 1705 1088 1788 Ὠσπερ
1114 1713 1206 1771 οὖν
1239 1720 1387 1772 ἐστιν
1416 1723 1496 1784 είς
1525 1721 1620 1774 τὸν
1644 1722 1785 1794 ἀέρα
1817 1723 1846 1776 ὁ

249 1793 540 1869 Σατανᾶς,
588 1809 683 1861 καὶ
719 1809 748 1862 6
795 1809 930 1873 Θεὸς
966 1801 1160 1881 παρὼν
1203 1811 1322 1866 ἐκεῖ
1363 1797 1515 1867 οὐδὲν
1555 1793 1846 1879 ἀδικεῖται,

247 1890 446 1960 ὀὕτως
473 1899 566 1952 καὶ
598 1889 657 1953 ὲν
699 1903 764 1972 τῇ
815 1893 958 1974 ψυχῇ
1000 1903 1146 1957 ἐστιν
1179 1905 1510 1976 η’ἁμαρτία,
1553 1907 1754 1978 ὁμοίως
1789 1907 1848 1961 δὲ
1878 1889 1922 1947 Β

267 1987 366 2038 καὶ
405 1986 565 2056 χάρις
603 1987 739 2042 Θεοῦ
798 1990 1012 2045 σύνεστι
1065 1993 1228 2062 μηδὲν
1259 1992 1609 2065 ἀδικουμένη.
1636 1997 1848 2069 Ὥσπερ

245 2062 366 2131 ’ἐὰν
465 2079 650 2144 δοῦλος
680 2082 849 2148 ἐγγὺς
887 2083 980 2136 τοῦ
1009 2084 1269 2137 δεσπότου
1307 2062 1494 2154 aii-tofi,
1531 2062 1688 2151 οὗτος
1715 2062 1851 2142 πάν-

247 2180 391 2228 ’τοτε
412 2173 639 2242 ἔγγιστα
669 2176 836 2229 αὐτοῦ
868 2175 943 2229 ὢν
981 2177 1086 2230 ὑπὸ
1141 2163 1305 2246 φόϐον
1333 2180 1468 2243 ἐστὶ,
1506 2180 1674 2252 μηδὲν
1713 2181 1847 2235 ἄνευ

267 2265 436 2320 αὑτοῦ
458 2265 930 2338 διαπραττόμενος
951 2285 965 2298 ·
995 2269 1168 2332 οὕτως
1191 2271 1286 2324 καὶ
1311 2273 1474 2341 ἡμεῖς
1497 2272 1573 2342 τῷ
1601 2273 1847 2345 Δεσπότῃ

250 2358 494 2429 ’Χριστῷ
525 2359 604 2429 τῷ
630 2360 1037 2437 καρὲδιογνώστῃ
1064 2363 1186 2426 τοὺς
1213 2363 1508 2434 λογισμοὺς
1527 2366 1560 2437 ἡ
1571 2366 1686 2434 μῶν
1718 2366 1851 2422 ἀνα-

268 2448 476 2502 τιθέναι
498 2450 594 2503 καὶ
620 2435 890 2522 φανεροῦν
924 2451 1235 2524 ὀφείλομεν,
1258 2455 1352 2508 καὶ
1372 2456 1519 2526 ἔχειν
1658 2456 1849 2512 ἐλπίδα

244 2529 367 2593 ’καὶ
392 2541 492 2611 τὴν
516 2543 844 2612 πεποίθησιν
879 2544 967 2597 ἐπ’
993 2545 1176 2612 αὐτὸν,
1223 2547 1304 2601 ὃτι
1341 2550 1535 2616 Αὐτός
1567 2550 1686 2618 μού
1716 2550 1850 2607 ἐστι

268 2630 439 2695 δόξα,
481 2632 797 2699 καίαύτός
821 2636 941 2703 μού
979 2636 1110 2690 ἐστι
1143 2637 1368 2707 Πατὴρ,
1393 2639 1492 2693 καὶ
1529 2641 1713 2706 αὐτός
1727 2642 1847 2711 μού

247 2713 402 2776 ⁵ἐστι
441 2723 728 2790 πλοῦτος.
779 2711 1018 2778 Πάντοτε
1046 2721 1140 2779 οὖν
1187 2728 1246 2780 ὲν
1282 2731 1346 2799 τῇ
1372 2729 1674 2799 συνειδήσει
1700 2730 1850 2799 ὀφεί-

268 2811 382 2877 λεις
421 2812 565 2884 ἔχειν
590 2815 686 2886 τὴν
711 2814 986 2887 μέριμναν
1029 2818 1126 2871 καὶ
1155 2818 1250 2873 τὸν
1283 2819 1470 2886 φόϐον.
1511 2821 1638 2875 Ἐὰν
1669 2823 1726 2876 δὲ
1757 2825 1850 2876 καί

269 2923 354 2969 τις
385 2905 458 2977 μὴ
492 2905 592 2978 ἔχῃ
621 2907 718 2977 τὴν
749 2907 909 2980 χάριν
959 2909 1055 2964 τοῦ
1110 2910 1246 2965 Θεοῦ
1289 2915 1712 2985 πεφυτευμένην
1753 2918 1850 2971 καὶ

243 2983 632 3067 ’πεπηγμένην
655 2999 711 3051 ὲν
737 2999 933 3072 ἐαυτῷ,
982 3002 1122 3056 ἔστω
1165 3004 1360 3068 νυκτὸς
1393 3006 1486 3058 καὶ
1527 2983 1740 3077 ἡμέρας
1772 3009 1849 3074 ὡς

274 3089 504 3156 φυσικὸν
545 3087 690 3143 εἶναι·
728 3095 1274 3165 προσκεκολλημένον
1303 3100 1369 3168 τῇ
1413 3098 1584 3170 ψυχῇ,
1617 3102 1679 3153 τὸ
1722 3101 1848 3156 καθ’

245 3176 426 3261 ξῶραν
453 3173 675 3249 ὁδηγοῶ
701 3184 864 3237 αὑτὸν
897 3185 991 3238 καὶ
1019 3187 1316 3254 διῦπνίζον,
1354 3191 1448 3244 καὶ
1474 3191 1746 3264 ὑπορθοῦν
1767 3194 1848 3259 είς

240 3257 338 3355 ῗτά
373 3272 553 3340 ἀγαθά
577 3290 590 3302 ·
631 3275 718 3327 ίνα
748 3275 879 3344 γοῦν
918 3279 1016 3349 τὴν
1067 3280 1335 3351 μέριμναν
1366 3281 1486 3355 ἔχῃ,
1516 3257 1610 3337 τὸν
1659 3257 1844 3354 φόϐον,

241 3353 246 3360 ’
270 3363 358 3416 τὸν
397 3365 578 3427 πόνον,
613 3365 687 3430 ὡς
719 3368 948 3437 φυσικὸν
974 3371 1069 3423 καὶ
1097 3371 1364 3444 ἄτρεπτον
1393 3353 1484 3429 τόν
1513 3379 1849 3451 συντριμμὸν

243 3456 372 3526 ’τῆς
398 3458 625 3528 καρδίας
653 3460 882 3515 πάντοτε
914 3465 1288 3535 πεπηγμὲνον.

243 3555 250 3562 ’
339 3549 412 3604 Z'.
451 3549 664 3621 Ὥσπερ
719 3552 775 3604 δὲ
825 3553 1056 3623 μέλισσα
1105 3558 1367 3626 κρυπτῶς
1410 3560 1751 3634 ἐργαζομένη
1788 3565 1849 3618 τὸ

243 3638 462 3710 ’κηρίον
496 3641 556 3692 ἐν
588 3641 664 3711 τῷ
692 3644 947 3714 κοσκίνῳ,
980 3644 1153 3708 οὕτως
1200 3649 1296 3700 καὶ
1339 3650 1372 3718 ὴ
1407 3652 1566 3722 χάρις
1588 3655 1847 3723 κρυπτῶς

246 3731 561 3800 ’ἐργάζεται
597 3735 655 3786 ἐν
694 3738 816 3800 ταῖς
849 3737 1099 3807 καρδίαις
1119 3738 1218 3809 τὴν
1253 3740 1454 3809 ἑαυτῆς
1478 3743 1721 3814 ἀγάπην,
1753 3747 1849 3801 καὶ

282 3824 598 3893 μεταϐάλλει
630 3827 740 3880 ἀπὸ
767 3832 1095 3899 πικρότητος
1112 3831 1193 3894 είς
1217 3831 1555 3904 γλυκύτητα,
1582 3839 1690 3890 ἀπὸ
1713 3855 1848 3909 τρα-

278 3914 504 3985 χύτητος
539 3920 629 3982 ,εἰς
659 3917 930 3988 λειότητα.
988 3921 1200 3991 Ὥσπερ
1237 3923 1295 3976 δὲ
1344 3925 1727 3997 ἀργυροκόπος
1758 3931 1850 3983 καὶ

252 3994 678 4081 ⁵όιναγλυεράριος
705 4011 1030 4082 ἀναγλύφων
1058 4013 1243 4068 δίσκον
1267 4016 1406 4069 κατά
1442 3994 1607 4089 μέρος
1639 4023 1847 4074 σκεπά-

247 4087 356 4164 ’ζει
390 4100 532 4172 ἅπερ
561 4102 756 4171 γλύφει
777 4103 1006 4175 διάφορα
1036 4103 1221 4170 mata,
1243 4108 1380 4161 ἐπὰν
1399 4109 1454 4162 δὲ
1487 4087 1702 4184 τελέσῃ,
1729 4115 1848 4166 τότε

272 4193 500 4261 φανεροῖ
523 4191 683 4244 αὐτὸν
708 4191 1149 4264 ἐξαστράπτοντα
1196 4196 1274 4267 τῷ
1323 4201 1461 4267 φωτί
1485 4217 1496 4228 ·
1525 4201 1701 4267 οὕτως
1755 4207 1850 4259 καὶ

271 4285 301 4337 6
338 4282 543 4352 Κύριος
572 4283 823 4354 ἀληθινὸς
852 4288 1104 4365 τεχνίτης
1139 4289 1438 4360 ἀναγλύφει
1488 4294 1587 4357 τὰς
1621 4297 1850 4365 καρδίας

241 4364 452 4446 ἡμῶν,
476 4377 569 4428 καὶ
617 4377 953 4441 ἀνακαινίζει
991 4363 1048 4432 ὲν
1097 4383 1381 4452 μυστηρίῳ
1403 4424 1418 4448 ,
1457 4383 1563 4448 ἕως
1592 4379 1653 4440 οὗ
1687 4363 1851 4458 έκδη-

274 4469 522 4539 μήσωσιν
567 4471 631 4522 ὲκ
669 4469 764 4522 τοῦ
829 4470 1102 4539 σώματος,
1165 4474 1259 4526 καὶ
1287 4473 1410 4526 τότε
1463 4477 1709 4546 φαίνεται
1750 4481 1850 4549 τῆς

1875 3244 1915 3300 C

1923 780 1928 784 I
1949 716 2293 788 superiorem
2312 734 2454 775 esse.
2469 721 2673 777 Verum
2696 734 2922 795 propter
2942 728 3199 799 mysteria
3220 730 3524 793 divinitatis

1947 816 2005 864 et
2031 809 2394 866 subtilitatem
2424 812 2562 882 ejus,
2591 815 2836 872 tenebra:
2861 833 2981 888 quae
3011 820 3081 877 ab
3101 837 3168 877 eo
3204 825 3521 904 capiuntur,

1920 914 2076 964 _eum
2125 918 2238 958 non
2287 906 2796 976 comprehendunt:
2853 925 2959 965 nec
3009 913 3157 982 quod
3181 916 3385 972 malum
3416 925 3554 985 est,’

1946 993 2222 1065 particeps
2239 1000 2360 1052 εεεε
2386 1005 2568 1068 potest
2585 999 2861 1069 puritatis,
2888 1018 3010 1072 quae
3038 1012 3123 1060 est
3159 1007 3306 1077 apud
3325 1009 3520 1066 Deum.

1946 1083 2009 1140 In
2056 1085 2170 1144 Deo
2210 1103 2340 1159 ergo
2378 1089 2517 1146 nihil
2548 1092 2678 1147 mali
2725 1093 2996 1162 subsistit,
3041 1095 3174 1167 quia
3204 1113 3266 1153 re
3295 1103 3523 1158 omnino

1946 1179 2101 1253 nulla
2123 1180 2247 1236 laedi
2269 1189 2476 1252 potest.

1921 1335 1924 1338 ,
2021 1272 2129 1342 70
2151 1273 2237 1329 Vl.
2265 1274 2325 1329 In
2342 1275 2504 1332 nobis
2520 1292 2649 1333 vero
2671 1279 2842 1336 haeret
2859 1283 3084 1352 malum,
3103 1301 3169 1342 eo
3186 1289 3335 1358 quod
3363 1288 3522 1346 habi-

1926 1369 2031 1419 tet
2058 1364 2113 1420 in
2139 1367 2326 1433 corde,
2361 1377 2419 1424 et
2444 1369 2591 1426 vires
2617 1387 2745 1427 suas
2792 1373 2997 1430 ibidem
3039 1387 3281 1447 exserat,
3325 1396 3520 1454 sugge-

1947 1471 2076 1510 rens
2091 1456 2449 1527 cogitationes
2469 1477 2664 1531 pravas
2698 1473 2754 1518 et
2777 1465 3062 1534 obscenas,
3081 1485 3184 1526 nec
3195 1473 3524 1540 permittens

1925 1601 1928 1604 .
1947 1561 2140 1617 preces
2182 1547 2465 1625 effundere
2496 1567 2686 1621 puras,
2720 1555 2817 1626 sed
2850 1559 3118 1627 captivam
3145 1559 3352 1617 ducens
3372 1578 3524 1618 men-

1923 1645 2060 1703 _tem
2111 1639 2168 1694 in
2190 1685 2192 1687 ,
2215 1640 2324 1696 hoc
2351 1643 2632 1704 saeculum.
2675 1645 2862 1702 Induit
2894 1648 3062 1720 igitur
3085 1652 3322 1719 animas,
3358 1665 3524 1724 atque

1925 1805 1929 1813 1
1948 1729 2129 1801 attigit
2151 1748 2371 1802 quoque
2392 1749 2549 1790 ossea
2574 1738 2841 1794 membra.
2857 1738 3334 1806 Quemadmodum
3356 1747 3524 1818 igitur

1951 1820 2183 1879 Satanas
2205 1833 2290 1879 est
2318 1825 2374 1879 in
2403 1841 2551 1893 aere,
2583 1837 2640 1883 et
2688 1829 2856 1897 Deus,
2902 1833 2998 1901 qui
3045 1843 3247 1903 praesto
3291 1836 3368 1892 ibi
3415 1847 3522 1902 est,

1948 1915 2085 1978 nihil
2110 1917 2329 1972 laeditur
2359 1921 2620 1976 omnino:
2674 1923 2756 1977 sic
2797 1933 3087 1994 peceatum
3114 1937 3200 1984 est
3228 1927 3286 1982 in
3317 1929 3522 1996 anima,

1949 2008 2206 2064 similiter
2237 2026 2456 2082 quoque
2488 2013 2663 2084 gratia
2693 2014 2899 2081 divina,
2937 2033 3041 2074 nec
3068 2026 3253 2075 tamen
3281 2020 3526 2078 laeditur.

1931 2099 2186 2178 'Perinde
2214 2117 2280 2156 ac
2300 2103 2347 2157 si
2370 2103 2442 2157 sit
2462 2118 2657 2159 servus
2686 2105 2840 2176 juxta
2893 2107 3179 2163 dominum
3211 2127 3394 2180 suum,
3430 2116 3527 2184 qui

1948 2205 2075 2246 cum
2101 2201 2389 2263 perpetuo,
2419 2195 2550 2250 dum
2575 2197 2644 2250 ab
2667 2198 2785 2265 ejus
2805 2199 2976 2254 latere
3006 2211 3112 2266 est,
3139 2201 3209 2257 sit
3229 2204 3330 2259 sub
3351 2215 3523 2270 metu,

1947 2283 2086 2338 nihil
2121 2283 2326 2355 absque
2355 2286 2474 2356 ejus
2497 2287 2657 2358 jussu
2693 2290 2974 2360 suscipit;
3029 2293 3109 2348 sic
3156 2309 3379 2364 quoque
3425 2312 3528 2353 nos

1948 2375 2178 2430 Domino
2211 2375 2430 2432 Christo
2474 2379 2728 2450 eor-dium
2776 2381 3113 2451 exploratori
3165 2384 3529 2456 cogitationes

1947 2473 2167 2522 nostras
2188 2482 2461 2537 exponere
2484 2478 2648 2540 atque
2668 2473 2908 2544 aperire,
2927 2490 2991 2529 ac
3011 2491 3164 2546 spem
3188 2486 3245 2532 et
3269 2478 3527 2534 ﬁduciam

1949 2556 2003 2610 in
2037 2571 2103 2612 eo
2141 2559 2461 2615 collocatam
2494 2562 2701 2619 habere
2730 2565 3019 2633 debemus,
3070 2568 3360 2626 dicentes:
3405 2571 3527 2643 Ipse

1949 2664 2023 2702 est
2079 2649 2253 2720 gloria
2306 2669 2444 2716 mea,
2480 2655 2590 2724 ipse
2641 2665 2725 2710 εει
2769 2655 2936 2712 Pater
2982 2676 3148 2725 meus,
3181 2663 3289 2733 ipse
3332 2664 3527 2719 divitia:

1950 2756 2097 2796 mena.
2126 2742 2451 2812 Perpetuam
2489 2745 2656 2814 igitur
2680 2746 2736 2801 in
2767 2749 3110 2806 conscientia
3135 2753 3340 2809 habere
3357 2754 3528 2811 debes

1949 2831 2375 2888 sollicitudinem
2411 2850 2477 2889 ac
2505 2845 2735 2892 metum.
2766 2839 2923 2906 Quod
2953 2842 3000 2897 si
3023 2843 3150 2913 quis
3175 2847 3407 2916 gratiam
3441 2847 3528 2902 di-

1949 2926 2130 2980 vinam
2173 2927 2473 2996 plantatam
2519 2940 2573 2984 et
2631 2931 2854 2988 infixam
2892 2935 2950 2989 in
2986 2953 3106 2993 sese
3153 2956 3266 2995 non
3304 2941 3524 3008 habeat,

1948 3027 2114 3072 noctu
2149 3017 2355 3088 diuque
2384 3029 2562 3087 curet,
2594 3030 2674 3088 ut,
2704 3017 2965 3096 tanquam
2989 3033 3243 3088 naturale
3283 3033 3378 3099 sit,
3427 3035 3526 3089 ad-

1949 3109 2156 3164 hmreat
2201 3111 2398 3167 anima:
2445 3112 2523 3179 id,
2583 3116 2732 3185 quod
2779 3118 2849 3174 ad
2897 3120 3089 3177 horam
3141 3124 3323 3194 ipsum
3352 3111 3541 3192 ducit,‘

1949 3203 2155 3258 excitat
2195 3212 2358 3274 atque
2405 3203 2593 3276 dirigit
2635 3209 2703 3263 ad
2757 3225 2823 3266 ea
2891 3228 3014 3283 quae
3070 3215 3215 3272 bona
3271 3227 3419 3286 sunt,
3466 3229 3529 3274 ut

1949 3294 2142 3349 saltem
2169 3309 2358 3348 curam
2396 3294 2617 3362 habeat,
2648 3311 2855 3356 metum
2881 3320 2946 3359 ae
2967 3305 3234 3384 laborem,
3267 3317 3528 3379 tanquam

1947 3387 2254 3441 naturalem
2277 3395 2334 3442 et
2358 3386 2758 3446 immutabilem
2777 3397 3166 3453 contritionem
3189 3400 3373 3456 cordis
3393 3415 3530 3471 per-

1948 3485 2116 3548 petuo
2141 3479 2380 3534 inﬁxam.

2019 3570 2130 3626 VII.
2167 3572 2639 3638 Quemadmodum
2691 3585 2878 3632 autem
2920 3577 3040 3647 apis
3089 3589 3306 3636 secreto
3338 3583 3524 3639 favum

1949 3661 2103 3732 ﬁngit
2125 3679 2190 3719 ac
2224 3668 2500 3722 construit
2533 3668 2586 3722 in
2619 3668 2811 3736 alveo;
2862 3669 2942 3723 sic
2983 3686 3202 3741 quoque
3228 3673 3403 3744 gratia
3442 3691 3528 3732 se-

1949 3765 2100 3811 creto
2114 3769 2332 3813 exercet
2360 3760 2412 3812 in
2440 3760 2699 3814 cordibus
2733 3759 3082 3818 dileCtionem
3107 3779 3284 3830 suam,
3304 3769 3527 3837 etquod

1949 3862 2194 3900 amarum
2218 3857 2302 3903 est
2338 3858 2513 3903 mutat
2555 3851 2610 3903 in
2640 3850 2822 3916 dulce,
2852 3853 2999 3921 quod
3036 3863 3218 3909 autem
3245 3872 3526 3927 asperum,

1950 3937 2006 3991 in
2032 3938 2085 3992 id
2110 3939 2256 4008 quod
2291 3939 2410 3995 leve
2438 3949 2540 3994 est.
2572 3940 2728 3996 Sicut
2761 3951 2945 3998 autem
2992 3943 3146 4000 faber
3173 3950 3526 4018 argentarius

1950 4037 2004 4084 et
2019 4029 2285 4098 sculptor,
2304 4031 2524 4101 quando
2541 4031 2753 4088 discum
2778 4036 3000 4104 sculpit,
3021 4037 3368 4108 aliquatenus
3392 4056 3527 4110 ope-

1929 4116 2024 4176 rit
2050 4117 2198 4172 varia
2236 4119 2349 4186 illa,
2377 4135 2500 4190 qua:
2551 4121 2750 4191 sculpit
2777 4123 3070 4178 animalia:
3107 4126 3201 4181 ubi
3231 4143 3363 4183 vero
3385 4144 3528 4200 opus

1953 4208 2165 4276 fecerit,
2193 4218 2323 4266 tunc
2346 4211 2556 4282 profert
2586 4213 2742 4268 illum
2762 4212 2819 4268 in
2842 4215 2964 4269 luce
2995 4216 3376 4286 splendentem
3409 4238 3423 4274 :
3448 4221 3530 4276 sic

1951 4318 2172 4372 quoque
2197 4303 2486 4371 Dominus,
2518 4320 2686 4360 verus
2713 4306 2804 4360 ille
2836 4307 3052 4375 artifex,
3108 4311 3313 4381 seulpit
3361 4312 3530 4368 corda

1952 4405 2162 4458 nostra,
2198 4412 2262 4451 ac
2294 4397 2508 4452 occulte
2533 4406 2782 4463 renovat,
2813 4398 2992 4454 donec
3027 4417 3057 4456 e
3089 4417 3322 4472 corpore
3353 4403 3532 4461 disce-

1953 4485 2103 4550 dant,
2131 4493 2295 4556 atque
2322 4497 2437 4540 tum
2469 4487 2767 4557 conspicua
2808 4489 2867 4542 (it
2920 4491 3117 4547 anima:
3151 4494 3530 4563 pulchritudo.

269 4559 453 4630 ψυχῆς
475 4562 535 4613 τὸ
564 4561 778 4626 κάλλος.
815 4564 878 4616 Οἱ
903 4563 1011 4635 γὰρ
1046 4564 1292 4630 θέλοντες
1325 4568 1495 4641 σκεύη
1541 4589 1847 4626 κατασκευ-

1953 4577 2057 4643 Qui
2085 4576 2233 4630 enim
2262 4577 2660 4646 supellectilem
2683 4594 2876 4648 parare
2914 4580 2972 4634 in
2999 4597 3172 4652 eaque
3202 4584 3531 4640 animalcula

273 4652 426 4714 άσαι,
456 4653 547 4705 καὶ
591 4653 854 4722 ὲνυφάναι
893 4653 1095 4721 ζώδια,
1127 4657 1343 4728 πρῶτον
1387 4661 1849 4729 κηροπλαστοῦσι,

273 4747 367 4800 καὶ
396 4745 570 4811 οὕτως
596 4749 848 4819 ἐκχέουσι
886 4751 1010 4803 καθ’
1041 4751 1336 4822 ὁμοιότητα
1362 4753 1596 4821 ἐκείνου,
1623 4755 1764 4810 ὥστε
1794 4759 1854 4811 τὸ

272 4841 435 4911 ἔργον
466 4839 588 4896 κατ’
616 4844 796 4898 ἐκεῖνο
858 4844 1288 4917 ἀποτελεσθῆναι
1323 4847 1384 4900 τὸ
1432 4849 1616 4921 σχῆμα
1637 4866 1650 4880 ⁸
1681 4853 1852 4917 οὕτως

271 4932 371 4985 καὶ
404 4933 704 5004 ἡὰμαρτία
735 4934 953 5006 πνεῦμα
1007 4932 1143 4991 οὖσα
1188 4938 1374 4992 εἰκόνα
1401 4937 1536 5009 ἔχει,
1565 4944 1658 4996 καὶ
1690 4961 1853 5012 μετα-

277 5024 534 5080 ϐάλλεται
564 5028 641 5090 είς
683 5029 899 5098 μορφὰς
927 5029 1146 5093 πολλάς.
1187 5029 1418 5100 Ὁμοίως
1456 5032 1512 5085 δὲ
1550 5035 1640 5086 καὶ
1685 5038 1712 5089 6
1745 5037 1853 5090 ἔσω

277 5115 559 5186 ἅνθρωπος
590 5117 784 5182 ξώδιόν
807 5119 925 5172 ἐστί
954 5137 1025 5186 τι,
1046 5120 1168 5190 ἔχον
1200 5122 1387 5175 εἰκόνα
1421 5125 1517 5176 καὶ
1540 5125 1848 5196 μόρφωσιν.

294 5207 569 5278 Ὀμοίωμα
607 5211 717 5282 γάρ
746 5213 862 5266 ἐστι
887 5211 980 5266 τοῦ
1008 5212 1113 5278 ἔξω
1141 5214 1430 5285 ἀνθρώπου
1460 5217 1488 5269 ό
1531 5216 1660 5272 ἔσω.
1691 5221 1852 5290 Μέγα

278 5292 370 5351 οὖν
401 5295 516 5355 ἐστι
541 5303 603 5356 τὸ
652 5304 846 5367 σκεῦος
874 5308 968 5359 καὶ¹
1005 5305 1206 5376 τίμιον,
1239 5308 1425 5379 ἐπειδὴ
1477 5310 1584 5363 ἀπὸ
1633 5313 1852 5368 πάντων

271 5391 381 5445 τῶν
411 5395 732 5464 κτισμάτων
793 5398 909 5450 ἐκεῖ
965 5397 1255 5470 εὐδόκησεν
1306 5401 1334 5451 6
1367 5399 1592 5469 Κύριος.
1641 5404 1752 5456 Καὶ
1801 5409 1848 5458 oi

273 5483 374 5553 μὲν
405 5485 599 5555 ἀγαθοὶ
619 5487 874 5558 λογισμοὶ
897 5490 996 5559 τῆς
1019 5489 1196 5562 ψυχῆς
1219 5491 1430 5546 ἐοίκασι
1459 5493 1627 5558 λίθοις
1647 5496 1848 5566 τιμίοις

268 5573 367 5628 καὶ¹
409 5579 803 5650 μαργαρίταις,
833 5582 882 5634 oi
934 5581 990 5634 δὲ
1022 5583 1325 5654 ἀκάθαρτοι
1377 5584 1628 5656 λογισμοὶ
1682 5604 1852 5657 μεμε-

270 5668 542 5740 στωμένοι
575 5674 712 5727 εἰσὶν
736 5673 940 5728 ὀστέων
991 5676 1198 5747 νεκρῶν
1250 5676 1346 5731 καὶ
1379 5677 1560 5748 πάσης
1598 5677 1847 5750 ἀκαθαρ-

272 5757 420 5824 σίας,
444 5765 538 5816 καὶ
560 5764 844 5828 δυσωδίας.

346 5853 431 5907 Π⁰.
486 5855 548 5907 Oi
591 5852 683 5912 οὖν
713 5859 1028 5930 Χριστιανοὶ
1084 5861 1242 5917 ἄλλον
1303 5863 1497 5929 αἰῶνός
1531 5865 1688 5934 εἰσιν,
1741 5864 1847 5918 υἱοὶ

1951 4664 2262 4733 exprimere
2283 4664 2497 4730 volunt,
2538 4665 2780 4734 primum
2828 4681 3016 4722 ceram
3060 4668 3322 4739 etIigiant,
3365 4683 3534 4742 atque

1952 4765 2067 4809 tum
2118 4755 2186 4809 ad
2206 4755 2499 4826 imaginem
2520 4757 2671 4811 illam
2704 4758 2962 4824 fundunt,
2984 4769 3044 4813 ut
3071 4777 3211 4832 opus
3225 4762 3530 4817 secundum

1951 4845 2183 4917 efﬁgiem
2219 4846 2368 4901 illam
2402 4847 2716 4902 absolutum
2749 4849 3012 4905 reddatur
3036 4870 3048 4905 :
3072 4868 3185 4906 non
3221 4854 3382 4909 aliter
3402 4869 3532 4924 pec-

1953 4949 2159 5003 catum,
2194 4954 2322 4994 cum
2364 4939 2438 4993 sit
2489 4939 2741 5010 spiritus,
2777 4941 3075 5013 imaginem
3120 4943 3308 5012 habet,
3367 4962 3432 5001 ac
3471 4948 3528 5001 in

1953 5030 2132 5084 varias
2156 5030 2363 5086 formas
2387 5031 2748 5087 convertitur.
2774 5032 3040 5088 Similiter
3057 5033 3289 5089 interior
3307 5052 3529 5108 quoque

1953 5125 2118 5179 homo
2139 5125 2530 5180 animalculum
2587 5125 2863 5194 quoddam
2912 5133 3016 5190 est,
3079 5124 3316 5198 imagine
3340 5131 3530 5184 etfor-

1951 5233 2041 5271 ma
2065 5218 2359 5288 praeditum
2385 5260 2397 5273 .
2450 5217 2726 5287 siquidem
2762 5217 3065 5273 similitudo
3114 5231 3199 5276 est
3240 5221 3533 5278 exterioris

1953 5309 2191 5363 hominis
2213 5307 2468 5363 interior.
2501 5309 2831 5363 Prmclarum
2851 5324 2983 5381 ergo
3006 5325 3070 5366 ac
3101 5311 3406 5380 pretiosum
3434 5328 3532 5367 vas

1952 5409 2056 5465 est,
2085 5400 2216 5469 quia
2237 5416 2347 5470 prae
2363 5401 2621 5455 omnibus
2641 5402 2914 5456 creaturis
2939 5402 2993 5455 in
3026 5417 3093 5456 eo
3123 5403 3358 5457 Domino
3380 5418 3534 5458 com-

1951 5493 2214 5564 placitum
2240 5500 2344 5547 est.
2371 5492 2440 5546 Et
2477 5492 2636 5546 bonae
2667 5492 2888 5562 quidem
2907 5493 3278 5564 cogitationes
3315 5493 3530 5549 assimi-

1951 5587 2137 5641 lantur
2187 5586 2467 5656 lapidibus
2504 5585 2770 5656 pretiosis
2798 5595 2854 5642 et
2903 5587 3246 5657 margaritis;
3297 5587 3532 5656 impura:

1956 5695 2093 5735 vero
2112 5680 2473 5750 cogitationes
2497 5680 2671 5749 plenae
2694 5689 2821 5734 sunt
2845 5680 3048 5734 ossium
3087 5688 3451 5745 mortuorum,
3472 5690 3529 5735 et

1957 5774 2136 5828 omnis
2168 5772 2450 5840 spurcitiei
2475 5789 2538 5826 ae
2567 5771 2780 5828 fetoris.

2026 5863 2160 5921 Vill.
2205 5863 2504 5922 Christiani
2547 5880 2675 5938 ergo
2721 5866 2950 5922 alterius
2999 5876 3125 5922 sunt
3177 5865 3382 5932 saeculi,
3429 5864 3528 5921 ﬁlii
