3966 6440
467 458 575 523 619
1703 450 1762 510 S.
1800 447 2118 507 MACABII
2161 448 2275 507 IEG
2287 448 2479 508 YPTII
3602 438 3715 503 63‘.)

463 573 594 631 Adae
615 571 873 637 caelestis,
906 586 1129 643 germen
1158 583 1383 631 novum,
1419 564 1517 619 ﬁlii
1572 561 1810 633 Spiritus
1834 560 2031 625 sancti,

2149 560 2320 632 Ἀδάμ
2344 560 2435 614 τοῦ
2461 559 2809 630 ἐπουρανίου,
2841 558 3088 629 γέννημα
3110 554 3316 618 καινὸν,
3345 554 3507 608 τέκνα
3530 553 3720 606 Πνευ-

461 665 705 721 illustres
727 664 928 719 fratres
948 661 1174 727 Christi,
1209 658 1416 716 similes
1433 655 1614 713 Patris
1635 653 1743 720 sui,
1760 652 1890 708 Ada:
1914 650 2030 722 spi-

2145 671 2303 725 ματος
2321 654 2497 725 ἁγίου,
2522 653 2740 723 ἀδελφοὶ
2758 652 2990 724 Χριστοῦ
3017 650 3288 721 φωτεινοὶ,
3310 649 3485 719 ὅμοιοι
3508 648 3587 719 τῷ
3604 665 3726 701 πα-

462 758 682 812 ritualis
700 796 715 820 ,
737 765 794 811 et
810 753 1041 810 illustris
1068 752 1217 807 illius
1236 750 1496 813 civitatis,
1543 746 1691 801 illius
1724 744 1942 817 generis
1968 759 2033 800 ac

462 849 609 903 illius
632 847 894 912 virtutis;
928 858 1277 916 nequaquam
1309 848 1437 896 sunt
1466 839 1631 909 hujus
1677 836 1892 900 mundi,
1936 836 2032 891 sed

462 939 689 993 alterius
727 936 919 992 mundi
950 949 1098 991 sunt.
1124 936 1245 1005 Ipse
1279 932 1424 988 enim
1445 930 1555 984 ait:
1578 928 1697 984 Non
1725 928 1845 982 estis
1862 927 1925 980 de
1938 929 2032 980 hoc

461 1028 679 1093 mundo,
697 1028 948 1097 quoniam
973 1041 1066 1079 nec
1082 1041 1171 1094 ego
1186 1040 1303 1077 sum
1321 1022 1383 1075 de
1398 1023 1492 1075 hoc
1514 1020 1710 1073 mundo
1735 1017 1802 1069 '°.
1828 1016 2033 1071 Verum

461 1117 693 1187 perinde
722 1131 787 1171 ac
800 1122 1075 1170 mercator
1095 1129 1161 1169 ex
1178 1113 1339 1183 longa
1357 1107 1802 1182 peregrinatione
1845 1119 2034 1161 rever-

464 1221 578 1271 sus,
618 1212 890 1275 auctaque
911 1218 1010 1259 sua
1042 1201 1413 1274 negotiatione
1448 1198 1519 1253 ad
1561 1212 1692 1253 suos
1740 1196 1931 1262 mittit,
1973 1203 2033 1248 ut

462 1304 787 1354 construant
809 1296 914 1352 sibi
944 1296 1138 1351 domos
1154 1302 1211 1350 et
1231 1294 1442 1359 hortos,
1474 1307 1538 1348 ac
1553 1290 1880 1346 vestimenta
1902 1303 2034 1344 con-

463 1388 983 1444 ﬁciantnecessaria
1009 1404 1024 1441 :
1055 1395 1112 1442 et
1142 1401 1268 1441 cum
1305 1383 1621 1455 pervenerit
1665 1382 1732 1436 ad
1768 1396 1890 1447 sua,
1914 1391 2031 1435 tum

460 1493 687 1548 magnas
709 1478 934 1534 divitias
960 1476 1161 1543 aﬁ‘ert;
1197 1490 1394 1547 magna
1424 1490 1559 1530 vero
1591 1473 1876 1544 excipiunt
1904 1485 2031 1526 eum

458 1570 671 1636 laetitia,
707 1577 823 1625 tum
854 1570 1167 1635 domestici,
1220 1576 1339 1623 tum
1382 1566 1639 1638 cognati;
1671 1566 1754 1621 sic
1811 1580 2032 1637 quoque

461 1676 519 1717 se
544 1676 634 1716 res
664 1661 835 1717 habet
859 1661 915 1715 in
933 1659 1315 1731 spiritualibus
1344 1659 1530 1725 rebus,
1558 1659 1603 1713 si
1636 1658 1861 1728 quidam
1888 1673 2034 1712 mcr-

457 1752 565 1807 cati
584 1750 793 1806 fuerint
817 1751 1069 1807 caalestes
1088 1750 1331 1815 divitias,
1351 1756 1556 1804 norunt
1576 1748 1627 1803 id
1646 1763 1836 1803 eorum
1861 1747 2031 1813 cives,

458 1842 566 1898 hoc
621 1852 735 1911 est,
784 1843 1012 1913 spiritus
1072 1850 1386 1897 sanctorum
1455 1851 1511 1897 et
1560 1841 1914 1911 angelorum,
1978 1847 2035 1896 et

457 1935 823 1990 admiratione
855 1935 1028 2001 ducti,
1064 1934 1288 1990 dicunt:
1327 1932 1623 1987 Immensas
1660 1933 1868 1986 divitias
1909 1947 2031 1985 con-

457 2027 623 2081 secuti
643 2034 767 2080 sunt
801 2027 996 2096 fratres
1022 2027 1205 2090 nostri,
1230 2026 1322 2095 qui
1354 2026 1410 2079 in
1436 2024 1590 2078 terris
1611 2032 1756 2077 sunt.
1794 2022 1859 2077 Hi
1900 2038 2029 2092 ergo

461 2119 566 2189 71
593 2133 717 2173 cum
739 2134 927 2174 secum
952 2118 1190 2173 habeant
1211 2117 1522 2183 Dominum,
1554 2131 1678 2172 cum
1719 2115 2028 2181 discedunt,

462 2227 659 2282 magna
678 2226 802 2267 cum
826 2211 1016 2266 laetitia
1039 2210 1343 2265 veniuntad
1365 2208 1871 2274 coelestesincolas;
1894 2222 2033 2277 quos

460 2305 766 2373 excipiunt,
798 2304 894 2373 qui
925 2303 1311 2359 suntalatere
1363 2301 1602 2366 Domini,
1654 2315 1717 2355 ac
1764 2299 1859 2369 qui
1921 2298 2031 2353 illic

459 2398 544 2454 eis
574 2398 768 2453 domos
786 2406 843 2452 et
863 2397 1052 2451 hortos
1084 2404 1141 2450 et
1165 2393 1451 2466 splendida
1494 2402 1660 2464 atque
1712 2401 2030 2461 sumptuosa

460 2490 786 2547 vestimenta
814 2497 1139 2561 praeparant,
1170 2487 1470 2558 excipiunt.

528 2666 622 2722 IX.
655 2667 961 2724 Sobrietate
1002 2665 1263 2737 igitur‘in
1304 2664 1562 2720 omnibus
1605 2676 1743 2732 opus
1786 2670 1898 2726 est,
1929 2676 2028 2726 ne,

459 2776 582 2832 quae
608 2760 858 2815 videmur
880 2758 1164 2829 possidere
1192 2757 1357 2823 bona,
1381 2756 1436 2809 in
1462 2754 1763 2825 perniciem
1786 2762 2030 2808 nostram

457 2858 763 2907 vertantur.
798 2850 935 2905 Nam
978 2848 1075 2919 qui
1121 2855 1319 2903 natura
1365 2854 1494 2901 sunt
1541 2843 1793 2914 benigni,
1826 2844 1884 2898 ni
1928 2841 2032 2897 sibi

459 2951 718 3008 caveant,
748 2958 945 3013 parum
985 2941 1169 3006 abest,
1199 2939 1336 3010 quin
1370 2940 1436 2993 ab
1472 2939 1588 3007 ipsa
1620 2937 1868 2992 bonitate
1900 2936 2032 2990 sub-

460 3036 752 3090 trahantur
780 3052 794 3088 :
823 3040 881 3088 et
901 3032 995 3103 qui
1026 3031 1295 3102 sapientia
1318 3031 1546 3100 pollent,
1572 3029 1706 3097 quin
1733 3028 1800 3082 ab
1825 3043 1890 3082 ea
1918 3029 2032 3097 ipsa

458 3126 850 3197 surripiantur.
891 3122 1121 3195 Oportet
1172 3139 1304 3196 ergo
1344 3124 1401 3178 in
1451 3122 1707 3177 omnibus
1750 3121 2031 3191 partibus,

460 3228 826 3290 temperatum
875 3233 995 3273 esse
1040 3218 1348 3282 hominem,
1392 3230 1590 3285 nempe
1634 3215 2031 3268 humanitatem

460 3327 590 3366 cum
623 3310 913 3365 severitate
947 3309 1265 3379 permistam
1298 3308 1523 3373 habere,
1549 3305 1875 3376 sapientiam
1908 3321 2033 3360 cum

457 3403 691 3474 judicio,
723 3416 1031 3457 sermonem
1069 3416 1191 3455 cum
1226 3414 1413 3469 opere,
1441 3407 1606 3468 atque
1639 3397 1865 3452 omnino
1893 3396 2037 3452 ﬁdu—

462 3495 605 3551 ciam
634 3510 788 3551 suam
818 3493 875 3549 in
897 3494 1153 3561 Domino,
1171 3510 1284 3550 non
1315 3508 1374 3549 se
1404 3493 1525 3563 ipso
1548 3493 2039 3548 collocare.Virtus

456 3587 604 3643 enim
639 3586 896 3641 conditur
915 3585 1083 3640 variis
1113 3585 1314 3649 modis,
1339 3592 1599 3652 tanquam
1630 3583 1787 3639 cibus
1814 3583 2034 3653 quidam

457 3677 805 3734 necessarius
839 3677 1069 3734 conditu
1108 3685 1204 3731 aut
1240 3674 1349 3730 alio
1387 3674 1657 3745 quodam,
1687 3682 1744 3730 et
1778 3674 1884 3731 hoc
1925 3690 2037 3729 non

459 3777 676 3825 tantum
724 3769 1040 3843 melleksed
1086 3767 1254 3824 etiam
1296 3767 1507 3839 pipere,
1539 3777 1596 3824 et
1640 3768 1716 3825 ita
1763 3769 2040 3840 reperitur

459 3863 640 3918 utilis.

532 3954 605 4009 Χ.
635 3954 741 4021 Qui
774 3961 1031 4010 asserunt
1082 3966 1194 4008 non
1227 3967 1352 4008 esse
1383 3960 1670 4025 peccatum
1704 3954 1760 4008 in
1793 3954 2037 4017 homine,

457 4047 692 4117 perinde
725 4054 875 4113 sunt,
903 4061 969 4101 ac
1000 4045 1094 4115 qui
1129 4045 1490 4102 inundatione
1524 4046 1831 4118 ingentium
1865 4062 2037 4116 aqua-

460 4156 586 4195 rum
608 4140 870 4205 demersi,
892 4138 999 4194 hoc
1024 4140 1203 4209 ipsum
1230 4138 1391 4193 fateri
1411 4147 1696 4205 verentur,
1719 4138 1816 4194 sed
1841 4138 1997 4193 aiunt
2023 4157 2035 4191 :

459 4230 662 4286 Bonum
703 4249 969 4302 aquarum
1006 4231 1326 4286 audivimus.
1361 4229 1452 4285 Sic
1490 4245 1711 4301 quoque
1751 4229 2041 4301 profundis

456 4322 683 4378 malitia:
714 4323 978 4379 ﬂuctibus
1005 4321 1267 4390 demersi,
1291 4330 1494 4393 negant
1518 4324 1573 4377 in
1600 4330 1785 4377 mente
1812 4337 1877 4377 ac
1896 4323 2043 4392 cogi-

460 4413 767 4469 tationibus
802 4414 917 4469 suis
953 4422 1243 4484 peccatum
1284 4413 1514 4469 haerere.
1543 4413 1651 4467 Alii
1691 4422 1819 4468 sunt
1852 4414 2038 4484 igitur,

457 4504 555 4573 qui
606 4519 859 4558 sermone
909 4504 1132 4574 quidem
1174 4505 1395 4570 valent,
1444 4512 1501 4559 et
1546 4503 1883 4573 loquuntur,
1929 4520 2040 4559 non

2133 766 2164 802 τ
2174 750 2225 819 pl.
2240 748 2439 815 αὐτῶν,
2456 746 2584 801 ’Δδά
2589 765 2629 818 μ
2639 745 2716 816 τῷ
2730 763 2862 799 πνευ
2871 744 3083 817 ματικῷ
3099 744 3191 797 καὶ
3209 740 3477 811 φωτεινῷ,
3494 740 3730 809 ἐκείνης

2130 843 2231 912 τῆς
2254 841 2482 904 πόλεως,
2500 838 2710 893 ἐκείνου
2723 839 2818 892 τοῦ
2835 838 3041 905 γένους,
3057 836 3272 906 ἐκείνης
3291 834 3388 906 τῆς
3403 834 3726 903 δυνάμεως,

2132 931 2232 985 οὐκ
2253 931 2359 985 εἰσὶ
2394 930 2489 985 τοῦ
2508 930 2713 1002 κόσμου
2727 929 2940 992 τούτου,
2960 926 3095 981 ἀλλά
3119 926 3279 981 ἁλλου
3302 927 3509 997 κόσμου
3530 923 3682 978 εἰσίν
3708 937 3725 950 ·

2132 1023 2295 1089 αὐτὸς
2321 1024 2431 1094 γὰρ
2467 1022 2635 1092 λέγει,
2670 1024 2793 1077 Οὐκ
2814 1021 2956 1076 ἐστέ
2976 1019 3167 1074 ἐκτοῦ
3193 1019 3423 1088 κόσμου
3465 1018 3728 1077 τούτου,

2132 1117 2328 1181 καθὼς
2350 1116 2465 1187 ἐγὼ
2492 1117 2603 1170 οὐκ
2628 1115 2745 1185 sini
2771 1115 2840 1169 ἐκ
2862 1113 2969 1168 τοῦ
2995 1112 3227 1183 κόσμου
3268 1110 3503 1165 τούτου.
3563 1107 3729 1161 Ἀλλ’

2133 1208 2325 1278 ῶσπερ
2353 1208 2598 1278 ἔμπορος
2651 1207 2759 1261 ἀπὸ
2809 1206 3022 1261 πολλῶν
3076 1204 3254 1276 μονῶν
3305 1204 3726 1274 ἀπερχόμενος,

2133 1300 2227 1352 καὶ
2258 1296 2713 1364 πολυπλασιάξων
2744 1297 2908 1352 αὐτοῦ
2930 1296 3029 1367 τὴν
3058 1293 3348 1366 ἐμπορίαν,
3380 1293 3726 1347 ἀποστέλλει

2136 1389 2269 1459 πρὸς
2296 1390 2421 1454 τοὺς
2449 1389 2612 1453 ίδίους
2637 1388 2730 1442 ἐπὶ
2757 1387 2834 1458 τῷ
2863 1387 3149 1458 κτισθῆναι
3183 1383 3330 1455 αύτῷ
3361 1385 3561 1451 οίκους,
3592 1402 3728 1436 πα·-

2135 1486 2438 1558 ραδείσους,
2465 1484 2742 1554 ἐνδύματα
2762 1482 3055 1549 ἀναγκαῖα·
3080 1479 3180 1533 καὶ
3194 1479 3323 1532 ὅταν
3347 1477 3585 1550 ἀναλύσῃ
3616 1478 3727 1540 είς

2131 1579 2201 1633 τὰ
2227 1579 2355 1645 ῖδια,
2388 1578 2511 1632 τότε
2550 1576 2783 1632 πλοῦτον
2809 1575 2974 1630 πολὺν
2996 1572 3319 1645 ἐπιφέρεται
3338 1586 3352 1603 ⁸
3411 1571 3547 1643 μετὰ
3574 1571 3726 1624 πολ-

2130 1670 2231 1741 λῆς
2248 1670 2306 1723 δέ
2353 1671 2530 1742 χαρᾶς
2554 1668 2942 1741 προσδέχονται
2975 1666 3136 1719 αὐτὸν
3164 1664 3214 1717 οἱ
3246 1663 3370 1718 ἴδιοι
3414 1662 3575 1717 αὐτοῦ
3604 1663 3724 1717 καὶ

2132 1764 2491 1836 προσγενεϊς·
2532 1760 2677 1815 οὕτω
2721 1762 2825 1814 κάν
2873 1761 2987 1824 τοῖς
3035 1757 3449 1827 πνευματικοῖς,
3487 1756 3540 1808 εί
3559 1772 3723 1819 τινες

2136 1853 2534 1928 ἐμπορεύονται
2570 1854 2662 1906 τδν
2717 1851 3039 1922 ἐπουράνιον
3094 1846 3358 1910 πλοῦτον,
3422 1846 3594 1901 ἴσασιν
3656 1844 3725 1897 οἱ

2140 1945 2490 2017 συμπολίται,
2521 1944 2768 2000 τουτέστι
2819 1944 2889 1998 τὰ
2942 1941 3228 2012 πνεύματα
3258 1939 3370 1993 τῶν
3412 1938 3581 2006 ἁγίων
3605 1935 3727 1989 καὶ

2136 2035 2245 2090 τῶν
2265 2034 2535 2103 ἀγγέλων,
2584 2034 2679 2088 καὶ
2708 2033 3049 2104 θαυμάζουσι
3081 2031 3355 2100 λέγοντες,
3390 2030 3493 2095 Εἰς
3518 2026 3727 2096 μέγαν

2137 2126 2408 2181 πλοῦτον
2420 2127 2711 2196 εἰσῆλθον
2729 2129 2783 2181 οἱ
2802 2123 3055 2194 ἀδελφοὶ
3071 2120 3237 2193 ἡμῶν
3253 2124 3307 2176 οἱ
3323 2122 3417 2175 ἐπὶ
3441 2117 3545 2188 τῆς
3566 2116 3645 2188 γῆ
3654 2138 3725 2184 ς.

2141 2222 2395 2290 Ἔχοντες
2419 2215 2512 2274 οῦν
2558 2212 2704 2274 οὗτοι
2759 2218 2879 2289 μεθ’
2915 2218 3123 2273 ἑαυτῶν
3160 2216 3250 2271 τὸν
3295 2214 3498 2285 Κύριον
3541 2213 3599 2263 ἐν
3632 2212 3724 2282 τῇ

2137 2309 2414 2376 ἀναλύσει,
2444 2311 2502 2364 ἐν
2537 2308 2747 2382 μεγάλῃ
2774 2310 2921 2380 χαρᾷ
2964 2307 3217 2379 ἔρχονται
3248 2304 3386 2376 πρὸς
3419 2304 3543 2365 τοὺς
3569 2300 3725 2367 ἄνω,

2136 2407 2231 2460 καὶ
2255 2406 2501 2475 δέχονται
2522 2404 2720 2467 αὐτοὺς
2743 2404 2794 2456 οἱ
2822 2403 2916 2456 τοῦ
2943 2402 3170 2473 Κυρίου,
3206 2400 3322 2453 ἐκεῖ
3345 2393 3718 2467 εὐτρεπίσαν-

2134 2513 2228 2558 τες
2256 2496 2440 2558 αὐτοῖς
2461 2494 2642 2556 οἴκους
2666 2494 2759 2546 καὶ
2782 2491 3164 2564 παραδείσους,
3186 2488 3281 2545 καὶ
3301 2485 3570 2556 ἐνδύματα
3589 2482 3724 2536 ὁλό-

2137 2587 2203 2641 λα
2210 2603 2367 2657 μπρα
2389 2586 2487 2639 καὶ
2521 2582 2813 2653 πολυτελῆ.

2208 2677 2287 2731 Θ’.
2313 2674 2548 2747 Νήψεως
2572 2672 2665 2728 οῦν
2697 2676 2754 2728 ἐν
2807 2674 2942 2727 πᾶσι
2984 2672 3162 2743 χρεία,
3185 2671 3273 2724 ἴνα
3307 2670 3381 2740 μὴ
3417 2670 3510 2724 καὶ
3550 2666 3587 2721 ὃ.
3620 2665 3722 2719 δο-

2138 2770 2342 2842 κοῦμεν
2372 2769 2517 2840 ἔχειν
2564 2768 2769 2838 ἀγαθὰ,
2814 2767 2950 2838 πρὸς
2982 2765 3187 2837 βλάϐην
3226 2762 3382 2833 ἡμῶν
3419 2762 3716 2831 γένωνται.

2138 2864 2251 2919 Καὶ
2289 2862 2397 2932 γὰρ
2448 2860 2757 2933 οἱχρηστοὶ
2805 2858 2948 2915 κατά
3004 2856 3188 2927 φύσιν,
3223 2855 3318 2911 ἐὰν
3367 2854 3442 2925 μὴ
3484 2852 3723 2920 ἀσφαλί-

2141 2973 2361 3020 σωνται,
2415 2953 2557 3009 κατά
2610 2952 2804 3023 μικρὸν
2850 2951 2918 3005 δι’
2964 2950 3135 3021 αὐτῆς
3188 2950 3290 3019 τῆς
3344 2946 3724 3017 χρηστότητος

2140 3048 2533 3118 ὑποσύρονται,
2571 3046 2666 3100 καὶ
2692 3046 2742 3098 οἱ
2790 3043 3005 3114 ἔχοντες
3056 3042 3273 3111 σοφίαν,
3316 3041 3382 3094 δι’
3415 3039 3581 3104 αὐτῆς
3610 3036 3721 3107 τῆς

2144 3138 2335 3207 σοφίας
2380 3136 2731 3191 κλέπτονται.
2788 3136 2883 3188 Δεῖ
2924 3129 3019 3187 οῦν
3082 3136 3140 3187 ἐν
3178 3133 3315 3186 πᾶσι
3350 3132 3463 3193 τοῖς
3500 3128 3721 3199 μέρεσι,

2060 3266 2103 3325 c
2145 3226 2590 3299 συγκεκραμένον
2614 3220 2757 3280 εἶναι
2778 3224 2868 3279 τὸν
2894 3224 3203 3294 ἄνθρωπον,
3230 3223 3292 3276 τὸ
3318 3219 3552 3292 χρηστὸν
3580 3218 3724 3288 μετὰ

2140 3320 2236 3374 τοῦ
2285 3320 2586 3389 ἀποτόμου,
2612 3320 2672 3372 τὸ
2708 3318 2871 3387 σοφδν
2896 3316 3033 3388 μετά
3059 3315 3403 3386 διακρίσεως,
3434 3316 3524 3367 τὸν
3558 3311 3725 3380 λόγον

2142 3411 2284 3481 μετά
2315 3408 2411 3463 τοῦ
2449 3409 2641 3480 ἔργου,
2674 3408 2735 3462 τδ
2764 3408 2883 3462 ὅλον
2913 3406 3233 3460 πεποιθέναι
3252 3406 3343 3459 ἐπί
3370 3404 3593 3474 Κύριον,
3626 3404 3725 3457 καὶ

2143 3504 2219 3574 μὴ
2250 3501 2335 3571 ἐφ’
2367 3502 2580 3555 ἑαυτόν.
2615 3501 2683 3555 Ἦ
2713 3501 2821 3569 γὰρ
2862 3498 3033 3571 ἁρετὴ
3082 3498 3170 3552 διὰ
3193 3496 3401 3552 πολλῶν
3434 3496 3724 3568 ἀρτύεται,

2141 3594 2330 3663 ὥσπερ
2369 3592 2573 3663 ἔδεσμά
2596 3610 2649 3646 τι
2680 3592 2787 3645 τῶν
2813 3592 3127 3661 ἀναγκαίων
3157 3591 3248 3646 διά
3270 3590 3512 3645 κονδίτου
3544 3589 3576 3661 ἦ
3600 3589 3725 3645 ἐτέ-

2147 3701 2240 3755 ρου
2277 3683 2446 3748 τινὸς,
2479 3684 2573 3737 καὶ
2604 3682 2763 3736 τοῦτο
2786 3683 2847 3736 ού
2882 3683 3045 3753 μόνον
3071 3680 3160 3736 διὰ
3196 3680 3433 3751 μέλιτος,
3456 3679 3596 3735 ἀλλὰ
3626 3679 3724 3735 καὶ

2141 3775 2454 3847 πεπέρεως,
2485 3775 2581 3829 καὶ
2609 3774 2782 3837 οὕτως
2806 3775 3124 3846 εὑρίσκεται
3144 3773 3437 3844 χρήσιμον.

2213 3956 2268 4008 ι’.
2299 3954 2363 4008 Oi
2388 3953 2637 4021 λέγοντες
2670 3951 2745 4021 μὴ
2771 3945 2911 4003 εῖναι
2941 3948 3041 4021 τὴν
3091 3948 3362 4020 ἁμαρτίαν
3405 3948 3465 4001 ἐν
3491 3947 3569 4015 τῷ
3618 3948 3716 4001 ἀν-

2141 4045 2365 4115 θρώπῳ,
2417 4043 2589 4107 οὕτως
2638 4044 2800 4108 εἰσὶν,
2843 4041 2919 4107 ὡς
2952 4042 3059 4095 ὑπὸ
3116 4040 3459 4112 πλημμύρας
3504 4038 3709 4093 ὑδάτων

2143 4138 2354 4191 πολλῶν
2414 4135 2999 4205 καταπεποντισμένοι,
3046 4133 3143 4187 καὶ
3201 4134 3361 4186 τοῦτο
3406 4132 3475 4203 μὴ
3520 4128 3712 4198 ὁμολο-

2142 4228 2385 4295 γοῦντες,
2411 4227 2548 4280 ἀλλὰ
2564 4226 2836 4295 λέγοντες,
2861 4220 2948 4280 Ἦ
2945 4242 3059 4294 χον
3078 4222 3316 4278 ὑδάτων
3333 4223 3678 4291 ἠκούσαμεν
3699 4235 3713 4249 ·

2142 4320 2287 4374 οὕτω
2334 4319 2429 4373 καὶ
2467 4319 2621 4373 αὐτοὶ
2660 4317 3228 4388 καταπεποντισμένοι
3277 4316 3382 4369 ὑπὸ
3412 4315 3507 4368 τοῦ
3558 4313 3722 4383 βυθοῦ

2145 4413 2257 4467 τῶν
2290 4412 2551 4483 κυμάτων
2572 4411 2672 4481 τῆς
2696 4410 2916 4475 κακίας,
2940 4412 3001 4464 οὐ
3026 4410 3278 4478 λέγουσιν
3295 4407 3433 4464 εἶναι
3459 4410 3516 4462 ἐν
3543 4407 3621 4478 τῷ
3648 4406 3725 4477 νῷ

2148 4506 2243 4559 καὶ
2276 4507 2386 4568 τοῖς
2417 4504 2698 4575 λογισμοῖς
2727 4503 2907 4556 αὐτῶν
2937 4503 3036 4574 τὴν
3089 4500 3364 4572 ἁμαρτίαν
3394 4518 3409 4532 ·
3455 4500 3605 4554 ἄλλοι
3631 4497 3726 4554 οὖν

459 4602 644 4649 tamen
679 4592 794 4648 sale
825 4592 1037 4649 caelesti
1068 4591 1276 4647 conditi
1306 4600 1463 4657 sunt;
1498 4598 1835 4660 narrantqne
1865 4590 2034 4644 multa

2145 4597 2303 4655 εἰσιν.
2338 4596 2385 4648 οί
2414 4594 2572 4662 λόγον
2611 4594 2709 4664 μὲν
2740 4593 2955 4663 ἔχοντες
2977 4594 3072 4647 καὶ
3096 4593 3402 4658 λαλοῦντες,
3448 4593 3523 4664 μὴ
3558 4594 3727 4663 ἠρτυ-

459 4686 530 4740 de
561 4700 751 4739 mensa
781 4684 957 4754 regia;
993 4698 1119 4738 cum
1151 4692 1335 4738 tamen
1364 4682 1503 4737 nihil
1538 4681 1902 4746 comederint,
1934 4696 2039 4737 nec

463 4775 769 4845 quidquam
798 4774 981 4844 adepti
1007 4775 1136 4828 sint.
1160 4774 1312 4829 Alius
1335 4789 1470 4830 vero
1499 4782 1604 4838 est,
1626 4774 1721 4843 qui
1747 4781 2042 4843 conspecto

461 4884 611 4940 rege,
636 4868 953 4939 apertisque
979 4867 1083 4923 sibi
1116 4867 1407 4933 thesauris,
1432 4868 1759 4938 ingreditur,
1782 4885 1846 4924 ac
1872 4869 2043 4923 haere-

460 4962 690 5017 ditatem
716 4961 919 5029 cernit,
938 4961 1109 5017 edens
1138 4972 1195 5016 et
1218 4961 1414 5017 bibens
1439 4961 1507 5016 de
1534 4961 1677 5018 cibis
1705 4961 1811 5016 illis
1834 4962 2039 5032 pretio-

461 5067 718 5108 SlSSlmIS.

430 5232 437 5244 ‘
540 5234 632 5289 XI.
660 5234 897 5289 Perinde
929 5250 1062 5289 vero
1096 5249 1161 5289 ac
1194 5245 1447 5299 matrem,
1479 5234 1772 5290 habentem
1814 5236 2038 5291 unicum

468 5328 665 5391 lilium,
697 5326 1182 5392 formosissimum,
1234 5328 1540 5398 sapientem
1576 5330 1836 5398 omnique
1868 5328 2044 5384 hono-

464 5437 588 5476 rum
619 5435 819 5491 genere
844 5430 1188 5485 exornatum,
1218 5422 1274 5475 in
1304 5436 1414 5491 quo
1447 5437 1664 5476 onmem
1697 5438 1849 5493 spem
1882 5423 2041 5477 sitam

466 5511 661 5576 habet,
695 5510 738 5565 si
792 5525 918 5564 eum
967 5510 1249 5581 contingat
1289 5512 1357 5567 ab
1406 5513 1498 5567 illa
1546 5513 1710 5568 terris
1757 5513 2038 5576 mandari,

463 5600 606 5655 nihil
642 5600 749 5655 nisi
790 5598 948 5655 dolor
985 5600 1260 5667 assiduus,
1292 5610 1348 5657 et
1387 5603 1570 5657 luctus
1608 5603 2040 5658 consolationem

466 5703 579 5747 non
612 5692 908 5749 admittens
941 5703 1172 5764 occupat
1205 5713 1217 5750 :
1258 5696 1337 5751 sic
1366 5713 1586 5767 quoque
1623 5712 1796 5763 mens,
1822 5698 1976 5768 quasi
2011 5713 2040 5753 :1

530 5868 576 5899 '°
605 5869 761 5925 Joan.
791 5888 917 5936 xm,
960 5874 1042 5927 l6.

2153 4689 2302 4760 μένοι
2333 4688 2389 4741 δὲ
2436 4686 2515 4758 τῷ
2546 4686 2851 4758 ἐπουρανίῳ
2876 4687 3056 4751 ἅλατι,
3079 4689 3175 4739 καὶ
3233 4687 3550 4758 διηγοῦνται
3596 4687 3725 4757 περὶ

2149 4781 2430 4853 τραπέζης
2471 4780 2761 4851 βασιλικῆς
2800 4778 2967 4849 μηδὲν
2997 4778 3335 4849 φαγόντες,ἢ
3365 4777 3722 4849 κτησάμενοι.

2151 4876 2344 4938 ’Ἄλλος
2373 4874 2431 4927 δέ
2458 4876 2607 4927 ἐστιν
2636 4877 2663 4926 ὁ
2683 4873 3021 4942 θεασάμενος
3044 4872 3208 4926 αὐτὸν
3228 4872 3319 4925 τὸν
3352 4870 3600 4940 βασιλέα,
3632 4870 3728 4924 καὶ

2149 4965 2477 5033 ἀνοιγέντων
2505 4963 2655 5034 αὐτῷ
2679 4961 2990 5033 θησαυρῶν,
3026 4961 3305 5023 εἰσελθὼν,
3347 4962 3441 5013 καὶ
3471 4958 3730 5030 κληρονο⁹

2151 5062 2333 5130 μήσας
2364 5056 2461 5110 καὶ
2487 5055 2678 5126 φαγὼν
2704 5056 2798 5109 καὶ
2832 5054 2972 5107 πιὼν
3001 5057 3066 5108 ἐκ
3091 5053 3199 5107 τῶν
3230 5054 3544 5123 ἐδεσμάτων
3579 5055 3724 5105 ἐκει-

2147 5169 2253 5205 νων
2278 5150 2387 5203 τῶν
2417 5147 2747 5202 πολυτελῶν.

2221 5244 2327 5296 ιΑν.
2371 5242 2583 5313 Ὥσπερ
2619 5236 2766 5315 ἐάνῇ
2804 5242 2984 5312 μήτηρ
3037 5241 3238 5310 ἔχουσα
3278 5253 3393 5293 υιον
3436 5238 3724 5309 μονογενῆ,

2150 5333 2544 5399 εὐειδέστατον,
2603 5333 2787 5403 σοφὸν,
2842 5335 2975 5386 πᾶσι
3016 5332 3433 5402 κεκοσμημένον
3476 5329 3723 5397 ἀγαθοῖς,

2150 5426 2235 5496 ἐφ’
2276 5418 2321 5493 ᾧ
2349 5425 2461 5496 ἔχει
2521 5426 2701 5488 πάσας
2746 5424 2845 5488 τὰς
2882 5424 3124 5489 ἐλπίδας;
3166 5424 3259 5476 καὶ
3306 5421 3489 5491 συμϐῇ
3537 5420 3727 5473 τοῦτον

2150 5520 2389 5588 ταφῆναι
2416 5519 2507 5571 ὑπ’
2541 5514 2734 5588 ἇύτῆς,
2758 5518 2946 5571 λοιπὸν
2977 5517 3329 5587 προσγίνεται
3372 5514 3511 5583 αὐτῇ
3557 5512 3720 5576 πόνος

2151 5608 2453 5674 ἄπαυστος,
2494 5610 2589 5663 καὶ
2615 5610 2807 5673 πένθος
2845 5609 3277 5681 ἀπαραμύθητον
3302 5626 3315 5638 ·
3347 5606 3520 5668 οὕτως
3568 5607 3661 5658 καὶ
3694 5607 3722 5657 ὁ

2150 5700 2272 5764 νοῦς
2306 5702 2380 5765 ὡς
2407 5700 2782 5772 ἀποθανούσης
2830 5702 2938 5756 ἀπὸ
2987 5699 3123 5755 Θεοῦ
3156 5701 3253 5772 τῆς
3288 5697 3486 5767 ψυχῆς,
3514 5695 3721 5766 ὀφείλει
