  <div class='ocr_page' id='page_1' title='image "/cluster/home/n/w/nwhite01/storage/ocr_20150623/34/coo.31924054869312/324.png"; bbox 0 0 3966 6472; ppageno 0'>
   <div class='ocr_carea' id='block_1_1' title="bbox 181 410 1794 501">
    <p class='ocr_par' dir='ltr' id='par_1_1' title="bbox 181 421 1780 501">
     <span class='ocr_line' id='line_1_1' title="bbox 181 421 1780 501; baseline -0.012 1"><span class='ocrx_word' id='word_1_1' title='bbox 181 435 293 501; x_wconf 63' lang='grc'><strong>621</strong></span> <span class='ocrx_word' id='word_1_2' title='bbox 962 462 982 471; x_wconf 74' lang='lat'><strong>~</strong></span> <span class='ocrx_word' id='word_1_3' title='bbox 1420 421 1780 486; x_wconf 71' lang='lat' dir='ltr'><strong>HOMIIJ/E.</strong></span> 
     </span>
    </p>
   </div>
   <div class='ocr_carea' id='block_1_2' title="bbox 1897 410 3445 501">
    <p class='ocr_par' dir='ltr' id='par_1_2' title="bbox 1897 410 3445 480">
     <span class='ocr_line' id='line_1_2' title="bbox 1897 410 3445 480; baseline -0.004 -1"><span class='ocrx_word' id='word_1_4' title='bbox 1897 420 2082 480; x_wconf 86' lang='lat' dir='ltr'><strong>110M.</strong></span> <span class='ocrx_word' id='word_1_5' title='bbox 2122 421 2276 480; x_wconf 81' lang='lat' dir='ltr'><strong>XVI.</strong></span> <span class='ocrx_word' id='word_1_6' title='bbox 3339 410 3445 474; x_wconf 63' lang='grc' dir='ltr'>δερ</span> 
     </span>
    </p>
   </div>
   <div class='ocr_carea' id='block_1_3' title="bbox 189 525 1794 611">
    <p class='ocr_par' dir='ltr' id='par_1_3' title="bbox 189 537 1783 611">
     <span class='ocr_line' id='line_1_3' title="bbox 189 537 1783 611; baseline -0.012 -6"><span class='ocrx_word' id='word_1_7' title='bbox 189 548 418 611; x_wconf 78' lang='grc' dir='ltr'>πένθος</span> <span class='ocrx_word' id='word_1_8' title='bbox 436 543 723 599; x_wconf 82' lang='grc' dir='ltr'>ἀναλαϐεῖν</span> <span class='ocrx_word' id='word_1_9' title='bbox 754 541 845 594; x_wconf 72' lang='grc' dir='ltr'>καὶ</span> <span class='ocrx_word' id='word_1_10' title='bbox 868 540 1098 608; x_wconf 90' lang='grc' dir='ltr'>δάκρυα,</span> <span class='ocrx_word' id='word_1_11' title='bbox 1140 539 1302 591; x_wconf 82' lang='grc' dir='ltr'>πόνον</span> <span class='ocrx_word' id='word_1_12' title='bbox 1322 537 1618 603; x_wconf 81' lang='grc' dir='ltr'>ἄπαυστον,</span> <span class='ocrx_word' id='word_1_13' title='bbox 1661 552 1783 588; x_wconf 90' lang='grc' dir='ltr'>συν-</span> 
     </span>
    </p>
   </div>
   <div class='ocr_carea' id='block_1_4' title="bbox 1897 525 3445 611">
    <p class='ocr_par' dir='ltr' id='par_1_4' title="bbox 1897 525 3445 598">
     <span class='ocr_line' id='line_1_4' title="bbox 1897 525 3445 598; baseline -0.005 -12"><span class='ocrx_word' id='word_1_14' title='bbox 1897 533 1997 586; x_wconf 88' lang='lat' dir='ltr'><strong>Deo</strong></span> <span class='ocrx_word' id='word_1_15' title='bbox 2022 539 2236 585; x_wconf 89' lang='lat' dir='ltr'><strong>mortua</strong></span> <span class='ocrx_word' id='word_1_16' title='bbox 2267 530 2338 584; x_wconf 99' lang='lat' dir='ltr'><strong>sit</strong></span> <span class='ocrx_word' id='word_1_17' title='bbox 2370 530 2572 593; x_wconf 89' lang='lat' dir='ltr'><strong>anima,</strong></span> <span class='ocrx_word' id='word_1_18' title='bbox 2624 528 2809 598; x_wconf 87' lang='lat' dir='ltr'><strong>lugere</strong></span> <span class='ocrx_word' id='word_1_19' title='bbox 2846 525 3029 588; x_wconf 89' lang='lat' dir='ltr'><strong>debet,</strong></span> <span class='ocrx_word' id='word_1_20' title='bbox 3078 540 3143 579; x_wconf 90' lang='lat' dir='ltr'><strong>ac</strong></span> <span class='ocrx_word' id='word_1_21' title='bbox 3181 525 3445 595; x_wconf 85' lang='lat' dir='ltr'><strong>lacrymas</strong></span> 
     </span>
    </p>
   </div>
   <div class='ocr_carea' id='block_1_5' title="bbox 191 615 1794 713">
    <p class='ocr_par' dir='ltr' id='par_1_5' title="bbox 191 625 1789 713">
     <span class='ocr_line' id='line_1_5' title="bbox 191 625 1789 713; baseline -0.008 -22"><span class='ocrx_word' id='word_1_22' title='bbox 191 638 590 713; x_wconf 70' lang='grc' dir='ltr'>τετριμμένην</span> <span class='ocrx_word' id='word_1_23' title='bbox 619 634 762 705; x_wconf 72' lang='grc' dir='ltr'>ἔχειν</span> <span class='ocrx_word' id='word_1_24' title='bbox 792 634 1038 703; x_wconf 84' lang='grc' dir='ltr'><strong>καρδίαν,</strong></span> <span class='ocrx_word' id='word_1_25' title='bbox 1074 630 1178 683; x_wconf 81' lang='grc' dir='ltr'><strong>ὑπὸ</strong></span> <span class='ocrx_word' id='word_1_26' title='bbox 1207 629 1371 698; x_wconf 86' lang='grc' dir='ltr'>φόϐον</span> <span class='ocrx_word' id='word_1_27' title='bbox 1401 625 1540 682; x_wconf 81' lang='grc' dir='ltr'>εἶναι</span> <span class='ocrx_word' id='word_1_28' title='bbox 1565 629 1656 681; x_wconf 84' lang='grc' dir='ltr'><strong>καὶ</strong></span> <span class='ocrx_word' id='word_1_29' title='bbox 1692 628 1789 696; x_wconf 86' lang='grc' dir='ltr'>μέ-</span> 
     </span>
    </p>
   </div>
   <div class='ocr_carea' id='block_1_6' title="bbox 1897 615 3445 713">
    <p class='ocr_par' dir='ltr' id='par_1_6' title="bbox 1897 615 3445 689">
     <span class='ocr_line' id='line_1_6' title="bbox 1897 615 3445 689; baseline -0.006 -12"><span class='ocrx_word' id='word_1_30' title='bbox 1897 624 2174 678; x_wconf 71' lang='lat' dir='ltr'><strong>effundere</strong></span> <span class='ocrx_word' id='word_1_31' title='bbox 2198 663 2212 685; x_wconf 92' lang='lat'><strong>,</strong></span> <span class='ocrx_word' id='word_1_32' title='bbox 2249 622 2618 689; x_wconf 88' lang='lat' dir='ltr'><strong>continuoque</strong></span> <span class='ocrx_word' id='word_1_33' title='bbox 2660 633 2893 673; x_wconf 77' lang='lat' dir='ltr'><strong>mcerore</strong></span> <span class='ocrx_word' id='word_1_34' title='bbox 2939 615 3111 679; x_wconf 78' lang='lat' dir='ltr'><strong>allici,</strong></span> <span class='ocrx_word' id='word_1_35' title='bbox 3149 616 3445 670; x_wconf 90' lang='lat' dir='ltr'><strong>contritum</strong></span> 
     </span>
    </p>
   </div>
   <div class='ocr_carea' id='block_1_7' title="bbox 202 719 1787 806">
    <p class='ocr_par' dir='ltr' id='par_1_7' title="bbox 202 719 1787 806">
     <span class='ocr_line' id='line_1_7' title="bbox 202 719 1787 806; baseline -0.01 -19"><span class='ocrx_word' id='word_1_36' title='bbox 202 747 447 806; x_wconf 82' lang='grc' dir='ltr'>ριμναν,</span> <span class='ocrx_word' id='word_1_37' title='bbox 479 729 623 797; x_wconf 75' lang='grc' dir='ltr'>ἔχειν</span> <span class='ocrx_word' id='word_1_38' title='bbox 658 727 714 779; x_wconf 86' lang='grc' dir='ltr'>δὲ</span> <span class='ocrx_word' id='word_1_39' title='bbox 748 727 841 778; x_wconf 66' lang='grc' dir='ltr'><strong>καλ⁸</strong></span> <span class='ocrx_word' id='word_1_40' title='bbox 861 726 961 792; x_wconf 81' lang='grc' dir='ltr'>τὴν</span> <span class='ocrx_word' id='word_1_41' title='bbox 991 724 1181 775; x_wconf 89' lang='grc' dir='ltr'>πεῖναν</span> <span class='ocrx_word' id='word_1_42' title='bbox 1207 722 1298 774; x_wconf 72' lang='grc' dir='ltr'><strong>καὶ</strong></span> <span class='ocrx_word' id='word_1_43' title='bbox 1347 720 1508 789; x_wconf 82' lang='grc' dir='ltr'>δίψαν</span> <span class='ocrx_word' id='word_1_44' title='bbox 1530 719 1624 773; x_wconf 83' lang='grc' dir='ltr'>τοῦ</span> <span class='ocrx_word' id='word_1_45' title='bbox 1648 719 1787 787; x_wconf 87' lang='grc' dir='ltr'>ἀγα-</span> 
     </span>
    </p>
   </div>
   <div class='ocr_carea' id='block_1_8' title="bbox 203 812 1789 883">
    <p class='ocr_par' dir='ltr' id='par_1_8' title="bbox 203 812 1789 883">
     <span class='ocr_line' id='line_1_8' title="bbox 203 812 1789 883; baseline -0.012 -1"><span class='ocrx_word' id='word_1_46' title='bbox 203 828 305 882; x_wconf 72' lang='grc' dir='ltr'><strong>θοῦ</strong></span> <span class='ocrx_word' id='word_1_47' title='bbox 334 824 574 878; x_wconf 84' lang='grc' dir='ltr'>πάντοτε</span> <span class='ocrx_word' id='word_1_48' title='bbox 599 836 611 849; x_wconf 89' lang='grc'><strong>·</strong></span> <span class='ocrx_word' id='word_1_49' title='bbox 652 819 745 872; x_wconf 82' lang='grc' dir='ltr'><strong>τὸν</strong></span> <span class='ocrx_word' id='word_1_50' title='bbox 794 817 1030 870; x_wconf 81' lang='grc' dir='ltr'>τοιοῦτον</span> <span class='ocrx_word' id='word_1_51' title='bbox 1077 815 1261 868; x_wconf 83' lang='grc' dir='ltr'>λοιπὸν</span> <span class='ocrx_word' id='word_1_52' title='bbox 1294 814 1595 883; x_wconf 82' lang='grc' dir='ltr'>διαδέχεται</span> <span class='ocrx_word' id='word_1_53' title='bbox 1630 812 1789 883; x_wconf 86' lang='grc' dir='ltr'>χάρις</span> 
     </span>
    </p>
   </div>
   <div class='ocr_carea' id='block_1_9' title="bbox 215 903 1787 975">
    <p class='ocr_par' dir='ltr' id='par_1_9' title="bbox 215 903 1787 975">
     <span class='ocr_line' id='line_1_9' title="bbox 215 903 1787 975; baseline -0.01 -5"><span class='ocrx_word' id='word_1_54' title='bbox 215 915 355 971; x_wconf 66' lang='grc' dir='ltr'>Θεοῦ</span> <span class='ocrx_word' id='word_1_55' title='bbox 384 913 482 967; x_wconf 76' lang='grc' dir='ltr'><strong>καὶ</strong></span> <span class='ocrx_word' id='word_1_56' title='bbox 514 910 690 975; x_wconf 73' lang='grc' dir='ltr'>ἐλπὶς,</span> <span class='ocrx_word' id='word_1_57' title='bbox 727 908 820 961; x_wconf 73' lang='grc' dir='ltr'><strong>καὶ</strong></span> <span class='ocrx_word' id='word_1_58' title='bbox 839 907 1023 961; x_wconf 82' lang='grc' dir='ltr'>οὐκέτι</span> <span class='ocrx_word' id='word_1_59' title='bbox 1052 906 1200 958; x_wconf 73' lang='grc' dir='ltr'>ἐστὶν</span> <span class='ocrx_word' id='word_1_60' title='bbox 1222 907 1280 957; x_wconf 79' lang='grc' dir='ltr'>ὲν</span> <span class='ocrx_word' id='word_1_61' title='bbox 1301 904 1379 975; x_wconf 84' lang='grc' dir='ltr'>τῷ</span> <span class='ocrx_word' id='word_1_62' title='bbox 1407 903 1631 973; x_wconf 85' lang='grc' dir='ltr'><strong>τοιούτῳ</strong></span> <span class='ocrx_word' id='word_1_63' title='bbox 1657 904 1787 956; x_wconf 79' lang='grc' dir='ltr'>πένο</span> 
     </span>
    </p>
   </div>
   <div class='ocr_carea' id='block_1_10' title="bbox 226 994 1788 1072">
    <p class='ocr_par' dir='ltr' id='par_1_10' title="bbox 226 994 1788 1072">
     <span class='ocr_line' id='line_1_10' title="bbox 226 994 1788 1072; baseline -0.009 -14"><span class='ocrx_word' id='word_1_64' title='bbox 226 1007 334 1070; x_wconf 86' lang='grc' dir='ltr'>θος,</span> <span class='ocrx_word' id='word_1_65' title='bbox 366 1003 505 1057; x_wconf 89' lang='grc' dir='ltr'><strong>ἀλλά</strong></span> <span class='ocrx_word' id='word_1_66' title='bbox 536 1001 714 1072; x_wconf 82' lang='grc' dir='ltr'>χαίρει</span> <span class='ocrx_word' id='word_1_67' title='bbox 771 998 845 1061; x_wconf 86' lang='grc' dir='ltr'>ὡς</span> <span class='ocrx_word' id='word_1_68' title='bbox 875 998 903 1050; x_wconf 99' lang='lat'><strong>6</strong></span> <span class='ocrx_word' id='word_1_69' title='bbox 952 996 1131 1066; x_wconf 88' lang='grc' dir='ltr'>εὑρὼν</span> <span class='ocrx_word' id='word_1_70' title='bbox 1169 995 1459 1066; x_wconf 83' lang='grc' dir='ltr'>θησαυρὸν,</span> <span class='ocrx_word' id='word_1_71' title='bbox 1501 994 1596 1047; x_wconf 68' lang='grc' dir='ltr'>καὶ</span> <span class='ocrx_word' id='word_1_72' title='bbox 1630 994 1788 1047; x_wconf 80' lang='grc' dir='ltr'>πάλιν</span> 
     </span>
    </p>
   </div>
   <div class='ocr_carea' id='block_1_11' title="bbox 225 1086 1787 1167">
    <p class='ocr_par' dir='ltr' id='par_1_11' title="bbox 225 1086 1787 1167">
     <span class='ocr_line' id='line_1_11' title="bbox 225 1086 1787 1167; baseline -0.006 -19"><span class='ocrx_word' id='word_1_73' title='bbox 225 1099 419 1167; x_wconf 77' lang='grc' dir='ltr'>τρέμει</span> <span class='ocrx_word' id='word_1_74' title='bbox 453 1092 525 1164; x_wconf 83' lang='grc' dir='ltr'>μή</span> <span class='ocrx_word' id='word_1_75' title='bbox 558 1109 674 1152; x_wconf 86' lang='grc' dir='ltr'><strong>πως</strong></span> <span class='ocrx_word' id='word_1_76' title='bbox 705 1089 942 1159; x_wconf 78' lang='grc' dir='ltr'><strong>ἀπολέσῃ</strong></span> <span class='ocrx_word' id='word_1_77' title='bbox 979 1086 1161 1140; x_wconf 84' lang='grc' dir='ltr'>αὐτόν.</span> <span class='ocrx_word' id='word_1_78' title='bbox 1209 1086 1560 1156; x_wconf 80' lang='grc' dir='ltr'>Ἐπέρχονται</span> <span class='ocrx_word' id='word_1_79' title='bbox 1598 1086 1706 1157; x_wconf 81' lang='grc' dir='ltr'>γὰρ</span> <span class='ocrx_word' id='word_1_80' title='bbox 1738 1088 1787 1138; x_wconf 73' lang='lat' dir='ltr'><strong>ot</strong></span> 
     </span>
    </p>
   </div>
   <div class='ocr_carea' id='block_1_12' title="bbox 223 1174 1789 1251">
    <p class='ocr_par' dir='ltr' id='par_1_12' title="bbox 223 1174 1789 1251">
     <span class='ocr_line' id='line_1_12' title="bbox 223 1174 1789 1251; baseline -0.003 -18"><span class='ocrx_word' id='word_1_81' title='bbox 223 1181 441 1251; x_wconf 69' lang='grc' dir='ltr'>λῃσταί.</span> <span class='ocrx_word' id='word_1_82' title='bbox 476 1179 687 1249; x_wconf 83' lang='grc' dir='ltr'>Ὠσπερ</span> <span class='ocrx_word' id='word_1_83' title='bbox 714 1178 808 1231; x_wconf 76' lang='grc' dir='ltr'><strong>ἐάν</strong></span> <span class='ocrx_word' id='word_1_84' title='bbox 836 1193 918 1239; x_wconf 88' lang='grc' dir='ltr'><strong>τις</strong></span> <span class='ocrx_word' id='word_1_85' title='bbox 946 1178 1025 1239; x_wconf 84' lang='grc' dir='ltr'><strong>είς</strong></span> <span class='ocrx_word' id='word_1_86' title='bbox 1054 1174 1256 1239; x_wconf 87' lang='grc' dir='ltr'>πολλάς</span> <span class='ocrx_word' id='word_1_87' title='bbox 1282 1176 1670 1247; x_wconf 83' lang='grc' dir='ltr'>λῃστουργίας,</span> <span class='ocrx_word' id='word_1_88' title='bbox 1695 1178 1789 1229; x_wconf 77' lang='grc' dir='ltr'>καὶ</span> 
     </span>
    </p>
   </div>
   <div class='ocr_carea' id='block_1_13' title="bbox 220 1265 1787 1340">
    <p class='ocr_par' dir='ltr' id='par_1_13' title="bbox 220 1265 1787 1340">
     <span class='ocr_line' id='line_1_13' title="bbox 220 1265 1787 1340; baseline -0.003 -19"><span class='ocrx_word' id='word_1_89' title='bbox 220 1270 431 1340; x_wconf 77' lang='grc' dir='ltr'><strong>ζημίας</strong></span> <span class='ocrx_word' id='word_1_90' title='bbox 477 1267 753 1339; x_wconf 77' lang='grc' dir='ltr'>ἐμπεσὼν,</span> <span class='ocrx_word' id='word_1_91' title='bbox 802 1267 939 1337; x_wconf 84' lang='grc' dir='ltr'>μετὰ</span> <span class='ocrx_word' id='word_1_92' title='bbox 1008 1266 1204 1319; x_wconf 83' lang='grc' dir='ltr'>πολλοῦ</span> <span class='ocrx_word' id='word_1_93' title='bbox 1243 1267 1491 1335; x_wconf 84' lang='grc' dir='ltr'>καμάτου</span> <span class='ocrx_word' id='word_1_94' title='bbox 1527 1265 1787 1335; x_wconf 85' lang='grc' dir='ltr'>διαφύγῃ,</span> 
     </span>
    </p>
   </div>
   <div class='ocr_carea' id='block_1_14' title="bbox 222 1355 1789 1428">
    <p class='ocr_par' dir='ltr' id='par_1_14' title="bbox 222 1355 1789 1428">
     <span class='ocr_line' id='line_1_14' title="bbox 222 1355 1789 1428; baseline -0.003 -17"><span class='ocrx_word' id='word_1_95' title='bbox 222 1359 318 1412; x_wconf 71' lang='grc' dir='ltr'><strong>καὶ</strong></span> <span class='ocrx_word' id='word_1_96' title='bbox 351 1358 493 1428; x_wconf 84' lang='grc' dir='ltr'><strong>μετά</strong></span> <span class='ocrx_word' id='word_1_97' title='bbox 516 1357 687 1411; x_wconf 80' lang='grc' dir='ltr'>ταῦτα</span> <span class='ocrx_word' id='word_1_98' title='bbox 715 1356 853 1428; x_wconf 83' lang='grc' dir='ltr'>εὖρῃ</span> <span class='ocrx_word' id='word_1_99' title='bbox 886 1355 1204 1425; x_wconf 86' lang='grc' dir='ltr'>περιουσίαν</span> <span class='ocrx_word' id='word_1_100' title='bbox 1239 1356 1500 1426; x_wconf 80' lang='grc' dir='ltr'><strong>μεγάλην,</strong></span> <span class='ocrx_word' id='word_1_101' title='bbox 1543 1356 1636 1408; x_wconf 71' lang='grc' dir='ltr'><strong>καὶ</strong></span> <span class='ocrx_word' id='word_1_102' title='bbox 1660 1355 1789 1408; x_wconf 81' lang='grc' dir='ltr'>ὑπό-</span> 
     </span>
    </p>
   </div>
   <div class='ocr_carea' id='block_1_15' title="bbox 220 1444 1790 1518">
    <p class='ocr_par' dir='ltr' id='par_1_15' title="bbox 220 1444 1790 1518">
     <span class='ocr_line' id='line_1_15' title="bbox 220 1444 1790 1518; baseline -0.001 -19"><span class='ocrx_word' id='word_1_103' title='bbox 220 1465 423 1500; x_wconf 80' lang='grc' dir='ltr'>στασιν</span> <span class='ocrx_word' id='word_1_104' title='bbox 470 1446 691 1518; x_wconf 84' lang='grc' dir='ltr'>πολλὴν,</span> <span class='ocrx_word' id='word_1_105' title='bbox 738 1447 832 1498; x_wconf 77' lang='grc' dir='ltr'>καὶ</span> <span class='ocrx_word' id='word_1_106' title='bbox 859 1446 1041 1498; x_wconf 85' lang='grc' dir='ltr'>οὐκέτι</span> <span class='ocrx_word' id='word_1_107' title='bbox 1072 1445 1277 1498; x_wconf 84' lang='grc' dir='ltr'>δέδοικε</span> <span class='ocrx_word' id='word_1_108' title='bbox 1326 1445 1529 1514; x_wconf 81' lang='grc' dir='ltr'>ζημίαν</span> <span class='ocrx_word' id='word_1_109' title='bbox 1579 1444 1667 1497; x_wconf 78' lang='grc' dir='ltr'><strong>διὰ</strong></span> <span class='ocrx_word' id='word_1_110' title='bbox 1700 1445 1790 1497; x_wconf 85' lang='grc' dir='ltr'><strong>τὸν</strong></span> 
     </span>
    </p>
   </div>
   <div class='ocr_carea' id='block_1_16' title="bbox 221 1537 1787 1607">
    <p class='ocr_par' dir='ltr' id='par_1_16' title="bbox 221 1537 1787 1607">
     <span class='ocr_line' id='line_1_16' title="bbox 221 1537 1787 1607; baseline -0.001 -16"><span class='ocrx_word' id='word_1_111' title='bbox 221 1540 603 1592; x_wconf 78' lang='grc' dir='ltr'>πλεονάσαντα</span> <span class='ocrx_word' id='word_1_112' title='bbox 645 1538 873 1591; x_wconf 81' lang='grc' dir='ltr'>πλοῦτον</span> <span class='ocrx_word' id='word_1_113' title='bbox 900 1555 915 1571; x_wconf 79' lang='grc' dir='ltr'><strong><em>ο</em></strong></span> <span class='ocrx_word' id='word_1_114' title='bbox 967 1537 1141 1598; x_wconf 73' lang='grc' dir='ltr'>οὕτως</span> <span class='ocrx_word' id='word_1_115' title='bbox 1189 1538 1282 1591; x_wconf 77' lang='grc' dir='ltr'>καὶ</span> <span class='ocrx_word' id='word_1_116' title='bbox 1327 1539 1376 1590; x_wconf 82' lang='grc' dir='ltr'>οἱ</span> <span class='ocrx_word' id='word_1_117' title='bbox 1411 1539 1787 1607; x_wconf 69' lang='grc' dir='ltr'>πνευματικοὶ,</span> 
     </span>
    </p>
   </div>
   <div class='ocr_carea' id='block_1_17' title="bbox 222 1629 1790 1699">
    <p class='ocr_par' dir='ltr' id='par_1_17' title="bbox 222 1629 1790 1699">
     <span class='ocr_line' id='line_1_17' title="bbox 222 1629 1790 1699; baseline 0.001 -18"><span class='ocrx_word' id='word_1_118' title='bbox 222 1630 447 1699; x_wconf 83' lang='grc' dir='ltr'>πρῶτον</span> <span class='ocrx_word' id='word_1_119' title='bbox 481 1631 778 1694; x_wconf 85' lang='grc' dir='ltr'>διελθόντες</span> <span class='ocrx_word' id='word_1_120' title='bbox 806 1631 865 1683; x_wconf 81' lang='grc' dir='ltr'>ὲν</span> <span class='ocrx_word' id='word_1_121' title='bbox 897 1631 1110 1693; x_wconf 82' lang='grc' dir='ltr'>πολλοῖς</span> <span class='ocrx_word' id='word_1_122' title='bbox 1149 1632 1475 1699; x_wconf 84' lang='grc' dir='ltr'>πειρασμοῖς</span> <span class='ocrx_word' id='word_1_123' title='bbox 1506 1630 1600 1683; x_wconf 79' lang='grc' dir='ltr'><strong>καὶ</strong></span> <span class='ocrx_word' id='word_1_124' title='bbox 1631 1629 1790 1699; x_wconf 81' lang='grc' dir='ltr'>φοϐε-</span> 
     </span>
    </p>
   </div>
   <div class='ocr_carea' id='block_1_18' title="bbox 228 1716 1788 1791">
    <p class='ocr_par' dir='ltr' id='par_1_18' title="bbox 228 1716 1788 1791">
     <span class='ocr_line' id='line_1_18' title="bbox 228 1716 1788 1791; baseline 0.001 -19"><span class='ocrx_word' id='word_1_125' title='bbox 228 1720 347 1788; x_wconf 83' lang='grc' dir='ltr'>ροῖς</span> <span class='ocrx_word' id='word_1_126' title='bbox 381 1720 582 1784; x_wconf 81' lang='grc' dir='ltr'>τόποις.</span> <span class='ocrx_word' id='word_1_127' title='bbox 616 1716 747 1774; x_wconf 76' lang='grc' dir='ltr'>Εἶτα</span> <span class='ocrx_word' id='word_1_128' title='bbox 804 1721 1021 1791; x_wconf 88' lang='grc' dir='ltr'>χάριτος</span> <span class='ocrx_word' id='word_1_129' title='bbox 1074 1720 1445 1790; x_wconf 83' lang='grc' dir='ltr'>πληρωθέντες</span> <span class='ocrx_word' id='word_1_130' title='bbox 1497 1720 1591 1774; x_wconf 69' lang='grc' dir='ltr'>καὶ</span> <span class='ocrx_word' id='word_1_131' title='bbox 1619 1738 1788 1790; x_wconf 85' lang='grc' dir='ltr'>μεμε-</span> 
     </span>
    </p>
   </div>
   <div class='ocr_carea' id='block_1_19' title="bbox 230 1810 1785 1879">
    <p class='ocr_par' dir='ltr' id='par_1_19' title="bbox 230 1810 1785 1879">
     <span class='ocr_line' id='line_1_19' title="bbox 230 1810 1785 1879; baseline 0.001 -18"><span class='ocrx_word' id='word_1_132' title='bbox 230 1812 498 1879; x_wconf 84' lang='grc' dir='ltr'>στωμένοι</span> <span class='ocrx_word' id='word_1_133' title='bbox 522 1810 627 1863; x_wconf 85' lang='grc' dir='ltr'><strong>τῶν</strong></span> <span class='ocrx_word' id='word_1_134' title='bbox 653 1811 893 1878; x_wconf 85' lang='grc' dir='ltr'>ἀγαθῶν,</span> <span class='ocrx_word' id='word_1_135' title='bbox 932 1811 1113 1865; x_wconf 83' lang='grc' dir='ltr'>οὐκέτι</span> <span class='ocrx_word' id='word_1_136' title='bbox 1142 1810 1411 1864; x_wconf 83' lang='grc' dir='ltr'>δεδοίκασι</span> <span class='ocrx_word' id='word_1_137' title='bbox 1438 1813 1565 1874; x_wconf 81' lang='grc' dir='ltr'>τοὺς</span> <span class='ocrx_word' id='word_1_138' title='bbox 1603 1811 1785 1865; x_wconf 81' lang='grc' dir='ltr'>θέλον-</span> 
     </span>
    </p>
   </div>
   <div class='ocr_carea' id='block_1_20' title="bbox 224 1900 1790 1972">
    <p class='ocr_par' dir='ltr' id='par_1_20' title="bbox 224 1900 1790 1972">
     <span class='ocr_line' id='line_1_20' title="bbox 224 1900 1790 1972; baseline 0.003 -21"><span class='ocrx_word' id='word_1_139' title='bbox 224 1915 324 1961; x_wconf 83' lang='grc' dir='ltr'><strong>τας</strong></span> <span class='ocrx_word' id='word_1_140' title='bbox 378 1901 574 1963; x_wconf 79' lang='grc' dir='ltr'>αὐτοὺς</span> <span class='ocrx_word' id='word_1_141' title='bbox 616 1901 866 1971; x_wconf 84' lang='grc' dir='ltr'>συλῆσαι,</span> <span class='ocrx_word' id='word_1_142' title='bbox 921 1901 1111 1972; x_wconf 66' lang='grc' dir='ltr'>ἐπειδὴ</span> <span class='ocrx_word' id='word_1_143' title='bbox 1160 1901 1189 1953; x_wconf 94' lang='lat'><strong>6</strong></span> <span class='ocrx_word' id='word_1_144' title='bbox 1232 1900 1461 1965; x_wconf 80' lang='grc' dir='ltr'>πλοῦτος</span> <span class='ocrx_word' id='word_1_145' title='bbox 1512 1903 1612 1955; x_wconf 86' lang='grc' dir='ltr'><strong>οὐκ</strong></span> <span class='ocrx_word' id='word_1_146' title='bbox 1646 1903 1790 1956; x_wconf 80' lang='grc' dir='ltr'>ἐστιν</span> 
     </span>
    </p>
   </div>
   <div class='ocr_carea' id='block_1_21' title="bbox 216 1990 1790 2062">
    <p class='ocr_par' dir='ltr' id='par_1_21' title="bbox 216 1990 1790 2062">
     <span class='ocr_line' id='line_1_21' title="bbox 216 1990 1790 2062; baseline 0.002 -19"><span class='ocrx_word' id='word_1_147' title='bbox 216 1990 416 2051; x_wconf 82' lang='grc' dir='ltr'>αὐτοῖς</span> <span class='ocrx_word' id='word_1_148' title='bbox 437 1990 612 2057; x_wconf 81' lang='grc' dir='ltr'>ὀλίγος</span> <span class='ocrx_word' id='word_1_149' title='bbox 640 2007 654 2021; x_wconf 78' lang='grc' dir='ltr'><strong><em>ο</em></strong></span> <span class='ocrx_word' id='word_1_150' title='bbox 682 1990 863 2060; x_wconf 81' lang='grc' dir='ltr'>έχουσι</span> <span class='ocrx_word' id='word_1_151' title='bbox 892 1992 949 2044; x_wconf 84' lang='grc' dir='ltr'>δὲ</span> <span class='ocrx_word' id='word_1_152' title='bbox 971 1994 1063 2044; x_wconf 82' lang='grc' dir='ltr'><strong>καὶ</strong></span> <span class='ocrx_word' id='word_1_153' title='bbox 1101 1990 1284 2059; x_wconf 81' lang='grc' dir='ltr'>φόϐον,</span> <span class='ocrx_word' id='word_1_154' title='bbox 1336 1992 1397 2044; x_wconf 85' lang='grc' dir='ltr'><strong>οὐ</strong></span> <span class='ocrx_word' id='word_1_155' title='bbox 1446 1992 1554 2045; x_wconf 84' lang='grc' dir='ltr'>τῶν</span> <span class='ocrx_word' id='word_1_156' title='bbox 1591 1992 1790 2062; x_wconf 67' lang='grc' dir='ltr'>φοϐουι</span> 
     </span>
    </p>
   </div>
   <div class='ocr_carea' id='block_1_22' title="bbox 215 2080 1789 2155">
    <p class='ocr_par' dir='ltr' id='par_1_22' title="bbox 215 2080 1789 2155">
     <span class='ocr_line' id='line_1_22' title="bbox 215 2080 1789 2155; baseline 0.005 -25"><span class='ocrx_word' id='word_1_157' title='bbox 215 2080 413 2149; x_wconf 84' lang='grc' dir='ltr'>μένων</span> <span class='ocrx_word' id='word_1_158' title='bbox 441 2080 511 2131; x_wconf 75' lang='grc' dir='ltr'>τὰ</span> <span class='ocrx_word' id='word_1_159' title='bbox 551 2080 761 2151; x_wconf 77' lang='grc' dir='ltr'>πονηρὰ</span> <span class='ocrx_word' id='word_1_160' title='bbox 791 2081 1093 2151; x_wconf 81' lang='grc' dir='ltr'>πνεύματα,</span> <span class='ocrx_word' id='word_1_161' title='bbox 1125 2082 1263 2135; x_wconf 74' lang='grc' dir='ltr'>ἀλλὰ</span> <span class='ocrx_word' id='word_1_162' title='bbox 1296 2082 1461 2150; x_wconf 87' lang='grc' dir='ltr'>φόϐον</span> <span class='ocrx_word' id='word_1_163' title='bbox 1499 2084 1595 2136; x_wconf 75' lang='grc' dir='ltr'><strong>καὶ</strong></span> <span class='ocrx_word' id='word_1_164' title='bbox 1635 2085 1789 2155; x_wconf 86' lang='grc' dir='ltr'>μέρι-</span> 
     </span>
    </p>
   </div>
   <div class='ocr_carea' id='block_1_23' title="bbox 213 2171 1791 2245">
    <p class='ocr_par' dir='ltr' id='par_1_23' title="bbox 213 2171 1791 2245">
     <span class='ocr_line' id='line_1_23' title="bbox 213 2171 1791 2245; baseline 0.005 -23"><span class='ocrx_word' id='word_1_165' title='bbox 213 2187 395 2241; x_wconf 87' lang='grc' dir='ltr'>μναν,</span> <span class='ocrx_word' id='word_1_166' title='bbox 442 2171 560 2234; x_wconf 84' lang='grc' dir='ltr'><strong>πῶς</strong></span> <span class='ocrx_word' id='word_1_167' title='bbox 623 2172 960 2243; x_wconf 78' lang='grc' dir='ltr'>διοικήσουσι</span> <span class='ocrx_word' id='word_1_168' title='bbox 1006 2173 1076 2227; x_wconf 83' lang='grc' dir='ltr'><strong>τά</strong></span> <span class='ocrx_word' id='word_1_169' title='bbox 1126 2174 1556 2245; x_wconf 80' lang='grc' dir='ltr'>ὲμπιστευθέντα</span> <span class='ocrx_word' id='word_1_170' title='bbox 1608 2177 1791 2241; x_wconf 80' lang='grc' dir='ltr'>αὐτοῖς</span> 
     </span>
    </p>
   </div>
   <div class='ocr_carea' id='block_1_24' title="bbox 215 2265 945 2337">
    <p class='ocr_par' dir='ltr' id='par_1_24' title="bbox 215 2265 945 2337">
     <span class='ocr_line' id='line_1_24' title="bbox 215 2265 945 2337; baseline 0.004 -20"><span class='ocrx_word' id='word_1_171' title='bbox 215 2282 355 2317; x_wconf 82' lang='grc' dir='ltr'>πνευ</span> <span class='ocrx_word' id='word_1_172' title='bbox 365 2265 575 2334; x_wconf 86' lang='grc' dir='ltr'>ματικά</span> <span class='ocrx_word' id='word_1_173' title='bbox 609 2266 945 2337; x_wconf 78' lang='grc' dir='ltr'>χαρίσματα.</span> 
     </span>
    </p>
   </div>
   <div class='ocr_carea' id='block_1_25' title="bbox 303 2522 1792 2601">
    <p class='ocr_par' dir='ltr' id='par_1_25' title="bbox 303 2522 1792 2601">
     <span class='ocr_line' id='line_1_25' title="bbox 303 2522 1792 2601; baseline 0.007 -24"><span class='ocrx_word' id='word_1_174' title='bbox 303 2522 396 2578; x_wconf 83' lang='lat' dir='ltr'><strong>lB‘.</strong></span> <span class='ocrx_word' id='word_1_175' title='bbox 454 2525 613 2595; x_wconf 84' lang='grc' dir='ltr'>Ἔχει</span> <span class='ocrx_word' id='word_1_176' title='bbox 650 2525 706 2578; x_wconf 88' lang='grc' dir='ltr'>δὲ</span> <span class='ocrx_word' id='word_1_177' title='bbox 753 2527 781 2579; x_wconf 91' lang='lat'><strong>6</strong></span> <span class='ocrx_word' id='word_1_178' title='bbox 828 2526 1067 2590; x_wconf 83' lang='grc' dir='ltr'>τοιοῦτος</span> <span class='ocrx_word' id='word_1_179' title='bbox 1118 2528 1558 2601; x_wconf 79' lang='grc' dir='ltr'>έξουδενούμενον</span> <span class='ocrx_word' id='word_1_180' title='bbox 1603 2534 1792 2588; x_wconf 79' lang='grc' dir='ltr'>ἑαυτὸν</span> 
     </span>
    </p>
   </div>
   <div class='ocr_carea' id='block_1_26' title="bbox 224 2613 1792 2691">
    <p class='ocr_par' dir='ltr' id='par_1_26' title="bbox 224 2613 1792 2691">
     <span class='ocr_line' id='line_1_26' title="bbox 224 2613 1792 2691; baseline 0.008 -27"><span class='ocrx_word' id='word_1_181' title='bbox 224 2614 373 2682; x_wconf 72' lang='grc' dir='ltr'>παρὰ</span> <span class='ocrx_word' id='word_1_182' title='bbox 404 2613 617 2677; x_wconf 85' lang='grc' dir='ltr'>πάντας</span> <span class='ocrx_word' id='word_1_183' title='bbox 651 2616 1026 2686; x_wconf 79' lang='grc' dir='ltr'>ἁμαρτωλοὺς,</span> <span class='ocrx_word' id='word_1_184' title='bbox 1080 2620 1174 2671; x_wconf 76' lang='grc' dir='ltr'><strong>καὶ</strong></span> <span class='ocrx_word' id='word_1_185' title='bbox 1211 2619 1323 2690; x_wconf 81' lang='grc' dir='ltr'>ἕχει</span> <span class='ocrx_word' id='word_1_186' title='bbox 1382 2625 1441 2675; x_wconf 79' lang='grc' dir='ltr'>ὲν</span> <span class='ocrx_word' id='word_1_187' title='bbox 1488 2624 1667 2691; x_wconf 82' lang='grc' dir='ltr'>ἐαυτῷ</span> <span class='ocrx_word' id='word_1_188' title='bbox 1700 2626 1792 2677; x_wconf 81' lang='grc' dir='ltr'><strong>τὸν</strong></span> 
     </span>
    </p>
   </div>
   <div class='ocr_carea' id='block_1_27' title="bbox 220 2703 1792 2783">
    <p class='ocr_par' dir='ltr' id='par_1_27' title="bbox 220 2703 1792 2783">
     <span class='ocr_line' id='line_1_27' title="bbox 220 2703 1792 2783; baseline 0.009 -28"><span class='ocrx_word' id='word_1_189' title='bbox 220 2703 467 2757; x_wconf 80' lang='grc' dir='ltr'>τοιοῦτον</span> <span class='ocrx_word' id='word_1_190' title='bbox 527 2705 784 2776; x_wconf 88' lang='grc' dir='ltr'>λογισμὸν</span> <span class='ocrx_word' id='word_1_191' title='bbox 843 2709 1248 2783; x_wconf 74' lang='grc' dir='ltr'>ἐμφυτευθέντα</span> <span class='ocrx_word' id='word_1_192' title='bbox 1291 2712 1364 2774; x_wconf 84' lang='grc' dir='ltr'>ὡς</span> <span class='ocrx_word' id='word_1_193' title='bbox 1415 2716 1664 2781; x_wconf 82' lang='grc' dir='ltr'>φυσικὸν,</span> <span class='ocrx_word' id='word_1_194' title='bbox 1697 2718 1792 2769; x_wconf 70' lang='grc' dir='ltr'>καὶ</span> 
     </span>
    </p>
   </div>
   <div class='ocr_carea' id='block_1_28' title="bbox 219 2795 1791 2875">
    <p class='ocr_par' dir='ltr' id='par_1_28' title="bbox 219 2795 1791 2875">
     <span class='ocr_line' id='line_1_28' title="bbox 219 2795 1791 2875; baseline 0.008 -29"><span class='ocrx_word' id='word_1_195' title='bbox 219 2796 348 2847; x_wconf 82' lang='grc' dir='ltr'>ὅσον</span> <span class='ocrx_word' id='word_1_196' title='bbox 379 2795 685 2866; x_wconf 81' lang='grc' dir='ltr'>εἰσέρχεται</span> <span class='ocrx_word' id='word_1_197' title='bbox 719 2800 797 2861; x_wconf 81' lang='grc' dir='ltr'>εἰς</span> <span class='ocrx_word' id='word_1_198' title='bbox 827 2798 1026 2866; x_wconf 84' lang='grc' dir='ltr'>γνῶσιν</span> <span class='ocrx_word' id='word_1_199' title='bbox 1060 2800 1217 2865; x_wconf 82' lang='grc' dir='ltr'>Θεοῦ,</span> <span class='ocrx_word' id='word_1_200' title='bbox 1256 2803 1511 2857; x_wconf 83' lang='grc' dir='ltr'>τοσοῦτον</span> <span class='ocrx_word' id='word_1_201' title='bbox 1546 2805 1657 2875; x_wconf 76' lang='grc' dir='ltr'>ἔχει</span> <span class='ocrx_word' id='word_1_202' title='bbox 1690 2808 1791 2861; x_wconf 81' lang='grc' dir='ltr'>αὐ-</span> 
     </span>
    </p>
   </div>
   <div class='ocr_carea' id='block_1_29' title="bbox 224 2884 1792 2963">
    <p class='ocr_par' dir='ltr' id='par_1_29' title="bbox 224 2884 1792 2963">
     <span class='ocr_line' id='line_1_29' title="bbox 224 2884 1792 2963; baseline 0.007 -27"><span class='ocrx_word' id='word_1_203' title='bbox 224 2884 317 2936; x_wconf 85' lang='grc' dir='ltr'><strong>τὸν</strong></span> <span class='ocrx_word' id='word_1_204' title='bbox 358 2884 595 2953; x_wconf 79' lang='grc' dir='ltr'>ἰδιώτην,</span> <span class='ocrx_word' id='word_1_205' title='bbox 626 2887 719 2939; x_wconf 77' lang='grc' dir='ltr'><strong>καὶ</strong></span> <span class='ocrx_word' id='word_1_206' title='bbox 782 2888 904 2940; x_wconf 85' lang='grc' dir='ltr'>ὅσον</span> <span class='ocrx_word' id='word_1_207' title='bbox 964 2888 1248 2957; x_wconf 84' lang='grc' dir='ltr'>μανθάνει,</span> <span class='ocrx_word' id='word_1_208' title='bbox 1302 2894 1382 2955; x_wconf 85' lang='grc' dir='ltr'><strong>είς</strong></span> <span class='ocrx_word' id='word_1_209' title='bbox 1432 2892 1599 2963; x_wconf 85' lang='grc' dir='ltr'>μηδὲν</span> <span class='ocrx_word' id='word_1_210' title='bbox 1637 2896 1792 2959; x_wconf 78' lang='grc' dir='ltr'>εἰδώς</span> 
     </span>
    </p>
   </div>
   <div class='ocr_carea' id='block_1_30' title="bbox 226 2975 1790 3058">
    <p class='ocr_par' dir='ltr' id='par_1_30' title="bbox 226 2975 1790 3058">
     <span class='ocr_line' id='line_1_30' title="bbox 226 2975 1790 3058; baseline 0.006 -29"><span class='ocrx_word' id='word_1_211' title='bbox 226 2978 364 3030; x_wconf 71' lang='grc' dir='ltr'>ἔστι.</span> <span class='ocrx_word' id='word_1_212' title='bbox 395 2975 579 3031; x_wconf 82' lang='grc' dir='ltr'>Ταῦτα</span> <span class='ocrx_word' id='word_1_213' title='bbox 599 2979 653 3030; x_wconf 87' lang='grc' dir='ltr'>δὲ</span> <span class='ocrx_word' id='word_1_214' title='bbox 687 2981 718 3049; x_wconf 79' lang='grc' dir='ltr'>ἡ</span> <span class='ocrx_word' id='word_1_215' title='bbox 750 2979 905 3049; x_wconf 89' lang='grc' dir='ltr'>χάρις</span> <span class='ocrx_word' id='word_1_216' title='bbox 936 2980 1281 3048; x_wconf 84' lang='grc' dir='ltr'>διακονοῦσα,</span> <span class='ocrx_word' id='word_1_217' title='bbox 1311 2983 1386 3045; x_wconf 87' lang='grc' dir='ltr'>ὡς</span> <span class='ocrx_word' id='word_1_218' title='bbox 1416 2984 1620 3054; x_wconf 87' lang='grc' dir='ltr'>φυσικά</span> <span class='ocrx_word' id='word_1_219' title='bbox 1642 2987 1701 3040; x_wconf 85' lang='grc' dir='ltr'>ὲν</span> <span class='ocrx_word' id='word_1_220' title='bbox 1726 2990 1790 3058; x_wconf 81' lang='grc' dir='ltr'>τῇ</span> 
     </span>
    </p>
   </div>
   <div class='ocr_carea' id='block_1_31' title="bbox 230 3068 1791 3146">
    <p class='ocr_par' dir='ltr' id='par_1_31' title="bbox 230 3068 1791 3146">
     <span class='ocr_line' id='line_1_31' title="bbox 230 3068 1791 3146; baseline 0.007 -26"><span class='ocrx_word' id='word_1_221' title='bbox 230 3068 375 3139; x_wconf 77' lang='grc' dir='ltr'>ψυχῇ</span> <span class='ocrx_word' id='word_1_222' title='bbox 405 3070 797 3140; x_wconf 80' lang='grc' dir='ltr'>ἀπεργάζεται.</span> <span class='ocrx_word' id='word_1_223' title='bbox 826 3072 1034 3142; x_wconf 84' lang='grc' dir='ltr'>Ὥσπερ</span> <span class='ocrx_word' id='word_1_224' title='bbox 1062 3073 1157 3126; x_wconf 80' lang='grc' dir='ltr'><strong>ἐάν</strong></span> <span class='ocrx_word' id='word_1_225' title='bbox 1251 3076 1462 3128; x_wconf 87' lang='grc' dir='ltr'>παιδίον</span> <span class='ocrx_word' id='word_1_226' title='bbox 1479 3077 1582 3130; x_wconf 86' lang='grc' dir='ltr'><strong>ὑπὸ</strong></span> <span class='ocrx_word' id='word_1_227' title='bbox 1616 3080 1791 3132; x_wconf 88' lang='grc' dir='ltr'>νεανί-</span> 
     </span>
    </p>
   </div>
   <div class='ocr_carea' id='block_1_32' title="bbox 1891 707 3446 777">
    <p class='ocr_par' dir='ltr' id='par_1_32' title="bbox 1891 707 3446 777">
     <span class='ocr_line' id='line_1_32' title="bbox 1891 707 3446 777; baseline -0.006 -8"><span class='ocrx_word' id='word_1_228' title='bbox 1891 715 2094 769; x_wconf 89' lang='lat' dir='ltr'><strong>habere</strong></span> <span class='ocrx_word' id='word_1_229' title='bbox 2123 729 2239 777; x_wconf 88' lang='lat' dir='ltr'><strong>cor,</strong></span> <span class='ocrx_word' id='word_1_230' title='bbox 2270 728 2395 767; x_wconf 89' lang='lat' dir='ltr'><strong>cum</strong></span> <span class='ocrx_word' id='word_1_231' title='bbox 2425 720 2574 766; x_wconf 86' lang='lat' dir='ltr'><strong>metu</strong></span> <span class='ocrx_word' id='word_1_232' title='bbox 2600 717 2656 764; x_wconf 90' lang='lat' dir='ltr'><strong>et</strong></span> <span class='ocrx_word' id='word_1_233' title='bbox 2677 708 3046 763; x_wconf 75' lang='lat' dir='ltr'><strong>sollicitudine</strong></span> <span class='ocrx_word' id='word_1_234' title='bbox 3072 707 3235 761; x_wconf 83' lang='lat' dir='ltr'><strong>vitam</strong></span> <span class='ocrx_word' id='word_1_235' title='bbox 3265 722 3446 776; x_wconf 75' lang='lat' dir='ltr'><strong>agere,</strong></span> 
     </span>
    </p>
   </div>
   <div class='ocr_carea' id='block_1_33' title="bbox 1888 798 3448 870">
    <p class='ocr_par' dir='ltr' id='par_1_33' title="bbox 1888 798 3448 870">
     <span class='ocr_line' id='line_1_33' title="bbox 1888 798 3448 870; baseline -0.006 -9"><span class='ocrx_word' id='word_1_236' title='bbox 1888 815 1944 860; x_wconf 90' lang='lat' dir='ltr'><strong>et</strong></span> <span class='ocrx_word' id='word_1_237' title='bbox 1964 806 2223 861; x_wconf 90' lang='lat' dir='ltr'><strong>continua</strong></span> <span class='ocrx_word' id='word_1_238' title='bbox 2250 805 2390 859; x_wconf 87' lang='lat' dir='ltr'><strong>fame</strong></span> <span class='ocrx_word' id='word_1_239' title='bbox 2416 819 2478 858; x_wconf 89' lang='lat' dir='ltr'><strong>ac</strong></span> <span class='ocrx_word' id='word_1_240' title='bbox 2504 803 2595 857; x_wconf 89' lang='lat' dir='ltr'><strong>siti</strong></span> <span class='ocrx_word' id='word_1_241' title='bbox 2626 802 2797 870; x_wconf 88' lang='lat' dir='ltr'><strong>ipsius</strong></span> <span class='ocrx_word' id='word_1_242' title='bbox 2820 800 2950 854; x_wconf 90' lang='lat' dir='ltr'><strong>boni</strong></span> <span class='ocrx_word' id='word_1_243' title='bbox 2976 798 3243 854; x_wconf 85' lang='lat' dir='ltr'><strong>laborare.</strong></span> <span class='ocrx_word' id='word_1_244' title='bbox 3261 799 3448 853; x_wconf 86' lang='lat' dir='ltr'><strong>Talem</strong></span> 
     </span>
    </p>
   </div>
   <div class='ocr_carea' id='block_1_34' title="bbox 1888 891 3459 967">
    <p class='ocr_par' dir='ltr' id='par_1_34' title="bbox 1888 891 3459 967">
     <span class='ocr_line' id='line_1_34' title="bbox 1888 891 3459 967; baseline -0.005 -16"><span class='ocrx_word' id='word_1_245' title='bbox 1888 897 2237 967; x_wconf 79' lang='lat' dir='ltr'><strong>postmodum</strong></span> <span class='ocrx_word' id='word_1_246' title='bbox 2263 897 2610 965; x_wconf 73' lang='lat' dir='ltr'><strong>amplectitur</strong></span> <span class='ocrx_word' id='word_1_247' title='bbox 2629 896 2799 967; x_wconf 87' lang='lat' dir='ltr'><strong>gratia</strong></span> <span class='ocrx_word' id='word_1_248' title='bbox 2821 894 2918 948; x_wconf 87' lang='lat' dir='ltr'><strong>Dei</strong></span> <span class='ocrx_word' id='word_1_249' title='bbox 2940 901 2996 948; x_wconf 92' lang='lat' dir='ltr'><strong>et</strong></span> <span class='ocrx_word' id='word_1_250' title='bbox 3016 906 3161 962; x_wconf 90' lang='lat' dir='ltr'><strong>spes,</strong></span> <span class='ocrx_word' id='word_1_251' title='bbox 3179 906 3282 947; x_wconf 86' lang='lat' dir='ltr'><strong>nec</strong></span> <span class='ocrx_word' id='word_1_252' title='bbox 3304 891 3459 945; x_wconf 86' lang='lat' dir='ltr'><strong>ultra</strong></span> 
     </span>
    </p>
   </div>
   <div class='ocr_carea' id='block_1_35' title="bbox 1888 981 3461 1056">
    <p class='ocr_par' dir='ltr' id='par_1_35' title="bbox 1888 981 3461 1056">
     <span class='ocr_line' id='line_1_35' title="bbox 1888 981 3461 1056; baseline -0.004 -15"><span class='ocrx_word' id='word_1_253' title='bbox 1888 995 1972 1042; x_wconf 89' lang='lat' dir='ltr'><strong>est</strong></span> <span class='ocrx_word' id='word_1_254' title='bbox 1998 987 2054 1041; x_wconf 92' lang='lat' dir='ltr'><strong>in</strong></span> <span class='ocrx_word' id='word_1_255' title='bbox 2082 987 2253 1051; x_wconf 88' lang='lat' dir='ltr'><strong>luctu,</strong></span> <span class='ocrx_word' id='word_1_256' title='bbox 2275 986 2370 1041; x_wconf 91' lang='lat' dir='ltr'><strong>sed</strong></span> <span class='ocrx_word' id='word_1_257' title='bbox 2400 986 2596 1056; x_wconf 85' lang='lat' dir='ltr'><strong>gaudio</strong></span> <span class='ocrx_word' id='word_1_258' title='bbox 2621 983 2992 1055; x_wconf 79' lang='lat' dir='ltr'><strong>perfunditur,</strong></span> <span class='ocrx_word' id='word_1_259' title='bbox 3016 981 3243 1052; x_wconf 87' lang='lat' dir='ltr'><strong>perinde</strong></span> <span class='ocrx_word' id='word_1_260' title='bbox 3268 997 3332 1035; x_wconf 90' lang='lat' dir='ltr'><strong>ac</strong></span> <span class='ocrx_word' id='word_1_261' title='bbox 3360 981 3461 1035; x_wconf 79' lang='lat' dir='ltr'><strong>ille~</strong></span> 
     </span>
    </p>
   </div>
   <div class='ocr_carea' id='block_1_36' title="bbox 1889 1070 3448 1146">
    <p class='ocr_par' dir='ltr' id='par_1_36' title="bbox 1889 1070 3448 1146">
     <span class='ocr_line' id='line_1_36' title="bbox 1889 1070 3448 1146; baseline -0.004 -16"><span class='ocrx_word' id='word_1_262' title='bbox 1889 1077 1982 1146; x_wconf 90' lang='lat' dir='ltr'><strong>qui</strong></span> <span class='ocrx_word' id='word_1_263' title='bbox 2024 1077 2338 1132; x_wconf 81' lang='lat' dir='ltr'><strong>thesaurum</strong></span> <span class='ocrx_word' id='word_1_264' title='bbox 2383 1077 2618 1145; x_wconf 88' lang='lat' dir='ltr'><strong>reperit,</strong></span> <span class='ocrx_word' id='word_1_265' title='bbox 2656 1089 2720 1129; x_wconf 90' lang='lat' dir='ltr'><strong>ac</strong></span> <span class='ocrx_word' id='word_1_266' title='bbox 2755 1088 2947 1129; x_wconf 83' lang='lat' dir='ltr'><strong>rursus</strong></span> <span class='ocrx_word' id='word_1_267' title='bbox 2986 1070 3342 1134; x_wconf 83' lang='lat' dir='ltr'><strong>intremiscit,</strong></span> <span class='ocrx_word' id='word_1_268' title='bbox 3376 1086 3448 1124; x_wconf 92' lang='lat' dir='ltr'><strong>ne</strong></span> 
     </span>
    </p>
   </div>
   <div class='ocr_carea' id='block_1_37' title="bbox 1888 1165 3447 1239">
    <p class='ocr_par' dir='ltr' id='par_1_37' title="bbox 1888 1165 3447 1239">
     <span class='ocr_line' id='line_1_37' title="bbox 1888 1165 3447 1239; baseline -0.004 -16"><span class='ocrx_word' id='word_1_269' title='bbox 1888 1184 1998 1239; x_wconf 92' lang='lat' dir='ltr'><strong>quo</strong></span> <span class='ocrx_word' id='word_1_270' title='bbox 2041 1178 2200 1238; x_wconf 89' lang='lat' dir='ltr'><strong>pacto</strong></span> <span class='ocrx_word' id='word_1_271' title='bbox 2242 1184 2369 1224; x_wconf 91' lang='lat' dir='ltr'><strong>eum</strong></span> <span class='ocrx_word' id='word_1_272' title='bbox 2416 1170 2625 1238; x_wconf 86' lang='lat' dir='ltr'><strong>perdat.</strong></span> <span class='ocrx_word' id='word_1_273' title='bbox 2658 1169 2954 1238; x_wconf 85' lang='lat' dir='ltr'><strong>insurgunt</strong></span> <span class='ocrx_word' id='word_1_274' title='bbox 2991 1166 3138 1221; x_wconf 81' lang='lat' dir='ltr'><strong>enim</strong></span> <span class='ocrx_word' id='word_1_275' title='bbox 3183 1165 3447 1219; x_wconf 85' lang='lat' dir='ltr'><strong>latrones.</strong></span> 
     </span>
    </p>
   </div>
   <div class='ocr_carea' id='block_1_38' title="bbox 1889 1256 3450 1331">
    <p class='ocr_par' dir='ltr' id='par_1_38' title="bbox 1889 1256 3450 1331">
     <span class='ocr_line' id='line_1_38' title="bbox 1889 1256 3450 1331; baseline -0.006 -14"><span class='ocrx_word' id='word_1_276' title='bbox 1889 1262 2122 1317; x_wconf 88' lang='lat' dir='ltr'><strong>Perinde</strong></span> <span class='ocrx_word' id='word_1_277' title='bbox 2150 1276 2282 1317; x_wconf 81' lang='lat' dir='ltr'><strong>vero</strong></span> <span class='ocrx_word' id='word_1_278' title='bbox 2307 1277 2373 1317; x_wconf 91' lang='lat' dir='ltr'><strong>ac</strong></span> <span class='ocrx_word' id='word_1_279' title='bbox 2399 1261 2493 1331; x_wconf 89' lang='lat' dir='ltr'><strong>qui</strong></span> <span class='ocrx_word' id='word_1_280' title='bbox 2524 1261 2578 1314; x_wconf 91' lang='lat' dir='ltr'><strong>in</strong></span> <span class='ocrx_word' id='word_1_281' title='bbox 2609 1262 2809 1314; x_wconf 87' lang='lat' dir='ltr'><strong>multas</strong></span> <span class='ocrx_word' id='word_1_282' title='bbox 2834 1260 3106 1314; x_wconf 83' lang='lat' dir='ltr'><strong>latronum</strong></span> <span class='ocrx_word' id='word_1_283' title='bbox 3141 1256 3360 1325; x_wconf 87' lang='lat' dir='ltr'><strong>rapinas</strong></span> <span class='ocrx_word' id='word_1_284' title='bbox 3392 1263 3450 1309; x_wconf 88' lang='lat' dir='ltr'><strong>et</strong></span> 
     </span>
    </p>
   </div>
   <div class='ocr_carea' id='block_1_39' title="bbox 1889 1346 3445 1423">
    <p class='ocr_par' dir='ltr' id='par_1_39' title="bbox 1889 1346 3445 1423">
     <span class='ocr_line' id='line_1_39' title="bbox 1889 1346 3445 1423; baseline -0.004 -16"><span class='ocrx_word' id='word_1_285' title='bbox 1889 1352 2131 1420; x_wconf 88' lang='lat' dir='ltr'><strong>pericula</strong></span> <span class='ocrx_word' id='word_1_286' title='bbox 2162 1353 2407 1423; x_wconf 81' lang='lat' dir='ltr'><strong>illapsus,</strong></span> <span class='ocrx_word' id='word_1_287' title='bbox 2432 1368 2542 1407; x_wconf 94' lang='lat' dir='ltr'><strong>non</strong></span> <span class='ocrx_word' id='word_1_288' title='bbox 2570 1352 2775 1421; x_wconf 81' lang='lat' dir='ltr'><strong>absque</strong></span> <span class='ocrx_word' id='word_1_289' title='bbox 2800 1365 2996 1419; x_wconf 87' lang='lat' dir='ltr'><strong>magno</strong></span> <span class='ocrx_word' id='word_1_290' title='bbox 3027 1349 3215 1402; x_wconf 90' lang='lat' dir='ltr'><strong>labore</strong></span> <span class='ocrx_word' id='word_1_291' title='bbox 3243 1346 3445 1409; x_wconf 85' lang='lat' dir='ltr'><strong>evadit,</strong></span> 
     </span>
    </p>
   </div>
   <div class='ocr_carea' id='block_1_40' title="bbox 1886 1438 3449 1513">
    <p class='ocr_par' dir='ltr' id='par_1_40' title="bbox 1886 1438 3449 1513">
     <span class='ocr_line' id='line_1_40' title="bbox 1886 1438 3449 1513; baseline -0.005 -17"><span class='ocrx_word' id='word_1_292' title='bbox 1886 1457 1952 1496; x_wconf 89' lang='lat' dir='ltr'><strong>ac</strong></span> <span class='ocrx_word' id='word_1_293' title='bbox 1982 1450 2192 1512; x_wconf 86' lang='lat' dir='ltr'><strong>postea,</strong></span> <span class='ocrx_word' id='word_1_294' title='bbox 2216 1442 2532 1513; x_wconf 81' lang='lat' dir='ltr'><strong>ingentibus</strong></span> <span class='ocrx_word' id='word_1_295' title='bbox 2561 1442 2761 1511; x_wconf 87' lang='lat' dir='ltr'><strong>opibus</strong></span> <span class='ocrx_word' id='word_1_296' title='bbox 2788 1456 2851 1495; x_wconf 88' lang='lat' dir='ltr'><strong>ac</strong></span> <span class='ocrx_word' id='word_1_297' title='bbox 2874 1439 3224 1494; x_wconf 87' lang='lat' dir='ltr'><strong>facultatibus</strong></span> <span class='ocrx_word' id='word_1_298' title='bbox 3254 1438 3449 1491; x_wconf 81' lang='lat' dir='ltr'><strong>inven-</strong></span> 
     </span>
    </p>
   </div>
   <div class='ocr_carea' id='block_1_41' title="bbox 1890 1527 3457 1604">
    <p class='ocr_par' dir='ltr' id='par_1_41' title="bbox 1890 1527 3457 1604">
     <span class='ocr_line' id='line_1_41' title="bbox 1890 1527 3457 1604; baseline -0.006 -16"><span class='ocrx_word' id='word_1_299' title='bbox 1890 1534 1982 1593; x_wconf 89' lang='lat' dir='ltr'><strong>tis.</strong></span> <span class='ocrx_word' id='word_1_300' title='bbox 2010 1549 2121 1587; x_wconf 89' lang='lat' dir='ltr'><strong>non</strong></span> <span class='ocrx_word' id='word_1_301' title='bbox 2153 1534 2388 1604; x_wconf 88' lang='lat' dir='ltr'><strong>amplius</strong></span> <span class='ocrx_word' id='word_1_302' title='bbox 2417 1532 2839 1587; x_wconf 88' lang='lat' dir='ltr'><strong>damnumillud</strong></span> <span class='ocrx_word' id='word_1_303' title='bbox 2866 1540 3093 1601; x_wconf 85' lang='lat' dir='ltr'><strong>prepter</strong></span> <span class='ocrx_word' id='word_1_304' title='bbox 3119 1527 3457 1583; x_wconf 76' lang='lat' dir='ltr'><strong>afﬂuentiam-</strong></span> 
     </span>
    </p>
   </div>
   <div class='ocr_carea' id='block_1_42' title="bbox 1888 1618 3446 1693">
    <p class='ocr_par' dir='ltr' id='par_1_42' title="bbox 1888 1618 3446 1693">
     <span class='ocr_line' id='line_1_42' title="bbox 1888 1618 3446 1693; baseline -0.005 -15"><span class='ocrx_word' id='word_1_305' title='bbox 1888 1624 2205 1679; x_wconf 83' lang='lat' dir='ltr'><strong>divitiarum</strong></span> <span class='ocrx_word' id='word_1_306' title='bbox 2232 1624 2427 1679; x_wconf 86' lang='lat' dir='ltr'><strong>metuit</strong></span> <span class='ocrx_word' id='word_1_307' title='bbox 2454 1642 2467 1678; x_wconf 92' lang='lat'>:</span> <span class='ocrx_word' id='word_1_308' title='bbox 2499 1624 2578 1678; x_wconf 85' lang='lat' dir='ltr'><strong>sic</strong></span> <span class='ocrx_word' id='word_1_309' title='bbox 2600 1638 2817 1693; x_wconf 90' lang='lat' dir='ltr'><strong>quoque</strong></span> <span class='ocrx_word' id='word_1_310' title='bbox 2841 1621 3156 1692; x_wconf 89' lang='lat' dir='ltr'><strong>spirituales</strong></span> <span class='ocrx_word' id='word_1_311' title='bbox 3176 1618 3446 1678; x_wconf 87' lang='lat' dir='ltr'><strong>homines.</strong></span> 
     </span>
    </p>
   </div>
   <div class='ocr_carea' id='block_1_43' title="bbox 1888 1707 3453 1783">
    <p class='ocr_par' dir='ltr' id='par_1_43' title="bbox 1888 1707 3453 1783">
     <span class='ocr_line' id='line_1_43' title="bbox 1888 1707 3453 1783; baseline -0.006 -16"><span class='ocrx_word' id='word_1_312' title='bbox 1888 1715 1984 1783; x_wconf 86' lang='lat' dir='ltr'><strong>qui</strong></span> <span class='ocrx_word' id='word_1_313' title='bbox 2030 1712 2185 1783; x_wconf 89' lang='lat' dir='ltr'><strong>prius</strong></span> <span class='ocrx_word' id='word_1_314' title='bbox 2227 1728 2324 1782; x_wconf 91' lang='lat' dir='ltr'><strong>per</strong></span> <span class='ocrx_word' id='word_1_315' title='bbox 2370 1712 2568 1766; x_wconf 88' lang='lat' dir='ltr'><strong>multas</strong></span> <span class='ocrx_word' id='word_1_316' title='bbox 2612 1711 2943 1766; x_wconf 88' lang='lat' dir='ltr'><strong>tentationes</strong></span> <span class='ocrx_word' id='word_1_317' title='bbox 2984 1719 3039 1763; x_wconf 88' lang='lat' dir='ltr'><strong>et</strong></span> <span class='ocrx_word' id='word_1_318' title='bbox 3084 1707 3453 1763; x_wconf 86' lang='lat' dir='ltr'><strong>formidabilia</strong></span> 
     </span>
    </p>
   </div>
   <div class='ocr_carea' id='block_1_44' title="bbox 1888 1798 3449 1873">
    <p class='ocr_par' dir='ltr' id='par_1_44' title="bbox 1888 1798 3449 1873">
     <span class='ocr_line' id='line_1_44' title="bbox 1888 1798 3449 1873; baseline -0.005 -16"><span class='ocrx_word' id='word_1_319' title='bbox 1888 1804 2009 1858; x_wconf 89' lang='lat' dir='ltr'><strong>loca</strong></span> <span class='ocrx_word' id='word_1_320' title='bbox 2043 1803 2379 1858; x_wconf 90' lang='lat' dir='ltr'><strong>transierunt</strong></span> <span class='ocrx_word' id='word_1_321' title='bbox 2410 1821 2425 1857; x_wconf 94' lang='lat'><strong>:</strong></span> <span class='ocrx_word' id='word_1_322' title='bbox 2458 1803 2659 1858; x_wconf 83' lang='lat' dir='ltr'><strong>deinde</strong></span> <span class='ocrx_word' id='word_1_323' title='bbox 2696 1802 2870 1873; x_wconf 85' lang='lat' dir='ltr'><strong>gratia</strong></span> <span class='ocrx_word' id='word_1_324' title='bbox 2907 1799 3147 1869; x_wconf 87' lang='lat' dir='ltr'><strong>impleti,</strong></span> <span class='ocrx_word' id='word_1_325' title='bbox 3179 1798 3449 1865; x_wconf 86' lang='lat' dir='ltr'><strong>bonisque</strong></span> 
     </span>
    </p>
   </div>
   <div class='ocr_carea' id='block_1_45' title="bbox 1892 1886 3449 1963">
    <p class='ocr_par' dir='ltr' id='par_1_45' title="bbox 1892 1886 3449 1963">
     <span class='ocr_line' id='line_1_45' title="bbox 1892 1886 3449 1963; baseline -0.008 -13"><span class='ocrx_word' id='word_1_326' title='bbox 1892 1895 2158 1950; x_wconf 90' lang='lat' dir='ltr'><strong>cumulati</strong></span> <span class='ocrx_word' id='word_1_327' title='bbox 2204 1904 2363 1959; x_wconf 91' lang='lat' dir='ltr'><strong>sunt,</strong></span> <span class='ocrx_word' id='word_1_328' title='bbox 2397 1910 2507 1948; x_wconf 90' lang='lat' dir='ltr'><strong>non</strong></span> <span class='ocrx_word' id='word_1_329' title='bbox 2555 1892 2789 1963; x_wconf 87' lang='lat' dir='ltr'><strong>amplius</strong></span> <span class='ocrx_word' id='word_1_330' title='bbox 2834 1891 2955 1945; x_wconf 92' lang='lat' dir='ltr'><strong>illos</strong></span> <span class='ocrx_word' id='word_1_331' title='bbox 2998 1888 3319 1950; x_wconf 83' lang='lat' dir='ltr'><strong>formidant,</strong></span> <span class='ocrx_word' id='word_1_332' title='bbox 3356 1886 3449 1954; x_wconf 90' lang='lat' dir='ltr'><strong>qui</strong></span> 
     </span>
    </p>
   </div>
   <div class='ocr_carea' id='block_1_46' title="bbox 1892 1979 3456 2055">
    <p class='ocr_par' dir='ltr' id='par_1_46' title="bbox 1892 1979 3456 2055">
     <span class='ocr_line' id='line_1_46' title="bbox 1892 1979 3456 2055; baseline -0.007 -15"><span class='ocrx_word' id='word_1_333' title='bbox 1892 1985 2195 2055; x_wconf 69' lang='lat' dir='ltr'><strong>depraedari</strong></span> <span class='ocrx_word' id='word_1_334' title='bbox 2223 2000 2317 2039; x_wconf 89' lang='lat' dir='ltr'><strong>eos</strong></span> <span class='ocrx_word' id='word_1_335' title='bbox 2340 1984 2619 2048; x_wconf 87' lang='lat' dir='ltr'><strong>volebant,</strong></span> <span class='ocrx_word' id='word_1_336' title='bbox 2637 1982 2894 2052; x_wconf 91' lang='lat' dir='ltr'><strong>quoniam</strong></span> <span class='ocrx_word' id='word_1_337' title='bbox 2925 1980 3069 2034; x_wconf 80' lang='lat' dir='ltr'><strong>haud</strong></span> <span class='ocrx_word' id='word_1_338' title='bbox 3093 1979 3299 2048; x_wconf 69' lang='lat' dir='ltr'><strong>exigua:</strong></span> <span class='ocrx_word' id='word_1_339' title='bbox 3325 1984 3456 2031; x_wconf 81' lang='lat' dir='ltr'><strong>sunt</strong></span> 
     </span>
    </p>
   </div>
   <div class='ocr_carea' id='block_1_47' title="bbox 1893 2070 3453 2147">
    <p class='ocr_par' dir='ltr' id='par_1_47' title="bbox 1893 2070 3453 2147">
     <span class='ocr_line' id='line_1_47' title="bbox 1893 2070 3453 2147; baseline -0.005 -14"><span class='ocrx_word' id='word_1_340' title='bbox 1893 2079 2136 2147; x_wconf 91' lang='lat' dir='ltr'><strong>ipsorum</strong></span> <span class='ocrx_word' id='word_1_341' title='bbox 2167 2092 2330 2146; x_wconf 90' lang='lat' dir='ltr'><strong>opes;</strong></span> <span class='ocrx_word' id='word_1_342' title='bbox 2368 2091 2478 2130; x_wconf 91' lang='lat' dir='ltr'><strong>non</strong></span> <span class='ocrx_word' id='word_1_343' title='bbox 2512 2085 2693 2129; x_wconf 88' lang='lat' dir='ltr'><strong>tamen</strong></span> <span class='ocrx_word' id='word_1_344' title='bbox 2727 2089 2952 2144; x_wconf 90' lang='lat' dir='ltr'><strong>prorsus</strong></span> <span class='ocrx_word' id='word_1_345' title='bbox 2984 2080 3135 2127; x_wconf 91' lang='lat' dir='ltr'><strong>metu</strong></span> <span class='ocrx_word' id='word_1_346' title='bbox 3164 2086 3228 2125; x_wconf 91' lang='lat' dir='ltr'><strong>ae</strong></span> <span class='ocrx_word' id='word_1_347' title='bbox 3256 2070 3453 2125; x_wconf 89' lang='lat' dir='ltr'><strong>timore</strong></span> 
     </span>
    </p>
   </div>
   <div class='ocr_carea' id='block_1_48' title="bbox 1890 2161 3465 2235">
    <p class='ocr_par' dir='ltr' id='par_1_48' title="bbox 1890 2161 3465 2235">
     <span class='ocr_line' id='line_1_48' title="bbox 1890 2161 3465 2235; baseline -0.006 -12"><span class='ocrx_word' id='word_1_348' title='bbox 1890 2169 2040 2224; x_wconf 90' lang='lat' dir='ltr'><strong>omni</strong></span> <span class='ocrx_word' id='word_1_349' title='bbox 2079 2177 2300 2233; x_wconf 87' lang='lat' dir='ltr'><strong>carent,</strong></span> <span class='ocrx_word' id='word_1_350' title='bbox 2335 2176 2516 2230; x_wconf 89' lang='lat' dir='ltr'><strong>metu,</strong></span> <span class='ocrx_word' id='word_1_351' title='bbox 2551 2167 2805 2235; x_wconf 87' lang='lat' dir='ltr'><strong>inquam,</strong></span> <span class='ocrx_word' id='word_1_352' title='bbox 2839 2180 2948 2219; x_wconf 92' lang='lat' dir='ltr'><strong>non</strong></span> <span class='ocrx_word' id='word_1_353' title='bbox 2990 2163 3170 2233; x_wconf 86' lang='lat' dir='ltr'><strong>qualis</strong></span> <span class='ocrx_word' id='word_1_354' title='bbox 3216 2170 3328 2224; x_wconf 91' lang='lat' dir='ltr'><strong>est,</strong></span> <span class='ocrx_word' id='word_1_355' title='bbox 3359 2161 3465 2230; x_wconf 72' lang='lat' dir='ltr'><strong>qui</strong></span> 
     </span>
    </p>
   </div>
   <div class='ocr_carea' id='block_1_49' title="bbox 1890 2251 3455 2325">
    <p class='ocr_par' dir='ltr' id='par_1_49' title="bbox 1890 2251 3455 2325">
     <span class='ocr_line' id='line_1_49' title="bbox 1890 2251 3455 2325; baseline -0.008 -12"><span class='ocrx_word' id='word_1_356' title='bbox 1890 2258 2255 2314; x_wconf 84' lang='lat' dir='ltr'><strong>extimescunt</strong></span> <span class='ocrx_word' id='word_1_357' title='bbox 2283 2256 2459 2311; x_wconf 89' lang='lat' dir='ltr'><strong>malos</strong></span> <span class='ocrx_word' id='word_1_358' title='bbox 2487 2256 2746 2325; x_wconf 86' lang='lat' dir='ltr'><strong>spiritus;</strong></span> <span class='ocrx_word' id='word_1_359' title='bbox 2776 2254 2870 2309; x_wconf 87' lang='lat' dir='ltr'><strong>sed</strong></span> <span class='ocrx_word' id='word_1_360' title='bbox 2902 2253 3007 2307; x_wconf 92' lang='lat' dir='ltr'><strong>hoc</strong></span> <span class='ocrx_word' id='word_1_361' title='bbox 3034 2258 3183 2306; x_wconf 91' lang='lat' dir='ltr'><strong>metu</strong></span> <span class='ocrx_word' id='word_1_362' title='bbox 3214 2266 3278 2305; x_wconf 89' lang='lat' dir='ltr'><strong>ac</strong></span> <span class='ocrx_word' id='word_1_363' title='bbox 3305 2251 3455 2305; x_wconf 60' lang='lat' dir='ltr'><strong>solli.</strong></span> 
     </span>
    </p>
   </div>
   <div class='ocr_carea' id='block_1_50' title="bbox 1891 2342 3454 2419">
    <p class='ocr_par' dir='ltr' id='par_1_50' title="bbox 1891 2342 3454 2419">
     <span class='ocr_line' id='line_1_50' title="bbox 1891 2342 3454 2419; baseline -0.006 -14"><span class='ocrx_word' id='word_1_364' title='bbox 1891 2349 2135 2405; x_wconf 89' lang='lat' dir='ltr'><strong>citudine</strong></span> <span class='ocrx_word' id='word_1_365' title='bbox 2162 2357 2447 2419; x_wconf 88' lang='lat' dir='ltr'><strong>urgentur,</strong></span> <span class='ocrx_word' id='word_1_366' title='bbox 2472 2345 2749 2417; x_wconf 91' lang='lat' dir='ltr'><strong>quomodo</strong></span> <span class='ocrx_word' id='word_1_367' title='bbox 2775 2345 2881 2399; x_wconf 89' lang='lat' dir='ltr'><strong>rite</strong></span> <span class='ocrx_word' id='word_1_368' title='bbox 2910 2342 3298 2398; x_wconf 84' lang='lat' dir='ltr'><strong>administrent</strong></span> <span class='ocrx_word' id='word_1_369' title='bbox 3324 2357 3454 2396; x_wconf 91' lang='lat' dir='ltr'><strong>con-</strong></span> 
     </span>
    </p>
   </div>
   <div class='ocr_carea' id='block_1_51' title="bbox 1891 2440 2751 2510">
    <p class='ocr_par' dir='ltr' id='par_1_51' title="bbox 1891 2440 2751 2510">
     <span class='ocr_line' id='line_1_51' title="bbox 1891 2440 2751 2510; baseline -0.003 -14"><span class='ocrx_word' id='word_1_370' title='bbox 1891 2440 2099 2496; x_wconf 90' lang='lat' dir='ltr'><strong>credita</strong></span> <span class='ocrx_word' id='word_1_371' title='bbox 2127 2441 2233 2495; x_wconf 89' lang='lat' dir='ltr'><strong>sibi</strong></span> <span class='ocrx_word' id='word_1_372' title='bbox 2258 2440 2563 2510; x_wconf 88' lang='lat' dir='ltr'><strong>spiritualia</strong></span> <span class='ocrx_word' id='word_1_373' title='bbox 2589 2440 2751 2495; x_wconf 90' lang='lat' dir='ltr'><strong>dona.</strong></span> 
     </span>
    </p>
   </div>
   <div class='ocr_carea' id='block_1_52' title="bbox 1960 2529 3453 2604">
    <p class='ocr_par' dir='ltr' id='par_1_52' title="bbox 1960 2529 3453 2604">
     <span class='ocr_line' id='line_1_52' title="bbox 1960 2529 3453 2604; baseline -0.004 -17"><span class='ocrx_word' id='word_1_374' title='bbox 1960 2532 2075 2587; x_wconf 82' lang='lat' dir='ltr'><strong>Xll.</strong></span> <span class='ocrx_word' id='word_1_375' title='bbox 2096 2534 2296 2589; x_wconf 81' lang='lat' dir='ltr'><strong>Verum</strong></span> <span class='ocrx_word' id='word_1_376' title='bbox 2324 2533 2416 2603; x_wconf 92' lang='lat' dir='ltr'><strong>qui</strong></span> <span class='ocrx_word' id='word_1_377' title='bbox 2444 2532 2713 2604; x_wconf 87' lang='lat' dir='ltr'><strong>ejusmodi</strong></span> <span class='ocrx_word' id='word_1_378' title='bbox 2740 2540 2845 2597; x_wconf 91' lang='lat' dir='ltr'><strong>est,</strong></span> <span class='ocrx_word' id='word_1_379' title='bbox 2866 2538 3087 2601; x_wconf 86' lang='lat' dir='ltr'><strong>reputat</strong></span> <span class='ocrx_word' id='word_1_380' title='bbox 3110 2545 3167 2584; x_wconf 89' lang='lat' dir='ltr'><strong>se</strong></span> <span class='ocrx_word' id='word_1_381' title='bbox 3194 2529 3453 2599; x_wconf 84' lang='lat' dir='ltr'><strong>abjectio-</strong></span> 
     </span>
    </p>
   </div>
   <div class='ocr_carea' id='block_1_53' title="bbox 1892 2621 3453 2693">
    <p class='ocr_par' dir='ltr' id='par_1_53' title="bbox 1892 2621 3453 2693">
     <span class='ocr_line' id='line_1_53' title="bbox 1892 2621 3453 2693; baseline -0.005 -14"><span class='ocrx_word' id='word_1_382' title='bbox 1892 2639 2007 2679; x_wconf 87' lang='lat' dir='ltr'><strong>rem</strong></span> <span class='ocrx_word' id='word_1_383' title='bbox 2036 2624 2291 2679; x_wconf 83' lang='lat' dir='ltr'><strong>omnibus</strong></span> <span class='ocrx_word' id='word_1_384' title='bbox 2315 2624 2717 2693; x_wconf 88' lang='lat' dir='ltr'><strong>peccatoribus,</strong></span> <span class='ocrx_word' id='word_1_385' title='bbox 2746 2624 3018 2691; x_wconf 88' lang='lat' dir='ltr'><strong>talemque</strong></span> <span class='ocrx_word' id='word_1_386' title='bbox 3042 2621 3453 2691; x_wconf 85' lang='lat' dir='ltr'><strong>cogitationem,</strong></span> 
     </span>
    </p>
   </div>
   <div class='ocr_carea' id='block_1_54' title="bbox 1889 2713 3453 2780">
    <p class='ocr_par' dir='ltr' id='par_1_54' title="bbox 1889 2713 3453 2780">
     <span class='ocr_line' id='line_1_54' title="bbox 1889 2713 3453 2780; baseline -0.004 -10"><span class='ocrx_word' id='word_1_387' title='bbox 1889 2715 2040 2770; x_wconf 90' lang='lat' dir='ltr'><strong>velut</strong></span> <span class='ocrx_word' id='word_1_388' title='bbox 2082 2715 2424 2780; x_wconf 89' lang='lat' dir='ltr'><strong>naturalem,</strong></span> <span class='ocrx_word' id='word_1_389' title='bbox 2470 2715 2574 2769; x_wconf 89' lang='lat' dir='ltr'><strong>sibi</strong></span> <span class='ocrx_word' id='word_1_390' title='bbox 2630 2714 2847 2768; x_wconf 86' lang='lat' dir='ltr'><strong>insitam</strong></span> <span class='ocrx_word' id='word_1_391' title='bbox 2899 2713 3091 2777; x_wconf 84' lang='lat' dir='ltr'><strong>habet;</strong></span> <span class='ocrx_word' id='word_1_392' title='bbox 3146 2720 3203 2766; x_wconf 93' lang='lat' dir='ltr'><strong>et</strong></span> <span class='ocrx_word' id='word_1_393' title='bbox 3246 2719 3453 2780; x_wconf 90' lang='lat' dir='ltr'><strong>quanto</strong></span> 
     </span>
    </p>
   </div>
   <div class='ocr_carea' id='block_1_55' title="bbox 1890 2806 3454 2879">
    <p class='ocr_par' dir='ltr' id='par_1_55' title="bbox 1890 2806 3454 2879">
     <span class='ocr_line' id='line_1_55' title="bbox 1890 2806 3454 2879; baseline -0.002 -17"><span class='ocrx_word' id='word_1_394' title='bbox 1890 2809 2063 2879; x_wconf 81' lang='lat' dir='ltr'><strong>magis</strong></span> <span class='ocrx_word' id='word_1_395' title='bbox 2092 2809 2149 2862; x_wconf 92' lang='lat' dir='ltr'><strong>in</strong></span> <span class='ocrx_word' id='word_1_396' title='bbox 2180 2809 2374 2862; x_wconf 91' lang='lat' dir='ltr'><strong>notitia</strong></span> <span class='ocrx_word' id='word_1_397' title='bbox 2405 2809 2500 2861; x_wconf 90' lang='lat' dir='ltr'><strong>Dei</strong></span> <span class='ocrx_word' id='word_1_398' title='bbox 2528 2808 2763 2877; x_wconf 85' lang='lat' dir='ltr'><strong>proficit,</strong></span> <span class='ocrx_word' id='word_1_399' title='bbox 2789 2816 2942 2863; x_wconf 87' lang='lat' dir='ltr'><strong>tanto</strong></span> <span class='ocrx_word' id='word_1_400' title='bbox 2975 2806 3365 2875; x_wconf 90' lang='lat' dir='ltr'><strong>simpliciorem</strong></span> <span class='ocrx_word' id='word_1_401' title='bbox 3396 2820 3454 2859; x_wconf 87' lang='lat' dir='ltr'><strong>se</strong></span> 
     </span>
    </p>
   </div>
   <div class='ocr_carea' id='block_1_56' title="bbox 1890 2900 3455 2971">
    <p class='ocr_par' dir='ltr' id='par_1_56' title="bbox 1890 2900 3455 2971">
     <span class='ocr_line' id='line_1_56' title="bbox 1890 2900 3455 2971; baseline -0.003 -14"><span class='ocrx_word' id='word_1_402' title='bbox 1890 2903 2166 2958; x_wconf 70' lang='lat' dir='ltr'><strong>existimat</strong></span> <span class='ocrx_word' id='word_1_403' title='bbox 2205 2902 2429 2956; x_wconf 89' lang='lat' dir='ltr'><strong>idiotam</strong></span> <span class='ocrx_word' id='word_1_404' title='bbox 2474 2918 2487 2954; x_wconf 92' lang='lat'>:</span> <span class='ocrx_word' id='word_1_405' title='bbox 2528 2908 2584 2957; x_wconf 89' lang='lat' dir='ltr'><strong>et</strong></span> <span class='ocrx_word' id='word_1_406' title='bbox 2619 2909 2824 2971; x_wconf 89' lang='lat' dir='ltr'><strong>quanto</strong></span> <span class='ocrx_word' id='word_1_407' title='bbox 2868 2901 3040 2971; x_wconf 85' lang='lat' dir='ltr'><strong>magis</strong></span> <span class='ocrx_word' id='word_1_408' title='bbox 3078 2900 3358 2963; x_wconf 86' lang='lat' dir='ltr'><strong>didicerit,</strong></span> <span class='ocrx_word' id='word_1_409' title='bbox 3386 2914 3455 2953; x_wconf 92' lang='lat' dir='ltr'><strong>eo</strong></span> 
     </span>
    </p>
   </div>
   <div class='ocr_carea' id='block_1_57' title="bbox 1892 2991 3457 3062">
    <p class='ocr_par' dir='ltr' id='par_1_57' title="bbox 1892 2991 3457 3062">
     <span class='ocr_line' id='line_1_57' title="bbox 1892 2991 3457 3062; baseline -0.003 -15"><span class='ocrx_word' id='word_1_410' title='bbox 1892 2993 2170 3047; x_wconf 90' lang='lat' dir='ltr'><strong>rudiorcm</strong></span> <span class='ocrx_word' id='word_1_411' title='bbox 2215 3007 2274 3046; x_wconf 92' lang='lat' dir='ltr'><strong>se</strong></span> <span class='ocrx_word' id='word_1_412' title='bbox 2322 3001 2559 3061; x_wconf 90' lang='lat' dir='ltr'><strong>reputat.</strong></span> <span class='ocrx_word' id='word_1_413' title='bbox 2590 2992 2717 3047; x_wconf 62' lang='lat' dir='ltr'><strong>Haec</strong></span> <span class='ocrx_word' id='word_1_414' title='bbox 2754 3002 2939 3047; x_wconf 92' lang='lat' dir='ltr'><strong>autem</strong></span> <span class='ocrx_word' id='word_1_415' title='bbox 2977 2992 3155 3062; x_wconf 84' lang='lat' dir='ltr'><strong>gratia</strong></span> <span class='ocrx_word' id='word_1_416' title='bbox 3196 2991 3457 3045; x_wconf 78' lang='lat' dir='ltr'><strong>directrix</strong></span> 
     </span>
    </p>
   </div>
   <div class='ocr_carea' id='block_1_58' title="bbox 1893 3083 3457 3154">
    <p class='ocr_par' dir='ltr' id='par_1_58' title="bbox 1893 3083 3457 3154">
     <span class='ocr_line' id='line_1_58' title="bbox 1893 3083 3457 3154; baseline 0.001 -18"><span class='ocrx_word' id='word_1_417' title='bbox 1893 3084 2043 3138; x_wconf 89' lang='lat' dir='ltr'><strong>velut</strong></span> <span class='ocrx_word' id='word_1_418' title='bbox 2068 3084 2250 3137; x_wconf 87' lang='lat' dir='ltr'><strong>innata</strong></span> <span class='ocrx_word' id='word_1_419' title='bbox 2283 3083 2499 3148; x_wconf 72' lang='lat' dir='ltr'><strong>animae,</strong></span> <span class='ocrx_word' id='word_1_420' title='bbox 2526 3084 2754 3154; x_wconf 81' lang='lat' dir='ltr'><strong>peragit.</strong></span> <span class='ocrx_word' id='word_1_421' title='bbox 2782 3083 3250 3149; x_wconf 82' lang='lat' dir='ltr'><strong>Quemadmodum</strong></span> <span class='ocrx_word' id='word_1_422' title='bbox 3276 3083 3381 3152; x_wconf 79' lang='lat'><strong>72</strong></span> <span class='ocrx_word' id='word_1_423' title='bbox 3409 3083 3457 3137; x_wconf 89' lang='lat' dir='ltr'><strong>si</strong></span> 
     </span>
    </p>
   </div>
   <div class='ocr_carea' id='block_1_59' title="bbox 237 3160 1794 3273">
    <p class='ocr_par' dir='ltr' id='par_1_59' title="bbox 237 3160 1790 3243">
     <span class='ocr_line' id='line_1_59' title="bbox 237 3160 1790 3243; baseline 0.009 -31"><span class='ocrx_word' id='word_1_424' title='bbox 237 3177 364 3213; x_wconf 86' lang='grc' dir='ltr'>σκου</span> <span class='ocrx_word' id='word_1_425' title='bbox 389 3160 788 3233; x_wconf 80' lang='grc' dir='ltr'>βασταζόμενον</span> <span class='ocrx_word' id='word_1_426' title='bbox 817 3166 911 3218; x_wconf 73' lang='grc' dir='ltr'>καὶ</span> <span class='ocrx_word' id='word_1_427' title='bbox 938 3167 966 3217; x_wconf 91' lang='lat'><strong>6</strong></span> <span class='ocrx_word' id='word_1_428' title='bbox 998 3167 1301 3235; x_wconf 81' lang='grc' dir='ltr'>βαστάζων,</span> <span class='ocrx_word' id='word_1_429' title='bbox 1336 3169 1468 3222; x_wconf 82' lang='grc' dir='ltr'>αὐτὸ</span> <span class='ocrx_word' id='word_1_430' title='bbox 1499 3173 1790 3243; x_wconf 79' lang='grc' dir='ltr'>περιφέρει</span> 
     </span>
    </p>
   </div>
   <div class='ocr_carea' id='block_1_60' title="bbox 1897 3160 3455 3273">
    <p class='ocr_par' dir='ltr' id='par_1_60' title="bbox 1897 3174 3455 3245">
     <span class='ocr_line' id='line_1_60' title="bbox 1897 3174 3455 3245; baseline -0.002 -15"><span class='ocrx_word' id='word_1_431' title='bbox 1897 3175 1966 3230; x_wconf 88' lang='lat' dir='ltr'><strong>sit</strong></span> <span class='ocrx_word' id='word_1_432' title='bbox 1992 3175 2191 3239; x_wconf 88' lang='lat' dir='ltr'><strong>infans,</strong></span> <span class='ocrx_word' id='word_1_433' title='bbox 2217 3174 2312 3244; x_wconf 91' lang='lat' dir='ltr'><strong>qui</strong></span> <span class='ocrx_word' id='word_1_434' title='bbox 2340 3189 2369 3227; x_wconf 89' lang='lat' dir='ltr'><strong>a</strong></span> <span class='ocrx_word' id='word_1_435' title='bbox 2390 3174 2592 3244; x_wconf 88' lang='lat' dir='ltr'><strong>juvene</strong></span> <span class='ocrx_word' id='word_1_436' title='bbox 2618 3184 2882 3245; x_wconf 87' lang='lat' dir='ltr'><strong>gestetur,</strong></span> <span class='ocrx_word' id='word_1_437' title='bbox 2907 3174 2952 3227; x_wconf 89' lang='lat' dir='ltr'><strong>is</strong></span> <span class='ocrx_word' id='word_1_438' title='bbox 2978 3174 3071 3243; x_wconf 90' lang='lat' dir='ltr'><strong>qui</strong></span> <span class='ocrx_word' id='word_1_439' title='bbox 3096 3190 3221 3228; x_wconf 90' lang='lat' dir='ltr'><strong>eum</strong></span> <span class='ocrx_word' id='word_1_440' title='bbox 3252 3184 3455 3243; x_wconf 88' lang='lat' dir='ltr'><strong>portat,</strong></span> 
     </span>
    </p>
   </div>
   <div class='ocr_carea' id='block_1_61' title="bbox 236 3252 1791 3332">
    <p class='ocr_par' dir='ltr' id='par_1_61' title="bbox 236 3252 1791 3332">
     <span class='ocr_line' id='line_1_61' title="bbox 236 3252 1791 3332; baseline 0.008 -29"><span class='ocrx_word' id='word_1_441' title='bbox 236 3252 364 3304; x_wconf 76' lang='grc' dir='ltr'>ὅπου</span> <span class='ocrx_word' id='word_1_442' title='bbox 395 3252 538 3304; x_wconf 85' lang='grc' dir='ltr'>θέλει</span> <span class='ocrx_word' id='word_1_443' title='bbox 561 3293 576 3316; x_wconf 94' lang='grc'><strong>,</strong></span> <span class='ocrx_word' id='word_1_444' title='bbox 616 3253 759 3307; x_wconf 81' lang='grc' dir='ltr'>οὓτω</span> <span class='ocrx_word' id='word_1_445' title='bbox 786 3255 875 3307; x_wconf 74' lang='grc' dir='ltr'><strong>καὶ</strong></span> <span class='ocrx_word' id='word_1_446' title='bbox 900 3256 1040 3309; x_wconf 89' lang='grc' dir='ltr'><strong>κατά</strong></span> <span class='ocrx_word' id='word_1_447' title='bbox 1068 3256 1228 3326; x_wconf 82' lang='grc' dir='ltr'>βάθος</span> <span class='ocrx_word' id='word_1_448' title='bbox 1249 3260 1611 3331; x_wconf 79' lang='grc' dir='ltr'>ἐνεργουμένη</span> <span class='ocrx_word' id='word_1_449' title='bbox 1635 3262 1791 3332; x_wconf 87' lang='grc' dir='ltr'>χάρις</span> 
     </span>
    </p>
   </div>
   <div class='ocr_carea' id='block_1_62' title="bbox 242 3342 1791 3424">
    <p class='ocr_par' dir='ltr' id='par_1_62' title="bbox 242 3342 1791 3424">
     <span class='ocr_line' id='line_1_62' title="bbox 242 3342 1791 3424; baseline 0.008 -30"><span class='ocrx_word' id='word_1_450' title='bbox 242 3342 489 3412; x_wconf 75' lang='grc' dir='ltr'>βαστάζει</span> <span class='ocrx_word' id='word_1_451' title='bbox 515 3344 608 3396; x_wconf 86' lang='grc' dir='ltr'>τὸν</span> <span class='ocrx_word' id='word_1_452' title='bbox 634 3345 776 3409; x_wconf 77' lang='grc' dir='ltr'>νοῦν,</span> <span class='ocrx_word' id='word_1_453' title='bbox 818 3348 911 3399; x_wconf 85' lang='grc' dir='ltr'><strong>καὶ</strong></span> <span class='ocrx_word' id='word_1_454' title='bbox 937 3348 1196 3419; x_wconf 80' lang='grc' dir='ltr'>ἀναφέρει</span> <span class='ocrx_word' id='word_1_455' title='bbox 1229 3352 1310 3414; x_wconf 87' lang='grc' dir='ltr'>εἰς</span> <span class='ocrx_word' id='word_1_456' title='bbox 1350 3355 1476 3415; x_wconf 84' lang='grc' dir='ltr'>τοὺς</span> <span class='ocrx_word' id='word_1_457' title='bbox 1505 3354 1791 3424; x_wconf 74' lang='grc' dir='ltr'>οὐρανοὺς,</span> 
     </span>
    </p>
   </div>
   <div class='ocr_carea' id='block_1_63' title="bbox 239 3435 1791 3511">
    <p class='ocr_par' dir='ltr' id='par_1_63' title="bbox 239 3435 1791 3511">
     <span class='ocr_line' id='line_1_63' title="bbox 239 3435 1791 3511; baseline 0.008 -24"><span class='ocrx_word' id='word_1_458' title='bbox 239 3436 313 3498; x_wconf 84' lang='grc' dir='ltr'><strong>είς</strong></span> <span class='ocrx_word' id='word_1_459' title='bbox 351 3436 441 3487; x_wconf 79' lang='grc' dir='ltr'><strong>τὸν</strong></span> <span class='ocrx_word' id='word_1_460' title='bbox 470 3435 673 3498; x_wconf 79' lang='grc' dir='ltr'>τέλειον</span> <span class='ocrx_word' id='word_1_461' title='bbox 692 3438 916 3507; x_wconf 86' lang='grc' dir='ltr'>κόσμον,</span> <span class='ocrx_word' id='word_1_462' title='bbox 948 3440 1029 3502; x_wconf 85' lang='grc' dir='ltr'>εἰς</span> <span class='ocrx_word' id='word_1_463' title='bbox 1050 3440 1149 3511; x_wconf 80' lang='grc' dir='ltr'>τὴν</span> <span class='ocrx_word' id='word_1_464' title='bbox 1175 3442 1393 3498; x_wconf 85' lang='grc' dir='ltr'>αἰώνιον</span> <span class='ocrx_word' id='word_1_465' title='bbox 1423 3446 1791 3499; x_wconf 84' lang='grc' dir='ltr'>κατάπαυσιν.</span> 
     </span>
    </p>
   </div>
   <div class='ocr_carea' id='block_1_64' title="bbox 240 3526 1788 3607">
    <p class='ocr_par' dir='ltr' id='par_1_64' title="bbox 240 3526 1788 3607">
     <span class='ocr_line' id='line_1_64' title="bbox 240 3526 1788 3607; baseline 0.009 -29"><span class='ocrx_word' id='word_1_466' title='bbox 240 3526 347 3578; x_wconf 77' lang='grc' dir='ltr'><strong>Καὶ</strong></span> <span class='ocrx_word' id='word_1_467' title='bbox 375 3527 434 3579; x_wconf 80' lang='grc' dir='ltr'>ὲν</span> <span class='ocrx_word' id='word_1_468' title='bbox 461 3527 597 3597; x_wconf 76' lang='grc' dir='ltr'>αὐτῇ</span> <span class='ocrx_word' id='word_1_469' title='bbox 627 3528 682 3580; x_wconf 82' lang='grc' dir='ltr'>δὲ</span> <span class='ocrx_word' id='word_1_470' title='bbox 702 3531 766 3600; x_wconf 84' lang='grc' dir='ltr'>τῇ</span> <span class='ocrx_word' id='word_1_471' title='bbox 791 3530 975 3601; x_wconf 87' lang='grc' dir='ltr'>χάριτί</span> <span class='ocrx_word' id='word_1_472' title='bbox 1010 3533 1115 3585; x_wconf 86' lang='grc' dir='ltr'>είσι</span> <span class='ocrx_word' id='word_1_473' title='bbox 1145 3534 1317 3605; x_wconf 80' lang='grc' dir='ltr'>μέτρα</span> <span class='ocrx_word' id='word_1_474' title='bbox 1346 3537 1439 3589; x_wconf 61' lang='grc' dir='ltr'><strong>κοιλ¹</strong></span> <span class='ocrx_word' id='word_1_475' title='bbox 1477 3537 1788 3607; x_wconf 80' lang='grc' dir='ltr'>ἀξιώματα.</span> 
     </span>
    </p>
   </div>
   <div class='ocr_carea' id='block_1_65' title="bbox 245 3618 1797 3699">
    <p class='ocr_par' dir='ltr' id='par_1_65' title="bbox 245 3618 1797 3699">
     <span class='ocr_line' id='line_1_65' title="bbox 245 3618 1797 3699; baseline 0.006 -29"><span class='ocrx_word' id='word_1_476' title='bbox 245 3618 426 3680; x_wconf 71' lang='grc' dir='ltr'><strong>⁹Αλλος</strong></span> <span class='ocrx_word' id='word_1_477' title='bbox 454 3618 599 3671; x_wconf 80' lang='grc' dir='ltr'>ἐστὶν</span> <span class='ocrx_word' id='word_1_478' title='bbox 654 3622 683 3671; x_wconf 88' lang='lat'><strong>6</strong></span> <span class='ocrx_word' id='word_1_479' title='bbox 737 3622 1111 3693; x_wconf 86' lang='grc' dir='ltr'>στρατηλάτης</span> <span class='ocrx_word' id='word_1_480' title='bbox 1148 3624 1285 3694; x_wconf 78' lang='grc' dir='ltr'>ἔχων</span> <span class='ocrx_word' id='word_1_481' title='bbox 1317 3628 1630 3697; x_wconf 74' lang='grc' dir='ltr'>παρρησίαν</span> <span class='ocrx_word' id='word_1_482' title='bbox 1661 3630 1797 3699; x_wconf 75' lang='grc' dir='ltr'>πρὸς</span> 
     </span>
    </p>
   </div>
   <div class='ocr_carea' id='block_1_66' title="bbox 248 3709 1797 3791">
    <p class='ocr_par' dir='ltr' id='par_1_66' title="bbox 248 3709 1797 3791">
     <span class='ocr_line' id='line_1_66' title="bbox 248 3709 1797 3791; baseline 0.009 -31"><span class='ocrx_word' id='word_1_483' title='bbox 248 3710 329 3761; x_wconf 69' lang='grc' dir='ltr'><strong>τὸν</strong></span> <span class='ocrx_word' id='word_1_484' title='bbox 368 3709 606 3779; x_wconf 85' lang='grc' dir='ltr'>βασιλέα,</span> <span class='ocrx_word' id='word_1_485' title='bbox 643 3711 736 3764; x_wconf 64' lang='grc' dir='ltr'><strong>καλ⁵</strong></span> <span class='ocrx_word' id='word_1_486' title='bbox 768 3714 796 3765; x_wconf 88' lang='lat'><strong>6</strong></span> <span class='ocrx_word' id='word_1_487' title='bbox 827 3712 983 3778; x_wconf 63' lang='grc' dir='ltr'>ἄλλοις</span> <span class='ocrx_word' id='word_1_488' title='bbox 1033 3717 1178 3769; x_wconf 75' lang='grc' dir='ltr'>ἐστὶν</span> <span class='ocrx_word' id='word_1_489' title='bbox 1233 3720 1261 3770; x_wconf 92' lang='lat'><strong>6</strong></span> <span class='ocrx_word' id='word_1_490' title='bbox 1306 3719 1548 3789; x_wconf 73' lang='grc' dir='ltr'>ἡγεμών.</span> <span class='ocrx_word' id='word_1_491' title='bbox 1585 3721 1797 3791; x_wconf 85' lang='grc' dir='ltr'>Ὥσπερ</span> 
     </span>
    </p>
   </div>
   <div class='ocr_carea' id='block_1_67' title="bbox 256 3792 1798 3876">
    <p class='ocr_par' dir='ltr' id='par_1_67' title="bbox 256 3792 1798 3876">
     <span class='ocr_line' id='line_1_67' title="bbox 256 3792 1798 3876; baseline 0.01 -29"><span class='ocrx_word' id='word_1_492' title='bbox 256 3792 384 3859; x_wconf 80' lang='grc' dir='ltr'>οἶκος</span> <span class='ocrx_word' id='word_1_493' title='bbox 405 3799 832 3869; x_wconf 83' lang='grc' dir='ltr'>πεπληρωμένος</span> <span class='ocrx_word' id='word_1_494' title='bbox 887 3804 1095 3856; x_wconf 81' lang='grc' dir='ltr'>καπνοῦ</span> <span class='ocrx_word' id='word_1_495' title='bbox 1131 3806 1425 3876; x_wconf 82' lang='grc' dir='ltr'>ὑπερεκχεί</span> <span class='ocrx_word' id='word_1_496' title='bbox 1460 3810 1669 3873; x_wconf 84' lang='grc' dir='ltr'>τοῦτον,</span> <span class='ocrx_word' id='word_1_497' title='bbox 1703 3811 1798 3863; x_wconf 73' lang='grc' dir='ltr'><strong>καὶ</strong></span> 
     </span>
    </p>
   </div>
   <div class='ocr_carea' id='block_1_68' title="bbox 260 3889 1797 3972">
    <p class='ocr_par' dir='ltr' id='par_1_68' title="bbox 260 3889 1797 3972">
     <span class='ocr_line' id='line_1_68' title="bbox 260 3889 1797 3972; baseline 0.01 -33"><span class='ocrx_word' id='word_1_498' title='bbox 260 3889 333 3951; x_wconf 85' lang='grc' dir='ltr'><strong>είς</strong></span> <span class='ocrx_word' id='word_1_499' title='bbox 367 3889 440 3941; x_wconf 73' lang='grc' dir='ltr'><strong>τὸν</strong></span> <span class='ocrx_word' id='word_1_500' title='bbox 463 3891 568 3955; x_wconf 78' lang='grc' dir='ltr'>ἔξω</span> <span class='ocrx_word' id='word_1_501' title='bbox 606 3893 745 3962; x_wconf 84' lang='grc' dir='ltr'>ἀέρα</span> <span class='ocrx_word' id='word_1_502' title='bbox 764 3908 777 3922; x_wconf 79' lang='grc'><strong><em>⁸</em></strong></span> <span class='ocrx_word' id='word_1_503' title='bbox 815 3893 987 3957; x_wconf 81' lang='grc' dir='ltr'>οὕτως</span> <span class='ocrx_word' id='word_1_504' title='bbox 1010 3897 1112 3949; x_wconf 85' lang='grc' dir='ltr'><strong>κάν</strong></span> <span class='ocrx_word' id='word_1_505' title='bbox 1143 3900 1210 3968; x_wconf 77' lang='grc' dir='ltr'>τῇ</span> <span class='ocrx_word' id='word_1_506' title='bbox 1232 3898 1374 3967; x_wconf 64' lang='grc' dir='ltr'>ψυχῇ</span> <span class='ocrx_word' id='word_1_507' title='bbox 1401 3901 1797 3972; x_wconf 86' lang='grc' dir='ltr'>μεμεστωμένη</span> 
     </span>
    </p>
   </div>
   <div class='ocr_carea' id='block_1_69' title="bbox 264 3984 1793 4063">
    <p class='ocr_par' dir='ltr' id='par_1_69' title="bbox 264 3984 1793 4063">
     <span class='ocr_line' id='line_1_69' title="bbox 264 3984 1793 4063; baseline 0.01 -30"><span class='ocrx_word' id='word_1_508' title='bbox 264 3984 291 4050; x_wconf 78' lang='grc' dir='ltr'>ἡ</span> <span class='ocrx_word' id='word_1_509' title='bbox 322 3984 463 4036; x_wconf 79' lang='grc' dir='ltr'>κακία</span> <span class='ocrx_word' id='word_1_510' title='bbox 491 3986 879 4055; x_wconf 80' lang='grc' dir='ltr'>ὑπερεκχείται</span> <span class='ocrx_word' id='word_1_511' title='bbox 908 3988 1105 4052; x_wconf 77' lang='grc' dir='ltr'>ἔξωθεν</span> <span class='ocrx_word' id='word_1_512' title='bbox 1134 3992 1225 4044; x_wconf 82' lang='grc' dir='ltr'><strong>καὶ</strong></span> <span class='ocrx_word' id='word_1_513' title='bbox 1253 3992 1492 4043; x_wconf 80' lang='grc' dir='ltr'>ἐπιτελεῖ</span> <span class='ocrx_word' id='word_1_514' title='bbox 1522 3995 1793 4063; x_wconf 87' lang='grc' dir='ltr'>καρπούς.</span> 
     </span>
    </p>
   </div>
   <div class='ocr_carea' id='block_1_70' title="bbox 268 4074 1799 4156">
    <p class='ocr_par' dir='ltr' id='par_1_70' title="bbox 268 4074 1799 4156">
     <span class='ocr_line' id='line_1_70' title="bbox 268 4074 1799 4156; baseline 0.008 -29"><span class='ocrx_word' id='word_1_515' title='bbox 268 4074 344 4138; x_wconf 85' lang='grc' dir='ltr'>Ὠς</span> <span class='ocrx_word' id='word_1_516' title='bbox 374 4075 419 4128; x_wconf 78' lang='grc' dir='ltr'>οἱ</span> <span class='ocrx_word' id='word_1_517' title='bbox 460 4078 927 4147; x_wconf 79' lang='grc' dir='ltr'>ὲγκεχειρισμένοι</span> <span class='ocrx_word' id='word_1_518' title='bbox 973 4080 1147 4150; x_wconf 78' lang='grc' dir='ltr'>ἀρχὰς</span> <span class='ocrx_word' id='word_1_519' title='bbox 1186 4082 1576 4154; x_wconf 85' lang='grc' dir='ltr'>ὲπαρχότητος,</span> <span class='ocrx_word' id='word_1_520' title='bbox 1627 4085 1660 4156; x_wconf 84' lang='grc' dir='ltr'>ἢ</span> <span class='ocrx_word' id='word_1_521' title='bbox 1701 4088 1799 4156; x_wconf 75' lang='grc' dir='ltr'>θηο</span> 
     </span>
    </p>
   </div>
   <div class='ocr_carea' id='block_1_71' title="bbox 251 4166 1796 4249">
    <p class='ocr_par' dir='ltr' id='par_1_71' title="bbox 251 4166 1796 4249">
     <span class='ocr_line' id='line_1_71' title="bbox 251 4166 1796 4249; baseline 0.008 -31"><span class='ocrx_word' id='word_1_522' title='bbox 251 4166 434 4236; x_wconf 81' lang='grc' dir='ltr'>σαυρὺν</span> <span class='ocrx_word' id='word_1_523' title='bbox 452 4168 749 4235; x_wconf 84' lang='grc' dir='ltr'>βασιλικὸν,</span> <span class='ocrx_word' id='word_1_524' title='bbox 780 4170 956 4224; x_wconf 90' lang='grc' dir='ltr'>πάντα</span> <span class='ocrx_word' id='word_1_525' title='bbox 986 4172 1076 4224; x_wconf 86' lang='grc' dir='ltr'><strong>τὸν</strong></span> <span class='ocrx_word' id='word_1_526' title='bbox 1100 4173 1287 4243; x_wconf 85' lang='grc' dir='ltr'>χρόνον</span> <span class='ocrx_word' id='word_1_527' title='bbox 1318 4176 1375 4225; x_wconf 83' lang='grc' dir='ltr'><strong>ὲν</strong></span> <span class='ocrx_word' id='word_1_528' title='bbox 1409 4175 1648 4249; x_wconf 79' lang='grc' dir='ltr'>μερίμνῃ</span> <span class='ocrx_word' id='word_1_529' title='bbox 1671 4178 1796 4239; x_wconf 63' lang='lat' dir='ltr'><strong>erat,</strong></span> 
     </span>
    </p>
   </div>
   <div class='ocr_carea' id='block_1_72' title="bbox 254 4260 1798 4334">
    <p class='ocr_par' dir='ltr' id='par_1_72' title="bbox 254 4260 1798 4334">
     <span class='ocr_line' id='line_1_72' title="bbox 254 4260 1798 4334; baseline 0.007 -23"><span class='ocrx_word' id='word_1_530' title='bbox 254 4262 434 4330; x_wconf 75' lang='grc' dir='ltr'>μήπως</span> <span class='ocrx_word' id='word_1_531' title='bbox 467 4260 573 4331; x_wconf 78' lang='grc' dir='ltr'>ἄρα</span> <span class='ocrx_word' id='word_1_532' title='bbox 608 4261 1030 4332; x_wconf 84' lang='grc' dir='ltr'>προσκρούσωσι</span> <span class='ocrx_word' id='word_1_533' title='bbox 1064 4264 1143 4334; x_wconf 81' lang='grc' dir='ltr'>τῷ</span> <span class='ocrx_word' id='word_1_534' title='bbox 1166 4264 1375 4333; x_wconf 86' lang='grc' dir='ltr'>βασιλεῖ</span> <span class='ocrx_word' id='word_1_535' title='bbox 1400 4282 1415 4297; x_wconf 75' lang='grc'><strong>⁸</strong></span> <span class='ocrx_word' id='word_1_536' title='bbox 1452 4266 1592 4321; x_wconf 78' lang='grc' dir='ltr'>οὕτω</span> <span class='ocrx_word' id='word_1_537' title='bbox 1628 4270 1721 4321; x_wconf 71' lang='grc' dir='ltr'><strong>καὶ</strong></span> <span class='ocrx_word' id='word_1_538' title='bbox 1749 4270 1798 4322; x_wconf 87' lang='grc' dir='ltr'>οἱ</span> 
     </span>
    </p>
   </div>
   <div class='ocr_carea' id='block_1_73' title="bbox 249 4352 1798 4434">
    <p class='ocr_par' dir='ltr' id='par_1_73' title="bbox 249 4352 1798 4434">
     <span class='ocr_line' id='line_1_73' title="bbox 249 4352 1798 4434; baseline 0.005 -29"><span class='ocrx_word' id='word_1_539' title='bbox 249 4352 690 4421; x_wconf 81' lang='grc' dir='ltr'>ἐμπιστευθέντες</span> <span class='ocrx_word' id='word_1_540' title='bbox 717 4352 877 4423; x_wconf 77' lang='grc' dir='ltr'>ἔργον</span> <span class='ocrx_word' id='word_1_541' title='bbox 909 4357 1278 4426; x_wconf 82' lang='grc' dir='ltr'>πνευματικὸν</span> <span class='ocrx_word' id='word_1_542' title='bbox 1332 4359 1419 4411; x_wconf 72' lang='grc' dir='ltr'>ἀεὶ</span> <span class='ocrx_word' id='word_1_543' title='bbox 1458 4360 1515 4411; x_wconf 84' lang='grc' dir='ltr'>ὲν</span> <span class='ocrx_word' id='word_1_544' title='bbox 1557 4360 1798 4434; x_wconf 86' lang='grc' dir='ltr'>μερίμνῃ</span> 
     </span>
    </p>
   </div>
   <div class='ocr_carea' id='block_1_74' title="bbox 249 4446 1799 4521">
    <p class='ocr_par' dir='ltr' id='par_1_74' title="bbox 249 4446 1799 4521">
     <span class='ocr_line' id='line_1_74' title="bbox 249 4446 1799 4521; baseline 0.005 -23"><span class='ocrx_word' id='word_1_545' title='bbox 249 4446 366 4510; x_wconf 74' lang='grc' dir='ltr'>εἰσὶ,</span> <span class='ocrx_word' id='word_1_546' title='bbox 397 4446 488 4499; x_wconf 74' lang='grc' dir='ltr'><strong>καὶ</strong></span> <span class='ocrx_word' id='word_1_547' title='bbox 518 4446 731 4517; x_wconf 78' lang='grc' dir='ltr'>ἔχοντες</span> <span class='ocrx_word' id='word_1_548' title='bbox 763 4448 1085 4513; x_wconf 87' lang='grc' dir='ltr'>ἀνάπαυσιν,</span> <span class='ocrx_word' id='word_1_549' title='bbox 1122 4448 1311 4521; x_wconf 80' lang='grc' dir='ltr'>ὥσπερ</span> <span class='ocrx_word' id='word_1_550' title='bbox 1345 4450 1444 4505; x_wconf 76' lang='grc' dir='ltr'>οῦκ</span> <span class='ocrx_word' id='word_1_551' title='bbox 1482 4454 1616 4505; x_wconf 78' lang='grc' dir='ltr'>εἰσιν</span> <span class='ocrx_word' id='word_1_552' title='bbox 1669 4456 1799 4505; x_wconf 87' lang='grc' dir='ltr'>ἀνα-</span> 
     </span>
    </p>
   </div>
   <div class='ocr_carea' id='block_1_75' title="bbox 1897 3267 3457 3337">
    <p class='ocr_par' dir='ltr' id='par_1_75' title="bbox 1897 3267 3457 3337">
     <span class='ocr_line' id='line_1_75' title="bbox 1897 3267 3457 3337; baseline -0.001 -15"><span class='ocrx_word' id='word_1_553' title='bbox 1897 3267 2213 3322; x_wconf 81' lang='lat' dir='ltr'><strong>circumfert</strong></span> <span class='ocrx_word' id='word_1_554' title='bbox 2241 3267 2492 3321; x_wconf 90' lang='lat' dir='ltr'><strong>eumdem</strong></span> <span class='ocrx_word' id='word_1_555' title='bbox 2527 3283 2856 3337; x_wconf 88' lang='lat' dir='ltr'><strong>quocunque</strong></span> <span class='ocrx_word' id='word_1_556' title='bbox 2890 3268 3120 3323; x_wconf 89' lang='lat' dir='ltr'><strong>libuerit</strong></span> <span class='ocrx_word' id='word_1_557' title='bbox 3156 3285 3169 3320; x_wconf 90' lang='lat'>:</span> <span class='ocrx_word' id='word_1_558' title='bbox 3206 3267 3285 3322; x_wconf 89' lang='lat' dir='ltr'><strong>sic</strong></span> <span class='ocrx_word' id='word_1_559' title='bbox 3315 3282 3457 3335; x_wconf 88' lang='lat' dir='ltr'><strong>quo-</strong></span> 
     </span>
    </p>
   </div>
   <div class='ocr_carea' id='block_1_76' title="bbox 1896 3356 3460 3427">
    <p class='ocr_par' dir='ltr' id='par_1_76' title="bbox 1896 3356 3460 3427">
     <span class='ocr_line' id='line_1_76' title="bbox 1896 3356 3460 3427; baseline -0.001 -17"><span class='ocrx_word' id='word_1_560' title='bbox 1896 3372 2002 3426; x_wconf 91' lang='lat' dir='ltr'><strong>que</strong></span> <span class='ocrx_word' id='word_1_561' title='bbox 2034 3357 2226 3427; x_wconf 88' lang='lat' dir='ltr'><strong>gratia,</strong></span> <span class='ocrx_word' id='word_1_562' title='bbox 2256 3357 2311 3409; x_wconf 89' lang='lat' dir='ltr'><strong>in</strong></span> <span class='ocrx_word' id='word_1_563' title='bbox 2340 3356 2609 3426; x_wconf 90' lang='lat' dir='ltr'><strong>profundo</strong></span> <span class='ocrx_word' id='word_1_564' title='bbox 2635 3357 2782 3411; x_wconf 87' lang='lat' dir='ltr'><strong>vires</strong></span> <span class='ocrx_word' id='word_1_565' title='bbox 2817 3371 2944 3411; x_wconf 92' lang='lat' dir='ltr'><strong>suas</strong></span> <span class='ocrx_word' id='word_1_566' title='bbox 2978 3372 3257 3421; x_wconf 80' lang='lat' dir='ltr'><strong>exserens,</strong></span> <span class='ocrx_word' id='word_1_567' title='bbox 3283 3365 3460 3425; x_wconf 86' lang='lat' dir='ltr'><strong>gestat</strong></span> 
     </span>
    </p>
   </div>
   <div class='ocr_carea' id='block_1_77' title="bbox 1896 3445 3458 3515">
    <p class='ocr_par' dir='ltr' id='par_1_77' title="bbox 1896 3445 3458 3515">
     <span class='ocr_line' id='line_1_77' title="bbox 1896 3445 3458 3515; baseline -0.001 -15"><span class='ocrx_word' id='word_1_568' title='bbox 1896 3446 2172 3509; x_wconf 91' lang='lat' dir='ltr'><strong>animum,</strong></span> <span class='ocrx_word' id='word_1_569' title='bbox 2214 3461 2450 3515; x_wconf 91' lang='lat' dir='ltr'><strong>eumque</strong></span> <span class='ocrx_word' id='word_1_570' title='bbox 2494 3445 2672 3501; x_wconf 87' lang='lat' dir='ltr'><strong>defert</strong></span> <span class='ocrx_word' id='word_1_571' title='bbox 2720 3447 2786 3500; x_wconf 90' lang='lat' dir='ltr'><strong>ad</strong></span> <span class='ocrx_word' id='word_1_572' title='bbox 2836 3448 3032 3508; x_wconf 67' lang='lat' dir='ltr'><strong>caelos,</strong></span> <span class='ocrx_word' id='word_1_573' title='bbox 3074 3447 3142 3500; x_wconf 92' lang='lat' dir='ltr'><strong>ad</strong></span> <span class='ocrx_word' id='word_1_574' title='bbox 3192 3446 3458 3500; x_wconf 89' lang='lat' dir='ltr'><strong>mundum</strong></span> 
     </span>
    </p>
   </div>
   <div class='ocr_carea' id='block_1_78' title="bbox 1896 3536 3459 3605">
    <p class='ocr_par' dir='ltr' id='par_1_78' title="bbox 1896 3536 3459 3605">
     <span class='ocr_line' id='line_1_78' title="bbox 1896 3536 3459 3605; baseline 0.001 -15"><span class='ocrx_word' id='word_1_575' title='bbox 1896 3536 2229 3605; x_wconf 83' lang='lat' dir='ltr'><strong>perlectum,</strong></span> <span class='ocrx_word' id='word_1_576' title='bbox 2263 3536 2329 3589; x_wconf 90' lang='lat' dir='ltr'><strong>ad</strong></span> <span class='ocrx_word' id='word_1_577' title='bbox 2375 3543 2634 3589; x_wconf 57' lang='lat' dir='ltr'><strong>aeternam</strong></span> <span class='ocrx_word' id='word_1_578' title='bbox 2685 3537 2951 3605; x_wconf 90' lang='lat' dir='ltr'><strong>requiem.</strong></span> <span class='ocrx_word' id='word_1_579' title='bbox 2987 3538 3184 3590; x_wconf 83' lang='lat' dir='ltr'><strong>Verum</strong></span> <span class='ocrx_word' id='word_1_580' title='bbox 3236 3537 3292 3589; x_wconf 90' lang='lat' dir='ltr'><strong>in</strong></span> <span class='ocrx_word' id='word_1_581' title='bbox 3341 3537 3459 3605; x_wconf 90' lang='lat' dir='ltr'><strong>ipsa</strong></span> 
     </span>
    </p>
   </div>
   <div class='ocr_carea' id='block_1_79' title="bbox 1896 3626 3461 3697">
    <p class='ocr_par' dir='ltr' id='par_1_79' title="bbox 1896 3626 3461 3697">
     <span class='ocr_line' id='line_1_79' title="bbox 1896 3626 3461 3697; baseline 0.003 -18"><span class='ocrx_word' id='word_1_582' title='bbox 1896 3627 2067 3697; x_wconf 90' lang='lat' dir='ltr'><strong>gratia</strong></span> <span class='ocrx_word' id='word_1_583' title='bbox 2112 3636 2241 3680; x_wconf 90' lang='lat' dir='ltr'><strong>sunt</strong></span> <span class='ocrx_word' id='word_1_584' title='bbox 2281 3626 2481 3695; x_wconf 84' lang='lat' dir='ltr'><strong>gradus</strong></span> <span class='ocrx_word' id='word_1_585' title='bbox 2527 3636 2584 3681; x_wconf 93' lang='lat' dir='ltr'><strong>et</strong></span> <span class='ocrx_word' id='word_1_586' title='bbox 2631 3628 2944 3697; x_wconf 83' lang='lat' dir='ltr'><strong>dignitates.</strong></span> <span class='ocrx_word' id='word_1_587' title='bbox 2985 3628 3139 3682; x_wconf 84' lang='lat' dir='ltr'><strong>Alius</strong></span> <span class='ocrx_word' id='word_1_588' title='bbox 3182 3629 3327 3682; x_wconf 92' lang='lat' dir='ltr'><strong>enim</strong></span> <span class='ocrx_word' id='word_1_589' title='bbox 3375 3638 3461 3683; x_wconf 89' lang='lat' dir='ltr'><strong>est</strong></span> 
     </span>
    </p>
   </div>
   <div class='ocr_carea' id='block_1_80' title="bbox 1896 3716 3462 3788">
    <p class='ocr_par' dir='ltr' id='par_1_80' title="bbox 1896 3716 3462 3788">
     <span class='ocr_line' id='line_1_80' title="bbox 1896 3716 3462 3788; baseline 0.002 -18"><span class='ocrx_word' id='word_1_590' title='bbox 1896 3717 2186 3786; x_wconf 69' lang='lat' dir='ltr'><strong>praefectus</strong></span> <span class='ocrx_word' id='word_1_591' title='bbox 2209 3716 2462 3778; x_wconf 88' lang='lat' dir='ltr'><strong>militum,</strong></span> <span class='ocrx_word' id='word_1_592' title='bbox 2483 3718 2575 3786; x_wconf 86' lang='lat' dir='ltr'><strong>qui</strong></span> <span class='ocrx_word' id='word_1_593' title='bbox 2603 3718 2829 3771; x_wconf 89' lang='lat' dir='ltr'><strong>liberam</strong></span> <span class='ocrx_word' id='word_1_594' title='bbox 2863 3718 3027 3773; x_wconf 84' lang='lat' dir='ltr'><strong>habet</strong></span> <span class='ocrx_word' id='word_1_595' title='bbox 3050 3719 3287 3773; x_wconf 88' lang='lat' dir='ltr'><strong>adeundi</strong></span> <span class='ocrx_word' id='word_1_596' title='bbox 3320 3720 3462 3788; x_wconf 80' lang='lat' dir='ltr'><strong>regis</strong></span> 
     </span>
    </p>
   </div>
   <div class='ocr_carea' id='block_1_81' title="bbox 1898 3807 3462 3877">
    <p class='ocr_par' dir='ltr' id='par_1_81' title="bbox 1898 3807 3462 3877">
     <span class='ocr_line' id='line_1_81' title="bbox 1898 3807 3462 3877; baseline 0.002 -17"><span class='ocrx_word' id='word_1_597' title='bbox 1898 3815 2223 3877; x_wconf 87' lang='lat' dir='ltr'><strong>potestatem</strong></span> <span class='ocrx_word' id='word_1_598' title='bbox 2266 3824 2280 3860; x_wconf 90' lang='lat'><strong>:</strong></span> <span class='ocrx_word' id='word_1_599' title='bbox 2327 3807 2466 3861; x_wconf 89' lang='lat' dir='ltr'><strong>alius</strong></span> <span class='ocrx_word' id='word_1_600' title='bbox 2500 3823 2633 3861; x_wconf 88' lang='lat' dir='ltr'><strong>vero</strong></span> <span class='ocrx_word' id='word_1_601' title='bbox 2672 3818 2757 3862; x_wconf 88' lang='lat' dir='ltr'><strong>est</strong></span> <span class='ocrx_word' id='word_1_602' title='bbox 2794 3809 2922 3861; x_wconf 77' lang='lat' dir='ltr'><strong>dux.</strong></span> <span class='ocrx_word' id='word_1_603' title='bbox 2960 3808 3192 3862; x_wconf 83' lang='lat' dir='ltr'><strong>Perinde</strong></span> <span class='ocrx_word' id='word_1_604' title='bbox 3228 3824 3358 3862; x_wconf 85' lang='lat' dir='ltr'><strong>vero</strong></span> <span class='ocrx_word' id='word_1_605' title='bbox 3400 3819 3462 3863; x_wconf 92' lang='lat' dir='ltr'><strong>ut</strong></span> 
     </span>
    </p>
   </div>
   <div class='ocr_carea' id='block_1_82' title="bbox 1897 3899 3462 3969">
    <p class='ocr_par' dir='ltr' id='par_1_82' title="bbox 1897 3899 3462 3969">
     <span class='ocr_line' id='line_1_82' title="bbox 1897 3899 3462 3969; baseline -0.001 -16"><span class='ocrx_word' id='word_1_606' title='bbox 1897 3900 2093 3953; x_wconf 89' lang='lat' dir='ltr'><strong>domus</strong></span> <span class='ocrx_word' id='word_1_607' title='bbox 2122 3899 2272 3953; x_wconf 85' lang='lat' dir='ltr'><strong>fumo</strong></span> <span class='ocrx_word' id='word_1_608' title='bbox 2297 3900 2523 3969; x_wconf 87' lang='lat' dir='ltr'><strong>repleta,</strong></span> <span class='ocrx_word' id='word_1_609' title='bbox 2552 3914 2678 3953; x_wconf 88' lang='lat' dir='ltr'><strong>eum</strong></span> <span class='ocrx_word' id='word_1_610' title='bbox 2711 3899 2945 3953; x_wconf 71' lang='lat' dir='ltr'><strong>effundit</strong></span> <span class='ocrx_word' id='word_1_611' title='bbox 2978 3900 3032 3952; x_wconf 92' lang='lat' dir='ltr'><strong>in</strong></span> <span class='ocrx_word' id='word_1_612' title='bbox 3065 3914 3247 3953; x_wconf 89' lang='lat' dir='ltr'><strong>aerem</strong></span> <span class='ocrx_word' id='word_1_613' title='bbox 3281 3909 3462 3953; x_wconf 50' lang='lat' dir='ltr'><strong>extera</strong></span> 
     </span>
    </p>
   </div>
   <div class='ocr_carea' id='block_1_83' title="bbox 1897 3990 3460 4056">
    <p class='ocr_par' dir='ltr' id='par_1_83' title="bbox 1897 3990 3460 4056">
     <span class='ocr_line' id='line_1_83' title="bbox 1897 3990 3460 4056; baseline 0 -13"><span class='ocrx_word' id='word_1_614' title='bbox 1897 4006 2060 4056; x_wconf 88' lang='lat' dir='ltr'><strong>num;</strong></span> <span class='ocrx_word' id='word_1_615' title='bbox 2100 3991 2179 4045; x_wconf 92' lang='lat' dir='ltr'><strong>sic</strong></span> <span class='ocrx_word' id='word_1_616' title='bbox 2211 3992 2376 4045; x_wconf 89' lang='lat' dir='ltr'><strong>etiam</strong></span> <span class='ocrx_word' id='word_1_617' title='bbox 2409 3990 2464 4043; x_wconf 93' lang='lat' dir='ltr'><strong>in</strong></span> <span class='ocrx_word' id='word_1_618' title='bbox 2495 3990 2677 4043; x_wconf 89' lang='lat' dir='ltr'><strong>anima</strong></span> <span class='ocrx_word' id='word_1_619' title='bbox 2708 3990 3022 4045; x_wconf 90' lang='lat' dir='ltr'><strong>redundans</strong></span> <span class='ocrx_word' id='word_1_620' title='bbox 3045 3991 3248 4044; x_wconf 88' lang='lat' dir='ltr'><strong>malitia</strong></span> <span class='ocrx_word' id='word_1_621' title='bbox 3277 3991 3460 4045; x_wconf 72' lang='lat' dir='ltr'><strong>effun-</strong></span> 
     </span>
    </p>
   </div>
   <div class='ocr_carea' id='block_1_84' title="bbox 1898 4080 3463 4151">
    <p class='ocr_par' dir='ltr' id='par_1_84' title="bbox 1898 4080 3463 4151">
     <span class='ocr_line' id='line_1_84' title="bbox 1898 4080 3463 4151; baseline 0.001 -17"><span class='ocrx_word' id='word_1_622' title='bbox 1898 4080 2047 4135; x_wconf 92' lang='lat' dir='ltr'><strong>ditur</strong></span> <span class='ocrx_word' id='word_1_623' title='bbox 2077 4080 2245 4146; x_wconf 88' lang='lat' dir='ltr'><strong>foras,</strong></span> <span class='ocrx_word' id='word_1_624' title='bbox 2273 4097 2336 4136; x_wconf 90' lang='lat' dir='ltr'><strong>ac</strong></span> <span class='ocrx_word' id='word_1_625' title='bbox 2365 4081 2577 4135; x_wconf 91' lang='lat' dir='ltr'><strong>fructus</strong></span> <span class='ocrx_word' id='word_1_626' title='bbox 2608 4082 2882 4150; x_wconf 91' lang='lat' dir='ltr'><strong>producit.</strong></span> <span class='ocrx_word' id='word_1_627' title='bbox 2917 4082 2984 4136; x_wconf 89' lang='lat' dir='ltr'><strong>Et</strong></span> <span class='ocrx_word' id='word_1_628' title='bbox 3010 4081 3155 4137; x_wconf 90' lang='lat' dir='ltr'><strong>sicut</strong></span> <span class='ocrx_word' id='word_1_629' title='bbox 3179 4083 3236 4146; x_wconf 91' lang='lat' dir='ltr'><strong>ii,</strong></span> <span class='ocrx_word' id='word_1_630' title='bbox 3263 4082 3463 4151; x_wconf 90' lang='lat' dir='ltr'><strong>quibus</strong></span> 
     </span>
    </p>
   </div>
   <div class='ocr_carea' id='block_1_85' title="bbox 1898 4173 3459 4244">
    <p class='ocr_par' dir='ltr' id='par_1_85' title="bbox 1898 4173 3459 4244">
     <span class='ocr_line' id='line_1_85' title="bbox 1898 4173 3459 4244; baseline 0 -18"><span class='ocrx_word' id='word_1_631' title='bbox 1898 4174 2149 4243; x_wconf 61' lang='lat' dir='ltr'><strong>gerendae</strong></span> <span class='ocrx_word' id='word_1_632' title='bbox 2174 4174 2532 4244; x_wconf 62' lang='lat' dir='ltr'><strong>praefecturae,</strong></span> <span class='ocrx_word' id='word_1_633' title='bbox 2552 4184 2645 4227; x_wconf 89' lang='lat' dir='ltr'><strong>aut</strong></span> <span class='ocrx_word' id='word_1_634' title='bbox 2669 4173 3013 4228; x_wconf 89' lang='lat' dir='ltr'><strong>custodiendi</strong></span> <span class='ocrx_word' id='word_1_635' title='bbox 3041 4173 3284 4228; x_wconf 87' lang='lat' dir='ltr'><strong>thesauri</strong></span> <span class='ocrx_word' id='word_1_636' title='bbox 3306 4173 3459 4243; x_wconf 85' lang='lat' dir='ltr'><strong>regii,</strong></span> 
     </span>
    </p>
   </div>
   <div class='ocr_carea' id='block_1_86' title="bbox 1901 4264 3462 4332">
    <p class='ocr_par' dir='ltr' id='par_1_86' title="bbox 1901 4264 3462 4332">
     <span class='ocr_line' id='line_1_86' title="bbox 1901 4264 3462 4332; baseline -0.001 -15"><span class='ocrx_word' id='word_1_637' title='bbox 1901 4279 2033 4319; x_wconf 88' lang='lat' dir='ltr'><strong>cura</strong></span> <span class='ocrx_word' id='word_1_638' title='bbox 2065 4264 2351 4319; x_wconf 87' lang='lat' dir='ltr'><strong>commissa</strong></span> <span class='ocrx_word' id='word_1_639' title='bbox 2386 4272 2490 4328; x_wconf 84' lang='lat' dir='ltr'><strong>est,</strong></span> <span class='ocrx_word' id='word_1_640' title='bbox 2525 4280 2803 4332; x_wconf 91' lang='lat' dir='ltr'><strong>nunquam</strong></span> <span class='ocrx_word' id='word_1_641' title='bbox 2835 4264 2981 4319; x_wconf 89' lang='lat' dir='ltr'><strong>curis</strong></span> <span class='ocrx_word' id='word_1_642' title='bbox 3012 4273 3224 4329; x_wconf 89' lang='lat' dir='ltr'><strong>vacant,</strong></span> <span class='ocrx_word' id='word_1_643' title='bbox 3253 4280 3323 4317; x_wconf 93' lang='lat' dir='ltr'><strong>ne</strong></span> <span class='ocrx_word' id='word_1_644' title='bbox 3353 4280 3462 4332; x_wconf 90' lang='lat' dir='ltr'><strong>quo</strong></span> 
     </span>
    </p>
   </div>
   <div class='ocr_carea' id='block_1_87' title="bbox 1900 4355 3463 4425">
    <p class='ocr_par' dir='ltr' id='par_1_87' title="bbox 1900 4355 3463 4425">
     <span class='ocr_line' id='line_1_87' title="bbox 1900 4355 3463 4425; baseline 0 -16"><span class='ocrx_word' id='word_1_645' title='bbox 1900 4364 2059 4425; x_wconf 87' lang='lat' dir='ltr'><strong>pacto</strong></span> <span class='ocrx_word' id='word_1_646' title='bbox 2103 4372 2284 4425; x_wconf 84' lang='lat' dir='ltr'><strong>regem</strong></span> <span class='ocrx_word' id='word_1_647' title='bbox 2331 4355 2613 4409; x_wconf 68' lang='lat' dir='ltr'><strong>offendant</strong></span> <span class='ocrx_word' id='word_1_648' title='bbox 2648 4373 2663 4407; x_wconf 90' lang='lat'><strong><em>:</em></strong></span> <span class='ocrx_word' id='word_1_649' title='bbox 2701 4356 2779 4409; x_wconf 91' lang='lat' dir='ltr'><strong>sic</strong></span> <span class='ocrx_word' id='word_1_650' title='bbox 2813 4371 3031 4425; x_wconf 91' lang='lat' dir='ltr'><strong>quoque</strong></span> <span class='ocrx_word' id='word_1_651' title='bbox 3066 4371 3299 4425; x_wconf 89' lang='lat' dir='ltr'><strong>quorum</strong></span> <span class='ocrx_word' id='word_1_652' title='bbox 3338 4357 3463 4412; x_wconf 82' lang='lat' dir='ltr'><strong>fidei</strong></span> 
     </span>
    </p>
   </div>
   <div class='ocr_carea' id='block_1_88' title="bbox 1900 4445 3463 4515">
    <p class='ocr_par' dir='ltr' id='par_1_88' title="bbox 1900 4445 3463 4515">
     <span class='ocr_line' id='line_1_88' title="bbox 1900 4445 3463 4515; baseline 0.002 -17"><span class='ocrx_word' id='word_1_653' title='bbox 1900 4461 2039 4514; x_wconf 91' lang='lat' dir='ltr'><strong>opus</strong></span> <span class='ocrx_word' id='word_1_654' title='bbox 2078 4445 2298 4515; x_wconf 89' lang='lat' dir='ltr'><strong>aliquod</strong></span> <span class='ocrx_word' id='word_1_655' title='bbox 2339 4446 2623 4514; x_wconf 87' lang='lat' dir='ltr'><strong>spirituale</strong></span> <span class='ocrx_word' id='word_1_656' title='bbox 2665 4446 3017 4500; x_wconf 85' lang='lat' dir='ltr'><strong>commissum</strong></span> <span class='ocrx_word' id='word_1_657' title='bbox 3061 4454 3164 4508; x_wconf 89' lang='lat' dir='ltr'><strong>est,</strong></span> <span class='ocrx_word' id='word_1_658' title='bbox 3203 4446 3463 4503; x_wconf 88' lang='lat' dir='ltr'><strong>continua</strong></span> 
     </span>
    </p>
   </div>
   <div class='ocr_carea' id='block_1_89' title="bbox 251 4534 1794 4610">
    <p class='ocr_par' dir='ltr' id='par_1_89' title="bbox 251 4534 1794 4610">
     <span class='ocr_line' id='line_1_89' title="bbox 251 4534 1794 4610; baseline 0.003 -22"><span class='ocrx_word' id='word_1_659' title='bbox 251 4534 596 4604; x_wconf 78' lang='grc' dir='ltr'>πεπαυμένοι.</span> <span class='ocrx_word' id='word_1_660' title='bbox 643 4536 709 4587; x_wconf 78' lang='grc' dir='ltr'><strong>Ἠ</strong></span> <span class='ocrx_word' id='word_1_661' title='bbox 744 4535 991 4605; x_wconf 79' lang='grc' dir='ltr'>βασιλεία</span> <span class='ocrx_word' id='word_1_662' title='bbox 1043 4538 1151 4608; x_wconf 77' lang='grc' dir='ltr'><strong>γὰρ</strong></span> <span class='ocrx_word' id='word_1_663' title='bbox 1178 4538 1272 4590; x_wconf 82' lang='grc' dir='ltr'><strong>τοῦ</strong></span> <span class='ocrx_word' id='word_1_664' title='bbox 1305 4540 1526 4602; x_wconf 84' lang='grc' dir='ltr'>σκότους</span> <span class='ocrx_word' id='word_1_665' title='bbox 1556 4543 1588 4610; x_wconf 82' lang='grc' dir='ltr'>ἡ</span> <span class='ocrx_word' id='word_1_666' title='bbox 1614 4542 1794 4593; x_wconf 76' lang='grc' dir='ltr'>ἐπεισ-</span> 
     </span>
    </p>
   </div>
   <div class='ocr_carea' id='block_1_90' title="bbox 1897 4534 3464 4610">
    <p class='ocr_par' dir='ltr' id='par_1_90' title="bbox 1902 4537 3464 4608">
     <span class='ocr_line' id='line_1_90' title="bbox 1902 4537 3464 4608; baseline 0.001 -16"><span class='ocrx_word' id='word_1_667' title='bbox 1902 4537 2272 4592; x_wconf 82' lang='lat' dir='ltr'><strong>sollicitudine</strong></span> <span class='ocrx_word' id='word_1_668' title='bbox 2304 4544 2590 4601; x_wconf 87' lang='lat' dir='ltr'><strong>tenentur;</strong></span> <span class='ocrx_word' id='word_1_669' title='bbox 2625 4546 2681 4591; x_wconf 86' lang='lat' dir='ltr'><strong>et</strong></span> <span class='ocrx_word' id='word_1_670' title='bbox 2712 4538 2783 4590; x_wconf 92' lang='lat' dir='ltr'><strong>ita</strong></span> <span class='ocrx_word' id='word_1_671' title='bbox 2815 4538 3001 4607; x_wconf 89' lang='lat' dir='ltr'><strong>quiete</strong></span> <span class='ocrx_word' id='word_1_672' title='bbox 3028 4538 3308 4605; x_wconf 85' lang='lat' dir='ltr'><strong>fruuntur,</strong></span> <span class='ocrx_word' id='word_1_673' title='bbox 3336 4555 3464 4608; x_wconf 89' lang='lat' dir='ltr'><strong>per-</strong></span> 
     </span>
    </p>
   </div>
   <div class='ocr_carea' id='block_1_91' title="bbox 251 4624 1801 4700">
    <p class='ocr_par' dir='ltr' id='par_1_91' title="bbox 251 4624 1801 4700">
     <span class='ocr_line' id='line_1_91' title="bbox 251 4624 1801 4700; baseline 0.005 -24"><span class='ocrx_word' id='word_1_674' title='bbox 251 4624 464 4677; x_wconf 82' lang='grc' dir='ltr'>ελθοῦσα</span> <span class='ocrx_word' id='word_1_675' title='bbox 492 4627 556 4694; x_wconf 81' lang='grc' dir='ltr'>τῇ</span> <span class='ocrx_word' id='word_1_676' title='bbox 591 4625 763 4691; x_wconf 88' lang='grc' dir='ltr'>πόλει,</span> <span class='ocrx_word' id='word_1_677' title='bbox 789 4630 1035 4680; x_wconf 86' lang='grc' dir='ltr'>τουτέστι</span> <span class='ocrx_word' id='word_1_678' title='bbox 1076 4632 1141 4699; x_wconf 80' lang='grc' dir='ltr'>τῇ</span> <span class='ocrx_word' id='word_1_679' title='bbox 1170 4627 1337 4700; x_wconf 70' lang='grc' dir='ltr'>ψυχῇ,</span> <span class='ocrx_word' id='word_1_680' title='bbox 1370 4631 1466 4683; x_wconf 76' lang='grc' dir='ltr'><strong>καὶ</strong></span> <span class='ocrx_word' id='word_1_681' title='bbox 1506 4631 1555 4682; x_wconf 81' lang='grc' dir='ltr'>οἱ</span> <span class='ocrx_word' id='word_1_682' title='bbox 1588 4631 1801 4684; x_wconf 89' lang='grc' dir='ltr'>διακατ-</span> 
     </span>
    </p>
   </div>
   <div class='ocr_carea' id='block_1_92' title="bbox 250 4712 1799 4791">
    <p class='ocr_par' dir='ltr' id='par_1_92' title="bbox 250 4712 1799 4791">
     <span class='ocr_line' id='line_1_92' title="bbox 250 4712 1799 4791; baseline 0.005 -24"><span class='ocrx_word' id='word_1_683' title='bbox 250 4718 450 4785; x_wconf 84' lang='grc' dir='ltr'>έχοντες</span> <span class='ocrx_word' id='word_1_684' title='bbox 482 4712 745 4786; x_wconf 82' lang='grc' dir='ltr'>βάρϐαροι</span> <span class='ocrx_word' id='word_1_685' title='bbox 778 4717 876 4780; x_wconf 78' lang='grc' dir='ltr'>τὰς</span> <span class='ocrx_word' id='word_1_686' title='bbox 910 4718 1081 4788; x_wconf 79' lang='grc' dir='ltr'>νομάς</span> <span class='ocrx_word' id='word_1_687' title='bbox 1135 4721 1325 4791; x_wconf 69' lang='grc' dir='ltr'>αὐτῆς,</span> <span class='ocrx_word' id='word_1_688' title='bbox 1351 4720 1677 4786; x_wconf 76' lang='grc' dir='ltr'>ὲξωθοῦνται</span> <span class='ocrx_word' id='word_1_689' title='bbox 1704 4723 1799 4775; x_wconf 85' lang='grc' dir='ltr'>ἀπ’</span> 
     </span>
    </p>
   </div>
   <div class='ocr_carea' id='block_1_93' title="bbox 250 4806 427 4876">
    <p class='ocr_par' dir='ltr' id='par_1_93' title="bbox 250 4806 427 4876">
     <span class='ocr_line' id='line_1_93' title="bbox 250 4806 427 4876; baseline 0.006 -17"><span class='ocrx_word' id='word_1_690' title='bbox 250 4806 427 4876; x_wconf 81' lang='grc' dir='ltr'>αὐτῆς.</span> 
     </span>
    </p>
   </div>
   <div class='ocr_carea' id='block_1_94' title="bbox 318 4895 1802 4971">
    <p class='ocr_par' dir='ltr' id='par_1_94' title="bbox 318 4895 1802 4971">
     <span class='ocr_line' id='line_1_94' title="bbox 318 4895 1802 4971; baseline 0.005 -22"><span class='ocrx_word' id='word_1_691' title='bbox 318 4898 406 4950; x_wconf 83' lang='lat' dir='ltr'><strong>ﬂ&quot;.</strong></span> <span class='ocrx_word' id='word_1_692' title='bbox 453 4895 790 4950; x_wconf 82' lang='grc' dir='ltr'>Ἀποστέλλει</span> <span class='ocrx_word' id='word_1_693' title='bbox 815 4897 924 4967; x_wconf 81' lang='grc' dir='ltr'>γὰρ</span> <span class='ocrx_word' id='word_1_694' title='bbox 956 4899 984 4951; x_wconf 91' lang='lat'><strong>6</strong></span> <span class='ocrx_word' id='word_1_695' title='bbox 1016 4898 1265 4969; x_wconf 84' lang='grc' dir='ltr'>βασιλεὺς</span> <span class='ocrx_word' id='word_1_696' title='bbox 1299 4901 1526 4971; x_wconf 83' lang='grc' dir='ltr'>Χριστὸς</span> <span class='ocrx_word' id='word_1_697' title='bbox 1557 4904 1635 4964; x_wconf 86' lang='grc' dir='ltr'><strong>είς</strong></span> <span class='ocrx_word' id='word_1_698' title='bbox 1657 4904 1802 4956; x_wconf 76' lang='grc' dir='ltr'>ἐκδί-</span> 
     </span>
    </p>
   </div>
   <div class='ocr_carea' id='block_1_95' title="bbox 254 4988 1802 5063">
    <p class='ocr_par' dir='ltr' id='par_1_95' title="bbox 254 4988 1802 5063">
     <span class='ocr_line' id='line_1_95' title="bbox 254 4988 1802 5063; baseline 0.005 -25"><span class='ocrx_word' id='word_1_699' title='bbox 254 5004 398 5058; x_wconf 76' lang='grc' dir='ltr'>κησιν</span> <span class='ocrx_word' id='word_1_700' title='bbox 421 4988 517 5055; x_wconf 85' lang='grc' dir='ltr'>τῆς</span> <span class='ocrx_word' id='word_1_701' title='bbox 564 4988 794 5055; x_wconf 85' lang='grc' dir='ltr'>πόλεως,</span> <span class='ocrx_word' id='word_1_702' title='bbox 827 4992 921 5043; x_wconf 72' lang='grc' dir='ltr'><strong>καὶ</strong></span> <span class='ocrx_word' id='word_1_703' title='bbox 960 4990 1150 5061; x_wconf 88' lang='grc' dir='ltr'>δεσμοῖ</span> <span class='ocrx_word' id='word_1_704' title='bbox 1183 4994 1307 5055; x_wconf 86' lang='grc' dir='ltr'>τοὺς</span> <span class='ocrx_word' id='word_1_705' title='bbox 1349 4993 1663 5063; x_wconf 89' lang='grc' dir='ltr'>τυράννους,</span> <span class='ocrx_word' id='word_1_706' title='bbox 1707 4996 1802 5048; x_wconf 78' lang='grc' dir='ltr'><strong>καὶ</strong></span> 
     </span>
    </p>
   </div>
   <div class='ocr_carea' id='block_1_96' title="bbox 206 5082 1802 5159">
    <p class='ocr_par' dir='ltr' id='par_1_96' title="bbox 206 5082 1802 5159">
     <span class='ocr_line' id='line_1_96' title="bbox 206 5082 1802 5159; baseline 0.006 -26"><span class='ocrx_word' id='word_1_707' title='bbox 206 5100 217 5124; x_wconf 65' lang='grc' dir='ltr'><strong>ι</strong></span> <span class='ocrx_word' id='word_1_708' title='bbox 262 5082 573 5152; x_wconf 83' lang='grc' dir='ltr'>στρατηγίαν</span> <span class='ocrx_word' id='word_1_709' title='bbox 618 5084 959 5154; x_wconf 81' lang='grc' dir='ltr'>ἐπουράνιον,</span> <span class='ocrx_word' id='word_1_710' title='bbox 993 5086 1088 5138; x_wconf 62' lang='grc' dir='ltr'><strong>καὶ⁷</strong></span> <span class='ocrx_word' id='word_1_711' title='bbox 1140 5086 1444 5157; x_wconf 81' lang='grc' dir='ltr'>παράταξιν</span> <span class='ocrx_word' id='word_1_712' title='bbox 1477 5090 1802 5159; x_wconf 85' lang='grc' dir='ltr'>πνευμάτων</span> 
     </span>
    </p>
   </div>
   <div class='ocr_carea' id='block_1_97' title="bbox 261 5174 1805 5249">
    <p class='ocr_par' dir='ltr' id='par_1_97' title="bbox 261 5174 1805 5249">
     <span class='ocr_line' id='line_1_97' title="bbox 261 5174 1805 5249; baseline 0.005 -22"><span class='ocrx_word' id='word_1_713' title='bbox 261 5174 411 5242; x_wconf 83' lang='grc' dir='ltr'>ἁγίων</span> <span class='ocrx_word' id='word_1_714' title='bbox 445 5177 560 5228; x_wconf 76' lang='grc' dir='ltr'>ἐκεῖ</span> <span class='ocrx_word' id='word_1_715' title='bbox 614 5175 935 5241; x_wconf 77' lang='grc' dir='ltr'>κατοικίζει,</span> <span class='ocrx_word' id='word_1_716' title='bbox 993 5176 1181 5246; x_wconf 82' lang='grc' dir='ltr'>ὥσπερ</span> <span class='ocrx_word' id='word_1_717' title='bbox 1224 5179 1454 5249; x_wconf 75' lang='grc' dir='ltr'>πατρίδα</span> <span class='ocrx_word' id='word_1_718' title='bbox 1487 5180 1660 5233; x_wconf 75' lang='grc' dir='ltr'>ἰδίαν·</span> <span class='ocrx_word' id='word_1_719' title='bbox 1712 5183 1805 5234; x_wconf 80' lang='grc' dir='ltr'><strong>καὶ</strong></span> 
     </span>
    </p>
   </div>
   <div class='ocr_carea' id='block_1_98' title="bbox 267 5266 1804 5341">
    <p class='ocr_par' dir='ltr' id='par_1_98' title="bbox 267 5266 1804 5341">
     <span class='ocr_line' id='line_1_98' title="bbox 267 5266 1804 5341; baseline 0.005 -24"><span class='ocrx_word' id='word_1_720' title='bbox 267 5266 423 5322; x_wconf 68' lang='grc' dir='ltr'>λοιπὸν</span> <span class='ocrx_word' id='word_1_721' title='bbox 446 5270 623 5337; x_wconf 83' lang='grc' dir='ltr'>φαίνει</span> <span class='ocrx_word' id='word_1_722' title='bbox 655 5272 683 5323; x_wconf 92' lang='lat'><strong>6</strong></span> <span class='ocrx_word' id='word_1_723' title='bbox 715 5272 865 5341; x_wconf 72' lang='grc' dir='ltr'>ἥλιος</span> <span class='ocrx_word' id='word_1_724' title='bbox 897 5273 954 5322; x_wconf 80' lang='grc' dir='ltr'>ὲν</span> <span class='ocrx_word' id='word_1_725' title='bbox 996 5273 1062 5340; x_wconf 78' lang='grc' dir='ltr'>τῇ</span> <span class='ocrx_word' id='word_1_726' title='bbox 1104 5270 1326 5341; x_wconf 85' lang='grc' dir='ltr'>καρδίᾳ,</span> <span class='ocrx_word' id='word_1_727' title='bbox 1349 5272 1444 5323; x_wconf 80' lang='grc' dir='ltr'><strong>καὶ</strong></span> <span class='ocrx_word' id='word_1_728' title='bbox 1485 5273 1541 5324; x_wconf 77' lang='grc' dir='ltr'>αἱ</span> <span class='ocrx_word' id='word_1_729' title='bbox 1584 5273 1804 5335; x_wconf 80' lang='grc' dir='ltr'>ἀκτῖνες</span> 
     </span>
    </p>
   </div>
   <div class='ocr_carea' id='block_1_99' title="bbox 260 5360 1805 5433">
    <p class='ocr_par' dir='ltr' id='par_1_99' title="bbox 260 5360 1805 5433">
     <span class='ocr_line' id='line_1_99' title="bbox 260 5360 1805 5433; baseline 0.002 -22"><span class='ocrx_word' id='word_1_730' title='bbox 260 5360 406 5413; x_wconf 76' lang='grc' dir='ltr'>αὐτοῦ</span> <span class='ocrx_word' id='word_1_731' title='bbox 428 5363 800 5433; x_wconf 81' lang='grc' dir='ltr'>διατρέχουσιν</span> <span class='ocrx_word' id='word_1_732' title='bbox 833 5364 913 5425; x_wconf 88' lang='grc' dir='ltr'><strong>είς</strong></span> <span class='ocrx_word' id='word_1_733' title='bbox 940 5361 1038 5415; x_wconf 82' lang='grc' dir='ltr'><strong>ὅλα</strong></span> <span class='ocrx_word' id='word_1_734' title='bbox 1066 5362 1134 5414; x_wconf 81' lang='grc' dir='ltr'>τὰ</span> <span class='ocrx_word' id='word_1_735' title='bbox 1176 5362 1332 5432; x_wconf 87' lang='grc' dir='ltr'>μέλη.</span> <span class='ocrx_word' id='word_1_736' title='bbox 1374 5363 1484 5414; x_wconf 74' lang='grc' dir='ltr'>Καὶ</span> <span class='ocrx_word' id='word_1_737' title='bbox 1508 5364 1655 5415; x_wconf 77' lang='grc' dir='ltr'>ἔστιν</span> <span class='ocrx_word' id='word_1_738' title='bbox 1689 5364 1805 5416; x_wconf 81' lang='grc' dir='ltr'>ἐκεῖ</span> 
     </span>
    </p>
   </div>
   <div class='ocr_carea' id='block_1_100' title="bbox 258 5452 1805 5524">
    <p class='ocr_par' dir='ltr' id='par_1_100' title="bbox 258 5452 1805 5524">
     <span class='ocr_line' id='line_1_100' title="bbox 258 5452 1805 5524; baseline 0.004 -22"><span class='ocrx_word' id='word_1_739' title='bbox 258 5452 424 5505; x_wconf 79' lang='grc' dir='ltr'>λοιπόν</span> <span class='ocrx_word' id='word_1_740' title='bbox 457 5454 647 5523; x_wconf 84' lang='grc' dir='ltr'>βαθεῖα</span> <span class='ocrx_word' id='word_1_741' title='bbox 704 5455 895 5524; x_wconf 66' lang='grc' dir='ltr'>εἰρήνη</span> <span class='ocrx_word' id='word_1_742' title='bbox 952 5456 986 5522; x_wconf 82' lang='grc' dir='ltr'>ἡ</span> <span class='ocrx_word' id='word_1_743' title='bbox 1019 5452 1399 5522; x_wconf 84' lang='grc' dir='ltr'>βασιλεύουσα.</span> <span class='ocrx_word' id='word_1_744' title='bbox 1466 5455 1526 5507; x_wconf 84' lang='grc' dir='ltr'>Ὀ</span> <span class='ocrx_word' id='word_1_745' title='bbox 1557 5455 1614 5508; x_wconf 85' lang='grc' dir='ltr'>δὲ</span> <span class='ocrx_word' id='word_1_746' title='bbox 1655 5454 1805 5524; x_wconf 86' lang='grc' dir='ltr'>ἁγὼν</span> 
     </span>
    </p>
   </div>
   <div class='ocr_carea' id='block_1_101' title="bbox 252 5542 1805 5617">
    <p class='ocr_par' dir='ltr' id='par_1_101' title="bbox 252 5542 1805 5617">
     <span class='ocr_line' id='line_1_101' title="bbox 252 5542 1805 5617; baseline 0.003 -23"><span class='ocrx_word' id='word_1_747' title='bbox 252 5542 341 5595; x_wconf 80' lang='grc' dir='ltr'>τοῦ</span> <span class='ocrx_word' id='word_1_748' title='bbox 374 5544 657 5612; x_wconf 82' lang='grc' dir='ltr'>ἀνθρώπου</span> <span class='ocrx_word' id='word_1_749' title='bbox 701 5546 794 5597; x_wconf 79' lang='grc' dir='ltr'>καὶ</span> <span class='ocrx_word' id='word_1_750' title='bbox 838 5548 871 5615; x_wconf 81' lang='grc' dir='ltr'><strong>η</strong></span> <span class='ocrx_word' id='word_1_751' title='bbox 905 5543 1148 5614; x_wconf 74' lang='grc' dir='ltr'>ἄθλησις,</span> <span class='ocrx_word' id='word_1_752' title='bbox 1184 5546 1279 5597; x_wconf 74' lang='grc' dir='ltr'><strong>καὶ</strong></span> <span class='ocrx_word' id='word_1_753' title='bbox 1306 5547 1615 5616; x_wconf 87' lang='grc' dir='ltr'>δοκιμασία,</span> <span class='ocrx_word' id='word_1_754' title='bbox 1652 5551 1745 5601; x_wconf 75' lang='grc' dir='ltr'><strong>καὶ</strong></span> <span class='ocrx_word' id='word_1_755' title='bbox 1770 5548 1805 5617; x_wconf 79' lang='grc' dir='ltr'>ἡ</span> 
     </span>
    </p>
   </div>
   <div class='ocr_carea' id='block_1_102' title="bbox 254 5631 1805 5707">
    <p class='ocr_par' dir='ltr' id='par_1_102' title="bbox 254 5631 1805 5707">
     <span class='ocr_line' id='line_1_102' title="bbox 254 5631 1805 5707; baseline 0.003 -23"><span class='ocrx_word' id='word_1_756' title='bbox 254 5631 381 5702; x_wconf 82' lang='grc' dir='ltr'>πρὸς</span> <span class='ocrx_word' id='word_1_757' title='bbox 436 5631 566 5685; x_wconf 79' lang='grc' dir='ltr'>Θεὸν</span> <span class='ocrx_word' id='word_1_758' title='bbox 615 5632 798 5685; x_wconf 69' lang='grc' dir='ltr'>εὔνοια</span> <span class='ocrx_word' id='word_1_759' title='bbox 849 5634 969 5684; x_wconf 87' lang='grc' dir='ltr'>τότε</span> <span class='ocrx_word' id='word_1_760' title='bbox 1002 5635 1271 5701; x_wconf 81' lang='grc' dir='ltr'>φαίνεται,</span> <span class='ocrx_word' id='word_1_761' title='bbox 1321 5638 1408 5688; x_wconf 75' lang='grc' dir='ltr'><strong>ὅτε</strong></span> <span class='ocrx_word' id='word_1_762' title='bbox 1452 5636 1552 5706; x_wconf 87' lang='grc' dir='ltr'>τῆς</span> <span class='ocrx_word' id='word_1_763' title='bbox 1587 5637 1805 5707; x_wconf 86' lang='grc' dir='ltr'>χάριτος</span> 
     </span>
    </p>
   </div>
   <div class='ocr_carea' id='block_1_103' title="bbox 254 5721 1804 5795">
    <p class='ocr_par' dir='ltr' id='par_1_103' title="bbox 254 5721 1804 5795">
     <span class='ocr_line' id='line_1_103' title="bbox 254 5721 1804 5795; baseline 0.002 -21"><span class='ocrx_word' id='word_1_764' title='bbox 254 5721 703 5791; x_wconf 80' lang='grc' dir='ltr'>ὐποστελλομένης</span> <span class='ocrx_word' id='word_1_765' title='bbox 752 5723 1061 5793; x_wconf 85' lang='grc' dir='ltr'>ἀνδρίσεται</span> <span class='ocrx_word' id='word_1_766' title='bbox 1131 5725 1225 5778; x_wconf 80' lang='grc' dir='ltr'><strong>καὶ</strong></span> <span class='ocrx_word' id='word_1_767' title='bbox 1271 5724 1455 5795; x_wconf 86' lang='grc' dir='ltr'>βοήσει</span> <span class='ocrx_word' id='word_1_768' title='bbox 1522 5726 1657 5795; x_wconf 83' lang='grc' dir='ltr'>πρὸς</span> <span class='ocrx_word' id='word_1_769' title='bbox 1715 5727 1804 5779; x_wconf 87' lang='grc' dir='ltr'><strong>τὸν</strong></span> 
     </span>
    </p>
   </div>
   <div class='ocr_carea' id='block_1_104' title="bbox 258 5812 1803 5889">
    <p class='ocr_par' dir='ltr' id='par_1_104' title="bbox 258 5812 1803 5889">
     <span class='ocr_line' id='line_1_104' title="bbox 258 5812 1803 5889; baseline 0.004 -23"><span class='ocrx_word' id='word_1_770' title='bbox 258 5812 377 5866; x_wconf 64' lang='grc' dir='ltr'>θεόν</span> <span class='ocrx_word' id='word_1_771' title='bbox 399 5831 416 5851; x_wconf 78' lang='grc' dir='ltr'><strong><em>ο</em></strong></span> <span class='ocrx_word' id='word_1_772' title='bbox 451 5814 583 5868; x_wconf 78' lang='grc' dir='ltr'>ἀλλὰ</span> <span class='ocrx_word' id='word_1_773' title='bbox 610 5817 669 5869; x_wconf 74' lang='grc' dir='ltr'><strong>σὺ</strong></span> <span class='ocrx_word' id='word_1_774' title='bbox 701 5814 935 5879; x_wconf 74' lang='grc' dir='ltr'>ἀκούων,</span> <span class='ocrx_word' id='word_1_775' title='bbox 975 5816 1055 5868; x_wconf 79' lang='grc' dir='ltr'>ὅτι</span> <span class='ocrx_word' id='word_1_776' title='bbox 1078 5817 1184 5870; x_wconf 73' lang='grc' dir='ltr'>εἰσὶ</span> <span class='ocrx_word' id='word_1_777' title='bbox 1216 5818 1450 5889; x_wconf 63' lang='grc' dir='ltr'>ποταμοὶ</span> <span class='ocrx_word' id='word_1_778' title='bbox 1478 5817 1803 5887; x_wconf 74' lang='grc' dir='ltr'>δρακόντων,</span> 
     </span>
    </p>
   </div>
   <div class='ocr_carea' id='block_1_105' title="bbox 1900 4629 3467 4699">
    <p class='ocr_par' dir='ltr' id='par_1_105' title="bbox 1900 4629 3467 4699">
     <span class='ocr_line' id='line_1_105' title="bbox 1900 4629 3467 4699; baseline 0.002 -15"><span class='ocrx_word' id='word_1_779' title='bbox 1900 4629 2027 4684; x_wconf 87' lang='lat' dir='ltr'><strong>inde</strong></span> <span class='ocrx_word' id='word_1_780' title='bbox 2059 4645 2131 4684; x_wconf 79' lang='lat' dir='ltr'><strong>ac</strong></span> <span class='ocrx_word' id='word_1_781' title='bbox 2153 4630 2196 4683; x_wconf 89' lang='lat' dir='ltr'><strong>si</strong></span> <span class='ocrx_word' id='word_1_782' title='bbox 2231 4644 2295 4683; x_wconf 90' lang='lat' dir='ltr'><strong>ea</strong></span> <span class='ocrx_word' id='word_1_783' title='bbox 2329 4637 2600 4683; x_wconf 84' lang='lat' dir='ltr'><strong>carerent.</strong></span> <span class='ocrx_word' id='word_1_784' title='bbox 2632 4630 2878 4699; x_wconf 80' lang='lat' dir='ltr'><strong>Regnum</strong></span> <span class='ocrx_word' id='word_1_785' title='bbox 2922 4630 3069 4685; x_wconf 85' lang='lat' dir='ltr'><strong>enim</strong></span> <span class='ocrx_word' id='word_1_786' title='bbox 3114 4630 3467 4687; x_wconf 87' lang='lat' dir='ltr'><strong>tenebrarum</strong></span> 
     </span>
    </p>
   </div>
   <div class='ocr_carea' id='block_1_106' title="bbox 1900 4720 3467 4785">
    <p class='ocr_par' dir='ltr' id='par_1_106' title="bbox 1900 4720 3467 4785">
     <span class='ocr_line' id='line_1_106' title="bbox 1900 4720 3467 4785; baseline 0 -10"><span class='ocrx_word' id='word_1_787' title='bbox 1900 4720 2220 4775; x_wconf 90' lang='lat' dir='ltr'><strong>subintrans</strong></span> <span class='ocrx_word' id='word_1_788' title='bbox 2261 4720 2561 4785; x_wconf 64' lang='lat' dir='ltr'><strong>civitatem,</strong></span> <span class='ocrx_word' id='word_1_789' title='bbox 2590 4720 2691 4773; x_wconf 90' lang='lat' dir='ltr'><strong>hoc</strong></span> <span class='ocrx_word' id='word_1_790' title='bbox 2734 4730 2837 4785; x_wconf 92' lang='lat' dir='ltr'><strong>cst,</strong></span> <span class='ocrx_word' id='word_1_791' title='bbox 2868 4722 3126 4783; x_wconf 88' lang='lat' dir='ltr'><strong>animam,</strong></span> <span class='ocrx_word' id='word_1_792' title='bbox 3152 4730 3215 4777; x_wconf 68' lang='lat' dir='ltr'><strong>et.</strong></span> <span class='ocrx_word' id='word_1_793' title='bbox 3248 4721 3467 4775; x_wconf 85' lang='lat' dir='ltr'><strong>barbari</strong></span> 
     </span>
    </p>
   </div>
   <div class='ocr_carea' id='block_1_107' title="bbox 1900 4813 3235 4882">
    <p class='ocr_par' dir='ltr' id='par_1_107' title="bbox 1900 4813 3235 4882">
     <span class='ocr_line' id='line_1_107' title="bbox 1900 4813 3235 4882; baseline -0.001 -15"><span class='ocrx_word' id='word_1_794' title='bbox 1900 4820 2234 4881; x_wconf 88' lang='lat' dir='ltr'><strong>occupantes</strong></span> <span class='ocrx_word' id='word_1_795' title='bbox 2261 4813 2378 4881; x_wconf 87' lang='lat' dir='ltr'><strong>ejus</strong></span> <span class='ocrx_word' id='word_1_796' title='bbox 2403 4827 2623 4881; x_wconf 89' lang='lat' dir='ltr'><strong>pascua,</strong></span> <span class='ocrx_word' id='word_1_797' title='bbox 2650 4828 2719 4866; x_wconf 77' lang='lat' dir='ltr'><strong>ex</strong></span> <span class='ocrx_word' id='word_1_798' title='bbox 2745 4813 2835 4866; x_wconf 91' lang='lat' dir='ltr'><strong>illa</strong></span> <span class='ocrx_word' id='word_1_799' title='bbox 2865 4814 3235 4882; x_wconf 78' lang='lat' dir='ltr'><strong>expelluntur.</strong></span> 
     </span>
    </p>
   </div>
   <div class='ocr_carea' id='block_1_108' title="bbox 1971 4902 3468 4972">
    <p class='ocr_par' dir='ltr' id='par_1_108' title="bbox 1971 4902 3468 4972">
     <span class='ocr_line' id='line_1_108' title="bbox 1971 4902 3468 4972; baseline 0 -14"><span class='ocrx_word' id='word_1_800' title='bbox 1971 4904 2110 4958; x_wconf 78' lang='lat' dir='ltr'><strong>XIII.</strong></span> <span class='ocrx_word' id='word_1_801' title='bbox 2140 4903 2303 4958; x_wconf 84' lang='lat' dir='ltr'><strong>Mittit</strong></span> <span class='ocrx_word' id='word_1_802' title='bbox 2331 4904 2479 4957; x_wconf 88' lang='lat' dir='ltr'><strong>enim</strong></span> <span class='ocrx_word' id='word_1_803' title='bbox 2513 4919 2604 4957; x_wconf 84' lang='lat' dir='ltr'><strong>rex</strong></span> <span class='ocrx_word' id='word_1_804' title='bbox 2642 4902 2914 4966; x_wconf 86' lang='lat' dir='ltr'><strong>Christus,</strong></span> <span class='ocrx_word' id='word_1_805' title='bbox 2942 4906 3038 4972; x_wconf 90' lang='lat' dir='ltr'><strong>qui</strong></span> <span class='ocrx_word' id='word_1_806' title='bbox 3070 4903 3362 4957; x_wconf 87' lang='lat' dir='ltr'><strong>vindictam</strong></span> <span class='ocrx_word' id='word_1_807' title='bbox 3398 4904 3468 4958; x_wconf 87' lang='lat' dir='ltr'><strong>de</strong></span> 
     </span>
    </p>
   </div>
   <div class='ocr_carea' id='block_1_109' title="bbox 1901 4993 3466 5064">
    <p class='ocr_par' dir='ltr' id='par_1_109' title="bbox 1901 4993 3466 5064">
     <span class='ocr_line' id='line_1_109' title="bbox 1901 4993 3466 5064; baseline -0.003 -14"><span class='ocrx_word' id='word_1_808' title='bbox 1901 4996 2121 5050; x_wconf 85' lang='lat' dir='ltr'><strong>civitate</strong></span> <span class='ocrx_word' id='word_1_809' title='bbox 2148 4995 2239 5049; x_wconf 90' lang='lat' dir='ltr'><strong>illa</strong></span> <span class='ocrx_word' id='word_1_810' title='bbox 2269 5003 2506 5057; x_wconf 89' lang='lat' dir='ltr'><strong>sumant,</strong></span> <span class='ocrx_word' id='word_1_811' title='bbox 2536 5004 2592 5048; x_wconf 90' lang='lat' dir='ltr'><strong>et</strong></span> <span class='ocrx_word' id='word_1_812' title='bbox 2616 5005 2875 5064; x_wconf 85' lang='lat' dir='ltr'><strong>tyrannos</strong></span> <span class='ocrx_word' id='word_1_813' title='bbox 2902 4996 2957 5047; x_wconf 91' lang='lat' dir='ltr'><strong>in</strong></span> <span class='ocrx_word' id='word_1_814' title='bbox 2979 4994 3198 5047; x_wconf 87' lang='lat' dir='ltr'><strong>vincula</strong></span> <span class='ocrx_word' id='word_1_815' title='bbox 3224 4993 3466 5061; x_wconf 84' lang='lat' dir='ltr'><strong>conjicit,</strong></span> 
     </span>
    </p>
   </div>
   <div class='ocr_carea' id='block_1_110' title="bbox 1901 5083 3469 5152">
    <p class='ocr_par' dir='ltr' id='par_1_110' title="bbox 1901 5083 3469 5152">
     <span class='ocr_line' id='line_1_110' title="bbox 1901 5083 3469 5152; baseline -0.003 -11"><span class='ocrx_word' id='word_1_816' title='bbox 1901 5102 1965 5142; x_wconf 90' lang='lat' dir='ltr'><strong>ac</strong></span> <span class='ocrx_word' id='word_1_817' title='bbox 2007 5088 2311 5141; x_wconf 81' lang='lat' dir='ltr'><strong>exercitum</strong></span> <span class='ocrx_word' id='word_1_818' title='bbox 2346 5086 2645 5150; x_wconf 75' lang='lat' dir='ltr'><strong>cmlestem,</strong></span> <span class='ocrx_word' id='word_1_819' title='bbox 2673 5094 2728 5139; x_wconf 91' lang='lat' dir='ltr'><strong>et</strong></span> <span class='ocrx_word' id='word_1_820' title='bbox 2760 5085 2983 5138; x_wconf 88' lang='lat' dir='ltr'><strong>ordines</strong></span> <span class='ocrx_word' id='word_1_821' title='bbox 3014 5083 3307 5152; x_wconf 89' lang='lat' dir='ltr'><strong>spirituum</strong></span> <span class='ocrx_word' id='word_1_822' title='bbox 3342 5099 3469 5136; x_wconf 87' lang='lat' dir='ltr'><strong>san-</strong></span> 
     </span>
    </p>
   </div>
   <div class='ocr_carea' id='block_1_111' title="bbox 1902 5174 3467 5245">
    <p class='ocr_par' dir='ltr' id='par_1_111' title="bbox 1902 5174 3467 5245">
     <span class='ocr_line' id='line_1_111' title="bbox 1902 5174 3467 5245; baseline -0.006 -9"><span class='ocrx_word' id='word_1_823' title='bbox 1902 5190 2116 5236; x_wconf 87' lang='lat' dir='ltr'><strong>ctorum</strong></span> <span class='ocrx_word' id='word_1_824' title='bbox 2166 5179 2275 5233; x_wconf 90' lang='lat' dir='ltr'><strong>illic</strong></span> <span class='ocrx_word' id='word_1_825' title='bbox 2314 5177 2575 5240; x_wconf 89' lang='lat' dir='ltr'><strong>collocat,</strong></span> <span class='ocrx_word' id='word_1_826' title='bbox 2610 5186 2863 5245; x_wconf 89' lang='lat' dir='ltr'><strong>tanquam</strong></span> <span class='ocrx_word' id='word_1_827' title='bbox 2906 5176 2961 5231; x_wconf 91' lang='lat' dir='ltr'><strong>in</strong></span> <span class='ocrx_word' id='word_1_828' title='bbox 3006 5175 3182 5245; x_wconf 87' lang='lat' dir='ltr'><strong>patria</strong></span> <span class='ocrx_word' id='word_1_829' title='bbox 3223 5174 3467 5245; x_wconf 87' lang='lat' dir='ltr'><strong>propria.</strong></span> 
     </span>
    </p>
   </div>
   <div class='ocr_carea' id='block_1_112' title="bbox 1904 5266 3472 5337">
    <p class='ocr_par' dir='ltr' id='par_1_112' title="bbox 1904 5266 3472 5337">
     <span class='ocr_line' id='line_1_112' title="bbox 1904 5266 3472 5337; baseline -0.006 -12"><span class='ocrx_word' id='word_1_830' title='bbox 1904 5271 2039 5325; x_wconf 91' lang='lat' dir='ltr'><strong>Tum</strong></span> <span class='ocrx_word' id='word_1_831' title='bbox 2066 5284 2197 5324; x_wconf 91' lang='lat' dir='ltr'><strong>vero</strong></span> <span class='ocrx_word' id='word_1_832' title='bbox 2228 5269 2304 5324; x_wconf 92' lang='lat' dir='ltr'><strong>sol</strong></span> <span class='ocrx_word' id='word_1_833' title='bbox 2338 5269 2392 5322; x_wconf 90' lang='lat' dir='ltr'><strong>in</strong></span> <span class='ocrx_word' id='word_1_834' title='bbox 2426 5267 2589 5321; x_wconf 91' lang='lat' dir='ltr'><strong>corde</strong></span> <span class='ocrx_word' id='word_1_835' title='bbox 2624 5266 2892 5335; x_wconf 86' lang='lat' dir='ltr'><strong>splendet,</strong></span> <span class='ocrx_word' id='word_1_836' title='bbox 2918 5276 2973 5319; x_wconf 91' lang='lat' dir='ltr'><strong>ct</strong></span> <span class='ocrx_word' id='word_1_837' title='bbox 3000 5266 3136 5320; x_wconf 90' lang='lat' dir='ltr'><strong>radii</strong></span> <span class='ocrx_word' id='word_1_838' title='bbox 3164 5267 3283 5337; x_wconf 87' lang='lat' dir='ltr'><strong>ejus</strong></span> <span class='ocrx_word' id='word_1_839' title='bbox 3308 5280 3472 5334; x_wconf 88' lang='lat' dir='ltr'><strong>pene-</strong></span> 
     </span>
    </p>
   </div>
   <div class='ocr_carea' id='block_1_113' title="bbox 1904 5358 3474 5430">
    <p class='ocr_par' dir='ltr' id='par_1_113' title="bbox 1904 5358 3474 5430">
     <span class='ocr_line' id='line_1_113' title="bbox 1904 5358 3474 5430; baseline -0.006 -12"><span class='ocrx_word' id='word_1_840' title='bbox 1904 5373 2051 5419; x_wconf 91' lang='lat' dir='ltr'><strong>trant</strong></span> <span class='ocrx_word' id='word_1_841' title='bbox 2079 5362 2261 5417; x_wconf 90' lang='lat' dir='ltr'><strong>omnia</strong></span> <span class='ocrx_word' id='word_1_842' title='bbox 2295 5362 2557 5425; x_wconf 88' lang='lat' dir='ltr'><strong>membra,</strong></span> <span class='ocrx_word' id='word_1_843' title='bbox 2585 5370 2747 5430; x_wconf 89' lang='lat' dir='ltr'><strong>atque</strong></span> <span class='ocrx_word' id='word_1_844' title='bbox 2781 5361 2885 5414; x_wconf 89' lang='lat' dir='ltr'><strong>sibi</strong></span> <span class='ocrx_word' id='word_1_845' title='bbox 2921 5375 3132 5414; x_wconf 90' lang='lat' dir='ltr'><strong>summa</strong></span> <span class='ocrx_word' id='word_1_846' title='bbox 3166 5376 3269 5429; x_wconf 81' lang='lat' dir='ltr'><strong>pax</strong></span> <span class='ocrx_word' id='word_1_847' title='bbox 3304 5358 3474 5425; x_wconf 88' lang='lat' dir='ltr'><strong>impe-</strong></span> 
     </span>
    </p>
   </div>
   <div class='ocr_carea' id='block_1_114' title="bbox 1905 5448 3469 5521">
    <p class='ocr_par' dir='ltr' id='par_1_114' title="bbox 1905 5448 3469 5521">
     <span class='ocr_line' id='line_1_114' title="bbox 1905 5448 3469 5521; baseline -0.003 -14"><span class='ocrx_word' id='word_1_848' title='bbox 1905 5455 2046 5507; x_wconf 84' lang='lat' dir='ltr'><strong>rium</strong></span> <span class='ocrx_word' id='word_1_849' title='bbox 2095 5461 2262 5507; x_wconf 90' lang='lat' dir='ltr'><strong>tenet.</strong></span> <span class='ocrx_word' id='word_1_850' title='bbox 2304 5452 2504 5506; x_wconf 89' lang='lat' dir='ltr'><strong>Verum</strong></span> <span class='ocrx_word' id='word_1_851' title='bbox 2550 5460 2827 5506; x_wconf 88' lang='lat' dir='ltr'><strong>certamen</strong></span> <span class='ocrx_word' id='word_1_852' title='bbox 2872 5468 2935 5507; x_wconf 89' lang='lat' dir='ltr'><strong>ac</strong></span> <span class='ocrx_word' id='word_1_853' title='bbox 2977 5467 3157 5521; x_wconf 81' lang='lat' dir='ltr'><strong>pugna</strong></span> <span class='ocrx_word' id='word_1_854' title='bbox 3204 5448 3469 5513; x_wconf 88' lang='lat' dir='ltr'><strong>hominis,</strong></span> 
     </span>
    </p>
   </div>
   <div class='ocr_carea' id='block_1_115' title="bbox 1904 5542 3469 5614">
    <p class='ocr_par' dir='ltr' id='par_1_115' title="bbox 1904 5542 3469 5614">
     <span class='ocr_line' id='line_1_115' title="bbox 1904 5542 3469 5614; baseline -0.002 -19"><span class='ocrx_word' id='word_1_855' title='bbox 1904 5543 2176 5614; x_wconf 87' lang='lat' dir='ltr'><strong>probatio,</strong></span> <span class='ocrx_word' id='word_1_856' title='bbox 2218 5552 2274 5596; x_wconf 90' lang='lat' dir='ltr'><strong>et</strong></span> <span class='ocrx_word' id='word_1_857' title='bbox 2297 5557 2423 5611; x_wconf 82' lang='lat' dir='ltr'><strong>erga</strong></span> <span class='ocrx_word' id='word_1_858' title='bbox 2451 5543 2622 5595; x_wconf 89' lang='lat' dir='ltr'><strong>Deum</strong></span> <span class='ocrx_word' id='word_1_859' title='bbox 2654 5542 3037 5596; x_wconf 83' lang='lat' dir='ltr'><strong>benevolentia</strong></span> <span class='ocrx_word' id='word_1_860' title='bbox 3068 5551 3199 5593; x_wconf 89' lang='lat' dir='ltr'><strong>tunc</strong></span> <span class='ocrx_word' id='word_1_861' title='bbox 3223 5549 3469 5607; x_wconf 89' lang='lat' dir='ltr'><strong>apparet,</strong></span> 
     </span>
    </p>
   </div>
   <div class='ocr_carea' id='block_1_116' title="bbox 1905 5632 3473 5707">
    <p class='ocr_par' dir='ltr' id='par_1_116' title="bbox 1905 5632 3473 5707">
     <span class='ocr_line' id='line_1_116' title="bbox 1905 5632 3473 5707; baseline -0.003 -20"><span class='ocrx_word' id='word_1_862' title='bbox 1905 5634 2142 5707; x_wconf 88' lang='lat' dir='ltr'><strong>quando,</strong></span> <span class='ocrx_word' id='word_1_863' title='bbox 2167 5634 2345 5703; x_wconf 89' lang='lat' dir='ltr'><strong>gratia</strong></span> <span class='ocrx_word' id='word_1_864' title='bbox 2373 5648 2432 5687; x_wconf 86' lang='lat' dir='ltr'><strong>se</strong></span> <span class='ocrx_word' id='word_1_865' title='bbox 2462 5632 2825 5695; x_wconf 87' lang='lat' dir='ltr'><strong>subducente,</strong></span> <span class='ocrx_word' id='word_1_866' title='bbox 2856 5633 3033 5685; x_wconf 85' lang='lat' dir='ltr'><strong>virum</strong></span> <span class='ocrx_word' id='word_1_867' title='bbox 3064 5646 3122 5685; x_wconf 91' lang='lat' dir='ltr'><strong>se</strong></span> <span class='ocrx_word' id='word_1_868' title='bbox 3147 5639 3387 5699; x_wconf 68' lang='lat' dir='ltr'><strong>praestat,</strong></span> <span class='ocrx_word' id='word_1_869' title='bbox 3416 5640 3473 5683; x_wconf 87' lang='lat' dir='ltr'><strong>et</strong></span> 
     </span>
    </p>
   </div>
   <div class='ocr_carea' id='block_1_117' title="bbox 1906 5717 3475 5780">
    <p class='ocr_par' dir='ltr' id='par_1_117' title="bbox 1906 5717 3475 5780">
     <span class='ocr_line' id='line_1_117' title="bbox 1906 5717 3475 5780; baseline -0.003 -1"><span class='ocrx_word' id='word_1_870' title='bbox 1906 5728 2101 5780; x_wconf 88' lang='lat' dir='ltr'><strong>clamat</strong></span> <span class='ocrx_word' id='word_1_871' title='bbox 2138 5727 2206 5779; x_wconf 88' lang='lat' dir='ltr'><strong>ad</strong></span> <span class='ocrx_word' id='word_1_872' title='bbox 2248 5724 2560 5779; x_wconf 87' lang='lat' dir='ltr'><strong>Dominum.</strong></span> <span class='ocrx_word' id='word_1_873' title='bbox 2586 5724 2722 5779; x_wconf 84' lang='lat' dir='ltr'><strong>Cum</strong></span> <span class='ocrx_word' id='word_1_874' title='bbox 2760 5738 2889 5777; x_wconf 88' lang='lat' dir='ltr'><strong>vero</strong></span> <span class='ocrx_word' id='word_1_875' title='bbox 2929 5722 3084 5776; x_wconf 87' lang='lat' dir='ltr'><strong>audis</strong></span> <span class='ocrx_word' id='word_1_876' title='bbox 3122 5717 3315 5775; x_wconf 81' lang='lat' dir='ltr'><strong>fluvios</strong></span> <span class='ocrx_word' id='word_1_877' title='bbox 3352 5734 3475 5775; x_wconf 88' lang='lat' dir='ltr'><strong>esse</strong></span> 
     </span>
    </p>
   </div>
   <div class='ocr_carea' id='block_1_118' title="bbox 1907 5812 3475 5885">
    <p class='ocr_par' dir='ltr' id='par_1_118' title="bbox 1907 5812 3475 5885">
     <span class='ocr_line' id='line_1_118' title="bbox 1907 5812 3475 5885; baseline -0.005 -11"><span class='ocrx_word' id='word_1_878' title='bbox 1907 5820 2228 5880; x_wconf 86' lang='lat' dir='ltr'><strong>draconum,</strong></span> <span class='ocrx_word' id='word_1_879' title='bbox 2256 5834 2349 5872; x_wconf 87' lang='lat' dir='ltr'><strong>ora</strong></span> <span class='ocrx_word' id='word_1_880' title='bbox 2377 5817 2619 5882; x_wconf 87' lang='lat' dir='ltr'><strong>leonum,</strong></span> <span class='ocrx_word' id='word_1_881' title='bbox 2646 5826 2700 5872; x_wconf 81' lang='lat' dir='ltr'><strong>ct</strong></span> <span class='ocrx_word' id='word_1_882' title='bbox 2729 5822 3026 5885; x_wconf 73' lang='lat' dir='ltr'><strong>potestates</strong></span> <span class='ocrx_word' id='word_1_883' title='bbox 3053 5812 3154 5869; x_wconf 88' lang='lat' dir='ltr'><strong>sub</strong></span> <span class='ocrx_word' id='word_1_884' title='bbox 3184 5812 3321 5867; x_wconf 74' lang='lat' dir='ltr'><strong>cmlo</strong></span> <span class='ocrx_word' id='word_1_885' title='bbox 3345 5812 3475 5867; x_wconf 84' lang='lat' dir='ltr'><strong>cali-</strong></span> 
     </span>
    </p>
   </div>
  </div>
