3966 6432
483 350 588 416 623

1733 371 1794 429 S.
1834 371 2153 443 MACARII
2191 376 2513 437 IEGYPTII

3618 380 3737 447 694

481 465 727 533 ginosas,
749 467 926 538 ignem
952 481 1229 542 urentem,
1246 482 1304 529 et
1320 476 1700 546 ‘strepitantem
1720 477 1776 532 in
1798 479 2037 535 omnibui

2158 485 2252 538 καὶ
2280 486 2525 556 στόματα
2571 486 2827 553 λεόντων,
2866 488 2961 542 καὶ
2986 488 3245 559 δυνάμεις
3272 490 3330 543 αἱ
3357 489 3464 545 ὑπὸ
3504 491 3594 545 τὸν
3625 496 3736 548 οὑ·-

480 556 748 613 membris
780 560 864 631 (ut
893 563 1035 619 nihil
1068 566 1176 621 tale
1208 575 1354 622 terra
1388 567 1687 638 continet),
1716 578 1773 624 et
1800 570 2050 641 ignoras,

479 646 587 700 nisi
623 651 902 720 acceperis
933 655 1304 711 arrhabonem
1342 656 1581 727 Spiritus
1616 659 1825 723 sancti,
1850 659 1981 714 dum
2019 676 2053 717 e

479 754 713 811 corpore
751 742 1020 814 discedis;
1065 748 1303 803 animam
1344 749 1461 804 haec
1501 757 1649 803 tuam
1686 752 2052 821 comprehen-

478 830 640 898 dunt,
661 851 766 891 nec
783 838 852 892 ad
875 840 1046 896 caelos
1069 841 1167 895 tibi
1193 855 1480 896 ascensum
1506 841 1836 897 concedunt.
1860 843 2051 899 [tidem

478 922 548 977 de
577 923 841 996 dignitate
867 929 1065 985 anima:
1088 931 1183 985 ubi
1209 930 1471 997 audieris,
1498 946 1662 1002 quam
1690 934 1951 1003 praeclara
1981 936 2053 990 sit

476 1014 785 1073 substantia
838 1020 930 1075 illa
977 1022 1265 1077 intellectu
1309 1023 1565 1094 praedita,
1598 1039 1710 1079 non
1758 1024 2049 1095 intelligis,

477 1107 627 1175 quod
659 1109 804 1166 Deus
838 1127 948 1167 non
983 1113 1051 1167 de
1081 1115 1311 1185 angelis,
1344 1114 1440 1170 sed
1472 1116 1542 1170 de
1573 1124 1771 1172 natura
1809 1117 2051 1173 humana

478 1199 683 1255 dixerit
713 1202 847 1257 illud
881 1222 893 1257 :
932 1204 1213 1261 Faciamus
1247 1208 1318 1261 ad
1349 1209 1636 1279 imaginem
1665 1218 1717 1265 et
1743 1211 2049 1265 similitudi-

475 1308 597 1346 nem
636 1304 873 1349 nostram
893 1298 959 1361 3‘,
985 1307 1041 1353 et
1068 1298 1217 1368 quod
1245 1301 1446 1355 cm’lum
1473 1310 1530 1356 et
1558 1312 1707 1357 terra
1743 1311 2046 1369 transeant,

477 1392 536 1437 tu
564 1399 693 1439 vero
720 1386 787 1441 ad
818 1388 1289 1446 immortalitatem
1313 1402 1543 1448 vocatus
1570 1394 1667 1460 sis,
1690 1403 1751 1449 ut
1775 1395 1851 1450 sis
1880 1395 2046 1461 ﬁlius,

471 1474 648 1532 frater
679 1488 733 1533 et
763 1495 962 1550 sponsa
1002 1483 1179 1554 regis?
1214 1485 1276 1539 In
1310 1486 1480 1543 rebus
1513 1489 1662 1543 enim
1694 1506 1816 1560 quae
1850 1492 1908 1546 in
1942 1492 2048 1547 hoc

472 1570 675 1624 saeculo
701 1570 985 1637 videntur,
1019 1576 1206 1631 omnia
1233 1592 1356 1647 quae
1384 1587 1515 1633 sunt
1537 1583 1722 1651 sponsi
1740 1623 1756 1649 ,
1782 1584 1850 1638 ad
1877 1600 2048 1655 spon-

472 1674 587 1713 sam
609 1663 914 1731 pertinent;
940 1666 1020 1720 sic
1038 1683 1261 1738 quoque
1283 1673 1465 1725 omnia
1503 1687 1625 1742 quae
1655 1686 1785 1729 sunt
1805 1676 2046 1741 Domini,

470 1763 675 1822 quanta
708 1765 927 1824 quanta.
950 1759 1092 1823 sint,
1116 1761 1413 1816 committit
1449 1762 1538 1819 ille
1572 1774 1681 1819 tuae
1712 1764 1859 1821 ﬁdei.
1884 1769 2047 1823 Venit

470 1845 590 1913 ipse
616 1846 685 1900 ad
711 1847 1039 1918 legationem
1064 1852 1143 1906 tui
1166 1867 1330 1909 causa
1357 1855 1688 1922 obeundam,
1714 1867 1777 1913 ut
1808 1867 1860 1914 te
1889 1875 2046 1915 revo-

468 1943 640 1988 caret.
662 1935 745 1989 Tu
774 1952 906 1992 vero
935 1939 1073 1994 nihil
1107 1941 1387 2013 intelligis,
1410 1960 1588 2014 neque
1615 1949 1856 2018 percipis
1880 1950 2044 2005 nobi~

466 2030 678 2087 litatem
723 2051 736 2087 :
781 2049 845 2089 ac
872 2037 1073 2091 merito
1105 2053 1235 2109 ergo
1266 2037 1516 2109 deplOrat
1548 2057 1734 2097 casum
1773 2054 1927 2100 tuum
1954 2047 2044 2102 ille

469 2123 676 2192 Spiritu
701 2126 919 2196 plenus,
938 2129 1195 2199 inquiens
1217 2150 1230 2185 :
1254 2132 1422 2187 Homo
1450 2151 1570 2189 cum
1593 2136 1649 2188 in
1675 2137 1869 2190 honore
1891 2148 2040 2204 esset,

468 2233 574 2270 non
604 2219 899 2275 intellexit:
923 2232 1261 2294 comparatus
1286 2234 1360 2279 est
1379 2226 1635 2296 jumentis
1658 2228 2039 2298 insipientibus,

467 2316 519 2360 et
548 2310 731 2364 similis
780 2313 948 2382 factus
993 2326 1069 2369 est
1113 2316 1304 2370 illis“.
1327 2316 1512 2373 Gloria
1537 2317 1707 2382 Patri,
1727 2326 1784 2374 et
1806 2319 2042 2386 Filio,et

424 2472 427 2473 ν
468 2400 698 2470 Spiritui
731 2413 942 2472 sancto,
968 2408 1025 2462 in
1060 2409 1277 2464 saecula.
1310 2410 1502 2465 Amen.

1017 2518 1303 2576 HOMILIA
1333 2522 1495 2577 XVII.

464 2601 542 2657 De
582 2606 851 2686 spinritnali
888 2607 1310 2686 Christianorum
1349 2616 1593 2667 unctione
1631 2623 1681 2667 et
1718 2616 1889 2686 gloria
1927 2634 1943 2669 :
1989 2626 2038 2670 et

533 2676 671 2744 quod
711 2677 902 2748 absque
940 2677 1146 2734 Christo
1183 2683 1416 2749 salvari,
1448 2694 1541 2738 aut
1582 2676 1747 2740 vitam
1784 2697 2037 2741 aeternam

530 2749 775 2817 consequi
798 2750 1112 2820 impossibile
1139 2754 1226 2807 sit.

531 2856 573 2910 ἰ.
600 2856 904 2916 Christiani
946 2865 1208 2934 perfecti,
1239 2868 1333 2938 qui
1371 2869 1523 2941 digni
1557 2872 1835 2927 habentur
1865 2873 2035 2928 attin-

459 2964 590 3022 gere
624 2952 851 3021 gradum
886 2957 1266 3026 perfectionis,
1294 2976 1357 3016 ac
1389 2960 1509 3017 fieri
1542 2963 1656 3035 regi
1689 2964 1945 3035 proximi,
1976 2965 2034 3019 bi

458 3044 614 3099 cruci
658 3045 864 3102 Christi
906 3060 1175 3120 perpetuo
1224 3055 1526 3110 consecrati
1568 3062 1717 3113 sunt.
1758 3055 2033 3123 Quemad-

458 3134 684 3189 modum
719 3138 866 3193 enim
893 3142 1286 3209 prophetarum
1322 3146 1668 3217 temporibus
1696 3150 1885 3204 unctio
1916 3160 2033 3207 erat

458 3241 553 3280 res
594 3230 821 3285 omnino
862 3234 1133 3302 pretiosa,
1176 3251 1301 3292 cum
1342 3237 1400 3292 in
1442 3254 1603 3310 reges
1643 3250 1699 3296 et
1738 3243 2037 3313 prophetas

460 3330 800 3387 ungerentur
837 3339 851 3377 :
886 3324 968 3379 sic
1000 3342 1221 3397 quoque
1261 3346 1408 3386 nunc
1447 3333 1789 3403 spirituales,
1824 3336 2036 3391 caelesti

458 3410 723 3467 unctione
754 3417 1029 3485 peruncti,
1060 3420 1301 3477 evadunt
1326 3422 1625 3481 Christiani
1657 3441 1759 3496 per
1780 3427 2033 3498 gratiam,

459 3509 519 3555 ut
551 3501 653 3572 ipsi
683 3506 796 3561 sint
826 3523 982 3578 reges
1010 3519 1065 3565 et
1095 3514 1375 3582 pr0pheue
1406 3517 1712 3573 caelestium
1741 3520 2034 3591 mysterio-

454 3607 600 3646 rum.
632 3593 890 3660 Quinimo
925 3599 980 3652 hi
1017 3610 1150 3655 sunt
1184 3602 1280 3657 lilii
1314 3614 1369 3659 et
1401 3606 1611 3661 domini
1645 3616 1702 3662 et
1734 3607 1833 3674 dii,
1861 3610 2034 3665 vincti

454 3699 520 3738 ac
570 3687 805 3754 captivi,
858 3690 1240 3760 abjectissimi,
1285 3698 1547 3769 cruciﬁxi]
1583 3715 1647 3755 ac
1703 3703 2031 3758 consecrati.

454 3775 562 3846 73
609 3776 665 3832 Si
710 3781 859 3835 enim
902 3786 1090 3839 unctio
1134 3787 1273 3853 olei,
1310 3805 1340 3843 a
1385 3792 1570 3859 planta
1615 3794 1932 3862 aspectabili
1978 3806 2036 3850 et

451 3867 603 3939 ligno
634 3872 837 3927 visibili
875 3877 1120 3943 profecta
1142 3920 1156 3943 ,
1189 3890 1392 3935 tantam
1429 3883 1623 3939 habuit
1650 3887 1941 3955 virtutem,
1974 3896 2035 3944 ut

452 3974 522 4014 eo
548 3965 803 4029 peruncti
836 3966 1158 4037 dignitatem
1186 3970 1323 4025 citra
1352 3987 1571 4029 omnem
1603 3981 2033 4034 controversiam

454 4067 928 4125 consequerentur
955 4063 1158 4132 (ratum
1191 4065 1338 4119 enim
1374 4078 1511 4130 erat,
1540 4078 1601 4121 ut
1632 4073 2035 4127 constitueren-

455 4156 547 4202 tur
570 4148 672 4217 ipsi
702 4152 880 4221 reges)
912 4170 924 4205 :
953 4170 1062 4224 quo
1084 4156 1249 4211 etiam
1278 4159 1445 4215 David
1480 4162 1822 4227 intinctus”,
1850 4165 2031 4218 statim

452 4243 933 4308 persecutionibus
974 4256 1030 4301 et
1073 4248 1463 4307 afﬂictionibus
1507 4255 1789 4323 expositus
1828 4265 1938 4320 est,
1972 4273 2035 4311 ac

450 4332 686 4401 septimo
714 4344 839 4405 post
874 4353 1019 4393 anno
1052 4357 1148 4396 rex
1178 4343 1356 4397 factus
1375 4345 1421 4377 ⁸⁸
1456 4363 1468 4398 :
1517 4356 1721 4416 quanto
1778 4348 1947 4417 magis
1990 4348 2025 4402 ii

450 4423 547 4493 qui
593 4429 896 4484 secundum
952 4444 1191 4489 mentem
1242 4443 1299 4490 et
1346 4437 1665 4493 interiorem
1717 4440 2029 4506 hominem,

450 4519 831 4577 sanctificante
854 4533 911 4578 et
938 4525 1252 4582 laetiﬁcante
1288 4529 1494 4585 caelesti
1532 4547 1596 4585 ac
1629 4532 1899 4601 spirituali
1937 4548 2030 4586 ex-
2060 4557 2105 4612 ι)

449 4608 763 4665 saltationis
804 4612 923 4668 oleo
940 4612 987 4645 ⁸⁵
1014 4618 1266 4685 peruncti
1312 4626 1459 4682 sunt,
1495 4620 1772 4689 recipiunt
1811 4619 2028 4691 signum

449 4701 606 4775 regni
672 4703 822 4759 illius
885 4705 1361 4775 incorruptibilis,
1422 4718 1749 4781 aeternaeque
1808 4713 2030 4768 virtutis

449 4790 820 4847 arrhabonem
852 4795 1066 4851 scilicet
1090 4795 1357 4867 Spiritus,
1386 4800 1563 4869 ipsum
1598 4801 1867 4871 Spiritum
1897 4819 2027 4858 san-

447 4892 599 4936 ctum
649 4894 704 4940 et
746 4888 1120 4956 paracletum?
1166 4889 1443 4961 (intelligc
1484 4908 1618 4947 vero
1662 4894 2027 4959 Paracletum,

449 4977 542 5045 qui
589 4979 927 5045 consoletur,
964 4990 1022 5035 ct
1059 4981 1261 5053 gaudio
1300 4983 1597 5053 perfundat
1641 4984 2032 5043 alllictionibus

411 5132 419 5145 .
448 5069 783 5139 oppressos).

523 5161 587 5216 ll.
626 5164 691 5218 Hi
738 5177 1021 5237 unguento
1068 5185 1135 5223 ex
1178 5168 1327 5239 ligno
1368 5169 1496 5224 vitae
1536 5170 1665 5225 Jesu
1706 5170 1944 5235 Christi,
1976 5178 2032 5227 et

447 5256 637 5325 planta
662 5260 871 5314 cmlesti
905 5261 1141 5325 inuncti,
1171 5262 1353 5318 idonei
1381 5263 1681 5330 habentur,
1709 5265 1804 5335 qui
1832 5280 2028 5335 pervc-

448 5348 604 5405 niant
646 5350 713 5404 ad
760 5351 990 5421 gradum
1037 5354 1423 5424 perfectionis,
1460 5357 1645 5429 regni,
1680 5358 1934 5429 inquam,
1972 5368 2027 5413 et

447 5441 800 5512 adoptionis;
839 5445 1043 5513 quippe
1078 5448 1168 5515 qui
1206 5457 1336 5502 sunt
1367 5452 1649 5505 secretarii
1680 5452 1826 5523 regis
1858 5451 2027 5505 cccle-

452 5533 572 5593 stis,
597 5549 661 5587 ac
687 5533 813 5588 freti
842 5535 1041 5591 ﬁducia
1070 5536 1495 5611 Omnipotentis,
1522 5542 1909 5614 ingrediuntur
1932 5559 2027 5612 pa-

449 5622 645 5678 latium
674 5625 867 5695 ipsius,
889 5628 983 5682 ubi
1010 5639 1138 5683 sunt
1161 5633 1337 5702 angeli
1360 5644 1415 5689 et
1437 5635 1664 5706 spiritus
1687 5646 2022 5701 sanctorum,

522 5793 566 5824 ⁸¹
592 5795 727 5850 Gen.
758 5814 793 5859 ι,
817 5799 887 5852 26
987 5803 1028 5831 ⁸²
1058 5805 1195 5859 Psal.
1225 5825 1362 5873 κως,
1386 5810 1473 5864 21.

1554 5812 1595 5842 ⁸⁵
1622 5811 1641 5865 l
1672 5812 1934 5883 lichvi,
1966 5809 2050 5867 l5.

2161 578 2321 649 ρανδν
2352 579 2649 643 σκοτειναὶ,
2685 580 2780 633 καὶ
2840 579 2951 649 πῦρ
2980 580 3180 649 φλέγον
3212 582 3308 635 καὶ⁹
3353 582 3627 652 καχλάζον
3666 586 3737 638 ἐν

2153 672 2266 733 τοῖς
2295 670 2531 740 μέλεσιν,
2570 670 2647 734 ὼς
2678 670 2830 724 οὐδὲν
2873 673 2907 741 ή
2948 672 3044 741 γῆ,
3090 673 3163 743 μὴ
3192 671 3349 736 είδὼς
3390 674 3471 727 ὅτι
3519 675 3612 729 ἐὰν
3648 677 3743 746 μὴ

2152 763 2279 835 δέξῃ
2310 764 2403 817 τὸν
2429 763 2725 835 ἀρραϐῶνα
2754 762 2848 816 τοῦ
2878 763 3193 834 Πνεύματος
3237 765 3333 819 τοῦ
3369 767 3524 833 ἁγίου
3559 768 3614 819 ἐν
3644 767 3745 837 τῷ

2153 854 2472 925 ἐξέρχεσθαι
2497 854 2591 908 τοῦ
2631 852 2906 924 σώματος,
2934 853 3226 924 κατέχουσι
3258 871 3351 909 σου
3379 854 3479 927 τὴν
3518 856 3743 926 ψυχὴν,

2155 947 2231 1016 μὴ
2259 946 2456 1009 ἐῶντές
2504 963 2562 999 σε
2590 944 2836 999 ἀνελθεῖν
2871 946 2954 1007 εἰς
2990 946 3117 1010 τοὺς
3144 944 3427 1016 οὐρανούς.
3487 946 3750 1017 Ὁμοίως

2150 1039 2209 1092 δὲ
2237 1040 2332 1093 καὶ
2362 1039 2492 1109 περὶ
2519 1037 2613 1091 τοῦ
2646 1036 2951 1107 ἀξιώματος
2974 1037 3073 1106 τῆς
3116 1037 3295 1108 ψυχῆς
3338 1037 3573 1104 ἀκούων,
3601 1037 3750 1100 πῶς

2150 1131 2267 1184 ἐστι
2298 1130 2454 1201 τιμία
2482 1130 2517 1201 ἡ
2551 1130 2712 1201 νοερὰ
2739 1129 2916 1193 οὐσία,
2967 1130 3028 1183 οὐ
3058 1133 3279 1195 συνιεῖς,
3327 1131 3411 1186 ὅτι
3456 1132 3557 1185 οὐκ
3586 1126 3741 1184 εἷπε

2149 1222 2282 1293 περὶ
2314 1221 2584 1290 ἀγγέλων,
2614 1220 2750 1275 ἀλλά
2778 1220 2909 1290 περὶ
2938 1223 3039 1291 τῆς
3081 1221 3430 1291 ἀνθρωπίνης
3474 1221 3741 1290 φύσεως,

2148 1314 2231 1379 τὸ,
2255 1314 2608 1383 Ποιήσωμεν
2622 1313 2750 1366 κατ’
2765 1313 2970 1367 εἰκόνα
2984 1311 3277 1382 ἡμετέραν
3293 1312 3392 1367 καὶ
3410 1313 3747 1382 ὁμοίωσινο

2148 1407 2265 1469 καὶ,
2291 1408 2376 1461 ὅτι
2405 1408 2434 1460 ὁ
2464 1406 2693 1477 οὐρανὸς
2731 1406 2825 1459 καὶ¹
2853 1408 2888 1475 ἡ
2912 1406 2986 1474 γῆ
3044 1405 3412 1475 παρέρχεται·
3449 1406 3512 1457 σὺ
3555 1404 3610 1457 δὲ
3642 1405 3753 1468 εἰς

2148 1496 2447 1561 υἱοθεσίαν,
2499 1499 2581 1561 εἰς
2629 1495 2989 1565 ἀδελφότητα,
3046 1496 3123 1559 είς
3162 1495 3384 1566 νύμφην
3430 1494 3742 1566 βασιλέως.

2153 1588 2253 1644 οἘν
2284 1592 2397 1654 τοῖς
2430 1589 2777 1659 φαινομένοις
2802 1589 2911 1660 γὰρ
2940 1590 3121 1642 πάντα
3141 1588 3211 1641 τὰ
3229 1587 3325 1641 τοῦ
3354 1587 3583 1658 νυμφίου
3614 1587 3749 1657 τῆς

2147 1683 2367 1754 νύμφης
2407 1682 2539 1747 εἰσὶ,
2574 1682 2669 1736 καὶ
2718 1683 2895 1736 πάντα
2949 1682 3020 1735 τά
3071 1679 3165 1735 τοῦ
3194 1681 3398 1753 Κυρίου
3441 1682 3540 1735 ὅσα
3577 1680 3748 1733 είσὶν

2152 1773 2477 1843 ἐμπιστεύει
2529 1789 2636 1826 σοι.
2662 1769 2841 1826 Ἦλθε
2887 1771 2998 1842 γὰρ
3053 1774 3134 1836 είς
3181 1771 3477 1843 πρεσϐείαν
3510 1770 3604 1842 σὴν
3654 1771 3746 1824 δι’

2077 1833 2125 1896 Β
2157 1833 2354 1916 ἑαυτοῦ
2387 1863 2523 1927 ,ἴνα
2557 1880 2617 1916 σε
2654 1833 3091 1931 ἀνακαλέσηταιο
3115 1833 3318 1916 ’καὶ-σὺ
3358 1860 3510 1915 οὐδὲν
3554 1833 3744 1924 νοεῖς,

2151 1953 2272 2007 οὐδὲ
2326 1954 2571 2023 συνῆκας
2623 1954 2722 2025 τὴν
2770 1954 3050 2022 εὐγένειάν
3109 1970 3239 2020 σου;
3285 1952 3516 2015 Δικαίως
3564 1949 3669 2005 οὖν
3706 1954 3744 2006 ὁ

2108 2034 2111 2037 ν
2151 2049 2597 2119 πνευματοφόρος
2620 2048 2811 2101 πενθεῖ
2836 2064 2931 2101 σου
2955 2046 3054 2119 τὴν
3088 2046 3317 2110 πτῶσιν,
3349 2044 3540 2113 λέγων,
3582 2045 3746 2096 Ἄν-

2148 2142 2476 2210 θρωποςιὲν
2513 2140 2652 2212 τιμῇ
2676 2141 2771 2205 ὢν¹
2799 2143 2871 2196 οὐ
2908 2140 3149 2207 συνῆκε
3166 2154 3181 2169 ·
3223 2137 3742 2204 παρεσυγεὸλήθη

2148 2232 2273 2298 τοῖς
2302 2232 2553 2300 κτήνεσι
2608 2231 2733 2296 τοῖς
2754 2232 3035 2300 ἀνοήτοις
3065 2231 3161 2283 καὶ
3192 2227 3456 2299 ὡμοιώθη
3489 2231 3740 2294 αὐτοις.

2148 2323 2287 2389 Δόξα
2318 2324 2512 2393 Πατρὶ,
2552 2324 2647 2375 καὶ
2674 2322 2809 2395 Υἱῷ,
2847 2324 2941 2376 καὶ
2969 2322 3110 2391 ἁγίῳ
3137 2323 3439 2391 Πνεύματι,
3469 2321 3545 2382 είς
3591 2323 3743 2383 τοὺς

2149 2415 2371 2478 αἰῶνας.
2410 2415 2603 2485 Ἀμήν.

2728 2535 2972 2590 ΟΜΙΔΙΑ
3012 2531 3110 2587 IZ'.

2145 2627 2876 2701 Heplrﬁgnrevpaugcﬁc
2904 2625 3024 2701 τῶν
3064 2621 3429 2701 ζριστιαιςῶν
3468 2622 3735 2701 κρίσεως

2218 2693 2314 2751 καί
2353 2693 2559 2765 δόξης.
2601 2693 2699 2752 καὶ
2751 2698 2841 2751 ὅτι
2890 2696 3040 2749 ἄνευ
3088 2694 3346 2765 Χριστοῦ
3380 2693 3643 2765 amarit-at
3680 2693 3730 2761 ἢ

2216 2768 2365 2838 ζωῆς
2386 2763 2630 2826 αὶωκίου
2653 2768 2913 2838 μέτοχον
2934 2768 3208 2835 τίνεσθαι
3229 2763 3531 2818 ἀδύνατόν
3561 2763 3725 2815 ἐστι.

2212 2886 2291 2940 A'.
2325 2886 2389 2938 Oi
2414 2882 2611 2938 τέλειοι
2658 2880 2973 2953 Χριστιανοὶ
3000 2882 3049 2933 οἱ
3079 2876 3512 2943 καταξιωθέντες
3539 2875 3725 2928 ἐλθεῖν

2140 2978 2221 3040 εἰς
2263 2977 2435 3049 μέτρα
2463 2974 2819 3045 τελειότητος,
2870 2974 2967 3027 καὶ
2998 2970 3251 3041 γενέσθαι
3277 2968 3567 3037 ἐγγύτατοι
3614 2968 3723 3038 βα-

2143 3069 2357 3135 σιλέως,
2411 3061 2557 3121 οῦτοι
2606 3067 2683 3139 τῷ
2750 3063 2971 3136 σταυρῷ
3028 3062 3124 3117 τοῦ
3188 3060 3426 3132 Χριστοῦ
3485 3060 3721 3114 πάντοτε

2140 3158 2506 3229 ἀφιερωμένω
2538 3158 2695 3211 εἰσίν.
2724 3158 2937 3226 Ὠσπερ
2982 3153 3090 3226 γὰρ
3142 3152 3366 3206 ἐπὶτῶν
3421 3152 3723 3223 προφητῶν

2136 3253 2199 3305 τὸ
2225 3251 2433 3321 χρίσμα
2456 3245 2524 3321 ἦν
2552 3250 2671 3303 ὅλον
2719 3247 3067 3319 τιμιώτερον,
3117 3246 3307 3317 ἐπειδὴ
3352 3248 3432 3310 είς
3477 3244 3720 3315 βασιλεῖς

2138 3343 2231 3397 καὶ
2264 3343 2549 3413 προφήτας
2581 3341 2850 3412 ἐχρίοντο,
2911 3338 3053 3393 οὓτω
3094 3338 3188 3391 νῦν
3248 3340 3295 3391 οἱ
3351 3338 3721 3407 πνευματικοὶ

2136 3433 2197 3487 τὸ
2222 3433 2546 3503 ἐπουράνιον
2578 3433 2790 3503 χρίσμα
2813 3432 3113 3503 χριόμενοι,
3137 3430 3378 3498 γίνονται
3398 3429 3721 3499 Χριστιανοὶ

2137 3527 2279 3581 κατὰ
2313 3526 2493 3597 χάριν,
2536 3523 2677 3578 ὥστε
2704 3520 2842 3578 εἶναι
2879 3523 3077 3585 αὐτοὺς
3110 3521 3347 3593 βασιλεῖς
3377 3522 3471 3576 καὶ
3502 3523 3724 3592 προφή-

2134 3636 2235 3683 τας
2272 3618 2614 3688 ἐπουρανίων
2640 3616 2984 3689 μυστηρίων.
3014 3608 3175 3670 Οὗτοί
3204 3617 3307 3669 εἰσι
3335 3614 3427 3669 καὶ
3463 3613 3588 3675 υἱοὶ,
3625 3616 3723 3668 καὶ

2136 3712 2341 3783 κύριοι,
2377 3715 2473 3764 καί
2496 3710 2628 3775 θεοὶ,
2676 3710 2974 3781 δεδεμένοι,
3000 3707 3513 3779 ’ᾑχμαλωτισμένοι,
3552 3706 3719 3776 βεῦυ-

2137 3802 2407 3872 θισμὲνοι,
2449 3801 2880 3872 ἐσταυρωμένοι,
2946 3799 3349 3870 ἀφιερωμένοιο
3399 3799 3448 3850 εἰ
3500 3796 3612 3868 γὰρ
3660 3797 3720 3850 τὸ

2136 3898 2348 3965 χρίσμα
2374 3894 2468 3947 τοῦ
2496 3893 2698 3953 ἐλαίου,
2729 3894 2866 3963 ὅπερ
2894 3887 2962 3962 ἦν
3004 3892 3175 3959 φυτοῦ
3230 3891 3581 3958 φαινομένου,
3621 3890 3719 3942 καὶ

2139 3984 2294 4049 ξύλου
2340 3982 2559 4054 ὁρατοῦ,
2616 3981 2884 4050 τοσαύτην
2927 3975 3039 4047 εἶχε
3093 3976 3355 4048 δύναμιν,
3401 3975 3541 4028 ὥστε
3586 3978 3715 4036 τοὺς

2136 4078 2457 4147 χριομένους
2488 4074 2896 4144 ἀναντιρῤήτως
2925 4071 3143 4141 ἀξίωμα
3163 4068 3462 4140 λαμϐάνειν
3486 4064 3569 4137 (ἢν
3595 4065 3705 4135 γὰρ

2136 4166 2542 4239 κεκυρωμένον,
2563 4166 2704 4218 ὥστε
2730 4163 3087 4217 καθίστασθαι
3129 4162 3326 4224 αὐτοὺς
3363 4158 3646 4229 βασιλεῖς)·
3676 4156 3706 4209 ὃ

2137 4257 2235 4308 καὶ
2272 4255 2436 4309 Δαϐὶδ
2461 4255 2709 4325 χρισθεὶς
2742 4255 2946 4316 εὐθέως
2973 4253 3235 4322 διωγμοῖς
3280 4252 3574 4323 περιέπεσε
3615 4252 3716 4302 καὶ

2126 4345 2399 4407 ηέθλίὸετο,
2425 4347 2520 4398 καὶ
2552 4346 2691 4415 μετὰ
2716 4345 2855 4397 ἑπτὰ
2878 4344 2970 4415 ἔτη
3007 4344 3224 4411 ἐγένετο
3244 4342 3496 4412 βασιλεύς
3519 4358 3533 4371 ⁶
3562 4342 3717 4412 πόσῳ

2140 4437 2341 4506 μᾶλλον
2373 4437 2487 4490 ὅσοι
2521 4437 2764 4507 χρίονται
2789 4435 2932 4489 κατὰ
2958 4437 3049 4489 τὸν
3074 4436 3199 4489 νοῦν
3232 4437 3325 4488 καὶ
3354 4436 3446 4487 τὸν
3475 4434 3585 4487 ἔσω
3617 4435 3714 4488 ἄν·

2136 4529 2374 4599 θρωπον,
2417 4530 2478 4582 τὸ
2523 4530 2840 4597 ἁγιαστικδν
2910 4530 3004 4581 καὶ
3054 4527 3348 4597 χαροποιὸν
3396 4527 3577 4580 ἔλαιον
3614 4528 3717 4597 τῆς

2139 4620 2533 4691 ἀγαλλιάσεως,
2567 4620 2627 4671 τὸ
2652 4620 2904 4691 οὐράνιον
2929 4619 3022 4671 καὶ
3053 4618 3442 4687 πνευματικὸν,
3468 4616 3716 4685 δέχονται

2137 4713 2198 4765 τὺ
2239 4712 2421 4778 σίγνον
2454 4710 2553 4779 τῆς
2585 4708 2862 4778 βασιλείας
2894 4708 3108 4779 ἐκείνης
3157 4709 3254 4777 τῆς
3296 4707 3578 4777 ἀφθάρτου
3617 4708 3714 4760 καὶ

2139 4803 2309 4856 ἀϊδίου
2362 4802 2660 4869 δυνάμεως,
2685 4800 2778 4852 τὸν
2837 4800 3133 4872 ἀρραϐῶνα
3158 4800 3250 4853 τοῦ
3287 4799 3627 4868 Πνεύματος,
3658 4799 3716 4851 τὸ

2137 4892 2364 4962 Πνεῦμα
2402 4892 2465 4943 τὺ
2509 4890 2664 4959 ἅγιον
2697 4891 2792 4943 καὶ
2831 4891 3223 4960 παράκλητον;
3272 4891 3471 4942 ’Ἄκουε
3502 4888 3557 4942 δὲ
3607 4906 3716 4941 πα-

2143 4984 2434 5055 ράκλητον,
2460 4984 2556 5037 καὶ
2581 4982 2641 5035 τό
2675 4983 3013 5053 παρακαλεῖν
3038 4985 3133 5036 καὶ
3165 4983 3481 5054 χαροποιεῖν
3506 4980 3635 5042 τοὺς
3656 4982 3715 5032 ἐν

2140 5077 2382 5146 θλίψεσιν
2416 5076 2596 5138 ὄντας.

2209 5166 2284 5222 B’.
2312 5162 2471 5221 Οὗτοι
2504 5169 2567 5220 ἐκ
2596 5165 2691 5219 τοῦ
2751 5164 2907 5231 ξύλου
2934 5165 3033 5235 τῆς
3065 5166 3212 5233 ζωῆς
3244 5163 3420 5233 Ἰησοῦ
3450 5162 3712 5234 Χριστοῦ,

2136 5263 2201 5314 ἐκ
2228 5261 2321 5313 τοῦ
2372 5260 2542 5327 φυτοῦ
2572 5258 2665 5312 τοῦ
2697 5260 3020 5329 ἐπουρανίου
3047 5260 3344 5329 χριόμενοι,
3378 5255 3709 5319 καταξιοῦν-

2131 5374 2222 5411 ται
2268 5355 2441 5408 ἐλθεῖν
2494 5356 2572 5416 είς
2601 5354 2774 5423 μέτρα
2799 5353 2897 5420 τῆς
2927 5352 3278 5420 τελειότητος,
3306 5352 3402 5418 τῆς
3440 5346 3715 5418 βασιλείας

2133 5450 2277 5518 λέγω
2301 5448 2394 5500 καὶ
2414 5446 2514 5515 τῆς
2535 5445 2827 5505 υἱοθεσίας,
2860 5443 3014 5506 ὄντες
3037 5442 3353 5513 συμμύσται
3384 5437 3710 5507 ἐπουρανίου

2136 5540 2400 5611 βασιλέως
2440 5537 2654 5608 ἔχοντες
2710 5536 3025 5606 παρρησίαν
3074 5534 3210 5604 πρὸς
3252 5534 3343 5585 τὸν
3398 5529 3711 5599 παντοκρά-

2130 5651 2287 5705 τορα,
2326 5630 2695 5702 είσερχὸαενοι
2747 5630 2828 5691 εἰς
2867 5627 2927 5680 τὺ
2958 5625 3217 5681 παλάτιον
3274 5624 3461 5692 αὐτοῦ,
3508 5622 3635 5677 ἔνθα
3664 5628 3711 5680 οἱ

2126 5811 2169 5842 ⁸⁵
2192 5810 2235 5867 ll
2265 5811 2397 5880 Reg.
2426 5827 2483 5877 ιι,
2510 5811 2558 5865 4.
2636 5808 2679 5840 ⁸⁸
2701 5805 2843 5863 Psal.
2869 5822 2987 5873 XLV,
3014 5807 3065 5862 8.
