3966 6436
270 384 434 458 ,625

1498 385 1876 448 ΗΟΠΙΙΑΙΛΕέ
1895 411 1966 424 -

1991 386 2178 448 ΗΟΜ.
2216 385 2403 447 XVII.
3457 372 3564 442 626

271 547 283 552 -
327 496 552 567 ἄγγελοι
585 495 682 549 καὶ
711 494 1094 566 σιὰ-πνεύματα
1137 497 1244 551 τῶν
1276 495 1467 566 ἁγίων,
1515 499 1608 555 καὶ
1632 500 1713 555 ἐτι
1741 499 1894 564 ὄντες

2013 509 2051 555 at
2073 501 2167 570 qui
2199 499 2380 572 adhuc
2414 496 2472 552 in
2504 495 2611 550 hoc
2640 503 2771 550 sunt
2797 493 3024 549 mundo.
3051 492 3209 548 Licet
3234 492 3384 547 enim
3416 490 3564 544 inte-

328 589 390 641 ὲν
417 586 493 657 τῷ
527 586 715 657 κόσμῳ
751 586 951 658 τούτῳ·
984 589 1148 658 μήπω
1180 588 1288 660 γὰρ
1309 591 1408 661 τὴν
1432 591 1643 645 τελείαν
1702 591 1898 664 κληρο-

328 681 523 750 νομίαν
543 679 794 744 λαῦόντες
815 679 914 750 τὴν
934 681 1090 752 εὐτρε
1101 681 1370 752 πισμένην
1405 682 1590 747 αὐτοῖς
1619 683 1677 735 ὲν
1703 683 1898 752 ἐκείνῳ

325 772 408 845 τῷ
452 772 630 836 αἰῶνι,
659 771 923 841 ἀσφαλεῖς
975 773 1114 826 εἰσιν
1158 773 1268 827 ἀπὸ
1334 773 1428 827 τοῦ
1459 773 1801 846 ἀρραϐῶνος,
1833 767 1897 829 οὗ

270 915 278 920 ,
329 863 582 928 ἐδέξαντο
619 862 736 928 νῦν,
760 864 834 926 ὡς
863 863 964 936 ἤδη
1009 865 1471 936 ἐστεφανωμένοι,
1521 867 1618 920 καὶ
1651 864 1900 935 βασιλεύ-

326 974 503 1020 οντες.
545 959 655 1011 Καὶ
687 958 748 1010 οὐ
791 957 1088 1025 ξενίζονται
1152 957 1439 1028 μέλλοντες
1485 958 1901 1029 συμϐασιλεύειν

330 1047 573 1118 Χριστῷ,
603 1050 694 1102 ἐπὶ
744 1049 821 1120 τῷ
867 1049 1214 1121 πλεονασμῷ,
1245 1051 1340 1104 καὶ
1389 1051 1458 1120 τῇ
1502 1048 1786 1121 παρρησίᾳ
1803 1047 1898 1102 τοῦ

330 1138 670 1208 Πνεύματος.
691 1140 791 1194 Διὰ
817 1139 907 1206 τίς
937 1141 1125 1212 ἐπειδὴ
1153 1142 1304 1203 ὄντες
1340 1140 1422 1194 ἔτι
1440 1143 1498 1194 ὲν
1523 1143 1593 1211 τῇ
1623 1139 1788 1211 σαρκί
1822 1134 1900 1192 εῖ-

329 1247 426 1299 χον
448 1230 540 1284 τὸν
557 1231 743 1285 νόστον
765 1233 969 1285 ἐκεῖνον
987 1232 1086 1303 τῆς
1116 1232 1476 1305 γλυκύτητος,
1503 1234 1600 1288 καὶ
1619 1233 1716 1306 τὴν
1745 1234 1900 1306 ὲνὲρ-

329 1337 487 1391 γειαν
520 1323 734 1394 ἐκείνην
757 1324 856 1394 τῆς
871 1324 1174 1394 δυνάμεως.

398 1415 476 1469 I".
517 1417 612 1470 Ὃν
637 1418 746 1488 γὰρ
797 1418 999 1487 τρόπον
1043 1415 1224 1492 ὅτανῇ
1276 1436 1360 1483 τις
1403 1420 1557 1488 φίλος
1614 1417 1897 1490 βασιλέως,

327 1509 610 1580 σχολάζων
629 1510 707 1581 τῷ
737 1511 1004 1582 παλατίῳ,
1034 1513 1317 1584 γνωρίζων
1358 1514 1431 1568 τὰ
1481 1515 1777 1585 μυστήρια,
1808 1514 1904 1568 καὶ

331 1603 475 1674 ὁρῶν
497 1603 660 1656 αὑτοῦ
710 1603 808 1676 τὴν
853 1605 1173 1676 πορφύρανο
1205 1606 1386 1677 συμϐῇ
1426 1606 1484 1660 δὲ
1526 1605 1717 1660 τοῦτον
1745 1606 1898 1675 γενέ-

332 1695 456 1748 σθαι
488 1694 736 1764 βασιλέα,
769 1695 863 1749 καὶ
895 1695 1326 1766 στεφανωθῆναι,
1367 1699 1428 1750 ού
1473 1697 1758 1764 ξενίζεται,
1781 1695 1903 1750 οὔτε

332 1789 601 1849 πτοεῖται,
632 1787 816 1858 ἐπειδὴ
845 1788 903 1840 ἐν
932 1787 1110 1859 πολλῷ
1165 1789 1342 1860 χρόνῳ
1385 1789 1762 1860 ὲνεγυμνάσθη
1819 1789 1900 1852 εἰς

315 1878 402 1946 ,τὰ
425 1881 696 1950 μυστήρια
744 1878 841 1932 τοῦ
873 1881 1159 1934 παλατίου.
1196 1880 1283 1940 ⁷Οὐ
1316 1879 1426 1952 γὰρ
1479 1881 1754 1952 ἐνδέχεταί
1779 1897 1902 1934 τινα

329 1972 442 2025 τῶν
477 1971 829 2042 ἀγελημαίων
850 1973 944 2026 καὶ
977 1972 1201 2026 ἰδιωτῶν
1237 1973 1333 2026 καὶ
1364 1971 1529 2038 ξένων
1550 1973 1659 2026 τῶν
1693 1989 1901 2043 μυστη-

331 2064 467 2135 ρίων
499 2063 778 2129 εἰσελθεῖν,
803 2065 896 2118 καὶ
921 2064 1258 2135 βασιλεῦσαι,
1289 2066 1338 2117 εἰ
1363 2065 1436 2135 μὴ
1461 2064 1586 2129 τοὺς
1606 2063 1904 2136 ἐμπείρους

329 2156 427 2210 καὶ
480 2157 976 2227 πεπαιδευμένους·
1036 2157 1211 2220 οὕτως
1278 2158 1374 2211 καὶ
1402 2160 1450 2210 οἰ
1500 2157 1816 2228 Χριστιανοὶ
1847 2159 1905 2211 ὲν

327 2249 523 2319 ἐκείνῳ
542 2250 618 2320 τῷ
639 2251 794 2303 αἰῶνι
825 2251 1110 2321 μέλλοντες
1145 2250 1471 2320 βασιλεύειν,
1500 2252 1561 2304 οὐ
1586 2250 1903 2317 ξενίζονται,

327 2341 432 2412 ἤδη
461 2343 868 2412 προεγνωκότες
887 2343 956 2396 τὰ
988 2345 1263 2414 μυστήρια
1284 2345 1382 2415 τῆς
1407 2344 1649 2414 χάριτος.
1689 2343 1907 2414 Ἐπειδὴ

328 2434 439 2504 γὰρ
470 2435 498 2488 ὁ
532 2434 814 2505 ἄνθρωπος
870 2437 1084 2506 παρέϐη
1127 2437 1224 2506 τὴν
1281 2437 1523 2507 ἐντολὴν,
1585 2438 1613 2489 ὁ
1665 2436 1908 2505 διάϐολος

326 2525 457 2595 ὃλην
490 2527 588 2596 τὴν
608 2525 788 2597 ψυχὴν
819 2527 1056 2597 ἐκάλυψε
1083 2527 1404 2598 καλύμματι
1437 2527 1715 2598 σκοτεινῷ.
1776 2529 1903 2581 Λοι-

328 2618 433 2670 πὸν
457 2617 551 2671 οὖν
569 2617 787 2689 ἔρχεται
809 2621 840 2691 ἡ
871 2623 1053 2691 χάρις,
1079 2621 1173 2673 καὶ
1203 2621 1534 2676 ἀπεκδύεται
1553 2622 1674 2675 ὅλον
1700 2622 1760 2674 τὸ
1783 2622 1906 2674 σκέ-

289 2709 293 2712 ’
328 2728 549 2782 πασμα,
583 2711 722 2765 ὥστε
753 2713 936 2765 λοιπὸν
974 2713 1072 2785 τὴν
1112 2714 1290 2785 ψυχὴν
1326 2715 1572 2785 καθαρὰν
1602 2715 1901 2784 γενομένην

329 2804 428 2858 καί¹
459 2799 834 2858 ἀπολαϐοῦσαν
860 2805 958 2873 τὴν
982 2806 1119 2860 ἰδίαν
1148 2806 1312 2875 φύσιν
1342 2808 1401 2859 τὸ
1424 2807 1631 2876 κτίσμα
1658 2807 1718 2858 τὸ
1746 2806 1906 2877 ἄμω-

285 2895 291 2898 ’
329 2916 435 2970 μον
462 2897 558 2952 καὶ
590 2897 857 2968 καθαρὸν,
889 2901 1120 2954 πάντοτε
1169 2900 1353 2954 λοιπὸν
1398 2898 1653 2970 καθαρῶς
1695 2903 1754 2953 ὲν
1803 2904 1916 2964 τοῖς

287 2988 296 2992 ⁷
329 2989 593 3059 καθαροῖς
640 2990 938 3061 ὀφθαλμοῖς
967 2994 1068 3062 τὴν
1111 2991 1268 3056 δόξαν
1315 2992 1410 3046 τοῦ
1442 2994 1634 3062 φωτὸς.
1656 2993 1749 3047 τοῦ
1784 2993 1917 3060 ἀλη-

295 3091 300 3094 ’
335 3080 485 3135 θινοῦ
511 3083 769 3154 καθορᾷν,
792 3084 993 3137 καὶτὸν
1024 3085 1274 3155 ἀληθινὸν
1296 3086 1482 3140 Ἥλιον
1513 3087 1612 3152 τῆς
1647 3084 1919 3140 δικαιοσύ-

335 3192 438 3244 νης
491 3177 927 3249 ἐξαστράπτοντα
956 3179 1092 3250 αὐτῇ
1123 3181 1187 3251 τῇ
1207 3181 1423 3251 καρδίᾳ.

408 3455 482 3507 A'.
521 3452 732 3526 Ὥσπερ
779 3455 974 3526 γὰρέν
1008 3459 1074 3528 τῇ
1131 3459 1413 3529 συντελείᾳ
1460 3463 1914 3533 περιαιρουμένου

331 3544 431 3598 τοῦ
464 3545 860 3614 στερεώματος,
877 3546 1061 3600 λοιπὸν
1083 3550 1130 3601 οἰ
1150 3548 1344 3603 δίκαιοι
1378 3553 1433 3603 ἐν
1454 3555 1518 3620 τῇ
1546 3552 1790 3622 βασιλείᾳ
1822 3556 1916 3608 καὶ

303 3645 306 3649 ’
340 3635 422 3704 τῷ
438 3636 577 3704 φωτὶ
611 3636 705 3688 καί
727 3641 792 3707 τῇ
812 3637 934 3718 δόξῃ
973 3638 1238 3706 διάγουσι,
1267 3641 1432 3711 μηδὲν
1459 3642 1542 3693 Et:
1553 3661 1642 3713 ρον
1664 3645 1916 3713 ὁρῶντες.

311 3730 315 3732 ’
347 3726 384 3796 ἢ
417 3727 594 3791 καθὼς
624 3731 651 3781 ὀ
679 3729 913 3798 Χριστὸς
940 3733 996 3782 ἐν
1018 3732 1145 3802 δόξῃ
1173 3731 1291 3784 ἐστὶ
1320 3733 1548 3785 πάντοτε
1572 3736 1628 3786 ἐν
1659 3736 1808 3806 δεξιᾷ
1823 3736 1917 3789 τοῦ

351 3819 559 3889 Πατρός
579 3837 591 3849 ·
626 3820 799 3878 οὕτως
828 3824 922 3874 καὶ
953 3817 1097 3876 οὗτοι
1131 3823 1238 3875 ἀπὸ
1256 3825 1347 3876 τοῦ
1371 3823 1466 3876 νῦν
1498 3827 1578 3888 εἰς
1598 3827 1803 3880 ἐκεῖνον
1828 3828 1919 3880 τὸν

310 3921 314 3924 ’
354 3910 523 3963 αἰῶνα
549 3912 901 3982 ἀπαχθέντες,
931 3915 1025 3966 καὶ
1056 3914 1606 3984 αἰχμαλωτισθέντες,
1651 3918 1827 3970 πάντα
1854 3899 1920 3972 τὰ

350 4004 470 4056 ἐκεῖ
492 4004 684 4072 κάλλη,
725 4005 815 4057 καὶ
847 4005 945 4062 τὰς
977 4005 1423 4076 θαυματουργίας
1468 4007 1686 4077 ὁρῶσιν.
1731 4009 1920 4078 Ἡμεῖς

345 4095 454 4165 γὰρ
481 4097 573 4150 ἐπὶ
599 4097 704 4166 γῆς
724 4097 898 4161 ὄντες,
933 4100 989 4149 ὲν
1009 4099 1252 4168 οὐρανοῖς
1284 4099 1479 4168 ἔχομεν
1506 4101 1567 4151 τὸ
1599 4100 1917 4171 πολίτευμα,

345 4189 427 4250 εἰς
446 4190 651 4241 ἐκεῖνον
680 4189 772 4241 τὸν
799 4190 1002 4257 κόσμον
1022 4186 1250 4259 ἔχοντες
1271 4190 1367 4261 τὴν
1401 4191 1676 4261 διαγωγὴν
1699 4199 1791 4246 καὶ
1823 4195 1920 4264 τὴν

343 4281 638 4346 πολιτείαν,
678 4283 816 4333 κατὰ
867 4282 956 4333 τὸν
982 4282 1105 4336 νοῦν
1155 4283 1249 4335 καὶ
1304 4285 1395 4336 τὸν
1449 4283 1557 4337 έσω
1611 4287 1920 4354 ἄνθρωπον.

342 4371 558 4438 Ὠσπερ
591 4371 698 4440 γὰρ
721 4374 748 4424 ό
777 4372 1102 4441 φαινόμενος
1123 4372 1402 4440 ὀφθαλμὸς
1431 4373 1670 4444 καθαρὸς
1692 4375 1786 4435 ὢν,
1820 4387 1922 4430 κα-

1994 607 2147 663 gram
2176 575 2571 655 haireditatem,
2598 586 2704 643 sibi
2733 587 2790 640 in
2817 586 2912 641 illo
2943 585 3146 640 smeulo
3179 589 3563 654 praeparatam,

1954 722 1956 726 τ
1995 684 2239 739 nondum
2270 681 2538 746 adierint,
2567 678 2859 736 certissimi
2898 685 3080 732 tamen
3111 684 3242 729 sunt
3272 689 3340 728 ex
3371 671 3566 727 arrha-

1951 805 1958 816 ι
1995 777 2142 833 bone
2181 792 2345 846 quem
2385 774 2550 830 modo
2586 779 2945 843 receperunt,
2982 785 3047 825 ac
3088 769 3134 824 si
3169 769 3279 839 jam
3321 762 3567 821 coronati

1995 877 2216 934 essent,
2239 876 2296 924 et
2326 867 2481 939 regni
2515 867 2732 922 clavum
2767 872 3051 929 tenerent;
3087 876 3268 932 neque
3301 858 3568 925 obstupe-

1954 979 1959 986 '
1997 967 2178 1027 scunt,
2206 968 2268 1014 ut
2297 959 2352 1012 in
2382 973 2442 1014 re
2470 958 2690 1013 insolita
2725 972 2787 1011 ac
2817 970 2980 1016 nova,
3009 953 3156 1023 quod
3191 966 3315 1006 cum
3347 949 3569 1005 Christo

1998 1053 2282 1126 regnaturi
2323 1053 2462 1117 sint,
2508 1059 2733 1122 propter
2778 1046 3169 1104 abundantiam
3213 1055 3270 1100 et
3308 1041 3567 1096 ﬁduciam

1998 1146 2259 1217 Spiritus.
2304 1141 2706 1211 Quamobrem?
2747 1154 2816 1195 eo
2863 1139 3046 1209 quod,
3098 1151 3224 1191 cum
3277 1133 3460 1190 adhuc
3508 1131 3568 1185 in

1998 1253 2166 1296 carne
2212 1244 2431 1299 essent,
2472 1233 2744 1292 suavitate
2789 1232 2882 1286 illa
2929 1246 2994 1286 ac
3037 1228 3364 1292 dulcedine,
3405 1234 3572 1295 atque

1999 1329 2241 1387 efficacia
2266 1325 2542 1383 facultatis
2569 1325 2718 1379 illius
2744 1323 3101 1378 tenebantur.

2071 1423 2162 1479 lli.
2189 1417 2663 1488 Quemadmodum
2695 1414 2866 1477 enim,
2900 1414 2946 1468 si
2979 1411 3182 1481 aliquis
3210 1416 3297 1464 est
3329 1407 3423 1477 qui
3457 1411 3577 1460 erat

2001 1514 2212 1570 amicus
2258 1511 2435 1582 regis,
2477 1517 2535 1564 et
2579 1507 2781 1578 palatio
2822 1504 2916 1559 dat
2961 1516 3217 1573 cperam,
3255 1511 3318 1555 ac
3365 1505 3577 1551 secreta

2003 1605 2148 1674 regis
2179 1601 2493 1674 cognoscit,
2517 1609 2682 1668 atque
2708 1596 2912 1666 regiam
2945 1590 3216 1660 conspicit
3241 1598 3574 1657 purpuram;

2003 1711 2240 1766 eumque
2269 1695 2549 1764 contingat
2574 1691 2690 1746 fieri
2719 1704 2925 1759 regem,
2949 1695 3006 1741 et
3031 1683 3304 1745 coronari,
3327 1679 3573 1734 novitate

2004 1803 2190 1843 rerum
2233 1801 2345 1840 non
2388 1781 2761 1852 obstupescit,
2797 1791 2901 1832 nec
2946 1782 3092 1829 metu
3137 1769 3476 1842 percellitur,
3511 1780 3580 1819 eo

2007 1879 2155 1952 quod
2204 1880 2369 1948 longo
2415 1884 2661 1945 tempore
2706 1872 2764 1926 in
2796 1867 3018 1950 arcanis
3065 1863 3254 1934 palatii
3304 1859 3581 1916 exercitus

2002 1945 2170 2028 fuerit
2222 1988 2236 2025 :
2285 1945 2633 2038 nequaquam
2684 1964 2836 2019 enim
2885 1945 3004 2015 ﬁeri
3054 1958 3230 2018 solet,
3274 1960 3337 2007 ut
3381 1950 3507 2021 quis
3550 1962 3582 2002 e

2003 2061 2297 2136 gregariis,
2333 2059 2678 2129 simplicibus
2725 2065 2892 2125 atque
2942 2049 3327 2136 mysteriorum
3376 2040 3582 2114 ignaris

2005 2154 2347 2218 hominibus,
2373 2153 2599 2207 accedat
2624 2149 2692 2203 ad
2722 2147 2874 2218 regni
2903 2131 3462 2202 administrationem,
3485 2135 3584 2191 sed

2006 2249 2183 2304 solum
2211 2247 2249 2301 ii
2290 2246 2384 2316 qui
2409 2243 2657 2299 doctrina
2683 2249 2739 2294 et
2780 2235 3119 2308 experientia
3149 2231 3406 2306 instructi
3431 2236 3580 2284 sunt.

2009 2342 2101 2398 Sic
2138 2353 2359 2410 quoque
2398 2333 2760 2398 Christianis,
2793 2330 2886 2400 qui
2923 2326 3206 2400 regnaturi
3239 2331 3368 2379 sunt
3402 2322 3456 2375 in
3492 2321 3587 2375 illo

2009 2432 2242 2496 saeculo,
2271 2425 2411 2483 nihil
2453 2426 2582 2480 novi
2629 2432 2686 2480 et
2729 2420 3086 2490 inexspectati
3129 2415 3356 2477 accidit,
3383 2411 3588 2482 quippe

2014 2525 2108 2596 qui
2139 2532 2299 2578 antea
2323 2523 2432 2591 jam
2462 2523 2733 2573 noverunt
2757 2513 3014 2584 mysteria
3041 2510 3229 2581 gratia:
3253 2524 3268 2560 :
3297 2515 3589 2576 propterea

2015 2595 2192 2680 enim,
2227 2611 2374 2683 quod
2420 2611 2588 2664 homo
2633 2617 2977 2675 trangressus
3021 2601 3093 2656 sit
3136 2601 3271 2654 ﬁnes
3315 2595 3586 2660 mandati,

2013 2708 2266 2766 diabolus
2310 2704 2624 2758 universam
2676 2700 2918 2754 animam
2967 2694 3273 2763 caliginoso
3317 2688 3590 2743 velamine

2014 2800 2238 2872 cperuit
2292 2814 2307 2852 :
2355 2810 2548 2850 verum
2603 2789 2954 2862 postmodum
3011 2783 3225 2840 accedit
3272 2781 3484 2851 gratia,
3535 2787 3592 2834 et

2015 2891 2238 2950 exuitur
2263 2903 2491 2960 prorsus
2518 2885 2767 2939 velamen
2804 2880 2962 2944 illud,
2985 2879 3059 2933 ita
3087 2883 3148 2930 ut
3173 2884 3360 2946 postea
3387 2873 3589 2936 anima,

2016 2983 2264 3056 pristime
2292 2977 2520 3051 puritati
2543 2985 2705 3045 atque
2729 2973 2968 3043 promite
2991 2968 3157 3024 statui
3185 2976 3416 3028 naturae,
3443 2979 3594 3018 crea-

2019 3087 2158 3132 turae
2187 3074 2398 3130 scilicet
2417 3085 2568 3141 pura:
2590 3076 2753 3138 atque
2785 3059 3286 3133 irreprehcnsibili,
3314 3056 3591 3119 restituta,

1941 3184 1983 3241 ε
2016 3176 2284 3239 perpetuo
2339 3180 2400 3218 ac
2450 3177 2589 3233 pure
2640 3158 2909 3230 purisqne
2967 3153 3143 3208 oculis
3196 3151 3423 3222 gloriam
3471 3146 3592 3201 veri

2013 3259 2242 3317 luminis
2295 3255 2632 3324 conspiciat,
2673 3263 2981 3318 verumque
3033 3245 3216 3302 Solem
3263 3242 3489 3314 iustitiae
3536 3240 3594 3294 in

2016 3351 2329 3408 visceribus
2362 3347 2570 3408 cordis,
2596 3343 2828 3415 fulgoris
2860 3341 2918 3395 in
2943 3339 3168 3394 modum
3195 3334 3592 3405 splendentem.

2083 3445 2174 3500 IV.
2205 3443 2362 3497 Sicut
2390 3440 2540 3494 enim
2568 3438 2623 3490 in
2651 3432 3130 3489 consummatione
3155 3427 3387 3498 perituri
3415 3427 3599 3479 ﬁrma-

2015 3534 2210 3598 menti,
2239 3533 2375 3603 justi
2428 3530 2483 3583 in
2527 3537 2810 3598 posterum
2861 3525 2917 3577 in
2962 3537 3152 3592 regno,
3182 3511 3390 3574 lumine
3435 3525 3599 3586 atque

1984 3641 1988 3644 '
2017 3627 2186 3698 gloria
2210 3622 2404 3678 victuri
2435 3630 2581 3682 sunt,
2607 3618 2744 3672 nihil
2774 3616 2922 3671 aliud
2955 3615 3250 3676 intuentes,
3276 3625 3438 3679 quam
3489 3624 3598 3677 quo

2016 3725 2178 3788 pacto
2216 3713 2469 3770 Christus
2511 3712 2567 3764 in
2609 3709 2780 3780 gloria
2821 3715 3086 3776 perpetuo
3127 3704 3199 3757 sit
3235 3702 3306 3754 ad
3349 3701 3596 3754 dextram

1987 3818 1990 3825 '
2019 3807 2199 3861 Patris
2231 3821 2246 3858 :
2278 3804 2356 3858 sic
2381 3817 2602 3872 quoque
2633 3800 2689 3853 hi
2720 3799 2811 3867 qui
2837 3813 2903 3850 ex
2946 3797 3050 3849 hoc
3078 3794 3132 3848 in
3163 3792 3310 3847 aliud
3338 3790 3598 3844 szeculum

2020 3896 2231 3965 abrepti
2260 3903 2424 3963 atque
2448 3891 2649 3962 captivi
2676 3887 2896 3943 abducti
2925 3894 3074 3949 sunt,
3101 3897 3443 3953 qumcunque
3472 3888 3601 3933 sunt

2026 3989 2100 4042 ibi
2127 3988 2357 4059 pulchra
2382 3993 2546 4054 atque
2567 3982 2929 4036 admiratione
2953 3979 3112 4047 digna
3135 3976 3598 4043 contemplantur.

2019 4079 2131 4134 Nos
2178 4079 2356 4141 enim,
2402 4076 2497 4144 qui
2550 4075 2734 4128 adhuc
2780 4073 2836 4126 in
2890 4080 3036 4124 terra
3081 4083 3300 4130 sumus,
3342 4067 3396 4120 in
3448 4065 3602 4119 cmlis

2006 4174 2294 4228 'hahemds
2352 4169 2864 4228 conversationem,
2919 4165 2972 4218 in
3034 4163 3127 4217 illo
3180 4161 3380 4216 sarculo
3432 4159 3601 4212 vitam

2023 4275 2278 4335 agentes,
2311 4273 2477 4332 atque
2511 4269 2904 4317 conservantes
2936 4256 3238 4312 secundum
3276 4262 3510 4307 mentem
3546 4261 3602 4306 et

2025 4357 2344 4411 interiorem
2387 4355 2689 4408 hominem.
2717 4349 3188 4417 Quemadmodum
3223 4347 3370 4401 enim
3407 4345 3599 4400 oculus

343 4463 529 4532 θαρῶς
557 4439 916 4533 ὁρᾷνπάντοτε
943 4439 1033 4516 τὸν
1065 4465 1216 4534 ἥλιον
1242 4482 1254 4495 ·
1291 4439 1464 4528 οὕτως
1513 4439 1608 4518 καί
1628 4469 1657 4519 ὁ
1690 4468 1814 4529 νοῦς
1837 4479 1911 4520 τε·

2025 4449 2296 4510 exterior,
2321 4447 2367 4502 si
2401 4462 2578 4516 purus
2609 4446 2704 4506 sit,
2733 4446 2902 4498 solem
2941 4457 3078 4511 pure
3113 4451 3330 4510 semper
3357 4439 3549 4509 aspicit
3579 4454 3596 4491 :

337 4555 502 4616 λείως
534 4556 902 4626 καθαρισθεὶς,
934 4559 1284 4628 πάντοτεόρᾷ
1314 4557 1411 4626 τὴν
1439 4558 1595 4624 δόξαν
1617 4559 1709 4612 τοῦ
1744 4561 1911 4628 φωτὸς

2028 4540 2108 4594 sic
2140 4553 2360 4608 quoque
2395 4552 2549 4592 mens
2582 4544 2772 4591 exacte
2803 4533 3030 4603 puritati
3069 4533 3354 4593 restituta,
3385 4545 3605 4599 semper

339 4646 438 4698 τοῦ
471 4647 727 4715 Χριστοῦ,
762 4647 857 4699 καὶ
891 4646 1106 4698 σύνεστι
1129 4644 1206 4716 τῷ
1238 4647 1428 4717 Κυρίῳ
1460 4649 1653 4711 νυκτὸς
1678 4651 1770 4702 καὶ
1791 4651 1926 4719 ἡμέ-

344 4756 468 4810 ρας,
503 4739 562 4791 ὃν
591 4739 794 4808 τρόπον
841 4739 903 4790 τὸ
930 4739 1090 4808 σῶμα
1136 4738 1232 4791 τοῦ
1276 4739 1482 4810 Κυρίου
1530 4741 1804 4809 συναφθὲν
1857 4745 1923 4813 τῇ

342 4831 583 4895 θεότητι,
613 4833 842 4889 πάντοτε
876 4830 1090 4884 σύνεστι
1120 4829 1198 4900 τῷ
1229 4829 1368 4900 ἁγίῳ
1411 4834 1709 4900 Πνεύματι.
1763 4832 1924 4885 Ἀλλὰ

342 4923 519 4976 ταῦτα
542 4923 609 4976 τὰ
642 4925 819 4993 μέτρα
843 4924 942 4975 οὐκ
991 4922 1192 4983 εὐθέως
1219 4922 1734 4991 καταλαμϐάνουσιν
1757 4925 1804 4976 oi
1833 4924 1926 4976 ἄν-

344 5014 580 5084 θρωποι,
615 5016 664 5067 εἰ
687 5013 762 5084 μὴ
797 5014 883 5067 διὰ
909 5013 1179 5083 καμάτου,
1205 5012 1298 5064 καὶ
1354 5011 1611 5081 θλίψεως,
1649 5013 1746 5066 καὶ
1767 5014 1924 5082 ’ἀγῶ-

345 5119 435 5166 νος
461 5104 682 5160 πολλοῦ.
715 5106 835 5158 Εἰσὶ
883 5105 998 5173 -γάρ
1031 5121 1196 5168 τινες,
1252 5105 1333 5156 ὅτι
1369 5102 1615 5156 σύνεστιν
1645 5106 1830 5168 αὐτοῖς
1890 5109 1923 5175 ἡ

349 5196 504 5265 χάρις
535 5193 831 5266 ἐνεργοῠεα
861 5197 956 5249 καὶ
972 5194 1352 5257 ἁναπαύουσα,
1386 5193 1601 5248 σύνεστι
1654 5196 1710 5248 δὲ
1741 5197 1838 5250 καὶ
1891 5202 1922 5265 ὴ

353 5288 514 5340 κακία
537 5287 704 5351 ἔνδον,
748 5289 845 5340 καὶ
870 5288 941 5340 τὰ
973 5286 1068 5339 δύο
1092 5285 1464 5355 πολιτεύματα
1495 5289 1573 5348 εἰς
1621 5287 1749 5358 μίαν
1774 5289 1924 5357 ἐνερ-

348 5380 436 5445 γεῖ
465 5378 692 5448 καρδίαν
720 5377 815 5431 τοῦ
848 5377 1044 5448 φωτὸς,
1073 5377 1168 5431 καὶ
1195 5377 1288 5430 τοῦ
1320 5377 1566 5440 σκότους.

419 5551 499 5608 E'.
534 5553 697 5608 Ἀλλὰ
743 5553 958 5617 πάντως
993 5553 1138 5622 ἐρεῖς
1196 5570 1309 5622 μοι,
1343 5551 1428 5614 τίς
1480 5549 1734 5604 κοινωνία
1780 5550 1921 5619 φωτὶ

345 5644 489 5714 πρὸς
517 5644 744 5708 σκότος;
776 5643 886 5695 Ποῦ
921 5641 1030 5713 γὰρ
1075 5641 1136 5695 τὸ
1170 5641 1311 5694 θεῖον
1349 5640 1464 5710 φῶς
1525 5639 1922 5702 ὲπισκοτίζεται

349 5739 454 5790 καὶ
484 5735 750 5797 θολοῦται,
805 5734 902 5786 καὶ
951 5734 1013 5788 τό
1068 5732 1329 5804 ἀμίαντον
1388 5732 1484 5785 καὶ
1540 5731 1778 5802 καθαρὸν
1821 5729 1921 5783 ποῦ

357 5827 629 5896 μιαίνεται
653 5844 669 5894 ;
698 5825 1008 5894 Γέγραπται
1049 5825 1176 5893 γὰρ,
1197 5825 1306 5880 Καὶ
1332 5823 1395 5878 τὸ
1424 5821 1548 5893 φῶς
1579 5824 1646 5877 ἐν
1674 5820 1748 5891 τῇ
1775 5837 1919 5876 σκο-

2030 4630 2276 4683 intuetur
2307 4628 2538 4698 gloriam
2583 4625 2808 4679 luminis
2847 4622 3082 4686 Christi,
3115 4621 3224 4693 74,
3255 4632 3445 4690 estque
3478 4635 3604 4674 cum

2026 4721 2264 4775 Domino
2311 4727 2479 4772 noctu
2523 4717 2761 4784 diuque,
2795 4713 3024 4784 perinde
3058 4729 3123 4767 ac
3156 4728 3358 4781 corpus
3387 4710 3604 4765 Domini

2026 4811 2300 4866 divinitati
2351 4811 2704 4880 conjunctum
2757 4814 3025 4876 perpetuo
3076 4814 3162 4859 est
3207 4819 3331 4858 cum
3390 4801 3600 4871 Spiritu

2027 4910 2238 4957 sancto.
2263 4902 2466 4956 Verum
2501 4900 2668 4954 hosce
2703 4897 2904 4968 gradus
2939 4911 3049 4950 non
3084 4896 3266 4948 statim
3295 4908 3603 4961 assequun—

2027 5005 2116 5051 tur
2159 4995 2444 5059 homines,
2489 4991 2596 5048 nisi
2642 5005 2764 5045 cum
2819 4989 3042 5052 labore,
3093 4987 3387 5041 afﬂictione
3439 4995 3604 5054 atque

2025 5105 2206 5160 pugna
2251 5088 2442 5142 multa.
2489 5086 2610 5140 Non
2657 5083 2858 5136 desunt
2903 5080 3090 5141 enim,
3128 5079 3183 5132 in
3231 5077 3431 5147 quibus
3476 5077 3606 5130 licet

2026 5180 2199 5252 gratia
2229 5180 2338 5234 vim
2372 5194 2527 5233 suam
2564 5177 2619 5231 in
2655 5176 2791 5246 ipsis
2825 5180 3043 5230 exserat
3075 5181 3242 5241 atque
3272 5169 3602 5238 requiescat.

2029 5273 2178 5326 intus
2207 5281 2391 5327 tamen
2418 5271 2602 5339 aliqua
2632 5269 2766 5322 latet
2796 5265 3022 5328 malitia,
3053 5276 3218 5333 atque
3251 5262 3372 5316 dna:
3402 5260 3605 5314 adsunt

2030 5362 2395 5420 conversandi
2433 5362 2696 5422 rationes.
2720 5359 2861 5414 lucis
2894 5357 3107 5412 scilicet
3137 5364 3194 5410 et
3227 5354 3601 5417 tenebrarum,

2029 5456 2086 5510 in
2115 5471 2227 5510 uno
2255 5455 2422 5510 corde
2451 5455 2562 5508 vim
2591 5468 2748 5508 suam
2779 5457 3122 5507 exercentes.

2098 5548 2160 5602 ν.
2189 5547 2356 5618 Atqui
2399 5545 2645 5610 omnino,
2674 5544 2826 5598 dices
2864 5541 3020 5607 mihi,
3051 5555 3171 5610 quae
3211 5537 3446 5596 societas
3489 5533 3602 5589 luci

2030 5655 2155 5695 cum
2187 5639 2467 5694 tenebris?
2500 5637 2723 5692 ubinam
2752 5636 2849 5690 lux
2877 5633 3060 5690 divina
3088 5629 3333 5686 tenebris
3357 5625 3602 5683 oﬂ'und-i-

2034 5740 2123 5786 tur
2155 5739 2320 5801 atque
2357 5730 2695 5801 inquinatur,
2730 5735 2787 5783 et
2820 5727 2914 5781 ubi
2959 5723 3104 5796 quod
3148 5723 3496 5794 impollutum
3536 5734 3605 5776 ac

2030 5839 2229 5894 purum
2278 5831 2397 5891 est,
2437 5821 2705 5894 polluitur
2757 5829 2921 5890 atque
2976 5815 3269 5875 turbatur?
3322 5814 3600 5885 Scriptum
