  <div class='ocr_page' id='page_1' title='image "/cluster/home/n/w/nwhite01/storage/ocr_20150623/34/coo.31924054869312/327.png"; bbox 0 0 3966 6452; ppageno 0'>
   <div class='ocr_carea' id='block_1_1' title="bbox 463 389 566 453">
    <p class='ocr_par' dir='ltr' id='par_1_1' title="bbox 463 389 566 453">
     <span class='ocr_line' id='line_1_1' title="bbox 463 389 566 453; baseline 0.01 -1"><span class='ocrx_word' id='word_1_1' title='bbox 463 389 566 453; x_wconf 69' lang='grc' dir='ltr'><strong>δῒῒῖ</strong></span> 
     </span>
    </p>
   </div>
   <div class='ocr_carea' id='block_1_2' title="bbox 1710 381 2489 443">
    <p class='ocr_par' dir='ltr' id='par_1_2' title="bbox 1710 381 2489 443">
     <span class='ocr_line' id='line_1_2' title="bbox 1710 381 2489 443; baseline 0 0"><span class='ocrx_word' id='word_1_2' title='bbox 1710 384 1766 443; x_wconf 94' lang='lat' dir='ltr'><strong>S.</strong></span> <span class='ocrx_word' id='word_1_3' title='bbox 1807 381 2128 443; x_wconf 82' lang='lat' dir='ltr'><strong>MACARII</strong></span> <span class='ocrx_word' id='word_1_4' title='bbox 2168 382 2451 443; x_wconf 67' lang='lat' dir='ltr'><strong>IEGYPTI</strong></span> <span class='ocrx_word' id='word_1_5' title='bbox 2462 384 2489 443; x_wconf 92' lang='grc' dir='ltr'>Ι</span> 
     </span>
    </p>
   </div>
   <div class='ocr_carea' id='block_1_3' title="bbox 3611 388 3711 453">
    <p class='ocr_par' dir='ltr' id='par_1_3' title="bbox 3611 388 3711 453">
     <span class='ocr_line' id='line_1_3' title="bbox 3611 388 3711 453; baseline 0.02 -3"><span class='ocrx_word' id='word_1_6' title='bbox 3611 388 3711 453; x_wconf 67' lang='lat'><strong>698</strong></span> 
     </span>
    </p>
   </div>
   <div class='ocr_carea' id='block_1_4' title="bbox 462 491 2032 560">
    <p class='ocr_par' dir='ltr' id='par_1_4' title="bbox 462 491 2032 557">
     <span class='ocr_line' id='line_1_4' title="bbox 462 491 2032 557; baseline -0.005 -4"><span class='ocrx_word' id='word_1_7' title='bbox 462 499 611 553; x_wconf 83' lang='lat' dir='ltr'><strong>enim</strong></span> <span class='ocrx_word' id='word_1_8' title='bbox 649 505 735 552; x_wconf 89' lang='lat' dir='ltr'><strong>est</strong></span> <span class='ocrx_word' id='word_1_9' title='bbox 770 513 784 550; x_wconf 89' lang='lat'><strong>:</strong></span> <span class='ocrx_word' id='word_1_10' title='bbox 823 494 890 549; x_wconf 82' lang='lat' dir='ltr'><strong>Et</strong></span> <span class='ocrx_word' id='word_1_11' title='bbox 926 494 1021 548; x_wconf 74' lang='lat' dir='ltr'><strong>tua:</strong></span> <span class='ocrx_word' id='word_1_12' title='bbox 1053 496 1109 548; x_wconf 78' lang='lat' dir='ltr'><strong>in</strong></span> <span class='ocrx_word' id='word_1_13' title='bbox 1143 493 1364 545; x_wconf 76' lang='lat' dir='ltr'><strong>tenebris</strong></span> <span class='ocrx_word' id='word_1_14' title='bbox 1401 491 1557 557; x_wconf 83' lang='lat' dir='ltr'><strong>lucet,</strong></span> <span class='ocrx_word' id='word_1_15' title='bbox 1590 502 1637 546; x_wconf 71' lang='lat' dir='ltr'><strong>et</strong></span> <span class='ocrx_word' id='word_1_16' title='bbox 1670 493 1895 546; x_wconf 79' lang='lat' dir='ltr'><strong>tenebra:</strong></span> <span class='ocrx_word' id='word_1_17' title='bbox 1928 508 2032 545; x_wconf 87' lang='lat' dir='ltr'><strong>eam</strong></span> 
     </span>
    </p>
   </div>
   <div class='ocr_carea' id='block_1_5' title="bbox 2139 491 3710 560">
    <p class='ocr_par' dir='ltr' id='par_1_5' title="bbox 2145 491 3710 560">
     <span class='ocr_line' id='line_1_5' title="bbox 2145 491 3710 560; baseline 0.006 -17"><span class='ocrx_word' id='word_1_18' title='bbox 2145 491 2241 557; x_wconf 75' lang='grc' dir='ltr'>τίᾳ</span> <span class='ocrx_word' id='word_1_19' title='bbox 2273 493 2491 560; x_wconf 71' lang='grc' dir='ltr'>φαίνει,</span> <span class='ocrx_word' id='word_1_20' title='bbox 2520 491 2617 545; x_wconf 79' lang='grc' dir='ltr'>καὶ</span> <span class='ocrx_word' id='word_1_21' title='bbox 2648 493 2684 560; x_wconf 76' lang='grc' dir='ltr'><em>ἡ</em></span> <span class='ocrx_word' id='word_1_22' title='bbox 2715 494 2932 549; x_wconf 76' lang='grc' dir='ltr'>σκοτία</span> <span class='ocrx_word' id='word_1_23' title='bbox 2960 496 3107 550; x_wconf 84' lang='grc' dir='ltr'><strong>αὐτό</strong></span> <span class='ocrx_word' id='word_1_24' title='bbox 3148 498 3220 552; x_wconf 87' lang='grc' dir='ltr'>οὐ</span> <span class='ocrx_word' id='word_1_25' title='bbox 3259 498 3571 553; x_wconf 71' lang='grc' dir='ltr'>κατέλαϐε.</span> <span class='ocrx_word' id='word_1_26' title='bbox 3600 501 3710 552; x_wconf 84' lang='grc' dir='ltr'><strong>Μο-</strong></span> 
     </span>
    </p>
   </div>
   <div class='ocr_carea' id='block_1_6' title="bbox 465 583 2043 655">
    <p class='ocr_par' dir='ltr' id='par_1_6' title="bbox 465 583 2043 655">
     <span class='ocr_line' id='line_1_6' title="bbox 465 583 2043 655; baseline -0.003 -14"><span class='ocrx_word' id='word_1_27' title='bbox 465 605 571 641; x_wconf 83' lang='grc' dir='ltr'><strong>ηοη</strong></span> <span class='ocrx_word' id='word_1_28' title='bbox 614 586 1113 655; x_wconf 79' lang='lat' dir='ltr'><strong>comprehenderunt</strong></span> <span class='ocrx_word' id='word_1_29' title='bbox 1134 585 1198 637; x_wconf 73' lang='grc'><strong>⁸⁸.</strong></span> <span class='ocrx_word' id='word_1_30' title='bbox 1241 583 1361 638; x_wconf 86' lang='lat' dir='ltr'><strong>Non</strong></span> <span class='ocrx_word' id='word_1_31' title='bbox 1404 598 1537 654; x_wconf 84' lang='lat' dir='ltr'><strong>ergo</strong></span> <span class='ocrx_word' id='word_1_32' title='bbox 1577 583 1903 653; x_wconf 72' lang='lat' dir='ltr'><strong>simpliciter</strong></span> <span class='ocrx_word' id='word_1_33' title='bbox 1940 598 2043 637; x_wconf 87' lang='lat' dir='ltr'><strong>nec</strong></span> 
     </span>
    </p>
   </div>
   <div class='ocr_carea' id='block_1_7' title="bbox 464 675 2041 746">
    <p class='ocr_par' dir='ltr' id='par_1_7' title="bbox 464 675 2041 746">
     <span class='ocr_line' id='line_1_7' title="bbox 464 675 2041 746; baseline -0.003 -12"><span class='ocrx_word' id='word_1_34' title='bbox 464 696 577 734; x_wconf 92' lang='lat' dir='ltr'><strong>uno</strong></span> <span class='ocrx_word' id='word_1_35' title='bbox 610 678 774 733; x_wconf 89' lang='lat' dir='ltr'><strong>modo</strong></span> <span class='ocrx_word' id='word_1_36' title='bbox 808 678 925 731; x_wconf 71' lang='lat' dir='ltr'><strong>haec</strong></span> <span class='ocrx_word' id='word_1_37' title='bbox 958 686 1086 731; x_wconf 89' lang='lat' dir='ltr'><strong>sunt</strong></span> <span class='ocrx_word' id='word_1_38' title='bbox 1118 676 1493 746; x_wconf 89' lang='lat' dir='ltr'><strong>intelligenda.</strong></span> <span class='ocrx_word' id='word_1_39' title='bbox 1524 675 1758 741; x_wconf 86' lang='lat' dir='ltr'><strong>Quidam</strong></span> <span class='ocrx_word' id='word_1_40' title='bbox 1797 676 1944 730; x_wconf 89' lang='lat' dir='ltr'><strong>enim</strong></span> <span class='ocrx_word' id='word_1_41' title='bbox 1986 676 2041 730; x_wconf 92' lang='lat' dir='ltr'><strong>in</strong></span> 
     </span>
    </p>
   </div>
   <div class='ocr_carea' id='block_1_8' title="bbox 466 766 2041 837">
    <p class='ocr_par' dir='ltr' id='par_1_8' title="bbox 466 766 2041 837">
     <span class='ocr_line' id='line_1_8' title="bbox 466 766 2041 837; baseline -0.001 -14"><span class='ocrx_word' id='word_1_42' title='bbox 466 778 679 823; x_wconf 87' lang='lat' dir='ltr'><strong>tantum</strong></span> <span class='ocrx_word' id='word_1_43' title='bbox 713 768 1111 837; x_wconf 86' lang='lat' dir='ltr'><strong>conquiescunt</strong></span> <span class='ocrx_word' id='word_1_44' title='bbox 1148 766 1202 820; x_wconf 89' lang='lat' dir='ltr'><strong>in</strong></span> <span class='ocrx_word' id='word_1_45' title='bbox 1238 766 1408 837; x_wconf 89' lang='lat' dir='ltr'><strong>gratia</strong></span> <span class='ocrx_word' id='word_1_46' title='bbox 1444 766 1576 829; x_wconf 90' lang='lat' dir='ltr'><strong>Dei,</strong></span> <span class='ocrx_word' id='word_1_47' title='bbox 1603 766 1748 835; x_wconf 92' lang='lat' dir='ltr'><strong>quod</strong></span> <span class='ocrx_word' id='word_1_48' title='bbox 1783 766 2041 822; x_wconf 76' lang='lat' dir='ltr'><strong>fortiores</strong></span> 
     </span>
    </p>
   </div>
   <div class='ocr_carea' id='block_1_9' title="bbox 462 858 2041 930">
    <p class='ocr_par' dir='ltr' id='par_1_9' title="bbox 462 858 2041 930">
     <span class='ocr_line' id='line_1_9' title="bbox 462 858 2041 930; baseline 0.001 -17"><span class='ocrx_word' id='word_1_49' title='bbox 462 860 731 922; x_wconf 90' lang='lat' dir='ltr'><strong>evadant,</strong></span> <span class='ocrx_word' id='word_1_50' title='bbox 767 875 930 928; x_wconf 91' lang='lat' dir='ltr'><strong>quam</strong></span> <span class='ocrx_word' id='word_1_51' title='bbox 980 868 1065 913; x_wconf 90' lang='lat' dir='ltr'><strong>est</strong></span> <span class='ocrx_word' id='word_1_52' title='bbox 1102 860 1394 929; x_wconf 90' lang='lat' dir='ltr'><strong>conjuncta</strong></span> <span class='ocrx_word' id='word_1_53' title='bbox 1442 858 1550 912; x_wconf 88' lang='lat' dir='ltr'><strong>illis</strong></span> <span class='ocrx_word' id='word_1_54' title='bbox 1596 858 1833 924; x_wconf 88' lang='lat' dir='ltr'><strong>malitia;</strong></span> <span class='ocrx_word' id='word_1_55' title='bbox 1876 868 2041 930; x_wconf 87' lang='lat' dir='ltr'><strong>atque</strong></span> 
     </span>
    </p>
   </div>
   <div class='ocr_carea' id='block_1_10' title="bbox 459 940 2041 1021">
    <p class='ocr_par' dir='ltr' id='par_1_10' title="bbox 459 940 2041 1021">
     <span class='ocr_line' id='line_1_10' title="bbox 459 940 2041 1021; baseline 0 -14"><span class='ocrx_word' id='word_1_56' title='bbox 459 940 675 1007; x_wconf 89' lang='lat' dir='ltr'><strong>summa</strong></span> <span class='ocrx_word' id='word_1_57' title='bbox 745 967 875 1021; x_wconf 86' lang='lat' dir='ltr'><strong>erga</strong></span> <span class='ocrx_word' id='word_1_58' title='bbox 944 950 1117 1005; x_wconf 91' lang='lat' dir='ltr'><strong>Deum</strong></span> <span class='ocrx_word' id='word_1_59' title='bbox 1188 950 1478 1004; x_wconf 82' lang='lat' dir='ltr'><strong>devotione</strong></span> <span class='ocrx_word' id='word_1_60' title='bbox 1554 958 1610 1004; x_wconf 91' lang='lat' dir='ltr'><strong>et</strong></span> <span class='ocrx_word' id='word_1_61' title='bbox 1673 950 2041 1007; x_wconf 82' lang='lat' dir='ltr'><strong>oblectatione</strong></span> 
     </span>
    </p>
   </div>
   <div class='ocr_carea' id='block_1_11' title="bbox 461 1041 2041 1113">
    <p class='ocr_par' dir='ltr' id='par_1_11' title="bbox 461 1041 2041 1113">
     <span class='ocr_line' id='line_1_11' title="bbox 461 1041 2041 1113; baseline 0.002 -16"><span class='ocrx_word' id='word_1_62' title='bbox 461 1051 756 1099; x_wconf 82' lang='lat' dir='ltr'><strong>teneantur</strong></span> <span class='ocrx_word' id='word_1_63' title='bbox 805 1060 817 1096; x_wconf 94' lang='lat'>:</span> <span class='ocrx_word' id='word_1_64' title='bbox 862 1044 971 1097; x_wconf 90' lang='lat' dir='ltr'><strong>alia</strong></span> <span class='ocrx_word' id='word_1_65' title='bbox 1014 1051 1193 1097; x_wconf 88' lang='lat' dir='ltr'><strong>tamen</strong></span> <span class='ocrx_word' id='word_1_66' title='bbox 1231 1043 1366 1097; x_wconf 91' lang='lat' dir='ltr'><strong>hora</strong></span> <span class='ocrx_word' id='word_1_67' title='bbox 1400 1041 1583 1112; x_wconf 84' lang='lat' dir='ltr'><strong>pravis</strong></span> <span class='ocrx_word' id='word_1_68' title='bbox 1616 1043 2041 1113; x_wconf 78' lang='lat' dir='ltr'><strong>cogitationibus</strong></span> 
     </span>
    </p>
   </div>
   <div class='ocr_carea' id='block_1_12' title="bbox 457 1135 2039 1207">
    <p class='ocr_par' dir='ltr' id='par_1_12' title="bbox 457 1135 2039 1207">
     <span class='ocr_line' id='line_1_12' title="bbox 457 1135 2039 1207; baseline 0.001 -17"><span class='ocrx_word' id='word_1_69' title='bbox 457 1136 758 1207; x_wconf 86' lang='lat' dir='ltr'><strong>agitantur,</strong></span> <span class='ocrx_word' id='word_1_70' title='bbox 784 1150 848 1190; x_wconf 91' lang='lat' dir='ltr'><strong>ac</strong></span> <span class='ocrx_word' id='word_1_71' title='bbox 877 1135 1263 1205; x_wconf 89' lang='lat' dir='ltr'><strong>subripiuntur</strong></span> <span class='ocrx_word' id='word_1_72' title='bbox 1292 1152 1320 1189; x_wconf 85' lang='lat' dir='ltr'><strong>a</strong></span> <span class='ocrx_word' id='word_1_73' title='bbox 1356 1142 1613 1205; x_wconf 88' lang='lat' dir='ltr'><strong>peccato,</strong></span> <span class='ocrx_word' id='word_1_74' title='bbox 1643 1136 1824 1192; x_wconf 83' lang='lat' dir='ltr'><strong>adhuc</strong></span> <span class='ocrx_word' id='word_1_75' title='bbox 1858 1146 2039 1192; x_wconf 89' lang='lat' dir='ltr'><strong>tamen</strong></span> 
     </span>
    </p>
   </div>
   <div class='ocr_carea' id='block_1_13' title="bbox 460 1229 2041 1305">
    <p class='ocr_par' dir='ltr' id='par_1_13' title="bbox 460 1229 2041 1305">
     <span class='ocr_line' id='line_1_13' title="bbox 460 1229 2041 1305; baseline 0.003 -21"><span class='ocrx_word' id='word_1_76' title='bbox 460 1231 793 1285; x_wconf 81' lang='lat' dir='ltr'><strong>exsistentes</strong></span> <span class='ocrx_word' id='word_1_77' title='bbox 834 1230 889 1283; x_wconf 90' lang='lat' dir='ltr'><strong>in</strong></span> <span class='ocrx_word' id='word_1_78' title='bbox 930 1230 1099 1300; x_wconf 88' lang='lat' dir='ltr'><strong>gratia</strong></span> <span class='ocrx_word' id='word_1_79' title='bbox 1143 1230 1261 1285; x_wconf 89' lang='lat' dir='ltr'><strong>Dei.</strong></span> <span class='ocrx_word' id='word_1_80' title='bbox 1298 1229 1677 1302; x_wconf 89' lang='lat' dir='ltr'><strong>Simpliciores</strong></span> <span class='ocrx_word' id='word_1_81' title='bbox 1713 1250 1843 1289; x_wconf 87' lang='lat' dir='ltr'><strong>vero</strong></span> <span class='ocrx_word' id='word_1_82' title='bbox 1875 1243 2041 1305; x_wconf 89' lang='lat' dir='ltr'><strong>atque</strong></span> 
     </span>
    </p>
   </div>
   <div class='ocr_carea' id='block_1_14' title="bbox 459 1320 2039 1395">
    <p class='ocr_par' dir='ltr' id='par_1_14' title="bbox 459 1320 2039 1395">
     <span class='ocr_line' id='line_1_14' title="bbox 459 1320 2039 1395; baseline 0.007 -23"><span class='ocrx_word' id='word_1_83' title='bbox 459 1320 668 1386; x_wconf 69' lang='lat' dir='ltr'><strong>idiotze,</strong></span> <span class='ocrx_word' id='word_1_84' title='bbox 702 1320 795 1374; x_wconf 91' lang='lat' dir='ltr'><strong>ubi</strong></span> <span class='ocrx_word' id='word_1_85' title='bbox 824 1321 970 1376; x_wconf 87' lang='lat' dir='ltr'><strong>vires</strong></span> <span class='ocrx_word' id='word_1_86' title='bbox 1004 1336 1131 1376; x_wconf 90' lang='lat' dir='ltr'><strong>suas</strong></span> <span class='ocrx_word' id='word_1_87' title='bbox 1165 1322 1346 1391; x_wconf 87' lang='lat' dir='ltr'><strong>aliqua</strong></span> <span class='ocrx_word' id='word_1_88' title='bbox 1374 1339 1442 1378; x_wconf 82' lang='lat' dir='ltr'><strong>ex</strong></span> <span class='ocrx_word' id='word_1_89' title='bbox 1472 1335 1627 1395; x_wconf 87' lang='lat' dir='ltr'><strong>parte</strong></span> <span class='ocrx_word' id='word_1_90' title='bbox 1660 1327 1715 1381; x_wconf 90' lang='lat' dir='ltr'><strong>in</strong></span> <span class='ocrx_word' id='word_1_91' title='bbox 1746 1326 1854 1381; x_wconf 92' lang='lat' dir='ltr'><strong>illis</strong></span> <span class='ocrx_word' id='word_1_92' title='bbox 1878 1342 2039 1383; x_wconf 83' lang='lat' dir='ltr'><strong>exse-</strong></span> 
     </span>
    </p>
   </div>
   <div class='ocr_carea' id='block_1_15' title="bbox 457 1412 2039 1484">
    <p class='ocr_par' dir='ltr' id='par_1_15' title="bbox 457 1412 2039 1484">
     <span class='ocr_line' id='line_1_15' title="bbox 457 1412 2039 1484; baseline 0.006 -20"><span class='ocrx_word' id='word_1_93' title='bbox 457 1412 634 1465; x_wconf 90' lang='lat' dir='ltr'><strong>ruerit</strong></span> <span class='ocrx_word' id='word_1_94' title='bbox 672 1412 867 1481; x_wconf 87' lang='lat' dir='ltr'><strong>gratia,</strong></span> <span class='ocrx_word' id='word_1_95' title='bbox 895 1428 953 1467; x_wconf 89' lang='lat' dir='ltr'><strong>se</strong></span> <span class='ocrx_word' id='word_1_96' title='bbox 993 1427 1223 1483; x_wconf 88' lang='lat' dir='ltr'><strong>prorsus</strong></span> <span class='ocrx_word' id='word_1_97' title='bbox 1261 1430 1291 1467; x_wconf 90' lang='lat' dir='ltr'><strong>a</strong></span> <span class='ocrx_word' id='word_1_98' title='bbox 1331 1425 1557 1484; x_wconf 89' lang='lat' dir='ltr'><strong>peccato</strong></span> <span class='ocrx_word' id='word_1_99' title='bbox 1596 1418 1804 1473; x_wconf 90' lang='lat' dir='ltr'><strong>liberos</strong></span> <span class='ocrx_word' id='word_1_100' title='bbox 1847 1420 2039 1474; x_wconf 79' lang='lat' dir='ltr'><strong>existi-</strong></span> 
     </span>
    </p>
   </div>
   <div class='ocr_carea' id='block_1_16' title="bbox 455 1504 2034 1581">
    <p class='ocr_par' dir='ltr' id='par_1_16' title="bbox 455 1504 2034 1581">
     <span class='ocr_line' id='line_1_16' title="bbox 455 1504 2034 1581; baseline 0.006 -24"><span class='ocrx_word' id='word_1_101' title='bbox 455 1513 627 1558; x_wconf 89' lang='lat' dir='ltr'><strong>mant.</strong></span> <span class='ocrx_word' id='word_1_102' title='bbox 666 1506 736 1558; x_wconf 84' lang='lat' dir='ltr'><strong>At</strong></span> <span class='ocrx_word' id='word_1_103' title='bbox 768 1504 862 1574; x_wconf 91' lang='lat' dir='ltr'><strong>qui</strong></span> <span class='ocrx_word' id='word_1_104' title='bbox 892 1505 1146 1559; x_wconf 89' lang='lat' dir='ltr'><strong>acumine</strong></span> <span class='ocrx_word' id='word_1_105' title='bbox 1172 1505 1367 1576; x_wconf 89' lang='lat' dir='ltr'><strong>judicii</strong></span> <span class='ocrx_word' id='word_1_106' title='bbox 1393 1523 1457 1561; x_wconf 90' lang='lat' dir='ltr'><strong>ac</strong></span> <span class='ocrx_word' id='word_1_107' title='bbox 1481 1509 1774 1577; x_wconf 88' lang='lat' dir='ltr'><strong>prudentia</strong></span> <span class='ocrx_word' id='word_1_108' title='bbox 1804 1512 2034 1581; x_wconf 86' lang='lat' dir='ltr'><strong>pollent,</strong></span> 
     </span>
    </p>
   </div>
   <div class='ocr_carea' id='block_1_17' title="bbox 454 1594 2035 1665">
    <p class='ocr_par' dir='ltr' id='par_1_17' title="bbox 454 1594 2035 1665">
     <span class='ocr_line' id='line_1_17' title="bbox 454 1594 2035 1665; baseline 0.006 -19"><span class='ocrx_word' id='word_1_109' title='bbox 454 1603 719 1648; x_wconf 84' lang='lat' dir='ltr'><strong>verentur</strong></span> <span class='ocrx_word' id='word_1_110' title='bbox 758 1610 985 1664; x_wconf 85' lang='lat' dir='ltr'><strong>negare,</strong></span> <span class='ocrx_word' id='word_1_111' title='bbox 1020 1594 1188 1663; x_wconf 90' lang='lat' dir='ltr'><strong>quod.</strong></span> <span class='ocrx_word' id='word_1_112' title='bbox 1228 1594 1359 1649; x_wconf 92' lang='lat' dir='ltr'><strong>licet</strong></span> <span class='ocrx_word' id='word_1_113' title='bbox 1393 1598 1569 1665; x_wconf 88' lang='lat' dir='ltr'><strong>gratia</strong></span> <span class='ocrx_word' id='word_1_114' title='bbox 1603 1598 1791 1654; x_wconf 90' lang='lat' dir='ltr'><strong>divina</strong></span> <span class='ocrx_word' id='word_1_115' title='bbox 1842 1600 2035 1656; x_wconf 88' lang='lat' dir='ltr'><strong>donati</strong></span> 
     </span>
    </p>
   </div>
   <div class='ocr_carea' id='block_1_18' title="bbox 452 1687 2037 1762">
    <p class='ocr_par' dir='ltr' id='par_1_18' title="bbox 452 1687 2037 1762">
     <span class='ocr_line' id='line_1_18' title="bbox 452 1687 2037 1762; baseline 0.006 -21"><span class='ocrx_word' id='word_1_116' title='bbox 452 1687 646 1751; x_wconf 90' lang='lat' dir='ltr'><strong>simus,</strong></span> <span class='ocrx_word' id='word_1_117' title='bbox 675 1687 931 1757; x_wconf 87' lang='lat' dir='ltr'><strong>turpibus</strong></span> <span class='ocrx_word' id='word_1_118' title='bbox 960 1695 1125 1756; x_wconf 88' lang='lat' dir='ltr'><strong>atque</strong></span> <span class='ocrx_word' id='word_1_119' title='bbox 1172 1687 1426 1745; x_wconf 89' lang='lat' dir='ltr'><strong>obscenis</strong></span> <span class='ocrx_word' id='word_1_120' title='bbox 1468 1693 1897 1762; x_wconf 81' lang='lat' dir='ltr'><strong>cogitationibus</strong></span> <span class='ocrx_word' id='word_1_121' title='bbox 1924 1711 2037 1751; x_wconf 91' lang='lat' dir='ltr'><strong>non</strong></span> 
     </span>
    </p>
   </div>
   <div class='ocr_carea' id='block_1_19' title="bbox 451 1796 834 1839">
    <p class='ocr_par' dir='ltr' id='par_1_19' title="bbox 451 1796 834 1839">
     <span class='ocr_line' id='line_1_19' title="bbox 451 1796 834 1839; baseline 0.008 -3"><span class='ocrx_word' id='word_1_122' title='bbox 451 1796 834 1839; x_wconf 69' lang='lat' dir='ltr'><strong>exerceamur.</strong></span> 
     </span>
    </p>
   </div>
   <div class='ocr_carea' id='block_1_20' title="bbox 524 1920 2033 1995">
    <p class='ocr_par' dir='ltr' id='par_1_20' title="bbox 524 1920 2033 1995">
     <span class='ocr_line' id='line_1_20' title="bbox 524 1920 2033 1995; baseline 0.004 -20"><span class='ocrx_word' id='word_1_123' title='bbox 524 1920 614 1975; x_wconf 79' lang='lat' dir='ltr'><strong>VI.</strong></span> <span class='ocrx_word' id='word_1_124' title='bbox 667 1920 1058 1991; x_wconf 64' lang='lat' dir='ltr'><strong>Smpenumero</strong></span> <span class='ocrx_word' id='word_1_125' title='bbox 1117 1925 1266 1980; x_wconf 88' lang='lat' dir='ltr'><strong>enim</strong></span> <span class='ocrx_word' id='word_1_126' title='bbox 1324 1923 1593 1995; x_wconf 90' lang='lat' dir='ltr'><strong>quosdam</strong></span> <span class='ocrx_word' id='word_1_127' title='bbox 1652 1924 1708 1978; x_wconf 88' lang='lat' dir='ltr'><strong>in</strong></span> <span class='ocrx_word' id='word_1_128' title='bbox 1768 1925 2033 1982; x_wconf 80' lang='lat' dir='ltr'><strong>fratribus</strong></span> 
     </span>
    </p>
   </div>
   <div class='ocr_carea' id='block_1_21' title="bbox 454 2012 2033 2089">
    <p class='ocr_par' dir='ltr' id='par_1_21' title="bbox 454 2012 2033 2089">
     <span class='ocr_line' id='line_1_21' title="bbox 454 2012 2033 2089; baseline 0.006 -25"><span class='ocrx_word' id='word_1_129' title='bbox 454 2012 784 2081; x_wconf 84' lang='lat' dir='ltr'><strong>reperimus,</strong></span> <span class='ocrx_word' id='word_1_130' title='bbox 820 2024 1030 2071; x_wconf 90' lang='lat' dir='ltr'><strong>tantum</strong></span> <span class='ocrx_word' id='word_1_131' title='bbox 1073 2018 1223 2088; x_wconf 90' lang='lat' dir='ltr'><strong>ipsos</strong></span> <span class='ocrx_word' id='word_1_132' title='bbox 1264 2018 1525 2089; x_wconf 82' lang='lat' dir='ltr'><strong>gaudium</strong></span> <span class='ocrx_word' id='word_1_133' title='bbox 1565 2028 1621 2073; x_wconf 91' lang='lat' dir='ltr'><strong>et</strong></span> <span class='ocrx_word' id='word_1_134' title='bbox 1649 2017 1880 2088; x_wconf 81' lang='lat' dir='ltr'><strong>gratiam</strong></span> <span class='ocrx_word' id='word_1_135' title='bbox 1910 2034 2033 2074; x_wconf 87' lang='lat' dir='ltr'><strong>esse</strong></span> 
     </span>
    </p>
   </div>
   <div class='ocr_carea' id='block_1_22' title="bbox 450 2108 2033 2182">
    <p class='ocr_par' dir='ltr' id='par_1_22' title="bbox 450 2108 2033 2182">
     <span class='ocr_line' id='line_1_22' title="bbox 450 2108 2033 2182; baseline 0.007 -25"><span class='ocrx_word' id='word_1_136' title='bbox 450 2113 798 2170; x_wconf 86' lang='lat' dir='ltr'><strong>consecutos,</strong></span> <span class='ocrx_word' id='word_1_137' title='bbox 832 2115 892 2161; x_wconf 88' lang='lat' dir='ltr'><strong>ut</strong></span> <span class='ocrx_word' id='word_1_138' title='bbox 929 2108 995 2162; x_wconf 90' lang='lat' dir='ltr'><strong>ad</strong></span> <span class='ocrx_word' id='word_1_139' title='bbox 1036 2110 1283 2180; x_wconf 89' lang='lat' dir='ltr'><strong>quinque</strong></span> <span class='ocrx_word' id='word_1_140' title='bbox 1326 2120 1423 2165; x_wconf 89' lang='lat' dir='ltr'><strong>aut</strong></span> <span class='ocrx_word' id='word_1_141' title='bbox 1452 2126 1548 2165; x_wconf 83' lang='lat' dir='ltr'><strong>sex</strong></span> <span class='ocrx_word' id='word_1_142' title='bbox 1590 2125 1863 2165; x_wconf 88' lang='lat' dir='ltr'><strong>annorum</strong></span> <span class='ocrx_word' id='word_1_143' title='bbox 1905 2127 2033 2182; x_wconf 88' lang='lat' dir='ltr'><strong>spa-</strong></span> 
     </span>
    </p>
   </div>
   <div class='ocr_carea' id='block_1_23' title="bbox 453 2198 2031 2279">
    <p class='ocr_par' dir='ltr' id='par_1_23' title="bbox 453 2198 2031 2279">
     <span class='ocr_line' id='line_1_23' title="bbox 453 2198 2031 2279; baseline 0.008 -26"><span class='ocrx_word' id='word_1_144' title='bbox 453 2198 592 2253; x_wconf 86' lang='lat' dir='ltr'><strong>tium</strong></span> <span class='ocrx_word' id='word_1_145' title='bbox 635 2202 1140 2272; x_wconf 88' lang='lat' dir='ltr'><strong>concupiscentiam</strong></span> <span class='ocrx_word' id='word_1_146' title='bbox 1179 2207 1462 2263; x_wconf 80' lang='lat' dir='ltr'><strong>exaruisse</strong></span> <span class='ocrx_word' id='word_1_147' title='bbox 1504 2216 1836 2274; x_wconf 88' lang='lat' dir='ltr'><strong>assererent,</strong></span> <span class='ocrx_word' id='word_1_148' title='bbox 1868 2217 2031 2279; x_wconf 89' lang='lat' dir='ltr'><strong>atque</strong></span> 
     </span>
    </p>
   </div>
   <div class='ocr_carea' id='block_1_24' title="bbox 449 2290 2031 2369">
    <p class='ocr_par' dir='ltr' id='par_1_24' title="bbox 449 2290 2031 2369">
     <span class='ocr_line' id='line_1_24' title="bbox 449 2290 2031 2369; baseline 0.008 -24"><span class='ocrx_word' id='word_1_149' title='bbox 449 2290 506 2345; x_wconf 91' lang='lat' dir='ltr'><strong>in</strong></span> <span class='ocrx_word' id='word_1_150' title='bbox 553 2304 833 2361; x_wconf 89' lang='lat' dir='ltr'><strong>posterum</strong></span> <span class='ocrx_word' id='word_1_151' title='bbox 886 2296 954 2350; x_wconf 93' lang='lat' dir='ltr'><strong>ab</strong></span> <span class='ocrx_word' id='word_1_152' title='bbox 1000 2312 1064 2351; x_wconf 83' lang='lat' dir='ltr'><strong>ea</strong></span> <span class='ocrx_word' id='word_1_153' title='bbox 1113 2313 1170 2352; x_wconf 91' lang='lat' dir='ltr'><strong>se</strong></span> <span class='ocrx_word' id='word_1_154' title='bbox 1212 2298 1476 2354; x_wconf 84' lang='lat' dir='ltr'><strong>liberatos</strong></span> <span class='ocrx_word' id='word_1_155' title='bbox 1516 2308 1794 2369; x_wconf 88' lang='lat' dir='ltr'><strong>putarent.</strong></span> <span class='ocrx_word' id='word_1_156' title='bbox 1829 2299 2031 2357; x_wconf 84' lang='lat' dir='ltr'><strong>Verum</strong></span> 
     </span>
    </p>
   </div>
   <div class='ocr_carea' id='block_1_25' title="bbox 446 2382 2031 2463">
    <p class='ocr_par' dir='ltr' id='par_1_25' title="bbox 446 2382 2031 2463">
     <span class='ocr_line' id='line_1_25' title="bbox 446 2382 2031 2463; baseline 0.009 -29"><span class='ocrx_word' id='word_1_157' title='bbox 446 2382 646 2436; x_wconf 85' lang='lat' dir='ltr'><strong>vitium</strong></span> <span class='ocrx_word' id='word_1_158' title='bbox 672 2384 848 2440; x_wconf 88' lang='lat' dir='ltr'><strong>latens</strong></span> <span class='ocrx_word' id='word_1_159' title='bbox 876 2387 1173 2444; x_wconf 78' lang='lat' dir='ltr'><strong>insurrexit</strong></span> <span class='ocrx_word' id='word_1_160' title='bbox 1200 2390 1252 2444; x_wconf 91' lang='lat' dir='ltr'><strong>in</strong></span> <span class='ocrx_word' id='word_1_161' title='bbox 1281 2390 1422 2455; x_wconf 91' lang='lat' dir='ltr'><strong>illos,</strong></span> <span class='ocrx_word' id='word_1_162' title='bbox 1444 2401 1609 2462; x_wconf 88' lang='lat' dir='ltr'><strong>atque</strong></span> <span class='ocrx_word' id='word_1_163' title='bbox 1636 2393 2031 2463; x_wconf 88' lang='lat' dir='ltr'><strong>concupiscen-</strong></span> 
     </span>
    </p>
   </div>
   <div class='ocr_carea' id='block_1_26' title="bbox 448 2474 2028 2554">
    <p class='ocr_par' dir='ltr' id='par_1_26' title="bbox 448 2474 2028 2554">
     <span class='ocr_line' id='line_1_26' title="bbox 448 2474 2028 2554; baseline 0.008 -26"><span class='ocrx_word' id='word_1_164' title='bbox 448 2474 539 2529; x_wconf 64' lang='lat' dir='ltr'><strong>tia:</strong></span> <span class='ocrx_word' id='word_1_165' title='bbox 567 2475 679 2546; x_wconf 85' lang='lat' dir='ltr'><strong>igni</strong></span> <span class='ocrx_word' id='word_1_166' title='bbox 708 2477 847 2533; x_wconf 87' lang='lat' dir='ltr'><strong>adeo</strong></span> <span class='ocrx_word' id='word_1_167' title='bbox 878 2479 1154 2536; x_wconf 85' lang='lat' dir='ltr'><strong>combusti</strong></span> <span class='ocrx_word' id='word_1_168' title='bbox 1180 2489 1329 2547; x_wconf 89' lang='lat' dir='ltr'><strong>sunt,</strong></span> <span class='ocrx_word' id='word_1_169' title='bbox 1359 2491 1419 2536; x_wconf 89' lang='lat' dir='ltr'><strong>ut</strong></span> <span class='ocrx_word' id='word_1_170' title='bbox 1447 2484 1668 2538; x_wconf 90' lang='lat' dir='ltr'><strong>attoniti</strong></span> <span class='ocrx_word' id='word_1_171' title='bbox 1694 2500 1758 2540; x_wconf 88' lang='lat' dir='ltr'><strong>ac</strong></span> <span class='ocrx_word' id='word_1_172' title='bbox 1789 2485 2028 2554; x_wconf 85' lang='lat' dir='ltr'><strong>perculsi</strong></span> 
     </span>
    </p>
   </div>
   <div class='ocr_carea' id='block_1_27' title="bbox 447 2564 2029 2648">
    <p class='ocr_par' dir='ltr' id='par_1_27' title="bbox 447 2564 2029 2648">
     <span class='ocr_line' id='line_1_27' title="bbox 447 2564 2029 2648; baseline 0.009 -30"><span class='ocrx_word' id='word_1_173' title='bbox 447 2564 716 2633; x_wconf 87' lang='lat' dir='ltr'><strong>dicerent,</strong></span> <span class='ocrx_word' id='word_1_174' title='bbox 746 2570 1031 2625; x_wconf 91' lang='lat' dir='ltr'><strong>Undenam</strong></span> <span class='ocrx_word' id='word_1_175' title='bbox 1063 2581 1214 2627; x_wconf 87' lang='lat' dir='ltr'><strong>tanto</strong></span> <span class='ocrx_word' id='word_1_176' title='bbox 1248 2584 1372 2644; x_wconf 90' lang='lat' dir='ltr'><strong>post</strong></span> <span class='ocrx_word' id='word_1_177' title='bbox 1414 2587 1661 2648; x_wconf 88' lang='lat' dir='ltr'><strong>tempore</strong></span> <span class='ocrx_word' id='word_1_178' title='bbox 1702 2579 1863 2633; x_wconf 91' lang='lat' dir='ltr'><strong>nobis</strong></span> <span class='ocrx_word' id='word_1_179' title='bbox 1899 2594 2029 2648; x_wconf 91' lang='lat' dir='ltr'><strong>pro-</strong></span> 
     </span>
    </p>
   </div>
   <div class='ocr_carea' id='block_1_28' title="bbox 449 2658 2029 2739">
    <p class='ocr_par' dir='ltr' id='par_1_28' title="bbox 449 2658 2029 2739">
     <span class='ocr_line' id='line_1_28' title="bbox 449 2658 2029 2739; baseline 0.009 -28"><span class='ocrx_word' id='word_1_180' title='bbox 449 2658 553 2713; x_wconf 89' lang='lat' dir='ltr'><strong>diit</strong></span> <span class='ocrx_word' id='word_1_181' title='bbox 584 2668 793 2715; x_wconf 90' lang='lat' dir='ltr'><strong>tantum</strong></span> <span class='ocrx_word' id='word_1_182' title='bbox 825 2664 1060 2718; x_wconf 85' lang='lat' dir='ltr'><strong>vitium?</strong></span> <span class='ocrx_word' id='word_1_183' title='bbox 1082 2665 1254 2721; x_wconf 89' lang='lat' dir='ltr'><strong>Nemo</strong></span> <span class='ocrx_word' id='word_1_184' title='bbox 1284 2683 1415 2739; x_wconf 85' lang='lat' dir='ltr'><strong>ergo</strong></span> <span class='ocrx_word' id='word_1_185' title='bbox 1444 2684 1589 2724; x_wconf 69' lang='lat' dir='ltr'><strong>sanae</strong></span> <span class='ocrx_word' id='word_1_186' title='bbox 1618 2669 1819 2725; x_wconf 89' lang='lat' dir='ltr'><strong>mentis</strong></span> <span class='ocrx_word' id='word_1_187' title='bbox 1845 2670 2029 2726; x_wconf 89' lang='lat' dir='ltr'><strong>dicere</strong></span> 
     </span>
    </p>
   </div>
   <div class='ocr_carea' id='block_1_29' title="bbox 446 2753 2029 2831">
    <p class='ocr_par' dir='ltr' id='par_1_29' title="bbox 446 2753 2029 2831">
     <span class='ocr_line' id='line_1_29' title="bbox 446 2753 2029 2831; baseline 0.007 -26"><span class='ocrx_word' id='word_1_188' title='bbox 446 2753 666 2819; x_wconf 90' lang='lat' dir='ltr'><strong>audeat,</strong></span> <span class='ocrx_word' id='word_1_189' title='bbox 699 2753 838 2821; x_wconf 86' lang='lat' dir='ltr'><strong>Quia</strong></span> <span class='ocrx_word' id='word_1_190' title='bbox 876 2771 1095 2813; x_wconf 88' lang='lat' dir='ltr'><strong>mecum</strong></span> <span class='ocrx_word' id='word_1_191' title='bbox 1128 2769 1211 2813; x_wconf 83' lang='lat' dir='ltr'><strong>est</strong></span> <span class='ocrx_word' id='word_1_192' title='bbox 1245 2762 1437 2829; x_wconf 84' lang='lat' dir='ltr'><strong>gratia.</strong></span> <span class='ocrx_word' id='word_1_193' title='bbox 1467 2778 1497 2817; x_wconf 93' lang='lat' dir='ltr'><strong>a</strong></span> <span class='ocrx_word' id='word_1_194' title='bbox 1529 2762 1770 2831; x_wconf 86' lang='lat' dir='ltr'><strong>peccatis</strong></span> <span class='ocrx_word' id='word_1_195' title='bbox 1804 2777 2029 2830; x_wconf 89' lang='lat' dir='ltr'><strong>prorsus</strong></span> 
     </span>
    </p>
   </div>
   <div class='ocr_carea' id='block_1_30' title="bbox 444 2844 2028 2924">
    <p class='ocr_par' dir='ltr' id='par_1_30' title="bbox 444 2844 2028 2924">
     <span class='ocr_line' id='line_1_30' title="bbox 444 2844 2028 2924; baseline 0.008 -26"><span class='ocrx_word' id='word_1_196' title='bbox 444 2844 712 2903; x_wconf 89' lang='lat' dir='ltr'><strong>liberatus</strong></span> <span class='ocrx_word' id='word_1_197' title='bbox 763 2864 883 2903; x_wconf 83' lang='lat' dir='ltr'><strong>sum</strong></span> <span class='ocrx_word' id='word_1_198' title='bbox 935 2849 1084 2905; x_wconf 85' lang='lat' dir='ltr'><strong>:sed</strong></span> <span class='ocrx_word' id='word_1_199' title='bbox 1133 2852 1255 2907; x_wconf 73' lang='lat' dir='ltr'><strong>duae</strong></span> <span class='ocrx_word' id='word_1_200' title='bbox 1298 2870 1547 2924; x_wconf 70' lang='lat' dir='ltr'><strong>personae</strong></span> <span class='ocrx_word' id='word_1_201' title='bbox 1596 2856 1706 2909; x_wconf 90' lang='lat' dir='ltr'><strong>vim</strong></span> <span class='ocrx_word' id='word_1_202' title='bbox 1757 2871 1912 2910; x_wconf 88' lang='lat' dir='ltr'><strong>suam</strong></span> <span class='ocrx_word' id='word_1_203' title='bbox 1971 2855 2028 2910; x_wconf 91' lang='lat' dir='ltr'><strong>in</strong></span> 
     </span>
    </p>
   </div>
   <div class='ocr_carea' id='block_1_31' title="bbox 444 2941 2028 3016">
    <p class='ocr_par' dir='ltr' id='par_1_31' title="bbox 444 2941 2028 3016">
     <span class='ocr_line' id='line_1_31' title="bbox 444 2941 2028 3016; baseline 0.007 -24"><span class='ocrx_word' id='word_1_204' title='bbox 444 2944 631 2993; x_wconf 84' lang='lat' dir='ltr'><strong>mente</strong></span> <span class='ocrx_word' id='word_1_205' title='bbox 660 2950 940 2995; x_wconf 87' lang='lat' dir='ltr'><strong>exercent.</strong></span> <span class='ocrx_word' id='word_1_206' title='bbox 964 2941 1212 3013; x_wconf 86' lang='lat' dir='ltr'><strong>Imperiti</strong></span> <span class='ocrx_word' id='word_1_207' title='bbox 1240 2947 1388 3000; x_wconf 90' lang='lat' dir='ltr'><strong>enim</strong></span> <span class='ocrx_word' id='word_1_208' title='bbox 1418 2949 1514 3016; x_wconf 89' lang='lat' dir='ltr'><strong>qui</strong></span> <span class='ocrx_word' id='word_1_209' title='bbox 1543 2958 1671 3003; x_wconf 92' lang='lat' dir='ltr'><strong>sunt</strong></span> <span class='ocrx_word' id='word_1_210' title='bbox 1699 2965 1905 3015; x_wconf 91' lang='lat' dir='ltr'><strong>rerum,</strong></span> <span class='ocrx_word' id='word_1_211' title='bbox 1931 2949 2028 3005; x_wconf 89' lang='lat' dir='ltr'><strong>ubi</strong></span> 
     </span>
    </p>
   </div>
   <div class='ocr_carea' id='block_1_32' title="bbox 445 3030 2027 3111">
    <p class='ocr_par' dir='ltr' id='par_1_32' title="bbox 445 3030 2027 3111">
     <span class='ocr_line' id='line_1_32' title="bbox 445 3030 2027 3111; baseline 0.008 -28"><span class='ocrx_word' id='word_1_212' title='bbox 445 3030 725 3085; x_wconf 89' lang='lat' dir='ltr'><strong>modicum</strong></span> <span class='ocrx_word' id='word_1_213' title='bbox 751 3032 884 3102; x_wconf 91' lang='lat' dir='ltr'><strong>quid</strong></span> <span class='ocrx_word' id='word_1_214' title='bbox 916 3034 972 3088; x_wconf 90' lang='lat' dir='ltr'><strong>in</strong></span> <span class='ocrx_word' id='word_1_215' title='bbox 1004 3034 1113 3089; x_wconf 89' lang='lat' dir='ltr'><strong>illis</strong></span> <span class='ocrx_word' id='word_1_216' title='bbox 1144 3047 1369 3109; x_wconf 80' lang='lat' dir='ltr'><strong>operata</strong></span> <span class='ocrx_word' id='word_1_217' title='bbox 1398 3037 1567 3094; x_wconf 87' lang='lat' dir='ltr'><strong>fuerit</strong></span> <span class='ocrx_word' id='word_1_218' title='bbox 1595 3040 1787 3109; x_wconf 88' lang='lat' dir='ltr'><strong>gratia,</strong></span> <span class='ocrx_word' id='word_1_219' title='bbox 1820 3055 1879 3095; x_wconf 87' lang='lat' dir='ltr'><strong>se</strong></span> <span class='ocrx_word' id='word_1_220' title='bbox 1915 3042 2027 3111; x_wconf 89' lang='lat' dir='ltr'><strong>jam</strong></span> 
     </span>
    </p>
   </div>
   <div class='ocr_carea' id='block_1_33' title="bbox 443 3121 2023 3195">
    <p class='ocr_par' dir='ltr' id='par_1_33' title="bbox 443 3121 2023 3195">
     <span class='ocr_line' id='line_1_33' title="bbox 443 3121 2023 3195; baseline 0.006 -20"><span class='ocrx_word' id='word_1_221' title='bbox 443 3121 646 3177; x_wconf 83' lang='lat' dir='ltr'><strong>vicisse</strong></span> <span class='ocrx_word' id='word_1_222' title='bbox 690 3133 854 3193; x_wconf 75' lang='lat' dir='ltr'><strong>atque</strong></span> <span class='ocrx_word' id='word_1_223' title='bbox 897 3126 1175 3195; x_wconf 87' lang='lat' dir='ltr'><strong>perfectos</strong></span> <span class='ocrx_word' id='word_1_224' title='bbox 1210 3127 1554 3185; x_wconf 88' lang='lat' dir='ltr'><strong>Christianos</strong></span> <span class='ocrx_word' id='word_1_225' title='bbox 1592 3145 1713 3185; x_wconf 89' lang='lat' dir='ltr'><strong>esse</strong></span> <span class='ocrx_word' id='word_1_226' title='bbox 1755 3139 2023 3186; x_wconf 91' lang='lat' dir='ltr'><strong>statuunt.</strong></span> 
     </span>
    </p>
   </div>
   <div class='ocr_carea' id='block_1_34' title="bbox 2145 580 3715 659">
    <p class='ocr_par' dir='ltr' id='par_1_34' title="bbox 2145 580 3715 659">
     <span class='ocr_line' id='line_1_34' title="bbox 2145 580 3715 659; baseline 0.006 -24"><span class='ocrx_word' id='word_1_227' title='bbox 2145 584 2420 655; x_wconf 87' lang='grc' dir='ltr'>νοτρόπως</span> <span class='ocrx_word' id='word_1_228' title='bbox 2454 580 2548 637; x_wconf 77' lang='grc' dir='ltr'><strong>οὖν</strong></span> <span class='ocrx_word' id='word_1_229' title='bbox 2574 585 2635 637; x_wconf 87' lang='grc' dir='ltr'><strong>οὐ</strong></span> <span class='ocrx_word' id='word_1_230' title='bbox 2691 588 2792 655; x_wconf 82' lang='grc' dir='ltr'>χρὴ</span> <span class='ocrx_word' id='word_1_231' title='bbox 2822 586 2891 639; x_wconf 77' lang='grc' dir='ltr'>τὰ</span> <span class='ocrx_word' id='word_1_232' title='bbox 2944 590 3245 659; x_wconf 86' lang='grc' dir='ltr'>πράγματα</span> <span class='ocrx_word' id='word_1_233' title='bbox 3274 591 3535 655; x_wconf 72' lang='grc' dir='ltr'>νοεῖσθαι,</span> <span class='ocrx_word' id='word_1_234' title='bbox 3593 590 3715 644; x_wconf 77' lang='grc' dir='ltr'>οὔτε</span> 
     </span>
    </p>
   </div>
   <div class='ocr_carea' id='block_1_35' title="bbox 2148 676 3719 749">
    <p class='ocr_par' dir='ltr' id='par_1_35' title="bbox 2148 676 3719 749">
     <span class='ocr_line' id='line_1_35' title="bbox 2148 676 3719 749; baseline 0.004 -21"><span class='ocrx_word' id='word_1_235' title='bbox 2148 676 2485 747; x_wconf 90' lang='grc' dir='ltr'>μονομερῶς.</span> <span class='ocrx_word' id='word_1_236' title='bbox 2527 677 2619 738; x_wconf 85' lang='grc' dir='ltr'>Είς</span> <span class='ocrx_word' id='word_1_237' title='bbox 2641 678 2895 731; x_wconf 89' lang='grc' dir='ltr'>τοσοῦτον</span> <span class='ocrx_word' id='word_1_238' title='bbox 2925 681 3031 749; x_wconf 84' lang='grc' dir='ltr'><strong>γάρ</strong></span> <span class='ocrx_word' id='word_1_239' title='bbox 3074 698 3218 745; x_wconf 90' lang='grc' dir='ltr'>τινες</span> <span class='ocrx_word' id='word_1_240' title='bbox 3253 682 3627 736; x_wconf 83' lang='grc' dir='ltr'><strong>ἀναπαύονται</strong></span> <span class='ocrx_word' id='word_1_241' title='bbox 3661 685 3719 735; x_wconf 83' lang='grc' dir='ltr'><strong>ἐν</strong></span> 
     </span>
    </p>
   </div>
   <div class='ocr_carea' id='block_1_36' title="bbox 2143 768 3720 844">
    <p class='ocr_par' dir='ltr' id='par_1_36' title="bbox 2143 768 3720 844">
     <span class='ocr_line' id='line_1_36' title="bbox 2143 768 3720 844; baseline 0.004 -22"><span class='ocrx_word' id='word_1_242' title='bbox 2143 771 2207 839; x_wconf 83' lang='grc' dir='ltr'>τῇ</span> <span class='ocrx_word' id='word_1_243' title='bbox 2234 768 2329 821; x_wconf 89' lang='grc' dir='ltr'><strong>τοῦ</strong></span> <span class='ocrx_word' id='word_1_244' title='bbox 2379 769 2515 822; x_wconf 83' lang='grc' dir='ltr'><strong>Θεοῦ</strong></span> <span class='ocrx_word' id='word_1_245' title='bbox 2548 770 2754 842; x_wconf 85' lang='grc' dir='ltr'>χάριτι,</span> <span class='ocrx_word' id='word_1_246' title='bbox 2801 771 2882 823; x_wconf 83' lang='grc' dir='ltr'>ὅτι</span> <span class='ocrx_word' id='word_1_247' title='bbox 2920 773 3281 844; x_wconf 82' lang='grc' dir='ltr'>ἀνδρειότεροι</span> <span class='ocrx_word' id='word_1_248' title='bbox 3325 776 3571 842; x_wconf 87' lang='grc' dir='ltr'>γίνονται</span> <span class='ocrx_word' id='word_1_249' title='bbox 3618 776 3720 843; x_wconf 78' lang='grc' dir='ltr'>τῆς</span> 
     </span>
    </p>
   </div>
   <div class='ocr_carea' id='block_1_37' title="bbox 2145 862 3719 937">
    <p class='ocr_par' dir='ltr' id='par_1_37' title="bbox 2145 862 3719 937">
     <span class='ocr_line' id='line_1_37' title="bbox 2145 862 3719 937; baseline 0.004 -24"><span class='ocrx_word' id='word_1_250' title='bbox 2145 862 2410 931; x_wconf 83' lang='grc' dir='ltr'><strong>συνούσης</strong></span> <span class='ocrx_word' id='word_1_251' title='bbox 2436 862 2618 925; x_wconf 78' lang='grc' dir='ltr'>αὐτοῖς</span> <span class='ocrx_word' id='word_1_252' title='bbox 2643 862 2865 926; x_wconf 80' lang='grc' dir='ltr'><strong>κακίας,</strong></span> <span class='ocrx_word' id='word_1_253' title='bbox 2890 864 2985 918; x_wconf 79' lang='grc' dir='ltr'>καὶ</span> <span class='ocrx_word' id='word_1_254' title='bbox 3010 865 3224 934; x_wconf 76' lang='grc' dir='ltr'>ἔχοντες</span> <span class='ocrx_word' id='word_1_255' title='bbox 3242 866 3425 937; x_wconf 81' lang='grc' dir='ltr'>εὐχὴν,</span> <span class='ocrx_word' id='word_1_256' title='bbox 3448 867 3543 920; x_wconf 78' lang='grc' dir='ltr'>καὶ</span> <span class='ocrx_word' id='word_1_257' title='bbox 3581 867 3719 920; x_wconf 83' lang='grc' dir='ltr'>ἀνά-</span> 
     </span>
    </p>
   </div>
   <div class='ocr_carea' id='block_1_38' title="bbox 2145 954 3720 1030">
    <p class='ocr_par' dir='ltr' id='par_1_38' title="bbox 2145 954 3720 1030">
     <span class='ocr_line' id='line_1_38' title="bbox 2145 954 3720 1030; baseline 0.004 -25"><span class='ocrx_word' id='word_1_258' title='bbox 2145 970 2346 1007; x_wconf 87' lang='grc' dir='ltr'>παυσιν</span> <span class='ocrx_word' id='word_1_259' title='bbox 2370 954 2571 1024; x_wconf 86' lang='grc' dir='ltr'>πολλὴν</span> <span class='ocrx_word' id='word_1_260' title='bbox 2596 954 2734 1026; x_wconf 83' lang='grc' dir='ltr'>πρὸς</span> <span class='ocrx_word' id='word_1_261' title='bbox 2751 954 2845 1009; x_wconf 77' lang='grc' dir='ltr'><strong>τὸν</strong></span> <span class='ocrx_word' id='word_1_262' title='bbox 2878 957 3030 1021; x_wconf 86' lang='grc' dir='ltr'>Θεὸν,</span> <span class='ocrx_word' id='word_1_263' title='bbox 3054 958 3188 1029; x_wconf 83' lang='grc' dir='ltr'><strong>ἄλλῃ</strong></span> <span class='ocrx_word' id='word_1_264' title='bbox 3216 959 3334 1030; x_wconf 79' lang='grc' dir='ltr'>ὥρᾳ</span> <span class='ocrx_word' id='word_1_265' title='bbox 3362 959 3720 1027; x_wconf 76' lang='grc' dir='ltr'>ἐνεργοῦνται</span> 
     </span>
    </p>
   </div>
   <div class='ocr_carea' id='block_1_39' title="bbox 2144 1047 3722 1123">
    <p class='ocr_par' dir='ltr' id='par_1_39' title="bbox 2144 1047 3722 1123">
     <span class='ocr_line' id='line_1_39' title="bbox 2144 1047 3722 1123; baseline 0.003 -23"><span class='ocrx_word' id='word_1_266' title='bbox 2144 1047 2248 1100; x_wconf 81' lang='grc' dir='ltr'>ὑπὸ</span> <span class='ocrx_word' id='word_1_267' title='bbox 2310 1047 2585 1118; x_wconf 82' lang='grc' dir='ltr'>λογισμῶν</span> <span class='ocrx_word' id='word_1_268' title='bbox 2621 1049 2897 1123; x_wconf 83' lang='grc' dir='ltr'>πονηρῶν,</span> <span class='ocrx_word' id='word_1_269' title='bbox 2936 1052 3031 1104; x_wconf 78' lang='grc' dir='ltr'><strong>καὶ</strong></span> <span class='ocrx_word' id='word_1_270' title='bbox 3086 1052 3410 1105; x_wconf 87' lang='grc' dir='ltr'>κλέπτονται</span> <span class='ocrx_word' id='word_1_271' title='bbox 3457 1053 3562 1104; x_wconf 77' lang='grc' dir='ltr'><strong>ὑπὸ</strong></span> <span class='ocrx_word' id='word_1_272' title='bbox 3614 1053 3722 1120; x_wconf 82' lang='grc' dir='ltr'>τῆς</span> 
     </span>
    </p>
   </div>
   <div class='ocr_carea' id='block_1_40' title="bbox 2144 1139 3725 1214">
    <p class='ocr_par' dir='ltr' id='par_1_40' title="bbox 2144 1139 3725 1214">
     <span class='ocr_line' id='line_1_40' title="bbox 2144 1139 3725 1214; baseline 0.003 -23"><span class='ocrx_word' id='word_1_273' title='bbox 2144 1139 2436 1210; x_wconf 81' lang='grc' dir='ltr'>ἁμαρτίας,</span> <span class='ocrx_word' id='word_1_274' title='bbox 2472 1139 2552 1193; x_wconf 76' lang='grc' dir='ltr'>ἔτι</span> <span class='ocrx_word' id='word_1_275' title='bbox 2588 1140 2741 1206; x_wconf 79' lang='grc' dir='ltr'>ὄντες</span> <span class='ocrx_word' id='word_1_276' title='bbox 2774 1145 2831 1197; x_wconf 81' lang='grc' dir='ltr'>ὲν</span> <span class='ocrx_word' id='word_1_277' title='bbox 2859 1145 2923 1212; x_wconf 86' lang='grc' dir='ltr'><strong>τῇ</strong></span> <span class='ocrx_word' id='word_1_278' title='bbox 2981 1142 3162 1214; x_wconf 89' lang='grc' dir='ltr'>χάριτι</span> <span class='ocrx_word' id='word_1_279' title='bbox 3209 1143 3301 1196; x_wconf 84' lang='grc' dir='ltr'><strong>τοῦ</strong></span> <span class='ocrx_word' id='word_1_280' title='bbox 3334 1144 3491 1199; x_wconf 86' lang='grc' dir='ltr'>Θεοῦ.</span> <span class='ocrx_word' id='word_1_281' title='bbox 3538 1145 3604 1197; x_wconf 75' lang='lat' dir='ltr'><strong>Oi</strong></span> <span class='ocrx_word' id='word_1_282' title='bbox 3664 1143 3725 1196; x_wconf 80' lang='grc' dir='ltr'>δὲ</span> 
     </span>
    </p>
   </div>
   <div class='ocr_carea' id='block_1_41' title="bbox 2143 1233 3727 1306">
    <p class='ocr_par' dir='ltr' id='par_1_41' title="bbox 2143 1233 3727 1306">
     <span class='ocr_line' id='line_1_41' title="bbox 2143 1233 3727 1306; baseline 0.003 -21"><span class='ocrx_word' id='word_1_283' title='bbox 2143 1233 2371 1303; x_wconf 74' lang='grc' dir='ltr'>ἐλαφροὶ</span> <span class='ocrx_word' id='word_1_284' title='bbox 2402 1233 2497 1287; x_wconf 74' lang='grc' dir='ltr'><strong>καὶ</strong></span> <span class='ocrx_word' id='word_1_285' title='bbox 2530 1234 2756 1301; x_wconf 78' lang='grc' dir='ltr'>ἰδιῶται,</span> <span class='ocrx_word' id='word_1_286' title='bbox 2792 1235 3036 1306; x_wconf 82' lang='grc' dir='ltr'>μερικῶς</span> <span class='ocrx_word' id='word_1_287' title='bbox 3087 1238 3415 1305; x_wconf 77' lang='grc' dir='ltr'>ἐνεργούσης</span> <span class='ocrx_word' id='word_1_288' title='bbox 3448 1240 3504 1289; x_wconf 85' lang='grc' dir='ltr'><strong>ὲν</strong></span> <span class='ocrx_word' id='word_1_289' title='bbox 3530 1236 3727 1298; x_wconf 80' lang='grc' dir='ltr'>αὐτοῖς</span> 
     </span>
    </p>
   </div>
   <div class='ocr_carea' id='block_1_42' title="bbox 2140 1325 3722 1399">
    <p class='ocr_par' dir='ltr' id='par_1_42' title="bbox 2140 1325 3722 1399">
     <span class='ocr_line' id='line_1_42' title="bbox 2140 1325 3722 1399; baseline 0.001 -20"><span class='ocrx_word' id='word_1_290' title='bbox 2140 1327 2241 1395; x_wconf 81' lang='grc' dir='ltr'><strong>τῆς</strong></span> <span class='ocrx_word' id='word_1_291' title='bbox 2282 1328 2523 1397; x_wconf 84' lang='grc' dir='ltr'>χάριτος,</span> <span class='ocrx_word' id='word_1_292' title='bbox 2567 1329 2849 1398; x_wconf 80' lang='grc' dir='ltr'>νομίζουσι</span> <span class='ocrx_word' id='word_1_293' title='bbox 2869 1328 3071 1399; x_wconf 83' lang='grc' dir='ltr'>μηκέτι</span> <span class='ocrx_word' id='word_1_294' title='bbox 3100 1325 3239 1382; x_wconf 81' lang='grc' dir='ltr'>εἶναι</span> <span class='ocrx_word' id='word_1_295' title='bbox 3267 1328 3366 1399; x_wconf 78' lang='grc' dir='ltr'><strong>τὴν</strong></span> <span class='ocrx_word' id='word_1_296' title='bbox 3401 1328 3683 1399; x_wconf 76' lang='grc' dir='ltr'><strong>ἁμαρτίαν</strong></span> <span class='ocrx_word' id='word_1_297' title='bbox 3708 1345 3722 1359; x_wconf 87' lang='grc'><strong>·</strong></span> 
     </span>
    </p>
   </div>
   <div class='ocr_carea' id='block_1_43' title="bbox 2139 1417 3729 1491">
    <p class='ocr_par' dir='ltr' id='par_1_43' title="bbox 2139 1417 3729 1491">
     <span class='ocr_line' id='line_1_43' title="bbox 2139 1417 3729 1491; baseline -0.001 -20"><span class='ocrx_word' id='word_1_298' title='bbox 2139 1419 2190 1471; x_wconf 79' lang='lat' dir='ltr'><strong>oi</strong></span> <span class='ocrx_word' id='word_1_299' title='bbox 2216 1417 2273 1470; x_wconf 79' lang='grc' dir='ltr'>δὲ</span> <span class='ocrx_word' id='word_1_300' title='bbox 2300 1417 2514 1488; x_wconf 76' lang='grc' dir='ltr'>ἔχοντες</span> <span class='ocrx_word' id='word_1_301' title='bbox 2535 1419 2825 1491; x_wconf 82' lang='grc' dir='ltr'>διάκρισιν,</span> <span class='ocrx_word' id='word_1_302' title='bbox 2865 1421 2959 1474; x_wconf 74' lang='grc' dir='ltr'>καὶ</span> <span class='ocrx_word' id='word_1_303' title='bbox 2995 1420 3147 1483; x_wconf 77' lang='grc' dir='ltr'>ὄντες</span> <span class='ocrx_word' id='word_1_304' title='bbox 3185 1421 3460 1490; x_wconf 84' lang='grc' dir='ltr'>φρόνιμοι,</span> <span class='ocrx_word' id='word_1_305' title='bbox 3507 1420 3568 1473; x_wconf 84' lang='grc' dir='ltr'>οὐ</span> <span class='ocrx_word' id='word_1_306' title='bbox 3596 1419 3729 1471; x_wconf 84' lang='grc' dir='ltr'>τολ-</span> 
     </span>
    </p>
   </div>
   <div class='ocr_carea' id='block_1_44' title="bbox 2142 1508 3724 1581">
    <p class='ocr_par' dir='ltr' id='par_1_44' title="bbox 2142 1508 3724 1581">
     <span class='ocr_line' id='line_1_44' title="bbox 2142 1508 3724 1581; baseline 0 -20"><span class='ocrx_word' id='word_1_307' title='bbox 2142 1509 2318 1581; x_wconf 86' lang='grc' dir='ltr'>μῶσιν</span> <span class='ocrx_word' id='word_1_308' title='bbox 2337 1509 2700 1580; x_wconf 86' lang='grc' dir='ltr'>ἀρνήσασθαι,</span> <span class='ocrx_word' id='word_1_309' title='bbox 2732 1511 2814 1563; x_wconf 82' lang='grc' dir='ltr'>ὅτι</span> <span class='ocrx_word' id='word_1_310' title='bbox 2858 1510 3073 1579; x_wconf 77' lang='grc' dir='ltr'>ἔχοντες</span> <span class='ocrx_word' id='word_1_311' title='bbox 3100 1510 3197 1581; x_wconf 78' lang='grc' dir='ltr'><strong>τὴν</strong></span> <span class='ocrx_word' id='word_1_312' title='bbox 3226 1513 3386 1581; x_wconf 82' lang='grc' dir='ltr'>χάριν</span> <span class='ocrx_word' id='word_1_313' title='bbox 3412 1509 3505 1563; x_wconf 87' lang='grc' dir='ltr'><strong>τοῦ</strong></span> <span class='ocrx_word' id='word_1_314' title='bbox 3552 1508 3724 1573; x_wconf 82' lang='grc' dir='ltr'>Θεοῦ,</span> 
     </span>
    </p>
   </div>
   <div class='ocr_carea' id='block_1_45' title="bbox 2139 1601 3727 1673">
    <p class='ocr_par' dir='ltr' id='par_1_45' title="bbox 2139 1601 3727 1673">
     <span class='ocr_line' id='line_1_45' title="bbox 2139 1601 3727 1673; baseline 0 -20"><span class='ocrx_word' id='word_1_315' title='bbox 2139 1602 2240 1653; x_wconf 80' lang='grc' dir='ltr'><strong>οὐκ</strong></span> <span class='ocrx_word' id='word_1_316' title='bbox 2298 1601 2670 1673; x_wconf 85' lang='grc' dir='ltr'>ὲνεργούμεθα</span> <span class='ocrx_word' id='word_1_317' title='bbox 2709 1601 2814 1655; x_wconf 80' lang='grc' dir='ltr'><strong>ὑπὸ</strong></span> <span class='ocrx_word' id='word_1_318' title='bbox 2857 1601 3098 1673; x_wconf 80' lang='grc' dir='ltr'>αἰσχρῶν</span> <span class='ocrx_word' id='word_1_319' title='bbox 3162 1603 3259 1656; x_wconf 68' lang='grc' dir='ltr'><strong>καλ⁸</strong></span> <span class='ocrx_word' id='word_1_320' title='bbox 3315 1602 3573 1673; x_wconf 81' lang='grc' dir='ltr'>ῥυπαρῶν</span> <span class='ocrx_word' id='word_1_321' title='bbox 3628 1602 3727 1653; x_wconf 83' lang='grc' dir='ltr'>λο-</span> 
     </span>
    </p>
   </div>
   <div class='ocr_carea' id='block_1_46' title="bbox 2140 1711 2378 1765">
    <p class='ocr_par' dir='ltr' id='par_1_46' title="bbox 2140 1711 2378 1765">
     <span class='ocr_line' id='line_1_46' title="bbox 2140 1711 2378 1765; baseline 0.004 -17"><span class='ocrx_word' id='word_1_322' title='bbox 2140 1711 2378 1765; x_wconf 87' lang='grc' dir='ltr'>γισμων.</span> 
     </span>
    </p>
   </div>
   <div class='ocr_carea' id='block_1_47' title="bbox 2211 1918 3733 1993">
    <p class='ocr_par' dir='ltr' id='par_1_47' title="bbox 2211 1918 3733 1993">
     <span class='ocr_line' id='line_1_47' title="bbox 2211 1918 3733 1993; baseline 0.003 -20"><span class='ocrx_word' id='word_1_323' title='bbox 2211 1920 2303 1985; x_wconf 70' lang='grc' dir='ltr'><strong>ς’.</strong></span> <span class='ocrx_word' id='word_1_324' title='bbox 2325 1918 2591 1984; x_wconf 81' lang='grc' dir='ltr'>Πολλάκις</span> <span class='ocrx_word' id='word_1_325' title='bbox 2614 1919 2721 1992; x_wconf 82' lang='grc' dir='ltr'><strong>γάρ</strong></span> <span class='ocrx_word' id='word_1_326' title='bbox 2749 1919 2981 1991; x_wconf 76' lang='grc' dir='ltr'>εὕρομεν</span> <span class='ocrx_word' id='word_1_327' title='bbox 3012 1923 3070 1976; x_wconf 85' lang='grc' dir='ltr'>ὲν</span> <span class='ocrx_word' id='word_1_328' title='bbox 3098 1924 3210 1986; x_wconf 86' lang='grc' dir='ltr'>τοῖς</span> <span class='ocrx_word' id='word_1_329' title='bbox 3233 1922 3498 1993; x_wconf 84' lang='grc' dir='ltr'>ἀδελφοῖς,</span> <span class='ocrx_word' id='word_1_330' title='bbox 3518 1926 3599 1978; x_wconf 79' lang='grc' dir='ltr'>ὅτι</span> <span class='ocrx_word' id='word_1_331' title='bbox 3622 1925 3733 1977; x_wconf 81' lang='grc' dir='ltr'>τό·</span> 
     </span>
    </p>
   </div>
   <div class='ocr_carea' id='block_1_48' title="bbox 2142 2008 3735 2085">
    <p class='ocr_par' dir='ltr' id='par_1_48' title="bbox 2142 2008 3735 2085">
     <span class='ocr_line' id='line_1_48' title="bbox 2142 2008 3735 2085; baseline 0.004 -22"><span class='ocrx_word' id='word_1_332' title='bbox 2142 2012 2347 2082; x_wconf 89' lang='grc' dir='ltr'>σαύτην</span> <span class='ocrx_word' id='word_1_333' title='bbox 2376 2008 2535 2084; x_wconf 73' lang='grc' dir='ltr'>εὗρον</span> <span class='ocrx_word' id='word_1_334' title='bbox 2557 2014 2729 2084; x_wconf 82' lang='grc' dir='ltr'>χαρὰν</span> <span class='ocrx_word' id='word_1_335' title='bbox 2757 2014 2850 2066; x_wconf 71' lang='grc' dir='ltr'><strong>καὶ</strong></span> <span class='ocrx_word' id='word_1_336' title='bbox 2878 2014 3059 2085; x_wconf 86' lang='grc' dir='ltr'>χάριν,</span> <span class='ocrx_word' id='word_1_337' title='bbox 3090 2015 3231 2069; x_wconf 83' lang='grc' dir='ltr'>ὥστε</span> <span class='ocrx_word' id='word_1_338' title='bbox 3261 2016 3319 2068; x_wconf 81' lang='grc' dir='ltr'>ὲν</span> <span class='ocrx_word' id='word_1_339' title='bbox 3340 2016 3498 2069; x_wconf 81' lang='grc' dir='ltr'>πέντε</span> <span class='ocrx_word' id='word_1_340' title='bbox 3535 2017 3633 2069; x_wconf 74' lang='grc' dir='ltr'><strong>καὶ</strong></span> <span class='ocrx_word' id='word_1_341' title='bbox 3661 2015 3735 2083; x_wconf 76' lang='grc' dir='ltr'>ἐξ</span> 
     </span>
    </p>
   </div>
   <div class='ocr_carea' id='block_1_49' title="bbox 2139 2101 3739 2180">
    <p class='ocr_par' dir='ltr' id='par_1_49' title="bbox 2139 2101 3739 2180">
     <span class='ocr_line' id='line_1_49' title="bbox 2139 2101 3739 2180; baseline 0.003 -24"><span class='ocrx_word' id='word_1_342' title='bbox 2139 2101 2285 2157; x_wconf 76' lang='grc' dir='ltr'>ἔτεσι</span> <span class='ocrx_word' id='word_1_343' title='bbox 2318 2104 2497 2173; x_wconf 84' lang='grc' dir='ltr'>λέγειν</span> <span class='ocrx_word' id='word_1_344' title='bbox 2523 2108 2743 2173; x_wconf 80' lang='grc' dir='ltr'>αὐτοὺς,</span> <span class='ocrx_word' id='word_1_345' title='bbox 2767 2109 2850 2163; x_wconf 87' lang='grc' dir='ltr'>ὅτι</span> <span class='ocrx_word' id='word_1_346' title='bbox 2908 2108 3179 2178; x_wconf 77' lang='grc' dir='ltr'>ἐξηράνθη</span> <span class='ocrx_word' id='word_1_347' title='bbox 3217 2111 3249 2180; x_wconf 84' lang='grc' dir='ltr'><strong>ἡ</strong></span> <span class='ocrx_word' id='word_1_348' title='bbox 3277 2111 3556 2179; x_wconf 79' lang='grc' dir='ltr'>ἐπιθυμία,</span> <span class='ocrx_word' id='word_1_349' title='bbox 3617 2112 3739 2165; x_wconf 66' lang='grc' dir='ltr'><strong>καὶ</strong></span> 
     </span>
    </p>
   </div>
   <div class='ocr_carea' id='block_1_50' title="bbox 2142 2195 3739 2272">
    <p class='ocr_par' dir='ltr' id='par_1_50' title="bbox 2142 2195 3739 2272">
     <span class='ocr_line' id='line_1_50' title="bbox 2142 2195 3739 2272; baseline 0.004 -25"><span class='ocrx_word' id='word_1_350' title='bbox 2142 2195 2282 2265; x_wconf 86' lang='grc' dir='ltr'>μετὰ</span> <span class='ocrx_word' id='word_1_351' title='bbox 2316 2197 2488 2251; x_wconf 89' lang='grc' dir='ltr'>ταῦτα</span> <span class='ocrx_word' id='word_1_352' title='bbox 2518 2198 2594 2262; x_wconf 86' lang='grc' dir='ltr'><strong>ῶς</strong></span> <span class='ocrx_word' id='word_1_353' title='bbox 2651 2200 2909 2271; x_wconf 74' lang='grc' dir='ltr'>ἐνόμισαν</span> <span class='ocrx_word' id='word_1_354' title='bbox 2966 2200 3368 2271; x_wconf 69' lang='grc' dir='ltr'>ἠλευθερῶσθαι</span> <span class='ocrx_word' id='word_1_355' title='bbox 3402 2202 3491 2255; x_wconf 88' lang='grc' dir='ltr'>ἀπ’</span> <span class='ocrx_word' id='word_1_356' title='bbox 3520 2203 3739 2272; x_wconf 79' lang='grc' dir='ltr'>αὐτῆς,</span> 
     </span>
    </p>
   </div>
   <div class='ocr_carea' id='block_1_51' title="bbox 2137 2288 3740 2364">
    <p class='ocr_par' dir='ltr' id='par_1_51' title="bbox 2137 2288 3740 2364">
     <span class='ocr_line' id='line_1_51' title="bbox 2137 2288 3740 2364; baseline 0.005 -25"><span class='ocrx_word' id='word_1_357' title='bbox 2137 2288 2467 2360; x_wconf 79' lang='grc' dir='ltr'>ἐγκρυϐεἰσα</span> <span class='ocrx_word' id='word_1_358' title='bbox 2489 2292 2520 2361; x_wconf 86' lang='grc' dir='ltr'>ὴ</span> <span class='ocrx_word' id='word_1_359' title='bbox 2554 2292 2718 2345; x_wconf 91' lang='grc' dir='ltr'>κακία</span> <span class='ocrx_word' id='word_1_360' title='bbox 2742 2292 3039 2364; x_wconf 80' lang='grc' dir='ltr'>ὲπεκινήθη</span> <span class='ocrx_word' id='word_1_361' title='bbox 3065 2292 3264 2358; x_wconf 80' lang='grc' dir='ltr'>αὐτοῖς,</span> <span class='ocrx_word' id='word_1_362' title='bbox 3290 2295 3383 2347; x_wconf 68' lang='grc' dir='ltr'>καὶ</span> <span class='ocrx_word' id='word_1_363' title='bbox 3441 2294 3740 2347; x_wconf 75' lang='grc' dir='ltr'>κατεκαύ-</span> 
     </span>
    </p>
   </div>
   <div class='ocr_carea' id='block_1_52' title="bbox 2138 2379 3737 2456">
    <p class='ocr_par' dir='ltr' id='par_1_52' title="bbox 2138 2379 3737 2456">
     <span class='ocr_line' id='line_1_52' title="bbox 2138 2379 3737 2456; baseline 0.004 -23"><span class='ocrx_word' id='word_1_364' title='bbox 2138 2379 2310 2449; x_wconf 90' lang='grc' dir='ltr'>θησαν</span> <span class='ocrx_word' id='word_1_365' title='bbox 2335 2384 2401 2454; x_wconf 83' lang='grc' dir='ltr'>τῇ</span> <span class='ocrx_word' id='word_1_366' title='bbox 2432 2384 2716 2456; x_wconf 77' lang='grc' dir='ltr'>ἐπιθυμία,</span> <span class='ocrx_word' id='word_1_367' title='bbox 2745 2385 2885 2439; x_wconf 82' lang='grc' dir='ltr'>ὥστε</span> <span class='ocrx_word' id='word_1_368' title='bbox 2917 2384 3221 2450; x_wconf 80' lang='grc' dir='ltr'>ξενίζεσθαι</span> <span class='ocrx_word' id='word_1_369' title='bbox 3278 2388 3472 2450; x_wconf 78' lang='grc' dir='ltr'>αὐτοὺς</span> <span class='ocrx_word' id='word_1_370' title='bbox 3499 2387 3589 2439; x_wconf 76' lang='grc' dir='ltr'><strong>καὶ</strong></span> <span class='ocrx_word' id='word_1_371' title='bbox 3616 2386 3737 2439; x_wconf 80' lang='grc' dir='ltr'><strong>λέ-</strong></span> 
     </span>
    </p>
   </div>
   <div class='ocr_carea' id='block_1_53' title="bbox 2136 2474 3735 2549">
    <p class='ocr_par' dir='ltr' id='par_1_53' title="bbox 2136 2474 3735 2549">
     <span class='ocr_line' id='line_1_53' title="bbox 2136 2474 3735 2549; baseline 0.002 -23"><span class='ocrx_word' id='word_1_372' title='bbox 2136 2490 2274 2542; x_wconf 87' lang='grc' dir='ltr'>γειν,</span> <span class='ocrx_word' id='word_1_373' title='bbox 2310 2476 2390 2528; x_wconf 83' lang='grc' dir='ltr'>ὅτι</span> <span class='ocrx_word' id='word_1_374' title='bbox 2424 2474 2560 2545; x_wconf 85' lang='grc' dir='ltr'><strong>μετά</strong></span> <span class='ocrx_word' id='word_1_375' title='bbox 2583 2477 2835 2530; x_wconf 89' lang='grc' dir='ltr'>τοσοῦτον</span> <span class='ocrx_word' id='word_1_376' title='bbox 2858 2478 3047 2548; x_wconf 90' lang='grc' dir='ltr'>χρόνον</span> <span class='ocrx_word' id='word_1_377' title='bbox 3090 2478 3256 2531; x_wconf 89' lang='grc' dir='ltr'>πόθεν</span> <span class='ocrx_word' id='word_1_378' title='bbox 3286 2479 3416 2549; x_wconf 79' lang='grc' dir='ltr'>ἡμῖν</span> <span class='ocrx_word' id='word_1_379' title='bbox 3444 2478 3735 2548; x_wconf 79' lang='grc' dir='ltr'>ἐπανέστη</span> 
     </span>
    </p>
   </div>
   <div class='ocr_carea' id='block_1_54' title="bbox 2135 2566 3737 2641">
    <p class='ocr_par' dir='ltr' id='par_1_54' title="bbox 2135 2566 3737 2641">
     <span class='ocr_line' id='line_1_54' title="bbox 2135 2566 3737 2641; baseline 0.002 -23"><span class='ocrx_word' id='word_1_380' title='bbox 2135 2566 2370 2637; x_wconf 82' lang='grc' dir='ltr'>τοσαύτη</span> <span class='ocrx_word' id='word_1_381' title='bbox 2425 2568 2634 2634; x_wconf 76' lang='grc' dir='ltr'>κακίας</span> <span class='ocrx_word' id='word_1_382' title='bbox 2675 2568 2849 2634; x_wconf 71' lang='grc' dir='ltr'>οὐδεὶς</span> <span class='ocrx_word' id='word_1_383' title='bbox 2902 2570 2995 2623; x_wconf 84' lang='grc' dir='ltr'><strong>οῦν</strong></span> <span class='ocrx_word' id='word_1_384' title='bbox 3024 2570 3131 2623; x_wconf 87' lang='grc' dir='ltr'><strong>τῶν</strong></span> <span class='ocrx_word' id='word_1_385' title='bbox 3175 2570 3484 2641; x_wconf 81' lang='grc' dir='ltr'>ὲχεφρόνων</span> <span class='ocrx_word' id='word_1_386' title='bbox 3537 2569 3737 2641; x_wconf 74' lang='grc' dir='ltr'>τολμᾷ</span> 
     </span>
    </p>
   </div>
   <div class='ocr_carea' id='block_1_55' title="bbox 2136 2661 3738 2734">
    <p class='ocr_par' dir='ltr' id='par_1_55' title="bbox 2136 2661 3738 2734">
     <span class='ocr_line' id='line_1_55' title="bbox 2136 2661 3738 2734; baseline 0.002 -22"><span class='ocrx_word' id='word_1_387' title='bbox 2136 2661 2311 2713; x_wconf 85' lang='grc' dir='ltr'>εἰπεῖν</span> <span class='ocrx_word' id='word_1_388' title='bbox 2344 2662 2427 2715; x_wconf 83' lang='grc' dir='ltr'><strong>ὅτι</strong></span> <span class='ocrx_word' id='word_1_389' title='bbox 2461 2662 2727 2733; x_wconf 76' lang='grc' dir='ltr'>συνούσης</span> <span class='ocrx_word' id='word_1_390' title='bbox 2763 2680 2854 2733; x_wconf 88' lang='grc' dir='ltr'><strong>μοι</strong></span> <span class='ocrx_word' id='word_1_391' title='bbox 2885 2663 2986 2732; x_wconf 79' lang='grc' dir='ltr'>τῆς</span> <span class='ocrx_word' id='word_1_392' title='bbox 3011 2663 3237 2734; x_wconf 84' lang='grc' dir='ltr'>χάριτος</span> <span class='ocrx_word' id='word_1_393' title='bbox 3260 2664 3320 2715; x_wconf 82' lang='grc' dir='ltr'><strong>τὸ</strong></span> <span class='ocrx_word' id='word_1_394' title='bbox 3346 2664 3465 2717; x_wconf 85' lang='grc' dir='ltr'>ὅλον</span> <span class='ocrx_word' id='word_1_395' title='bbox 3491 2663 3738 2732; x_wconf 79' lang='grc' dir='ltr'>ἠλευθέ-</span> 
     </span>
    </p>
   </div>
   <div class='ocr_carea' id='block_1_56' title="bbox 2139 2754 3736 2828">
    <p class='ocr_par' dir='ltr' id='par_1_56' title="bbox 2139 2754 3736 2828">
     <span class='ocr_line' id='line_1_56' title="bbox 2139 2754 3736 2828; baseline 0.001 -23"><span class='ocrx_word' id='word_1_396' title='bbox 2139 2769 2320 2823; x_wconf 86' lang='grc' dir='ltr'>ρωμαι</span> <span class='ocrx_word' id='word_1_397' title='bbox 2373 2754 2471 2822; x_wconf 80' lang='grc' dir='ltr'>τῆς</span> <span class='ocrx_word' id='word_1_398' title='bbox 2508 2755 2805 2825; x_wconf 79' lang='grc' dir='ltr'>ἁμαρτίας,</span> <span class='ocrx_word' id='word_1_399' title='bbox 2846 2756 2983 2808; x_wconf 82' lang='grc' dir='ltr'><strong>ἀλλά</strong></span> <span class='ocrx_word' id='word_1_400' title='bbox 3030 2756 3100 2810; x_wconf 81' lang='grc' dir='ltr'>τὰ</span> <span class='ocrx_word' id='word_1_401' title='bbox 3131 2755 3224 2809; x_wconf 91' lang='grc' dir='ltr'><strong>δύο</strong></span> <span class='ocrx_word' id='word_1_402' title='bbox 3243 2756 3516 2828; x_wconf 74' lang='grc' dir='ltr'>πρόσωπα</span> <span class='ocrx_word' id='word_1_403' title='bbox 3544 2757 3600 2807; x_wconf 78' lang='grc' dir='ltr'><strong>ἐν</strong></span> <span class='ocrx_word' id='word_1_404' title='bbox 3628 2755 3736 2824; x_wconf 84' lang='grc' dir='ltr'>τῷ</span> 
     </span>
    </p>
   </div>
   <div class='ocr_carea' id='block_1_57' title="bbox 2135 2844 3732 2921">
    <p class='ocr_par' dir='ltr' id='par_1_57' title="bbox 2135 2844 3732 2921">
     <span class='ocr_line' id='line_1_57' title="bbox 2135 2844 3732 2921; baseline 0.003 -24"><span class='ocrx_word' id='word_1_405' title='bbox 2135 2844 2211 2915; x_wconf 85' lang='grc' dir='ltr'><strong>νῷ</strong></span> <span class='ocrx_word' id='word_1_406' title='bbox 2238 2848 2558 2917; x_wconf 78' lang='grc' dir='ltr'>ἐνεργεῖται.</span> <span class='ocrx_word' id='word_1_407' title='bbox 2582 2848 2646 2901; x_wconf 80' lang='lat' dir='ltr'><strong>Ol</strong></span> <span class='ocrx_word' id='word_1_408' title='bbox 2678 2848 2785 2919; x_wconf 85' lang='grc' dir='ltr'>γὰρ</span> <span class='ocrx_word' id='word_1_409' title='bbox 2836 2847 3054 2918; x_wconf 83' lang='grc' dir='ltr'>ἄπειροι</span> <span class='ocrx_word' id='word_1_410' title='bbox 3084 2848 3191 2902; x_wconf 87' lang='grc' dir='ltr'><strong>τῶν</strong></span> <span class='ocrx_word' id='word_1_411' title='bbox 3225 2850 3585 2921; x_wconf 76' lang='grc' dir='ltr'>πραγμάτων,</span> <span class='ocrx_word' id='word_1_412' title='bbox 3619 2865 3732 2917; x_wconf 79' lang='grc' dir='ltr'>μι-</span> 
     </span>
    </p>
   </div>
   <div class='ocr_carea' id='block_1_58' title="bbox 2136 2937 3731 3012">
    <p class='ocr_par' dir='ltr' id='par_1_58' title="bbox 2136 2937 3731 3012">
     <span class='ocr_line' id='line_1_58' title="bbox 2136 2937 3731 3012; baseline 0.003 -23"><span class='ocrx_word' id='word_1_413' title='bbox 2136 2937 2266 3006; x_wconf 89' lang='grc' dir='ltr'>κρόν</span> <span class='ocrx_word' id='word_1_414' title='bbox 2286 2956 2338 2990; x_wconf 89' lang='grc' dir='ltr'><strong>τι</strong></span> <span class='ocrx_word' id='word_1_415' title='bbox 2364 2939 2736 3010; x_wconf 63' lang='grc' dir='ltr'>ὲνεργησάσης</span> <span class='ocrx_word' id='word_1_416' title='bbox 2771 2941 2853 3005; x_wconf 87' lang='grc' dir='ltr'><strong>είς</strong></span> <span class='ocrx_word' id='word_1_417' title='bbox 2905 2941 3101 3004; x_wconf 81' lang='grc' dir='ltr'>αὐτοὺς</span> <span class='ocrx_word' id='word_1_418' title='bbox 3125 2943 3226 3010; x_wconf 76' lang='grc' dir='ltr'>τῆς</span> <span class='ocrx_word' id='word_1_419' title='bbox 3277 2941 3514 3012; x_wconf 86' lang='grc' dir='ltr'>χάριτος,</span> <span class='ocrx_word' id='word_1_420' title='bbox 3551 2940 3731 3011; x_wconf 85' lang='grc' dir='ltr'>νομί-</span> 
     </span>
    </p>
   </div>
   <div class='ocr_carea' id='block_1_59' title="bbox 2136 3027 3726 3103">
    <p class='ocr_par' dir='ltr' id='par_1_59' title="bbox 2136 3027 3726 3103">
     <span class='ocr_line' id='line_1_59' title="bbox 2136 3027 3726 3103; baseline 0.006 -23"><span class='ocrx_word' id='word_1_421' title='bbox 2136 3027 2338 3093; x_wconf 80' lang='grc' dir='ltr'>ζουσιν,</span> <span class='ocrx_word' id='word_1_422' title='bbox 2361 3030 2442 3082; x_wconf 85' lang='grc' dir='ltr'>ὅτι</span> <span class='ocrx_word' id='word_1_423' title='bbox 2471 3030 2571 3101; x_wconf 76' lang='grc' dir='ltr'>ἤδη</span> <span class='ocrx_word' id='word_1_424' title='bbox 2600 3032 2881 3103; x_wconf 82' lang='grc' dir='ltr'>ἐνίκησαν,</span> <span class='ocrx_word' id='word_1_425' title='bbox 2903 3030 2996 3086; x_wconf 81' lang='grc' dir='ltr'>καὶ</span> <span class='ocrx_word' id='word_1_426' title='bbox 3021 3033 3129 3085; x_wconf 72' lang='grc' dir='ltr'>είσὶ</span> <span class='ocrx_word' id='word_1_427' title='bbox 3151 3034 3467 3103; x_wconf 86' lang='grc' dir='ltr'>Χριστιανοὶ</span> <span class='ocrx_word' id='word_1_428' title='bbox 3491 3032 3726 3089; x_wconf 76' lang='grc' dir='ltr'>τέλειοι.</span> 
     </span>
    </p>
   </div>
   <div class='ocr_carea' id='block_1_60' title="bbox 2148 3118 3731 3196">
    <p class='ocr_par' dir='ltr' id='par_1_60' title="bbox 2148 3118 3731 3196">
     <span class='ocr_line' id='line_1_60' title="bbox 2148 3118 3731 3196; baseline 0.002 -20"><span class='ocrx_word' id='word_1_429' title='bbox 2148 3122 2290 3191; x_wconf 88' lang='grc' dir='ltr'><strong>Ἐγὼ</strong></span> <span class='ocrx_word' id='word_1_430' title='bbox 2319 3123 2373 3177; x_wconf 73' lang='grc' dir='ltr'>δὲ</span> <span class='ocrx_word' id='word_1_431' title='bbox 2403 3123 2575 3186; x_wconf 74' lang='grc' dir='ltr'>οὕτως</span> <span class='ocrx_word' id='word_1_432' title='bbox 2602 3125 2745 3194; x_wconf 78' lang='grc' dir='ltr'>φημὶ</span> <span class='ocrx_word' id='word_1_433' title='bbox 2778 3125 2851 3178; x_wconf 84' lang='grc' dir='ltr'><strong>τὰ</strong></span> <span class='ocrx_word' id='word_1_434' title='bbox 2874 3124 3176 3195; x_wconf 85' lang='grc' dir='ltr'>πράγματα</span> <span class='ocrx_word' id='word_1_435' title='bbox 3191 3122 3351 3193; x_wconf 77' lang='grc' dir='ltr'>εἶναι,</span> <span class='ocrx_word' id='word_1_436' title='bbox 3375 3118 3731 3196; x_wconf 80' lang='grc' dir='ltr'>ῶσπερ’ὃταν</span> 
     </span>
    </p>
   </div>
   <div class='ocr_carea' id='block_1_61' title="bbox 443 3206 2032 3292">
    <p class='ocr_par' dir='ltr' id='par_1_61' title="bbox 443 3213 2027 3292">
     <span class='ocr_line' id='line_1_61' title="bbox 443 3213 2027 3292; baseline 0.006 -22"><span class='ocrx_word' id='word_1_437' title='bbox 443 3213 559 3285; x_wconf 83' lang='lat' dir='ltr'><strong>Ego</strong></span> <span class='ocrx_word' id='word_1_438' title='bbox 583 3222 715 3270; x_wconf 85' lang='lat' dir='ltr'><strong>vero</strong></span> <span class='ocrx_word' id='word_1_439' title='bbox 745 3216 825 3272; x_wconf 88' lang='lat' dir='ltr'><strong>sic</strong></span> <span class='ocrx_word' id='word_1_440' title='bbox 857 3234 915 3272; x_wconf 88' lang='lat' dir='ltr'><strong>se</strong></span> <span class='ocrx_word' id='word_1_441' title='bbox 944 3234 1061 3273; x_wconf 91' lang='lat' dir='ltr'><strong>rem</strong></span> <span class='ocrx_word' id='word_1_442' title='bbox 1091 3220 1301 3277; x_wconf 86' lang='lat' dir='ltr'><strong>habere</strong></span> <span class='ocrx_word' id='word_1_443' title='bbox 1327 3230 1483 3292; x_wconf 89' lang='lat' dir='ltr'><strong>puto,</strong></span> <span class='ocrx_word' id='word_1_444' title='bbox 1511 3223 1739 3292; x_wconf 88' lang='lat' dir='ltr'><strong>perinde</strong></span> <span class='ocrx_word' id='word_1_445' title='bbox 1775 3239 1842 3279; x_wconf 90' lang='lat' dir='ltr'><strong>ac</strong></span> <span class='ocrx_word' id='word_1_446' title='bbox 1880 3224 1925 3280; x_wconf 90' lang='lat' dir='ltr'><strong>si</strong></span> <span class='ocrx_word' id='word_1_447' title='bbox 1959 3225 2027 3279; x_wconf 85' lang='lat' dir='ltr'><strong>sit</strong></span> 
     </span>
    </p>
   </div>
   <div class='ocr_carea' id='block_1_62' title="bbox 2139 3206 3725 3292">
    <p class='ocr_par' dir='ltr' id='par_1_62' title="bbox 2139 3208 3725 3287">
     <span class='ocr_line' id='line_1_62' title="bbox 2139 3208 3725 3287; baseline 0.003 -22"><span class='ocrx_word' id='word_1_448' title='bbox 2139 3208 2166 3287; x_wconf 81' lang='grc' dir='ltr'><strong>ᾖ</strong></span> <span class='ocrx_word' id='word_1_449' title='bbox 2201 3215 2257 3265; x_wconf 83' lang='grc' dir='ltr'>ὲν</span> <span class='ocrx_word' id='word_1_450' title='bbox 2293 3212 2508 3283; x_wconf 77' lang='grc' dir='ltr'>οὐρανῷ</span> <span class='ocrx_word' id='word_1_451' title='bbox 2562 3213 2714 3283; x_wconf 78' lang='grc' dir='ltr'>ἥλιος</span> <span class='ocrx_word' id='word_1_452' title='bbox 2753 3216 2811 3266; x_wconf 82' lang='grc' dir='ltr'>ὲν</span> <span class='ocrx_word' id='word_1_453' title='bbox 2860 3215 3086 3285; x_wconf 89' lang='grc' dir='ltr'>καθαρῷ</span> <span class='ocrx_word' id='word_1_454' title='bbox 3126 3215 3251 3286; x_wconf 85' lang='grc' dir='ltr'>ἀέρι</span> <span class='ocrx_word' id='word_1_455' title='bbox 3310 3216 3725 3286; x_wconf 81' lang='grc' dir='ltr'>καταλάμπων,</span> 
     </span>
    </p>
   </div>
   <div class='ocr_carea' id='block_1_63' title="bbox 445 3305 2030 3380">
    <p class='ocr_par' dir='ltr' id='par_1_63' title="bbox 445 3305 2030 3380">
     <span class='ocr_line' id='line_1_63' title="bbox 445 3305 2030 3380; baseline 0.007 -20"><span class='ocrx_word' id='word_1_456' title='bbox 445 3305 505 3360; x_wconf 89' lang='lat' dir='ltr'><strong>in</strong></span> <span class='ocrx_word' id='word_1_457' title='bbox 533 3306 673 3361; x_wconf 70' lang='lat' dir='ltr'><strong>caelo</strong></span> <span class='ocrx_word' id='word_1_458' title='bbox 704 3309 807 3373; x_wconf 91' lang='lat' dir='ltr'><strong>sol,</strong></span> <span class='ocrx_word' id='word_1_459' title='bbox 833 3310 927 3379; x_wconf 87' lang='lat' dir='ltr'><strong>qui</strong></span> <span class='ocrx_word' id='word_1_460' title='bbox 962 3309 1016 3364; x_wconf 91' lang='lat' dir='ltr'><strong>in</strong></span> <span class='ocrx_word' id='word_1_461' title='bbox 1050 3328 1191 3380; x_wconf 91' lang='lat' dir='ltr'><strong>puro</strong></span> <span class='ocrx_word' id='word_1_462' title='bbox 1218 3328 1344 3369; x_wconf 89' lang='lat' dir='ltr'><strong>aere</strong></span> <span class='ocrx_word' id='word_1_463' title='bbox 1376 3314 1542 3379; x_wconf 87' lang='lat' dir='ltr'><strong>lucet,</strong></span> <span class='ocrx_word' id='word_1_464' title='bbox 1571 3323 1628 3369; x_wconf 91' lang='lat' dir='ltr'><strong>et</strong></span> <span class='ocrx_word' id='word_1_465' title='bbox 1656 3315 1832 3371; x_wconf 89' lang='lat' dir='ltr'><strong>nubes</strong></span> <span class='ocrx_word' id='word_1_466' title='bbox 1862 3316 2030 3372; x_wconf 86' lang='lat' dir='ltr'><strong>adve-</strong></span> 
     </span>
    </p>
   </div>
   <div class='ocr_carea' id='block_1_64' title="bbox 444 3399 2025 3476">
    <p class='ocr_par' dir='ltr' id='par_1_64' title="bbox 444 3399 2025 3476">
     <span class='ocr_line' id='line_1_64' title="bbox 444 3399 2025 3476; baseline 0.007 -23"><span class='ocrx_word' id='word_1_467' title='bbox 444 3399 664 3455; x_wconf 88' lang='lat' dir='ltr'><strong>nientes</strong></span> <span class='ocrx_word' id='word_1_468' title='bbox 691 3416 818 3456; x_wconf 90' lang='lat' dir='ltr'><strong>eum</strong></span> <span class='ocrx_word' id='word_1_469' title='bbox 848 3403 1120 3473; x_wconf 88' lang='lat' dir='ltr'><strong>operiant,</strong></span> <span class='ocrx_word' id='word_1_470' title='bbox 1149 3414 1312 3476; x_wconf 90' lang='lat' dir='ltr'><strong>atque</strong></span> <span class='ocrx_word' id='word_1_471' title='bbox 1341 3421 1526 3461; x_wconf 87' lang='lat' dir='ltr'><strong>aerem</strong></span> <span class='ocrx_word' id='word_1_472' title='bbox 1554 3407 1881 3463; x_wconf 88' lang='lat' dir='ltr'><strong>crassiorem</strong></span> <span class='ocrx_word' id='word_1_473' title='bbox 1907 3408 2025 3464; x_wconf 43' lang='lat' dir='ltr'><strong>red:</strong></span> 
     </span>
    </p>
   </div>
   <div class='ocr_carea' id='block_1_65' title="bbox 446 3492 2031 3571">
    <p class='ocr_par' dir='ltr' id='par_1_65' title="bbox 446 3492 2031 3571">
     <span class='ocr_line' id='line_1_65' title="bbox 446 3492 2031 3571; baseline 0.007 -25"><span class='ocrx_word' id='word_1_474' title='bbox 446 3492 600 3557; x_wconf 87' lang='lat' dir='ltr'><strong>dant,</strong></span> <span class='ocrx_word' id='word_1_475' title='bbox 630 3493 783 3549; x_wconf 88' lang='lat' dir='ltr'><strong>nullo</strong></span> <span class='ocrx_word' id='word_1_476' title='bbox 817 3502 980 3565; x_wconf 89' lang='lat' dir='ltr'><strong>pacto</strong></span> <span class='ocrx_word' id='word_1_477' title='bbox 1014 3494 1240 3567; x_wconf 87' lang='lat' dir='ltr'><strong>(quippe</strong></span> <span class='ocrx_word' id='word_1_478' title='bbox 1274 3513 1401 3552; x_wconf 90' lang='lat' dir='ltr'><strong>cum</strong></span> <span class='ocrx_word' id='word_1_479' title='bbox 1434 3497 1671 3554; x_wconf 89' lang='lat' dir='ltr'><strong>interius</strong></span> <span class='ocrx_word' id='word_1_480' title='bbox 1704 3499 1895 3571; x_wconf 79' lang='lat' dir='ltr'><strong>lateat)</strong></span> <span class='ocrx_word' id='word_1_481' title='bbox 1926 3516 2031 3557; x_wconf 88' lang='lat' dir='ltr'><strong>nec</strong></span> 
     </span>
    </p>
   </div>
   <div class='ocr_carea' id='block_1_66' title="bbox 446 3581 2028 3656">
    <p class='ocr_par' dir='ltr' id='par_1_66' title="bbox 446 3581 2028 3656">
     <span class='ocr_line' id='line_1_66' title="bbox 446 3581 2028 3656; baseline 0.006 -21"><span class='ocrx_word' id='word_1_482' title='bbox 446 3581 505 3636; x_wconf 90' lang='lat' dir='ltr'><strong>in</strong></span> <span class='ocrx_word' id='word_1_483' title='bbox 527 3582 755 3648; x_wconf 83' lang='lat' dir='ltr'><strong>lumine,</strong></span> <span class='ocrx_word' id='word_1_484' title='bbox 778 3600 883 3638; x_wconf 89' lang='lat' dir='ltr'><strong>nec</strong></span> <span class='ocrx_word' id='word_1_485' title='bbox 908 3584 963 3637; x_wconf 91' lang='lat' dir='ltr'><strong>in</strong></span> <span class='ocrx_word' id='word_1_486' title='bbox 989 3585 1292 3640; x_wconf 86' lang='lat' dir='ltr'><strong>substantia</strong></span> <span class='ocrx_word' id='word_1_487' title='bbox 1320 3587 1541 3642; x_wconf 71' lang='lat' dir='ltr'><strong>laeditur</strong></span> <span class='ocrx_word' id='word_1_488' title='bbox 1565 3605 1578 3642; x_wconf 89' lang='lat'><strong>:</strong></span> <span class='ocrx_word' id='word_1_489' title='bbox 1609 3588 1689 3644; x_wconf 91' lang='lat' dir='ltr'><strong>sic</strong></span> <span class='ocrx_word' id='word_1_490' title='bbox 1720 3605 1779 3645; x_wconf 91' lang='lat' dir='ltr'><strong>se</strong></span> <span class='ocrx_word' id='word_1_491' title='bbox 1802 3589 2028 3656; x_wconf 85' lang='lat' dir='ltr'><strong>habent,</strong></span> 
     </span>
    </p>
   </div>
   <div class='ocr_carea' id='block_1_67' title="bbox 445 3675 2032 3753">
    <p class='ocr_par' dir='ltr' id='par_1_67' title="bbox 445 3675 2032 3753">
     <span class='ocr_line' id='line_1_67' title="bbox 445 3675 2032 3753; baseline 0.006 -24"><span class='ocrx_word' id='word_1_492' title='bbox 445 3675 541 3745; x_wconf 90' lang='lat' dir='ltr'><strong>qui</strong></span> <span class='ocrx_word' id='word_1_493' title='bbox 582 3676 743 3745; x_wconf 88' lang='lat' dir='ltr'><strong>plene</strong></span> <span class='ocrx_word' id='word_1_494' title='bbox 785 3676 1028 3732; x_wconf 91' lang='lat' dir='ltr'><strong>nondum</strong></span> <span class='ocrx_word' id='word_1_495' title='bbox 1064 3686 1193 3733; x_wconf 87' lang='lat' dir='ltr'><strong>sunt</strong></span> <span class='ocrx_word' id='word_1_496' title='bbox 1224 3680 1526 3749; x_wconf 83' lang='lat' dir='ltr'><strong>purificati;</strong></span> <span class='ocrx_word' id='word_1_497' title='bbox 1563 3682 1659 3752; x_wconf 88' lang='lat' dir='ltr'><strong>qui</strong></span> <span class='ocrx_word' id='word_1_498' title='bbox 1691 3682 1823 3739; x_wconf 90' lang='lat' dir='ltr'><strong>licet</strong></span> <span class='ocrx_word' id='word_1_499' title='bbox 1855 3683 2032 3753; x_wconf 81' lang='lat' dir='ltr'><strong>gratia</strong></span> 
     </span>
    </p>
   </div>
   <div class='ocr_carea' id='block_1_68' title="bbox 443 3765 2027 3839">
    <p class='ocr_par' dir='ltr' id='par_1_68' title="bbox 443 3765 2027 3839">
     <span class='ocr_line' id='line_1_68' title="bbox 443 3765 2027 3839; baseline 0.003 -19"><span class='ocrx_word' id='word_1_500' title='bbox 443 3765 543 3821; x_wconf 91' lang='lat' dir='ltr'><strong>Dei</strong></span> <span class='ocrx_word' id='word_1_501' title='bbox 585 3766 799 3836; x_wconf 65' lang='lat' dir='ltr'><strong>praediti</strong></span> <span class='ocrx_word' id='word_1_502' title='bbox 846 3766 985 3832; x_wconf 90' lang='lat' dir='ltr'><strong>sint,</strong></span> <span class='ocrx_word' id='word_1_503' title='bbox 1022 3766 1077 3821; x_wconf 89' lang='lat' dir='ltr'><strong>in</strong></span> <span class='ocrx_word' id='word_1_504' title='bbox 1122 3768 1250 3822; x_wconf 91' lang='lat' dir='ltr'><strong>imis</strong></span> <span class='ocrx_word' id='word_1_505' title='bbox 1298 3777 1483 3825; x_wconf 88' lang='lat' dir='ltr'><strong>tamen</strong></span> <span class='ocrx_word' id='word_1_506' title='bbox 1519 3777 1746 3839; x_wconf 90' lang='lat' dir='ltr'><strong>peccato</strong></span> <span class='ocrx_word' id='word_1_507' title='bbox 1783 3768 2027 3837; x_wconf 85' lang='lat' dir='ltr'><strong>detenti,</strong></span> 
     </span>
    </p>
   </div>
   <div class='ocr_carea' id='block_1_69' title="bbox 446 3857 2027 3934">
    <p class='ocr_par' dir='ltr' id='par_1_69' title="bbox 446 3857 2027 3934">
     <span class='ocr_line' id='line_1_69' title="bbox 446 3857 2027 3934; baseline 0.004 -23"><span class='ocrx_word' id='word_1_508' title='bbox 446 3857 654 3912; x_wconf 87' lang='lat' dir='ltr'><strong>habent</strong></span> <span class='ocrx_word' id='word_1_509' title='bbox 678 3857 841 3912; x_wconf 90' lang='lat' dir='ltr'><strong>simul</strong></span> <span class='ocrx_word' id='word_1_510' title='bbox 872 3867 1055 3914; x_wconf 89' lang='lat' dir='ltr'><strong>motus</strong></span> <span class='ocrx_word' id='word_1_511' title='bbox 1084 3861 1390 3926; x_wconf 89' lang='lat' dir='ltr'><strong>naturales,</strong></span> <span class='ocrx_word' id='word_1_512' title='bbox 1421 3868 1478 3915; x_wconf 88' lang='lat' dir='ltr'><strong>et</strong></span> <span class='ocrx_word' id='word_1_513' title='bbox 1505 3862 1868 3933; x_wconf 86' lang='lat' dir='ltr'><strong>cogitationes</strong></span> <span class='ocrx_word' id='word_1_514' title='bbox 1896 3877 2027 3934; x_wconf 88' lang='lat' dir='ltr'><strong>erga</strong></span> 
     </span>
    </p>
   </div>
   <div class='ocr_carea' id='block_1_70' title="bbox 444 3949 2030 4023">
    <p class='ocr_par' dir='ltr' id='par_1_70' title="bbox 444 3949 2030 4023">
     <span class='ocr_line' id='line_1_70' title="bbox 444 3949 2030 4023; baseline 0.002 -17"><span class='ocrx_word' id='word_1_515' title='bbox 444 3951 619 4005; x_wconf 87' lang='lat' dir='ltr'><strong>Deum</strong></span> <span class='ocrx_word' id='word_1_516' title='bbox 654 3949 871 4016; x_wconf 83' lang='lat' dir='ltr'><strong>ﬁrmas,</strong></span> <span class='ocrx_word' id='word_1_517' title='bbox 901 3950 1105 4021; x_wconf 85' lang='lat' dir='ltr'><strong>quippe</strong></span> <span class='ocrx_word' id='word_1_518' title='bbox 1145 3967 1175 4006; x_wconf 88' lang='lat' dir='ltr'><strong>a</strong></span> <span class='ocrx_word' id='word_1_519' title='bbox 1215 3960 1373 4021; x_wconf 88' lang='lat' dir='ltr'><strong>parte</strong></span> <span class='ocrx_word' id='word_1_520' title='bbox 1404 3952 1536 4007; x_wconf 88' lang='lat' dir='ltr'><strong>boni</strong></span> <span class='ocrx_word' id='word_1_521' title='bbox 1579 3952 1829 4008; x_wconf 88' lang='lat' dir='ltr'><strong>nondum</strong></span> <span class='ocrx_word' id='word_1_522' title='bbox 1867 3953 2030 4023; x_wconf 89' lang='lat' dir='ltr'><strong>plene</strong></span> 
     </span>
    </p>
   </div>
   <div class='ocr_carea' id='block_1_71' title="bbox 445 4048 676 4095">
    <p class='ocr_par' dir='ltr' id='par_1_71' title="bbox 445 4048 676 4095">
     <span class='ocr_line' id='line_1_71' title="bbox 445 4048 676 4095; baseline -0.004 0"><span class='ocrx_word' id='word_1_523' title='bbox 445 4048 676 4095; x_wconf 84' lang='lat' dir='ltr'><strong>stantes.</strong></span> 
     </span>
    </p>
   </div>
   <div class='ocr_carea' id='block_1_72' title="bbox 515 4171 2030 4245">
    <p class='ocr_par' dir='ltr' id='par_1_72' title="bbox 515 4171 2030 4245">
     <span class='ocr_line' id='line_1_72' title="bbox 515 4171 2030 4245; baseline 0.001 -16"><span class='ocrx_word' id='word_1_524' title='bbox 515 4171 625 4229; x_wconf 66' lang='grc' dir='ltr'><strong>γη.</strong></span> <span class='ocrx_word' id='word_1_525' title='bbox 670 4172 763 4229; x_wconf 91' lang='lat' dir='ltr'><strong>Sic</strong></span> <span class='ocrx_word' id='word_1_526' title='bbox 816 4190 848 4229; x_wconf 90' lang='lat' dir='ltr'><strong>e</strong></span> <span class='ocrx_word' id='word_1_527' title='bbox 901 4188 1211 4240; x_wconf 89' lang='lat' dir='ltr'><strong>converso,</strong></span> <span class='ocrx_word' id='word_1_528' title='bbox 1247 4174 1340 4245; x_wconf 90' lang='lat' dir='ltr'><strong>qui</strong></span> <span class='ocrx_word' id='word_1_529' title='bbox 1394 4174 1700 4230; x_wconf 87' lang='lat' dir='ltr'><strong>secundum</strong></span> <span class='ocrx_word' id='word_1_530' title='bbox 1750 4175 1891 4233; x_wconf 88' lang='lat' dir='ltr'><strong>ima.</strong></span> <span class='ocrx_word' id='word_1_531' title='bbox 1927 4175 2030 4230; x_wconf 91' lang='lat' dir='ltr'><strong>sub</strong></span> 
     </span>
    </p>
   </div>
   <div class='ocr_carea' id='block_1_73' title="bbox 440 4265 2031 4337">
    <p class='ocr_par' dir='ltr' id='par_1_73' title="bbox 440 4265 2031 4337">
     <span class='ocr_line' id='line_1_73' title="bbox 440 4265 2031 4337; baseline 0 -16"><span class='ocrx_word' id='word_1_532' title='bbox 440 4265 588 4321; x_wconf 87' lang='lat' dir='ltr'><strong>bona</strong></span> <span class='ocrx_word' id='word_1_533' title='bbox 612 4265 887 4335; x_wconf 89' lang='lat' dir='ltr'><strong>portione,</strong></span> <span class='ocrx_word' id='word_1_534' title='bbox 909 4265 1105 4337; x_wconf 86' lang='lat' dir='ltr'><strong>gratia,</strong></span> <span class='ocrx_word' id='word_1_535' title='bbox 1127 4266 1373 4335; x_wconf 89' lang='lat' dir='ltr'><strong>inquam,</strong></span> <span class='ocrx_word' id='word_1_536' title='bbox 1393 4274 1672 4331; x_wconf 88' lang='lat' dir='ltr'><strong>tenentur,</strong></span> <span class='ocrx_word' id='word_1_537' title='bbox 1694 4265 1875 4321; x_wconf 91' lang='lat' dir='ltr'><strong>adhuc</strong></span> <span class='ocrx_word' id='word_1_538' title='bbox 1900 4275 2031 4321; x_wconf 89' lang='lat' dir='ltr'><strong>sunt</strong></span> 
     </span>
    </p>
   </div>
   <div class='ocr_carea' id='block_1_74' title="bbox 444 4358 2030 4429">
    <p class='ocr_par' dir='ltr' id='par_1_74' title="bbox 444 4358 2030 4429">
     <span class='ocr_line' id='line_1_74' title="bbox 444 4358 2030 4429; baseline 0 -17"><span class='ocrx_word' id='word_1_539' title='bbox 444 4358 588 4412; x_wconf 88' lang='lat' dir='ltr'><strong>servi</strong></span> <span class='ocrx_word' id='word_1_540' title='bbox 637 4366 800 4426; x_wconf 87' lang='lat' dir='ltr'><strong>atque</strong></span> <span class='ocrx_word' id='word_1_541' title='bbox 856 4358 1083 4412; x_wconf 78' lang='lat' dir='ltr'><strong>obnoxii</strong></span> <span class='ocrx_word' id='word_1_542' title='bbox 1114 4359 1299 4427; x_wconf 88' lang='lat' dir='ltr'><strong>pravis</strong></span> <span class='ocrx_word' id='word_1_543' title='bbox 1330 4358 1762 4429; x_wconf 76' lang='lat' dir='ltr'><strong>COgitationibus</strong></span> <span class='ocrx_word' id='word_1_544' title='bbox 1793 4373 1858 4413; x_wconf 89' lang='lat' dir='ltr'><strong>ac</strong></span> <span class='ocrx_word' id='word_1_545' title='bbox 1886 4358 2030 4427; x_wconf 88' lang='lat' dir='ltr'><strong>parti</strong></span> 
     </span>
    </p>
   </div>
   <div class='ocr_carea' id='block_1_75' title="bbox 441 4450 2028 4523">
    <p class='ocr_par' dir='ltr' id='par_1_75' title="bbox 441 4450 2028 4523">
     <span class='ocr_line' id='line_1_75' title="bbox 441 4450 2028 4523; baseline 0 -18"><span class='ocrx_word' id='word_1_546' title='bbox 441 4450 675 4505; x_wconf 63' lang='lat' dir='ltr'><strong>vitiosae.</strong></span> <span class='ocrx_word' id='word_1_547' title='bbox 704 4450 930 4507; x_wconf 89' lang='lat' dir='ltr'><strong>Summo</strong></span> <span class='ocrx_word' id='word_1_548' title='bbox 963 4451 1131 4522; x_wconf 86' lang='lat' dir='ltr'><strong>igitur</strong></span> <span class='ocrx_word' id='word_1_549' title='bbox 1160 4453 1372 4523; x_wconf 88' lang='lat' dir='ltr'><strong>judicio</strong></span> <span class='ocrx_word' id='word_1_550' title='bbox 1404 4468 1544 4522; x_wconf 91' lang='lat' dir='ltr'><strong>opus</strong></span> <span class='ocrx_word' id='word_1_551' title='bbox 1572 4461 1677 4517; x_wconf 89' lang='lat' dir='ltr'><strong>est,</strong></span> <span class='ocrx_word' id='word_1_552' title='bbox 1710 4459 1773 4506; x_wconf 88' lang='lat' dir='ltr'><strong>ut</strong></span> <span class='ocrx_word' id='word_1_553' title='bbox 1802 4467 1904 4522; x_wconf 91' lang='lat' dir='ltr'><strong>per</strong></span> <span class='ocrx_word' id='word_1_554' title='bbox 1930 4468 2028 4507; x_wconf 85' lang='lat' dir='ltr'><strong>ex-</strong></span> 
     </span>
    </p>
   </div>
   <div class='ocr_carea' id='block_1_76' title="bbox 2134 3303 3727 3374">
    <p class='ocr_par' dir='ltr' id='par_1_76' title="bbox 2134 3303 3727 3374">
     <span class='ocr_line' id='line_1_76' title="bbox 2134 3303 3727 3374; baseline 0.002 -16"><span class='ocrx_word' id='word_1_555' title='bbox 2134 3304 2229 3358; x_wconf 74' lang='grc' dir='ltr'>καὶ</span> <span class='ocrx_word' id='word_1_556' title='bbox 2258 3303 2453 3356; x_wconf 74' lang='grc' dir='ltr'>ἔλθωσι</span> <span class='ocrx_word' id='word_1_557' title='bbox 2476 3305 2604 3374; x_wconf 72' lang='grc' dir='ltr'>περὶ</span> <span class='ocrx_word' id='word_1_558' title='bbox 2646 3305 2809 3358; x_wconf 75' lang='grc' dir='ltr'>αὐτὸν</span> <span class='ocrx_word' id='word_1_559' title='bbox 2845 3306 3089 3372; x_wconf 80' lang='grc' dir='ltr'>νεφέλαι,</span> <span class='ocrx_word' id='word_1_560' title='bbox 3124 3307 3216 3359; x_wconf 80' lang='grc' dir='ltr'>καὶ</span> <span class='ocrx_word' id='word_1_561' title='bbox 3249 3306 3595 3361; x_wconf 81' lang='grc' dir='ltr'>καλύπτωσιν</span> <span class='ocrx_word' id='word_1_562' title='bbox 3620 3310 3727 3361; x_wconf 77' lang='grc' dir='ltr'>αὐ-</span> 
     </span>
    </p>
   </div>
   <div class='ocr_carea' id='block_1_77' title="bbox 2132 3395 3728 3469">
    <p class='ocr_par' dir='ltr' id='par_1_77' title="bbox 2132 3395 3728 3469">
     <span class='ocr_line' id='line_1_77' title="bbox 2132 3395 3728 3469; baseline 0.003 -20"><span class='ocrx_word' id='word_1_563' title='bbox 2132 3395 2245 3461; x_wconf 85' lang='grc' dir='ltr'>τὸν,</span> <span class='ocrx_word' id='word_1_564' title='bbox 2271 3397 2365 3450; x_wconf 75' lang='grc' dir='ltr'><strong>καὶ</strong></span> <span class='ocrx_word' id='word_1_565' title='bbox 2393 3397 2707 3466; x_wconf 84' lang='grc' dir='ltr'>παχύνωσιν</span> <span class='ocrx_word' id='word_1_566' title='bbox 2728 3397 2819 3450; x_wconf 83' lang='grc' dir='ltr'><strong>τόν</strong></span> <span class='ocrx_word' id='word_1_567' title='bbox 2857 3398 3017 3469; x_wconf 89' lang='grc' dir='ltr'>ἀέρα,</span> <span class='ocrx_word' id='word_1_568' title='bbox 3054 3398 3208 3451; x_wconf 81' lang='grc' dir='ltr'>οὐδὲν</span> <span class='ocrx_word' id='word_1_569' title='bbox 3257 3398 3511 3469; x_wconf 74' lang='grc' dir='ltr'>ἠδίκηται</span> <span class='ocrx_word' id='word_1_570' title='bbox 3545 3400 3728 3465; x_wconf 68' lang='grc' dir='ltr'>αὐτὸς</span> 
     </span>
    </p>
   </div>
   <div class='ocr_carea' id='block_1_78' title="bbox 2132 3488 3730 3560">
    <p class='ocr_par' dir='ltr' id='par_1_78' title="bbox 2132 3488 3730 3560">
     <span class='ocr_line' id='line_1_78' title="bbox 2132 3488 3730 3560; baseline 0.003 -18"><span class='ocrx_word' id='word_1_571' title='bbox 2132 3488 2407 3558; x_wconf 83' lang='grc' dir='ltr'>ὲνδότερος</span> <span class='ocrx_word' id='word_1_572' title='bbox 2437 3488 2511 3542; x_wconf 83' lang='grc' dir='ltr'>ὣν</span> <span class='ocrx_word' id='word_1_573' title='bbox 2534 3490 2598 3542; x_wconf 81' lang='grc' dir='ltr'><strong>ἐκ</strong></span> <span class='ocrx_word' id='word_1_574' title='bbox 2625 3488 2718 3542; x_wconf 88' lang='grc' dir='ltr'><strong>τοῦ</strong></span> <span class='ocrx_word' id='word_1_575' title='bbox 2744 3489 2920 3559; x_wconf 82' lang='grc' dir='ltr'>φωτὸς</span> <span class='ocrx_word' id='word_1_576' title='bbox 2951 3489 3138 3555; x_wconf 84' lang='grc' dir='ltr'>αὐτοῦ,</span> <span class='ocrx_word' id='word_1_577' title='bbox 3169 3491 3261 3543; x_wconf 72' lang='grc' dir='ltr'><strong>καὶ</strong></span> <span class='ocrx_word' id='word_1_578' title='bbox 3286 3491 3383 3560; x_wconf 81' lang='grc' dir='ltr'><strong>τῆς</strong></span> <span class='ocrx_word' id='word_1_579' title='bbox 3422 3492 3554 3553; x_wconf 79' lang='grc' dir='ltr'>ἰδίας</span> <span class='ocrx_word' id='word_1_580' title='bbox 3583 3491 3730 3547; x_wconf 75' lang='grc' dir='ltr'>ὑπο-</span> 
     </span>
    </p>
   </div>
   <div class='ocr_carea' id='block_1_79' title="bbox 2134 3582 3721 3653">
    <p class='ocr_par' dir='ltr' id='par_1_79' title="bbox 2134 3582 3721 3653">
     <span class='ocr_line' id='line_1_79' title="bbox 2134 3582 3721 3653; baseline 0.001 -16"><span class='ocrx_word' id='word_1_581' title='bbox 2134 3582 2406 3646; x_wconf 81' lang='grc' dir='ltr'>στάσεως·</span> <span class='ocrx_word' id='word_1_582' title='bbox 2433 3582 2607 3646; x_wconf 78' lang='grc' dir='ltr'>οὖτως</span> <span class='ocrx_word' id='word_1_583' title='bbox 2636 3584 2771 3635; x_wconf 75' lang='grc' dir='ltr'>εἰσὶν</span> <span class='ocrx_word' id='word_1_584' title='bbox 2803 3585 2851 3635; x_wconf 86' lang='grc' dir='ltr'>οἱ</span> <span class='ocrx_word' id='word_1_585' title='bbox 2889 3583 2964 3653; x_wconf 85' lang='grc' dir='ltr'>μὴ</span> <span class='ocrx_word' id='word_1_586' title='bbox 2996 3583 3217 3646; x_wconf 82' lang='grc' dir='ltr'>τελείως</span> <span class='ocrx_word' id='word_1_587' title='bbox 3261 3582 3721 3652; x_wconf 84' lang='grc' dir='ltr'>καθαρισθέντες.</span> 
     </span>
    </p>
   </div>
   <div class='ocr_carea' id='block_1_80' title="bbox 2134 3674 3721 3749">
    <p class='ocr_par' dir='ltr' id='par_1_80' title="bbox 2134 3674 3721 3749">
     <span class='ocr_line' id='line_1_80' title="bbox 2134 3674 3721 3749; baseline 0 -21"><span class='ocrx_word' id='word_1_588' title='bbox 2134 3676 2326 3739; x_wconf 84' lang='grc' dir='ltr'>Ὀντες</span> <span class='ocrx_word' id='word_1_589' title='bbox 2348 3676 2404 3730; x_wconf 81' lang='grc' dir='ltr'>δὲ</span> <span class='ocrx_word' id='word_1_590' title='bbox 2428 3678 2486 3729; x_wconf 83' lang='grc' dir='ltr'>ὲν</span> <span class='ocrx_word' id='word_1_591' title='bbox 2504 3679 2569 3749; x_wconf 79' lang='grc' dir='ltr'>τῇ</span> <span class='ocrx_word' id='word_1_592' title='bbox 2604 3676 2701 3729; x_wconf 92' lang='grc' dir='ltr'><strong>τοῦ</strong></span> <span class='ocrx_word' id='word_1_593' title='bbox 2728 3674 2865 3729; x_wconf 90' lang='grc' dir='ltr'>Θεοῦ</span> <span class='ocrx_word' id='word_1_594' title='bbox 2896 3676 3099 3746; x_wconf 88' lang='grc' dir='ltr'>χάριτι,</span> <span class='ocrx_word' id='word_1_595' title='bbox 3132 3676 3226 3729; x_wconf 72' lang='grc' dir='ltr'><strong>καὶ</strong></span> <span class='ocrx_word' id='word_1_596' title='bbox 3257 3676 3617 3744; x_wconf 80' lang='grc' dir='ltr'>κατεχόμενοι</span> <span class='ocrx_word' id='word_1_597' title='bbox 3647 3679 3721 3728; x_wconf 77' lang='grc' dir='ltr'>ἐν</span> 
     </span>
    </p>
   </div>
   <div class='ocr_carea' id='block_1_81' title="bbox 2133 3767 3717 3839">
    <p class='ocr_par' dir='ltr' id='par_1_81' title="bbox 2133 3767 3717 3839">
     <span class='ocr_line' id='line_1_81' title="bbox 2133 3767 3717 3839; baseline -0.001 -18"><span class='ocrx_word' id='word_1_598' title='bbox 2133 3767 2288 3838; x_wconf 86' lang='grc' dir='ltr'>βάθει</span> <span class='ocrx_word' id='word_1_599' title='bbox 2312 3768 2416 3821; x_wconf 77' lang='grc' dir='ltr'><strong>ὑπὸ</strong></span> <span class='ocrx_word' id='word_1_600' title='bbox 2436 3770 2535 3837; x_wconf 81' lang='grc' dir='ltr'>τῆς</span> <span class='ocrx_word' id='word_1_601' title='bbox 2559 3767 2853 3839; x_wconf 82' lang='grc' dir='ltr'>ἁμαρτίας,</span> <span class='ocrx_word' id='word_1_602' title='bbox 2883 3767 3067 3837; x_wconf 77' lang='grc' dir='ltr'>έχουσι</span> <span class='ocrx_word' id='word_1_603' title='bbox 3098 3768 3166 3820; x_wconf 82' lang='grc' dir='ltr'>τὰ</span> <span class='ocrx_word' id='word_1_604' title='bbox 3202 3767 3407 3835; x_wconf 86' lang='grc' dir='ltr'>φυσικὰ</span> <span class='ocrx_word' id='word_1_605' title='bbox 3437 3768 3717 3837; x_wconf 83' lang='grc' dir='ltr'>κινήματα</span> 
     </span>
    </p>
   </div>
   <div class='ocr_carea' id='block_1_82' title="bbox 2128 3859 3713 3931">
    <p class='ocr_par' dir='ltr' id='par_1_82' title="bbox 2128 3859 3713 3931">
     <span class='ocr_line' id='line_1_82' title="bbox 2128 3859 3713 3931; baseline -0.001 -18"><span class='ocrx_word' id='word_1_606' title='bbox 2128 3861 2226 3913; x_wconf 82' lang='grc' dir='ltr'>καὶ</span> <span class='ocrx_word' id='word_1_607' title='bbox 2240 3862 2365 3923; x_wconf 82' lang='grc' dir='ltr'>τοὺς</span> <span class='ocrx_word' id='word_1_608' title='bbox 2383 3860 2675 3931; x_wconf 82' lang='grc' dir='ltr'>λογισμοὺς</span> <span class='ocrx_word' id='word_1_609' title='bbox 2696 3860 2893 3921; x_wconf 82' lang='grc' dir='ltr'>αὐτοὺς</span> <span class='ocrx_word' id='word_1_610' title='bbox 2910 3859 3259 3930; x_wconf 68' lang='grc' dir='ltr'>ἐρρωμένους</span> <span class='ocrx_word' id='word_1_611' title='bbox 3287 3859 3422 3928; x_wconf 77' lang='grc' dir='ltr'>πρὸς</span> <span class='ocrx_word' id='word_1_612' title='bbox 3441 3860 3533 3911; x_wconf 77' lang='grc' dir='ltr'>τὸν</span> <span class='ocrx_word' id='word_1_613' title='bbox 3552 3860 3713 3926; x_wconf 84' lang='grc' dir='ltr'>Θεὸν,</span> 
     </span>
    </p>
   </div>
   <div class='ocr_carea' id='block_1_83' title="bbox 2132 3951 3189 4022">
    <p class='ocr_par' dir='ltr' id='par_1_83' title="bbox 2132 3951 3189 4022">
     <span class='ocr_line' id='line_1_83' title="bbox 2132 3951 3189 4022; baseline 0 -16"><span class='ocrx_word' id='word_1_614' title='bbox 2132 3953 2227 4006; x_wconf 70' lang='grc' dir='ltr'>καὶ</span> <span class='ocrx_word' id='word_1_615' title='bbox 2253 3951 2328 4022; x_wconf 85' lang='grc' dir='ltr'>μὴ</span> <span class='ocrx_word' id='word_1_616' title='bbox 2360 3951 2513 4015; x_wconf 76' lang='grc' dir='ltr'>ὄντες</span> <span class='ocrx_word' id='word_1_617' title='bbox 2539 3951 2634 4005; x_wconf 87' lang='grc' dir='ltr'><strong>τοῦ</strong></span> <span class='ocrx_word' id='word_1_618' title='bbox 2673 3951 2880 4020; x_wconf 86' lang='grc' dir='ltr'>ἀγαθοῦ</span> <span class='ocrx_word' id='word_1_619' title='bbox 2907 3951 3189 4015; x_wconf 84' lang='grc' dir='ltr'>ὁλοτελῶς.</span> 
     </span>
    </p>
   </div>
   <div class='ocr_carea' id='block_1_84' title="bbox 2201 4171 3697 4244">
    <p class='ocr_par' dir='ltr' id='par_1_84' title="bbox 2201 4171 3697 4244">
     <span class='ocr_line' id='line_1_84' title="bbox 2201 4171 3697 4244; baseline -0.003 -15"><span class='ocrx_word' id='word_1_620' title='bbox 2201 4178 2276 4229; x_wconf 89' lang='lat' dir='ltr'><strong>Z&#39;.</strong></span> <span class='ocrx_word' id='word_1_621' title='bbox 2309 4174 2498 4237; x_wconf 77' lang='grc' dir='ltr'>Οὕτως</span> <span class='ocrx_word' id='word_1_622' title='bbox 2531 4173 2693 4226; x_wconf 83' lang='grc' dir='ltr'>πάλιν</span> <span class='ocrx_word' id='word_1_623' title='bbox 2723 4173 2773 4227; x_wconf 86' lang='grc' dir='ltr'>οἱ</span> <span class='ocrx_word' id='word_1_624' title='bbox 2801 4173 3162 4244; x_wconf 87' lang='grc' dir='ltr'>κατεχόμενοι</span> <span class='ocrx_word' id='word_1_625' title='bbox 3196 4175 3255 4227; x_wconf 83' lang='grc' dir='ltr'>ὲν</span> <span class='ocrx_word' id='word_1_626' title='bbox 3291 4174 3445 4243; x_wconf 85' lang='grc' dir='ltr'>βάθει</span> <span class='ocrx_word' id='word_1_627' title='bbox 3468 4174 3561 4227; x_wconf 68' lang='grc' dir='ltr'>ὑπὸ</span> <span class='ocrx_word' id='word_1_628' title='bbox 3599 4171 3697 4225; x_wconf 82' lang='grc' dir='ltr'><strong>τοῦ</strong></span> 
     </span>
    </p>
   </div>
   <div class='ocr_carea' id='block_1_85' title="bbox 2130 4265 3710 4337">
    <p class='ocr_par' dir='ltr' id='par_1_85' title="bbox 2130 4265 3710 4337">
     <span class='ocr_line' id='line_1_85' title="bbox 2130 4265 3710 4337; baseline -0.001 -17"><span class='ocrx_word' id='word_1_629' title='bbox 2130 4266 2337 4336; x_wconf 88' lang='grc' dir='ltr'>ἀγαθοῦ</span> <span class='ocrx_word' id='word_1_630' title='bbox 2367 4266 2587 4337; x_wconf 78' lang='grc' dir='ltr'>μέρους,</span> <span class='ocrx_word' id='word_1_631' title='bbox 2643 4265 2743 4334; x_wconf 81' lang='grc' dir='ltr'>τῆς</span> <span class='ocrx_word' id='word_1_632' title='bbox 2776 4266 2996 4336; x_wconf 88' lang='grc' dir='ltr'>χάριτος</span> <span class='ocrx_word' id='word_1_633' title='bbox 3028 4266 3195 4335; x_wconf 81' lang='grc' dir='ltr'>λέγω,</span> <span class='ocrx_word' id='word_1_634' title='bbox 3250 4266 3331 4320; x_wconf 75' lang='grc' dir='ltr'>ἔτι</span> <span class='ocrx_word' id='word_1_635' title='bbox 3385 4268 3492 4321; x_wconf 74' lang='grc' dir='ltr'>εἰσὶ</span> <span class='ocrx_word' id='word_1_636' title='bbox 3528 4265 3710 4320; x_wconf 84' lang='grc' dir='ltr'>δοῦλοι</span> 
     </span>
    </p>
   </div>
   <div class='ocr_carea' id='block_1_86' title="bbox 2132 4357 3711 4430">
    <p class='ocr_par' dir='ltr' id='par_1_86' title="bbox 2132 4357 3711 4430">
     <span class='ocr_line' id='line_1_86' title="bbox 2132 4357 3711 4430; baseline -0.001 -18"><span class='ocrx_word' id='word_1_637' title='bbox 2132 4359 2226 4412; x_wconf 61' lang='grc' dir='ltr'><strong>καλ¹</strong></span> <span class='ocrx_word' id='word_1_638' title='bbox 2254 4357 2558 4429; x_wconf 82' lang='grc' dir='ltr'>ὑποχείριοι</span> <span class='ocrx_word' id='word_1_639' title='bbox 2579 4358 2690 4419; x_wconf 83' lang='grc' dir='ltr'>τοῖς</span> <span class='ocrx_word' id='word_1_640' title='bbox 2711 4358 2969 4430; x_wconf 81' lang='grc' dir='ltr'>πονηροῖς</span> <span class='ocrx_word' id='word_1_641' title='bbox 2995 4357 3300 4428; x_wconf 86' lang='grc' dir='ltr'>λογισμοῖς,</span> <span class='ocrx_word' id='word_1_642' title='bbox 3330 4361 3424 4413; x_wconf 72' lang='grc' dir='ltr'>καὶ</span> <span class='ocrx_word' id='word_1_643' title='bbox 3449 4358 3526 4428; x_wconf 83' lang='grc' dir='ltr'>τῷ</span> <span class='ocrx_word' id='word_1_644' title='bbox 3553 4358 3711 4428; x_wconf 83' lang='grc' dir='ltr'>μέρει</span> 
     </span>
    </p>
   </div>
   <div class='ocr_carea' id='block_1_87' title="bbox 2132 4445 3716 4521">
    <p class='ocr_par' dir='ltr' id='par_1_87' title="bbox 2132 4445 3716 4521">
     <span class='ocr_line' id='line_1_87' title="bbox 2132 4445 3716 4521; baseline 0.001 -18"><span class='ocrx_word' id='word_1_645' title='bbox 2132 4451 2231 4521; x_wconf 86' lang='grc' dir='ltr'>τῆς</span> <span class='ocrx_word' id='word_1_646' title='bbox 2266 4448 2484 4513; x_wconf 85' lang='grc' dir='ltr'>κακίας.</span> <span class='ocrx_word' id='word_1_647' title='bbox 2518 4448 2728 4519; x_wconf 85' lang='grc' dir='ltr'>Πολλῆς</span> <span class='ocrx_word' id='word_1_648' title='bbox 2756 4445 2851 4504; x_wconf 81' lang='grc' dir='ltr'>οὖν</span> <span class='ocrx_word' id='word_1_649' title='bbox 2904 4450 3065 4520; x_wconf 89' lang='grc' dir='ltr'>χρεία</span> <span class='ocrx_word' id='word_1_650' title='bbox 3120 4450 3471 4521; x_wconf 83' lang='grc' dir='ltr'>διακρίσεως,</span> <span class='ocrx_word' id='word_1_651' title='bbox 3496 4452 3587 4505; x_wconf 80' lang='grc' dir='ltr'>ἵνα.</span> <span class='ocrx_word' id='word_1_652' title='bbox 3622 4452 3716 4506; x_wconf 75' lang='grc' dir='ltr'><strong>διὰ</strong></span> 
     </span>
    </p>
   </div>
   <div class='ocr_carea' id='block_1_88' title="bbox 442 4539 2032 4619">
    <p class='ocr_par' dir='ltr' id='par_1_88' title="bbox 442 4542 2027 4615">
     <span class='ocr_line' id='line_1_88' title="bbox 442 4542 2027 4615; baseline 0.003 -19"><span class='ocrx_word' id='word_1_653' title='bbox 442 4542 774 4613; x_wconf 86' lang='lat' dir='ltr'><strong>perientiam</strong></span> <span class='ocrx_word' id='word_1_654' title='bbox 801 4543 927 4613; x_wconf 86' lang='lat' dir='ltr'><strong>quis</strong></span> <span class='ocrx_word' id='word_1_655' title='bbox 951 4553 1267 4615; x_wconf 86' lang='lat' dir='ltr'><strong>cognoscat,</strong></span> <span class='ocrx_word' id='word_1_656' title='bbox 1294 4546 1411 4601; x_wconf 72' lang='lat' dir='ltr'><strong>haec</strong></span> <span class='ocrx_word' id='word_1_657' title='bbox 1440 4562 1497 4601; x_wconf 90' lang='lat' dir='ltr'><strong>se</strong></span> <span class='ocrx_word' id='word_1_658' title='bbox 1528 4547 1603 4601; x_wconf 87' lang='lat' dir='ltr'><strong>ita</strong></span> <span class='ocrx_word' id='word_1_659' title='bbox 1633 4546 1860 4602; x_wconf 84' lang='lat' dir='ltr'><strong>habere.</strong></span> <span class='ocrx_word' id='word_1_660' title='bbox 1892 4547 2027 4602; x_wconf 90' lang='lat' dir='ltr'><strong>Dico</strong></span> 
     </span>
    </p>
   </div>
   <div class='ocr_carea' id='block_1_89' title="bbox 2139 4539 3719 4619">
    <p class='ocr_par' dir='ltr' id='par_1_89' title="bbox 2139 4539 3719 4613">
     <span class='ocr_line' id='line_1_89' title="bbox 2139 4539 3719 4613; baseline 0.001 -18"><span class='ocrx_word' id='word_1_661' title='bbox 2139 4542 2327 4612; x_wconf 88' lang='grc' dir='ltr'>πείρας</span> <span class='ocrx_word' id='word_1_662' title='bbox 2348 4559 2432 4605; x_wconf 89' lang='grc' dir='ltr'><strong>τις</strong></span> <span class='ocrx_word' id='word_1_663' title='bbox 2460 4540 2573 4613; x_wconf 79' lang='grc' dir='ltr'>γνῷ</span> <span class='ocrx_word' id='word_1_664' title='bbox 2606 4540 2783 4594; x_wconf 88' lang='grc' dir='ltr'>ταῦτα</span> <span class='ocrx_word' id='word_1_665' title='bbox 2808 4539 2999 4594; x_wconf 88' lang='grc' dir='ltr'>τοῦτον</span> <span class='ocrx_word' id='word_1_666' title='bbox 3028 4540 3169 4611; x_wconf 78' lang='grc' dir='ltr'>ἔχειν</span> <span class='ocrx_word' id='word_1_667' title='bbox 3192 4541 3282 4594; x_wconf 82' lang='grc' dir='ltr'><strong>τὸν</strong></span> <span class='ocrx_word' id='word_1_668' title='bbox 3309 4542 3528 4611; x_wconf 88' lang='grc' dir='ltr'>τρόπον.</span> <span class='ocrx_word' id='word_1_669' title='bbox 3553 4542 3719 4610; x_wconf 83' lang='grc' dir='ltr'>Λέγω</span> 
     </span>
    </p>
   </div>
   <div class='ocr_carea' id='block_1_90' title="bbox 444 4634 2028 4709">
    <p class='ocr_par' dir='ltr' id='par_1_90' title="bbox 444 4634 2028 4709">
     <span class='ocr_line' id='line_1_90' title="bbox 444 4634 2028 4709; baseline 0.002 -19"><span class='ocrx_word' id='word_1_670' title='bbox 444 4642 630 4690; x_wconf 85' lang='lat' dir='ltr'><strong>autem</strong></span> <span class='ocrx_word' id='word_1_671' title='bbox 663 4634 785 4700; x_wconf 91' lang='lat' dir='ltr'><strong>tibi,</strong></span> <span class='ocrx_word' id='word_1_672' title='bbox 807 4636 974 4691; x_wconf 86' lang='lat' dir='ltr'><strong>eliam</strong></span> <span class='ocrx_word' id='word_1_673' title='bbox 998 4640 1295 4707; x_wconf 89' lang='lat' dir='ltr'><strong>apostolos,</strong></span> <span class='ocrx_word' id='word_1_674' title='bbox 1319 4638 1523 4709; x_wconf 92' lang='lat' dir='ltr'><strong>quibus</strong></span> <span class='ocrx_word' id='word_1_675' title='bbox 1548 4649 1667 4694; x_wconf 84' lang='lat' dir='ltr'><strong>erat</strong></span> <span class='ocrx_word' id='word_1_676' title='bbox 1688 4640 2028 4705; x_wconf 87' lang='lat' dir='ltr'><strong>Paracletus,</strong></span> 
     </span>
    </p>
   </div>
   <div class='ocr_carea' id='block_1_91' title="bbox 446 4728 2033 4803">
    <p class='ocr_par' dir='ltr' id='par_1_91' title="bbox 446 4728 2033 4803">
     <span class='ocr_line' id='line_1_91' title="bbox 446 4728 2033 4803; baseline 0.003 -19"><span class='ocrx_word' id='word_1_677' title='bbox 446 4744 558 4784; x_wconf 80' lang='lat' dir='ltr'><strong>non</strong></span> <span class='ocrx_word' id='word_1_678' title='bbox 587 4728 758 4783; x_wconf 88' lang='lat' dir='ltr'><strong>fuisse</strong></span> <span class='ocrx_word' id='word_1_679' title='bbox 789 4744 855 4783; x_wconf 79' lang='lat' dir='ltr'><strong>ex</strong></span> <span class='ocrx_word' id='word_1_680' title='bbox 889 4731 1038 4784; x_wconf 89' lang='lat' dir='ltr'><strong>omni</strong></span> <span class='ocrx_word' id='word_1_681' title='bbox 1070 4741 1228 4800; x_wconf 87' lang='lat' dir='ltr'><strong>parte</strong></span> <span class='ocrx_word' id='word_1_682' title='bbox 1264 4747 1523 4798; x_wconf 88' lang='lat' dir='ltr'><strong>securos;</strong></span> <span class='ocrx_word' id='word_1_683' title='bbox 1558 4732 1761 4803; x_wconf 87' lang='lat' dir='ltr'><strong>gaudio</strong></span> <span class='ocrx_word' id='word_1_684' title='bbox 1794 4734 1942 4789; x_wconf 91' lang='lat' dir='ltr'><strong>enim</strong></span> <span class='ocrx_word' id='word_1_685' title='bbox 1975 4742 2033 4789; x_wconf 89' lang='lat' dir='ltr'><strong>et</strong></span> 
     </span>
    </p>
   </div>
   <div class='ocr_carea' id='block_1_92' title="bbox 444 4808 2028 4895">
    <p class='ocr_par' dir='ltr' id='par_1_92' title="bbox 444 4808 2028 4895">
     <span class='ocr_line' id='line_1_92' title="bbox 444 4808 2028 4895; baseline 0.003 -20"><span class='ocrx_word' id='word_1_686' title='bbox 444 4820 801 4877; x_wconf 84' lang='lat' dir='ltr'><strong>exsultationi</strong></span> <span class='ocrx_word' id='word_1_687' title='bbox 830 4821 1022 4876; x_wconf 88' lang='lat' dir='ltr'><strong>aderat</strong></span> <span class='ocrx_word' id='word_1_688' title='bbox 1054 4824 1218 4876; x_wconf 89' lang='lat' dir='ltr'><strong>timor</strong></span> <span class='ocrx_word' id='word_1_689' title='bbox 1243 4808 1299 4878; x_wconf 85' lang='lat' dir='ltr'><strong>et</strong></span> <span class='ocrx_word' id='word_1_690' title='bbox 1326 4832 1555 4889; x_wconf 89' lang='lat' dir='ltr'><strong>tremor,</strong></span> <span class='ocrx_word' id='word_1_691' title='bbox 1583 4824 1651 4879; x_wconf 88' lang='lat' dir='ltr'><strong>ab</strong></span> <span class='ocrx_word' id='word_1_692' title='bbox 1685 4823 1799 4894; x_wconf 90' lang='lat' dir='ltr'><strong>ipsa</strong></span> <span class='ocrx_word' id='word_1_693' title='bbox 1830 4826 2028 4895; x_wconf 85' lang='lat' dir='ltr'><strong>gratia,</strong></span> 
     </span>
    </p>
   </div>
   <div class='ocr_carea' id='block_1_93' title="bbox 445 4914 2033 4988">
    <p class='ocr_par' dir='ltr' id='par_1_93' title="bbox 445 4914 2033 4988">
     <span class='ocr_line' id='line_1_93' title="bbox 445 4914 2033 4988; baseline 0.004 -22"><span class='ocrx_word' id='word_1_694' title='bbox 445 4928 557 4966; x_wconf 88' lang='lat' dir='ltr'><strong>non</strong></span> <span class='ocrx_word' id='word_1_695' title='bbox 592 4928 659 4967; x_wconf 78' lang='lat' dir='ltr'><strong>ex</strong></span> <span class='ocrx_word' id='word_1_696' title='bbox 692 4922 849 4983; x_wconf 82' lang='lat' dir='ltr'><strong>parte</strong></span> <span class='ocrx_word' id='word_1_697' title='bbox 880 4915 1079 4972; x_wconf 85' lang='lat' dir='ltr'><strong>vitiosa</strong></span> <span class='ocrx_word' id='word_1_698' title='bbox 1114 4914 1395 4984; x_wconf 88' lang='lat' dir='ltr'><strong>profectus</strong></span> <span class='ocrx_word' id='word_1_699' title='bbox 1433 4934 1445 4969; x_wconf 90' lang='lat'><strong>:</strong></span> <span class='ocrx_word' id='word_1_700' title='bbox 1478 4932 1671 4971; x_wconf 69' lang='lat' dir='ltr'><strong>verum</strong></span> <span class='ocrx_word' id='word_1_701' title='bbox 1708 4917 1822 4987; x_wconf 84' lang='lat' dir='ltr'><strong>ipsa</strong></span> <span class='ocrx_word' id='word_1_702' title='bbox 1856 4919 2033 4988; x_wconf 87' lang='lat' dir='ltr'><strong>gratia</strong></span> 
     </span>
    </p>
   </div>
   <div class='ocr_carea' id='block_1_94' title="bbox 448 5005 2029 5078">
    <p class='ocr_par' dir='ltr' id='par_1_94' title="bbox 448 5005 2029 5078">
     <span class='ocr_line' id='line_1_94' title="bbox 448 5005 2029 5078; baseline 0.001 -19"><span class='ocrx_word' id='word_1_703' title='bbox 448 5005 711 5060; x_wconf 86' lang='lat' dir='ltr'><strong>tuebatur</strong></span> <span class='ocrx_word' id='word_1_704' title='bbox 752 5005 902 5071; x_wconf 89' lang='lat' dir='ltr'><strong>illos,</strong></span> <span class='ocrx_word' id='word_1_705' title='bbox 935 5022 1004 5061; x_wconf 89' lang='lat' dir='ltr'><strong>ne</strong></span> <span class='ocrx_word' id='word_1_706' title='bbox 1042 5007 1129 5061; x_wconf 88' lang='lat' dir='ltr'><strong>vel</strong></span> <span class='ocrx_word' id='word_1_707' title='bbox 1171 5007 1459 5061; x_wconf 91' lang='lat' dir='ltr'><strong>minimum</strong></span> <span class='ocrx_word' id='word_1_708' title='bbox 1496 5008 1631 5078; x_wconf 87' lang='lat' dir='ltr'><strong>quid</strong></span> <span class='ocrx_word' id='word_1_709' title='bbox 1670 5008 2029 5064; x_wconf 89' lang='lat' dir='ltr'><strong>diverterent.</strong></span> 
     </span>
    </p>
   </div>
   <div class='ocr_carea' id='block_1_95' title="bbox 448 5098 2032 5171">
    <p class='ocr_par' dir='ltr' id='par_1_95' title="bbox 448 5098 2032 5171">
     <span class='ocr_line' id='line_1_95' title="bbox 448 5098 2032 5171; baseline 0.002 -19"><span class='ocrx_word' id='word_1_710' title='bbox 448 5098 689 5154; x_wconf 86' lang='lat' dir='ltr'><strong>Perinde</strong></span> <span class='ocrx_word' id='word_1_711' title='bbox 722 5100 872 5154; x_wconf 89' lang='lat' dir='ltr'><strong>enim</strong></span> <span class='ocrx_word' id='word_1_712' title='bbox 903 5115 966 5154; x_wconf 89' lang='lat' dir='ltr'><strong>ac</strong></span> <span class='ocrx_word' id='word_1_713' title='bbox 995 5100 1041 5153; x_wconf 92' lang='lat' dir='ltr'><strong>si</strong></span> <span class='ocrx_word' id='word_1_714' title='bbox 1073 5101 1198 5169; x_wconf 89' lang='lat' dir='ltr'><strong>quis</strong></span> <span class='ocrx_word' id='word_1_715' title='bbox 1229 5099 1524 5153; x_wconf 81' lang='lat' dir='ltr'><strong>frustulum</strong></span> <span class='ocrx_word' id='word_1_716' title='bbox 1556 5099 1753 5169; x_wconf 89' lang='lat' dir='ltr'><strong>lapidis</strong></span> <span class='ocrx_word' id='word_1_717' title='bbox 1783 5101 2032 5171; x_wconf 85' lang='lat' dir='ltr'><strong>projeee-</strong></span> 
     </span>
    </p>
   </div>
   <div class='ocr_carea' id='block_1_96' title="bbox 448 5188 2034 5254">
    <p class='ocr_par' dir='ltr' id='par_1_96' title="bbox 448 5188 2034 5254">
     <span class='ocr_line' id='line_1_96' title="bbox 448 5188 2034 5254; baseline 0.002 -14"><span class='ocrx_word' id='word_1_718' title='bbox 448 5188 527 5241; x_wconf 90' lang='lat' dir='ltr'><strong>rit</strong></span> <span class='ocrx_word' id='word_1_719' title='bbox 560 5188 614 5242; x_wconf 92' lang='lat' dir='ltr'><strong>in</strong></span> <span class='ocrx_word' id='word_1_720' title='bbox 643 5204 884 5254; x_wconf 91' lang='lat' dir='ltr'><strong>murum,</strong></span> <span class='ocrx_word' id='word_1_721' title='bbox 914 5205 1133 5243; x_wconf 89' lang='lat' dir='ltr'><strong>murum</strong></span> <span class='ocrx_word' id='word_1_722' title='bbox 1164 5190 1479 5243; x_wconf 85' lang='lat' dir='ltr'><strong>nullatenus</strong></span> <span class='ocrx_word' id='word_1_723' title='bbox 1504 5189 1736 5244; x_wconf 77' lang='lat' dir='ltr'><strong>offendit</strong></span> <span class='ocrx_word' id='word_1_724' title='bbox 1761 5198 1858 5244; x_wconf 89' lang='lat' dir='ltr'><strong>aut</strong></span> <span class='ocrx_word' id='word_1_725' title='bbox 1885 5205 2034 5243; x_wconf 90' lang='lat' dir='ltr'><strong>com-</strong></span> 
     </span>
    </p>
   </div>
   <div class='ocr_carea' id='block_1_97' title="bbox 450 5281 2030 5352">
    <p class='ocr_par' dir='ltr' id='par_1_97' title="bbox 450 5281 2030 5352">
     <span class='ocr_line' id='line_1_97' title="bbox 450 5281 2030 5352; baseline 0 -17"><span class='ocrx_word' id='word_1_726' title='bbox 450 5281 628 5335; x_wconf 88' lang='lat' dir='ltr'><strong>movit</strong></span> <span class='ocrx_word' id='word_1_727' title='bbox 657 5298 670 5335; x_wconf 92' lang='lat'><strong>:</strong></span> <span class='ocrx_word' id='word_1_728' title='bbox 703 5290 798 5335; x_wconf 88' lang='lat' dir='ltr'><strong>aut</strong></span> <span class='ocrx_word' id='word_1_729' title='bbox 826 5281 969 5336; x_wconf 89' lang='lat' dir='ltr'><strong>sicut</strong></span> <span class='ocrx_word' id='word_1_730' title='bbox 994 5282 1166 5335; x_wconf 89' lang='lat' dir='ltr'><strong>telum</strong></span> <span class='ocrx_word' id='word_1_731' title='bbox 1197 5282 1501 5352; x_wconf 87' lang='lat' dir='ltr'><strong>projectum</strong></span> <span class='ocrx_word' id='word_1_732' title='bbox 1534 5290 1723 5334; x_wconf 90' lang='lat' dir='ltr'><strong>contra</strong></span> <span class='ocrx_word' id='word_1_733' title='bbox 1755 5296 1904 5345; x_wconf 91' lang='lat' dir='ltr'><strong>cum,</strong></span> <span class='ocrx_word' id='word_1_734' title='bbox 1935 5281 2030 5350; x_wconf 88' lang='lat' dir='ltr'><strong>qui</strong></span> 
     </span>
    </p>
   </div>
   <div class='ocr_carea' id='block_1_98' title="bbox 449 5372 2036 5439">
    <p class='ocr_par' dir='ltr' id='par_1_98' title="bbox 449 5372 2036 5439">
     <span class='ocr_line' id='line_1_98' title="bbox 449 5372 2036 5439; baseline 0.001 -12"><span class='ocrx_word' id='word_1_735' title='bbox 449 5372 557 5427; x_wconf 82' lang='lat' dir='ltr'><strong>fert</strong></span> <span class='ocrx_word' id='word_1_736' title='bbox 600 5372 909 5439; x_wconf 88' lang='lat' dir='ltr'><strong>clibanum,</strong></span> <span class='ocrx_word' id='word_1_737' title='bbox 940 5373 1093 5428; x_wconf 88' lang='lat' dir='ltr'><strong>nullo</strong></span> <span class='ocrx_word' id='word_1_738' title='bbox 1137 5372 1301 5427; x_wconf 91' lang='lat' dir='ltr'><strong>modo</strong></span> <span class='ocrx_word' id='word_1_739' title='bbox 1350 5373 1490 5427; x_wconf 66' lang='lat' dir='ltr'><strong>lmsit</strong></span> <span class='ocrx_word' id='word_1_740' title='bbox 1534 5388 1635 5427; x_wconf 90' lang='lat' dir='ltr'><strong>nec</strong></span> <span class='ocrx_word' id='word_1_741' title='bbox 1677 5373 1882 5427; x_wconf 89' lang='lat' dir='ltr'><strong>ferrum</strong></span> <span class='ocrx_word' id='word_1_742' title='bbox 1932 5388 2036 5429; x_wconf 88' lang='lat' dir='ltr'><strong>nec</strong></span> 
     </span>
    </p>
   </div>
   <div class='ocr_carea' id='block_1_99' title="bbox 452 5464 2031 5537">
    <p class='ocr_par' dir='ltr' id='par_1_99' title="bbox 452 5464 2031 5537">
     <span class='ocr_line' id='line_1_99' title="bbox 452 5464 2031 5537; baseline 0.003 -20"><span class='ocrx_word' id='word_1_743' title='bbox 452 5479 657 5534; x_wconf 88' lang='lat' dir='ltr'><strong>corpus</strong></span> <span class='ocrx_word' id='word_1_744' title='bbox 692 5464 906 5535; x_wconf 87' lang='lat' dir='ltr'><strong>(referit</strong></span> <span class='ocrx_word' id='word_1_745' title='bbox 938 5465 1086 5520; x_wconf 90' lang='lat' dir='ltr'><strong>enim</strong></span> <span class='ocrx_word' id='word_1_746' title='bbox 1125 5481 1188 5520; x_wconf 89' lang='lat' dir='ltr'><strong>ac</strong></span> <span class='ocrx_word' id='word_1_747' title='bbox 1218 5465 1583 5537; x_wconf 87' lang='lat' dir='ltr'><strong>repercutit);</strong></span> <span class='ocrx_word' id='word_1_748' title='bbox 1620 5467 1694 5520; x_wconf 89' lang='lat' dir='ltr'><strong>ita</strong></span> <span class='ocrx_word' id='word_1_749' title='bbox 1732 5466 1864 5521; x_wconf 87' lang='lat' dir='ltr'><strong>licet</strong></span> <span class='ocrx_word' id='word_1_750' title='bbox 1896 5466 2031 5536; x_wconf 90' lang='lat' dir='ltr'><strong>quid</strong></span> 
     </span>
    </p>
   </div>
   <div class='ocr_carea' id='block_1_100' title="bbox 453 5557 2033 5629">
    <p class='ocr_par' dir='ltr' id='par_1_100' title="bbox 453 5557 2033 5629">
     <span class='ocr_line' id='line_1_100' title="bbox 453 5557 2033 5629; baseline 0.002 -20"><span class='ocrx_word' id='word_1_751' title='bbox 453 5557 574 5610; x_wconf 87' lang='lat' dir='ltr'><strong>vitii</strong></span> <span class='ocrx_word' id='word_1_752' title='bbox 610 5557 679 5611; x_wconf 87' lang='lat' dir='ltr'><strong>ad</strong></span> <span class='ocrx_word' id='word_1_753' title='bbox 712 5558 991 5628; x_wconf 90' lang='lat' dir='ltr'><strong>apostolos</strong></span> <span class='ocrx_word' id='word_1_754' title='bbox 1022 5558 1523 5627; x_wconf 87' lang='lat' dir='ltr'><strong>appropinquaret,</strong></span> <span class='ocrx_word' id='word_1_755' title='bbox 1558 5574 1907 5629; x_wconf 87' lang='lat' dir='ltr'><strong>nequaquam</strong></span> <span class='ocrx_word' id='word_1_756' title='bbox 1951 5568 2033 5612; x_wconf 74' lang='lat' dir='ltr'><strong>ta—</strong></span> 
     </span>
    </p>
   </div>
   <div class='ocr_carea' id='block_1_101' title="bbox 458 5647 2033 5720">
    <p class='ocr_par' dir='ltr' id='par_1_101' title="bbox 458 5647 2033 5720">
     <span class='ocr_line' id='line_1_101' title="bbox 458 5647 2033 5720; baseline 0.001 -18"><span class='ocrx_word' id='word_1_757' title='bbox 458 5663 585 5704; x_wconf 85' lang='lat' dir='ltr'><strong>men</strong></span> <span class='ocrx_word' id='word_1_758' title='bbox 606 5649 757 5719; x_wconf 88' lang='lat' dir='ltr'><strong>ipsos</strong></span> <span class='ocrx_word' id='word_1_759' title='bbox 780 5648 1031 5716; x_wconf 59' lang='lat' dir='ltr'><strong>ladebat,</strong></span> <span class='ocrx_word' id='word_1_760' title='bbox 1046 5647 1250 5719; x_wconf 89' lang='lat' dir='ltr'><strong>quippe</strong></span> <span class='ocrx_word' id='word_1_761' title='bbox 1273 5648 1368 5719; x_wconf 89' lang='lat' dir='ltr'><strong>qui</strong></span> <span class='ocrx_word' id='word_1_762' title='bbox 1393 5658 1549 5704; x_wconf 89' lang='lat' dir='ltr'><strong>erant</strong></span> <span class='ocrx_word' id='word_1_763' title='bbox 1566 5649 1805 5720; x_wconf 84' lang='lat' dir='ltr'><strong>perfecta</strong></span> <span class='ocrx_word' id='word_1_764' title='bbox 1826 5649 2033 5705; x_wconf 79' lang='lat' dir='ltr'><strong>CltriSti</strong></span> 
     </span>
    </p>
   </div>
   <div class='ocr_carea' id='block_1_102' title="bbox 541 5824 905 5909">
    <p class='ocr_par' dir='ltr' id='par_1_102' title="bbox 541 5824 905 5909">
     <span class='ocr_line' id='line_1_102' title="bbox 541 5824 905 5909; baseline 0.016 -30"><span class='ocrx_word' id='word_1_765' title='bbox 541 5824 588 5857; x_wconf 79' lang='grc'><strong>⁸⁸</strong></span> <span class='ocrx_word' id='word_1_766' title='bbox 606 5824 762 5880; x_wconf 81' lang='lat' dir='ltr'><strong>Joan.</strong></span> <span class='ocrx_word' id='word_1_767' title='bbox 789 5842 829 5895; x_wconf 81' lang='grc' dir='ltr'><strong>ι,</strong></span> <span class='ocrx_word' id='word_1_768' title='bbox 850 5828 905 5909; x_wconf 81' lang='lat'><strong>5.</strong></span> 
     </span>
    </p>
   </div>
   <div class='ocr_carea' id='block_1_103' title="bbox 2130 4631 3718 4706">
    <p class='ocr_par' dir='ltr' id='par_1_103' title="bbox 2130 4631 3718 4706">
     <span class='ocr_line' id='line_1_103' title="bbox 2130 4631 3718 4706; baseline -0.001 -20"><span class='ocrx_word' id='word_1_769' title='bbox 2130 4632 2188 4686; x_wconf 91' lang='grc' dir='ltr'><strong>δέ</strong></span> <span class='ocrx_word' id='word_1_770' title='bbox 2220 4651 2325 4699; x_wconf 89' lang='grc' dir='ltr'>σοι,</span> <span class='ocrx_word' id='word_1_771' title='bbox 2356 4633 2438 4687; x_wconf 86' lang='grc' dir='ltr'><strong>ὄτι</strong></span> <span class='ocrx_word' id='word_1_772' title='bbox 2473 4634 2568 4685; x_wconf 77' lang='grc' dir='ltr'><strong>καὶ</strong></span> <span class='ocrx_word' id='word_1_773' title='bbox 2621 4634 2669 4685; x_wconf 90' lang='grc' dir='ltr'>οἱ</span> <span class='ocrx_word' id='word_1_774' title='bbox 2718 4631 3008 4686; x_wconf 84' lang='grc' dir='ltr'>ἀπόστολοι</span> <span class='ocrx_word' id='word_1_775' title='bbox 3047 4632 3262 4702; x_wconf 78' lang='grc' dir='ltr'>ἔχοντες</span> <span class='ocrx_word' id='word_1_776' title='bbox 3292 4634 3385 4686; x_wconf 81' lang='grc' dir='ltr'><strong>τὸν</strong></span> <span class='ocrx_word' id='word_1_777' title='bbox 3414 4634 3718 4706; x_wconf 82' lang='grc' dir='ltr'>Παράκλη-</span> 
     </span>
    </p>
   </div>
   <div class='ocr_carea' id='block_1_104' title="bbox 2128 4720 3719 4798">
    <p class='ocr_par' dir='ltr' id='par_1_104' title="bbox 2128 4720 3719 4798">
     <span class='ocr_line' id='line_1_104' title="bbox 2128 4720 3719 4798; baseline 0.001 -20"><span class='ocrx_word' id='word_1_778' title='bbox 2128 4742 2242 4791; x_wconf 91' lang='grc' dir='ltr'>τον,</span> <span class='ocrx_word' id='word_1_779' title='bbox 2278 4724 2538 4788; x_wconf 84' lang='grc' dir='ltr'>ὀλοτελῶς</span> <span class='ocrx_word' id='word_1_780' title='bbox 2586 4725 2686 4778; x_wconf 81' lang='grc' dir='ltr'>οὑκ</span> <span class='ocrx_word' id='word_1_781' title='bbox 2717 4720 2858 4795; x_wconf 77' lang='grc' dir='ltr'>ἦσαν</span> <span class='ocrx_word' id='word_1_782' title='bbox 2906 4723 3227 4794; x_wconf 83' lang='grc' dir='ltr'>ἀμέριμνοι.</span> <span class='ocrx_word' id='word_1_783' title='bbox 3286 4726 3460 4795; x_wconf 84' lang='grc' dir='ltr'>Συνῆν</span> <span class='ocrx_word' id='word_1_784' title='bbox 3504 4726 3614 4797; x_wconf 81' lang='grc' dir='ltr'>γὰρ</span> <span class='ocrx_word' id='word_1_785' title='bbox 3647 4731 3719 4798; x_wconf 85' lang='grc' dir='ltr'>τῇ</span> 
     </span>
    </p>
   </div>
   <div class='ocr_carea' id='block_1_105' title="bbox 2131 4816 3722 4890">
    <p class='ocr_par' dir='ltr' id='par_1_105' title="bbox 2131 4816 3722 4890">
     <span class='ocr_line' id='line_1_105' title="bbox 2131 4816 3722 4890; baseline -0.002 -18"><span class='ocrx_word' id='word_1_786' title='bbox 2131 4819 2275 4890; x_wconf 84' lang='grc' dir='ltr'>χαρᾷ</span> <span class='ocrx_word' id='word_1_787' title='bbox 2294 4818 2390 4872; x_wconf 76' lang='grc' dir='ltr'><strong>καὶ</strong></span> <span class='ocrx_word' id='word_1_788' title='bbox 2420 4820 2486 4889; x_wconf 85' lang='grc' dir='ltr'>τῇ</span> <span class='ocrx_word' id='word_1_789' title='bbox 2521 4816 2841 4885; x_wconf 85' lang='grc' dir='ltr'>ἀγαλλιάσει</span> <span class='ocrx_word' id='word_1_790' title='bbox 2881 4816 3045 4885; x_wconf 80' lang='grc' dir='ltr'>φόϐος</span> <span class='ocrx_word' id='word_1_791' title='bbox 3078 4817 3175 4869; x_wconf 79' lang='grc' dir='ltr'>καὶ</span> <span class='ocrx_word' id='word_1_792' title='bbox 3206 4817 3410 4887; x_wconf 86' lang='grc' dir='ltr'>τρόμος</span> <span class='ocrx_word' id='word_1_793' title='bbox 3447 4817 3504 4884; x_wconf 77' lang='grc' dir='ltr'>ἐξ</span> <span class='ocrx_word' id='word_1_794' title='bbox 3541 4819 3722 4888; x_wconf 76' lang='grc' dir='ltr'>αὐτῆς</span> 
     </span>
    </p>
   </div>
   <div class='ocr_carea' id='block_1_106' title="bbox 2131 4908 3721 4983">
    <p class='ocr_par' dir='ltr' id='par_1_106' title="bbox 2131 4908 3721 4983">
     <span class='ocr_line' id='line_1_106' title="bbox 2131 4908 3721 4983; baseline -0.001 -19"><span class='ocrx_word' id='word_1_795' title='bbox 2131 4912 2230 4981; x_wconf 84' lang='grc' dir='ltr'><strong>τῆς</strong></span> <span class='ocrx_word' id='word_1_796' title='bbox 2262 4910 2507 4982; x_wconf 84' lang='grc' dir='ltr'>χάριτος,</span> <span class='ocrx_word' id='word_1_797' title='bbox 2528 4910 2588 4963; x_wconf 75' lang='grc' dir='ltr'>οὗ</span> <span class='ocrx_word' id='word_1_798' title='bbox 2611 4909 2703 4962; x_wconf 89' lang='grc' dir='ltr'><strong>τοῦ</strong></span> <span class='ocrx_word' id='word_1_799' title='bbox 2738 4909 2936 4980; x_wconf 78' lang='grc' dir='ltr'>μέρους</span> <span class='ocrx_word' id='word_1_800' title='bbox 2956 4908 3060 4979; x_wconf 84' lang='grc' dir='ltr'><strong>τῆς</strong></span> <span class='ocrx_word' id='word_1_801' title='bbox 3089 4911 3307 4975; x_wconf 82' lang='grc' dir='ltr'>κακίας,</span> <span class='ocrx_word' id='word_1_802' title='bbox 3343 4910 3482 4963; x_wconf 82' lang='grc' dir='ltr'>ἀλλὰ</span> <span class='ocrx_word' id='word_1_803' title='bbox 3511 4911 3653 4982; x_wconf 80' lang='grc' dir='ltr'>αύτὴ</span> <span class='ocrx_word' id='word_1_804' title='bbox 3684 4913 3721 4983; x_wconf 73' lang='grc' dir='ltr'>ἡ</span> 
     </span>
    </p>
   </div>
   <div class='ocr_carea' id='block_1_107' title="bbox 2133 5000 3720 5073">
    <p class='ocr_par' dir='ltr' id='par_1_107' title="bbox 2133 5000 3720 5073">
     <span class='ocr_line' id='line_1_107' title="bbox 2133 5000 3720 5073; baseline 0.001 -19"><span class='ocrx_word' id='word_1_805' title='bbox 2133 5002 2291 5073; x_wconf 87' lang='grc' dir='ltr'>χάρις</span> <span class='ocrx_word' id='word_1_806' title='bbox 2309 5000 2638 5070; x_wconf 80' lang='grc' dir='ltr'>ὴσφαλίζετο</span> <span class='ocrx_word' id='word_1_807' title='bbox 2659 5001 2876 5064; x_wconf 79' lang='grc' dir='ltr'>αὐτοὺς,</span> <span class='ocrx_word' id='word_1_808' title='bbox 2907 5000 2994 5053; x_wconf 83' lang='grc' dir='ltr'><strong>ἴνα</strong></span> <span class='ocrx_word' id='word_1_809' title='bbox 3038 5001 3113 5071; x_wconf 85' lang='grc' dir='ltr'>μὴ</span> <span class='ocrx_word' id='word_1_810' title='bbox 3159 5000 3262 5054; x_wconf 81' lang='grc' dir='ltr'><strong>κᾶν</strong></span> <span class='ocrx_word' id='word_1_811' title='bbox 3293 5004 3373 5064; x_wconf 88' lang='grc' dir='ltr'>εἰς</span> <span class='ocrx_word' id='word_1_812' title='bbox 3408 5003 3607 5072; x_wconf 89' lang='grc' dir='ltr'>μικρόν</span> <span class='ocrx_word' id='word_1_813' title='bbox 3660 5020 3720 5055; x_wconf 87' lang='grc' dir='ltr'><strong>τι</strong></span> 
     </span>
    </p>
   </div>
   <div class='ocr_carea' id='block_1_108' title="bbox 2135 5091 3721 5164">
    <p class='ocr_par' dir='ltr' id='par_1_108' title="bbox 2135 5091 3721 5164">
     <span class='ocr_line' id='line_1_108' title="bbox 2135 5091 3721 5164; baseline 0.001 -18"><span class='ocrx_word' id='word_1_814' title='bbox 2135 5092 2505 5164; x_wconf 80' lang='grc' dir='ltr'>ἑκτραπῶσιν.</span> <span class='ocrx_word' id='word_1_815' title='bbox 2543 5092 2752 5163; x_wconf 83' lang='grc' dir='ltr'>Ὠσπερ</span> <span class='ocrx_word' id='word_1_816' title='bbox 2780 5092 2890 5162; x_wconf 80' lang='grc' dir='ltr'>γὰρ</span> <span class='ocrx_word' id='word_1_817' title='bbox 2924 5091 3079 5154; x_wconf 80' lang='grc' dir='ltr'>εἴτις</span> <span class='ocrx_word' id='word_1_818' title='bbox 3110 5092 3354 5161; x_wconf 82' lang='grc' dir='ltr'>βιζάκιον</span> <span class='ocrx_word' id='word_1_819' title='bbox 3383 5093 3534 5146; x_wconf 83' lang='grc' dir='ltr'>λίθου</span> <span class='ocrx_word' id='word_1_820' title='bbox 3552 5093 3721 5162; x_wconf 71' lang='grc' dir='ltr'>ῥίψας</span> 
     </span>
    </p>
   </div>
   <div class='ocr_carea' id='block_1_109' title="bbox 2134 5187 3717 5263">
    <p class='ocr_par' dir='ltr' id='par_1_109' title="bbox 2134 5187 3717 5263">
     <span class='ocr_line' id='line_1_109' title="bbox 2134 5187 3717 5263; baseline 0.004 -25"><span class='ocrx_word' id='word_1_821' title='bbox 2134 5188 2214 5250; x_wconf 84' lang='grc' dir='ltr'><strong>εἰς</strong></span> <span class='ocrx_word' id='word_1_822' title='bbox 2242 5189 2440 5257; x_wconf 85' lang='grc' dir='ltr'>τεῖχος.</span> <span class='ocrx_word' id='word_1_823' title='bbox 2464 5187 2617 5240; x_wconf 84' lang='grc' dir='ltr'>οὐδὲν</span> <span class='ocrx_word' id='word_1_824' title='bbox 2650 5187 2883 5258; x_wconf 77' lang='grc' dir='ltr'>ἔϐλαψεν</span> <span class='ocrx_word' id='word_1_825' title='bbox 2916 5189 2949 5259; x_wconf 81' lang='grc' dir='ltr'>ἢ</span> <span class='ocrx_word' id='word_1_826' title='bbox 2979 5190 3321 5261; x_wconf 86' lang='grc' dir='ltr'>παρεκίνησε</span> <span class='ocrx_word' id='word_1_827' title='bbox 3342 5190 3404 5244; x_wconf 83' lang='grc' dir='ltr'><strong>τὸ</strong></span> <span class='ocrx_word' id='word_1_828' title='bbox 3437 5194 3644 5261; x_wconf 80' lang='grc' dir='ltr'>τεῖχος’</span> <span class='ocrx_word' id='word_1_829' title='bbox 3680 5193 3717 5263; x_wconf 83' lang='grc' dir='ltr'>ἢ</span> 
     </span>
    </p>
   </div>
   <div class='ocr_carea' id='block_1_110' title="bbox 2134 5276 3721 5352">
    <p class='ocr_par' dir='ltr' id='par_1_110' title="bbox 2134 5276 3721 5352">
     <span class='ocr_line' id='line_1_110' title="bbox 2134 5276 3721 5352; baseline 0.002 -22"><span class='ocrx_word' id='word_1_830' title='bbox 2134 5276 2325 5346; x_wconf 86' lang='grc' dir='ltr'>ὥσπερ</span> <span class='ocrx_word' id='word_1_831' title='bbox 2359 5278 2510 5348; x_wconf 88' lang='grc' dir='ltr'>βέλος</span> <span class='ocrx_word' id='word_1_832' title='bbox 2553 5281 3018 5349; x_wconf 85' lang='grc' dir='ltr'>ἀποστελλόμενον</span> <span class='ocrx_word' id='word_1_833' title='bbox 3076 5283 3220 5335; x_wconf 77' lang='grc' dir='ltr'>κατὰ</span> <span class='ocrx_word' id='word_1_834' title='bbox 3263 5282 3360 5335; x_wconf 84' lang='grc' dir='ltr'><strong>τοῦ</strong></span> <span class='ocrx_word' id='word_1_835' title='bbox 3419 5284 3721 5352; x_wconf 83' lang='grc' dir='ltr'>φοροῦντος</span> 
     </span>
    </p>
   </div>
   <div class='ocr_carea' id='block_1_111' title="bbox 2136 5370 3717 5445">
    <p class='ocr_par' dir='ltr' id='par_1_111' title="bbox 2136 5370 3717 5445">
     <span class='ocr_line' id='line_1_111' title="bbox 2136 5370 3717 5445; baseline 0.003 -22"><span class='ocrx_word' id='word_1_836' title='bbox 2136 5370 2407 5437; x_wconf 73' lang='grc' dir='ltr'>κλίῦανον,</span> <span class='ocrx_word' id='word_1_837' title='bbox 2438 5371 2590 5426; x_wconf 84' lang='grc' dir='ltr'>οὐδὲν</span> <span class='ocrx_word' id='word_1_838' title='bbox 2610 5373 2868 5445; x_wconf 77' lang='grc' dir='ltr'>ἠδίκησεν</span> <span class='ocrx_word' id='word_1_839' title='bbox 2894 5374 2926 5445; x_wconf 83' lang='grc' dir='ltr'>ἢ</span> <span class='ocrx_word' id='word_1_840' title='bbox 2967 5374 3059 5427; x_wconf 75' lang='grc' dir='ltr'>τὸν</span> <span class='ocrx_word' id='word_1_841' title='bbox 3090 5375 3383 5445; x_wconf 84' lang='grc' dir='ltr'>σίδηρον,ἢ</span> <span class='ocrx_word' id='word_1_842' title='bbox 3422 5377 3484 5429; x_wconf 82' lang='grc' dir='ltr'><strong>τὸ</strong></span> <span class='ocrx_word' id='word_1_843' title='bbox 3512 5375 3675 5442; x_wconf 89' lang='grc' dir='ltr'>σῶμα</span> <span class='ocrx_word' id='word_1_844' title='bbox 3700 5392 3717 5405; x_wconf 75' lang='grc'><em>’</em></span> 
     </span>
    </p>
   </div>
   <div class='ocr_carea' id='block_1_112' title="bbox 2136 5465 3715 5540">
    <p class='ocr_par' dir='ltr' id='par_1_112' title="bbox 2136 5465 3715 5540">
     <span class='ocr_line' id='line_1_112' title="bbox 2136 5465 3715 5540; baseline 0.003 -22"><span class='ocrx_word' id='word_1_845' title='bbox 2136 5465 2443 5536; x_wconf 81' lang='grc' dir='ltr'>ἀντικρούει</span> <span class='ocrx_word' id='word_1_846' title='bbox 2474 5466 2583 5537; x_wconf 83' lang='grc' dir='ltr'>γὰρ</span> <span class='ocrx_word' id='word_1_847' title='bbox 2615 5468 2711 5521; x_wconf 79' lang='grc' dir='ltr'>καὶ</span> <span class='ocrx_word' id='word_1_848' title='bbox 2745 5468 3057 5522; x_wconf 83' lang='grc' dir='ltr'>ἀντιπίπτει</span> <span class='ocrx_word' id='word_1_849' title='bbox 3080 5486 3093 5500; x_wconf 89' lang='grc'><strong>·</strong></span> <span class='ocrx_word' id='word_1_850' title='bbox 3116 5469 3291 5533; x_wconf 79' lang='grc' dir='ltr'>οῦτως</span> <span class='ocrx_word' id='word_1_851' title='bbox 3320 5471 3371 5522; x_wconf 82' lang='grc' dir='ltr'><strong>εί</strong></span> <span class='ocrx_word' id='word_1_852' title='bbox 3404 5470 3500 5523; x_wconf 76' lang='grc' dir='ltr'>καὶ</span> <span class='ocrx_word' id='word_1_853' title='bbox 3537 5487 3715 5540; x_wconf 85' lang='grc' dir='ltr'>προσ-</span> 
     </span>
    </p>
   </div>
   <div class='ocr_carea' id='block_1_113' title="bbox 2136 5558 3715 5630">
    <p class='ocr_par' dir='ltr' id='par_1_113' title="bbox 2136 5558 3715 5630">
     <span class='ocr_line' id='line_1_113' title="bbox 2136 5558 3715 5630; baseline -0.01 -1"><span class='ocrx_word' id='word_1_854' title='bbox 2136 5558 2330 5628; x_wconf 74' lang='grc' dir='ltr'>ήγγιξέ</span> <span class='ocrx_word' id='word_1_855' title='bbox 2384 5566 2452 5625; x_wconf 65' lang='grc' dir='ltr'>τις</span> <span class='ocrx_word' id='word_1_856' title='bbox 2479 5559 2648 5630; x_wconf 87' lang='grc' dir='ltr'>μέρος</span> <span class='ocrx_word' id='word_1_857' title='bbox 2673 5560 2871 5623; x_wconf 86' lang='grc' dir='ltr'>κακίας</span> <span class='ocrx_word' id='word_1_858' title='bbox 2894 5562 3008 5623; x_wconf 83' lang='grc' dir='ltr'>τοῖς</span> <span class='ocrx_word' id='word_1_859' title='bbox 3058 5561 3379 5624; x_wconf 84' lang='grc' dir='ltr'>ἀποστόλοις</span> <span class='ocrx_word' id='word_1_860' title='bbox 3404 5563 3504 5615; x_wconf 80' lang='grc' dir='ltr'><strong>οὐκ</strong></span> <span class='ocrx_word' id='word_1_861' title='bbox 3555 5561 3715 5614; x_wconf 77' lang='grc' dir='ltr'>ἔϐλα-</span> 
     </span>
    </p>
   </div>
   <div class='ocr_carea' id='block_1_114' title="bbox 2137 5648 3715 5725">
    <p class='ocr_par' dir='ltr' id='par_1_114' title="bbox 2137 5648 3715 5725">
     <span class='ocr_line' id='line_1_114' title="bbox 2137 5648 3715 5725; baseline 0.001 -22"><span class='ocrx_word' id='word_1_862' title='bbox 2137 5667 2271 5705; x_wconf 85' lang='grc' dir='ltr'>πτεν</span> <span class='ocrx_word' id='word_1_863' title='bbox 2298 5651 2517 5719; x_wconf 78' lang='grc' dir='ltr'>αὐτοὺς,</span> <span class='ocrx_word' id='word_1_864' title='bbox 2564 5651 2753 5724; x_wconf 78' lang='grc' dir='ltr'>ἐπειδὴ</span> <span class='ocrx_word' id='word_1_865' title='bbox 2802 5648 2942 5722; x_wconf 74' lang='grc' dir='ltr'>ἦσαν</span> <span class='ocrx_word' id='word_1_866' title='bbox 2993 5654 3334 5725; x_wconf 71' lang='grc' dir='ltr'>ἐνδεδυμένοι</span> <span class='ocrx_word' id='word_1_867' title='bbox 3380 5653 3478 5725; x_wconf 78' lang='grc' dir='ltr'>τὴν</span> <span class='ocrx_word' id='word_1_868' title='bbox 3504 5652 3715 5707; x_wconf 82' lang='grc' dir='ltr'>τελείαν</span> 
     </span>
    </p>
   </div>
  </div>
