3966 6470
303 441 415 509 629

301 645 457 721 εῖχον
482 650 586 720 τὴν
614 649 924 723 ἐλευθερίαν
955 649 1049 704 τοῦ
1073 649 1494 720 ἀπεργάσασθαι
1545 652 1642 717 τὰς
1686 652 1894 708 δικαιο-

307 744 376 797 σύ
385 761 501 807 νας.
765 816 770 822 _

379 837 467 901 H',
519 836 735 907 Ἐπειδὴ
761 833 855 891 οὖν
880 854 1025 902 τινες
1049 836 1322 906 λέγουσιν,
1348 838 1428 894 ὅτι
1459 839 1599 910 μετά
1619 839 1719 910 τὴν
1733 839 1894 911 χάριν

303 930 616 1001 ἀμεριμνία
636 932 752 984 ἐστὶ
782 931 881 1001 τῆς
900 931 1099 1002 ψυχῆς,
1118 934 1146 984 ὁ
1175 931 1306 996 Θεὸς
1335 933 1429 986 καὶ
1459 934 1517 985 ἐν
1536 934 1651 994 τοῖς
1668 932 1895 996 τελείοις

307 1022 562 1093 ἐπιζητεῖ
592 1023 654 1076 τὸ
701 1021 914 1094 θέλημα
943 1023 1043 1093 τῆς
1083 1022 1264 1094 ψυχῆς
1322 1025 1401 1086 είς
1463 1023 1741 1078 διακονίαν
1796 1024 1892 1078 τοῦ

306 1116 647 1186 Πνεύματος,
682 1117 829 1181 ὅπως
885 1117 1311 1198 συμφωνήσωσρι.
1348 1118 1509 1186 Λέγει
1548 1117 1702 1188 γὰρό
1730 1117 1892 1172 Ἀπό‹

305 1207 517 1271 στολος,
554 1207 623 1261 Τὸ
650 1207 887 1276 πνεῦμα
907 1206 994 1277 μὴ
1015 1209 1328 1262 σϐέννυτε.
1384 1209 1541 1274 Τινὲς
1579 1211 1678 1280 μὲν
1707 1206 1801 1263 οῦν
1833 1211 1892 1264 ἐν

301 1297 492 1362 αὐτοῖς
522 1299 621 1352 οὐκ
674 1299 866 1370 ἤθελον
919 1298 1199 1369 ἐπιϐαρεῖς
1246 1299 1425 1364 ἄλλοις
1457 1300 1725 1368 γίνεσθαι,
1750 1301 1893 1363 τινὲς

302 1389 365 1443 δὲ
395 1390 612 1455 ἑαυτοῖς
643 1390 956 1460 ἐστοίχουν·
1001 1391 1152 1445 ἄλλοι
1211 1392 1270 1446 δὲ
1316 1393 1690 1464 λαμϐάνοντες
1741 1393 1894 1464 παρά

303 1483 590 1554 κοσμικῶν
615 1482 909 1537 διεδίδοσαν
943 1485 1057 1547 τοῖς
1085 1487 1322 1556 πτωχοῖς
1343 1501 1357 1514 ·
1392 1485 1550 1539 τοῦτο
1578 1486 1633 1539 δὲ
1664 1485 1891 1551 ἀξιώτε-

308 1575 404 1647 ρόν
436 1577 603 1628 ἐστιν.
642 1575 705 1628 Oi
743 1575 841 1644 μὲν
870 1575 978 1646 γὰρ
1006 1574 1221 1646 ἔχοντες
1243 1576 1342 1647 τὴν
1375 1577 1566 1647 χάριν,
1593 1579 1653 1630 τὸ
1683 1578 1893 1630 ἑαυτῶν

306 1667 472 1736 μόνον
511 1666 877 1739 μεριμνῶσιν·
906 1667 1056 1721 ἄλλοι
1077 1668 1156 1731 δὲ,
1192 1669 1286 1722 καὶ
1317 1669 1513 1740 ἐτέρας
1544 1669 1721 1740 ψυχὰς
1747 1669 1894 1740 ὠφε-

299 1759 467 1828 λῆσαι
504 1757 926 1823 σπουδάζουσιν·
957 1753 1103 1814 οῦτοι
1134 1759 1312 1832 πολλῷ
1334 1761 1566 1815 ἐκείνων
1597 1762 1895 1833 ὑπερέχου-

302 1869 412 1904 σιν.
441 1851 623 1904 Ἀλλοι
651 1851 706 1904 δὲ
727 1850 826 1922 τὴν
858 1851 1017 1921 χάριν
1051 1851 1272 1922 ἔχοντες
1318 1853 1461 1924 ὑπὲρ
1511 1852 1604 1906 τοῦ
1630 1851 1895 1922 ὀνόματος

298 1947 398 2000 τοῦ
421 1944 557 1998 Θεοῦ
581 1946 651 1999 τά
681 1945 911 2016 σώματα
949 1946 1129 1999 αὐτῶν
1158 1946 1544 2019 παραδιδόασιν
1570 1948 1650 2008 είς
1702 1945 1890 2015 ὕϐρεις

299 2038 401 2090 καὶ
439 2036 585 2108 πάθη
607 2077 622 2101 ,
660 2037 824 2091 πάλιν
850 2030 998 2091 οὗτοι
1021 2037 1248 2091 ἐκείνων
1280 2036 1545 2110 ἀνώτεροι
1573 2038 1700 2092 είσι.
1734 2037 1888 2100 Τινὲς

299 2130 508 2199 ἀρετὴν
547 2130 823 2200 μετιόντες
856 2129 1070 2185 θέλουσι
1105 2131 1411 2200 κομπάζειν
1469 2130 1566 2184 καὶ
1622 2127 1886 2200 τιμᾶσθαι

300 2221 412 2276 ὑπὸ
430 2222 538 2276 τῶν
561 2221 886 2292 ἀνθρώπων,
906 2223 1156 2291 λέγοντες
1210 2221 1528 2292 Χριστιανοὶ
1582 2223 1743 2285 εἶναι,
1790 2223 1888 2275 καὶ

303 2315 554 2386 μετέχειν
582 2314 903 2384 Πνεύματος
937 2314 1126 2382 ἁγίου·
1177 2314 1324 2370 ἄλλοι
1351 2315 1409 2368 δέ
1471 2313 1733 2386 κρύπτειν
1760 2314 1888 2368 ἐαυ-

299 2406 428 2470 τοῦς
477 2404 574 2459 καὶ
621 2404 729 2459 ἀπὸ
761 2404 1054 2474 συντυχίας
1105 2402 1410 2473 ἀνθρώπων
1461 2403 1884 2466 σπουδάζουσιν·

299 2489 451 2550 οὗτοι
478 2493 655 2566 πολλῷ
688 2494 908 2547 ἐκείνων
951 2493 1333 2564 ὑπερέχουσιν.
1379 2493 1562 2565 Ὁρᾷς,
1621 2493 1739 2556 πῶς
1791 2492 1889 2546 καὶ

299 2589 361 2640 ἐν
394 2587 532 2656 αὐτῇ
563 2588 631 2656 τῇ
682 2585 978 2653 τελειότητι
1028 2584 1344 2654 εὑρίσκεται
1403 2583 1588 2638 εὔνοια
1638 2583 1774 2654 πρὸς
1797 2583 1889 2637 τὸν

300 2677 436 2732 Θεὸν
464 2677 574 2731 ἀπὸ
602 2676 834 2746 φυσικοῦ
853 2676 1155 2748 θελήματος
1190 2676 1605 2747 ἐπιτελουμένη,
1634 2676 1888 2747 ἀνωτέρα

300 2769 400 2824 καὶ
433 2767 804 2833 πλεονάζουσα
824 2787 839 2833 ;

371 2860 450 2914 8'.
486 2859 765 2932 Ὥσπερεί
788 2877 873 2924 τις
899 2859 1138 2930 πενιχρά
1172 2859 1445 2930 ἐνδύματα
1473 2859 1879 2932 περιϐεϐλημέ-

299 2971 394 3016 νος
423 2954 481 3006 ἐν
504 2953 740 3023 ὁράματι
793 2951 984 3006 ἐαυτὸν
1012 2951 1094 3023 ἴδῃ
1126 2951 1401 3018 πλούσιον,
1450 2952 1692 3015 ἀναστὰς
1738 2953 1795 3006 δὲ
1829 2951 1890 3018 ἐξ

302 3047 474 3099 ὕπνου
500 3046 660 3099 πάλιν
694 3045 781 3118 ἴδῃ
815 3046 1008 3098 ἐαυτὸν
1040 3044 1250 3115 πένητα
1291 3045 1386 3097 καὶ
1440 3043 1682 3114 γυμνόν·
1715 3043 1888 3108 οὕτως

302 3136 402 3190 καὶ
437 3138 483 3190 οἱ
509 3137 665 3206 λόγον
691 3135 1062 3207 πνευματικὸν
1128 3133 1417 3197 λαλοῦντες
1473 3137 1539 3204 τῇ
1590 3133 1882 3206 ἀκολουθίᾳ

299 3226 517 3281 δοκοῦσι
549 3226 733 3281 λαλεῖν
749 3242 764 3256 ⁶
811 3227 886 3296 μὴ
908 3225 1123 3297 ἔχοντες
1149 3224 1206 3278 δὲ
1225 3224 1287 3276 τὸ
1313 3223 1472 3294 ἔργον
1487 3223 1595 3277 τῶν
1625 3223 1798 3293 λόγων
1828 3226 1886 3277 ἐν

299 3317 491 3389 γεύσει
517 3318 625 3372 τινὶ
657 3317 752 3373 καὶ
783 3317 1034 3388 δυνάμει,
1064 3318 1160 3370 καὶ
1189 3315 1559 3388 πληροφορίᾳ.
1589 3318 1647 3370 ἐν
1703 3317 1782 3389 τῷ
1808 3316 1882 3388 νῷ

297 3411 682 3484 κεκυρωμένον
708 3413 765 3464 ἐν
808 3409 1080 3481 φαντασίᾳ
1107 3410 1214 3463 τινὶ⁸
1241 3410 1550 3480 στήκουσιν.
1587 3410 1658 3462 Ἥ
1696 3409 1884 3481 ὥσπερ

294 3501 438 3572 γυνὴ
469 3501 667 3573 ἔχουσα
693 3501 1008 3572 ὁλοσήρικα,
1037 3501 1133 3554 καὶ
1165 3500 1515 3572 μαργαρίτας
1551 3500 1882 3573 περιϐεϐλη-

301 3593 465 3663 μένη,
494 3595 572 3657 είς
599 3595 844 3664 πορνείον
893 3593 1254 3666 προέστηκεν,
1304 3591 1478 3655 οὕτως
1507 3593 1603 3645 καὶ⁵
1630 3592 1724 3645 ἐπὶ
1776 3593 1885 3646 τῶν

299 3684 606 3756 τοιούτωνὴ
636 3685 836 3757 καρδία
861 3685 1040 3739 αὐτῶν
1077 3685 1325 3755 πορνεῖόν
1354 3685 1500 3737 ἐστιν
1555 3684 1884 3754 ἀκαθάρτων

303 3775 645 3842 πνευμάτων,
669 3775 764 3828 καὶ
791 3775 973 3829 λαλεῖν
1003 3774 1220 3828 θέλουσι
1245 3774 1374 3846 περὶ
1399 3774 1772 3845 δικαιοσύνης,
1805 3778 1882 3846 μὴ

304 3866 718 3938 παρακύψαντις
745 3869 825 3932 εἰς
852 3868 920 3921 τὰ
944 3867 1094 3940 πράγ
1105 3884 1272 3938 ματα.

373 4042 430 4096 Ρ.
462 4041 672 4111 Ὠσπερ
693 4040 800 4114 γὰρ
824 4043 924 4094 οὐκ
952 4041 1068 4095 ἔστι
1104 4042 1327 4096 δυνατὸν
1359 4041 1510 4113 ίχθὺν
1532 4041 1662 4096 ἄνευ
1691 4041 1880 4108 ὕδατος

297 4139 540 4210 ζῆσαι,ἢ
570 4140 698 4195 ἄνευ
730 4139 911 4194 ποδῶν
957 4140 1335 4210 περιπατῆσαι
1362 4158 1506 4205 τινα,
1541 4141 1574 4210 ἢ
1605 4141 1734 4196 ἄνευ
1777 4143 1879 4214 όφ-

297 4231 522 4302 θαλμῶν
560 4231 690 4284 ίδεῖν
729 4231 867 4300 φῶς,
901 4232 936 4304 ἢ
983 4233 1112 4287 ἄνευ
1136 4233 1392 4303 γλώσσης
1423 4233 1626 4301 λαλεῖν,
1662 4234 1694 4306 ἢ
1746 4235 1877 4290 ἄνευ

295 4323 454 4378 ὢτων
482 4323 698 4378 ἀκούειν
719 4340 734 4356 ·
759 4323 931 4387 οὕτως
985 4325 1114 4378 ἄνευ
1171 4325 1265 4378 τοῦ
1302 4325 1509 4396 Κυρίου
1555 4327 1752 4398 Ἰησοῦ,
1784 4329 1880 4385 καὶ

293 4420 395 4486 τῆς
431 4417 712 4487 ἐνεργείας
751 4416 852 4485 τῆς
883 4417 1034 4481 θείας
1063 4417 1368 4488 δυνάμεως,
1400 4420 1501 4473 οὐκ
1557 4420 1671 4474 ἐστι
1716 4421 1879 4490 γινώ-

296 4526 454 4560 σκειν
485 4509 758 4578 μυστήρια
787 4509 882 4561 καὶ
919 4510 1110 4579 σοφίαν
1145 4510 1303 4576 Θεοῦ,
1335 4512 1368 4582 ἢ
1398 4505 1540 4566 εἷναί
1562 4529 1685 4566 τινα
1714 4514 1878 4567 πλού-

1507 447 1962 508 I-IOMILI/E.-
1984 447 2170 508 HOM.
2207 448 2391 508 XVII.

305 556 542 628 δύναμιν
562 555 658 611 τοῦ
680 555 915 629 Χριστοῦ
939 556 1034 610 καὶ
1060 549 1205 610 οῦτοι
1225 555 1281 608 δέ
1309 555 1463 609 αὐτοὶ
1483 558 1678 612 τέλειοι
1711 559 1885 625 ὅντες,

1995 560 2195 614 virtute
2239 559 2345 630 75
2385 557 2560 613 induti
2603 576 2616 613 :

3467 441 3573 505 630

2666 559 2854 628 illique
2901 572 3027 612 eum
3071 562 3257 610 essent
3303 556 3570 626 perfecti,

1995 659 2253 722 poterant
2275 651 2454 706 libere
2483 650 2700 720 operari
2729 650 2959 722 iustitia:
2985 665 3172 719 opera.

2062 827 2200 884 Vill.
2232 827 2502 896 Quoniam
2533 827 2697 899 igitur
2723 836 2978 883 asserunt
3007 825 3253 898 quidam,
3277 828 3424 896 quod
3450 836 3575 896 post

1995 928 2276 990 acceptam
2301 920 2533 990 gratiam
2557 921 2707 974 nulla
2740 921 2940 975 animae
2969 919 3281 975 sollicitudo
3309 920 3570 989 supersit,

1994 1013 2139 1066 Deus
2165 1028 2384 1082 quoque
2416 1013 2472 1066 in
2504 1011 2764 1082 perfectis
2808 1012 3042 1081 requirit
3070 1013 3409 1066 voluntatem
3453 1013 3573 1065 ani-

1994 1121 2097 1160 mae
2145 1106 2201 1160 in
2250 1105 2623 1160 ministerium
2671 1104 2930 1175 Spiritus,
2969 1115 3030 1159 ut
3079 1105 3292 1162 scilicet
3337 1122 3574 1160 consen-

1995 1195 2152 1250 tiant.
2201 1195 2383 1265 lnquit
2427 1195 2573 1249 enim
2616 1195 2950 1265 Apostolus:
2982 1194 3240 1266 Spiritum
3281 1196 3443 1251 nolite
3480 1213 3572 1249 ea:-

1993 1289 2258 1359 stinguere
2287 1290 2353 1344 ⁸⁷.
2382 1288 2642 1342 Nonnulli
2661 1288 2826 1358 igitur
2847 1288 3064 1342 illorum
3092 1289 3285 1342 nolunt
3308 1289 3432 1342 aliis
3453 1305 3574 1342 mo-

1993 1377 2116 1433 lesti
2146 1394 2287 1442 esse,
2317 1377 2410 1431 alii
2437 1392 2569 1432 vero
2599 1377 2708 1431 sibi
2739 1377 2840 1446 ipsi
2873 1393 3096 1448 gressus
3131 1393 3262 1432 suos
3298 1378 3569 1448 dirigunt;

1995 1472 2195 1540 reliqui
2236 1487 2366 1525 vero
2411 1486 2439 1524 a
2475 1470 2834 1525 smeularihus
2883 1471 3215 1539 accipientes
3264 1470 3572 1540 largiuntur

1993 1563 2327 1634 pauperibus
2359 1580 2373 1616 :
2405 1562 2551 1633 quod
2593 1563 2783 1631 utique
2829 1563 3176 1631 praestantius
3203 1570 3307 1617 est.
3337 1561 3571 1627 Quidam

1995 1655 2164 1719 enim,
2188 1655 2283 1724 qui
2312 1654 2484 1725 gratia
2515 1653 2730 1724 pnediti
2757 1663 2904 1717 sunt,
2930 1670 3124 1708 eorum
3151 1670 3272 1723 quae
3303 1669 3399 1708 sua
3422 1662 3568 1718 sunt,

1994 1744 2158 1798 unice
2183 1759 2371 1800 curam
2398 1753 2596 1814 gerunt
2621 1761 2636 1810 ;
2663 1745 2758 1798 alii
2783 1759 2920 1798 vero
2946 1745 3177 1797 aliorum
3201 1759 3419 1813 quoque
3452 1744 3572 1797 ani-

1995 1854 2112 1892 mas
2157 1838 2351 1908 juvare
2397 1838 2649 1892 laborant
2677 1852 2692 1890 :
2720 1837 2778 1890 hi
2815 1837 2938 1892 illos
2987 1840 3219 1891 multum
3266 1847 3570 1907 praestant;

1993 1930 2086 1984 alii
2113 1944 2245 1983 vero
2277 1930 2506 2000 gratiam
2538 1930 2805 1984 habentes
2834 1945 2936 1999 pro
2966 1929 3189 1983 nomine
3219 1929 3313 1983 Dei
3343 1945 3573 1997 corpora

1991 2038 2091 2077 sua
2117 2023 2469 2079 contumeliis
2494 2030 2551 2078 et
2579 2022 2972 2076 afﬂictionibus
3012 2032 3298 2092 exponunt
3325 2039 3338 2074 ε
3366 2022 3420 2076 hi
3466 2023 3574 2076 illis

1997 2117 2198 2171 iterum
2249 2117 2564 2186 superiores
2597 2122 2745 2170 sunt.
2793 2115 3056 2169 Nonnulli
3089 2115 3348 2168 virtutem
3383 2130 3574 2184 perse-

1997 2219 2248 2280 quentes,
2277 2208 2521 2279 gloriari,
2553 2214 2607 2260 et
2635 2205 2704 2260 ab
2747 2205 3067 2260 hominibus
3095 2206 3398 2260 honoribus
3433 2205 3573 2260 allici

1989 2303 2201 2364 volunt,
2237 2301 2484 2356 dicentes
2531 2315 2590 2354 se
2643 2297 2984 2353 Christianos
3036 2306 3092 2353 et
3132 2297 3369 2368 Spiritus
3398 2298 3574 2353 sancti

1988 2393 2286 2464 participes
2311 2405 2432 2445 esse
2463 2407 2477 2455 ;
2511 2389 2606 2443 alii
2638 2404 2771 2443 vero
2803 2405 2860 2443 se
2890 2389 3171 2443 occultare
3210 2397 3266 2442 et
3297 2389 3364 2442 ab
3393 2389 3573 2442 homi-

1988 2499 2120 2537 num
2168 2497 2400 2536 oceursu
2450 2481 2752 2534 nituntur:
2787 2480 2881 2549 qui
2918 2481 3042 2534 illos
3083 2480 3244 2549 longe
3289 2488 3571 2548 superant.

1990 2574 2157 2629 Vides
2186 2571 2462 2642 quomodo
2493 2571 2579 2624 vel
2621 2571 2675 2624 in
2718 2571 2836 2640 ipsa
2866 2569 3206 2639 perfectione
3238 2569 3573 2623 benevolen-

1994 2666 2068 2720 tia
2101 2679 2227 2735 crga
2258 2665 2450 2727 Deum,
2487 2679 2609 2733 quae
2639 2677 2670 2716 a
2698 2663 2981 2716 voluntate
3031 2661 3268 2714 naturali
3317 2659 3570 2726 efﬁcitur,

1991 2757 2340 2828 praestantior
2365 2765 2530 2822 atque
2555 2753 2926 2809 abundantior
2949 2752 3294 2821 reperiatur?

2059 2849 2153 2907 IX.
2187 2848 2424 2905 Perinde
2458 2863 2521 2902 ac
2550 2847 2595 2901 si
2636 2847 2761 2916 quis
2786 2846 2991 2900 vilibus
3022 2844 3245 2899 indutus
3272 2843 3574 2898 vestimen-

1988 2943 2061 2998 tis
2083 2957 2182 3013 per
2211 2942 2389 2996 visum
2423 2956 2482 2995 se
2510 2939 2690 3010 ipsum
2719 2937 3025 3008 conspiciat
3053 2936 3315 3002 divitem;
3344 2950 3577 3005 surgens

1989 3045 2174 3090 autem
2209 3049 2239 3088 e
2285 3047 2500 3096 somno,
2538 3047 2759 3086 rursum
2807 3045 2866 3085 se
2914 3043 3214 3100 pauperem
3261 3036 3319 3082 et
3361 3027 3573 3081 nudum

1988 3128 2172 3182 videat
2209 3144 2222 3180 :
2255 3127 2335 3180 sic
2362 3139 2604 3195 quoque,
2637 3122 2730 3193 qui
2765 3137 3077 3177 sermonem
3117 3120 3458 3190 spiritualem
3489 3120 3572 3173 lo-

1993 3227 2258 3287 quuntur,
2288 3215 2684 3270 convenienter
2712 3213 2864 3284 loqui
2895 3213 3184 3278 videntur;
3227 3212 3272 3266 si
3301 3227 3432 3266 vero
3463 3227 3574 3265 non

1990 3307 2230 3361 habeant
2258 3320 2372 3359 rem
2402 3305 2576 3374 ipsam
2612 3319 2736 3358 eum
2763 3302 3001 3373 quodam
3026 3310 3209 3373 gustu,
3241 3302 3487 3372 potentia
3513 3295 3577 3356 ac

1991 3398 2326 3455 ecrtitudine
2376 3396 2526 3462 ﬁdei,
2573 3396 2628 3450 in
2680 3405 2920 3450 mentem
2967 3393 3264 3460 ﬁrmatam,
3315 3396 3369 3448 in
3428 3394 3576 3449 nuda

1990 3492 2222 3562 quadam
2272 3489 2532 3560 opinione
2580 3490 2908 3545 consistunt.
2955 3488 3066 3542 Aut
3108 3489 3278 3543 veluti
3331 3488 3573 3552 femina,

1989 3583 2424 3639 holosericorum
2485 3596 2550 3636 ae
2599 3582 3020 3652 margaritarum
3069 3581 3223 3634 cultu
3274 3589 3572 3644 exornata,

1989 3683 2200 3745 prostat
2232 3674 2288 3727 in
2325 3674 2575 3742 lupanari
2613 3692 2624 3726 :
2653 3674 2734 3728 sic
2776 3688 2996 3743 quoque
3032 3686 3130 3726 cor
3159 3671 3429 3741 ejusmodi
3471 3671 3573 3724 ho-

1988 3769 2199 3822 minum
2221 3767 2454 3836 lupanar
2476 3766 2750 3837 quoddam
2773 3775 2857 3821 est
2882 3765 3126 3834 ipsorum
3161 3764 3572 3819 immundorum

1989 3860 2321 3929 spirituum;
2358 3874 2423 3915 ac
2448 3859 2640 3914 volunt
2679 3874 2811 3913 sane
2843 3873 3126 3912 sermones
3163 3856 3369 3911 habere
3396 3857 3463 3911 de
3486 3858 3575 3928 ju-

1987 3950 2157 4015 stitia,
2190 3965 2316 4004 cum
2344 3965 2511 4020 opera
2551 3953 2666 4020 ipsa
2694 3965 2804 4003 non
2837 3949 3140 4019 attigerint.

2059 4042 2126 4098 Χ.
2161 4042 2637 4109 Quemadmodum
2676 4030 2824 4097 enim
2863 4042 2982 4097 ﬁeri
3027 4059 3134 4097 non
3165 4051 3364 4113 potest,
3400 4053 3459 4097 ut
3487 4042 3573 4111 pi-

1986 4141 2096 4196 scis
2128 4140 2335 4210 absque
2365 4155 2506 4210 aqua
2535 4140 2702 4194 vitam
2752 4139 2939 4204 ducat,
2972 4146 3067 4194 aut
3097 4140 3305 4209 absque
3340 4139 3575 4210 pedibus

1985 4229 2185 4301 aliquis
2214 4228 2619 4300 progrediatur,
2654 4237 2750 4284 aut
2779 4229 2986 4299 absque
3015 4230 3190 4284 oculis
3244 4230 3429 4283 lumen
3483 4230 3573 4283 in-

1984 4332 2226 4388 tueatur,
2276 4332 2370 4378 aut
2417 4323 2624 4393 absque
2670 4322 2856 4394 lingua
2898 4323 3152 4392 loquatur
3184 4363 3198 4385 ,
3238 4330 3332 4377 aut
3367 4323 3575 4393 absque

1986 4417 2212 4472 auribus
2245 4415 2476 4471 audiat:
2510 4416 2593 4472 sic
2641 4431 2863 4485 quoque
2907 4415 3119 4484 absque
3166 4415 3400 4470 Domino
3445 4417 3575 4472 Jesu

1985 4520 2043 4568 ct
2067 4511 2291 4566 virtutis
2333 4509 2534 4564 divina:
2581 4508 2859 4570 efﬁcacia,
2894 4523 3006 4562 non
3057 4508 3189 4562 licet
3243 4524 3573 4579 cognoscere

297 4616 413 4652 σιον
442 4602 537 4654 καί
567 4601 912 4670 Χριστιανόν.
944 4597 1103 4656 Οὗτοι
1132 4604 1242 4674 γάρ
1267 4606 1403 4657 είσιν
1451 4605 1664 4675 άληθῶς
1701 4608 1875 4677 σοφοὶ,

1995 4603 2253 4676 mysteria
2285 4611 2342 4658 et
2387 4601 2713 4672 sapientiam
2764 4600 2898 4667 Dei,
2944 4607 3039 4654 aut
3082 4616 3204 4655 esse
3251 4601 3472 4656 divitem
3518 4612 3577 4656 et

294 4691 394 4743 καὶ
417 4690 768 4762 πολεμισταὶ,
799 4692 895 4745 καὶ
946 4693 1198 4764 ἀνδρεῖοι,
1254 4695 1350 4748 καῖ⁵
1408 4696 1688 4766 φιλόσοφοι
1719 4697 1876 4765 Θεοῦ,

294 4786 345 4837 οί
374 4783 730 4854 ὁδηγούμενοι
755 4787 852 4839 καὶ
883 4786 1297 4856 ποιμαινόμενοι
1327 4788 1466 4842 κατὰ
1497 4788 1590 4842 τὸν
1646 4789 1756 4842 ἔσω
1787 4791 1880 4845 ἄν-

295 4877 516 4946 θρωπον
546 4878 652 4932 ὑπὸ
677 4880 776 4946 τῆς
808 4879 996 4948 θεῖκῆς
1029 4879 1332 4950 δυνάμεως.
1365 4881 1427 4934 Οἱ
1458 4881 1568 4952 γὰρ
1598 4879 1879 4951 φιλόσοφοι

295 4970 405 5023 τῶν
445 4969 732 5042 Ἑλλήνων,
767 4972 960 5040 λόγους
1017 4973 1380 5042 μανθάνουσι·
1417 4974 1513 5027 κα)⁸
1560 4973 1709 5028 ἄλλοι
1741 4977 1879 5029 εἰσὶν

300 5059 507 5114 ἰδιῶται
541 5061 619 5132 τῷ
639 5061 803 5132 λόγῳ,
826 5063 1241 5134 εὐφραινόμενοι
1276 5064 1372 5117 καὶ
1391 5064 1759 5133 ἀγαλλιῶντες
1788 5065 1881 5120 ἐπὶ

301 5154 367 5220 τῇ
397 5151 493 5204 τοῦ
528 5153 663 5205 Θεοῦ
695 5152 901 5224 χάριτι,
956 5154 1150 5224 ἄνδρες
1180 5154 1476 5220 θεοσεϐεῖς.
1507 5158 1890 5228 Διακρίνωμεν

304 5241 392 5295 νῦν
428 5245 569 5298 ποῖοί
600 5247 705 5298 εἱσι
737 5245 1021 5315 βελτίονες.
1065 5248 1161 5299 Ἐν
1187 5245 1359 5316 ἔργῳ,
1392 5250 1543 5318 φησὶ,
1582 5251 1678 5304 καὶ
1706 5250 1892 5304 δυνά·

292 5354 391 5406 μει
416 5339 589 5392 ἐστίν
615 5340 656 5408 ἡ
680 5339 972 5403 βασιλεία
990 5340 1096 5394 τοῦ
1125 5341 1294 5405 Θεοῦ,
1319 5343 1429 5396 οὐκ
1455 5343 1526 5396 ἐν
1547 5344 1733 5414 λόγῳ.

367 5515 475 5570 1Α’.
510 5515 584 5568 Τὸ
603 5513 699 5570 οῦν
727 5518 905 5571 εἰπεῖν
947 5535 1092 5586 τινα,
1115 5520 1200 5574 ὄτι
1251 5523 1278 5575 ὁ
1326 5521 1493 5594 ἄρτος
1557 5515 1715 5587 οὗτος
1773 5525 1880 5579 ἀπὸ

295 5604 452 5658 σίτου
495 5607 811 5679 γεγένηται,
859 5609 1081 5664 εύκολόν
1117 5613 1254 5666 ἐστι·
1289 5613 1407 5678 πῶς
1444 5614 1501 5667 δὲ
1535 5613 1749 5678 λεπτῶς
1775 5633 1880 5670 κα-

293 5698 722 5767 τασκευάζεται,
777 5703 872 5756 καὶ
908 5703 1162 5758 πέττεται
1204 5705 1387 5776 ἄρτος,
1445 5707 1551 5778 χρὴ
1573 5709 1765 5764 εἰπεῖν.
1808 5711 1880 5764 Τὸ

371 5881 417 5916 ⁸⁷
446 5883 468 5939 ι
498 5881 688 5939 Thess.
722 5900 773 5951 v,
812 5884 894 5941 10.
971 5885 1014 5919 ⁸⁸
1046 5884 1210 5941 lCor.
1240 5904 1309 5954 ιν,
1342 5889 1430 5944 20.

1984 4695 2386 4752 Christianum.
2417 4693 2484 4747 Hi
2514 4693 2661 4748 enim
2699 4701 2828 4747 sunt
2879 4707 3069 4748 revera
3098 4694 3394 4764 sapientes,
3425 4693 3558 4747 mili-

1984 4796 2070 4843 tes
2115 4787 2285 4841 fortes
2328 4802 2393 4843 ac
2424 4785 2740 4855 philosophi
2784 4784 2903 4850 Dei,
2937 4786 3031 4855 qui
3059 4785 3376 4856 diriguntur
3399 4793 3454 4839 et
3478 4801 3578 4856 gu-

1984 4878 2290 4933 bernantur
2318 4875 2624 4932 secundum
2659 4874 2985 4930 interiorem
3019 4876 3298 4930 hominem
3329 4891 3360 4928 a
3382 4885 3577 4944 poten-

1987 4972 2060 5027 tia
2091 4970 2276 5026 divina
2305 4988 2318 5025 :
2347 4967 2666 5040 philosophi
2695 4969 2845 5023 enim
2869 4969 3181 5023 Graecorum
3203 4969 3575 5039 eloquentiam

1987 5063 2278 5128 ediscunt;
2314 5061 2405 5116 alii
2436 5077 2569 5116 vero
2595 5069 2726 5115 sunt
2768 5059 2936 5114 rudes
2968 5061 3317 5129 eloquentiaa,
3354 5061 3448 5115 scd
3483 5062 3577 5116 lae-

1992 5163 2179 5210 tantur
2207 5160 2264 5208 et
2285 5154 2563 5208 exsultant
2592 5152 2660 5206 de
2689 5152 2861 5222 gratia
2884 5151 3092 5215 divina,
3118 5152 3323 5222 quippe
3349 5153 3442 5222 qui
3465 5154 3578 5208 sint

1991 5247 2098 5302 viri
2130 5246 2303 5302 cultui
2333 5246 2522 5300 divino
2550 5245 2777 5300 addicti.
2805 5245 3117 5300 Iudicemus
3152 5246 3320 5316 igitur
3339 5247 3433 5317 qui
3469 5248 3579 5303 sint

1987 5340 2417 5410 prmstantiores.
2441 5339 2503 5392 In
2528 5355 2703 5410 opere,
2732 5339 2933 5410 inquit,
2961 5348 3011 5394 et
3038 5342 3232 5394 virtute
3254 5347 3331 5394 est
3357 5357 3577 5410 regnum

1987 5429 2104 5492 Dei,
2135 5447 2240 5484 non
2265 5433 2320 5484 in
2351 5447 2593 5484 sermone
2621 5429 2691 5484 ⁸⁸.

2059 5524 2148 5578 XI.
2181 5523 2320 5588 Quid
2355 5539 2486 5594 ergo
2514 5531 2617 5587 est,
2654 5531 2717 5578 ut
2752 5523 2900 5580 dicat
2939 5524 3142 5595 aliquis
3199 5539 3396 5594 panem
3429 5523 3577 5579 hunc

1986 5633 2018 5672 e
2046 5618 2324 5672 frumento
2351 5633 2471 5673 esse
2514 5617 2862 5686 confectum;
2893 5635 3019 5673 nam
3063 5619 3117 5673 id
3147 5618 3305 5674 facile
3332 5626 3437 5672 est.
3467 5616 3576 5672 Ve-

1989 5729 2110 5766 rum
2143 5712 2245 5768 hoc
2288 5713 2548 5768 convenit
2576 5711 2784 5781 dicere,
2809 5728 2920 5784 quo
2945 5723 3106 5784 pacto
3150 5712 3406 5770 minutim
3436 5729 3577 5782 prae-
