3966 6476
511 384 613 453 631

1741 403 1805 464 S.
1843 403 2164 467 MACARII
2204 405 2527 468 EGYPTII

3678 417 3775 485 632

511 508 761 572 paretur,
802 510 859 557 et
902 513 1171 572 coquatur
1204 508 1382 576 panis.
1421 508 1709 580 Disputare
1747 528 1878 585 ergo
1904 514 1973 569 de
2002 516 2085 568 af-

2192 509 2287 567 οῦν
2330 514 2559 587 λαλῆσαι
2596 515 2728 588 περὶ
2755 517 3023 585 ἀπαθείας
3049 522 3145 577 καὶ
3172 522 3565 594 τελειότητος,
3590 524 3776 597 ὀλίγων

514 594 813 649 fectionum
848 600 1120 654 vacuitate
1160 612 1215 655 et
1262 604 1620 672 perfectione,
1666 610 1859 676 paucis
1896 608 2085 662 datum

515 694 619 739 est.
651 687 1007 759 Evangelimn
1033 692 1180 747 enim
1209 696 1430 751 concise
1467 697 1712 768 loquitur
1738 716 1752 752 :
1776 699 1855 754 Ne
1880 702 2086 756 irasca-

476 838 479 841 λ
516 779 590 831 ris
627 796 646 833 :
674 797 737 833 ne
784 786 1139 853 concupiscas.
1180 784 1239 841 Si
1289 790 1405 858 quis
1446 788 1721 861 impegerit
1764 790 1983 862 alapam
2031 793 2089 845 in

474 862 477 867 ⁴
516 871 759 927 dextram
788 876 1083 943 maxillam,
1114 879 1285 949 prwbe
1313 898 1516 952 quoque
1540 892 1589 936 et
1617 883 1865 938 alteram.
1889 884 1947 940 Si
1972 885 2087 956 quis

518 972 568 1016 te
596 967 777 1019 trahat
802 968 855 1021 in
879 956 1160 1038 judicium,
1191 981 1249 1026 ut
1275 975 1508 1028 tunicam
1537 975 1709 1041 tollat,
1736 976 1860 1031 dato
1888 956 1941 1031 ei
1962 994 2091 1053 qup-

518 1074 617 1127 que
659 1058 884 1129 pallium
927 1063 991 1116 ⁸³.
1042 1064 1245 1119 Verum
1292 1066 1607 1135 Apostolus,
1655 1068 1773 1124 haec
1818 1069 2087 1138 imitatus,

515 1165 624 1218 qua
658 1152 868 1208 ratione
911 1155 1172 1224 paulatim
1202 1173 1341 1229 opus
1384 1160 1640 1230 puritatis
1667 1178 1791 1217 cum
1821 1165 2087 1235 patientia

515 1251 572 1297 et
601 1242 1011 1314 longanimitate
1055 1248 1173 1304 fieri
1218 1250 1414 1307 debeat
1463 1254 1713 1323 pluribus
1750 1256 1931 1321 docet,
1973 1259 2088 1328 pri-

514 1350 667 1389 mum
697 1338 803 1407 76
832 1339 970 1394 lacte
998 1343 1249 1400 nutriens
1269 1345 1420 1400 velut
1447 1346 1705 1414 infantes,
1733 1349 1932 1406 deinde
1956 1367 2089 1421 pro-

514 1441 742 1483 movens
773 1430 841 1483 ad
877 1431 1277 1491 incrementum
1314 1446 1371 1492 et
1401 1438 1815 1507 perfectionem.
1846 1443 2089 1514 Evange-

513 1518 649 1575 lium
666 1522 815 1577 enim
830 1524 970 1579 dixit
998 1542 1064 1581 ex
1087 1527 1208 1584 lana
1232 1530 1348 1584 ﬁeri
1363 1532 1749 1588 vestimentum
1766 1551 1779 1587 :
1796 1534 2090 1605 Apostolus

510 1628 644 1670 vero
684 1617 1034 1688 significavit,
1067 1638 1167 1693 per
1194 1625 1406 1679 minuta
1445 1628 1721 1695 quomodo
1765 1640 2084 1685 consuatur.

582 1709 698 1763 ΧΙΙ.
725 1702 837 1777 Qui’
872 1714 1042 1783 igitur
1065 1716 1241 1779 verba
1274 1718 1579 1786 spiritualia
1608 1719 1914 1789 proferunt,
1947 1737 2090 1791 quo-

512 1815 634 1854 rum
686 1817 796 1856 non
858 1804 1066 1859 habent
1113 1815 1362 1877 gustum,
1411 1810 1620 1865 similes
1666 1821 1794 1866 sunt
1846 1814 1898 1867 ei
1960 1814 2086 1884 qui,

2188 606 2323 660 ἐστί.
2342 606 2416 659 T6
2441 608 2551 677 γὰρ
2577 608 2992 677 Εὑαγγέλιον.ὲν
3023 615 3279 686 συντόμῳ
3309 616 3667 687 ἀπεφήνατο,
3689 623 3775 691 Μὴ

2188 697 2494 767 ὀργισθῇς,
2527 699 2612 769 μὴ
2642 701 3042 774 ἐπιθυμήσῃς·
3067 706 3174 760 ἐὰν
3192 708 3296 773 τίς
3326 724 3409 762 σε
3434 710 3675 779 paulun
3701 718 3781 781 εις

2150 858 2153 863 γ
2187 790 2303 857 τὴν
2332 791 2541 856 δεξιάν
2579 808 2697 851 σου
2731 796 3005 866 σιαγόνα,
3046 799 3324 868 παράθες
3366 802 3477 855 καὶ
3534 802 3652 872 τὴν
3678 804 3780 859 ἄλ-

2186 885 2330 949 λην·
2378 883 2488 937 ἐάν
2530 902 2621 952 τις
2676 887 2850 957 κρίνῃ
2906 881 3047 957 ἆραι
3095 906 3211 945 σου
3253 892 3331 945 τὸ
3372 891 3639 961 ἱμάτιον,
3688 896 3784 963 δὸς

2187 971 2348 1040 αὐτῷ
2374 974 2472 1028 καὶ
2522 976 2631 1030 τὸν
2650 976 2891 1046 χιτῶνα.
2928 979 2987 1033 '0
3014 980 3073 1033 δέ
3115 978 3465 1048 Ἀπόστολος
3494 985 3783 1040 ἐπακολου-

2190 1064 2321 1132 θῶν,
2347 1067 2463 1129 πῶς
2480 1070 2592 1139 χρὴ
2624 1069 2766 1124 κατὰ
2788 1066 3002 1142 μικρὸν
3035 1072 3098 1126 τὸ
3121 1072 3291 1143 ἔργον
3318 1078 3429 1145 τῆς
3474 1077 3783 1148 καθάρσεως

2190 1159 2330 1231 μετά
2369 1160 2647 1230 ὑπομονῆς
2669 1162 2763 1214 καὶ
2797 1150 3182 1234 μακροθυμίας
3210 1165 3508 1234 γίνεσθαι,
3546 1168 3636 1222 διὰ
3663 1170 3780 1223 πολ-

2187 1249 2297 1306 λῶν
2342 1250 2604 1319 διδάσκει,
2653 1252 2869 1323 πρῶτον
2898 1254 3375 1328 γαλακτοτροφῶν
3425 1259 3505 1322 ὡς
3541 1261 3777 1330 νηπίους,

2189 1341 2308 1399 εἶτα
2338 1345 2520 1415 φέρων
2549 1346 2629 1409 εἰς
2650 1344 2876 1419 αὔξησιν
2902 1346 2998 1400 καὶ
3029 1347 3385 1418 τελειότητα.
3424 1346 3566 1403 Εἴπε
3600 1352 3703 1421 γὰρ
3728 1354 3778 1407 τὸ

2189 1434 2519 1504 Εὐαγγὲλιον
2540 1435 2793 1504 γενέσθαι
2814 1436 2923 1489 ἀπὸ
2947 1436 3108 1508 ἐρέας
3130 1440 3453 1508 πιχάριοψ
3480 1443 3510 1493 6
3542 1440 3601 1493 δὲ
3636 1441 3777 1493 Ἀτό-

2188 1528 2375 1592 στολος
2431 1529 2673 1600 ἐμήνυσε
2753 1527 2852 1598 τὴν
2896 1528 3221 1601 λεπτότητα,
3255 1530 3388 1595 πῶς
3456 1531 3776 1586 κατασκευά-

2190 1616 2360 1683 ζεται.
2840 1682 2841 1685 η

2262 1708 2363 1764 ΙΒ’.
2386 1710 2450 1764 Οἱ
2478 1709 2571 1765 οὖν
2585 1710 2776 1782 λόγους
2791 1731 2924 1768 πνευ
2932 1715 3194 1785 ματικοὺς
3211 1714 3529 1780 λαλοῦντες
3546 1715 3674 1769 ἄνευ
3690 1716 3773 1787 τῆς

2191 1800 2457 1871 γεύσεως,
2488 1802 2715 1875 τοιούτῳ
2742 1792 2851 1858 τινί
2893 1806 3155 1873 ἐοίκασιν,
3186 1806 3395 1878 ὥσπερ
3426 1808 3522 1860 ἵνα
3551 1825 3636 1871 τις
3671 1807 3774 1860 ἐπι-

1113 1863 1143 1877 ν
1352 1863 1362 1872 .
1668 1863 1790 1866 -----
1853 1863 1898 1867 --
1964 1863 2086 1884 π--τ

512 1892 752 1947 maximo
797 1904 931 1949 azslu
984 1908 1290 1967 premente,
1335 1901 1612 1957 desertum
1647 1920 1837 1975 agrum
1872 1922 2089 1976 peram-

2194 1863 2455 1959 ῦαλόντος
2502 1863 2783 1961 καύσωνος
2807 1897 3110 1969 διοδεύηται
3135 1863 3317 1970 πεδίῳ
3349 1863 3579 1971 ἐρήμῳ,
3608 1863 3775 1955 italde

511 1984 687 2046 bulat,
722 1996 778 2040 et
821 1988 1135 2046 sitibundus
1166 1992 1412 2065 depingit
1450 1997 1555 2051 sibi
1604 1998 1808 2055 fontem
1835 2001 2091 2056 emitten-

408 2108 409 2111 η
512 2082 625 2130 tem
673 2094 894 2147 aquam,
938 2082 1274 2141 adumbrans
1319 2103 1376 2142 se
1417 2087 1596 2158 ipsum
1628 2090 1929 2158 bibentem,
1964 2109 2090 2157 cum

515 2176 697 2221 tamen
730 2169 883 2225 labra
923 2173 1043 2242 ejus
1081 2190 1146 2230 ac
1170 2172 1353 2247 lingua
1382 2189 1698 2249 exarescant
1731 2197 1841 2251 prae
1868 2183 1957 2238 siti
1983 2199 2091 2253 qua

514 2268 733 2329 tenetur
766 2280 778 2315 :
815 2274 910 2319 aut
944 2266 989 2319 si
1039 2269 1163 2337 quis
1196 2269 1431 2337 disserat
1464 2273 1532 2327 de
1566 2274 1753 2330 mellis
1798 2277 2089 2343 suavitate,

509 2362 567 2406 et
599 2354 708 2407 vim
756 2355 1068 2414 dulcedinis
1109 2362 1261 2431 ejus,
1310 2380 1378 2419 eo
1410 2366 1556 2435 quod
1600 2383 1711 2421 non
1756 2367 2089 2445 degustarit,

511 2447 728 2516 ignoret
755 2466 768 2502 :
798 2450 879 2506 sic
902 2466 962 2507 se
990 2452 1213 2520 habent,
1238 2458 1332 2525 qui
1364 2457 1431 2512 de
1458 2459 1817 2527 perfectione,
1847 2464 2093 2519 exsulta-

510 2537 662 2594 tione
711 2552 807 2597 aut
865 2542 1162 2600 aﬂ‘ectuum
1213 2550 1485 2605 vacuitate
1536 2566 1856 2607 sermonem
1918 2555 2095 2613 susei-

509 2629 694 2700 piunt,
731 2633 784 2687 vi
834 2650 899 2691 ac
935 2638 1266 2693 certitudine
1310 2640 1434 2696 ﬁdei
1480 2653 1946 2711 carentes;certe
1980 2663 2093 2702 non

511 2721 731 2785 omnia,
781 2734 841 2777 ut
889 2725 1224 2795 loquuntur,
1273 2730 1355 2785 sic
1404 2747 1463 2786 se
1517 2733 1737 2788 habent.
1771 2733 1910 2789 Cum
1943 2736 2093 2813 enim

510 2813 782 2883 ejusmodi
811 2819 977 2875 homo
1008 2822 1207 2893 dignus
1233 2825 1529 2895 aliquando
1558 2828 1728 2883 fuerit
1757 2829 2001 2896 habitus,
2035 2839 2095 2886 ut

510 2924 579 2961 ex
614 2917 768 2978 parte
812 2912 1006 2967 saltem
1050 2915 1107 2968 in
1151 2932 1319 2986 opere
1360 2918 1480 2986 ipso
1523 2923 1867 2989 reperiatur,
1903 2940 2094 2980 secum

512 2999 631 3068 ipse
676 3002 1003 3072 dijudicabit
1046 3023 1058 3058 :
1095 3006 1219 3061 Non
1247 3011 1711 3078 quemadmodum
1761 3016 2091 3084 arbitrabar,

512 3091 595 3145 sic
650 3096 874 3162 reperi;
920 3098 1083 3152 aliter
1120 3100 1270 3155 enim
1313 3102 1601 3172 loquebar,
1646 3106 1829 3160 aliter
1855 3107 2094 3179 Spiritus

514 3185 852 3253 operabatur

2160 1986 2161 2051 ξ
2192 1988 2409 2059 ἔκδιψος
2440 1988 2718 2064 διαγράφῃ
2747 1992 2931 2065 πηγὴν
2956 1992 3188 2062 ῥέουσαν
3219 1992 3407 2064 ὓδωρ,
3437 1993 3773 2064 σκιογραφῶν

2192 2083 2388 2137 ἑαυτὸν
2418 2084 2663 2167 πίνοντα,
2679 2085 2841 2138 ὁπότε
2870 2084 2938 2165 τὰ
2969 2087 3122 2167 χείλη
3153 2085 3330 2140 αὐτοῦ
3356 2086 3773 2157 κατεξήρανται,

2192 2173 2286 2227 καὶ
2322 2175 2356 2244 ἡ
2393 2162 2643 2241 γλῶσσα,
2674 2175 2738 2227 ἐκ
2786 2174 2886 2245 τῆς
2910 2162 3361 2247 καταλαϐούσης
3401 2176 3592 2255 δίψης·
3636 2176 3667 2246 ἢ
3698 2175 3775 2227 ἵνα

2192 2281 2274 2327 τις
2304 2254 2521 2335 λαλήσῃ
2542 2265 2670 2336 περὶ
2703 2263 2939 2334 μέλιτος,
2976 2266 3057 2319 ὅτι
3091 2265 3270 2335 γλυκύ
3301 2268 3451 2332 ἐστι,
3483 2254 3560 2337 μὴ
3594 2264 3774 2334 γευσά-

2160 2337 2169 2420 ξ
2196 2373 2355 2425 μενος
2376 2356 2455 2421 δὲ,
2483 2357 2582 2410 οὐκ
2621 2353 2732 2409 οἶδε
2760 2357 2858 2427 τὴν
2886 2355 3114 2428 δύναμιν
3141 2357 3242 2427 τῆς
3272 2346 3625 2428 γλυκύτητος
3647 2373 3661 2386 ·
3690 2354 3772 2409 οὓ-

2193 2461 2301 2507 τως
2333 2446 2428 2499 καὶ
2471 2446 2522 2499 οἱ
2561 2444 2721 2515 λόγον
2769 2445 3059 2510 λαλοῦντες
3100 2447 3232 2517 περὶ
3276 2446 3662 2516 τελειότητος,
3692 2446 3769 2498 καὶ

2156 2525 2163 2613 ί
2194 2534 2593 2607 ἀγαλλιασμοῦ,
2628 2537 2748 2607 ἤτοι
2778 2537 3070 2603 ἀπαθείας,
3119 2540 3195 2608 μὴ
3248 2539 3477 2608 ἔχοντες
3513 2537 3767 2605 ἐνέργειαν

2196 2628 2291 2683 καὶ
2329 2628 2726 2699 πληροφορίαν,
2783 2628 2851 2682 τὰ
2903 2628 3207 2699 πράγματα
3259 2631 3367 2700 οὐχ
3405 2629 3486 2693 ὡς
3520 2628 3764 2691 λαλοῦσιν,

2194 2721 2365 2786 οὔτως
2385 2724 2520 2776 εἰσὶν
2549 2724 2787 2777 ἅπαντα.
2815 2722 2985 2775 Ὅταν
3009 2722 3115 2793 γὰρ
3144 2724 3173 2775 6
3203 2723 3457 2787 τοιοῦτος
3481 2720 3763 2789 καταξιωθῇ

2172 2832 2329 2889 ποτε
2379 2815 2621 2887 μερικῶς
2666 2817 2725 2868 ἐν
2760 2814 2920 2887 νέργῳ
2960 2816 3281 2886 εὑρεθῆναι,
3341 2817 3615 2886 διακρίνει
3663 2812 3763 2866 καθ’

2162 2954 2168 2969 ,
2196 2912 2410 2977 ἐαυτὸν,
2432 2912 2514 2964 ὅτι
2534 2896 2595 2964 οὐ
2626 2910 2809 2976 καθὼς
2840 2910 3227 2981 ὑπελάμϐανον
3261 2910 3445 2974 οὕτως
3483 2903 3661 2980 εὗρον·
3683 2906 3761 2964 ἄλ·

2194 3001 2305 3079 λως
2349 3003 2458 3074 γὰρ
2498 2986 2758 3072 ἐλάλουν,
2796 3003 2890 3058 καὶ
2932 3003 3106 3068 ἄλλως
3160 3002 3225 3057 τὸ
3282 3003 3511 3079 πνεῦμα
3560 2998 3762 3072 ἐργάζε-

2170 3148 2173 3153 .
2196 3112 2307 3149 ται.

587 3275 727 3331 ΧΙΙΙ.
757 3277 1198 3345 Christianorum
1226 3285 1373 3338 enim
1408 3286 1593 3342 cultus
1638 3298 1725 3344 est
1760 3306 1889 3345 esus
1931 3301 2095 3363 atque

2227 3248 2371 3334 dll".
2401 3280 2464 3343 ,Ὃ
2490 3279 2603 3355 γὰρ
2634 3255 3060 3363 Χριστιανισμδς
3098 3278 3313 3353 βρῶσίς
3343 3280 3462 3332 ἐστι
3487 3278 3580 3331 καὶ
3607 3274 3756 3333 πόσις·

514 3377 711 3435 potus;
747 3377 803 3423 et
832 3383 1038 3440 quanto
1070 3375 1193 3444 plus
1233 3376 1358 3445 quis
1390 3394 1457 3433 ex
1497 3395 1564 3437 eo
1594 3382 1917 3447 comederit,
1945 3393 2096 3441 tanto

515 3461 899 3519 vehementius
924 3466 1199 3523 suavitate
1226 3469 1317 3523 illa
1346 3471 1585 3526 allicitur
1610 3474 1846 3539 animus,
1872 3476 2009 3532 adeo
2038 3489 2099 3534 ut

516 3553 745 3608 retineri
795 3565 889 3610 aut
926 3560 1135 3627 expleri
1184 3574 1453 3630 nequeat,
1504 3573 1669 3635 atque
1714 3567 2100 3627 insatiabiliter

519 3645 763 3716 inquirat
786 3659 841 3705 et
864 3652 1137 3707 comedat.
1163 3653 1272 3709 Aut
1301 3657 1491 3721 veluti,
1522 3673 1646 3713 cum
1674 3660 1800 3729 quis
1827 3661 1917 3716 siti
1948 3663 2101 3717 labo-

518 3750 624 3804 rat,
659 3742 1084 3814 praebeaturque
1114 3745 1163 3800 ei
1198 3756 1360 3816 potus
1390 3751 1594 3817 suavis,
1626 3752 1853 3823 ipseque
1880 3756 1974 3811 ubi
2003 3755 2101 3812 de-

520 3845 740 3904 gustare
783 3838 1034 3907 coeperit,
1070 3841 1299 3909 propius
1328 3842 1396 3895 ad
1440 3846 1701 3913 poculum
1728 3848 1973 3914 accedit;
2006 3864 2098 3903 ar-

521 3928 743 3982 dentius
764 3931 975 3986 scilicet
997 3948 1260 3987 accensus
1286 3950 1299 3987 :
1330 3935 1411 3989 sic
1439 3945 1633 4006 gustus
1664 3937 1903 4007 Spiritus
1927 3940 2101 3996 ferme

520 4023 703 4076 sedari
724 4026 937 4093 nequit,
966 4034 1024 4078 ut
1058 4027 1371 4095 ltujusmodi
1405 4029 1483 4085 rei
1512 4044 1620 4084 non
1656 4031 1933 4086 immerito
1954 4048 2104 4094 cam-

523 4122 768 4182 parctur.
798 4116 867 4170 Et
899 4116 1017 4170 haec
1049 4117 1273 4185 quidem
1304 4134 1414 4181 non
1448 4129 1577 4181 sunt
1607 4120 1773 4174 verba
1806 4122 1973 4187 nuda,
2006 4124 2103 4181 sed

521 4221 665 4273 opus
715 4206 953 4274 Spiritus
1005 4208 1211 4271 sancti,
1248 4224 1462 4269 arcana
1529 4210 1743 4264 ratione
1799 4212 2105 4269 inserviens

522 4297 729 4350 animo.
752 4298 1081 4352 Existimant
1102 4316 1231 4354 vero
1258 4300 1507 4354 nonnulli
1531 4317 1644 4366 eos,
1668 4303 1760 4371 qui
1792 4319 1831 4367 a,
1848 4305 2101 4371 muliere,

482 4444 483 4449 η
523 4397 585 4441 et
613 4388 680 4441 ab
712 4389 988 4451 omnibus,
1037 4407 1159 4459 qua:
1191 4392 1335 4446 visui
1381 4402 1590 4462 patent,
1638 4395 1939 4461 abstinent,
1984 4415 2103 4456 esse

480 4526 483 4529 λ
518 4479 636 4548 jam
666 4490 901 4534 sanctos.
938 4482 1139 4535 Verum
1187 4500 1295 4536 non
1346 4484 1417 4538 ita
1465 4500 1522 4539 se
1574 4503 1660 4541 res
1706 4488 1888 4547 habet.
1922 4490 2106 4547 Haeret

2162 3432 2169 3442 ,
2201 3376 2296 3439 ita}.
2318 3375 2449 3445 ὅσον
2472 3390 2557 3436 τις
2582 3372 2755 3426 ἐσθίει
2788 3373 2887 3425 ἀπ’
2907 3371 3096 3435 αὑτοῦ,
3134 3374 3199 3425 ἐκ
3248 3371 3357 3441 τῆς
3385 3372 3641 3442 ήδύτητος
3663 3368 3763 3418 ἐπιι

2168 3525 2173 3530 ,
2200 3468 2386 3521 πλεῖον
2410 3464 2717 3535 ἐρεθίζεται
2752 3466 2781 3517 6
2810 3463 2936 3527 νοῦς
2959 3464 3344 3535 ἀκατάσχετος
3372 3465 3467 3517 καὶ
3492 3462 3759 3533 ἀκόρεστος

2201 3561 2484 3631 ὑπάρχων,
2530 3559 2624 3612 καὶ
2669 3558 2964 3628 ἀπλήστως
3000 3558 3281 3628 ἐπιζητῶν
3334 3559 3430 3612 καὶ
3480 3548 3763 3608 ἐσθίων-Ἦ

2172 3654 2392 3724 ,ὥσπερ
2425 3652 2520 3706 ἐὰν
2549 3648 2587 3726 ᾗ
2636 3669 2717 3714 τις
2765 3649 2956 3719 διψῶν,
3012 3650 3113 3715 ,καὶ
3158 3650 3411 3721 ἐπιδοθῇ,
3442 3646 3586 3716 αύτῷ
3631 3641 3759 3709 πόμα

2201 3746 2397 3815 γλυκὺ,
2440 3740 2559 3796 εἶτα
2603 3741 2911 3816 ἀρξάμενος
2963 3741 3065 3810 τῆς
3117 3740 3369 3804 γεύσεως
3416 3732 3758 3833 ’σφοδροτέρινς

2202 3837 2410 3905 ἐγγίζει
2434 3830 2522 3905 ’τῷ
2551 3830 2721 3904 ποτῷ,
2759 3832 3023 3903 μειζόνως
3054 3828 3567 3915 ἐκκαιόμενοςκκαὶ
3600 3820 3755 3927 σχεδὸν

2202 3928 2479 3988 ἀπαυστός
2508 3928 2655 3978 ἐστιν
2680 3926 2713 3995 ἡ
2746 3923 2936 3992 γεῦσις
2965 3916 3056 3975 τοῦ
3089 3922 3229 3975 Πνεύ
3242 3940 3438 3993 ματος,
3469 3920 3543 3983 ὡς
3564 3916 3753 3977 τοιούτῳ

2202 4019 2310 4072 τινὶ
2334 4016 2577 4083 δικαίως
2609 4012 3025 4079 ἀπεικάζεσθαι·
3071 4014 3378 4067 καὶταῦτα
3400 4012 3481 4065 »οὐ
3514 4010 3640 4075 λόγοι
3670 4001 3743 4068 9"“

2172 4114 2305 4175 let.
2346 4111 2609 4185 Ἐργασία
2637 4108 2744 4180 γάρ
2775 4110 2894 4178 ἐστι
2925 4106 3019 4160 τοῦ
3061 4106 3216 4174 ἁγίου
3247 4106 3562 4175 Πνεύματος
3584 4101 3630 4148 ἐν
3658 4106 3740 4194 ξυ-

2174 4262 2175 4265 η
2208 4203 2414 4273 στηρίῳ
2441 4199 2767 4255 διακονοῦσα
2815 4199 2893 4270 τῷ
2935 4198 3033 4269 νῷ.
3074 4196 3384 4267 Νομίζουσι
3433 4197 3490 4247 δέ
3532 4202 3651 4257 τινες
3674 4195 3741 4232 οτι

2206 4294 2545 4367 ἀπεχόμενοι¹
2570 4292 2849 4360 γυναικὸς,
2897 4293 2991 4344 καὶ
3025 4291 3242 4344 πάντων
3282 4289 3393 4341 τῶν
3429 4277 3746 4367 φαινομένων

2174 4448 2177 4451 _
2206 4368 2307 4459 ἦδή
2352 4364 2494 4456 amt
2523 4388 2677 4440 εἰσιν·
2715 4386 2829 4439 ἀλλ’
2869 4386 2979 4455 οὐχ
3016 4382 3188 4445 οὕτως
3218 4383 3395 4435 ἐστίν.
3428 4379 3577 4431 Ἔστι
3605 4364 3748 4438 γὰρὴ

2207 4482 2377 4536 κακία
2400 4484 2457 4535 ἐν
2484 4479 2562 4550 τῷ
2584 4479 2681 4549 νῷ,
2721 4478 2820 4531 καὶ
2847 4480 2903 4530 ἐν
2927 4478 2991 4547 τῇ
3025 4476 3219 4546 καρδίᾳ
3243 4474 3311 4546 ζῇ
3348 4472 3443 4525 καὶ
3480 4462 3748 4550 ἐπαίρεταις

523 4568 675 4622 enim
720 4569 922 4622 malum
955 4569 1009 4622 in
1043 4579 1245 4635 mente,
1275 4580 1440 4641 atque
1478 4573 1531 4627 in
1566 4574 1731 4629 corde
1761 4576 1896 4630 vivit
1922 4587 1979 4632 et
2007 4594 2097 4632 ex-

2207 4568 2362 4637 οῦτος
2391 4572 2448 4626 δέ
2480 4543 2828 4638 ἐστιν-ἆγιος,
2854 4570 2883 4621 ὁ
2913 4543 3207 4640 καθαρθεὶς
3231 4543 3328 4619 κοῖι
3346 4556 3615 4631 ἁγιασθεὶς
3637 4543 3752 4602 κατά

527 4658 763 4714 tollitur.
814 4660 906 4715 llle
949 4677 1081 4717 vero
1134 4674 1355 4719 sanctus
1404 4675 1507 4731 est,
1557 4666 1651 4735 qui
1686 4667 2009 4737 purificatus
2049 4678 2107 4723 et

527 4753 900 4809 sanctificatus
945 4766 1030 4810 est
1075 4758 1378 4813 secundum
1433 4761 1753 4816 interiorem
1801 4762 2101 4823 hominem.

526 4844 631 4900 Ubi
680 4846 829 4900 enim
872 4848 1077 4903 veritas
1124 4851 1402 4921 paulisper
1468 4852 1739 4922 inspexit,
1791 4854 1903 4907 illic
1947 4868 2107 4907 error

523 4947 735 5005 pugnat
763 4946 927 5007 atque
956 4956 1013 4994 se
1042 4941 1222 4996 velare
1248 4953 1303 4997 et
1331 4943 1591 5015 obtegere
1616 4954 1842 4999 conatur

608 5027 745 5084 XIV.
782 5030 915 5085 Cum
950 5032 1124 5099 Judaei
1172 5036 1482 5090 sacerdotio
1514 5037 1844 5105 potirentur,
1879 5051 2011 5090 sane
2043 5051 2111 5090 ex

528 5124 625 5179 illa
658 5125 775 5195 ipsa
800 5134 961 5195 gente
988 5128 1425 5196 persecutionem
1455 5128 1828 5197 patiebantur,
1852 5128 2114 5197 graviter-

528 5234 637 5288 que
665 5219 1065 5290 aflligebantur,
1094 5237 1161 5277 eo
1193 5221 1341 5291 quod
1373 5220 1429 5275 in
1455 5221 1687 5275 veritate
1724 5220 2109 5289 persistebant,

527 5310 825 5367 Eleazarus
846 5321 903 5366 et
934 5312 1269 5381 Maclnabaei.
1290 5312 1448 5366 Nunc
1472 5327 1623 5375 vero,
1652 5326 1776 5365 cum
1806 5327 1836 5365 a
1868 5318 2109 5381 tempore

528 5402 717 5456 crucis
737 5404 916 5458 etveli
948 5404 1103 5458 scissi
1131 5405 1424 5458 recesserit
1451 5403 1518 5457 ab
1547 5402 1628 5456 eis
1654 5402 1918 5472 Spiritus;
1944 5413 2110 5475 atque

530 5493 626 5548 hic
655 5495 893 5549 revelata
936 5494 1027 5560 sit,
1059 5503 1114 5549 et
1158 5504 1422 5563 operetur
1454 5494 1510 5547 in
1541 5493 1701 5549 nobis
1733 5495 1955 5560 veritas,
1984 5511 2112 5566 pro-

532 5592 721 5653 pterea
748 5601 968 5640 rursum
998 5584 1222 5655 quidam
1247 5601 1314 5639 ex
1356 5586 1459 5640 hac
1483 5592 1643 5655 gente
1672 5588 2109 5656 persecutionem

533 5676 830 5732 sustinent.
867 5677 947 5731 Ex
988 5677 1082 5731 an
1112 5691 1246 5731 vero
1278 5686 1439 5747 gente
1468 5679 1851 5747 persecutione
1883 5689 1939 5736 et
1971 5679 2107 5735 ami-

509 5892 514 5902 .
608 5855 657 5887 εθ
681 5853 817 5933 Luc.
842 5873 920 5923 γι,
943 5855 1011 5912 29
1036 5873 1050 5924 ;
1074 5856 1279 5917 Matth.
1306 5875 1358 5925 v,
1387 5858 1471 5915 40.

2209 4668 2302 4720 τὸν
2335 4665 2443 4718 ἔσω
2467 4664 2775 4735 ἄνθρωπον,
2810 4661 2986 4713 Ὅπου
3019 4659 3127 4728 γὰρ
3156 4661 3190 4728 ἡ
3214 4657 3443 4735 ἀλῄθεια
3466 4644 3750 4735 ἀνακόπτει,

2170 4764 2328 4821 ,ἐκεῖ
2384 4728 2615 4832 μάχεται
2671 4762 2704 4830 ἡ
2751 4757 2961 4824 πλάνη,
3015 4728 3396 4818 σπουδάζοῦσα
3427 4741 3648 4811 καλύψαι
3673 4728 3751 4787 καὶ

2215 4853 2465 4907 θολῶσαι.

2279 5034 2375 5085 ΙΔ’.
2416 5030 2546 5099 Ὅτε
2599 5029 2648 5081 οἱ
2701 5027 2945 5081 Ἰουδαῖοι
2988 5026 3252 5096 ἐκράτουν
3304 5022 3401 5093 τὴν
3439 5007 3749 5087 ἱερωσύνηνν

2209 5128 2304 5180 καὶ
2346 5124 2406 5189 ἐξ
2453 5122 2617 5176 αὐτοῦ
2647 5123 2740 5176 τοῦ
2774 5123 2958 5184 ἐθνους
2995 5119 3279 5173 ἐδιώκοντο
3340 5113 3430 5179 καὶ
3490 5101 3749 5189 ἐθλίϐοντοῗ

2209 5183 2404 5291 ἐπειδῆ
2431 5221 2777 5290 είστήκεισαν
2820 5220 2877 5270 ἐν
2913 5219 2978 5287 τῇ
3023 5213 3286 5310 ἀληθεία,
3340 5202 3643 5310 ἰΕλεάξαξ-(ξ

2213 5314 2261 5366 οἱ
2296 5311 2629 5366 Μακαϐαῖοι.
2665 5309 2778 5363 Νῦν
2815 5309 2871 5362 δὲ
2914 5307 3100 5376 ἐπειδὴ
3146 5305 3253 5358 ἀπὸ
3279 5300 3372 5355 τοῦ
3416 5304 3647 5381 σταυρουᾉ
3671 5294 3750 5381 κῗ⁵

2214 5408 2308 5461 τοῦ
2343 5406 2833 5474 καταπετάσματος
2860 5401 3209 5472 ἀνεχώρησεν
3244 5398 3301 5464 ἐξ
3328 5390 3499 5487 αὐτῶν

2220 5514 2317 5567 μα,
2347 5497 2531 5550 λοιπὸν
2572 5469 2679 5548 ὧδέ
2718 5469 3081 5561 ﬂammae};
3099 5469 3206 5544 ’καὶ
3238 5484 3449 5557 ἐνεργεῖ
3469 5469 3742 5572 ήξῖήίῖεξῗζ

2218 5564 2388 5643 Πάλιν
2417 5587 2508 5642 οὖν
2537 5588 2597 5653 ἐξ
2629 5584 2792 5640 αὐτοῦ
2822 5583 2916 5637 τοῦ
2948 5584 3132 5646 ἔθνους
3161 5580 3459 5635 διώκονται.
3500 5564 3581 5630 Ἐξ
3601 5565 3743 5614 dum”

2216 5679 2273 5733 δὲ
2308 5679 2401 5733 τοῦ
2434 5679 2619 5742 ἔθνους
2643 5676 2925 5731 ἐδιώκοντο
2960 5674 3052 5728 καὶ
3084 5671 3374 5733 ἐθλίϐοντο,
3405 5664 3487 5718 ἵνα
3513 5654 3743 5726 γένωνται
