3966 6432
209 353 334 422 633

1421 358 1791 422 HOMILIE.
1812 381 1881 397 -

1906 357 2093 420 HOM.
2114 359 2331 421 XVIII.
3397 359 3503 424 634

217 472 519 545 μάρτυρες
543 472 593 527 oi
636 472 971 545 φιλαλήθεις.
1004 473 1131 538 Πῶς
1155 472 1265 546 γὰρ
1292 474 1592 545 φανήσεται
1620 475 1655 544 ή
1681 472 1815 544 ἀλή-

1919 472 2101 528 ειίοιιε
2131 470 2610 543 opprimebantur,
2653 480 2715 527 ut
2746 481 3016 544 martyres
3051 471 3375 540 evaderent,
3404 476 3500 543 qui

212 565 375 629 θεία,
423 567 473 618 εί
499 565 575 637 μὴ
603 566 716 637 ἔχει
741 567 867 631 τοὺς
896 567 1252 630 ὑπεναντίους
1280 567 1496 636 ψευδεῖς
1528 567 1690 629 ὄντας
1717 566 1813 620 καὶ

212 658 376 711 κατά
404 658 667 729 ἀληθείας
698 658 1022 731 τρέχοντας;
1066 660 1186 713 Εἰσὶ
1214 660 1272 713 δὲ
1311 659 1406 714 καὶ
1434 661 1493 712 ὲν
1517 662 1632 722 τοῖς
1658 659 1815 713 ἀδελ-

213 752 351 817 φοῖς
379 750 741 819 βαστάζοντες
766 752 914 824 πάθη
945 755 1040 807 καὶ
1070 753 1297 816 θλίψειςο
1351 752 1556 823 πολλῆς
1585 750 1642 804 δὲ
1682 750 1816 821 χρῄ-

218 844 419 907 ζουσιν
441 845 760 914 ἀσφαλείας,
794 846 879 900 ἵνα
912 846 987 917 μὴ
1015 846 1273 901 πέσωσιν.
1308 841 1403 909 Εἷς
1440 846 1551 917 γάρ
1594 862 1678 908 τις
1706 843 1814 898 τῶν

224 935 481 1005 ἀδελφῶν
511 940 903 1009 συνευχόμενός
933 958 1062 997 τινι.
1100 939 1487 1010 ᾐχμαλωτίσθη
1531 939 1637 992 ὑπὸ
1664 936 1814 1000 θείας

230 1027 361 1079 δυνά
371 1045 545 1096 μεως,
568 1031 663 1082 καὶ
696 1032 998 1102 ἁρπαχθεὶς
1024 1028 1130 1086 εἶδε
1161 1033 1257 1104 τὴν
1284 1035 1397 1087 ἄνω
1426 1032 1580 1085 πόλιν
1614 1033 1813 1103 Ἰερου-

231 1117 441 1188 σαλὴμ,
484 1120 577 1173 καὶ
616 1122 831 1186 εἰκόνας
866 1124 1132 1193 φωτεινὰς
1162 1127 1255 1178 καὶ
1289 1124 1404 1192 φῶς
1430 1124 1677 1193 ἄπειρον’
1721 1125 1816 1177 καὶ

229 1210 436 1277 ἢκουσε
480 1212 662 1283 φωνῆς
688 1214 974 1287 λεγούσης,
1002 1212 1183 1281 οὗτός
1219 1217 1389 1271 ἐστιν
1421 1218 1452 1269 ὁ
1492 1219 1675 1282 τόπος
1704 1216 1816 1284 τῆς

228 1306 665 1372 καταπαύσεως
707 1307 828 1360 τῶν
854 1307 1119 1363 δικαίων·
1152 1311 1245 1363 καὶ
1296 1308 1434 1379 μετά
1487 1310 1684 1380 μικρὸν
1715 1326 1814 1377 φυ-

230 1395 473 1458 σιωθεὶς,
525 1398 619 1450 καὶ
645 1400 872 1469 νομίσας
901 1401 1028 1472 περὶ
1078 1401 1274 1456 ἑαυτοῦ
1306 1402 1632 1473 ἑωρακέναι,
1674 1402 1811 1471 μετά

232 1486 399 1539 τοῦτο
430 1490 627 1561 εὑρέθη
661 1491 919 1562 ἐμπεσὼν
963 1497 1043 1558 εἰς
1086 1495 1154 1547 τὰ
1203 1495 1371 1549 ἄδυτα
1414 1495 1510 1549 καὶ
1540 1494 1817 1553 βαθύτατα

234 1580 341 1651 τῆς
366 1584 661 1653 ἁμαρτίας,
700 1587 778 1649 είς
812 1588 982 1658 μυρία
1009 1590 1160 1644 κακά

306 1846 408 1903 ΙΕ’.
452 1849 513 1903 Εἰ
555 1846 647 1905 οὖν
698 1854 728 1906 6
770 1853 1039 1925 ὲσώτερος
1077 1856 1172 1909 καὶ
1212 1856 1414 1928 ὑψηλὸς
1470 1858 1651 1923 ἔπεσε,
1694 1859 1813 1923 πῶς

232 1940 456 1996 δύναται
509 1945 689 2013 λέγειν
726 1949 753 1999 6
780 1947 981 2017 τυχὼν,
1025 1950 1106 2002 ὅτι
1134 1953 1463 2019 Νηστεύων
1509 1954 1605 2007 καὶ
1639 1954 1815 2023 ξενη-

234 2034 423 2088 τεύων
450 2024 1009 2108 καϊδιασκορπίζων
1037 2042 1111 2094 τὰ
1129 2043 1481 2112 ὑπάρχοντα
1507 2045 1622 2115 ἤδη
1647 2047 1814 2115 ἅγιός

230 2128 387 2193 alia;
418 2126 480 2179 οὐ
512 2128 618 2199 γὰρ
650 2131 684 2198 ἡ
718 2129 897 2201 ἀποχὴ
934 2132 1041 2184 τῶν
1080 2134 1267 2187 κακῶν
1311 2134 1450 2206 αὕτη
1485 2139 1632 2191 ἐστὶν
1661 2140 1693 2207 ή
1727 2148 1815 2191 τεέ

176 2228 179 2229 ⁷
233 2217 472 2284 λείωσις,
513 2220 627 2273 ἀλλ’
653 2223 701 2274 εί
726 2224 973 2292 είσῆλθες
1002 2227 1081 2289 είς
1109 2227 1201 2279 τὸν
1228 2228 1352 2280 νοῦν
1385 2226 1476 2282 τὸν
1507 2232 1812 2302 ἠφανισμὲ-

234 2327 345 2373 νον,
369 2312 464 2364 καὶ
492 2312 820 2378 ἀπέκτεινας
849 2316 939 2369 τὸν
966 2317 1089 2386 ὅφιν
1118 2318 1210 2372 τὸν
1232 2321 1542 2392 κατώτερον
1572 2324 1667 2375 τοῦ
1696 2324 1810 2391 νοῦ,

235 2403 332 2456 καὶ
366 2402 661 2475 βαθύτερον
704 2407 813 2461 τῶν
850 2408 1153 2477 λογισμῶν,
1207 2413 1287 2475 είς
1318 2413 1387 2467 τὰ
1416 2415 1683 2485 λεγόμενα
1712 2434 1813 2469 τα-

238 2497 387 2562 μιεῖα
432 2497 526 2550 καὶ
555 2498 839 2569 ἀποθήκας
885 2500 988 2570 τῆς
1024 2501 1203 2572 ψυχῆς
1261 2504 1554 2575 φονεύοντά
1614 2526 1671 2561 σε
1720 2508 1815 2562 καὶ

236 2586 572 2653 φωλεύοντα·
609 2589 844 2655 ἄϐυσσος
893 2592 1002 2663 γάρ
1038 2597 1185 2647 ἐστιν
1220 2596 1252 2666 ἡ
1291 2597 1509 2668 καρδία·
1558 2600 1606 2651 εί
1635 2599 1813 2652 τοίνυν

235 2677 440 2731 ἐκεῖνον
506 2680 839 2749 ἐφόνευσας,
897 2685 993 2737 καὶ
1041 2686 1222 2740 πᾶσαν
1283 2686 1381 2759 τὴν
1443 2674 1504 2741 ⁵ἐν
1536 2688 1636 2741 σοι
1676 2690 1814 2743 ἀκα-

237 2770 475 2843 θαρσίαν
533 2773 828 2839 ἐξέϐαλες·
880 2777 990 2831 ὅλοι
1048 2779 1157 2847 γὰρ
1209 2780 1259 2832 οἱ
1316 2782 1595 2851 φιλόσοφοι
1645 2783 1737 2835 καὶ
1786 2784 1815 2838 ὁ

235 2864 398 2932 νόμος
431 2866 525 2918 καὶ
566 2867 617 2918 oi
652 2867 962 2933 ἀπόστολοι,
993 2873 1086 2923 καὶ
1118 2872 1150 2940 ἡ
1182 2870 1277 2924 τοῦ
1319 2873 1571 2943 Σωτῆρος
1603 2874 1815 2939 ἐλευσις

234 2956 367 3027 περὶ
395 2958 763 3029 καθαρότητος
791 2960 1088 3016 ποιοῦνται.
1118 2965 1236 3027 Πᾶς
1259 2964 1367 3034 γὰρ
1383 2950 1683 3037 ἀνθρώπων
1703 2968 1814 3021 εἴτε

246 3044 535 3111 Ἰουδαίων,
569 3049 678 3102 εἴτε
725 3048 1020 3121 Ἑλλήνων,
1065 3052 1253 3124 ἀγαπᾷ
1299 3055 1398 3125 τὴν
1440 3055 1810 3127 καθαρότητα,

1913 563 2135 620 veritati
2181 563 2497 619 studebant.
2529 563 2817 631 Quomodo
2847 564 2996 620 enim
3040 565 3329 635 apparebit
3356 567 3505 620 veri-

1915 666 2022 725 tas,
2052 658 2159 713 nisi
2188 658 2448 713 habuerit
2481 658 2846 723 adversarios,
2884 658 2981 729 qui
3024 668 3080 714 et
3128 659 3240 717 sint
3270 658 3503 714 menda-

1915 764 2027 816 ces,
2054 758 2112 805 et
2135 751 2424 806 veritatem
2456 750 2751 805 invadant?
2772 751 2913 807 Sunt
2936 766 3160 821 quoque
3182 752 3239 806 in
3269 751 3504 806 fratrum

1915 858 2170 905 numero,
2194 842 2289 913 qui
2314 843 2701 898 affectionibus
2728 851 2823 897 aut
2855 843 3249 901 afﬂictionibus
3279 844 3503 899 obnoxii

1916 944 2063 989 sunt.
2094 934 2307 1002 Quibus
2345 935 2568 1004 quidem
2604 951 2799 1005 magna
2830 936 3014 991 cautio
3049 936 3363 991 adhibenda
3394 945 3502 1000 est,

1914 1042 1986 1082 ne
2020 1027 2295 1081 labantur.
2328 1026 2561 1093 Quidam
2595 1028 2745 1082 enim
2775 1042 2841 1082 ex
2873 1027 3167 1092 fratribus,
3202 1042 3327 1082 cum
3366 1043 3503 1097 pre-

1917 1130 2136 1177 caretur
2162 1136 2288 1175 cum
2332 1120 2461 1185 alio,
2498 1128 2693 1189 captus
2726 1127 2812 1175 est
2843 1120 3029 1175 divina
3065 1121 3293 1185 virtute,
3328 1136 3506 1190 eaque

1916 1212 2182 1281 abreptus
2224 1209 2364 1263 vidit
2409 1226 2703 1280 supernam
2750 1211 3028 1267 civitatem
3076 1212 3406 1275 Jerusalem,
3448 1221 3507 1268 et

1915 1319 2181 1375 personas
2228 1302 2507 1365 illustres,
2558 1303 2856 1371 lumenque
2921 1304 3282 1371 immensum;
3340 1313 3506 1374 atque

1916 1398 2127 1454 audivit
2157 1411 2347 1451 vocem
2385 1395 2660 1450 dicentem
2698 1414 2710 1448 :
2740 1398 2839 1450 Hic
2866 1406 2941 1451 est
2975 1397 3115 1451 locus
3145 1400 3388 1468 requietis
3418 1400 3506 1467 ju-

1916 1502 2118 1545 storum
2145 1506 2163 1544 :
2186 1490 2458 1558 pauloque
2488 1498 2613 1558 post
2648 1487 2889 1551 inﬂatus,
2916 1498 2972 1544 et
2997 1491 3321 1546 existimans
3351 1491 3418 1546 de
3445 1506 3507 1546 se

1918 1583 2036 1654 ipso
2065 1598 2130 1636 ea
2174 1581 2405 1647 vidisse,
2450 1590 2640 1650 postea
2684 1590 2938 1651 repertus
3009 1591 3093 1636 est
3150 1582 3206 1636 in
3255 1583 3415 1655 adyta
3449 1592 3506 1638 et

1917 1674 2348 1746 profundissima
2387 1683 2763 1743 peccatorum,
2797 1683 2962 1745 atque
3008 1675 3066 1729 in
3107 1674 3321 1730 infinita
3364 1676 3505 1731 mala

1918 1768 2197 1823 incidisse.

1846 1830 1887 1886 Β
1986 1861 2102 1917 XV.
2154 1862 2210 1917 Si
2258 1878 2390 1933 ergo
2441 1863 2692 1916 internus
2733 1867 2791 1914 ct
2828 1859 3081 1929 sublimis
3127 1859 3290 1913 homo
3318 1860 3507 1927 lapsus

1914 1962 2020 2017 est,
2053 1969 2163 2023 quo
2196 1963 2355 2023 pacto
2397 1961 2578 2023 potest
2614 1952 2801 2006 dicere
2832 1950 3015 2019 quivis
3064 1950 3206 2005 alius
3233 1965 3264 2004 e
3298 1951 3461 2020 vulgo
3488 1969 3501 2005 :

1918 2044 2056 2110 Quia
2098 2047 2312 2116 jejuno,
2362 2044 2776 2116 hospitalitatem
2826 2060 3076 2107 escerceo,
3127 2061 3189 2097 ac
3220 2043 3356 2096 bona
3387 2059 3506 2096 mea

1915 2135 2197 2195 diatribae,
2215 2136 2336 2205 jam
2368 2152 2459 2206 ego
2484 2144 2697 2188 sanctus
2728 2136 2886 2188 sum?
2924 2134 3043 2189 Non
3079 2134 3231 2187 enim
3275 2148 3307 2187 a
3347 2133 3507 2188 malis

1915 2241 1973 2281 se
2013 2227 2277 2282 cohibere
2323 2229 2439 2297 ipsa
2481 2227 2751 2297 perfectio
2792 2238 2897 2292 est,
2948 2226 3043 2283 sed
3071 2227 3117 2282 si
3162 2227 3537 2297 inquinatam‘

1916 2330 2155 2374 mentem
2200 2327 2352 2374 tuam
2396 2320 2713 2390 ingressus,
2761 2318 3035 2374 occideris
3083 2326 3395 2387 serpentem
3447 2318 3505 2372 in

1916 2412 2275 2466 interioribus
2299 2412 2500 2466 mentis
2533 2427 2597 2467 ac
2631 2412 3084 2481 profundioribus
3106 2410 3504 2481 cogitationum

1916 2511 2132 2556 tuarum
2162 2504 2266 2573 77
2291 2503 2730 2568 delitescentem,
2758 2504 2963 2573 quippe
2991 2503 3047 2557 in
3072 2502 3428 2557 conclavibus
3448 2512 3507 2556 et

1916 2595 2262 2663 repositoriis
2282 2596 2479 2650 animm
2502 2596 2569 2650 ad
2596 2605 2648 2650 te
2676 2595 3108 2650 interimendum
3131 2594 3324 2649 nidum
3342 2610 3503 2650 suum

1915 2686 2198 2755 componit
2226 2688 2344 2754 (cor
2368 2688 2517 2742 enim
2545 2696 2632 2741 est
2665 2686 2939 2758 abyssus),
2969 2686 3039 2751 si,
3071 2687 3317 2755 inquam,
3349 2684 3504 2739 illum

1917 2777 2283 2845 interfeceris,
2309 2789 2365 2834 et
2390 2795 2632 2845 omnem,
2657 2796 2764 2850 qua
2800 2780 3117 2850 inquinatus
3157 2794 3241 2844 es,
3290 2778 3505 2848 spurci~

1917 2871 2049 2924 tiem
2077 2871 2330 2941 ejeceris.
2364 2870 2569 2927 Omnes
2610 2872 2758 2928 enim
2801 2872 3139 2943 philosophi,
3171 2872 3259 2925 lex
3284 2880 3340 2925 et
3369 2886 3506 2941 apo-

1918 2963 2043 3016 stoli
2075 2960 2242 3033 atque
2266 2964 2432 3018 etiam
2463 2965 2765 3021 Salvatoris
2798 2966 3070 3020 adventus
3101 2965 3247 3019 circa
3288 2964 3504 3033 purita-

1918 3063 2029 3108 tem
2092 3056 2364 3111 laborant.
2436 3056 2643 3112 Omnes
2708 3057 2984 3127 siquidem
3064 3057 3337 3120 homines,
3387 3055 3505 3110 sive

235 3138 332 3192 καὶ
376 3140 435 3192 οὐ
483 3140 736 3193 δύνανται
765 3142 1114 3214 καθαρεύειν.
1162 3146 1282 3216 Χρὴ
1321 3146 1412 3199 οὖν
1458 3148 1808 3220 ἐπιζητῆσαι,

1919 3148 2117 3211 Judmi,
2157 3149 2271 3204 sive
2298 3149 2494 3214 (ἓνκαὶ,
2530 3151 2830 3219 puritatem
2872 3157 3154 3219 exoptant,
3196 3156 3253 3204 et
3286 3148 3506 3217 assequi

236 3235 354 3299 πῶς
388 3236 484 3288 καὶ
513 3236 601 3290 διὰ
629 3237 790 3291 τίνων
818 3238 1044 3293 δύναται
1082 3241 1144 3294 τὸ
1188 3244 1429 3313 καθαρὸν
1454 3243 1555 3314 τῆς
1582 3246 1812 3317 καρδίας

234 3331 505 3400 γενέσθαι.
545 3333 810 3403 Οὐδαμῶς
858 3335 1145 3411 ἑτέρωθεν,
1189 3318 1247 3389 ,εί
1294 3338 1369 3407 μὴ
1414 3338 1502 3391 διὰ
1538 3337 1632 3390 τοῦ
1673 3338 1813 3409 ὑπὲρ

235 3422 388 3491 ἡμῶν
414 3424 844 3494 σταυρωθέντος·
878 3426 1041 3490 αὐτὸς
1066 3428 1176 3498 γάρ
1206 3430 1353 3481 ἐστιν
1382 3430 1413 3499 ὴ
1448 3429 1644 3501 ὁδὸς,·ή
1676 3429 1813 3500 ζωὴ,

232 3515 269 3582 ή
296 3514 545 3585 ἀλήθεια,
572 3517 605 3586 ἡ
659 3516 819 3587 θύρα,
858 3520 887 3571 6
928 3521 1296 3591 μαργαρίτης,
1329 3520 1357 3573 ὁ
1381 3520 1489 3586 ζῶν
1529 3523 1625 3577 καὶ
1658 3524 1686 3576 6
1719 3524 1812 3576 οὐ·

232 3605 419 3675 ράνιος
448 3607 633 3676 ἄρτος.
679 3608 791 3661 Καὶ
838 3609 939 3661 οὐκ
984 3612 1220 3682 ἐγχωρεῖ
1264 3629 1388 3665 τινα
1430 3614 1557 3667 ἄνευ
1597 3614 1815 3683 ἐκείνης

240 3690 337 3766 τῆς
365 3700 636 3769 ἀληθείας,
678 3698 935 3773 ἀλήθειαν
978 3702 1200 3771 γνῶναι,
1236 3704 1267 3775 ἢ
1304 3705 1563 3776 σωθῆναι.
1596 3706 1810 3775 Ὠσπερ

244 3786 339 3844 οὖν
390 3793 467 3855 είς
493 3793 583 3846 τὸν
627 3792 731 3857 ἔξω
776 3794 1063 3860 ἄνθρωπον
1124 3792 1218 3849 καὶ
1269 3796 1351 3858 είς
1387 3795 1455 3849 τά
1510 3797 1814 3867 φαινόμενα

245 3884 560 3955 πράγματα,
591 3886 849 3951 ἁπετάξω
883 3890 1037 3953 πᾶσι,
1072 3889 1166 3942 καὶ
1201 3888 1463 3952 διέδωκας
1508 3890 1607 3959 τὴν
1638 3888 1816 3959 ὓπαρ-

244 3968 326 4043 ξίν
354 3995 466 4032 σενι
497 3979 639 4033 οὕτω
666 3981 762 4032 καὶ
787 3982 845 4033 ὲν
867 3984 930 4052 τῇ
969 3982 1131 4053 σοφίᾳ
1152 3984 1217 4053 τῇ
1251 3983 1513 4051 κοσμικῇ,
1540 3981 1589 4033 εί
1614 3980 1816 4049 γνῶσιν

236 4064 382 4135 ἔχεις
416 4070 510 4119 καὶ
554 4067 732 4136 λόγων
787 4064 961 4140 ίσχύν,
994 4071 1413 4143 ἀπορρίψασοαι
1452 4070 1629 4125 πάντα
1663 4070 1816 4140 ὀφεί-

232 4157 372 4224 λεις,
413 4161 507 4213 καὶ
553 4161 719 4231 μηδὲν
763 4160 1112 4232 ἡγήσασθαι,
1163 4165 1229 4217 ἶν’
1272 4160 1414 4237 οὕτω
1455 4164 1693 4237 δυνηθῇς
1720 4164 1817 4218 ἐπὶ

233 4253 301 4321 τῇ
342 4251 526 4323 μωρίᾳ
570 4252 663 4306 τοῦ
698 4252 1051 4325 κηρύγματος
1075 4257 1519 4329 οἰκοδομηθῆναι,
1546 4254 1681 4331 ὅπερ
1719 4258 1818 4328 κήι-

239 4346 428 4413 ρυγμὰ
457 4347 605 4398 ἐστιν
657 4346 691 4415 ἡ
729 4343 937 4418 ἀληθὴς
983 4348 1165 4417 σοφία,
1214 4350 1315 4403 οὐκ
1357 4348 1555 4422 ἔχουσα
1603 4350 1818 4420 κόμπον

237 4431 432 4502 λόγων,
464 4435 600 4489 ἀλλά
642 4435 871 4508 δύναμιν
908 4438 976 4491 δι’
1014 4440 1170 4508 ἁγίου
1210 4442 1444 4525 σταυρού
1494 4444 1819 4519 ἐνεργουμέ-

1915 3250 2221 3308 nequeunt.
2249 3241 2644 3310 lnquirendum
2675 3242 2841 3311 igitur
2869 3251 2973 3306 est,
3000 3240 3278 3310 quomodo
3299 3250 3354 3295 ει
3383 3240 3507 3309 qui-

1915 3330 2020 3385 bus
2054 3330 2234 3384 modis
2268 3332 2479 3400 puritas
2509 3332 2694 3385 cordis
2722 3330 3026 3399 comparari
3068 3329 3259 3398 possit.
3284 3329 3505 3399 Nequa-

1914 3440 2078 3493 quam
2110 3424 2350 3488 aliunde,
2390 3439 2551 3493 quam
2588 3436 2687 3493 per
2715 3439 2864 3487 eum,
2894 3422 2985 3491 qui
3012 3438 3113 3491 pro
3142 3422 3303 3475 nobis
3326 3421 3506 3476 cruci-

1916 3514 2056 3570 ﬁxus
2088 3524 2191 3570 est.
2222 3516 2343 3585 Ipse
2377 3516 2524 3570 enim
2558 3524 2642 3569 est
2686 3515 2796 3578 via,
2840 3516 2975 3578 vita,
3023 3514 3247 3578 veritas,
3275 3514 3503 3578 ostium,

1914 3608 2230 3679 margarita,
2262 3609 2421 3661 vivus
2445 3623 2509 3661 ac
2545 3605 2784 3661 cmlestis
2811 3605 3003 3675 panis;
3032 3620 3136 3658 nec
3156 3604 3284 3658 licet
3312 3603 3503 3670 alicui,

1916 3700 2125 3769 absque
2160 3700 2251 3753 illa
2281 3701 2537 3763 Veritate,
2569 3699 2853 3753 veritatem
2903 3712 3253 3765 cognoscere,
3285 3703 3343 3750 et
3385 3711 3505 3751 ser-

1914 3791 2055 3845 vari.
2096 3791 2570 3857 Quemadmodum
2604 3790 2785 3859 quoad
2824 3789 3156 3843 exteriorem
3198 3788 3502 3855 hominem,

1917 3894 1975 3941 et
2015 3900 2079 3938 ea
2110 3900 2229 3954 qua:
2272 3884 2555 3954 subiacent
2584 3883 2793 3947 oculis,
2840 3882 3102 3936 omnibus
3146 3881 3501 3945 renuntiasti,

1912 3983 1974 4031 et
2015 3976 2159 4029 bona
2194 3984 2287 4030 tua
2320 3974 2652 4029 distrib'uisti
2682 3991 2696 4027 :
2729 3975 2809 4029 sic
2836 3988 3057 4043 quoque
3084 3972 3150 4027 ad
3178 3973 3502 4042 sapientiam

1910 4064 2279 4132 mundanam,
2318 4068 2362 4122 si
2410 4082 2600 4121 rerum
2632 4067 2886 4120 notitiam
2932 4077 3027 4120 aut
3071 4066 3386 4120 facultatem
3420 4066 3505 4119 di-

1918 4160 2078 4215 cendi
2114 4176 2175 4214 es
2204 4160 2471 4230 adeptus,
2495 4159 2610 4214 haec
2642 4159 2897 4213 universa
2946 4160 3185 4228 abji'cere
3215 4157 3403 4220 debes,
3439 4171 3506 4211 ac

1913 4258 2020 4323 ‘pro
2066 4240 2241 4306 nihilo
2296 4252 2533 4316 ducere,
2588 4260 2650 4306 ut
2698 4252 2997 4321 ita‘possis
3055 4266 3222 4320 super
3269 4250 3503 4305 stultitia

1912 4345 2326 4414 'praadicationis
2353 4345 2634 4409 mdiﬁcari,
2662 4360 2783 4414 quae
2820 4343 3043 4414 quidem
3076 4343 3393 4413 praedicatio
3420 4353 3507 4398 cst

1918 4452 2049 4490 vera
2085 4437 2378 4506 sapientia,
2414 4452 2609 4490 carens
2643 4446 2839 4491 ornatu
2884 4436 3205 4499 verborum,
3240 4438 3333 4491 sed
3371 4454 3507 4507 prm-

239 4543 356 4595 νην.
393 4527 532 4593 Δόξα
593 4531 650 4598 τῇ
710 4530 980 4603 όμοουσίῳ
1025 4532 1215 4605 Τριάδι
1266 4533 1348 4596 είς
1405 4533 1533 4597 τοὺς
1592 4534 1815 4598 αἰῶνας.

1924 4530 2038 4584 dita
2067 4530 2292 4593 virtute,
2326 4546 2425 4599 per
2469 4539 2710 4585 sanctam
2751 4545 2971 4585 crucem
3004 4540 3291 4599 operante.
3320 4530 3508 4585 Gloria

254 4618 308 4669 ’Δ
317 4618 444 4689 μήν.

839 4760 1080 4813 ΟΜΙΛῙΑ
1114 4760 1222 4816 IH'.

240 4848 379 4916 Περὶ
404 4849 510 4903 τοῦ
537 4850 847 4922 θησαυροῦ
878 4850 997 4905 τῶν
1023 4851 1416 4921 Χριστιανῶν,
1451 4853 1687 4922 δηλαδὴ
1714 4855 1820 4911 τοῦ

310 4921 570 4995 Χριστοῦ
621 4922 719 4974 καὶ
752 4924 1109 4995 ’Πνεῦματος
1137 4924 1341 4995 ἁγίου,
1382 4921 1682 4995 διαφόρως
1706 4926 1822 4980 ἀσ-

309 4991 565 5057 κοῦντος
590 4990 813 5057 αὐτοὺς
843 4990 993 5062 πρὸς
1020 4993 1088 5047 τὸ
1108 4990 1328 5063 φθάνω
1353 4998 1441 5063 εἰς
1468 4990 1583 5067 iiii"
1601 4990 1822 5050 τέλειό-

310 5077 478 5128 τητιι.
1784 5086 1787 5087 ν

314 5175 389 5229 A'.
426 5176 492 5230 Εί
510 5194 593 5240 τις
621 5178 680 5231 ὲν
704 5176 781 5249 τῷ
806 5179 997 5251 κόσμῳ
1024 5178 1282 5244 πλούσιος
1304 5180 1513 5253 σφόδρα
1534 5182 1817 5253 τυγχάνει,

247 5268 345 5319 καὶ
366 5266 641 5347 θησαυρὸν
670 5270 995 5342 ἀπόκρυφον
1022 5269 1307 5342 κέκτηται,
1337 5273 1403 5325 ὲκ
1422 5270 1515 5325 τοῦ
1539 5272 1818 5343 θησαυροῦ

242 5356 340 5409 καὶ
377 5357 612 5410 πλούτου
659 5353 831 5429 οὗπερ
869 5359 1018 5430 ἔχει,
1067 5361 1245 5415 πάντα
1272 5361 1372 5413 ὅσα
1398 5359 1563 5426 θέλει,
1597 5362 1816 5415 κτᾶται·

240 5449 339 5503 καὶ
384 5446 474 5503 οἷα
522 5450 769 5523 βούλεται
808 5454 865 5505 ὲν
898 5452 976 5521 τῷ
1004 5452 1196 5524 κόσμῳ
1224 5452 1484 5524 κτήματα
1509 5492 1526 5519 ,
1578 5454 1821 5525 εὐχερῶς

241 5543 564 5613 ἐπισυνάγει
587 5586 603 5611 ,
658 5545 737 5617 τῷ
786 5544 1046 5617 θησαυρῷ
1090 5544 1403 5612 πεποιθὼς,
1440 5547 1523 5601 ὅτι
1555 5546 1622 5600 δι’
1653 5548 1818 5603 αὐτοῦ

242 5636 427 5693 πᾶσαν
457 5637 672 5708 κτῆσιν,
702 5638 770 5709 ἢν
795 5636 863 5693 ἂν
890 5637 1166 5709 βούληται,
1199 5639 1440 5702 εὐκόλως
1465 5640 1685 5694 κτᾶται.
1718 5639 1821 5693 Οὐκ

239 5745 355 5792 τως
385 5729 480 5783 καὶ
510 5731 559 5781 οἱ
590 5730 808 5801 πρῶτον
839 5728 1131 5798 ζητοῦντες
1159 5730 1311 5802 παρά
1339 5729 1480 5801 Θεῷ,
1516 5731 1609 5785 καὶ
1636 5731 1823 5803 εὑρόν-

239 5835 369 5891 τες,
406 5820 503 5878 καὶ
531 5821 746 5894 ἔχοντες
775 5821 867 5877 τὸν
894 5822 1217 5893 ἐπουράνιον
1245 5821 1340 5877 τοῦ
1370 5821 1690 5895 Πνεύματος
1720 5823 1819 5895 θη-

1912 4620 2379 4676 'consubstantiali
2409 4620 2666 4674 Trin'itati
2696 4620 2752 4673 in
2782 4621 3000 4675 saecula.
3026 4622 3223 4675 Amen.

2462 4755 2749 4831 HOMlLlA
2784 4732 2974 4811 XVIII.

1923 4849 2003 4904 De
2032 4853 2277 4907 thesauro
2320 4848 2764 4909 Christianorum.
2796 4849 3032 4902 videlicet
3080 4848 3284 4903 Christo
3314 4856 3360 4899 et
3388 4844 3508 4915 Spi-

1994 4924 2101 4975 ritu
2132 4930 2335 4985 sancto,
2369 4922 2529 4975 variis
2570 4920 2734 4973 modis
2762 4928 3032 4972 exercente
3065 4918 3171 4983 eos,
3200 4928 3258 4971 ut
3294 4918 3363 4971 ad
3391 4934 3508 4987 per-

1912 4990 1917 4995 ’
1998 4992 2269 5062 fectionem
2299 4993 2627 5063 perveniant.

1993 5182 2034 5236 l.
2080 5182 2137 5238 Si
2183 5181 2307 5253 quis
2354 5182 2410 5237 in
2457 5182 2564 5235 hoc
2612 5180 2817 5235 mundo
2858 5178 3018 5234 valde
3056 5178 3351 5248 opulentus
3399 5177 3505 5241 sit,

1923 5276 2384 5346 reconditumque
2446 5276 2770 5332 thesaurum
2832 5273 3149 5345 possideat,
3218 5289 3318 5343 per
3376 5287 3507 5327 eum

1923 5375 2088 5435 atque
2126 5365 2349 5420 divitias
2396 5366 2600 5430 omnia,
2639 5380 2981 5435 quaecunque
3022 5364 3271 5428 libuerit,
3314 5376 3509 5418 conse-

1923 5458 2114 5528 quitur
2151 5476 2163 5512 :
2197 5466 2255 5513 et
2295 5473 2653 5529 quascunque
2683 5459 2923 5514 voluerit
2956 5459 3011 5513 in
3045 5458 3252 5513 mundo
3284 5472 3508 5528 posses-

1925 5550 2130 5615 siones,
2168 5551 2376 5622 absque
2420 5552 2573 5607 omni
2620 5552 2833 5619 labore,
2866 5554 3124 5609 thesauro
3165 5568 3266 5607 suo
3310 5552 3509 5617 frctus,

1924 5642 2201 5709 corradit;
2235 5657 2303 5697 eo
2340 5642 2489 5712 quod
2533 5644 2657 5715 ejus
2688 5659 2792 5713 ope
2827 5659 3045 5698 omnem
3080 5642 3507 5712 possessionem,

1922 5750 2311 5807 quamcunque
2346 5736 2602 5802 voluerit,
2640 5736 2799 5792 facile
2837 5746 3230 5806 consequatur.
3286 5734 3377 5790 Sic
3411 5737 3507 5805 qui

1922 5824 2162 5897 primum
2197 5834 2254 5883 et
2279 5836 2410 5883 ante
2445 5828 2628 5887 omnia
2660 5835 2915 5901 quaerunt
2942 5844 2973 5883 a
2996 5827 3108 5883 Deo
3132 5835 3187 5883 et
3217 5827 3510 5884 inveniunt
