3966 6424
561 344 667 409 635

1807 343 1865 402 S.
1908 337 2230 400 MACARII
2265 335 2587 396 fEGYPTII
3681 339 3768 401 636

558 473 625 510 ac
677 458 1092 521 consequuntur
1142 450 1425 504 caelestem
1485 450 1803 505 thesaurum
1866 448 2133 518 Spiritus,

2247 443 2480 513 σαυρὸν,
2533 443 2696 498 αὐτὸν
2739 444 2830 497 τὸν
2870 445 3075 515 Κύριον
3122 444 3181 497 ὲν
3210 448 3328 510 ταῖς
3358 446 3598 515 καρδίαις
3619 451 3770 504 αὐτῶν

562 548 743 618 ipsum
788 544 999 599 scilicet
1030 540 1345 606 Dominum,
1375 541 1431 595 in
1479 542 1738 597 cordibus
1788 542 2028 604 illorum,
2062 539 2142 593 illi

561 653 782 694 onmem
820 637 1089 709 justitiam
1132 636 1427 696 virtutum,
1467 648 1797 703 omnemque
1834 632 2141 714 possessio-

564 746 692 785 nem
744 728 1009 784 bonitatis
1067 736 1469 797 praeceptorum
1522 725 1778 788 Domini,
1834 740 1937 793 ope
1990 723 2141 777 illius

563 820 832 886 thesauri,
866 820 962 891 qui
986 820 1158 874 haeret
1180 819 1234 872 in
1256 819 1337 874 eis
1358 817 1602 882 Christo,
1631 815 1943 885 perﬁciunt,
1975 824 2140 885 atque

558 915 678 985 ejus
722 928 825 983 ope
879 912 1135 967 caelestes
1185 910 1406 965 divitias
1450 908 1819 964 accumulant.
1872 908 2139 962 Thesauri

558 1006 707 1060 enim
754 1005 996 1060 caelestis
1040 1002 1311 1059 beneﬁcio
1340 1018 1558 1057 omnem
1600 1001 1861 1056 virtutem
1893 1002 2137 1071 justitiaa,

558 1097 683 1152 freti
709 1096 865 1165 copia
889 1096 1205 1150 divitiarum
1238 1095 1608 1165 spiritualium
1637 1110 1759 1165 qua:
1782 1102 1912 1149 sunt
1951 1094 2007 1148 in
2049 1095 2137 1160 iis,

556 1196 877 1257 operantur,
911 1188 1171 1256 nulloque
1220 1187 1440 1257 negotio
1492 1201 1712 1240 omnem
1760 1186 2032 1256 justitiam
2072 1200 2137 1241 ac

462 1318 467 1325 «
557 1280 876 1334 mandatum
908 1280 1148 1343 Domini,
1186 1278 1551 1333 invisibilium
1577 1277 1895 1332 divitiarum
1929 1277 2135 1347 gratiae,

556 1388 678 1443 quae
704 1383 788 1428 est
818 1373 874 1426 in
905 1373 1059 1443 ipsis,
1086 1387 1216 1442 ope,
1245 1372 1426 1441 reipsa
1465 1379 1752 1441 peragunt.
1786 1371 1969 1440 lnquit
2003 1385 2136 1425 vero

554 1473 612 1519 et
639 1465 937 1534 Apostolus
965 1480 1186 1535 quoque
1216 1482 1230 1518 :
1256 1465 1516 1519 Habentes
1547 1465 1851 1517 thesaurum
1883 1464 2045 1516 istum
2078 1465 2134 1516 in

553 1556 691 1609 vasis
717 1555 965 1624 ﬁctilibus
991 1557 1058 1620 9°,
1086 1555 1189 1611 hoc
1218 1562 1322 1620 est,
1346 1570 1532 1624 quem,
1559 1555 1653 1624 qui
1680 1555 1737 1609 in
1761 1570 1926 1609 carne
1955 1553 2135 1609 adhuc

552 1656 702 1713 sunt,
731 1649 993 1718 consequi
1023 1647 1175 1717 digni
1210 1647 1385 1702 habiti
1434 1657 1583 1711 sunt,
1615 1647 1876 1702 virtutem
1924 1646 2136 1702 scilicet

554 1740 795 1810 Spiritus
827 1738 1326 1795 sanctiﬁcatricem.
1354 1740 1421 1793 Et
1446 1755 1673 1795 rursus:
1707 1738 1811 1804 Qui
1839 1740 2006 1809 factus
2039 1757 2133 1794 no-

2243 534 2589 605 ὲλλάμποντα
2609 575 2624 599 ,
2662 537 2843 589 πᾶσαν
2874 535 3218 607 δικαιοσύνην
3247 538 3476 607 ἀρετῶν,
3507 541 3594 591 καὶ
3620 544 3772 597 πᾶσαν

2242 629 2436 697 κτῆσιν
2466 626 2805 698 ἀγαθότητος
2832 627 2940 681 τῶν
2970 628 3199 681 ἐντολῶν
3231 627 3321 680 τοῦ
3347 629 3547 698 Κυρίου
3565 670 3577 693 ,
3614 632 3670 683 ὲκ
3695 634 3774 687 τοῦ

2240 717 2518 788 θησαυροῦ
2567 719 2661 771 τοῦ
2713 721 2771 772 ὲν
2816 720 2996 783 αὐτοῖς
3024 720 3177 784 ὄντος
3203 719 3439 791 Χριστοῦ
3483 722 3775 791 ἐπιτελοῦσι,

2239 809 2333 861 καὶ
2386 810 2461 863 δι’
2508 808 2675 863 αὑτοῦ
2730 811 2953 864 πλείονα
2996 810 3227 865 πλοῦτον
3267 812 3516 882 οὐράνιον
3580 815 3777 868 ἐπισυν-

2240 899 2456 968 άγουσι.
2513 901 2612 954 Διά
2660 903 2771 972 γὰρ
2821 904 2914 956 τοῦ
2946 904 3268 974 ἐπουρανίου
3295 904 3563 974 θησαυροῦ
3616 908 3772 960 πᾶσαν

2241 991 2440 1063 ἀρετὴν
2471 992 2817 1063 δικαιοσύνης
2850 992 3314 1064 κατεργάζονται,
3371 996 3675 1059 πεποιθότες
3703 1000 3778 1052 ἐπὶ

2238 1084 2316 1154 τῷ
2346 1085 2539 1157 πλήθει
2587 1085 2680 1139 τοῦ
2716 1088 2773 1139 ἐν
2810 1087 2995 1149 αὐτοῖς
3028 1086 3259 1140 πλούτου
3287 1088 3669 1157 πνευματικοῦ,
3700 1091 3778 1142 καὶ

2239 1174 2476 1238 εὐκόλως
2520 1178 2702 1229 πᾶσαν
2731 1176 3082 1248 δικαιοσύνην
3116 1177 3211 1229 καὶ
3238 1177 3459 1248 ἐντολὴν
3487 1178 3577 1231 τοῦ
3602 1182 3775 1250 Κυρίου

2237 1266 2326 1320 διὰ
2354 1266 2446 1320 τοῦ
2473 1269 2706 1336 ἀοράτου
2736 1269 2834 1339 τῆς
2854 1269 3077 1339 χάριτος
3105 1269 3161 1322 ὲν
3187 1270 3373 1334 αὐτοῖς
3396 1270 3621 1322 πλούτου
3646 1272 3775 1341 ἐργά-

2238 1355 2444 1421 ζονται.
2495 1359 2632 1430 Φησὶ
2675 1359 2732 1412 δὲ
2780 1361 2873 1413 καὶ
2910 1363 2938 1414 ὁ
2982 1361 3335 1425 Ἀπόστολος⁶
3385 1361 3660 1431 Ἔχοντες
3692 1364 3775 1416 τὸν

2236 1453 2547 1522 θησαυρὸν
2574 1455 2789 1509 τοῦτον
2819 1456 2890 1509 ἐν
2921 1456 3301 1523 ὀστρακίνοις
3335 1458 3612 1520 σκεύεσι,
3647 1475 3770 1511 τουτ-

2236 1547 2384 1599 έστιν
2410 1588 2427 1613 ,
2482 1547 2543 1601 ὃν
2571 1550 2630 1602 ὲν
2657 1548 2823 1619 σαρκὶ
2851 1549 3004 1613 ὄντες
3040 1548 3346 1619 κτήσασθαι
3386 1549 3445 1601 ὲν
3474 1550 3648 1612 αὐτοῖς
3671 1566 3770 1602 κατ-

2235 1638 2567 1710 ηξιώθησαν,
2602 1642 2701 1711 τὴν
2732 1643 3057 1711 ἀγιαστικὴν
3083 1641 3313 1710 δύναμιν
3342 1641 3437 1693 τοῦ
3462 1640 3767 1709 Πνεῦματοςο

2236 1734 2331 1786 καὶ
2359 1734 2541 1798 πάλιν,
2576 1736 2681 1801 Ὃς
2699 1735 2952 1804 ἐγενήθη
2979 1735 3124 1803 ἡμῖν
3148 1735 3335 1803 σοφία
3363 1734 3482 1788 ἀπὸ
3508 1732 3609 1787 τοῦ
3633 1733 3768 1800 Θεοῦ,

553 1833 629 1886 bis
662 1841 738 1887 est
774 1851 805 1886 a
834 1832 945 1885 Deo
968 1830 1233 1900 sapientia
1254 1871 1269 1896 ,
1296 1832 1507 1901 justitia
1526 1872 1542 1897 ,
1584 1830 1934 1899 sanctiﬁcatio
1973 1841 2022 1885 et
2052 1848 2133 1886 rc-

2237 1823 2595 1894 δικαιοσύνη
2622 1841 2686 1879 τε
2714 1801 2814 1879 καί
2838 1801 3152 1895 ἁγιασμὸς,
3183 1801 3284 1879 καί
3310 1826 3723 1894 ἀπολύτρωσις.

554 1924 865 1989 demptio“.
940 1982 941 1985 η

627 2013 693 2068 ΙΙ.
727 2015 1052 2085 Quicunque
1078 2015 1247 2086 igitur
1275 2015 1484 2085 reperit
1525 2030 1591 2069 ac
1633 2014 1875 2085 possidet
1901 2014 2044 2085 apud
2074 2029 2134 2070 se

554 2107 834 2161 caelestem
886 2108 1035 2162 hunc
1085 2108 1405 2162 thesaurum
1461 2106 1735 2176 Spiritus,
1780 2106 1870 2161 ille
1913 2120 2135 2160 onmem

550 2198 822 2269 justitiam
870 2208 1307 2269 praeceptorum,
1368 2214 1433 2253 ac
1486 2214 1708 2253 omnem
1758 2199 2135 2267 operationem

554 2290 845 2354 virtutum,
880 2291 1089 2361 absque
1133 2292 1280 2345 omni
1318 2290 1748 2361 reprehensione
1797 2299 1853 2346 et
1900 2290 2132 2355 macula,

552 2383 672 2451 ejus
699 2396 802 2451 cpe
828 2382 1057 2452 peragit,
1094 2390 1149 2436 et
1175 2380 1398 2452 quidem
1434 2381 1587 2435 nullo
1616 2381 1860 2451 negotio,
1891 2395 1994 2434 nec
2024 2379 2136 2434 ulla

553 2473 628 2528 vi.
661 2473 1025 2529 Obsecremus
1055 2474 1226 2545 igitur
1255 2490 1356 2528 nos
1394 2487 1616 2545 quoque
1649 2473 1845 2534 Deum,
1888 2471 2136 2541 postule—

552 2567 730 2621 lemus
777 2581 840 2620 ac
868 2566 1228 2637 deprecemur
1268 2580 1418 2631 eum,
1452 2574 1511 2619 ut
1543 2565 1864 2619 thesaurum
1896 2562 2135 2632 Spiritus

552 2658 641 2713 sui
671 2658 832 2713 nobis
873 2658 1159 2729 largiatur,
1192 2665 1255 2713 ut
1286 2657 1392 2712 hoc
1437 2657 1600 2712 modo
1634 2657 1691 2711 in
1719 2656 1992 2711 mandatis
2016 2656 2135 2726 ejus

552 2751 809 2806 omnibus
844 2751 962 2805 sine
994 2750 1425 2821 reprehensione
1468 2758 1525 2804 et
1564 2749 1778 2804 macula
1819 2748 2049 2813 versari,
2080 2755 2136 2802 et

551 2858 771 2898 omnem
811 2842 1083 2913 justitiam
1130 2840 1372 2911 Spiritus
1415 2856 1553 2911 pure
1598 2856 1663 2895 ac
1707 2838 1950 2911 perfecte
1980 2854 2133 2893 eom-

551 2935 725 3004 plcre,
758 2934 998 2989 caelestis
1041 2933 1311 2998 thesauri,
1340 2933 1436 3003 qui
1463 2941 1546 2987 est
1567 2932 1843 2997 Christus,
1865 2930 2135 2985 beneﬁcio

552 3024 847 3094 possimus.
879 3026 1094 3093 Pauper
1125 3024 1272 3079 enim
1317 3038 1381 3077 ac
1412 3022 1721 3087 mendicus,
1752 3030 1809 3075 et
1852 3021 1947 3091 qui
1993 3021 2135 3074 fame

552 3116 785 3180 laborat,
816 3116 875 3169 in
902 3116 1107 3169 mundo
1137 3114 1275 3168 nihil
1316 3124 1499 3183 potest
1530 3128 1869 3183 comparare,
1896 3127 2134 3182 pauper-

556 3214 665 3261 tate
694 3222 821 3261 eum
854 3216 1157 3276 premente.
1203 3204 1308 3271 Qui
1343 3221 1477 3260 vero
1520 3206 1838 3259 thesaurum
1869 3203 2135 3273 possidet,

556 3308 618 3353 ut
647 3298 971 3368 praedictum
999 3298 1110 3367 78
1137 3306 1240 3361 est,
1276 3297 1481 3367 absque
1511 3296 1659 3351 omni
1687 3296 1910 3365 negotio
1938 3305 1995 3350 et
2024 3310 2139 3349 mo-

553 3389 732 3454 lestia,
766 3405 1124 3460 quascunque
1174 3389 1449 3459 excptarit
1494 3387 1892 3459 possessiones,
1941 3400 2137 3441 conse-

554 3475 742 3545 quitur
766 3493 780 3529 :
809 3475 889 3531 sic
915 3492 1134 3547 quoque
1161 3478 1343 3532 anima
1374 3477 1540 3542 nuda,
1575 3491 1639 3531 ac
1670 3477 1930 3530 societate
1959 3473 2136 3544 Spiri-

554 3576 646 3624 tus
691 3568 989 3634 destituta,
1047 3580 1103 3626 et
1148 3570 1217 3625 ad
1262 3570 1454 3625 duram
1505 3578 1883 3640 paupertatem
1925 3568 2136 3638 peccati

554 3661 797 3724 redacta,
833 3662 1045 3716 nullum
1094 3670 1295 3733 potest,
1328 3670 1667 3732 quantopere
1711 3648 2137 3729 voluerithpi-

553 3752 696 3806 ritus
722 3751 952 3821 justitia:
980 3753 1218 3808 fructum
1268 3769 1459 3808 revera
1489 3753 1814 3824 producere,
1842 3759 2134 3820 antequam

555 3841 792 3911 Spiritus
824 3843 1094 3914 particeps
1128 3843 1270 3899 facta
1303 3845 1392 3899 sit.

625 3930 715 3984 111.
754 3932 1140 3987 Verumtamen
1185 3934 1240 3988 vi
1288 3933 1524 4004 quadam
1571 3948 1630 3989 se
1678 3950 1952 4004 quemque
1984 3949 2134 3990 com-

553 4027 758 4096 pellere
806 4035 1065 4097 oportet,
1121 4027 1189 4082 ad
1241 4028 1539 4098 rogandum
1588 4028 1796 4093 Deum,
1832 4036 1891 4081 ut
1936 4027 2134 4097 dignus

550 4117 864 4187 iudicetur,
894 4120 991 4188 qui
1040 4128 1413 4188 consequatur
1455 4128 1512 4174 et
1563 4119 1808 4173 inveniat
1852 4119 2131 4173 caelestem

556 4209 873 4264 thesaurum
896 4209 1156 4279 Spiritus,
1184 4224 1248 4264 ac
1274 4210 1445 4278 possit
1470 4209 1675 4279 absque
1704 4209 1853 4264 omni
1884 4209 2132 4264 molestia

554 4310 611 4355 et
650 4300 839 4355 labore
870 4301 1136 4369 perﬁcere
1170 4303 1353 4356 omnia
1404 4310 1676 4371 praecepta
1714 4301 1951 4367 Domini,
1995 4318 2131 4372 pure

554 4409 619 4447 ac
662 4396 780 4449 sine
822 4394 1287 4463 reprehensione,
1323 4410 1445 4464 quae
1495 4396 1679 4465 prius,
1715 4410 1785 4449 ne
1818 4395 1870 4449 vi
1907 4396 2129 4465 quidem

553 4485 823 4549 adhibita,
854 4500 965 4539 non
1004 4493 1220 4554 poterat
1247 4495 1395 4541 recte
1425 4487 1710 4556 perﬁcere.
1739 4486 1954 4556 Pauper
1980 4487 2126 4541 enim
2159 4478 2204 4533 D

554 4594 678 4634 cum
723 4588 869 4632 esset
896 4586 951 4632 et
980 4578 1183 4644 nudus,
1232 4594 1296 4633 ac
1340 4579 1601 4633 societate
1630 4579 1870 4649 Spiritus
1900 4578 2130 4634 destitu-

555 4682 662 4737 tus,
694 4687 800 4741 qua
859 4671 1073 4726 ratione
1129 4671 1274 4726 bona
1334 4672 1451 4727 haec
1509 4672 1813 4742 spiritualia
1862 4671 2127 4741 consequi

550 4765 751 4835 potuit,
789 4763 996 4833 absque
1040 4764 1299 4819 thesauro
1346 4773 1404 4819 et
1454 4764 1839 4834 spiritualibus
1886 4763 2129 4818 divitiis?

552 4855 753 4910 Verum
790 4856 992 4922 anima,
1028 4872 1149 4926 qua:
1175 4857 1487 4920 Dominum,
1524 4873 1620 4926 per
1650 4856 2125 4927 investigationem

554 4944 809 5013 Spiritus,
829 4945 994 5001 ﬁdem
1014 4962 1077 5001 ac
1103 4947 1330 5000 multam
1356 4946 1695 5016 patientiam,
1714 4962 1907 5002 verum
1929 4960 2127 5016 nempe

554 5037 873 5092 thesaurum
924 5038 1149 5109 reperit,
1201 5038 1417 5094 fructus
1466 5037 1703 5108 Spiritus
1747 5037 2022 5108 producit,
2065 5046 2127 5093 ut

553 5129 760 5185 dictum
789 5140 891 5198 est,
925 5132 1133 5201 absque
1180 5131 1329 5185 omni
1376 5130 1584 5192 labore,
1612 5145 1940 5200 omnemque
1963 5129 2126 5200 justi-

554 5223 706 5289 tiam,
737 5238 800 5277 ac
830 5234 1101 5293 praecepta
1131 5224 1369 5287 Domini,
1406 5238 1528 5292 quae
1560 5222 1795 5292 Spiritus
1823 5222 2122 5286 mandavit,

554 5315 610 5368 in
643 5330 722 5379 se,
756 5324 813 5368 et
840 5330 937 5383 per
968 5331 1045 5379 se,
1072 5331 1209 5384 pure
1236 5324 1292 5371 et
1319 5315 1551 5386 integre,
1589 5323 1645 5369 et
1677 5314 1795 5369 sine
1822 5315 2123 5384 reprehen-

554 5408 705 5464 sione
742 5407 977 5477 perﬁcit.

621 5498 708 5552 IV.
744 5498 853 5552 Aut
903 5514 1094 5554 rursus
1140 5499 1247 5553 alio
1295 5508 1516 5553 utam-ur
1556 5500 1826 5569 exemplo.
1855 5498 2129 5565 Quemad-

553 5588 776 5643 modum
808 5589 854 5643 si
889 5590 960 5643 sit
989 5589 1185 5659 aliquis
1212 5590 1386 5657 dives,
1419 5590 1513 5659 qui
1542 5606 1667 5645 cum
1699 5606 1910 5647 cumam
1940 5589 2131 5659 exqui-

626 5764 671 5795 ⁹⁰
701 5764 745 5821 ll
774 5764 901 5821 Cor.
939 5783 1009 5834 tv,
1040 5766 1091 5820 6.
1169 5769 1210 5799 ¹⁹¹
1248 5767 1267 5821 Ι
1294 5767 1421 5823 Cor.
1449 5782 1485 5832 ι,
1514 5766 1598 5821 50.

2307 2008 2388 2062 B'.
2432 2007 2492 2061 Ὀ
2523 2003 2617 2063 οῦν
2653 2007 2831 2079 εὑρὼν
2858 2009 2954 2063 καὶ
2978 2008 3116 2080 ἔχων
3146 2010 3203 2062 ὲν
3229 2008 3414 2079 ἑαυτῷ
3455 2009 3544 2062 τὸν
3571 2008 3767 2077 ἐπουρά-

2237 2119 2348 2156 νιον
2396 2101 2489 2156 τοῦ
2538 2101 2858 2172 Πνεύματος
2905 2103 3210 2173 θησαυρὸν,
3257 2105 3440 2156 πᾶσαν
3468 2103 3769 2170 δικαιοσύνην

2237 2193 2497 2260 ἐντολῶν,
2550 2196 2647 2249 καὶ
2676 2196 2855 2249 πᾶσαν
2887 2195 3148 2265 ἐργασίαν
3174 2193 3411 2264 ἀρετῶν,
3445 2195 3675 2264 ἀμώμως
3698 2193 3771 2245 καὶ

2236 2284 2495 2355 καθαρῶς
2546 2286 2603 2337 ὲν
2648 2283 2819 2353 τούτῳ
2861 2283 3284 2350 κατεργάζεται,
3321 2283 3587 2345 ἀ6ιάστως
3616 2281 3766 2334 λοιπὸν

2237 2377 2330 2429 καί⁵
2382 2375 2639 2439 εὐκόλως.
2704 2374 3184 2445 Παρακαλέσωμεν
3233 2370 3329 2427 οὖν
3380 2374 3474 2427 καὶ
3513 2375 3660 2443 ἡμεῖς
3700 2371 3768 2423 τὸν

2235 2460 2409 2533 Θεὸν,
2466 2469 2560 2521 καὶ
2607 2467 3000 2538 ὲκζητήσωμεν
3047 2467 3143 2520 καὶ
3187 2466 3475 2536 δεηθῶμεν
3502 2464 3672 2529 αὑτοῦ,
3702 2463 3766 2516 ἵνα

2234 2561 2327 2614 τὸν
2358 2560 2632 2631 θησαυρὸν
2663 2560 2757 2613 τοῦ
2792 2559 3107 2629 Πνεῦματος
3134 2560 3302 2613 αὐτοῦ
3339 2560 3621 2631 χαρίσηται
3645 2558 3763 2626 ἡμῖν,

2238 2651 2332 2704 καὶ
2378 2650 2552 2713 οὕτως
2600 2651 2659 2704 ὲν
2702 2652 2822 2713 ταῖς
2862 2649 3105 2713 ἐντολαῖς
3134 2649 3303 2702 αὐτοῦ
3339 2650 3537 2717 πάσαις
3565 2645 3765 2716 ἀμώμως

2236 2747 2332 2799 καὶ
2378 2746 2637 2817 καθαρῶς
2684 2746 3101 2815 ἀναστραφῆναι
3149 2744 3511 2813 δυνηθῶμεν,
3568 2741 3654 2793 καὶ
3692 2736 3765 2806 τὴν

2236 2837 2585 2909 δικαιοσύνην
2630 2838 2725 2891 τοῦ
2763 2837 3081 2904 Πνεῦματος
3110 2838 3293 2889 πᾶσαν
3320 2834 3570 2905 καθαρῶς
3600 2832 3678 2885 καὶ
3700 2844 3765 2881 τε·

2235 2928 2393 2990 λείως
2423 2928 2822 3000 ἀποπληρῶσαι
2850 2969 2865 2993 ,
2916 2927 3004 2981 διὰ
3035 2926 3129 2980 τοῦ
3159 2926 3490 2997 ἐπουρανίου
3515 2918 3762 2994 θησαυροῦ,

2236 3021 2295 3085 ὃς
2321 3022 2438 3074 ἐστι
2463 3021 2719 3091 Χριστός.
2738 3020 2796 3073 '0
2820 3022 2928 3089 γὰρ
2953 3020 3119 3088 πένης
3147 3018 3243 3073 καὶ
3264 3019 3483 3089 πτωχὸς
3502 3019 3589 3071 καὶ
3606 3012 3764 3080 λιμὼτο

2240 3131 2369 3175 των,
2404 3113 2463 3166 ὲν
2489 3114 2680 3183 κόσμῳ
2710 3113 2859 3166 οὐδὲν
2889 3113 3114 3164 δύναται
3145 3111 3474 3181 κτήσασθαι,
3503 3110 3594 3178 τῆς
3616 3104 3762 3161 πενίας

2240 3204 2404 3257 αὑτὸν
2431 3203 2783 3275 συνεχούσης.
2827 3205 2884 3257 '0
2914 3204 2970 3256 δὲ
3003 3202 3141 3273 ἔχων
3169 3202 3448 3274 θησαυρὸν
3468 3245 3482 3267 ,
3517 3202 3586 3262 ὡς
3615 3192 3761 3265 προεί-

2242 3314 2424 3369 ρηται,
2452 3297 2715 3368 εὐχερῶς,
2738 3293 2823 3351 οἶα
2850 3298 3099 3368 βούλεται
3127 3300 3406 3367 κτήματα,
3425 3296 3513 3349 καὶ
3531 3290 3763 3347 ἀνωδύνως

2240 3370 2477 3443 κτᾶταιί
2512 3388 2699 3452 Οῦτως
2742 3390 2838 3443 καὶ
2881 3389 3026 3460 ψυχὴ
3072 3391 3104 3460 ή
3137 3390 3325 3460 γυμνὴ
3359 3389 3451 3442 καὶ
3474 3387 3659 3458 ἕρημος
3684 3376 3765 3432 ἀπὸ

2240 3481 2523 3545 κοινωνίας
2556 3481 2874 3553 Ιῐνεύματος
2896 3523 2909 3546 ,
2947 3483 3042 3534 καὶ
3072 3482 3176 3534 ὑπὸ
3203 3482 3309 3553 τὴν
3338 3480 3511 3550 δεινὴν
3540 3473 3764 3544 πτωχείαν

2236 3573 2336 3642 τῆς
2384 3574 2659 3643 ἁμαρτίας
2702 3569 2871 3637 οὖσα,
2922 3574 3072 3626 οὐδὲν
3113 3573 3375 3638 δύναται,
3426 3574 3523 3627 κᾶν
3564 3569 3672 3637 θέλῃ
3697 3566 3764 3615 τὸν

2237 3665 2450 3736 καρπὸν
2492 3664 2583 3719 τοῦ
2617 3664 2932 3735 Πνεύματος
2968 3667 3064 3735 τῆς
3090 3665 3443 3737 δικαιοσύνης
3474 3665 3527 3729 ἐξ
3552 3656 3762 3729 ἀληθείας

2240 3757 2483 3826 ποιῆσαι,
2518 3757 2625 3827 πρὸ
2657 3760 2755 3829 τῆς
2784 3757 3140 3827 μεταλήψεως
3164 3757 3257 3810 τοῦ
3284 3757 3610 3827 Πνεύματος.

2305 3939 2381 3991 Γ’.
2419 3938 2609 4007 Ὅμως
2661 3936 2943 4006 βιάζεσθαι
2973 3936 3080 4007 χρὴ
3117 3936 3355 3992 ἕκαστον
3386 3936 3566 3991 ἑαυτὸν
3593 3934 3657 3991 είς
3678 3927 3753 3996 τὴν

2234 4032 2450 4100 αἴτησιν
2473 4029 2564 4082 τοῦ
2590 4029 2820 4100 Κυρίου,
2846 4028 2933 4081 ἴνα
2954 4029 3268 4101 καταξιωθῇ
3293 4032 3500 4095 λαϐεῖν,
3519 4020 3747 4089 καὶεὺρεῖν

2231 4124 2323 4178 τὸν
2352 4124 2677 4192 ἐπουράνιον
2711 4123 2806 4176 τοῦ
2837 4123 3154 4194 Πνεύματος
3185 4122 3484 4195 θησαυρὸν,
3514 4122 3621 4176 ὥστε
3641 4116 3743 4167 ἀκο-

2232 4214 2479 4277 πιάστως
2522 4214 2617 4268 καὶ
2655 4213 2897 4284 εὐχερῶς
2925 4213 3222 4283 δυνηθῆναι
3249 4218 3477 4287 ποιῆσαι
3505 4212 3649 4270 πάσας
3670 4205 3747 4263 τὰς

2230 4306 2453 4367 ἐντολὰς
2481 4307 2573 4359 τοῦ
2600 4306 2828 4377 Κυρίου,
2859 4307 3105 4377 ἀμώμως
3134 4309 3230 4360 καὶ
3255 4309 3511 4378 καθαρῶς
3529 4346 3542 4369 ,
3572 4303 3624 4363 ἃς
3650 4294 3749 4366 πρὶν

2236 4399 2377 4471 μετά
2411 4397 2534 4470 βίας
2576 4399 2676 4451 οὐκ
2709 4398 2941 4467 ἠδύνατο
2973 4399 3341 4470 κατορθῶσαι.
3378 4403 3547 4468 Πένης
3567 4386 3752 4464 γὰρκαὶ

2231 4490 2438 4562 γυμνὸς
2488 4490 2597 4545 ἀπὸ
2638 4491 2925 4555 κοινωνίας
2970 4492 3285 4562 Πνεύματος
3331 4494 3612 4562 ὑπάρχων,
3662 4479 3754 4541 πῶς

2232 4584 2463 4653 ἠδύνατο
2506 4582 2731 4637 τοιαῦτα
2776 4584 3121 4652 πνευματικά
3164 4586 3417 4655 κτήματα
3464 4575 3750 4651 κτήσασθαι,

2232 4677 2361 4730 ἄνευ
2387 4674 2663 4746 θησαυροῦ
2687 4677 2780 4728 καὶ
2800 4676 3030 4728 πλούτου
3049 4676 3420 4745 πνευματικοῦ
3436 4693 3449 4741 ;
3468 4676 3526 4728 Ἦ
3540 4672 3589 4725 δὲ
3606 4662 3755 4734 εὑροῦ-

2234 4785 2302 4821 σα
2321 4766 2467 4837 ψυχὴ
2493 4768 2584 4820 τὸν
2603 4767 2825 4839 Κύριον,
2847 4768 2935 4821 διὰ
2958 4769 3239 4839 ζητήσεως
3262 4762 3671 4840 Πνεύματοςνκαὶ
3688 4754 3757 4807 πε-

2233 4877 2403 4923 στεως
2434 4860 2528 4914 καὶ
2555 4860 2833 4931 ὑπομονῆς
2856 4861 3073 4931 πολλῆς,
3110 4862 3201 4914 τὸν
3227 4862 3475 4930 ἀληθινὸν
3502 4849 3755 4927 θησαυρὸν)

2228 4952 2356 5015 τοὺς
2408 4952 2657 5022 καρποὺς
2714 4952 2809 5005 τοῦ
2858 4953 3173 5023 Πνεύματος
3225 4952 3642 5024 κατεργάζεται,
3697 4939 3758 4998 ὡς

2230 5042 2592 5115 προείρηται,
2627 5045 2890 5118 εὐχερῶς,
2922 5046 3104 5099 πᾶσάν
3129 5064 3188 5099 τε
3214 5045 3549 5112 δικαιοσύνην
3580 5039 3662 5092 καὶ
3686 5033 3757 5082 ἐν·

2230 5135 2391 5199 τολάς
2416 5136 2511 5189 τοῦ
2537 5136 2763 5208 Κυρίου,
2793 5137 2859 5200 ἃς
2885 5138 3191 5193 ἐνετείλατο
3222 5139 3281 5192 τὸ
3307 5135 3525 5206 Πνεῦμα
3547 5133 3599 5182 ἐν
3622 5123 3754 5191 αὐτῗίν

2234 5228 2324 5280 καὶ
2356 5227 2423 5281 δι’
2452 5228 2621 5299 αὐτῆς
2669 5232 2813 5281 ποιεῖ
2847 5228 3103 5299 καθαρῶς
3143 5232 3235 5283 καὶ
3266 5227 3482 5287 τελείως
3516 5220 3603 5275 καὶ
3626 5211 3755 5284 ἀμώ-

2230 5335 2364 5388 μως.

2244 5546 2251 5564 ι
2297 5502 2372 5555 Δ⁹.
2414 5500 2485 5555 ’Ἡ
2515 5501 2677 5555 πάλιν
2704 5503 2875 5572 ἑτέρῳ
2901 5502 3256 5572 ὑποδείγματι
3282 5492 3616 5570 χρησώμεθα.
3646 5483 3754 5572 ’ᾯσ-

2230 5608 2337 5661 περ
2384 5590 2479 5644 ἐάν
2523 5608 2606 5655 τις
2654 5587 2687 5660 ᾖ
2730 5590 2984 5654 πλούσιος
3030 5591 3124 5644 καὶ
3165 5590 3361 5659 ποιήσῃ
3394 5587 3591 5639 δεῖπνον
3615 5569 3754 5625 πολυο
