3966 6492
315 412 420 475 53Ἰ

1480 406 1851 467 HOMILIIE.
1869 431 1939 441 -
1960 405 2145 466 HOM.
2187 405 2406 467 XVIII.

3466 406 3571 470 638

314 525 511 592 τελὲς,
567 526 632 578 ὲκ
677 522 771 576 τοῦ
814 523 1045 577 πλούτου
1075 525 1241 579 αὐτοῦ
1282 525 1377 578 καὶ
1412 524 1688 596 θησαυροῦ
1725 517 1886 595 οὗπερ

1997 521 2274 577 sitissimis
2319 520 2487 575 rebus
2536 518 2859 574 instructam
2906 528 3207 591 praeparet,
3252 536 3318 575 ex
3362 521 3574 579 divitiis

313 618 453 689 ἔχει,
487 614 802 679 ἀναλίσκει,
845 616 949 669 «καὶ
993 617 1052 669 οὐ
1087 616 1314 683 δέδοικε,
1352 616 1425 686 μή
1457 633 1599 678 τινος
1628 615 1778 685 αὐτῷ
1807 616 1896 667 ὲν·-

309 707 499 778 δεήσει
549 705 776 759 πλοῦτον
816 704 992 775 ἔχοντι
1035 706 1247 775 μέγαν’
1298 706 1392 759 καὶ
1420 705 1591 769 οῦτως
1616 706 1897 776 εὐφραίνει

308 800 445 860 τοὺς
482 796 810 866 δαιτυμόνας
852 795 1160 858 πολυτελῶς
1195 794 1289 849 καὶ
1317 794 1582 866 λαμπρῶς
1608 798 1733 860 τοὺς
1760 797 1896 865 κλη-

311 888 508 951 θέντας
557 887 648 940 ὐπ’
679 885 842 940 αὐτοῦ
870 928 884 952 ,
930 887 1164 957 διάφορα
1198 887 1295 943 καὶ
1324 889 1612 958 καινότερα
1639 888 1894 959 παρέχων

308 982 499 1042 αὐτοῖς
544 979 837 1049 ἐδέσματα.
882 980 940 1031 'U
990 980 1049 1032 δὲ
1090 979 1260 1049 πένης
1291 979 1386 1032 καὶ
1412 980 1595 1051 ἐνδεὴς
1624 980 1855 1034 πλούτου
1876 1020 1890 1044 ,

311 1074 408 1125 ἐὰν
437 1070 672 1142 βουληθῇ
694 1072 907 1123 δεῖπνον
928 1073 1340 1125 κατασκευάσαι
1358 1072 1484 1137 τινὶ,
1507 1072 1686 1127 πάντα
1708 1073 1895 1142 κιχρᾶο

306 1182 426 1226 ται,
461 1164 554 1215 καὶ
582 1162 721 1216 αὐτά
750 1162 818 1215 τά
850 1162 1043 1232 σκεύη,
1076 1163 1171 1215 καὶ
1202 1164 1422 1233 ἱμάτια,
1453 1164 1549 1217 καὶ
1577 1164 1712 1217 ἄλλα
1740 1165 1895 1236 εῐδηε

307 1256 406 1309 καὶ
440 1251 539 1308 εἷθ’
570 1254 741 1318 οὕτως
794 1256 930 1325 μετά
978 1255 1039 1307 τὸ
1078 1255 1364 1327 δειπνῆσαι
1406 1257 1534 1321 τοὺς
1572 1257 1892 1330 κληθέντας,

306 1347 386 1408 ὡς
437 1350 494 1400 ὲν
537 1346 738 1416 δείπνῳ
784 1348 1016 1416 πένητος
1038 1384 1053 1410 ,
1091 1346 1319 1419 ὕστερον
1350 1347 1431 1401 ἑνὶ
1458 1347 1675 1418 ἑκάστῳ
1702 1349 1891 1401 ἀποδί-

305 1439 501 1503 δωσιν,
556 1438 677 1490 ὅθεν
719 1438 989 1507 ἐχρήσατο
1032 1436 1225 1500 σκεῦος
1260 1438 1553 1508 ἀργυροῦν,
1590 1439 1624 1511 ἢ
1658 1442 1891 1510 ἱμάτιον,

307 1530 343 1600 ἦ
371 1530 559 1601 ἓτερον
586 1524 747 1593 εἶδος·
798 1529 894 1583 καὶ
921 1529 1093 1593 οὕτως
1122 1531 1337 1599 ἑκάστῳ
1368 1532 1735 1586 ἀποδοθέντων
1762 1533 1893 1586 πάν·

304 1639 422 1675 των
446 1664 460 1689 ,
513 1623 673 1685 αὐτὸς
716 1623 887 1692 πένης
932 1624 1027 1676 καί
1068 1624 1274 1693 γυμνὸς
1319 1625 1613 1694 ἀπομένει,
1652 1625 1727 1697 μὴ
1754 1625 1892 1696 ἔχων

309 1716 445 1767 ἴδιον
476 1713 705 1766 πλοῦτον
740 1712 799 1778 ἐξ
824 1709 886 1767 οὗ
915 1714 1299 1785 εὐφραίνεσθαι
1328 1715 1571 1771 δύναται.

382 1974 461 2028 E’.
502 1974 687 2038 Οὕτως
731 1993 825 2029 και
859 1978 908 2030 οἰ
941 1976 1189 2031 πλούσιοι
1218 1997 1294 2047 τῳ
1320 1979 1598 2050 Πνεύματι
1624 1980 1702 2051 τῷ
1727 1981 1891 2051 ἁγίῳ,

303 2067 525 2137 ἔχοντες
558 2067 647 2120 τὸν
684 2069 914 2121 πλοῦτον
953 2070 1043 2122 τὸν
1072 2071 1391 2141 ἐπουράνιον
1418 2071 1474 2123 ἑν
1500 2072 1724 2143 ἀληθείᾳ
1746 2116 1761 2139 ,
1799 2074 1894 2126 καὶ

302 2160 598 2213 κοινωνίαν
649 2161 965 2233 Πνεύματος
1016 2164 1074 2215 ὲν
1121 2163 1339 2227 αὐτοῖς,
1386 2163 1524 2216 ἐπάν
1553 2181 1662 2216 τισι
1690 2164 1891 2218 λαλῶσι

303 2252 402 2305 τὸν
428 2251 583 2320 λόγον
614 2254 713 2323 τῆς
739 2253 1015 2324 ἀληθείας,
1051 2256 1145 2306 καὶ
1175 2254 1313 2306 ἐπάν
1342 2271 1452 2307 τισι
1477 2255 1777 2308 κοινωνῶσι
1805 2254 1892 2309 λό-

303 2358 407 2412 γον
455 2346 855 2414 πνευματικὸν,
906 2346 1001 2398 καὶ
1046 2346 1314 2414 εὐφρᾶναι
1357 2345 1531 2416 ψυχὰς
1569 2347 1889 2416 θελήσωσιν,

304 2437 373 2489 ὲκ
405 2434 501 2488 τοῦ
543 2436 673 2489 ἰδίου
705 2437 934 2489 πλούτου
969 2438 1062 2490 καὶ
1092 2440 1156 2490 ἐκ
1182 2439 1274 2491 τοῦ
1308 2439 1438 2492 ἰδίου
1466 2438 1739 2511 θησαυροῦ
1763 2480 1777 2504 ,
1828 2433 1890 2495 οὗ

304 2532 601 2603 κέκτηνται
632 2532 689 2583 ἑν
716 2532 950 2597 ἑαυτοῖς,
978 2532 1036 2599 ἐξ
1062 2532 1227 2586 αὐτοῦ
1256 2533 1505 2602 λαλοῦσι,
1528 2538 1625 2589 καὶ
1646 2536 1703 2603 ἑξ
1725 2536 1890 2590 αὐτοῦ

306 2623 668 2693 εὐφραίνουσι
718 2622 816 2686 τὰς
854 2622 1028 2691 ψυχὰς
1061 2623 1168 2675 τῶν
1191 2624 1497 2679 ἀκουόντων
1528 2625 1620 2678 τὸν
1647 2644 1890 2697 πνευμα-

304 2718 457 2771 τικὸν
486 2716 645 2782 λόγον
668 2755 683 2779 ,
725 2715 821 2769 καὶ
852 2717 911 2769 οὐ
943 2715 1211 2771 δεδοίκασι
1250 2717 1325 2789 μὴ
1350 2718 1656 2789 ἑνδεήσειεν
1684 2720 1887 2786 αὐτοῖς,

303 2811 390 2864 ὅτι
419 2810 713 2879 κέκτηνται
746 2811 803 2863 ἑν
830 2809 1014 2872 αὐτοῖς
1042 2810 1314 2882 θησαυρὸν
1336 2811 1585 2881 οὐράνιον
1607 2811 1891 2880 ἀγαθωσύ-

303 2920 427 2973 νης,
459 2903 521 2967 ἑξ
544 2896 605 2956 οὗ
635 2903 971 2973 προφέρουσι
1005 2903 1099 2956 καί
1126 2904 1477 2973 εὐφραίνουσι
1499 2905 1627 2968 τοὺς
1648 2922 1891 2975 πνευμα-

300 2994 479 3057 τικῶς
508 2994 893 3063 ἑστιωμένους.
938 2993 999 3047 '0
1030 2994 1086 3046 δὲ
1121 2996 1290 3065 πένης
1324 2996 1417 3048 καὶ
1450 2996 1524 3067 μὴ
1553 2997 1890 3067 κεκτημένος

305 3086 376 3136 ὲκ
424 3083 514 3136 τοῦ
558 3083 790 3137 πλούτου
839 3082 932 3137 τοῦ
980 3084 1250 3154 Χριστοῦ,
1304 3088 1438 3158 μήτε
1484 3086 1623 3156 ἔχων
1660 3087 1890 3141 πλοῦτον

302 3178 674 3247 πνευματικὸν
723 3179 779 3230 ὲν
823 3181 889 3248 τῇ
933 3177 1077 3248 ψυχῇ
1104 3219 1119 3243 ,
1153 3178 1244 3231 τὸν
1276 3178 1512 3249 βρύοντα
1540 3183 1724 3233 πᾶσαν
1749 3182 1887 3248 ἀγα-

300 3267 554 3339 θωσύνην
566 3267 738 3335 λόγων
755 3284 813 3320 τε
838 3270 931 3320 καὶ
952 3267 1151 3339 ἔργων,
1171 3271 1263 3323 καὶ
1284 3271 1682 3341 ἐνθυμημάτων
1703 3270 1885 3337 θείων,

300 3363 400 3415 καὶ
432 3360 748 3430 μυστηρίων
778 3362 1081 3432 ἀλαλήτων,
1102 3362 1148 3413 εί
1180 3363 1274 3413 καὶ
1300 3362 1548 3433 βούλεται
1568 3357 1720 3428 οὗτος
1734 3364 1888 3433 λόγον

300 3452 564 3522 ἀληθείας
597 3451 777 3504 λαλεῖν
803 3491 818 3516 ,
858 3452 950 3504 καὶ
983 3452 1301 3524 εὐφραίνειν
1330 3454 1484 3516 τινάς
1513 3453 1621 3506 τῶν
1653 3454 1886 3507 ἀκουόν-

299 3560 435 3607 των,
468 3542 585 3595 ἀλλ’
613 3544 671 3595 ὲν
701 3541 927 3612 δυνάμει
962 3542 1056 3595 καὶ⁵
1084 3542 1313 3613 ἀληθείᾳ
1336 3543 1428 3594 τὸν
1451 3542 1607 3610 λόγον
1633 3542 1727 3595 τοῦ
1751 3543 1886 3596 Θεοῦ

311 3634 391 3703 μὴ
447 3632 783 3702 κεκτημένος
848 3634 904 3685 ἐν
958 3631 1135 3701 ἑαυτῷ
1163 3671 1176 3694 ,
1247 3631 1384 3684 ἀλλά
1431 3632 1590 3701 μόνον
1637 3632 1887 3702 ἀπομνη-

314 3725 551 3794 μονεύων
573 3726 667 3777 καί
694 3723 1031 3794 κιχρώμενος
1050 3724 1242 3792 λόγους
1266 3723 1325 3787 ἐξ
1345 3725 1579 3793 ἑκάστης
1595 3725 1833 3794 γραφῆς,
1851 3724 1884 3793 ἢ

312 3816 467 3885 παρά
494 3817 875 3887 πνευματικῶν
900 3817 1109 3886 ἀνδρῶν
1142 3817 1384 3879 ἀκούσας
1413 3817 1508 3870 καὶ
1530 3816 1885 3885 διηγούμενος

312 3909 413 3961 καὶ
440 3908 721 3976 διδάσκων,
763 3908 871 3963 ἰδοὺ
904 3908 1094 3972 ἀλλους
1129 3910 1226 3982 μὲν
1256 3908 1402 3961 δοκεῖ
1428 3908 1759 3977 εὐφραίνειν,
1794 3908 1887 3961 καὶ

308 4002 459 4056 ἄλλοι
504 4003 834 4056 ἀπολαύουσι
886 4003 995 4057 τῶν
1039 4003 1251 4072 λόγων·
1306 4002 1445 4072 μετὰ
1494 4002 1551 4055 δὲ
1598 4002 1658 4056 τδ
1699 4003 1887 4075 διηγή-

306 4095 507 4148 σασθαι
554 4097 719 4150 αὐτὸν
744 4135 760 4161 ,
822 4096 1053 4158 ἕκαστος
1089 4096 1247 4164 λόγος
1281 4096 1417 4167 πρὸς
1447 4096 1516 4149 τά
1547 4096 1655 4149 ίδια
1687 4095 1781 4165 ἀφ’
1808 4090 1885 4149 ὧν

299 4187 450 4260 ἤρθη
474 4229 488 4254 ,
525 4189 849 4259 ἀπέρχεται,
886 4191 978 4242 καὶ
1008 4190 1169 4252 αὐτὸς
1199 4188 1363 4241 πάλιν
1391 4187 1595 4257 γυμνὸς
1620 4188 1884 4258 ἀπομένει

300 4282 404 4334 καὶ
458 4281 626 4353 πένης
653 4321 668 4343 ,
734 4282 807 4351 μὴ
854 4280 994 4349 ἔχων
1046 4280 1179 4333 ἴδιον
1226 4281 1498 4350 θησαυρὸν
1543 4279 1880 4351 Πνεύματος,

300 4372 401 4442 ἀφ’
431 4366 490 4426 οῦ
524 4374 807 4443 προφέρει,
842 4374 936 4425 καὶ
961 4373 1180 4442 ὠφελεῖ,
1208 4374 1303 4427 καὶ
1332 4372 1611 4445 εὐφραίνει
1639 4374 1881 4444 ἑτέρους,

299 4466 468 4527 αὐτὸς
498 4465 712 4535 πρῶτος
740 4464 817 4537 μὴ
842 4466 1289 4537 εὐφραινόμενος,
1315 4466 1451 4537 μηδὲ
1474 4466 1882 4537 ἀγαλλιώμενος

297 4553 385 4623 τῷ
415 4554 709 4624 Πνεύματι.

378 4647 468 4711 ς’.
526 4645 625 4699 Διά
665 4646 824 4701 τοῦτο
868 4649 975 4721 χρὴ
1023 4647 1239 4719 πρῶτον
1285 4645 1518 4718 ζητῆσαι
1562 4645 1713 4718 παρὰ
1747 4647 1882 4700 Θεοῦ

300 4742 364 4791 ὲν
395 4739 539 4809 πόνῳ
566 4740 793 4810 καρδίας
833 4742 928 4795 καὶ
956 4741 1174 4806 πίστει,
1209 4742 1295 4793 ἵνα
1324 4740 1399 4811 δῷ
1423 4743 1554 4811 ἡμῖν
1583 4742 1764 4811 εὑρεῖν
1793 4741 1884 4794 τὸν

300 4830 532 4883 πλοῦτον
565 4832 728 4885 αὐτοῦ
754 4872 769 4897 ,
818 4832 909 4885 τὸν
942 4832 1194 4904 ἀληθινὸν
1225 4832 1496 4903 θησαυρὸν
1523 4831 1618 4885 τοῦ
1642 4831 1881 4903 Χριστοῦ

299 4928 365 4979 ὲν
411 4927 530 4988 ταῖς
575 4926 823 4997 καρδίαις
867 4924 1064 4996 ἡμῶν,
1120 4927 1179 4978 ὲν
1226 4924 1451 4994 δυνάμει
1498 4925 1591 4978 καί
1630 4922 1883 4995 ἐνεργείᾳ

300 5017 644 5086 Πνεῦματος.
674 5020 783 5071 Καὶ
802 5017 975 5082 οὕτως
996 5018 1262 5089 πρότερον
1282 5016 1548 5085 ὠφέλειαν
1570 5018 1627 5069 ὲν
1644 5017 1878 5080 ἑαυτοῖς,

305 5109 401 5162 καὶ
422 5111 715 5180 σωτηρίαν,
739 5112 832 5164 καὶ
852 5112 996 5181 ζωὴν
1013 5110 1229 5163 αἰώνιον
1251 5110 1310 5162 εὐ
1319 5110 1523 5180 ρόντες,
1545 5108 1637 5162 τὸν
1655 5110 1879 5179 Κύριον,

307 5200 427 5252 τότε
462 5202 557 5254 καὶ
581 5201 793 5268 ἄλλους,
827 5202 902 5266 ὡς
928 5201 1148 5255 δυνατὸν
1178 5201 1272 5253 καὶ
1298 5200 1517 5268 ἐφικτόν
1540 5200 1707 5265 ἑστιν,
1739 5199 1881 5266 ὠφεο

310 5290 592 5363 λήσωμεν,
623 5294 730 5347 ἀπὸ
759 5295 850 5348 τοῦ
878 5294 1026 5347 ἔνδον
1057 5292 1330 5364 θησαυροῦ
1360 5292 1453 5345 τοῦ
1477 5291 1716 5363 Χριστοῦ
1744 5308 1880 5361 προ-

306 5380 568 5451 φέροντες
621 5385 801 5438 πᾶσαν
843 5385 1200 5455 ἀγαθωσύνην
1248 5383 1423 5451 λόγων
1462 5382 1879 5453 πνευματικῶν,

302 5472 403 5525 καὶ
436 5475 749 5545 μυστηρίων
779 5475 1115 5545 ἐπουρανίων
1144 5475 1455 5545 ποιούμενοι
1474 5473 1746 5543 διήγησιν.
1778 5470 1882 5525 Οὖ-

299 5580 415 5627 τως
451 5565 557 5638 γὰρ
593 5568 883 5638 εὐδόκησεν
930 5570 963 5639 ή
1002 5568 1278 5637 ἀγαθότης
1322 5565 1415 5619 τοῦ
1449 5565 1750 5635 θελήματος
1784 5564 1878 5617 τοῦ

301 5656 542 5729 Πατρὸς,
576 5659 670 5713 τοῦ
701 5660 1022 5730 κατοικῆσαι
1066 5662 1122 5714 ὲν
1149 5659 1315 5712 παντὶ
1346 5658 1423 5729 τῷ
1448 5656 1753 5709 πιστεύοντι
1786 5655 1881 5708 καὶ

304 5749 615 5820 αἰτουμένῳ
653 5749 836 5804 αὐτόν.
876 5749 937 5800 '0
972 5750 1082 5817 γὰρ
1123 5747 1368 5818 ἀγαπῶν
1394 5764 1487 5816 με,
1517 5747 1701 5817 φησὶν,
1734 5744 1878 5812 ἀγα-

301 5841 643 5912 πηθήσεται
682 5840 804 5897 ὑπὸ
833 5839 939 5896 τοῦ
965 5843 1191 5910 Πατρός
1209 5860 1327 5911 μου
1349 5880 1365 5907 ,
1400 5838 1561 5911 κάγὼ
1587 5835 1878 5907 ἀγαπήσω

1900 4558 1955 4618 Ι)

1997 611 2114 667 suis
2157 620 2212 665 et
2257 612 2540 675 thesauro,
2588 626 2753 680 quem
2801 611 3065 681 possidet,
3119 621 3373 681 sumptus
3418 613 3571 679 facit,

1996 719 2099 758 nec
2144 704 2360 767 metuit,
2398 719 2465 758 ne
2510 703 2614 759 sibi
2661 703 2870 774 aliquid
2915 703 3076 768 desit,
3110 704 3331 759 divitias
3373 705 3574 759 multas

1994 795 2297 865 possidenti
2328 814 2342 848 :
2377 795 2565 865 sicque
2595 796 2741 851 laute
2770 804 2826 850 et
2856 795 3140 865 splendide
3172 797 3431 851 convivas
3460 812 3489 850 a
3514 812 3574 851 se

1994 894 2217 941 vocatos
2244 886 2530 949 exhilarat,
2564 888 2730 942 variis
2763 903 2825 942 ac
2856 889 3012 942 novis
3041 888 3277 942 subinde
3307 889 3574 957 appositis

1994 976 2152 1031 cibis.
2178 978 2247 1031 At
2270 993 2478 1047 pauper
2513 978 2607 1049 qui
2636 992 2739 1043 est,
2771 980 3033 1048 omnique
3076 995 3259 1034 rerum
3286 980 3573 1034 abundan-

1994 1067 2071 1122 tia
2096 1067 2413 1133 destitutus,
2440 1070 2485 1124 si
2512 1071 2749 1125 voluerit
2785 1071 3115 1140 quibusdam
3154 1087 3364 1126 ccenam
3402 1088 3572 1141 appa-

1994 1178 2135 1227 rare,
2190 1170 2473 1215 mutuatur
2515 1163 2721 1227 omnia,
2751 1164 2838 1218 vel
2890 1164 3067 1233 ipsam
3146 1165 3570 1233 supellectilem,

1992 1262 2212 1319 vestes,
2269 1269 2332 1308 ac
2380 1255 2621 1324 reliquas
2664 1256 2919 1325 species:
2966 1255 3153 1325 sicque
3201 1266 3423 1325 postea,
3477 1256 3573 1309 ubi

1993 1347 2352 1413 omnaverint,
2385 1347 2480 1418 qui
2506 1356 2666 1402 erant
2693 1348 2890 1411 vocati,
2923 1356 2984 1401 ut
3030 1348 3149 1402 ﬁeri
3185 1349 3325 1402 solet
3353 1349 3407 1401 in
3436 1363 3573 1402 con-

1992 1439 2138 1492 vivio
2185 1441 2473 1509 pauperis,
2524 1440 2762 1510 denique
2811 1440 3141 1510 unicuique,
3191 1441 3337 1494 unde
3378 1452 3573 1495 mutuo

1992 1541 2318 1600 sumpserat,
2358 1531 2598 1586 restituit
2639 1532 3031 1601 supellectilem
3091 1541 3402 1602 argenteam
3433 1572 3447 1596 ,
3481 1547 3574 1584 ve-

1990 1631 2103 1675 stes
2150 1638 2213 1677 ac
2263 1624 2535 1693 reliquum
2580 1631 2834 1677 ornatum
2868 1640 2881 1676 :
2911 1623 3112 1693 quibus
3157 1623 3414 1677 omnibus
3444 1621 3570 1675 uni-

1992 1714 2189 1783 cuique
2218 1714 2297 1768 sic
2319 1714 2611 1778 restitutis,
2640 1714 2755 1783 ipse
2778 1730 2987 1783 pauper
3015 1729 3080 1768 ac
3100 1714 3279 1768 nudus
3302 1723 3569 1775 remanet,

1992 1820 2101 1859 non
2136 1805 2346 1860 habens
2393 1805 2643 1875 proprias
2690 1805 3011 1869 facultates,
3053 1820 3121 1860 ex
3166 1806 3366 1875 quibus
3396 1805 3572 1874 possit

1914 1880 1963 1939 Β
1992 1896 2252 1949 recreari.

2064 1985 2127 2039 ν.
2166 1984 2257 2039 Sic
2286 1999 2527 2055 quoque,
2565 1984 2658 2055 qui
2693 1992 2823 2039 sunt
2855 1983 3064 2055 Spiritu
3104 1994 3293 2038 sancto
3324 1984 3567 2053 locuple-

1993 2084 2095 2141 tes,
2128 2092 2191 2132 ae
2223 2079 2473 2132 caelestes
2502 2078 2721 2132 divitias
2762 2093 2954 2132 revera
2998 2077 3280 2132 consecuti
3327 2091 3571 2130 commu-

1992 2171 2215 2224 nionem
2250 2170 2486 2241 Spiritus
2526 2172 2580 2225 in
2611 2187 2669 2226 se
2706 2172 2930 2236 habent,
2960 2171 3003 2225 si
3048 2170 3376 2241 quibusdam
3400 2171 3570 2227 verba

1992 2263 2241 2317 veritatis
2273 2263 2590 2332 loquantur,
2627 2273 2683 2318 et
2714 2279 3023 2318 sermonem
3068 2264 3411 2333 spiritualetu
3446 2262 3569 2332 qui-

1991 2353 2221 2408 busdam
2261 2355 2691 2419 communicent,
2725 2370 2790 2409 ac
2835 2355 3043 2409 animas
3087 2354 3311 2408 reficere
3357 2362 3567 2407 statue-

1992 2447 2132 2512 rint;
2164 2463 2230 2501 ex
2260 2448 2502 2517 propriis
2530 2448 2758 2517 opibus,
2802 2457 2856 2501 et
2896 2462 2963 2501 ex
3001 2445 3222 2515 proprio
3268 2445 3564 2511 thesauro,

1990 2550 2153 2603 quem
2179 2535 2461 2604 possident
2488 2536 2631 2606 apud
2667 2551 2746 2602 se,
2770 2551 2835 2590 ex
2858 2551 2944 2600 eo,
2970 2535 3215 2605 inquam,
3240 2534 3565 2604 loquuntur,

1990 2641 2056 2679 ex
2082 2641 2258 2695 eoque
2299 2626 2556 2681 reficiunt
2599 2628 2809 2681 animas
2847 2627 3188 2681 audientium
3220 2627 3567 2696 spiritualem

1989 2732 2321 2784 sermonem,
2349 2735 2452 2773 nec
2477 2721 2893 2789 pertimescunt,
2912 2735 2980 2774 ne
3005 2721 3133 2789 quid
3164 2721 3268 2775 sibi
3292 2721 3432 2775 desit
3460 2738 3475 2773 :
3501 2735 3567 2775 eo

1990 2808 2133 2877 quod
2169 2809 2485 2879 possideant
2530 2810 2586 2864 in
2629 2825 2687 2864 se
2718 2810 2994 2865 caelestem
3044 2812 3304 2865 bonitatis
3345 2812 3567 2865 thesau-

1990 2915 2131 2966 rum,
2156 2915 2187 2955 e
2207 2916 2316 2970 quo
2342 2901 2632 2970 proferunt
2661 2910 2716 2956 et
2745 2910 2996 2957 recreant
3024 2917 3119 2956 eos
3155 2903 3248 2972 qui
3293 2903 3567 2971 spirituali

1990 2992 2113 3046 cibo
2139 3002 2460 3047 vescuntur.
2490 2994 2703 3064 Pauper
2725 3009 2876 3059 vero,
2902 2995 2996 3064 qui
3026 3010 3129 3049 nec
3158 2995 3378 3049 divitias
3404 2995 3568 3050 Chri-

1990 3085 2057 3138 sti
2090 3085 2353 3154 possidet,
2391 3102 2493 3141 nec
2530 3086 2845 3155 spirituales
2870 3086 3083 3141 obtinet
3120 3087 3177 3140 in
3200 3087 3379 3141 anima
3410 3102 3563 3155 opes,

1990 3177 2358 3245 producentes
2404 3179 2756 3249 scaturiginis
2804 3178 2977 3234 instar
3004 3194 3220 3235 omnem
3264 3179 3567 3234 bonitatem

1990 3283 2328 3333 sermonum,
2376 3286 2635 3340 operum,
2688 3272 3081 3342 cogitationum
3133 3270 3466 3337 divinarum,
3510 3282 3569 3327 et

1989 3362 2377 3432 mysteriorum
2428 3362 2810 3429 ineﬂ‘abilium,
2856 3363 2965 3427 hic,
2996 3364 3237 3434 inquam,
3272 3365 3403 3419 licet
3434 3364 3570 3419 velit

1987 3452 2217 3505 verbum
2251 3453 2501 3508 veritatis
2530 3454 2733 3523 eloqui,
2769 3469 2833 3508 ac
2864 3470 3113 3509 recreare
3154 3455 3420 3524 quosdam
3465 3470 3568 3510 au-

1987 3542 2221 3607 dientes,
2254 3559 2381 3598 cum
2417 3554 2596 3599 tamen
2630 3546 2931 3599 secundum
2962 3547 3224 3600 virtutem
3251 3563 3313 3600 ac
3338 3547 3393 3601 in
3424 3548 3569 3601 veri-

1988 3642 2098 3688 tate
2128 3650 2437 3689 sermonem
2466 3635 2563 3689 Dei
2595 3651 2704 3689 non
2734 3636 3009 3701 obtineat;
3035 3650 3224 3690 verum
3254 3638 3374 3692 illos
3402 3640 3568 3694 modo

1987 3736 2290 3787 sermones,
2324 3737 2463 3791 quos
2494 3731 2588 3776 aut
2611 3739 2641 3777 a
2672 3739 2998 3793 quacunque
3045 3727 3315 3795 scriptura
3347 3739 3566 3784 mutua-

1991 3820 2098 3875 tur,
2128 3822 2226 3867 aut
2268 3813 2336 3867 ab
2378 3813 2502 3867 aliis
2545 3814 2928 3883 spiritualibus
2974 3817 3204 3883 audivit,
3237 3828 3471 3886 exponat
3508 3831 3566 3875 et

1986 3902 2214 3970 doceat;
2264 3921 2333 3960 en
2367 3906 2587 3961 videtur
2618 3908 2841 3978 quidem
2879 3910 2969 3963 ille
3011 3912 3148 3965 alios
3192 3927 3467 3979 recreare,
3507 3925 3566 3969 et

1985 4010 2117 4051 sane
2147 3996 2408 4051 fruuntur
2437 4000 2530 4053 alii
2572 4000 2923 4055 sermonibus
2952 4020 2965 4055 :
2994 4003 3087 4057 ubi
3113 4020 3246 4059 vero
3286 4022 3411 4060 eum
3444 4022 3562 4062 ser-

1984 4105 2202 4144 monem
2247 4091 2579 4159 recitaverit,
2611 4095 3043 4165 unumquodque
3072 4096 3302 4150 verbum
3334 4098 3403 4152 ad
3441 4114 3561 4163 sua,

1985 4182 2131 4237 unde
2176 4185 2501 4238 translatum
2548 4194 2687 4252 erat,
2732 4187 3032 4243 revertitur
3064 4205 3077 4240 :
3110 4198 3223 4242 tum
3255 4190 3345 4243 ille
3377 4190 3566 4250 denuo,

1982 4274 2169 4330 nudus
2196 4291 2262 4331 ac
2288 4292 2497 4347 pauper
2522 4288 2790 4343 remanet,
2823 4295 3017 4334 carens
3042 4280 3268 4350 proprio
3299 4282 3562 4336 thesauro

1984 4366 2244 4436 Spiritus,
2274 4382 2306 4421 e
2339 4384 2449 4438 quo
2482 4378 2718 4438 promat,
2748 4372 2903 4440 juvet
2943 4380 2997 4425 et
3038 4380 3249 4426 recreet
3292 4374 3449 4439 alios,
3496 4390 3560 4428 ac

1983 4459 2196 4529 primus
2219 4460 2335 4530 ipse
2366 4477 2477 4515 non
2503 4463 2766 4527 reficitur,
2796 4478 2899 4517 nec
2923 4462 3129 4534 Spiritu
3160 4466 3416 4521 exsultat.

2060 4643 2170 4714 79
2206 4645 2293 4701 Vl.
2321 4644 2617 4713 Propterea
2649 4644 2703 4698 in
2743 4644 2939 4714 primis
2985 4645 3374 4714 postulandum
3412 4655 3494 4700 est
3527 4660 3559 4699 a

1982 4738 2094 4793 Deo
2123 4754 2248 4793 cum
2283 4737 2638 4792 contentione
2681 4737 2864 4791 cordis
2907 4753 2972 4792 ac
2998 4736 3126 4802 fide,
3160 4738 3251 4793 det
3288 4738 3468 4801 nobis,
3496 4746 3558 4790 ut

1984 4831 2334 4886 inveniamus
2359 4830 2582 4884 divitias
2611 4830 2751 4899 ejus.
2787 4845 2977 4884 verum
3004 4830 3323 4884 thesaurum
3351 4829 3557 4884 Christi

1982 4923 2039 4977 in
2064 4924 2331 4978 cordibus
2361 4922 2566 4977 nostris
2596 4922 2651 4975 in
2676 4922 2882 4976 virtute
2923 4938 2986 4976 ac
3015 4922 3253 4976 eflicacia
3294 4923 3555 4991 Spiritus.

1982 5015 2050 5070 Et
2075 5015 2177 5068 hac
2205 5015 2441 5079 ratione,
2474 5013 2568 5067 ubi
2599 5012 2752 5081 prius
2783 5012 2839 5065 in
2876 5011 3038 5066 nobis
3067 5014 3437 5076 commodum,
3472 5029 3561 5067 sa-

1981 5106 2152 5161 lutem
2205 5123 2270 5161 ac
2308 5106 2475 5160 vitam
2504 5114 2786 5167 aeternam,
2820 5104 3110 5157 Dominum
3159 5105 3389 5168 scilicet,
3421 5120 3557 5159 con-

1981 5199 2155 5255 secuti
2187 5199 2483 5264 fuerimus,
2515 5198 2865 5268 postmodum
2903 5212 3124 5267 quoque
3168 5197 3302 5251 alios
3340 5213 3440 5267 pro
3472 5197 3557 5252 fa-

1982 5287 2185 5343 cultate
2220 5295 2276 5341 et
2317 5286 2530 5340 viribus
2567 5286 2773 5340 nostris
2810 5285 3155 5355 adjuvemus,
3196 5300 3263 5339 ex
3305 5285 3556 5341 interiori

1978 5378 2184 5434 Christi
2210 5376 2470 5431 thesauro
2489 5384 2807 5445 promentes
2829 5388 3046 5428 omnem
3068 5373 3368 5429 bonitatem
3396 5376 3561 5445 spiri-

1981 5470 2214 5525 tualium
2237 5482 2576 5531 sermonum,
2591 5480 2654 5521 ac
2672 5467 2983 5521 caelestium
2999 5466 3385 5537 mysteriorum
3400 5482 3560 5521 enar-

1982 5562 2253 5616 rationem
2310 5559 2683 5615 institucntes.
2737 5560 2831 5614 Sic
2875 5558 3024 5613 enim
3074 5559 3283 5629 placuit
3321 5559 3557 5616 bonitati

1982 5650 2283 5706 voluntatis
2311 5648 2508 5713 Patris,
2537 5649 2784 5703 habitare
2811 5649 2956 5718 apud
2998 5664 3215 5702 omnem
3254 5650 3347 5718 qui
3380 5651 3559 5706 credit

1981 5742 2037 5795 in
2072 5755 2200 5794 cum
2256 5754 2494 5808 eumque
2552 5740 2815 5809 postulat.
2887 5740 2991 5803 Qui
3036 5741 3175 5792 enim
3229 5740 3400 5812 diligit
3451 5759 3557 5811 me,

1981 5834 2179 5907 inquit,
2205 5832 2455 5903 diligetur
2482 5850 2513 5886 a
2547 5832 2708 5887 Patre
2730 5850 2863 5899 meo,
2891 5843 2941 5887 et
2962 5848 3054 5904 ego
3091 5834 3312 5905 diligam
3336 5851 3473 5903 eum,
3509 5854 3560 5891 et
