3966 6458
478 360 583 422 639

1715 350 1779 409 S.
1815 344 2131 433 MACARII
2170 342 2489 403 {EGYPTII

3613 336 3716 401 640

487 470 835 541 manifestabo
882 470 927 522 ei
959 482 1040 522 me
1088 467 1339 537 ipsum“.
1406 464 1477 519 Et
1523 464 1759 518 iterum:
1789 461 2061 527 Veniamus

2182 455 2378 519 ιὺτὸν,
2425 452 2522 507 καὶ
2562 450 2870 521 ἐμφανίσω
2902 449 3060 515 αὐτῷ
3090 449 3370 517 ἐμαυτόν.
3402 447 3513 503 Καὶ
3542 451 3717 505 πάλιν

487 581 580 637 ego
621 571 670 615 et
707 561 868 615 Pater
900 576 1064 623 meus,
1100 566 1145 611 et
1194 558 1520 612 mansionem
1562 556 1702 626 apud
1745 571 1862 607 eum
1898 553 2058 623 facie-

492 654 690 710 mus”.
724 652 815 707 Sic
874 651 1100 721 infinita:
1147 649 1452 703 clementia:
1502 647 1680 701 Patris
1725 646 1903 699 visum
1950 650 2055 710 est,

489 746 570 801 sic
629 740 1173 813 incomprehensibili
1236 737 1485 793 cbaritati
1550 735 1754 790 Christi
1802 733 2055 803 placuit:

491 838 573 893 sic
603 836 899 891 inefl‘abilis
930 833 1151 888 bonitas
1181 830 1418 900 Spiritus
1468 827 1741 898 promisit.
1767 825 1950 883 Gloria
1989 824 2060 881 sit

491 926 757 982 inefl‘abili
790 924 1183 980 misericordia:
1217 930 1417 977 sancta}
1438 919 1744 975 Trinitatis.

560 1110 671 1163 VII.
705 1109 806 1174 Qui
847 1109 989 1162 enim
1046 1107 1279 1161 evadere
1327 1105 1449 1159 Filii
1498 1104 1616 1168 Dei,
1640 1114 1697 1160 et
1737 1120 1804 1159 ex
1852 1103 2059 1173 Spiritu

492 1210 683 1255 sancto
730 1198 967 1267 desuper
1016 1197 1225 1251 renasci
1274 1196 1422 1265 digni
1473 1203 1602 1250 sunt
1652 1194 1847 1261 habiti,
1894 1202 2061 1263 atque

490 1290 769 1345 Christum
819 1287 1222 1341 illun’linantem
1277 1301 1341 1339 ac
1389 1294 1726 1340 recreantem
1767 1301 1863 1340 eos
1903 1286 1959 1338 in
2002 1300 2061 1340 se

492 1379 792 1449 possident,
821 1377 984 1429 variis
1018 1392 1080 1429 ac
1130 1376 1365 1429 diversis
1408 1374 1585 1428 modis
1616 1389 1647 1427 a
1694 1373 1901 1443 Spiritu
1924 1372 2060 1426 diri-

492 1482 716 1539 guntur,
758 1475 814 1521 et
840 1466 1191 1521 invisibiliter
1223 1465 1277 1518 in
1309 1464 1473 1519 corde
1512 1479 1635 1518 cum
1671 1463 1857 1532 requie
1896 1462 2061 1532 spiri-

497 1560 627 1614 tuali
673 1576 702 1613 a
742 1558 916 1629 gratia
960 1557 1259 1611 ducuntur.
1322 1556 1667 1611 Proferamus
1694 1570 1915 1609 veroex
1973 1553 2061 1617 iis,

493 1669 614 1720 quae
648 1652 703 1707 in
729 1650 935 1704 mundo
963 1658 1090 1703 sunt
1114 1648 1429 1716 conspicua,
1449 1663 1808 1717 personarum
1840 1648 2061 1717 ﬁguras,

497 1754 578 1808 ut,
604 1760 711 1813 qua
735 1743 949 1796 ratione
988 1740 1161 1811 gratia
1189 1740 1243 1792 in
1282 1740 1462 1793 anima
1503 1754 1562 1793 se
1599 1749 1771 1809 gerat,
1797 1740 1977 1808 aliqua
1996 1754 2065 1794 ex

2174 547 2579 611 Ἐλευσόμεθα
2624 544 2737 613 ἐγὼ
2784 542 2883 595 καὶ
2930 544 2962 595 ὁ
3001 540 3200 607 Πατήρ
3223 558 3379 609 μου,
3413 540 3513 593 καὶ
3535 543 3723 611 μονὴν

2157 638 2292 707 παρ’
2318 637 2479 703 αὐτῷ
2507 636 2860 704 ποιήσομεν.
2899 633 3083 695 Οὕτως
3114 635 3149 705 ἡ
3174 630 3403 704 ἄπειρος
3431 636 3723 706 χρηστότης

2154 730 2249 783 τοῦ
2283 732 2497 800 Πατρδς
2533 728 2795 798 ἠθέλησεν
2820 769 2834 791 ,
2887 726 3058 789 οὕτως
3096 727 3129 795 ἡ
3160 726 3516 795 ἀνεννότητος
3546 726 3726 798 ἀγάπη

2154 822 2250 877 τοῦ
2277 820 2511 895 Χριστοῦ
2540 822 2829 891 εὐδόκησεν
2856 861 2871 885 ,
2920 818 3092 882 οὕτως
3128 820 3162 888 ἡ
3194 817 3437 888 ἄρῤητος
3467 818 3725 888 άγαθότης

2157 915 2252 968 τοῦ
2297 914 2615 984 Πνεύματος
2662 912 3045 983 ἐπηγγείλατο.
3085 910 3220 973 Δόξα
3261 914 3329 981 τῇ
3379 911 3605 981 ἀρρήτῳ
3644 912 3727 963 εὐ-

2160 1006 2465 1076 σπλαγχνίᾳ
2492 1008 2589 1077 τῇς
2616 1005 2772 1073 ἁγίας
2799 1004 3045 1074 Τριάδος.

2229 1101 2303 1153 Ζ’.
2359 1099 2422 1149 Οἱ
2462 1098 2571 1166 γὰρ
2620 1095 3043 1161 καταξιωθέντες
3083 1094 3248 1148 τέκνα
3293 1092 3556 1161 γενέσθαι
3581 1093 3727 1158 Θεοῦ,

2160 1190 2252 1242 καὶ
2280 1191 2344 1242 ὲκ
2370 1187 2686 1257 Πνεύματος
2713 1186 2871 1253 ἁγίου
2904 1179 3109 1237 ἄνωθεν
3135 1183 3498 1253 γεννηθῆναι,
3529 1184 3625 1239 καὶ
3647 1184 3728 1235 τὸν

2160 1278 2393 1348 Χριστὸν
2428 1275 2640 1346 ἔχοντες
2672 1279 2729 1328 ὲν
2757 1275 2968 1337 ἑαυτοῖς
3000 1273 3351 1343 ἐλλάμποντα
3380 1273 3474 1325 καὶ
3501 1272 3729 1326 ἀναπαύ-

2160 1385 2289 1421 οντα
2338 1368 2570 1432 αὐτοὺς,
2628 1368 2686 1420 ὲν
2742 1365 3005 1428 ποικίλοις
3058 1366 3154 1417 καὶ
3197 1364 3483 1434 διαφόροις
3523 1364 3728 1432 τρόποις

2160 1459 2476 1528 Πνεύματός
2531 1459 2669 1511 εἰσιν
2717 1455 3106 1526 ὁδηγούμενοι,
3161 1456 3255 1509 καὶ
3298 1458 3552 1527 ἀοράτως
3587 1459 3641 1508 ὲν
3667 1459 3727 1526 τῇ

2163 1553 2388 1625 καρδία,
2440 1552 2497 1603 ἐν
2537 1548 2841 1604 ἀναπαύσει
2872 1550 3215 1618 πνευματικῇ
3250 1548 3360 1600 ὐπὸ
3390 1551 3491 1620 τῆς
3526 1548 3728 1617 χάριτος

2163 1643 2562 1715 ὲνεργούμενοι.
2598 1642 2869 1711 Πρόσωπα
2894 1642 2949 1693 δὲ
2979 1643 3043 1693 ὲκ
3068 1640 3178 1694 τῶν
3204 1640 3555 1709 φαινομένων
3578 1641 3633 1692 ἐν
3652 1639 3728 1691 κὸ⁴

2173 1756 2294 1809 σμῳ
2345 1735 2693 1790 ἀπολαύσεων
2742 1735 3094 1804 ὲνέγκωμεν,
3160 1734 3252 1787 καὶ
3306 1734 3367 1785 ὲν
3415 1732 3561 1801 ψυχῇ
3612 1734 3725 1785 ἀνα-

496 1812 651 1904 partc
686 1831 951 1901 exemplis
994 1830 1163 1883 veluti
1210 1830 1668 1885 demonstremus.
1699 1831 1838 1884 Sunt
1890 1830 2064 1885 inter-

2182 1829 2404 1901 προφάς
2457 1830 2555 1898 τῆς
2602 1828 2820 1898 χάριτος
2871 1828 2932 1877 ἐκ
2980 1826 3453 1895 παραδειγμάτων
3510 1824 3728 1895 μερικῶς

498 1925 651 1988 dum,
682 1923 775 1992 qui
809 1937 839 1975 a
873 1920 1049 1991 gratia
1077 1921 1376 1985 ducuntur,
1401 1929 1460 1974 ut
1486 1922 1578 1991 qui
1614 1921 1666 1974 in
1709 1936 1864 1974 caena
1916 1920 2063 1989 regia

504 2016 780 2079 laetantur,
810 2023 868 2068 et
900 2014 1177 2068 exsultant
1205 2014 1568 2068 exsultatione
1599 2029 1663 2067 ac
1708 2012 1893 2067 laetitia
1924 2012 2065 2067 inef-

504 2105 655 2159 fabili
695 2121 708 2155 :
743 2104 848 2156 alia
887 2119 1021 2157 vero
1074 2104 1208 2157 hora
1255 2103 1461 2158 similes
1502 2112 1629 2157 sunt
1664 2118 1895 2172 sponsae,
1947 2117 2069 2172 quae

500 2198 705 2252 fruitur
735 2195 789 2249 in
824 2196 1077 2266 conjugio
1129 2211 1253 2249 cum
1303 2210 1503 2265 sponso
1539 2210 1638 2248 suo
1670 2195 1948 2263 voluptate
1980 2194 2067 2247 di-

501 2285 649 2339 vina.
683 2286 995 2356 Aliquando
1046 2285 1183 2339 fiunt
1236 2286 1404 2340 veluti
1442 2285 1619 2355 angeli
1652 2284 1981 2353 incorporei,
2012 2284 2069 2337 in

503 2388 651 2433 tanta
684 2380 910 2434 levitate
940 2395 1001 2433 ac
1040 2379 1343 2433 subtilitate
1379 2394 1485 2431 una
1525 2394 1649 2432 cum
1677 2392 1906 2446 corpore
1935 2392 2069 2429 con-

501 2471 700 2526 stituti.
735 2472 1016 2527 Interdum
1040 2480 1187 2535 sunt,
1218 2480 1277 2525 ut
1299 2472 1392 2542 qui
1421 2478 1551 2542 potu
1583 2470 1841 2525 inebriati
1871 2480 1925 2525 et
1948 2468 2071 2539 Spi-

504 2566 613 2619 ritu
650 2566 1011 2627 delectantur,
1042 2566 1407 2630 inebriantur,
1444 2565 1712 2620 ebrietate
1753 2563 1965 2619 scilicet
1988 2561 2073 2617 di-

506 2656 761 2708 vinorum
807 2670 870 2709 ac
900 2654 1265 2724 spiritualium
1300 2654 1707 2727 mysteriorum.

573 2747 711 2802 VIII.
744 2748 1026 2802 Interdum
1054 2757 1184 2802 sunt
1211 2748 1364 2802 velut
1415 2749 1472 2802 in
1522 2748 1673 2802 luctu
1714 2755 1769 2801 et
1810 2746 2077 2801 lamenta-

506 2840 653 2893 tione
684 2847 909 2910 prOpter
953 2855 1131 2909 genus
1180 2840 1506 2903 humanum,
1558 2854 1624 2894 ac
1667 2837 1928 2909 precibus
1975 2852 2077 2907 pro

508 2939 624 2987 toto
658 2947 860 3002 genere
888 2931 1129 2986 humano
1158 2931 1372 2996 effusis,
1413 2929 1481 2985 ad
1502 2930 1791 3000 lacrymas,
1816 2938 1871 2984 et
1906 2929 1973 2983 ad
1996 2929 2079 2982 lu-

511 3034 661 3078 ctum
685 3024 1075 3094 prolabuntur,
1122 3023 1419 3079 dilectione
1439 3022 1712 3093 spirituali
1736 3038 1865 3093 erga
1893 3022 2081 3076 huma-

2166 1920 2600 1983 ὐποδεικνύντες.
2639 1920 2824 1972 Ἔστιν
2872 1919 2961 1971 ὅτε
2986 1919 3224 1986 γίνονται
3273 1918 3353 1980 ὠς
3404 1919 3462 1969 ὲν
3492 1916 3728 1987 βασιλικῷ

2166 2019 2364 2087 δείπνῳ
2400 2016 2812 2087 εὐφραινόμενοι
2833 2055 2848 2079 ,
2900 2016 2996 2067 καὶ
3029 2014 3403 2081 ἀγαλλιῶντες
3433 2013 3732 2080 ἀγαλλιάσει

2167 2112 2264 2165 καὶ
2295 2109 2604 2182 εὐφροσύνῃ
2636 2108 2984 2179 ἀνεκλαλήτῳ
3004 2125 3017 2139 ο
3072 2106 3207 2179 ἄλλῃ
3238 2106 3365 2177 ὥρᾳ
3400 2108 3537 2159 εἰσὶν
3564 2104 3732 2174 ὥσπερ

2168 2202 2353 2273 νύμφη
2428 2202 2908 2271 συναναπαυομένη
2972 2202 3030 2251 ὲν
3088 2200 3347 2270 κοινωνία
3405 2199 3484 2267 τῷ
3537 2197 3734 2268 νυμφίῳ

2172 2293 2342 2363 αὐτῆς
2373 2294 2678 2348 ἀναπαύσει
2708 2292 2886 2363 θεῖκῇ.
2918 2291 3135 2344 ’Λλλοτε
3166 2290 3415 2358 γίνονται
3445 2288 3627 2358 ὥσπερ
3649 2289 3734 2355 ἄγ-

2171 2390 2319 2458 γελοι
2370 2387 2650 2457 ἀσώματοι
2672 2426 2686 2449 ,
2736 2387 2795 2439 ὲν
2837 2387 3072 2455 τοσαύτῃ
3104 2384 3403 2453 κουφότητι
3435 2383 3583 2445 ὄντες
3613 2380 3732 2451 μετά

2170 2482 2265 2536 τοῦ
2314 2480 2599 2550 σώματος·
2653 2477 2841 2533 ἄλλοτέ
2890 2480 3027 2530 εἰσιν
3070 2475 3260 2545 ὥσπερ
3304 2476 3363 2528 ὲν
3398 2474 3537 2548 μέθῃ
3563 2473 3728 2537 ποτοῦ,

2174 2573 2589 2643 εὐφραινόμενοι
2638 2572 2731 2623 καὶ
2785 2569 3074 2640 μεθύοντες
3110 2567 3189 2638 τῷ
3226 2568 3544 2635 Πνεύματι,
3582 2566 3729 2636 μέθην

2176 2667 2335 2720 θείων
2368 2663 2683 2736 μυστηρίων
2712 2660 3117 2731 πνευματικῶν.

2247 2758 2329 2812 Il'.
2390 2754 2614 2808 Ἀλλοτέ
2658 2754 2796 2807 είσιν
2852 2753 2927 2815 ὡς
2975 2754 3032 2806 ὲν
3079 2751 3345 2822 κλαυθμῷ
3400 2750 3493 2804 καὶ
3539 2745 3730 2818 ὀδυρμῷ

2180 2850 2317 2922 ὑπὲρ
2347 2849 2439 2903 τοῦ
2470 2849 2658 2915 γένους
2687 2846 2796 2900 τῶν
2821 2845 3124 2916 ἀνθρώπων
3143 2887 3157 2911 ,
3209 2845 3305 2897 καὶ
3335 2845 3584 2915 δεόμενον
3615 2840 3729 2905 ὑπὲρ

2178 2941 2301 2995 ὅλου
2346 2939 2442 2994 τοῦ
2479 2939 2649 3009 Ἀδὰμ
2672 2979 2687 3003 ,
2746 2938 2938 3002 πένθος
2985 2938 3079 2990 καὶ
3122 2936 3401 3005 κλαυθμὸν
3442 2930 3727 3001 ἀναλαμόἁ-

2181 3048 2362 3087 νουσιν
2412 3031 2517 3084 ὑπὸ
2559 3032 2657 3100 τῆς
2684 3031 2906 3100 ἀγάπης
2944 3029 3038 3082 τοῦ
3075 3028 3398 3097 Πνεύματος
3432 3029 3506 3090 είς
3536 3025 3626 3095 τὴν
3649 3022 3726 3074 ἀν-

509 3132 640 3170 ηυιιι
670 3132 843 3187 genus
874 3118 1115 3171 accensi.
1156 3116 1439 3171 Interdum
1473 3131 1603 3171 vero
1648 3116 1717 3170 ad
1747 3123 1953 3169 tantam
1982 3131 2080 3170 ex-

2185 3122 2514 3194 θρωπότητα
2557 3120 2926 3190 ἐκκαιόμενοι.
2974 3118 3197 3171 Ἀλλοτε
3234 3120 3294 3170 ἐν
3324 3114 3554 3185 τοσαύτῃ
3587 3110 3728 3179 ἀγαλ-

511 3208 867 3263 sultationcm
894 3223 957 3261 ac
988 3206 1340 3262 dilectionem
1360 3222 1389 3261 a
1410 3207 1622 3277 Spiritu
1650 3205 2078 3275 inflammantur,

513 3307 593 3365 ut,
626 3298 672 3352 si
727 3297 847 3353 fleri
878 3297 1076 3368 possit,
1112 3314 1305 3352 omnes
1354 3298 1606 3352 homines
1656 3298 1711 3351 in
1743 3313 1843 3352 sua
1876 3297 2085 3353 viscera

515 3388 874 3459 conjicerent,
910 3388 1064 3441 nulla
1112 3404 1216 3443 nec
1256 3387 1526 3443 bonorum
1567 3403 1670 3443 nec
1698 3387 1968 3442 malorum
1997 3387 2088 3447 ha-

514 3483 630 3536 bita
685 3480 919 3541 ratione,
974 3481 1259 3535 Interdum
1319 3496 1452 3535 vero
1522 3481 1888 3536 demittuntur
1942 3480 2086 3535 infra

516 3589 708 3630 omnes
742 3575 997 3629 homines
1024 3574 1077 3627 in
1105 3574 1419 3629 humilitate
1450 3573 1714 3644 Spiritus,
1750 3583 1889 3631 utse
1937 3574 2088 3646 ipsos

516 3667 765 3722 omnium
796 3666 1180 3737 abjectissimae
1210 3682 1273 3720 ac
1306 3665 1506 3721 infimae
1540 3666 1875 3721 conditionis
1917 3683 2087 3737 repu-

517 3768 657 3813 tent.
694 3758 977 3812 Interdum
1028 3759 1084 3814 in
1116 3759 1316 3829 gaudio
1359 3758 1623 3815 ineffabili
1653 3774 1684 3813 a
1720 3759 1926 3830 Spiritu
1958 3774 2091 3813 con-

519 3862 831 3906 servantur.
886 3850 1165 3905 lnterdum
1226 3859 1355 3906 sunt
1402 3852 1553 3906 velut
1601 3850 1760 3906 fortis
1789 3851 2086 3921 quispiam,

516 3942 635 4011 qui,
665 3930 979 3996 universam
1034 3950 1372 3996 armaturam
1422 3942 1566 4012 regis
1618 3942 1877 4008 induens,
1911 3951 1967 3998 et
2031 3942 2091 3997 in

518 4033 767 4103 przelium
802 4030 1162 4096 descendens,
1200 4031 1463 4089 adversas
1511 4032 1699 4088 hostes
1744 4032 1963 4088 fortiter
2007 4032 2093 4088 di,-

520 4124 721 4189 micat,
776 4138 982 4192 eosque
1036 4112 1230 4178 vincit.
1280 4123 1488 4180 Eodem
1565 4125 1730 4180 modo
1787 4124 2093 4195 Spiritualis

521 4221 710 4286 homo,
746 4219 1043 4288 assumptis
1070 4219 1392 4275 ccelestibus
1420 4220 1590 4277 armis
1619 4220 1877 4289 Spiritus,
1905 4220 2094 4274 hostes

522 4312 750 4377 invadit,
784 4311 1087 4381 praelioque
1110 4312 1406 4368 commisso
1442 4313 1671 4384 subjicit
1703 4313 1829 4371 illos
1858 4312 2094 4383 pedibus

525 4401 719 4455 suis".

2183 3216 2359 3269 λιάσει
2402 3214 2494 3267 καὶ
2530 3213 2721 3283 ἀγάπῃ
2757 3213 2861 3265 ὑπὸ
2890 3210 2984 3264 τοῦ
3018 3211 3341 3281 Πνεύματος
3373 3204 3728 3276 ὲκπυρούνται,

2183 3304 2298 3368 ὡς,
2354 3304 2403 3356 εἰ
2450 3302 2716 3367 δυνατὸν,
2772 3302 2947 3355 πάντα
3001 3299 3291 3367 ἄνθρωπον
3346 3301 3404 3353 ἐν
3452 3300 3558 3359 τοῖς
3605 3292 3729 3350 ἰδίοις

2188 3394 2515 3463 σπλάγχνοις
2570 3390 2832 3462 ὲμῆαλεῖν
2856 3431 2871 3455 ,
2934 3392 3008 3460 μὴ
3053 3391 3423 3461 διακρίνοντες
3455 3385 3612 3441 κακὸν
3643 3377 3733 3436 ἀπὸ

2186 3488 2392 3557 ἀγαθοῦ
2423 3506 2438 3518 ’
2510 3487 2697 3543 ἄλλοτε
2761 3484 3013 3539 τοσοῦτον
3072 3484 3455 3537 ταπεινοῦνται
3511 3475 3732 3532 ὑποκάτω

2187 3581 2387 3642 παντὸς
2414 3579 2701 3649 ἀνθρώπου
2734 3580 2791 3630 ὲν
2816 3575 3290 3646 ταπεινοφροσύνῃ
3313 3574 3404 3627 τοῦ
3432 3569 3729 3638 Πνεύματος.

2188 3674 2263 3737 ὡς
2296 3673 2523 3735 ἑαυτοὺς
2546 3671 2764 3726 πάντων
2788 3669 3192 3741 ὲσχατωτέρους
3220 3668 3320 3724 καὶ
3341 3666 3587 3722 ἐλάττους
3606 3654 3731 3725 νομί-

2189 3765 2557 3829 ζειν.“⁹Αλλοτε
2583 3766 2639 3816 ὲν
2664 3762 2812 3834 χαρᾷ
2831 3760 3182 3832 ἀνεκλαλήτῳ
3208 3759 3315 3812 ὐπὸ
3337 3757 3431 3811 τοῦ
3455 3752 3729 3820 “vanitiem;

2189 3855 2825 3927 διατηροῦνται.”Αλλοτέ
2848 3855 2985 3909 εἰσιν
3012 3852 3197 3921 ὥσπερ
3220 3870 3307 3915 τις
3328 3848 3559 3910 δυνατὸς,
3580 3838 3726 3895 λαθὼν

2188 3950 2489 4011 ,πανοπλίαν
2524 3947 2842 4019 βασιλικὴν,
2893 3946 2987 4000 καὶ
3018 3944 3307 4013 κατελθὼν
3340 3946 3397 3997 ἐν
3425 3939 3628 4006 πολέμῳ
3650 3928 3724 3980 ἐπὶ

2191 4040 2316 4103 τοὺς
2350 4039 2578 4109 ἐχθροὺς
2630 4037 2866 4108 ἰσχυρῶς
2896 4034 3333 4102 καταγωνίσεται
3366 4031 3574 4089 τούτους
3594 4020 3714 4109 νική-

2196 4147 2314 4192 σας.
2358 4106 2589 4198 ’ὁμοίως
2760 4106 2880 4181 καὶ
2925 4125 3301 4194 πνευματικὸς
3336 4120 3577 4191 λαμϐάνει
3604 4106 3714 4162 ὅπλα.

2190 4202 2496 4289 ¹ἐπουράνιοι
2540 4218 2631 4272 τοῦ
2680 4218 2993 4289 Πνεύματος
3019 4257 3035 4281 ,
3102 4216 3197 4267 καὶ
3244 4218 3338 4268 ἐπὶ
3379 4213 3500 4274 τούς
3537 4199 3717 4289 ἐχθροὺξ

2194 4298 2520 4381 κατέρχεται
2552 4311 2646 4364 καὶ
2677 4310 2929 4380 πολεμεῖ,
2951 4309 3043 4363 καὶ
3074 4307 3405 4360 ὐποστάσσει
3434 4300 3611 4357 αὐτοὺς
3638 4285 3722 4342 ὖπδ

2194 4407 2322 4468 τοὺς
2352 4404 2519 4467 πόδας
2550 4402 2738 4461 αὐτοῦ.

597 4490 685 4544 IX.
725 4489 1006 4544 Interdum
1050 4491 1106 4545 in
1154 4507 1368 4547 summo
1409 4493 1650 4558 silentio,
1696 4492 2080 4562 tranquillitate

2267 4495 2345 4549 8’;
2386 4494 2609 4547 Ἀλλοτε
2660 4496 2719 4547 ὲν
2764 4494 2933 4564 πολλῇ
2980 4510 3088 4546 τινι
3129 4490 3364 4563 ἠσυχίᾳ,
3410 4487 3501 4541 καὶ
3535 4474 3727 4564 γαλήνῃ»

526 4590 583 4634 et
607 4596 742 4651 pace
797 4581 1100 4650 requiescit
1151 4582 1354 4647 anima,
1392 4583 1447 4639 in
1476 4583 1593 4638 sola
1637 4584 1908 4655 spirituali
1936 4587 2096 4640 volu-

529 4684 700 4745 ptate,
730 4682 786 4729 et
822 4673 1087 4729 ineffabili
1120 4675 1313 4744 requie
1357 4684 1519 4744 atque
1570 4675 1625 4729 in
1688 4677 1899 4745 optimo
1951 4686 2097 4735 statu

526 4766 814 4821 exsistens.
840 4765 1122 4819 Interdum
1146 4764 1206 4818 in
1230 4764 1593 4835 intelligentia
1632 4765 1865 4834 quadam
1901 4783 1965 4821 ac
2007 4784 2096 4823 sa-

528 4858 736 4927 pientia
768 4856 1055 4922 ineffabili,
1083 4866 1140 4911 et
1166 4856 1365 4910 notitia
1410 4855 1648 4926 Spiritus
1690 4857 2035 4913 inscrutabili
2066 4875 2097 4914 a

530 4951 701 5021 gratia
728 4950 1057 5013 instituitur,
1100 4949 1247 5003 circa
1278 4963 1363 5012 ea,
1396 4964 1519 5017 quae
1550 4949 1858 5020 neclingua
1884 4966 1987 5006 nec
2006 4966 2103 5008 ore

535 5044 723 5099 efferri
768 5053 997 5113 queunt.
1046 5041 1328 5096 Interdum
1363 5051 1423 5095 ut
1488 5041 1669 5111 quivis
1708 5043 1991 5099 hominum
2020 5044 2101 5101 fit.

536 5138 617 5191 Ita
646 5135 795 5191 varie
841 5135 1016 5205 gratia
1072 5142 1326 5188 versatur
1380 5133 1435 5187 in
1488 5133 1576 5198 iis,
1608 5149 1672 5189 ac
1700 5135 1887 5190 multis
1926 5137 2104 5192 modis

541 5228 692 5282 ducit
722 5228 982 5288 animam,
1004 5241 1265 5282 recreans
1292 5227 1447 5297 juxta
1474 5226 1814 5284 voluntatem
1839 5227 2102 5296 divinam,

541 5327 871 5389 exercetque
929 5335 1049 5373 eam
1093 5317 1571 5380 diversimode,ut
1620 5319 1768 5375 illam
1816 5320 2103 5391 integram,

540 5414 651 5481 80
708 5410 1251 5487 irreprehensibilem
1294 5419 1460 5479 atque
1507 5426 1702 5481 puram
1747 5412 1891 5482 apud
1945 5413 2110 5469 cmle-

543 5513 681 5557 Stem
710 5502 929 5555 Patrem
959 5500 1279 5555 constituat.

615 5592 684 5645 Χ.
709 5592 978 5647 Caeterum
1017 5590 1290 5663 praedicta
1328 5592 1415 5647 hac
1463 5591 1702 5663 Spiritus
1746 5596 2111 5667 operationcs,

2204 4589 2238 4660 ἡ
2268 4588 2414 4659 ψυχὴ
2445 4586 2782 4641 ἀναπαύεται
2806 4627 2819 4649 ,
2862 4562 2941 4649 εἰς
2978 4584 3147 4655 μόνην
3178 4562 3730 4659 ἡδονὴν-πνευματικὴν

2203 4659 2298 4735 καὶ
2316 4681 2631 4757 ¹ἀνόιποιυςην
2665 4678 2905 4750 άῤῥητον
2932 4674 3086 4741 οὖσα,
3125 4676 3215 4728 καὶ
3242 4671 3512 4742 εὐθηνίαν.
3541 4659 3731 4757 Ἀἶκλοξε

2194 4777 2263 4841 ,ἐν
2291 4754 2507 4829 συνέσει
2529 4754 2635 4824 τινὶ
2664 4771 2759 4824 καὶ
2790 4758 2953 4840 σοφίᾳ
2976 4769 3222 4841 ἀρρήτῳ,
3256 4767 3351 4820 καὶ⁸
3377 4758 3564 4831 γνώσει
3588 4754 3732 4804 Ilvati-

2210 4882 2378 4936 ματος
2426 4861 2851 4932 ἀνεξερευνὴτου
2910 4862 3015 4914 ὑπὸ
3063 4861 3161 4930 τῆς
3208 4846 3424 4928 χάριτος
3469 4844 3733 4936 σοφίζεται,

2192 4938 2351 5026 ¹άπερ
2393 4956 2482 5017 διὰ
2526 4952 2778 5023 γλώσσης
2814 4952 2909 5006 καὶ
2941 4952 3207 5023 στόματος
3236 4948 3463 5017 λαλῆσαι
3487 4935 3731 5035 ἀδύνῗῖονί

2214 5025 2438 5104 Ἀλλοτε
2489 5048 2681 5117 ὥσπερ
2723 5042 2801 5110 εἷς
2836 5044 2944 5099 τῶν
2975 5043 3277 5123 ἀνθρώπων
3301 5040 3566 5109 γίγνεται.
3602 5025 3734 5123 ρῦτω

2196 5130 2473 5206 ποικίλως
2517 5125 2575 5195 ὲν
2616 5144 2799 5205 αὐτοῖς
2839 5145 2872 5211 ἡ
2905 5142 3063 5213 χάρις
3094 5140 3510 5209 ἀναστρέφεταιν
3545 5121 3734 5213 “1,730.-

2212 5233 2492 5307 λυτρόπως
2522 5236 2706 5305 ὁδηγεῖ
2737 5235 2832 5304 τὴν
2861 5234 3037 5303 ψυχὴν
3062 5230 3411 5289 ἁναπαύουσα
3440 5216 3570 5274 κατὰ
3593 5210 3645 5263 τὸ
3663 5201 3736 5307 θέ-

2212 5295 2363 5396 λημα
2397 5295 2489 5379 τού
2521 5295 2690 5390 (dedit,
2738 5295 2834 5379 καὶ
2868 5295 3134 5397 γυμνάζει
3167 5323 3332 5399 αὐτὴν
3361 5312 3628 5379 διαφόρως.
3666 5295 3735 5400 ἶξσξ

2213 5418 2425 5471 τελείαν
2481 5419 2576 5472 καὶ
2620 5419 2849 5489 ἄμωμον
2903 5416 2998 5470 καί
3042 5416 3285 5487 καθαρὰν
3347 5408 3421 5478 τῷ
3467 5397 3736 5464 ἐπουρανίῳ

2217 5510 2393 5580 Πατρὶ
2422 5510 2870 5583 ἀποκαταστήσῃ.

2410 5599 2595 5655 Ταῦτα
2627 5600 2683 5654 δὲ
2730 5563 2802 5655 τά
2822 5563 3211 5671 δῖπροειρημένα
3236 5592 3327 5649 τοῦ
3351 5584 3638 5652 Πνεύματος
3663 5563 3735 5613 ἐν’

620 5764 665 5797 ⁹¹
693 5765 850 5819 Joan.
883 5782 979 5833 xn,
1008 5767 1100 5823 ‘2l.
1175 5767 1395 5826 "Joan.
1424 5786 1533 5838 xw,
1558 5769 1647 5827 25.
1726 5772 1770 5807 9‘
1806 5772 2007 5844 Ephes.
2035 5789 2109 5842 vl,
2152 5774 2217 5828 1‘2
2240 5790 2356 5845 seq.
