3966 6440
372 378 474 443 εει

1600 377 1953 443 HOMILLE
2000 401 2070 417 -
2106 378 2292 440 HOM.
2332 379 2498 445 XIX.

3564 376 3671 440 642

374 490 690 560 εργήματα,
737 491 990 561 μεγάλων
1020 488 1237 562 μέτρων
1266 492 1374 548 εἰσὶ
1410 490 1520 546 τῶν
1548 491 1718 560 ἐγγὺς
1750 492 1850 560 τῆς
1875 505 1965 541 τε·

2081 487 2139 542 ιιι
2169 502 2452 544 summum
2485 486 2716 560 gradum
2739 489 3022 560 pertinent
3047 506 3265 557 eorum,
3294 487 3390 562 qui
3414 504 3667 563 proxime

372 580 653 651 λειότητος
681 581 874 635 ὅντων.
924 583 993 634 At
1027 582 1136 651 γάρ
1184 583 1585 654 προειρημέναι
1616 584 1715 654 τῆς
1747 583 1973 654 χ’άριτος

374 672 625 726 ποικίλαι
654 672 1013 738 ἀναπαύσεις,
1044 673 1321 744 διαφόρως
1350 675 1451 743 μὲν
1476 674 1787 741 λαλοῦνται,
1820 674 1975 727 ἀδια-

376 762 618 825 λείπτως
664 764 724 817 δὲ
776 765 855 828 είς
903 766 1102 829 αὐτοὺς
1150 767 1531 837 ἑνεργοῦνται,
1567 767 1851 838 ἐνέργειαν
1881 767 1973 819 ιν·-

375 855 601 925 εργείας
649 854 1057 926 διαδεχομένης.
1094 856 1268 911 Ὅταν
1308 859 1417 929 γὰρ
1455 860 1488 929 ή
1519 857 1668 929 ψυχή
1704 858 1845 928 πρὸς
1872 858 1975 928 τὴν

376 947 699 1016 τελειότητα
729 946 825 999 τοῦ
854 948 1180 1017 πνεύματος
1208 950 1554 1023 καταντήσῃ,
1586 949 1808 1013 τελείως
1834 949 1975 1003 πάνυ

376 1055 492 1091 των
518 1038 628 1091 τῶν
654 1037 844 1091 παθῶν
874 1038 1379 1110 ἀποκαθαρισθεῖσα
1397 1081 1413 1105 ,
1445 1043 1540 1095 καί⁵
1568 1041 1648 1112 τῷ
1674 1041 1973 1113 Παρακλή-

377 1145 461 1197 τῳ
490 1126 772 1196 Πνεύματι
822 1127 913 1181 διὰ
961 1128 1059 1198 τῆς
1104 1132 1347 1201 ἀρρήτου
1390 1132 1677 1195 κοινωνίας
1707 1133 1974 1185 ἑνωθεῖσα

378 1220 479 1272 καὶ
522 1218 891 1288 ἀνακραθεῖσα
914 1258 931 1282 ,
981 1221 1077 1274 καὶ
1114 1222 1426 1293 καταξιωθῇ
1469 1222 1687 1294 πνεῦμα
1713 1222 1975 1291 γενέσθαι

380 1309 808 1379 συγκεκραμένη
865 1309 944 1380 τῷ
1002 1309 1308 1381 Πνεύματι,
1364 1314 1486 1367 τότε
1537 1314 1633 1385 ὅλη
1679 1316 1829 1385 φῶς,
1877 1314 1973 1384 ὅλη

370 1398 659 1469 aecum;
676 1440 693 1464 ,
722 1399 817 1470 ὅλη
868 1400 1119 1471 πνεῦμα,
1164 1403 1283 1458 ὅλον
1305 1404 1478 1475 χαρά,
1504 1406 1625 1459 ὅλον
1651 1405 1973 1469 ἀνάπαυσις,

372 1490 502 1543 ὅλον
547 1489 870 1557 ἀγαλλίασις
889 1528 905 1555 ,
951 1491 1075 1546 ὅλον
1106 1493 1333 1565 ἀγάπη,
1365 1495 1486 1548 ὅλον
1517 1494 1823 1565 σπλάγχνα,
1855 1495 1975 1548 ὅλον

373 1581 653 1651 ἀγαθότης
676 1583 771 1636 καὶ
789 1584 1096 1656 χρηστότης
1115 1586 1565 1661 γίνεται.Ὥσπερ
1586 1589 1695 1661 γὰρ
1720 1592 1775 1643 ὲν
1807 1588 1977 1644 ἀϐύσ-

377 1689 464 1743 σῳ
515 1674 792 1746 θαλάσσης
842 1675 990 1740 λίθος
1040 1679 1376 1749 πανταχόθεν
1430 1679 1582 1735 ὕδατι
1634 1680 1973 1751 περιέχεται·

373 1763 556 1828 οὕτως
583 1759 760 1829 οὗτοι,
821 1769 989 1822 παντὶ
1028 1771 1217 1841 τρόπῳ
1262 1770 1544 1841 Πνεύματι
1585 1771 1730 1843 ἁγίῳ
1777 1772 1978 1826 ἀνακε-

373 1853 688 1923 κραμένοι,
742 1855 1137 1929 ἀείρομοιοῦνται
1191 1859 1271 1930 τῷ
1316 1861 1571 1932 Χριστῷ,
1626 1863 1727 1926 τὰς
1776 1862 1979 1934 ἀρετὰς

374 1946 483 2016 τῆς
526 1947 809 2018 δυνάμεως
864 1948 961 2004 τοῦ
994 1950 1318 2023 Ηνεύματος
1351 1954 1641 2025 ἀτρέπτως
1679 1957 1737 2008 ὲν
1764 1954 1980 2018 ἑαυτοῖς

376 2037 635 2106 ἔχοντες,
674 2038 882 2097 ἔσωθεν
896 2040 1063 2107 ’ὄντες
1087 2043 1313 2116 ἄμωμοι
1335 2085 1351 2112 ,
1385 2045 1482 2100 καὶ
1511 2044 1732 2101 ἄσπιλοι
1761 2046 1855 2099 καὶ
1880 2063 1979 2100 κα·

376 2129 563 2201 θαροί.

460 2224 561 2279 IA'.
600 2224 701 2279 Διά
727 2224 838 2298 γὰρ
868 2225 964 2280 τοῦ
994 2226 1317 2297 Πνεύματος
1349 2226 1829 2299 καταρτισθέντες,
1859 2224 1978 2288 πῶς

369 2314 636 2369 δύνανται
681 2315 894 2386 καρπὸν
937 2315 1135 2380 ἔξωθεν
1166 2318 1366 2380 κακίας
1400 2318 1773 2387 προαγαγεῖν;
1817 2315 1977 2369 Ἀλλά

377 2406 614 2459 πάντοτε
665 2404 756 2458 διὰ
807 2404 1066 2469 πάντων,
1117 2406 1168 2457 οί
1204 2405 1413 2476 καρποὶ
1442 2403 1537 2457 τοῦ
1565 2404 1889 2474 Πνεύματος
1918 2403 1977 2456 ὲν

372 2496 568 2559 αὐτοῖς
628 2494 1018 2565 διαλάμπουσι.
1094 2495 1587 2565 Παρακαλέσωμεν
1637 2493 1820 2547 τοίνυν
1883 2493 1977 2546 καὶ

374 2586 544 2653 ἡμεῖς
558 2582 648 2637 τὸν
670 2585 824 2646 Θεὸν,
845 2584 940 2637 καὶ
967 2583 1352 2654 πιστεύσωμεν
1379 2584 1437 2637 ὲν
1460 2584 1652 2655 ἀγάπῃ
1677 2584 1770 2636 καὶ
1798 2581 1976 2635 ἐλπίδι

376 2674 594 2746 πολλῇ,
650 2674 737 2728 ἴνα
790 2675 902 2745 δῴη
949 2677 1081 2746 ἡμῖν
1136 2676 1236 2747 τὴν
1286 2675 1612 2746 ἐπουράνιον
1665 2676 1826 2745 χάριν
1875 2677 1975 2744 τῆς

372 2766 590 2837 δωρεᾶς
615 2766 709 2820 τοῦ
736 2766 1075 2837 Πνεύματος,
1109 2768 1197 2821 ἴνα
1224 2767 1318 2820 καὶ
1338 2769 1371 2838 η
1381 2768 1488 2836 μᾶς
1512 2764 1645 2819 αὐτὸ
1667 2767 1731 2819 τὸ
1751 2765 1975 2835 Πνεῦμα

376 2858 694 2930 κυϐερνήσει
723 2859 819 2913 καὶ
845 2858 1092 2932 όδηγήσῃ
1122 2860 1201 2923 είς
1229 2860 1339 2911 πᾶν
1367 2859 1429 2912 τὸ
1454 2858 1671 2929 θέλημα
1699 2857 1792 2911 τοῦ
1807 2858 1972 2922 Θεοῦ,

376 2951 478 3004 καὶ
523 2950 815 3021 ἀναπαύσῃ
846 2952 995 3023 ἡμᾶς
1028 2952 1087 3005 ὲν
1118 2953 1185 3024 τῇ
1217 2950 1556 3022 ποικιλότητι
1587 2950 1690 3021 τῆς
1718 2949 1972 3005 ἀναπαύ-

373 3057 522 3103 σεως
557 3040 724 3095 αὐτοῦ
745 3079 763 3106 ,
802 3041 888 3094 τνα
925 3042 1019 3095 διά
1045 3041 1145 3111 τῆς
1177 3040 1431 3111 τοιαύτης
1462 3041 1843 3112 κυὸερνήσεως
1875 3041 1972 3095 καὶ

373 3133 477 3184 τοῦ
508 3131 839 3204 γυμνασμοῦ
865 3134 965 3203 τῆς
992 3133 1239 3204 χάριτος,
1276 3135 1372 3187 καὶ
1402 3134 1691 3205 προκοπῆς
1720 3149 1971 3199 πνευμα-

371 3222 558 3292 τικῆς,
577 3221 1009 3293 καταξιωθῶμεν
1042 3224 1123 3287 είς
1152 3223 1251 3293 τὴν
1282 3224 1597 3294 τελειότητα
1626 3222 1721 3277 τοῦ
1751 3224 1974 3295 πληρώ-

373 3329 551 3382 ματος
583 3312 681 3366 τοῦ
710 3312 947 3383 Χριστοῦ
985 3312 1189 3382 φθάσαι
1212 3354 1229 3380 ,
1266 3313 1342 3378 ὥς
1374 3331 1540 3385 φησιν
1564 3316 1594 3367 ὅ
1618 3314 1963 3380 ’Δπόστολος’

377 3402 518 3454 Ἵνα
571 3400 930 3469 πληρωθῆτε
970 3403 1061 3467 είς
1106 3401 1235 3458 πᾶν
1275 3403 1341 3456 τὸ
1375 3403 1670 3473 πλήρωμα
1701 3404 1810 3457 τοῦ
1838 3406 1971 3473 Χρι-

368 3490 551 3546 στοῦ’
585 3492 683 3546 καὶ
710 3492 874 3548 πάλιν
893 3529 910 3558 ,
942 3495 1134 3563 Μέχρι
1161 3493 1637 3563 καταντήσωμεν
1666 3497 1720 3549 οἱ
1745 3493 1969 3562 πάντες

368 3585 470 3648 είς
494 3581 688 3651 ἄνδρα
710 3582 967 3647 τέλειον,
993 3587 1081 3650 εὶς
1098 3584 1321 3653 μέτρον
1338 3584 1583 3651 ’ἡλικίας
1606 3586 1711 3639 τοῦ
1731 3586 1973 3654 πληρώ-

365 3692 562 3745 ματος
606 3675 716 3731 τοῦ
763 3676 1049 3745 Χριστοῦ.
1101 3677 1495 3747 Ἐπηγγείλατο
1527 3678 1557 3729 ὅ
1588 3677 1792 3747 Κύριος
1834 3679 1968 3732 πᾶσι

373 3769 492 3829 τοῖς
537 3766 887 3821 πιστεύουσιν
927 3767 1078 3837 αὑτῴ
1100 3808 1113 3833 ,
1162 3769 1259 3820 καὶ
1286 3768 1628 3838 αἰτουμένοις
1658 3771 1716 3822 ὲν
1739 3767 1970 3839 ἀληθείᾳ

373 3856 731 3928 δωρήσασθαι
760 3857 829 3911 τά
861 3861 1141 3929 μυστήρια
1170 3859 1267 3929 τῆς
1292 3860 1536 3931 ἀρρήτου
1564 3860 1849 3922 κοινωνίας
1873 3853 1966 3912 τοῦ

376 3947 723 4019 Πνεύματος.
785 3950 894 4003 Καὶ
950 3951 1111 4020 ἡμεῖς
1152 3947 1247 4002 οὖν
1291 3948 1553 4012 ὁλοτελῶς
1602 3949 1831 4013 ἑαυτοὺς
1887 3949 1968 4020 τῷ

373 4040 570 4111 Κυρίῳ
602 4041 896 4105 ἀναθέντες
924 4038 1047 4095 ’τῶν
1082 4039 1500 4112 προειρημένων
1526 4038 1750 4108 ἀγαθῶν
1783 4043 1967 4111 τυχεῖν

376 4132 740 4203 σπεύσωμεν,
797 4132 945 4203 ψυχῇ
998 4134 1096 4185 καὶ
1144 4132 1361 4202 σώματι
1396 4132 1833 4203 ἀφιερωθέντες,
1870 4134 1967 4187 καὶ

370 4224 457 4295 τῷ
497 4225 717 4297 σταυρῷ
760 4225 856 4278 τοῦ
892 4224 1131 4295 Χριστοῦ
1176 4224 1652 4295 προσηλωθέντες,
1692 4226 1834 4292 ἄξιοι
1866 4227 1969 4298 τῆς

369 4315 598 4369 αἰωνίου
650 4316 930 4387 βασιλείας
979 4314 1308 4387 γενώμεθα,
1364 4315 1679 4382 δοξάζοντες
1722 4319 1963 4390 Πατέρα,

374 4408 474 4465 καὶ
496 4408 644 4473 Υίδν,
669 4410 764 4463 καὶ
789 4409 943 4477 ἀγιον
974 4407 1218 4478 Πνεῦμα,
1246 4408 1328 4473 είς
1357 4408 1484 4471 τοὺς
1508 4408 1735 4465 αίῶνα·.
1767 4410 1963 4481 Ἀμήν.

977 4522 1222 4575 ΟΜΙΛΙΑ
1256 4521 1357 4575 18'.

375 4614 445 4667 Ol
467 4614 812 4682 Χριστιανοὶ
836 4630 909 4682 πί
919 4616 1205 4668 οκόπτειν
1228 4614 1327 4667 καί
1347 4612 1719 4677 αὐξάνεσθαι
1736 4616 1963 4678 ,ϐουλό-

441 4701 608 4753 μενοι
670 4685 1028 4753 ὀφείλουσιν
1053 4684 1310 4750 ἑαυτοὺς
1332 4684 1646 4748 ,βιάζεσθαι
1674 4686 1817 4751 πρὸς
1839 4685 1963 4739 πᾶν

445 4755 511 4806 τὸ
548 4754 810 4822 ἀγαθὸν,
860 4754 1016 4807 ὥστε
1053 4754 1425 4823 λυτριπῦσθαι
1448 4753 1675 4819 αὐτοὺς
1702 4757 1820 4809 ἀπὸ
1852 4753 1963 4822 τῆς

445 4824 809 4895 ἐνοικούσης
856 4824 1184 4893 ἁμαρτίας,
1245 4824 1344 4877 καί
1390 4826 1741 4893 Πνεύματος
1787 4824 1962 4895 ἁγίου

446 4892 843 4961 πληροῦσθαι.

445 5014 525 5064 Αν.
566 5011 624 5065 '0
655 5009 982 5082 βουλόμενος
1008 5010 1330 5081 προσελθεῖν
1354 5011 1433 5081 τῷ
1460 5011 1670 5084 Κυρίῳ,
1698 5012 1791 5065 καὶ
1816 5010 1961 5082 ζωῆς

370 5101 597 5155 αἰωνίου
618 5099 1028 5170 καταξιωθῆναι
1051 5103 1146 5156 καὶ
1168 5104 1588 5173 κατοικητήριον
1609 5103 1703 5156 τοῦ
1722 5102 1959 5173 Χριστοῦ

369 5191 667 5261 γενέσθαι,
721 5194 815 5247 καὶ
864 5193 1184 5263 Πνεύματος
1231 5193 1388 5260 ἀγίου
1444 5194 1836 5266 πληρωθῆναι,
1874 5194 1962 5248 ἵνα

369 5281 501 5343 τοὺς
555 5282 804 5353 καρποὺς
863 5279 959 5333 τοῦ
1019 5281 1333 5352 Πνεύματος
1363 5323 1378 5347 ,
1445 5282 1538 5335 καὶ
1590 5283 1690 5347 τὰς
1742 5283 1961 5348 ὲντολάς

368 5370 468 5425 τοῦ
494 5372 731 5442 Χριστοῦ
763 5372 963 5444 δυνηθῇ
998 5374 1218 5445 ποιῆσαι
1261 5374 1517 5444 καθαρῶς
1560 5376 1653 5428 κα)⁸
1688 5376 1957 5448 ἀμώμως,

367 5461 527 5530 οὗτος
568 5466 777 5537 ὀφείλει
808 5464 1077 5535 ἄρξασθαι
1111 5466 1327 5537 πρῶτον
1360 5465 1637 5518 πιστεύειν
1666 5467 1742 5538 τῷ
1770 5469 1959 5540 Κυρίῳ

371 5557 609 5629 βεϐαίως
631 5600 647 5625 ,
701 5555 796 5610 καὶ
846 5555 1121 5608 ἐπιδοῦναι
1162 5556 1357 5608 ἑαυτὸν
1399 5556 1458 5620 ἐξ
1484 5557 1610 5609 ὅλου
1640 5562 1751 5622 τοῖς
1778 5560 1959 5629 λόγοις

370 5646 483 5698 τῶν
526 5644 759 5698 ἐντολῶν
808 5642 976 5697 αὐτοῦ
1004 5684 1017 5707 ,
1075 5644 1170 5696 καὶ
1223 5643 1601 5709 ἀποτάξασθαι
1650 5648 1729 5718 τῷ
1766 5648 1957 5721 κόσμῳ

449 5782 495 5813 ’⁵
525 5780 730 5850 Ephes.
756 5796 835 5847 ιιι,
864 5780 952 5836 10.
1027 5782 1074 5813 ’⁸
1104 5782 1307 5851 Ephes.
1329 5798 1403 5847 IV,
1439 5783 1524 5839 15.

744 5876 1016 5934 Ρλτιιοι..
1051 5874 1166 5932 Gn.
1208 5874 1493 5933 XXXIV.

1986 4512 2044 4572 Β

2082 590 2114 630 a
2151 574 2499 645 perfectione
2532 577 2758 634 absunt.
2790 579 2900 635 ιιιω
2933 581 3105 648 enim,
3139 597 3378 653 quarum
3429 582 3669 638 mentio-

2080 679 2209 720 nem
2246 664 2503 731 l‘ecimus,
2549 667 3198 725 varimamoderationes
3246 670 3457 741 gratiae,
3515 670 3669 725 varie

2080 756 2307 825 quidem
2335 758 2746 828 exprimuntur,
2780 762 3005 816 assidue
3054 769 3239 816 tamen
3286 761 3343 816 in
3414 761 3672 816 homines

2080 856 2287 917 agunt,
2337 848 2556 904 actione
2611 850 2893 905 actionem
2947 850 3282 921 excipiente.
3350 851 3456 908 Ubi
3517 851 3671 905 enim

2080 938 2265 993 anima
2282 938 2351 993 ad
2372 938 2772 1008 perfectionem
2801 941 3039 1011 spiritus
3070 942 3409 1012 pervenerit,
3428 941 3673 1011 perfecte

2089 1029 2160 1084 ab
2192 1030 2455 1086 omnibus
2479 1031 2775 1088 affectibus
2798 1042 3123 1105 expurgata,
3149 1042 3206 1089 et
3245 1033 3477 1104 Spiritui
3507 1027 3673 1088 Para-

2083 1120 2233 1174 cleto
2250 1134 2449 1174 arcana
2469 1119 2730 1176 societate
2746 1122 2898 1176 unita
2914 1130 2969 1176 et
2979 1123 3267 1192 permista,
3281 1138 3346 1177 ac
3363 1130 3672 1192 temperata

2084 1224 2210 1263 cum
2254 1209 2462 1279 Spiritu
2487 1209 2652 1280 digna
2682 1211 2922 1267 habetur
2944 1212 3064 1267 ﬁeri
3102 1213 3374 1283 spiritus;
3408 1222 3525 1268 tum
3559 1222 3673 1269 tota

2081 1299 2174 1353 lux
2201 1339 2216 1364 ,
2246 1307 2360 1354 tota
2392 1300 2609 1365 oculus,
2642 1309 2759 1357 tota
2801 1302 3056 1372 spiritus,
3101 1312 3212 1358 tota
3244 1305 3526 1375 gaudium,
3556 1313 3673 1361 tota

2082 1390 2400 1459 delectatio,
2427 1400 2542 1448 tcta
2583 1394 2903 1462 exsultatio,
2936 1404 3047 1450 tota
3080 1396 3327 1460 dilectio,
3353 1404 3468 1451 tota
3494 1396 3674 1450 visce-

2082 1497 2165 1548 ra,
2192 1491 2306 1539 tota
2353 1483 2574 1540 bonitas
2621 1493 2679 1540 et
2710 1486 3005 1541 clementia
3035 1486 3117 1541 ﬁt.
3164 1486 3320 1542 Sicut
3349 1487 3498 1542 enim
3529 1485 3672 1556 lapis

2084 1572 2137 1627 in
2166 1572 2441 1643 profundo
2468 1575 2637 1630 maris
2663 1575 2910 1645 undique
2953 1591 3095 1646 aqua
3121 1576 3501 1632 circumdatur
3537 1590 3552 1630 :
3589 1576 3673 1630 sic

2084 1660 2164 1721 lii,
2197 1660 2349 1715 omni
2384 1660 2548 1715 modo
2602 1659 2834 1730 Spiritui
2891 1670 3085 1717 sancto
3133 1662 3406 1732 permisti,
3462 1662 3685 1717 similes-

2087 1753 2226 1806 [lunt
2254 1751 2483 1815 Christi,
2518 1753 2751 1808 virtutes
2786 1754 3047 1823 potentia:
3077 1754 3322 1825 Spiritus
3348 1762 3671 1809 constanter

2009 1844 2050 1899 Β
2082 1838 2139 1891 in
2170 1853 2229 1892 se
2257 1838 2393 1908 ipsis
2410 1838 2749 1904 obtinentes,
2766 1840 2915 1894 intus
2945 1838 3319 1908 exsistentes,‘
3334 1839 3516 1894 omnis
3544 1854 3666 1893 ma-

2082 1925 2221 1979 culae
2237 1940 2301 1980 ac
2326 1925 2778 1995 reprehensionis
2800 1933 3059 1995 expertes
3088 1936 3256 1997 atque
3283 1924 3431 1996 puri.

2152 2196 2245 2251 Χῖ.
2274 2196 2412 2251 Cum
2432 2196 2581 2251 enim
2609 2211 2712 2267 per
2733 2196 3002 2267 Spiritum
3037 2197 3151 2252 sint
3176 2196 3498 2261 restaurati,
3525 2212 3668 2267 quo-

2079 2286 2246 2343 modo
2270 2297 2426 2342 extra
2457 2298 2691 2357 possunt
2717 2286 2964 2342 fructum
2995 2288 3216 2343 malitia:
3251 2288 3538 2359 proferre?
3566 2289 3671 2341 Ve-

2081 2394 2203 2433 rum
2231 2387 2504 2448 perpetuo
2527 2393 2627 2449 per
2646 2378 2832 2433 omnia
2856 2378 3077 2434 fructus
3100 2379 3340 2450 Spiritus
3364 2380 3420 2434 in
3447 2381 3517 2435 iis
3540 2381 3667 2435 eni-

2080 2477 2317 2526 tescunt.
2350 2468 2585 2525 Oremus
2622 2468 2793 2540 igitur
2820 2485 3042 2540 quoque
3074 2484 3177 2525 nos
3202 2471 3403 2535 Deum,
3438 2479 3495 2526 et
3541 2486 3667 2526 cre-

2078 2562 2277 2617 damus
2322 2562 2379 2615 in
2426 2559 2724 2615 dilectione
2753 2575 2818 2615 ac
2863 2576 2962 2630 Spe
3008 2577 3227 2631 magna,
3285 2571 3349 2617 ut
3402 2561 3668 2632 largiatur

2076 2651 2241 2706 nobis
2293 2652 2575 2707 calestem
2624 2649 2856 2722 gratiam
2886 2650 3017 2705 doni
3046 2651 3308 2722 Spiritus,
3341 2662 3401 2707 ut
3448 2662 3506 2707 et
3562 2666 3666 2707 nos

2077 2743 2195 2814 ipse
2229 2742 2471 2813 Spiritus
2497 2741 2790 2813 gubernet,
2835 2749 2891 2796 et
2924 2742 3090 2798 ducat
3120 2743 3192 2797 ad
3218 2758 3438 2798 omnem
3463 2743 3665 2797 volun-

2079 2842 2247 2889 tatem
2265 2832 2532 2897 divinam,
2552 2848 2621 2888 ac
2655 2848 2758 2888 nos
2788 2834 3001 2890 reﬁciat
3030 2833 3197 2889 variis
3219 2834 3432 2904 requiei
3461 2833 3662 2898 modis,

2077 2932 2139 2978 ut
2158 2939 2263 2995 ope
2292 2923 2457 2995 hujus
2472 2923 2913 2995 gubernationis,
2929 2933 2987 2981 et
3014 2924 3430 2980 exercitationis
3451 2923 3662 2995 gratim,

2075 3029 2140 3069 ac
2189 3014 2560 3085 promotionis
2631 3014 2973 3084 spiritualis,
3026 3016 3180 3088 digni
3230 3016 3535 3071 habeamur
3594 3014 3665 3070 ad

2076 3104 2477 3177 perfectionem
2510 3106 2873 3177 plenitudinis
2901 3106 3107 3163 Christi
3137 3108 3455 3179 pervenire,
3498 3115 3561 3161 ut
3583 3107 3669 3161 in-

2075 3196 2199 3268 quit
2226 3196 2524 3267 Apostolus
2560 3213 2575 3251 :
2610 3196 2679 3253 Ut
2712 3199 3045 3269 impleamim'
3070 3200 3126 3253 in
3153 3214 3361 3253 omnem
3384 3198 3668 3269 plenitudi-

2075 3306 2196 3343 nem
2252 3288 2541 3344 Christi".
2586 3289 2657 3345 Et
2707 3306 2931 3346 rursum
2978 3307 2992 3346 :
3050 3290 3230 3344 Donec
3297 3292 3665 3362 perveniamus

2074 3396 2255 3435 omnes
2280 3382 2335 3434 in
2360 3383 2535 3436 virum
2566 3381 2879 3451 perfectum,
2916 3383 2972 3436 in
3016 3398 3323 3436 mensuram
3354 3384 3529 3437 aetati:
3558 3381 3669 3453 pie-

2074 3472 2330 3526 nitudinis
2376 3471 2660 3527 Christi".
2696 3472 2961 3528 Promisit
3001 3473 3272 3528 Dominus
3314 3473 3574 3529 omnibus
3607 3473 3665 3527 in

2072 3579 2131 3619 se
2154 3564 2533 3629 credentibus,
2562 3573 2618 3619 et
2645 3565 2701 3619 in
2732 3565 2968 3619 veritate
2991 3565 3423 3634 postulantibus,
3464 3581 3523 3620 se
3556 3566 3669 3619 lar-

2072 3654 2317 3725 giturum
2344 3655 2605 3727 mysteria
2635 3654 2934 3710 ineﬂ‘abilis
2959 3655 3374 3710 communionis
3399 3654 3661 3725 Spiritus.

2072 3744 2426 3815 Quapropter
2486 3744 2707 3815 penitus
2761 3759 2865 3800 nos
2917 3744 3070 3814 ipsos
3115 3744 3353 3799 Domino
3380 3759 3666 3800 consecre-

2073 3851 2217 3899 mus,
2242 3844 2299 3891 et
2318 3836 2388 3890 ad
2419 3835 2681 3907 praedicta
2717 3835 2860 3891 bona
2900 3836 3289 3905 consequenda
3312 3834 3662 3900 festinemus,

2070 3942 2302 3997 corpore
2354 3926 2651 3996 animoque
2721 3926 3067 3991 consecrati,
3124 3933 3181 3981 et
3237 3925 3391 3981 cruci
3450 3924 3660 3980 Christi

2068 4016 2237 4080 allixi,
2304 4016 2457 4087 digni
2512 4032 2682 4087 regno
2736 4024 2945 4071 aeterno
3008 4015 3236 4078 ﬁamus,
3287 4014 3663 4085 gloriﬁcantes

2068 4108 2325 4175 Patrem,
2390 4109 2589 4164 Filium
2632 4121 2689 4166 et
2716 4107 2982 4180 Spiritum
3032 4116 3284 4164 sanctum
3334 4106 3390 4163 in
3432 4105 3655 4163 saecula.

2067 4198 2263 4253 Amen.

2622 4504 2907 4560 HOMILIA
2957 4504 3101 4559 XIX.

2068 4593 2355 4648 Christiani
2424 4593 2677 4661 proﬁcere
2724 4605 2773 4649 et
2818 4612 3048 4650 crescere
3070 4596 3320 4661 volentes,
3366 4596 3550 4651 debent
3596 4614 3653 4651 se

2136 4666 2187 4717 vi
2227 4664 2540 4736 compellere
2582 4666 2653 4736 ad
2685 4682 2840 4719 omne
2869 4667 2923 4720 id
2973 4668 3111 4736 quod
3137 4667 3330 4721 bonum
3359 4676 3455 4731 est,
3485 4676 3543 4721 ut
3587 4668 3653 4721 li-

2136 4736 2387 4856 berintur
2411 4735 2474 4788 ab
2507 4735 2835 4789 inhabitante
2865 4735 3099 4806 peccato,
3132 4746 3181 4790 et
3213 4737 3419 4808 Spiritu
3464 4746 3651 4791 sancto

2138 4821 2230 4858 rev
2254 4814 2467 4858 eantur.

2196 4822 2467 4875 pteanmr.

2138 5006 2178 5060 1.
2208 5003 2313 5071 Qui
2352 5010 2579 5073 exoptat
2630 5002 2899 5059 accedere
2948 5004 3015 5059 ad
3076 5003 3396 5069 Dominum,
3443 5016 3499 5059 et
3539 5008 3650 5059 vita

2065 5108 2270 5151 .eterna
2303 5095 2503 5165 dignus
2538 5094 2752 5155 haberi.
2779 5095 3123 5151 domicilium
3164 5094 3369 5151 Christi
3410 5095 3551 5163 lieri,
3587 5112 3650 5150 ac

2065 5188 2272 5259 Spiritu
2320 5195 2511 5242 sancto
2557 5187 2785 5256 repleri,
2833 5202 2946 5257 quo
2970 5186 3181 5243 fructus
3243 5186 3486 5257 Spiritus
3517 5200 3647 5256 pro-

2071 5281 2301 5345 ducere,
2328 5288 2384 5334 et
2418 5278 2676 5333 mandata
2704 5278 2913 5333 Christi
2960 5278 3142 5335 facere
3183 5296 3319 5351 pure
3360 5288 3415 5335 et
3442 5278 3649 5346 absque

2066 5372 2502 5444 reprehensione
2535 5372 2730 5440 possit,
2770 5371 2862 5425 ille
2898 5371 3029 5427 hinc
3067 5372 3287 5427 initium
3338 5380 3537 5435 sumat,
3591 5379 3651 5423 ut

2062 5467 2117 5520 in
2158 5465 2354 5536 primis
2413 5463 2647 5517 ﬁrmiter
2696 5463 2929 5517 Domino
2986 5465 3219 5532 credat,
3263 5478 3432 5534 seque
3473 5468 3646 5516 totum

2063 5557 2243 5612 tradat
2295 5554 2586 5627 praeceptis
2630 5570 2693 5609 ac
2740 5556 3010 5612 mandatis
3068 5557 3209 5627 ejus,
3240 5570 3305 5610 ac
3365 5552 3649 5609 renuntiet

2063 5648 2270 5703 mundo
2324 5662 2423 5717 per
2466 5646 2674 5711 omnia,
2715 5661 2786 5703 ne
2834 5647 2947 5701 ullo
3000 5648 3163 5701 modo
3211 5648 3359 5703 circa
3390 5662 3478 5710 ea,
3524 5658 3648 5714 qua

3242 5874 3321 5936 r21
