3966 6430
491 376 600 440 643

1769 371 1828 432 S.
1872 367 2193 429 MACARII
2235 364 2560 429 {EGYPTII

3630 366 3719 430 644

498 484 676 540 oculis
709 488 923 552 patent,
974 489 1089 537 tota
1141 480 1264 553 ejus
1305 493 1462 536 mens
1506 487 1830 549 occupetur.
1876 476 2082 533 Deinde

2192 477 2336 531 κατὰ
2380 478 2561 533 πάντα
2585 517 2600 541 ,
2655 474 2742 529 ἵνα
2784 484 2875 545 μη,
2894 474 3021 545 περί
3050 489 3103 526 τι
3137 471 3246 525 τῶν
3272 470 3593 543 φαινομένων
3619 475 3721 530 δλος

422 608 425 613 -
491 590 714 647 quoque
744 582 968 643 oportet
992 588 1119 629 eum
1158 580 1432 642 perpetuo
1462 571 1518 625 in
1548 572 1800 626 oratione
1826 582 2083 639 perseve-

491 680 638 730 rare,
685 666 743 719 in
797 664 905 719 lide
938 679 1061 733 quae
1104 670 1409 732 exspectat
1443 661 1762 725 Dominum,
1814 659 2084 715 visitatio-

491 769 621 809 nem
665 761 723 809 et
746 755 1013 809 auxilium
1056 755 1177 824 ejus
1220 768 1441 823 semper
1488 758 1924 822 exspectantem,
1960 765 2085 805 seo-

491 859 738 914 pumque
772 845 975 899 mentis
1000 860 1115 898 sua:
1143 858 1210 898 eo
1256 858 1472 913 semper
1499 842 1853 913 dirigentem.
1873 841 2084 897 Deinde

497 934 834 1004 compellere
860 941 1078 1002 oportet
1112 948 1170 987 se
1191 932 1371 1002 ipsum
1407 932 1474 985 ad
1500 946 1664 985 omne
1686 946 1827 1000 opus
1850 931 2080 995 bonum,

495 1026 603 1096 81
637 1034 694 1078 et
724 1023 791 1078 ad
840 1024 1027 1079 omnia
1081 1024 1337 1079 mandata
1375 1023 1615 1086 Domini,
1648 1029 1877 1091 propter
1924 1022 2085 1076 inna-

497 1124 618 1169 tum
652 1116 757 1169 sibi
790 1122 1097 1185 peccatum.
1150 1114 1334 1170 Veluti
1374 1113 1669 1183 compellat
1710 1126 1769 1167 se
1803 1113 1983 1183 ipsum
2016 1112 2085 1167 ad

499 1205 897 1260 demissionem
925 1204 1097 1258 animi
1120 1218 1307 1259 coram
1347 1204 1608 1258 onmibus
1644 1203 1985 1269 hominibus,
2021 1218 2087 1257 ac

498 1311 557 1350 se
584 1295 906 1351 inferiorem
942 1303 998 1350 et
1036 1295 1390 1365 ahjectiorem
1438 1294 1736 1359 existimet,
1781 1310 1894 1348 non
1945 1310 2087 1364 quae-

506 1400 639 1439 rens
692 1386 985 1451 honorem,
1026 1384 1270 1447 laudem,
1305 1393 1402 1438 aut
1446 1382 1677 1454 gloriam
1726 1398 1758 1437 a
1805 1398 2085 1453 quoquam

503 1476 816 1541 hominum,
855 1484 915 1531 ut
945 1476 999 1529 in
1023 1475 1323 1547 Evangelio
1350 1476 1614 1545 scriptum
1634 1482 1752 1530 est:
1785 1475 1881 1530 sed
1908 1476 2088 1530 solum

500 1568 794 1622 Dominum
855 1584 1072 1639 semper
1105 1568 1178 1621 ob
1230 1568 1420 1622 oculos
1471 1567 1693 1630 haheat,
1735 1575 1792 1622 et
1830 1567 2088 1623 mandata

502 1658 645 1726 ejus,
697 1657 799 1727 ipsi
841 1658 945 1711 soli
995 1659 1215 1728 placere
1265 1655 1497 1711 studens
1542 1657 1596 1709 in
1658 1659 2087 1714 mansuetudine

499 1746 708 1811 cordis,
737 1756 801 1800 ut
844 1748 1026 1820 inquit
1063 1745 1331 1801 Dominus
1357 1764 1369 1799 :
1410 1745 1609 1799 Discite
1637 1764 1668 1799 a
1702 1762 1785 1799 me
1815 1748 1954 1817 quod
1981 1748 2084 1801 mi-

2184 571 2215 623 6
2238 568 2365 636 νοῦς
2388 568 2706 639 ἀσχολῆται.
2739 566 2851 621 Kal
2879 566 2960 629 είς
2986 565 3088 635 τὴν
3110 564 3275 633 εὐχὴν
3303 562 3407 634 χρὴ
3436 563 3586 617 αὑτὸν
3609 566 3724 619 πάνθ

2184 677 2307 714 τοτε
2329 661 2786 731 προσκαρτερεῖν,
2814 658 2874 712 ἐν
2894 658 3077 710 πίστει
3099 654 3423 726 προσδοκίας
3441 654 3527 707 τοῦ
3545 655 3723 725 Κυρίου

2183 752 2284 821 τὴν
2317 751 2609 820 ἐπίσκεψιν
2654 750 2749 805 καὶ
2803 748 3060 820 βοήθειαν
3088 745 3255 802 αὐτοῦ
3293 746 3515 800 πάντοτε
3543 746 3728 815 ἐκδεχό-

2189 860 2352 913 μενον
2376 882 2393 907 ,
2446 844 2541 899 τὸν
2573 842 2776 896 σκοπὸν
2817 841 2913 895 τοῦ
2939 841 3059 905 νοδς
3088 838 3255 893 αὑτοῦ
3290 839 3369 901 είς
3389 836 3540 890 τοῦτο
3566 836 3731 907 ἔχοντα

2185 934 2273 988 διὰ
2304 936 2529 999 παντός.
2589 930 2723 988 Εῐτα
2757 931 3043 1005 βιάζεσθαι
3075 932 3183 1004 χρὴ
3215 932 3407 985 ἐαυτὸν
3434 932 3512 993 είς
3535 932 3632 985 πᾶν
3653 931 3730 1001 ἐρ-

2185 1044 2283 1096 γον
2316 1027 2519 1097 ἀγαθὸν
2569 1027 2667 1081 καὶ
2712 1028 2794 1090 είς
2822 1026 3006 1090 πάσας
3041 1027 3142 1090 τὰς
3174 1024 3391 1087 ἐντολὰς
3416 1022 3508 1077 τοῦ
3532 1024 3731 1095 Κυρίου,

2185 1118 2277 1173 διὰ
2319 1120 2421 1190 τὴν
2457 1118 2726 1173 συνοῦσαν
2757 1117 2906 1189 αὐτῷ
2934 1116 3212 1189 ἁμαρτίαν
3237 1133 3252 1149 ’
3309 1110 3421 1169 οἷον
3443 1156 3459 1182 ,
3495 1114 3734 1184 βιαζέσθω

2188 1212 2379 1267 ἐαυτὸν
2412 1212 2494 1276 είς
2516 1212 2579 1265 τὸ
2606 1213 3048 1282 ταπεινοφρονεῖν
3078 1209 3307 1263 ἐνώπιον
3337 1205 3533 1287 παντὸς
3555 1206 3735 1278 ἀνθρώ-

2188 1320 2294 1358 που
2318 1342 2334 1369 ,
2385 1303 2481 1358 καὶ
2527 1302 2718 1357 ἐαυτδν
2769 1302 2977 1356 ἐλάττω
3006 1299 3259 1371 ἡγεῖσθαι
3294 1299 3392 1353 καὶ
3416 1297 3641 1369 χείρονα,
3673 1298 3734 1368 μὴ

2188 1395 2369 1465 ζητῶν
2410 1396 2580 1466 τιμὴν
2608 1435 2623 1460 ,
2674 1396 2709 1467 ἢ
2754 1394 3000 1462 ἔπαινον,
3036 1394 3070 1465 ἢ
3098 1392 3260 1458 δόξαν
3284 1389 3581 1462 ἀνθρώπων
3609 1392 3736 1461 παρὰ

2186 1502 2353 1551 τινος,
2386 1486 2579 1550 καθὼς
2608 1489 2669 1540 ἐν
2694 1485 2773 1556 τῷ
2794 1484 3119 1555 Εὑαγγελίῳ
3144 1484 3474 1553 γέγραπται*
3508 1482 3636 1536 ἀλλὰ
3659 1482 3736 1552 μό·

2188 1596 2279 1635 νον
2322 1578 2412 1632 ἀεὶ
2450 1579 2542 1634 τὸν
2569 1578 2777 1651 Κύριον
2807 1578 2915 1650 πρὸ
2941 1573 3237 1648 ὸῴθαλμῶν
3263 1576 3402 1647 ἔχων
3431 1575 3523 1629 καὶ
3548 1576 3638 1639 τὰς
3663 1577 3734 1629 ἐν-

2188 1672 2348 1735 τολὰς
2368 1671 2556 1739 αὑτοῦ,
2587 1671 2735 1742 αὐτῷ
2762 1670 3083 1742 βουλόμενος
3112 1669 3366 1740 ὀρέσκειν
3399 1668 3540 1739 μόνῳ
3565 1669 3636 1730 είς
3657 1666 3736 1737 τὴν

2190 1765 2476 1834 πραότητα
2504 1764 2605 1833 τῆς
2631 1764 2883 1835 καρδίας,
2917 1762 2994 1826 ὥς
3024 1778 3192 1832 φησιν
3217 1762 3246 1815 6
3271 1759 3475 1832 Κύριος
3498 1776 3512 1790 ⁸
3541 1760 3736 1815 Movere

499 1839 564 1891 tis
591 1855 709 1891 sum
763 1847 811 1891 et
852 1837 1064 1892 humilis
1092 1837 1268 1903 corde,
1296 1846 1345 1892 et
1386 1838 1667 1893 invenietis
1708 1840 1943 1908 requiem
1973 1841 2082 1893 ani-

2186 1824 2288 1908 ἀπ’
2316 1824 2464 1922 ὲμρῦ
2629 1824 2821 1921 πραός
2842 1824 3101 1923 elatae-ai
3130 1824 3414 1917 taxea-6c
3442 1849 3514 1919 τῇ
3537 1849 3735 1919 καρδίᾳ,

499 1929 687 1983 mabus
710 1930 895 1982 vestris
913 1929 985 1982 ⁸⁷.

571 2019 637 2075 ll.
672 2017 867 2072 Itidem
902 2027 961 2072 ut
1009 2018 1082 2073 sit
1135 2018 1476 2084 misericors,
1525 2018 1822 2091 benignus,
1874 2036 2088 2091 pronus

501 2108 570 2161 ad
606 2108 980 2163 miserandum
1003 2124 1068 2163 ac
1092 2108 1293 2175 bonus,
1320 2124 1420 2179 pro
1448 2109 1662 2164 viribus
1686 2110 1803 2167 suis
1818 2126 1877 2166 se
1895 2127 2088 2168 assue-

499 2198 690 2262 laciat,
723 2208 785 2253 ut
823 2199 1004 2269 inquit
1036 2200 1303 2254 Dominus
1338 2218 1353 2254 :
1390 2200 1571 2253 Estote
1603 2202 1722 2254 boni
1752 2218 1815 2255 ac
1854 2203 2087 2272 benigni,

472 2286 633 2340 sicut
677 2285 834 2340 Pater
869 2294 1038 2341 vester
1070 2286 1288 2340 ccclesiis
1335 2288 1631 2341 misericors
1660 2288 1818 2341 est".
1854 2288 1924 2343 Et
1962 2305 2088 2343 rur-

501 2393 597 2432 sus
622 2378 843 2447 inquit:
876 2376 934 2432 Si
956 2376 1178 2448 diligitis
1214 2394 1317 2442 me,
1337 2387 1599 2449 praecepta
1642 2395 1760 2432 mea
1800 2381 2085 2434 servate".

500 2469 569 2529 Et
616 2484 852 2523 rursus:
901 2468 960 2523 Si
997 2469 1295 2523 contendite
1339 2470 1547 2522 intrare
1590 2483 1687 2539 per
1727 2479 1939 2539 portam
1987 2487 2087 2525 an-

501 2568 718 2630 gustam
744 2561 784 2612 ¹.
817 2559 933 2614 Prae
964 2559 1225 2614 omnibus
1267 2559 1637 2614 humilitatem
1670 2561 1911 2627 Domini,
1940 2563 2088 2633 ejus-

498 2665 607 2719 que
652 2650 874 2705 vivendi
901 2651 1195 2717 rationem,
1230 2651 1717 2706 mansuetudinem
1769 2668 1834 2707 ac
1858 2665 2090 2707 conver-

499 2740 790 2807 sationem,
856 2747 1117 2809 tanquam
1164 2740 1449 2810 exemplar
1507 2740 1562 2794 in
1619 2740 1771 2794 omni
1824 2742 2089 2798 memoria

498 2831 727 2885 minime
781 2830 1057 2885 obliviosa
1104 2830 1360 2895 retineat,
1389 2832 1446 2885 in
1490 2832 1844 2887 orationibus
1895 2849 2087 2904 perse-

497 2928 675 2985 veret,
710 2936 930 2990 semper
960 2935 1124 2975 orans
1148 2922 1203 2975 in
1232 2921 1360 2987 ﬁde,
1385 2930 1447 2975 ut
1469 2922 1738 2976 Dominus
1765 2923 1972 2988 veniat,
1991 2924 2089 2979 ha-

499 3010 639 3064 bitet
697 3010 752 3063 in
809 3026 899 3075 eo,
953 3022 1303 3067 consummet
1352 3027 1417 3067 ac
1465 3014 1787 3069 corroboret
1832 3028 1960 3070 eum
2028 3018 2084 3072 in

468 3108 471 3111 ’
498 3105 758 3159 omnibus
793 3105 1067 3161 mandatis
1096 3106 1247 3173 suis;
1280 3115 1447 3177 atque
1480 3108 1647 3162 etiam
1673 3110 1791 3179 ipse
1818 3112 2087 3168 Dominus

500 3194 596 3246 ﬁat
637 3193 981 3247 domicilium
1031 3194 1269 3261 animae;
1304 3206 1361 3250 et
1399 3197 1475 3251 ita
1505 3212 1628 3267 quae
1665 3215 1815 3254 nunc
1843 3202 1897 3255 vi
1928 3202 2085 3258 inviti

501 3284 688 3338 cordis
714 3283 867 3348 facit,
892 3294 1089 3354 sponte
1108 3286 1407 3356 aliquando
1442 3298 1685 3360 peragat,
1714 3293 2088 3349 assuefaciens

500 3392 559 3430 se
596 3376 774 3446 ipsum
800 3386 1069 3447 perpetuo
1106 3377 1175 3432 ad
1223 3379 1278 3434 id
1311 3380 1459 3450 quod
1484 3382 1690 3436 bonum
1725 3392 1829 3447 est,
1868 3386 2086 3441 Domini

499 3482 719 3536 semper
750 3467 1074 3533 recordans,
1101 3478 1157 3523 et
1184 3479 1514 3540 exspectans
1558 3487 1686 3526 eum
1727 3482 1999 3543 perpetuo
2028 3474 2085 3527 in

496 3573 711 3613 summa
758 3558 1079 3615 dilectione.
1129 3558 1272 3615 Tum
1332 3575 1467 3615 vero
1530 3562 1823 3627 Dominus,
1864 3564 2085 3634 cognito

499 3658 653 3703 tanto
687 3649 808 3720 ejus
851 3650 1140 3721 proposito
1185 3660 1244 3707 et
1289 3652 1525 3707 consilio
1551 3668 1615 3707 ac
1648 3653 1910 3709 laudabili
1964 3656 2085 3725 ejus

496 3740 704 3805 studio,
736 3740 970 3794 nimium
1019 3741 1300 3811 quomodo
1329 3757 1389 3797 se
1454 3744 1749 3812 compellat
1788 3754 1849 3798 ut
1892 3745 2083 3799 Domi-

493 3846 628 3884 num
650 3830 706 3884 in
741 3832 1011 3886 memoria
1046 3832 1303 3897 retineat,
1326 3842 1383 3887 et
1402 3832 1472 3887 ad
1503 3833 1557 3887 id
1579 3833 1727 3902 quod
1745 3833 1949 3889 bonum
1973 3843 2082 3902 est,

498 3923 564 3978 ad
603 3923 1093 3978 mansuetudinem
1122 3940 1187 3979 ac
1221 3925 1576 3979 dilectionem
1616 3941 1713 3980 eor
1738 3928 1825 3981 vel
1848 3928 2081 3982 invitum

495 4015 814 4084 compellat,
844 4030 910 4087 ac
940 4015 1144 4086 dirigat
1177 4031 1280 4086 pro
1304 4017 1521 4072 viribus
1556 4020 1674 4073 suis
1695 4020 1844 4074 omni
1870 4019 2082 4075 violen-

495 4107 602 4171 tia;
634 4116 856 4161 exercet
880 4107 935 4160 in
963 4122 1091 4161 eum
1138 4108 1580 4164 misericordiam
1615 4125 1792 4176 suam,
1824 4120 1883 4165 et
1932 4112 2081 4168 redi-

493 4200 594 4252 mit
621 4212 750 4252 eum
796 4198 867 4253 ab
898 4198 1142 4254 inimicis
1166 4200 1302 4267 suis,
1344 4211 1401 4255 et
1437 4201 1785 4258 inbabitante
1828 4212 2076 4272 peccato,

494 4288 700 4357 Spiritu
750 4302 877 4343 eum
951 4298 1143 4344 sancto
1196 4290 1415 4360 replens
1451 4299 1551 4357 ;et
1600 4292 1675 4345 ita
1725 4290 2079 4360 postmodum

492 4381 703 4449 absque
733 4380 842 4435 ulla
874 4381 929 4435 vi
959 4396 1022 4435 ac
1047 4381 1236 4436 labore
1265 4396 1396 4438 vere
1436 4382 1570 4438 facit
1597 4384 1784 4438 omnia
1820 4383 2080 4439 mandata

2188 1946 2289 1999 καὶ
2317 1944 2607 2014 εὑρήσετε
2632 1944 2983 2001 ἀνάπαυσιν
3009 1944 3142 2011 ταῖς
3166 1942 3394 2013 ψυχαῖς
3415 1941 3593 2013 ὑμῶν.

2262 2034 2338 2091 B’.
2407 2036 2647 2107 Ὁμοίως
2702 2039 2786 2101 είς
2842 2036 2905 2091 τὸ
2954 2032 3097 2090 εῖναι
3151 2033 3459 2107 ἐλεήμονα,
3505 2030 3735 2104 χρηστὸν,

2186 2128 2585 2199 εὖσπλαγχνον,
2615 2128 2846 2199 ἀγαθον,
2884 2130 2985 2200 ὅση
3017 2127 3277 2198 δύναμις,
3309 2124 3498 2180 ἐαυτὸν
3518 2122 3737 2187 seram,

2189 2219 2266 2283 ῶς
2305 2236 2472 2291 φησιν
2503 2222 2533 2273 6
2566 2220 2791 2292 Κύριοςσ
2821 2221 3081 2275 Γίνεσθε
3117 2218 3333 2288 ἀγαθοί
3364 2214 3464 2272 καί
3493 2213 3736 2285 χρηστοί.

2188 2309 2385 2376 καθὼς
2426 2310 2527 2365 καί
2566 2313 2601 2365 ὀ
2645 2310 2849 2379 Πατὴρ
2877 2309 3049 2380 ὑμῶν
3084 2313 3119 2364 ὀ
3144 2309 3427 2377 οὐράνιος
3458 2306 3737 2374 οικτίρμωγ

2186 2400 2342 2454 ἐστι.
2407 2400 2517 2454 Καὶ
2564 2400 2729 2455 πάλιν
2776 2400 2973 2471 φησιν’
3037 2400 3174 2454 Ἐὰν
3214 2397 3482 2470 ἀγαπᾶτέ
3512 2413 3616 2466 με,
3649 2394 3737 2459 τὰς

2186 2490 2445 2557 ἐντολάς
2504 2507 2625 2559 μου
2679 2491 2987 2561 τηρήσατε
3004 2506 3020 2521 ⁸
3083 2491 3179 2545 καὶ
3237 2491 3427 2546 πάλιν⁹
3492 2486 3735 2547 Βιὰζεσθε

2184 2581 2489 2636 εἰσελθεῖν
2530 2582 2629 2635 διὰ
2666 2582 2776 2650 τῆς
2809 2582 3036 2651 στενῆς
3083 2583 3289 2651 θύρας.
3352 2582 3475 2635 Ἐπὶ
3504 2579 3625 2632 πᾶσι
3656 2574 3735 2645 τὴν

2186 2672 2282 2726 τοῦ
2313 2673 2519 2744 Κυρίου
2544 2674 2878 2728 ταπείνωσιν
2908 2676 3005 2728 καὶ
3028 2673 3332 2738 πολιτείαν,
3363 2672 3458 2727 καὶ
3477 2670 3571 2742 τὴν
3593 2666 3734 2739 πραόο

2186 2780 2351 2834 τητα,
2394 2764 2493 2818 καὶ
2523 2763 2623 2836 τὴν
2654 2764 3006 2837 ἀναστροφὴν
3030 2804 3046 2831 ,
3086 2763 3284 2836 ῶσπερ
3316 2758 3662 2832 ὑπογραμμὸν
3688 2757 3735 2807 ἐν

2188 2854 2342 2927 πάσῃ
2375 2856 2568 2929 μνήμῃ
2604 2856 2974 2927 ἀληθαργήτῳ
2997 2856 3187 2926 ἐχέτω,
3219 2857 3345 2921 ταῖς
3366 2854 3549 2924 εὐχαῖς
3587 2862 3732 2919 προσ-

2188 2948 2565 3018 καρτερείτω,
2652 2947 2741 3002 διὰ
2775 2952 2978 3013 παντὸς
3025 2949 3283 3019 δεόμενος
3325 2947 3418 3002 καὶ
3467 2940 3731 3003 πιστεύων,

2190 3039 2278 3092 ἵνα
2309 3038 2480 3092 ἐλθὼν
2499 3041 2529 3092 6
2555 3040 2760 3111 Κύριος
2787 3041 3048 3113 ἐνοικήσῃ
3068 3040 3128 3093 ἐν
3153 3039 3328 3111 αὐτῷ,
3354 3037 3446 3091 καὶ
3469 3029 3731 3104 καταρτίση

2190 3127 2284 3183 καὶ
2317 3127 2614 3200 δυναμώση
2647 3129 2811 3181 αὑτὸν
2830 3131 2889 3181 ἐν
2923 3128 3128 3192 πάσαις
3152 3130 3280 3192 ταῖς
3308 3126 3539 3188 ἐντολαῖς
3560 3115 3729 3175 αὐτοῦ’

2191 3220 2285 3274 καὶ
2313 3219 2400 3275 ῖνα
2432 3220 2597 3282 αὐτὸς
2634 3222 2663 3273 6
2694 3219 2901 3290 Κύριος
2943 3220 3170 3291 γένηται
3209 3217 3620 3287 κατοικητήριον
3654 3207 3734 3276 τῆς

2186 3312 2367 3383 ψυχῆς
2386 3330 2401 3344 ο
2433 3313 2529 3366 καὶ
2556 3310 2733 3375 οὔτως
2754 3312 2791 3366 ἃ
2814 3310 2911 3365 νῦν
2942 3312 3080 3383 μετὰ
3112 3311 3235 3382 βίας
3258 3311 3496 3379 ἀκούσης
3513 3306 3603 3375 τῆς
3620 3315 3734 3368 καρ-

2187 3400 2306 3464 δίας
2339 3402 2504 3467 ποιεῖ,
2536 3401 2803 3464 ἑκουσίως
2830 3400 3027 3472 πράξει
3055 3402 3207 3469 ποτὲ,
3242 3401 3436 3466 ἐθίζων
3462 3392 3639 3451 ἐαυτὸν
3664 3385 3735 3440 διὰ

2188 3493 2390 3555 παντὸς
2419 3493 2498 3555 είς
2535 3492 2596 3545 τὸ
2638 3492 2866 3561 ἀγαθὸν,
2895 3493 2994 3546 καὶ
3023 3490 3116 3546 τοῦ
3168 3494 3378 3565 Κυρίου
3421 3479 3733 3561 μνημονεύων

2185 3582 2293 3646 ἀεὶ,
2320 3582 2417 3636 καὶ
2446 3582 2764 3651 προσδοκῶν
2793 3583 2883 3637 ἀεὶ
2912 3585 2970 3637 ἐν
2995 3583 3164 3656 πολλῇ
3192 3585 3389 3655 ἀγάπῃ
3420 3577 3589 3634 αὐτόν.
3623 3570 3731 3623 Τότε

2187 3672 2409 3744 θεωρῶν
2440 3676 2470 3728 6
2501 3674 2707 3746 Κύριος
2751 3675 2851 3745 τὴν
2887 3674 3146 3746 τοιαύτην
3173 3677 3516 3749 προαίρεσιν,
3544 3667 3627 3720 καὶ
3651 3660 3732 3728 τὴν

2183 3764 2400 3835 ἀγαθὴν
2449 3764 2618 3819 αὑτοῦ
2677 3766 2934 3837 σπουδὴν,
2994 3767 3112 3831 πῶς
3167 3767 3417 3837 βιάζεται
3459 3757 3633 3815 ἐαυτὸν
3667 3751 3731 3809 εἰς

2188 3856 2411 3925 μνήμην
2456 3854 2552 3908 τοῦ
2582 3856 2815 3927 Κυρίου,
2856 3858 2952 3910 καὶ
2980 3859 3063 3920 είς
3103 3857 3165 3911 τὸ
3201 3857 3411 3928 ἀγαθὸν
3448 3851 3532 3907 ἀεὶ
3561 3844 3644 3900 καὶ
3665 3840 3728 3899 εἰς

2181 3944 2282 4016 τὴν
2303 3948 2807 4018 ταπεινοφροσύνην
2841 3949 2937 4003 καὶ
2958 3948 3251 4019 πραότητα
3284 3950 3375 4003 καὶ
3403 3944 3606 4013 ἀγάπην
3626 3933 3726 3999 ἀΐει

2183 4035 2277 4087 καὶ
2308 4035 2383 4106 μὴ
2412 4035 2676 4091 θέλουσαν
2710 4039 2812 4108 τὴν
2841 4038 3092 4109 καρδίαν,
3135 4039 3231 4092 καὶ
3259 4040 3384 4107 ἄγει
3408 4036 3506 4103 ὃστι
3534 4027 3725 4119 δύγαμξς

2182 4126 2335 4196 αύτῷ
2376 4128 2513 4197 μετὰ
2563 4127 2703 4197 βίας,
2742 4133 2885 4183 ποιεῖ
2932 4130 3055 4200 μετ’
3081 4131 3253 4188 αὐτοῦ
3284 4133 3367 4194 είς
3406 4127 3545 4185 ἔλεος
3567 4117 3717 4172 αὐτοῦ’

2166 4219 2276 4271 καὶ
2317 4218 2609 4290 λυτροῦται
2637 4222 2801 4275 αὐτὸν
2830 4223 2939 4276 ἀπὸ
2967 4223 3077 4275 τῶν
3099 4222 3316 4295 ἐχθρῶν
3345 4216 3508 4276 αὐτοῦ
3534 4211 3617 4266 καὶ
3643 4203 3720 4295 τῆς

2181 4309 2499 4379 ὲνοικούσης
2537 4311 2849 4382 ἁμαρτίας,
2894 4292 3215 4385 Πνεύματος
3265 4314 3425 4385 ἁγίου
3475 4292 3723 4377 ἐμπιπλῶν

2180 4398 2378 4453 αὐτόν’
2433 4402 2531 4457 καὶ
2578 4402 2724 4457 οὓτω
2766 4404 2956 4459 λοιπὸν
3009 4407 3140 4461 ἄνευ
3201 4408 3329 4478 βίας
3377 4404 3469 4457 καὶ
3512 4390 3722 4461 καμάτου

496 4470 732 4524 Domini.
753 4470 1012 4538 Quinimo
1044 4473 1318 4530 Dominus
1342 4474 1397 4528 in
1420 4489 1488 4529 eo
1509 4490 1609 4530 sua
1641 4475 1900 4530 mandata
1923 4474 2073 4544 facit,

2183 4494 2326 4545 ποιεῖ
2358 4493 2540 4557 πάσας
2576 4494 2676 4559 τὰς
2721 4496 2942 4560 ἐντολὰς
2986 4497 3083 4552 τοῦ
3116 4470 3327 4570 Κυρίου
3363 4495 3422 4560 ἐξ
3463 4481 3721 4570 ἀληθείίέΓ

489 4570 546 4616 et
577 4559 792 4618 fructus
828 4562 1145 4634 spirituales
1178 4572 1311 4621 tunc
1340 4580 1481 4635 pure
1510 4563 1788 4634 producit.

557 4847 648 4903 lll.
675 4846 906 4918 Oportet
933 4856 1116 4904 autem
1144 4848 1386 4919 primum
1412 4849 1729 4918 quempiam
1778 4849 1859 4905 sic
1910 4865 2071 4906 acce-

488 4936 707 4990 dentem
742 4935 810 4990 ad
851 4936 1146 4991 Dominum
1200 4937 1256 4990 vi
1301 4936 1635 5005 compellere
1683 4951 1742 4991 se
1784 4937 1963 5007 ipsum
2005 4938 2074 4993 ad

488 5027 722 5089 bonum,
770 5027 1025 5096 quamvis
1074 5027 1346 5081 renitatur
1400 5028 1637 5093 animus,
1663 5037 2073 5098 exspectantem

487 5125 750 5185 perpetuo
792 5117 848 5170 in
891 5117 997 5171 lide
1030 5117 1338 5174 indubitata
1360 5118 1793 5173 misericordiam
1830 5120 1971 5190 ejus,
2008 5136 2073 5175 ac

484 5208 815 5277 compellere
846 5226 904 5263 se
951 5210 1130 5279 ipsum
1181 5211 1249 5264 ad
1283 5210 1660 5273 dilectionem,
1697 5211 1743 5265 si
1776 5210 2073 5266 dilectione

484 5299 787 5355 destitutus
820 5302 892 5354 sit
924 5317 938 5355 :
972 5302 1307 5371 compellere
1340 5316 1397 5355 se
1438 5301 1615 5369 ipsum
1649 5302 1715 5355 ad
1749 5312 2067 5358 mansuetu-

483 5388 691 5455 dinem,
721 5390 765 5443 sl
793 5406 858 5445 ea
894 5402 1077 5446 careat
1104 5409 1117 5444 :
1153 5393 1483 5463 compellere
1516 5408 1575 5446 se
1603 5393 1781 5461 ipsum
1810 5394 1877 5448 ad
1900 5396 2064 5450 mise—

483 5481 800 5548 ricordiam,
823 5491 880 5538 et
902 5483 969 5537 ad
1002 5484 1247 5538 animum
1286 5484 1353 5537 ad
1383 5484 1756 5539 miscrcndum
1784 5502 2021 5555 pronum
2046 5503 2061 5541 :

479 5574 809 5642 compellere
840 5591 895 5630 se
929 5576 1106 5646 ipsum
1149 5576 1214 5630 ad
1234 5586 1610 5645 contemptum
1641 5579 2061 5647 perferendum,

2185 4583 2387 4653 μᾶλλον
2407 4583 2465 4638 δέ
2487 4588 2515 4639 6
2543 4587 2750 4660 Κύριος
2779 4591 2926 4642 ποιεῖ
2949 4590 3007 4643 ἐν
3038 4590 3190 4662 αὺτῷ
3208 4568 3320 4655 τὰς
3356 4587 3492 4646 ιδίας
3515 4568 3723 4662 ἐντολάςζ

2180 4674 2281 4729 καὶ
2322 4676 2449 4741 τοὺς
2484 4654 2732 4749 καρποὺς
2766 4680 2860 4734 τοῦ
2897 4654 3215 4755 Πνεύματος
3258 4654 3380 4737 τότε
3424 4654 3729 4744 καρποφορεῖ

2178 4765 2455 4839 καθαρῶς.

2250 4858 2326 4914 Γ.
2359 4860 2481 4932 Χρὴ
2511 4861 2569 4916 δέ
2600 4863 2869 4936 πρότερον
2892 4867 3260 4938 προσελθόντα
3288 4862 3411 4921 τινὰ
3440 4855 3515 4927 τῷ
3540 4840 3723 4943 xvi"?!

2174 4946 2319 5001 οὕτω
2358 4950 2645 5019 βιάζεσθαι
2676 4956 2869 5010 ἑαυτὸν
2895 4936 2977 5022 είς
2999 4959 3061 5011 τὺ
3085 4960 3291 5028 ἀγαθὸν
3324 4953 3419 5010 καὶ
3453 4947 3526 5019 μὴ
3566 4936 3725 4991 θελού-

2178 5055 2277 5110 σης
2306 5041 2406 5110 τῆς
2434 5043 2683 5113 καρδίας,
2714 5048 3102 5118 προσδοκῶντα
3130 5027 3221 5104 διὰ
3252 5045 3454 5105 παντὸς
3485 5038 3539 5088 έν
3568 5027 3723 5118 “mf”

2174 5128 2482 5203 ἀδιστάκτῳ
2508 5111 2568 5185 τὸ
2607 5111 2971 5206 ἔλεος-αὐτοῦ,
3008 5143 3104 5195 καὶ
3132 5138 3413 5212 βιάζεσθαι
3450 5122 3626 5212 ἑαυῖδν
3658 5111 3723 5212 εκεῖ

2172 5216 2271 5288 τὴν
2314 5194 2556 5291 ἀγάπην,
2601 5222 2675 5295 μὴ
2719 5194 2912 5295 έχοντα
2958 5194 3528 5300 ᾆγάπτέννδριάζεσθαι
3556 5194 3723 5300 ἐαυτὸν

2172 5309 2253 5370 είς
2286 5310 2383 5379 τὴν
2428 5288 2849 5388 πραάέηέαίμὴ
2882 5288 3076 5389 ἔχοντα
3109 5288 3393 5391 πραότητα
3420 5326 3432 5340 ·
3468 5288 3720 5374 βιέιξεαδθδιι

2168 5400 2364 5453 ’ἑαυτὸν
2397 5404 2477 5465 είς
2520 5404 2580 5456 τὸ
2619 5408 2929 5480 οἰκτείρειν,
2972 5415 3069 5466 καὶ
3120 5414 3391 5485 ἐλεήμονα
3437 5399 3571 5468 ἔχειν
3602 5393 3721 5485 inp:

2172 5490 2287 5543 δίαν
2309 5508 2322 5521 ο
2350 5492 2633 5563 βιάζεσθαι
2658 5465 2854 5555 ἐαυτδν
2882 5465 2963 5567 είς
2993 5465 3645 5573 τὸκατα-ξέρονεῖσόσιι⁹,εἱς
3670 5465 3720 5573 sb.

2176 5588 2691 5658 καταφρονούμενον
2731 5596 3129 5670 μακροθυμεῖν,
3180 5569 3279 5654 κάκ’
3310 5569 3719 5656 ἐξουδενούμενον

546 5756 589 5788 ’⁷
614 5754 805 5809 Matth.
855 5771 927 5821 ιι,
965 5754 1055 5808 9.9.
1130 5756 1175 5787 “
1204 5754 1336 5810 Luc.
1372 5771 1443 5821 γι,
1478 5754 1565 5809 '56.
1639 5755 1684 5787 θ’
1708 5754 1865 5809 Joan.
1924 5773 2033 5818 xw,
2072 5759 2082 5810 l

2238 5762 2251 5793 ‘
2281 5762 2414 5816 Luc.
2449 5777 2563 5828 xm,
2591 5763 2683 5817 24.
