3966 6442
430 385 541 451 645

1621 381 1988 444 HOMILUE.
2027 406 2096 418 -
2121 382 2307 445 HOM-
2349 386 2511 447 XIX.

3613 395 3714 459 646

431 494 466 561 ἦ
485 488 897 562 ἀτιμαζόμενον
932 486 1009 560 μὴ
1048 486 1406 558 ἀγανακτεῖν,
1442 486 1585 542 κατά
1612 488 1673 543 τὸ
1701 487 2025 560 εἰρημένον·

2145 498 2189 547 at
2220 490 2276 546 in
2307 508 2375 549 eo
2413 492 2633 561 (ortiter
2662 495 3100 566 perdurandum,
3128 514 3198 555 ne
3229 499 3515 571 despectui
3555 503 3704 560 habi-

434 581 533 648 Μὴ
604 577 861 643 ἑαυτοὺς
917 576 1321 643 ἐκδικοῦντες,
1344 576 1664 647 ἀγαπητοί.
1732 577 2025 642 Βιάζεσθαι

437 671 631 724 ἑαυτὸν
652 671 732 734 είς
753 670 855 740 τὴν
882 668 1069 740 εὐχὴν,
1093 668 1169 741 μὴ
1190 667 1386 739 ἔχοντα
1408 670 1576 741 εὐχὴν
1600 671 1984 741 πνευματικήν
2006 688 2023 704 ·

434 766 533 817 καὶ
561 762 732 826 οὕτως
766 762 795 815 ό
820 762 977 827 Θεὸς,
1011 762 1233 831 θεωρῶν
1262 762 1352 815 τὸν
1380 761 1554 826 οὕτως
1598 762 2024 833 ἀγωνιζόμενον,

435 857 532 909 καῖ
560 854 652 926 βίᾳ
693 855 889 909 ἑαυτὸν
929 854 1191 924 άγχοντα,
1228 852 1303 923 μὴ
1334 852 1597 924 θελούσης
1625 853 1725 924 τῆς
1772 853 2024 924 καρδίας,

432 948 648 1001 δίδωσιν
680 947 849 1018 εὐχὴν
880 945 1142 1017 ἀληθινὴν
1171 944 1512 1015 Πνεύματος,
1545 944 1762 999 δίδωσιν
1802 945 2027 1016 ἀγάπην

435 1038 719 1109 ἀληθινὴν,
758 1037 1047 1110 πραότητα
1074 1036 1354 1107 ἀληθείας,
1390 1036 1677 1106 σπλάγχνα
1700 1035 2023 1107 οίκτιρμῶν,

436 1128 782 1199 χρηστότητα
817 1126 1080 1198 ἀληθινὴν
1100 1166 1116 1192 ,
1147 1127 1244 1180 καὶ
1278 1125 1653 1195 ἁπαξαπλῶς,
1686 1127 1888 1199 πληροῖ
1928 1127 2028 1183 αὖ-

436 1220 530 1275 τὸν
546 1220 656 1275 τῶν
676 1218 906 1292 καρπῶν
926 1218 1023 1274 τοῦ
1050 1217 1191 1273 Πνεύ
1200 1236 1392 1291 ματος.

510 1490 583 1540 Δ’.
615 1487 677 1540 El
713 1484 770 1541 δέ
801 1503 887 1552 τις
910 1488 990 1551 είς
1009 1484 1110 1557 τὴν
1134 1484 1300 1557 εὐχὴν
1326 1485 1497 1558 μόνην
1530 1484 1724 1540 ἐαυτὸν
1755 1484 2026 1556 βιάζεται,

438 1577 519 1648 μὴ
576 1578 713 1648 ἔχων
760 1577 952 1647 εὐχὴν,
997 1577 1088 1631 ἵνα
1133 1578 1236 1646 σχῇ
1286 1576 1453 1647 εὐχῆς
1505 1576 1691 1647 χάριν,
1725 1576 1806 1639 είς
1834 1575 1892 1628 δὲ
1928 1574 2030 1646 τὴν

438 1668 724 1741 πραότητα
758 1669 854 1723 καὶ
882 1666 1393 1741 ταπεινοφροσύνην
1423 1668 1521 1722 καὶ
1547 1667 1772 1737 ἀγάπην
1800 1667 1896 1720 καὶ
1929 1665 2029 1731 τάς

2129 595 2219 641 tus
2266 594 2363 641 aut
2421 586 2821 644 dehonestatus
2875 590 3217 663 indignetur,
3258 594 3413 664 juxta
3456 594 3713 650 dictum:

2125 677 2246 732 Non
2283 681 2619 750 vosmetipsos
2668 680 3000 749 ulciscentes,
3038 686 3375 738 charissimi’
3424 687 3716 757 :compel-

2128 768 2243 825 lere
2272 786 2330 825 se
2357 772 2541 841 ipsum
2587 772 2656 827 ad
2685 788 2901 843 preces,
2934 774 2979 829 si
3014 790 3210 844 preces
3238 777 3559 845 spirituales
3602 794 3715 833 non

2129 859 2351 915 habeat.
2386 862 2479 919 Sic
2502 864 2687 934 itaque
2716 866 2887 932 Deus,
2905 866 3259 936 conspiciens
3281 882 3434 931 eum,
3469 870 3566 939 qui
3599 878 3721 924 tan-

2130 960 2322 1023 topere
2349 956 2656 1023 contendit,
2679 972 2744 1012 ac
2775 958 2851 1022 vi,
2877 958 3184 1013 reluctante
3212 959 3419 1027 animo,
3450 975 3509 1015 se
3533 962 3717 1030 ipsum

2129 1042 2482 1115 constringit,
2517 1061 2709 1101 veram
2744 1045 2987 1116 Spiritus
3028 1049 3405 1118 precationem
3453 1051 3711 1120 largitur,

2128 1146 2316 1187 veram
2376 1134 2729 1191 dilectionem
2771 1137 3046 1203 concedit,
3086 1154 3274 1195 veram
3321 1143 3719 1197 mansuetudi-

2129 1239 2294 1291 nem,
2344 1226 2558 1282 viscera
2613 1227 3043 1295 misericordiae,
3092 1230 3445 1287 clementiam
3504 1250 3715 1301 veram,

2129 1322 2317 1383 atque,
2363 1323 2424 1369 ut
2472 1316 2639 1371 unico
2671 1317 2844 1371 verbo
2872 1316 3079 1385 dicam,
3125 1320 3303 1390 replet
3348 1336 3477 1377 eum
3529 1323 3713 1379 fructu

2132 1404 2393 1474 Spiritus.

2200 1499 2289 1555 IV.
2321 1498 2479 1566 Quod
2518 1500 2566 1556 si
2601 1500 2749 1571 quis,
2782 1516 2910 1557 enm
2956 1503 3157 1559 aﬁ‘ectu
3193 1507 3457 1575 precandi
3504 1520 3710 1576 careat,

2131 1591 2201 1646 ad
2236 1606 2432 1661 preces
2485 1592 2631 1648 solas
2661 1608 2722 1648 se
2765 1593 2947 1663 ipsum
2978 1594 3183 1665 adigat,
3226 1606 3287 1650 ut
3338 1610 3716 1670 consequatur

2132 1683 2471 1754 precationis
2527 1684 2810 1754 gratiam:
2856 1684 2925 1739 ad
2993 1688 3482 1746 mansuetudinem
3555 1707 3714 1757 vero,

438 1762 634 1825 λοιπάς
659 1760 880 1824 ἐντολὰς
909 1760 1004 1814 τοῦ
1037 1762 1243 1832 Κυρίου
1272 1761 1464 1814 ἑαυτὸν
1502 1760 1563 1813 οὐ
1600 1758 1869 1829 βιάζεται,
1902 1757 2028 1812 οὕτε

2145 1774 2504 1829 humilitatem
2535 1774 3096 1837 animi,dilectionem
3139 1787 3196 1833 et
3216 1780 3429 1850 reliqua
3455 1784 3717 1839 mandata

441 1855 715 1925 μέριμναν
764 1854 861 1908 καὶ
905 1853 1067 1907 πόνον
1096 1854 1192 1907 καὶ
1226 1852 1416 1923 ἀγῶνα
1457 1851 1570 1924 ἔχει
1600 1852 1787 1907 ἐκεῖνα
1824 1868 2026 1922 κατορ-

2145 1866 2373 1932 Domini,
2433 1866 2618 1922 minus
2673 1882 2733 1923 se
2788 1868 2967 1938 ipsum
3023 1870 3338 1939 compellat,
3385 1888 3488 1928 nec
3546 1875 3718 1930 ullam

441 1945 654 2011 θῶσαι,
686 1946 810 1999 ὅσον
853 1944 916 1997 τὸ
963 1946 1028 1999 ἐκ
1069 1944 1465 2017 προαιρέσεως,
1517 1944 1616 1998 καὶ
1669 1942 2029 2008 αὐτεξουσίου

438 2037 771 2107 θελήματος,
804 2036 977 2090 ἐνίοτε
1005 2036 1209 2090 δίδοται
1247 2036 1397 2105 αὐτῷ
1430 2035 1599 2106 εὐχῆς
1627 2035 1789 2108 χάρις
1814 2035 1873 2089 ἐν
1894 2035 2028 2089 ἀνα-

441 2126 645 2181 παύσει
672 2129 766 2181 καὶ
794 2126 1104 2199 εὐφροσύνῃ
1129 2127 1224 2182 τοῦ
1257 2127 1577 2197 Πνεύματος
1611 2124 1856 2198 μερικῶς
1886 2124 2031 2180 κατά

440 2221 504 2273 τὸ
535 2220 741 2291 αἴτημα
779 2219 968 2275 αὐτοῦ.
1018 2219 1145 2284 Τοῖς
1177 2220 1236 2274 δὲ
1265 2220 1491 2291 τρόποις
1520 2219 1707 2290 ὅμοιός
1738 2219 1856 2272 ἐστι
1904 2217 2028 2273 καθ’

438 2311 469 2365 ὃ
502 2312 595 2366 καὶ
636 2314 767 2383 πρὶν
792 2307 882 2383 ῆν,
913 2311 1015 2365 οὐκ
1050 2311 1164 2383 ἔχει
1194 2311 1500 2383 πραότητα,
1534 2311 1617 2365 ὅτι
1661 2312 1763 2365 οὐκ
1797 2310 2030 2381 ἐζήτησε

442 2409 628 2473 πόνον,
668 2407 765 2461 καὶ
800 2408 1235 2477 προευτρέπισεν
1272 2405 1467 2460 ἑαυτὸν
1521 2403 1695 2468 οὕτως
1740 2403 2026 2473 γενέσθαι’

440 2500 544 2554 ούκ
575 2499 689 2571 ἔχει
741 2496 1269 2569 ταπεινοφροσύνην,
1309 2495 1500 2566 ἐπειδὴ
1552 2495 1655 2549 ούκ
1703 2494 1896 2566 ⁴ᾔτησε,
1936 2492 2033 2547 καὶ¹

439 2591 638 2646 ἐαυτὸν
684 2592 786 2645 οὐκ
824 2590 1083 2646 ἐϐιάσατο
1134 2590 1215 2652 είς
1266 2588 1446 2644 τοῦτο.
1493 2588 1609 2643 Ούκ
1644 2587 1760 2659 ἔχει
1806 2586 2033 2657 ἀγάπην

441 2684 583 2755 πρὸς
638 2682 886 2747 πάντας,
940 2680 1127 2751 ἐπειδὴ
1171 2680 1303 2750 περὶ
1353 2679 1547 2733 τούτου
1601 2679 1877 2750 μέριμναν
1937 2675 2033 2729 καὶ

443 2776 632 2844 ἀγῶνα
679 2776 778 2827 οὐκ
808 2774 966 2844 ἔσχεν
999 2774 1060 2827 ἐν
1106 2774 1173 2843 τῇ
1206 2771 1423 2841 αἰτήσει
1469 2771 1568 2841 τῆς
1600 2770 1767 2841 εὐχῆς
1787 2786 1801 2802 ο
1845 2768 1941 2823 καὶ
1974 2770 2033 2822 ἐν

441 2869 585 2939 αὐτῇ
615 2870 683 2939 τῇ
710 2866 1059 2937 ἐπιτηδεύσει
1082 2864 1177 2919 τοῦ
1211 2866 1376 2937 ἔργου
1395 2905 1410 2931 ,
1446 2864 1549 2917 οὐκ
1573 2861 1687 2933 ἔχει
1718 2860 1905 2915 πίστιν
1939 2860 2035 2915 καὶ

444 2960 774 3031 πεποίθησιν
811 2960 950 3031 πρὸς
976 2958 1069 3012 τὸν
1102 2958 1237 3012 Θεὸν
1258 2998 1273 3023 ,
1302 2956 1490 3028 ἐπειδὴ
1525 2954 1767 3024 ἔγνωκεν
1804 2952 1995 3007 ἐαυτὸν
2014 2992 2030 3017 ,

442 3053 548 3105 οὐκ
583 3050 906 3121 ἐδοκίμασεν
942 3049 1018 3119 μὴ
1062 3048 1229 3119 ἔχειν,
1267 3048 1361 3102 καὶ
1390 3047 1493 3101 οὐκ
1522 3046 1788 3115 ἐπόνησεν
1823 3046 1882 3098 ἐν
1916 3042 2033 3098 θλί-

2130 1973 2341 2020 curam,
2374 1959 2621 2014 laborem
2653 1974 2718 2014 ac
2761 1959 3007 2015 studium
3052 1962 3334 2029 adhibeat,
3366 1972 3429 2019 ut
3468 1981 3535 2021 ea
3568 1976 3718 2023 recte

2129 2051 2240 2120 82
2263 2050 2563 2105 constituat
2590 2066 2604 2105 :
2629 2051 2810 2120 quoad
2844 2053 2993 2108 illius
3024 2054 3371 2123 propositum
3398 2072 3462 2112 ac
3484 2058 3718 2113 liberam

2131 2126 2512 2204 voluntatem,
2573 2142 2902 2197 conceditur
2976 2144 3054 2197 illi
3110 2146 3387 2201 interdum
3456 2147 3720 2217 precandi

2132 2232 2311 2303 gratia
2340 2247 2467 2287 cum
2487 2231 2857 2287 delectatione
2876 2247 2941 2288 ac
2970 2232 3161 2289 laetitia
3193 2235 3452 2305 Spiritus,
3473 2253 3540 2292 ex
3561 2246 3721 2307 parte

2134 2332 2320 2379 tamen
2347 2326 2501 2393 juxta
2536 2323 2861 2392 petitionem
2900 2326 3024 2395 ejus
3054 2341 3068 2378 :
3093 2326 3345 2380 moribus
3366 2334 3548 2382 tamen
3574 2328 3721 2383 idem

2132 2422 2238 2480 est,
2272 2414 2474 2485 quibus
2516 2423 2678 2471 antea
2722 2423 2865 2481 erat,
2922 2414 3223 2471 destitutus
3270 2418 3719 2487 mansuetudine,

2129 2520 2200 2560 eo
2231 2505 2378 2573 quod
2406 2522 2516 2561 non
2548 2506 2838 2571 laborarit,
2866 2521 2969 2562 nec
2995 2521 3053 2561 se
3120 2509 3464 2577 prmpararit,
3504 2518 3566 2565 ut
3596 2511 3724 2568 talis
3772 2565 3787 2574 ,

2146 2601 2441 2656 evaderet:
2480 2601 2779 2657 destitutus
2828 2600 3163 2666 humilitate,
3184 2617 3253 2657 eo
3282 2603 3427 2671 quod
3456 2619 3565 2657 non
3593 2620 3724 2674 pos—

2136 2690 2346 2754 tularit,
2382 2707 2486 2746 nec
2505 2706 2566 2746 se
2592 2692 2770 2761 ipsum
2791 2690 2858 2745 ad
2883 2706 3005 2746 eam
3026 2693 3393 2762 compulerit:
3422 2694 3725 2750 destitutus

2134 2781 2433 2837 dilectione
2460 2797 2591 2852 erga
2616 2796 2831 2846 omnes,
2862 2797 2931 2837 eo
2960 2783 3108 2852 quod
3136 2783 3205 2838 de
3234 2800 3300 2840 ea
3328 2786 3467 2840 nihil
3497 2787 3724 2845 omnino

2136 2872 2408 2929 sollicitus
2434 2872 2604 2928 fuerit
2630 2873 2686 2928 in
2711 2874 3082 2944 postulatione
3107 2877 3375 2932 orationis
3401 2892 3550 2933 suae:
3575 2887 3633 2934 et
3667 2880 3725 2934 in

2138 2964 2256 3034 ipsa
2287 2965 2475 3035 operis
2516 2964 3001 3021 administratione
3024 2981 3137 3021 non
3186 2966 3355 3023 habet
3394 2968 3583 3036 ﬁdem,
3622 2986 3725 3026 nec

2137 3054 2399 3111 ﬁduciam
2431 3070 2558 3127 erga
2610 3056 2807 3123 Deum,
2858 3071 2927 3112 eo
2965 3056 3114 3128 quod
3161 3057 3217 3113 in
3270 3060 3587 3130 cognitione
3636 3063 3725 3117 sui

444 3142 571 3213 ψει,
604 3141 785 3211 ζητῶν
832 3139 984 3211 παρά
1012 3138 1222 3210 Κυρίου
1260 3140 1407 3209 σχεῖν
1435 3137 1535 3207 τὴν
1564 3136 1704 3207 πρὸς
1743 3135 1910 3190 αὐτὸν
1941 3134 2035 3205 βε-

2145 3164 2333 3204 carere
2365 3164 2422 3204 se
2448 3166 2561 3205 non
2606 3160 2867 3219 expertus
2895 3158 3000 3217 est,
3045 3166 3228 3221 neque
3264 3152 3552 3207 contendit
3599 3168 3725 3215 cum

445 3234 611 3289 σαίαν
647 3233 862 3301 πίστιν,
897 3232 993 3286 καλ⁸
1029 3231 1358 3302 πεποίθησιν
1393 3230 1680 3303 ἀληθινήν.

522 3432 598 3490 E'.
629 3433 751 3505 Χρὴ
778 3432 891 3503 γάρ
914 3432 1150 3486 ἕκαστον
1187 3429 1379 3501 ὥσπερ
1415 3430 1498 3494 είς
1528 3428 1629 3501 τὴν
1654 3427 1822 3499 εὐχὴν
1857 3426 2039 3497 βιάζεο

449 3526 578 3579 σθαι
617 3525 810 3579 ἐαυτὸν
852 3524 949 3578 καὶ
977 3524 1193 3594 ἄγχειν,
1227 3523 1301 3595 μὴ
1333 3520 1597 3591 θελούσης
1632 3521 1733 3591 τῆς
1774 3520 2036 3590 καρδίας·

447 3617 626 3681 οὕτως
666 3616 763 3671 καὶ
811 3616 892 3677 είς
920 3614 1021 3686 τὴν
1069 3614 1424 3683 πεποίθησιν,
1463 3610 1640 3673 οὓτως
1692 3610 1787 3665 καὶ
1817 3610 1897 3673 εἰς
1940 3610 2040 3677 τὴν

445 3708 989 3780 ταπεινοφροσύνην,
1020 3706 1196 3770 οὕτως
1224 3707 1303 3769 είς
1336 3704 1436 3777 τὴν
1463 3704 1718 3773 ἀθράπην,
1752 3702 1926 3765 οὕτως
1961 3701 2041 3764 είς

449 3803 552 3873 τὴν
578 3798 883 3874 πραότητα,
911 3798 1285 3871 ἀκεραιότητά
1315 3814 1374 3850 τε
1402 3796 1498 3850 καλ⁵
1521 3795 1803 3881 ἁπλότητα
1824 3811 1837 3824 ο
1867 3792 2043 3856 οὕτως

449 3897 535 3959 είς
563 3897 745 3949 πᾶσαν
779 3892 1057 3964 ὑπομονὴν
1092 3892 1188 3946 καὶ⁷
1221 3888 1606 3962 μακροθυμίαν
1649 3902 2041 3957 καταγεγραμ-

454 3987 622 4057 μένον
671 3983 810 4056 μετά
838 3984 1015 4055 χαρᾶς
1041 4000 1055 4016 ι
1103 3981 1280 4045 οὕτως
1330 3978 1615 4051 βιάζεσθαι
1644 3980 1723 4043 είς
1757 3979 1819 4031 τὸ
1848 3978 2039 4032 ἐαυτὸν

452 4078 782 4145 ἐξουθενεῖτε.
831 4077 945 4131 Καὶ
993 4074 1210 4146 πτωχὸν
1255 4074 1352 4129 καὶ
1409 4073 1638 4143 ἔσχατον
1684 4069 1997 4140 λογίζεσθαι
2020 4085 2038 4103 ο

451 4168 627 4233 οὕτως
655 4171 736 4231 είς
767 4167 830 4221 τὸ
876 4167 952 4239 μὴ
988 4167 1199 4238 ὁμιλεῖν
1226 4167 1295 4220 τά
1322 4164 1399 4238 μὴ
1436 4166 1566 4219 ὅντα
1596 4166 1865 4237 χρήσιμα,
1903 4165 2042 4218 ἀλλά

454 4262 546 4315 ἀεὶ
584 4261 655 4315 τά
704 4260 801 4314 τοῦ
833 4258 970 4314 Θεοῦ
1004 4258 1235 4331 μελετᾷν
1256 4298 1272 4323 ,
1321 4259 1417 4312 καὶ
1447 4257 1628 4311 λαλεῖν
1676 4258 1905 4329 στόματι
1948 4257 2045 4313 κα)⁸

456 4356 678 4427 καρδίᾳ.
727 4354 916 4418 Οὕτως
954 4356 1035 4419 είς
1078 4353 1141 4407 τὸ
1177 4354 1253 4425 μὴ
1292 4353 1630 4425 θυμοῦσθαι,
1662 4352 1761 4407 καὶ
1796 4353 2045 4424 κραυγά-

455 4449 576 4514 ζειν
600 4446 741 4501 κατά
764 4446 829 4500 τὸ
866 4445 1155 4517 εἰρημένον
1176 4486 1190 4510 ,
1219 4444 1395 4502 Πᾶσα
1425 4444 1660 4513 πικρία,
1698 4447 1801 4499 καί
1831 4444 2042 4513 θυμὸς,

2141 3240 2437 3294 aﬂlictione
2467 3239 2761 3295 Dominum
2796 3242 3100 3312 postulare,
3126 3249 3188 3297 ut
3219 3242 3467 3299 obtineat
3510 3243 3724 3300 ﬁrmam

2142 3332 2197 3385 in
2226 3331 2378 3385 illum
2400 3330 2565 3386 ﬁdem
2599 3346 2665 3387 ac
2702 3346 2890 3387 veram
2922 3332 3204 3389 ﬁduciam.

2213 3437 2276 3491 V.
2305 3435 2537 3506 Oportet
2570 3436 2717 3491 enim
2760 3453 3214 3510 unumquemque
3260 3441 3494 3511 perinde
3549 3449 3613 3496 ut
3658 3441 3729 3498 ad

2142 3543 2336 3599 preces
2384 3544 2442 3583 se
2493 3527 2823 3596 compellere
2872 3539 3039 3600 atque
3095 3532 3336 3600 adigere,
3388 3544 3729 3605 repugnante

2143 3621 2362 3683 animo;
2395 3620 2475 3675 sic
2502 3637 2722 3691 quoque
2755 3622 2821 3675 ad
2856 3622 3136 3685 ﬁduciam,
3164 3623 3245 3677 sic
3270 3639 3491 3693 quoque
3520 3625 3588 3679 ad
3619 3625 3731 3679 hu-

2142 3710 2457 3776 militatem,
2489 3711 2569 3765 sic
2605 3726 2829 3781 quoque
2876 3712 2944 3766 ad
2993 3713 3371 3779 dilectionem,
3400 3714 3480 3769 sic
3505 3730 3729 3785 quoque

2142 3795 2211 3849 ad
2243 3797 2751 3864 mansuetudinem,
2800 3799 3175 3855 sinceritatem
3203 3811 3258 3856 et
3283 3802 3728 3872 simplicitatem:

2143 3889 2225 3943 sic
2252 3905 2474 3960 quoque
2496 3892 2563 3946 ad
2593 3908 2812 3948 omnem
2835 3893 3156 3963 patientiam
3178 3902 3235 3948 et
3260 3895 3731 3965 longanimitatem.

2147 3996 2271 4035 cum
2298 3982 2500 4052 gaudio
2544 3998 2608 4038 ac
2640 3994 2895 4054 prompte
2926 3984 3209 4039 collimare
3252 4002 3265 4039 :
3298 3984 3379 4040 sic
3407 4000 3627 4057 quoque
3671 4001 3732 4044 se

2146 4075 2477 4143 compellere
2514 4075 2581 4131 ad
2607 4076 2691 4131 sui
2727 4076 2900 4146 ipsius
2945 4077 3290 4147 despectum,
3327 4092 3390 4132 ac
3413 4092 3473 4133 se
3525 4094 3735 4150 paupeo

2148 4180 2264 4219 rem
2292 4164 2607 4237 inﬁmaeque
2639 4168 2806 4223 sortis
2834 4167 3265 4223 homuncionem
3304 4176 3567 4238 reputare
3591 4187 3604 4222 :
3629 4172 3733 4237 sic,

2145 4273 2215 4314 ne
2250 4260 2497 4316 intentus
2531 4261 2604 4315 sit
2661 4261 2829 4316 rebus
2870 4262 3054 4316 minus
3084 4260 3335 4325 utilibus,
3374 4262 3469 4316 sed
3518 4278 3738 4333 semper

2147 4368 2270 4422 quae
2306 4352 2401 4407 Dei
2445 4360 2577 4406 sunt
2604 4352 2924 4419 meditetur,
2962 4362 3019 4407 et
3048 4351 3294 4421 proferat
3314 4367 3413 4407 ore
3438 4362 3495 4407 et
3520 4354 3687 4409 corde
3721 4372 3735 4409 :

2148 4443 2229 4496 sic
2272 4458 2338 4496 ne
2386 4443 2467 4496 ira
2505 4442 2872 4498 cxcandescat
2899 4451 2994 4498 aut
3023 4442 3290 4509 clamitet,
3336 4444 3501 4499 sicuti
3526 4444 3740 4498 dictum

456 4540 558 4596 καί
597 4537 767 4609 ὀργὴ,
815 4538 912 4591 καί
948 4534 1206 4605 κραυγὴ,
1264 4534 1367 4589 καί
1402 4536 1772 4604 ,βλασφημία
1809 4534 2035 4604 ἀρθήτω

2148 4542 2233 4588 est
2270 4550 2282 4586 :
2317 4533 2504 4588 Omnis
2537 4534 2922 4600 amarulentia,
2959 4542 3009 4587 et
3052 4534 3275 4601 clamor,
3308 4544 3355 4589 et
3381 4536 3486 4602 ira,
3518 4545 3566 4589 et
3598 4538 3741 4591 voci-

456 4631 560 4700 ἀφ’
613 4630 786 4700 ὑμῶν
829 4628 954 4683 σὺν
1008 4628 1179 4697 πάσῃ
1220 4627 1419 4694 κακίᾳ.
1472 4624 1662 4689 Οὕτως
1717 4626 1799 4690 είς
1835 4626 2045 4689 πάντας

458 4728 583 4789 τοὺς
610 4722 705 4777 τοῦ
729 4722 940 4794 Κυρίου
960 4721 1220 4792 τρόπους,
1249 4722 1329 4785 είς
1358 4722 1543 4775 πᾶσαν
1563 4719 1798 4790 ἄσκησιν
1819 4717 2043 4788 ἀρετῆς,

459 4818 557 4872 καὶ
607 4815 886 4879 πολιτείας
929 4815 1145 4885 ἀγαθῆς
1189 4816 1284 4868 καὶ
1318 4813 1525 4884 καλῆς”
1564 4814 1645 4875 είς
1689 4813 1870 4866 πᾶσαν
1914 4812 2048 4864 ἀνα-

461 4908 702 4980 στροφὴν
744 4907 1106 4978 ἀγαθότητος,
1166 4909 1247 4971 εἰς
1302 4907 1487 4960 πᾶσαν
1538 4902 2046 4976 ταπεινοφροσύνην

460 4999 787 5071 πραότητος,
814 4998 904 5079 τίς
924 4997 985 5051 τὸ
1020 4998 1095 5068 μὴ
1122 4996 1474 5068 ἐπαίρεσθαι,
1506 4996 1601 5049 καὶ⁵
1630 4994 2044 5067 ὑψηλοφρονεῖν,

459 5091 557 5145 καὶ
584 5080 932 5169 φυσιοῦἇθμιί
962 5090 1056 5144 καὶ
1085 5090 1268 5145 λαλεῖν
1298 5090 1441 5145 κατά
1472 5106 1635 5153 τινος.

469 5306 509 5335 ,λ
536 5234 625 5338 .
794 5270 966 5325 ταῦτα
1007 5230 1188 5324 πάντα
1222 5267 1427 5337 ὀφείλει
1463 5266 1747 5337 βιάζεσθαι
1779 5266 1992 5331 ἑαυτὸν,
2021 5267 2050 5319 ό

464 5363 635 5418 θέλων
692 5363 1050 5433 εὐδοκιμῆσαι
1108 5362 1204 5415 καὶ
1262 5359 1630 5430 εὐαρεστῆσαι
1672 5357 1926 5429 Χριστῷ,
1981 5356 2050 5410 ἵν’

464 5455 641 5520 οὕτως
670 5458 699 5509 ὁ
748 5453 953 5527 Κύριος
1005 5453 1129 5507 ίδὼν
1188 5450 1356 5506 αὑτοῦ
1396 5450 1513 5519 ’τὴν
1567 5448 1913 5521 προθυμίαν,
1958 5448 2052 5501 καὶ

2154 4624 2367 4694 feralia,
2401 4633 2452 4677 et
2507 4622 2881 4678 maledicentia
2920 4624 3144 4680 tollatur
3181 4645 3213 4681 ιι
3257 4628 3397 4681 vobis
3430 4646 3548 4681 cum
3597 4631 3742 4683 omni

2154 4720 2365 4775 malitia
2392 4720 2433 4774 ³.
2467 4720 2558 4775 Sic
2588 4718 2657 4774 ad
2702 4734 2897 4775 omnes
2948 4736 3132 4775 mores
3155 4720 3372 4775 Domini
3406 4721 3740 4789 induendos,

2155 4808 2222 4862 ad
2248 4823 2468 4863 onmem
2504 4808 2747 4875 virtutis,
2779 4808 2941 4879 probi
2966 4810 3302 4881 honestique
3336 4812 3465 4866 vita:
3498 4812 3743 4870 instituti

2156 4900 2631 4968 exercitationem,
2668 4900 2738 4957 ad
2758 4916 2982 4957 omnem
3012 4902 3491 4958 conversationem
3526 4902 3748 4959 bonita-

2158 4995 2249 5059 tis,
2294 4994 2361 5049 ad
2412 5010 2632 5051 omnem
2689 4996 3061 5052 humilitatem
3108 4996 3591 5064 mansuetudinis;
3639 5013 3747 5056 nec

2157 5085 2475 5149 extollatur,
2507 5100 2611 5141 nec
2653 5087 2827 5141 altum
2874 5087 3074 5157 sapiat,
3106 5095 3202 5141 aut
3248 5085 3491 5154 inﬂetur,
3524 5088 3611 5144 vel
3641 5104 3749 5145 cu-

2155 5176 2374 5247 jusdam
2410 5179 2608 5234 famam
2640 5179 2940 5236 detrectet.

2228 5266 2316 5324 Vl.
2343 5270 2423 5325 Ad
2463 5270 2577 5325 lucc
2602 5270 2788 5325 omnia
2812 5284 2871 5325 se
2901 5270 3236 5340 compellere
3270 5271 3437 5327 debet
3463 5273 3556 5343 qui
3590 5274 3746 5344 cupit

2158 5362 2383 5433 probari
2412 5378 2476 5417 ac
2525 5363 2743 5432 placere
2777 5362 3024 5428 Christo,
3070 5362 3143 5418 ita
3174 5372 3234 5418 ut
3280 5364 3568 5431 Dominus,
3611 5381 3747 5421 con-

2167 5464 2360 5525 specta
2410 5455 2532 5526 ejus
2584 5455 3058 5525 promptitudine,
3121 5470 3187 5510 ac
3242 5456 3567 5523 intentione,
3602 5458 3744 5529 ejus,

468 5549 821 5620 προαίρεσιν,
864 5547 960 5601 τοῦ
1012 5546 1186 5611 οὓτως
1244 5546 1325 5607 είς
1375 5544 1560 5596 πᾶσαν
1598 5542 1913 5613 άγαθότητα
1956 5540 2035 5595 κα¹

2162 5543 2519 5614 inquam,qni
2550 5544 2617 5598 ad
2650 5544 3003 5614 probitatem,
3036 5544 3468 5615 simplicitatem,
3492 5548 3747 5631 benignio

467 5640 773 5709 ἁπλότητα,
820 5639 916 5694 καὶ⁵
963 5637 1331 5709 χρηστότητα,
1377 5636 1474 5690 καὶ
1524 5635 2050 5708 ταπεινοφροσύνην,

540 5816 739 5877 'Bom,
770 5831 867 5886 ιιι,
904 5814 992 5874 l9.
1067 5813 1308 5887 'pres.
1337 5829 1411 5883 IV,
1442 5815 1531 5870 51.

2164 5645 2356 5702 tatem,
2407 5636 2801 5704 humilitatem,
2853 5637 3205 5695 dilectionem
3264 5649 3321 5694 et
3366 5640 3746 5709 precationem
