3966 6462
429 397 531 461 647

1664 394 1724 453 S.
1765 393 2084 453 MACARII
2127 389 2445 453 ΑΕΕΥΡΤΙΙ

3577 393 3673 455 648

430 526 488 565 se
521 511 700 581 ipsum
734 505 1038 576 compellit,
1068 518 1132 559 ac
1164 504 1218 560 vi
1248 503 1484 573 quadam
1518 502 1708 573 adigit,
1733 516 1792 557 se
1826 508 1999 555 totum

2106 501 2202 555 καὶ
2273 502 2532 572 ἀγάπην,
2598 500 2692 553 καὶ
2755 498 2920 571 εὐχὴν
2985 498 3247 571 άγχοντος
3302 497 3534 563 ἑαυτὸν,
3590 506 3674 554 καὶ

426 600 509 655 llli
544 599 739 653 oﬂ‘erat
779 615 792 652 :
826 597 965 666 ipse,
1012 595 1259 665 inquam,
1302 594 1595 656 Dominus,
1643 591 1881 660 implens
1916 605 2009 644 re-

425 705 556 746 vera
585 690 699 744 haec
722 688 908 743 omnia
941 688 998 741 in
1028 701 1095 742 eo
1124 700 1262 756 pure
1299 685 1509 753 absque
1550 683 1663 737 ullo
1702 682 1895 737 labore
1949 688 2006 735 et

425 784 499 848 vi,
535 796 657 851 quae
709 795 782 835 ne
817 781 871 833 vi
906 778 1133 849 quidem
1176 776 1287 831 ulla
1315 784 1477 830 antea
1518 774 1816 828 observare
1842 780 2005 841 pote~

426 882 533 938 rat,
558 880 789 943 propter
818 870 1136 925 inhabitans
1180 867 1237 922 in
1277 883 1345 922 eo
1374 873 1685 936 peccatum.
1729 863 2004 931 Fiuntque

425 965 505 1018 illi
540 964 657 1018 haec
695 962 883 1017 omnia
920 961 1189 1015 virtutum
1219 957 1482 1013 exercitia
1527 965 1584 1011 et
1606 954 1810 1018 studia,
1851 954 2004 1007 velut

424 1054 599 1108 altera
638 1062 859 1109 natura.
912 1051 1269 1109 Postmodum
1295 1048 1563 1104 Dominus
1603 1044 1905 1100 adveniens
1947 1051 2005 1097 et

423 1153 680 1200 versatus
733 1160 860 1199 cum
935 1158 1036 1208 eo,
1091 1149 1147 1197 et
1182 1140 1305 1216 .ille
1369 1154 1496 1194 cum
1566 1137 1829 1202 Domino,
1887 1136 2003 1204 ipse

424 1234 641 1303 perﬁcit
676 1234 730 1288 in
769 1248 836 1289 eo
869 1247 968 1287 sua
1030 1231 1288 1285 mandata
1322 1229 1461 1285 citra
1489 1243 1710 1283 omnem
1736 1228 2001 1290 laborem,

423 1325 646 1394 replens
667 1339 792 1379 eum
831 1322 1016 1378 fructu
1050 1320 1309 1391 Spiritus.
1329 1317 1489 1385 Quod
1519 1318 1565 1372 si
1584 1331 1716 1372 vero
1744 1316 1812 1371 ad
1832 1316 2001 1370 solam

421 1415 792 1485 precationem
864 1428 924 1469 se
976 1412 1102 1483 quis
1164 1411 1355 1482 adigit,
1404 1410 1583 1464 donec
1632 1418 2005 1477 consequatur

422 1507 655 1578 gratiam
721 1506 864 1561 hanc
906 1521 937 1559 a
978 1506 1133 1568 Deo;
1178 1503 1247 1559 ad
1275 1519 1340 1557 ea
1372 1518 1525 1565 vero,
1578 1515 1702 1570 qua:
1739 1499 2003 1570 praedicta

422 1606 574 1662 sunt,
609 1612 669 1651 se
706 1612 817 1652 non
862 1596 1177 1664 compellat,
1231 1601 1390 1664 cogat
1432 1600 1491 1646 et
1535 1590 1886 1655 assuefaciat,
1911 1590 2002 1645 ille

420 1702 573 1753 vere,
606 1703 745 1757 pure
794 1701 860 1742 ac
904 1686 1025 1740 sine
1074 1682 1507 1753 reprehensione
1547 1681 1665 1735 haec
1697 1680 2003 1750 adimplere

419 1780 634 1848 nequit.
660 1779 865 1834 Verum
897 1777 972 1831 ita
1006 1775 1265 1831 convenit
1291 1789 1349 1830 se
1381 1787 1692 1843 przeparare
1732 1787 1834 1841 pro
1866 1771 2001 1825 viri-

418 1839 528 1923 bus
547 1869 615 1923 ad
640 1869 695 1922 id
722 1867 871 1937 quod
898 1867 1104 1921 bonum
1124 1874 1229 1919 est.
1265 1839 1547 1919 Interdum
1574 1863 1725 1918 enim
1737 1839 2001 1933 pervenit
2034 1839 2078 1898 Β

428 1958 497 2012 ad
527 1957 655 2011 enin
687 1964 965 2025 petentem
988 1970 1052 2010 ac
1072 1963 1386 2025 precantem
1404 1953 1577 2025 gratia
1597 1952 1801 2008 divina.
1821 1951 2006 2008 Bonus

423 2047 573 2101 enim
606 2054 664 2100 et
695 2028 977 2116 benignus
992 2054 1071 2100 est
1099 2044 1263 2109 Deus,
1300 2058 1362 2098 ac
1389 2043 2006 2113 petentibusaselargi-

434 2144 527 2191 tur
557 2152 679 2207 qua:
708 2138 1005 2206 petierant.
1039 2136 1241 2191 Verum
1268 2136 1363 2206 qui
1394 2144 1547 2189 caret
1573 2135 1661 2199 iis,
1702 2134 1771 2190 de
1801 2135 2006 2205 quibus

421 2226 591 2281 locuti
622 2241 812 2281 sumus
853 2235 1034 2291 antea,
1080 2240 1183 2280 nec
1228 2240 1288 2279 se
1335 2224 1403 2279 ad
1450 2240 1515 2279 ea
1556 2223 1854 2279 assuefacit
1911 2234 2007 2279 aut

420 2326 717 2389 praeparat,
748 2318 981 2389 gratiam
1016 2333 1180 2387 quam
1207 2324 1542 2371 consecutus
1566 2317 1679 2387 jam
1712 2324 1851 2381 erat,
1876 2331 2004 2386 per—

424 2409 526 2475 dit,
567 2425 631 2464 ac
661 2410 810 2465 cadit
836 2424 949 2480 pm
975 2409 1147 2464 nimia
1172 2408 1520 2479 arrogantia;
1550 2416 1643 2463 aut
1665 2408 1806 2463 nihil
1832 2406 2003 2478 proﬁ-

431 2502 527 2567 cit,
557 2516 661 2556 nec
707 2512 941 2573 augetur
985 2502 1042 2555 in
1086 2501 1261 2572 gratia
1288 2501 1393 2556 sibi
1425 2516 1708 2567 concessa,
1743 2500 2004 2570 quoniam

420 2592 700 2647 mandatis
727 2592 947 2647 Domini
973 2592 1285 2648 deliberate
1314 2593 1501 2648 animo
1549 2606 1609 2647 se
1653 2606 1767 2647 non
1797 2591 1953 2646 dedit
1988 2605 2001 2645 :

419 2681 620 2735 domus
675 2681 828 2736 enim
886 2689 945 2737 et
1000 2682 1226 2752 requies
1263 2681 1504 2752 Spiritus
1557 2689 1643 2737 est
1692 2681 2002 2745 humilitas,

417 2770 644 2826 dilectio
690 2780 747 2827 et
799 2771 1192 2839 mansuetudo,
1219 2780 1276 2827 et
1308 2772 1521 2843 reliqua
1569 2771 1787 2828 Domini
1851 2786 2007 2826 man-

418 2862 567 2919 data.

488 3052 599 3122 83
619 3052 736 3107 VII.
760 3051 934 3107 Debet
957 3066 1113 3122 ergo,
1139 3052 1460 3122 quicunque
1484 3053 1599 3107 Deo
1627 3068 1757 3108 vere
1788 3052 2007 3122 placere

416 3145 589 3216 cupit,
612 3143 682 3197 ab
725 3158 903 3212 eoque
927 3144 1177 3213 recipere
1206 3144 1489 3198 caelestem
1511 3144 1752 3213 Spiritus
1774 3144 2004 3214 gratiam

415 3243 472 3288 et
503 3233 559 3287 in
599 3232 804 3302 Spiritu
854 3243 1044 3288 sancto
1083 3248 1335 3288 crescere
1360 3248 1425 3287 ac
1464 3233 1678 3303 perﬁci,
1715 3234 1783 3288 ad
1814 3235 1999 3289 omnia

414 3332 688 3393 praecepta
733 3323 829 3377 Dei
873 3339 931 3377 se
968 3323 1147 3394 ipsum
1177 3324 1530 3394 compellere,
1560 3334 1617 3381 et
1645 3327 1730 3381 vel
1764 3326 1999 3382 invitum

415 3412 663 3466 animum
694 3413 1011 3484 subjugare,
1048 3414 1351 3469 secundum
1392 3415 1541 3485 quod
1580 3415 1823 3471 dicitur:
1864 3416 2002 3471 Pro-

414 3510 598 3573 pterea
620 3502 690 3555 ad
713 3504 892 3556 omnia
914 3505 1168 3558 mandata
1194 3514 1287 3559 tua
1310 3505 1576 3575 dirigebar
1595 3522 1613 3561 :
1630 3522 1837 3560 omnem
1858 3508 2001 3561 viam

412 3592 658 3662 iniquam
702 3590 821 3645 odio
865 3591 1022 3645 habui
1045 3596 1084 3646 ⁸.
1115 3592 1589 3659 Quemadmodum
1619 3595 1768 3649 enim
1799 3595 2002 3665 aliquis

411 3685 479 3738 ad
513 3686 977 3754 perseverandum
1012 3686 1068 3740 in
1102 3687 1423 3757 precatione
1458 3703 1516 3742 se
1544 3688 1726 3758 ipsum
1753 3688 2000 3759 compel-

412 3774 474 3827 lit
507 3782 674 3845 atque
699 3775 891 3846 adigit,
918 3776 1095 3831 donec
1122 3777 1175 3831 id
1201 3786 1350 3831 recte
1375 3779 1730 3833 constituerit
1753 3797 1765 3833 :
1802 3779 1998 3834 eodem

412 3867 599 3931 modo,
635 3866 682 3921 si
712 3866 961 3930 libuerit,
996 3868 1066 3922 ad
1098 3870 1282 3924 omnia
1308 3886 1529 3940 quoque
1553 3871 1821 3927 virtutum
1843 3887 2001 3928 exer-

411 3957 541 4011 citia
569 3973 629 4013 se
661 3958 841 4028 ipsum
872 3960 1151 4029 compellit
1171 3971 1338 4032 atque
1363 3962 1556 4033 adigit,
1580 3963 1741 4019 home
1763 3980 1999 4021 consue-

414 4048 595 4102 tudini
644 4064 1001 4116 assuescens;
1039 4059 1094 4105 et
1138 4053 1238 4117 sic,
1285 4053 1380 4108 ubi
1434 4056 1653 4110 assidue
1704 4056 1998 4113 Dominum

412 4136 721 4191 obtestatus
766 4154 831 4193 ac
877 4139 1227 4208 deprecatus,
1259 4149 1314 4197 et
1344 4158 1464 4211 quae
1490 4144 1734 4212 petierit,
1767 4144 2001 4214 adeptus

413 4229 603 4295 fuerit,
635 4230 806 4284 Deum
833 4239 1055 4300 gustare
1080 4233 1267 4301 coepit,
1306 4250 1371 4289 ac
1401 4234 1639 4305 Spiritus
1668 4237 1842 4290 sancti
1874 4251 2002 4305 par-

416 4320 587 4389 ticeps
616 4322 791 4375 factus
840 4322 1027 4387 luerit,
1074 4322 1177 4376 hoc
1218 4324 1348 4394 agit,
1383 4336 1444 4380 ut
1471 4335 1685 4382 crescat
1719 4336 1776 4381 et
1819 4328 2000 4381 foveat

412 4414 641 4483 gratiam
682 4413 785 4467 sibi
817 4428 1161 4478 concessam,
1212 4417 1653 4487 requiescentem
1683 4420 1739 4473 in
1772 4419 1997 4474 humili-

414 4511 545 4569 tate,
571 4503 625 4557 in
650 4502 947 4560 dilectione
967 4515 1021 4559 et
1049 4510 1471 4565 mansuetudine
1500 4512 1640 4581 ejus.

481 4680 617 4734 Vlll.
650 4680 769 4750 Ipse
794 4681 1033 4752 Spiritus
1058 4685 1288 4757 largitur
1322 4688 1440 4743 hate
1472 4689 1547 4753 ei,
1577 4696 1744 4759 atque
1767 4689 1996 4746 instruit

409 4787 536 4826 eum
572 4789 701 4828 vera
736 4778 998 4844 precandi
1046 4781 1280 4845 ratione,
1334 4796 1464 4836 vera
1508 4782 1826 4849 dilectione,
1865 4800 1994 4841 vera

408 4868 853 4934 mansuetudine,
900 4869 970 4923 ad
1019 4887 1142 4941 qua:
1184 4884 1346 4928 antea
1385 4873 1438 4926 vi
1489 4889 1548 4929 se
1602 4877 1988 4947 compellebat,

408 4969 530 5022 quae
558 4954 895 5025 inquirebat,
936 4959 1004 5014 de
1042 4962 1247 5031 quibus
1286 4964 1557 5020 sollicitus
1588 4976 1729 5032 erat,
1765 4983 1829 5022 ac
1866 4984 1991 5038 qua:

407 5044 798 5112 meditabatur,
836 5066 1069 5121 quaeque
1115 5053 1316 5108 donata
1365 5056 1586 5111 tandem
1638 5059 1688 5113 ei
1730 5070 1896 5116 sunt:
1932 5070 1988 5115 et

406 5137 480 5191 ita
511 5148 709 5193 auctus
738 5150 793 5194 et
817 5155 1233 5199 consummatus
1264 5147 1321 5199 in
1359 5147 1491 5213 Deo,
1520 5150 1615 5220 qui
1636 5151 1810 5207 hatrcs
1833 5155 1988 5223 regni

404 5226 620 5291 evadat,
669 5229 867 5299 dignus
919 5232 1171 5288 habetur.
1223 5236 1460 5293 Humilis
1510 5240 1658 5295 enim
1705 5259 1986 5314 nunquam

406 5317 629 5371 labitur.
659 5319 811 5375 Unde
834 5322 981 5375 enim
1008 5324 1117 5378 labi
1151 5324 1347 5381 liceret
1373 5330 1447 5394 ei,
1479 5332 1573 5399 qui
1602 5334 1705 5388 sub
1728 5337 1989 5403 omnibus

402 5408 535 5461 est?
562 5409 741 5464 Nimia
780 5411 961 5481 itaque
994 5415 1163 5468 animi
1197 5418 1365 5473 elatio
1394 5434 1609 5477 summa
1639 5436 1724 5480 est
1758 5427 1985 5484 humili-

407 5507 527 5589 tas:
566 5501 848 5558 humilitas
879 5520 1010 5558 vero
1042 5521 1239 5575 magna
1271 5518 1358 5563 est
1384 5513 1665 5580 exultatio,
1698 5519 1986 5576 existima-

406 5590 482 5636 tto
510 5594 673 5654 atque
703 5589 960 5657 dignitas.
995 5592 1105 5646 Nos
1132 5609 1265 5664 ergo
1306 5612 1531 5661 quoque
1559 5618 1658 5659 nos
1684 5609 1983 5678 compella-

473 5757 497 5788 ⁵
525 5760 721 5817 Psalm.
763 5779 944 5831 cxvm,
994 5770 1113 5823 lOl.

2105 593 2330 661 ἄγοντος
2366 593 2504 663 μετά
2534 592 2676 663 βίας,
2712 592 2858 664 δώσῃ
2885 594 3076 647 ἑαυτὸν
3098 593 3217 645 ὅλον
3255 591 3427 661 αὐτῷ,
3460 592 3623 658 αὐτὸς
3648 596 3676 648 ὁ

2106 687 2310 759 Κύριος
2340 682 2603 749 ποιῶνὲξ
2630 684 2885 754 ἀληθείας
2916 683 3086 737 ταῦτα
3118 683 3293 736 πάντα
3328 682 3590 753 καθαρῶς
3623 686 3677 738 ὲν

2105 780 2255 852 αὐτῷ
2281 778 2501 842 ἀκόπως
2561 777 2655 831 καὶ
2681 776 2978 841 ἀϐιάστως,
3010 774 3046 828 ἀ
3084 775 3213 845 πρὶν
3238 774 3358 828 οὐδὲ
3395 774 3536 844 μετά
3567 774 3680 844 βίας

2107 870 2341 940 φυλάξαι
2385 868 2639 939 ἠδύνατο,
2679 867 2767 920 διὰ
2799 866 2896 937 τὴν
2944 867 2999 918 ὲν
3026 864 3177 935 αὐτῷ
3214 865 3471 919 οἰκοῦσαν
3502 865 3679 935 ἀμαρ-

2105 961 2229 1014 τίαν
2250 977 2264 991 ·
2316 960 2409 1014 καὶ
2446 959 2656 1028 γίνεται
2690 956 2839 1027 αύτῷ
2870 940 2939 1010 τά
2986 957 3085 1027 τῆς
3113 956 3314 1028 ἀρετῆς
3355 956 3538 1009 πάντα
3566 957 3680 1008 ἑπι-

2104 1053 2418 1124 τηδεύματα
2462 1052 2539 1116 ὡς
2587 1050 2769 1119 φύσις.
2810 1050 2885 1102 Th
2929 1049 3116 1104 λοιπὸν
3165 1048 3333 1102 ἐλθὼν
3375 1051 3406 1102 ὀ
3448 1049 3681 1120 Κύριος,

2105 1146 2200 1198 καὶ
2247 1143 2542 1214 γενόμενος
2598 1142 2658 1194 ὲν
2697 1140 2869 1209 αὐτῷ,
2924 1141 3018 1194 καὶ
3066 1140 3229 1205 αὐτὸς
3266 1142 3322 1194 ὲν
3355 1140 3438 1209 τῷ
3476 1129 3681 1210 Κυρίῳ,

2105 1235 2269 1299 αὐτὸς
2298 1233 2443 1287 ποιεῖ
2471 1233 2528 1286 ὲν
2570 1230 2722 1301 αύτῷ
2766 1231 2866 1294 τὰς
2903 1230 3039 1295 ἰδίας
3083 1231 3302 1295 ἐντολὰς
3335 1230 3468 1285 ἄνευ
3504 1231 3681 1301 καμά-

2104 1344 2198 1379 του
2222 1366 2237 1389 ,
2283 1324 2508 1395 πληρῶν
2540 1322 2704 1377 αὑτὸν
2748 1322 2841 1375 τὸν
2869 1323 3083 1393 καρπὸν
3107 1320 3203 1375 τοῦ
3237 1321 3580 1391 Πνεύματος.
3627 1322 3684 1375 Εἰ

2103 1418 2161 1472 δὲ
2187 1418 2267 1481 εἰς
2300 1416 2466 1487 εὐχὴν
2499 1414 2662 1484 μόνον
2695 1412 2941 1484 βιάζεταί
2969 1430 3055 1477 τις
3090 1414 3304 1479 ἑαυτὸν,
3328 1410 3437 1476 ἓως
3462 1406 3525 1465 οὗ
3552 1412 3682 1483 λάϐῃ

2104 1506 2353 1577 χάρισμα
2385 1502 2539 1575 παρά
2587 1500 2723 1555 Θεοῦ
2747 1542 2762 1566 ,
2798 1501 2877 1563 εἰς
2907 1501 3081 1554 ταῦτα
3104 1502 3162 1555 δὲ
3195 1501 3266 1554 τὰ
3308 1501 3684 1572 προειρημένα

2103 1597 2306 1667 ὁμοίως
2335 1594 2526 1649 ἑαυτὸν
2552 1592 2613 1646 οὐ
2649 1591 2916 1663 βιάζεται,
2953 1592 3050 1646 καὶ
3087 1592 3249 1662 ἄγχει
3279 1594 3377 1647 καὶ
3406 1592 3599 1657 ἐθίζει,
3625 1592 3681 1645 ού

2102 1687 2329 1742 δύναται
2367 1684 2427 1752 ιε
2476 1682 2760 1754 ἀληθείας,
2808 1681 3068 1754 καθαρῶς
3106 1683 3202 1738 καὶ
3251 1683 3508 1754 ἀμώμως
3553 1682 3686 1738 αύτά

2106 1780 2353 1849 ποιῆσαι.
2421 1775 2562 1829 Ἀλλ’
2617 1775 2761 1829 οὕτω
2806 1775 2913 1846 χρὴ
2972 1774 3433 1846 προευτρεπίζειν
3479 1774 3680 1837 ἑαυτὸν,

2105 1873 2229 1925 ὅσον
2250 1868 2476 1925 δυνατὸν
2505 1869 2586 1929 εἰς
2614 1866 2678 1919 τὸ
2701 1865 2905 1933 ἀγαθόν
2930 1882 2944 1896 ο
2973 1864 3145 1918 ὲνίοτε
3172 1865 3281 1936 γὰρ
3318 1865 3535 1933 γίνεται
3559 1864 3684 1934 πρὸς

2105 1961 2329 2032 αύτδνή
2370 1938 2488 2012 θεία
2517 1959 2678 2028 χάρις
2714 1955 2969 2011 αἰτοῦντα
3008 1956 3102 2009 καὶ
3139 1956 3418 2025 δεόμενον.
3468 1956 3689 2024 ’Δγαθὸς

2104 2054 2214 2125 γὰρ
2247 2052 2343 2106 καὶ
2389 2050 2628 2122 χρηστός
2677 2050 2827 2101 ἐστιν
2862 2048 2891 2099 ὁ
2935 2046 3100 2112 Θεὸς,
3147 2047 3245 2101 καὶ
3290 2050 3407 2112 τοῖς
3449 2048 3682 2103 αἰτοῦσιν

2104 2145 2267 2200 αὐτὸν
2313 2144 2498 2198 δίδωσι
2545 2143 2616 2196 τά
2663 2142 2950 2211 αἰτήματα
3002 2139 3219 2194 αὐτῶνθ
3275 2141 3352 2212 μὴ
3411 2139 3552 2210 ἔχων
3594 2141 3679 2207 δὲ,

2109 2238 2246 2308 μήτε
2300 2236 2519 2300 ἐθίσας,
2576 2234 2712 2305 μήτε
2746 2233 3189 2302 προευτρεπίσας
3240 2232 3438 2286 ἑαυτὸν
3472 2234 3553 2297 εἰς
3592 2231 3682 2294 τὰς

2106 2329 2546 2401 προειρημένας,
2601 2318 2717 2395 εἰγε
2754 2324 2949 2391 λάϐοι,
3007 2324 3200 2378 ἀπολεῖ
3248 2326 3352 2395 τὴν
3406 2325 3566 2397 χάριν
3619 2325 3680 2394 ην

2104 2420 2287 2483 ἔλαϐε,
2321 2421 2417 2472 καὶ
2454 2418 2644 2470 πίπτει
2695 2415 3172 2489 ὑψηλοφρονήσας,
3216 2416 3249 2487 ἢ
3281 2418 3342 2469 ού
3392 2417 3680 2488 προκύπτει

2106 2512 2202 2564 καὶ
2235 2507 2390 2575 αὔξει
2444 2510 2504 2562 ὲν
2554 2510 2621 2577 τῇ
2659 2507 2859 2578 χάριτι
2891 2508 2957 2575 τῇ
3006 2506 3143 2577 πρὸς
3186 2506 3351 2560 αὐτὸν
3383 2507 3677 2575 γενομένῃ,

2106 2599 2292 2669 ἐπειδὴ
2329 2600 2449 2660 ταῖς
2508 2594 2747 2658 ἐντολαῖς
2784 2593 2881 2648 τοῦ
2936 2595 3145 2668 Κυρίου
3196 2596 3262 2650 ὲκ
3316 2597 3679 2668 προαιρέσεως

2107 2689 2301 2744 ἑαυτὸν
2362 2688 2424 2741 ού
2479 2686 2693 2740 δίδωσι·
2747 2683 2810 2739 τὸ
2866 2684 2976 2759 γάρ
3027 2688 3457 2758 κατοικητήριον
3507 2685 3597 2739 καί
3645 2686 3675 2753 ή

2109 2780 2418 2845 ἀνάπαυσις
2444 2776 2541 2832 τοῦ
2565 2776 2908 2848 Πνεύματος,
2942 2777 2977 2847 ὴ
3018 2777 3492 2851 ταπεινοφροσύνη
3522 2776 3676 2841 εστὶν,

2107 2874 2143 2944 ή
2182 2872 2376 2943 ἀγάπη
2404 2886 2465 2924 τε
2494 2868 2591 2923 καὶ
2628 2867 2899 2941 πραότης,
2932 2866 3029 2921 καὶ
3054 2869 3111 2922 αἰ
3141 2869 3329 2924 λοιπαὶ
3354 2867 3454 2922 τοῦ
3482 2865 3676 2938 Κυρίου

2106 2963 2340 3018 ὲντολαί.

2178 3057 2252 3110 Z'.
2302 3056 2539 3126 Ὀφείλει
2572 3058 2670 3112 οὖν
2700 3059 2729 3112 ὁ
2764 3055 3087 3128 βουλόμενος
3124 3051 3185 3118 ἐξ
3212 3051 3478 3122 ἀληθείας
3503 3049 3675 3119 εὐαρε-

2111 3151 2308 3218 στῆσαι
2335 3149 2415 3219 τῷ
2446 3149 2589 3219 Θεῷ,
2622 3150 2718 3203 καὶ
2744 3148 3003 3213 δέξασθαι
3032 3146 3164 3217 παρ’
3191 3144 3361 3199 αὐτοῦ
3390 3145 3488 3214 τὴν
3526 3145 3674 3196 ἐπου-

2109 3240 2294 3311 ράνιον
2325 3239 2420 3293 τοῦ
2454 3240 2774 3310 Πνεύματος
2820 3241 2981 3311 χάριν
3002 3278 3017 3305 ,
3053 3238 3148 3292 καὶ
3194 3239 3431 3309 αὐξῆσαι
3471 3234 3561 3289 καὶ
3596 3249 3673 3286 τε·

2108 3332 2399 3402 λειωθῆναι
2455 3334 2515 3386 ὲν
2550 3333 2629 3402 τῷ
2684 3333 2826 3403 ἀγίῳ
2877 3330 3196 3401 Πνεύματι,
3239 3333 3319 3394 εἰς
3370 3330 3547 3392 πάσας
3587 3325 3673 3388 τὰς

2108 3425 2331 3489 ὲντολάς
2354 3424 2450 3479 τοῦ
2480 3425 2617 3479 Θεοῦ
2649 3423 2935 3494 βιάζεσθαι
2962 3424 3176 3490 ἑαυτὸν,
3206 3424 3301 3477 καὶ
3328 3424 3408 3493 μὴ
3434 3421 3672 3476 θέλουσαν

2106 3518 2207 3588 τὴν
2262 3517 2490 3590 καρδίαν
2541 3517 2873 3571 ὑποτάσσειν
2919 3515 3063 3571 κατά
3116 3516 3178 3570 τὸ
3226 3515 3549 3587 εἰρημένον·
3581 3507 3671 3563 Διὰ

2105 3609 2283 3664 τοῦτο
2328 3609 2480 3678 πρὸς
2509 3608 2709 3672 πάσας
2741 3607 2850 3673 τὰς
2891 3606 3149 3672 ἐντολάς
3194 3621 3312 3660 σου
3362 3600 3670 3671 κατωρθού-

2100 3719 2247 3772 μην,
2280 3698 2491 3757 πᾶσαν
2517 3700 2663 3755 ὁδὸν
2690 3698 2904 3755 ἄδικον
2921 3700 3208 3770 ἐμίσησα.
3241 3698 3457 3768 Ὠσπερ
3477 3696 3576 3765 γάρ
3597 3705 3669 3753 τις
3744 3722 3759 3728 ο

2104 3796 2185 3859 είς
2218 3795 2317 3865 τὴν
2346 3794 2828 3866 προσκαρτερησιν
2862 3794 2963 3863 τῆς
3004 3793 3168 3863 εὐχῆς
3214 3791 3466 3862 βιάζεται
3496 3784 3668 3842 ἑαυτὸν

2106 3888 2199 3940 καὶ
2222 3887 2402 3956 ἄγχει,
2426 3885 2531 3949 ἕως
2552 3880 2613 3941 οὗ
2637 3885 2799 3940 τοῦτο
2826 3884 3153 3956 κατορθώσῃ
3172 3898 3186 3913 ο
3208 3884 3416 3953 ὁμοίως
3442 3881 3533 3934 ὲάν
3554 3876 3667 3945 θέλῃ

2104 3978 2199 4029 καὶ
2230 3979 2309 4039 εἰς
2335 3978 2514 4030 πάντα
2538 3977 2607 4031 τά
2643 3977 2743 4047 τῆς
2773 3976 2977 4049 ἀρετῆς
3007 3975 3419 4048 ἐπιτηδεύματα
3442 3970 3664 4045 βιάζεται

2104 4070 2298 4122 ἑαυτὸν
2324 4070 2420 4123 καὶ
2447 4068 2627 4138 ἄγχει,
2664 4069 2760 4122 καὶ
2785 4068 2955 4133 ἐθίζει
2981 4068 3102 4132 ἔθος
3126 4068 3356 4137 ἀγαθὸν,
3390 4067 3482 4121 καὶ
3513 4061 3663 4120 οὕτως

2102 4158 2425 4228 αἰτούμενος
2451 4157 2550 4211 καὶ
2574 4157 2828 4228 δεόμενος
2858 4158 2955 4211 τοῦ
2989 4157 3199 4227 Κυρίου
3225 4158 3314 4212 διὰ
3345 4156 3560 4219 παντὸς,
3583 4148 3662 4203 καὶ

2102 4248 2282 4319 τυχὼν
2303 4248 2404 4317 τῆς
2438 4249 2731 4319 αἰτήσεως,
2764 4250 2861 4304 καὶ
2902 4249 3225 4321 μεταλαϐὼν
3253 4249 3495 4319 γεύσεως
3521 4242 3657 4304 Θεοῦ.

2102 4341 2198 4393 καὶ
2255 4338 2575 4410 Πνεύματος
2628 4340 2785 4408 ἀγίου
2841 4341 3067 4411 μέτοχος
3114 4341 3442 4411 γενόμενος,
3497 4334 3660 4400 αὔξειν

2102 4434 2249 4485 ποιεῖ
2289 4432 2384 4486 καὶ
2431 4431 2647 4487 θάλλειν
2691 4434 2754 4486 τὸ
2782 4434 3031 4504 χάρισμα
3067 4432 3129 4485 τὸ
3164 4432 3317 4486 δοθὲν
3349 4430 3515 4497 αύτῷ,
3546 4428 3658 4481 ἀνα-

2104 4519 2415 4588 παυόμενον
2470 4523 2529 4573 ὲν
2583 4523 2650 4592 τῇ
2706 4521 3177 4593 ταπεινοφροσύνῃ
3240 4521 3435 4589 αὐτοῦ,
3490 4522 3544 4573 ὲν
3600 4513 3656 4582 τῇ

2102 4612 2326 4684 ἀγάπῃ,
2359 4614 2417 4666 ὲν
2442 4615 2508 4685 τῇ
2544 4615 2831 4685 πραότητι.

2174 4701 2258 4757 Η’.
2288 4703 2433 4758 Αὐτὸ
2461 4704 2524 4758 τὸ
2565 4705 2791 4777 Πνεῦμα
2844 4709 3128 4780 χαρίζεται
3172 4712 3322 4783 αὐτῷ
3348 4708 3535 4767 ταῦτα,
3575 4698 3656 4754 καὶ

2097 4796 2339 4851 διδάσκει
2377 4797 2538 4854 αὐτὸν
2567 4799 2830 4873 ἀληθινὴν
2874 4803 3038 4875 εὐχὴν
3057 4845 3073 4869 ,
3127 4804 3388 4876 ἀληθινὴν
3418 4800 3621 4868 ἀγάπην
3641 4828 3653 4849 ν

2096 4888 2355 4960 ἀληθινὴν
2386 4891 2694 4962 πραότητα,
2719 4892 2756 4947 ἃ.
2782 4894 3151 4963 προεϐιάσατο
3175 4898 3272 4951 καὶ
3300 4896 3544 4966 ἐζήτησε,
3572 4882 3653 4937 καὶ

2097 4981 2473 5053 ὲμιερίιλιντιετε,
2526 4985 2624 5038 καὶ
2667 4986 2991 5058 ἐμελέτησε,
3032 4990 3128 5043 καὶ
3157 4989 3317 5061 ἐδόθη
3362 4983 3530 5054 αὐτῷ·
3572 4975 3652 5030 καὶ

2096 5068 2269 5134 οὕτως
2302 5072 2544 5142 αὐξήσας
2572 5075 2667 5127 καὶ⁵
2710 5076 3020 5141 τελειωθεὶς
3050 5079 3110 5133 ἐν
3155 5078 3296 5148 Θεῷ,
3344 5068 3651 5145 κληρονόμος
3702 5138 3717 5155 ,

2095 5166 2192 5233 τῆς
2222 5164 2496 5234 βασιλείας
2518 5168 2774 5234 γενέσθαι
2800 5170 3177 5235 καταξιοῦται.
3212 5171 3272 5224 ὐ
3298 5169 3404 5240 γὰρ
3425 5156 3647 5220 ταπεινὸς

2095 5254 2354 5308 οὐδέποτε
2422 5258 2612 5311 πίπτει
2633 5275 2648 5289 °
2683 5260 2848 5315 πόθεν
2878 5262 2989 5332 γὰρ
3024 5264 3214 5315 πεσεῖν
3255 5259 3368 5331 ἔχει
3417 5247 3647 5310 ὑποκάτω

2097 5346 2315 5399 πάντων
2343 5346 2456 5415 ῶν;
2494 5351 2705 5420 μεγάλη
2736 5352 3088 5415 ταπείνωσις,
3129 5354 3163 5423 ἡ
3218 5340 3609 5422 ὑψηλοφροσύνη
3630 5349 3642 5362 ⁶

2095 5436 2192 5491 καὶ
2234 5439 2443 5509 μεγάλη
2495 5439 2737 5508 ὕψωσις,
2777 5444 2870 5495 καὶ
2902 5444 3185 5513 τιμιότης,
3231 5444 3325 5498 καί¹
3356 5428 3641 5506 agitati-aid

2094 5529 2584 5601 ταπεινοφροσύνη.
2633 5532 2745 5585 Καὶ
2788 5534 2947 5601 ἡμεῖς
2992 5533 3173 5587 τοίνυν
3222 5526 3522 5603 βιασώμεθα
3561 5515 3640 5571 καὶ

2092 5616 2352 5687 ἄγχωμεν
2382 5622 2609 5684 ἑαυτοὺς
2642 5623 2722 5684 εἰς
2773 5622 2874 5692 τὴν
2910 5623 3431 5694 ταπεινοφροσύνην,
3458 5613 3545 5671 καὶ
3575 5606 3637 5677 μὴ
