3966 6446
430 345 539 411 649

1634 357 2003 420 ΗΟΜΙΙᾸᾹΞ.
2034 383 2103 395 --
2142 361 2328 421 ΙῙΟΜ.
2367 364 2498 424 ΧΧ.

3590 378 3702 441 650

432 460 695 532 θελούσης
721 462 819 533 τῆς
846 464 1095 535 καρδίας,
1120 464 1217 520 καὶ
1241 466 1322 530 είς
1347 465 1448 538 τὴν
1475 468 1780 539 πραότητα,
1810 470 1907 526 καὶ
1929 471 1993 533 εἰς

2115 487 2240 528 mus
2279 484 2445 544 atque
2492 490 2753 547 cogamus
2784 493 2888 534 nos
2916 479 3068 550 ipsos
3097 480 3164 534 ad
3192 482 3584 550 humilitatem,
3615 488 3703 540 vel

428 552 531 623 τὴν
559 552 781 622 ἀγάπην
808 555 1052 625 δεόμενοι
1078 556 1173 610 καὶ
1199 557 1646 628 παρακαλοῦντες
1668 560 1759 613 τὸν
1791 560 1925 614 Θεὸν
1951 562 1993 613 ἐκ

2117 563 2291 616 invito
2319 563 2526 626 animo,
2555 575 2611 619 et
2645 568 2715 619 ad
2753 570 3235 623 mansuetudinem
3262 579 3318 623 et
3349 572 3416 625 ad
3453 574 3704 627 dilectio-

429 643 633 707 πίστει,
664 642 758 697 καὶ
788 643 983 713 ἐλπίδι,
1007 645 1102 699 καὶ
1130 645 1341 718 ἀγάπῃ,
1374 646 1735 709 ἀδιαλείπτως
1752 648 1809 698 ἐν
1839 664 2009 717 προσ-

426 731 583 802 δοκίᾳ
604 734 827 807 τοιαύτῃ
857 735 951 788 καί
974 737 1181 806 σκοπῷ,
1214 736 1303 790 ἵνα
1347 735 1645 808 ἀποστείλῃ
1674 738 1736 790 τδ
1782 738 2008 807 Πνεῦμα

426 822 595 876 αὐτοῦ
612 824 690 887 εἰς
714 824 814 887 τὰς
840 825 1070 895 καρδίας
1091 826 1374 896 ἡμῶν,ἱ’να
1402 827 1691 898 εὐξώμεθα
1714 829 1811 882 καί¹
1835 846 2007 900 προσ-

425 914 754 986 κυνήσωμεν
782 915 859 987 τῷ
889 916 1009 987 Θεῷ
1035 902 1094 970 ἐν
1123 917 1405 990 Πνεύματι
1438 920 1533 975 καί⁹
1562 919 1813 992 ἀληθείᾳ.

498 1087 576 1140 Θ’.
612 1088 722 1142 Καὶ
757 1088 891 1142 αὐτὸ
922 1089 985 1143 τὸ
1011 1088 1239 1160 Πνεῦμα
1264 1089 1466 1157 διδάξει
1497 1091 1647 1161 ἡμᾶς
1671 1089 1838 1162 εὐχὴν
1872 1090 2006 1160 ἀλης⁵

429 1178 603 1249 θινὴν,
643 1179 712 1250 ἢν
756 1178 851 1233 νῦν
898 1180 992 1234 καὶ
1042 1180 1181 1251 μετά
1220 1180 1339 1251 βίας
1364 1180 1425 1236 οὐ
1467 1180 1743 1251 δυνάμεθα
1787 1184 2001 1235 ποιεῖν’

430 1271 718 1341 σπλάγχνα
747 1272 1082 1342 οἰκτιρμῶν,
1140 1273 1504 1343 χρηστότητα,
1555 1273 1652 1327 καὶ
1698 1273 1877 1337 πάσας
1906 1274 2004 1339 τάς

426 1360 647 1422 ἐντολὰς
688 1358 783 1413 τοῦ
815 1360 1042 1431 Κυρίου,
1098 1361 1300 1428 διδάξει
1332 1363 1480 1434 ἡμᾶς
1522 1361 1749 1432 ποιῆσαι
1785 1362 1844 1426 ἐξ
1872 1363 2005 1432 ἀλη-

425 1449 578 1511 θείας
610 1449 830 1512 ἀλύπως
855 1452 949 1504 καὶ
975 1450 1273 1518 ἀϐιάστως,
1298 1452 1374 1515 ώς
1406 1452 1540 1506 αὐτὸ
1563 1451 1624 1505 τὸ
1644 1452 1869 1523 Πνεῦμα
1894 1448 2002 1505 οἶδε

422 1538 666 1608 πληροῦν
708 1540 858 1608 ἡμᾶς
912 1538 1008 1592 τὸν
1055 1540 1269 1610 καρπὸν
1313 1540 1509 1606 αὐτοῦ,
1552 1541 1651 1595 καὶ
1681 1541 1853 1606 οὕτως
1889 1542 2001 1597 τῶν

421 1630 652 1682 ἐντολῶν
701 1630 797 1683 τοῦ
840 1630 978 1683 Θεοῦ
1012 1631 1408 1701 πληρωθεισῶν
1457 1631 1547 1700 ὐφ’
1582 1632 1738 1702 ήμῶν
1772 1632 1860 1686 διὰ
1903 1631 1999 1687 τοῦ

420 1716 743 1786 Πνεύματος
770 1718 960 1783 αὐτοῦ,
989 1718 1082 1772 τοῦ
1115 1720 1278 1789 μόνου
1307 1720 1670 1790 γινώσκοντος
1695 1720 1757 1774 τὸ
1787 1721 1999 1793 θέλημα

2116 666 2264 716 nem,
2309 661 2599 721 precantes
2644 664 2811 724 atque
2852 656 3211 711 obsecrantes
3264 659 3432 712 Deum
3481 661 3534 713 in
3571 661 3699 725 (ide,

2113 756 2211 811 spe
2255 757 2320 796 ac
2364 743 2680 809 dilectione,
2721 745 3100 801 indesinenter
3136 748 3238 801 hac
3281 740 3696 817 exspectatione

2113 841 2280 903 atque
2334 850 2503 905 scopo
2553 836 2707 901 freti,
2765 845 2826 891 ut
2876 839 3373 908 mittat‘Spiritum
3436 857 3597 895 suum
3642 843 3699 896 in

2111 925 2277 979 corda
2306 934 2515 991 nostra,
2555 942 2666 996 quo
2695 943 2988 998 precemur
3019 939 3075 985 et
3105 931 3401 986 adoremus
3441 932 3610 986 Deum
3640 934 3699 988 in

2110 1014 2319 1084 Spiritu
2360 1025 2418 1070 et
2451 1018 2703 1072 veritate.

2183 1104 2275 1158 IX.
2317 1105 2437 1175 [pse
2468 1121 2687 1177 quoque
2724 1107 2965 1178 Spiritus
2995 1111 3217 1167 docebit
3242 1129 3341 1169 nos
3362 1129 3548 1168 veram
3573 1130 3701 1183 pre-

2108 1211 2233 1252 cum
2286 1200 2573 1264 rationem,
2606 1216 2742 1269 quas
2772 1217 2939 1266 nunc,
2971 1220 3039 1257 ne
3070 1204 3119 1257 vi
3153 1205 3376 1274 quidem
3423 1206 3693 1270 adhibita,

2107 1302 2404 1357 possumus
2464 1288 2669 1344 facere.
2723 1291 2943 1347 Viscera
2990 1310 3211 1364 quoque
3265 1295 3691 1358 misericordiae.

2108 1378 2503 1450 benignitatem
2544 1389 2600 1436 et
2658 1385 2841 1437 omnia
2884 1386 3139 1439 mandata
3192 1387 3408 1441 Domini
3472 1387 3695 1440 docebit

2106 1486 2209 1525 nos
2238 1470 2417 1526 facere
2443 1488 2638 1529 revera
2665 1475 2873 1545 absque
2903 1477 3012 1531 ulla
3047 1478 3300 1531 molestia
3328 1487 3423 1531 aut
3446 1479 3690 1533 coactio-

2104 1576 2195 1627 ne,
2228 1569 2393 1630 prout
2431 1563 2584 1616 novit
2617 1563 2856 1634 Spiritus
2885 1566 2975 1619 ille
3002 1566 3213 1634 replere
3235 1582 3334 1621 nos
3357 1566 3537 1620 fructu
3565 1582 3687 1622 suo.

2104 1651 2284 1721 Atque
2338 1652 2445 1707 hoc
2493 1664 2654 1722 pacto
2706 1655 2980 1710 mandatis
3026 1657 3122 1711 Dei
3164 1673 3194 1710 a
3246 1657 3408 1712 nobis
3448 1657 3690 1726 impletis

2103 1741 2379 1797 beneﬂcio
2419 1742 2659 1813 Spiritus
2690 1745 2809 1810 sui,
2843 1746 2937 1815 qui
2977 1747 3129 1801 solus
3162 1749 3315 1802 novit
3348 1748 3686 1803 voluntatem

418 1809 516 1861 τοῦ
548 1808 751 1880 Κυρίου
772 1850 785 1873 ,
816 1809 912 1865 καὶ
958 1809 1343 1874 τελειώσαντος
1372 1812 1522 1881 ἡμᾶς
1550 1810 1644 1865 τοῦ
1682 1811 1993 1881 Πνεύματος

2106 1830 2344 1897 Domini,
2378 1833 2582 1902 quique
2615 1833 2857 1903 Spiritus
2888 1849 2989 1889 nos
3017 1844 3367 1891 consummat
3404 1836 3458 1890 in
3503 1852 3583 1899 se,
3622 1851 3688 1892 ac

417 1902 499 1963 ei;
519 1901 698 1966 ἐαυτδ,
734 1902 828 1955 καὶ
862 1901 1241 1965 τελειωθέντος
1271 1905 1350 1965 εἰς
1383 1904 1529 1973 ἡμᾶς
1562 1902 1997 1974 καθαρισθέντας

416 1992 529 2052 ἀπὸ
583 1992 786 2056 παντὸς
841 1992 1119 2063 μολυσμοῦ
1179 1993 1275 2048 καὶ
1315 1993 1505 2049 σπίλου
1546 1995 1647 2064 τῆς
1683 1993 1993 2064 ἁμαρτίας,

414 2086 606 2156 ὥσπερ
629 2084 848 2154 νύμφας
873 2084 1064 2151 καλὰς,
1100 2085 1197 2147 τὰς
1228 2085 1408 2155 ψυχὰς
1441 2086 1599 2157 ἡμῶν
1627 2085 1873 2157 καθαράς
1902 2085 1997 2140 καὶ

412 2172 681 2243 ἀμώμους
736 2174 1079 2245 παραστήσει
1129 2174 1207 2241 τῷ
1262 2174 1516 2246 Χριστῷ,
1568 2174 1995 2245 ἀναπαυομένων

412 2262 573 2335 ἡμῶν
607 2264 664 2315 ἐν
692 2262 831 2333 Θεῷ,
866 2264 924 2317 ἐν
953 2266 1019 2334 τῇ
1062 2263 1312 2335 βασιλείᾳ
1364 2265 1552 2329 αὐτοῦ,
1595 2266 1690 2320 καὶ
1721 2268 1997 2320 ἀναπαυο-

416 2348 582 2415 μένου
605 2347 698 2401 τοῦ
732 2347 869 2401 Θεοῦ
895 2350 953 2401 ἐν
981 2351 1114 2419 ἡμῖν
1138 2352 1219 2413 εἰς
1246 2353 1371 2414 τοὺς
1400 2352 1743 2424 ἀπεράντους
1768 2354 1993 2417 αἰῶνας.

410 2438 553 2502 Δόξα
586 2442 698 2502 τοῖς
754 2441 1066 2512 οἱκτιρμοϊς
1108 2441 1274 2494 αὐτοῦ
1326 2442 1422 2497 καὶ
1453 2443 1531 2514 τῷ
1576 2443 1740 2511 ἐλέει,
1784 2447 1880 2499 καὶ
1926 2446 1992 2515 τῇ

410 2529 626 2601 ἀγάπῃ,
665 2532 747 2584 ὅτι
774 2533 853 2595 είς
883 2533 1141 2605 τοιαύτην
1170 2533 1337 2604 τιμὴν
1370 2535 1466 2587 καὶ
1497 2534 1654 2600 δόξαν
1686 2535 1993 2606 κατηξίωσε

405 2623 473 2675 τὸ
522 2623 679 2689 γένος
711 2622 820 2677 τῶν
858 2622 1183 2696 ἀνθρώπων,
1226 2627 1376 2690 υἰοὺς
1419 2628 1632 2697 Πατρδς
1667 2628 1993 2699 ἐπουρανίου

409 2714 755 2785 κατηξίωσεν
801 2716 1029 2782 αὐτοὺς,
1078 2720 1175 2772 καὶ
1214 2717 1379 2782 ἰδίους
1409 2718 1674 2788 ἀδελφοὺς
1718 2718 1992 2792 προσηγῶ

411 2823 628 2877 ρευσεν.
663 2806 822 2879 Αὑτῷ
849 2809 882 2881 ἡ
912 2808 1041 2877 δόξα
1069 2813 1150 2875 εἰς
1177 2812 1303 2875 τοὺς
1334 2811 1557 2874 αἰῶνας.
1599 2812 1794 2884 Ἀμήν.

1003 2924 1253 2978 ΟΜῐΛῐΑ
1293 2923 1379 2978 Κ’.

406 3012 611 3087 Μόνος
627 3015 678 3087 Δὁ
706 3015 1047 3087 Χριστὸςηό
1069 3015 1361 3087 ἀληθινός
1384 3015 1504 3087 τοῦ,
1521 3016 1643 3070 ἔσω
1672 3015 1991 3087 ἀνθρώπου

482 3083 681 3164 ἰατρός
701 3123 715 3148 ,
749 3085 1113 3164 θεραπεῦσαι
1154 3085 1404 3164 δύη-αἷσι
1448 3085 1587 3164 τὴν.
1600 3083 1855 3164 eum,
1890 3087 1990 3141 καί

2101 1918 2384 1989 perfectus
2430 1921 2488 1975 in
2536 1921 2719 1987 nobis,
2776 1923 3079 1992 puriﬁcatis
3110 1924 3180 1979 ab
3232 1925 3383 1978 omni
3434 1924 3687 1994 inquina.

2099 2018 2308 2079 mento,
2338 2025 2404 2065 ac
2427 2011 2685 2067 sordibus
2709 2016 2944 2083 peccati,
2968 2015 3119 2070 velut
3141 2031 3370 2084 sponsas
3402 2024 3686 2081 venustas,

2098 2100 2313 2155 animas
2343 2110 2562 2157 nostras
2590 2118 2757 2172 puras
2784 2112 2842 2159 et
2868 2104 3247 2160 immaculatas
3275 2105 3498 2161 Christo
3524 2105 3685 2160 exhi-

2097 2190 2269 2255 bebit,
2311 2192 2791 2261 requiescentibus
2820 2195 2982 2250 nobis
3012 2196 3065 2249 in
3098 2198 3230 2260 Deo,
3258 2197 3313 2250 in
3345 2213 3512 2267 regno
3539 2199 3681 2266 ejus,

2097 2297 2161 2337 ac
2210 2282 2320 2338 Deo
2364 2284 2715 2353 requiscente
2768 2286 2824 2339 in
2873 2287 3037 2341 nobis
3093 2287 3152 2341 in
3201 2286 3416 2341 infinita
3462 2288 3680 2343 saecula.

2096 2371 2281 2426 Gloria
2333 2371 2405 2426 sit
2455 2374 2913 2430 miserationibus
2971 2378 3111 2447 ejus,
3172 2376 3567 2432 misericordiae
3618 2391 3684 2435 ac

2096 2462 2400 2528 dilectioni,
2433 2464 2580 2533 quod
2612 2474 2763 2520 tanto
2795 2466 3004 2522 honore
3030 2476 3086 2522 et
3112 2469 3285 2538 gloria
3322 2468 3585 2538 dignatus
3611 2469 3682 2523 sit

2093 2570 2266 2625 genus
2316 2555 2649 2623 humanum,
2683 2574 2823 2627 quos
2855 2560 3050 2628 dignos
3084 2560 3434 2630 judicaverit,
3482 2570 3543 2614 ut
3584 2577 3683 2614 vo-

2094 2656 2244 2700 caret
2273 2646 2412 2701 ﬁlios
2440 2648 2618 2704 Patris
2653 2649 2902 2706 cmlestis
2931 2666 2994 2706 ac
3026 2652 3281 2722 proprios
3312 2650 3512 2707 fratres
3573 2650 3683 2720 Ipsi

2093 2736 2263 2808 gloria
2299 2737 2353 2791 in
2390 2739 2608 2794 saecula.
2646 2741 2841 2796 Amen.
2897 2780 2905 2789 ς

2654 2939 2941 2996 HOMILIA
2980 2939 3102 2995 XX.

2090 3025 2249 3084 Solus
2294 3029 2566 3095 Christus,
2622 3047 2777 3085 verus
2825 3032 3057 3085 medicus
3106 3031 3374 3084 interioris
3429 3030 3676 3094 hominis,

2160 3117 2358 3154 sanare
2389 3109 2555 3169 potest
2595 3103 2855 3167 animam,
2894 3116 3114 3172 eamque
3154 3102 3460 3155 vestimento
3491 3102 3680 3171 gratias

482 3152 679 3222 αὐτὴν
703 3152 781 3219 τῷ
803 3152 916 3222 τῆς
956 3155 1198 3223 χάριτος
1237 3152 1522 3226 ἐνδύματι
1552 3152 1985 3226 διακοσμῆσαι.
2014 3202 2059 3259 C
2160 3152 2291 3223 ,ᾗτε
2320 3152 2600 3225 επόηιάέε,

481 3266 559 3317 Α.
610 3263 680 3317 El
707 3281 791 3328 τις
820 3264 1027 3335 γυμνός
1066 3266 1214 3318 ἐστιν
1258 3266 1368 3319 ἀπὸ
1403 3265 1499 3321 τοῦ
1549 3268 1848 3338 ἐνδύματος
1888 3269 1983 3323 τοῦ

410 3352 594 3406 θεῖκοῦ
629 3354 723 3407 καὶ
748 3355 1097 3425 ἐπουρανίου,
1129 3357 1266 3427 ὅπερ
1298 3357 1446 3411 ἐστὶν
1472 3359 1505 3428 ἡ
1539 3358 1633 3411 τοῦ
1665 3359 1987 3430 Πνεύματος

408 3444 656 3514 δύναμις,
682 3444 868 3509 καθὼς
898 3446 1133 3516 εἴρηταιο
1168 3446 1235 3500 El
1257 3446 1325 3501 δέ
1346 3465 1433 3514 τις
1456 3448 1700 3519 Πνεῦμα
1725 3451 1985 3519 Χριστοῦ

409 3541 523 3592 οὐκ
563 3538 710 3607 ἔχει,
756 3535 934 3606 οὗτος
984 3543 1097 3595 οὐκ
1135 3541 1309 3597 ἐστιν
1348 3543 1571 3599 αὐτοῦ·
1614 3545 1850 3600 κλαιέτω
1892 3546 1988 3600 καὶ

410 3629 800 3701 παρακαλείτω
850 3631 942 3685 τὸν
973 3631 1201 3703 Κύριον,
1233 3634 1320 3688 ἵνα
1365 3633 1503 3706 λάϐῃ
1545 3635 1608 3689 τὸ
1655 3638 1714 3704 ἐξ
1752 3638 1985 3707 οὐρανοῦ

410 3722 779 3791 πνευματικὸν
828 3721 1066 3795 ἐνδυμαο
1111 3723 1198 3778 τνα
1224 3724 1509 3796 ἀμφιασθῇ
1554 3726 1652 3796 τὴν
1687 3728 1794 3781 ἀπὸ
1837 3729 1988 3793 θείας

410 3814 686 3884 ἐνεργείας
711 3815 1143 3885 γεγυμνωμένην
1168 3816 1345 3888 ψυχήν
1364 3834 1377 3847 ’
1402 3818 1483 3871 ὅτι
1506 3818 1707 3887 πολλὴν
1726 3820 1988 3893 αἰσχύνην

408 3906 633 3975 ἀτιμίας
684 3905 874 3960 παθῶν
904 3905 1318 3979 περιῦέὸληται,
1354 3907 1384 3961 ὁ
1416 3908 1493 3980 μὴ
1543 3910 1894 3980 ἐνδεδυμένος
1927 3911 1988 3965 τὸ

409 3998 503 4053 τοῦ
546 3998 865 4070 Πνεύματος
895 3997 1117 4071 ἔνδυμα.
1162 4000 1374 4072 ’Ὠσπερ
1414 4000 1523 4072 γάρ
1557 4002 1615 4055 ἐν
1651 4005 1764 4066 τοίς
1799 4020 1987 4072 φαινο-

411 4091 593 4162 μένοις
624 4091 718 4146 ἐάν
743 4108 828 4153 τις
851 4092 1056 4161 γυμνὸς
1088 4087 1146 4165 ᾖ,
1177 4092 1235 4145 ἐν
1266 4092 1435 4164 πολλῇ
1477 4093 1707 4166 αἰσχύνῃ
1739 4094 1836 4150 καί
1866 4096 1986 4149 ἀτι-

412 4182 512 4253 μίᾳ
537 4184 673 4246 ἐστὶ,
715 4183 812 4237 καὶ
843 4183 988 4252 φίλοι
1032 4185 1222 4253 φίλους
1254 4186 1689 4258 ἀποστρέφονται
1720 4187 1985 4258 γυμνοὺς,

409 4273 507 4328 καὶ
534 4275 749 4345 γνήσιοι
782 4276 965 4341 ἰδίους,
1012 4277 1108 4331 καὶ
1148 4277 1314 4331 τέκνα
1347 4277 1523 4333 ἰδόντα
1558 4278 1988 4349 γεγυμνωμένον

409 4365 623 4436 πατέρα
652 4365 920 4437 ἔστρεψαν
963 4366 1063 4431 τὰς
1090 4366 1300 4422 ἑαυτῶν
1334 4366 1509 4437 ὄψεις,
1547 4366 1643 4421 τοῦ
1686 4367 1761 4438 μὴ
1798 4369 1988 4421 ἐνατε-

408 4457 553 4511 νίσαι
572 4457 764 4528 γυμνῷ
779 4457 856 4527 τῷ
874 4458 1089 4527 σώματι
1109 4457 1204 4511 τοῦ
1230 4458 1465 4529 Πατρὸς,
1489 4458 1584 4512 καὶ
1605 4458 1989 4527 όπισθοφανῶς

2162 3284 2203 3339 l.
2247 3283 2302 3337 Si
2338 3282 2463 3353 quis
2489 3283 2671 3339 nudus
2714 3284 2788 3339 sit
2818 3292 2875 3339 et
2909 3293 3093 3341 careat
3125 3283 3451 3339 indumento
3483 3283 3677 3338 divino

2093 3391 2157 3431 ac
2183 3376 2415 3441 caelesti,
2440 3376 2585 3445 quod
2623 3384 2709 3432 est
2738 3376 2980 3445 potentia
3004 3376 3267 3444 Spiritus,
3295 3376 3440 3431 sicut
3466 3375 3679 3431 dictum

2092 3476 2213 3523 est:
2265 3466 2322 3521 Si
2363 3468 2477 3537 quis
2524 3475 2699 3520 autem
2740 3465 2997 3536 Spiritum
3031 3466 3225 3521 Christi
3255 3483 3360 3519 non
3397 3466 3569 3529 habet,
3599 3467 3681 3519 hic

2094 3575 2196 3612 non
2230 3567 2303 3612 cst
2343 3559 2457 3628 ejus
2481 3560 2501 3591 ⁸
2536 3577 2548 3612 :
2578 3560 2757 3628 ploret
2792 3568 2956 3627 atque
2985 3558 3239 3612 obsecret
3272 3558 3585 3620 Dominum,
3620 3568 3683 3611 ut

2093 3650 2311 3704 caelitus
2334 3657 2701 3718 consequatur
2724 3648 3008 3718 spirituale
3030 3646 3685 3717 indumentum,8&quo

2094 3738 2287 3793 induat
2308 3739 2546 3793 animam
2572 3739 2758 3794 divina
2778 3738 2980 3793 virtute
3003 3738 3292 3807 spoliatam
3318 3737 3481 3808 :quia
3504 3739 3680 3791 multo

2094 3831 2304 3900 pudore
2328 3848 2393 3888 ac
2424 3831 2649 3885 infamia
2676 3830 3033 3886 aﬂ‘ectionum
3076 3830 3346 3895 induitur,
3378 3831 3473 3899 qui
3506 3830 3678 3884 vesliw

2094 3931 2281 3977 mento
2322 3920 2560 3991 Spiritus
2606 3922 2841 3976 amictus
2887 3936 2999 3975 non
3048 3929 3152 3975 est.
3201 3920 3675 3987 Quemadmodum

2093 4014 2241 4069 enim
2276 4013 2333 4067 in
2381 4014 2547 4067 rebus
2574 4012 2836 4077 externis,
2869 4012 2915 4067 si
2944 4012 3067 4082 quis
3109 4011 3292 4066 nudus
3340 4012 3431 4075 sit,
3464 4028 3683 4068 somnio

2094 4102 2305 4175 pudore
2365 4109 2531 4173 atque
2594 4101 2819 4156 infamia
2873 4101 3135 4168 afficitur;
3186 4110 3242 4156 et
3286 4102 3449 4157 amici
3499 4102 3680 4157 nudos

2095 4202 2417 4249 aversantur
2468 4192 2697 4257 amicos,
2732 4202 2787 4248 et
2816 4194 3062 4263 germani
3095 4208 3245 4259 suos,
3278 4201 3333 4248 et
3359 4192 3518 4248 liberi
3560 4194 3681 4249 viso

2095 4283 2243 4338 nudo
2279 4292 2455 4353 patre,
2488 4292 2809 4340 averterunt
2835 4283 3005 4339 facies
3030 4299 3180 4349 suas,
3223 4299 3293 4339 ne
3327 4284 3682 4339 intuerentur

2094 4376 2305 4431 nudum
2333 4390 2533 4445 corpus
2561 4378 2734 4446 patris
2759 4377 2802 4441 °,
2834 4385 2890 4431 et
2920 4383 3223 4431 retrorsum
3254 4374 3528 4445 progressi
3550 4390 3681 4444 0pc.

2096 4475 2330 4524 ruerunt
2376 4481 2527 4532 eum,
2580 4474 2637 4520 ct
2691 4465 2772 4519 sic
2820 4472 3139 4520 averterunt
3181 4465 3439 4519 vultum:
3482 4464 3681 4519 eodem

409 4547 736 4611 ἀπελθόντες
769 4547 1124 4618 ἐπεκάλυψαν
1159 4549 1341 4615 αὑτὸν,
1387 4550 1482 4603 καὶ
1513 4548 1687 4612 οὕτως
1726 4549 1988 4619 ἐπέστρε-

2104 4558 2256 4613 modo
2318 4557 2467 4611 Deus
2525 4564 2814 4611 aversatur
2889 4556 3136 4620 animas,
3205 4572 3318 4610 non
3387 4564 3681 4611 exornatas

408 4640 516 4708 ψαν
553 4638 651 4703 τὰς
676 4638 850 4709 ὄψεις.
901 4638 1058 4692 Οὕτω
1088 4639 1183 4693 καὶ
1215 4639 1245 4690 ὁ
1290 4638 1422 4701 Θεὸς
1466 4638 1849 4709 ἀπέστραπται
1888 4637 1987 4702 τὰς

408 4730 585 4800 ψυχὰς
613 4732 711 4793 τὰς
740 4732 815 4801 μὴ
846 4730 1203 4799 ἐνδεδυμένας
1231 4730 1293 4784 τὺ
1316 4729 1411 4783 τοῦ
1435 4728 1575 4784 Πνεύ
1585 4745 1752 4800 ματος
1782 4727 1989 4797 ἔνδυμα

409 4823 469 4874 ἐν
520 4822 886 4894 πληροφορίᾳ,
930 4823 1059 4886 τοὺς
1094 4821 1171 4893 μὴ
1204 4820 1590 4891 ἐνδεδυμένους
1633 4821 1727 4875 τὸν
1778 4819 1988 4891 Κύριον

419 4911 630 4981 Ἰησοῦν
660 4911 895 4984 Χριστὸν
924 4912 981 4965 ἐν
1011 4911 1238 4982 δυνάμει
1272 4912 1368 4965 καὶ
1391 4910 1641 4983 ἀληθείᾳ.

480 5003 558 5058 B'.
596 5004 769 5067 Αὐτὸς
805 5004 834 5057 ό
863 5002 1081 5073 πρῶτος
1111 5002 1397 5074 ἄνθρωπος
1432 5002 1767 5071 θεασάμενος
1798 5000 1991 5054 ἑαυτὸν

407 5098 615 5169 γυμνὸν
641 5099 908 5170 ᾐσχύνθη·
928 5098 1166 5169 τοσαύτη
1196 5098 1388 5170 ἀτιμία
1410 5100 1476 5169 τῇ
1507 5096 1806 5168 γυμνότητι
1825 5095 1996 5166 πρόσ·

408 5208 579 5245 εστιν.
615 5192 678 5244 Εἰ
716 5186 808 5247 οὖν
852 5194 943 5245 ἐπὶ
971 5192 1079 5245 τῶν
1110 5191 1439 5263 σωματικῶν
1475 5189 1747 5260 τοσαύτην
1799 5186 1994 5257 αἰσχύ-

408 5301 509 5355 νην
561 5284 832 5338 δείκνυσιν
885 5286 917 5355 ή
970 5284 1277 5355 γυμνότης,
1324 5283 1472 5352 πόσῳ
1503 5280 1703 5353 μᾶλλον
1732 5281 1766 5351 ή
1809 5279 1992 5352 γυμνὴ

408 5375 520 5429 ἀπὸ
553 5374 702 5438 θείας
731 5377 1011 5448 δυνάμεως
1031 5377 1201 5447 ψυχὴ,
1234 5378 1268 5448 ἡ
1296 5375 1372 5448 μὴ
1403 5372 1643 5444 φοροῦσα
1670 5372 1764 5426 καὶ
1791 5372 1993 5441 ἡμφιεο

412 5466 588 5537 σμὲνη
628 5466 690 5519 τὸ
729 5467 968 5538 ἄρρητον
997 5468 1091 5521 καὶ⁵
1142 5468 1439 5541 ἄφθαρτον,
1493 5466 1590 5520 καὶ
1622 5462 1992 5533 πνευματικὸν

410 5556 642 5627 ἔνδυμα,
672 5558 837 5613 αὑτὸν
872 5558 966 5612 τὸν
999 5559 1202 5631 Κύριον
1250 5558 1456 5630 Ἰησοῦν
1488 5554 1727 5629 Χριστὸν
1767 5555 1825 5607 ἐν
1855 5552 1989 5622 ἀλη-

488 5736 509 5768 ³
552 5716 708 5792 llum.
752 5752 863 5801 vnt,
901 5735 952 5792 9.
1031 5736 1208 5793 “Cen.
1252 5753 1324 5805 ix,
1354 5735 1443 5794 ‘25.
1519 5737 1539 5769 ⁷
1567 5738 1702 5793 Gen.
1741 5752 1820 5805 Ill,
1864 5739 1915 5797 Ἰ.

2093 4648 2418 4704 indumento
2455 4646 2694 4717 Spiritus
2730 4662 2855 4702 cum
2887 4648 3013 4703 ﬁdei
3044 4647 3396 4712 certitudine,
3437 4662 3554 4711 eos,
3591 4646 3679 4700 in-

2093 4755 2279 4810 quam,
2304 4739 2399 4809 qui
2416 4754 2527 4793 non
2549 4738 2850 4795 induerunt
2872 4740 3166 4795 Dominum
3189 4739 3374 4796 Jesum
3396 4737 3679 4799 Christum

2096 4830 2154 4885 in
2187 4831 2389 4886 virtute
2421 4840 2480 4886 et
2507 4831 2758 4887 veritate.

2168 5005 2233 5059 ll.
2272 5005 2489 5063 Primus
2521 5019 2743 5076 quoque
2777 5005 2965 5072 homo,
2996 5005 3343 5075 conspiciens
3379 5021 3439 5062 se
3468 5005 3678 5060 nudum

2091 5113 2234 5157 esse.
2267 5097 2511 5152 erubuit.
2560 5097 2737 5156 Tanta
2774 5098 3073 5169 ignominia
3101 5098 3409 5152 nuditatem
3441 5100 3676 5152 comita-

2095 5196 2184 5241 tur
2208 5187 2247 5240 ⁷.
2274 5185 2329 5239 Si
2351 5200 2482 5255 ergo
2508 5186 2561 5239 in
2589 5186 2754 5241 rebus
2785 5188 3166 5257 corporalibus
3200 5197 3408 5241 tantum
3437 5188 3679 5244 dedecus

2098 5279 2356 5333 conciliat
2383 5279 2625 5343 nuditas,
2659 5288 2865 5347 quanto
2899 5281 3103 5347 majore
3136 5280 3338 5344 anima,
3363 5296 3483 5349 quae
3505 5280 3681 5334 denu-

2098 5370 2223 5424 dala
2267 5379 2352 5424 est
2386 5371 2589 5425 virtute
2634 5372 2841 5435 divina,
2894 5389 2995 5427 nec
3045 5382 3241 5444 gestat,
3278 5384 3373 5429 aut
3417 5379 3681 5428 exornata

2097 5471 2181 5517 est
2208 5460 2494 5526 ineffabili,
2520 5461 2926 5531 incorruptibili
2948 5478 3012 5518 ac
3033 5462 3303 5531 spirituali
3330 5461 3676 5523 indumento,

2099 5552 2221 5623 ipso
2286 5553 2496 5610 scilicet
2555 5554 2786 5610 Domino
2840 5554 2969 5611 Jcsu
3030 5554 3251 5612 Christo
3305 5555 3362 5611 in
3413 5553 3677 5618 veritate,
