3966 6464
432 400 532 466 651
1674 398 1735 458 S.
1780 398 2000 461 MACA]

2142 399 2460 463 ABGYPTII
3598 386 3694 451 653

428 521 639 583 quanto
685 512 913 581 majore,
964 511 1207 581 inquam,
1241 500 1456 581 pudore
1495 518 1660 580 atque
1706 509 2000 581 ignominia

2111 511 2252 582 θείᾳ,
2285 513 2505 568 πλείονα
2541 514 2635 569 καὶ
2668 510 2930 584 αἰσχύνην
2964 508 3059 565 καὶ
3094 505 3338 579 ἀτιμίαν
3379 500 3569 557 παθῶν
3599 517 3692 553 πι-

428 597 785 649 aﬂ’ectionum
820 596 1163 649 circumdata
1188 607 1246 651 et
1271 598 1472 652 amicta
1512 599 1638 651 est?
1680 597 2000 667 Quicunque

2113 603 2458 674 ρισέόληται;
2491 604 2587 657 καὶ
2620 605 2730 667 πᾶς
2775 620 2859 667 τις
2891 601 2968 657 ὣν
3015 598 3223 670 γυμνὸς
3262 595 3380 651 ἀπὸ
3410 594 3513 663 τῆς
3553 589 3692 653 θείας

425 700 562 755 ergo
595 692 747 738 caret
774 683 961 738 divina
1008 685 1097 738 illa
1138 686 1333 755 gloria,
1369 686 1445 740 ita
1491 684 1659 739 debet
1702 686 1787 740 sui
1833 687 2000 755 ipsius

2108 693 2325 765 ἐκείνης
2352 693 2532 764 δόξης,
2563 690 2739 755 οὕτως
2765 691 2970 761 ὀφείλει
3008 689 3207 745 ἐαυτὸν
3243 680 3693 755 ἐπαισχύνεσθαι.

428 775 641 843 pudore
672 775 821 838 duci,
848 787 1012 845 atque
1044 791 1339 846 agnoscere
1366 792 1520 830 suam
1556 776 1731 846 ipsius
1776 776 2000 847 ignomi-

2109 781 2205 837 καὶ
2252 782 2545 852 γινώσκειν
2586 781 2810 855 ἀτιμίαν
2858 779 3060 843 αὑτοῦ,
3109 778 3313 847 ὥσπερ
3375 769 3692 843 σωματικῶς

427 868 599 929 niam,
626 869 769 922 sicut
790 867 963 922 Adam
990 868 1211 922 erubuit
1231 883 1462 937 corpore
1486 869 1667 922 nudus
1690 883 1815 922 cum
1838 875 2000 922 esset.

2121 874 2292 943 Ἀδάμ
2318 874 2581 946 ᾐσχύνετο
2609 875 2814 945 γυμνὸς
2839 872 2937 936 ὢν,
2974 873 3080 926 κᾶν
3113 869 3387 940 ἐποίησεν
3428 863 3608 935 ἐαυτῷ
3636 865 3695 915 ἐκ

427 957 689 1024 Quamvis
710 960 1107 1014 construxisset
1132 959 1235 1015 sibi
1262 975 1327 1014 ex
1358 959 1503 1013 foliis
1527 959 1665 1014 licus
1686 958 2000 1025 amictum”,

2110 964 2283 1034 συκῆς
2311 964 2526 1031 φύλλων
2552 963 2889 1035 πρίόλημα,
2919 963 3068 1031 ὅμως
3090 958 3189 1029 τὴν
3217 953 3497 1026 αἰσχύνην
3518 950 3692 1019 ἐφόρει

426 1049 793 1104 nihilominus
839 1050 1052 1120 pudore
1109 1049 1481 1113 afficiebatur,
1529 1048 1888 1104 mendicitate
1949 1059 2000 1105 et

2106 1057 2206 1126 τὴν
2247 1056 2519 1126 πτωχείαν
2569 1055 2767 1111 ἐαυτοῦ
2812 1052 3194 1123 ἐπιγινώσκων
3214 1066 3232 1083 ο
3270 1047 3505 1102 αίτείτω
3530 1042 3621 1096 οῦν
3660 1044 3691 1111 ὴ

425 1138 682 1195 nuditate
712 1155 809 1195 sua
837 1141 1053 1211 cognita
1080 1149 1244 1210 atque
1275 1149 1580 1210 perspecta.
1620 1140 1869 1194 Postulet
1905 1138 2000 1210 igi-

2107 1146 2329 1216 τοιαύτη
2383 1146 2530 1217 ψυχὴ
2561 1146 2715 1218 παρὰ
2741 1145 2838 1199 τοῦ
2876 1132 3106 1205 διδόντδς
3149 1140 3255 1201 καὶ
3299 1133 3695 1208 ἀμφιεννύντος

428 1237 520 1283 tur
551 1230 823 1299 ejusmodi
854 1231 1035 1285 anima
1077 1246 1107 1285 a
1135 1230 1379 1294 Christo,
1430 1230 1525 1299 qui
1572 1230 1806 1300 largitur
1836 1239 2000 1299 atque

2106 1238 2265 1303 δόξαν
2312 1238 2547 1310 Χριστοῦ
2580 1238 2640 1292 ἐν
2686 1237 2825 1307 φωτὶ
2853 1235 3101 1308 ἀρρήτῳ,
3134 1232 3213 1304 μὴ
3260 1226 3505 1287 ποιοῦσα
3534 1224 3692 1292 ἐαυτῇ

425 1328 659 1373 exornat
685 1334 804 1373 eam
834 1320 1007 1390 gloria
1038 1319 1093 1373 in
1126 1320 1333 1375 lumine
1360 1335 1599 1376 arcano:
1645 1334 1748 1375 nec
1775 1327 2000 1375 consuta

2108 1329 2326 1400 ἱμάτιον
2347 1327 2623 1398 λογισμῶν
2649 1325 2916 1396 ματαίων,
2937 1324 3160 1394 δοκήσει
3182 1321 3331 1383 ίδίας
3350 1313 3692 1384 δικαιοσύνης

427 1408 533 1462 sibi
554 1417 707 1464 veste
726 1425 992 1464 vanarum
1014 1410 1407 1481 00gitationum
1431 1410 1751 1474 arbitretur,
1771 1411 2000 1480 propria:

2106 1419 2444 1492 ἀπατωμένη
2474 1419 2571 1475 uel.
2591 1417 2890 1490 νομίζουσα
2912 1415 3058 1487 ἐχειν
3081 1414 3295 1485 ἀμφι-ον
3325 1406 3627 1478 σωτηρίου.

422 1497 651 1566 justitize
678 1499 940 1568 opinione
980 1496 1233 1571 decepta,
1267 1514 1329 1555 se
1363 1498 1570 1555 habere
1606 1500 2001 1555 vestimentum

427 1589 599 1661 ipsius
625 1592 900 1647 salutaris.
1786 1600 1815 1615 κ

497 1681 587 1737 lll.
625 1682 681 1738 Si
723 1684 872 1739 enim
914 1680 970 1738 in
1014 1698 1113 1739 sua
1154 1682 1369 1754 justitia
1412 1692 1577 1754 atque
1622 1684 2001 1754 redemptione

424 1773 601 1828 solum
649 1774 777 1844 quis
821 1774 1147 1844 perstiterit,
1190 1774 1395 1828 frustra
1433 1788 1497 1829 ac
1539 1783 1746 1829 temere
1782 1775 2000 1832 labores

2106 1777 2242 1851 σύνῃ
2270 1778 2366 1832 καὶ
2411 1776 2807 1849 ἀπολυτρώσει,
2850 1772 3095 1845 ματαίως
3136 1769 3241 1827 καὶ
3270 1765 3455 1829 κενῶς
3503 1760 3687 1829 κοπιᾷ·

423 1864 517 1918 ille
547 1834 797 1934 suscipit.
822 1834 1024 1922 bmnis
1047 1864 1197 1918 enim
1224 1864 1412 1934 opinio
1431 1865 1660 1935 justitiae
1687 1865 1826 1934 eius,
1851 1867 2000 1921 velut

2106 1834 2262 1922 Πᾱὲξι
2289 1868 2397 1939 γὰρ
2424 1869 2458 1939 ὴ
2478 1834 2658 1938 οίησις
2692 1834 2803 1936 τῆς⁷
2818 1834 3165 1929 δικαιοσύνης
3196 1855 3373 1911 αὑτοῦ
3405 1854 3486 1917 ὡς

423 1968 643 2023 pannus
696 1962 1051 2009 menstruataa
1096 1962 1323 2024 apparet
1375 1956 1432 2010 in
1478 1962 1727 2010 extremo
1779 1955 1890 2023 die,
1944 1966 2000 2012 ut

2106 1938 2535 2028 ἀποκαθημένης
2563 1956 2891 2028 φανεροῦται
2920 1956 2979 2007 ἐν
3017 1955 3085 2021 τῇ
3115 1950 3331 2020 ἐσχάτῃ
3359 1944 3573 2014 ἡμέρᾳ.
3617 1938 3687 2001 ὣς

423 2045 606 2114 inquit
654 2045 926 2115 propheta
960 2045 1160 2100 Isaias:
1197 2044 1363 2100 Facta
1398 2055 1473 2099 est
1504 2047 1750 2101 universa
1789 2048 2000 2118 justitia

2106 2066 2267 2120 φησιν
2306 2049 2535 2111 Ἡσαΐας
2565 2050 2594 2102 ὁ
2621 2048 2928 2119 προφήτης,
2958 2040 3248 2112 Ἐτενήθη
3300 2034 3479 2091 πᾶσα
3524 2030 3564 2098 ἡ
3608 2029 3687 2120 δι-

424 2134 610 2190 nostra
651 2145 910 2204 tauquam
936 2152 1141 2207 pannus
1182 2143 1524 2191 menstruam
1547 2139 1589 2190 ’.
1636 2136 2000 2194 Obsecremus

2106 2118 2400 2207 καιοσύνη
2452 2137 2623 2208 ἡμῶν
2651 2118 2732 2202 ὥς
2752 2134 2945 2203 ῥάκος
2984 2125 3485 2197 ὰποκαθημένης.
3524 2118 3683 2187 Δίτή-

1674 398 1739 489 ετ
1780 398 2101 461 MACARII
2142 399 2460 463 eorum

2174 1686 2248 1741 1".
2278 1687 2345 1741 El
2368 1703 2453 1749 τις
2480 1685 2590 1757 γὰρ
2623 1686 2684 1741 ἐν
2716 1686 2783 1757 τῇ
2820 1680 3015 1739 ἑαυτοῦ
3042 1680 3202 1752 μόνον
3236 1676 3469 1731 ἵσταται
3497 1670 3690 1725 δικαιορ

422 2225 591 2297 igitur
622 2227 796 2281 Deum
838 2237 1002 2295 atque
1051 2241 1330 2297 rogemus,
1370 2235 1432 2281 ut
1469 2218 1803 2282 amiciamur‘
1844 2228 2004 2283 indu-

423 2324 611 2370 mento
640 2316 813 2385 ipsius
838 2315 1113 2381 salutaris,
1142 2315 1377 2371 Domino
1406 2318 1667 2372 nimirum
1696 2316 1822 2374 Jesu
1844 2318 2002 2375 Chri—

421 2415 528 2472 sto,
578 2422 780 2462 arcano
836 2407 1066 2473 lumine,
1116 2423 1283 2477 quem
1331 2416 1608 2479 gestantes
1656 2409 1853 2465 anima:
1890 2426 2001 2465 non

419 2509 690 2554 cxuentur
713 2500 767 2554 in
789 2500 1085 2565 saeculum;
1114 2500 1214 2556 sed
1245 2501 1301 2555 in
1333 2500 1745 2557 resurrectione
1769 2517 2001 2572 corpora

418 2603 639 2658 quoque
667 2604 860 2643 eorum
900 2588 1354 2660 gloriﬁcabuntur
1393 2590 1563 2661 gloria
1611 2590 1858 2657 luminis,
1890 2607 2002 2663 quo

417 2678 636 2734 amicus
683 2695 831 2736 nunc
884 2689 1015 2735 sunt
1076 2680 1266 2736 ﬁdeles
1324 2695 1390 2738 ac
1430 2695 1713 2753 generosae
1773 2682 1998 2750 anima},

417 2771 561 2826 sicut
589 2772 883 2841 Apostolus
921 2772 999 2827 ait
1024 2790 1039 2828 ;
1072 2771 1175 2839 Qui
1202 2774 1449 2828 excitavit
1483 2772 1750 2829 Christum
1770 2790 1833 2828 ea:
1854 2792 1999 2829 mor-

417 2866 544 2929 tuis,
585 2864 866 2932 viviﬁcabit
910 2874 957 2918 et
997 2864 1249 2918 mortalia
1289 2880 1513 2935 corpora
1552 2874 1755 2930 nostra,
1787 2876 2001 2936 prapter

412 2955 578 3023 ipsius
617 2951 873 3022 Spiritum
918 2952 1305 3005 inhabitantem
1344 2951 1399 3004 in
1439 2951 1665 3004 nobis".
1702 2949 1890 3005 Gloria
1929 2951 2004 3005 sit

418 3043 683 3099 iueﬁ'abili
723 3044 846 3113 ejus
892 3041 1240 3097 miserationi
1278 3048 1444 3111 atque
1504 3040 1867 3097 inenarrabili
1897 3042 2000 3095 mi—

414 3134 737 3189 sericordia:
761 3134 902 3204 ejus.
934 3156 944 3168 -

486 3226 575 3280 IV.
617 3226 685 3280 Et
718 3226 957 3280 iterum:
987 3221 1443 3289 Quemadmodum
1472 3221 1668 3278 mulier
1698 3226 1845 3295 ﬂuxu
1873 3240 2000 3278 san-

415 3318 591 3389 guinis
632 3316 906 3381 laborans,
947 3330 1065 3369 cum
1097 3313 1328 3367 crederet
1364 3313 1468 3382 ﬁde
1482 3328 1631 3380 vera,
1659 3322 1708 3368 et
1732 3313 2001 3383 ﬁmbriam

416 3408 713 3467 vestimenti
752 3406 967 3461 Domini
1018 3406 1342 3475 contingeret
1362 3405 1427 3469 “,
1477 3403 1662 3459 statim
1708 3403 1998 3458 sanitatem

414 3507 713 3559 consecuta
744 3505 851 3559 est.
899 3508 1067 3567 atque
1098 3495 1411 3550 exsiccatos
1449 3502 1536 3550 est
1571 3492 1753 3548 ﬂuxus
1794 3492 1999 3563 impuri

414 3591 586 3648 fontis
617 3589 936 3661 sanguinis:
974 3587 1055 3642 sic
1096 3585 1278 3640 omnis
1308 3584 1491 3639 anima
1527 3583 1822 3640 incurabili
1870 3584 1998 3639 vul-

415 3699 549 3739 nere
571 3681 785 3754 peccati
820 3690 1099 3751 percussa,
1132 3692 1196 3732 ac
1226 3675 1375 3732 fonte
1423 3676 1786 3732 obscenarum
1808 3689 2001 3744 prava-

417 3790 648 3844 rumque
711 3773 1113 3844 cogitationum
1185 3770 1417 3837 obruta,
1479 3769 1525 3825 si
1580 3783 1869 3841 progressa
1930 3767 1999 3823 ad

413 3865 696 3920 Christum
726 3864 1008 3934 supplices
1035 3876 1229 3933 preces
1257 3860 1472 3926 fecerit,
1516 3860 1680 3930 eique
1718 3874 1848 3915 vere
1875 3873 1998 3914 cre-

415 3954 639 4020 diderit,
689 3953 980 4009 sanitatem
1035 3952 1330 4008 salutarem
1356 3952 1716 4020 consequitur
1741 3950 1811 4004 ab
1840 3949 2000 4004 incu-

418 4044 579 4100 rabili
615 4044 767 4100 fonte
799 4043 1175 4109 aﬁ‘ectionum,
1202 4053 1368 4111 atque
1401 4041 1714 4095 exsiccatur
1734 4038 1874 4094 ‘l‘ons
1907 4040 2000 4094 ille

417 4137 704 4201 deﬁciens,
730 4122 841 4205 qui
874 4119 1189 4190 immundus
1218 4120 1581 4203 Cogitationes
1602 4130 1999 4203 ejaculabatur,

416 4228 624 4282 virtute
661 4212 836 4281 solius
880 4225 1044 4280 Jesu:
1079 4224 1223 4278 alius
1254 4236 1383 4277 vero
1412 4221 1521 4277 hoc
1560 4221 1762 4275 vulnus
1806 4234 2001 4276 curare

419 4334 651 4391 prorsus
681 4318 895 4387 nequit.
940 4316 1173 4369 Tantam
1221 4313 1371 4369 enim
1410 4327 1633 4383 operam
1664 4327 1729 4367 ac
1764 4311 2001 4383 diligen-

420 4410 548 4463 tiam
601 4407 858 4463 adhibuit
911 4406 1087 4460 hostis
1140 4405 1197 4460 in
1249 4404 1381 4460 Adae
1435 4404 1898 4476 transgressione,
1942 4412 2003 4459 ut

2103 2247 2286 2300 σωμεν
2332 2224 2425 2284 οῦν
2474 2228 2570 2283 καὶ
2612 2226 2894 2298 δεηθῶμεν
2942 2221 3037 2275 τοῦ
3077 2218 3214 2275 Θεοῦ
3250 2213 3586 2272 ἐνδύσασθαι
3628 2209 3689 2261 τὸ

2103 2322 2320 2392 ἱμάτιον
2372 2318 2466 2374 τοῦ
2520 2320 2830 2390 σωτηρίου,
2860 2317 2953 2370 τὸν
2991 2313 3197 2385 Κύριον
3252 2308 3421 2382 ἡμῶν
3486 2302 3684 2374 Ἰησοῦν

2100 2412 2335 2482 Χριστδν
2355 2450 2370 2475 ,
2402 2410 2462 2464 τὸ
2492 2408 2730 2481 ἄρρητον
2760 2406 2898 2477 φῶς,
2929 2405 2989 2459 ὃν
3040 2402 3352 2473 φορέσασαι
3385 2395 3560 2467 ψυχαὶ
3591 2394 3686 2445 οὐκ

2099 2502 2534 2573 ἀποδυθήσονται
2561 2503 2641 2564 είς
2662 2499 2756 2553 τὸν
2780 2499 2954 2553 αίῶνα
2978 2511 2993 2526 ·
3034 2495 3150 2550 ἀλλ’
3186 2495 3248 2547 ἐν
3282 2493 3355 2562 τῇ
3396 2485 3679 2544 ἀναστάσει

2100 2594 2197 2659 καὶ
2222 2593 2293 2647 τὰ
2320 2591 2551 2663 σώματα
2592 2591 2773 2645 αὐτῶν
2798 2588 3224 2658 δοξατιτθιίισονταμ1
3255 2584 3370 2637 ὑπὸ
3406 2581 3506 2651 τῆς
3534 2576 3680 2647 δόξης

2098 2685 2195 2747 τοῦ
2228 2684 2425 2754 φωτὸς,
2462 2676 2523 2737 οὗ
2562 2682 2979 2754 περιϐέϐληνται
3016 2680 3124 2741 ἀπὸ
3152 2678 3253 2733 τοῦ
3289 2677 3388 2730 νῦν
3418 2674 3477 2731 αί
3502 2669 3678 2726 πισταὶ

2099 2775 2195 2829 καὶ
2235 2775 2479 2842 εὐγενεῖς
2515 2773 2713 2844 ψυχαὶ,
2740 2771 2923 2835 καθώς
2955 2787 3119 2841 φησιν
3147 2770 3177 2822 δ
3218 2766 3568 2828 ’Δπόστολοςι
3621 2762 3678 2813 '0

2098 2866 2331 2936 ἐγείρας
2363 2864 2624 2933 Χριστὸν
2666 2864 2735 2918 ἐκ
2773 2860 3009 2930 νεκρῶν
3028 2902 3043 2927 ,
3077 2858 3442 2933 ζωοποιήσει
3473 2853 3571 2908 καί
3611 2850 3677 2906 τὰ

2100 2956 2288 3024 θνητὰ
2327 2956 2573 3033 σώματα
2604 2953 2771 3024 ἡμῶν
2808 2953 2907 3008 διὰ
2928 2952 3035 3006 τοῦ
3073 2950 3467 3015 ἐνοικοῦντος
3502 2942 3677 2999 αὐτοῦ

2101 3050 2449 3117 [Ir-stipator,-
2483 3048 2552 3101 ἐν
2572 3047 2738 3117 ἡμῖν.
2768 3045 2908 3110 Δόξα
2926 3047 2994 3116 τῇ
3025 3042 3255 3115 ἀρρήτῳ
3286 3034 3671 3107 εὐσπλαγχνᾶἓυ

2026 3168 2071 3227 c
2104 3136 2306 3227 καὶτῷ
2333 3136 2599 3227 ἀφράστιρ
2626 3134 2769 3188 ἐλέει
2801 3133 2989 3227 αὑτοῦ.

2171 3226 2361 3281 Δ’.Κα“ι
2375 3225 2792 3294 πάλιν,Ὦσπερ
2807 3225 2853 3293 ἠ
2865 3220 3271 3294 αὶμορῤοοῦσα
3282 3219 3439 3291 γυνὴ
3458 3210 3675 3270 πιστούς

2102 3332 2269 3373 σασα
2302 3318 2372 3371 ἐν
2416 3317 2688 3383 ἀληθείᾳ,
2736 3314 2834 3371 καὶ
2868 3313 3147 3385 ἁψαμένη
3180 3313 3294 3367 τοῦ
3341 3303 3672 3379 κρασπέδου

2101 3409 2211 3464 τοῦ
2252 3410 2496 3479 Κυρίου,
2526 3408 2729 3471 εὐθέως
2765 3407 2959 3469 ἰάσεως
2997 3406 3177 3476 ἔτυχε,
3209 3406 3307 3458 καὶ
3345 3397 3609 3471 ἐξηράνθη
3642 3394 3673 3463 ἡ

2102 3499 2261 3573 ῥύσις
2307 3500 2407 3571 τῆς
2466 3499 2781 3570 ἀκαθάρτου
2836 3497 3021 3567 πηγῆς
3070 3496 3165 3550 τοῦ
3216 3496 3453 3565 αἵματος
3478 3509 3492 3522 ·
3544 3487 3671 3541 οὕτω

2102 3593 2254 3647 πᾶσα
2278 3591 2427 3663 ψυχὴ
2450 3591 2653 3663 ἔχουσα
2680 3590 2741 3643 τὸ
2763 3589 2981 3644 ἀνίατον
3003 3589 3229 3660 τραῦμα
3256 3589 3358 3657 τῆς
3388 3580 3668 3655 ἁμαρτίας,

2100 3684 2203 3754 τὴν
2231 3684 2416 3756 πηγὴν
2445 3683 2556 3737 τῶν
2598 3682 2928 3753 ἀκαθάρτων
2968 3680 3064 3736 καὶ
3096 3679 3358 3751 πονηρῶν
3385 3670 3667 3744 λογισμῶν»

2100 3775 2198 3829 ἐάν
2228 3774 2502 3847 προσέλθῃ
2539 3773 2617 3844 τῷ
2650 3772 2873 3846 Χριστῷ
2891 3813 2908 3840 ,
2936 3773 3031 3826 atat
3057 3771 3224 3842 δεηθῇ
3257 3768 3590 3824 πιστεύσασα
3617 3762 3670 3813 ἐν

2100 3865 2352 3937 ἀληθείᾳ,
2391 3867 2589 3929 ίάσεως
2623 3865 2896 3937 σωτηρίου
2929 3863 3189 3934 τυγχάνει
3233 3865 3303 3918 ἐκ
3338 3863 3438 3933 τῆς
3462 3856 3667 3915 ἀνιάτου

2100 3957 2287 4028 πηγῆς
2331 3955 2441 4010 τῶν
2494 3955 2716 4021 παθῶν,
2774 3956 2868 4009 καὶ
2914 3954 3232 4026 ξηραίνεται
3277 3952 3596 4008 ἐκλείπουσα
3636 3940 3670 4010 ἠ

2102 4050 2255 4120 πηγὴ
2286 4047 2493 4119 ἐκείνη,
2516 4049 2549 4119 ὴ
2580 4047 2707 4111 τοὺς
2728 4046 3075 4117 ἀκαθάρτους
3099 4036 3399 4117 λογισμοῦς
3425 4040 3665 4113 βρύουσαν

2100 4140 2189 4194 διὰ
2210 4141 2311 4210 τῆς
2342 4140 2627 4210 δυνάμεως
2673 4138 2851 4210 Ἰησοῦ
2883 4139 3049 4210 μόνου
3071 4156 3085 4170 ’
3124 4136 3273 4209 ἄλλῳ
3300 4139 3359 4193 δέ
3392 4152 3494 4190 τινι
3529 4131 3664 4185 laca-

2103 4234 2231 4285 σθαι
2263 4231 2325 4285 τὸ
2352 4232 2573 4302 τραῦμα
2606 4232 2766 4285 τοῦτο
2799 4231 3079 4287 ἀδύνατον.
3115 4228 3307 4294 Οὕτως
3346 4229 3454 4298 γὰρ
3490 4219 3665 4288 ὲπετή·

2101 4324 2290 4378 δευσεν
2327 4326 2355 4377 ὁ
2382 4323 2577 4394 ἐχθρὸς
2605 4325 2663 4376 ἐν
2692 4326 2758 4393 τῇ
2792 4323 2886 4376 τοῦ
2937 4322 3110 4393 Ἀδὰμ
3162 4322 3497 4393 παραόἀσει,
3538 4314 3662 4368 ὥστε

2103 4415 2477 4487 τραυματίσαι
2527 4416 2623 4469 καὶ
2656 4416 2902 4469 σκοτίσαι
2949 4416 3041 4469 τὸν
3088 4414 3194 4468 ἔσω
3241 4413 3558 4485 ἄνθρωπον,
3584 4401 3663 4455 τὸν

415 4498 745 4554 vulneraret.
764 4511 829 4550 ac
869 4489 1110 4550 tenebris
1133 4494 1448 4549 otl’underet
1474 4493 1795 4571 interiorem
1822 4493 2000 4548 homi-

2106 4508 2351 4579 ἡγεμόνα
2383 4506 2508 4561 νοῦν
2536 4508 2629 4563 τὸν
2660 4510 2872 4581 ὁρῶντα
2903 4510 3058 4564 Θεόν.
3086 4510 3384 4579 Διέδλεψαν
3418 4500 3594 4559 λοιπὸν
3618 4494 3662 4548 οι

416 4605 581 4653 nem,
648 4595 891 4643 mentem
948 4587 1210 4641 nimirum
1279 4585 1479 4642 ducem
1540 4584 1813 4653 hominis,
1878 4601 2000 4657 quae

416 4685 593 4740 Deum
646 4665 985 4737 intuebatur.
1040 4681 1423 4753 Respexerunt
1473 4693 1604 4753 ergo
1649 4678 1998 4749 postmodum

418 4775 567 4831 oculi
608 4775 731 4845 ejus
762 4771 831 4827 ad
874 4758 1008 4825 vitia
1050 4779 1106 4826 et
1137 4758 1480 4837 “rectiones,
1510 4784 1541 4823 a
1573 4768 1732 4824 bonis
1763 4768 2001 4825 caelesti-

420 4868 524 4923 bus
555 4866 783 4923 exclusi.
1704 4850 1709 4855 ’

485 4956 598 5033 85
629 4958 696 5014 V.
740 4956 935 5034 Tantis
977 4954 1145 5027 igitur
1182 4951 1508 5023 vulneribus
1541 4950 1772 5006 allectus
1800 4961 1905 5014 est,
1940 4959 2002 5021 ut

418 5050 625 5106 nemini
656 5050 845 5104 datum
890 5049 963 5103 sit
1005 5038 1069 5103 ea
1102 5035 1318 5108 curare,
1352 5041 1459 5097 nisi
1486 5041 1587 5116 soli
1623 5042 1879 5103 Domino,
1910 5041 1999 5096 cui

419 5141 522 5196 soli
542 5140 804 5211 possibile
820 5148 924 5195 est.
948 5140 1068 5209 lpse
1089 5138 1237 5192 enim
1267 5135 1517 5199 veniens,
1539 5131 1763 5187 Sustulit
1784 5140 1997 5204 peccata

422 5231 690 5302 "uvidi",
723 5231 829 5285 hoc
860 5237 967 5294 est,
1004 5230 1281 5297 impurum
1331 5225 1486 5279 illum
1538 5224 1746 5278 fontem
1792 5223 1998 5294 cogita-

420 5324 635 5377 tionum
694 5322 890 5375 animae
949 5318 1264 5373 exsiccavit.
1325 5314 1799 5391 Quemadmodum
1853 5318 2000 5371 enim

419 5415 532 5477 illa,
564 5404 686 5483 quae
716 5411 999 5487 sanguinis
1029 5409 1302 5480 profluvio
1327 5407 1635 5471 laborabat,
1661 5422 1784 5461 cum
1815 5408 1999 5463 omnia

420 5520 520 5560 sua
546 5507 692 5561 bona
719 5506 777 5560 in
807 5504 1058 5560 medicos
1094 5500 1457 5571 impendisset
1480 5499 1545 5565 ",
1578 5515 1608 5573 a
1638 5499 1790 5554 nullo
1818 5507 1999 5554 tamen

419 5609 615 5650 eorum
655 5606 847 5653 curata
882 5582 999 5661 est;
1031 5593 1207 5648 donec
1242 5585 1554 5662 progressa
1577 5591 1643 5647 ad
1682 5591 1997 5661 Dominum,

2105 4597 2376 4669 ὀφθαλμοὶ
2402 4598 2566 4653 αὐτοῦ
2596 4602 2676 4664 είς
2712 4600 2781 4654 τὰ
2809 4599 2955 4654 κακά
2988 4603 3082 4653 καὶ
3108 4600 3178 4654 τὰ
3210 4600 3361 4671 πάθη
3380 4638 3396 4664 ,
3424 4590 3660 4651 ἀποκλει-

2111 4688 2341 4761 σθέντες
2370 4691 2481 4755 τῶν
2507 4692 2848 4764 ἐπουρανίων
2872 4692 3118 4761 ἀγαθῶν.

2176 4958 2255 5017 E'.
2293 4955 2480 5027 αὕτως
2524 4950 2618 5009 οῦν
2663 4957 3098 5028 ἐτραυματίσθη,
3150 4957 3293 5011 ὥστε
3348 4952 3526 5027 μηδενὶ
3574 4948 3655 5001 δυ·

2107 5050 2269 5103 νατδν
2301 5043 2442 5101 εῖναι
2478 5048 2757 5123 ἰάσασθαι,
2792 5049 2839 5101 εί
2871 5048 2946 5121 μὴ
2988 5050 3134 5121 μόνῳ
3157 5050 3236 5120 τῷ
3267 5049 3469 5120 Κυρίῳ,
3503 5040 3656 5106 τούτῳ

2112 5139 2257 5210 μόνῳ
2307 5139 2532 5215 δυνατόν
2579 5138 2750 5194 ἐστιν.
2797 5140 2970 5203 Αὐτὸς
3028 5141 3137 5212 γὰρ
3169 5141 3356 5205 ἐλθὼν,
3389 5135 3518 5204 Ἦρε
3554 5129 3656 5194 τὴν

2105 5228 2403 5297 ἀ,ιιαρτίαν
2457 5224 2563 5288 τοῦ
2603 5228 2860 5296 κόσμου,
2915 5228 3183 5295 τουτέστι,
3227 5229 3325 5300 τὴν
3374 5222 3654 5287 ἀκάθαρτον

2109 5302 2293 5389 πηγὴν
2319 5318 2427 5370 τῶν
2449 5302 2816 5387 διαλογισμῶν
2838 5319 2938 5385 τῆς
2964 5318 3142 5391 ψυχῆς
3166 5320 3440 5389 ἐξήρανεν.
3469 5312 3653 5371 Ὠσπερ

2107 5408 2216 5479 γὰρ
2247 5408 2431 5478 ἐκείνη
2464 5409 2497 5477 ἡ
2536 5407 2911 5479 αἱμορροοῦσα
2940 5408 3120 5462 πάντα
3163 5409 3232 5461 τὰ
3283 5406 3471 5473 ἑαυτῆς
3500 5399 3653 5451 δαπα-

2105 5502 2319 5571 νήσασα
2372 5502 2484 5564 τοῖς
2536 5498 2820 5577 ἰατρεῦσαι
2889 5500 3231 5571 δυναμένοις,
3285 5497 3413 5567 παρ’
3464 5482 3651 5545 οὐδενὸς

2106 5588 2454 5662 ἐθεραπεύθη
2476 5576 2709 5659 τούτων,
2745 5575 2850 5655 ἕως
2878 5586 2940 5646 οὗ
2975 5575 3317 5665 προσήιγγισε
3348 5585 3424 5658 τῷ
3459 5577 3649 5649 Κυρίῳ.

493 5770 673 5826 ‘Gan.
704 5789 785 5837 ιιι,
821 5774 867 5826 7.
947 5775 966 5805 τ’
1000 5774 1103 5828 lsa.
1146 5789 1287 5840 wa,
1328 5772 1381 5829 6.
1460 5774 1500 5806 ¹⁰
1532 5774 1691 5831 Rom.
1733 5790 1846 5839 vui,
1894 5771 1972 5826 ll.

2151 5769 2341 5849 Matth,
2383 5788 2457 5841 lx,
2497 5772 2585 5828 ao.
2667 5775 2708 5807 η
2750 5775 2907 5831 Joan.
2942 5792 2977 5845 ι,
3018 5777 3109 5833 9.0.
3157 5777 3197 5810 η
3229 5772 3411 5831 Matth.
3462 5780 3529 5841 ιι,
3566 5754 3642 5821 29-
