3966 6438
355 313 472 379 653

361 521 558 585 αὑτοῦ,
588 521 684 575 καὶ¹
740 520 914 585 οὕτως
947 522 1152 587 εὐθέως
1201 524 1403 595 ᾔσθετο
1437 527 1536 596 τῆς
1587 527 1783 593 ίάσεως
1808 546 1823 560 ·
1858 530 1956 582 καὶ

364 613 501 683 ἔστη
534 614 567 683 ή
606 612 761 681 ῥύσις
800 612 893 668 τοῦ
938 614 1208 685 αἵματος·
1240 615 1386 671 οὕτω
1415 617 1515 687 τὴν
1564 618 1744 690 ψυχὴν
1785 638 1952 691 τραυ-

367 704 728 774 ματισθείσαν
779 705 841 771 ἐξ
868 707 1044 777 ἀρχῆς
1078 707 1304 777 τραῦμα
1356 709 1577 763 ἀνίατον
1626 711 1819 765 παθῶν
1856 730 1957 767 κα-

364 793 513 859 κίας,
541 794 715 858 οὐδεὶς
747 793 870 848 οὕτε
902 795 1151 859 δικαίων,
1192 794 1316 849 οὕτε
1356 798 1639 868 Πατέρων,
1666 798 1789 857 οὕτε
1820 819 1952 871 προο

368 886 583 955 φητῶν,
619 884 744 940 οὕτε
770 887 1129 959 πατριαρχῶν
1156 888 1347 959 ἴσχυσε
1381 888 1743 961 θεραπεύσαι.

445 1059 538 1131 ς’.
591 1062 833 1134 Μωῦσῆς
879 1058 1069 1135 ἦλθεν,
1102 1063 1218 1118 ἀλλ’
1252 1064 1353 1118 οὐκ
1379 1064 1619 1136 ἠδυνήθη
1644 1065 1791 1119 ίασιν
1820 1082 1960 1120 παν-

368 1150 504 1224 τελῆ
537 1151 721 1206 δοῦναι
741 1168 759 1186 ο
807 1153 994 1221 ἱερεῖς,
1026 1151 1199 1224 δῶρα,
1254 1152 1716 1221 ἀποδεκατώσεις,
1751 1156 1960 1211 σαϐϐα-

368 1244 581 1316 τισμοὶ,
638 1245 946 1316 νεομηνίαι,
983 1244 1357 1316 βαπτίσματα,
1391 1246 1598 1311 θυσίαι,
1655 1247 1965 1303 ὁλοκαυτώ·

373 1352 514 1403 σεις,
546 1336 641 1391 καὶ
675 1339 824 1392 πᾶσα
859 1338 892 1408 ἡ
923 1336 1087 1408 λοιπὴ
1116 1337 1437 1409 δικαιοσύνη
1461 1338 1771 1395 ὲπετελεϊτο
1798 1340 1857 1394 ἐν
1885 1339 1963 1411 τῷ

372 1427 549 1497 νόμῳ,
587 1426 683 1480 καὶ
713 1428 747 1497 ή
781 1425 929 1497 ψυχὴ
964 1426 1185 1496 ἰαθῆναι
1223 1425 1332 1479 ἀπὺ
1375 1426 1475 1496 τῆς
1515 1426 1828 1498 ἀκαθάρτου
1865 1426 1963 1496 ρύ-

373 1535 519 1582 σεως
550 1518 662 1572 τῶν
711 1518 899 1571 κακῶν
938 1517 1219 1589 λογισμῶν
1247 1519 1351 1572 οὐκ
1382 1518 1649 1590 ἠδυνήθη,
1680 1519 1776 1572 καὶ
1812 1521 1966 1575 πᾶσα

371 1614 411 1680 ἡ
443 1609 757 1681 δικαιοσύνη
798 1610 971 1680 αὐτῆς
1002 1610 1349 1682 θεραπεῦσαι
1376 1611 1542 1666 αὐτὸν
1572 1612 1674 1665 οὐκ
1720 1613 1964 1682 ἴσχυσεν,

373 1701 486 1766 ἓως
518 1693 579 1754 οὗ
608 1698 774 1773 ἦλθεν
801 1703 830 1755 6
854 1701 1046 1772 Σωτὴρ
1084 1702 1114 1754 6
1162 1700 1415 1771 ἀληθινὸς
1449 1701 1662 1772 ἰατρὸς,
1696 1702 1725 1754 6
1758 1702 1968 1773 δωρεὰν

378 1772 641 1864 ἰώμενος,
680 1795 708 1847 6
742 1793 937 1856 ἐαυτὸς
962 1792 1106 1863 ὑπὲρ
1128 1791 1225 1846 τοῦ
1269 1794 1459 1862 γένους
1500 1795 1611 1849 τῶν
1659 1792 1965 1865 ἀνθρώπων
1994 1772 2042 1832 Β

376 1886 579 1958 λύτρον
604 1886 750 1951 δούς.
779 1886 954 1949 Αὐτὸς
979 1887 1141 1958 μόνος
1170 1885 1270 1957 τὴν
1303 1887 1550 1956 μεγάλην
1574 1886 1670 1940 καὶ
1700 1889 1967 1957 σωτήριον

373 1976 650 2047 λύτρωσιν
700 1978 796 2031 καὶ
849 1977 994 2030 ίασιν
1058 1976 1162 2046 τῆς
1216 1977 1397 2047 ψυχῆς
1453 1977 1746 2045 ἐποίησεν·
1802 1977 1967 2041 αὐτὸς

372 2072 755 2141 ἠλευθέρωσεν
786 2072 959 2142 αὐτὴν
1007 2072 1071 2124 ὲκ
1104 2072 1204 2141 τῆς
1242 2070 1508 2137 δουλείας,
1560 2073 1657 2125 καὶ
1692 2070 1968 2143 ἐξήγαγεν

377 2162 554 2235 αὐτὴν
584 2165 649 2218 ὲκ
685 2162 929 2228 σκοτίας,
964 2163 1080 2233 ἰδίῳ
1112 2163 1252 2232 φωτὶ
1292 2162 1524 2228 δοξάσας
1562 2164 1768 2235 αὐτήνο
1804 2165 1970 2228 αὐτὸς

373 2255 611 2326 ἐξήρανε
661 2255 762 2327 τὴν
797 2258 855 2309 ἐν
892 2256 1032 2327 αὐτῇ
1081 2256 1271 2327 πηγὴν
1314 2256 1425 2311 τῶν
1452 2256 1780 2328 ἀκαθάρτων
1820 2258 1969 2326 λογι-

376 2344 534 2416 σμῶν
553 2361 569 2378 ⁸
601 2345 746 2401 ἰὃοὺ
768 2346 898 2416 γὰρ,
922 2348 1108 2417 φησιν,
1137 2350 1170 2401 ό
1186 2346 1393 2415 Ἁμνὸς
1415 2347 1523 2403 τοῦ
1539 2348 1710 2417 Θεοῦ,
1727 2351 1760 2404 ό
1785 2349 1970 2418 αἴρων

372 2436 498 2506 τὴν
523 2438 819 2508 ἁμαρτίαν
854 2438 960 2493 τοῦ
985 2441 1243 2509 κόσμου.

452 2531 527 2585 Z'.
577 2531 653 2584 Οὐ
698 2530 810 2602 γὰρ
839 2529 1075 2601 ἠδύνατο
1126 2530 1195 2584 τὰ
1245 2531 1355 2585 ἴδια
1400 2534 1467 2587 ἐκ
1519 2533 1624 2607 γῆς
1677 2535 1967 2607 φάρμακα,

376 2620 633 2674 τουτέστι
680 2620 749 2674 τά
787 2620 993 2692 ἑαυτῆς
1017 2620 1370 2693 δικαιώματα
1422 2623 1587 2694 μόνον
1632 2624 1970 2697 θεραπεῦσαι

377 2714 480 2769 καὶ
531 2713 789 2768 ἰάσασθαι
847 2714 1020 2785 αὐτὴν
1081 2716 1147 2767 ὲκ
1192 2714 1294 2783 τῆς
1345 2715 1680 2788 τηλικαύτης
1736 2718 1970 2789 ἀοράτου

378 2804 621 2876 πληγῆς,
654 2805 794 2861 ἀλλὰ
840 2805 929 2860 διὰ
978 2805 1079 2877 τῆς
1125 2806 1383 2877 οὐρανίου
1433 2809 1528 2861 καὶ
1572 2807 1723 2871 θείας
1756 2807 1971 2877 φύσεως

377 2899 483 2970 τῆς
503 2898 713 2973 δωρεᾶς
734 2898 830 2952 τοῦ
861 2899 1019 2968 ἁγίου
1049 2900 1391 2971 Πνεύματος,
1423 2900 1514 2954 διὰ
1530 2900 1723 2955 τούτου
1751 2900 1974 2972 φαρμά⁸

380 3008 484 3045 κου
522 2992 684 3062 μόνου
728 2991 970 3064 ἠδυνήθη
1015 2991 1212 3056 ἰάσεως
1240 2995 1427 3063 τυχεῖν
1455 2993 1483 3045 6
1532 2993 1841 3064 ἄνθρωπος,
1878 2994 1974 3045 καὶ

381 3081 530 3153 ζωῆς
560 3082 870 3152 ἐφικέσθαι,
917 3082 1278 3152 καθαρισθεὶς
1330 3084 1436 3137 ὑπὸ
1466 3082 1558 3137 τοῦ
1597 3084 1757 3152 ἁγίου
1800 3082 1972 3136 Πνεύ-

388 3191 560 3244 ματος
590 3174 691 3246 τὴν
735 3174 983 3246 καρδίαν.
1027 3174 1191 3240 Ἀλλ’,
1225 3174 1415 3247 ὥσπερ
1446 3176 1563 3230 ἐκεῖ
1604 3177 1638 3247 ή
1684 3175 1821 3246 γυνὴ
1869 3173 1973 3228 κᾶν

389 3267 723 3338 ίαθῆναιούκ
756 3266 1021 3339 ἠδυνήθη,
1059 3269 1154 3322 καὶ
1185 3268 1653 3340 τετραυμάτιστο,
1689 3267 1977 3341 ἁλλ’ὃμως

387 3360 557 3423 πόδας
587 3355 702 3431 εἶχε
735 3358 832 3413 τοῦ
860 3359 1039 3413 ἐλθεῖν
1080 3361 1219 3431 πρὸς
1248 3361 1342 3415 τδν
1372 3361 1601 3432 Κύριον,
1622 3363 1717 3416 καὶ
1745 3362 1978 3419 ἐλθοῦσα

384 3455 577 3523 τυχεῖν
627 3452 858 3516 ἰάσεως·
894 3452 1098 3524 ὁμοίως
1143 3453 1239 3507 καὶ
1266 3453 1296 3505 6
1336 3454 1539 3523 τυφλὸς
1593 3457 1823 3524 ἐκεῖνος,
1873 3456 1979 3509 κᾶν

390 3543 701 3614 ὑπερϐῆναι
722 3543 822 3597 οὐκ
849 3543 1101 3613 ἠδύνατο,
1136 3545 1233 3598 καὶ
1270 3544 1448 3600 ὲλθεῖν
1480 3546 1619 3618 πρὸς
1652 3547 1745 3602 τὸν
1771 3546 1980 3619 Κύριον

391 3637 481 3690 διὰ
515 3637 578 3691 τὸ
603 3636 677 3709 μή
704 3636 947 3707 βλέπειν,
966 3636 1082 3690 ἀλλ’
1110 3637 1375 3709 ὀξυτέραν
1407 3640 1660 3708 ἀγγέλων
1688 3640 1981 3695 ἀπέστειλε

387 3729 491 3801 τὴν
534 3729 741 3802 φωνήν.
776 3729 972 3799 Ἔλεγε
1005 3729 1135 3801 γὰρ,
1196 3730 1291 3786 Υἱὲ
1324 3731 1523 3798 Δαϐὶδ,
1562 3732 1829 3801 ἐλέησόν
1872 3749 1977 3804 με’

390 3822 489 3877 καὶ
520 3819 664 3875 οὓτω
729 3822 1049 3889 πιστεύσας,
1093 3823 1292 3887 ίάσεως
1324 3822 1545 3895 ἔτυχεν,
1586 3824 1832 3890 ἐλθόντος
1885 3825 1981 3880 τοῦ

392 3914 603 3987 Κυρίου
636 3914 773 3987 πρὸς
820 3916 987 3969 αὑτὸν
1034 3914 1131 3970 καὶ
1160 3914 1444 3987 διαϐλέψαι
1478 3917 1851 3989 ποιήσαντος,’
1887 3918 1982 3973 οὖ-

391 4025 501 4074 τως
529 4010 622 4061 καὶ
651 4010 684 4079 ή
716 4008 887 4079 ψυχὴ,
942 4008 1045 4061 κᾶν
1077 4008 1541 4079 τετραυμάτισται
1570 4009 1852 4081 τραύμασι
1880 4027 1986 4066 πα-

393 4100 505 4155 θῶν
537 4101 783 4172 ἀτιμίας,
820 4102 922 4155 κᾶν
956 4102 1296 4171 τετύφλωται
1331 4102 1438 4156 ὑπὸ
1475 4103 1571 4157 τοῦ
1631 4105 1857 4171 σκότους
1884 4107 1985 4177 τῆς

393 4192 692 4263 ἁμαρτίας,
752 4191 869 4246 ἀλλ’
928 4192 1077 4262 ὅμως
1119 4192 1234 4263 ἔχει
1269 4192 1487 4263 θέλημα
1516 4193 1613 4248 τοῦ
1643 4194 1841 4265 βοῆσαι
1890 4198 1985 4251 καὶ

393 4284 625 4339 καλέσαι
666 4282 893 4355 Ἰησοῦν,
939 4283 1027 4339 ἵνα
1066 4284 1230 4349 αὐτὸς
1263 4284 1435 4339 ἐλθὼν
1463 4285 1734 4359 λύτρωσιν
1766 4287 1985 4344 αἰώνιον

392 4377 599 4447 ποιήσῃ
628 4378 694 4447 τῇ
729 4377 899 4448 ψυχῇ-

1148 388 1168 407 ,
1334 340 1341 345 ε
1598 308 2272 389 HOMILLa.-—110.VI.
2315 326 2443 386 xx.

363 428 713 485 πιστεύσασα
737 427 795 483 ὲν
824 428 1075 502 ἀληθείᾳ,
1110 430 1205 486 καὶ
1227 432 1484 505 ἁψαμένη
1512 433 1608 489 τοῦ
1635 437 1948 507 κρασπέδου

2081 446 2111 491 τι
2151 438 2384 495 credens
2418 440 2472 495 in
2508 439 2761 507 veritate,
2796 440 2981 513 tetigit
3012 439 3288 497 ﬁmbriam
3327 442 3645 497 vestimenti

3536 325 3644 394 654

2056 529 2207 606 eius;
2260 538 2317 586 et
2367 532 2448 587 sic
2492 548 2619 587 mox
2668 533 2959 590 sanitatem
3012 548 3072 590 se
3121 542 3472 589 consecutam
3521 550 3648 589 esse

2057 621 2253 686 sensit,
2293 637 2359 677 ac
2396 624 2552 679 stetit
2584 624 2919 694 proﬂuvium
2957 624 3281 695 sanguinis:
3315 624 3396 678 sic
3428 639 3649 695 quoque

2057 710 2297 766 animam
2356 715 2657 770 sauciatam
2726 716 2796 770 ab
2857 715 3017 770 initio
3073 715 3304 770 vulnere
3358 714 3651 769 ineurabili

2058 802 2385 881 vitiosarum
2421 804 2801 870 aﬂ‘ectionum,
2838 805 3024 861 nullus
3067 820 3175 860 nec
3211 806 3507 877 iustorum,
3547 819 3653 859 nec

2060 892 2319 961 Patrum,
2393 911 2497 951 nec
2550 897 2981 967 prophetarum,
3051 911 3156 953 nec
3214 896 3655 968 patriarcharum

2060 1000 2257 1041 curare
2307 988 2509 1057 potuit.

2134 1074 2225 1129 VI.
2258 1074 2438 1130 Moses
2457 1075 2682 1145 quidem
2714 1075 2888 1142 venit,
2911 1074 3008 1130 sed
3028 1074 3324 1130 sanitatem
3355 1073 3659 1147 perfectam

2063 1165 2318 1223 conferre
2367 1167 2635 1237 nequivit.
2691 1155 3048 1234 Sacerdotes,
3094 1182 3363 1235 munera,
3408 1166 3657 1222 decimae

2065 1259 2266 1324 tiones,
2310 1258 2656 1324 sabbatismi,
2693 1258 3021 1323 neomeniae,
3065 1258 3400 1323 ablutiones,
3444 1258 3657 1313 sacriﬁ-

2065 1352 2172 1415 cia,
2199 1351 2542 1416 holocausta,
2566 1359 2625 1405 et
2649 1348 2906 1405 universa
2931 1350 3143 1420 reliqua
3160 1349 3375 1420 iustitia
3400 1364 3662 1405 consum-

2067 1444 2324 1500 mabatur
2351 1443 2408 1498 in
2437 1442 2590 1513 lege;
2639 1457 2745 1496 nec
2789 1450 2973 1496 tamen
3005 1440 3187 1495 anima
3216 1442 3401 1495 sanari
3441 1456 3507 1495 ac
3553 1456 3660 1509 puo

2069 1535 2272 1591 riﬁeari
2325 1534 2395 1591 ab
2444 1533 2665 1603 impuro
2711 1531 2863 1586 ﬂuxu
2910 1546 3207 1602 pravarum
3260 1529 3661 1601 cogitationum

2069 1628 2285 1700 potuit;
2337 1642 2443 1683 nec
2490 1623 2753 1679 universa
2802 1623 3018 1694 iustitia
3065 1624 3188 1693 ejus
3227 1637 3427 1677 curare
3478 1622 3661 1692 ipsum

2078 1718 2276 1785 valuit,
2303 1717 2483 1771 donec
2527 1713 2679 1769 venit
2729 1712 3005 1777 Salvator,
3040 1726 3208 1766 verus
3238 1710 3511 1775 medicus,
3563 1712 3662 1781 qui

2070 1811 2241 1883 gratis
2266 1818 2460 1865 sanat:
2497 1807 2592 1879 qui
2634 1822 2696 1863 se
2736 1807 2917 1878 ipsum
2949 1821 3050 1876 pro
3079 1805 3323 1860 humano
3361 1820 3564 1877 genere
3604 1805 3664 1860 in

2070 1902 2312 1972 pretium
2350 1901 2751 1972 redemptionis
2798 1898 3041 1965 tradens,
3078 1898 3229 1954 solus
3261 1897 3380 1967 ipse
3409 1912 3664 1967 magnam

2070 2001 2126 2048 et
2171 1992 2469 2047 salutarem
2524 1990 2966 2059 redemptionem
3014 2003 3080 2043 ac
3129 1988 3426 2043 sanitatem
3470 1988 3667 2043 animae

2071 2091 2334 2152 operatus
2380 2091 2483 2137 est.
2524 2082 2646 2152 Ipse
2698 2081 2958 2136 liberavit
3007 2094 3129 2134 eam
3177 2094 3210 2135 a
3265 2080 3557 2147 servitute,
3609 2086 3669 2133 et

2070 2172 2262 2229 eduxit
2287 2188 2407 2226 eam
2436 2188 2503 2227 ex
2528 2171 2795 2234 tenebris,
2830 2184 2931 2224 suo
2953 2169 3166 2224 lumine
3196 2184 3318 2224 eam
3342 2169 3665 2223 illustrans:

2072 2262 2190 2333 ipse
2217 2262 2515 2318 exsiccavit
2556 2262 2612 2315 in
2661 2275 2723 2314 ea
2756 2260 2962 2314 fontem
2992 2258 3405 2313 immundarum
3451 2258 3667 2327 cogita-

2079 2356 2329 2409 tionum:
2382 2353 2516 2407 Ecce
2558 2353 2719 2417 enim,
2760 2350 2967 2420 inquit,
2997 2348 3181 2420 Agnus
3226 2348 3348 2415 Dei,
3385 2349 3477 2419 qui
3528 2346 3673 2401 tollit

2073 2456 2288 2518 peccata
2328 2444 2513 2499 mundi
2535 2442 2600 2497 “.

2144 2538 2257 2593 νη.
2297 2537 2419 2591 Νοη
2460 2536 2611 2591 enim
2659 2541 2965 2606 potuerunt
3000 2539 3221 2587 terrena
3264 2531 3385 2603 ejus
3423 2530 3669 2591 medica-

2073 2635 2279 2692 menta,
2321 2627 2427 2680 hoc
2470 2632 2554 2680 est
2575 2622 3004 2696 iustiﬁcationes
3041 2622 3163 2693 ejus
3202 2621 3354 2687 δοιαὶ,
3391 2635 3589 2675 curare
3613 2629 3671 2675 et

2074 2732 2271 2773 sanare
2325 2716 2473 2771 illam
2505 2732 2536 2771 a
2568 2724 2717 2770 tanta
2750 2713 3018 2771 invisibili
3048 2714 3205 2790 plaga
3232 2730 3245 2769 :
3281 2712 3385 2774 sed.
3420 2711 3671 2768 caelestis

2074 2821 2132 2868 et
2161 2811 2365 2865 divina:
2392 2818 2608 2865 naturae
2636 2807 2933 2873 beneﬁcio,
2971 2808 3102 2863 doni
3129 2806 3408 2871 nimirum
3430 2805 3671 2876 Spiritus

2075 2900 2274 2965 sancti,
2328 2899 2496 2971 hujus
2540 2897 2933 2954 medicamenti
2968 2897 3142 2952 solius
3178 2912 3284 2967 ope
3312 2897 3493 2967 potuit
3525 2895 3674 2955 sani-

2075 3002 2245 3048 tatem
2304 2992 2569 3062 consequi
2626 2992 2823 3056 homo,
2881 2999 2938 3046 et
2988 2991 3057 3045 ad
3109 2990 3279 3045 vitam
3343 2988 3670 3060 pervenire,

2077 3085 2366 3159 purilicato
2398 3084 2564 3140 corde
2588 3100 2618 3139 a
2641 3083 2852 3154 Spiritu
2876 3092 3090 3139 sancto.
3126 3081 3423 3147 Caeterum,
3473 3094 3673 3151 quem-

2076 3179 2376 3235 admodum
2428 3178 2505 3233 ibi
2566 3177 2787 3244 mulier,
2838 3176 3091 3247 quamvis
3123 3176 3439 3239 vulnerata,
3490 3172 3674 3229 curari

2077 3289 2189 3328 non
2228 3280 2484 3342 poterat;
2535 3270 2903 3325 nihilominus
2940 3269 3113 3341 pedes
3162 3269 3425 3329 habebat,
3470 3267 3677 3337 quibus

2080 3364 2373 3421 accederet
2417 3362 2499 3419 ad,
2548 3362 2878 3427 Dominum,
2939 3370 3006 3425 et,
3044 3360 3279 3423 veniens
3330 3359 3676 3423 sanationem

2080 3462 2549 3525 consequeretur:
2597 3453 2790 3514 itidem
2831 3461 2888 3508 et
2936 3468 3118 3513 caecus
3168 3452 3281 3517 ille,
3315 3450 3569 3521 quamvis
3593 3450 3681 3505 in-

2080 3546 2278 3601 cedere
2303 3560 2414 3601 non
2445 3551 2682 3615 poterat,
2709 3552 2765 3597 et
2791 3542 2983 3598 venire
3010 3542 3077 3596 ad
3105 3541 3401 3596 Dominum
3434 3555 3502 3595 eo
3527 3541 3678 3611 quod

2083 3642 2215 3703 visu.
2240 3640 2664 3704 destitueretur,
2698 3638 3002 3693 acutiorem
3038 3648 3221 3693 tamen
3250 3635 3461 3706 angelis
3492 3633 3681 3697 emisit

2082 3748 2294 3789 vocem.
2323 3732 2519 3797 Aiebat
2548 3732 2732 3789 enim:
2762 3729 2862 3785 Fili
2882 3729 3078 3794 David,
3112 3729 3361 3782 miserere
3392 3728 3495 3780 mei
3516 3726 3559 3758 ¹⁸
3580 3735 3687 3781 :-et

2086 3824 2158 3879 ita
2193 3823 2451 3889 credens,
2488 3822 2780 3882 sanitatem
2806 3829 3138 3883 consecutus
3179 3827 3286 3885 est,
3323 3818 3581 3872 veniente
3607 3818 3679 3871 ad

2086 3916 2240 3971 illum
2272 3912 2528 3979 Domino,
2558 3912 2724 3983 eique
2755 3911 2936 3973 visum
2964 3910 3288 3969 restituente
3316 3925 3329 3960 :
3355 3906 3435 3961 sic
3456 3920 3681 3975 quoque

2085 4007 2291 4072 anima,
2336 4004 2874 4076 quamvis'saueiata
2908 4001 2979 4057 sit
3009 4000 3501 4071 ignominiosarum
3547 3996 3682 4052 affe-

2086 4090 2335 4156 ctionum
2362 4097 2707 4163 vulneribus,
2731 4094 2986 4166 quamvis
3017 4092 3298 4149 obcaacata
3330 4090 3402 4145 sit
3432 4087 3692 4143 tenebris

2087 4190 2325 4264 peccati,
2353 4188 2722 4244 nihilominus
2750 4186 2921 4241 habet
2949 4184 3292 4239 voluntatem
3320 4178 3593 4241 clamandi
3623 4188 3685 4235 et

2089 4280 2389 4339 invocandi
2418 4280 2630 4345 Iesum,
2666 4286 2727 4333 ut
2761 4276 2880 4347 ipse
2912 4275 3141 4331 veniens
3168 4281 3433 4329 aeternam
3460 4270 3689 4335 redcm-,

2088 4376 2335 4447 ptionem
2361 4372 2558 4427 animae
2581 4376 2861 4445 procuret.

466 4467 550 4521 H'.
582 4467 798 4539 Ὥσπερ
845 4466 955 4537 γὰρ
986 4467 1196 4531 ἐκεῖνος
1219 4469 1248 4522 6
1275 4467 1497 4537 τυφλδς,
1538 4470 1587 4522 εί
1637 4469 1712 4543 μὴ
1764 4469 1974 4543 ἐϐόησε,

2166 4466 2299 4523 Vlll.
2335 4460 2818 4531 Quemadmodum
2868 4457 3019 4515 enim
3063 4471 3246 4513 cacus
3274 4455 3389 4520 ille,
3420 4454 3531 4510 nisi
3567 4453 3684 4512 cla»

392 4557 493 4613 καὶ
538 4558 572 4629 ή
614 4556 992 4630 αἱμορροοῦσα
1024 4557 1300 4629 προσῆλθε
1352 4559 1430 4630 τῷ
1485 4560 1700 4631 Κυρίῳ,
1764 4563 1865 4616 οὐκ
1917 4563 1983 4617 ἂν

393 4647 698 4719 ἐτύγχανον
753 4648 988 4713 ίάσεωςο
1028 4649 1225 4717 οὕτως,
1265 4649 1360 4704 ἐὰν
1390 4650 1464 4721 μή
1506 4667 1589 4714 τις
1619 4653 1684 4705 ὲκ
1717 4652 1810 4705 τοῦ
1851 4654 1983 4707 ίδίου

395 4743 728 4816 θελήματος,
760 4744 854 4797 καὶ
878 4743 1010 4814 ὅλης
1035 4736 1413 4819 προαιρέσεως
1433 4742 1561 4815 ἔλθῃ
1590 4743 1728 4817 πρὸς
1754 4745 1984 4813 Κύριον,

395 4836 492 4890 καὶ
543 4839 683 4909 μετὰ
733 4835 1112 4908 πληροφορίας
1163 4836 1400 4899 πίστεως
1432 4834 1622 4907 δεηθῇ,
1686 4837 1885 4901 ἰάσεως
1923 4839 1983 4893 ού

393 4927 678 4997 τυγχάνει.
724 4926 825 4980 Διά
868 4926 922 4979 τί
972 4926 1083 4997 γὰρ
1115 4926 1315 4979 ὲκεῖνοι
1371 4927 1766 4990 πιστεύσαντες
1828 4928 1987 4981 ἰῶντο

397 5017 624 5084 εὐθέως,
667 5020 834 5089 ἡμεῖς
881 5017 938 5071 δὲ
1000 5015 1154 5071 οὔπω
1200 5016 1567 5088 διεϐλέψαμεν
1605 5017 1664 5085 ἐξ
1703 5017 1984 5090 ἀληθείας,

396 5112 493 5165 καλ⁹
546 5111 647 5165 οὐκ
685 5110 920 5181 ίάθημξν
956 5109 1159 5164 ἐκτῶν
1208 5108 1458 5181 κρυφίων
1523 5109 1749 5176 παθῶν;
1804 5110 1986 5164 καίτοι

402 5204 607 5274 μᾶλλον
651 5206 680 5258 6
709 5205 916 5277 Κύριος
956 5203 1215 5277 φροντίδα
1266 5204 1504 5257 ποιεῖται
1535 5203 1678 5272 ὑπὲρ
1710 5204 1810 5273 τῆς
1850 5201 1988 5267 ἀθα-

401 5295 564 5350 νάτου
588 5296 847 5368 ψυχῆς,ἥ
876 5297 1016 5368 ὑπὲρ
1050 5295 1145 5350 τοῦ
1170 5294 1439 5365 σώματος·
1461 5295 1582 5366 ἥτις
1613 5294 1706 5349 ἐὰν
1721 5294 1991 5370 διαδλέψῃ

402 5386 548 5441 κατὰ
580 5386 673 5440 τδν
708 5386 1414 5455 λέγοντα,Ἀποκάλυψον
1450 5384 1596 5451 τοὺς
1636 5386 1989 5454 ὀφθαλμούς

400 5495 541 5549 μου,
561 5478 749 5533 οὐκέτι
768 5479 846 5544 είς
870 5479 960 5532 τὸν
982 5478 1157 5532 αἰῶνα
1182 5476 1619 5549 τυφλωθήσεται,
1648 5477 1742 5528 καὶ
1776 5475 1989 5529 ίαθεῖσα

402 5569 587 5624 οὐκέτι
635 5570 1207 5643 τραυματισθήσεται.
1263 5569 1326 5623 Εί
1360 5568 1470 5638 γὰρ
1503 5566 1828 5638 ἐπιμέλειαν
1884 5566 1993 5621 τῶν

2094 4566 2329 4621 masset,
2370 4564 2426 4609 et
2462 4554 2570 4609 nisi
2598 4567 2720 4623 quae
2748 4549 3024 4623 proﬂuvio
3056 4548 3343 4621 sanguinis
3374 4545 3682 4609 laborabat,

2092 4650 2161 4704 ad
2192 4647 2485 4703 Dominum
2521 4628 2865 4710 accessisset,
2914 4642 3262 4699 sanationem
3307 4656 3419 4695 non
3450 4638 3687 4694 fuissent

2093 4740 2377 4797 consecuti
2405 4757 2417 4792 :
2446 4737 2640 4793 eodem
2669 4735 2854 4801 modo,
2891 4734 2997 4790 nisi
3027 4734 3153 4805 quis
3187 4732 3412 4804 pmprio
3438 4738 3592 4785 motu
3620 4743 3688 4784 ac

2095 4834 2310 4905 integro
2357 4830 2638 4904 proposito
2684 4829 2753 4883 ad
2799 4828 3094 4883 Dominum
3146 4825 3393 4889 accedat,
3452 4831 3508 4877 et
3558 4836 3686 4876 cum

2094 4922 2439 4996 plenitudine
2505 4921 2637 4985 ﬁdei
2685 4935 2811 4975 eum
2882 4919 3250 4988 deprecetur,
3311 4914 3463 4993 nullo
3521 4913 3687 4966 modo

2096 5016 2403 5074 sanationis
2450 5015 2512 5070 ﬁt
2560 5014 2857 5084 particeps.
2908 5012 3019 5067 Cur
3067 5010 3217 5065 enim
3273 5007 3350 5061 illi
3404 5006 3569 5061 simul
3621 5019 3688 5060 ac

2097 5110 2391 5165 crederent
2432 5107 2789 5171 sanabantur,
2837 5121 2936 5159 nos
2987 5112 3169 5159 autem
3214 5100 3461 5155 nondum
3494 5113 3687 5153 revera

2099 5201 2281 5255 visum
2329 5197 2674 5266 recepimus,
2730 5209 2836 5248 nec
2887 5192 2956 5247 ab
3004 5190 3237 5246 occultis
3295 5184 3687 5242 affectionibus

2099 5292 2277 5347 sanati
2309 5288 2546 5344 sumus?
2582 5286 2785 5342 Verum
2826 5284 3093 5340 Dominus
3119 5283 3388 5352 majorem
3418 5278 3560 5351 gerit
3586 5292 3687 5331 cu—

2098 5399 2215 5438 ram
2233 5379 2559 5436 immortalis
2586 5379 2802 5443 animat,
2827 5392 2993 5448 quam
3016 5374 3287 5446 corporis.
3310 5372 3443 5439 Quae
3461 5368 3687 5440 quidem

2101 5474 2242 5529 visui
2288 5473 2565 5537 restituta,
2614 5470 2920 5527 secundum
2959 5484 3110 5533 eum,
3160 5467 3256 5537 qui
3284 5464 3457 5520 dicit:
3494 5458 3687 5515 Revela

2100 5562 2274 5617 oculos
2309 5578 2448 5617 meos
2476 5564 2539 5629 ιε,
2573 5562 2627 5618 ἰη
2661 5568 2931 5618 aeternum
2967 5550 3344 5635 non‘amplius
3382 5550 3693 5618 excaecabi;

483 5756 784 5822 “10311.1,
824 5757 913 5813 29.
995 5758 1035 5788 ιδ
1084 5756 1271 5812 Matth.
1317 5773 1403 5823 xv,
1444 5755 1531 5809 2‘2.
1616 5755 1657 5785 ’⁸
1708 5751 1904 5809 l’salm.
1948 5767 2126 5817 exvul,
2175 5749 2253 5804 18.
