3966 6492
402 352 512 417 655

1650 357 1710 416 s.
1752 329 2073 418 ΜἈοΑιυι
2113 356 2441 419 nomn

3612 352 3715 418 656

407 474 519 530 tur,
552 471 610 519 et
652 471 840 518 sanata
887 477 999 519 non
1035 463 1272 535 amplius
1319 464 1725 524 vulnerabitur.
1756 467 1813 524 Si
1844 469 1994 524 enim

2123 472 2357 544 ›θαρτῶν
2404 472 2674 543 σωμάτων
2711 473 2740 525 ό
2769 469 2979 543 Κύριος
3011 468 3343 540 ἐποιήσατο,
3394 465 3576 521 ὲλθὼν
3622 471 3714 523 ἐπὶ

407 555 850 626 corruptibilium
881 570 1177 626 corporum
1208 571 1398 611 curam
1424 559 1667 628 suscepit
1698 559 1987 627 Dominus,

409 649 468 703 in
518 646 787 702 mundum
836 660 963 701 cum
1014 647 1295 715 venisset;
1338 657 1547 718 quanto
1586 648 1764 721 magis
1794 650 1994 707 animae

411 738 739 795 immortalis
772 738 889 808 86
914 746 972 793 et
1003 739 1310 794 secundum
1337 739 1631 810 imaginem
1654 742 1776 811 ejus
1804 743 1997 799 condi-

411 831 523 885 tae?
551 831 782 901 Propter
818 831 1261 887 incredulitatem
1292 842 1476 887 autem
1502 841 1751 888 nostram
1776 840 1833 889 et
1853 834 1997 889 sedi-

415 923 622 977 tionem
651 930 920 987 nostram,
944 923 1093 993 quod
1128 940 1240 979 non
1284 924 1579 994 diligamus
1603 940 1735 980 eum
1771 940 1840 981 ex
1881 934 1999 980 toto

411 1014 600 1080 corde,
626 1028 808 1085 neque
830 1030 958 1069 vere
980 1015 1030 1070 ei
1051 1015 1361 1079 credamus,
1382 1017 1630 1072 nondum
1652 1016 1998 1088 spiritualem

411 1104 703 1160 sanitatem
750 1120 815 1159 ac
842 1106 1073 1160 salutem
1122 1107 1409 1162 consecuti
1446 1122 1661 1164 sumus.
1691 1108 2001 1165 Credamus

412 1214 547 1269 ergo
579 1198 652 1264 ei,
676 1207 736 1253 et
762 1198 1090 1254 accedamus
1120 1199 1174 1253 in
1203 1200 1457 1266 veritate,
1505 1209 1569 1255 ut
1612 1201 1882 1257 velociter
1903 1218 2001 1257 ve-

413 1305 533 1345 ram
561 1290 904 1345 sanationem
933 1290 990 1345 in
1021 1289 1182 1344 nobis
1206 1289 1526 1363 adimpleat.
1564 1292 1826 1347 Promisit
1852 1292 2001 1347 enim

414 1395 476 1435 se
501 1380 831 1451 largiturum
860 1380 1249 1451 postulantibus
1275 1399 1309 1436 a
1345 1388 1401 1436 se
1436 1380 1696 1453 Spiritum
1734 1390 2000 1449 sanctum,

416 1488 481 1526 ac
508 1471 841 1543 pulsantibus
868 1483 1201 1543 aperturum,
1226 1482 1277 1527 et
1306 1474 1709 1544 aquwrentibus
1734 1476 2004 1530 inventum

417 1565 487 1619 iri
503 1566 565 1619 ".
592 1565 771 1635 Atque
798 1582 811 1618 :
834 1563 955 1620 Non
978 1568 1250 1631 mentitur,
1280 1569 1371 1633 qui
1398 1569 1638 1637 promisit
1657 1568 1720 1623 ¹⁸.
1752 1569 1859 1641 Ipsi
1886 1569 2005 1641 glo-

416 1656 499 1712 ria
529 1665 588 1713 et
618 1658 865 1728 potentia
895 1658 953 1713 in
980 1659 1203 1714 saecula.
1233 1659 1429 1715 Arnen.

968 1769 1256 1834 HOMILIA
1303 1772 1446 1828 XXI.

2097 565 2195 633 τῆς
2214 564 2340 634 γῆς,
2368 564 2520 633 πόσῳ
2546 561 2677 633 μᾶλλ
2688 578 2747 615 ον
2774 562 2876 632 τῆς
2897 561 3172 616 ἀθανάτου
3232 559 3342 615 καὶ
3374 560 3510 614 κατ’
3534 560 3715 615 εἰκόνα

2098 654 2266 707 αὐτοῦ
2312 651 2694 723 πεποιημένης
2724 650 2941 721 ψυχῆς;
2986 647 3155 705 Ἃ).λά
3182 649 3278 704 διὰ
3316 649 3428 720 τὴν
3456 650 3717 705 ἀπιστίαν

2097 743 2279 815 ἡμῶν,
2309 742 2399 799 διιά
2423 743 2522 815 τὴν
2545 744 2900 813 διχοστασίαν
2935 742 3120 814 ἡμῶν,
3147 740 3239 795 διὰ
3263 740 3333 793 τὸ
3370 739 3457 811 μὴ
3493 739 3715 809 ἀγαπᾷν

2099 837 2263 892 αὑτὸν
2300 836 2360 901 ἐξ
2391 836 2521 906 ὅλης
2567 836 2816 905 καρδίας,
2855 835 2994 905 μήτε
3025 831 3086 901 ἐξ
3130 833 3415 904 ἀληθείας
3452 832 3611 903 αύτῷ
3636 851 3720 884 πι-

2102 924 2338 990 στεύειν,
2363 924 2580 977 οὐδέπω
2613 925 2712 994 τῆς
2746 923 3131 995 πνευματικῆς
3164 922 3377 985 ἰάσεως
3409 920 3515 974 καὶ
3544 937 3722 991 σωτη-

2106 1016 2227 1088 ρίας
2251 1016 2538 1085 ἐτύχομεν,
2572 1014 2967 1085 Πιστεύσωμεν
3013 1014 3109 1069 οὖν
3167 1013 3358 1082 αὐτῷ,
3394 1011 3500 1065 καὶ
3555 1029 3719 1082 προσ.

2102 1108 2351 1179 ἔλθωμεν
2399 1110 2457 1160 ὲν
2520 1106 2771 1179 ἀληθείᾳ,
2809 1107 2897 1159 ἵνα
2955 1108 3014 1159 ὲν
3064 1105 3221 1175 τάχει
3292 1103 3404 1173 τὴν
3458 1102 3721 1172 ἀληθινὴν

2106 1198 2253 1252 τασιν
2315 1199 2375 1251 ὲν
2418 1199 2554 1268 ἡμῖν
2606 1202 2827 1267 ποιήσῃ.
2895 1194 3311 1265 Ἐπηγγείλατο
3363 1194 3484 1264 γάρ
3520 1193 3719 1247 διδόναι

2102 1290 2229 1358 τοῖς
2253 1289 2531 1343 αἰτοῦσιν
2553 1289 2739 1346 αὐτὸν
2770 1286 3015 1357 Πνεῦμα
3034 1287 3227 1357 ἅγιον,
3258 1285 3372 1339 καὶ
3400 1284 3531 1348 τοῖς
3550 1285 3722 1352 κρού-

2104 1396 2289 1437 ουσιν
2311 1380 2600 1449 ἀνοίγειν,
2644 1378 2742 1433 καί
2774 1377 2899 1445 τοῖς
2939 1378 3225 1446 ζητοῦσιν
3258 1377 3681 1445 εὑρίσκεσθαι
3702 1390 3717 1405 θ

2104 1471 2223 1535 καὶ,
2252 1470 2530 1541 ἀψευδής
2580 1470 2754 1524 ἐστιν
2806 1471 2839 1524 ὁ
2892 1468 3448 1539 ἐπαγγειλάμενος.
3497 1466 3658 1538 Αὐτῷ
3689 1468 3725 1536 ἡ

2103 1564 2234 1631 δόξα
2254 1564 2351 1619 καὶ
2376 1564 2441 1617 τὸ
2470 1562 2671 1635 κράτος
2713 1562 2793 1627 είς
2818 1563 2947 1625 τοὺς
2977 1562 3204 1626 αἰῶνας.
3254 1561 3477 1631 Ἀμήν.

2677 1757 2924 1812 ΟΜΙΛῙΑ
2962 1757 3095 1812 KA'.

414 1859 716 1935 Christiano
742 1864 943 1917 homini
975 1831 1171 1935 duplex
1197 1868 1452 1921 incumbit
1479 1868 1697 1934 bellum,
1736 1870 2007 1923 internum

2123 1853 2200 1921 τῷ
2233 1849 2570 1935 Χριιῖτιμνῷ
2592 1848 2884 1935 messe
2914 1847 3142 1935 διεξίξὲς.
3164 1847 3496 1935 ῖφδκειεεξι
3521 1844 3718 1935 ,ξξλξῖ

482 1932 733 2008 uidelicet
770 1942 823 1987 et
863 1932 1164 2008 externum.
1208 1936 1321 1991 Hoc
1361 1938 1594 2008 quidem,
1639 1932 1762 1993 cum
1812 1940 2006 1994 recedit

484 2004 599 2074 ipse
623 2020 657 2056 a
682 2004 1114 2059 distractianibus
1158 2004 1411 2072 terrenis;
1433 2008 1584 2068 illud
1623 2026 1744 2063 vero
1770 2010 1828 2064 in
1852 2010 2006 2065 corde

487 2074 741 2128 adversus
772 2075 1115 2144 cogitationes
1146 2077 1433 2147 spirituum
1466 2078 1756 2134 malorum.

487 2253 531 2309 l.
572 2255 902 2327 Quicunque
942 2272 1070 2314 vere
1104 2258 1218 2315 Deo
1240 2258 1464 2329 placere
1493 2270 1737 2332 exoptat,
1761 2279 1827 2320 ac
1846 2279 2009 2321 veras

415 2345 1094 2409 adversusadversariam
1138 2360 1350 2421 partem
1396 2352 1718 2409 inimicitias
1752 2356 2006 2426 suscipit,

415 2437 567 2495 hunc
586 2439 793 2511 duplici
809 2441 1070 2498 conﬂictu
1094 2458 1159 2498 ac
1180 2443 1392 2514 duplici
1417 2446 1717 2502 certamine
1739 2447 2010 2504 dimicare

416 2539 671 2599 oportet:
720 2539 838 2587 tum
890 2531 949 2586 in
978 2533 1166 2589 rebus
1208 2534 1525 2592 visibilibus
1560 2538 1726 2609 hujus
1769 2539 1916 2604 vitae,
1977 2555 2008 2594 a

416 2623 873 2681 distractionibus
904 2626 1167 2693 terrenis,
1216 2643 1282 2683 ac
1323 2628 1623 2685 dilectione
1652 2632 2009 2687 vinculorum

416 2715 858 2783 mundanorum,
905 2726 1073 2789 atque
1115 2718 1512 2779 affectionibus
1549 2723 1762 2792 peccati
1807 2723 2011 2778 abhor-

416 2818 631 2863 rentem
655 2826 670 2863 :
699 2817 816 2864 tum
840 2810 895 2864 in
926 2811 1163 2867 occultis
1192 2822 1384 2869 contra
1412 2815 1561 2885 ipsos
1591 2815 1817 2871 malitiae
1844 2816 2011 2886 spiri-

419 2908 510 2954 tus
544 2900 911 2970 praeliantem,
948 2902 1018 2958 de
1055 2902 1261 2974 quibus
1298 2906 1600 2976 Apostolus
1626 2906 1844 2962 aiebat:
1891 2907 2013 2963 Non

417 2996 494 3042 est
538 2989 683 3043 nobis
716 2989 1020 3046 colluctatio
1058 2992 1308 3048 adversus
1336 2995 1651 3065 sanguinem
1684 3004 1732 3049 et
1773 3012 2012 3061 carnem,

417 3078 511 3133 sed
540 3079 788 3135 adversus
824 3082 1180 3153 principatus,
1212 3085 1460 3138 adversus
1488 3094 1798 3156 potestates,
1827 3087 2014 3140 aduer-

2175 1914 2311 1994 γιοςῗ.
2341 1914 2635 1994 ἐσώτερος
2660 1914 2897 1994 tingat”;
2922 1916 3020 1971 καὶ
3039 1917 3363 1994 ἐξώτερο-ς.
3407 1915 3626 1994 ὈΔμὲν

2182 1985 2664 2061 ίτῷἀξρισταονραι
2693 1985 2893 2061 αὐτόν
2916 1985 3371 2061 περισπασμῶγ
3394 1986 3647 2054 γηΐνων,
3671 1986 3715 2061 ¹ό

2180 2051 2250 2118 δὲ
2267 2051 2439 2130 ἐν’τῇ
2469 2059 2682 2129 καρδίᾳ
2716 2059 2868 2126 πρὸς
2890 2051 3239 2128 λογισμοὺς⁷
3271 2051 3414 2111 τὼτέ
3444 2051 3715 2123 πνευμά-

2180 2150 2301 2187 των
2326 2130 2438 2201 τῆς
2464 2131 2779 2198 πονηρίας.

2180 2248 2260 2301 A’.
2312 2246 2373 2297 ὐ
2423 2242 2748 2315 βουλόμενος
2779 2238 3147 2310 εὐαρεστῆσαι
3176 2238 3303 2309 Θεῷ
3341 2236 3408 2304 ἐξ
3431 2232 3719 2305 ἀληθείας,

2111 2337 2209 2393 καὶ
2258 2338 2381 2390 κατ’
2431 2334 2695 2406 ἀλήθειαν
2731 2331 2812 2401 τῷ
2840 2330 3073 2399 ἐναντίῳ
3138 2328 3301 2399 μέρει
3364 2327 3473 2398 τῆς
3520 2324 3714 2383 κακίας

2111 2427 2581 2498 ἀπεχθανόμενος,
2638 2422 2779 2495 πρὸς
2828 2421 2921 2475 δύο
2970 2420 3233 2497 ἀθλήσεις
3288 2420 3395 2473 καὶ
3434 2416 3578 2488 πρὸς
3626 2414 3718 2467 δύο

2111 2520 2331 2589 ἀγῶνας
2359 2519 2472 2588 ἔχει
2498 2516 2599 2587 τὴν
2638 2514 2819 2585 πάλην
2841 2531 2855 2545 ο
2903 2512 2961 2566 ἐν
2991 2529 3052 2565 τε
3082 2513 3201 2574 τοῖς
3230 2509 3599 2579 φαινομένοις
3622 2502 3712 2558 τοῦ

2115 2611 2231 2681 βίου
2285 2609 2493 2663 τούτου
2528 2606 2842 2678 πράγμασι,
2894 2601 3306 2672 περισπασμῶν
3340 2601 3554 2670 γηΐνων
3611 2597 3711 2663 ἀφ-

2117 2705 2436 2775 ιστάμενος,
2457 2701 2554 2755 καὶ
2578 2701 2802 2770 ἀγάπης
2830 2696 3047 2768 δεσμῶν
3077 2693 3374 2764 κοσμικῶν
3396 2691 3498 2746 καὶ
3527 2687 3711 2743 παθῶν

2111 2798 2211 2867 τῆς
2242 2795 2522 2868 ἁμαρτίας
2543 2811 2560 2827 ·
2600 2795 2696 2848 καὶ
2723 2796 2784 2848 ὲν
2815 2794 2926 2856 τοῖς
2973 2790 3263 2862 κρυπτοῖς,
3298 2788 3444 2859 πρὸς
3479 2784 3618 2841 αὐτὰ
3645 2781 3708 2834 τὰ

2114 2888 2215 2956 τῆς
2247 2887 2515 2958 πονηρίας
2560 2884 2982 2956 ἀπομαχόμενος
3021 2881 3341 2951 πνεύματα,
3393 2878 3528 2949 περὶ
3572 2869 3647 2930 ῶν
3684 2872 3709 2927 3

2128 2978 2453 3041 Ἀπόστολος
2486 2978 2695 3046 ἔλεγεν,
2730 2978 2854 3031 Οὐκ
2893 2975 3069 3030 ἐστιν
3098 2973 3246 3043 ἡμῖν
3276 2974 3319 3040 ἡ
3359 2974 3529 3039 πάλη
3568 2966 3711 3038 πρὸς

2115 3064 2263 3138 αἷμα
2293 3068 2390 3122 καί
2415 3066 2639 3135 σάρκα,
2668 3068 2830 3122 ἀλλὰ
2855 3068 3008 3137 πρὸς
3038 3067 3145 3133 τὰς
3172 3067 3397 3135 ἀρχὰς,
3428 3062 3578 3132 πρὸς
3608 3060 3705 3125 τὰς

418 3187 509 3226 sus
534 3172 719 3224 mundi
736 3172 997 3234 dominos,
1018 3181 1248 3227 rectores
1276 3175 1615 3230 tenebrarum
1633 3177 1811 3231 saeculi
1830 3178 2011 3247 hujus,

2123 3159 2430 3224 ἑξουσίας,
2456 3158 2609 3226 πρὸς
2631 3157 2775 3225 τοὺς
2804 3156 3301 3226 κοσμοκράτορας
3325 3155 3439 3208 τοῦ
3456 3152 3709 3212 σκότους

422 3260 673 3316 adversus
693 3262 999 3334 spirituales
1023 3267 1247 3319 astutias
1271 3266 1326 3319 in
1347 3264 1634 3321 caelestibus
1663 3268 1726 3321 ⁸⁸.

493 3439 560 3495 Il.
614 3438 844 3496 Duobus
894 3440 1045 3495 enim
1097 3441 1279 3497 modis
1331 3449 1389 3496 et
1440 3439 1679 3497 vinculis
1726 3440 2018 3518 devinctus

423 3530 592 3584 homo
621 3537 728 3594 est,
766 3538 1061 3600 postquam
1099 3530 1419 3585 mandatum
1453 3540 1831 3602 transgressus
1861 3518 2017 3587 cntra

424 3623 630 3679 limites
659 3622 902 3693 paradisi
935 3624 1217 3694 projectus
1248 3632 1355 3679 est.
1382 3623 1442 3677 ln
1467 3624 1568 3679 hac
1590 3623 1852 3679 nimirum
1879 3625 2012 3691 vita,

428 3716 594 3771 rebus
630 3715 699 3771 ad
726 3715 895 3771 vitam
924 3716 1353 3786 pertinentibus,
1388 3732 1452 3772 ac
1480 3717 1775 3772 dilectione
1798 3718 2012 3784 mundi,

424 3806 729 3862 carnalium
750 3821 951 3876 nempe
983 3807 1329 3876 voluptatum
1362 3814 1419 3861 ct
1450 3806 1830 3872 aﬂ'ectionum,
1869 3808 2015 3863 divi-

428 3896 627 3951 tiarum
656 3904 717 3967 et,
737 3896 953 3967 gloriae;
982 3913 1047 3955 ac
1083 3906 1484 3962 creaturarum,
1518 3898 1706 3954 uxoris
1734 3907 1789 3954 et
1814 3900 2019 3965 libero-

426 4004 585 4055 rum;
622 3987 1144 4059 consanguinitatis,
1192 3989 1405 4059 patriat,
1436 3989 1708 4054 locorum,
1756 4000 1813 4046 et
1852 3992 2017 4049 indu.-

426 4088 762 4147 mcntorum,
787 4089 864 4146 et,
906 4088 968 4135 ut
1008 4082 1326 4136 summatim
1367 4081 1567 4146 dicam,
1611 4082 1863 4138 omnium
1895 4099 2019 4154 qua:

424 4170 567 4226 visui
608 4179 822 4242 patent,
872 4188 904 4228 a
944 4173 1149 4242 quibus
1191 4173 1420 4228 verbum
1452 4174 1550 4228 Dei
1592 4174 1843 4246 praecipit
1888 4191 2017 4231 eum

426 4262 634 4317 exsolvi
666 4263 891 4333 propria
932 4263 1221 4318 voluntate
1253 4264 1370 4334 (qui
1402 4279 1489 4329 ea,
1521 4280 1644 4335 qua:
1671 4265 1849 4321 oculis
1882 4266 2018 4321 sub-

421 4352 569 4422 jecta
620 4361 770 4417 sunt,
832 4361 1032 4421 sponte
1086 4352 1322 4422 quisque
1378 4352 1673 4425 sectatur),
1727 4362 1789 4409 ut
1834 4353 1905 4409 ab
1950 4355 2020 4411 iis

426 4428 688 4498 omnibus
718 4458 777 4497 se
809 4443 1111 4513 expediens
1138 4459 1203 4510 ac
1224 4444 1487 4510 liberans,
1515 4445 1761 4516 perfecte
1790 4446 2011 4501 manda-

2118 3249 2226 3303 τοῦ
2256 3247 2474 3314 αίῶνος
2499 3248 2740 3310 τούτου,
2768 3246 2920 3315 πρὸς
2954 3249 3028 3301 τὰ
3052 3244 3441 3315 πνευματικὰ
3471 3241 3580 3310 τῆς
3611 3254 3710 3303 πο·-

2116 3341 2331 3409 ruptae
2360 3340 2429 3393 ἐν
2458 3338 2584 3403 τοῖς
2613 3338 3019 3407 ἐπουρανίοις.

2189 3434 2265 3486 Β’.
2308 3432 2470 3485 Κατά
2496 3431 2591 3485 δύο
2628 3431 2738 3512 γὰρ
2767 3431 3005 3502 τρόπους
3040 3429 3137 3484 καὶ
3181 3429 3423 3501 δεσμοὺς
3478 3424 3628 3494 ἐδέθη
3675 3420 3711 3472 ἁ

2119 3526 2409 3597 ἄνθρωπος
2440 3523 2707 3596 παραϐὰς
2730 3524 2830 3594 τὴν
2870 3522 3117 3593 ἐντολὴν,
3149 3522 3244 3575 καὶ
3274 3519 3581 3591 ὲξορισθεὶς
3605 3513 3704 3567 ἀπὸ

2121 3617 2217 3672 τοῦ
2250 3616 2607 3689 παραδείσου,
2632 3618 2689 3669 ὲν
2716 3615 2796 3685 τῷ
2829 3615 2927 3685 βίῳ
2965 3614 3163 3684 τούτῳ,
3200 3616 3261 3681 ἐν
3292 3616 3408 3677 τοῖς
3445 3607 3708 3681 βιωτικοῖς,

2119 3707 2432 3777 πράγμασι,
2470 3706 2567 3759 καὶ
2592 3708 2651 3759 ὲν
2678 3708 2746 3777 τῇ
2782 3704 2879 3758 τοῦ
2909 3705 3117 3775 κόσμου
3148 3705 3369 3776 ἀγάπῃ,
3413 3703 3580 3773 ἤγουν
3602 3695 3699 3750 τῶν

2121 3797 2401 3869 σαρκικῶν
2430 3797 2659 3869 ἡδονῶν,
2712 3796 2805 3851 καὶ⁹
2839 3795 3048 3863 παθῶν,
3081 3786 3346 3862 πλούτου,
3402 3794 3498 3848 καὶ
3534 3789 3696 3857 δόξης,

2121 3892 2219 3946 καὶ
2266 3892 2608 3963 κτισμάτων,
2652 3890 2945 3961 γυναικὸς,
2979 3891 3076 3952 καὶ
3105 3890 3339 3956 τέκνων,
3371 3884 3707 3959 συγγενείας,-

2121 3981 2424 4054 πατρίδων,
2459 3981 2664 4045 τόπων,
2711 3980 3052 4050 ἐνδυμάτων,
3085 3981 3180 4040 καὶ
3209 3978 3549 4049 ἁπαξαπλῶς
3579 3973 3700 4029 πάντ

2121 4090 2233 4127 των
2264 4073 2376 4126 τῶν
2428 4070 2800 4142 φαινομένων,
2831 4071 2923 4140 ᾀφ’
2949 4064 3024 4126 ὧν
3053 4072 3082 4125 ὁ
3110 4070 3270 4138 λόγος
3327 4072 3425 4125 τοῦ
3453 4067 3584 4123 Θεοῦ
3616 4080 3695 4118 κε-

2122 4165 2274 4219 λεύει
2328 4163 2494 4217 αύτδν
2549 4162 2779 4233 λυθῆναι
2841 4162 2947 4233 ἰδίᾳ
2994 4163 3340 4234 προαιρέσει,
3396 4160 3579 4229 ἐπειδὴ
3625 4156 3697 4216 εἰς

2124 4258 2305 4312 πάντα
2332 4257 2403 4310 τὰ
2433 4257 2737 4326 φαινόμενα
2770 4258 3035 4321 ἑκουσίως
3070 4257 3303 4322 ἕκαστος
3339 4257 3567 4316 δέδεται,
3598 4250 3694 4310 ίναι

2125 4348 2337 4403 τούτων
2389 4348 2611 4402 πάντων
2642 4350 2838 4402 ἑαυτὸν
2873 4348 3043 4412 λύσας
3077 4347 3583 4418 καὶὲλευθερώσας,
3614 4341 3695 4394 δυ·

2126 4441 2267 4513 νηθῇ
2300 4440 2526 4502 τελείως
2554 4441 2654 4510 τῆς
2701 4443 2923 4512 ἐντολῆς
2968 4442 3245 4512 ἐγκρατὴς
3277 4440 3555 4510 γενέσθαι.
3596 4429 3690 4486 Καὶ

427 4541 543 4587 tum
579 4532 875 4587 observare
911 4533 1104 4602 possit.
1136 4534 1291 4601 Intus
1315 4551 1446 4591 vero
1474 4537 1753 4603 intricata,
1780 4538 2011 4592 circum-

2127 4537 2186 4588 ὲν
2205 4533 2283 4602 τῷ
2304 4532 2535 4604 κρυπτῷ
2546 4532 2604 4585 δὲ
2629 4550 2696 4586 πε
2705 4550 2852 4604 ριτετ
2864 4531 3114 4603 ρίχωται,
3133 4533 3228 4585 καὶ
3246 4532 3689 4615 περιπέφρακταιι

425 4613 647 4688 vallata,
700 4624 888 4700 muris,
920 4623 1122 4690 cincta,
1170 4636 1337 4697 atque
1397 4626 1611 4683 catenis
1661 4628 2017 4683 tenebrarum

425 4700 683 4773 devincta
732 4725 818 4772 est
871 4717 1074 4785 anima,
1129 4734 1230 4788 per
1276 4720 1507 4790 spiritus
1555 4720 1800 4797 malitiae,
1845 4720 1919 4774 ita
1962 4730 2021 4775 ut

426 4824 539 4864 non
572 4810 748 4881 possit
782 4825 884 4880 pro
913 4809 1093 4866 lubitu
1137 4805 1368 4881 diligere
1408 4811 1729 4877 Dominum,
1775 4826 1879 4865 nec
1919 4827 2019 4883 pro

427 4900 607 4957 lubitu
643 4885 892 4967 credere,
928 4917 1031 4957 nec
1055 4888 1158 4972 pro
1189 4902 1370 4957 lubitu
1402 4902 1657 4958 adorare.
1686 4904 1823 4958 Nam
1857 4904 2017 4975 peni-

429 5002 518 5049 tus
568 4994 933 5051 contrarietas
979 4995 1180 5069 tamin
1210 4994 1520 5050 manifestis
1565 5011 1733 5065 quam
1784 4997 2021 5052 occultis

426 5086 594 5140 rebus
651 5096 776 5155 post
844 5085 1341 5155 transgressionem
1405 5084 1570 5157 primi
1623 5086 1879 5161 hominis.
1918 5102 2033 5163 nos,~

427 5176 648 5231 invasit.

496 5268 589 5323 lll.
640 5267 698 5322 Si
745 5269 871 5336 quis
920 5266 1109 5337 itaque
1159 5266 1352 5346 audito
1402 5267 1574 5324 verbo
1622 5268 1720 5324 Dei
1777 5284 2029 5340 pugnam

426 5362 636 5427 inierit,
662 5369 831 5430 atque
858 5358 927 5412 ad
964 5358 1107 5414 hanc
1135 5359 1304 5415 vitam
1342 5360 1648 5431 spectantia
1689 5368 1747 5416 et
1791 5361 2032 5432 laqueos,

426 5453 618 5509 mundi
651 5469 681 5506 a
717 5467 777 5506 se
807 5451 1123 5522 projecerit,
1153 5466 1455 5523 omnesque
1486 5452 1671 5509 carnis
1709 5453 2022 5523 voluptates

428 5544 824 5615 repudiaverit,
869 5558 947 5621 ex,
988 5543 1082 5603 his
1115 5557 1174 5598 se
1209 5543 1389 5613 ipsum
1419 5544 1755 5621 expediens;
1802 5530 1932 5599 tum.
1965 5543 2022 5598 in

431 5636 650 5694 Domini
685 5635 995 5692 intentione
1032 5628 1476 5714 perseveraverit
1505 5634 1518 5693 τ
1567 5653 1901 5711 cognoscere
1931 5638 2025 5714 hic

508 5791 547 5822 ’7
580 5790 713 5845 Luc.
756 5806 831 5859 ιι,
876 5793 963 5863 l5;
1000 5795 1190 5854 Matth.
1234 5811 1332 5863 vn,
1373 5799 1423 5852 7.
1512 5798 1553 5831 ⁸⁸
1590 5798 1702 5855 Tit.
1745 5814 1781 5865 r,
1821 5798 1873 5853 2.

2128 4625 2224 4679 καὶ
2256 4623 2745 4697 περιτετείχισται,
2779 4625 2875 4677 καὶ
2907 4624 3117 4678 δέδεται
3156 4622 3383 4678 ἁλύσεσι
3424 4620 3634 4678 σκότους
3659 4612 3689 4679 ἢ

2125 4718 2274 4791 ψυχὴ
2307 4719 2413 4773 ὑπὸ
2446 4717 2556 4771 τῶν
2592 4717 2695 4787 τῆς
2729 4716 2996 4789 πονηρίας
3030 4717 3383 4788 πνευμάτων,
3433 4714 3508 4787 μὴ
3545 4711 3689 4763 δυνα-

2132 4811 2292 4881 μένη,
2321 4809 2398 4874 ῶς
2431 4808 2602 4876 θέλει,
2633 4808 2857 4881 ἀγαπᾷν
2883 4808 2976 4863 τὸν
3025 4810 3256 4881 Κύριον,
3308 4810 3402 4864 καὶ
3428 4808 3500 4871 ὡς
3540 4800 3686 4858 θέλειν

2131 4899 2434 4967 πιστεύειν,
2470 4902 2566 4955 καὶ
2597 4900 2673 4965 ὡς
2718 4900 2884 4964 θέλει,
2926 4900 3353 4972 προσεύξασθαι.
3387 4899 3562 4966 Πάντη
3593 4889 3689 4960 γὰρ

2129 4993 2164 5063 ή
2199 4991 2513 5063 ἐναντιότης
2537 4991 2597 5044 ὲν
2622 4994 2734 5054 τοῖς
2771 4996 3048 5062 φανεροῖς,
3075 4993 3173 5046 καὶ
3194 4995 3252 5046 ὲν
3279 4996 3392 5057 τοῖς
3426 4983 3689 5061 κρυπτοῖςι

2126 5082 2236 5137 ἀπὸ
2264 5082 2366 5153 τῆς
2389 5083 2758 5153 παραϐάσεως
2774 5082 2871 5137 τοῦ
2899 5084 3119 5155 πρώτου
3150 5084 3437 5156 ἀνθρώπου
3466 5083 3539 5143 είς
3559 5072 3686 5147 ἡμᾶς

2132 5177 2493 5248 κατήντησεν.

2197 5267 2274 5323 Γ’.
2328 5267 2498 5322 Ἐπάν
2527 5285 2611 5330 τις
2639 5270 2821 5324 τοίνυν
2852 5268 3095 5335 ἀκούσας
3124 5269 3218 5324 τὸν
3242 5270 3398 5338 λόγον
3437 5263 3527 5320 τοῦ
3566 5252 3683 5314 Θεοῦ

2129 5360 2491 5432 ἀγωνίσηται,
2543 5363 2639 5427 καὶ
2669 5363 2955 5437 exossam
2981 5365 3052 5417 τὰ
3097 5362 3192 5417 τοῦ
3235 5364 3351 5434 βίου
3388 5359 3678 5432 πράγματα,

2130 5454 2227 5508 καὶ
2256 5453 2432 5525 δεσμά
2462 5453 2696 5524 κόσμου,
2728 5457 2824 5509 καὶ
2865 5456 3047 5520 πάσας
3080 5457 3180 5521 τὰς
3220 5454 3482 5528 σαρκικὰς
3513 5438 3681 5518 ἡδονὰς

2130 5546 2462 5618 ἀρνήσηται,
2493 5544 2663 5611 λύσας
2717 5548 2912 5621 ὲρυτὸν
2969 5549 3078 5602 ἀπὸ
3123 5549 3349 5627 τούτων,
3380 5548 3494 5601 τότε
3532 5547 3678 5607 προσ·

2135 5638 2423 5709 καρτερῶν
2449 5636 2528 5705 τῷ
2559 5639 2753 5711 Κυρίῳ
2780 5641 2889 5713 καὶ¹
2907 5641 3207 5713 σχολάζων,
3231 5641 3449 5695 δύναται
3481 5629 3681 5703 γνῶναιι

1955 5796 1998 5828 ’⁸
2034 5794 2236 5865 Eplies.
2282 5809 2359 5873 vr,
2390 5791 2475 5849 1‘2.
2524 5807 2641 5885 seq.
