3966 6432
345 363 454 428 65⁸1

1526 361 1900 429 HOMILIIE.
1926 388 1999 401 -
2018 362 2211 426 HOM.
2254 362 2423 429 XXI.

3524 368 3646 432 658

346 479 433 532 δτι
471 479 629 530 εστιν
663 476 722 529 ιν
750 475 817 546 τῇ
849 472 1055 548 καρδίᾳ
1080 472 1217 545 άλλη
1251 472 1423 546 πάλη,
1456 475 1594 547 ἄλλη
1624 478 1942 540 ἐναντίωσις

2048 477 2270 547 poterit,
2300 489 2425 533 esse
2452 476 2511 532 in
2544 475 2707 535 corde
2738 477 2901 534 aliam
2931 478 3160 544 luctam,
3202 477 3364 533 aliam
3410 485 3639 534 contra-

351 567 602 640 κρυπτὴ,
636 566 735 621 καὶ
788 565 949 630 ἄλλος
1016 565 1257 636 πόλεμος
1302 566 1579 635 λογισμῶν
1620 568 1945 638 πνευμάτων

355 659 646 731 πονηρίας,
701 659 797 713 καὶ
834 658 995 723 ἄλλος
1033 657 1185 729 ἀγὼν
1239 658 1550 728 πρόκειται.
1614 659 1726 713 Καὶ
1774 658 1948 721 οὕτως

355 752 585 806 δύναται
620 750 959 822 παραμένων
996 752 1094 804 καὶ
1142 749 1577 821 ἐπικαλούμενος
1617 751 1707 803 τὸν
1742 747 1948 819 Κύριον

354 846 416 896 ὲν
469 843 650 896 πίστει
686 842 996 913 ἀδιστάκτῳ
1053 843 1150 897 καὶ
1188 843 1436 913 ὑπομονῇ
1468 840 1663 913 πολλῇ,
1704 841 1801 895 καὶ
1848 840 1948 911 τὴν

358 934 495 1003 παρ’
521 933 686 988 αὐτοῦ
712 934 966 1005 βοήθειαν
987 935 1373 1005 ἐκδεχόμενος,
1395 936 1580 1005 τυχεῖν
1607 933 1820 988 ἐκεῖθεν
1846 934 1949 1004 τῆς

354 1027 573 1080 ἔνδοθεν
624 1027 951 1095 λυτρὼσεως
1006 1028 1114 1081 τῶν
1147 1028 1385 1098 δεσμῶν,
1421 1027 1517 1081 καὶ
1560 1026 1790 1098 τριχῶν,
1850 1028 1948 1080 καὶ

355 1118 654 1189 φραγμῶν,
690 1121 784 1173 καὶ
817 1120 1045 1184 σκότους
1091 1121 1422 1190 πνευμάτων
1474 1118 1759 1190 πονηρίας,
1801 1118 1946 1189 ἆπερ

354 1210 499 1262 εἰσὶν
530 1210 591 1262 αί
618 1210 725 1263 τῶν
759 1210 1021 1280 κρυπτῶν
1049 1209 1242 1264 παθῶν
1274 1210 1569 1280 ἐνέργειαι.

430 1302 502 1352 A'.
540 1293 709 1364 Οὗτος
739 1300 795 1353 δὲ
830 1303 857 1354 ὁ
882 1301 1121 1371 πόλεμος
1146 1301 1236 1355 διὰ
1260 1301 1492 1372 χάριτος
1540 1300 1637 1354 καὶ
1664 1282 1948 1371 δυῖιάμεως

354 1390 497 1444 Θεοῦ
540 1391 935 1462 καταργείσθαι
957 1392 1213 1446 δύναται·
1249 1391 1317 1444 δι’
1367 1390 1563 1445 ἑαυτοῦ
1594 1390 1702 1461 γάρ
1738 1398 1821 1455 τίς
1849 1391 1949 1461 ρύ-

359 1483 562 1535 σασθαι
602 1483 793 1537 ἑαυτὸν
848 1484 947 1552 τῆς
996 1484 1395 1554 ἐναντιότητος,
1430 1484 1526 1536 καὶ
1575 1483 1785 1555 πλάνης
1837 1482 1947 1536 τῶν

354 1572 659 1644 λογισμῶν,
708 1576 802 1628 καὶ
854 1575 1045 1629 παθῶν
1089 1576 1343 1646 ἀοράτων
1391 1576 1487 1629 καὶ
1540 1575 1800 1646 μηχανῶν
1850 1572 1945 1628 τοῦ

355 1662 620 1734 πονηροῦ,
652 1663 923 1720 ἀδυνατεῖ.
977 1665 1041 1717 Ei.
1093 1665 1150 1717 δὲ
1188 1666 1246 1718 ὲν
1300 1666 1415 1728 τοῖς
1464 1665 1815 1735 φαινομένοις
1863 1682 1949 1729 τις

351 1753 603 1822 ἐνέχεται
625 1752 720 1805 τοῦ
760 1754 966 1824 κόσμου
1010 1756 1206 1809 τούτου
1255 1756 1572 1826 πράγμασι,
1599 1755 1693 1807 καὶ
1723 1755 1942 1823 δεσμοῖς

353 1841 628 1904 ποικίλοις
658 1844 872 1913 γηῖνοις
896 1843 1298 1914 ὲμπέπλεκται,
1345 1844 1441 1896 καὶ
1466 1844 1579 1906 τοῖς
1612 1842 1813 1897 πάθεσι
1840 1843 1941 1913 τῆς
1973 1826 2014 1881 Β

352 1935 557 1997 κακίας
606 1937 1021 2004 συναπάγεται,
1076 1936 1197 1990 οὐδὲ
1249 1934 1604 2003 ἐπιγινώσκει
1650 1936 1735 1989 ὅτι
1786 1934 1945 1988 ἐστιν

350 2024 493 2093 ἄλλη
525 2026 672 2096 πάλη
716 2027 812 2079 καὶ
848 2027 1029 2097 πυκτὴ
1074 2029 1167 2081 καὶ
1217 2027 1452 2097 πόλεμος
1497 2026 1646 2081 ἔνδον
1668 2044 1682 2059 ο
1732 2028 1945 2096 γένοιτο

349 2118 488 2187 γάρ,
544 2118 629 2172 ἵνα
674 2120 803 2171 ὅταν
847 2135 932 2182 τις
974 2118 1082 2190 ἄρῃ
1116 2120 1310 2172 ἑαυτὸν
1364 2119 1797 2187 ἀγωνισάμενος,
1849 2120 1944 2174 καὶ

347 2211 493 2280 λυσῃ
528 2210 720 2263 ἑαυτὸν
754 2209 864 2263 ἀπὸ
898 2208 1108 2263 τούτων
1162 2209 1272 2263 τῶν
1324 2211 1673 2279 φαινομένων
1729 2209 1945 2279 δεσμῶν

350 2299 641 2369 κοσμικῶν
665 2300 758 2353 καὶ
782 2299 983 2353 ὑλικῶν
1012 2299 1382 2370 πραγμάτων,
1403 2300 1497 2352 καὶ
1524 2299 1725 2369 ἡδονῶν
1749 2316 1946 2369 σαρκι-

352 2392 495 2454 κῶν,
528 2394 621 2446 καὶ
663 2392 900 2463 ἄρξηται
929 2392 1007 2463 τῷ
1036 2391 1229 2463 Κυρίῳ
1272 2397 1728 2465 προσκαρτερεῖν,
1769 2394 1944 2446 κενῶν

350 2482 547 2536 ἑαυτὸν
599 2482 708 2536 ἀπὸ
761 2481 856 2535 τοῦ
911 2483 1119 2551 κόσμου
1171 2481 1387 2546 τούτου,
1424 2482 1526 2535 κάν
1564 2482 1685 2537 τότε
1739 2482 1941 2555 δυνηθῇ

349 2573 657 2642 ἐπιγνῶναι
690 2573 791 2644 τὴν
818 2574 967 2626 ἔνδον
988 2572 1167 2644 πάλην
1195 2572 1307 2626 τῶν
1329 2572 1521 2627 παθῶν
1554 2572 1940 2644 αὺλιζομένην,

351 2662 454 2715 καὶ
477 2662 568 2715 τὸν
588 2661 737 2715 ἔνδον
758 2662 1017 2733 πόλεμον,
1045 2662 1143 2716 καὶ
1171 2661 1297 2725 τοὺς
1320 2664 1592 2733 πονηροὺς
1606 2663 1906 2734 λογισμούς
1923 2680 1939 2694 ·

349 2754 451 2805 ὲάν
484 2754 591 2823 γάρ
633 2753 730 2825 μὴ,
783 2754 859 2817 ὡς
885 2753 1231 2825 προέφημεν,
1280 2755 1695 2824 ἀγωνισάμενος
1764 2756 1941 2827 ἀρνήυ

350 2862 518 2915 σηται
546 2845 638 2898 τὸν
673 2846 899 2916 κόσμον,
936 2848 1031 2900 καὶ
1060 2846 1199 2919 λύσῃ
1232 2847 1429 2900 ἑαυτὸν
1459 2848 1569 2900 ἀπὸ
1591 2847 1701 2901 τῶν
1736 2849 1944 2920 γηΐνων

348 2935 665 3007 ἐπιθυμιῶν
698 2937 756 3002 ἐξ
795 2936 923 3006 ὅλης
962 2937 1212 3009 καρδίας,
1246 2937 1341 2992 καὶ
1391 2937 1511 3001 ὅλος
1545 2938 1606 3004 ἐξ
1636 2937 1759 2992 ὅλου
1813 2939 1941 3010 θέλῃ

348 3029 791 3100 προσκολλᾶσθαι
836 3029 915 3100 τῷ
980 3030 1198 3102 Κυρίῳ,
1254 3030 1355 3085 οὐκ
1410 3029 1765 3100 ἐπιγινώσκει
1832 3032 1944 3087 τῶν

2050 568 2303 623 rietatcm
2373 566 2679 636 occultam,
2753 570 2904 626 aliud
2966 570 3174 627 bellum
3241 570 3637 640 cogitationum

2050 658 2348 728 spirituum
2387 660 2667 730 nequitiae,
2718 668 2885 731 atque
2920 661 3072 716 aliud
3110 670 3391 715 certamen
3425 660 3640 730 impen-

2050 748 2201 804 dere.
2233 747 2340 815 Qui
2385 749 2466 804 sie
2498 757 2821 819 perseverat
2847 750 2903 803 in
2933 750 3280 805 invocatione
3310 749 3550 812 Domini,
3583 749 3644 803 in

2050 838 2157 894 ﬁde
2204 838 2515 894 indubitata
2573 855 2638 895 ac
2672 840 2965 895 tolerantia
2996 841 3190 904 multa,
3226 842 3458 911 ejusque
3480 838 3641 894 auxi-

2047 931 2185 985 lium
2224 939 2524 1001 exspectat,
2580 932 2785 1002 poterit
2828 932 2957 987 inde
3004 932 3272 1003 consequi
3316 932 3642 988 interiorem

2049 1023 2435 1079 liberationem
2480 1038 2513 1078 a
2557 1023 2790 1094 laqueis,
2841 1025 3015 1090 tricis,
3080 1024 3241 1078 vallis
3288 1031 3349 1078 et
3392 1024 3642 1079 tenebris

2048 1115 2343 1185 spirituum
2368 1116 2652 1185 nequitiae,
2692 1131 2817 1186 quae
2855 1124 2985 1170 sunt
3009 1117 3356 1171 occultarum
3388 1114 3639 1171 aﬂectio-

2049 1222 2181 1261 num
2211 1206 2584 1275 operationes.

2121 1300 2207 1354 IV.
2250 1299 2366 1354 Hoc
2398 1308 2582 1354 autem
2619 1300 2822 1355 bellum
2856 1315 2955 1369 per
2992 1299 3227 1371 gratiam
3274 1309 3332 1357 et
3376 1300 3641 1355 virtutem

2046 1394 2145 1449 Dei
2172 1393 2367 1449 conﬁci
2393 1401 2592 1463 potest.
2617 1392 2729 1447 Sua
2756 1393 2906 1447 enim
2928 1393 3139 1447 virtute
3165 1407 3197 1446 a
3218 1392 3639 1458 contrarietate,

2046 1489 2165 1560 8⁵1-
2188 1497 2246 1544 et
2277 1504 2469 1544 errore
2501 1488 2921 1559 cogitationum,
2963 1497 3021 1543 et
3058 1488 3412 1543 aﬂ‘eetionum
3443 1488 3641 1542 invisi-

2047 1580 2266 1644 bilium,
2316 1588 2375 1635 et
2424 1580 2930 1635 machinationibus
2981 1580 3129 1633 illius
3174 1578 3522 1649 nequissimi,
3580 1593 3641 1633 se

2045 1671 2248 1741 aliquis
2286 1672 2527 1726 liberare
2558 1671 2770 1741 nequit.
2817 1670 2974 1737 Quod
3008 1670 3051 1725 si
3089 1669 3238 1740 quis,
3281 1668 3643 1725 saecularibus

2047 1764 2215 1834 hujus
2265 1764 2459 1818 mundi
2511 1762 2679 1818 rebus
2737 1762 3019 1824 detentus,
3074 1763 3351 1830 variisque
3403 1762 3642 1815 vinculis

2047 1856 2286 1912 terrenis
2304 1855 2638 1925 implicatus,
2663 1853 3051 1909 aﬂ‘eetionibus
3071 1854 3295 1908 malitiae
3312 1852 3638 1918 seducatur;

2046 1963 2279 2019 prorsus
2310 1962 2422 2003 non
2452 1962 2789 2019 cognoscere
2813 1955 3018 2016 potest,
3056 1947 3219 2000 aliam
3254 1961 3377 2002 esse
3405 1946 3637 2007 luctam,

2046 2056 2285 2111 pugnam
2331 2048 2390 2095 et
2438 2040 2648 2094 bellum
2685 2039 2986 2094 internum.
3043 2038 3189 2093 Fieri
3238 2037 3386 2093 enim
3436 2045 3639 2107 potest,

2046 2141 2143 2196 ut,
2194 2134 2241 2189 si
2281 2133 2409 2204 quis
2457 2131 2775 2188 dimicando
2824 2147 2884 2187 se
2925 2132 3129 2187 eximat
3178 2140 3345 2201 atque
3392 2131 3643 2184 exsolvat

2045 2227 2117 2283 ab
2162 2228 2250 2283 bis
2292 2227 2537 2282 externis
2558 2225 2799 2280 vinculis
2824 2224 3141 2285 mundanis,
3166 2238 3229 2277 ac
3260 2222 3644 2277 matcrialibus

2044 2320 2236 2386 rebus,
2268 2327 2325 2374 et
2366 2316 2743 2387 voluptatibus
2787 2317 2993 2374 carnis.
3031 2315 3371 2384 incipiatque
3407 2312 3643 2367 Domino

2047 2410 2369 2474 adhaerere,
2422 2408 2667 2477 spolians
2716 2422 2775 2461 se
2822 2407 2929 2461 hoc
2978 2406 3209 2469 saeculo,
3260 2405 3452 2477 utique
3508 2413 3642 2459 tunc

2044 2502 2222 2573 possit
2260 2501 2585 2571 dignoscere
2618 2514 2857 2571 pugnam
2888 2498 3249 2553 aﬂ'ectionum
3279 2496 3430 2549 intus
3460 2503 3643 2549 castra

2047 2602 2366 2655 metantem,
2397 2591 2721 2646 intestinum
2751 2590 2980 2654 bellum,
3005 2595 3171 2657 atque
3205 2603 3403 2657 pravas
3434 2588 3642 2657 cogita-

2046 2686 2248 2739 tiones.
2314 2683 2431 2738 Nisi
2494 2684 2681 2747 enim,
2746 2690 2807 2736 ut
2865 2680 3257 2752 praediximus,
3322 2678 3643 2733 dimicando

2045 2776 2397 2847 abnegaverit
2460 2774 2730 2828 mundum
2778 2782 2835 2827 et
2891 2771 3201 2842 expedierit
3259 2786 3318 2826 se
3373 2772 3553 2841 ipsum
3608 2787 3641 2825 e

2046 2870 2283 2925 terrenis
2316 2868 2714 2939 cupiditatibus
2744 2884 2811 2922 ex
2854 2875 2969 2923 toto
3001 2866 3190 2933 corde,
3222 2875 3481 2935 totusque
3524 2881 3644 2919 om-

2046 2960 2180 3014 nino
2214 2958 2448 3013 Domino
2495 2956 2824 3027 agglutinari
2870 2955 3135 3020 voluerit,
3183 2970 3295 3009 non
3346 2962 3643 3025 cognoscet

2044 3052 2389 3107 occultorum
2432 3049 2727 3120 Spirituum
2760 3048 2980 3102 malitim
3004 3046 3412 3115 deceptionem,
3475 3054 3654 3115 atque

349 3122 618 3193 κρυπτῶν
648 3127 976 3193 πνευμάτων
1004 3125 1105 3195 τῆς
1140 3125 1409 3195 πονηρίας
1437 3125 1536 3195 τὴν
1582 3125 1815 3194 πλάνην.
1846 3126 1941 3179 καὶ

2048 3144 2289 3200 occultas
2331 3142 2556 3197 malitia:
2602 3141 2954 3201 affectiones;
2994 3139 3091 3194 sed
3134 3150 3221 3194 est
3267 3139 3483 3194 alienus
3536 3140 3641 3194 sibi

346 3218 422 3271 τὰ
452 3217 670 3289 κρυπτά
713 3221 812 3289 τῆς
863 3219 1063 3281 κακίας
1093 3218 1264 3288 πάθη,
1314 3218 1430 3271 ἀλλ’
1476 3218 1623 3271 ἔστιν
1661 3218 1942 3289 ἀλλότριος

348 3311 571 3374 ἑαυτοῦ,
622 3311 694 3375 ὡς
745 3311 847 3364 οὐκ
899 3304 1007 3364 οἵδε
1057 3310 1393 3381 τραύματα,
1448 3312 1545 3365 καὶ
1590 3311 1738 3380 πάθη
1802 3312 1943 3381 ἔχων

350 3401 577 3473 κρυπτά
628 3403 723 3457 καὶ
757 3402 1004 3468 ἀγνοῶν⁶
1035 3400 1117 3455 ἔτι
1158 3403 1215 3455 δὲ
1260 3405 1342 3467 είς
1372 3402 1443 3455 τὰ
1494 3404 1799 3473 φαινόμενα
1851 3402 1938 3455 δέ·

348 3496 525 3559 δεται,
566 3496 664 3548 καὶ
717 3496 794 3557 είς
824 3495 892 3547 τὰ
940 3492 1036 3546 τοῦ
1090 3494 1300 3565 κόσμου
1347 3495 1651 3565 πράγματα
1695 3493 1940 3564 ἐνέχεται

348 3588 515 3643 ἑκών.

427 3680 504 3735 Ε’.
547 3679 606 3733 '0
650 3679 760 3751 γὰρ
792 3680 1180 3751 ἀρνησάμενος
1208 3678 1352 3732 κατὰ
1398 3677 1661 3747 ἀλήθειαν
1705 3677 1796 3731 τὸν
1845 3679 1942 3731 κό-

357 3789 517 3842 σμον,
550 3772 644 3825 καὶ
675 3772 1108 3842 ἀγωνισάμενος,
1138 3770 1233 3824 καὶ
1260 3768 1575 3841 ἀπορρίψας
1616 3770 1708 3837 ἀφ’
1741 3769 1940 3822 ἑαυτοῦ

353 3864 421 3917 τὸ
474 3864 692 3935 φορτίον
718 3865 816 3932 τῆς
846 3864 972 3933 γῆς,
1009 3863 1103 3916 καὶ
1152 3860 1262 3914 τῶν
1313 3859 1558 3931 ματαίων
1612 3860 1937 3930 ἐπιθυμιῶν,

351 3958 451 4011 καὶ
493 3957 699 4030 ἡδονῶν
752 3955 1056 4026 σαρκικῶν,
1089 3955 1184 4008 καὶ
1217 3954 1400 4025 δόξης,
1458 3954 1555 4007 καὶ
1608 3954 1805 4026 ἀρχῆς,
1848 3956 1941 4008 καὶ

348 4054 531 4123 τιμῶν
562 4050 921 4123 ἀνθρωπίνων
946 4050 1086 4121 ἄρας
1108 4049 1323 4115 ἑαυτὸν,
1350 4049 1447 4102 καὶ
1474 4048 1535 4113 ἐξ
1552 4048 1680 4117 ὅλης
1711 4048 1941 4119 καρδίας

350 4142 545 4197 τοῦτον
582 4141 914 4210 ἀπαγαγὼν,
948 4141 1110 4196 ὁπότε
1139 4141 1235 4195 καὶ
1268 4141 1347 4206 είς
1362 4139 1552 4193 τοῦτον
1586 4139 1678 4193 τὸν
1705 4139 1941 4210 φανερὸν

349 4232 542 4302 ἀγῶνα
582 4234 611 4286 ὁ
655 4232 859 4305 Κύριος
899 4231 1162 4297 κρυπτῶς
1210 4230 1414 4302 βοηθεῖ,
1451 4229 1592 4284 κατὰ
1627 4230 1689 4283 τὸ
1743 4229 1941 4301 μέτρον

348 4324 451 4395 τῆς
481 4326 763 4395 ἀρνήσεως
793 4324 891 4377 τοῦ
927 4323 1234 4394 θελήματος
1262 4322 1359 4377 τοῦ
1390 4323 1621 4393 κόσμου,
1670 4324 1765 4378 καὶ⁵
1807 4341 1940 4377 στα-

351 4409 468 4473 θεὶς
496 4412 578 4474 είς
623 4411 722 4482 τὴν
752 4411 848 4465 τοῦ
879 4412 1088 4484 Κυρίου
1119 4411 1403 4484 λατρείαν,
1451 4414 1548 4467 καὶ
1588 4429 1935 4485 προσκαρτε-

2046 3236 2169 3306 ipsi,
2198 3236 2372 3305 utqui
2396 3250 2504 3289 non
2531 3242 2827 3303 cognoscat
2850 3232 3103 3295 vulnera,
3129 3238 3295 3301 atque
3321 3230 3649 3285 affectiones

2044 3330 2247 3384 habeat
2279 3330 2546 3389 occultas,
2576 3326 2665 3379 vel
2709 3326 3007 3396 ignorans:
3053 3325 3236 3380 adhuc
3275 3323 3425 3377 enim
3475 3323 3651 3377 rebus

2044 3420 2291 3476 externis
2336 3418 2559 3473 deditus
2608 3424 2714 3476 est,
2765 3425 2930 3486 atque
2973 3416 3143 3487 bujus
3183 3413 3377 3469 mundi
3403 3429 3644 3484 oecupa-

2045 3513 2290 3569 tionibus
2319 3512 2515 3565 volens
2550 3518 2789 3565 tenetur.

2114 3687 2181 3743 γ.
2217 3686 2321 3753 Qui
2349 3687 2500 3741 enim
2551 3684 2762 3740 mundo
2801 3700 2991 3740 revera
3031 3683 3304 3753 abnegato
3335 3680 3647 3738 dimicave-

2044 3776 2138 3839 rit,
2163 3791 2229 3830 ac
2258 3774 2478 3844 pondus
2516 3782 2801 3829 terrenum
2830 3790 2860 3828 a
2902 3790 2959 3829 se
3002 3773 3304 3845 projecerit
3334 3785 3399 3826 ac
3428 3788 3458 3827 a
3485 3772 3653 3829 vanis

2043 3866 2446 3937 cupiditatibus
2483 3881 2548 3921 ac
2575 3866 2957 3935 voluptatibus
2984 3865 3190 3930 carnis,
3217 3864 3428 3936 gloriae,
3477 3864 3641 3934 prin-

2044 3960 2282 4031 cipatus,
2324 3970 2382 4016 et
2428 3961 2705 4015 bonorum
2746 3960 3118 4014 humanorum
3150 3974 3209 4014 se
3240 3959 3422 4029 ipsum
3470 3973 3649 4028 ωερε-ι

2043 4050 2234 4115 dierit,
2278 4055 2446 4119 atque
2485 4064 2554 4104 ex
2605 4056 2724 4104 toto
2775 4049 2941 4104 corde
2968 4065 3027 4105 se
3076 4048 3259 4119 ipsum
3293 4046 3650 4115 avocaverit~

2042 4150 2404 4213 posteaquam
2444 4139 2499 4193 in
2529 4138 2636 4194 hoc
2669 4146 2865 4209 aperto
2902 4137 3209 4193 certamine
3246 4136 3517 4191 Dominus
3549 4150 3637 4188 sea

2042 4243 2199 4287 creto
2247 4232 2532 4301 suppetias
2576 4229 2706 4295 fert,
2753 4245 2855 4300 pro
2897 4228 3063 4283 modo
3113 4226 3420 4283 voluntatis
3469 4226 3654 4279 abne-t

2043 4324 2227 4396 gantis
2258 4321 2528 4377 mundum
2556 4338 2571 4373 :
2602 4330 2770 4391 atque
2799 4321 2890 4375 ille
2918 4318 3227 4391 perstiterit
3253 4319 3307 4372 in
3347 4318 3499 4373 cultu
3532 4318 3651 4371 Do‘

2044 4416 2203 4481 mini,
2238 4429 2303 4470 ac
2338 4414 2749 4479 totusomnino,
2779 4429 3035 4483 corpore,
3060 4412 3309 4481 inquam,
3336 4420 3394 4467 et
3424 4411 3646 4478 anima,

352 4500 531 4571 ρήσας
559 4501 677 4564 ὅλος
707 4500 767 4566 ἐξ
797 4500 941 4564 ὅλου,
968 4500 1186 4570 σώματι
1216 4500 1315 4555 καὶ
1350 4499 1497 4571 ψυχῇ
1528 4499 1693 4569 λέγω,
1730 4501 1939 4565 ἐκεῖνος

2048 4507 2477 4579 perduraverit:
2538 4507 2631 4563 ille
2666 4522 2801 4561 vero
2851 4505 3063 4577 reperit
3088 4506 3533 4577 repugnantiam,
3561 4504 3645 4558 af-

350 4593 598 4664 εὑρίσκει
632 4594 1007 4664 ἐναντιότητα,
1040 4594 1135 4646 καὶ¹
1159 4592 1307 4662 πάθη
1332 4591 1555 4664 κρυπτὰ
1579 4591 1675 4645 καὶ
1703 4591 1938 4663 δεσμοὺς

348 4684 639 4755 ἀοράτους,
681 4687 775 4740 καλ¹
827 4686 1065 4755 πόλεμον
1122 4684 1342 4754 ἀφανῆ,
1407 4684 1504 4737 καὶ
1562 4683 1774 4752 ἀγῶνα,
1843 4682 1939 4736 καὶ

349 4773 580 4846 ἄθλησιν
613 4777 905 4845 κρυπτὴν⁸
953 4776 1049 4829 καὶ
1095 4774 1267 4838 οὕτως
1313 4774 1525 4845 δεηθεὶς
1567 4774 1663 4828 τοῦ
1701 4774 1933 4846 Κυρίου,

349 4866 449 4922 καὶ
481 4867 661 4922 λαϐὼν
694 4867 833 4921 ὅπλα
874 4867 933 4931 ἐξ
972 4865 1205 4937 οὐρανοῦ
1248 4866 1343 4919 τοῦ
1383 4865 1724 4937 Πνεύματος,
1748 4866 1938 4939 ῶσπερ

348 4958 637 5024 κατέλεξεν
673 4960 701 5013 ό
734 4960 1006 5030 μακάριος
1049 4958 1393 5023 Ἀπόστολος,
1428 4960 1541 5013 Τὸν
1566 4958 1802 5027 θώρακα
1829 4960 1939 5027 τῆς

349 5049 773 5119 δικαιοσύνης,
818 5050 919 5105 καὶ
950 5052 1066 5118 τὴν
1101 5051 1580 5120 περικεφαλαίαν
1613 5050 1720 5105 τοῦ
1748 5066 1942 5115 σωτη-

337 5142 505 5210 ρίου,
557 5144 656 5195 καὶ
714 5142 823 5195 τὸν
854 5143 1073 5211 θυρεὸν
1104 5140 1214 5209 τῆς
1248 5143 1527 5207 πίστεως,
1562 5141 1663 5196 καί
1685 5140 1800 5210 τὴν
1823 5142 1941 5212 μά-

349 5250 567 5304 χαιραν
588 5234 695 5288 τοῦ
716 5237 1086 5305 Πνεύματος,
1106 5237 1200 5289 καὶ
1220 5235 1309 5289 διὰ
1330 5234 1536 5289 τούτων
1552 5235 1937 5305 ὁπλισάμενος,

347 5326 643 5394 δυνήσεται
679 5327 868 5396 στῆναι
902 5328 1039 5397 πρὸς
1074 5326 1173 5391 τὰς
1217 5326 1470 5397 κρυπτὰς
1520 5326 1803 5397 μεθοδείας
1841 5326 1937 5379 τοῦ

348 5418 601 5473 διαϐόλου
630 5422 689 5473 ὲν
718 5421 839 5483 ταῖς
870 5418 1199 5485 ἐνεστώσαις
1234 5421 1548 5490 πονηρίαις.
1588 5421 1769 5493 "Amp
1796 5421 1939 5475 ὅπλα

348 5508 440 5564 διὰ
480 5510 663 5580 πάσης
714 5512 1045 5581 προσευχῆς,
1095 5512 1189 5565 καὶ
1248 5513 1802 5584 προσκαρτερήσεως,
1843 5513 1941 5566 καὶ

345 5600 611 5670 ἱεήσεως,
642 5602 737 5655 καὶ
777 5601 1054 5671 νηστείας,
1088 5602 1148 5657 τὸ
1192 5603 1249 5658 δὲ
1278 5604 1387 5660 πᾶν
1434 5603 1523 5659 διὰ
1554 5604 1653 5676 τῆς
1701 5604 1940 5669 πίστεως

416 5778 467 5815 ’⁸
515 5779 716 5851 Ephes.
746 5796 820 5845 Vi,
856 5780 935 5835 Η.

2046 4600 2316 4656 fectiones
2355 4600 2626 4659 occultas,
2665 4599 2897 4668 laqueos
2938 4597 3273 4660 invisibiles,
3296 4597 3502 4652 bellum
3546 4611 3645 4650 oc-

2048 4692 2283 4758 cultum,
2317 4699 2601 4747 certamen
2642 4700 2810 4760 atque
2845 4706 3087 4761 pugnam
3117 4693 3415 4745 internam.
3459 4688 3644 4757 Atque

2044 4784 2126 4839 sic
2151 4784 2325 4838 Deum
2357 4782 2656 4838 obsecrans
2690 4782 2894 4851 accipit
2932 4783 3158 4837 caelitus
3191 4796 3343 4835 arma
3376 4778 3639 4849 Spiritus,

2045 4891 2170 4947 qua:
2193 4874 2474 4930 recensuit
2499 4874 2696 4930 beatus
2721 4874 3019 4944 Apostolus
3042 4892 3055 4927 :
3090 4872 3374 4926 Thoracem
3401 4871 3651 4937 iustitiw,

2044 4967 2260 5039 galeam
2275 4966 2551 5032 salutaris,
2570 4964 2918 5033 scutumﬁdei
2968 4974 3015 5018 et
3041 4963 3283 5035 gladium
3306 4962 3546 5034 Spiritus
3569 4963 3650 5027 ’⁸η

2043 5055 2260 5122 Quibus
2314 5055 2486 5109 armis
2542 5055 2863 5110 succinctus
2916 5064 3064 5109 stare
3131 5062 3316 5124 potest
3369 5052 3641 5107 adversus

2043 5150 2295 5204 occultas
2346 5150 2578 5205 teclmas
2634 5147 2842 5203 diaboli
2905 5146 3138 5202 malitiis
3196 5144 3651 5212 imminentibus.

2045 5241 2260 5307 Quibus
2308 5236 2481 5295 armis
2516 5241 2666 5295 omni
2722 5238 2996 5300 oratione,
3040 5240 3512 5309 perseveratione,
3544 5236 3644 5291 ob-

2047 5333 2358 5389 secratione
2412 5349 2478 5388 ac
2532 5333 2765 5404 jejunio,
2816 5332 2927 5387 imo
2958 5348 3091 5386 vero
3124 5347 3224 5401 per
3249 5330 3413 5386 ﬁdem
3447 5329 3640 5399 aequi.

2048 5424 2189 5487 sitis,
2238 5424 2446 5478 bellum
2484 5423 2754 5479 adversus
2796 5424 3175 5493 principatus,
3208 5432 3266 5479 et
3306 5430 3647 5493 potestates,

2046 5528 2111 5568 ac
2152 5522 2395 5567 rectores
2442 5512 2633 5566 mundi
2670 5528 2865 5583 gerere
2892 5513 3134 5582 poterit:
3175 5511 3367 5581 sicque
3399 5508 3652 5565 devictis

2046 5603 2381 5662 adversariis
2418 5605 2813 5676 potestatibus,
2863 5602 3137 5661 beneﬁcio
3183 5613 3240 5659 et
3270 5602 3480 5659 auxilio
3512 5599 3654 5671 Spln
