3966 6470
440 408 552 473 659
1696 386 1758 446 s.
1796 381 2116 443 MACARII
2156 379 2477 443 IEGYPTII
3626 380 3715 447 mo

389 499 396 531 '-
451 495 1496 569 ritus,proprloquevirtutumomnium
1517 490 2017 557 studio,aeternaavi
2049 521 2063 556 λ

2174 488 2512 559 ορισάμενος,
2542 486 2635 541 τὸν
2678 488 2816 559 πρὸς
2839 486 2938 552 τὰς
2963 486 3158 561 ἀρχὰς,
3192 487 3300 543 καὶ
3338 484 3716 551 ἐξουσίας,καὶ

446 586 722 656 taedignus
736 586 1467 657 ﬁet,gloriﬁcansPatrem,et
1480 576 2032 646 Filium,etSpiritum

2178 578 2592 649 οσμοκράτορας
2625 578 2862 649 πόλεμον
2899 578 3393 648 καταγωνίσασθαι
3416 577 3717 647 δυνήσεται,

447 684 720 741 sanetum;
751 677 839 730 cui
860 675 1122 745 sitgloria
1135 683 1191 729 et
1221 672 1466 743 potentia
1503 670 1559 724 in
1594 667 1812 724 saecula.
1836 666 2031 721 Amen.

2174 670 2236 722 αἱ
2273 668 2449 733 οὕτως
2481 671 2712 741 νικήσας
2754 670 2855 734 τάς
2899 670 3148 734 ἐναντίας
3194 670 3474 739 δυνάμεις
3506 667 3594 720 διά
3632 668 3722 736 τῆς

456 786 519 820 συ
532 767 785 837 νεργείας
804 767 900 821 τοῦ
940 768 1282 839 Πνεύματος,
1315 767 1411 821 καὶ
1438 764 1540 833 τῆς
1574 763 1707 824 ιδίας
1738 763 1797 814 ἐν
1826 760 2031 823 πάσαις
2073 762 2296 831 ἀρεταῖς
2326 764 2583 834 σπουδῆς,
2640 765 2740 835 τῆς
2804 765 3024 819 αίωνίου
3052 766 3196 835 ζωῆς
3232 764 3397 828 ἄξιος
3420 765 3721 833 γενήσεται,

450 858 687 926 δοξάζων
715 861 960 933 Πατέρα,
1000 861 1094 915 καὶ
1127 862 1275 925 Υἱὸν,
1308 860 1403 913 καὶ
1446 858 1601 925 άγιον
1645 855 1872 927 Πνεῦμα
1895 870 1908 885 ⁶
1937 847 2035 925 ᾧή
2078 853 2206 920 δόξα
2242 857 2339 910 καὶ⁵
2370 856 2430 909 τὸ
2452 857 2653 927 κράτος
2678 858 2760 921 είς
2784 857 2911 921 τοὺς
2941 858 3163 921 αἰῶνας.
3208 858 3422 928 Ἀμήν.

1001 973 1284 1029 HOMILIA
1321 971 1486 1027 XXII.
2718 971 2959 1026 OMIAIA
2990 974 3119 1028 KB'.

649 1066 729 1121 De
751 1064 949 1138 duplici
975 1074 1131 1138 statu,
1152 1082 1355 1138 eorum,
1383 1065 1473 1135 qui
1500 1080 1565 1118 ea:
1596 1064 1697 1117 hac
1728 1062 1839 1115 vita

2174 1062 2284 1132 ιερί
2331 1062 2559 1132 δισσῆς
2608 1063 2885 1138 στάσεως
2931 1063 3059 1138 ,τῶν
3090 1065 3159 1119 ἐκ
3188 1062 3306 1119 τοῦ
3336 1063 3493 1128 ,βίου
3527 1066 3721 1121 τούτω.

1096 1136 1372 1190 decedunt.
1396 1133 1403 1135 ἡ

2727 1133 3119 1202 ἐξερχόντων.

528 1248 760 1315 Quando
815 1248 1096 1321 egreditur
1146 1264 1178 1303 e
1230 1260 1465 1317 corpore
1516 1245 1699 1299 anima
1754 1242 2033 1305 hominis,

2213 1245 2384 1298 Ὅταν
2435 1243 2624 1315 ἐξέλθῃ
2678 1246 2744 1298 ἐκ
2796 1245 2889 1299 τοῦ
2935 1243 3188 1317 σώματος
3226 1246 3387 1318 ψυχὴ
3432 1244 3731 1316 ἀνθρώπου,

463 1340 787 1409 mysterium
818 1340 1094 1410 quoddam
1141 1350 1400 1409 magnum
1457 1336 1572 1390 illic
1617 1332 1927 1404 perﬁcitur.
1975 1329 2036 1385 Si

2174 1335 2445 1407 ιυστήριόν
2497 1352 2549 1388 τι
2607 1335 2752 1405 μέγα
2797 1337 2916 1390 ἐκεῖ
2965 1336 3324 1392 ἐπιτελεῖται.
3404 1337 3536 1392 'an
3570 1332 3730 1412 γάρῇ

466 1431 613 1486 enim
652 1430 819 1485 fuerit
841 1445 936 1485 rea
958 1430 1192 1500 peccati,
1224 1426 1497 1483 accedunt
1524 1424 1680 1481 chori
1704 1424 2037 1483 daemonum,

2174 1424 2452 1490 ιπεύθυνος
2493 1428 2552 1481 ἐν
2582 1426 2904 1498 ἁμαρτίαις,
2936 1426 3189 1499 ἔρχονται
3233 1426 3403 1498 χοροὶ
3453 1427 3732 1498 δαιμόνων,

463 1529 520 1574 et
548 1520 725 1591 angeli
765 1519 999 1579 sinistri.
1041 1534 1107 1573 ac
1144 1524 1447 1587 potestates
1482 1514 1855 1576 tenebrarum,
1889 1509 2041 1564 abri-

2174 1517 2247 1571 ιαὶ
2281 1517 2506 1586 ἄγγελοι
2531 1518 2837 1590 ἀριστεροὶ,
2880 1517 2978 1572 καὶ
3005 1518 3268 1590 δυνάμεις
3303 1518 3544 1581 σκότους
3571 1534 3734 1587 παρα-

466 1612 629 1682 piunt
678 1611 921 1665 animam
979 1610 1151 1673 illam,
1203 1615 1370 1677 atque
1418 1605 1768 1676 subjugatam
1825 1602 1882 1655 in
1915 1615 2044 1655 suas

2174 1608 2489 1678 ,αμσάνουσι
2536 1608 2635 1679 τὴν
2670 1609 2853 1679 ψυχὴν
2890 1608 3128 1679 ἐκείνην,
3184 1608 3286 1662 καὶ¹
3326 1608 3631 1678 κρατοῦσιν
3664 1608 3734 1670 είς

464 1668 653 1773 partes
675 1702 1010 1772 pertrahunt
1034 1718 1048 1754 :
1087 1668 1193 1753 nee
1220 1668 1385 1753 debet
1418 1668 1545 1767 quis
1573 1668 1868 1765 propterea
1895 1693 2048 1747 velut

2174 1668 2367 1751 :b‘i'iitov
2399 1668 2603 1766 μέρος,
2622 1668 2716 1752 κοὶι
2744 1668 2845 1752 ξὺὲι
2885 1668 3092 1766 ὀφείλεί
3114 1668 3201 1760 τις
3228 1697 3333 1750 ἐπὶ
3361 1668 3581 1759 τούτοις
3609 1668 3735 1762 ξενίλ

467 1808 527 1847 re
559 1792 817 1861 quapiam
843 1790 1063 1845 insolita
1080 1788 1134 1842 in
1158 1786 1581 1841 admirationem
1614 1783 1762 1839 duci.
1798 1781 1853 1837 Si
1873 1781 2043 1847 enim,

468 1884 601 1938 dum
628 1883 846 1937 viveret
873 1880 1063 1943 homo,
1095 1886 1151 1933 et
1187 1878 1242 1931 in
1278 1877 1386 1931 hoc
1430 1874 1632 1931 saeculo
1659 1873 1905 1943 degeret,
1942 1872 2050 1925 illis

468 1972 752 2040 subjectus
797 1968 901 2022 fuit
927 1976 984 2022 et
1016 1965 1446 2036 obtemperavit,
1476 1979 1541 2019 ac
1586 1976 1783 2018 servus
1829 1961 2049 2014 illorum

471 2060 649 2114 factus
677 2068 781 2121 est.
815 2067 1026 2129 quanto
1058 2058 1231 2129 magis
1260 2072 1385 2113 cum
1410 2054 1699 2126 egreditur
1728 2069 1795 2109 ex
1819 2052 2048 2117 mundo,

471 2150 755 2204 detinetur
780 2166 844 2205 ac
876 2150 1205 2220 subjugalur
1243 2148 1313 2202 ab
1347 2147 1519 2217 ipsis?
1549 2146 1628 2200 Ex
1658 2153 1811 2215 parte
1840 2155 2049 2209 autem,

473 2255 595 2308 quae
619 2240 865 2296 melioris
886 2250 972 2295 est
988 2239 1344 2304 conditionis,
1366 2239 1479 2308 88
1511 2248 1666 2307 potes
1692 2250 2050 2306 cognoscere,

475 2344 592 2382 rem
650 2329 728 2384 ita
798 2345 921 2386 sese
972 2330 1199 2385 habere.
1271 2330 1489 2385 Sanctis
1552 2328 1827 2398 siquidem
1876 2327 2054 2386 servis

475 2421 572 2475 Dei
628 2420 697 2476 ab
740 2422 846 2476 hoc
898 2430 1151 2491 tempore
1204 2428 1386 2476 astant
1436 2419 1639 2489 angeli,
1694 2432 1759 2472 ac
1812 2416 2055 2487 Spiritus

476 2515 650 2569 sancti
710 2500 1083 2581 circumdant,
1137 2530 1343 2584 easque
1399 2512 1744 2569 custodiunt.
1805 2509 2054 2578 Cumque

475 2604 714 2659 exierint
759 2621 791 2661 e
843 2621 1098 2676 corpore,
1155 2605 1311 2661 chori
1365 2603 1685 2674 angelorum
1748 2612 2057 2670 assumptas

475 2711 669 2750 eorum
716 2695 929 2751 animas
978 2698 1048 2765 {in
1111 2710 1265 2749 suam
1319 2702 1534 2765 partem
1597 2691 1944 2763 pertrahunt,
1999 2690 2059 2745 in

477 2786 738 2842 saeculum
785 2794 1140 2858 perpetuum,
1175 2795 1232 2841 et
1269 2785 1353 2843 sic
1396 2783 1680 2840 adducunt
1716 2798 1813 2838 eos
1849 2781 1919 2837 ad
1950 2781 2059 2838 Do-

477 2890 712 2937 minam.

1008 2999 1294 3055 HOMILIA
1327 2997 1519 3053 XXIII.

480 3089 933 3167 Quemadmodum
988 3089 1191 3158 regiam
1260 3102 1323 3140 ac
1371 3085 1657 3167 pretiosam
1704 3081 2059 3167 margaritam

550 3169 757 3228 gestare
816 3158 989 3213 solum
1023 3155 1260 3228 possunt,
1294 3155 1384 3228 qui
1428 3170 1493 3207 ea:
1539 3155 1681 3223 regio
1713 3156 1912 3228 semine
1937 3162 2062 3206 sunt

550 3222 796 3297 prognati
818 3243 836 3280 :
868 3222 1047 3285 eodem
1093 3225 1259 3297 modo
1288 3222 1545 3279 ecetestem
1598 3222 1953 3295 margaritam
1976 3238 2063 3277 so-

564 3294 672 3350 lum
701 3296 828 3365 ﬁliis
867 3297 960 3351 Dei
991 3304 1197 3366 gestare
1225 3294 1363 3347 licet.

555 3471 599 3526 I.
632 3470 923 3542 Margarita
955 3471 1044 3525 illa
1072 3468 1380 3540 splendida,
1419 3469 1661 3540 pretiosa
1697 3476 1862 3539 atque
1890 3468 2062 3540 regia,

485 3581 610 3637 quae
639 3564 705 3619 ad
736 3564 994 3620 diadema
1040 3564 1252 3635 regium
1292 3563 1553 3634 pertinet,
1586 3563 1686 3617 soli
1719 3561 1835 3632 regi
1862 3575 2066 3616 conve-

489 3658 600 3724 nit;
637 3656 897 3725 solusque
930 3670 1025 3709 rex
1052 3654 1194 3709 hanc
1220 3653 1575 3724 margaritam
1599 3661 1819 3724 gestare
1847 3660 2062 3722 potest:

486 3748 578 3803 alii
602 3762 733 3802 vero
752 3745 965 3801 homini
996 3754 1211 3817 gestare
1237 3744 1555 3814 hujusmodi
1583 3743 1933 3815 margaritam
1955 3757 2067 3797 non

486 3841 637 3896 licet.
673 3838 752 3893 Ita
818 3839 926 3893 nisi
956 3838 1081 3908 quis
1125 3836 1296 3891 fuerit
1350 3844 1513 3890 natus
1543 3851 1572 3891 a
1601 3836 1753 3906 regio
1786 3850 1851 3889 ac
1879 3834 2068 3889 divino

487 3929 720 3999 Spiritu,
756 3936 813 3983 et
840 3943 1013 3999 genus
1054 3927 1281 3983 caeleste
1330 3941 1395 3981 ac
1438 3927 1652 3997 regium
1705 3926 1817 3991 ﬁat,
1840 3934 1898 3980 et
1922 3924 2070 3981 illius

491 4020 608 4084 llei,
638 4020 946 4075 secundum
981 4018 1128 4089 quod
1153 4017 1418 4087 scriptum
1443 4025 1565 4072 est:
1598 4015 1862 4088 Quotquot
1893 4025 2071 4071 autem

448 4134 451 4135 ν
488 4119 796 4183 receperunt
826 4126 965 4176 eum,
986 4109 1126 4163 dedit
1145 4109 1216 4162 eis
1241 4115 1555 4179 potestatem
1580 4105 1723 4175 ﬁlios
1748 4106 1843 4160 Dei
1862 4106 1982 4174 ﬁeri
2001 4108 2068 4171 “,

488 4202 767 4257 caelestem
797 4211 853 4256 et
879 4201 1177 4270 pretiosam
1226 4199 1603 4268 margaritam,
1660 4197 1954 4269 imaginem
1986 4198 2073 4253 lu—

488 4292 675 4356 minis,
710 4291 956 4360 inquam,
993 4287 1307 4352 ineﬂabilis,
1349 4303 1471 4356 qua:
1522 4293 1609 4342 est
1653 4286 1937 4352 Dominus,
1977 4304 2067 4357 ge-

2080 3010 2128 3074 C

2152 1787 2361 1853 ζεσθαι.
2412 1791 2476 1843 Εί
2507 1790 2618 1861 γάρ
2649 1789 2781 1856 ζῶν,
2813 1790 2908 1846 καὶ
2942 1791 3016 1843 ὢν
3042 1792 3100 1844 ἐν
3133 1788 3212 1859 τῷ
3238 1788 3410 1843 αίῶνι
3438 1788 3615 1857 τούτῳ
3640 1788 3729 1839 ὑκ-

2150 1879 2345 1948 ετάγη,
2396 1880 2489 1931 καὶ
2528 1879 2829 1949 ὑπήκουσε,
2881 1880 2977 1934 καὶ
3014 1880 3200 1943 δοῦλος
3256 1879 3488 1949 ἐγένετο
3538 1879 3727 1942 αὐτοῖς,

2159 1969 2312 2039 πόσῳ
2342 1969 2563 2039 μᾶλλον,
2609 1970 2739 2023 ὅταν
2771 1969 3058 2040 ἐξέρχηται
3089 1968 3154 2023 ἐκ
3207 1969 3309 2023 τοῦ
3349 1969 3587 2037 κόσμου,
3619 1984 3730 2020 κατ-

2155 2060 2343 2129 έχεται
2400 2061 2497 2114 καὶ
2532 2064 2813 2132 κρατεῖται
2864 2062 2957 2113 ὑπ’
2978 2060 3196 2125 αὑτῶν;
3250 2060 3395 2113 Ἀπὸ
3421 2058 3520 2113 τοῦ
3553 2058 3733 2130 μέρους

2152 2148 2247 2202 τοῦ
2312 2148 2519 2217 ἀγαθοῦ
2569 2148 2808 2216 ὀφείλεις
2858 2149 3073 2219 νοῆσαι,
3127 2150 3213 2202 δτι
3268 2146 3456 2211 οὕτως
3509 2148 3621 2216 ἔχει
3672 2147 3730 2200 τὰ

2155 2248 2457 2314 πράγματα
2487 2257 2500 2269 '
2557 2242 2653 2294 καὶ
2708 2241 2818 2311 γάρ
2848 2242 2959 2303 τοῖς
2994 2240 3168 2308 ἁγίοις
3202 2238 3422 2301 δούλοις
3473 2238 3569 2291 τοῦ
3614 2236 3734 2290 Θεοῦ

2157 2335 2265 2388 ἀπὸ
2286 2334 2380 2388 τοῦ
2416 2333 2513 2389 νῦν
2538 2334 2677 2387 εἰσιν
2722 2334 2942 2401 ἄγγελοι
2974 2333 3420 2405 παραμένοντες,
3450 2334 3545 2387 καὶ
3583 2331 3730 2386 πνεύ-

2161 2443 2308 2497 ματα
2339 2427 2470 2496 άγια
2502 2426 2810 2480 κυκλοῦντα
2840 2427 3038 2490 αὐτοὺς
3086 2426 3181 2479 καὶ
3232 2428 3601 2496 φυλάττοντα.
3636 2426 3731 2479 Καὶ

2155 2519 2285 2571 ὅταν
2337 2517 2628 2581 ἐξέλθωσιν
2659 2516 2770 2571 ἀπὸ
2819 2516 2913 2569 τοῦ
2980 2516 3256 2588 σώματος,
3312 2520 3365 2571 οῖ
3432 2518 3583 2589 χοροὶ
3634 2515 3729 2570 τῶν

2158 2608 2409 2678 ἀγγέλων
2438 2607 2964 2679 παραλαμϐάνουσιν
3010 2607 3192 2662 αὐτῶν
3220 2609 3327 2673 τὰς
3369 2608 3551 2680 ψυχὰς
3578 2608 3652 2669 είς
3678 2605 3728 2657 τὺ

2161 2701 2293 2755 tam
2326 2700 2512 2771 μέρος,
2546 2703 2626 2764 εἰς
2653 2700 2747 2753 τὸν
2790 2699 3031 2770 καθαρὸν
3060 2701 3236 2756 αἰῶνα
3256 2718 3271 2733 ·
3316 2700 3417 2755 καὶ
3453 2699 3622 2762 οὕτως
3645 2696 3727 2752 ain

2158 2792 2287 2856 τοὺς
2310 2792 2649 2865 προσάγουσι
2674 2790 2753 2863 τῷ
2781 2791 2995 2862 Κυρίῳ.

2752 2992 2995 3048 UMIAIA
3024 2992 3159 3050 KI".

2173 3080 2271 3150 Ὠς
2324 3081 2433 3137 τὸν
2478 3083 2813 3148 βασιλικὸν
2864 3087 2965 3140 καὶ
2998 3082 3349 3151 πολύτιμον
3379 3076 3726 3151 μαργαρίτην

2232 3152 2488 3223 φορέσαι
2518 3155 2711 3223 μόνον
2754 3155 3045 3223 δύνανται
3073 3154 3128 3207 oi
3154 3150 3225 3205 se
3252 3150 3367 3205 τοῦ
3384 3150 3726 3223 σπέρματος

2236 3217 2343 3293 τοῦ
2369 3217 2682 3293 ,βασιλέως
2703 3222 3098 3292 γεννηθέντες
3117 3234 3132 3248 ·
3156 3223 3270 3293 τὸν
3298 3222 3492 3293 αὑτὸν
3530 3217 3726 3293 (pom:

2233 3292 2342 3362 τόν
2370 3288 2667 3362 οὐράνιον
2683 3288 3059 3362 μαργαρίτην
3081 3292 3278 3362 μόνον
3307 3290 3435 3357 τοῖς
3465 3289 3567 3343 τοῦ
3597 3288 3722 3347 Θεοῦ

2234 3309 2342 3345 τον
2370 3309 2653 3360 ουρανιον
2683 3309 2805 3360 μαρ
2878 3309 3034 3360 ριτῃι

2234 3361 2466 3427 τέκνοις
2495 3360 2744 3430 φορέσαι
2772 3309 3034 3427 ﬁgant

2235 3476 2315 3530 A'.
2373 3474 2431 3529 '0
2482 3474 2829 3546 μαργαρίτης
2856 3477 2884 3529 ὀ
2918 3476 3123 3546 μέγας,
3155 3471 3250 3537 και
3298 3473 3611 3544 πολύτιμος,
3642 3463 3722 3519 καὶ

2169 3563 2474 3636 βασιλικὸς,
2508 3568 2536 3620 ὀ
2566 3568 2644 3630 είς
2677 3566 2919 3637 διάδημα
2971 3567 3250 3637 βασιλικὸν
3297 3562 3618 3639 προχωρῶν,
3647 3558 3725 3626 βσσ

2170 3656 2364 3721 σιλέως
2402 3658 2566 3729 μόνου
2596 3657 2809 3731 χρῄζει.
2839 3661 2948 3715 Καὶ
2977 3659 3232 3730 βασιλεὺς
3268 3660 3431 3730 μόνος
3453 3654 3628 3710 τοῦτον
3649 3647 3723 3700 τὸν

2176 3750 2525 3821 μαργαρίτην
2560 3749 2787 3804 δύναται
2818 3752 3034 3821 φορεῖν·
3078 3748 3225 3822 ἄλλῳ
3253 3750 3311 3804 δέ
3361 3745 3622 3819 ἀνθρώπῳ
3645 3756 3725 3809 φο⁴

2171 3843 2284 3913 ρεῖν
2337 3841 2431 3894 τὸν
2466 3840 2707 3899 τοιοῦτον
2747 3842 3098 3912 μαργαρίτην
3147 3843 3248 3895 οὐκ
3302 3842 3531 3909 ἔξεστιν.
3564 3831 3722 3927 οὕτως

2170 3934 2266 3987 ἐὰν
2308 3934 2383 4004 μή
2438 3950 2523 3997 τις
2575 3933 2811 4004 γεννηθῇ
2845 3933 2949 3989 ὑπὸ
2981 3932 3075 3985 τοῦ
3130 3931 3419 4011 βασιλικοῦ
3449 3930 3539 3983 καὶ
3566 3925 3723 3979 θεῖκοῐι

2171 4024 2505 4095 πνεύματος,
2538 4026 2633 4080 καὶ
2661 4024 2818 4095 γένος
2875 4025 3198 4096 ἐπουράνιον
3226 4026 3322 4078 καὶ
3358 4019 3620 4096 βασιλικὸν
3645 4012 3722 4079 γέ-

2172 4134 2353 4188 νηται,
2381 4116 2476 4171 καὶ
2493 4117 2686 4170 τέκνον
2711 4114 2871 4182 Θεοῦ,
2899 4116 3041 4170 κατὰ
3071 4115 3131 4169 τὸ
3154 4116 3559 4189 γεγραμμένον,
3578 4110 3723 4160 Ὅσοι

2173 4207 2242 4261 δὲ
2268 4209 2490 4265 ἔλαϐον
2512 4208 2723 4274 αὐτὸν,
2757 4206 2984 4263 ἔδωκεν
3013 4207 3219 4274 αὐτοῖς
3255 4205 3543 4273 ἐξουσίαν
3569 4196 3721 4259 τέκνα

2177 4298 2328 4353 Θεοῦ
2386 4297 2693 4369 γενέσθαι,
2754 4298 2847 4352 τὸν
2887 4298 3210 4371 ἐπουράνιον
3256 4300 3354 4363 καὶ
3393 4292 3721 4360 πολυτίμητον

488 4390 632 4435 stare
689 4381 902 4450 nequit,
956 4379 1160 4450 quippe
1210 4378 1307 4447 qui
1341 4392 1451 4432 non
1488 4378 1561 4432 sit
1585 4378 1727 4448 regis
1769 4377 1932 4432 ﬁlius.
1961 4378 2063 4445 Qui

2176 4389 2549 4464 μαργαρίτην,
2580 4390 2682 4461 τὴν
2715 4391 2900 4444 είκόνα
2935 4391 3031 4444 τοῦ
3088 4391 3263 4461 φωτὸς
3315 4390 3411 4445 τοῦ
3464 4384 3716 4451 ἀλαλήτοιὲν

488 4472 637 4526 enim
670 4472 878 4526 habent
910 4481 965 4527 et
1010 4479 1211 4541 gerunt
1242 4468 1619 4540 margaritam,
1648 4468 1844 4527 vivunt
1901 4477 1958 4523 et
1985 4484 2073 4523 re-

490 4573 660 4634 gnant
696 4579 801 4618 una
827 4580 952 4618 eum
980 4563 1203 4618 Christo
1240 4561 1295 4615 in
1339 4552 1559 4616 saecula.
1591 4561 1683 4616 Sic
1712 4561 1860 4615 enim
1893 4560 2075 4631 inquit

491 4656 825 4726 Apostolus:
864 4656 1009 4710 Sicut
1035 4657 1353 4726 gestavimus
1385 4655 1673 4726 imaginem
1730 4655 1948 4721 terreni,
1977 4669 2072 4728 ge-

485 4747 743 4802 stabimus
771 4757 819 4802 et
844 4749 1131 4818 imaginem
1155 4747 1377 4802 calcatis
1398 4749 1467 4801 ²¹.

559 5026 625 5082 ll.
651 5026 889 5085 Perinde
918 5028 1065 5083 enim
1084 5043 1148 5083 ac
1171 5041 1371 5098 equus,
1395 5027 1639 5098 quandiu
1669 5026 1725 5081 in
1751 5025 1904 5083 silvis
1946 5041 2072 5081 cum

489 5118 802 5189 agrestibus
854 5120 1190 5175 animalibus
1214 5120 1482 5190 pascitur,
1511 5119 1614 5174 sub
1642 5118 1775 5189 jugo
1804 5134 1869 5173 ac
1897 5118 2073 5189 impe-

492 5211 576 5264 rio
603 5209 893 5264 hominum
942 5227 1065 5268 esse
1114 5220 1359 5267 recusat.
1420 5211 1479 5266 Si
1534 5209 1758 5281 quando
1808 5226 1965 5275 vero,
2015 5221 2076 5266 ut

490 5298 838 5365 mansueflat,
888 5301 1159 5369 capiatur,
1201 5298 1456 5370 injiciunt
1507 5298 1559 5354 ei
1625 5298 1843 5353 frenum
1887 5314 2074 5368 grave,

492 5389 669 5443 donec
698 5390 1007 5459 composite
1043 5398 1100 5446 et
1126 5405 1369 5460 congrue
1400 5388 1657 5461 progredi
1688 5388 1885 5444 discat.
1916 5390 2075 5445 Post-

493 5482 720 5536 modum
748 5490 1042 5538 exercetur
1092 5499 1125 5537 a
1169 5498 1387 5539 sessore
1437 5483 1636 5554 perito,
1675 5490 1738 5537 ut
1775 5482 1840 5538 ad
1869 5482 2077 5537 bellum

491 5589 714 5647 quoque
748 5574 1075 5631 commodus
1126 5574 1220 5631 sit.
1265 5574 1512 5630 Tandem
1536 5586 1808 5631 exornant
1834 5591 1962 5630 eum
1994 5590 2081 5630 ar-

568 5750 607 5779 “
651 5750 806 5805 Joau.
847 5769 884 5815 ι,
928 5752 1009 5805 l‘2.
1084 5754 1127 5783 ²²
1160 5752 1176 5806 l
1204 5752 1330 5807 Cor.
1367 5766 1451 5818 xv,
1496 5752 1575 5805 l9.

2170 4480 2294 4551 ἥτις
2322 4481 2471 4536 ἐστὶν
2500 4484 2529 4534 ὀ
2560 4480 2787 4553 Κύριος,
2827 4482 2890 4536 οὑ
2935 4481 3159 4537 δύναται
3194 4482 3445 4553 φορέσαι,
3493 4470 3720 4547 βασιλέως

2172 4571 2289 4635 υίὸς
2322 4571 2397 4643 μὴ
2449 4572 2759 4642 γενόμενος.
2792 4574 2856 4626 Oi
2905 4573 3014 4644 γάρ
3064 4573 3283 4643 ἔχοντες
3331 4573 3425 4626 καὶ
3463 4564 3719 4639 φοροῦντες

2174 4662 2265 4716 τὸν
2298 4663 2675 4737 μαργαρίτην,
2707 4664 2912 4729 συζῶσι
2933 4664 3033 4719 καὶ
3053 4663 3504 4736 συμϐασιλεύουσι
3529 4646 3717 4725 Χριστῷ

2174 4752 2256 4813 είς
2309 4754 2437 4816 τοὺς
2491 4752 2728 4818 αἰῶνας·
2776 4752 2950 4818 οὕτως
2983 4754 3093 4824 γάρ
3145 4749 3301 4807 εἷπεν
3342 4754 3371 4805 ὁ
3413 4740 3714 4803 Ἀπόστολοςν

2173 4841 2386 4909 Καθὼς
2419 4841 2798 4911 ἐφορέσαμεν
2829 4842 2947 4911 τὴν
2994 4844 3198 4898 εικόνα
3248 4842 3356 4897 τοῦ
3383 4832 3597 4911 χοϊκοῦ,
3627 4841 3716 4896 φο-

2164 4932 2444 5003 ρέσωμεν
2476 4933 2574 4988 καί
2603 4934 2719 5004 τὴν
2745 4936 2951 4989 εὶκόνα
2972 4935 3077 4990 τοῦ
3104 4935 3482 5004 ἐπουρανίου.

2246 5024 2319 5079 B'.
2363 5025 2578 5097 Ὥσπερ
2609 5026 2720 5098 γὰρ
2752 5027 2939 5093 ἵππος,
2975 5027 3081 5090 ἓως
3120 5027 3221 5098 μὲν
3254 5026 3319 5081 ἂν
3349 5027 3406 5078 ἐν
3448 5020 3557 5080 ταῖς
3584 5012 3711 5098 ὕλαις

2170 5118 2283 5180 τοῖς
2314 5116 2526 5187 ἀγρίοις
2549 5097 2712 5182 ζώοις
2742 5119 3095 5190 συννέμηται,
3123 5097 3505 5174 Ῠάνυπότακτος
3532 5097 3711 5190 ἀνθρὼ-

2171 5226 2295 5271 ποις
2325 5210 2473 5263 ἐστίν
2495 5222 2508 5237 ⁸
2544 5210 2683 5263 ἐπάν
2722 5211 2779 5264 δὲ
2809 5211 2946 5281 πρὸς
2974 5189 3054 5263 τὸ
3095 5209 3445 5281 ἡμερωθῆναι
3475 5189 3705 5281 κρατηθῦν

2174 5300 2554 5372 περιτιθέασιν
2591 5301 2743 5372 αὐτῷ
2796 5279 2969 5374 βαρὺν
3026 5279 3284 5374 χαλινὸν,
3324 5300 3426 5359 ἕως
3481 5286 3535 5345 οὗ
3585 5279 3705 5353 μάθῃ

2174 5394 2451 5456 εὐτάκτως
2500 5394 2595 5447 καὶ
2629 5393 2807 5465 ὀρθῶς
2856 5398 3217 5467 περιπατεῖν·
3250 5390 3368 5447 εἶτα
3414 5376 3706 5457 γυμνάζεται

2175 5482 2280 5535 ὑπὸ
2308 5482 2577 5553 ἐμπείρου
2612 5483 2893 5549 καθιστοῦ,
2938 5484 3025 5549 ἵνα
3053 5486 3145 5539 καὶ
3167 5485 3249 5549 είς
3296 5482 3517 5549 πόλεμον
3537 5467 3706 5567 ξίῦκῆργ

2177 5592 2301 5641 στος
2340 5577 2569 5648 γένηται
2593 5594 2605 5606 ·
2656 5571 2776 5632 εἶτα
2829 5577 3107 5633 ἐνδύουσιν
3141 5577 3305 5643 αὐτὸν
3333 5573 3485 5637 ὅπλα,
3507 5562 3587 5619 τὸν
3614 5554 3700 5611 θώ⁶

3897 5940 3901 6121 γ
