3966 6458
236 398 368 469 661

1334 404 1707 469 HOMILI/E.
1736 432 1805 443 -
1834 405 2025 468 ΗΟΜ.
2062 404 2478 468 ΧΧΗοΧΧΙν.

3457 408 3564 471 662

254 525 421 581 ροικα
456 507 625 578 λέγω,
655 508 748 564 καὶ
767 507 838 563 τὰ
864 509 1254 583 κατάφρακτα,
1286 515 1383 568 καὶ
1404 516 1620 585 πρῶτον
1645 516 1855 587 χαλινὸν

1967 515 2090 581 mis,
2122 515 2370 582 thorace,
2428 514 2677 586 inquam,
2731 522 2788 573 et
2833 514 3031 583 lorica,
3078 529 3323 588 eumque
3374 520 3561 589 priore

244 600 544 671 κρεμῶσι,
577 601 673 655 καὶ
718 602 1028 656 συσσείουσι
1068 603 1357 659 κατέναντι
1404 606 1517 662 τῶν
1560 609 1858 679 ὀφθαλμῶν

245 689 460 752 αὐτοῦ,
490 690 629 760 πρὸς
657 689 721 743 τὸ
749 690 1159 762 συνεθισθῆναι,
1193 694 1287 747 καὶ
1335 695 1411 766 μὴ
1446 696 1855 770 ἀποπτηγῆναι·

239 782 441 846 οὕτως
473 783 859 853 διδασκόμενος
889 782 996 837 ὑπὸ
1029 783 1124 837 τοῦ
1164 784 1454 854 έπιϐἀτου,
1509 788 1559 841 εί
1614 788 1689 860 μὴ
1725 806 1858 861 μαν-

243 877 441 943 θάνει,
492 878 755 949 πολεμεῖν
802 878 864 932 ού
922 877 1173 932 δύναταιο
1209 880 1348 934 έπάν
1407 882 1465 934 δὲ
1518 882 1701 955 μάθῃ,
1760 884 1859 939 καὶ

246 969 557 1041 συνεθισθῇ
581 971 665 1033 είς
679 970 773 1024 τὸν
797 969 1057 1040 πόλεμον,
1079 971 1209 1025 ὅταν
1234 971 1514 1045 ὀσφρανθῇ
1533 976 1626 1028 καὶ
1646 977 1858 1050 ἀκούσῃ

245 1060 453 1130 φωνὴν
484 1059 750 1131 πολέμου,
808 1061 975 1125 αὐτὸς
1024 1062 1260 1134 ἑτοίμως
1311 1062 1530 1135 ἔρχεται
1583 1066 1679 1120 ἐπὶ
1729 1068 1859 1132 τοὺς

246 1151 528 1220 δχθροὺς,
580 1151 723 1205 ὥστε
772 1151 878 1221 nail
914 1151 1014 1206 ἀπ’
1064 1153 1239 1224 αὐτῆς
1285 1154 1389 1224 τῆς
1439 1156 1625 1228 φωνῆς
1687 1158 1859 1231 πτόη-

248 1259 348 1293 σιν
407 1242 655 1312 ἐμποιεῖν
716 1244 831 1304 τοῖς
904 1242 1203 1314 πολεμίοις.
1270 1244 1376 1297 Τὸν
1441 1244 1605 1299 αὑτὸν
1652 1247 1859 1318 τρόπον

248 1331 356 1386 καὶ
383 1335 416 1401 ἡ
466 1333 615 1404 ψυχὴ
664 1333 775 1389 ἀπὸ
827 1334 928 1404 τῆς
970 1334 1338 1406 παραϐάσεως
1370 1334 1505 1390 οὖσα
1531 1338 1701 1410 ἀγρία
1761 1339 1858 1395 καὶ

251 1422 637 1487 ἀνυπότακτος
664 1460 681 1487 ,
734 1424 792 1476 ὲν
844 1422 1051 1495 ἐρημίᾳ
1118 1422 1215 1477 τοῦ
1290 1423 1496 1495 κόσμου
1561 1425 1855 1491 πελάζεται

257 1515 407 1584 μετὰ
464 1514 691 1585 θηρίων,
739 1514 850 1567 τῶν
884 1513 1213 1585 πνευμάτων
1267 1514 1369 1585 τῆς
1412 1517 1697 1588 πονηρίας,
1754 1518 1857 1589 τὴν

254 1604 541 1661 διακονίαν
571 1608 630 1659 έν
672 1605 740 1676 τῇ
773 1605 1022 1676 ἁμαρτίᾳ
1053 1605 1396 1676 κατέχουσαο
1426 1607 1557 1663 ὅταν
1587 1607 1651 1661 δὲ
1690 1608 1858 1662 ἀκού-

258 1713 335 1771 σῃ
398 1696 555 1767 λόγον
615 1696 753 1751 Θεοῦ
779 1737 795 1761 ,
834 1698 930 1750 καὶ
970 1696 1262 1769 πιστεύσῃ,
1334 1697 1852 1771 χαλιναγωγουμένη

252 1790 369 1843 ὑπὸ
412 1789 508 1843 τοῦ
560 1788 913 1860 Πνεύματος,
956 1787 1275 1844 ἀποτίθεται
1320 1789 1381 1843 τὸ
1425 1790 1617 1860 ἄγριον
1682 1787 1855 1864 ἦθος,

1960 610 2122 666 freno
2152 625 2426 681 suspenso
2448 650 2463 675 ,
2492 619 2549 665 ct
2584 610 2792 682 agitato
2816 618 2944 666 ante
2966 610 3158 666 oculos
3181 611 3322 683 ejus,
3367 627 3561 668 assue-

1959 702 2193 767 faciunt,
2243 716 2314 756 ne
2370 700 2482 755 ullo
2549 710 2764 756 terrore
2814 700 3200 775 percutiatur;
3251 711 3417 773 atque
3478 704 3560 759 sic

1958 792 2195 846 edoctus
2221 789 2293 845 ab
2322 790 2621 855 insessore,
2650 791 2757 846 nisi
2780 791 3059 855 didicerit,
3086 792 3291 861 ιιι-ωηο
3327 802 3559 847 conten-

1960 881 2095 937 dere
2145 881 2376 951 nequit:
2412 881 2511 937 ubi
2563 895 2700 936 vero
2752 880 3035 947 didicerit,
3076 891 3134 938 et
3193 882 3340 938 bello
3392 885 3560 941 fuerit

1958 974 2324 1039 assuefactus,
2356 973 2403 1029 si
2446 972 2611 1029 modo
2632 974 2964 1040 suboluerit,
3011 983 3067 1030 et
3097 976 3447 1032 subaudierit
3469 994 3559 1033 so-

1958 1082 2093 1122 num
2119 1066 2403 1131 bellicum,
2439 1065 2558 1136 ipse
2601 1065 2668 1119 ad
2692 1080 2760 1120 eo
2781 1072 3041 1136 prompte
3070 1067 3341 1124 adversus
3367 1069 3557 1124 hostes

1957 1158 2420 1229 progreditur,ut
2445 1158 2997 1214 solavoceterrorem
3059 1154 3291 1210 incutiat
3368 1155 3555 1210 hosti-

1959 1251 2080 1307 bus.
2104 1250 2314 1306 Eodem
2379 1264 2605 1320 quoque
2659 1248 2827 1304 modo
2875 1248 3061 1303 anima
3098 1256 3222 1317 post
3247 1255 3552 1316 tranSgres-

1961 1339 2172 1397 sionem
2197 1341 2431 1413 agrestis
2454 1349 2511 1397 et
2542 1340 2832 1405 indomita,
2858 1340 2914 1394 in
2932 1340 3152 1395 deserto
3178 1339 3344 1410 hujus
3365 1340 3559 1394 mundi

1959 1440 2322 1487 conversatur
2372 1446 2501 1486 cum
2542 1429 2697 1494 feris,
2751 1429 3040 1501 spiritibus
3086 1429 3303 1485 scilicet
3358 1430 3557 1501 nequi—

1957 1522 2069 1587 tiae,
2130 1521 2507 1576 ministerium
2566 1520 2624 1575 in
2676 1528 2906 1591 peccato
2970 1521 3188 1576 obiens.
3250 1521 3354 1578 Ubi
3424 1536 3558 1575 vero

1957 1612 2199 1668 audierit
2233 1611 2467 1667 verbum
2511 1611 2635 1679 Dei,
2688 1626 2755 1665 ac
2798 1610 3123 1675 crediderit,
3177 1611 3490 1666 refrenatur
3524 1627 3556 1665 a

1961 1704 2174 1775 Spiritu
2211 1720 2277 1759 ac
2306 1702 2537 1773 deponit
2575 1716 2757 1756 mores
2808 1710 3052 1773 agrestes
3104 1713 3162 1757 et
3194 1703 3561 1772 cogitationes

1959 1797 2162 1863 carnis,
2224 1796 2529 1868 gubernata
2563 1795 2632 1850 ab
2683 1795 2962 1851 insessore
3006 1794 3249 1850 Christo.
3280 1796 3472 1849 Postea
3501 1795 3558 1848 in

257 1881 363 1935 καὶ
407 1880 468 1936 τὸ
510 1881 775 1953 σαρκικὸν
814 1880 1089 1952 φρόνημα,
1155 1881 1516 1951 ήνιοχουμένη
1587 1882 1693 1936 ὑπὸ
1753 1883 1847 1937 τοῦ

1967 1886 2331 1951 atilictionem,
2356 1883 2651 1941 edomandi
2674 1884 2887 1953 iugum,
2907 1889 2963 1937 et
2998 1881 3310 1952 angustiam
3337 1880 3555 1943 incidit,

255 1969 524 2025 ὲπιϐἀτου
566 1969 809 2040 Χριστοῦ
836 1984 853 2001 ’
913 1966 1033 2022 εἶτα
1074 1970 1156 2032 είς
1197 1968 1380 2039 θλῖψιν
1420 1971 1516 2023 καὶ
1537 1970 1851 2042 δαμασμδν,

164 2080 173 2083 λ
260 2063 364 2115 καὶ
401 2060 767 2131 στενοχωρίαν
798 2060 1043 2131 ἔρχεται,
1099 2060 1184 2123 είς
1217 2059 1280 2113 τὸ
1312 2059 1712 2132 δοκιμασθῆναι
1753 2062 1855 2115 αύ-

255 2153 386 2223 τὴν,
424 2152 513 2206 ἵνα
543 2152 665 2206 κατ’
697 2151 877 2220 ὀλίγον
912 2151 1179 2222 ἡμερωθῇ
1214 2152 1322 2205 ὑπὸ
1365 2152 1463 2205 τοῦ
1512 2152 1855 2224 Πνεύματος,

256 2240 628 2313 ἐκλειπούσης
683 2244 806 2296 κατ’
863 2241 1044 2310 ὀλίγον
1075 2242 1170 2295 καὶ
1214 2241 1625 2313 ἀφανιζομένης
1662 2243 1767 2314 τῆς
1799 2244 1856 2296 ὲν

259 2334 402 2403 αὐτῇ
433 2332 735 2405 ἁμαρτίας.
784 2332 894 2388 Καὶ
948 2330 1123 2394 οὕτως
1171 2333 1205 2400 ή
1236 2330 1388 2402 ψυχὴ
1424 2333 1727 2405 ἐνδυομένη
1763 2332 1857 2386 τὸν

259 2422 487 2495 θώρακα
514 2424 613 2493 τῆς
632 2423 1000 2493 δικαιοσύνης,
1042 2423 1136 2475 καὶ
1158 2422 1265 2493 τὴν
1295 2422 1736 2494 περικεφαλαίαν
1756 2422 1853 2476 τοῦ

260 2516 556 2586 σωτηρίου,
617 2514 713 2575 καὶ
767 2514 861 2567 τὸν
899 2513 1093 2585 θυρεὸν
1140 2514 1241 2584 τῆς
1302 2514 1561 2581 πίστεως,
1604 2516 1701 2570 καὶ
1754 2517 1857 2588 τὴν

264 2607 545 2679 μάχαιραν
578 2604 674 2659 τοῦ
726 2604 1072 2676 Πνεύματος,
1107 2606 1423 2661 διδάσκεται
1450 2607 1710 2678 πολεμεῖν
1742 2612 1857 2674 τοῖς

261 2700 479 2771 ἐχθροῖς
508 2699 695 2762 αὐτοῖς
718 2714 735 2731 ·
770 2699 861 2752 καὶ
895 2698 1071 2763 οὕτως
1123 2699 1470 2771 ὁπλισαμένη
1514 2700 1594 2772 τῷ
1616 2702 1712 2755 τοῦ
1739 2705 1856 2758 Κυ-

264 2792 380 2863 ρίου
426 2791 730 2861 Πνεύματι,
766 2791 1101 2860 ἀγωνίζεται
1129 2792 1266 2863 πρὸς
1314 2793 1384 2846 τὰ
1434 2794 1727 2863 πνεύματα
1755 2796 1857 2866 τῆς

260 2884 551 2954 πονηρίας,
617 2884 716 2938 καὶ
757 2883 828 2937 τά
868 2885 1243 2956 πεπῡρωμένα
1294 2882 1424 2956 βέλη
1471 2886 1567 2938 τοῦ
1614 2886 1855 2957 πονηροῦ

264 2977 537 3031 σϐέννυσι.
574 2976 762 3046 Χωρὶς
792 2977 902 3047 γὰρ
925 2975 1037 3029 τῶν
1063 2976 1158 3031 τοῦ
1184 2977 1503 3048 Πνεύματος
1528 2976 1730 3043 ὅπλων,
1752 2976 1857 3029 οὐκ

260 3068 551 3137 ἀνέρχεται
584 3068 665 3130 εἰς
716 3066 1062 3139 παράταξιν·
1117 3067 1317 3139 ἔχουσα
1370 3068 1429 3122 δὲ
1478 3071 1551 3122 τὰ
1579 3068 1721 3124 ὅπλα
1758 3067 1854 3122 τοῦ

1962 1984 2026 2031 ut
2080 1975 2371 2046 probetur,
2419 1989 2484 2029 ac
2540 1973 2807 2043 paulatim
2861 1987 2892 2026 a
2944 1970 3153 2041 Spiritu
3209 1969 3556 2035 mansueﬁat,

1957 2066 2255 2123 deﬁciente
2290 2066 2498 2122 sensim
2517 2075 2687 2134 atque
2712 2064 3061 2119 exolescente
3088 2064 3145 2117 in
3174 2063 3265 2118 illa
3296 2072 3553 2134 peccato.

1955 2158 2049 2212 Sic
2101 2166 2159 2212 et
2217 2158 2402 2211 anima
2462 2163 2672 2210 armata
2735 2156 2967 2210 thorace
3010 2154 3262 2225 justitiae,
3318 2162 3374 2208 et
3405 2155 3559 2225 galea

1954 2248 2174 2313 salutis,
2210 2258 2267 2302 et
2311 2256 2468 2304 scuto
2517 2246 2672 2312 ﬁdei,
2715 2255 2773 2302 et
2805 2246 2988 2317 gladio
3020 2246 3282 2315 Spiritus,
3327 2245 3562 2300 docetur

1959 2337 2215 2405 praelium
2265 2351 2561 2391 conserere
2620 2351 2746 2391 cum
2801 2335 3085 2409 hostibus
3114 2335 3231 2390 suis
3251 2336 3332 2388 ”:
3381 2343 3439 2390 et
3478 2335 3557 2389 sic

1956 2437 2166 2483 armata
2217 2428 2428 2499 Spiritu
2470 2428 2712 2493 Domini,
2760 2428 2987 2482 dimicat
3020 2428 3288 2483 adversus
3326 2428 3560 2497 spiritus

1957 2520 2200 2584 malitiae,
2224 2530 2280 2576 et
2304 2520 2810 2591 ignita'nequissimi
2845 2519 2949 2574 tela
2973 2520 3300 2591 exstinguit.
3329 2520 3555 2589 Absque

1958 2611 2111 2667 enim
2156 2612 2326 2667 armis
2356 2612 2597 2683 Spiritus
2644 2627 2754 2667 non
2811 2612 3170 2683 progreditur
3235 2613 3293 2666 in
3340 2612 3557 2667 aciem:

1960 2704 2176 2759 habens
2203 2720 2338 2760 vero
2367 2720 2521 2759 arma
2547 2704 2790 2769 Domini,
2829 2704 2925 2759 ubi
2948 2704 3197 2759 audierit
3229 2720 3294 2759 ac
3321 2704 3559 2760 senserit

1955 2796 2307 2852 vehementia
2330 2796 2493 2860 bella,
2518 2811 2641 2850 cum
2659 2796 3027 2851 exsultatione
3044 2811 3109 2850 ac
3122 2797 3363 2851 clamore
3386 2795 3558 2866 proﬁ-

1960 2887 2214 2953 ciscitur,
2240 2887 2385 2942 sicut
2419 2888 2472 2940 in
2506 2887 2648 2946 libro
2677 2885 2781 2941 Job
2824 2886 3035 2942 dictum
3069 2896 3192 2942 est:
3227 2885 3377 2952 Quod
3398 2889 3560 2941 etiam

1955 2981 2076 3051 ipsa
2124 2995 2245 3033 voce
2274 2979 2533 3033 orationis
2559 2977 2869 3032 occumbant
2922 2978 3144 3031 inimici.
3178 2977 3250 3032 Et
3274 2977 3355 3031 sic
3382 2985 3562 3031 trans-

1958 3078 2082 3125 acto
2131 3070 2309 3135 bello,
2365 3076 2635 3139 partaque
2680 3067 2918 3123 victoria
2966 3066 3243 3122 beneﬁcio
3292 3065 3559 3137 Spiritus,

263 3158 493 3229 Κυρίου,
526 3159 655 3213 ὅταν
691 3159 901 3231 ἀκούσῃ
940 3160 1036 3213 καὶ⁷
1090 3160 1355 3230 αἴσθηται
1414 3159 1665 3232 σφοδρῶν
1696 3160 1855 3213 πολέ-

1967 3161 2132 3218 refert
2156 3161 2271 3232 89
2295 3175 2529 3217 coronas
2557 3159 2880 3215 vicloriales
2904 3174 3031 3215 cum
3063 3160 3225 3229 plena
3251 3158 3479 3224 ﬁducia,
3502 3166 3563 3213 et

267 3221 404 3324 μων,
437 3221 496 3307 ὲν
512 3221 983 3324 ἀλαλάγματιςιαὶ
1003 3257 1220 3325 κραυγῇ
1246 3221 1638 3326 έκπορεύετίιι,
1666 3254 1852 3320 καθὼς

1967 3252 2038 3308 ita
2066 3221 2372 3322 requgscit
2406 3265 2534 3307 cum
2573 3249 2785 3306 caelesti
2816 3250 2987 3321 Rege.
3037 3221 3141 3305 (iui
3174 3248 3350 3321 gloria
3381 3256 3437 3303 et
3461 3221 3562 3317 po-

262 3346 325 3398 έν
351 3343 430 3415 τῷ
483 3343 604 3397 Ἰὼϐ
643 3345 881 3415 είρηται,
931 3346 1014 3398 ὅτι
1061 3344 1156 3398 καὶ
1188 3344 1287 3399 ἀπ’
1318 3345 1492 3415 αὐτῆς
1521 3344 1621 3414 τῆς
1664 3344 1852 3414 φωνῆς

1960 3346 2133 3400 tentia
2161 3344 2217 3399 in
2245 3344 2468 3399 saecula.
2504 3343 2703 3398 Amen.

261 3436 362 3505 τῆς
397 3436 631 3507 δεήσεως
684 3436 854 3506 αὐτῆς
900 3436 1304 3507 προπίπτουσιν
1361 3439 1413 3491 oi
1468 3438 1693 3508 ἐχθροί*
1730 3438 1827 3490 καὶ
1859 3436 2032 3501 οὕτως
2089 3435 2481 3507 ἀγωνισαμένη
2528 3436 2625 3490 καὶ⁵
2658 3436 2931 3507 νικήσασα
2980 3435 3069 3490 διὰ
3115 3432 3210 3487 τοῦ
3240 3431 3561 3503 Πνεύματος

260 3530 354 3605 τὸν
413 3530 667 3601 πόλεμον,
729 3531 1059 3602 νικηφόρους
1114 3533 1415 3603 στεφάνους
1437 3533 1761 3604 ἐπιφέρεται
1792 3534 1931 3603 μετὰ
1973 3534 2290 3606 παρρησίας
2324 3531 2550 3602 πολλῆς,
2602 3532 2700 3586 καὶ
2746 3531 2925 3598 οὓτως
2986 3531 3429 3587 συναναπαύεται
3481 3531 3563 3603 τῷ

262 3624 568 3696 ἐπουρανίῳ
628 3625 859 3696 βασιλεῖ.
880 3618 953 3696 ’ᾯ
978 3626 1013 3696 ἠ
1037 3623 1167 3692 δόξα
1228 3627 1322 3681 καὶ
1349 3630 1410 3681 τὸ
1432 3627 1634 3701 κράτος
1663 3628 1743 3692 είς
1769 3628 1901 3693 τοὺς
1932 3627 2163 3692 αἰῶνας.
2213 3627 2413 3699 ’Δμήν.

855 3760 1098 3817 ΟΜΙΛΙΑ
1137 3762 1267 3816 KA'.

273 3856 343 3911 Ἠ
364 3853 584 3918 στάσις
618 3851 739 3906 τῶν
776 3852 1147 3923 Χριστιανῶν
1181 3853 1339 3907 ἔοικε
1368 3851 1444 3921 τῇ
1468 3851 1723 3923 ἐμπορίᾳ
1755 3851 1854 3906 καὶ

337 3924 409 3992 τῇ
439 3924 713 3993 ζυμώσει.
754 3923 980 3991 Ὥσπερ
1022 3923 1137 3993 γὰρ,
1170 3926 1229 3977 ot
1267 3924 1516 3993 ἔμποροι
1569 3923 1642 3993 τὰ
1673 3923 1855 3993 γήϊνα

335 3991 515 4063 κέρδη
568 3991 1259 4063 ἐπισυνάγουσιέοῦτως
1299 3991 1413 4046 ’καὶ
1461 3991 1691 4047 ἐκεῖνοί
1735 3993 1856 4046 δια-

338 4061 816 4133 σκορπισμένους
846 4064 917 4118 ἐν
980 4061 1061 4129 τῷ
1116 4064 1284 4117 αίῶνι
1334 4065 1686 4133 λογισμούς.
1744 4062 1854 4117 Καί

335 4132 537 4203 ὥσπερ
562 4134 600 4201 ἡ
628 4132 778 4203 ζύμη
805 4135 1048 4203 φύραμα
1065 4133 1216 4187 ὅλον
1237 4132 1625 4202 ἀπεργάζεται
1643 4133 1853 4203 ζύμην,

336 4202 519 4270 οὕτως
558 4205 596 4269 ἡ
644 4202 950 4273 ζύμητῆς
996 4204 1288 4273 ἁμαρτίας
1342 4203 1469 4273 πᾶν
1516 4204 1692 4273 γένος
1746 4202 1854 4257 τοῦ

346 4275 528 4345 Ἀδὰμ
567 4272 881 4345 διατρέχει.
943 4272 1117 4345 Πλὴν
1171 4276 1204 4326 ὁ
1262 4272 1532 4345 Χριστὸς(
1568 4273 1856 4345 οὐράνιον

350 4292 528 4345 ’Λοαμ
567 4292 788 4343 σιατρε·
810 4292 881 4327 ει.
943 4292 1117 4338 (Mur
1171 4292 1203 4326 ο
1262 4292 1518 4340 ιιριστος
1568 4292 1855 4343 ουρανιον

333 4346 695 4470 aggerum;
738 4292 927 4413 ζύμην
969 4344 1099 4410 ταῖς
1141 4344 1386 4411 πισταῖς
1416 4344 1647 4415 ψυχαῖς
1695 4344 1855 4398 ἐντι-

375 4432 536 4486 ησιν.

2500 3761 2792 3817 HOMILIA
2821 3761 3015 3819 XXIV.

1961 3853 2147 3911 Status
2187 3853 2617 3910 Christianorum
2645 3856 2835 3909 similis
2866 3864 2941 3909 est
2984 3860 3299 3907 mercatura:
3351 3861 3399 3904 et
3443 3853 3556 3921 fer-

2035 3924 2371 3979 mentationi.
2409 3924 2638 3979 Perinde
2681 3926 2822 3977 enim
2863 3941 2925 3977 ac
2970 3933 3285 3976 mercatores
3344 3930 3558 3977 terrena

2034 3995 2291 4065 colligunt
2318 3994 2501 4061 lucra,
2536 3997 2610 4047 sic
2629 3994 2713 4047 illi
2736 3996 3003 4063 dispersas
3051 4008 3143 4062 per
3187 3993 3279 4045 hoc
3303 3992 3558 4049 sarculum

2035 4067 2403 4138 cogitationes.
2530 4065 2977 4138 quemadmodum
3002 4067 3329 4138 fermentum
3388 4072 3558 4118 totam

2037 4133 2273 4190 massam
2310 4136 2486 4190 reddit
2518 4133 2929 4206 fermentatam;
2967 4133 3042 4188 sic
3081 4133 3397 4206 [amentum
3422 4150 3557 4206 pec-

2041 4209 2147 4261 cati
2182 4206 2487 4261 universum
2518 4202 2687 4276 genus
2723 4205 2853 4260 Ade:
2873 4202 3151 4276 percurrit.
3189 4202 3377 4276 Verum
3400 4202 3558 4259 Chri-

2034 4286 2147 4334 stus
2184 4277 2390 4331 caeleste
2439 4273 2688 4331 bonitatis
2726 4273 3042 4346 fermentum
3077 4273 3319 4343 ﬁdelibus
3365 4276 3558 4330 animi:

2033 4349 2289 4418 infundit.

280 4572 292 4584 ·
334 4555 408 4608 A'.
449 4553 723 4607 Ἐοίκασιν
751 4552 801 4605 oi
825 4550 1149 4622 Χριστιανοὶ
1166 4551 1429 4623 ἐμπόροις
1461 4550 1697 4621 μέγιστα
1723 4566 1854 4621 κερ-

2029 4547 2072 4604 I.
2116 4545 2341 4602 Similes
2388 4554 2521 4601 sunt
2547 4544 2849 4601 Christiani
2881 4544 3307 4609 mercatoribus,
3338 4544 3431 4615 qui
3468 4545 3558 4599 in-

261 4646 332 4716 δη
374 4642 862 4716 ἐμπορευομένοις.
896 4642 1108 4711 Ὠσπερ
1145 4642 1255 4712 γὰρ
1294 4643 1493 4695 ἐκεῖνοι
1523 4642 1587 4695 ὲκ
1620 4642 1719 4712 τῆς
1749 4644 1853 4710 γῆς

260 4735 334 4790 τὰ
374 4736 537 4807 γήϊνα
592 4735 759 4806 κέρδη
827 4732 1272 4800 έπισυνάγουσιν,
1299 4731 1475 4795 οὕτως
1532 4726 1681 4786 οὗτοι
1747 4733 1850 4801 τῆς

1951 4648 2171 4711 gentem
2203 4645 2491 4708 quaestum
2551 4653 2620 4692 ex
2662 4644 2979 4691 mercatura
3010 4636 3246 4692 faciunt.
3279 4637 3558 4704 Quemad—

1952 4732 2180 4787 modum
2210 4731 2361 4786 enim
2411 4729 2470 4784 bi
2523 4744 2555 4785 e
2603 4737 2753 4785 terra
2808 4738 3029 4785 terrena
3059 4731 3330 4801 colligunt
3369 4731 3555 4794 lucra;

264 4828 472 4883 ἑαυτῶν
505 4827 738 4898 καρδίας
771 4824 1245 4896 ἐσκορπισμένους
1278 4824 1404 4886 τοὺς
1445 4823 1744 4892 λογισμοὺς
1797 4825 1854 4876 ἐν

1967 4822 2145 4878 :odem
2167 4821 2332 4876 modo
2350 4821 2429 4876 illi
2446 4820 2633 4876 cordis
2653 4821 2740 4876 sui
2760 4820 3047 4891 dispersas
3067 4822 3433 4893 cogitationes
3460 4832 3557 4889 per

263 4918 342 4989 τῷ
373 4920 527 4974 αἰῶνι
553 4918 727 4989 τούτῳ
756 4916 847 4971 διὰ
873 4915 1066 4970 πασῶν
1107 4913 1339 4986 ἀρετῶν,
1370 4914 1461 4968 καὶ
1500 4913 1589 4967 διὰ
1616 4917 1717 4984 τῆς
1757 4913 1852 4967 τοῦ

264 5009 578 5078 Πνεύματος
622 5008 929 5077 δυνάμεως,
955 5006 1117 5059 ὲπισυ
1129 5004 1414 5072 λλέγουσιν
1442 5005 1507 5057 ὲκ
1533 5002 1718 5074 πάσης
1749 5003 1851 5073 τῆς

264 5100 387 5170 γῆς,
427 5102 551 5173 ἥτις
603 5099 721 5153 ἐστὶ
773 5099 1003 5170 μεγίστη
1052 5098 1147 5152 καὶ
1198 5096 1430 5168 ἀληθινὴ
1461 5096 1730 5168 ἐμπορία.
1791 5096 1849 5148 '0

264 5192 464 5262 κόσμος
514 5192 625 5265 γὰρ
651 5186 807 5255 οὗτος
851 5188 929 5261 τῷ
978 5190 1174 5260 κόσμῳ
1204 5188 1281 5259 τῷ
1311 5188 1424 5243 ἄνω
1470 5187 1847 5243 ἐναντιοῦται·

266 5282 408 5336 καὶὸ
439 5283 574 5339 αἰὼν
604 5277 760 5347 οὗτος
784 5281 865 5353 τῷ
898 5283 1011 5337 ἀνω
1040 5282 1197 5335 αἰῶνι
1239 5280 1566 5335 ἀντίκειται.
1611 5282 1705 5333 Δεῖ
1742 5278 1855 5331 τοί-

263 5388 357 5425 νυν
400 5373 490 5429 τὸν
538 5374 867 5447 Χριστιανὸν
899 5372 1038 5443 μετά
1067 5371 1169 5434 τάς
1213 5371 1376 5439 ἁγίας
1409 5372 1634 5443 Γραφάς
1680 5372 1851 5441 ἀρνη-

265 5464 496 5535 σάμενον
531 5469 625 5520 τὸν
676 5466 905 5537 κόσμον,
963 5464 1327 5536 μετατεθῆναι
1385 5465 1480 5518 καὶ
1543 5463 1849 5534 μεταϐῆναι
1901 5500 1905 5502 γ

264 5555 343 5627 τῷ
373 5556 470 5629 νῷ,
522 5559 588 5612 ὲκ
636 5558 826 5612 τούτου
878 5555 976 5610 τοῦ
1019 5556 1235 5623 αἰῶνος,
1292 5558 1351 5611 ὲν
1394 5549 1438 5624 ᾧ
1471 5555 1717 5626 ἔγκειται
1754 5557 1849 5611 καὶ⁹

265 5644 576 5714 δελεάζεται
622 5651 651 5704 ὁ
688 5648 817 5713 νοῦς
846 5648 957 5703 ἀπὸ
990 5648 1091 5720 τῆς
1121 5647 1495 5721 παραϐάσεως
1538 5647 1731 5718 ’Δδάμ,
1765 5648 1847 5711 είς

334 5834 379 5873 ³³
411 5834 615 5905 Ephes.
647 5851 719 5904 γι,
750 5835 831 5889 Η.

1957 4914 2066 4968 hoc
2114 4911 2403 4977 saeculum,
2454 4910 2705 4966 omnium
2735 4910 3010 4965 virtutum
3038 4910 3339 4977 beneﬁcio,
3384 4926 3449 4965 ac
3504 4910 3556 4963 vi

1956 5002 2199 5074 Spiritus
2244 5001 2444 5068 sancti,
2481 5001 2750 5072 colligunt
2790 5017 2860 5057 ex
2897 5001 3160 5057 universa
3211 5011 3392 5066 terra,
3436 5017 3559 5071 qua:

1952 5103 2039 5151 est
2071 5096 2309 5150 maxima
2346 5110 2412 5150 ac
2441 5109 2572 5149 vera
2624 5094 2948 5163 negotiatio.
2983 5093 3225 5148 Mundus
3278 5094 3425 5147 enim
3463 5093 3559 5146 hic

1954 5188 2163 5241 mundo
2199 5185 2472 5257 superiori
2524 5186 2888 5252 adversatur;
2925 5192 2982 5239 et
3011 5185 3274 5239 saaculum
3310 5185 3417 5238 hoc
3459 5200 3559 5238 saa-

1954 5280 2081 5333 culo
2116 5279 2391 5349 superiori
2416 5278 2732 5347 oppositum
2778 5285 2883 5331 est.
2917 5275 3149 5346 Oportet
3182 5276 3352 5346 igitur
3395 5275 3557 5329 Chri-

1958 5372 2201 5426 stianum
2238 5369 2545 5425 secundum
2577 5385 2766 5424 sacras
2798 5369 3039 5424 Litteras
3076 5369 3345 5423 mundum
3382 5368 3552 5421 alme-

1957 5470 2200 5533 gantem,
2231 5461 2539 5526 transferri,
2570 5477 2634 5515 ac
2675 5470 2859 5515 mente
2892 5460 3287 5516 transcendere
3328 5475 3397 5513 ex
3450 5459 3557 5512 hoc

1956 5555 2181 5620 saeculo,
2214 5554 2268 5608 in
2294 5569 2408 5623 quo
2442 5563 2697 5610 versatur
2730 5554 2983 5621 animus,
3015 5568 3080 5608 ac
3110 5552 3389 5608 illecebris
3434 5552 3558 5606 alli-

1954 5650 2100 5703 citur
2128 5661 2159 5701 a
2198 5654 2447 5716 tempore
2499 5644 2959 5719 transgressionis
3008 5644 3162 5712 Adae,
3207 5644 3265 5701 in
3315 5644 3557 5702 alterum
