3966 6490
499 383 607 448 [63

1761 387 1821 447 S.
1862 386 2181 448 MACARII
2223 386 2542 448 XEGYPTII
3666 380 3756 445 664

501 496 786 560 saeculum,
821 504 878 550 et
899 494 1185 550 lntellectu
1216 492 1274 549 in
1312 494 1583 565 superiori
1615 510 1679 551 ac
1700 494 1891 551 divino
1920 512 2081 552 mun-

2202 495 2355 552 ιίῶνα
2406 496 2617 566 ἕτερον,
2662 494 2759 549 καὶ
2806 490 2887 564 τῷ
2941 492 3261 565 φρονήματι
3302 488 3391 552 εις
3416 488 3510 542 τὸν
3541 489 3648 543 ἄνω
3671 491 3756 560 τῆς

502 586 575 640 do
620 586 871 641 versari:
916 585 1062 639 sicut
1093 584 1304 639 dictum
1336 594 1422 640 est
1467 604 1481 640 :
1512 585 1707 643 Nostra
1748 594 1927 647 autem
1962 604 2087 642 con-

507 678 728 732 versatio
760 679 816 731 in
852 675 989 731 caelis
1012 683 1088 731 est
1109 677 1177 731 “.
1222 692 1230 699 ’

577 769 645 823 ll.
687 768 802 824 lloc
833 778 1021 824 autem
1065 769 1219 825 nullo
1248 769 1415 825 modo
1443 769 1683 826 obtineri
1720 780 1925 841 potest,
1976 771 2086 831 nisi

509 860 691 914 anima
749 860 1053 915 crediderit
1097 876 1165 914 ex
1203 868 1320 915 toto
1350 861 1516 915 corde
1546 861 1801 928 Domino,
1848 863 1955 918 hoc
1989 879 2088 919 saa-

511 950 695 1005 culum
726 950 1008 1021 abnegans
1036 968 1048 1004 :
1078 959 1134 1005 et
1163 950 1338 1007 virtus
1360 950 1533 1006 divini
1567 951 1808 1022 Spiritus
1829 954 2088 1025 colligere

512 1048 692 1109 potest
718 1056 813 1095 cor
830 1056 927 1110 per
953 1040 1265 1095 universam
1290 1050 1492 1097 terram
1512 1042 1822 1113 dispersum
1854 1044 2091 1100 addilev

513 1132 751 1187 ctionem
800 1131 1041 1197 Domini,
1074 1138 1131 1185 et
1158 1131 1214 1185 in
1264 1132 1531 1187 mundum
1568 1141 1837 1188 aeternum
1868 1134 2088 1190 intelle-

516 1228 663 1273 ctum
711 1220 1021 1276 traducere.
1059 1220 1107 1275 A
1147 1228 1394 1291 tempore
1440 1222 1590 1276 enim
1637 1224 2092 1294 transgressionis

516 1310 665 1373 Adae,
700 1312 959 1382 dispersae
991 1321 1123 1369 sunt
1154 1329 1183 1368 a
1214 1313 1512 1371 dilectione
1562 1317 1661 1372 Dei
1726 1320 2092 1390 cogitationes

514 1401 713 1455 animae
742 1418 840 1471 per
875 1404 977 1459 hoc
1004 1407 1291 1471 saeculum,
1325 1409 1631 1464 commistae
1656 1413 1859 1467 crassis
1879 1428 1944 1467 ac
1981 1421 2093 1467 ter-

517 1493 666 1548 renis
701 1494 1147 1563 cogitationibus.
1182 1497 1382 1552 Verum
1424 1501 1891 1569 quemadmodum
1916 1503 2092 1558 Adam

516 1593 892 1655 transgressus
916 1588 1254 1655 mandatum,
1308 1588 1640 1646 fermentum
1690 1594 2092 1650 malitiosarum

514 1676 870 1732 all'ectionum
916 1679 971 1733 in
1003 1695 1062 1735 se
1109 1681 1356 1750 recepit:
1403 1680 1486 1738 sic
1518 1700 1738 1755 quoque
1792 1688 2094 1759 participa-

517 1768 664 1822 tione
691 1769 951 1839 quadam,
992 1771 1087 1839 qui
1130 1787 1200 1826 ex
1230 1787 1298 1827 eo
1329 1774 1444 1829 nati
1477 1783 1627 1839 sunt,
1661 1792 1729 1832 ac
1771 1779 2089 1834 universum

513 1875 689 1929 genus
726 1862 857 1916 Ada:
913 1861 1062 1916 illius
1109 1863 1367 1921 fermenti
1399 1868 1679 1939 particeps
1726 1870 1933 1926 factum
1974 1883 2090 1934 est;

514 1960 776 2006 caeterum
813 1963 1001 2022 postea
1034 1971 1134 2025 pro
1176 1957 1393 2031 ratione
1421 1958 1748 2016 incrementi
1779 1962 1834 2016 in
1881 1973 2093 2018 tantum

515 2054 904 2113 excreverunt,
940 2055 995 2102 et
1038 2047 1288 2107 adauctae
1328 2060 1460 2108 sunt
1506 2053 1563 2108 in
1594 2053 1913 2111 hominibus
1960 2056 2096 2112 affe-

516 2136 730 2191 ctiones
759 2139 990 2208 peccati,
1030 2148 1092 2195 ut
1124 2141 1195 2196 ad
1241 2142 1516 2199 adulteria
1559 2160 1757 2216 usque,
1801 2147 2092 2213 libidines,

470 2296 473 2299 _
517 2226 876 2295 idololatrias,
898 2231 1094 2297 caedes,
1107 2241 1164 2287 et
1178 2233 1283 2288 alia
1296 2234 1537 2291 absurda
1555 2236 1904 2301 devenerint,
1917 2238 2096 2296 donec

516 2317 652 2372 vitio
699 2318 1030 2377 fermentata
1069 2331 1215 2378 esset
1262 2325 1597 2382 humanitas.
1648 2328 1718 2382 Et
1764 2328 1821 2382 in
1880 2337 2093 2384 tantum

514 2410 759 2465 excrevit
794 2410 850 2465 in
894 2411 1215 2469 hominibus
1242 2415 1471 2482 malum,
1500 2425 1562 2472 ut
1588 2426 1869 2487 putarent,
1913 2436 2095 2491 neque

517 2500 687 2555 Deum
729 2517 889 2569 esse;
925 2519 1123 2560 verum
1164 2505 1498 2564 inanimatos
1524 2509 1738 2581 lapides
1774 2513 2093 2581 adorarent,

516 2602 695 2658 neque
763 2590 1050 2648 intellectu
1097 2595 1323 2664 quidem
1377 2598 1552 2653 Deum
1619 2604 2095 2674 comprehendere

514 2690 757 2749 possent,
794 2690 901 2737 tam
954 2685 1064 2741 alte
1119 2700 1505 2759 consperserat
1564 2691 1901 2751 fermentum
1932 2699 2094 2753 mali-

515 2771 777 2829 tiosarum
803 2774 1161 2834 aﬂ‘ectionum
1194 2780 1400 2837 veteris
1437 2782 1569 2840 Adae
1607 2788 1951 2858 progeniem.

583 2953 676 3009 111.
721 2955 927 3011 Eodem
975 2958 1141 3014 modo
1191 2960 1400 3029 placuit
1449 2962 1683 3019 Domino
1740 2965 1797 3019 in
1855 2967 2094 3023 adventu

513 3059 616 3099 suo
668 3046 781 3116 pati
823 3063 925 3117 pro
959 3050 1242 3116 omnibus,
1280 3063 1337 3108 et
1378 3053 1652 3110 redimere
1713 3072 1810 3112 eos
1871 3059 2097 3127 proprio

2188 588 2440 659 θεότητος
2470 588 2672 658 κόσμον
2703 583 2868 653 εἶναι,
2897 585 3082 649 καθὼς
3103 587 3330 655 εἴρηται
3348 598 3366 616 ο
3408 579 3601 653 Ἠμῶν
3624 581 3687 635 δὲ
3706 583 3763 636 τὸ

2188 681 2529 748 ,πολίτευμα
2565 678 2635 733 ἐν
2673 675 2956 745 οὐρανοῖς
2983 673 3272 743 ὑπάρχει.

2259 770 2337 824 B'.
2381 769 2552 824 Τοῦτο
2585 768 2644 823 δέ
2692 766 2945 837 οὐδαμῶς
2990 765 3215 820 δύναται
3263 758 3701 833 κατορθωθῆναι,
3727 762 3767 814 εί

2193 861 2269 932 μὴ
2303 862 2336 931 ἡ
2368 860 2515 932 ψυχὴ
2563 858 2847 913 πιστεύσει
2895 857 2955 922 ἐξ
3005 855 3134 925 ὅλης
3168 852 3415 948 καρδίας
3439 850 3561 948 Ατῷ.
3582 851 3766 948 Κυρίῳδ

2190 951 2545 1023 ἁρνησαμένη
2595 950 2689 1003 τὸν
2733 947 2908 1002 αἰῶνα
2953 946 3165 1011 τοῦτον,
3200 944 3309 997 καὶ
3352 945 3390 1011 ἡ
3434 940 3662 1009 δυνάμις
3690 940 3767 992 τοῦ

2192 1041 2375 1096 θεῖκοῢ
2426 1040 2744 1111 Πνεύματος
2787 1037 3110 1105 ἐπισυνάξαι
3160 1035 3408 1089 δύναται
3458 1031 3559 1103 τὴν
3603 1033 3769 1099 ἐσκορ·

2193 1133 2466 1204 πισμὲνην
2497 1132 2730 1203 καρδίαν
2760 1131 2818 1185 ἐν
2843 1130 2942 1203 ὅλῃ
2983 1131 3051 1200 τῇ
3078 1130 3174 1199 γῇ,
3208 1127 3300 1190 είς
3329 1124 3436 1196 τὴν
3469 1122 3566 1177 τοῦ
3587 1122 3767 1192 Κυρίου

2192 1224 2437 1294 ἀγάπην,
2473 1222 2569 1276 καὶ
2598 1223 2679 1285 εἰς
2700 1220 2792 1274 τὸν
2818 1217 3037 1274 αἰώνιον
3065 1217 3278 1287 κόσμον
3304 1214 3373 1269 τὸ
3399 1213 3655 1286 φρόνημα
3690 1228 3769 1281 με·

2192 1316 2508 1385 τατεθῆναι.
2564 1313 2699 1368 ’Δπδ
2737 1313 2845 1384 γὰρ
2893 1312 2998 1382 τῆς
3043 1309 3139 1364 τοῦ
3182 1308 3374 1377 Ἀδὰμ
3424 1304 3769 1376 παραδάσεως

2193 1404 2634 1475 ἐσκορπίσθησαν
2665 1402 2775 1456 ἀπὸ
2814 1402 2917 1472 τῆς
2964 1400 3191 1469 ἀγάπης
3235 1395 3342 1450 τοῦ
3390 1393 3533 1449 Θεοῦ
3574 1393 3766 1459 οίλογισ

2196 1496 2326 1568 σμοὶ
2357 1494 2457 1563 τῆς
2502 1493 2705 1565 ψυχῆς,
2742 1494 2825 1558 είς
2860 1492 2953 1547 τὸν
3003 1492 3177 1545 αἰῶνα
3210 1488 3441 1550 τοῦτον,
3483 1484 3767 1554 συμμιγένο

2194 1606 2285 1651 τες
2340 1587 2543 1650 ὑλικοίς
2593 1585 2688 1639 καὶ
2733 1584 2945 1654 γηῖνοις
3000 1582 3317 1652 λογισμοῖς.
3367 1578 3517 1633 Ἀλλ’
3542 1575 3765 1646 ὥσπερὸ

2209 1679 2380 1750 ’Δδὰμ
2409 1678 2665 1749 παραϐὰς
2697 1678 2879 1749 ζύμην
2910 1675 3111 1738 κακίας
3147 1671 3349 1727 παθῶν
3384 1668 3677 1733 ὑπεδέξατο
3701 1669 3766 1730 είς

2197 1774 2411 1838 ἑαυτὸν,
2445 1772 2540 1827 καὶ
2567 1772 2740 1835 οὓτως
2763 1770 2906 1825 κατὰ
2958 1767 3195 1840 μετοχὴν
3222 1766 3277 1819 οί
3307 1763 3371 1831 ἐξ
3406 1762 3575 1817 αὑτοῦ
3601 1775 3765 1830 γεννηο

2126 1831 2166 1885 Β
2198 1831 2408 1929 θέντες,
2435 1864 2528 1919 καὶ
2559 1864 2667 1921 πᾶν
2704 1831 2765 1917 τὸ
2800 1831 2974 1931 γένος.
3000 1831 3195 1928 asia,
3230 1857 3461 1927 ἐκείνης
3486 1854 3584 1924 τῆς
3615 1852 3764 1921 ζύμης

2198 1954 2460 2027 μετέσχε·
2494 1955 2587 2010 καὶ
2620 1954 2806 2010 λοιπὸν
2833 1952 2974 2014 κατὰ
3002 1948 3300 2021 προκοπὴν
3330 1948 3431 2002 καὶ
3456 1943 3675 2015 αὔξησιν
3700 1945 3763 2005 εἰς

2194 2046 2447 2102 τοσοῦτον
2495 2045 2734 2116 ηὔξησεν
2784 2045 2843 2098 ἐν
2886 2044 3001 2107 τοῖς
3052 2039 3374 2113 ἀνθρώποις
3414 2038 3485 2091 τὰ
3521 2036 3661 2104 πάθη
3684 2034 3764 2100 τῆς

2194 2135 2493 2207 ἁμαρτίας,
2523 2133 2665 2189 ὥστε
2720 2134 2826 2197 ἕως
2871 2131 3169 2204 πορνειῶν,
3202 2131 3307 2184 καὶ
3343 2127 3662 2195 ἀσελγειῶν,
3686 2124 3760 2178 καὶ

2195 2226 2678 2297 εἰδωλολατρειῶν,
2712 2225 2807 2279 καὶ
2857 2224 3053 2293 φόνων,
3110 2221 3205 2281 καὶ
3250 2221 3470 2291 ἐτέρων
3503 2217 3760 2286 ἁτοπημὰη

2193 2336 2303 2373 των
2329 2319 2601 2390 χωρῆσαι,
2628 2319 2734 2381 ἕως
2759 2310 2820 2371 οὗ
2860 2315 3121 2387 ἐζυμώθη
3149 2316 3219 2386 τῇ
3265 2312 3446 2382 κακίᾳ
3497 2313 3529 2381 ὴ
3584 2310 3761 2378 ἀνθρω-

2196 2413 2403 2480 πότης·
2436 2412 2533 2465 καὶ
2580 2413 2661 2476 είς
2709 2409 2968 2464 τοσοῦτον
3013 2406 3257 2479 ηὔξησεν
3281 2407 3343 2459 ἐν
3395 2402 3692 2474 ἀνθρώποις
3714 2400 3762 2455 tt

2196 2502 2385 2568 κακὸν,
2421 2502 2496 2567 ὡς
2528 2498 2804 2572 νομίζειν,
2830 2501 2973 2572 μήτε
3022 2493 3166 2553 εἶναι
3216 2497 3381 2565 Θεδν,
3438 2495 3575 2552 ἀλλὰ
3621 2492 3759 2552 λίθοις

2202 2594 2432 2665 ἀψύχοις
2477 2594 2882 2667 προσκυνῆσαι,
2912 2593 3052 2664 μήτε
3101 2590 3209 2645 κᾶν
3263 2591 3378 2652 ἓως
3410 2588 3616 2650 ἐννοίας
3653 2584 3759 2639 Θεὸν

2195 2687 2496 2757 λαμϐάνειν
2544 2685 2825 2752 δύνασθαι,
2861 2686 2943 2748 είς
2992 2682 3253 2738 τοσοῦτον
3305 2682 3596 2753 ἐζύμωσεν
3622 2680 3654 2750 ἡ
3678 2677 3758 2745 τῆς

2196 2777 2399 2841 κακίας
2449 2777 2557 2832 τῶν
2611 2777 2801 2831 παθῶν
2858 2774 3008 2846 ζύμη
3060 2774 3124 2827 τὸ
3179 2774 3346 2843 γένος
3406 2773 3502 2827 τοῦ
3564 2766 3757 2829 παλαιοῦ

2209 2869 2400 2924 Ἀδάμ.

2267 2886 2483 3015 ἔμῶδν
2515 2959 2679 3014 αὑτὸν
2709 2958 2913 3030 τρόπον
2952 2956 3258 3029 εὐδόκησεν
3310 2957 3342 3010 δ
3397 2957 3600 3026 Κύριος
3632 2953 3683 3005 ἐν
3705 2952 3759 3023 τῇ

2197 3048 2463 3121 ἐπιδημίᾳ
2491 3051 2661 3103 αὐτοῦ
2694 3048 2889 3103 παθεῖν
2934 3048 3076 3120 ὑπὲρ
3124 3049 3379 3115 πάντων,
3408 3047 3504 3100 καὶ
3527 3043 3757 3115 ἀγοράσαι

515 3138 808 3209 sanguine,
833 3147 890 3194 et
910 3140 1245 3196 fermentum
1263 3143 1488 3198 caleste
1517 3143 1782 3201 bonitatis
1805 3147 2097 3205 infundere

2204 3143 2404 3207 αὐτοὺς
2444 3141 2523 3212 τῷ
2577 3142 2693 3213 ίδίῳ
2721 3143 2942 3210 αἵματι,
2972 3141 3070 3195 καὶ
3092 3141 3279 3213 ζύμην
3303 3139 3622 3211 ἐπουράνιον
3647 3136 3757 3201 ἀγα·

515 3225 775 3283 fidelibus
801 3229 1092 3287 animabus
1131 3232 1238 3287 sub
1263 3234 1455 3304 jugum
1476 3236 1690 3305 peccati
1734 3237 1973 3294 redactis
2002 3256 2015 3293 :
2041 3248 2098 3294 et

516 3319 593 3377 ita
639 3320 990 3395 promotione
1042 3338 1108 3379 ac
1168 3324 1512 3381 incremento
1556 3342 1779 3383 omnem
1831 3330 2099 3401 justitiam

518 3411 922 3477 mandatorum,
960 3430 1263 3486 omnesque
1293 3418 1532 3473 virtutes
1567 3419 1624 3473 in
1664 3420 1747 3475 eis
1797 3422 2098 3491 complere,

518 3503 697 3565 donec
720 3503 1188 3560 fermentarentur
1219 3507 1274 3561 in
1305 3524 1478 3563 unum
1515 3509 1571 3563 in
1608 3510 1779 3577 bono,
1807 3520 1865 3567 et
1905 3511 2103 3567 tierent

518 3613 637 3651 cum
661 3597 887 3651 Domino
916 3615 1053 3653 unus
1082 3597 1313 3671 Spiritus
1334 3601 1403 3666 ",
1452 3602 1609 3673 juxta
1660 3603 1870 3658 dictum
1921 3605 2099 3671 Pauli,

520 3689 596 3744 ita
650 3697 711 3744 ut
754 3690 966 3749 malitia
1003 3705 1068 3745 ac
1103 3691 1373 3762 nequitia,
1419 3708 1489 3748 ne
1547 3697 1840 3764 pervenire
1876 3697 2102 3765 quidem

518 3778 693 3849 possit
726 3777 795 3835 ad
840 3779 1228 3850 cogitationem
1265 3781 1485 3847 animae,
1517 3781 1728 3852 Spiritu
1766 3784 1957 3840 divino
1986 3786 2099 3856 pla—

518 3885 587 3924 ne
625 3884 688 3928 ac
732 3869 954 3940 penitus
1002 3870 1367 3937 fermentatae,
1407 3883 1469 3929 ut
1505 3874 1717 3930 dictum
1757 3885 1884 3932 est:
1917 3876 2105 3934 Chari-

520 3969 602 4021 tas
630 3976 733 4014 non
757 3963 953 4031 cogitat
983 3962 1185 4016 malum
1201 3964 1268 4029 ",
1295 3971 1352 4018 et
1372 3980 1494 4033 qua:
1519 3974 1851 4037 sequuntur.
1880 3959 2104 4039 Absque

519 4053 791 4122 fermento
823 4069 955 4109 vero
988 4056 1222 4121 cmlesti,
1256 4056 1404 4125 quod
1446 4065 1533 4111 est
1557 4058 1739 4114 virtus
1764 4058 1939 4114 divini
1982 4060 2106 4131 Spi-

521 4145 680 4206 ritus.
700 4145 812 4216 90
832 4145 1156 4203 fermentari
1186 4148 1436 4204 bonitate
1465 4149 1707 4217 Domini,
1740 4158 1797 4205 et
1826 4151 1896 4206 ad
1932 4153 2103 4207 vitam

2201 3234 2427 3304 θότητος
2481 3233 2716 3288 ἐνθεῖναι
2769 3236 2892 3297 ταῖς
2949 3235 3170 3297 πισταίς
3213 3233 3424 3303 ψυχαῖς
3454 3221 3758 3285 ταπεινωθεῐη

2204 3343 2325 3391 σαις
2364 3326 2470 3380 ὑπὸ
2523 3328 2623 3397 τὴν
2678 3327 2994 3397 ἁμαρτίαν·
3058 3327 3157 3381 καὶ
3218 3326 3370 3380 οὓτω
3416 3321 3595 3376 λοιπὸν
3641 3314 3753 3371 κατὰ

2210 3416 2498 3488 προκοπὴν
2534 3417 2627 3469 καὶ
2663 3415 2916 3487 αὕξησιν,
2948 3417 3133 3470 πᾶσαν
3160 3414 3515 3483 δικαιοσύνην
3540 3404 3751 3465 ἐντολῶν.

2202 3509 2298 3561 καὶ
2327 3506 2507 3570 πάσας
2554 3507 2753 3576 ἀρετὰς
2786 3508 2843 3560 ἐν
2875 3507 3074 3571 αὐτοῖς
3121 3506 3464 3568 ἐπιτελέσαι,
3491 3503 3589 3564 ἓως
3610 3492 3663 3592 ού
3679 3495 3753 3592 (υς

2206 3597 2462 3671 μωθῶσιν
2484 3598 2564 3661 είς
2590 3596 2648 3651 ἓν
2679 3601 2737 3651 ἐν
2762 3596 2841 3667 τῷ
2868 3596 3085 3667 ἀγαθῷ,
3113 3597 3211 3649 καὶ
3235 3597 3506 3665 γένωνται
3533 3587 3661 3661 μετὰ
3678 3587 3752 3637 τοῦ

2204 3692 2409 3762 Κυρίου
2461 3692 2543 3753 είς
2574 3689 2633 3743 ἓν
2667 3689 2894 3760 Πνεῦμα
2928 3689 3072 3743 κατὰ
3118 3688 3181 3743 τὸ
3208 3688 3395 3757 λόγιον
3426 3685 3645 3746 Παύλου,
3677 3691 3752 3731 κα·

2205 3783 2330 3845 κίας
2380 3783 2475 3835 καὶ
2536 3782 2802 3853 πονηρίας
2859 3781 2997 3852 μηδέ
3030 3781 3225 3853 μέχρις
3261 3780 3473 3842 ἐννοίας
3500 3775 3656 3831 ἐλθεῖν
3680 3769 3753 3822 δυ-

2203 3873 2449 3943 ναμένης
2478 3872 2539 3926 ἐν
2567 3875 2634 3943 τῇ
2665 3871 2970 3945 ζυμωμὲνῃ
2996 3874 3142 3943 ψυχῇ
3179 3874 3277 3945 ὅλῃ
3316 3872 3374 3940 ἐξ
3404 3872 3522 3925 ὅλου
3558 3864 3627 3934 τῷ
3650 3859 3750 3927 θείῳ

2204 3966 2508 4036 Πνεύματι,
2535 3963 2719 4029 καθὼς
2749 3963 2987 4034 εἴρηται,
3006 3963 3287 4035 Ἠὰγὰπη
3318 3965 3393 4020 οὐ
3412 3956 3680 4031 λογίζεται
3700 3948 3751 4003 τὸ

2204 4058 2418 4123 κακὸν,
2454 4058 2550 4111 καὶ
2600 4057 2671 4110 τὰ
2702 4056 2991 4111 ἀκόλουθα.
3037 4057 3204 4110 Ἀνευ
3244 4057 3307 4111 δέ
3357 4055 3451 4110 τοῦ
3494 4041 3748 4122 προξυμίου

2203 4147 2299 4202 τοῦ
2340 4146 2690 4220 ἐπουρανίου,
2723 4147 2863 4218 ὅπερ
2917 4148 3067 4202 ἐστὶν
3096 4149 3131 4219 ή
3163 4147 3261 4202 τοῦ
3297 4146 3447 4202 θείου
3478 4138 3749 4208 Πνεύματος

518 4238 813 4309 pervenire
845 4237 1108 4303 animam,
1137 4254 1369 4309 prorsus
1408 4256 1520 4295 non
1568 4248 1775 4312 potest.
1819 4241 1974 4297 Sicut
2004 4260 2097 4300 nec

2204 4241 2455 4310 δύναμις,
2505 4238 2826 4311 ζυμωθῆναι
2860 4241 2919 4293 ἐν
2949 4242 3016 4312 τῇ
3050 4240 3389 4311 χρηστότητι
3435 4234 3527 4291 τοῦ
3557 4223 3746 4297 Κυρίου,

518 4343 694 4399 genus
743 4327 874 4382 Adae
926 4327 995 4382 ad
1043 4338 1253 4383 tantam
1323 4330 1587 4387 malitiam
1646 4346 1712 4389 ac
1796 4334 2106 4404 nequitiam

520 4418 769 4481 converti
798 4424 1036 4488 poterat,
1073 4419 1180 4476 nisi
1208 4420 1433 4477 malitiae
1462 4421 1816 4491 fermentum,
1848 4427 1993 4497 quod
2021 4437 2106 4483 est

2205 4332 2301 4386 καὶ
2329 4331 2669 4401 καταντῆσαι
2713 4329 2895 4400 ψυχὴν
2944 4329 3027 4392 είς
3053 4328 3219 4399 ζωὴν,
3252 4328 3534 4383 ἀδύνατον.
3570 4318 3747 4379 Ὠσπερ

2204 4425 2328 4479 οὐδὲ
2356 4424 2419 4478 τδ
2463 4423 2620 4494 γένος
2651 4422 2747 4478 τοῦ
2783 4422 2958 4493 Ἀδὰμ
3008 4424 3091 4486 εἰς
3142 4422 3416 4492 τοσαύτην
3459 4414 3637 4472 κακίαν
3674 4401 3747 4458 καὶ

523 4518 831 4580 peccatum,
888 4522 943 4564 et
986 4510 1214 4569 facultas
1242 4514 1494 4583 quaedam
1537 4517 1709 4573 animi
1757 4518 1976 4576 Satanas
2021 4521 2097 4577 in-

2212 4493 2482 4586 πονηρίαν
2509 4512 2860 4585 ἐκτραπῆναι
2892 4511 3150 4582 ἠδύνατο,
3195 4512 3244 4565 εί
3276 4512 3354 4583 μὴ
3385 4509 3444 4563 τὸ
3468 4507 3562 4575 τῆς
3588 4493 3747 4586 κακίας

523 4601 822 4668 tellectiva,
854 4617 981 4658 eum
1016 4601 1408 4660 subintrasset.

588 4775 678 4832 IV.
710 4774 1185 4844 Quemadmodum
1206 4780 1378 4847 enim,
1397 4782 1443 4837 si
1461 4783 1587 4853 quis
1612 4784 1843 4841 farinam
1863 4789 2104 4860 subigat,

518 4882 623 4933 nec
646 4866 982 4922 fermentum
1026 4869 1264 4940 injiciat,
1296 4882 1641 4943 quantOpere
1686 4876 1945 4932 videatur
1987 4879 2104 4933 ela-

2212 4607 2535 4679 προζύμιον,
2567 4605 2706 4677 ὅπερ
2733 4606 2880 4661 ἐστὶν
2908 4606 2941 4676 ἡ
2975 4603 3245 4674 ἁμαρτία,
3271 4596 3583 4669 ύπεισῆλϐεν
3608 4588 3742 4650 αὐτῷ’

2212 4700 2406 4771 λογική
2435 4717 2521 4763 τις
2554 4698 2689 4752 οὖσα
2722 4699 2817 4751 καὶ
2844 4696 3008 4770 νοερὰ
3033 4696 3262 4766 δύναμις
3286 4695 3379 4749 τοῦ
3407 4689 3589 4746 Σατᾶν.

2284 4764 2359 4847 d’.
2391 4764 2604 4862 ίὩσπερ
2635 4790 2744 4859 γὰρ
2769 4790 2882 4862 ,ἐάν
2913 4764 2997 4851 τίς
3026 4764 3230 4859 ἄλευρα
3263 4785 3499 4856 φυράσῃ,
3535 4776 3600 4847 μὴ
3638 4764 3742 4839 βάλῃ

2212 4882 2270 4936 δέ
2297 4881 2623 4953 προζύμιον,
2658 4881 2782 4934 ὅσον
2810 4879 2877 4934 ἂν
2907 4879 3039 4951 δοκῇ
3079 4877 3458 4949 ἐπιμελεῖσθαι
3490 4867 3576 4924 καὶ
3611 4872 3744 4953 μετα·

518 4961 737 5024 borare,
769 4960 1047 5016 invertere
1085 4977 1147 5016 ac
1191 4964 1431 5033 operari,
1474 4964 1735 5021 fermenti
1784 4983 1984 5038 expers
2024 4978 2097 5025 esl

2216 4950 2456 5038 ϐάλλειν,
2485 4950 2595 5026 καὶ
2625 4950 3090 5042 κατεργάζεσθαι,
3124 4970 3334 5042 ἄζυμον
3384 4969 3496 5021 ἐστι
3524 4960 3576 5013 τὸ
3606 4950 3743 5042 φύρας

520 5067 719 5116 massa,
752 5060 809 5108 et
831 5053 897 5107 ad
928 5069 1085 5108 esum
1118 5054 1301 5110 minus
1332 5058 1643 5112 commoda.
1678 5058 1782 5114 Ubi
1809 5076 1941 5115 vero
1980 5061 2111 5134 inji—

518 5143 700 5203 ciatur
718 5143 1073 5211 fermentum,
1094 5146 1265 5202 trahit
1289 5148 1356 5202 ad
1376 5163 1435 5203 se
1457 5158 1622 5204 totam
1641 5149 1830 5206 farina:
1850 5168 2109 5220 massam,

2219 5082 2319 5135 μα,
2355 5034 2453 5118 καὶ,
2477 5034 2852 5136 ἀνεπιτήδειον
2887 5034 2973 5126 *είς
3010 5034 3248 5133 βρῶσινί
3285 5059 3422 5115 ἐπὰν
3448 5054 3503 5107 δὲ
3551 5034 3741 5142 βληῆῇή

2219 5154 2391 5226 ζύμη,
2426 5154 2577 5208 ἕλκει
2626 5153 2764 5223 πρὸς
2808 5151 2979 5222 αὐτὴν
3008 5152 3129 5205 ὅλον
3159 5151 3221 5204 τὸ
3246 5149 3338 5203 τοῦ
3368 5141 3580 5210 ἀλεύρου
3606 5140 3743 5226 φυξαξ·

520 5235 812 5305 redditque
861 5247 1032 5292 totam
1081 5239 1503 5308 fermentatam;
1552 5243 1698 5297 sicut
1738 5253 1795 5298 et
1844 5244 2097 5301 Dominus

2223 5213 2321 5320 μα,
2355 5213 2468 5301 ’καὶ
2513 5213 2892 5316 ἀπερχάξεται
2933 5213 3054 5297 δλον
3102 5242 3303 5312 ζύμην,
3344 5213 3740 5320 καθάπερψκαὶξ

520 5343 751 5398 regnum
783 5329 1131 5397 assimilavit,
1164 5334 1393 5391 dicens:
1431 5334 1618 5390 Simile
1651 5345 1728 5389 est
1767 5353 1991 5408 regnum
2011 5356 2115 5394 cae-

2221 5304 2427 5410 ἰίύίκπ
2473 5304 2778 5409 ’παρτίὶκίῑσὲ
2838 5335 2936 5406 τὴν
2990 5304 3298 5404 βασιλείαν,
3344 5326 3524 5386 είπὼν,
3587 5304 3742 5410 Ὁμοία

521 5425 694 5477 torum
734 5424 1014 5493 fermento,
1046 5428 1186 5498 quod
1226 5438 1500 5499 acceptum
1535 5429 1725 5485 mulier
1762 5431 2035 5486 abscondit
2056 5434 2097 5488 ir

2218 5403 2393 5486 ἐστίν
2423 5431 2461 5497 η
2486 5403 2779 5495 ,βασιλειά
2824 5403 2943 5481 τῶν
2971 5403 3246 5494 οὐρανῶν
3275 5423 3436 5495 ζύμῃ,
3471 5415 3542 5483 ἣν
3565 5403 3735 5499 auaga-

520 5518 716 5587 farina:
755 5520 886 5573 satis
933 5519 1120 5586 tribus,
1170 5521 1332 5575 donec
1378 5520 1793 5589 fermentaretur
1849 5534 2018 5581 totum
2043 5526 2110 5580 "'.

524 5606 630 5677 Ant
660 5611 854 5679 veluti,
882 5611 925 5667 si
952 5612 1077 5683 quis
1100 5629 1294 5670 carnes
1320 5615 1543 5681 habeat,
1562 5632 1868 5688 earumque
1888 5634 2117 5675 conser-

2221 5539 2306 5580 σα
2354 5490 2511 5595 τυφλέ)
2550 5524 2822 5591 ἔκρυψεν
2856 5522 2943 5585 εὶς
2983 5490 3247 5588 ἀλεύρου
3302 5490 3454 5571 cata
3500 5490 3737 5597 TR’a'f‘f

2222 5613 2295 5675 οὗ
2321 5588 2584 5687 ἐθυμώθη
2606 5588 2777 5669 odor.
2809 5614 2878 5665 Ἣ
2909 5613 3100 5682 ὥσπερ
3134 5607 3290 5686 ἐὰνῇ
3322 5594 3567 5679 κρέα,καὶ
3595 5588 3734 5641 πᾶσαν

597 5797 638 5832 ³⁵
658 5798 892 5866 Philipp.
929 5814 1009 5863 tn,
1033 5797 1121 5852 20.
1202 5796 1287 5852 ’⁸1
1318 5797 1447 5854 Cor.
1483 5814 1555 5864 vl,
1592 5799 1673 5853 l7.
1752 5801 1795 5831 ²⁶
1820 5800 1839 5854 1
1863 5800 1994 5855 Cor.
2033 5817 2147 5863 xm,
2180 5802 2229 5858 7.
2254 5834 2267 5845 -
2308 5800 2350 5831 "
2405 5798 2597 5855 Matth.
2623 5813 2736 5863 xm,
2764 5797 2862 5859 '55;
2909 5795 3044 5851 Luc.
3071 5810 3186 5855 xm.
3218 5794 3305 5849 2!.

3884 5502 3889 5575 Ι
