3966 6434
200 363 301 427 665

1397 357 1765 421 IIOMILI/E.
1800 381 1870 391 —
1901 356 2089 418 110M.
2132 358 2339 419 XXIV.

3394 367 3503 430 6f6

201 479 302 546 μὲν
333 473 519 528 αὐτῶν
555 468 873 544 ὶπιμέλειαν
921 468 1218 545 ποιήσηταί
1262 487 1370 537 τις,
1421 470 1496 542 μὴ
1549 469 1710 540 ἀλίσῃ
1739 467 1798 520 δὲ

1920 469 2208 525 randarum
2241 471 2562 541 diligentem
2584 486 2774 529 curam
2804 476 3091 548 suscipiat,
3113 493 3227 537 non
3273 488 3498 545 condiat

199 570 365 623 ἀλατι
412 568 494 638 τῷ
534 568 644 620 τῶν
688 568 985 638 σκωλήκων
1018 563 1370 636 ἀναιρετικὶξη
1400 562 1498 617 καὶ
1529 560 1796 624 δυσωδίας

198 659 576 730 ἀφανιστικῷ,
624 660 739 724 δζει
768 661 862 714 καὶ
893 661 1170 729 σέσηπται
1206 656 1280 711 τὰ
1305 656 1470 729 κρέα,
1497 656 1593 709 καὶ
1622 655 1799 725 ἀχρήα

203 768 345 822 σιμα
377 752 672 822 γεγένηται
704 752 821 815 τοῖς
864 749 1207 819 ἀνθρὼποις’
1246 748 1340 801 τὸν
1391 747 1556 800 αὑτὸν
1593 745 1797 816 τρόπον

198 842 412 896 ὑπόθου
450 859 541 912 μοι
572 843 753 895 πᾶσαν
780 840 879 913 τὴν
910 838 1309 913 ἀνθρωπότητα
1335 839 1503 912 κρέας
1533 832 1675 891 εἶναι
1704 837 1799 890 καὶ

200 936 429 1005 ἄζυμα·
460 934 521 988 τὺ
547 934 605 987 δὲ
637 932 771 998 ἃλας
801 936 896 988 καὶ
928 933 989 987 τὸ
1023 933 1326 1004 προζύμιον
1353 933 1411 998 ἐξ
1442 931 1629 1001 ἑτέρου
1659 929 1799 983 αἰῶ-

200 1044 296 1090 νος
320 1027 431 1079 νόει
456 1026 553 1097 τὴν
582 1026 733 1080 θείαν
775 1025 938 1096 φύσιν
973 1025 1067 1079 τοῦ
1105 1024 1261 1093 ἀγίου
1293 1022 1631 1089 Πνεῦματος.
1673 1021 1802 1073 Ἐὰν

201 1114 302 1172 οὖν
353 1118 427 1190 μὴ
474 1120 639 1189 μιγῇ,
667 1120 762 1172 καὶ
798 1117 967 1189 βληθῇ
997 1119 1077 1179 είς
1116 1121 1214 1187 τὴν
1244 1114 1673 1170 ταπεινωθεῖσαν
1700 1114 1804 1181 φύ-

204 1227 298 1263 σιν
344 1210 452 1263 τῶν
497 1208 823 1280 ἀνθρώπων,
869 1209 929 1274 ἐξ
965 1208 1172 1262 ἐκείνου
1205 1207 1302 1262 τοῦ
1352 1205 1573 1269 αἰῶνος.
1604 1204 1701 1258 καὶ
1745 1202 1806 1267 ἐξ

208 1302 435 1373 ἐκείνης
486 1303 591 1373 τῆς
635 1301 894 1373 πατρίδος
925 1303 959 1372 ἡ
990 1300 1312 1371 ἐπουράνιος
1338 1296 1433 1352 τοῦ
1483 1295 1805 1366 Πνεῦματος

205 1392 386 1463 ζύμη,
436 1392 531 1445 καὶ
571 1390 633 1443 τὸ
685 1389 891 1458 ἀγαθὸν
924 1390 1022 1458 τῆς
1066 1389 1322 1458 θεότητος
1351 1385 1508 1454 ἀγιον
1543 1383 1702 1447 ἅλας,
1741 1382 1801 1436 οὐ

208 1482 292 1553 μὴ
348 1481 660 1552 μεταλλαγῇ
704 1482 737 1551 ή
786 1479 934 1551 ψυχὴ
975 1479 1085 1534 ἀπὸ
1120 1477 1222 1548 τῆς
1255 1477 1520 1540 δυσωδίας
1565 1477 1667 1546 τῆς
1711 1491 1809 1527 κα-

205 1575 364 1639 κίας,
396 1573 505 1627 οὐδ’
537 1575 601 1627 οὐ
637 1574 712 1644 μὴ
748 1573 977 1644 ζυμωθῇ
1021 1572 1130 1626 ἀπὸ
1174 1571 1275 1641 τῆς
1333 1569 1662 1642 βαρύτητος,
1712 1566 1809 1622 καὶ¹

202 1662 552 1734 ἀζυμότητος
576 1660 678 1732 τῆς
701 1661 987 1732 πονηρίας.

286 1752 366 1808 E'.
396 1753 539 1805 Ὅσα
562 1752 673 1823 γάρ
702 1752 795 1821 ἀφ’
824 1750 1025 1821 ἑαυτῆς
1064 1752 1099 1822 ἡ
1128 1749 1278 1821 ψυχὴ
1306 1749 1453 1803 δοκεῖ
1482 1749 1679 1813 ποιεῖν,
1709 1745 1806 1801 καὶ

204 1805 621 1914 ἐπιμελεῖσθαι,
642 1805 766 1895 .xal.’
789 1805 1155 1911 ὲπιτηδὲύείν,
1298 1838 1407 1911 ίδία
1448 1805 1677 1907 δυνάμεί
1710 1837 1806 1907 μό-
1833 1805 1883 1865 Β

205 1951 306 1987 νον
341 1931 735 2004 ἐπερειδομένη
766 1932 863 1985 καὶ
903 1930 1129 2001 οἰομένη
1176 1928 1438 1983 δύνασθαι
1463 1926 1679 1981 τελείαν
1707 1925 1806 1997 τὴν

205 2027 557 2098 κατόρθωσιν
615 2026 682 2080 δι’
748 2024 952 2096 ἑαυτῆς
1009 2024 1140 2079 ἄνευ
1194 2022 1297 2092 τῆς
1359 2019 1681 2091 συνεργείας
1711 2017 1805 2072 τοῦ

207 2118 537 2189 Πνεῦματος
611 2114 1087 2187 κατεργάσασθαι,
1146 2113 1283 2167 πολὺ
1368 2113 1661 2166 πλανᾶται.
1732 2109 1807 2163 Οὐ

207 2208 547 2281 κρησιμεύει
571 2207 682 2279 γὰρ
713 2210 794 2271 εἷς
833 2206 959 2271 τοὺς
988 2205 1274 2277 οὐρανίους
1315 2203 1546 2266 τόπους’
1578 2203 1639 2255 οὐ
1669 2218 1809 2273 xm.

211 2300 437 2372 σιμεύει
487 2301 553 2370 τῇ
595 2298 846 2369 βασιλείᾳ
895 2298 930 2368 ὴ
964 2297 1058 2366 ἀφ’
1112 2296 1312 2366 εαυτῆς
1370 2294 1467 2348 καὶ
1502 2293 1569 2346 δι’
1606 2292 1808 2363 ἑαυτῆς

216 2392 412 2462 μόνον,
432 2390 559 2444 ἄνευ
582 2388 676 2443 τοῦ
709 2387 1050 2459 Πνεύματος,
1076 2386 1296 2457 οἰομένη
1326 2384 1425 2456 τὴν
1466 2383 1679 2437 τελείαν
1708 2400 1808 2437 κα-

210 2482 503 2555 Θαρότητα
541 2479 913 2551 κατορθῶσαι.
960 2480 1086 2533 Ἐὰν
1122 2477 1232 2549 γὰρ
1284 2476 1375 2547 μὴ
1417 2475 1696 2546 προσέλθῃ
1733 2474 1811 2546 τῷ

208 2574 341 2645 Θεῷ
368 2574 396 2626 6
437 2572 541 2627 ὑπὸ
570 2571 680 2625 τῶν
714 2571 905 2625 παθῶν
936 2569 1327 2641 ὲνεργούμενος
1373 2570 1681 2641 ἅνθρωπος,
1713 2569 1813 2639 ἀρα

209 2667 526 2737 νησάμενος
554 2662 650 2717 τὸν
685 2663 912 2734 κόσμον,
959 2664 1053 2716 καὶ
1087 2662 1358 2733 πιστεύσῃ
1398 2664 1458 2715 ὲν
1506 2661 1684 2714 ἐλπίδι
1713 2660 1810 2713 καὶ

214 2757 472 2827 ὑπομονῇ
494 2754 750 2823 δέξασθαι
776 2754 925 2819 ξένον
944 2770 997 2807 τι
1027 2756 1127 2825 τῆς
1160 2754 1293 2817 ιδίας
1325 2755 1538 2822 φύσεως
1586 2750 1811 2819 ἀγαθὸν,

213 2850 363 2920 ὅπερ
406 2849 557 2901 ἐστὶν
607 2848 642 2918 η
692 2845 923 2916 δύναμις
968 2845 1066 2899 τοῦ
1116 2847 1273 2915 ἁγίου
1326 2845 1665 2915 Πνεύματος,
1720 2844 1816 2898 καὶ

214 2938 458 3012 ὲνστάξῃ
482 2941 550 3010 τῇ
580 2939 725 3009 ψυχῇ
756 2937 963 2993 ἀνωθεν
987 2938 1017 2989 6
1040 2937 1245 3008 Κύριος
1270 2935 1416 3006 ζωὴν
1441 2935 1718 3006 θεότητος,
1751 2936 1814 2989 οὐ

220 3033 304 3104 μὴ
338 3032 593 3104 αἴσθηται
624 3032 770 3102 ζωῆς
807 3030 1066 3101 ἀληθινῆς
1102 3031 1132 3083 6
1156 3029 1419 3095 τοιοῦτος,
1471 3029 1581 3083 οὐδ’
1628 3028 1690 3082 οὐ
1739 3027 1817 3099 μὴ

1903 569 2088 616 autem
2127 563 2259 627 sale,
2290 564 2384 632 qui
2415 565 2467 619 vi
2502 574 2723 621 vermes
2756 568 3140 635 interimendi,
3162 582 3218 627 et
3263 591 3500 646 graveo-

1902 653 2128 706 lentiam
2170 654 2427 709 abolendi
2465 656 2630 723 valet,
2666 659 2772 713 illa:
2825 675 3024 716 carnes
3049 664 3292 733 graviter
3320 667 3497 734 olent,

1900 756 1965 797 ac
2000 743 2328 812 putreﬁunt,
2360 754 2529 816 atque
2576 746 2805 804 inutiles
2841 750 3158 808 hominibus
3204 754 3372 812 ﬁunt:
3401 773 3501 821 eo:

1902 835 2028 890 dem
2091 837 2298 903 modo,
2363 849 2573 894 statuas
2627 842 2765 895 mihi
2818 858 3038 898 omnem
3092 845 3494 906 humanitatem

1902 941 2125 980 carnem
2161 943 2304 995 esse,
2341 942 2436 984 aut
2467 947 2702 986 massam
2730 933 2987 990 fermenti
3032 946 3351 1007 expertem;
3410 941 3490 995 sal

1903 1022 2089 1069 autem
2112 1030 2175 1069 ac
2196 1015 2530 1071 fermentum
2546 1035 2613 1073 ex
2634 1022 2811 1075 altero
2831 1024 3031 1077 saeculo
3054 1025 3329 1097 intelligas
3348 1043 3493 1094 esse,

1904 1100 2149 1155 divinam
2175 1103 2390 1158 scilicet
2419 1115 2672 1161 naturam
2702 1108 2943 1177 Spiritus
2973 1112 3170 1167 sancti.
3203 1113 3321 1168 Nisi
3357 1129 3493 1185 ergo

1905 1191 2234 1258 permistum
2287 1201 2345 1247 et
2373 1193 2680 1263 immissum
2710 1198 2881 1254 fuerit
2911 1200 2966 1254 in
3007 1201 3352 1258 bumiliatam
3395 1220 3497 1259 na-

1907 1288 2086 1335 turam
2114 1282 2405 1339 hominum
2439 1301 2507 1341 ex
2540 1287 2635 1341 illo
2674 1290 2897 1355 seculo,
2931 1300 2988 1346 et
3040 1306 3109 1346 ex
3152 1294 3246 1348 illa
3291 1296 3492 1365 patria,

1907 1373 2130 1429 caeleste
2154 1374 2395 1446 Spiritus
2422 1377 2781 1446 fermentum,
2817 1392 3182 1453 sanctumque
3202 1401 3267 1439 ac
3290 1388 3497 1441 bonum

1907 1462 2217 1522 divinitatis
2267 1469 2386 1535 sal,
2430 1485 2542 1525 non
2594 1481 2761 1528 exuet
2814 1473 2999 1528 anima
3060 1478 3496 1545 graveolentiam

1909 1554 2157 1621 malitiae,
2192 1572 2295 1612 nec
2331 1558 2782 1628 fermentabitur,
2824 1564 2901 1618 ita
2945 1571 3009 1619 ut
3045 1564 3285 1636 deponat
3310 1569 3496 1638 gravi-

1909 1653 2103 1715 tatem,
2133 1656 2188 1703 et
2217 1665 2392 1705 vacua
2417 1652 2544 1725 sita
2576 1653 2850 1710 fermento
2873 1657 3122 1713 malitiae.

1984 1740 2050 1799 ν.
2090 1744 2443 1813 Quaecunque
2470 1746 2616 1801 enim
2644 1746 2867 1802 videtur
2890 1748 3073 1803 anima
3098 1765 3198 1819 per
3223 1766 3282 1805 se
3305 1767 3495 1823 agere,

1909 1837 2200 1893 elaborare
2245 1846 2410 1907 atque
2446 1837 2739 1906 perﬁcere,
2775 1839 2909 1895 solis
2939 1840 3155 1896 viribus
3184 1842 3300 1897 suis
3334 1842 3497 1909 freta,

1908 1938 1967 1984 et
1997 1928 2325 1983 existimans
2355 1942 2413 1982 se
2439 1943 2602 1997 posse
2634 1929 2943 1998 perfectum
2978 1948 3119 2003 opus
3168 1949 3199 1987 a
3249 1949 3306 1988 se
3356 1935 3496 2004 ipsa,

1910 2019 2119 2087 absque
2141 2016 2347 2070 auxilio
2373 2014 2613 2086 Spiritus
2637 2033 2926 2089 peragere,
2950 2029 3068 2074 toto
3090 2023 3232 2077 caelo
3254 2022 3496 2079 aberrat.

1909 2111 2029 2166 Non
2054 2110 2204 2164 enim
2241 2109 2442 2165 idonea
2473 2120 2561 2165 est
2590 2111 2656 2165 ad
2690 2111 2841 2167 locos
2861 2114 3141 2178 cmlestes,
3174 2130 3278 2170 nec
3302 2115 3500 2170 idonea

1912 2203 1982 2259 ad
2014 2218 2270 2273 regnum,
2301 2218 2423 2273 quae
2452 2218 2484 2257 a
2514 2218 2573 2258 se
2598 2204 2737 2273 ipsa,
2765 2214 2821 2259 et
2845 2220 2945 2274 per
2974 2220 3033 2261 se
3064 2208 3261 2269 solam,
3292 2208 3501 2277 absque

1914 2296 2124 2367 Spiritu
2159 2306 2373 2361 sancto,
2404 2296 2685 2351 existimat
2714 2296 3014 2367 perfectam
3054 2301 3352 2368 puritatem
3387 2301 3503 2355 eﬁi-

1913 2404 2061 2444 cere.
2097 2389 2213 2443 Nisi
2251 2390 2400 2443 enim
2431 2389 2499 2443 ad
2543 2389 2712 2445 Deum
2747 2393 3069 2455 accesserit,
3102 2394 3195 2461 qui
3249 2392 3501 2447 aﬁ‘ectio-

1913 2480 2081 2535 nibus
2113 2480 2373 2550 afﬂigitur
2402 2481 2589 2544 homo,
2624 2490 2680 2535 et
2717 2482 2982 2535 mundum
3020 2483 3396 2554 abnegaverit,
3439 2501 3504 2539 ac

1916 2571 1973 2626 in
1997 2588 2093 2641 spe
2110 2588 2174 2628 ac
2200 2573 2466 2642 patientia
2489 2573 2814 2637 crediderit,
2838 2590 2896 2628 se
2916 2584 3302 2644 suscepturum
3326 2577 3505 2645 quod-

1917 2662 2045 2717 dam
2072 2662 2279 2715 bonum
2316 2662 2463 2715 aliud
2490 2679 2520 2715 a
2570 2678 2668 2715 sua
2717 2672 2939 2726 natura,
2998 2665 3144 2732 quod
3202 2672 3286 2719 est
3328 2667 3505 2719 virtus

1919 2754 2096 2810 sancti
2131 2752 2400 2823 Spiritus;
2434 2769 2497 2808 ac
2529 2753 2771 2823 desuper
2795 2755 3147 2809 iustillaverit
3179 2756 3374 2809 animae
3402 2756 3505 2810 Do—

1917 2846 2105 2901 minus
2130 2846 2302 2900 vitam
2332 2845 2602 2910 divinam,
2648 2845 2699 2901 is
2744 2862 3092 2916 nequaquam
3124 2864 3308 2904 veram
3334 2849 3503 2902 vitam

1873 2976 1887 2989 .
1918 2937 2209 3009 percipiet,
2239 2953 2422 3007 neque
2462 2936 2753 3007 resipiscet
2780 2938 2851 2993 ab
2907 2940 3177 2996 ebrietate
3231 2942 3504 3009 materizc,

1918 3043 2022 3084 nec
2052 3028 2283 3099 fulgebit
2314 3028 2580 3098 splendor
2628 3027 2874 3097 Spiritus
2925 3031 2981 3084 in
3038 3033 3222 3085 anima
3273 3031 3508 3086 obterue-

216 3123 478 3196 ἀνανήψῃ
519 3126 584 3177 ὲκ
634 3125 734 3193 τῆς
787 3121 959 3195 μέθης
1015 3123 1116 3194 τῆς
1168 3120 1323 3192 ὕλης,
1374 3122 1436 3176 οὐ
1494 3123 1568 3192 μὴ
1599 3121 1816 3193 αὐγάσῃ

1920 3120 2099 3185 brata,
2135 3131 2232 3175 aut
2262 3121 2600 3176 illuminabit
2624 3121 2680 3177 in
2713 3139 2779 3178 ea
2810 3133 3055 3178 sanctam
3106 3124 3277 3187 diem,
3331 3139 3435 3178 nec
3475 3139 3507 3179 a

220 3214 508 3285 φωτισμὸς
536 3212 633 3267 τοῦ
686 3212 1006 3285 Πνεύματος
1047 3214 1105 3265 ὲν
1144 3213 1212 3282 τῇ
1245 3210 1606 3282 ὲσκοτισμένῃ
1640 3211 1811 3282 ψυχῇ,

220 3307 325 3360 καὶ
349 3305 539 3378 λάμψῃ
566 3308 625 3359 ἐν
655 3306 791 3378 αὐτῇ
829 3303 1044 3375 ἡμέραν
1071 3302 1254 3373 ἀγίαν,
1298 3303 1394 3358 καὶ
1425 3304 1491 3358 ὲκ
1521 3303 1616 3357 τοῦ
1648 3302 1817 3374 βαθυ-

224 3400 394 3453 τάτου
428 3398 598 3452 ὕπνου
640 3398 738 3469 τῆς
775 3397 999 3466 ἀγνοίας
1033 3394 1354 3467 ὲξυπνισθῇ,
1406 3395 1504 3448 καὶ¹
1552 3393 1727 3458 οὓτως
1757 3393 1819 3459 ἐξ

225 3489 491 3561 ἀληθείας
519 3489 726 3559 ὲπιγνῷ
762 3488 896 3542 Θεὸν
923 3487 1012 3542 διὰ
1036 3486 1316 3558 δυνάμεως
1341 3484 1500 3552 Θεοῦ,
1532 3488 1629 3540 καὶ
1662 3488 1815 3555 ὲνερ-

226 3585 387 3653 γείας
412 3584 655 3655 χάριτος.

304 3676 398 3742 εἷ’.
447 3673 576 3727 Ἐἀν
623 3672 732 3744 γάρ
767 3670 844 3743 μὴ
898 3668 1074 3735 οὓτως
1126 3666 1437 3740 καταξιωθῇ
1470 3670 1500 3722 6
1531 3667 1853 3739 ἄνθρωπος’

229 3764 324 3818 διά
350 3765 445 3834 τῆς
478 3764 715 3826 πίστεως
744 3760 840 3816 τοῦ
883 3761 1071 3814 λαϐεῖν
1095 3760 1278 3831 χάριν,
1307 3761 1401 3813 καὶ
1442 3758 1819 3827 ἀνεπιτήδειος

231 3854 331 3907 καὶ
356 3852 643 3917 ἀνεύθετός
674 3855 790 3906 ἐστι
818 3855 884 3924 τῇ
910 3851 1184 3923 βασιλείᾳ·
1214 3851 1308 3903 καὶ
1336 3848 1498 3904 πάλιν
1524 3849 1821 3918 δεξάμενος

228 3944 333 4015 τὴν
364 3945 523 4015 χάριν
564 3942 658 3998 τοῦ
703 3943 1023 4014 Πνεύματος
1052 3945 1110 3995 ὲν
1164 3941 1353 4012 μηδενὶ
1398 3939 1821 4010 παρατρεπόμε-

231 4054 348 4103 νος,
393 4037 491 4090 καὶ
533 4037 635 4103 τὴν
678 4039 840 4106 χάριν
870 4034 945 4106 μὴ
978 4032 1280 4104 ἐνυϐρίζων
1308 4031 1374 4086 δι’
1405 4032 1669 4102 ἀμελείας
1724 4032 1821 4084 καὶ

232 4128 642 4200 κακοπραγίας,
674 4128 770 4181 καὶ
798 4126 969 4191 οὕτως
1008 4126 1100 4180 ἐπὶ
1152 4125 1365 4197 χρόνοις
1410 4125 1822 4193 ἀγωνισάμενος

237 4225 319 4295 μὴ
348 4222 567 4295 λυπήσῃ
602 4220 663 4274 τὸ
696 4219 945 4291 Πνεῦμα,
974 4218 1265 4289 δυνήσεται
1289 4218 1388 4287 τῆς
1420 4217 1643 4271 αἰωνίου
1675 4215 1822 4287 ζωῆς

232 4314 539 4382 ἐπιτυχεῖν.
590 4311 805 4380 ’Ὠσπερ
854 4310 964 4380 γάρ
1020 4325 1106 4372 τις
1166 4307 1483 4363 αἰσθάνεται
1510 4307 1621 4361 τῶν
1670 4308 1825 4377 ὲνερ-

1920 3224 2117 3264 somno
2165 3211 2601 3279 profundissimo
2656 3212 2981 3282 ignorantia:
3041 3212 3397 3276 excitabitur,
3447 3222 3508 3267 ut

1920 3297 2028 3354 hoc
2071 3300 2236 3354 modo
2292 3316 2485 3355 revera
2535 3301 2711 3355 Deum
2744 3313 3044 3372 cognoscat
3084 3317 3186 3371 per
3244 3304 3507 3358 virtutem

1918 3390 2018 3447 Dei
2044 3398 2101 3447 et
2133 3391 2432 3448 eﬁicaciam
2457 3392 2667 3462 gratire.

1990 3673 2079 3729 Vl.
2111 3672 2227 3728 Nisi
2248 3671 2398 3728 enim
2415 3672 2493 3728 sic
2515 3672 2717 3743 dignus
2733 3674 3006 3730 habeatur
3029 3673 3196 3727 homo
3219 3688 3317 3743 per
3340 3672 3504 3727 ﬁdem

1922 3764 2152 3835 gratiam
2186 3765 2475 3833 consequi,
2499 3764 2715 3819 inutilis
2742 3776 2854 3828 est,
2883 3779 2987 3819 nec
3012 3775 3174 3833 aptus
3194 3764 3260 3817 ad
3280 3780 3511 3833 regnum

1922 3859 2043 3913 Dei.
2093 3859 2335 3912 Rursum
2387 3874 2548 3919 vero,
2603 3860 2696 3927 qui
2757 3868 3092 3913 consecutus
3137 3868 3223 3913 est
3281 3859 3511 3928 gratiam

1925 3948 2182 4019 Spiritus,
2213 3964 2320 4003 nec
2345 3948 2453 4002 ulla
2478 3957 2635 4019 parte
2662 3966 2891 4004 aversus
2914 3950 3147 4020 gratiam
3177 3951 3512 4003 contumelia

1924 4040 2090 4097 allicit
2126 4057 2225 4111 per
2250 4042 2647 4113 negligentiam
2705 4051 2801 4095 aut
2844 4041 3109 4096 delictum
3140 4049 3232 4094 :et
3276 4042 3357 4094 sic
3415 4043 3511 4110 qui

1927 4136 2126 4207 quovis
2160 4142 2405 4204 tempore
2446 4133 2720 4189 dimicans
2756 4148 2865 4187 non
2897 4132 3189 4187 contristat
3220 4132 3510 4201 Spiritum,

1925 4227 2129 4298 poterit
2152 4235 2375 4281 aeterna:
2396 4225 2521 4279 vita:
2547 4225 2824 4295 particeps
2860 4224 3001 4278 fieri.
3035 4224 3513 4289 Quemadmodum

1926 4317 2076 4372 enim
2103 4316 2229 4385 quis
2261 4314 2800 4384 sentitoperationes
2844 4310 3075 4366 malitia:
3112 4326 3181 4365 ex
3222 4311 3355 4379 ipsis
3384 4310 3517 4364 affe-

235 4404 403 4475 γειῶν
431 4404 532 4473 τῆς
562 4402 775 4464 κακίας
812 4403 879 4455 ὲκ
924 4399 1033 4454 τῶν
1073 4399 1287 4466 παθῶν,
1329 4400 1473 4469 λέγω
1499 4398 1696 4469 θυμοῦ,
1728 4399 1817 4451 καὶ

1929 4408 2233 4469 ctionibus,
2284 4407 2381 4471 ita,
2438 4405 2695 4474 inquam,
2744 4402 3228 4471 concupiscentia,
3284 4401 3514 4466 invidia,

236 4496 562 4565 ἐπιθυμίας,
613 4495 708 4548 καὶ
761 4492 983 4563 φθόνου,
1022 4493 1117 4546 καὶ
1156 4492 1379 4563 βάρους,
1434 4492 1529 4545 καὶ
1570 4492 1817 4563 πονηρῶν

1936 4510 2159 4569 torpore
2205 4513 2270 4552 ac
2297 4496 2482 4567 pravis
2499 4494 2953 4566 cogitationibus,
2985 4501 3042 4546 et
3066 4493 3296 4562 reliquis
3319 4493 3515 4547 absur-

234 4588 540 4659 λογισμῶν,
574 4587 670 4641 καὶ
717 4587 826 4640 τῶν
855 4586 1060 4639 λοιπῶν
1098 4586 1470 4656 ἀτοπημάτων
1494 4601 1508 4616 ·
1542 4585 1716 4651 οὕτως
1743 4589 1829 4640 αἰ⁶

236 4677 532 4732 σθάνεσθαι
556 4677 761 4746 ὀφείλει
782 4679 882 4748 τῇς
909 4676 1129 4747 χάριτος
1154 4678 1248 4730 καὶ
1270 4677 1556 4747 δυνάμεως
1574 4677 1669 4731 τοῦ
1692 4677 1828 4731 Θεοῦ

236 4773 299 4824 ἐν
326 4773 443 4833 ταῖς
488 4770 734 4840 ἀρεταῖς,
781 4768 976 4841 ἀγάπῃ
1024 4767 1189 4835 λέγω,
1222 4767 1318 4821 καὶ
1346 4769 1696 4839 χρηστότητι,
1734 4770 1832 4822 καὶ

236 4862 407 4933 χαρᾷ,
459 4862 555 4914 καὶ
596 4860 948 4931 ἐλαφρότητι,
1006 4866 1102 4913 καὶ
1156 4858 1480 4927 ἀγαλλιάσει
1536 4859 1681 4932 θεία,
1741 4861 1828 4915 ἵνα

239 4952 646 5024 ἐξομοιωθῆναι
680 4951 907 5023 δυνηθῇ,
954 4952 1051 5006 καὶ
1096 4951 1543 5021 συγκερασθῆναι
1579 4954 1647 5023 τῇ
1692 4953 1834 5021 ἀγα-

242 5047 314 5117 θῇ
350 5046 445 5098 καὶ
483 5045 604 5116 θείᾳ
652 5042 839 5113 φύσει,
898 5043 993 5095 καὶ
1043 5043 1111 5112 τῇ
1160 5044 1372 5111 χρηστῇ
1426 5042 1522 5095 καὶ
1569 5042 1704 5111 ἁγίᾳ
1733 5042 1835 5112 τῆς

244 5138 471 5208 χάριτος
546 5135 803 5207 ἐνεργείᾳ
824 5151 837 5165 ο
871 5133 1013 5188 κατὰ
1040 5132 1326 5204 προκοπὴν
1371 5132 1428 5186 δὲ
1459 5133 1557 5187 καὶ
1604 5132 1836 5204 αὔξησιν

241 5223 652 5297 δοκιμαζομένη
683 5225 901 5296 χρόνοις
936 5224 1032 5277 καὶ
1073 5226 1284 5293 καιροῖς
1318 5225 1351 5294 ἠ
1390 5225 1732 5296 προαίρεσις,
1784 5226 1835 5277 εί

246 5316 567 5370 συνενοῦται
596 5316 831 5369 πάντοτε
874 5318 939 5386 τῇ
981 5315 1185 5385 χάριτι,
1218 5316 1313 5368 καὶ
1352 5315 1649 5386 εὐάρεστος
1684 5316 1835 5387 εὑρί-

249 5423 466 5471 σκεται,
502 5407 714 5475 γίνεται
746 5407 844 5477 ὅλη
871 5406 930 5472 ἐξ
952 5408 1075 5460 ὅλου
1103 5405 1243 5460 κατὰ
1275 5408 1560 5478 προκοπὴν
1577 5409 1636 5461 ὲν
1666 5407 1836 5461 Ilvati-

250 5515 411 5569 ματι,
451 5500 545 5553 καὶ
576 5499 719 5553 οὕτω
753 5499 943 5553 λοιπὸν
985 5499 1120 5569 ἀγία
1169 5499 1267 5553 καὶ
1324 5499 1545 5572 καθαρὰ
1599 5500 1687 5555 διά
1740 5500 1836 5555 τοῦ

246 5586 574 5660 Ιῖνεύματος
614 5588 1030 5661 ὲξεργασθείσα,
1074 5588 1175 5659 τῆς
1196 5588 1477 5660 βασιλείας
1528 5588 1656 5654 ἀξία
1710 5590 1842 5644 καθ-

251 5683 491 5733 ίσταται.
527 5678 666 5744 Δόξα
701 5679 798 5733 καὶ
830 5678 1203 5750 προσκύνησις
1253 5678 1612 5750 τῷἀχράντῳ
1638 5680 1835 5751 Πατρὶ,

249 5772 352 5826 καὶ
386 5768 516 5843 Υίῴ,
546 5771 643 5825 καὶ
662 5770 801 5841 ἁγίῳ
830 5770 1137 5840 Πνεύματι,
1155 5772 1234 5836 εἰς
1262 5774 1389 5837 τοὺς
1415 5772 1640 5836 αίῶνας.
1660 5773 1851 5845 Ἀμήν.

1932 4591 2200 4645 ditatibus
2250 4606 2263 4642 :
2317 4589 2399 4643 sic
2443 4587 2653 4642 sentire
2704 4600 2927 4655 quoque
2978 4584 3143 4639 debet
3191 4585 3420 4654 gratiam
3463 4593 3519 4637 et

1932 4683 2197 4737 virtutem
2242 4680 2339 4734 Dei
2396 4680 2453 4733 in
2500 4678 2827 4741 virtutibus,
2881 4675 3205 4741 dilectione,
3272 4676 3518 4742 inquam,

1932 4775 2295 4845 benignitate,
2340 4771 2608 4835 bonitate,
2654 4769 2879 4841 gaudio,
2920 4768 3274 4839 simplicitate
3330 4775 3386 4821 et
3425 4781 3521 4819 ex-

1936 4868 2234 4924 sultatione
2274 4865 2480 4931 divina,
2536 4872 2599 4918 ut
2644 4861 2940 4917 assimilari
2977 4862 3152 4930 possit
3208 4875 3274 4913 ac
3310 4859 3521 4928 permi-

1932 4959 2075 5016 sceri
2102 4974 2228 5013 cum
2263 4958 2408 5012 bona
2469 4971 2534 5011 ac
2580 4955 2767 5012 divina
2824 4966 3044 5018 natura,
3089 4966 3216 5007 cum
3282 4952 3519 5022 benigna
3556 5014 3565 5029 ί

1932 5064 1997 5104 ac
2013 5058 2200 5104 sancta
2222 5048 2409 5117 gratia:
2428 5046 2687 5101 efﬁcacia.
2722 5044 2963 5099 Intentio
2983 5057 3116 5098 vero
3135 5041 3385 5112 profectu
3410 5042 3515 5111 91

1932 5156 1998 5197 ac
2028 5140 2370 5195 incremento
2404 5138 2633 5209 probata
2689 5136 2957 5206 temporis
2997 5150 3278 5200 successu,
3312 5144 3369 5190 et
3424 5150 3523 5203 0p-

1934 5233 2297 5304 portunitate.
2325 5231 2369 5286 si
2395 5231 2587 5302 gratiae
2622 5244 2841 5299 semper
2864 5228 3016 5284 unita
3039 5236 3095 5283 et
3118 5235 3270 5299 grata
3298 5227 3520 5282 inventa

1938 5323 2130 5387 fuerit,
2163 5332 2276 5378 tota
2310 5336 2543 5393 prorsus
2581 5320 2965 5391 promovendo
3002 5318 3062 5373 ﬁt
3090 5318 3415 5388 spiritualis,
3457 5333 3521 5371 ac

1940 5415 2229 5484 deinceps,
2254 5420 2443 5468 sancta
2462 5419 2517 5465 et
2536 5425 2674 5481 pura
2690 5426 2789 5481 per
2816 5410 3081 5480 Spiritum
3108 5408 3322 5473 eﬁ‘ecta,
3352 5423 3523 5478 regno

1940 5505 2107 5577 digna
2135 5503 2391 5561 efﬁcitur.
2448 5501 2637 5558 Gloria
2691 5511 2747 5557 et
2793 5500 3043 5557 adoratio
3090 5498 3524 5555 incontaminato

1940 5598 2133 5663 Patri,
2189 5606 2248 5655 et
2300 5596 2481 5664 Filio,
2528 5604 2586 5652 et
2640 5594 2873 5665 Spiritui
2932 5601 3144 5662 sancto,
3192 5591 3249 5646 in
3301 5589 3523 5646 sacula.

1940 5686 2138 5745 Amen.
