3966 6494
477 397 580 459 667

1750 391 1808 448 S.
1840 384 2158 448 MACARII
2198 382 2519 447 IEGYPTII

1020 497 1305 556 HOMILIA
1341 500 1506 556 XXV.
2080 506 2128 561 Δ

3658 381 3752 446 068

2719 495 2963 552 ΟΜΙΛῙΔ
3000 496 3131 551 KE'.

477 586 636 644 Docet
661 589 771 643 Iure
802 589 1043 653 homilia,
1072 590 1281 643 nullum
1320 592 1604 654 hominem,
1633 591 1733 643 nisi
1768 607 1802 644 α
1848 588 2060 644 Christo

2193 588 2439 644 modum
2483 588 2635 656 αὕτη
2683 590 2721 656 ἡ
2766 591 2990 658 ὁμιλία,
3028 589 3118 643 ότι
3147 586 3366 654 οὐδεὶς
3412 585 3754 657 ἀνθρώπων,

546 660 965 723 corroboratum,
1008 659 1267 729 scandala
1310 660 1615 728 nequissimi
1645 675 1899 728 superare
1941 674 2061 729 pos-

546 744 646 782 se:
678 738 726 810 et
756 729 881 797 quid
896 730 1002 810 “iis,
1031 729 1149 810 ‘qui
1204 728 1438 782 divinam
1482 729 1712 809 gloriam
1749 728 2057 810 Iappetunt,

548 798 831 867 agendum.
883 797 1042 851 Docet
1087 813 1324 867 quoque,
1368 814 1461 850 nos
1488 797 1607 867 ’per
1651 797 2059 850 inobedientiam

546 869 675 921 Αάιε
699 869 766 921 ad
790 868 1093 921 servitutem
1122 869 1301 920 carnis
1335 867 1571 936 redactos
1596 882 1728 929 esse,
1760 883 1793 919 a
1830 882 1938 935 qua
1966 881 2064 936 per

551 939 859 1006 mysterium
883 937 1055 1015 crucis
1088 936 1399 989 liberamur.
1437 935 1665 1015 Instruit
1691 938 2059 1015 ιΙ-ειιὶιιιιεέιοε,

550 1005 805 1086 magnam
827 1021 937 1059 esse
967 1005 1355 1075 lacrymarum,
1399 1012 1449 1057 et
1499 1007 1637 1075 ignis
1679 1005 1844 1058 divini
1887 1005 2061 1074 efﬁca-

551 1091 713 1129 ctam.

552 1261 595 1315 ι.
636 1260 852 1327 Quibus
880 1261 1027 1317 inest
1053 1261 1243 1316 divina
1287 1262 1397 1325 lex,
1460 1277 1570 1316 non
1614 1268 1941 1322 atramento,
1968 1267 2065 1314 aut

482 1350 688 1406 litteris
728 1351 952 1421 scripta,
1026 1352 1121 1407 sed
1155 1354 1210 1406 in
1242 1352 1505 1407 cordibus
1533 1351 1747 1405 carneis
1800 1351 2060 1420 plantata,

489 1442 546 1495 hi
581 1442 759 1496 oculis
794 1441 1108 1497 intellectus
1142 1442 1461 1505 illnminati,
1499 1451 1878 1512 perpetuoque
1915 1440 2063 1495 desi-

488 1530 649 1586 derio
688 1532 835 1602 capti
877 1547 989 1589 non
1024 1533 1305 1588 sensibilis
1344 1542 1441 1587 aut
1489 1531 1725 1586 visibilis
1778 1530 1915 1600 spei,
1968 1528 2064 1585 sed

398 1656 409 1669 κ
488 1624 790 1679 invisibilis
845 1633 905 1680 et
964 1624 1375 1689 intellectualis,
1427 1639 1689 1693 superare
1741 1622 2065 1693 nequissimi

486 1714 747 1770 scandala
778 1724 1038 1785 possunt,
1091 1730 1193 1785 per
1243 1715 1503 1769 invictam
1540 1724 1722 1768 tamen
1777 1713 2062 1767 virtutem.

485 1806 589 1873 Qui
620 1822 756 1861 vero
789 1807 962 1861 verbo
982 1807 1076 1860 Dei
1094 1805 1272 1860 ornati
1292 1820 1402 1859 non
1428 1814 1577 1872 sunt,
1605 1820 1710 1859 nec
1731 1803 1918 1859 divina
1947 1804 2064 1875 lege

488 1896 747 1961 instituti,
773 1895 976 1949 frustra
996 1894 1189 1960 inﬂati,
1221 1894 1537 1948 existimant
1559 1909 1626 1948 ex
1646 1895 1871 1964 proprio
1892 1894 2069 1950 libero

489 1986 722 2041 arbitrio
749 2001 809 2041 se
841 1985 1147 2041 abolituros
1181 1986 1503 2040 occasiones
1532 1986 1764 2055 peccati,
1799 1986 1944 2055 quod
1973 2002 2072 2056 per

493 2077 671 2131 solum
712 2075 898 2131 crucis
942 2076 1265 2148 mysterium
1327 2076 1751 2131 condemnatur.
1805 2077 1898 2132 illa
1925 2078 2071 2131 enim

492 2169 666 2223 libera
690 2169 963 2231 voluntas,
986 2183 1108 2239 quae
1133 2169 1189 2222 in
1217 2167 1457 2222 hominis
1494 2166 1753 2223 facultate
1775 2176 1880 2233 est,
1908 2167 1964 2221 in
1981 2183 2072 2234 eo,

496 2266 557 2312 ut
580 2257 801 2313 diabolo
829 2258 1095 2313 nimirum
1131 2258 1295 2312 reniti
1333 2258 1529 2328 possit,
1560 2258 1663 2313 sita
1696 2265 1802 2325 est,
1836 2275 1947 2314 non
1972 2275 2075 2314 au-

497 2359 629 2411 tem,
664 2357 724 2402 ut
745 2348 921 2418 possit
949 2347 1178 2402 omnino
1212 2347 1507 2417 imperium
1531 2358 1719 2401 tenere
1743 2348 1797 2401 in
1820 2347 2073 2403 allectus.

494 2439 611 2494 Nisi
638 2441 779 2493 enim
812 2438 1071 2493 Dominus
1094 2438 1456 2507 aediﬁcaverit,
1499 2438 1698 2508 inquit,
1743 2438 1977 2504 domum,
2027 2446 2077 2492 et

494 2530 799 2583 custodierit
821 2530 1113 2595 civitatem,
1154 2531 1358 2601 frustra
1385 2527 1594 2599 vigilat,
1624 2529 1716 2599 qui
1746 2529 1996 2595 custodit,
2027 2538 2078 2584 et

496 2623 697 2691 frustra
728 2621 957 2688 laborat,
991 2623 1081 2692 qui
1109 2620 1341 2689 wdiﬁcat
1360 2618 1426 2674 “.

568 2892 635 2948 ll.
700 2892 1041 2963 lmpossibile
1096 2900 1183 2947 est
1233 2906 1381 2947 enim
1427 2906 1554 2946 eum
1611 2889 1869 2945 incedere
1914 2904 2082 2958 super

480 2984 744 3053 'aspidem
790 2993 847 3038 et
893 2983 1236 3046 basiliscum,
1284 2994 1342 3036 et
1382 2981 1712 3036 conculcare
1743 2982 1980 3045 leonem,
2017 2993 2083 3035 ac
2130 3008 2137 3015 -

499 3077 820 3139 draconem,
842 3074 938 3143 qui
977 3073 1152 3143 prius,
1189 3082 1457 3142 quantum
1494 3072 1551 3124 in
1585 3071 1800 3125 viribus
1843 3071 2083 3126 hominis

2236 663 2291 713 εί
2321 660 2408 728 μὴ
2438 657 2811 728 δυναμωθεὶς
2854 659 2973 713 ὑπὸ
3006 659 3113 712 τοῦ
3151 657 3463 725 Χριστοῦ,
3516 659 3625 712 τοῦ
3659 676 3757 713 που

2234 728 2421 796 νηροῦ
2453 727 2819 783 σκανδάλων
2858 730 3276 797 περιγίνεσθαι
3303 729 3524 797 ίσχύει
3544 744 3560 759 ’
3591 730 3683 781 καὶ
3709 729 3759 783 τί

2230 798 2325 851 δεῖ
2350 800 2491 864 τοὺς
2538 797 2649 863 τῆς
2696 798 2859 862 θείας
2890 797 3077 864 δόξης
3129 797 3560 864 ὀρεγομένους
3587 797 3756 863 πράτ-

2232 884 2378 921 τειν;
2405 867 2684 921 Διδάσκει
2716 868 2835 936 καὶ,
2866 867 2956 920 ὅτι
2975 867 3071 920 διὰ
3094 864 3426 936 παρακοῆς
3451 866 3565 919 τοῦ
3600 867 3759 936 Ἀδὰμ

2232 941 2320 1004 εις
2348 936 2638 1006 δουλείαν
2672 935 2791 1006 ,τῆς
2823 936 3051 1006 σαρκός
3092 934 3311 1006 scapi».
3355 934 3755 1004 κατήλθομεν,

2233 1003 2432 1089 agam
2453 1005 2695 1089 ,διὰῇτοῦ
2724 1003 2794 1089 ἐν
2837 1003 2930 1089 τῷ·
2951 1004 3199 1089 σταυρῷ
3227 1008 3619 1089 ,μυστηρίρυ

2227 1073 2405 1146 mea}
2442 1074 2713 1129 Παιδεύει
2755 1075 2975 1146 ,λοιπόν
3003 1073 3181 1143 ἡμᾶς,
3215 1073 3316 1146 ὅτι
3347 1073 3599 1146 μεγάλη
3643 1074 3760 1127 ἐστι

2232 1142 2351 1200 τῶν
2375 1145 2653 1214 δακρύων
2681 1145 2781 1200 καί
2816 1144 2923 1199 τοῦ
2951 1142 3111 1200 θείου
3140 1143 3349 1212 πυρὸς
3383 1142 3667 1213 δύναμις.

2235 1264 2316 1316 A'.
2356 1257 2454 1323 Οἷς
2509 1259 2804 1331 ἐνυπάρχει
2848 1262 2877 1314 ό
2927 1261 3072 1325 θεῖος
3119 1261 3291 1331 νόμος
3337 1259 3451 1313 οὐκ
3490 1260 3551 1312 ὲν
3582 1259 3761 1330 μέλανι

2165 1353 2260 1408 καὶ
2306 1353 2629 1423 γράμμασιν
2677 1352 3149 1424 ἐγγεγραμμένος,
3208 1350 3340 1405 ἀλλ’
3411 1353 3477 1405 ὲν
3529 1351 3760 1422 καρδίαις

2166 1443 2451 1513 σαρκίναις
2491 1442 2995 1513 ἑμπεφυτευμένος,
3041 1436 3185 1496 οὗτοι
3222 1442 3367 1505 τοὺς
3400 1441 3507 1511 τῆς
3540 1440 3761 1504 διανοίας

2165 1533 2477 1603 ὀφθαλμοὺς
2512 1532 2895 1601 φωτισθέντες,
2930 1532 3026 1586 καὶ
3069 1532 3158 1585 ἀεὶ
3182 1530 3554 1603 ὀρεγόμενοι,
3590 1531 3649 1585 οὐ
3674 1528 3759 1601 τῆς

2168 1625 2433 1695 αἰσθητῆς
2469 1625 2564 1678 καί⁵
2607 1624 2945 1695 βλεπομένης
2995 1623 3231 1688 ἐλπίδος,
3274 1622 3429 1677 ἀλλά
3477 1625 3581 1693 τῆς
3611 1622 3760 1691 ἀορά·

2167 1735 2258 1771 του
2288 1718 2383 1770 καὶ
2411 1715 2627 1785 νοητῆς,
2657 1715 3033 1783 περιγίνεσθαι
3060 1713 3168 1769 τῶν
3196 1712 3300 1768 τοῦ
3327 1711 3584 1786 πονηροῦ
3609 1730 3755 1769 σκανο

2094 1808 2341 1892 Βδάλων
2387 1806 2685 1892 ἰσχύουσιν,
2730 1806 2845 1863 ἀλλ’
2878 1809 2943 1861 ὲκ
2990 1807 3089 1877 τῆς
3136 1807 3436 1879 ἀηττήτου
3469 1805 3752 1876 δυνάμεως.

2172 1903 2234 1953 Οί
2268 1900 2325 1953 δὲ
2359 1888 2433 1971 μή
2464 1900 2608 1971 λόγῳ
2649 1899 2783 1953 Θεοῦ
2832 1900 3210 1970 τετιμημένοι,
3243 1902 3401 1970 μήτε
3442 1900 3597 1971 νόμῳ
3645 1898 3754 1968 θείῳ

2173 1988 2621 2058 πεπαιδευμένοι,
2676 1989 2797 2058 εἰκῆ
2848 1989 3200 2061 φυσιούμενοι
3251 1991 3478 2045 οἴονται
3538 1990 3625 2043 διά
3674 1987 3754 2041 τοῦ

2177 2078 2307 2130 ἰδίου
2341 2077 2685 2143 αύτεξουσίου
2708 2081 3008 2147 καταργεῖν
3040 2078 3139 2142 τὰς
3171 2078 3450 2150 ἀφορμὰς
3476 2077 3578 2150 τῆς
3596 2078 3755 2151 ἀμαρ-

2173 2168 2312 2233 τίας,
2343 2167 2442 2237 τῆς
2470 2168 2559 2221 διὰ
2594 2168 2757 2239 μόνου
2804 2168 2898 2223 τοῦ
2951 2171 3010 2223 ὲν
3052 2167 3131 2239 τῷ
3182 2168 3420 2241 σταυρῷ
3472 2168 3752 2240 μυστηρίου

2175 2259 2665 2331 κατακρινομένης.
2701 2260 2775 2313 Τδ
2811 2260 2922 2330 γὰρ
2950 2260 3009 2313 ὲν
3038 2262 3105 2332 τῇ
3134 2258 3229 2313 τοῦ
3264 2259 3578 2331 ἀνθρώπου
3606 2260 3747 2314 δυνὰ-

2180 2367 2273 2420 μει
2321 2348 2669 2414 αὐτεξούσιον
2691 2349 2783 2404 ἐπὶ
2811 2350 2889 2421 τῷ
2916 2351 3231 2420 ἀντιστῆναι
3270 2349 3357 2420 τῷ
3388 2350 3624 2419 διαϐόλῳ
3659 2352 3752 2403 κεῖ-

2177 2456 2287 2504 ται,
2319 2439 2433 2493 ἀλλ’
2463 2440 2563 2493 οὐκ
2604 2438 2700 2491 ἐπὶ
2743 2439 2821 2510 τῷ
2870 2440 3132 2494 δύνασθαι
3182 2440 3339 2510 ἔχειν
3384 2440 3663 2503 παντελῶς
3705 2439 3752 2491 τὸ

2179 2530 2381 2599 κράτος
2427 2529 2569 2583 κατά
2608 2528 2719 2584 τῶν
2759 2530 2970 2585 παθῶν.
3009 2529 3145 2583 Ἐὰν
3194 2530 3312 2599 γὰρ
3350 2531 3445 2599 μὴ
3489 2532 3525 2584 ό
3556 2529 3750 2598 Κύριος

2179 2616 2570 2687 οἰκοδομήσῃ,
2611 2619 2798 2690 φησὶν,
2862 2613 3049 2683 οἷκον,
3106 2618 3206 2673 καί
3254 2618 3521 2688 φυλάξῃ
3570 2620 3747 2681 πόλιν,

2178 2714 2266 2776 εις
2290 2709 2492 2779 μάτην
2523 2710 2917 2780 ἠγρύπνησεν
2949 2713 2981 2765 ό
3008 2710 3358 2778 φυλάττων,
3393 2711 3497 2764 καί
3528 2707 3694 2777 κοπιᾷ
3720 2710 3747 2762 ό

2179 2799 2527 2870 οἰκοδομῶν.

2254 2887 2327 2943 B'.
2375 2891 2682 2961 Ἀμήχανον
2707 2889 2815 2960 γὰρ
2842 2888 3100 2961 ἐπιϐῆναι
3126 2891 3218 2945 ἐπὶ
3244 2892 3461 2946 ἀσπίδα
3495 2890 3585 2944 καὶ
3608 2888 3744 2959 βασις

2181 2979 2385 3047 λίσκον,
2418 2982 2513 3034 καὶ
2560 2982 2946 3052 καταπατῆσαι
2978 2982 3168 3036 λέοντα
3221 2984 3324 3037 καὶ
3358 2983 3649 3054 δράκοντα,
3682 2975 3744 3046 μὴ

2185 3074 2471 3143 πρότερον,
2501 3071 2628 3126 καθ’
2655 3072 2779 3127 ὅσον
2805 3070 3030 3126 δυνατὸν
3063 3071 3365 3145 ἀνθρώπῳ,
3392 3069 3744 3140 ἐκκαθάραντα

500 3174 605 3227 est,
634 3180 694 3220 se
722 3180 833 3219 non
882 3165 1220 3233 expurgarit,
1256 3178 1359 3217 nec
1394 3161 1788 3217 corroboratus
1813 3162 1986 3218 fuerit
2012 3163 2081 3218 ab

2193 3162 2398 3227 ἑαυτὸν,
2455 3162 2551 3217 καὶ
2593 3162 2980 3233 δυναμωθέντα
3027 3162 3180 3233 παρὰ
3217 3162 3319 3216 τοῦ
3368 3161 3613 3222 εἰπόντος
3652 3158 3745 3217 τοῖς

502 3270 590 3318 eo,
612 3254 706 3323 qui
729 3253 864 3307 dicit
888 3253 1152 3322 apostolis
1182 3269 1197 3305 :
1223 3252 1357 3306 Ecce
1382 3253 1449 3304 do
1472 3251 1611 3304 vobis
1636 3259 1947 3321 potestatem
1972 3254 2086 3305 cal-

504 3345 663 3400 candi
690 3360 850 3415 super
871 3350 1156 3413 serpentes,
1191 3351 1240 3396 et
1263 3343 1589 3412 scorpiones,
1621 3351 1669 3394 et
1691 3358 1850 3412 super
1875 3358 2084 3395 omnem

504 3438 749 3489 virtutem
775 3434 975 3487 inimici
1010 3435 1076 3487 '9.
1125 3432 1181 3487 Si
1235 3432 1385 3487 enim
1416 3432 1680 3487 valuisset
1721 3432 1959 3487 humana
1989 3447 2087 3487 na-

511 3537 656 3591 tura,
705 3526 914 3595 absque
960 3526 1217 3580 universa
1272 3533 1552 3579 armatura
1596 3524 1836 3595 Spiritus
1886 3524 2084 3591 sancti,

508 3620 963 3676 stare—adversus
989 3620 1219 3675 insidias
1250 3620 1488 3686 diaboli,
1524 3634 1634 3674 non
1694 3633 1826 3675 sane
1876 3618 2086 3673 dictum

508 3713 709 3768 fuisset
733 3712 804 3767 ab
825 3711 1087 3781 Apostolo
1127 3729 1141 3765 :
1172 3710 1315 3766 Deus
1341 3720 1521 3765 autem
1545 3712 1688 3781 pacis
1719 3719 1945 3764 conteret
1986 3708 2087 3763 Sa-

508 3815 695 3859 tanam
713 3803 807 3857 sub
834 3803 1048 3873 pedibus
1072 3807 1257 3857 vestris
1279 3804 1421 3857 brevi
1442 3803 1507 3856 ³⁰.
1546 3803 1614 3857 Ει
1643 3804 1841 3857 iterum
1875 3818 1888 3854 :
1922 3800 2087 3866 Quem

510 3893 771 3947 Dominus
824 3892 1103 3961 interﬁt-iet
1178 3894 1371 3964 spiritu
1417 3894 1525 3947 oris
1564 3895 1648 3947 sui
1685 3893 1749 3947 δι.
1793 3893 2089 3962 Pr0pterea

510 4000 731 4055 quoque
773 3984 912 4054 jussi
950 3999 1142 4039 sumus
1164 3985 1336 4039 Deum
1383 3984 1716 4039 obsecrare:
1748 3982 1825 4038 Ne
1867 3983 2087 4037 inducas

512 4092 606 4129 nos
646 4077 701 4129 in
733 4076 1100 4138 tentationem,
1141 4075 1234 4129 sed
1285 4075 1453 4129 libera
1502 4092 1594 4129 nos
1635 4092 1669 4130 a
1708 4074 1851 4129 malo
1872 4074 1939 4128 ³⁸.
1972 4074 2088 4129 Nisi

511 4168 660 4221 enim
692 4167 1096 4238 praestantioris
1127 4166 1317 4221 auxilii
1361 4182 1464 4237 ope
1515 4167 1733 4221 liberati
1784 4166 1852 4220 ab
1905 4166 2091 4237 ignitis

516 4259 637 4314 telis
694 4258 1039 4328 nequissimi,
1096 4258 1359 4326 consequi
1404 4258 1556 4328 digni
1602 4258 1906 4311 habeamur
1956 4258 2090 4312 ado—

515 4348 762 4417 ptionem
798 4346 1056 4410 filiorum,
1077 4344 1383 4400 frustranea
1401 4353 1487 4399 est
1509 4345 1854 4400 conversatio
1881 4353 2090 4413 nostra,

520 4445 579 4491 ut
605 4437 701 4507 qui
730 4437 976 4508 procula
1000 4435 1208 4492 virtute
1235 4436 1332 4491 Dei
1366 4434 1632 4491 absimus.

588 4692 680 4747 ΠΙ.
719 4691 1044 4763 Quicunque
1080 4709 1211 4766 ergo
1246 4694 1400 4765 cupit
1428 4696 1705 4767 particeps
1740 4696 1858 4752 fieri
1894 4696 2099 4752 divinas

518 4783 725 4857 gloriae,
748 4799 834 4849 ac,
871 4785 1024 4840 velut
1047 4785 1104 4839 in
1138 4788 1383 4856 speculo,
1433 4786 1637 4842 Christi
1670 4788 1982 4857 imaginem,
2039 4788 2097 4842 in

520 4874 771 4944 principe
806 4874 977 4929 animi
1023 4874 1107 4930 sui
1152 4874 1409 4931 facultate
1459 4877 1871 4946 contemplari,
1932 4875 2099 4932 debet

522 4965 819 5020 insatiabili
877 4965 1197 5032 dilectione,
1249 4976 1307 5021 et
1353 4967 1668 5037 inexplebili
1699 4966 1996 5032 desiderio,
2025 4982 2094 5021 ex

525 5065 640 5109 toto
661 5057 826 5112 corde
846 5068 903 5113 et
923 5060 1161 5125 viribus,
1184 5071 1357 5115 noctu
1384 5061 1594 5130 diuque
1617 5060 1898 5130 inquirere
1917 5069 2102 5130 poten-

525 5146 796 5201 tissimum
833 5150 927 5204 Dei
957 5152 1303 5217 subsidium;
1350 5151 1499 5221 quod
1554 5151 1779 5221 quidem
1839 5151 2101 5220 consequi

525 5237 864 5309 impossibile
913 5249 1016 5307 est,
1062 5242 1190 5307 nisi,
1217 5252 1276 5297 ut
1323 5251 1486 5297 antea
1535 5241 1796 5307 diximus,
1831 5240 2104 5295 abstineat

525 5330 651 5398 quis
679 5330 833 5399 prius
884 5331 953 5385 ab
989 5332 1266 5389 illecebris
1314 5333 1480 5407 hujus
1527 5332 1720 5389 mundi
1772 5348 1837 5387 ac
1895 5347 2102 5388 concu-

527 5418 812 5487 piscentiis
855 5418 1183 5476 adversariae
1226 5422 1536 5491 potestatis,
1566 5438 1688 5491 quae
1717 5421 1858 5477 lucis
1890 5430 1975 5477 est
2005 5435 2103 5475 ex-

526 5524 674 5580 pers,
709 5518 766 5566 et
806 5511 1053 5566 cﬂ'cctrix
1098 5513 1360 5583 nequitiae
1389 5524 1497 5580 est,
1530 5516 1597 5570 ad
1641 5515 1782 5571 bene
1831 5514 2100 5585 agendum

526 5599 755 5656 minime
796 5610 941 5672 apta,
969 5602 1077 5673 92
1122 5620 1187 5658 ac
1215 5620 1446 5674 prorsus
1476 5606 1718 5661 exclusa.
1752 5604 2020 5671 Quocirca
2055 5605 2100 5659 si

2186 3254 2524 3318 ἀποστόλοις,
2565 3252 2712 3306 Ἰδοὺ
2769 3253 3001 3308 δέδωκα
3057 3252 3202 3323 ὑμῖν
3254 3252 3526 3323 δύναμιν
3559 3246 3744 3303 πατεῖν

2185 3343 2386 3397 ἐπάνω
2424 3343 2618 3412 ὄφεων
2646 3343 2742 3395 καὶ
2775 3342 3104 3410 σκορπίων,
3146 3340 3248 3395 καὶ
3286 3341 3391 3395 ἐπὶ
3430 3333 3744 3400 πᾶσαντὴν

2185 3433 2443 3503 δύναμιν
2472 3432 2578 3487 τοῦ
2607 3432 2845 3500 ἐχθροῦ.
2879 3434 2942 3486 Ei
2998 3432 3109 3504 γὰρ
3144 3431 3337 3502 ἴσχυεν
3365 3432 3401 3502 ἡ
3433 3430 3531 3501 τῆς
3563 3424 3743 3494 ἀνθρωο

2185 3527 2417 3596 πότητος
2447 3525 2607 3592 φύσις
2635 3523 2790 3587 ἐκτὸς
2818 3523 2916 3593 τῆς
2950 3523 3252 3585 πανοπλίας
3276 3522 3379 3577 τοῦ
3406 3521 3558 3589 ἁγίου
3587 3513 3742 3571 Πνεύο

2193 3633 2385 3686 ματος,
2417 3618 2605 3685 στῆναι
2630 3614 2766 3684 πρὸς
2792 3613 2890 3677 τὰς
2922 3613 3207 3684 μεθοδείας
3245 3613 3340 3667 τοῦ
3370 3611 3628 3672 διαϐόλου,
3657 3605 3741 3658 οὐκ

2186 3706 2254 3761 ἂν
2282 3706 2465 3776 είρητο
2495 3705 2599 3758 ὑπὸ
2635 3704 2729 3758 τοῦ
2774 3704 3121 3770 Ἀποστόλου,
3164 3706 3226 3758 '0
3252 3704 3329 3758 δὲ
3364 3703 3510 3769 Θεὸς
3532 3699 3634 3767 τῆς
3676 3695 3741 3748 81-

2179 3795 2376 3865 ρήνης
2410 3796 2733 3863 συντρίψει
2776 3795 2886 3847 τὸν
2913 3791 3194 3851 Σατανᾶν
3227 3795 3354 3849 ὑπὸ
3395 3791 3539 3857 τοὺς
3578 3785 3739 3847 πόδας

2186 3884 2356 3953 ὑμῶν
2390 3884 2461 3938 ἐν
2498 3885 2684 3965 τάχει.
2741 3885 2849 3937 Καὶ
2878 3884 3059 3949 πάλιν,
3102 3886 3212 3939 ’⁸ον
3233 3887 3267 3941 ό
3296 3885 3534 3953 Κύριος,
3566 3869 3745 3933 ἀνελεῖ

2191 3974 2272 4040 τῷ
2321 3964 2610 4044 πνεύματι
2661 3974 2769 4029 τοῦ
2828 3976 3126 4043 στόματος
3179 3975 3394 4030 αὑτοῦ.
3428 3972 3518 4026 Διὸ
3565 3967 3622 4036 δὴ
3664 3964 3737 4017 καὶ

2190 4063 2648 4135 προσετάχθημεν
2698 4063 2912 4117 δέεσθαι
2966 4063 3062 4117 τοῦ
3116 4064 3352 4136 Κυρίου,
3390 4060 3486 4130 Μὴ
3514 4050 3737 4118 εἰσενέγ·

2189 4172 2301 4221 κῃς
2338 4156 2424 4220 είς
2452 4153 2791 4223 πειρασμὸν
2828 4152 3007 4223 ἡμᾶς,
3057 4153 3219 4209 ἀλλὰ
3245 4154 3439 4223 ῥῦσαι
3465 4148 3613 4219 ἡμᾶς
3641 4139 3736 4197 ἀπὸ

2190 4245 2298 4299 τοῦ
2327 4244 2621 4312 πονηροῦ.
2673 4244 2802 4298 Ἐὰν
2827 4244 2934 4315 γὰρ
2965 4245 3041 4315 μὴ
3063 4245 3149 4298 διὰ
3176 4246 3277 4316 τῆς
3306 4244 3607 4316 κρείττονος
3629 4232 3734 4303 βοη-

2195 4337 2343 4402 Θείας
2380 4337 2670 4408 ρυσθέντες
2712 4337 2822 4411 τῶν
2862 4338 3278 4407 πεπυρωμένων
3312 4334 3486 4407 βελῶν
3529 4326 3614 4383 τοῦ
3659 4335 3736 4373 πυ·

2195 4427 2382 4499 νηροῦ,
2414 4426 2842 4497 καταξιωθῶμεν
2873 4429 2973 4497 τῆς
3000 4426 3294 4489 υἱοθεσίας,
3329 4427 3412 4488 είς
3462 4421 3624 4492 μάτην
3652 4423 3732 4463 πθ·

2117 4490 2172 4552 D
2195 4490 2541 4589 λιτευόμεθα,
2580 4519 2655 4583 ὡς
2689 4490 2879 4590 πόρρω
2906 4490 3005 4589 τῆς
3034 4517 3318 4590 δυνάμεως
3357 4490 3605 4572 τοῦνΘεοῦ
3633 4515 3735 4567 τυγ-

2196 4611 2473 4683 χάνοντες.
2536 4630 2539 4634 -

2270 4701 2345 4754 Γ’.
2397 4701 2458 4753 'U
2495 4699 2677 4754 τοίνυν
2732 4697 3057 4768 βουλόμενος
3112 4697 3337 4769 μέτοχος
3382 4689 3613 4765 γίνεσθαι

2198 4793 2350 4857 θείας
2381 4792 2559 4863 δόξης,
2592 4792 2688 4846 καὶ
2724 4791 2914 4862 ὥσπερ
2945 4794 3005 4845 ὲν
3053 4792 3371 4863 κατόπτρῳ,
3403 4788 3499 4857 τὴν
3526 4782 3728 4850 Χριστου

2205 4883 2423 4956 μορφὴν
2450 4885 2585 4955 δρᾷν
2616 4885 2676 4936 έν
2717 4882 2794 4954 τῷ
2839 4882 3157 4954 ἡγεμονικῷ
3194 4883 3380 4944 αὐτοῦ,
3413 4874 3601 4947 ὀφείλει
3629 4865 3733 4918 duo-

2204 4975 2379 5046 ρέστῳ
2427 4975 2631 5043 στοργῇ
2674 4972 2769 5025 καὶ
2800 4972 3061 5041 ἀπλήστῳ
3089 4971 3327 5024 διαθέσει
3356 4970 3414 5033 ἐξ
3457 4965 3575 5031 ὅλης
3622 4963 3729 5046 κείν

2199 5044 2317 5129 δίας
2363 5066 2461 5119 καὶ
2508 5065 2792 5134 δυνάμεως
2821 5065 3037 5137 νύκτωρ
3064 5065 3160 5120 καὶ
3200 5066 3320 5135 μεθ’
3344 5062 3545 5134 ἡμέραν
3572 5044 3725 5119 ζητεῖν

2198 5159 2297 5228 τὴν
2323 5159 2387 5210 ἐκ
2414 5156 2509 5209 τοῦ
2556 5157 2692 5209 Θεοῦ
2724 5156 3008 5226 ἀντίληψιν
3041 5158 3099 5210 ὲν
3125 5156 3371 5226 δυνάμει,
3399 5150 3464 5225 ἦς
3490 5144 3727 5228 ἀμήχανον

2202 5220 2514 5317 μετασχεῖν,
2546 5250 2594 5300 εί
2635 5247 2733 5318 μὴ,
2762 5248 2837 5310 ὡς
2865 5220 3146 5318 προεῖπον,
3194 5220 3479 5316 ἀπόσχοιτό
3510 5250 3584 5296 τις
3620 5220 3728 5322 πΡΫ

2199 5353 2355 5407 τερον
2385 5336 2483 5405 τῆς
2524 5337 2857 5407 ἡδυπαθείας
2911 5336 3004 5389 τοῦ
3044 5336 3274 5407 κόσμου,
3315 5334 3421 5388 τῶν
3469 5322 3728 5407 ἐπιθυμαιξν

2207 5401 2307 5493 τῆς
2350 5401 2600 5491 ἐναντίας
2629 5428 2933 5497 δυνάμεως,
2966 5428 3087 5497 ἥτις
3120 5401 3297 5497 (ρωτδς
3338 5416 3575 5489 ἀλλοτρία
3614 5401 3723 5497 ἐστίν

2209 5490 2303 5571 καὶ
2334 5517 2583 5587 ἐνέργεια
2621 5490 3144 5589 πονηρίας-ἀγαθῆς.
3185 5516 3457 5589 ἐνεργείας
3506 5490 3721 5589 ἀνοίκςξάϐ

2209 5609 2345 5671 ἐστι,
2379 5584 2472 5662 καὶ
2520 5610 2697 5680 πάντη
2732 5584 3141 5682 ἀπεξενωμένη.
3177 5584 3467 5681 Τοιγαροῦν
3510 5598 3554 5653 εί
3580 5584 3720 5665 βούλει

601 5758 647 5790 ’⁸
684 5756 1041 5825 Psal.cxxvn,
1074 5762 1125 5815 1.
1201 5762 1244 5793 ¹⁹
1271 5759 1404 5816 Luc.
1438 5778 1489 5827 κ,
1517 5763 1601 5816 «19.
1681 5764 1722 5794 ³ο
1760 5765 1915 5819 Rom.
1953 5782 2061 5834 xw,

2262 5767 2300 5797 ³¹
2330 5767 2371 5821 ll
2409 5768 2599 5821 Thess.
2636 5784 2692 5833 ιι,
2724 5768 2774 5823 8.
2854 5770 2897 5801 ³¹
2946 5768 3139 5825 Matth.
3171 5783 3245 5849 Ῡῐ,
3274 5766 3359 5823 15.
