3966 6430
271 357 385 421 669

1461 354 1833 418 ΗΟΜΙῙᾸΑΞ.
1854 378 1927 390 --
1954 353 2144 417 ΗΟΜ.
2184 358 2360 422 XXV.

3451 364 3555 435 670

277 468 478 539 μαθεῖν
503 464 650 531 τίνος
678 465 865 522 ἕνεκεν
904 466 1216 531 κτισθέντες
1246 467 1306 521 ὲν
1336 471 1471 541 τιμῇ
1538 472 1635 523 καί
1682 485 1865 523 κατοι-

1979 467 2191 527 discere
2239 470 2521 526 desideres
2573 484 2682 540 qua
2711 468 2781 527 de
2822 484 3007 537 causa,
3042 486 3169 527 cum
3218 486 3467 531 essemus
3499 476 3557 533 in

272 558 563 623 κισθέντες
602 560 660 612 ὲν
686 559 1027 630 παραδείσῳ,
1059 561 1369 614 τελευταῖον
1397 561 1867 632 συμπαρεὸλήθη-

276 669 383 719 μεν
414 652 525 714 τοῖς
568 651 820 722 ἀνοήτοις
870 654 1117 722 κτήνεσι,
1145 654 1241 706 καὶ
1267 651 1634 722 ὡμοιώθημεν
1662 651 1866 718 αὐτοῖς,

276 742 746 807 ἀποπεπτωκότες
779 745 878 813 τῆς
929 744 1200 814 ἀχράντου
1248 742 1427 813 δόξης,
1470 744 1729 812 γίνωσκε,
1785 744 1869 796 ὅτι

274 834 370 885 διά
395 836 492 903 τῆς
520 833 807 905 παρακοῆς
836 834 1012 887 δοῦλοι
1038 837 1137 906 τῆς
1168 835 1372 905 σαρκὸς
1420 834 1609 888 παθῶν
1644 834 1871 906 γενόμε-

276 943 364 977 νοι
399 925 807 995 ἁπεκλείσαμεν
842 925 1070 989 ἑαυτοὺς
1094 925 1200 995 τῆς
1235 926 1514 997 μακαρίας
1549 925 1731 998 χώρας
1759 926 1869 981 τῶν

277 1014 523 1080 ζώντων,
553 1015 651 1069 κα)⁸
681 1018 739 1070 ὲν
769 1016 1118 1088 αἰχμαλωσίᾳ
1158 1016 1462 1087 γενόμενοι,
1507 1016 1589 1070 ἐτι
1623 1017 1717 1071 ἐπὶ
1760 1016 1870 1071 τῶν

278 1106 550 1176 ποταμῶν
577 1105 900 1169 Βαϐυλῶνος
960 1105 1308 1177 καθεζόμεθα
1330 1117 1349 1135 ⁹
1386 1107 1479 1161 καὶ
1506 1105 1594 1161 διά
1614 1106 1675 1160 τὸ
1700 1104 1780 1160 ἔτι
1811 1107 1870 1161 ἐν

278 1198 547 1271 Αίγύπτῳ
573 1200 721 1271 ἡμᾶς
755 1197 1104 1271 κατέχεσθαι,
1133 1199 1289 1254 οὔπω
1337 1198 1868 1271 ἐκληρονομήσαμεν

277 1291 385 1360 τὴν
424 1290 529 1361 γῆν
595 1290 950 1361 ἐπαγγελίας,
980 1291 1080 1364 τήν
1129 1291 1364 1363 ῥέουσαν
1393 1290 1538 1361 γάλα
1576 1292 1671 1347 καὶ
1721 1292 1866 1363 μέλι.

278 1380 452 1435 Οὔπω
479 1376 933 1454 συνεφυράθῆμεν
958 1385 1027 1453 τῇ
1052 1382 1201 1455 ζύμῃ
1230 1383 1330 1455 τῆς
1356 1381 1730 1452 εἰλικρινείας,
1752 1380 1869 1437 ἀλλ’

276 1474 365 1528 ἔτι
404 1475 572 1546 ἐσμὲν
605 1476 664 1527 ὲν
691 1477 757 1546 τῇ
785 1474 887 1546 τῆς
942 1476 1212 1547 πονηρίας
1252 1474 1424 1547 ζύμῃ.
1466 1473 1637 1529 Οὔπω
1672 1476 1871 1546 ὲρῤαν-

273 1565 441 1636 τίσθη
483 1566 643 1637 ήμῶν
672 1567 707 1636 ή
743 1566 947 1636 καρδία
994 1565 1073 1637 τῷ
1117 1566 1313 1637 αἵματι
1338 1564 1434 1619 τοῦ
1462 1565 1631 1620 Θεοῦο
1656 1566 1738 1621 ἔτι
1760 1565 1871 1637 γάρ

272 1653 339 1705 τὸ
373 1652 644 1723 πέταυρον
680 1652 777 1707 τοῦ
812 1653 965 1725 ᾅδου,
998 1656 1092 1708 καὶ
1130 1653 1193 1707 τὸ
1214 1653 1511 1729 ἄγκιστρον
1537 1654 1641 1727 τῆς
1669 1656 1872 1721 κακίας

272 1744 297 1795 ὲ
308 1744 631 1814 μπέπηκται
652 1744 813 1815 αὐτῇ.

346 1834 422 1891 Δ’.
453 1833 618 1889 Οὔπω
649 1835 1034 1907 ἀπειλήφαμεν
1073 1835 1173 1907 τὴν
1222 1836 1546 1907 ἀγαλλίασιν
1571 1835 1668 1891 τοῦ
1701 1854 1872 1910 σωτη-

275 1926 399 1997 ρίου
430 1925 525 1979 τοῦ
563 1926 822 1996 Χριστοῦ.
893 1927 974 1981 ἔτι
1015 1928 1123 1999 γάρ
1154 1928 1215 1982 τὸ
1253 1930 1480 2001 κέντρον
1516 1929 1613 1983 τοῦ
1638 1929 1869 1983 θανάτου

272 2019 749 2090 ὲγκατερρίζωται
779 2020 929 2090 ήμῖν.
959 2020 1135 2073 Οὔπω
1157 2020 1577 2092 ἑνεδυσάμεθα
1605 2021 1715 2076 τὸν
1745 2038 1869 2075 και-

272 2110 392 2166 νὸν
448 2110 785 2179 ἄνθρωπον,
840 2110 947 2165 τὸν
1008 2110 1160 2165 κατά
1221 2113 1371 2165 Θεὸν
1417 2112 1745 2167 κτισθέντα
1799 2111 1872 2168 ἐν

272 2202 547 2269 ὁσιότητι
563 2218 577 2231 ·
603 2198 813 2269 ἐπειδὴ
842 2200 1008 2254 οὔπω
1030 2200 1455 2271 ἁπεδυσάμεθα
1476 2200 1586 2254 τὸν
1608 2200 1872 2255 παλαιόν

272 2293 613 2360 ἄνθρωπον,
653 2291 762 2345 τὸν
814 2292 1208 2362 φθειρόμενον
1228 2291 1379 2346 κατὰ
1416 2292 1523 2358 τὰς
1552 2293 1871 2363 ἐπιθυμίας

272 2380 393 2449 τῆς
437 2380 694 2452 ἀπάτης.
719 2381 897 2435 Οὔπω
946 2380 1320 2451 φορέσαντες
1369 2381 1484 2452 τὴν
1513 2384 1719 2438 εἰκόνα
1761 2384 1871 2439 τοῦ

272 2473 665 2541 ἐπουρανίου,
700 2472 1043 2542 σύμμορφοι
1078 2471 1189 2541 τῆς
1231 2472 1423 2543 δόξης
1472 2474 1665 2530 αὑτοῦ
1698 2476 1871 2547 γεγό-

273 2582 489 2633 ναμεν.
531 2565 706 2618 Οὔπω
732 2564 1286 2634 προσεκυνήσαμεν
1314 2566 1386 2621 ἐν
1416 2569 1722 2637 Πνεύματι
1769 2565 1872 2622 καὶ

272 2658 537 2724 ἀληθείᾳ
569 2656 710 2721 Θεῷ,
752 2656 851 2709 διὰ
888 2655 954 2709 τὸ
1010 2657 1381 2721 βασιλεύειν
1425 2657 1543 2727 τὴν
1579 2659 1871 2729 ἁμαρτίαν

273 2751 350 2803 ἐν
374 2748 454 2815 τῷ
480 2748 677 2818 θνητῷ
706 2746 879 2818 ἡμῶν
902 2748 1155 2818 σώματι.
1189 2748 1357 2803 Οὔπω
1387 2750 1739 2821 ἐθεασάμεθα
1769 2750 1871 2822 τὴν

272 2843 438 2908 δόξαν
468 2842 561 2896 τοῦ
591 2842 869 2911 ἀφθάρτου
892 2859 905 2875 ·
936 2841 1016 2896 ἔτι
1065 2842 1175 2913 γὰρ
1225 2842 1330 2897 ὑπὸ
1367 2843 1468 2914 τῆς
1526 2844 1871 2915 σκοτομήνης

273 2934 672 3007 ἐνεργούμεθα.
694 2934 861 2989 Οὔπω
886 2935 1255 3007 ὲνεδυσάμεθα
1278 2935 1348 2989 τά
1370 2936 1509 2991 ὅπλα
1534 2934 1630 2989 τοῦ
1669 2935 1868 3005 φωτός·

275 3025 471 3097 ἐπειδὴ
512 3024 667 3079 οὔπω
701 3025 1094 3097 ἀπεδυσὰμεθα
1123 3026 1193 3079 τά
1220 3024 1315 3079 τοῦ
1366 3026 1592 3091 σκότους
1633 3026 1774 3081 ὅπλα
1809 3043 1871 3080 τε

1896 1802 1947 1863 Β

1972 559 2186 616 honore
2216 561 2413 626 creati,
2453 570 2510 615 et
2563 559 2620 615 in
2666 559 2923 631 paradiso
2974 562 3284 630 constituti,
3334 565 3557 621 tandem

1970 653 2275 723 comparati
2324 653 2499 709 simus
2550 668 2680 708 cum
2736 652 3134 723 insipientibus
3182 656 3470 726 iumentis,
3502 666 3559 711 et

1972 744 2194 799 illorum
2218 745 2430 801 similes
2451 744 2606 807 facti,
2628 754 2686 801 et
2706 745 3013 801 excidimus
3031 747 3100 801 ab
3127 746 3557 803 incontaminata

1970 834 2170 906 gloria,
2222 835 2386 900 scito,
2443 835 2593 905 quod
2626 850 2751 890 cum
2784 850 2885 905 per
2928 835 3360 891 inobedientiam
3411 838 3556 892 servi

1974 924 2335 981 all‘ectionum
2370 925 2556 981 carnis
2583 924 2769 981 ell'ecti
2789 939 3063 991 essemus,
3088 925 3432 981 exclusimus
3454 942 3558 981 nos

1971 1018 2122 1088 ipsos
2150 1034 2182 1073 a
2218 1018 2378 1073 beata
2406 1018 2631 1089 regione
2663 1017 2993 1082 viventium,
3018 1027 3075 1072 et
3094 1018 3150 1072 in
3185 1018 3555 1088 captivitatem

1972 1110 2207 1176 redacti,
2238 1110 2422 1165 adhuc
2461 1110 2619 1181 juxta
2666 1108 2893 1164 ﬂumina
2939 1110 3234 1181 Babylonis
3263 1110 3552 1175 sedemus;

1969 1211 2027 1258 et
2066 1218 2157 1271 eo,
2182 1203 2331 1274 quod
2362 1201 2547 1257 adhuc
2577 1201 2635 1256 in
2674 1200 2907 1273 Egypto
2936 1202 3278 1268 detinemur,
3306 1204 3556 1259 nondum

1970 1296 2322 1352 btereditario
2348 1296 2474 1367 jure
2496 1293 2847 1364 possidemus
2890 1302 3093 1349 terram
3151 1295 3557 1364 promissionis,

1971 1387 2239 1443 ﬂuentem
2269 1388 2410 1443 lacte
2437 1395 2497 1442 et
2525 1385 2713 1441 melle.
2739 1384 2997 1439 Nondum
3022 1385 3235 1439 subacti
3266 1400 3457 1441 sumus
3502 1385 3559 1438 in

1970 1473 2247 1530 fermento
2278 1471 2635 1537 sinceritatis,
2682 1470 2779 1525 sed
2826 1470 3010 1525 adhuc
3041 1472 3095 1525 in
3138 1470 3412 1526 lermento
3444 1487 3563 1526 ma-

1971 1566 2107 1621 litias
2133 1564 2406 1636 degimus.
2436 1562 2693 1619 Nondum
2725 1571 2813 1617 est
2839 1577 3123 1631 aspersum
3169 1577 3266 1616 cor
3304 1572 3558 1617 nostrum

1971 1658 2242 1729 sanguine
2264 1656 2398 1722 Dei;
2445 1654 2632 1709 adhuc
2669 1653 2820 1707 enim
2853 1654 3084 1724 laqueus
3110 1654 3331 1719 inferni,
3360 1662 3419 1708 et
3456 1652 3561 1707 ha-

1973 1764 2099 1804 mus
2125 1747 2348 1803 malitim
2370 1747 2450 1803 illi
2476 1746 2679 1802 inﬁxus
2705 1752 2812 1800 est.

2044 1841 2134 1896 ιν.
2178 1839 2439 1895 Nondum
2512 1838 2830 1908 accepimus
2900 1836 3327 1891 exsultationem
3391 1850 3560 1905 super

1972 1933 2152 1987 salute
2192 1930 2403 1987 Christi
2431 1948 2445 1983 :
2480 1930 2663 1985 adhuc
2692 1928 2843 1984 enim
2873 1927 3099 1982 aculeus
3126 1927 3319 1982 mortis
3345 1926 3562 1981 radices

1973 2022 2030 2077 in
2084 2022 2245 2077 nobis
2285 2020 2481 2077 infixas
2529 2020 2719 2075 habet.
2777 2018 3025 2074 Nondum
3053 2019 3321 2073 induimus
3370 2034 3563 2071 nouum

1971 2115 2263 2178 hominem,
2290 2116 2381 2185 qui
2408 2113 2697 2168 secundum
2722 2112 2893 2167 Deum
2932 2120 3143 2166 creatus
3171 2121 3246 2164 est
3275 2112 3332 2165 in
3358 2111 3562 2165 sancti-

1973 2214 2131 2263 tate.:
2175 2206 2304 2276 quia
2332 2204 2569 2259 nondum
2607 2204 2847 2257 exuimus
2881 2212 3108 2256 veterem
3152 2202 3437 2265 hominem,
3471 2202 3565 2271 qui

1973 2298 2108 2368 perit
2133 2295 2425 2351 secundum
2463 2294 2727 2348 desideria
2764 2292 3054 2363 fraudis".
3079 2291 3328 2347 Nondum
3349 2301 3565 2362 gestan-

1974 2398 2049 2443 tes
2077 2389 2364 2459 imaginem
2393 2385 2637 2452 caelestis,
2689 2385 2985 2455 conformes
3024 2384 3211 2454 gloria:
3247 2383 3392 2437 illius
3435 2384 3564 2453 facti

1971 2495 2177 2534 sumus.
2211 2477 2462 2534 Nondum
2503 2476 2846 2531 adorauimus
2885 2476 2944 2530 in
2988 2472 3193 2545 Spiritu
3244 2481 3294 2526 et
3344 2475 3565 2527 veritate

1972 2566 2144 2626 Deum
2178 2610 2195 2637 ,
2246 2586 2306 2624 eo
2364 2570 2505 2641 quod
2550 2568 2853 2622 dominetur
2901 2574 3177 2639 peccatum
3226 2567 3283 2619 in
3347 2565 3565 2619 mortali

1974 2673 2155 2719 nostro
2191 2678 2412 2733 corpore
2438 2662 2523 2715 ³³⁸.
2550 2660 2809 2715 Nondum
2839 2657 3201 2730 contemplati
3223 2673 3419 2712 sumus
3443 2658 3565 2727 glo-

1974 2756 2113 2810 riam
2148 2754 2271 2827 ejus
2309 2753 2407 2824 qui
2453 2751 2904 2822 incorruptibilis
2931 2760 3046 2817 est;
3085 2751 3270 2805 adimo
3310 2751 3460 2805 enim
3494 2750 3564 2803 ab

1974 2847 2137 2902 illuni
2189 2854 2356 2902 nocte
2410 2844 2706 2916 agitamur.
2758 2843 3015 2899 Nondum
3073 2842 3360 2897 induimus
3412 2856 3564 2895 arma

1972 2938 2156 3005 lucis;
2198 2938 2329 3009 quia
2360 2936 2611 2993 nondum
2646 2934 2905 2990 exuimus
2933 2948 3107 2998 arma,
3142 2933 3250 2987 tela
3304 2940 3360 2987 et
3394 2947 3565 3002 opera

1975 3027 2363 3083 tenebrarum.
2420 3025 2679 3081 Nondum
2745 3023 3131 3079 transformati
3212 3038 3407 3078 sumus
3464 3037 3566 3092 per

274 3117 378 3173 καὶ
433 3117 588 3189 βέλη,
645 3116 741 3173 καὶ
796 3118 954 3189 ἔργα.
1013 3116 1182 3172 Οὔπω
1240 3117 1753 3190 μετεμορφώθημεν
1800 3120 1868 3191 τῇ

1979 3120 2181 3176 mentis
2210 3118 2628 3176 renovationem
2674 3134 2688 3172 :
2725 3117 2913 3173 adhuc
2959 3116 3109 3172 enim
3154 3115 3567 3186 conﬁguramur

274 3210 624 3264 ἀνακαινίσει
644 3209 737 3264 τοῦ
771 3212 910 3274 νοός.
942 3210 1064 3263 Ἔτι
1094 3209 1204 3282 γάρ
1234 3209 1759 3282 συσχηματιζόμεθα
1793 3210 1871 3283 τῷ

273 3303 442 3357 αἰῶνι
468 3303 646 3375 τούτῳ
676 3305 736 3357 ὲν
780 3306 847 3375 τῇ
886 3303 983 3358 τοῦ
1012 3303 1132 3368 νοὸς
1159 3302 1507 3375 ματαιότητι.
1542 3303 1718 3358 Οὔπω
1741 3305 1873 3372 Χρι-

273 3399 406 3465 στῷ
431 3395 989 3466 συνεδοεάσθημεν,
1014 3395 1111 3450 διὰ
1136 3393 1203 3449 τὸ
1221 3393 1308 3464 μὴ
1333 3392 1675 3465 συμπαθεῖν
1713 3392 1873 3463 ἡμᾶς

275 3490 465 3557 αὐτῷ.
511 3490 687 3543 Οὔπω
739 3490 812 3543 τὰ
839 3489 1134 3557 στίγματα
1166 3485 1357 3541 αὑτοῦ
1393 3486 1464 3540 ἐν
1510 3485 1593 3552 τῷ
1644 3484 1874 3555 σώματι

276 3582 454 3653 ἡμῶν
500 3582 782 3651 φέρομεν,
832 3580 1115 3651 γενόμενοι
1168 3580 1227 3632 ἐν
1287 3579 1367 3650 τῷ
1433 3578 1722 3651 μυστηρίῳ
1776 3576 1870 3630 τοῦ

284 3673 528 3744 οταυροῦ
582 3672 675 3727 τοῦ
708 3670 970 3741 Χριστοῦ.
1009 3672 1130 3724 Ἔτι
1158 3670 1271 3741 γὰρ
1317 3670 1538 3733 ἐντοῖς
1592 3672 1874 3739 σαρκικοῖς

279 3767 577 3837 παθήμασι
629 3767 725 3818 καὶ
770 3766 891 3827 ταῖς
944 3762 1266 3831 ἐπιθυμίαις
1293 3760 1482 3830 ἐσμέν.
1516 3758 1686 3815 Οὔπω
1722 3760 1873 3815 Θεοῦ

277 3857 651 3927 κληρονόμοι
682 3856 780 3910 καὶ
816 3857 1305 3925 συγκληρονόμοι
1336 3852 1597 3923 Χριστοῦ
1625 3853 1874 3921 γεγόνα-

275 3965 430 4020 μεν’
468 3950 551 4002 ὅτι
582 3949 692 4019 γὰρ
728 3946 947 4016 πνεῦμα
991 3945 1239 4008 δουλείας
1272 3944 1594 4014 ἐνυπάρχει,
1636 3943 1733 3996 καὶ
1775 3942 1874 4013 οὐχ

279 4040 562 4103 υἱοθεσίας
583 4056 596 4069 ·
640 4038 795 4092 οὔπω
834 4040 1166 4110 γεγόναμεν
1195 4037 1342 4103 ναὸς
1374 4037 1545 4101 θεοῦ,
1577 4035 1675 4090 καί
1702 4037 1872 4103 οἰκη-

278 4132 501 4201 τήριον
558 4131 907 4200 Πνεύματος
978 4130 1187 4199 ἁγίου·
1224 4127 1305 4184 ἔτι
1360 4128 1470 4199 γάρ
1527 4128 1697 4198 ἔσμεν
1749 4128 1875 4191 ναὸς

279 4222 543 4289 εἰδώλων,
580 4223 673 4276 καὶ
711 4222 921 4293 δοχεῖον
956 4220 1287 4291 πνευμάτων
1320 4219 1612 4291 πονηρίας,
1646 4218 1736 4273 διὰ
1776 4218 1877 4291 τὴν

279 4314 379 4367 ἐπὶ
404 4314 474 4368 τὰ
502 4312 651 4384 πάθη
684 4314 882 4385 ὁρμήν.

357 4411 434 4464 E'.
480 4411 689 4473 Ὄντως
743 4408 853 4479 γάρ
900 4408 1056 4463 οὔπω
1102 4407 1197 4462 τοῦ
1246 4408 1449 4480 τρόπου
1478 4410 1540 4463 τὺ
1590 4409 1870 4481 ἀκέραιον,

279 4501 381 4555 καὶ
414 4500 511 4569 τὴν
532 4500 631 4570 τῆς
652 4499 893 4563 διανοίας
919 4499 1281 4571 λαμπρότητα
1305 4500 1676 4570 ἐκτησάμεθα.
1708 4500 1878 4555 Οὔπω

282 4591 713 4663 κατηξιώθημεν
739 4593 836 4645 τοῦ
869 4591 1061 4646 ἀδόλου
1097 4592 1191 4645 καὶ
1213 4590 1434 4660 λογικοῦ
1460 4591 1754 4660 γάλακτος,
1778 4593 1878 4646 καὶ

282 4685 387 4755 τῆς
414 4684 611 4757 νοητῆς
640 4684 942 4757 αὐξήσεως.
984 4682 1152 4739 Οὔπω
1177 4686 1311 4756 ἡμῖν
1348 4684 1530 4755 ήμέρα
1558 4684 1873 4755 διηύγασεν,

284 4775 414 4830 οὔτε
436 4776 712 4848 ἑωσφόρος
733 4778 790 4830 ὲν
810 4778 931 4840 ταῖς
951 4776 1205 4846 καρδίαις
1227 4776 1385 4846 ἡμῶν
1401 4775 1693 4832 ἀνέτειλεν.
1708 4775 1878 4830 Οὔπω

288 4868 711 4939 συνεκράθημεν
744 4867 823 4937 τῷ
849 4866 984 4937 ἡλίῳ
1008 4866 1109 4935 τῆς
1139 4866 1514 4938 δικαιοσύνης,
1572 4867 1728 4921 οὔπω
1755 4870 1878 4932 ταῖς

280 4957 461 5013 nemo
498 4958 957 5030 συνηστράψαμεν
994 4957 1233 5012 ἀκτῖσιν.
1275 4956 1443 5011 Οὔπω
1491 4960 1879 5031 ἀπειλήφαμεν

287 5050 390 5121 τὴν
450 5049 546 5103 τοῦ
606 5049 815 5122 Κυρίου
878 5049 1159 5121 ὁμοίωσιν,
1220 5050 1360 5104 οὔτε
1408 5050 1739 5121 γεγόναμεν
1767 5050 1879 5120 τῆς

288 5141 459 5206 θείας
499 5142 740 5210 φύσεως
787 5142 1084 5195 κοινωνοί.
1134 5141 1304 5194 Οὔπω
1348 5141 1659 5213 γεγόναμεν
1692 5142 1878 5206 ἄδολος

290 5231 553 5303 πορφύρα
617 5232 893 5303 βασιλικὴ,
933 5230 1059 5284 οὔτε
1120 5230 1408 5292 ἀνόθευτος
1468 5230 1633 5285 εἰκὼν
1697 5230 1875 5304 θεῖκή.

291 5322 465 5376 Οὔπω
501 5324 821 5395 ὲτρώθημεν
872 5323 949 5394 τῷ
989 5322 1118 5393 θείῳ
1163 5322 1349 5393 ἔρωτι,
1390 5320 1513 5375 οὔτε
1557 5322 1879 5395 ἐπλήγημεν

291 5417 404 5470 ὑπὸ
447 5419 546 5486 τῆς
575 5417 953 5487 πνευματικῆς
1001 5414 1224 5483 ἀγάπης
1262 5411 1357 5465 τοῦ
1392 5413 1670 5485 Νυμφίου.
1709 5415 1879 5470 Οὔπω

290 5506 396 5579 τὴν
427 5508 707 5578 ἄφραστον
758 5506 1041 5561 κοινωνίαν
1078 5505 1477 5576 ἐγνωρίσαμεν,
1521 5504 1648 5559 οὔτε
1686 5506 1785 5578 τὴν
1820 5508 1879 5560 ὲν

291 5599 556 5671 ἁγιασμῷ
590 5599 822 5669 δύναμιν
862 5599 958 5652 καὶ
1009 5597 1239 5669 εἰρήνην
1268 5595 1613 5668 ἐπέγνωμεν.
1648 5598 1760 5653 Καὶ
1792 5600 1880 5654 ἵνα

371 5717 419 5789 ξ’
457 5717 659 5789 Ephes.
694 5734 767 5789 tv,
825 5713 1011 5789 274,29.
1106 5714 1170 5745 ³³’
1194 5713 1215 5769 Ι
1240 5711 1368 5789 σος.
1395 5727 1489 5789 xv,
1515 5713 1633 5789 Q95
1672 5715 1844 5789 Rom.
1866 5732 1984 5789 vni,
2010 5714 2300 5789 29;__Jgan.
2344 5712 2727 5789 tv,_24;Rom.
2757 5728 2831 5777 vn,
2865 5710 2954 5765 22.

300 5782 545 5845 “Galat.
582 5804 655 5855 v1,
689 5788 774 5841 l7.
853 5785 918 5821 ’ν
945 5785 1102 5842 Rom.
1131 5800 1249 5851 vm,
1282 5784 1369 5837 i7.
1447 5784 1492 5816 "
1519 5784 1539 5839 ι
1563 5782 1693 5843 Cor.
1719 5802 1801 5856 ιη,
1825 5787 1911 5843 16.

1974 3213 2109 3269 huic
2145 3213 2351 3269 seculo
2396 3228 2498 3283 per
2523 3211 2731 3267 mentis
2774 3210 3103 3265 vanitatem.
3139 3206 3391 3262 Nondum
3445 3221 3565 3260 cum

1974 3307 2185 3364 Christo
2208 3306 2497 3379 glori/icati
2511 3321 2729 3370 sumus;
2755 3303 2883 3373 quia
2901 3317 3007 3356 non
3032 3296 3563 3370 compatimurilli".

1973 3400 2225 3456 Nondum
2265 3402 2523 3471 stigmata
2570 3397 2717 3453 illius
2767 3398 2826 3450 in
2879 3409 3098 3467 corpore
3146 3402 3327 3448 nostro
3385 3400 3568 3463 gesta-

1974 3507 2092 3546 mus
2118 3491 2183 3557 ⁸⁵,
2220 3500 2511 3547 versantes
2555 3489 2613 3543 in
2662 3486 2931 3559 mysterio
2966 3484 3151 3540 crucis
3179 3483 3386 3539 Christi
3420 3500 3434 3537 :
3470 3482 3569 3538 ad-

1977 3579 2090 3634 huc
2115 3581 2264 3635 enim
2299 3579 2622 3636 carnalibus
2654 3575 3049 3632 aﬂ‘ectionibus
3070 3580 3127 3629 et
3158 3573 3567 3643 concupiscen-

1979 3674 2076 3729 tiis
2098 3674 2575 3729 obnoxii‘sumus.
2628 3669 2885 3726 Nondum
2911 3667 3009 3722 Dei
3037 3665 3290 3731 hwredes,
3319 3674 3368 3718 et
3398 3666 3569 3720 colla:-

1979 3764 2129 3819 redes
2156 3762 2352 3819 Christi
2386 3763 2514 3832 facti
2542 3775 2723 3815 sumus
2750 3759 2817 3791 "‘
2847 3775 2861 3812 :
2892 3756 3124 3828 spiritus
3144 3756 3294 3811 enim
3330 3756 3570 3810 servitu—

1979 3856 2054 3911 tis
2103 3854 2159 3909 in
2215 3854 2379 3909 nobis
2428 3852 2615 3909 adhuc
2673 3850 2915 3915 exsistit,
2952 3860 3011 3905 et
3064 3864 3179 3903 non
3226 3847 3565 3917 adoptionis.

1976 3943 2235 4001 Nondum
2295 3942 2427 3997 lacti
2483 3956 2666 3995 sumus
2719 3937 2978 4008 templum
3018 3935 3253 4008 Spiritus
3301 3935 3475 3991 sancti
3495 3937 3565 4000 ³⁸,

1979 4052 2173 4093 sumus
2207 4035 2356 4091 enim
2390 4034 2577 4090 adhuc
2625 4032 2893 4103 templum
2948 4029 3251 4096 idolorum,
3323 4037 3380 4084 et
3412 4043 3569 4085 rece-

1977 4129 2262 4200 ptaculum
2282 4126 2581 4198 spirituum
2624 4123 2871 4187 malitiae,
2894 4128 3122 4193 propter
3154 4119 3424 4189 impetum
3445 4118 3569 4175 ani-

1986 4238 2092 4277 mae
2118 4221 2185 4275 ad
2213 4219 2562 4275 aﬂ‘cctiones.

2056 4417 2121 4471 V.
2164 4417 2377 4471 Revera
2458 4412 2611 4468 enim
2682 4424 2906 4466 morum
2958 4407 3394 4477 simplicitatem,
3450 4407 3571 4463 ani-

1982 4508 2171 4578 mique
2204 4508 2388 4561 lucem
2423 4503 2671 4560 nondum
2712 4499 3003 4557 consecuti
3055 4513 3267 4555 sumus.
3308 4498 3567 4554 Nondum

1980 4599 2137 4671 digni
2165 4612 2361 4655 sumus
2393 4596 2568 4651 habiti
2602 4594 2824 4650 sincero
2844 4602 2901 4648 et
2930 4591 3295 4647 intellectuali
3318 4591 3483 4657 lacte,
3509 4599 3568 4645 et

1979 4690 2301 4747 intellectus
2367 4688 2742 4743 incremento.
2788 4683 3047 4739 Nondum
3134 4682 3319 4736 illuxit
3404 4681 3567 4737 nobis

1978 4781 2125 4845 dies,
2161 4793 2344 4849 neque
2390 4775 2592 4831 lucifer
2614 4773 2671 4827 in
2697 4771 2964 4828 cordibus
3008 4768 3213 4824 nostris
3254 4775 3413 4821 ortus
3458 4775 3565 4821 est.

1982 4870 2240 4928 Nondum
2289 4867 2546 4940 permisti
2594 4880 2789 4921 sumus
2814 4863 2941 4919 Sole
2973 4860 3223 4933 justitiaa,
3254 4875 3359 4914 nec
3384 4858 3568 4913 adhuc

1982 4963 2137 5020 illius
2162 4962 2337 5018 radiis
2377 4962 2671 5031 fulgemus.
2698 4956 2958 5013 Nondum
3002 4953 3319 5023 accepimus
3348 4949 3565 5007 Domini

1981 5054 2432 5115 similitudinem,
2480 5066 2585 5107 nec
2614 5049 2899 5121 participes
2946 5047 3139 5100 divinae
3186 5053 3396 5098 natura:
3440 5042 3567 5111 facti

1979 5162 2165 5200 sumus
2183 5146 2277 5197 ³⁵⁸.
2317 5141 2573 5198 Nondum
2615 5138 2744 5193 facti
2797 5151 2991 5193 sumus
3050 5135 3269 5191 sincera
3319 5145 3565 5203 purpura

1983 5236 2155 5306 regia,
2185 5250 2295 5290 nec
2337 5232 2579 5303 genuina
2615 5231 2797 5301 imago
2844 5228 2968 5284 Dei‘.
3016 5226 3274 5283 Nondum
3327 5222 3565 5280 sauciati

1984 5342 2177 5382 sumus
2212 5340 2400 5379 amore
2445 5322 2654 5388 divino,
2688 5337 2794 5376 nec
2826 5318 3076 5391 percussi
3132 5314 3407 5388 spirituali
3433 5314 3566 5368 cha-

2016 5420 2151 5473 itate
2210 5416 2429 5486 Sponsi.
2506 5413 2763 5469 Nondum
2830 5411 3171 5467 inell‘abilem
3243 5407 3563 5464 societatem

1993 5508 2366 5579 tognovimus,
2409 5519 2592 5575 neque
2620 5506 2732 5559 vim
2767 5512 2826 5559 et
2866 5517 3085 5573 pacem.
3120 5514 3241 5571 quae
3272 5499 3326 5553 in
3358 5498 3566 5552 sancti-

1984 5599 2241 5656 ﬁcatione
2277 5607 2386 5663 est,
2428 5596 2812 5668 cognovimus.
2848 5594 2918 5650 Et
2972 5604 3035 5649 ut
3079 5592 3329 5648 breviter
3381 5588 3566 5645 omnia

3055 5709 3097 5741 "
3133 5708 3294 5766 Rom.
3322 5723 3437 5780 vm,
3473 5705 3564 5762 i7.

2017 5786 2084 5818 ³⁸¹
2106 5784 2150 5839 H
2180 5784 2325 5841 Petr.
2353 5800 2390 5851 ι,
2422 5784 2473 5837 4.
