3966 6462
447 382 552 454 671

1731 380 1793 442 S.
1838 376 2162 442 MACARII
2203 376 2526 442 IEGYPTII

3622 392 3715 461 672

452 498 843 568 complectens
865 493 1073 561 dicam,
1105 492 1356 549 nondum
1383 509 1769 566 sumusgenus
1803 493 2047 557 electum,

2160 492 2392 546 συνελὼν
2415 494 2595 548 πάντα
2616 492 2779 560 εῐπω,
2816 490 2977 548 οὖπω
3007 494 3201 567 ἐσμὲν
3231 498 3406 569 γένος
3431 500 3717 572 ἐκλεκτὸν,

458 589 641 661 regnis
671 588 1056 648 sacerdotium,
1083 603 1210 658 gens
1242 595 1453 651 sancta,
1480 586 1728 657 populus,
1746 588 1844 657 qui
1865 587 2050 656 acqui-

455 692 546 736 rat
577 681 955 752 possessionem
975 680 1065 712 “"
1095 695 1111 733 :
1138 679 1265 749 quia
1297 679 1468 733 adhuc
1491 695 1672 733 sumus
1694 687 1962 748 serpentes
1990 693 2052 731 ac

450 773 728 843 progenies
754 773 1064 841 viperarum
1089 771 1163 823 ³⁷.

525 861 615 917 Vl.
657 861 778 927 Quo
822 869 984 930 pacto
1018 874 1150 915 vero
1219 874 1332 914 non
1376 866 1665 929 serpentes
1690 873 1901 923 sumus,
1953 856 2048 926 qui

455 954 512 1008 in
544 953 863 1009 obedientia
890 952 988 1007 Dei
1019 968 1124 1007 nec
1152 951 1286 1007 dum
1313 951 1538 1021 quidem
1574 951 1914 1020 reperimur,
1949 948 2048 1003 sed

454 1044 639 1098 adhuc
700 1044 758 1098 in
798 1042 1185 1097 inobedientia
1235 1058 1341 1112 per
1390 1050 1709 1111 serpentem
1776 1040 2051 1095 inducta?

448 1134 806 1206 Quapropter
841 1144 953 1205 Quo
996 1144 1160 1203 pacto
1195 1134 1332 1188 satis
1354 1133 1520 1205 digne
1560 1132 1781 1203 lugeam
1822 1132 2049 1187 calami-

459 1236 649 1293 tatem,
687 1242 797 1281 non
827 1227 1074 1292 invenio,
1111 1233 1169 1282 et
1195 1242 1306 1296 quo
1355 1235 1520 1296 pacto
1546 1225 1807 1297 lacrymis
1857 1225 2051 1280 eﬂ‘usis

454 1320 702 1375 clamare
743 1319 975 1374 debeam
1028 1318 1104 1373 ad
1161 1334 1313 1384 eum,
1344 1319 1440 1389 qui
1471 1328 1655 1389 potest
1705 1332 1957 1374 errorem
1993 1318 2049 1372 in

459 1425 547 1464 me
583 1411 928 1465 habitantem
980 1410 1090 1481 93
1136 1410 1397 1480 abigere,
1456 1409 1699 1481 ignoro?
1737 1409 1859 1476 Quo
1885 1418 2052 1480 pacto

455 1516 590 1556 vero
637 1503 874 1557 cantabo
917 1503 1198 1557 canticum
1250 1502 1471 1556 Domini
1516 1502 1573 1555 in
1631 1510 1781 1557 terra
1827 1501 2053 1556 aliena?

452 1592 576 1659 Quo
607 1602 767 1662 pacto
798 1592 1001 1663 lugebo
1027 1590 1383 1647 Jerusalem?
1434 1590 1556 1657 Quo
1588 1600 1754 1661 pacto
1784 1591 2051 1663 etl‘trgiam

453 1681 652 1733 duram
712 1681 1042 1736 servitutem
1104 1680 1449 1737 Pharaonis?
1486 1680 1615 1746 Quo
1666 1687 1831 1751 pacto
1877 1681 2052 1736 relin-

448 1786 619 1840 quam
655 1770 960 1826 obscenum
1013 1771 1361 1826 incolatum?
1400 1771 1521 1837 Quo
1562 1782 1723 1841 pacto
1767 1771 2052 1842 abnegabo

2148 582 2476 646 ,βασίλειον
2508 581 2849 652 ἱεράτευμα,
2885 584 3067 651 ἔθνος
3094 587 3286 658 ἅγιον,
3322 591 3477 656 λαὸς
3501 596 3585 661 εις
3627 610 3717 652 πε-

2144 674 2499 743 ρικοίησινο
2537 674 2748 744 ἐπειδὴ
2778 674 2850 729 δὲ
2897 675 2986 731 ἔτι
3037 678 3228 749 ἐσμὲν
3288 680 3478 751 ὄφεις,
3534 690 3723 759 τεν-νή-

2145 780 2308 833 ματα
2339 764 2618 834 ἐχιδνῶν.

2223 858 2316 923 ς’.
2357 856 2482 920 Πῶς
2522 856 2580 910 δὲ
2608 858 2712 912 οὐκ
2756 858 2936 927 ὄφεις,
2965 859 3016 912 οί
3052 859 3125 931 μὴ
3154 861 3213 913 ἐν
3268 865 3333 933 τῇ
3385 863 3598 939 ὑπακοῇ
3644 870 3723 923 τοῦ

2148 946 2288 1001 Θεοῦ
2338 948 2746 1021 εὑρισκόμενοι,
2790 950 2910 1004 ἀλλ’
2942 951 3003 1003 ὲν
3030 954 3096 1022 τῇ
3136 952 3227 1007 διὰ
3251 953 3347 1007 τοῦ
3372 954 3554 1025 δφεως
3585 975 3725 1026 γενο-

2155 1039 2295 1110 μένῃ
2326 1042 2620 1111 παρακοῇς
2654 1040 2748 1093 ἐπὶ
2793 1039 3011 1103 τούτοις
3057 1041 3260 1105 τοίνυν,
3292 1044 3414 1107 πῶς
3448 1046 3547 1116 μὲν
3580 1046 3727 1112 ἀξίως

2151 1129 2434 1199 ὀδύρωμαι
2470 1132 2571 1203 τὴν
2614 1132 2921 1203 συμφορὰν,
2966 1131 3065 1202 οὐχ
3099 1132 3358 1203 εὑρίσκω.
3403 1135 3529 1199 Πῶς
3559 1137 3612 1190 δὲ
3651 1141 3728 1190 ὲκ-

2152 1221 2356 1293 θοήσας
2381 1222 2641 1295 δακρύσω
2680 1224 2817 1297 πρὸς
2854 1224 2951 1277 τὸν
3004 1224 3307 1295 δυνάμενον
3359 1225 3610 1291 ἐξελάσαι
3641 1231 3727 1297 τὴν

2153 1314 2212 1366 ἐν
2245 1313 2372 1383 spot
2402 1316 2769 1387 αὐλιζομένην
2801 1314 3013 1386 πλάνην
3033 1316 3213 1385 ἀγνοῶ
3226 1324 3249 1365 ".
3282 1317 3411 1381 Πῶς
3428 1318 3487 1371 δὲ
3510 1319 3621 1389 ᾀσω
3642 1320 3728 1391 τὴν

2328 1406 2540 1477 Κυρίου
2568 1408 2662 1462 ἐπὶ
2692 1406 2801 1478 γῆς
2827 1408 3160 1479 άλλοτρίαςς
3199 1409 3325 1474 Πῶς
3358 1409 3614 1482 θρηνήσω
3644 1415 3729 1483 τὴν

2166 1497 2526 1569 Ἰερουσαλήμ
2550 1516 2566 1563 ;
2602 1500 2729 1564 Πῶς
2758 1500 3028 1570 ἀποφύγω
3062 1500 3164 1571 τὴν
3192 1500 3486 1574 μοχθηράν
3514 1503 3731 1558 δουλείαν

2152 1588 2247 1643 τοῦ
2278 1588 2517 1660 ’Φαραώ;
2553 1590 2680 1655 Πῶς
2718 1591 3008 1646 καταλίπω
3031 1592 3130 1663 τὴν
3158 1594 3392 1664 αίσχράν
3424 1594 3728 1665 παροικίανς

2155 1680 2281 1744 Πῶς
2319 1682 2647 1753 ἀρνήσωμαι
2681 1680 2784 1754 τὴν
2824 1682 3031 1753 πικρὰν
3049 1684 3341 1753 τυραννίδα
3366 1700 3382 1748 ;
3411 1684 3529 1748 πῶς
3556 1684 3732 1749 ἐξέλθω

2154 1774 2219 1825 ὲκ
2253 1773 2357 1843 γῆς
2405 1772 2723 1842 Αίγύπτους
2766 1774 2891 1839 Πῶς
2936 1775 3163 1846 περάσω
3206 1774 3309 1846 τὴν
3360 1775 3621 1847 Ἐρυθρὰν
3646 1777 3728 1831 θά-

455 1862 634 1915 diram
696 1860 1095 1931 tyrannidem?
1126 1861 1249 1926 Quo
1305 1869 1470 1929 pacto
1520 1860 1779 1931 egrediar
1829 1876 1863 1915 a
1894 1867 2046 1916 terra

2160 1864 2393 1931 λασσανς
2435 1864 2562 1928 Πῶς
2611 1865 2870 1937 παρέλθω
2916 1865 3016 1937 τὴν
3060 1866 3306 1938 μεγάλην
3348 1867 3587 1939 ἔρημον;
3624 1869 3729 1932 Πῶς

456 1949 673 2021 ίΕεγριί
700 1952 725 2004 2
762 1950 883 2016 Quo
912 1962 1074 2020 pacto
1115 1949 1364 2005 transibo
1399 1949 1655 2004 Rubrum
1694 1951 1890 2005 mare?
1925 1951 2052 2017 Quo

452 2051 621 2113 pacto
651 2041 959 2113 peragrabo
996 2041 1199 2112 ingens
1230 2040 1557 2095 desertum?
1592 2039 1711 2106 Quo
1741 2050 1908 2111 pacto
1940 2058 2052 2097 non

454 2145 701 2200 peream,
735 2144 955 2185 morsus
979 2144 1009 2184 a
1038 2128 1438 2199 serpentibus?
1478 2127 1599 2193 Quo
1633 2138 1794 2198 pacto
1835 2129 2052 2184 vincam

450 2220 838 2291 alienigenas?
867 2219 988 2286 Quo
1009 2228 1173 2289 pacto
1204 2219 1405 2274 delebo
1433 2228 1628 2290 gentes
1657 2220 1804 2289 apud
1834 2236 1923 2276 me
1956 2222 2055 2276 ha-

454 2312 738 2367 bitantes?
790 2311 913 2378 Quo
959 2320 1123 2381 pacto
1187 2310 1489 2380 suscipiam
1547 2311 1604 2365 in
1650 2311 1856 2367 tabulis
1915 2314 2055 2369 meis

450 2400 675 2471 eloquia
719 2401 923 2456 divinae
964 2400 1149 2471 legis?
1188 2400 1310 2465 Quo
1346 2407 1509 2470 pacto
1548 2401 1811 2455 intuebar
1865 2417 2055 2457 veram

450 2496 775 2549 columnam
817 2494 960 2548 lucis
1007 2508 1071 2548 ac
1102 2493 1270 2548 nubis
1313 2508 1345 2547 a
1371 2491 1585 2562 Spiritu
1631 2501 1825 2548 sancto
1870 2494 2054 2565 profe-

452 2591 605 2646 ctae?
633 2590 755 2656 Quo
785 2598 948 2659 pacto
981 2604 1176 2642 vescar
1204 2603 1409 2643 manna
1442 2596 1779 2642 antemarum
1826 2587 2058 2643 delicia-

458 2683 631 2737 rum?
665 2682 787 2748 Quo
814 2689 977 2752 pacto
1008 2680 1196 2733 bibam
1237 2695 1437 2750 aquam
1492 2696 1560 2735 ex
1597 2688 1753 2751 petra
1796 2680 2058 2737 viviﬁca?

453 2775 579 2841 Quo
630 2781 795 2841 pacto
847 2772 1177 2826 transmisso
1212 2760 1469 2828 'Jordane
1515 2771 1794 2843 ingrediar
1854 2773 2056 2828 bonam

457 2877 663 2921 terram
696 2862 1124 2934 promissionis?
1168 2860 1289 2928 Quo
1336 2870 1497 2932 pacto
1523 2863 1726 2918 videbo
1749 2862 2058 2934 principem

456 2953 739 3008 exercitus
771 2950 1016 3017 Domini,
1050 2965 1219 3021 quem
1251 2952 1661 3021 contemplatus
1706 2952 1868 3007 Jesus
1907 2952 2054 3007 ﬁlius

458 3045 630 3108 Nave,
662 3043 721 3098 in
750 3058 934 3114 genua
957 3043 1286 3112 provolutus
1314 3042 1586 3098 continuo
1621 3042 1920 3098 adoravit?

529 3146 643 3201 VII.
668 3146 786 3201 Nisi
817 3145 967 3201 enim
1003 3144 1061 3200 in
1091 3145 1180 3199 bis
1212 3145 1480 3201 omnibus
1512 3155 1773 3201 versatus
1802 3146 2062 3202 delevero

458 3237 777 3292 habitantes
802 3235 859 3289 in
899 3250 988 3290 mc
1021 3243 1236 3306 gentes,
1273 3250 1625 3305 nequaquam
1668 3236 1952 3307 ingressus
1975 3252 2065 3291 re-

460 3329 741 3399 quiescam
768 3327 823 3381 in
850 3326 1169 3382 sanctuario
1198 3326 1318 3391 Dei,
1348 3341 1453 3381 nec
1482 3328 1763 3397 particeps
1793 3326 1920 3383 tiam
1946 3329 2065 3399 glo-

464 3422 562 3474 ria:
594 3420 760 3490 regis.
816 3418 1170 3489 QuaprOpter
1210 3419 1490 3473 contende
1525 3418 1843 3489 diligenter,
1887 3428 1950 3474 ut
1976 3420 2065 3474 in-

462 3511 718 3581 culpatus
772 3509 920 3565 ﬁlius
963 3509 1063 3563 Dei
1113 3508 1337 3573 evadas,
1370 3516 1427 3563 et
1462 3508 1621 3563 illam
1674 3510 1932 3580 requiem
1980 3511 2067 3566 in-

463 3602 754 3673 grediaris,
773 3617 885 3672 quo
910 3616 1224 3671 prtecursor
1239 3600 1500 3657 Christus
1518 3617 1620 3672 pro
1636 3602 1801 3658 nobis
1825 3603 2064 3659 introiit.

461 3694 772 3760 Contende,
821 3703 882 3749 ut
914 3693 1251 3749 describaris
1285 3694 1342 3749 in
1370 3694 1621 3751 Ecclesia
1673 3696 1887 3752 caelesti
1936 3713 2062 3753 cum

466 3786 873 3858 primogenitis,
892 3799 1005 3855 quo
1024 3785 1327 3855 reperiaris
1348 3786 1404 3842 in
1428 3787 1622 3843 dextra
1641 3787 2065 3859 magniﬁcentiae

462 3880 753 3938 Altissimi.
775 3878 1083 3943 Contende,
1131 3886 1191 3933 ut
1220 3879 1556 3951 ingrediaris
1582 3889 1829 3936 sanctam
1861 3881 2058 3937 civita-

468 3985 599 4038 tem,
628 3972 782 4043 pacis
830 3972 1074 4042 plenam,
1123 3979 1183 4026 et
1238 3988 1540 4043 supernam
1584 3973 1917 4037 Jerusalem,
1968 3973 2062 4029 ubi

2155 1954 2231 2026 μὴ
2259 1955 2548 2027 ἀπόλωμαι
2584 1956 2803 2027 δηχθεὶς
2837 1957 2946 2011 ὑπὸ
2983 1956 3094 2012 τῶν
3122 1957 3338 2027 ὕφεωνς
3375 1958 3503 2024 Πῶς
3548 1961 3731 2030 νικήσω

2150 2048 2278 2110 τοὺς
2300 2046 2670 2116 ἀλλοφύλους;
2706 2048 2834 2113 Πῶς
2864 2038 3239 2120 ἑξολοθρεύσω
3266 2050 3338 2105 τὰ
3358 2052 3417 2105 ὲν
3447 2052 3567 2123 ἐμοὶ
3600 2052 3728 2124 ἐθνης

2152 2136 2278 2201 Πῶς
2306 2138 2551 2208 δέξωμαι
2576 2141 2634 2193 ἐν
2666 2142 2789 2203 ταῖς
2813 2139 2977 2211 ἐμαῖς
3013 2139 3176 2205 πλαξὶ
3199 2142 3266 2196 τὰ
3294 2140 3455 2213 λόγια
3484 2143 3574 2197 τοῦ
3607 2144 3730 2196 θείου

2152 2229 2355 2300 νόμου;
2390 2230 2517 2294 Πῶς
2544 2230 2750 2302 δψομαι
2781 2231 2873 2286 τὸν
2904 2232 3159 2301 ἀληθινὸν
3189 2234 3384 2288 στύλον
3416 2234 3510 2288 τοῦ
3558 2233 3730 2304 φωτὸς.

2154 2321 2252 2375 καὶ⁵
2279 2322 2380 2393 τῆς
2405 2324 2469 2376 ὲκ
2489 2322 2584 2375 τοῦ
2618 2324 2774 2392 ἁγίου
2803 2324 3125 2396 Πνεύματος
3153 2326 3427 2397 νεφέληςς
3464 2326 3584 2390 Πῶς
3613 2328 3731 2381 ἀπο-

2154 2414 2341 2467 λαύσω
2368 2414 2464 2468 τοῦ
2500 2416 2679 2484 μάννα
2712 2417 2811 2486 τῆς
2846 2417 3018 2470 ἀϊδίου
3061 2421 3309 2488 τρυφῆς;
3370 2418 3498 2482 Πῶς
3538 2418 3639 2471 πίω
3679 2417 3731 2469 τὸ

2155 2506 2220 2558 ἐκ
2277 2505 2375 2576 τῆς
2437 2506 2704 2570 ζωοποιου
2756 2507 2966 2578 πέτρας
3003 2506 3188 2579 fidem;
3225 2508 3355 2573 Πῶς
3386 2510 3630 2580 παρέλθω
3652 2509 3730 2560 τὸν

2170 2597 2470 2669 Ἰορδάνην,
2507 2598 2772 2655 εἰσελθὼν
2824 2601 2905 2664 είς
2932 2599 3032 2672 τὴν
3060 2600 3274 2672 ἀγαθὴν
3316 2602 3424 2673 γῆν
3454 2604 3550 2673 τῆς
3580 2603 3729 2669 ἐπαγι-

2156 2688 2378 2755 γελίας;
2418 2689 2542 2753 Πῶς
2572 2689 2670 2743 ῑδω
2695 2690 2786 2744 τὸν
2812 2690 3256 2763 ἀρχιστράτηγον
3286 2692 3518 2762 Κυρίου,
3544 2692 3600 2745 ὃν
3623 2690 3727 2744 ίδὼν

2158 2780 2186 2832 ὁ
2221 2777 2430 2849 Ἰησοῦς
2455 2781 2485 2834 ὁ
2509 2780 2605 2835 τοῦ
2638 2780 2822 2853 Ναυῆ,
2850 2780 3034 2835 πεσὼν
3089 2785 3443 2856 παραχρῆμα
3477 2782 3722 2855 προσεκύ-

2160 2888 2354 2944 νησεν;

2236 3130 2311 3189 Ζ’.
2350 3133 2481 3188 Ἐὰν
2507 3133 2618 3205 γὰρ
2650 3134 2726 3206 μὴ
2755 3134 2845 3189 διὰ
2891 3133 3100 3190 τούτων
3151 3137 3380 3193 πάντων
3426 3140 3728 3211 γενόμενος,

2088 3192 2132 3250 C
2165 3192 2539 3296 ὲξολοθρεύσω
2565 3192 2865 3296 ταίνὲμοὶ
2898 3225 3051 3298 ἔθνη,
3082 3228 3145 3280 οὐ
3172 3228 3250 3300 μὴ
3276 3192 3542 3285 εἰσελθὼν
3556 3192 3726 3284 ’έᾴτᾶξ

2165 3315 2365 3369 παύσω
2388 3317 2472 3380 είς
2499 3315 2563 3369 τὸ
2594 3317 2957 3389 άγιαστήριον
2984 3318 3080 3374 τοῦ
3100 3319 3259 3387 Θεοῦ,
3284 3322 3413 3377 οὐδὲ
3442 3323 3514 3395 μὴ
3534 3323 3728 3393 μέτοχος

2165 3406 2413 3477 γένωμαι
2446 3406 2550 3477 τῆς
2574 3406 2841 3477 βασιλέως
2876 3408 3060 3479 δόξης.
3120 3410 3433 3482 Τοιγαροῦν
3462 3412 3730 3467 σπούδασον

2164 3501 2397 3572 ἄμωμον
2417 3500 2608 3556 τέκνον
2636 3500 2775 3555 Θεοῦ
2804 3503 3082 3571 γενέσθαι,
3107 3505 3202 3559 καὶ
3224 3507 3492 3561 εἰσελθεῖν
3517 3509 3591 3572 είς
3609 3504 3730 3561 ὲκείο

2166 3610 2265 3662 νην
2295 3593 2393 3663 τὴν
2444 3592 2815 3660 κατάπαυσιν,
2868 3595 3005 3647 ὅπου
3055 3596 3373 3668 πρόδρομος
3417 3600 3554 3672 ὑπὲρ
3597 3598 3730 3669 ἡμῶν

2165 3684 2384 3756 εἰσῆλθε
2413 3684 2672 3757 Χριστός.
2737 3685 3050 3740 Σπούδασον
3079 3689 3475 3761 ἀπογραφῆναι
3507 3693 3563 3743 ὲν
3595 3692 3653 3761 τῇ
3682 3690 3730 3741 ἐν

2165 3777 2420 3847 οὐρανοῖς
2455 3776 2757 3849 Ἐκκλησία
2788 3778 2927 3848 μετὰ
2949 3777 3060 3832 τῶν
3089 3783 3479 3849 πρωτοτόκων,
3502 3784 3640 3843 ὅπως
3659 3779 3730 3832 εὑ-

2168 3869 2333 3941 ρεθῇς
2361 3872 2420 3923 ὲν
2446 3869 2599 3941 δεξιᾷ
2619 3871 2721 3941 τῆς
2740 3870 3135 3942 μεγαλωσύνης
3165 3874 3260 3927 τοῦ
3279 3875 3558 3945 Ὑψίστου.
3582 3871 3728 3927 Σπού-

2165 3960 2326 4015 δασον
2339 3961 2603 4016 εἰσελθεῖν
2622 3964 2701 4026 είς
2715 3962 2814 4034 τὴν
2838 3963 3000 4031 ἁγίαν
3019 3964 3195 4032 πόλιν,
3218 3966 3316 4037 τὴν
3340 3966 3729 4041 εἰρηνευομένην

2178 4051 2563 4123 Ἰερουσαλὴμ,
2589 4053 2687 4107 καὶ
2713 4052 3019 4124 ἀνωτάτην,
3052 4054 3181 4108 ἔνθα
3206 4057 3300 4109 καὶ
3350 4058 3380 4110 ὁ
3412 4056 3723 4127 παράδεισος.

2166 4143 2386 4197 Τούτων
2419 4143 2532 4213 γὰρ
2579 4142 2689 4196 τῶν
2739 4142 3074 4214 θαυμαστῶν
3106 4146 3202 4200 καὶ
3236 4148 3527 4219 μακαρίων
3577 4159 3728 4213 παρα-

466 4248 735 4318 lacrymas
776 4254 944 4301 noctu
981 4247 1190 4316 diuque
1249 4246 1522 4313 eﬂ‘undas,
1583 4249 1891 4304 secundum
1936 4266 2056 4305 eum

2165 4235 2511 4307 δειγμάτων,
2559 4235 2659 4306 οὐχ
2700 4234 2906 4307 ἑτέρως
2952 4253 3071 4301 πως
3126 4238 3551 4311 καταξιωθήσῃ,
3592 4236 3636 4289 εἰ
3663 4230 3725 4303 μὴ

464 4336 558 4404 qui
588 4336 756 4389 dicit:
786 4335 996 4389 Lavabo
1044 4353 1138 4406 per
1164 4336 1406 4407 singulas
1450 4348 1625 4391 noctes
1651 4338 1843 4393 lectum
1866 4357 2056 4408 meum,

2166 4326 2497 4396 καταφέρεις
2554 4327 2768 4393 δάκρυα
2810 4328 3027 4398 ἡμέρας
3067 4330 3162 4381 καὶ
3218 4332 3458 4397 νυκτὸς,
3492 4327 3621 4383 κατά
3648 4324 3725 4377 τὸν

466 4424 521 4474 in
546 4422 796 4492 lacryntis
818 4424 945 4476 meis
989 4432 1216 4478 stratum
1244 4442 1417 4480 meum
1448 4426 1630 4497 rigabo
1648 4428 1737 4481 "‘.
1761 4428 1882 4484 Non
1914 4432 2056 4486 cnim

2165 4418 2423 4488 λέγονται
2481 4419 2698 4473 Λούσω
2745 4419 2878 4474 καθ’
2912 4418 3185 4489 ἑκάστην
3254 4424 3447 4477 νύκτα
3482 4421 3590 4487 τὴν
3613 4415 3723 4469 κλίο

468 4510 706 4580 ignoras,
740 4510 889 4579 quod
921 4513 1009 4581 qui
1031 4513 1296 4567 seminant
1331 4515 1387 4567 in
1426 4514 1698 4586 lacrymis,
1726 4518 1783 4571 in
1810 4519 2051 4573 exsulta-

2160 4532 2425 4587 νηνμου,
2438 4513 2509 4567 έν
2523 4511 2785 4581 δάκρυσί
2793 4528 2914 4580 μου
2924 4511 3042 4580 τὴν
3062 4518 3386 4583 στρωμνήν
3401 4531 3519 4584 μου
3532 4508 3722 4578 βρέξω.

467 4602 609 4656 tione
630 4611 824 4656 metent
847 4602 913 4656 ³⁸.
942 4603 1239 4673 Propterea
1271 4604 1508 4660 ﬁdenter
1542 4607 1725 4678 inquit
1757 4611 2056 4680 Propheta:

2176 4611 2252 4666 Οὐ
2289 4610 2399 4680 γὰρ
2424 4607 2637 4675 ἀγνοεῖς
2666 4643 2681 4669 ,
2716 4604 2799 4657 ὅτι
2830 4605 2896 4656 Oi
2943 4604 3301 4673 σπείροντες
3323 4605 3395 4659 ἐν
3417 4606 3687 4671 δάκρυσιν
3707 4634 3721 4657 .

468 4694 753 4765 Lacrymas
801 4713 946 4751 meas
990 4712 1096 4751 non
1151 4698 1308 4752 sileas
1329 4699 1393 4753 ³⁸.
1451 4700 1517 4754 Et
1550 4694 1787 4757 iterum:
1838 4702 2056 4759 Posuist:

2170 4702 2242 4756 ἐν
2288 4694 2647 4769 ἀγαλλιάσει
2693 4692 2984 4761 θεριοῦσι.
3039 4694 3132 4746 Διό
3185 4710 3352 4766 φησιν
3405 4694 3433 4746 δ
3467 4689 3725 4762 Προφήτης

468 4788 731 4859 ’acrymas
751 4806 896 4845 meas
922 4790 979 4844 in
1002 4800 1279 4862 conspectu
1299 4801 1409 4857 tuo,
1423 4796 1559 4848 sicut
1575 4802 1624 4847 et
1644 4795 1700 4849 in
1718 4799 2056 4866 promissione

2170 4792 2310 4864 μετὰ
2338 4788 2675 4861 παρῤησίας’
2713 4785 2836 4841 Τῶν
2866 4786 3147 4855 δακρύων
3175 4803 3295 4856 μου
3317 4787 3405 4857 μὴ
3457 4794 3723 4851 παρασιω-

464 4890 561 4937 tua
578 4882 644 4936 “.
682 4883 750 4937 Et
784 4882 958 4938 illud:
996 4882 1231 4938 Fuerunt
1280 4887 1409 4939 mihi
1463 4885 1714 4958 lacrymaz
1745 4905 1876 4943 mea:
1904 4892 2056 4960 panis

2163 4884 2373 4953 πήσῃς
2396 4897 2412 4912 ’
2445 4882 2541 4934 καί
2568 4878 2754 4945 πάλιν,
2800 4880 2983 4933 Ἔθου
3009 4877 3084 4933 τὰ
3122 4877 3354 4948 δάκρυά
3376 4894 3493 4948 μου
3519 4876 3583 4928 ἐν
3608 4870 3723 4937 ὄψει

462 4974 547 5027 die
592 4990 656 5028 ac
697 4974 929 5028 nocte“.
980 4974 1051 5029 Et
1098 4975 1155 5030 in
1198 4976 1308 5030 alio
1348 4976 1596 5046 psalmo:
1644 4977 1838 5034 Potum
1880 4996 2054 5036 meum

2160 4994 2299 5041 σου,
2328 4975 2410 5041 ὡς
2437 4973 2537 5027 καὶ
2564 4974 2635 5027 ἐν
2670 4971 2748 5041 τῇ
2791 4972 3117 5041 ἐπαγγελίᾳ
3143 4988 3295 5039 o'ov;
3324 4974 3439 5035 καὶ,
3477 4962 3720 5036 Ἐγεννήθη

463 5083 582 5119 cum
605 5068 733 5138 ﬂetu
758 5068 1042 5124 miscebam
1064 5068 1130 5124 δ’.

2160 5065 2234 5119 τὰ
2296 5061 2533 5132 δάκρυά
2574 5079 2701 5130 μου
2745 5062 2877 5131 ἐμοὶ
2908 5062 3087 5129 ἄρτος
3115 5062 3339 5132 ἡμέρας
3369 5060 3463 5115 καί
3495 5051 3720 5147 νυκτόςς

2157 5157 2252 5210 καὶ
2281 5157 2338 5208 ὲν
2369 5156 2543 5225 ἑτέρῳ
2586 5152 2821 5224 ψαλμῷ,
2863 5153 2933 5207 Τὸ
2966 5153 3129 5223 πόμα
3147 5171 3266 5223 μου
3283 5153 3433 5223 μετὰ
3447 5145 3723 5210 κλαυθμοῦ

2168 5246 2444 5314 ἐκίρνων.

538 5323 676 5379 Vill.
719 5324 984 5399 Lacryma
1024 5329 1174 5383 enim
1212 5329 1327 5393 illa,
1368 5347 1492 5401 quae
1523 5347 1718 5387 revera
1749 5348 1817 5389 ex
1848 5349 2056 5390 summa

2241 5341 2325 5393 H'.
2360 5338 2435 5392 Τὸ
2459 5338 2568 5410 γὰρ
2595 5339 2770 5401 δντως
2795 5341 2859 5391 ὲκ
2891 5337 3090 5409 πολλῆς
3125 5339 3359 5409 θλίψεως
3401 5334 3493 5391 καὶ
3524 5320 3722 5393 συνοχῆς

466 5416 803 5473 contritione
855 5428 913 5474 et
950 5421 1202 5491 angustia
1233 5422 1421 5478 cordis
1455 5422 1780 5491 ell'unditur,
1819 5426 1875 5481 in
1911 5428 2056 5498 agni-

2172 5430 2399 5500 καρδίας
2423 5432 2794 5502 προχεόμενον
2824 5430 3062 5504 δάκρυον
3088 5470 3104 5496 ,
3158 5432 3219 5485 ὲν
3263 5429 3459 5500 γνώσει
3501 5416 3721 5490 ἀληθείας

469 5507 619 5564 tione
644 5511 914 5579 veritatis,
951 5522 1007 5568 et
1045 5530 1173 5570 cum
1222 5515 1423 5571 ardore
1445 5516 1746 5584 viscerum,
1791 5520 1953 5576 cibus
1976 5528 2056 5576 est

2174 5524 2314 5596 μετὰ
2351 5526 2447 5579 καὶ
2478 5525 2780 5597 πυρώσεως
2817 5525 3162 5595 σπλάγχνων,
3191 5522 3392 5594 βρῶσίς
3438 5523 3549 5573 ἐστι
3571 5506 3722 5581 ψυχῆς

468 5601 670 5659 anima:
697 5619 766 5659 ex
792 5605 1003 5663 caelesti
1035 5621 1174 5677 pane
1205 5616 1593 5677 comparatus:
1623 5611 1785 5681 cujus
1823 5612 2056 5669 maxime

2176 5616 2562 5687 χορηγουμένη
2592 5618 2659 5670 ὲκ
2689 5616 2785 5671 τοῦ
2811 5616 3138 5688 ἐπουρανίου
3161 5617 3350 5687 ἄρτου,
3384 5609 3443 5666 οὗ
3477 5613 3716 5678 προηγου-

470 5804 494 5837 δ
541 5738 679 5793 ⁸⁴⁵⁶“’1
713 5740 862 5796 Petr.
897 5758 965 5808 ιι,
1006 5742 1040 5798 9
1077 5744 1120 5775 ³⁷
1158 5743 1351 5798 Matth.
1381 5760 1463 5809 ιιι,
1491 5744 1540 5798 7.
1621 5747 1689 5821 ³7·
1724 5748 1867 5805 Psal.
1897 5767 1972 5821 v1,
2005 5755 2055 5808 7.

498 5805 665 5839 Ibant
714 5826 814 5839 ν...
877 5814 895 5839 ι
1036 5814 1081 5839 u
1122 5816 1237 5839 n....i
1292 5829 1357 5839 η..
1414 5818 1478 5839 ιιι

545 5806 687 5863 Psal.
714 5826 838 5879 xui,
868 5814 924 5870 4.
952 5806 959 5808 “
1036 5814 1081 5845 ⁸¹
1122 5816 1260 5868 l’sal.
1289 5829 1381 5881 cu,
1411 5806 1501 5869 10.

465 4066 632 4121 etiam
663 4072 749 4119 est
780 4063 1093 4134 paradisus.
1145 4063 1502 4120 Admiraudis
1546 4064 1695 4120 enim
1771 4080 1837 4120 ac
1886 4065 2065 4121 beatis

467 4156 868 4227 speciminihus
892 4155 979 4210 his
1000 4170 1113 4211 non
1140 4155 1306 4211 aliter
1343 4155 1546 4226 dignus
1572 4157 1926 4227 reputabere,
1955 4158 2063 4213 nisi

2173 5756 2219 5789 ⁸⁸
2244 5754 2388 5813 Psal.
2419 5771 2598 5824 CXXVI,
2630 5756 2684 5814 5.
2790 5757 2835 5791 ³⁹
2870 5757 3014 5813 Psal.
3052 5775 3235 5828 xxxix,
3314 5757 3359 5789 "
3394 5751 3528 5812 Psal.
3557 5735 3718 5804 ιγιοθ·
