3966 6436
339 365 451 428 673

1539 360 1905 425 HOMILL‘E.
1941 357 2221 423 -ΗΟΜ,
2261 363 2437 423 XXV.

3522 367 3630 433 67!.

336 484 523 553 μένως
579 479 816 551 μετέσχε
866 478 1059 550 Μαρία
1107 476 1434 533 καθεσθεῖσα
1481 476 1620 549 πρὸς
1652 477 1767 537 τοῖς
1804 473 1972 529 ποσὶι

2056 473 2318 543 iarticeps
2338 474 2440 529 fuit
2467 473 2659 541 Maria,
2692 488 2815 545 quae
2844 475 2990 531 sedit
3014 476 3170 548 juxta
3193 476 3365 548 pedes
3386 478 3626 549 Domini,

333 574 438 628 τοῦ
474 574 701 647 Κυρίου,
760 574 854 626 καὶ
902 572 1216 644 δακρύουσα
1271 571 1413 641 μετὰ
1458 570 1562 641 τὴν
1621 569 1934 639 μαρτυρίαν

353 665 523 720 αὑτοῦ
550 666 643 719 τοῦ
682 666 956 735 Σωτῆρος.
983 666 1121 735 Φησὶ
1146 663 1278 735 γὰρ,
1312 662 1506 731 Μαρία
1535 659 1603 713 δὲ
1627 659 1745 727 τὴν
1789 659 1935 726 ἁγα-

334 756 459 824 θὴν
475 756 691 824 μερίδα
723 755 1046 819 ἐξελέξατο
1078 795 1091 816 ,
1143 753 1276 821 ἣτις
1314 754 1426 807 οὐκ
1467 748 1937 820 ἀφαιρεθήσεται

332 848 441 902 ἀπ’
470 845 685 914 αὐτῆς.
726 846 795 898 Ὢ
831 845 941 898 τῶν
969 844 1282 914 πολυτίμων
1312 843 1540 897 ἐκείνων
1579 839 1937 911 μαργαριτῶν

334 941 398 990 ὲν
420 941 485 1008 τῇ
505 939 734 1009 ἐπιρροῇ
756 937 866 991 τῶν
896 938 1180 1008 μακαρίων
1198 935 1448 1004 δακρύων
1467 935 1479 987 !
1504 934 1568 985 Ὢ
1593 934 1693 1002 τῆς
1718 932 1936 995 εὐθείας

333 1028 557 1097 ἐκείνης
600 1029 694 1081 καὶ
744 1027 1034 1092 εὐπειθοῦς
1084 1027 1271 1096 ἁκοῆςί
1314 1028 1376 1077 Ὤ
1406 1027 1504 1095 τῆς
1543 1024 1795 1096 ἀνδρείας
1843 1025 1939 1076 καὶ

337 1122 512 1191 σοφῆς
528 1120 764 1185 διανοίας
786 1123 798 1175 l
830 1123 892 1174 Ὢ
912 1122 1107 1192 ὀξύτης
1134 1122 1276 1174 Πνεύ
1286 1138 1454 1190 ματος
1474 1121 1681 1191 Κυρίου
1709 1118 1936 1190 ἔρωτος,

338 1218 592 1288 σφοδρῶς
644 1221 783 1289 πρὸς
831 1220 924 1271 τὸν
967 1221 1236 1290 ἄχραντον
1266 1220 1521 1289 Νυμφίον
1567 1218 1931 1285 ὲπαγομένουί

337 1312 407 1363 Ὢ
422 1311 643 1382 κέντρον
666 1312 831 1365 πόθου
856 1311 1036 1382 ψυχῆς
1062 1311 1198 1382 πρὸς
1220 1312 1309 1363 τὸν
1339 1311 1473 1363 Θεὸν
1495 1310 1687 1377 Λόγονί
1723 1310 1787 1363 Ὢ
1813 1310 1941 1363 σύν-

337 1418 506 1471 τομος
558 1401 809 1455 κοινωνία
834 1400 1052 1472 νύμφης
1091 1403 1226 1470 πρὸς
1270 1399 1360 1452 τὸν
1382 1398 1633 1470 οὐράνιον
1662 1397 1935 1468 Νυμφίονί

419 1493 494 1547 Θ’.
536 1494 791 1563 Μίμησαι
837 1492 1085 1563 ταύτην,
1125 1493 1201 1555 ὡς
1245 1492 1476 1559 τέκνον,
1529 1490 1767 1562 μίμησαι
1804 1490 1941 1561 πρὸς

346 1588 515 1658 μηδὲν
550 1588 736 1657 ἕτερον
766 1586 1064 1656 ἀφορῶσα,
1122 1588 1169 1639 εἰ
1205 1587 1281 1656 μὴ
1333 1586 1472 1657 πρὸς
1510 1586 1670 1654 μόνον
1725 1584 1815 1637 τὸν
1865 1584 1942 1636 εξ.

344 1680 544 1742 ποντα,
569 1680 693 1748 Πῦρ
716 1676 909 1750 ἦλθον
923 1679 1147 1743 βαλεῖν
1168 1681 1256 1745 είς
1285 1680 1400 1747 τὴν
1422 1676 1561 1747 γῆν,
1591 1676 1690 1730 καί
1715 1676 1772 1729 τί
1790 1675 1944 1730 θέλω

345 1773 405 1824 εὶ
436 1770 553 1838 ἤδη
581 1769 860 1838 ἀνήφθης
896 1769 1051 1821 Ἔστι
1078 1768 1187 1840 γὰρ
1219 1767 1465 1836 πύρωσις
1494 1766 1589 1820 τοῦ
1622 1764 1944 1835 Πνεύματος

343 1863 385 1932 ὴ
414 1860 850 1931 ἀναζωπυροῦσα
882 1859 981 1924 τὰς
1014 1858 1263 1932 καρδίας.
1314 1859 1460 1912 Διότι
1510 1856 1573 1911 τὸ
1629 1856 1793 1911 ἄῦλον
1850 1858 1945 1909 καὶ

345 1953 494 2007 θεῖον
529 1952 639 2023 πῦρ
695 1951 920 2021 φωτίζει
960 1952 1058 2023 μὲν
1091 1951 1292 2020 ψυχὰς,
1344 1952 1439 2004 καὶ
1477 1947 1796 2018 δοκιμάζειν
1825 1949 1947 2001 είω-

346 2048 465 2112 θεν,
514 2045 704 2117 ὥσπερ
751 2046 935 2100 ἄδολον
981 2045 1181 2115 χρυσὸν
1230 2046 1287 2097 ὲν
1339 2042 1557 2115 καμίνῳ
1587 2058 1602 2073 ·
1638 2041 1839 2096 κακίαν
1888 2040 1946 2093 δὲ

344 2136 653 2202 ἀναλίσκει,
712 2136 901 2207 ὥσπερ
933 2136 1175 2199 ἀκάνθας
1230 2135 1324 2188 καὶ
1376 2134 1629 2205 καλάμην
1663 2151 1676 2166 ο
1722 2134 1811 2207 Ὀ,
1836 2132 1946 2201 γὰρ

348 2231 499 2296 Θεὸς
524 2226 695 2295 ἡμῶν
733 2228 853 2296 πῦρ
895 2227 1353 2284 καταναλίσκον
1378 2225 1530 2290 ἐστὶ,
1562 2225 1765 2291 διδοὺς
1792 2223 1948 2278 ἐκδί-

349 2336 541 2390 κησιν
568 2321 692 2387 τοῖς
720 2321 804 2390 μὴ
828 2320 1058 2374 εἰδόσιν
1081 2321 1268 2373 αὑτὸν
1289 2319 1359 2373 ἐν
1378 2318 1561 2388 φλογὶ
1602 2320 1816 2387 πυρός,
1844 2318 1946 2372 καὶ

348 2412 481 2480 τοῖς
504 2412 589 2481 μὴ
616 2413 998 2466 ὑπακούουσι
1021 2409 1101 2476 τῷ
1136 2410 1484 2479 Εὑαγγελίφ
1509 2410 1719 2465 αὑτοῦ.
1774 2408 1948 2463 Τοῦτο

350 2505 418 2559 τὸ
448 2505 559 2577 πῦρ
591 2505 896 2575 ἐνήργησεν
917 2506 976 2557 ὲν
1003 2506 1115 2566 τοῖς
1146 2501 1491 2568 ἀποστόλοις,
1526 2502 1690 2573 ἡνίκα
1722 2500 1946 2555 ἐλάλουν

353 2598 635 2663 γλώσσαις
688 2596 962 2667 πυρίναις.
1023 2595 1196 2649 Τοῦτο
1232 2597 1294 2649 τὸ
1350 2594 1461 2667 πῦρ
1494 2594 1582 2648 διὰ
1618 2595 1719 2665 τῆς
1761 2593 1947 2663 φωνῆς

351 2690 568 2743 Παῦλον
601 2689 986 2760 περιλάμψαν,
1029 2686 1127 2758 τὴν
1176 2687 1273 2758 μὲν
1312 2686 1551 2741 διάνοιαν
1590 2684 1755 2738 αὑτοῦ
1801 2683 1946 2752 ἐφώ-

351 2799 494 2844 τισε,
546 2783 645 2851 τὴν
694 2779 1060 2849 δὲξαῖσθησιν
1126 2778 1226 2850 τῆς
1284 2777 1465 2846 ὅψεως
1541 2774 1707 2831 αὑτοῦ
1767 2773 1949 2845 ὴμαύ-

357 2888 560 2942 ρωσεν.
630 2873 706 2925 Οὐ
759 2871 869 2942 γὰρ
903 2871 1094 2941 χωρὶς
1144 2869 1349 2940 σαρκὸς
1398 2865 1539 2920 εἶδεν
1596 2868 1805 2921 ἐκείνου
1854 2865 1947 2920 τοῦ

355 2964 535 3033 φωτὸς
564 2963 664 3033 τὴν
688 2963 941 3035 δύναμιν.
991 2962 1162 3015 Τοῦτο
1217 2962 1275 3014 τὸ
1333 2959 1444 3031 πῦρ
1472 2959 1630 3030 ὤφθη
1651 2960 1861 3030 Μωῦσῇ
1893 2960 1950 3010 ἐν

356 3059 427 3127 τῇ
459 3055 606 3125 βάτῳ
632 3071 645 3087 ·
675 3054 837 3108 τοῦτο
861 3054 924 3108 τὸ
956 3052 1068 3123 πῦρ
1097 3055 1155 3106 ὲν
1181 3054 1313 3106 είδει
1346 3052 1623 3123 ὀχήματος
1668 3050 1856 3104 Ἠλίαν
1886 3053 1949 3104 ὲκ

355 3147 463 3216 τῆς
488 3150 588 3218 γῆς
612 3148 831 3218 ἥρπασε
862 3164 875 3177 ⁶

360 3239 544 3310 ζητῶν
580 3241 609 3292 ὀ
650 3239 920 3310 μακάριος
973 3238 1139 3291 Δαὸὶδ
1197 3236 1351 3304 ἔλεγε
1376 3275 1390 3299 ,
1444 3236 1787 3303 Δοκίμασόν
1824 3250 1903 3303 με
1932 3271 1948 3297 ,

360 3333 559 3400 Κύριε,
599 3330 697 3383 καὶ
732 3330 1027 3397 πείρασόν
1056 3346 1133 3398 με
1161 3344 1175 3360 ·
1200 3328 1487 3396 πύρωσον
1519 3325 1663 3390 τοὺς
1690 3325 1951 3394 νεφρούς

358 3442 481 3495 μου
511 3424 607 3477 καὶ
643 3424 760 3490 τὴν
790 3421 1049 3490 καρδίαν
1072 3439 1220 3490 μου.

440 3517 498 3568 l'.
522 3515 687 3565 Τοῦτο
713 3516 772 3568 τὸ
800 3515 909 3586 πῦρ
935 3514 1033 3584 τὴν
1064 3513 1293 3583 καρδίαν
1317 3511 1537 3565 Κλεόπα
1570 3512 1665 3564 καὶ
1701 3513 1828 3574 τοὺς
1854 3511 1952 3563 σὺν

362 3606 517 3675 αὐτῷ
556 3605 852 3677 ἑθέρμανε,
898 3605 1187 3670 λαλοῦντος
1232 3605 1325 3659 τοῦ
1379 3606 1635 3675 Σωτῆρος
1682 3604 1821 3675 μετὰ
1850 3604 1951 3675 τὴν

367 3700 685 3763 ἀνάστασιν,
738 3696 860 3751 ὅθεν
914 3698 1009 3751 καὶ
1049 3696 1272 3766 ἄγγελοι
1320 3696 1417 3751 καὶ
1482 3696 1552 3748 τὰ
1600 3694 1953 3766 λειτουργικὰ

365 3790 658 3861 »πνεύματα
686 3789 877 3843 τούτου
905 3788 1001 3842 τοῦ
1067 3790 1235 3859 πυρὸς
1268 3789 1367 3857 τῆς
1399 3786 1787 3857 λαμπρότητος
1830 3803 1958 3857 μετ-

370 3881 579 3948 έχουσι,
604 3878 749 3932 κατὰ
782 3877 1178 3947 τὸτίρημένον,
1215 3878 1270 3929 '0
1292 3875 1480 3930 ποιῶν
1502 3879 1642 3942 τοὺς
1658 3876 1957 3946 ἀγγέλους

367 3972 557 4027 αὑτοῦ
605 3971 936 4040 πνεύματα,
983 3970 1084 4023 καί
1140 3970 1283 4035 τοὺς
1328 3969 1717 4038 λειτουργοὺς
1766 3969 1958 4024 αὐτοῦ

366 4066 492 4133 πῦρ
525 4065 777 4135 φλέγον.
811 4062 982 4116 Τοῦτο
1013 4064 1075 4117 τὸ
1105 4062 1217 4134 πῦρ
1244 4062 1342 4133 τὴν
1366 4064 1423 4116 ὲν
1454 4062 1531 4133 τῷ
1567 4061 1715 4117 ἔνδον
1759 4062 1960 4132 ὀφθαλ-

372 4158 462 4229 μῷ
492 4158 645 4212 δοκὸν
673 4158 992 4219 κατακαῖον,
1025 4155 1263 4227 καθαρὸν
1295 4155 1389 4208 τὸν
1418 4155 1544 4209 νοῦν
1581 4157 1960 4228 ἀποκαθίστη-

378 4268 486 4314 σιν,
512 4250 600 4304 ῖνα
624 4248 916 4304 ἀπολαϐὼν
945 4248 1007 4301 τὸ
1036 4248 1179 4302 κατὰ
1200 4248 1362 4317 φύσιν
1390 4248 1718 4319 διορατικδν,
1752 4251 1853 4320 όρᾷ
1879 4251 1960 4313 είς

366 4343 430 4396 τὺ
460 4342 707 4413 διηνεκὲς
739 4341 809 4395 τὰ
831 4342 925 4395 τοῦ
953 4340 1090 4395 Θεοῦ
1121 4340 1402 4411 θαυμάσια
1422 4380 1437 4405 ,
1475 4341 1619 4394 κατὰ
1642 4342 1732 4395 τὸν
1772 4342 1959 4410 λέγον-

2038 564 2284 633 plorans,
2341 566 2427 620 vel
2486 566 2661 636 ipsius
2716 566 3017 624 Salvatoris
3067 569 3404 625 testimonio.
3444 572 3633 644 lnquit

2037 656 2185 710 enim
2211 674 2224 710 :
2252 656 2426 711 Maria
2454 661 2710 728 optimam
2742 670 2951 730 partem
2988 661 3162 732 elegit,
3199 679 3317 733 qua:
3345 681 3449 717 non
3477 666 3633 736 aufe-

2038 757 2189 802 retur
2221 750 2285 804 ab
2320 767 2383 805 ea
2406 751 2474 805 ⁸³.
2495 752 2540 807 0
2571 753 2841 823 pretiosas
2893 756 3220 825 margaritas
3260 756 3381 811 illas
3426 757 3481 811 in
3530 758 3632 813 de-

2039 841 2282 896 ﬂuxione
2316 843 2601 898 beatarum
2632 845 2999 916 lacrymarum
3024 848 3036 900 !
3063 846 3107 901 0
3140 857 3356 902 rectum
3391 848 3546 903 illum
3574 859 3635 906 et

2040 936 2437 1006 obsequiosum
2492 938 2777 993 auditum!
2851 938 2897 994 0
2952 939 3151 995 fortem
3200 955 3265 995 ac
3325 942 3631 1011 sapientem

2042 1029 2321 1085 animum!
2359 1027 2403 1084 0
2434 1044 2665 1084 acumen
2702 1029 2941 1100 Spiritus
2973 1031 3190 1085 Domini
3240 1033 3463 1096 amoris,
3502 1049 3632 1103 erga

2043 1137 2307 1192 sponsum
2354 1123 2849 1177 incontaminatum
2911 1124 3274 1178 vehementer
3332 1123 3550 1179 atl'ectil
3588 1123 3637 1193 Ο

2043 1214 2329 1268 stimulum
2385 1215 2644 1269 desiderii
2709 1216 2906 1270 animae
2957 1231 3085 1287 erga
3136 1216 3309 1271 Deum
3352 1217 3629 1271 Verbum!

2043 1306 2088 1363 Ο
2139 1314 2350 1362 arctam
2400 1309 2725 1364 societatem
2783 1324 2996 1379 sponsa:
3032 1325 3162 1380 erga
3210 1308 3486 1380 Sponsum
3519 1326 3634 1366 coe-

2042 1400 2237 1454 lestem
2270 1401 2281 1454 ι

2118 1490 2211 1544 ιχ.
2260 1491 2480 1545 Imitare
2515 1498 2678 1555 hanc,
2713 1506 2746 1545 o
2795 1493 2891 1555 fili,
2928 1493 3166 1558 imitare,
3220 1494 3465 1569 inqu-am,
3492 1494 3635 1549 nihil

2048 1580 2197 1633 aliud
2232 1581 2455 1636 intuens
2492 1589 2693 1650 prater
2718 1596 2845 1636 eum
2882 1582 3083 1647 solum,
3115 1585 3209 1653 qui
3237 1584 3414 1640 dixit:
3451 1585 3634 1657 Ignem

2052 1672 2171 1725 veni
2203 1673 2410 1726 mittere
2437 1674 2491 1725 in
2524 1682 2745 1738 terram,
2770 1682 2817 1725 et
2847 1674 2973 1744 quid
2994 1673 3132 1739 volo,
3164 1677 3208 1729 si
3234 1677 3356 1745 jam
3386 1693 3637 1733 accensus

2052 1773 2127 1818 est
2147 1764 2230 1817 “?
2256 1764 2353 1818 Est
2380 1765 2528 1819 enim
2560 1765 2725 1820 ardor
2768 1764 3008 1836 Spiritus
3041 1767 3326 1823 vivificans
3360 1778 3417 1823 et
3438 1785 3641 1825 accen-

2054 1855 2192 1911 dens
2225 1855 2414 1911 corda.
2466 1856 2812 1927 Quapropter
2863 1857 3243 1913 immaterialis
3301 1867 3358 1915 et
3416 1860 3639 1917 divinus

2052 1947 2143 2003 ille
2198 1947 2341 2018 ignis
2382 1948 2660 2003 illuminat
2690 1948 2925 2015 animas,
2962 1958 3019 2004 et
3056 1950 3295 2020 probare
3351 1954 3643 2008 consuevit

2051 2056 2166 2105 eas,
2199 2042 2349 2097 velut
2390 2052 2586 2097 aurum
2621 2058 2733 2096 non
2768 2042 3137 2097 adulteratum
3174 2044 3229 2098 in
3262 2045 3517 2101 camino:
3556 2047 3641 2101 vi-

2054 2134 2194 2187 tium
2241 2149 2374 2189 vero
2432 2136 2731 2202 consumit,
2780 2136 2953 2191 veluti
3011 2136 3200 2206 spinas
3253 2149 3310 2192 et
3359 2139 3640 2209 stipulam.

2049 2225 2191 2280 Deus
2208 2226 2358 2281 enim
2386 2235 2561 2280 noster
2585 2230 2720 2300 ignis
2745 2246 3058 2285 consumens
3088 2239 3183 2294 est,
3206 2232 3448 2302 inﬂigens
3479 2232 3643 2288 ultio-

2052 2335 2174 2373 nem
2204 2320 2267 2372 iis
2316 2321 2370 2373 in
2399 2320 2510 2392 95
2541 2323 2760 2391 ﬂamma
2784 2323 2943 2391 ignis,
2966 2324 3056 2392 qui
3092 2339 3195 2375 non
3217 2332 3477 2377 noverunt
3498 2341 3639 2392 eum,

2052 2420 2100 2464 et
2125 2413 2217 2481 qui
2238 2429 2341 2465 non
2359 2413 2722 2483 obtemperant
2740 2412 3035 2484 Evangelia
3050 2414 3116 2467 ⁸³.
3146 2415 3407 2484 Hicignis
3434 2416 3489 2470 in
3514 2432 3646 2486 apo-

2052 2502 2207 2557 stolis
2232 2503 2342 2556 vim
2375 2518 2529 2558 suam
2564 2504 2834 2567 exercuit,
2879 2505 3100 2573 quando
3140 2505 3513 2574 loquebantur
3538 2506 3645 2561 lin-

2051 2592 2175 2662 guis
2209 2592 2383 2665 igneis
2401 2593 2465 2649 ⁸⁸.
2498 2594 2597 2648 Hic
2641 2595 2784 2664 ignis
2812 2612 2910 2664 per
2942 2611 3134 2651 vocem
3174 2586 3406 2651 Paulum
3461 2600 3646 2668 splen-

2052 2686 2187 2740 dore
2216 2702 2279 2741 ac
2312 2687 2521 2741 lumine
2552 2687 2931 2751 circumfudit,
2959 2697 3200 2743 mentem
3234 2691 3461 2759 quidem
3496 2691 3645 2747 illius

2054 2779 2408 2844 illuminavit,
2445 2795 2669 2835 sensum
2716 2790 2899 2834 autem
2940 2782 3095 2835 visus
3123 2783 3243 2851 ejus
3278 2782 3642 2839 hebetavit".

2052 2872 2244 2942 Neque
2266 2873 2412 2926 enim
2437 2871 2557 2926 sine
2582 2887 2747 2927 carne
2768 2872 2907 2927 vidit
2932 2873 3161 2927 luminis
3189 2873 3338 2929 illius
3362 2874 3644 2931 virtutem.

2054 2965 2154 3020 Hic
2196 2966 2339 3035 ignis
2383 2965 2518 3019 Mosi
2571 2966 2828 3034 apparuit
2880 2966 2935 3019 in
2987 2965 3130 3020 rubo
3149 2966 3216 3019 ⁸⁸.
3262 2965 3363 3022 llic
3405 2966 3548 3038 ignis
3588 2968 3648 3023 in

2054 3057 2239 3125 specie
2289 3072 2487 3110 currus
2531 3056 2707 3110 Eliam
2753 3072 2783 3110 a
2817 3063 2960 3110 terra
2997 3056 3265 3126 rapuit“.
3300 3057 3474 3129 llujus
3504 3058 3646 3129 ignis

914 3146 1106 3199 τούτου
1152 3144 1248 3199 τοῦ
1296 3144 1469 3215 πυρὸς
1517 3144 1615 3214 τὴν
1663 3143 1949 3212 ἐνέργειαν

2056 3147 2350 3203 efﬁcaciam
2380 3148 2667 3219 inquirens
2698 3148 2895 3202 beatus
2926 3148 3097 3203 David
3129 3149 3301 3204 dixit:
3335 3150 3505 3205 l’roba
3539 3168 3643 3217 me,

2054 3241 2311 3304 Domine,
2372 3251 2422 3295 et
2481 3250 2625 3295 tenta
2679 3258 2780 3298 me.
2857 3242 2958 3298 Ure
3023 3258 3173 3297 renes
3237 3259 3378 3298 meos
3445 3254 3494 3297 et
3560 3261 3648 3298 cor

2058 3350 2231 3387 meum
2248 3335 2313 3387 ⁵ο.

2128 3512 2194 3565 Χ.
2225 3513 2326 3566 llic
2358 3512 2498 3581 ignis
2536 3527 2633 3566 cor
2656 3511 2916 3582 Cleophae
2965 3528 3028 3569 ac
3075 3514 3213 3568 socii
3258 3515 3379 3583 ejus
3438 3514 3650 3570 inflam-

2058 3605 2263 3667 mabat,
2287 3619 2413 3658 cum
2454 3604 2779 3673 loqueretur
2810 3605 3061 3658 Salvator
3091 3620 3215 3659 cum
3251 3605 3356 3658 illis
3401 3615 3524 3674 post
3566 3624 3651 3661 re.-

2058 3696 2485 3751 surrectionem.
2503 3696 2661 3753 Unde
2678 3710 2899 3766 quoque
2916 3698 3096 3767 angeli
3116 3706 3171 3751 et
3193 3698 3651 3755 administratorii

2059 3786 2289 3855 spiritus
2335 3786 2611 3855 Splendidi
2660 3786 2826 3855 hujus
2858 3785 3001 3855 ignis
3047 3786 3344 3855 participes
3374 3796 3525 3849 sunt,
3564 3804 3652 3843 se-

2060 3876 2304 3931 cundum
2336 3878 2391 3932 id
2429 3877 2577 3947 quod
2615 3876 2824 3931 dictum
2852 3885 2969 3931 est:
3004 3876 3108 3942 Qui
3138 3878 3265 3947 facit
3292 3878 3505 3947 angelos
3536 3880 3653 3949 ejus

2058 3969 2307 4039 spiritus,
2356 3978 2405 4022 et
2442 3970 2711 4023 ministros
2757 3984 2879 4023 suos
2923 3971 3097 4040 ignem
3143 3971 3417 4026 ardentem
3451 3974 3519 4023 ⁸⁸.
3554 3971 3657 4028 Hic

2058 4062 2226 4134 ignis,
2264 4061 2478 4115 trabem
2529 4061 2813 4115 interioris
2862 4061 3008 4116 oculi
3049 4076 3408 4127 consumens,
3451 4079 3655 4132 purum

2064 4155 2245 4210 reddit
2278 4155 2546 4217 animum,
2582 4162 2660 4219 ut,
2715 4160 2941 4223 recepta
2989 4153 3225 4208 naturali
3276 4153 3534 4209 facultate
3570 4158 3657 4210 vi-

2064 4247 2254 4313 dendi,
2276 4246 2581 4316 conspiciat
2602 4254 2872 4315 perpetuo
2901 4245 3175 4301 mirabilia
3202 4246 3320 4310 Dei,
3346 4246 3654 4302 secundum

2063 4354 2191 4394 eum
2218 4340 2313 4409 qui
2337 4339 2556 4408 inquit:
2590 4338 2783 4392 Revela
2822 4338 2997 4392 oculos
3040 4354 3199 4401 meos,
3226 4345 3273 4390 et
3313 4340 3656 4392 considerabo

367 4452 463 4500 τα,
488 4435 916 4503 Ἀποκάλυψον
936 4433 1081 4499 τοὺς
1100 4434 1451 4502 ὀφθαλμούς
1474 4451 1619 4502 μου,
1654 4433 1752 4488 καί
1787 4450 1961 4489 κατα-

2067 4431 2336 4486 mirabilia
2380 4433 2443 4484 de
2488 4429 2600 4501 lege
2634 4430 2811 4483 tua".
2839 4430 2939 4485 Hic
2965 4430 3149 4499 itaque.
3189 4430 3330 4499 ignis
3360 4429 3509 4500 fugat
3541 4431 3656 4485 dm-

368 4527 574 4594 νοήσω
617 4529 691 4582 τὰ
730 4526 1036 4596 θαυμάσια
1095 4526 1166 4579 ἐκ
1208 4525 1317 4580 τοῦ
1353 4527 1541 4595 νόμου
1599 4542 1739 4581 σου.
1789 4526 1961 4580 Τοῦτο

2069 4537 2283 4587 mones,
2317 4522 2461 4576 tollit
2493 4531 2741 4592 peccata,
2778 4522 3144 4576 resuscitandi
3183 4523 3293 4575 vim
3327 4524 3530 4587 habet;
3565 4523 3656 4577 hic

368 4620 660 4691 τοιγαροῦν
690 4620 752 4673 τὺ
776 4618 890 4689 πῦρ
913 4619 1186 4690 δαιμόνων
1226 4619 1344 4671 ἐστὶ
1381 4619 1839 4689 φυγαδευτήριον,
1866 4619 1960 4673 καὶ

2065 4615 2540 4670 immortalitatem
2589 4624 2874 4684 operatur,
2921 4623 3139 4669 sanctas
3190 4615 3398 4669 animas
3449 4615 3658 4670 illumi-

370 4714 643 4783 ἁμαρτίας
673 4711 1040 4782 ἀναιρετικὸν,
1074 4712 1426 4773 ἀναστάσεως
1470 4710 1527 4764 δὲ
1562 4710 1815 4780 δύναμις,
1864 4713 1959 4766 καὶ

370 4804 669 4867 ἀθανασίας
706 4804 980 4873 ἐνέργεια,
1041 4802 1229 4873 ψυχῶν
1280 4804 1454 4870 ἁγίων
1507 4802 1829 4872 φωτισμὸς,
1863 4806 1959 4858 καὶ

368 4892 604 4959 λογικῶν
643 4892 928 4961 δυνάμεων
986 4889 1270 4954 σύστασις.
1324 4890 1495 4943 Τοῦτο
1547 4890 1608 4943 τὸ
1644 4890 1755 4963 πῦρ
1790 4893 1960 4957 εὐξώ-

370 4982 513 5052 μεθα
552 4982 646 5035 καὶ
697 4983 778 5045 εἰς
807 4982 957 5051 ἡμᾶς
1013 4980 1239 5051 φθάσαι,
1301 4981 1388 5034 ἵνα
1438 4982 1670 5035 πάντοτε
1717 4984 1775 5037 ἑν
1816 4986 1957 5052 φωτὶ

368 5074 833 5145 περιπατοῦντες,
858 5074 1129 5146 μηδέποτε
1146 5074 1249 5127 κᾶν
1281 5074 1417 5145 πρὸς
1445 5075 1622 5147 βραχὺ
1644 5078 1965 5148 προσκόψω-

371 5184 473 5234 μεν
508 5167 645 5238 πρὸς
675 5166 825 5220 λίθον
854 5169 981 5231 τοὺς
1009 5169 1174 5231 πόδας
1198 5169 1355 5239 ἡμῶν
1374 5212 1389 5236 ,
1423 5169 1538 5222 ἀλλ’
1573 5170 1649 5234 ὡς
1675 5174 1964 5243 φωστῆρες

368 5262 427 5311 ἐν
460 5262 652 5333 κόσμῳ
683 5262 1007 5332 φαινόμενοι
1034 5263 1193 5330 λόγον
1228 5262 1378 5333 ζωῆς
1423 5264 1712 5334 ὲπέχωμεν
1747 5264 1920 5318 ἀϊδίου
1946 5307 1960 5329 ,

369 5354 459 5406 ἵνα
485 5354 853 5419 ἀπολαύοντες
893 5357 951 5408 ὲν
990 5358 1103 5420 τοῖς
1132 5357 1361 5424 ἀγαθοῖς
1401 5356 1494 5409 τοῦ
1532 5356 1706 5422 Θεοῦ,
1752 5358 1850 5411 σὺν
1887 5358 1965 5428 τῷ

369 5445 561 5517 Κυρίῳ
592 5447 1044 5518 ἅναπαυσώμεθα
1085 5451 1142 5501 ὲν
1174 5447 1313 5519 ζωῇ,
1345 5446 1662 5512 δοξάζοντες
1691 5450 1928 5522 λΠατέρα
1949 5493 1961 5514 ,

2062 4716 2179 4771 nat,
2227 4714 2283 4760 et
2334 4705 2624 4761 facultates
2680 4705 2975 4760 rationales
3015 4705 3217 4761 firmat.
3270 4706 3425 4761 llunc
3473 4707 3658 4776 ignem

2064 4803 2423 4858 Obsecremus
2449 4802 2518 4857 ad
2549 4816 2651 4855 nos
2678 4816 2899 4871 quoque
2928 4801 3241 4871 pervenire,
3274 4810 3353 4864 ut,
3391 4809 3662 4871 perpetuo

2064 4893 2120 4946 in
2156 4894 2367 4949 lumine
2411 4893 2782 4956 ambulantes,
2827 4906 3116 4960 nunquam
3160 4892 3243 4945 vel
3276 4892 3543 4961 tantisper
3575 4892 3659 4947 of-

2071 4987 2361 5042 fendamus
2398 4987 2464 5042 ad
2506 4986 2743 5056 lapidem
2776 4986 2943 5055 pedes
2989 4996 3231 5045 nostros.
3261 4985 3354 5039 sed
3393 4986 3544 5039 velut
3579 4987 3663 5040 Iu-

2069 5080 2303 5135 minaria
2332 5080 2387 5134 in
2413 5079 2621 5134 mundo
2653 5077 2995 5148 apparentia,
3024 5077 3256 5131 verbum
3288 5085 3509 5131 aeterna:
3532 5078 3661 5134 vita:

2067 5174 2426 5237 retineamus,
2452 5172 2712 5235 ut,bonis
2744 5170 2949 5223 divinis
2980 5169 3245 5232 fruentes,
3267 5185 3393 5225 cum
3424 5170 3661 5225 Domino

2067 5265 2121 5319 in
2166 5266 2279 5319 vita
2317 5261 2752 5334 re'quiescamus,
2781 5262 3154 5334 glorificantes
3193 5263 3435 5322 Patrem,
3469 5272 3527 5316 et
3568 5263 3661 5316 Fi-

2067 5355 2242 5420 lium,
2286 5364 2342 5408 ct
2398 5353 2665 5424 Spiritum
2723 5359 2973 5407 sanctum
3003 5392 3017 5416 ,
3072 5350 3176 5404 cui
3220 5350 3398 5421 gloria
3451 5348 3505 5402 in
3554 5362 3663 5403 sa:-

2068 5449 2211 5502 cula.
2257 5446 2452 5501 Amen.

368 5538 467 5593 καὶ
492 5538 645 5606 Υἱὸν,
700 5540 793 5593 καὶ
821 5539 980 5608 ἆγιον
1027 5538 1253 5609 Πνεῦμα
1304 5531 1348 5606 ᾧ
1380 5538 1558 5609 mea:
1605 5540 1685 5602 είς
1706 5539 1831 5604 τοὺς
1860 5540 2086 5602 αἰῶνας,
2136 5537 2333 5607 Ἀμήν.

468 5673 513 5705 ⁸³
543 5674 674 5728 [.uc.
705 5692 759 5736 κ,
785 5675 873 5729 42.
952 5674 997 5706 “
1029 5674 1163 5728 Luc.
1192 5692 1287 5735 xu,
1322 5674 1409 5730 49.

372 5746 416 5775 ⁸⁷
448 5745 565 5798 Act.
611 5761 685 5807 ix,
719 5747 752 5798 5
782 5761 900 5815 seq.
1029 5745 1074 5775 ⁸⁸
1108 5745 1278 5799 Exod.
1310 5763 1387 5809 ιιι,
1419 5748 1472 5800 2.

371 5829 482 5883 Civ,
511 5816 582 5884 4;
625 5816 792 5872 llebr.
821 5832 860 5879 ι,
893 5816 944 5869 7.
1025 5816 1069 5847 ⁸³
1107 5816 1250 5871 Psal.
1281 5833 1463 5883 cxvm,
1496 5819 1583 5874 18.

701 5911 975 5971 PATROI..
1010 5913 1127 5973 Gn.
1158 5913 1435 5974 XXXIV.

1524 5675 1568 5708 ’⁸⁸
1602 5677 1761 5731 Deut.
1799 5693 1870 5740 iv,
1926 5676 2034 5739 ‘24;
2093 5674 2258 5731 llcbr.
2326 5690 2421 5737 xu,
2477 5672 2588 5739 29;
2624 5671 2669 5727 ll
2724 5673 2921 5729 Thess.
2955 5690 2992 5739 l,
3042 5673 3093 5727 8.

1613 5748 1657 5780 ⁶⁹
1690 5748 1731 5802 ll
1765 5748 1899 5818 Reg.
1926 5764 1996 5814 iv,
2036 5747 2121 5800 ll.

3198 5672 3244 5704 “
3284 5675 3403 5727 Act.
3464 5676 3495 5721 η
3524 5709 3539 5734 ,
3571 5671 3662 5726 '55.

2258 5747 2301 5778 ⁸ο
2333 5746 2475 5800 Psal.
2523 5760 2669 5811 xm,
2704 5745 2778 5813 2;
2831 5746 2965 5801 Luc.
3028 5760 3173 5809 xxxv,
3247 5743 3335 5798 52.
3451 5740 3667 5797 "Psal.

3239 5912 3321 5970 Ἡ
