3966 6424
458 372 565 435 6³15

988 476 1270 535 ΙΙΟΜΠᾸΑ
1315 474 1502 530 XXVI.

462 604 534 659 De
566 602 842 672 dignitate,
884 596 1217 672 praestantia,
1259 592 1513 672 {acuitate
1568 596 1616 642 et
1643 584 2034 672 Opfrationibus

526 656 845 726 immortalis
862 656 1078 727 animae,
1104 674 1151 718 et
1180 656 1287 734 qua
1314 664 1522 734 ratione
1537 675 1599 734 ea
1626 676 1657 711 a
1676 656 1895 711 ’Satana
1923 662 2035 706 ten-

527 752 688 803 tetur,
717 749 763 793 et
796 737 1159 791 liberationem
1190 732 1216 787 ὲ
1243 732 1619 787 tentationibus
1662 733 2031 803 consequatnr.

527 795 769 868 Conti'net
792 823 914 861 vero
934 808 1242 877 quastione;
1270 803 1533 874 quasdam
1564 814 1775 854 summa
1796 795 2036 848 doctrina

532 883 774 952 refertas.

527 1062 571 1116 Ι.
605 1061 685 1116 Νε
742 1059 939 1114 leviter
988 1054 1377 1111 intellectivam
1413 1052 1609 1106 animae
1669 1043 2035 1102 substantiam

460 1152 794 1225 perpendas,
828 1148 1048 1203 dilecte.
1069 1146 1373 1201 Pretiosum
1406 1140 1681 1212 quoddam
1710 1153 1807 1192 vas
1826 1144 1910 1190 est
1939 1134 2039 1188 im-

461 1247 709 1302 mortalis
741 1244 942 1299 anima.
976 1238 1114 1295 Vide
1160 1246 1428 1307 quantum
1479 1235 1703 1295 coelum,
1736 1237 1792 1284 et
1831 1235 2038 1299 quanta

462 1344 629 1400 terra,
665 1347 767 1386 nec
798 1339 981 1384 tamen
1009 1327 1316 1382 delectatus
1364 1330 1447 1376 est
1480 1320 1589 1375 illis
1631 1320 1800 1380 Deus,
1826 1314 1922 1369 sed
1954 1328 2040 1367 so-

461 1428 572 1481 lum
604 1425 684 1478 te!
708 1420 980 1490 Conspice
1012 1416 1337 1488 dignitatem
1386 1422 1444 1468 et
1473 1410 1817 1465 nobilitatem
1862 1414 2037 1469 tuam,

461 1530 659 1586 nempe
692 1529 802 1568 non
828 1528 928 1583 per
969 1509 1217 1580 angelos,
1253 1505 1347 1562 sed
1379 1504 1438 1558 in
1468 1518 1566 1558 sua
1601 1500 1775 1571 ipsius
1801 1511 2040 1569 persona

462 1609 675 1663 venisse
697 1606 993 1661 Dominum
1020 1601 1090 1657 ad
1118 1600 1452 1671 legationem
1488 1610 1588 1666 pro
1623 1604 1676 1650 te
1705 1590 2039 1655 obeundam,

461 1707 521 1751 ut
552 1705 605 1750 te
635 1693 917 1765 perditum
968 1706 1032 1745 ac
1075 1688 1425 1743 vulneratum
1462 1689 1767 1742 revocaret,
1798 1688 1853 1734 et
1880 1678 2043 1732 resti-

1720 361 1780 421 S.
1821 358 2049 419 MACAI

2184 358 2472 419 [ΕΟΥΡΤῘ
2483 361 2507 419 Ι
3595 368 3683 430 575

2719 474 2961 528 OMIAIA
2993 476 3137 542 κεν.

2140 586 2279 672 Περὶ
2313 585 2423 672 τῇς
2448 586 2782 672 άξιότητος,
2814 587 2914 672 κυαὶ
2951 588 3061 672 τῆς
3086 591 3463 672 τιμιότητος..
3479 593 3571 646 καὶ
3596 591 3689 660 τῆς

2208 656 2540 737 devincam,
2556 660 2663 737 zeal
2695 658 2809 737 τῆς
2831 656 3255 737 ᾆρτασιεις-τῆς
3279 656 3570 737 egwsz
3592 656 3692 731 ψοὲ

2210 726 2347 793 χῆς,
2380 726 2479 806 x92
2496 727 2623 792 πῶς
2641 728 2796 794 αὐτὴ
2822 726 2940 783 ὑπὸ
2966 731 3076 783 τοῦ
3106 726 3343 784 Σατανᾶ
3361 726 3690 798 πειράζεξαι,

2210 796 2308 849 καὶ
2362 814 2473 863 της
2528 796 2974 863 ἐλευθερώσεως
3031 800 3153 853 ἀπὸ
3209 801 3328 853 τῶν
3379 802 3690 863 πειρασμῶν

2214 815 2308 849 και
2362 815 2473 863 της
2528 815 2974 919 ελευσιῗωσεως
3031 815 3153 853 aeto
3209 817 3328 853 των
3379 816 3695 871 πειρασμων

2214 866 3281 1009 ξεῖῗιέίέἒεὲιδέἕέαᾶῖὲςδξεμἮὲἔίς
3331 874 3496 939 τ’νάς
3554 873 3695 927 πάνυ

2213 1052 2289 1102 A'.
2327 1050 2419 1117 Μὴ
2446 1049 2635 1114 ἁπλῶς
2657 1052 2723 1120 τῇ
2746 1052 2911 1122 vespa
2936 1051 3033 1120 τῆς
3061 1052 3244 1122 ψυχῆς
3270 1053 3428 1122 οὐσίᾳ
3448 1052 3695 1124 πρόσχῃς.

2142 1141 2416 1212 ἀγαπητέ.
2463 1140 2657 1210 Τίμιόν
2697 1160 2749 1195 τι
2783 1143 2977 1205 σκεῦός
3005 1145 3152 1196 ἐστιν
3181 1147 3214 1212 ἡ
3250 1144 3515 1207 ἀθάνατος
3552 1144 3697 1214 ψυχή.

2146 1231 2252 1283 Ἴδε
2293 1231 2460 1293 πόσος
2504 1233 2532 1284 6
2566 1232 2796 1299 οὐρανὸς
2824 1234 2919 1285 καὶ
2968 1233 3001 1303 ή
3032 1233 3125 1303 γῆ,
3162 1234 3256 1287 καὶ
3297 1235 3395 1286 οὐκ
3427 1235 3700 1304 ηὐδόκησεν

2142 1320 2200 1372 ὲν
2238 1319 2421 1382 αὐτοῖς
2450 1322 2478 1373 6
2535 1320 2691 1385 Θεὸς,
2724 1324 2772 1373 εί
2803 1324 2879 1392 μὴ
2913 1324 3073 1393 μόνον
3106 1324 3186 1388 εἰς
3225 1324 3305 1379 σέ.
3340 1324 3511 1377 Βλέπε
3539 1342 3626 1378 σου
3650 1326 3701 1378 τὸ

2142 1409 2360 1479 ἀξίωμα
2388 1411 2482 1463 καὶ
2506 1412 2606 1479 τὴν
2642 1412 2942 1482 εὐγένειαν,
2978 1415 3060 1469 ὅτι
3088 1414 3163 1484 μὴ
3196 1415 3268 1468 δι’
3294 1416 3558 1483 ἀγγέλων,
3586 1417 3703 1469 ἀλλὰ

2141 1501 2210 1554 δι’
2247 1502 2440 1556 ἑαυτοῦ
2481 1500 2647 1575 ἦλθεν
2696 1507 2724 1558 6
2762 1506 2966 1576 Κύριος
2998 1508 3078 1569 είς
3107 1508 3208 1577 σὴν
3244 1507 3703 1579 πρεσϐείαν,ὦστε

2145 1610 2205 1645 σε
2245 1594 2335 1647 τὸν
2366 1596 2684 1649 ἀπολωλότα
2730 1598 3194 1662 ἀνακαλέσασθαι,
3224 1600 3317 1653 τὸν
3356 1618 3703 1671 τετραυματι-

2146 1686 2361 1755 σμένον,
2390 1689 2486 1740 καὶ
2524 1688 2816 1743 ἀποδοῦναί
2868 1707 2951 1743 σοι
2999 1692 3099 1757 τὴν
3151 1690 3375 1762 πρώτην
3411 1692 3601 1744 πλάσιν
3624 1691 3704 1744 τοῦ

463 1794 646 1841 tueret
680 1784 780 1838 tibi
813 1780 1050 1852 primam
1082 1776 1465 1832 formationem
1515 1771 1642 1843 puri
1686 1768 1833 1824 Adae.
1865 1766 2041 1821 Homo

2162 1776 2389 1870 ταραροῦ
2431 1778 2624 1870 Ἀδάμ.
2668 1779 2947 1870 Δεσπότης
2975 1781 3083 1848 γὰρ
3117 1775 3183 1850 ἦν
3218 1783 3246 1832 6
3287 1779 3587 1851 ἄνθρωπος,
3615 1778 3708 1833 ἀπὸ

462 1879 610 1936 enim
644 1876 905 1932 dominus
937 1880 1057 1927 erat
1084 1870 1330 1925 omnium
1361 1884 1391 1922 a
1414 1866 1623 1921 vertice
1652 1862 1777 1918 cmli
1824 1861 1888 1915 ad
1934 1861 2042 1914 ima

463 1986 662 2042 usque,
705 1966 970 2039 praeditus
1002 1962 1259 2018 facultate
1314 1955 1663 2014 discernendi
1699 1953 2041 2015 affectiones,

463 2066 680 2119 alienus
709 2077 739 2115 a
770 2057 1134 2121 daemonibus,
1164 2069 1338 2125 purus
1365 2068 1395 2107 a
1426 2058 1658 2122 peccato
1686 2056 1742 2103 et
1782 2046 1951 2108 vitiis,
1982 2059 2044 2098 ac

464 2149 770 2208 similitudo
791 2148 921 2203 Dei:
954 2162 1053 2216 per
1079 2141 1568 2215 transgressionem
1596 2152 1730 2191 vero
1765 2134 1950 2205 periit,
1982 2148 2045 2186 ac

466 2243 787 2297 vulneratus
827 2245 884 2293 et
920 2236 1083 2292 morti
1132 2235 1371 2289 traditus
1414 2239 1517 2286 est.
1547 2227 1867 2285 Obfuseavit
1898 2226 2045 2281 enim

466 2341 705 2390 mentem
733 2330 961 2387 Satanas
986 2346 1001 2395 ;
1029 2328 1213 2397 aliqua
1239 2340 1305 2379 ex
1340 2330 1497 2394 parte
1542 2321 1616 2375 ita
1642 2336 1701 2375 se
1728 2319 1915 2382 habet,
1948 2317 2047 2371 ali-

464 2438 572 2492 qua
597 2437 662 2474 ex
690 2427 844 2489 parte
866 2417 1025 2480 vivit,
1049 2412 1335 2473 discernit,
1366 2426 1429 2464 ac
1452 2409 1791 2463 voluntatem
1820 2404 2006 2459 habet.

537 2513 602 2567 ll.
630 2508 1005 2579 Interrogatio.
1046 2504 1252 2566 Nonne,
1278 2500 1481 2571 Spiritu
1513 2506 1694 2553 sancto
1714 2496 2043 2558 adveniente,

465 2604 728 2661 naturalis
761 2616 965 2672 quoque
987 2596 1410 2667 concupiscentia
1440 2593 1766 2661 exstirpatur
1786 2605 1893 2641 una
1928 2604 2047 2640 cum

465 2707 677 2771 peccato
701 2696 725 2749 ?

540 2786 844 2857 Responsio.
868 2783 1042 2837 Antea
1064 2778 1174 2833 dixi
1221 2786 1507 2847 peccatum
1539 2772 1702 2827 simul
1748 2768 2046 2830 eradicari,

468 2872 976 2945 hominemque95
988 2871 1233 2939 recipere
1258 2868 1488 2937 primam
1515 2862 1898 2918 formationem
1924 2859 2046 2930 puri

468 2968 615 3023 Adze.
645 2965 745 3019 Hic
772 2962 995 3033 quidem
1027 2974 1127 3029 per
1153 2959 1414 3011 virtutem
1441 2954 1685 3023 Spiritus
1730 2966 1793 3004 ac
1824 2963 2051 3019 regene-

470 3057 738 3110 rationem
783 3050 1125 3121 spiritualem
1178 3045 1529 3117 progreditur
1561 3043 1627 3096 ad
1667 3040 1895 3110 gradum
1926 3054 2053 3109 per-

2150 1867 2243 1920 τοῦ
2276 1869 2510 1938 οὐρανοῦ
2567 1870 2661 1923 καὶ
2713 1869 2822 1923 τῶν
2863 1871 3033 1934 κάτω,
3090 1872 3185 1925 καὶ
3241 1871 3577 1941 διακριτικὸς
3622 1887 3710 1921 παρ

2151 1958 2279 2021 ϐῶν,
2308 1960 2402 2012 καὶ
2423 1959 2695 2031 δαιμόνων
2724 1960 3026 2031 ἀλλότριος,
3059 1963 3299 2033 καθαρὸς
3325 1963 3434 2015 ἀπὸ
3460 1962 3709 2030 ἁμαρτίας

2152 2051 2185 2121 ἢ
2245 2050 2451 2113 κακῶν,
2489 2052 2582 2104 καὶ
2605 2052 2860 2124 ὁμοίωμα
2899 2054 3068 2107 Θεοῦο
3104 2054 3191 2107 διὰ
3240 2055 3295 2107 δὲ
3337 2054 3439 2123 τῆς
3483 2052 3709 2121 παραϐά-

2152 2160 2290 2207 σεως
2317 2142 2610 2207 ἀπολωλώς
2646 2145 2782 2209 ἐστι,
2814 2146 2907 2197 καὶ
2930 2148 3493 2216 τετραυματισμένος.
3527 2142 3711 2214 Ἥμαύ-

2154 2251 2295 2304 ρωσε
2344 2234 2453 2306 γὰρ
2485 2234 2579 2287 τὸν
2611 2235 2735 2288 νοῦν
2781 2237 2810 2289 6
2863 2236 3131 2302 Σατανᾶς,
3164 2236 3222 2289 ἓν
3263 2255 3368 2290 τινι
3400 2237 3568 2299 οὕτως
3592 2236 3709 2299 ἐστὶ,

2153 2326 2247 2381 καὶ
2278 2327 2333 2381 ἐν
2362 2345 2469 2380 τινι
2498 2328 2564 2398 ζῇ
2603 2329 2699 2381 καὶ
2736 2327 3023 2398 διακρίνει,
3056 2330 3148 2381 καὶ
3180 2328 3294 2399 ἔχει
3326 2328 3556 2398 θέλημα.

2226 2506 2294 2557 B'.
2329 2504 2666 2572 Ἐρώτησις.
2703 2504 2873 2572 Οὐχὶ,
2912 2504 3018 2558 τοῦ
3054 2504 3401 2572 Πνεύματος
3423 2502 3528 2557 τοῦ
3564 2500 3714 2570 ἁγίου

2152 2598 2502 2668 ἐρχομένου,
2540 2599 2639 2651 καὶ
2681 2600 2720 2667 ἠ
2760 2599 2993 2668 φυσικὴ
3030 2598 3313 2666 ἐπιθυμία
3359 2593 3717 2663 συνεκριζοῦ-

2155 2707 2250 2743 ται
2282 2691 2433 2759 μετὰ
2462 2689 2575 2757 τῆς
2600 2691 2943 2757 ἁμαρτίας-ί

2227 2782 2598 2849 Ἀπόκρισις.
2638 2782 2907 2851 Προεῖπον
2929 2781 3010 2833 ὅτι
3041 2779 3135 2832 καὶ
3153 2780 3187 2849 ἠ
3219 2779 3471 2848 ἁμαρτία
3499 2791 3717 2844 συνεκρί-

2157 2873 2366 2939 ζοῦται,
2400 2873 2495 2925 καὶ
2543 2870 2921 2940 ἀπολαμϐάνει
2972 2871 3000 2921 6
3034 2868 3318 2939 ἄνθρωπος
3370 2866 3475 2937 τὴν
3520 2864 3717 2936 πρώτην

2158 2965 2356 3017 πλάσιν
2386 2962 2481 3015 τοῦ
2523 2960 2770 3031 καθαροῦ
2825 2961 3019 3029 Ἀδάμ.
3076 2953 3243 3021 Οὗτος
3278 2957 3464 3027 μέντοι
3510 2955 3591 3007 διὰ
3633 2952 3717 3020 τῆς

2156 3054 2440 3126 δυνάμεως
2464 3052 2559 3106 τοῦ
2592 3052 2934 3123 Πνεύματος,
2964 3051 3059 3105 καὶ⁸
3086 3051 3184 3119 τῆς
3212 3048 3620 3117 ἀναγεννήσεως
3636 3044 3719 3111 τῆς

469 3143 724 3199 fectionis
783 3137 978 3193 Adami
1013 3135 1202 3206 primi,
1250 3136 1419 3203 ﬁtque
1462 3130 1813 3199 prmstantior
1843 3142 1943 3182 eo:
1980 3126 2049 3182 si-

2162 3146 2581 3216 πνευματικῆς,
2624 3145 2846 3214 ἔρχεται
2897 3144 2977 3205 εἰς
3026 3141 3094 3194 τὰ
3154 3138 3328 3209 μέτρα
3386 3136 3482 3190 τοῦ
3526 3133 3717 3206 πρώτου

470 3235 695 3306 quidem
726 3233 782 3287 in
804 3232 1037 3287 deorum
1069 3243 1362 3283 numerum
1395 3225 1637 3279 refertur
1666 3223 1853 3276 homo.

543 3418 632 3471 ΙΙΙ.
676 3412 1055 3484 Interrogatio.
1100 3410 1286 3465 Utrum
1331 3407 1564 3462 Satanas
1595 3406 1665 3459 ad
1693 3413 1893 3458 certum
1938 3420 2053 3456 mo-

472 3513 597 3566 dum
622 3510 962 3569 immittatur,
987 3521 1055 3558 an
1081 3520 1176 3574 pro
1205 3501 1371 3554 lnbitu
1394 3499 1663 3569 belligeret
1689 3498 1712 3550 ?

545 3603 847 3673 Responsio.
865 3599 1109 3668 Impetus
1134 3597 1257 3665 ejus
1280 3609 1388 3647 non
1414 3592 1593 3646 solum
1613 3589 1877 3644 adversus
1897 3586 2057 3641 Chri-

473 3699 702 3758 stianos,
736 3694 831 3751 sed
865 3693 1029 3748 etiam
1064 3689 1331 3743 adversus
1353 3685 1671 3740 idololatras
1717 3690 1882 3750 atque
1928 3679 2054 3732 uni-

470 3801 695 3842 versum
727 3783 997 3840 mundum
1032 3782 1225 3836 fertur.
1275 3777 1331 3832 Si
1380 3791 1514 3847 ergo
1555 3772 1960 3829 concederetur
2005 3768 2057 3824 ei

472 3896 575 3951 pro
602 3878 783 3934 lubitu
820 3876 1028 3930 bellum
1054 3886 1266 3943 gerere,
1301 3884 1493 3923 omnes
1521 3866 1776 3937 equidem
1822 3863 2055 3917 deleret.

472 3972 578 4040 Qui
610 3970 751 4025 hoc?
781 3983 980 4037 nempe
1015 3965 1162 4035 quod
1201 3977 1343 4032 opus
1377 3976 1441 4015 ac
1484 3958 1823 4013 desiderium
1850 3958 1971 4027 ejus
2000 3955 2055 4008 in

474 4064 581 4118 hoc
615 4071 887 4117 versetur.
935 4056 1411 4125 Quemadmodum
1465 4062 1649 4107 autem
1687 4050 1887 4119 ﬁgulus
1930 4063 2059 4101 vasa

474 4157 746 4210 missurus
762 4154 817 4207 in
843 4152 1143 4211 fornacem,
1173 4162 1295 4201 eam
1318 4146 1597 4199 moderate
1619 4140 1925 4201 succendit,
1950 4154 2058 4191 non

474 4242 771 4301 intensius.
804 4255 873 4293 ne
907 4246 1062 4291 cocta
1085 4236 1209 4304 plus
1237 4247 1401 4302 quam
1430 4231 1609 4291 decet,
1629 4229 1905 4282 elidantur
1925 4244 1939 4289 ;
1960 4240 2062 4279 nec

476 4333 784 4392 remissius,
812 4346 881 4383 ne
922 4329 967 4382 si
995 4326 1166 4382 cruda
1195 4324 1482 4383 exsistant,
1512 4322 1829 4390 dispeream
1860 4334 1923 4371 ac
1948 4316 2061 4370 dis-

476 4426 793 4489 solvantur;
832 4422 1023 4476 itidem
1079 4421 1125 4475 si
1181 4415 1529 4487 argenlarius
1566 4424 1623 4467 et
1663 4411 1941 4467 aurifaber
1990 4408 2055 4463 ad

2170 3239 2361 3309 Ἀδὰμ,
2396 3239 2491 3292 καὶ
2517 3237 2718 3307 μείζων
2746 3234 2909 3289 αὐτοῦ
2937 3235 3206 3303 γίγνεται.
3253 3228 3603 3284 ’Δποθεοῦται
3626 3224 3719 3295 γὰρ

2155 3333 2183 3384 6
2227 3331 2323 3384 ἀνθ
2332 3346 2533 3400 ρωπος.

2228 3419 2301 3473 Γ’.
2352 3417 2693 3485 Ἐρώτησις.
2755 3418 2823 3468 El
2874 3418 2905 3468 ό
2951 3410 3223 3477 Σατανᾶς
3269 3410 3472 3480 μέτρῳ
3506 3407 3719 3475 ἐπηφίε-

2158 3527 2272 3574 tat,
2315 3511 2353 3578 ἢ
2389 3511 2471 3574 ὠς
2513 3510 2673 3563 θέλει
2715 3506 2996 3576 πολεμεῐ;

2242 3601 2599 3667 Ἀπόκρισις.
2636 3597 2810 3651 Αὐτοῦ
2834 3600 2866 3666 ἡ
2898 3596 3042 3667 ὁρμὴ
3066 3595 3126 3647 οὐ
3158 3594 3318 3664 μόνον
3346 3596 3434 3658 εἰς
3464 3594 3582 3655 τοὺς
3608 3592 3721 3660 Χριυ

2161 3695 2434 3754 στιανοῦς,
2477 3690 2616 3744 ἀλλά
2649 3691 2744 3744 καὶ
2782 3693 2861 3752 είς
2893 3691 3021 3750 τοὺς
3071 3688 3499 3756 είδωλολάτρας,
3534 3685 3622 3739 καὶ
3654 3684 3720 3742 εἰς

2159 3787 2287 3838 ὅλον
2327 3787 2418 3837 τὸν
2456 3786 2681 3853 κόσμον.
2738 3784 2799 3835 Ei
2829 3778 2923 3835 οὖν
2961 3784 3335 3852 παρεχωρεῖτο
3361 3781 3444 3841 ὡς
3473 3779 3609 3831 θέλει
3638 3792 3722 3827 πο-

2160 3878 2366 3948 λεμεῖν,
2419 3878 2627 3939 πάντας
2681 3874 2748 3929 ἂν
2801 3874 3056 3944 ἠφάνισε.
3095 3875 3194 3925 Διὰ
3222 3873 3305 3936 τίς
3340 3871 3469 3925 Ὅτι
3501 3871 3558 3923 τὸ
3584 3868 3721 3937 ἔργον

2161 3968 2328 4023 αὑτοῦ
2355 3968 2450 4022 καὶ
2481 3969 2543 4021 τὸ
2575 3968 2789 4038 θέλημα
2821 3967 2981 4020 τοῦτό
3009 3970 3176 4021 ἐστιν.
3206 3966 3421 4036 Ὥσπερ
3447 3965 3503 4017 δὲ
3532 3966 3558 4016 6
3581 3976 3722 4029 κερα·

2165 4063 2299 4132 μεῦς
2330 4062 2511 4131 βάλλει
2540 4063 2608 4115 τὰ
2637 4060 2830 4130 σκεύη,
2865 4062 2955 4113 καὶ
3004 4061 3188 4129 μέτρῳ
3222 4059 3481 4112 ὑποκαίει
3517 4057 3610 4125 τὴν
3643 4053 3724 4105 κά-

2166 4169 2339 4222 μινον,
2375 4152 2434 4204 οὐ
2482 4151 2663 4215 πλέον,
2720 4151 2806 4202 ἵνα
2856 4150 2931 4219 μὴ
2980 4149 3287 4218 ὀπτηθέντα
3336 4149 3482 4219 ὑπὲρ
3525 4146 3582 4198 τὸ
3624 4143 3723 4196 δέον

2161 4245 2401 4315 ψοφήσῃο
2438 4244 2538 4294 οὐκ
2563 4242 2804 4305 ἔλαττον,
2855 4242 2941 4295 ἵνα
2974 4242 3049 4312 μὴ
3085 4242 3269 4311 ἔνωμα
3301 4241 3434 4294 ὅντα
3462 4236 3722 4304 ἀπόληται·

2163 4338 2258 4390 καὶ
2286 4339 2334 4388 εἱ
2367 4339 2395 4387 ὁ
2433 4336 2815 4405 ἀργυροκόπος
2854 4334 2949 4387 καλ¹
3000 4334 3295 4404 χρυσοχόος
3339 4334 3524 4403 μέτρῳ
3565 4327 3722 4399 βάλλει

2163 4430 2224 4481 τὸ
2273 4428 2384 4498 πῦρ
2409 4443 2424 4456 ⁸
2470 4426 2564 4480 ὲάν
2620 4428 2731 4499 γὰρ
2784 4427 3054 4498 πλεονάσῃ
3094 4426 3154 4479 τὸ
3188 4426 3319 4496 πῦρ,
3352 4426 3537 4477 λύεται
3566 4424 3724 4491 ὁχρυ-

476 4524 691 4573 ccrtum
751 4514 977 4569 modum
1022 4512 1202 4583 ignem
1260 4509 1461 4571 mittit;
1517 4507 1561 4560 si
1618 4506 1765 4560 enim
1817 4500 2049 4557 abundet

2168 4522 2258 4584 σὸς
2289 4522 2382 4573 καὶ
2407 4520 2436 4571 6
2466 4519 2728 4592 ἄργυρος,
2767 4521 2860 4573 καὶ
2902 4519 3261 4589 ὲξυδαροῦται
3292 4520 3389 4572 καὶ
3428 4516 3719 4571 ἀπόλλυται.

477 4610 641 4681 ignis,
660 4609 892 4663 solvitur
916 4621 1110 4661 aurum
1142 4613 1198 4659 et
1221 4611 1531 4673 argentum,
1554 4598 1768 4669 liquefit
1794 4612 1857 4650 ac
1881 4595 2057 4665 perit:

477 4703 668 4759 itidem
693 4702 737 4757 si
768 4701 1009 4755 humana
1040 4714 1195 4753 mens
1222 4696 1377 4751 novit
1425 4704 1578 4749 certo
1611 4690 1847 4763 quodam
1900 4686 2063 4741 modo

474 4795 763 4863 imponere
816 4805 988 4845 onera
1040 4789 1316 4857 jumento,
1344 4786 1553 4840 camelo
1594 4793 1691 4837 aut
1721 4780 1812 4835 alii
1842 4779 2061 4835 cuidam

476 4884 723 4950 animali,
747 4892 1024 4954 quatenus
1069 4889 1284 4935 servata
1316 4876 1675 4948 proportione
1717 4889 1884 4929 onera
1918 4872 2064 4925 ferre

475 4986 679 5050 potest,
724 4982 933 5045 quanto
984 4974 1157 5043 magis
1208 4973 1373 5034 Deus,
1416 4970 1508 5038 qui
1540 4967 1694 5022 novit
1718 4981 1845 5019 vasa
1883 4965 2065 5018 homi-

475 5084 649 5131 num,
718 5065 969 5119 immittit
1050 5062 1425 5119 adversariam
1503 5067 1832 5129 potestatem
1898 5056 2065 5111 variis

476 5159 691 5214 modis!

548 5254 635 5308 IV.
669 5250 1147 5319 Quemadmodum
1174 5264 1307 5304 vero
1338 5256 1503 5311 terra,
1537 5245 1792 5315 quamvis
1825 5245 1897 5301 sit
1932 5260 2060 5309 una,

477 5347 595 5401 haec
623 5345 850 5416 quidem
895 5353 981 5399 est
1023 5357 1239 5407 saxosa,
1276 5341 1368 5395 illa
1406 5355 1540 5395 vero
1567 5338 1826 5409 pinguis:
1863 5346 1919 5393 et
1958 5338 2063 5392 alia

478 5439 704 5508 quidem
739 5446 824 5492 est
859 5436 1058 5491 idonea
1103 5434 1172 5489 ad
1227 5434 1626 5504 plantationem
1678 5431 1891 5493 vineae,
1956 5431 2063 5484 alia

478 5547 610 5585 vero
642 5531 710 5584 ad
764 5528 1151 5585 seminandum
1206 5528 1547 5581 frumentum
1596 5534 1693 5579 aut
1748 5523 2062 5587 hordeum;

477 5622 554 5676 ita
606 5620 755 5675 varia
797 5628 927 5674 sunt
977 5618 1262 5673 hominum
1291 5614 1457 5670 corda
1510 5626 1675 5683 atque
1709 5614 2062 5677 voluntates;

477 5714 672 5769 eodem
704 5728 925 5781 quoque
967 5710 1132 5766 modo
1185 5710 1327 5764 dona
1376 5708 1614 5776 desuper
1665 5706 2062 5761 conferuntur:

481 5806 617 5861 huic
646 5804 869 5874 quidem
894 5804 1133 5857 donatur
1168 5799 1573 5854 administratio
1608 5798 1782 5859 verbi,
1818 5797 1895 5850 illi
1933 5813 2064 5853 vero

2167 4616 2276 4667 Καὶ
2317 4616 2364 4668 εἱ
2398 4618 2426 4669 6
2452 4614 2795 4685 ἀνθρώπινος
2829 4613 2955 4676 νοῦς
2992 4610 3134 4666 οἶδεν
3171 4614 3491 4682 ὲπιμετρείν
3511 4609 3576 4662 τὰ
3602 4605 3721 4675 βάρη

2164 4708 2244 4776 τῷ
2274 4709 2482 4779 κτήνει,
2516 4709 2608 4760 καὶ
2647 4707 2727 4777 τῷ
2750 4706 3008 4776 καμήλῳ,
3046 4706 3079 4776 ἢ
3120 4704 3265 4774 ἄλλῳ
3295 4705 3405 4755 τινὶ
3435 4702 3539 4754 τῶν
3568 4696 3721 4762 ζώων,

2166 4801 2239 4862 ὼς
2270 4801 2493 4853 δύναται
2517 4799 2663 4853 κατὰ
2688 4799 2979 4867 ἀναλογίαν
3008 4798 3077 4851 τὰ
3108 4797 3245 4867 βάρη
3280 4795 3568 4864 βαστάσαιο
3595 4788 3725 4853 πόσῳ

2169 4890 2375 4959 μᾶλλον
2431 4893 2460 4943 6
2501 4891 2652 4955 Θεὸς,
2712 4890 2769 4953 ὃς
2820 4886 2927 4942 οἶδε
2955 4889 3026 4941 τὰ
3060 4887 3227 4955 σκεύη
3271 4886 3379 4938 τῶν
3426 4879 3720 4952 ἀνθρώπων,

2165 4978 2320 5046 οὗτος
2365 4985 2631 5053 ἐπαφίησι
2657 4982 2755 5036 καὶ
2782 4982 2879 5052 τὴν
2918 4980 3166 5033 ἐναντίαν
3194 4978 3426 5045 δύναμιν
3454 4967 3718 5042 διαφόρωςι

2237 5250 2309 5300 Δ’.
2346 5246 2559 5315 Ὥσπερ
2584 5246 2640 5297 δὲ
2673 5245 2771 5314 μία
2808 5240 2945 5297 οὖσα
2976 5246 3008 5312 ἡ
3045 5245 3138 5313 γῆ,
3169 5245 3201 5312 ἡ
3237 5243 3336 5312 μέν
3374 5241 3492 5293 ἐστι
3532 5231 3721 5308 τραχίῦ-

2166 5340 2282 5407 δης,
2316 5340 2348 5407 ἡ
2376 5339 2433 5391 δὲ
2459 5337 2747 5406 λιπόγεως·
2784 5337 2881 5389 καὶ
2914 5336 3047 5406 ἄλλη
3082 5337 3182 5406 μὲν
3203 5332 3515 5404 ἐπιτηδεύει
3544 5331 3617 5391 εἰς
3642 5342 3724 5392 φυ-

2165 5434 2317 5486 τείαν
2362 5432 2718 5501 ἀμπελῶνος,
2776 5430 2913 5499 ἄλλη
2962 5430 3019 5482 δὲ
3077 5431 3155 5492 εἰς
3207 5428 3407 5498 σπόρον
3458 5423 3599 5477 σίτου
3648 5414 3724 5468 καὶ

2167 5526 2391 5596 κριθῶνο
2434 5523 2606 5588 οὕτως
2634 5524 2743 5577 εἰσὶ
2771 5525 3019 5592 διάφοροι
3048 5523 3143 5576 καὶ
3160 5516 3323 5575 αὗται
3361 5518 3467 5573 τῶν
3491 5509 3721 5583 καρδιῶν,

2168 5618 2262 5669 καὶ
2313 5615 2423 5670 τῶν
2475 5616 2850 5685 προαιρέσεων
2881 5615 2989 5667 τῶν
3023 5614 3344 5683 ἀνθρώπων·
3384 5610 3523 5663 οῦτω
3551 5604 3635 5658 καὶ
3667 5598 3722 5647 τὰ

2168 5709 2482 5776 χαρίσματα
2520 5704 2729 5758 ἀνωθεν
2779 5703 3128 5756 ἐπιδίδονται·
3160 5695 3204 5769 ᾧ
3252 5703 3349 5771 μὲν
3402 5697 3595 5749 δίδοται
3625 5687 3719 5776 διᾳ-

2169 5774 2347 5852 aeota,
2369 5798 2554 5867 λόγου,
2581 5792 2625 5864 ᾧ
2666 5798 2723 5851 δὲ
2749 5797 3041 5867 διάκρισις
3079 5795 3226 5865 ἀλλῳ
3251 5792 3555 5864 χαρίσματα
3586 5774 3717 5847 ἱαμά·
