3966 6446
314 429 420 494 677

1510 428 1858 492 ΗΟΜΙΙᾹΕ
1910 429 2184 493 -ΗΟΜ,
2224 434 2431 497 XXVI.

3491 442 3597 503 678

314 557 444 595 των·
478 535 586 595 οἶδε
621 542 729 614 γὰρ
761 541 788 595 6
810 542 964 608 Θεὸς,
1001 543 1119 605 πῶς
1141 560 1224 608 τις
1264 543 1490 598 δύναται
1523 542 1904 611 οἰκονομῆσαι,

2018 541 2297 609 discretio,
2328 545 2422 599 alii
2458 544 2667 600 donum
2701 545 3029 602 conferendi
3075 548 3390 605 sanitatem.
3430 553 3598 608 Novit

312 634 409 685 καὶ
438 633 610 697 οὕτως
638 634 914 688 ἐπιδίδωσι
940 635 1009 689 τά
1049 636 1366 707 χαρίσματα
1406 635 1662 705 διάφορα·
1697 632 1901 702 ὁμοίως

312 725 410 778 καὶ
438 727 520 796 είς
542 726 668 790 τοὺς
709 726 1001 797 πολέμους,
1036 728 1221 797 μέτρῳ
1259 728 1365 781 τινὶ
1404 728 1479 791 ὡς
1514 726 1738 780 δύναται
1763 724 1901 777 ὐπο-

313 815 571 881 δέξασθαι
620 819 714 870 καὶ
766 819 1100 887 ὑπομεῖναι,
1158 818 1331 882 οὕτως
1383 818 1674 887 ἐπαφίεται
1715 813 1902 878 αὐτοῖς

315 907 351 976 ἡ
385 908 601 962 ἐναντία
631 908 883 979 δύναμις.

389 1088 475 1160 E'._
514 1086 857 1155 Ἐρώτησις.
915 1090 984 1141 Et
1034 1087 1363 1157 δεξάμενός
1421 1107 1512 1155 τις
1559 1089 1677 1157 τὴν
1731 1091 1901 1144 θείαν

313 1180 597 1249 δύναμιν,
641 1180 742 1233 καὶ
795 1178 1055 1249 μερικῶς
1093 1181 1469 1247 ἀλλοιωθεὶς,
1504 1181 1675 1249 μένει
1718 1183 1790 1235 ἐν
1824 1181 1903 1250 τῇ

313 1272 495 1340 φύσει
512 1289 532 1336 ;

406 1364 767 1431 Ἀπόκρισις.
810 1363 929 1417 Ἵνα
958 1363 1019 1415 τὸ
1049 1364 1260 1434 θέλημα
1299 1366 1394 1418 καὶ
1441 1366 1579 1434 μετὰ
1612 1366 1711 1435 τὴν
1738 1365 1901 1437 χάριν

314 1455 643 1526 δοκιμασθῇ,
691 1456 793 1508 ποῦ
845 1456 999 1527 ῥέπει
1052 1459 1146 1510 καὶ
1201 1460 1504 1528 συμφωνεῖ,
1541 1458 1690 1528 μένει
1742 1460 1799 1512 ἐν
1836 1461 1902 1529 τῇ

314 1550 604 1618 ταυτότητι
634 1549 665 1619 ὴ
708 1549 890 1617 φύσις,
921 1551 949 1602 6
985 1550 1219 1621 σκληρὸς
1247 1552 1304 1601 ἐν
1330 1552 1395 1620 τῇ
1427 1551 1777 1622 σκληρότητι,
1808 1552 1903 1603 καὶ

316 1642 347 1693 ὁ
376 1639 576 1709 κοῦφος
612 1643 672 1694 ἐν
703 1643 768 1711 τῇ
797 1642 1114 1711 κουφότητι.
1142 1641 1439 1711 Συμϐαίνει
1465 1642 1542 1705 δὲ,
1574 1644 1656 1694 ὅτι
1684 1641 1902 1711 ἰδιώτης

322 1731 400 1784 (ον
439 1750 517 1794 τις
550 1733 913 1799 ἀναγεννᾶται
941 1733 1352 1801 πνευματικῶς,
1382 1733 1479 1785 καὶ
1508 1733 1903 1801 μεταϐάλλεται

2009 634 2159 689 enim
2187 637 2332 691 Deus
2367 652 2476 707 quo
2508 646 2670 708 pacto
2704 639 2830 709 quis
2860 639 3183 710 dispensare
3210 643 3405 712 possit,
3430 652 3599 715 atque

2010 746 2074 786 ea
2105 732 2318 787 ratione
2349 732 2568 789 confert
2597 733 2814 788 diversa
2844 733 3009 788 dona.
3054 734 3320 790 Similiter
3376 752 3600 809 quoque

2009 823 2077 877 ad
2107 823 2249 879 bella
2275 833 2430 880 certo
2461 826 2703 896 quodam
2741 826 2905 881 modo
2952 842 3055 896 pro
3099 828 3313 883 viribus
3354 829 3599 886 hominis

2010 914 2357 985 suscipienda
2389 932 2454 971 ac
2477 918 2822 983 sustinenda,
2848 918 2916 973 ad
2937 918 3087 974 hunc
3122 920 3347 975 modum
3387 922 3598 976 immit-

2011 1008 2147 1061 titur
2174 1008 2285 1062 illis
2318 1008 2631 1063 adversaria
2665 1019 2927 1080 potestas.

2078 1098 2144 1153 V.
2179 1099 2781 1171 Interrogatio..Utrum
2807 1104 2896 1172 qui
2934 1104 3123 1172 accipit
3161 1104 3397 1157 divinam
3431 1107 3599 1158 virtu-

2012 1201 2137 1258 tem,
2168 1210 2230 1247 ac
2258 1195 2314 1247 in
2339 1202 2493 1264 parte
2523 1203 2786 1260 mutatur,
2817 1197 2872 1249 in
2899 1206 3096 1251 natura
3117 1214 3216 1252 sua
3242 1199 3565 1267 permanet?

2083 1363 2391 1435 Responsio.
2447 1366 2519 1422 Ut
2573 1366 2826 1422 voluntas
2875 1379 2997 1438 post
3052 1385 3333 1441 acceptam
3378 1390 3599 1444 quoque

2010 1458 2244 1526 gratiam
2297 1458 2588 1527 probetur,
2644 1475 2755 1528 quo
2801 1462 3011 1524 tendat,
3069 1464 3230 1517 cuive
3266 1467 3596 1532 consentiat,

2012 1556 2209 1602 natura
2237 1558 2486 1603 remanet
2512 1550 2728 1616 eadem,
2760 1551 2935 1607 durus
2984 1554 3039 1606 in
3089 1554 3314 1621 duritie,
3360 1565 3416 1610 et
3459 1557 3599 1612 levis

2013 1639 2069 1691 in
2095 1639 2342 1694 levitate.
2380 1640 2665 1712 Contingit
2693 1658 2827 1697 vero
2855 1644 3134 1713 plebeium
3161 1646 3475 1715 quempiam
3506 1663 3598 1702 re—

2012 1732 2265 1799 generari
2314 1732 2700 1800 spiritualiter,
2732 1749 2797 1789 ac
2834 1735 3031 1789 mutari
3089 1736 3143 1790 in
3180 1738 3508 1806 sapientem,
3542 1750 3600 1794 et

318 1825 401 1885 εἰς
435 1823 646 1889 σοφίαν,
672 1823 765 1875 καὶ
799 1823 1128 1893 γνωρίζεται
1176 1821 1324 1892 αύτῷ
1368 1823 1663 1892 ἀπόκρυφα
1690 1826 1902 1895 μυστή-

2018 1818 2188 1871 eidem
2216 1820 2447 1873 revelari
2484 1822 2701 1875 occulta
2731 1823 3029 1891 mysteria;
3065 1824 3158 1892 qui
3191 1834 3385 1879 natura
3415 1835 3601 1881 tamen

320 1931 434 1987 μα’
469 1914 560 1967 καὶ
602 1914 814 1984 ἰδιώτης
845 1916 962 1967 ἐστὶ
1000 1916 1064 1986 τῇ
1107 1914 1289 1983 φύσει.
1324 1914 1514 1978 ΙἌλλος
1546 1915 1652 1968 ἀπὸ
1690 1916 1904 1985 φύσεως

317 2008 557 2078 σκληρὸς
578 2006 676 2071 ὢν,
716 2008 932 2060 δίδωσιν
973 2006 1168 2060 ἐαυτοῦ
1203 2007 1264 2059 τὸ
1303 2006 1515 2077 θέλημα
1555 2010 1635 2069 είς
1667 2007 1765 2076 τὴν
1791 2007 1907 2060 θεο-

319 2098 557 2161 σέϐειαν,
583 2098 677 2151 καὶ
714 2099 927 2168 δέχεται
980 2098 1140 2152 αὑτὸν
1174 2101 1201 2152 6
1221 2098 1375 2164 Θεὸς,
1404 2099 1556 2168 μένει
1587 2098 1644 2152 δὲ
1673 2100 1707 2169 ὴ
1744 2099 1904 2169 φύσις

316 2186 377 2237 ἐν
407 2188 471 2255 τῇ
506 2185 870 2256 σκληρότητι,
926 2189 1022 2240 καὶ
1072 2189 1285 2241 εὐδοκεῖ
1329 2191 1408 2251 εἰς
1464 2188 1628 2243 αὐτὸν
1682 2191 1710 2242 6
1747 2189 1901 2253 Θεός.

322 2275 517 2338 ’Λλλος
557 2278 672 2329 ἐστὶ
723 2278 977 2347 χρηστῶν
1024 2277 1194 2348 ἠθῶν,
1237 2278 1510 2349 ἐπιεικὴς,
1551 2278 1781 2346 ἀγαθὸς,
1827 2280 1908 2332 δί-

314 2370 479 2421 δωσιν
510 2370 700 2421 ἑαυτὸν
726 2369 803 2440 τῷ
828 2369 969 2441 Θεῷ,
1006 2373 1100 2423 καὶ
1127 2371 1343 2440 δέχεται
1383 2373 1481 2441 μὲν
1526 2373 1691 2426 αὑτὸν
1726 2375 1754 2426 6
1789 2372 1907 2426 Κύ-

321 2473 458 2529 ριοςο
508 2459 583 2529 μὴ
615 2461 924 2530 ἐμμένοντα
956 2461 1013 2514 δὲ
1048 2463 1160 2524 τοῖς
1199 2461 1425 2529 ἀγαθοῖς
1456 2460 1642 2533 ἔργοις
1682 2463 1782 2516 οὐκ
1819 2464 1909 2515 εὐ-

315 2548 485 2612 δοκεῖ,
514 2549 700 2619 ὲπειδὴ
740 2552 771 2620 ἡ
826 2549 989 2619 φύσις
1023 2551 1118 2621 ὅλη
1161 2549 1255 2603 τοῦ
1304 2552 1475 2621 Ἀδὰμ
1517 2554 1726 2622 τρεπτή
1756 2553 1907 2605 ἐστιν

318 2641 415 2692 ἐπὶ
444 2642 504 2693 τὸ
533 2641 719 2703 καλὸν,
757 2641 851 2694 καὶ
898 2642 992 2695 ἐπ)⁵
1023 2643 1084 2695 τὸ
1118 2641 1310 2708 κακὸν,
1336 2643 1560 2714 δεκτικὴ
1587 2643 1681 2696 τοῦ
1713 2643 1907 2708 κακοῦ,

317 2732 436 2784 ἀλλ’
476 2734 526 2785 εί
569 2731 716 2785 θέλει
754 2733 855 2785 οὐκ
892 2733 1314 2804 ἀποτελεστική.

392 2825 485 2891 ς’.
528 2823 740 2892 Ὠσπερ
760 2824 1035 2893 σωμάτιον
1080 2824 1426 2894 γραφόμενόν
1466 2826 1602 2883 ἐστι,
1639 2823 1911 2893 διαφόρως

319 2914 555 2982 θελήσας
597 2914 866 2985 ἔγραψας,
905 2915 1067 2968 πάλιν
1090 2914 1418 2983 ἀπαλείψας
1449 2915 1664 2984 δέχεται
1693 2916 1801 2984 γὰρ
1847 2917 1909 2968 τὸ

319 3008 595 3077 σωμάτιον
626 3010 810 3061 πᾶσαν
841 3010 1083 3079 γραφήνο
1112 3008 1255 3062 οὕτω
1293 3008 1389 3061 καὶ
1417 3008 1445 3059 ὁ
1477 3007 1733 3077 σκληρὸς,
1770 3007 1903 3061 ἔδω·-

318 3117 417 3152 κεν
458 3100 624 3153 αὑτοῦ
654 3100 714 3152 τὺ
749 3100 959 3171 θέλημα
990 3100 1126 3170 πρὸς
1162 3100 1256 3152 τὸν
1294 3100 1446 3161 Θεὸν,
1488 3100 1701 3169 ἐτράπη
1733 3101 1812 3162 εἰς
1849 3099 1910 3152 τὸ

2010 1910 2259 1979 plebeius
2284 1921 2389 1965 est.
2428 1913 2585 1968 Alius
2629 1914 2805 1969 durus
2851 1926 3068 1981 natura,
3119 1917 3359 1986 applicat
3406 1920 3603 1972 volun-

2010 2007 2179 2052 tatem
2234 2014 2388 2053 suam
2426 2001 2493 2054 ad
2545 2002 2754 2055 cultum
2803 2002 3076 2067 divinum,
3132 2019 3297 2073 quem
3352 2016 3602 2076 aceeptat

2009 2106 2230 2160 quoque
2258 2093 2402 2147 Deus
2429 2110 2443 2159 ;
2471 2104 2722 2149 remanet
2753 2112 2885 2151 vero
2916 2106 3112 2151 natura
3145 2099 3268 2169 ejus
3296 2098 3348 2152 in
3374 2115 3471 2153 sua
3503 2100 3605 2153 du-

2010 2185 2159 2241 ritie.
2189 2185 2344 2254 isque
2377 2186 2492 2240 Deo
2521 2188 2721 2256 placet.
2750 2189 2905 2244 Alius
2939 2198 3023 2244 est
3051 2191 3296 2245 moribus
3325 2192 3598 2261 benignis,

2013 2292 2224 2345 aequus,
2253 2278 2433 2332 bonus
2461 2280 2665 2344 ;oﬂ‘ert
2699 2282 2940 2350 seipsum
2992 2283 3124 2344 Deo,
3154 2298 3219 2336 ac
3250 2283 3445 2352 recipit
3474 2299 3603 2338 eum

2013 2367 2411 2436 Dominus;eo
2440 2385 2593 2435 vero,
2647 2372 2743 2441 qui
2794 2388 2903 2426 non
2947 2382 3265 2441 perseverat
3322 2374 3376 2427 in
3440 2373 3602 2430 bonis

2013 2460 2295 2529 operibus,
2324 2477 2434 2514 non
2490 2461 2834 2527 delectatur;
2872 2462 3143 2532 siquidem
3196 2464 3453 2517 universa
3502 2480 3603 2519 na-

2011 2561 2137 2605 tura
2185 2552 2316 2606 Adae
2345 2552 2627 2607 mutabilis
2652 2562 2737 2607 est
2771 2561 2886 2606 tum
2915 2555 2970 2607 in
3002 2555 3228 2619 bonum,
3260 2563 3374 2608 tum
3410 2556 3463 2608 in
3489 2571 3604 2609 ma-

2013 2641 2166 2695 lum:
2204 2657 2374 2710 capax
2406 2643 2630 2711 quidem
2679 2644 2829 2709 mali,
2860 2644 3008 2714 quod
3044 2653 3253 2706 tamen,
3287 2646 3330 2699 si
3366 2647 3520 2711 velit,
3547 2647 3605 2701 in

2013 2733 2272 2788 effectum
2300 2750 2410 2787 non
2433 2734 2681 2789 deducit.

2088 2827 2173 2881 Vl.
2207 2826 2680 2891 Quemadmodum
2729 2835 2811 2882 est
2865 2829 3187 2883 membrana
3223 2831 3424 2885 litteris
3475 2846 3607 2885 con-

2016 2919 2145 2983 sita,
2173 2918 2227 2971 in
2253 2934 2360 2986 qua
2392 2918 2564 2984 varie,
2595 2928 2655 2972 ut
2679 2920 2948 2983 volueris,
2978 2921 3293 2989 scripseris,
3326 2937 3389 2976 ac
3415 2938 3607 2977 rursus

2014 3011 2427 3067 oblitteraveris
2471 3012 2640 3082 (capit
2669 3014 2817 3067 enim
2866 3016 3185 3069 membrana
3216 3032 3609 3086 quamcunque

2017 3101 2129 3171 96
2168 3101 2523 3171 scripturam)
2573 3101 2653 3155 sic
2679 3101 2846 3156 etiam
2865 3102 3041 3157 durus
3068 3103 3409 3156 voluntatem
3450 3119 3607 3157 suam

315 3192 545 3259 ἀγαθὸν,
572 3192 762 3262 ἐδέχθη
938 3165 1217 3245 τοῦ-θεοῦ.
1256 3191 1313 3243 '0
1343 3190 1453 3262 γὰρ
1480 3165 1613 3254 Θεδς
1645 3165 1731 3244 ἵνα
1753 3190 1905 3261 δείξῃ

2020 3196 2254 3249 contulit
2277 3196 2331 3248 in
2354 3196 2868 3261 Deum,conversus
2885 3206 2970 3251 est
2986 3198 3053 3251 ad
3076 3196 3611 3267 bonum,susceptus

313 3284 390 3337 τὰ
428 3284 618 3338 ἑαυτοῦ
650 3284 957 3353 σπλάγχνα,
990 3284 1201 3346 πάντας
1231 3284 1468 3355 δέχεται,
1494 3286 1679 3338 πᾶσαν
1708 3286 1906 3354 προαί-

318 3390 491 3447 ρεσιν.
523 3377 584 3429 Οἱ
632 3376 942 3440 ἀπόστολοι,
1004 3377 1085 3438 είς
1142 3378 1208 3445 ἣν
1243 3375 1311 3429 ἂν
1366 3376 1522 3429 πόλιν
1562 3377 1905 3446 εἰσήρχοντο,

318 3472 539 3525 ἐποίουν
576 3471 700 3523 τινὰ
736 3471 952 3543 χρόνον,
981 3473 1077 3524 καὶ
1122 3474 1187 3525 ἐκ
1216 3471 1326 3524 τῶν
1359 3471 1719 3540 κακουμένων
1756 3471 1908 3533 τινὰς

322 3565 502 3626 ἰῶντο,
552 3564 704 3627 τινὰς
738 3566 794 3617 δὲ
816 3564 899 3619 ού.
953 3566 1186 3618 Ἤθελον
1230 3564 1288 3617 δὲ
1333 3564 1488 3618 αὐτοὶ
1524 3566 1574 3617 οί
1616 3564 1906 3617 ἀπόστολοι

317 3656 528 3719 πάντας
556 3658 681 3719 τοὺς
715 3657 942 3725 νεκροὺς
983 3656 1163 3710 αὐτῶν
1192 3656 1502 3721 ζωοποιεῖν,
1527 3657 1622 3709 καὶ
1651 3657 1779 3717 τοὺς
1808 3674 1908 3709 κα-

318 3750 618 3820 κουμένους
644 3752 721 3813 εἰς
747 3751 956 3817 ὑγίειαν
981 3750 1190 3820 φέρειν,
1224 3750 1318 3802 καὶ
1348 3748 1614 3811 ὁλοτελῶς
1649 3750 1751 3801 οὐκ
1786 3749 1901 3816 ἐγί-

318 3858 443 3893 νετο
468 3841 659 3910 ,αὐτῶν
691 3842 749 3893 τὸ
786 3841 1019 3911 θέλημαο
1070 3842 1129 3893 οὐ
1182 3842 1289 3910 γὰρ
1330 3842 1673 3910 ἐπετρέπετο
1719 3840 1905 3901 αὐτοῖς

317 3934 420 3986 ὅσα
443 3932 631 4004 ἤθελον
663 3936 857 3986 ποιεῖν.
911 3934 1143 4004 Ὁμοίως
1166 3935 1263 3987 καὶ
1289 3935 1317 3986 ὁ
1348 3933 1582 3995 Παῦλος,
1613 3934 1702 3985 ὅτε
1734 3935 1903 4004 ἐκρα-

315 4027 461 4096 τήθη
490 4027 593 4079 ὑπὸ
626 4026 720 4078 τοῦ
745 4026 1030 4096 ἐθνάρχου,
1059 4029 1106 4078 εἰ
1138 4024 1328 4096 ἢθελεν
1352 4028 1384 4094 ἡ
1421 4027 1518 4079 σὺν
1545 4025 1696 4096 αὺτῷ
1721 4027 1901 4095 χάρις,

318 4118 496 4169 ἐποίει
524 4119 614 4170 τὸν
646 4116 914 4186 ἐθνάρχην
945 4121 1037 4170 καὶ
1068 4118 1128 4170 τὸ
1157 4120 1333 4187 τεῖχος
1372 4117 1759 4188 διαρραγῆναι,
1807 4116 1903 4169 άν-

318 4211 536 4280 θρωπος
573 4210 711 4279 ἔχων
751 4210 1128 4281 Παράκλητον·
1164 4210 1305 4263 ἀλλά
1342 4210 1431 4262 διά
1480 4210 1760 4280 σαργάνης
1809 4227 1907 4279 χα-

316 4304 479 4357 λᾶται
506 4305 534 4354 6
574 4302 917 4363 ’Λπόστολο;.
956 4301 1064 4354 Καὶ
1115 4301 1217 4355 ποῦ
1246 4304 1279 4369 ή
1321 4302 1558 4355 συνοῦσα
1608 4303 1725 4355 θεία
1758 4302 1908 4355 δύνα-

322 4412 446 4466 μις;
478 4394 646 4448 ταῦτα
675 4395 1031 4464 οἰκονομικῶς
1072 4395 1302 4460 ἐγίνετο,
1340 4396 1420 4459 εἰς
1452 4413 1575 4449 τινα
1604 4396 1905 4466 πράγματα

2011 3298 2095 3342 est
2128 3304 2158 3342 a
2190 3289 2321 3343 Deo.
2376 3290 2522 3344 Deus
2550 3290 2724 3353 enim,
2784 3298 2846 3343 ut
2893 3289 3088 3343 intima
3138 3292 3345 3345 amoris
3390 3291 3609 3346 viscera

2011 3382 2439 3445 demonstraret,
2485 3397 2680 3436 omnes
2724 3382 2922 3451 recipit
2980 3397 3313 3453 omnemque
3354 3386 3611 3437 volunta-

2013 3482 2143 3527 tem.
2176 3474 2422 3542 Apostoli
2454 3488 2842 3543 quamcunque
2890 3473 3175 3528 civitatem
3214 3475 3609 3544 ingredieban-

2011 3574 2121 3628 tur,
2152 3565 2514 3619 morabantur
2546 3565 2598 3618 in
2625 3580 2690 3618 ea
2720 3566 3065 3634 aliquantum
3103 3567 3389 3635 temporis,
3439 3575 3495 3619 et
3539 3582 3608 3620 cx

2009 3658 2151 3711 male
2187 3658 2401 3711 allectis
2422 3658 2689 3726 quosdam
2712 3657 3003 3719 sanabant,
3030 3658 3296 3726 quosdam
3318 3673 3448 3710 vero
3474 3674 3604 3711 non.

2009 3748 2359 3817 Exoptabant
2389 3764 2521 3802 vero
2546 3748 2648 3816 ipsi
2682 3748 2915 3817 apostoli
2953 3757 3186 3802 cunctos
3231 3764 3424 3801 eorum
3455 3765 3610 3801 mor-

2013 3851 2139 3895 tuos
2160 3842 2213 3894 in
2240 3840 2408 3894 vitam
2434 3840 2777 3911 postliminio
2799 3849 3156 3905 revocare,et
3174 3842 3316 3894 male
3338 3841 3609 3897 habentes

2011 3934 2077 3988 ad
2122 3935 2420 3988 sanitatem
2456 3933 2804 4002 perducere;
2858 3949 3052 3987 verum
3100 3934 3360 3987 voluntas
3413 3950 3611 3989 eorum

2010 4040 2115 4077 non
2143 4037 2240 4091 per
2271 4023 2454 4076 omnia
2489 4023 2854 4091 implebatur;
2890 4038 3001 4077 non
3042 4024 3191 4077 enim
3222 4024 3459 4078 dabatur
3507 4027 3590 4079 eis

2008 4128 2352 4184 quaecunque
2415 4112 2697 4175 volebant,
2738 4128 3023 4183 peragere.
3075 4112 3341 4167 Similiter
3385 4114 3587 4169 Paulus.

2008 4223 2133 4261 cum
2165 4207 2512 4262 detineretur
2536 4222 2565 4259 a
2602 4206 2863 4275 prmfccto
2890 4206 3088 4275 gentis,
3121 4206 3165 4259 si
3195 4205 3469 4261 voluisset
3487 4186 3611 4276 grai

2009 4299 2083 4353 tia
2132 4314 2241 4368 qua
2291 4298 2556 4368 praeditus
2602 4309 2755 4362 erat,
2807 4298 3029 4351 fecisset
3074 4297 3395 4366 praefectum
3444 4299 3603 4353 illum

2008 4392 2209 4462 gentis,
2247 4401 2413 4461 atque
2449 4406 2668 4444 murum
2710 4390 2973 4459 dirumpi,
2998 4396 3056 4443 et
3093 4388 3337 4459 effringi,
3376 4390 3604 4461 quippe,

321 4489 498 4541 ποιεῖν
522 4488 718 4549 αὐτοὺς
770 4490 973 4557 σημεῖα
1026 4489 1120 4541 καὶ
1156 4486 1469 4557 θαυμάσια,
1509 4488 1603 4541 καὶ
1654 4488 1733 4551 εἷς
1781 4506 1903 4541 τινα

2018 4483 2104 4553 qui
2130 4483 2297 4537 homo
2325 4490 2445 4536 erat
2479 4481 2764 4536 Paraclcto
2788 4481 3070 4548 repletus;
3098 4495 3294 4533 verum
3326 4496 3426 4549 per
3448 4497 3611 4551 spor-

318 4580 570 4631 ἀσθενεῖν
618 4577 814 4641 αύτούς
844 4598 855 4607 ·
888 4578 973 4629 ἵνα
1012 4579 1069 4629 ἐν
1117 4576 1329 4640 τούτοις
1362 4577 1616 4647 διακριθῇ
1649 4579 1681 4645 ή
1720 4578 1905 4641 πίστις

2018 4590 2116 4634 Lam
2152 4575 2451 4630 dimittitur
2485 4573 2948 4642 Apostolus”'”.
2980 4573 3051 4627 Et
3074 4573 3165 4627 ubi
3196 4574 3374 4627 virtus
3400 4575 3609 4639 divina,

316 4670 432 4723 τῶν
460 4670 703 4723 ἀπίστων
746 4671 838 4721 καὶ
891 4670 1000 4722 τῶν
1033 4670 1256 4735 πιστῶν,
1301 4669 1396 4721 καὶ
1449 4670 1510 4720 τὸ
1560 4668 1905 4735 αὐτεξούσιον

2018 4686 2115 4742 qua
2143 4668 2410 4739 praeditus
2434 4668 2597 4721 erat?
2624 4667 2750 4720 Haec
2779 4682 2905 4720 cum
2934 4667 3347 4736 dispensatione
3379 4667 3607 4730 fiebant,

317 4764 649 4833 δοκιμασθῇ,
685 4765 775 4816 καὶ
808 4763 1122 4833 φανερωθῇ,
1157 4762 1274 4831 εἴγε
1305 4764 1389 4825 είς
1432 4761 1500 4813 τὰ
1542 4760 1905 4832 ἀσθενέστερα

2018 4772 2073 4817 ut
2103 4760 2434 4831 quibusdam
2476 4759 2534 4811 in
2566 4759 2735 4813 rebus
2777 4758 3044 4813 miracula
3080 4773 3144 4812 ac
3178 4759 3332 4828 signa
3380 4758 3614 4812 ederent

325 4853 466 4924 μέρη
502 4855 646 4918 τινὲς
700 4856 759 4907 οὐ
814 4854 1277 4917 σκανδαλίζονται.
1329 4854 1392 4905 El
1439 4854 1551 4922 γὰρ
1600 4854 1781 4906 πάντα
1811 4854 1914 4907 ὅσα

319 4946 513 5017 ἤθελον
544 4947 759 4999 ἐποίουν
805 4947 1191 5011 οίὰπόστολοι,
1245 4947 1625 5016 ἁναγκαστικῇ
1680 4944 1909 5013 δυνάμει

320 5037 587 5107 ἐφύτευον
613 5041 739 5102 τοὺς
770 5039 1090 5110 ἀνθρώπους
1124 5042 1204 5101 εἰς
1234 5039 1333 5108 τὴν
1365 5038 1695 5101 θεοσέϐειαν,
1726 5037 1815 5091 διὰ
1844 5037 1911 5090 τά

321 5133 549 5201 σημεῖα,
606 5132 701 5184 καὶ
740 5130 800 5183 τὸ
848 5129 1221 5193 αὐτεξούσιον,
1254 5131 1348 5182 καὶ
1384 5130 1569 5183 οὐκέτι
1603 5129 1787 5192 πίστις
1818 5129 1913 5183 καὶ

317 5223 567 5279 ἀπιστίαο
606 5224 634 5275 6
681 5224 791 5292 γὰρ
830 5222 1261 5291 Χριστιανισμὸς
1297 5222 1442 5284 λίθος
1474 5223 1588 5274 ἐστὶ
1629 5222 1914 5292 προσκόμ-

323 5330 493 5380 ματος
524 5316 617 5367 καὶ
640 5315 819 5385 πέτρα
843 5312 1168 5366 σκανδάλου.

2014 4855 2142 4925 ipsi,
2170 4855 2226 4908 in
2259 4851 2540 4923 aliquibus
2562 4850 2747 4904 minus
2773 4859 3032 4920 possent:
3055 4860 3115 4903 ut
3144 4850 3198 4903 in
3223 4850 3374 4905 hisce
3397 4851 3610 4905 discer-

2018 4952 2249 4999 neretur
2279 4941 2416 4996 ﬁdes
2444 4940 2810 5003 credentium,
2847 4948 2903 5003 et
2932 4955 3045 4993 non
3081 4939 3448 5005 credentium,
3472 4941 3613 4995 libe-

2020 5050 2253 5106 rumque
2299 5033 2594 5088 arbitrium
2629 5031 2982 5101 probaretur,
3016 5046 3079 5085 ac
3136 5032 3609 5098 manifestaretur,

2011 5144 2146 5182 num
2184 5127 2411 5197 quidam
2454 5126 2527 5179 ob
2575 5126 2822 5195 ipsorum
2854 5124 2907 5177 in
2939 5124 3272 5193 quibusdam
3317 5125 3614 5180 infirmita—

2016 5231 2124 5275 tem
2160 5219 2525 5274 oﬂ‘ensionem
2557 5224 2903 5286 paterentur,
2966 5231 3162 5271 necne.
3190 5217 3247 5271 Si
3274 5218 3445 5281 enim,
3466 5233 3614 5287 qua:-

2015 5328 2236 5382 cunque
2300 5310 2581 5371 volebant,
2641 5308 2903 5363 fecissent
2954 5308 3209 5379 apostoli,
3266 5309 3318 5362 vi
3375 5310 3613 5379 quadam

317 5407 629 5461 necessaria
671 5406 1068 5474 compulissent
1094 5403 1349 5457 homines
1387 5402 1453 5455 ad
1475 5403 1679 5456 cultum
1711 5402 1982 5469 divinum,
2021 5420 2118 5473 per
2159 5402 2449 5461 miracula,
2477 5410 2533 5456 et
2564 5401 2801 5455 liberam
2864 5409 3218 5470 potestatem,
3242 5417 3347 5456 nec
3374 5402 3615 5472 amplius

320 5501 461 5555 fides
490 5500 703 5562 fuisset,
744 5508 838 5553 aut
869 5498 1184 5551 inﬁdelitas.
1216 5496 1657 5551 Christianorum
1695 5498 1879 5551 cultus
1910 5499 2057 5552 enim
2094 5498 2230 5567 lapis
2257 5505 2342 5551 est
2373 5495 2697 5549 oﬂ‘ensionis
2728 5503 2785 5549 et
2808 5504 2969 5564 petra
3009 5495 3275 5550 scandali.

393 5594 466 5646 Z'.
502 5592 646 5663 Πλὴν
676 5592 734 5643 τὸ
764 5590 891 5661 περὶ
922 5590 1016 5642 τοῦ
1049 5588 1169 5641 ’1ὼό
1188 5588 1594 5657 γεγραμμένον,
1627 5589 1727 5640 οὐκ
1752 5589 1901 5640 ἐστιν

319 5684 531 5747 ἁπλῶς,
568 5684 684 5748 πῶς
736 5682 1038 5753 ἐξῃτήσατο
1092 5682 1252 5735 αὑτὸν
1313 5684 1341 5734 6
1389 5681 1653 5743 Σατανᾶς.
1686 5682 1759 5733 Οὐ
1796 5682 1903 5748 γὰο

432 5864 555 5898 ⁸³³⁸
586 5863 706 5919 Act.
752 5878 825 5927 ix,
851 5862 940 5916 24.

2088 5588 2198 5642 Vll.
2227 5588 2453 5648 Verum,
2476 5586 2623 5656 quod
2649 5585 2716 5641 de
2741 5586 2882 5641 Jobo
2912 5587 3179 5656 scriptum
3206 5597 3310 5653 est,
3336 5602 3443 5642 non
3471 5589 3612 5652 leve,

2016 5687 2111 5733 aut
2140 5680 2367 5735 omnino
2389 5679 2604 5733 nullum
2654 5686 2759 5741 est,
2781 5678 3063 5749 quomodo
3090 5680 3348 5735 nimirum
3385 5681 3617 5737 Satanas
