3966 6426
445 416 548 479 679

1689 413 1749 468 S.
1789 406 2111 468 MACARII
2154 408 2485 477 )EGYPTII

3591 411 3685 473 680

438 544 566 582 eum
595 526 946 597 expetiverit.
988 527 1109 581 Non
1151 526 1299 579 enim
1331 524 1509 594 potuit
1542 525 1660 580 sine
1696 524 1969 594 permissu
1999 538 2026 576 a

2136 522 2370 591 ἠδύνατο
2434 528 2564 581 ἄνευ
2615 528 2932 598 ὲπιπροπῆς
2987 526 3308 596 ἀφ’έαυτοῦ
3356 542 3411 578 τι
3459 525 3684 593 ποιῆσαι.

440 635 497 674 se
524 619 645 693 ipso
671 618 971 688 quidquam
995 617 1198 671 facere.
1233 616 1609 684 Verum,quid
1631 615 1768 669 dicit
1791 615 2024 669 Domino

440 709 737 763 diabolus?
769 709 851 762 Da
893 708 1019 761 mihi
1058 706 1212 760 illum
1243 708 1297 759 iu
1329 724 1537 770 manus,
1581 708 1682 759 nisi
1726 707 1783 759 in
1836 708 2027 775 faciem

442 801 533 855 tibi
560 802 966 855 benedixeril".
999 801 1114 854 Hoc
1153 802 1336 869 itaque
1369 799 1534 853 modo
1572 815 1721 853 nunc
1757 808 1841 876 est
1878 799 2025 853 idem

439 892 563 956 Joh,
599 892 743 945 idem
780 892 946 954 Deus,
993 898 1048 943 et
1092 890 1236 943 idem
1288 889 1563 944 diabolus.
1596 890 1675 942 Eo
1720 889 1839 957 ipso
1896 904 2025 959 ergo

442 990 747 1044 momento,
773 994 882 1048 quo
913 989 1244 1033 consecutus
1277 990 1395 1034 erat
1428 981 1645 1034 Domini
1678 980 1943 1034 auxilium
1971 988 2028 1034 et

440 1080 730 1144 promptus
762 1079 961 1127 eratet
993 1071 1238 1126 fervidus
1292 1072 1465 1142 gratia
1518 1073 1810 1143 expetebat
1870 1073 2024 1127 illum

444 1164 694 1227 Satanas,
726 1164 916 1218 dicens
958 1163 1228 1217 Domino:
1264 1161 1403 1228 Quia
1431 1165 1591 1233 juvas
1620 1163 1796 1227 illum,
1831 1172 1879 1216 et
1908 1180 2025 1216 suc-

443 1257 612 1308 curris
642 1254 743 1320 illi,
776 1256 933 1308 servit
964 1255 1087 1320 tibi;
1122 1254 1360 1325 relinque
1380 1255 1555 1319 illum,
1582 1264 1630 1307 et
1675 1255 1827 1309 trade
1876 1256 2025 1319 milii,

443 1351 544 1403 nisi
580 1350 633 1402 in
675 1349 863 1416 faciem
908 1348 1001 1401 tibi
1051 1348 1458 1403 benedixerit“.
1492 1347 1755 1416 Superest
1790 1356 1871 1411 ut,
1899 1347 2029 1416 quia

443 1442 821 1495 consolatione
874 1440 1122 1495 reﬁcitur
1177 1441 1381 1505 anima,
1418 1439 1593 1508 gratia
1628 1454 1687 1494 se
1732 1438 2027 1515 subducat,

442 1543 606 1602 atque
636 1534 820 1586 anima
866 1532 1272 1587 tentationibus
1322 1531 1595 1585 tradatur.
1639 1530 1867 1585 Accedit
1897 1545 2029 1600 ergo

442 1626 718 1686 diabolus,
773 1624 1020 1678 inferens
1076 1622 1292 1676 inﬁnita
1350 1622 1512 1687 mala,
1559 1621 2025 1691 desperationem,

442 1713 1020 1777 abrenuntiationem,
1074 1710 1438 1781 cogitationes
1484 1726 1682 1781 pravas
1712 1752 1726 1776 ,
1783 1710 2030 1779 afﬂigens

440 1805 706 1868 animam,
765 1814 827 1859 ut
862 1802 1108 1857 emolliat
1153 1811 1211 1856 et
1246 1802 1521 1857 abalienet
1578 1816 1701 1858 eam
1756 1817 1788 1855 a
1836 1817 1932 1873 spe
1972 1802 2027 1855 in

443 1896 615 1950 Deum
651 1905 936 1964 concepta.

514 1988 652 2041 Vlll.
682 1986 932 2041 Prudens
985 1994 1169 2041 autem
1229 1987 1430 2050 anima,
1463 1985 1617 2040 hisce
1659 1986 1818 2039 malis
1861 1992 2027 2055 atque

442 2076 835 2131 afﬂictionibus
865 2076 1086 2141 obruta,
1107 2092 1215 2131 non
1248 2077 1524 2147 desperat,
1554 2077 1651 2131 sed
1682 2085 1849 2139 tenet,
1876 2077 2026 2146 quod

443 2177 628 2223 tenet:
654 2184 717 2223 ac
739 2184 1083 2239 quaecunque
1111 2169 1163 2223 ei
1207 2170 1357 2223 illata
1383 2168 1591 2223 fuerint
1645 2185 1747 2239 per
1785 2170 2029 2225 inﬁnitas

445 2262 780 2317 teutationes
808 2262 1028 2326 tolerat,
1064 2262 1360 2331 inquiens:
1397 2262 1579 2317 Etiam
1602 2264 1648 2316 si
1690 2265 1914 2329 moriar,
1961 2262 2026 2317 ab

442 2371 502 2407 eo
536 2371 639 2407 non
662 2354 941 2421 deﬁciam:
970 2363 1027 2409 et
1074 2363 1213 2419 tum,
1252 2354 1298 2409 si
1349 2355 1619 2410 sustineat
1644 2354 1813 2411 homo
1852 2372 2028 2426 usque

442 2448 507 2502 ad
537 2447 723 2513 ﬁnem,
752 2448 947 2517 incipit
974 2447 1246 2502 Dominus
1281 2448 1564 2518 disputare
1608 2464 1735 2504 cum
1788 2449 2025 2504 Satana:

444 2538 595 2592 Vides
640 2546 839 2608 quanta
871 2538 1037 2603 mala,
1066 2547 1400 2609 quantasque
1444 2540 1746 2610 aﬂlictioncs
1782 2540 2028 2594 intuleris

440 2630 557 2693 illi,
629 2647 719 2683 nec
768 2632 946 2700 paruit
996 2631 1088 2684 tibi
1134 2648 1153 2685 :
1215 2633 1306 2686 sed
1386 2633 1512 2685 milii
1561 2634 1750 2696 servit,
1805 2650 1869 2685 ac
1948 2649 2031 2686 me

442 2724 645 2775 metuit.
692 2721 832 2775 Tum
881 2722 1093 2791 pudore
1126 2723 1371 2778 suﬁ‘usus
1425 2723 1677 2789 Satanas,
1706 2724 1852 2793 quod
1880 2724 2031 2779 dicat

443 2815 586 2867 ultra
614 2828 725 2867 non
765 2812 950 2867 habet.
986 2812 1263 2879 Quantum
1290 2814 1438 2868 enim
1475 2813 1541 2869 ad
1576 2814 1797 2879 Jobum,
1850 2814 1896 2867 si
1924 2830 2027 2867 no-

441 2905 610 2957 visset
644 2918 771 2958 eum
809 2904 866 2957 in
905 2904 1236 2958 tentationes
1271 2904 1524 2974 illapsum
1555 2914 1873 2960 constanter
1900 2922 2031 2974 per-

441 2996 683 3049 laturum
711 3010 854 3059 esse,
885 3010 988 3050 nec
1019 3005 1339 3065 superatum
1391 2996 1481 3060 iri,
1536 3012 1647 3050 non
1683 3008 1838 3053 certe
1862 3013 2031 3067 expe-

444 3086 661 3140 tivisset
698 3101 849 3149 eum,
898 3101 968 3139 ne
1000 3087 1211 3155 pudore
1264 3087 1595 3142 afﬁceretur.
1663 3087 1757 3143 Sic
1809 3105 2030 3160 quoque

2142 618 2302 672 Ἀλλὰ
2330 620 2382 671 τί
2413 620 2560 687 λέγει
2588 620 2664 690 τῷ
2697 620 2884 689 Κυρίῳ
2911 622 2937 672 6
2963 619 3239 686 διάϐολος;
3268 619 3383 683 Δός
3399 635 3499 687 μοι
3523 617 3693 671 αὐτὸν

2128 714 2217 776 εὶς
2252 710 2475 779 χεῖρας·
2517 707 2556 781 ἦ
2590 711 2718 780 μὴν
2746 714 2824 777 εὶς
2874 712 3198 776 πρόσωπόν
3241 725 3315 763 σε
3363 707 3689 778 εὐλογῆσαι.

2130 801 2319 866 Οὓτως
2349 805 2443 856 καὶ
2470 803 2565 855 νῦν
2588 806 2615 856 6
2641 803 2805 865 αὐτὸς
2845 802 2965 855 Ἰὼϐ
2997 805 3135 865 ἐστι,
3172 803 3262 854 xui
3290 803 3318 853 6
3362 800 3524 862 αὐτὸς
3555 798 3691 861 Θεὸς,

2130 895 2224 947 xui
2262 896 2289 946 6
2319 894 2478 956 αὐτὸς
2508 893 2775 955 διάϐολος.
2822 894 2911 947 Ἐν
2935 895 3044 961 ὅσῳ
3072 891 3165 945 οὖν
3201 892 3463 961 τυγχάνει
3490 891 3586 958 τῆς
3611 892 3695 942 ἁν-

2128 985 2402 1053 τιλήψεως
2433 983 2588 1045 Θεοῦ,
2622 984 2715 1036 xui
2754 984 2867 1036 ἐστι
2900 983 3179 1053 πρόθυμος
3220 983 3314 1035 xui
3349 981 3487 1045 ζέων
3520 983 3583 1050 τῇ
3610 982 3696 1049 χὰ-

2132 1094 2243 1146 ριτι
2261 1076 2556 1139 ὲξαιτεῖται
2577 1077 2740 1129 αὑτὸν
2761 1078 2789 1127 6
2809 1076 3076 1136 Σατανᾶς.
3094 1074 3203 1127 Kui
3224 1075 3374 1140 λέγει
3396 1072 3477 1141 τῷ
3499 1072 3695 1141 Κυρίῳ,

2133 1167 2376 1235 Ἐπειδὴ
2404 1167 2653 1234 βοηθεῖς
2679 1165 2861 1231 αὐτῷ,
2887 1166 2983 1218 καὶ
3018 1163 3483 1233 ἁντιλαμόἁνεις
3505 1161 3694 1225 αὐτοῦ,

2131 1262 2407 1315 δουλεύει
2428 1277 2527 1314 σοι
2547 1277 2563 1323 ;
2589 1259 2738 1328 ἄφες
2760 1259 2950 1312 αὐτὸν
2971 1257 3068 1311 xai
3096 1258 3365 1325 παράδος
3379 1273 3502 1325 μοι,
3527 1249 3562 1324 ᾖ
3583 1252 3697 1321 μὴν

2132 1356 2220 1419 εὶς
2247 1351 2576 1421 πρόσωπόν
2598 1366 2673 1404 σε
2705 1347 3047 1417 εὺλοτήσει.
3073 1347 3293 1410 Λοιπὸν,
3318 1346 3395 1407 ὼς
3423 1346 3503 1397 ὅτι
3534 1360 3696 1413 παρα-

2134 1446 2379 1498 καλεῖται
2400 1446 2432 1513 ή
2456 1441 2624 1512 ψυχὴ,
2647 1444 2680 1512 ὴ
2708 1441 2868 1511 χάρις
2892 1439 3233 1502 ύποστέλλει,
3253 1436 3347 1489 xui
3367 1433 3701 1506 παραδίδοται

2133 1536 2339 1607 ἡψυχὴ
2390 1536 2742 1605 πειρασμοῖς.
2777 1534 3040 1601 Ἔρχεται
3068 1530 3162 1585 οὖν
3208 1531 3235 1583 6
3285 1527 3555 1591 διάϐολος,
3590 1527 3700 1577 ἑπι-

2135 1626 2317 1696 φέρων
2355 1625 2527 1695 μυρία
2565 1624 2733 1689 κακὰ,
2762 1621 3140 1692 ἀπελπισμὸν,
3172 1619 3509 1687 ἀπόγνωσιν,
3541 1613 3704 1669 διαλοο

2134 1717 2370 1786 γισμοὺς
2399 1718 2694 1787 πονηροὺς,
2744 1715 2944 1770 θλίϐων
2974 1714 3072 1784 τὴν
3105 1712 3305 1782 ψυχὴν,
3344 1710 3435 1763 ἴνα
3468 1705 3704 1779 χαυνὼσῃ

2059 1858 2101 1913 Β
2137 1810 2229 1863 xui
2263 1808 2604 1881 ἁλλοτριώσῃ
2640 1809 2847 1878 ταύτην
2878 1808 2977 1876 τῆς
3012 1805 3228 1868 ἐλπίδος
3267 1803 3364 1857 τοῦ
3394 1800 3558 1858 Θεοῦ.

2208 1992 2289 2044 H'.
2345 1990 2407 2042 'H
2446 1988 2503 2041 δὲ
2543 1987 2781 2059 φρονίμη
2809 1984 2958 2057 ψυχὴ
2999 1987 3057 2037 ὲν
3090 1984 3204 2045 τοῖς
3243 1982 3436 2042 κακοῖς
3465 1972 3599 2031 οὖσα
3625 1974 3706 2028 καὶ

2140 2086 2199 2135 ὲν
2228 2086 2295 2154 τῇ
2323 2081 2523 2151 θλίψει,
2561 2080 2661 2133 οὑκ
2691 2078 3007 2142 ἀπελπίζει,
3046 2076 3101 2128 ἀ)
3114 2076 3184 2129 λὰ
3230 2074 3428 2144 κρατεῖ
3452 2071 3481 2126 6
3513 2069 3705 2140 κρατεῖ·

2136 2176 2233 2230 xui
2279 2177 2378 2228 ὅσα
2410 2174 2474 2227 ἂν
2518 2172 2789 2242 ἐπενέγκῃ
2828 2169 2966 2239 αὐτὴ
3006 2170 3094 2223 διὰ
3147 2167 3358 2238 μυρίων
3399 2160 3708 2234 πειρασμῶν

2137 2268 2505 2336 ὑπομένουσα,
2542 2263 2715 2331 λέγει,
2757 2259 2903 2314 Ἐὰν
2936 2259 3035 2311 καὶ
3062 2255 3363 2319 ἀποθάνω,
3394 2252 3511 2323 ἐγὼ
3538 2248 3708 2305 αὑτὸν

2135 2362 2249 2414 οὐκ
2277 2358 2456 2427 ἀφίω.
2484 2357 2593 2410 Kui
2620 2356 2744 2408 τότε
2766 2353 2861 2406 ἐὰν
2878 2349 3152 2422 ὑπομείνῃ
3180 2349 3258 2411 είς
3280 2347 3436 2409 τέλος
3461 2346 3490 2393 6
3517 2344 3707 2411 ἄνθρω-

2140 2471 2259 2515 πος,
2316 2452 2543 2521 ἄρχεται
2604 2450 2632 2502 6
2677 2446 2883 2518 Κύριος
2948 2440 3293 2510 διαλέγεσθαι
3349 2438 3433 2509 τῷ
3484 2435 3705 2505 Σατανᾷ,

2140 2543 2345 2613 ’Ὀρᾷς,
2370 2545 2536 2597 πόσα
2563 2539 2720 2594 κακὰ
2757 2538 2857 2592 καί
2894 2537 3133 2603 θλίψεις
3169 2532 3513 2600 ἐπήνεγκας
3541 2524 3705 2591 αὐτῷ,

2136 2636 2233 2691 καὶ
2271 2637 2383 2702 οὐχ
2427 2630 2748 2701 ὑπήκουσέ
2778 2644 2907 2694 σοι,
2951 2626 3089 2681 ἀλλ’
3121 2624 3247 2693 ἐμοὶ
3282 2621 3585 2685 δουλεύει,
3618 2615 3708 2671 καί

2134 2729 2239 2798 ἐμὲ
2276 2725 2555 2796 φοϐεῖται.
2597 2725 2731 2777 Τότε
2769 2719 3196 2789 καταισχύνεται
3234 2718 3263 2769 6
3312 2713 3590 2776 διάϐολος,
3622 2709 3708 2763 xui

2135 2819 2320 2873 οὐκέτι
2376 2818 2489 2887 ἔχει
2546 2833 2599 2868 τι
2659 2815 2854 2868 εἰπεῖν.
2909 2812 3019 2866 Καὶ
3067 2810 3178 2879 γὰρ
3213 2808 3305 2861 ἐπὶ
3355 2805 3454 2859 τοῦ
3498 2802 3633 2866 Ἰὼϐ,
3664 2799 3706 2851 εί

2136 2912 2275 2983 ⁴ᾔδει,
2301 2911 2384 2964 ὅτι
2426 2910 2507 2972 είς
2534 2905 2661 2971 τοὺς
2692 2905 3030 2976 πειρασμοὺς
3068 2899 3326 2970 ἐμπεσὼν
3362 2899 3546 2970 μέλλει
3584 2897 3704 2947 ὐπο-

2140 3004 2324 3073 μένειν
2367 3002 2462 3055 xui
2518 3000 2591 3071 μὴ
2644 2998 2934 3070 ἡττᾶσθαι,
2964 2996 3065 3049 οὐκ
3103 2995 3168 3047 ἂν
3200 2992 3507 3064 ἐξῃτήσατο
3535 2984 3704 3044 αὐτὸν.

2140 3095 2226 3149 ἶνα.
2258 3094 2334 3166 μὴ
2368 3090 2763 3163 καταισχυνθῇ.
2796 3088 2983 3151 Οὕτως
3024 3088 3121 3141 xui
3168 3085 3265 3139 νῦν
3304 3086 3386 3147 είς
3415 3083 3541 3144 τοὺς
3584 3080 3705 3131 ὑπο-

442 3192 611 3243 uunc,
646 3186 871 3247 propter
894 3193 991 3231 eos
1025 3178 1117 3246 qui
1148 3178 1434 3247 perferunt
1467 3180 1791 3236 amictiones
1814 3197 1878 3236 ac
1910 3191 2026 3238 ten-

2144 3186 2405 3257 μένοντας
2444 3184 2653 3253 θλίψεις
2696 3182 2791 3234 καὶ
2842 3178 3206 3250 πειρασμοὺς,
3238 3173 3655 3243 καταισχύνεται
3680 3166 3706 3217 6

444 3268 704 3335 lationes,
746 3267 1106 3322 confunditur
1152 3270 1403 3335 Satanas,
1449 3287 1513 3327 ac
1568 3274 1896 3342 paenitentia
1924 3275 2026 3330 du-

2136 3279 2405 3340 Σατανᾶς,
2439 3276 2536 3329 xui
2574 3275 2843 3345 μετανοεῖ,
2870 3273 2951 3325 ὃτι
2990 3270 3157 3340 μηδὲν
3212 3269 3434 3337 ἤνυσεν.
3464 3266 3705 3335 Ἀρχεται

442 3362 608 3424 citur,
627 3361 771 3430 quod
795 3360 930 3415 nihil
951 3361 1217 3416 effecerit.
1240 3362 1438 3433 Incipit
1453 3364 1601 3418 enim
1621 3366 1886 3422 Dominus
1904 3384 2032 3423 eum

442 3451 525 3505 sic
562 3450 768 3521 alloqui
805 3468 818 3504 :
856 3450 1001 3515 Vide,
1038 3452 1251 3518 discedi,
1290 3456 1506 3524 permisi
1533 3456 1625 3509 tibi
1648 3473 1765 3510 eum
1803 3467 2030 3524 tentare,

443 3543 681 3612 nunquid
733 3544 1068 3612 prwstitisti?
1096 3545 1337 3613 nunquid
1388 3546 1768 3617 obtemperavit
1801 3550 1941 3603 tibi?

515 3634 605 3689 IX.
641 3635 1018 3707 Interrogatio.
1054 3637 1137 3691 An
1172 3639 1353 3709 utique
1395 3650 1612 3695 cunctas
1639 3641 1863 3698 hominis
1888 3647 2031 3715 cogi-

442 3732 668 3783 tationes
697 3739 743 3783 et
763 3730 983 3785 consilia
1015 3733 1153 3785 novit
1183 3731 1460 3787 Satanas?

509 3821 617 3891 97
658 3821 965 3893 Responsio.
1005 3822 1061 3877 Si
1097 3823 1284 3887 homo,
1316 3825 1411 3893 qui
1446 3842 1572 3881 cum
1632 3828 1857 3883 homine
1895 3844 2030 3883 con-

438 3923 715 3978 versatur,
761 3914 915 3968 novit
960 3930 1082 3983 quae
1113 3926 1242 3969 sunt
1280 3918 1420 3987 ejus,
1454 3928 1511 3973 et
1550 3928 1606 3972 tu
1653 3932 1816 3974 natus
1859 3937 2031 3977 annos

439 4003 634 4074 viginti
668 4004 866 4059 novisti
895 4020 958 4060 ea
1002 4022 1125 4074 qua:
1163 4016 1292 4061 sunt
1320 4009 1580 4076 proximi.
1620 4011 1871 4080 nunquid
1900 4027 2031 4082 ergo

441 4096 681 4151 Satanas
723 4095 861 4165 ipse,
898 4097 993 4165 qui
1054 4112 1085 4151 a
1139 4098 1427 4153 nativitate
1485 4100 1587 4154 tibi
1646 4112 2028 4166 conversatur,

440 4183 657 4252 ignorat
684 4183 1048 4253 cogitationes
1082 4185 1244 4237 tuas?
1274 4185 1489 4240 Sexties
1512 4188 1659 4241 enim
1687 4189 1835 4244 mille
1856 4205 2031 4243 anno-

441 4289 562 4327 rum
596 4282 813 4328 aetatem
851 4275 1036 4329 habet.
1072 4275 1185 4330 Nec
1225 4276 1459 4331 dicimus
1517 4294 1667 4343 eum,
1711 4281 2030 4351 priusquam

442 4374 617 4420 tentet
646 4366 950 4432 hominem,
1008 4382 1170 4422 nosse
1194 4368 1327 4437 quid
1390 4369 1644 4423 facturus
1679 4371 1771 4425 sit.
1834 4372 2033 4427 Tentat

439 4460 589 4516 enim
644 4468 905 4524 tentalor,
958 4475 1069 4514 non
1140 4470 1322 4516 tamen
1397 4464 1677 4533 cognitum
1742 4465 1910 4519 habet
1961 4480 2029 4519 an

2135 3372 2243 3444 γὰρ
2275 3373 2303 3424 6
2325 3368 2531 3440 Κύριος
2555 3367 2711 3435 λόγον
2744 3364 2893 3434 αὐτῷ
2920 3365 3093 3416 ποιεῖν
3116 3377 3133 3394 ο
3167 3360 3288 3415 Ἴδε
3322 3352 3707 3427 παρεχώρησὰ

2133 3481 2253 3528 σοι,
2306 3461 2395 3513 ιδε
2432 3457 2734 3527 ἐπέτρεψά
2768 3470 2869 3511 σοι
2921 3452 3202 3521 πειράσαι
3253 3452 3486 3514 αὑτὸν,
3530 3446 3610 3519 μή
3656 3462 3703 3498 τι

2133 3554 2475 3623 ἠδυνήθης;
2508 3550 2594 3621 μή
2634 3568 2690 3604 τι
2728 3546 3048 3615 ὑπήκουσέ
3086 3561 3223 3608 σοι;

2205 3646 2284 3700 Θ’.
2328 3644 2668 3714 Ἐρώτησις.
2694 3643 2763 3696 El
2808 3640 2921 3710 ἆρα
2955 3640 3140 3703 ὅλους
3198 3634 3341 3700 τοὺς
3392 3627 3705 3701 λογισμοὺς

2133 3733 2242 3787 τοῦ
2267 3732 2583 3801 ἀνθρώπου
2610 3729 2708 3785 καὶ
2758 3728 2830 3783 τὰ
2860 3728 3131 3796 νοήματα
3160 3722 3323 3779 οἶδεν
3346 3725 3381 3777 ό
3413 3718 3703 3782 Saturae:

2218 3827 2586 3893 Ἀπόκρισις.
2622 3824 2683 3877 Ei
2714 3823 3001 3892 ἄνθρωπος
3034 3818 3306 3889 ἀνθρώπῳ
3352 3816 3592 3892 σύνεστι,
3620 3808 3703 3863 καὶ

2133 3916 2242 3973 οίδε
2264 3920 2331 3973 τὰ
2356 3918 2547 3985 αὐτοῦ,
2574 3918 2668 3972 xui
2716 3918 2780 3970 σὺ
2811 3915 2985 3969 εἴκοσι
3007 3914 3144 3968 ἐτῶν
3168 3913 3438 3981 ὑπάρχων
3474 3906 3613 3970 οίδας
3644 3904 3703 3956 τὰ

2132 4011 2227 4066 τοῦ
2282 4011 2548 4083 πλησίον,
2594 4009 2703 4080 ἄρα
2751 4008 2916 4071 αὐτὸς
2970 4011 2999 4061 6
3049 4007 3296 4068 Σατανᾶς
3340 4004 3453 4059 ἀπὸ
3498 3996 3702 4071 γενετῆς

2136 4102 2312 4154 συνών
2338 4120 2417 4154 σοι
2451 4102 2552 4155 οὐκ
2576 4094 2686 4153 οἶδε
2711 4101 2838 4161 τοὺς
2863 4097 3157 4167 λογισμούς
3180 4114 3304 4161 σου;
3337 4090 3701 4162 ἑξακισχιλίων

2134 4195 2242 4265 γὰρ
2277 4194 2378 4263 ἤδη
2412 4195 2560 4246 ἐστὶν
2606 4193 2763 4247 ὲτῶν.
2806 4192 2916 4245 Καὶ
2946 4192 3009 4243 οὐ
3038 4190 3273 4258 λέγομεν
3300 4188 3467 4243 αὑτὸν
3491 4184 3592 4255 πρὸ
3618 4179 3700 4232 τοῦ

2135 4287 2399 4357 πειράσαι
2456 4285 2547 4338 τὸν
2593 4284 2906 4355 ἄνθρωπον,
2949 4282 3151 4335 εἰδέναι
3186 4282 3239 4334 τί
3280 4279 3472 4351 μέλλει
3521 4275 3697 4329 ποιεῖν.

2136 4378 2393 4448 Πειράςει
2426 4376 2536 4445 γὰρ
2572 4377 2601 4429 6
2643 4375 2944 4439 πειράζων,
2983 4374 3082 4426 οὐκ
3111 4368 3220 4425 οἶδε
3259 4372 3339 4435 δὲ,
3370 4373 3422 4423 εἰ
3454 4363 3699 4421 ὑπακούει

2134 4470 2304 4541 αὐτῷ,
2343 4471 2376 4542 ἢ
2437 4470 2511 4540 μὴ
2563 4468 2852 4531 ὑπακούει,
2890 4467 2994 4529 ἕως
3022 4465 3088 4519 ἂν
3109 4464 3169 4517 τὸ
3195 4463 3408 4532 θέλημα
3437 4460 3613 4515 δοῦλον
3635 4453 3700 4519 δῷ

440 4553 925 4621 obtemperaturus
944 4554 1038 4614 sit,
1064 4568 1260 4617 necne,
1304 4554 1481 4609 donec
1527 4556 1867 4611 voluntatem
1909 4573 2026 4612 ser-

2136 4566 2166 4634 ἠ
2212 4562 2384 4631 ψυχή.
2420 4558 2559 4613 Οὔτε
2609 4559 2773 4613 πάλιν
2814 4558 3068 4626 λέγομεν,
3096 4557 3178 4609 ὅτι
3222 4554 3375 4616 ὅλους
3398 4553 3526 4613 τοὺς
3566 4549 3699 4611 λογι-

439 4660 562 4698 vam
592 4644 644 4698 ei
675 4644 853 4700 tradat
876 4645 1083 4700 anima.
1118 4645 1309 4715 Neque
1334 4646 1465 4700 item
1511 4648 1768 4715 dicimus,
1801 4658 2029 4705 cunctas

438 4734 801 4805 cogitationes
855 4735 1039 4789 cordis
1089 4746 1146 4790 et
1189 4736 1463 4791 desideria
1509 4754 1672 4794 nosse
1722 4740 2025 4795 diabolum.

436 4825 676 4880 Perinde
716 4825 885 4890 enim,
932 4842 995 4881 ac
1038 4826 1085 4880 si
1119 4828 1191 4880 sit
1242 4827 1412 4882 arbor
1455 4844 1576 4899 quae
1610 4832 1813 4886 multos
1845 4846 2028 4885 ramos

436 4920 638 4973 habeat
669 4935 734 4973 ac
766 4920 937 4973 multa
971 4919 1240 4980 membra,
1283 4919 1357 4973 ita
1400 4935 1621 4989 quoque
1654 4930 1783 4974 sunt
1805 4921 2028 4990 quidam

436 5011 571 5063 rami
624 5011 1019 5080 cogitationum
1078 5020 1133 5064 et
1163 5010 1545 5077 consiliorum,
1589 5028 1729 5081 quos
1778 5028 2031 5082 compre-

436 5103 631 5157 hcndit
660 5104 925 5168 Satanas;
961 5114 1092 5159 sunt
1118 5121 1249 5160 vero
1273 5106 1392 5160 aliae
1411 5106 1775 5175 cogitationes
1813 5118 1868 5161 et
1896 5122 2031 5161 con-

380 5257 384 5260 ,
435 5197 579 5258 siiia,
616 5211 738 5264 qua:
762 5211 790 5249 a
827 5196 1027 5251 Satana
1052 5213 1163 5251 non
1215 5198 1789 5267 comprehenduntur.

508 5289 573 5343 Χ.
627 5289 683 5341 In
711 5287 948 5357 quadam
995 5289 1141 5342 enim
1172 5306 1233 5343 re
1276 5292 1534 5359 przevalct
1594 5306 1721 5360 pars
1760 5290 2033 5360 nequitiae

434 5382 501 5436 ad
538 5381 911 5452 generandum
939 5382 1331 5451 cogitationes,
1376 5399 1570 5438 rursus
1618 5384 1673 5438 in
1710 5384 1947 5454 quadam
1975 5402 2031 5440 re

435 5475 695 5545 cogitatio
727 5474 969 5528 hominis
990 5475 1245 5543 superior
1278 5476 1485 5539 evadit,
1510 5486 1849 5547 acceptoque
1879 5479 2032 5532 auxi-

438 5566 531 5630 lio,
596 5582 659 5620 ac
709 5566 1147 5636 redemptionea
1195 5567 1325 5631 Deo,
1390 5568 1727 5622 contradidit
1785 5570 2028 5635 malitiae,

436 5656 670 5726 quadam
702 5658 758 5710 in
802 5673 860 5711 re
894 5658 1224 5721 succumbit,
1278 5668 1332 5711 ct
1362 5659 1597 5727 quadam
1649 5660 1702 5713 in
1750 5676 1807 5714 re
1835 5661 2029 5714 volun-

519 5832 562 5861 ⁵⁸
600 5830 701 5884 Job
734 5830 867 5893 11,2.
947 5830 991 5861 ⁵⁵
1026 5829 1125 5882 Joh
1151 5846 1185 5892 ι,
1220 5828 1284 5883 10
1312 5846 1467 5898 seqq.

2140 4655 2310 4725 σμοὺς
2336 4652 2440 4720 τῆς
2467 4652 2695 4719 καρδίας
2730 4650 2823 4703 xui
2854 4651 2950 4711 τὰς
2978 4647 3308 4717 ἐνθυμήσεις
3340 4639 3483 4696 οἶδεν
3528 4642 3555 4695 6
3592 4635 3697 4690 διά-

2135 4747 2310 4809 ϐολος.
2363 4746 2563 4816 Ὠσπερ
2585 4745 2695 4815 γὰρ
2741 4742 2835 4795 ἐὰν
2963 4741 3199 4809 δένδρον,
3236 4738 3332 4791 xui
3363 4736 3463 4808 ἔχῃ
3492 4732 3699 4788 κλάδους

2138 4839 2367 4900 πολλοὺς
2408 4837 2501 4889 xui
2534 4835 2704 4888 πολλὰ
2748 4834 2904 4903 μέλη·
2950 4832 3136 4885 λοιπόν
3182 4829 3288 4883 εἰσί
3333 4846 3478 4891 τινες
3534 4820 3697 4879 κλάδοι

2135 4929 2410 4999 λογισμῶν
2452 4928 2548 4980 xui
2586 4926 2897 4996 νοημάτων,
2939 4923 3031 4976 xui
3062 4922 3283 4992 κατέχει
3314 4921 3511 4981 αὐτοὺς
3534 4917 3561 4966 6
3602 4912 3694 4963 Σα-

2135 5023 2323 5083 τανᾶς.
2375 5019 2485 5073 Καὶ
2530 5018 2667 5071 εἰσιν
2718 5017 2865 5071 ἄλλοι
2898 5014 3153 5085 λογισμοὶ
3199 5012 3295 5067 xui
3339 5014 3602 5083 νοήματα,
3629 5001 3693 5074 μὴ

2134 5114 2491 5185 κατεχόμενοι
2533 5112 2640 5165 ὑπὸ
2667 5112 2763 5164 τοῦ
2806 5111 3043 5164 Σατανᾶ.

2212 5296 2268 5347 I'.
2314 5294 2412 5345 Ἕν
2455 5309 2561 5344 τινι
2603 5292 2712 5361 γὰρ
2767 5286 3115 5360 ἰσχυρότερον
3159 5288 3276 5339 ἐστι
3326 5283 3388 5336 τὸ
3424 5280 3581 5351 μέρος
3609 5273 3693 5361 τῆξ

2132 5383 2334 5446 κακίας
2366 5383 2423 5434 ὲν
2446 5381 2523 5449 τῷ
2560 5355 2747 5451 βρύειν
2940 5355 3262 5444 λογισμοὺς,
3292 5371 3348 5423 ἕν
3372 5388 3475 5422 τινι
3504 5355 3693 5451 πάλινὸ

2130 5473 2391 5545 λογισμὸς
2438 5445 2533 5526 τοῦ
2561 5445 2862 5540 *ανθρώπου
2911 5465 3201 5536 ὑπερνικᾷ,
3247 5460 3533 5532 λαμϐάνων
3580 5445 3694 5545 βοής

2132 5535 2413 5622 θειανοιαὶ
2456 5535 2727 5635 λύτρωσιν
2780 5560 2933 5631 παρὰ
2974 5535 3135 5620 Θεοῦ,
3179 5557 3274 5608 xui
3319 5548 3604 5613 ἀντιλέγων
3629 5535 3687 5602 τῇ

2132 5659 2319 5731 κακίᾳ,
2360 5657 2420 5710 ἓν
2450 5674 2555 5710 τινι
2579 5652 2939 5724 κεκράτηται,
2974 5651 3066 5703 xui
3099 5647 3156 5701 ἐν
3186 5664 3292 5700 τινι
3334 5645 3442 5715 ἔχει
3480 5635 3690 5702 θέλημα.
