3966 6436
349 372 454 438 681

1536 375 1903 438 HOMILUE.
1934 401 2002 410 --
2022 376 2212 440 ΗΟΜ.
2246 378 2457 440 XXVI.

3522 375 3625 439 682

352 484 731 559 Προσέρχεται
758 485 866 556 γάρ
896 484 1064 553 ἔστιν,
1090 486 1179 540 ὅτε
1214 486 1292 557 τῷ
1315 486 1436 557 Θεῷ
1468 488 1629 557 ζέων,
1659 491 1757 544 καὶ
1797 489 1939 545 οῐδεν

2052 499 2211 546 tatem
2258 476 2445 547 habet.
2515 491 2797 546 Interdum
2851 489 3001 546 enim
3058 487 3274 544 accedit
3335 486 3401 541 ad
3454 488 3627 543 Deum

353 579 386 631 6
418 575 685 641 Σατανᾶς,
710 577 804 630 καὶ
835 575 1021 644 βλέπει
1050 578 1131 630 ὅτι
1163 579 1283 630 κατ’
1325 577 1489 631 αὑτοῦ
1531 582 1697 647 ποιεῖ,
1734 582 1826 634 καὶ
1877 582 1940 633 οὐ

352 664 583 719 δύναται
630 665 878 735 ἐπισχεῖν
921 666 1015 718 τὸν
1074 665 1385 735 ἄνθρωπον.
1448 669 1546 722 Διὰ
1604 670 1694 735 τί;
1754 670 1942 741 ἐπειδὴ

354 753 473 825 ἔχει
503 755 718 825 θέλημα
744 756 839 809 τοῦ
871 756 1065 826 βοῆσαι
1086 758 1222 828 πρὸς
1238 757 1331 811 τὸν
1358 758 1512 825 Θεὸν,
1544 759 1657 830 ἔχει
1681 761 1943 829 φυσικοὺς

356 847 612 919 καρποὺς
652 847 747 901 τοῦ
793 848 1084 918 ἀγαπῆσαι
1138 849 1311 913 Θεὸν,
1348 850 1442 904 τοῦ
1486 851 1795 916 πιστεῦσαι,
1846 853 1940 907 τοῦ

356 935 692 1004 ἐπιζητῆσαι
735 936 829 989 καὶ
862 937 1205 1007 προσελθεῖν.
1248 940 1360 992 Καὶ
1394 932 1503 1011 γάρ
1527 942 1593 994 ἐν
1614 943 1729 1006 τοῖς
1755 960 1940 1011 φαινο-

360 1028 567 1098 μένοις.
597 1030 627 1079 6
646 1027 894 1096 γεωργὸς
916 1029 1213 1099 ἐργάζεται
1251 1032 1349 1101 τὴν
1386 1034 1512 1103 γῆν,
1545 1032 1720 1098 οὕτως
1738 1036 1832 1089 καὶ
1863 1038 1944 1101 είς

356 1119 420 1172 τὸ
447 1119 832 1189 πνευματικὸν,
861 1121 941 1184 είς
980 1120 1074 1174 δύο
1103 1121 1374 1190 πρόσωπα
1418 1126 1620 1177 νοεῖται
1660 1124 1730 1177 τὰ
1800 1126 1945 1196 πρά-

355 1227 568 1281 γματα.
623 1211 745 1282 Χρὴ
804 1210 900 1265 οὖν
946 1212 1038 1265 τὸν
1084 1214 1375 1284 ἄνθρωπον
1421 1215 1530 1270 ἀπὸ
1569 1218 1944 1288 προαιρέσεως

356 1302 675 1374 γεωργῆσαι
705 1303 807 1372 τὴν
840 1303 947 1372 γῆν
989 1305 1093 1373 τῆς
1150 1305 1379 1376 καρδίας
1412 1307 1603 1372 αὐτοῦ,
1652 1308 1748 1363 καὶ⁸
1775 1313 1944 1381 πονῆ-

358 1415 474 1451 σαι.
504 1398 667 1468 Ζητεῖ
694 1396 804 1466 γὰρ
846 1399 875 1451 6
919 1398 1054 1463 Θεὸς
1080 1399 1173 1453 τὸν
1206 1401 1390 1466 πόνον,
1421 1403 1518 1455 καὶ
1547 1402 1815 1473 κάματον,
1850 1404 1945 1457 καὶ

354 1488 460 1558 τὴν
481 1486 740 1558 ἐργασίαν
776 1485 873 1541 τοῦ
919 1489 1233 1560 ἀνθρώπου.
1294 1491 1436 1544 Ἀλλ’
1476 1492 1572 1545 ἐὰν
1609 1493 1684 1563 μὴ
1737 1492 1944 1547 ἄνωθεν

358 1581 602 1650 ἐπιφανῇ
664 1578 891 1651 οὐράνια
937 1581 1105 1651 νέφη,
1154 1582 1248 1636 καὶ
1293 1583 1440 1636 ὑετοὶ
1484 1583 1745 1654 χάριτος,
1791 1584 1945 1638 οὐδὲν

354 1670 643 1741 ὠφέλησεν
688 1674 717 1725 6
743 1672 988 1743 γεωργὸς
1018 1672 1234 1744 καμών.

431 1764 534 1819 IA'.
563 1763 734 1817 Τοῦτο
757 1763 817 1818 δέ
857 1766 972 1817 ἐστι
1008 1765 1069 1818 τὸ
1107 1769 1334 1835 σημεῖον
1363 1765 1457 1819 τοῦ
1486 1768 1941 1839 Χριστιανισμοῦ,

355 1854 461 1909 ὅσα
507 1854 573 1908 ἂν
603 1853 784 1926 κάμῃ,
819 1855 913 1908 καὶ
950 1854 1084 1918 ὅσας
1128 1833 1195 1908 ἂν
1241 1857 1444 1929 ποιήσῃ
1468 1833 1835 1923 δικαιοσύνας,
1870 1860 1946 1923 ὡς
1976 1833 2019 1888 Β

360 1946 535 2017 μηδὲν
595 1948 835 2018 ποιήσας
882 1945 1215 2013 διακεῖσθαι,
1276 1948 1372 2000 καὶ
1420 1947 1700 2017 νηστεύων
1742 1949 1943 2019 λέγειν,

352 2040 477 2092 Οὐκ
492 2038 855 2104 ἐνήστευσα·
871 2038 1188 2109 εὐχόμενος,
1205 2039 1327 2092 Οὐκ
1344 2037 1630 2109 ηὐξάμην
1649 2057 1664 2073 ο
1689 2042 1946 2112 παραμέ-

358 2145 466 2181 νων
480 2130 545 2198 τῇ
571 2128 726 2200 εὐχῇ,
765 2130 847 2184 Οὐ
876 2129 1227 2199 παρέμεινα·
1264 2129 1364 2182 καὶ
1395 2129 1603 2199 ἀκμὴν
1616 2130 1815 2201 ἀρχὴν
1828 2134 1948 2199 ἔχω

354 2219 467 2273 τοῦ
492 2219 727 2286 ἀσκεῖν,
755 2220 855 2273 καὶ
888 2221 1161 2289 κάμνειν·
1192 2219 1298 2273 κᾶν
1324 2220 1531 2285 δίκαιος
1631 2222 1783 2292 παρὰ
1803 2221 1946 2290 Θεῷ,

356 2310 562 2375 ὀφείλει
598 2311 799 2379 λέγειν,
825 2311 969 2381 Ἐγὼ
994 2314 1105 2365 οὐκ
1130 2310 1247 2380 εἰμὶ
1274 2310 1523 2379 δίκαιος,
1555 2312 1695 2366 οὔτε
1720 2313 1945 2382 κάμνω,

356 2402 522 2457 ἀλλὰ
548 2403 676 2456 καθ’
704 2401 935 2471 ἡμέραν
954 2402 1227 2472 ἄρχομαι.
1279 2402 1518 2472 Ὀφείλει
1550 2403 1607 2456 δὲ
1636 2403 1781 2475 ἐχειν
1825 2405 1945 2459 καθ’

356 2497 575 2566 ἡμέραν
589 2496 688 2567 τὴν
712 2497 902 2552 ἐλπίδα
921 2498 1016 2552 καὶ
1034 2500 1134 2569 τὴν
1151 2500 1348 2571 χαρὰν,
1374 2502 1470 2553 καὶ
1489 2500 1588 2571 τὴν
1617 2502 1948 2572 προσδοκίαν

357 2588 459 2655 τῆς
494 2588 793 2659 μελλούσης
858 2590 1137 2660 βασιλείας
1177 2592 1276 2646 καὶ
1326 2592 1799 2664 ἀπολυτρώσεως,
1852 2595 1947 2649 καὶ

356 2677 556 2747 λέγων,
603 2678 740 2733 Ἐὰν
764 2680 1038 2750 σήμερον
1057 2682 1170 2735 οὐκ
1198 2681 1569 2749 ἐλυτρώθην,
1599 2684 1815 2752 αὔριον
1838 2688 1949 2741 λυ-

360 2770 631 2840 τροῦμαιο
659 2772 736 2835 ὡς
760 2771 871 2842 γὰρ
916 2774 945 2825 6
978 2772 1228 2841 φυτεύων
1269 2773 1515 2843 ἄμπελον
1547 2776 1680 2845 πρὶν
1721 2775 1752 2846 ἢ
1783 2774 1944 2846 ἐξάρ-

362 2859 555 2924 ξασθαι
585 2860 682 2913 τοῦ
721 2861 1001 2931 καμάτου,
1034 2861 1151 2933 ἔχει
1177 2862 1277 2934 τὴν
1310 2862 1485 2934 χαρὰν
1532 2865 1590 2917 ἐν
1621 2864 1820 2935 ἐαυτῷ,
1852 2868 1947 2919 καὶ

360 2952 461 3023 τὴν
496 2951 707 3006 ἐλπίδα⁸
754 2956 849 3006 καὶ
882 2954 1286 3025 προδιαγράφει
1321 2956 1379 3007 ἐν
1419 2954 1497 3025 τῷ
1539 2956 1616 3025 νῷ
1663 2957 1943 3023 οίνεῶνας,

360 3046 458 3097 καὶ
482 3042 716 3113 ψηφίζει
756 3046 1077 3116 προσόδους,
1116 3046 1282 3116 μήπω
1306 3046 1603 3117 γενομένου
1632 3048 1798 3103 οίνου.
1834 3050 1947 3103 Καὶ

360 3137 536 3228 οὕτως
570 3136 894 3228 ἀναδέχεται
922 3137 1015 3228 τδν
1046 3138 1316 3209 κάματον.
1350 3138 1414 3191 Ἢ
1458 3138 1567 3209 γὰρ
1606 3140 1763 3203 ἐλπὶς
1789 3141 1882 3194 καὶ
1912 3142 1945 3212 ἡ
1974 3169 2017 3228 C

360 3226 663 3297 προσδοκία
693 3230 841 3280 ποιεῖ
866 3227 1030 3282 αὐτὸν
1057 3228 1354 3300 προθύμως
1402 3230 1655 3298 κάμνειν,
1693 3232 1785 3284 καὶ
1810 3232 1948 3296 τέως

360 3319 426 3371 ἐκ
451 3317 544 3371 τοῦ
568 3319 721 3372 οῐκου
757 3318 957 3384 πολλὰς
1001 3320 1248 3384 δαπάνας
1297 3319 1601 3392 σκορπίζευ
1627 3322 1830 3392 ὁμοίως
1856 3324 1948 3377 καὶ

360 3412 390 3463 6
427 3411 728 3481 οἰκοδομῶν
755 3407 926 3477 οἶκον,
967 3414 1063 3466 καὶ
1095 3415 1125 3466 6
1153 3417 1442 3487 γεωργῶν,
1484 3418 1702 3489 πρῶτον
1738 3421 1804 3472 ἐκ
1837 3418 1947 3471 τῶν

364 3502 513 3555 ίδὶων
538 3503 709 3556 πολλὰ
737 3503 1025 3574 σκορπίζει
1048 3505 1138 3559 διὰ
1170 3506 1268 3577 τὴν
1303 3508 1494 3562 ἐλπίδα
1517 3513 1618 3581 τῆς
1646 3510 1949 3582 μελλούσης

362 3593 647 3663 προσόδου·
671 3592 814 3649 οὕτω
837 3596 1139 3661 κάνταῦθα,
1167 3597 1263 3652 ἐὰν
1286 3599 1359 3669 μή
1382 3617 1467 3663 τις
1497 3599 1597 3673 ἔχῃ
1619 3600 1723 3671 πρὸ
1746 3602 1948 3670 ὀφθαλ-

364 3684 485 3753 μῶν
512 3684 611 3754 τὴν
639 3685 815 3756 χαρὰν
843 3687 938 3741 καὶ
981 3689 1080 3759 τήν
1114 3689 1322 3751 ἐλπίδα,
1354 3691 1435 3744 ὅτι
1470 3691 1687 3746 Meum
1718 3691 1947 3762 λυτρώ-

360 3788 520 3842 σεως
566 3780 892 3846 τυγχάνειν
935 3780 1033 3832 καὶ
1070 3779 1241 3849 ζωῆς,
1274 3782 1335 3835 οὐ
1376 3782 1601 3836 δύναται
1652 3785 1948 3855 ὑπομένειν

359 3868 463 3931 τὰς
516 3868 750 3938 θλίψεις,
791 3869 916 3924 οὔτε
951 3872 1011 3925 τὸ
1042 3874 1264 3944 φορτίον
1288 3912 1304 3939 ,
1342 3875 1439 3927 καὶ
1468 3875 1569 3945 τὴν
1605 3878 1797 3942 στενὴν
1828 3877 1948 3930 όδὺν

360 3958 805 4032 ἀναδέξασθαιοή
842 3962 953 4032 γὰρ
1008 3963 1247 4019 συνοῦσα
1293 3965 1450 4029 ἐλπὶς
1494 3967 1588 4020 καὶ
1632 3968 1775 4038 χαρὰ
1806 3970 1950 4021 ποιεῖ

362 4049 527 4103 αὐτὸν
558 4051 811 4121 κάμνειν,
867 4053 961 4106 καὶ
1013 4054 1310 4124 ὑπομένειν
1347 4055 1448 4118 τὰς
1501 4054 1731 4125 θλίψεις,
1762 4058 1857 4111 καὶ
1887 4057 1948 4111 τὸ

362 4140 606 4211 φορτίον,
645 4143 741 4197 καὶ
771 4143 872 4215 τὴν
902 4144 1096 4215 στενὴν
1138 4146 1256 4199 ὁδὸν
1291 4145 1674 4214 ἀναδέξασθαι.

372 4408 375 4411 Ι
434 4426 534 4482 IB'.
571 4428 785 4500 Ὠσπερ
832 4429 891 4484 δὲ
941 4429 1041 4483 οὐκ
1093 4428 1242 4485 ἐστιν
1295 4429 1516 4485 εὕκολον
1560 4431 1714 4486 δόλον
1754 4434 1947 4501 φυγεῖν

2044 583 2281 647 fervens,
2311 582 2526 651 scitque
2581 580 2829 648 Satanas,
2864 595 2925 635 ac
2963 579 3115 634 videt
3141 594 3269 633 eum
3318 577 3425 633 sibi
3462 595 3633 649 repu—

2044 689 2234 743 gnare,
2294 688 2399 728 nec
2474 682 2660 727 tamen
2730 672 3037 742 reprimere
3093 678 3274 739 potest
3324 670 3629 726 hominem.

2046 762 2150 828 Qui
2206 762 2351 817 hoc?
2406 762 2546 829 Quia
2614 761 2781 816 habet
2828 761 3171 815 voluntatem
3229 759 3500 813 clamandi
3560 759 3628 813 ad

2046 854 2242 920 Deum,
2280 855 2445 909 habet
2476 854 2690 908 fruetus
2718 839 3017 918 naturales,
3061 861 3123 907 ut
3175 852 3387 906 scilicet
3443 851 3635 921 diligat

2046 943 2244 1009 Deum,
2287 952 2347 997 ut
2375 943 2586 1008 credat,
2627 950 2687 996 ut
2717 942 2985 1011 requirat,
3034 949 3089 996 et
3112 941 3179 995 ad
3208 955 3336 994 eum
3383 939 3630 994 accedat.

2046 1034 2109 1088 In
2157 1034 2324 1089 rebus
2366 1035 2515 1089 enim
2571 1033 2818 1089 externis
2849 1032 2990 1087 visui
3053 1032 3337 1102 subjectis,
3389 1030 3632 1101 agricola

2048 1132 2254 1179 terram
2282 1134 2501 1180 exercet
2532 1143 2547 1191 ;
2590 1126 2669 1182 sic
2688 1140 2909 1195 quoque
2942 1125 2997 1177 in
3032 1140 3092 1178 re
3131 1122 3406 1193 spirituali
3438 1136 3633 1175 omnes

2050 1230 2137 1271 res
2161 1215 2264 1270 sub
2290 1216 2505 1271 duabus
2534 1216 2784 1286 personis
2813 1216 3218 1285 intelliguntur.
3244 1213 3475 1282 Oportet
3499 1228 3630 1281 ergo

2046 1306 2325 1362 hominem
2357 1306 2542 1363 dedita
2572 1324 2743 1377 opera
2772 1316 2829 1366 et
2858 1308 3112 1362 consulto
3136 1306 3387 1361 excolere
3424 1314 3628 1359 terram

2046 1398 2232 1454 cordis
2259 1399 2366 1464 sui,
2418 1408 2475 1454 et
2498 1399 2776 1454 laborare.
2812 1399 3070 1468 Requirit
3109 1397 3259 1453 enim
3290 1399 3437 1452 Deus
3473 1398 3629 1451 labo—

2046 1506 2184 1555 rem,
2233 1490 2633 1562 fatigationem,
2697 1506 2762 1546 ac
2803 1490 3181 1559 operationem
3232 1490 3301 1544 ab
3355 1490 3578 1544 homine
3619 1510 3633 1543 .

2045 1597 2262 1644 verum,
2306 1582 2414 1636 nisi
2443 1581 2683 1652 desuper
2740 1581 3099 1651 apparuerint
3150 1580 3330 1635 nubes
3383 1581 3635 1635 caelestes

2047 1687 2111 1727 ac
2131 1672 2334 1741 pluvia
2356 1673 2567 1741 gratiae,
2604 1670 2744 1725 nihil
2783 1671 3029 1740 proderit
3060 1671 3315 1741 agricola
3346 1670 3524 1725 labor.

2119 1761 2213 1816 XI.
2256 1760 2389 1817 Hoc
2420 1772 2605 1816 autem
2658 1770 2745 1817 est
2786 1760 3052 1815 indicium
3084 1761 3384 1815 Christiani
3426 1763 3631 1825 cultus,

2047 1863 2283 1923 quantos
2310 1854 2435 1922 quis
2481 1853 2699 1907 labores
2730 1851 3081 1916 sustinuerit,
3121 1861 3177 1905 et
3214 1861 3448 1921 quantas
3468 1853 3636 1921 justi-

2049 1945 2152 1998 tias
2175 1945 2473 2015 peregerit,
2514 1959 2577 1997 ac
2620 1944 2664 1996 si
2705 1943 2845 1996 nihil
2876 1942 3171 2008 eﬂecisset,
3206 1943 3280 1997 ita
3308 1958 3365 1997 se
3402 1959 3635 2013 gerere;

2047 2050 2104 2094 et
2133 2039 2229 2093 ubi
2259 2040 2386 2108 quis
2415 2039 2770 2109 jejunaverit,
2824 2039 3008 2094 dicere
3035 2057 3047 2094 :
3076 2038 3195 2093 Non
3225 2040 3509 2110 jejunavi:
3542 2040 3638 2093 ubi

2048 2140 2308 2200 precatus
2334 2131 2537 2187 fuerit:
2565 2131 2685 2185 Non
2722 2148 2839 2185 sum
2874 2142 3157 2201 precatus:
3182 2133 3276 2189 ubi
3313 2136 3367 2187 in
3392 2134 3640 2187 oratione

2048 2224 2512 2293 perseveraverit,
2546 2223 2665 2277 Non
2710 2226 3054 2289 perseveravi,
3108 2242 3245 2278 nunc
3290 2225 3461 2279 adhuc
3504 2227 3641 2278 inci-

2050 2317 2135 2385 pio
2164 2332 2244 2369 me
2269 2332 2510 2369 exercere
2564 2332 2626 2369 ac
2688 2315 2986 2369 elaborare.
3036 2317 3103 2371 Et
3156 2316 3287 2371 licet
3336 2318 3519 2387 justus
3570 2316 3642 2368 sit

2050 2408 2195 2477 apud
2220 2408 2415 2473 Deum,
2462 2406 2628 2461 debet
2657 2406 2879 2462 dicere:
2918 2407 3035 2461 Non
3071 2424 3189 2461 sum
3230 2409 3429 2477 justus,
3477 2426 3641 2473 neque

2052 2497 2255 2562 laboro,
2283 2500 2376 2551 sed
2398 2499 2592 2567 incipio
2651 2498 2902 2567 quotidie.
2957 2498 3229 2553 Caeterum
3264 2514 3364 2568 per
3396 2500 3641 2569 singulos

2052 2585 2171 2641 dies
2200 2586 2404 2640 habere
2430 2585 2597 2640 debet
2642 2600 2817 2654 spem,
2852 2585 3114 2655 gaudium
3174 2601 3239 2640 ac
3278 2584 3534 2639 ﬁduciam
3570 2585 3639 2637 de

2052 2675 2240 2729 futuro
2274 2690 2445 2744 regno
2484 2689 2548 2727 ac
2576 2672 2997 2742 redemptionis,
3026 2675 3249 2730 dicens:
3276 2674 3333 2729 Si
3364 2676 3515 2729 hodie
3535 2692 3639 2728 non

2052 2765 2307 2819 liberatus
2334 2782 2473 2829 sum,
2501 2782 2620 2819 cras
2644 2765 2926 2820 liberabor.
2953 2766 3428 2832 Quemadmodum
3463 2767 3638 2827 enim,

2049 2858 2141 2928 qui
2174 2858 2387 2927 plantat
2412 2858 2653 2923 vineam,
2690 2858 3011 2930 priusquam
3047 2859 3313 2928 suscipiat
3367 2859 3639 2923 laborem,

2049 2966 2203 3019 spem
2267 2950 2415 3005 fovet
2466 2950 2610 3020 apud
2669 2967 2728 3007 se
2777 2966 2853 3007 ac‘
2886 2952 3172 3023 gaudium,
3239 2952 3531 3006 adumbrat
3583 2953 3638 3005 in

2049 3048 2234 3097 mente
2304 3056 2402 3095 sua
2445 3042 2776 3107 vindemias,
2841 3052 3008 3113 atque
3068 3052 3330 3114 supputat
3407 3043 3639 3105 reditus,

2050 3133 2294 3189 nondum
2326 3143 2457 3188 nato
2508 3134 2676 3188 vino:
2705 3143 2761 3190 et
2789 3135 2892 3190 hac
2921 3136 3135 3191 ratione
3169 3136 3411 3190 laborem
3446 3151 3640 3205 aggre-

2052 3226 2224 3281 ditur.
2257 3224 2394 3295 Spes
2427 3226 2577 3280 enim
2609 3235 2774 3297 atque
2804 3228 3143 3298 exspectatio
3192 3228 3434 3282 reddunt
3482 3227 3639 3280 illum

2050 3318 2285 3372 alacrem
2321 3317 2388 3371 ad
2425 3317 2810 3383 laborandum,
2835 3327 2892 3373 et
2941 3327 3050 3373 tam
3098 3319 3191 3373 diu
3227 3336 3257 3375 e
3280 3335 3339 3374 re
3385 3319 3640 3372 familiari

2050 3424 2278 3479 magnos
2300 3408 2561 3478 expendit
2585 3420 2861 3478 sumptus.
2891 3409 3084 3463 Itidem
3128 3411 3222 3480 qui
3272 3410 3505 3464 :edificat
3538 3410 3639 3462 do-

2051 3508 2344 3564 mum,aut
2388 3509 2593 3553 terram
2629 3500 2852 3561 excolit,
2914 3501 3155 3569 primum
3206 3501 3274 3555 de
3320 3517 3419 3555 suo
3470 3502 3641 3557 multa

2049 3600 2259 3662 erogat,
2302 3599 2526 3660 propter
2582 3597 2907 3659 conceptam
2953 3606 3106 3659 spem
3159 3591 3331 3644 futuri
3386 3592 3637 3645 reditus:

2049 3684 2242 3739 eodem
2300 3682 2464 3736 modo
2514 3697 2600 3735 res
2659 3681 2749 3734 hic
2802 3696 2860 3735 se
2916 3682 3104 3745 habet,
3168 3682 3274 3736 nisi
3339 3680 3464 3751 quis
3528 3699 3641 3752 pne

2049 3775 2226 3829 oculis
2281 3773 2540 3826 habuerit
2600 3770 2859 3841 gaudium
2922 3787 2985 3826 ac
3059 3788 3256 3842 spem,
3316 3763 3637 3827 videlicet:

2051 3872 2435 3928 Consecuturus
2478 3884 2595 3922 sum
2646 3867 3057 3936 redemptionem
3094 3885 3157 3921 ac
3189 3869 3371 3930 vitam,
3400 3884 3507 3921 non
3545 3884 3641 3936 po—

2053 3963 2182 4017 terit
2246 3961 2521 4015 sustinere
2564 3957 2913 4022 aiIlictiones,
2965 3974 3147 4028 neque
3199 3974 3360 4025 onus,
3405 3975 3508 4013 nec
3538 3975 3640 4012 an-

2049 4064 2262 4123 gustam
2294 4052 2438 4109 viam
2492 4048 2795 4117 suscipere.
2845 4047 2982 4118 Spes
3033 4049 3181 4105 enim
3234 4065 3297 4105 ac
3354 4050 3638 4121 gaudium,

2051 4146 2096 4200 si
2146 4159 2273 4198 eum
2326 4141 2682 4204 comitentur,
2743 4139 2990 4194 eIIiciunt
3046 4150 3106 4196 ut
3139 4141 3255 4211 ipse
3308 4141 3544 4205 laboret,
3578 4158 3641 4195 ac

2050 4234 2291 4304 perferat
2344 4228 2727 4285 tribulationes
2778 4239 2943 4300 atque
3020 4247 3163 4286 onus
3225 4242 3281 4287 et
3357 4241 3641 4304 angustam

2050 4329 2194 4381 viam
2232 4328 2515 4399 suscipiat.

2118 4418 2234 4472 XII.
2267 4420 2742 4485 Quemadmodum
2770 4428 2954 4474 autem
3029 4416 3248 4472 nonnisi
3275 4433 3487 4472 summa
3515 4435 3641 4474 cum

359 4518 471 4573 άπὸ
497 4519 691 4591 πυρὸς,
724 4518 897 4581 οὕτως
924 4519 1043 4572 οὐδὲ
1072 4520 1251 4591 ψυχὴν
1281 4523 1346 4574 ἐκ
1380 4521 1475 4575 τοῦ
1516 4522 1689 4592 πυρὸς
1718 4522 1813 4575 τοῦ
1844 4521 1938 4575 θα-

2052 4508 2390 4578 diIIicultate,
2420 4514 2584 4567 torris
2603 4512 2797 4584 etl'ugit
2820 4512 3035 4582 ignem;
3063 4511 3142 4566 sic
3166 4527 3386 4582 quoque
3409 4528 3509 4566 nec
3530 4512 3643 4582 98

358 4613 523 4665 νάτου
547 4613 596 4663 εί
624 4613 697 4682 μὴ
727 4612 817 4665 διὰ
842 4611 1041 4665 πολλοῦ
1074 4613 1346 4683 καμάτου.
1384 4612 1475 4677 Ὦς
1496 4614 1588 4666 ἐπὶ
1609 4615 1670 4666 τὸ
1693 4614 1947 4668 πλεῖστον

357 4703 418 4756 δὲ
459 4704 487 4756 6
517 4703 783 4768 Σατανᾶς,
828 4704 905 4766 ὡς
952 4705 1042 4757 ἐπὶ
1084 4704 1359 4775 προφάσει
1390 4704 1613 4773 ἀγαθῶν
1646 4706 1943 4776 λογισμῶν,

358 4797 444 4849 ὅτι
470 4796 539 4849 ἐκ
569 4796 783 4850 τούτου
804 4795 1065 4850 δύνασαι
1087 4796 1493 4865 εὐαρεστῆσαι
1516 4797 1597 4863 τῷ
1623 4796 1768 4863 Θεῷ,
1811 4798 1945 4851 ὕπο-

357 4888 547 4940 6άλλει
596 4890 663 4959 τῇ
706 4888 879 4959 ψυχῇ,
922 4888 1016 4942 καὶ
1068 4889 1399 4942 ῦποκλέπτει
1434 4889 1604 4959 αὐτὴν
1649 4890 1729 4951 εἰς
1774 4890 1948 4941 λεπτὰ

357 4979 455 5033 καὶ
501 4979 844 5049 εὐλογοφανῆ
876 4981 1149 5051 νοήματα,
1181 4981 1275 5034 καὶ
1318 4981 1419 5034 οὐκ
1447 4977 1589 5034 οϊδεν
1612 4980 1949 5035 ὑποκλεπτο-

360 5070 499 5141 μένη
533 5070 829 5141 διακρῖναι,
862 5072 959 5124 καὶ
997 5072 1171 5134 οὕτως
1202 5072 1471 5143 ἐμπίπτει
1516 5075 1596 5136 είς
1624 5073 1828 5141 παγίδα
1852 5074 1946 5127 καὶ

357 5162 636 5215 ἀπώλειαν
695 5162 791 5215 τοῦ
844 5162 1114 5217 διαϐόλου.
1150 5160 1223 5216 Τὸ
1274 5163 1330 5216 δὲ
1388 5163 1753 5234 καιριώτατον
1780 5164 1946 5217 ὅπλον

356 5252 453 5305 τοῦ
488 5252 721 5324 ἀθλητοῦ
755 5254 851 5307 καὶ
878 5253 1203 5322 ἀγωνιστιῦ,
1232 5252 1389 5307 τοῦτό
1446 5255 1616 5319 ἐστιν,
1655 5254 1742 5307 ἵνα
1772 5255 1947 5307 είσελ-

359 5343 470 5397 Οὼν
496 5345 576 5408 εἰς
599 5343 698 5414 τὴν
728 5345 959 5415 καρδίαν
985 5345 1189 5416 ποιήσῃ
1213 5345 1447 5415 πόλεμον
1481 5345 1617 5414 πρὸς
1649 5345 1740 5398 τὸν
1769 5346 1946 5399 Σατα-

357 5436 478 5501 νᾶν,
510 5436 606 5489 καὶ
639 5437 848 5507 μισήσῃ
884 5434 1099 5500 ἐαυτὸν,
1150 5436 1244 5487 καὶ
1287 5435 1594 5505 ἀρνήσηται
1626 5433 1724 5505 τὴν
1767 5436 1945 5505 ψυχὴν

358 5526 550 5593 αὐτοῦ,
584 5527 813 5599 ὀργισθῇ
853 5543 913 5580 τε
942 5527 1036 5582 καὶ
1062 5526 1356 5598 ἐπιπλήξῃ,
1383 5528 1477 5579 καὶ
1498 5528 1616 5590 ταῖς
1651 5526 1941 5591 συνούσαις

358 5616 682 5689 ἐπιθυμίαις
713 5618 1065 5690 ἀντιτάξηται
1114 5620 1209 5673 καὶ
1256 5618 1620 5688 ἀντιπαλαισῃ
1654 5620 1768 5681 τοῖς
1798 5618 1943 5688 λογι-

364 5712 543 5779 σμοϊς,
572 5712 667 5766 καὶ
701 5711 944 5782 μαχεσθῇ
976 5711 1147 5781 αὐτῷ.

434 5802 530 5856 II".
567 5803 630 5857 Ei
657 5802 713 5856 δὲ
756 5805 837 5867 εἰς
866 5802 927 5856 τὸ
961 5804 1286 5873 φαινόμενον
1338 5805 1631 5875 φυλάσσεις
1676 5803 1739 5861 τὸ
1786 5803 1944 5874 σῶμά

2047 4604 2230 4658 anima
2267 4605 2450 4676 ignem
2484 4606 2703 4669 mortis,
2748 4605 2854 4659 nisi
2891 4619 3109 4659 summo
3132 4619 3256 4659 cum
3286 4604 3496 4659 labore.
3520 4604 3639 4659 Cac-

2050 4704 2227 4750 terum
2272 4711 2654 4765 saepenumero
2696 4695 2946 4760 Satanas,
3011 4697 3165 4749 velut
3213 4696 3316 4750 sub
3369 4704 3639 4765 praztextu

2048 4785 2323 4841 bonarum
2362 4787 2781 4857 cogitationum,
2829 4788 3062 4849 scilicet,
3118 4803 3182 4841 ea:
3202 4804 3261 4840 eo
3331 4795 3475 4857 potes
3521 4788 3639 4857 pla-

2046 4894 2161 4931 cere
2205 4878 2335 4945 Deo,
2376 4880 2619 4950 suggerit
2654 4879 2872 4942 animae,
2934 4894 2997 4932 ac
3043 4878 3231 4932 furtim
3259 4878 3487 4933 deducit
3516 4896 3635 4932 eam

2048 4971 2116 5025 ad
2155 4973 2321 5037 levia,
2348 4982 2513 5042 atque
2547 4972 2601 5026 in
2643 4972 2884 5042 speciem
2929 4970 3236 5041 probabilia
3277 4972 3545 5027 consilia:
3581 4980 3639 5025 et

2048 5062 2141 5117 illa
2164 5065 2305 5119 clam
2343 5065 2581 5121 deducta
2628 5065 2805 5120 nescit
2850 5064 3193 5122 discernere.
3240 5075 3406 5134 atque
3439 5065 3517 5119 sic
3550 5066 3638 5118 in-

2047 5156 2181 5211 cidit
2199 5157 2251 5211 in
2275 5158 2530 5227 laqueum
2557 5166 2612 5211 et
2630 5157 2859 5212 exitium
2884 5156 3111 5211 diaboli.
3131 5157 3409 5227 Praecipua
3430 5175 3562 5213 vero
3584 5167 3641 5212 et

2046 5249 2285 5303 maxime
2341 5258 2651 5318 opportuna
2712 5249 2937 5307 athletae
2976 5257 3033 5303 et
3084 5250 3426 5305 decertantis
3486 5266 3638 5305 arma

2046 5352 2178 5397 sunt
2210 5343 2348 5407 hare,
2377 5351 2437 5396 ut
2468 5359 2534 5397 ex
2573 5342 2783 5396 intimis
2810 5343 3190 5413 penetralibus
3220 5344 3406 5398 cordis
3432 5344 3637 5397 bellum

2044 5443 2203 5504 gerat
2264 5434 2530 5488 adversus
2581 5433 2862 5499 Satanam,
2951 5434 3081 5490 odio
3155 5444 3523 5505 prosequatur
3578 5452 3637 5490 se

2047 5526 2248 5597 ipsum,
2282 5526 2516 5597 abneget
2560 5526 2798 5580 animam
2851 5542 3038 5592 suam,
3072 5527 3344 5581 irascatur
3384 5527 3435 5581 ei
3472 5535 3637 5595 atque

2047 5617 2417 5689 reprehendat
2468 5634 2611 5683 eam,
2655 5618 2835 5674 insitis
2889 5619 3286 5689 cupiditatibus
3338 5616 3634 5682 renitatur,

2049 5712 2352 5766 reluctetur
2382 5712 2828 5780 cogitationibus,
2856 5724 3019 5780 atque
3053 5721 3259 5783 pugnet
3281 5727 3498 5767 secum.

2120 5803 2260 5860 XIII.
2297 5803 2453 5871 Quod
2486 5804 2537 5859 si
2569 5804 2811 5860 exterius
2842 5803 3123 5860 custodias
3172 5818 3376 5873 corpus
3408 5811 3560 5859 tuum
3602 5818 3633 5857 a
