3966 6482
361 339 467 403 683

1605 331 1664 390 S.
1704 331 2025 391 MACARII
2063 331 2386 392 {EGYPTII

3530 320 3631 386 684

361 442 720 513 corruptione
753 447 811 495 et
843 424 1068 509 stupro;
1099 435 1250 492 intus
1273 443 1458 490 autem
1493 435 1826 491 adulterium
1860 445 1955 491 aut

2076 457 2152 492 που
2180 440 2289 493 ἀπὸ
2319 440 2529 509 φθορᾶς
2554 438 2648 492 καὶ
2683 437 2963 509 πορνείας’
2995 435 3197 491 ἔσωθεν
3218 435 3273 489 δὲ
3309 401 3633 507 ἔμοίχευσας

361 548 617 607 stuprum
651 533 967 588 committas
999 531 1056 585 in
1096 528 1524 600 cogitationibus
1573 528 1706 593 tuis,
1733 528 1951 583 adulter

2076 530 2148 583 :al.
2186 530 2527 600 ὲπόρνευσας
2556 530 2614 581 ὲν
2643 530 2757 591 τοῖς
2785 529 3069 599 λογισμοῖς
3106 544 3222 591 σου,
3261 526 3538 597 μοιχεύεις
3561 528 3634 600 τῷ

362 645 424 685 es
479 628 625 698 apud
666 627 863 691 Deum,
895 639 998 679 nec
1030 622 1261 692 prodest
1303 621 1404 675 tibi
1433 620 1758 691 quidquam,
1802 620 1950 690 quod

2076 620 2192 691 ὺεῷ,
2234 621 2329 675 καὶ
2364 621 2517 675 οὐδὲν
2558 620 2850 691 ὠφέλησας
2878 620 2939 673 τὸ
2979 620 3140 689 σῶμα
3178 619 3313 689 ἔχων
3348 618 3633 691 παρθένον.

363 738 569 793 corpus
619 720 826 774 habeas
881 717 1212 786 virgineum.
1269 712 1741 778 Quemadmodum
1784 711 1830 767 si
1882 713 1954 766 sit

2054 713 2270 784 ’Ὠσπερ
2296 714 2389 766 ἐὰν
2506 714 2688 775 νεᾶνις
2718 713 2812 765 καὶ
2839 710 3144 775 νεανίσκος,
3179 711 3272 765 καὶ
3314 710 3457 779 δόλῳ
3495 711 3640 765 κολα-

362 810 777 866 adolescentula
821 822 885 861 ac
937 806 1190 876 juvenis,
1238 803 1333 872 qui
1381 802 1749 858 fraudulentis
1791 803 1950 857 istam

2076 804 2255 867 ιεύσας
2294 805 2465 874 αὐτὴν
2498 802 2717 876 φθείρῃ,
2745 802 2929 855 λοιπὸν
2961 801 3218 872 βδελυκτή
3250 803 3368 855 ἐστι
3400 801 3482 870 τῷ
3512 820 3640 871 νυμο

363 899 663 953 verborum
698 896 974 950 illecebris
1016 894 1255 947 illectam
1293 901 1642 961 corrumpat;
1676 893 1764 946 illa
1799 901 1950 962 post-

364 989 590 1043 modum
634 984 991 1040 exsecrabilis
1041 982 1100 1037 ﬁt
1144 996 1378 1051 sponso,
1420 996 1486 1035 eo
1530 981 1677 1051 quod
1734 982 1952 1037 adulte-

366 1082 511 1136 rium
569 1078 957 1134 commiserit:
993 1076 1074 1130 sic
1115 1089 1335 1144 quoque
1382 1074 1563 1128 anima
1606 1075 1950 1144 incorporea,

368 1174 414 1229 si
459 1173 777 1229 societatem
819 1186 946 1225 cum
983 1176 1239 1238 serpente
1279 1168 1333 1221 in
1389 1166 1753 1221 interioribus
1783 1166 1954 1220 animi

368 1262 681 1317 recessibus
737 1259 944 1321 abdito,
1003 1256 1202 1327 Spiritu
1241 1255 1503 1308 nimirum
1542 1270 1733 1323 pravo,
1785 1255 1950 1319 ineat,

368 1354 717 1409 adulteratur
784 1357 911 1404 ante
976 1349 1173 1404 Deum.
1236 1346 1428 1415 Itaque
1497 1347 1763 1415 scriptum
1822 1354 1951 1401 est:

370 1444 550 1499 Omnis
576 1445 664 1513 qui
692 1442 877 1496 viderit
912 1439 1208 1504 mulierem,
1232 1439 1301 1491 ad
1330 1439 1797 1509 concupiscendum
1812 1456 1951 1505 eam,

360 1533 482 1606 jam
531 1536 815 1588 moechatus
867 1534 1019 1586 estin
1048 1531 1201 1584 corde
1247 1546 1341 1585 suo
1372 1531 1439 1584 ".
1484 1530 1581 1585 Est
1638 1531 1787 1585 enim
1833 1541 1955 1586 stu-

368 1643 530 1697 prum
565 1626 711 1695 quod
754 1638 989 1695 corpore
1044 1622 1371 1692 perﬁcitur:
1424 1632 1511 1677 est
1556 1638 1778 1692 quoque
1834 1632 1956 1678 stu-

2060 897 2189 966 φίῳ,
2217 898 2299 950 ὃτι
2334 896 2653 966 ἐμοιχεύθη·
2685 895 2828 947 οὕτω
2867 894 2963 948 καὶ
2992 896 3025 962 ἡ
3057 895 3347 965 ἀσώματος
3390 894 3540 964 ψυχὴ
3570 894 3644 964 τῷ

2060 989 2445 1059 ὲνδομυχοῦντι
2471 989 2594 1056 ῦφει
2623 986 2955 1042 κοινωνοῦσα
2985 985 3064 1057 τῷ
3093 987 3314 1056 πονηρῷ
3349 986 3641 1056 πνεύματι,

2061 1080 2316 1150 πορνεύει
2346 1079 2456 1132 ἀπὸ
2493 1078 2651 1132 Θεοῦ·
2679 1080 2774 1133 καὶ
2808 1079 3143 1149 γέγραπται,
3195 1076 3319 1143 Πᾶς
3345 1080 3380 1131 d
3398 1077 3647 1141 ,βλέπων

2060 1170 2319 1239 γυναῖκα
2334 1170 2485 1239 πρὸς
2505 1170 2571 1224 τὸ
2586 1168 3097 1239 ἐπιθυμῆσαι,ἥδη
3115 1169 3478 1237 ἐμοίχευσεν
3493 1167 3561 1219 ἐν
3577 1184 3646 1234 τῃ

2060 1264 2273 1332 καρδίᾳ
2289 1263 2499 1320 αὑτοῦ.
2532 1264 2688 1319 Ἔστι
2710 1262 2819 1333 γὰρ
2836 1262 3061 1332 πορνεία
3080 1260 3168 1314 διὰ
3190 1260 3449 1330 σώματος
3465 1259 3649 1312 τελου-

2064 1354 2323 1424 μένη,καὶ
2342 1353 2455 1407 ἔστι
2472 1352 2701 1417 πορνεία
2717 1352 2890 1422 ψυχῆς
2906 1350 3267 1418 κοινωνούσης
3282 1350 3360 1419 τῷ
3378 1349 3649 1419 Σατανᾷ³θ

2060 1445 2199 1513 αὑτὴ
2214 1447 2323 1515 γὰρ
2343 1445 2490 1516 ψυχὴ
2512 1446 2801 1513 κοινωνικὴ
2828 1446 2941 1496 ἐστι
2968 1443 3061 1496 καὶ
3081 1441 3331 1512 ἁδελφὴῆ
3356 1439 3648 1509 δαιμόνων,

2058 1534 2093 1604 ἢ
2125 1534 2271 1603 ΘεοῦΙ
2293 1535 2386 1587 καὶ
2416 1534 2667 1603 ἀγγέλων
2695 1551 2709 1564 ο
2754 1535 2846 1587 καὶ
2904 1532 3091 1585 λοιπὸν
3144 1531 3480 1602 μοιχεύουσα
3520 1530 3653 1601 μετὰ

2058 1622 2153 1676 τοῦ
2177 1623 2445 1691 διαϐόλου,
2470 1623 2742 1694 ἄχρηστός
2788 1626 2905 1676 ἐστι
2936 1623 3017 1694 τῷ
3051 1620 3364 1693 ἐπουρανίῳ
3397 1620 3652 1690 Νυμφίῳ.

371 1737 531 1789 prum
557 1721 753 1775 anima:
776 1734 901 1773 cum
933 1718 1132 1772 Satana
1156 1715 1550 1785 participantis.
1585 1715 1790 1770 Eadem
1844 1716 1993 1770 enim
2032 1716 2215 1771 anima
2246 1718 2396 1772 socia
2454 1725 2541 1772 est
2606 1726 2665 1772 et
2722 1732 2879 1773 soror
2908 1726 3004 1771 aut
3058 1716 3395 1782 daemonum,
3427 1724 3524 1771 aut
3565 1714 3654 1770 Dei

373 1825 430 1871 et
451 1816 773 1886 angelorum
801 1828 959 1883 ;qu:e
978 1827 1109 1867 vero
1149 1810 1482 1865 adulterium
1510 1811 1806 1865 committit
1834 1826 1959 1865 cum
1998 1810 2218 1875 Satana,
2254 1813 2440 1867 minus
2469 1811 2758 1867 commoda
2785 1820 2872 1866 est
2899 1810 3109 1866 caelesti
3145 1810 3383 1880 Sponso.

442 1906 583 1960 XIV.
636 1904 1021 1973 Interrogatio.
1088 1903 1273 1958 Utrum
1323 1904 1537 1972 quiescit
1568 1902 1835 1955 interdum
1866 1901 1966 1956 Sa-

2150 1903 2250 1959 IA'.
2274 1905 2618 1972 Ἐρώτησις.
2642 1907 2711 1958 El
2732 1902 3017 1972 ἡσυχάζει
3040 1901 3228 1956 ποτὲό
3243 1898 3544 1964 Σατανᾶς,
3565 1900 3655 1953 καί

379 2007 557 2063 tanas,
588 2004 636 2049 et
671 1998 824 2050 homo
878 1995 1134 2049 liberatur
1167 2012 1200 2047 a
1232 1994 1388 2060 bello,
1425 2002 1518 2049 aut
1552 1994 1789 2065 quandiu
1821 1996 1963 2059 vivit,

380 2085 517 2139 bello
565 2086 853 2154 infestatur
880 2084 905 2137 ?

476 2178 782 2249 Responsio.
856 2177 1087 2233 Satanas
1148 2191 1430 2247 nunquam
1497 2184 1675 2231 cessat
1741 2193 1771 2231 a
1822 2177 1967 2232 bello

379 2269 658 2341 gerendo;
707 2269 951 2338 quandiu
1006 2267 1145 2323 vivit
1191 2268 1389 2338 aliquis
1420 2267 1476 2321 in
1515 2268 1621 2321 hoc
1651 2268 1872 2331 saeculo,
1903 2283 1967 2323 ac

380 2361 627 2431 quandiu
664 2376 887 2415 carnem
916 2369 1093 2431 gestat
1130 2402 1143 2423 ,
1197 2361 1344 2416 bello
1393 2360 1704 2415 lacessitur.
1760 2361 1963 2416 Verum

380 2454 475 2508 ubi
502 2455 610 2508 tela
643 2454 967 2523 nequissimi
1020 2453 1188 2524 ignita
1211 2452 1417 2507 fuerint
1448 2452 1738 2518 exstincta,
1759 2452 1813 2505 in
1854 2468 1965 2522 quo

379 2546 612 2615 posthac
647 2545 763 2599 illic
814 2545 1015 2599 laedere
1062 2544 1234 2613 possit
1264 2544 1566 2608 hominem,
1596 2545 1725 2597 licet
1752 2544 1967 2598 venerit

381 2635 613 2690 Satanas
645 2635 700 2690 in
729 2634 1051 2706 judicium?
1082 2635 1178 2689 Est
1208 2633 1408 2704 aliquis
1462 2633 1672 2689 amicus
1716 2634 1881 2703 regis,
1909 2640 1965 2687 et

379 2726 549 2781 habet
612 2726 1045 2781 controversiam
1093 2741 1218 2779 cum
1274 2725 1635 2791 adversario;
1680 2741 1805 2780 cum
1832 2739 1965 2795 ergo

380 2832 566 2888 regem
620 2818 821 2871 habeat
879 2818 986 2873 sibi
1030 2817 1330 2887 propitium
1377 2826 1434 2871 et
1482 2817 1819 2886 benignum,
1868 2813 1964 2883 qui

381 2908 663 2977 suppetias
689 2908 829 2962 ferat
865 2908 966 2972 illi,
1020 2909 1334 2961 nullatenus
1372 2907 1623 2961 ltedetur.
1684 2906 1787 2961 Ubi
1816 2906 1965 2959 enim

383 3001 529 3070 quis,
561 3016 755 3055 omnes
779 3000 1004 3055 ordines
1033 3015 1097 3054 ac
1149 2999 1353 3070 gradus
1383 3005 1780 3068 transgressus,
1821 2999 1966 3069 regis

383 3091 599 3147 amicus
626 3093 886 3155 evaserit,
913 3091 1005 3145 hic
1050 3090 1279 3161 posthac
1312 3105 1343 3143 a
1374 3104 1612 3157 quonam
1646 3096 1742 3142 aut
1771 3104 1877 3158 qua
1908 3089 1965 3142 in

384 3198 446 3237 re
480 3182 836 3236 offendetur?
864 3182 922 3235 In
954 3182 1120 3235 rebus
1154 3180 1488 3249 conspicuis,
1534 3189 1663 3234 sunt
1691 3181 1961 3244 civitates,

2068 1995 2487 2063 ἐλευθεροῦται
2520 1998 2554 2050 ὀ
2588 1994 2901 2063 ἄνθρωπος
2924 1996 2993 2048 ἐκ
3015 1992 3123 2048 τοῦ
3158 1993 3456 2062 πολέμου,
3492 1991 3529 2060 ἢ
3553 1990 3656 2057 ἓως

2068 2088 2167 2142 ὅτε
2198 2087 2297 2156 ζῇ,
2333 2087 2461 2157 ἔχει
2508 2090 2806 2155 «diutor;

2151 2181 2515 2247 Ἀπόκρισις.
2551 2179 2610 2233 '0
2633 2180 2876 2243 Σατανᾶς
2913 2176 3169 2232 οὐδέποτε
3202 2173 3477 2246 ἡσυχάζει
3510 2173 3654 2228 πολε-

2071 2273 2224 2344 μῶν;
2271 2273 2375 2337 ἕως
2425 2274 2492 2326 ἂν
2545 2273 2611 2344 ζῇ
2670 2289 2755 2335 τις
2801 2274 2894 2326 τὸν
2942 2271 3337 2336 αίῶνατοῦτον,
3372 2272 3469 2325 καὶ
3506 2269 3655 2340 φορεί

2070 2365 2271 2433 σάρκα,
2296 2364 2641 2434 πολεμεῖται.
2684 2364 2822 2417 Ἀλλ’
2853 2365 2984 2417 ὅταν
3013 2364 3082 2416 τὰ
3118 2363 3249 2433 βέλη
3278 2362 3378 2416 τοῦ
3418 2359 3650 2431 πονηροῦ

2069 2453 2138 2505 τὰ
2188 2454 2563 2522 πεπυρωμένα
2592 2452 2821 2525 σϐεσθῇ.
2852 2453 3041 2505 λοιπὸν
3072 2454 3188 2505 ἐκεῖ
3221 2452 3274 2503 τί
3313 2452 3545 2521 βλάπτει
3566 2448 3651 2501 τὸν

2066 2544 2375 2613 ἄνθρωπον,
2418 2545 2467 2595 εί
2523 2544 2617 2597 καὶ
2670 2544 2888 2614 ἔρχεται
2943 2547 2971 2598 ὀ
3002 2546 3247 2603 Σατανᾶς
3287 2543 3428 2614 πρὸς
3468 2544 3647 2609 λόγως

2071 2636 2228 2687 Ἐστι
2260 2651 2342 2697 τις
2375 2635 2527 2704 φίλος
2558 2635 2842 2705 βασιλέως,
2875 2636 2967 2689 καὶ
2998 2636 3110 2706 ἔχει
3142 2636 3298 2705 δίκην
3342 2635 3481 2706 πρὸς
3514 2633 3650 2686 ἀντία

2066 2726 2239 2780 δικον·
2266 2728 2396 2780 ὅταν
2448 2723 2543 2781 οὖν
2575 2729 2667 2782 τὸν
2696 2729 2923 2799 βασιλέα
2952 2728 3050 2800 ἔχῃ
3074 2729 3356 2800 ὲπιῤῥεπῆ
3382 2729 3480 2781 καὶ
3505 2726 3647 2795 φίλον

2066 2816 2253 2884 αὑτοῦ,
2298 2818 2447 2881 ὅστις
2503 2818 2691 2889 βοηθεῖ
2742 2818 2910 2889 αὐτῷ,
2942 2820 3094 2873 οὐδὲν
3132 2819 3456 2889 βλάπτεται.
3494 2818 3651 2871 Ὅταν

2068 2910 2178 2980 γάρ
2215 2928 2297 2974 τις
2326 2911 2511 2983 φθάσῃ
2544 2912 2675 2974 ὅλας
2711 2911 2810 2975 τὰς
2843 2910 3027 2976 τάξεις
3063 2911 3358 2983 παρελθεῖν
3404 2910 3499 2964 καὶ
3529 2907 3648 2967 τοὺς

2070 3002 2337 3073 βαθμοὺς,
2369 3007 2465 3058 καὶ
2494 3005 2750 3073 γενέσθαι
2786 3004 2939 3073 φίλος
2974 3005 3258 3075 βασιλέως,
3288 2997 3451 3066 οὗτος
3475 2998 3648 3054 λοιπὸν

2067 3096 2119 3149 τί
2144 3097 2443 3167 βλάπτεται
2469 3098 2573 3151 ὑπό
2593 3115 2772 3165 τινος;
2798 3100 2877 3160 είς
2899 3097 2958 3150 τὺ
2982 3100 3306 3167 φαινόμενον
3330 3097 3445 3150 είσὶ
3477 3094 3649 3153 πόλεις

2071 3187 2454 3257 λαμϐάνουσαι
2480 3189 2630 3260 δῶρα
2669 3190 2764 3242 καὶ
2793 3189 3021 3252 ἀννόνας
3050 3188 3203 3257 παρὰ
3238 3188 3335 3241 τοῦ
3369 3185 3643 3257 βασιλέως.

385 3290 509 3342 qua:
548 3273 691 3327 dona
719 3283 773 3327 et
791 3288 1036 3328 annonas
1066 3272 1373 3342 accipiunt;
1409 3272 1453 3326 si
1481 3288 1610 3342 ergo
1655 3273 1710 3326 in
1741 3286 1966 3326 munere

2076 3249 2265 3333 Εί-οῦν
2295 3280 2475 3348 ὀλίγον
2524 3249 2576 3334 τί
2629 3249 3061 3351 λειτουργοῦσιν,
3106 3249 3259 3334 οῦδὲν
3310 3249 3645 3350 ζημιοῦνται,

385 3363 646 3418 obeundo
705 3364 1065 3433 pauxillulum
1114 3369 1364 3431 erogent,
1436 3361 1640 3414 nullam
1699 3363 1970 3431 jacturam

385 3451 619 3513 faciunt,
643 3468 766 3505 cum
800 3460 947 3505 tanta
982 3452 1261 3520 accipiant
1314 3466 1377 3504 ac
1405 3450 1706 3519 suscipiant
1755 3465 1785 3503 a
1820 3464 1968 3519 rege.

387 3540 482 3597 Sic
525 3558 747 3611 quoque
801 3542 1138 3606 Christiani,
1194 3542 1325 3597 licet
1383 3539 1529 3594 bello
1585 3550 1846 3610 petantur
1901 3540 1970 3595 ab

384 3636 566 3695 hoste,
600 3634 887 3687 divertunt
923 3641 1102 3687 tamen
1158 3634 1262 3703 ipsi
1306 3634 1373 3688 ad
1406 3634 1776 3697 divinitatem,
1806 3640 1972 3703 atque

386 3724 627 3779 induunt
660 3725 922 3779 virtutem
971 3740 1035 3778 ac
1081 3726 1329 3794 requiem
1374 3742 1442 3780 ex
1493 3727 1625 3790 alto,
1682 3741 1785 3779 nec
1845 3733 1973 3781 sunt

386 3818 687 3888 quidquam
713 3815 938 3871 solliciti
968 3814 1036 3869 de
1074 3816 1241 3871 bello.

455 3909 572 3965 XV.
599 3907 1071 3975 Quemadmodum
1092 3909 1236 3963 enim
1266 3908 1529 3962 Dominus
1551 3906 1731 3962 induit
1748 3923 1970 3977 corpus,

386 4001 709 4070 relinquens
772 4016 993 4055 omnem
1025 4000 1428 4069 Sprincipatnm
1489 4016 1554 4054 ac
1611 4008 1970 4069 potestatem,

388 4092 585 4147 eodem
615 4107 835 4162 quoque
867 4090 1033 4145 modo
1074 4088 1377 4144 Christiani
1425 4090 1733 4143 induuntur
1764 4090 1972 4159 Spiritu

387 4193 601 4247 sancto,
633 4191 689 4236 et
724 4182 916 4252 requie
967 4181 1252 4235 fruuntur.
1299 4181 1456 4246 Quod
1513 4181 1556 4235 si
1590 4196 1807 4251 quoque
1855 4181 1973 4235 bel-

388 4277 501 4330 lum
549 4276 793 4329 exterius
845 4275 1085 4344 ingruat,
1131 4273 1261 4327 ferit
1309 4273 1559 4337 Satanas,
1622 4288 1815 4326 verum
1870 4273 1972 4342 ipsi

390 4370 627 4423 interius
646 4368 849 4422 virtute
882 4366 1096 4420 Domini
1120 4365 1318 4420 muniti
1349 4374 1496 4430 sunt,
1533 4381 1635 4419 nec
1666 4366 1739 4419 de‘
1773 4365 1973 4419 Satana

392 4468 522 4516 sunt
561 4460 803 4515 solliciti.
830 4459 987 4514 Sicut
1018 4459 1106 4513 ille
1139 4459 1195 4512 in
1238 4458 1458 4513 deserto
1499 4459 1731 4513 tentavit
1783 4457 1971 4512 Domi-

2074 3372 2237 3425 ὁπότε
2261 3370 2502 3425 τοσαῦτα
2528 3372 2844 3440 πορίζονται
2868 3373 2962 3427 καὶ
2984 3372 3232 3442 δέχονται
3261 3369 3528 3443 παρὰγτοῦ
3559 3367 3647 3437 βα·

2078 3462 2294 3526 σιλέως.
2323 3462 2509 3526 Οὕτως
2545 3463 2642 3516 καὶ
2677 3465 2725 3515 οἱ
2756 3464 3097 3533 Χριστιανοὶ,
3138 3466 3188 3516 εί
3227 3464 3321 3517 καὶ
3353 3442 3646 3531 πολεμοῦν-

2076 3570 2168 3605 ται
2207 3553 2363 3623 παρὰ
2396 3552 2491 3606 τοῦ
2525 3554 2745 3623 ἐχθροῦ,
2779 3554 2892 3608 ἀλλ’
2928 3556 3081 3607 αὐτοὶ
3113 3554 3423 3608 κατέλυσαν
3454 3554 3533 3615 είς
3558 3550 3648 3617 τὴν

2079 3641 2331 3711 θεότητα,
2386 3642 2480 3695 καὶ
2516 3642 2834 3697 ὲνεδύσοιντο
2872 3644 2972 3714 τὴν
3008 3645 3067 3711 ἐξ
3098 3644 3267 3713 ῦψους
3296 3645 3531 3714 δύναμιν
3561 3641 3645 3693 καὶ

2075 3735 2408 3798 ἀνάπαυσιν,
2451 3737 2546 3788 καὶ
2569 3736 2721 3788 οὐδὲν
2757 3736 3101 3807 φροντίζουσι
3130 3735 3225 3789 τοῦ
3254 3736 3516 3806 πολέμου.

2153 3913 2252 3965 ΙΕ’.
2285 3913 2501 3982 Ὥσπερ
2549 3911 2658 3982 γὰρ
2714 3912 2742 3964 ό
2784 3909 2989 3981 Κύριος
3027 3910 3316 3964 ἐνεδύσατο
3367 3911 3433 3965 τὸ
3477 3908 3642 3975 σῶμα.

2078 4004 2398 4057 καταλιπὼν
2450 4005 2630 4057 πᾶσαν
2661 4004 2836 4073 ἀρχὴν
2880 4004 2974 4056 καὶ
3008 4003 3280 4067 ἐξουσίαν,
3312 4002 3461 4056 οὕτω
3486 4000 3574 4053 καὶ
3598 3997 3641 4048 oi

2075 4095 2395 4168 Χριστιανοὶ
2448 4095 2722 4148 ἐνδύονται
2782 4095 2843 4147 τὸ
2893 4095 3118 4165 Πνεῦμα
3166 4095 3227 4148 τὸ
3258 4094 3437 4163 ἆγιον,
3470 4092 3556 4145 καὶ
3598 4090 3648 4140 ὲν

2076 4186 2381 4240 ἀναπαύσει
2413 4185 2571 4242 εἰσίν.
2603 4184 2666 4237 Ei
2692 4185 2749 4237 δὲ
2785 4186 2880 4238 καὶ
2911 4185 3129 4254 ἔρχεται
3173 4186 3413 4255 πόλεμος
3442 4180 3643 4249 ἔξωθεν.

2078 4278 2266 4348 κρούει
2312 4279 2340 4330 ὁ
2378 4279 2645 4340 Σατανᾶς,
2680 4278 2793 4330 ἀλλ’
2832 4278 2985 4329 αὐτοὶ
3029 4277 3235 4330 ἔσωθεν
3265 4272 3647 4347 ἠσφαλισμένοι

2076 4369 2184 4421 είσὶ
2225 4371 2291 4439 τῇ
2330 4368 2424 4420 τοῦ
2458 4368 2664 4439 Κυρίου
2698 4368 2949 4437 δυνάμει,
2975 4369 3070 4421 καὶ
3101 4368 3163 4420 οὐ
3198 4368 3541 4438 φροντίζουσι
3562 4359 3644 4412 τοῦ

2078 4460 2311 4512 Σατανᾶ·
2347 4458 2530 4520 καθὼς
2555 4459 2760 4521 ἐκεῖνος
2806 4460 2886 4521 εἰς
2925 4459 3021 4527 τὴν
3054 4457 3260 4528 ἔρημον
3290 4458 3542 4528 ἐπείρασε
3568 4450 3644 4501 τὸν

390 4567 523 4606 num
556 4549 921 4621 quadraginta
963 4549 1103 4616 dies,
1135 4549 1268 4620 quid
1297 4548 1614 4629 illinocuit,
1653 4548 1796 4618 quod
1816 4560 1966 4602 exte-

2079 4553 2283 4621 Κύριον
2325 4551 2537 4622 ἡμέρας
2596 4551 3040 4621 τεσσαράκοντα,
3088 4551 3141 4602 τί
3194 4551 3354 4605 αὑτὸν
3412 4544 3641 4611 ἔϐλαψεν,

389 4646 508 4698 rius
562 4658 853 4714 aggressus
888 4651 974 4697 est
1054 4656 1257 4711 corpus
1305 4626 1452 4694 illius
1478 4640 1566 4693 '3?
1620 4640 1775 4694 Intus
1826 4640 1975 4695 enim

388 4737 536 4792 Deus
564 4744 704 4790 erat.
752 4735 843 4790 Sic
893 4750 1115 4805 quoque
1169 4733 1491 4798 Christiani,
1556 4733 1685 4789 licet
1734 4735 1977 4789 exterius

396 4836 703 4893 tententur,
783 4828 1019 4883 interius
1094 4826 1205 4897 99
1274 4826 1639 4880 nihilominus
1688 4826 1977 4881 divinitate

394 4919 585 4974 referti
624 4928 771 4984 sunt,
810 4935 915 4975 nec
944 4920 1056 4973 ullo
1083 4919 1285 4973 damno
1319 4920 1589 4990 injuriave
1640 4917 1974 4973 afﬁciuntur.

392 5010 502 5066 llos
530 5011 732 5081 gradus
761 5020 946 5065 autem
991 5010 1037 5065 si
1094 5010 1220 5080 quis
1254 5018 1588 5066 consecutus
1628 5018 1731 5075 est,
1778 5010 1871 5064 ille
1906 5010 1974 5064 ad

391 5103 691 5173 perfectam
749 5105 1100 5158 dilectionem
1150 5102 1393 5168 Christi,
1448 5112 1504 5158 et
1570 5103 1974 5172 plenitudinem

391 5194 736 5259 divinitatis,
788 5194 1057 5263 pervenit.
1111 5195 1181 5248 At
1234 5194 1327 5263 qui
1380 5209 1489 5247 non
1530 5201 1615 5247 est
1664 5193 1974 5260 ejusmodi,

394 5285 579 5340 adhuc
632 5286 866 5340 interius
922 5285 1129 5339 bellum
1212 5285 1482 5340 sustinet:
1543 5284 1679 5339 liora
1739 5283 1975 5354 quadam

396 5378 706 5431 delectatur
741 5377 1012 5441 oratione,
1039 5377 1145 5430 alia
1174 5393 1305 5431 vero
1338 5377 1468 5431 hora
1508 5377 1563 5430 in
1591 5377 1885 5432 alliictione
1915 5392 1980 5431 ac

395 5468 644 5537 periculo
685 5468 975 5531 consistit;
1014 5468 1089 5521 ita
1120 5468 1266 5521 enim
1318 5468 1438 5522 vult
1488 5468 1792 5535 Dominus;
1855 5483 1979 5521 cum

399 5558 545 5614 enim
577 5560 757 5614 adhuc
788 5560 860 5614 sit
899 5559 1099 5623 infans,
1128 5568 1347 5615 exercet
1394 5561 1547 5615 illum
1588 5561 1654 5615 ad
1707 5561 1977 5630 praelium,

470 5742 513 5775 ⁸⁷
536 5741 725 5798 Matth.
759 5759 813 5807 v,
844 5744 934 5798 28.
1011 5743 1055 5773 ⁸⁸
1080 5741 1270 5799 Matth.
1302 5758 1375 5809 η’,
1418 5741 1450 5795 ‘2
1480 5758 1595 5811 seq.

2081 4647 2162 4698 ὃτι
2206 4645 2405 4709 ἔξωθεν
2464 4643 2737 4712 προσῆλθε
2779 4642 2857 4712 τῷ
2914 4642 3128 4711 σώματι
3160 4641 3365 4707 aurai};
3426 4633 3645 4692 Ἐσωθεν

2081 4736 2188 4808 γὰρ
2227 4736 2356 4799 Θεὸς
2387 4732 2474 4807 ἦν.
2502 4735 2656 4788 Οὕτω
2687 4735 2783 4788 καὶ
2812 4737 2860 4787 οἱ
2893 4735 3236 4805 Χριστιανοὶ,
3270 4736 3317 4786 εί
3345 4734 3439 4788 καὶ
3466 4726 3655 4793 ἔξωθεν.

2086 4827 2465 4898 πειράζονται,
2521 4825 2633 4879 ἀλλ’
2679 4826 2883 4877 ἔσωθεν
2938 4824 3361 4894 πεπληρωμένοι
3413 4820 3514 4875 εἰσὶ
3555 4815 3641 4882 τῆς

2082 4920 2359 4991 θεότητος,
2390 4919 2485 4972 καὶ
2515 4920 2667 4972 οὐδὲν
2694 4915 3028 4971 ἀδικοῦνται.
3060 4919 3153 4981 Εἰς
3176 4915 3351 4969 ταῦτα
3380 4911 3528 4968 δὲτὰ
3556 4905 3641 4976 μέ·

2083 5030 2188 5084 τρα
2241 5014 2293 5065 εἴ
2334 5030 2417 5074 τις
2456 5012 2713 5081 ἔφθασεν,
2750 5015 2831 5076 είς
2884 5012 2983 5083 τὴν
3033 5011 3244 5064 τελείαν
3286 5011 3502 5078 ἀγάπην
3558 4994 3638 5051 τοῦ

2084 5100 2347 5173 Χριστοῦ,
2382 5102 2476 5153 καὶ
2509 5103 2589 5163 είς
2615 5100 2674 5152 τὸ
2724 5101 3000 5171 πλήρωμα
3042 5101 3141 5169 τῆς
3172 5100 3423 5170 θεότητος
3462 5087 3642 5155 πτήν’

2084 5212 2269 5266 τησεν.
2315 5194 2372 5248 '0
2403 5194 2460 5247 δὲ
2496 5192 2571 5264 μὴ
2610 5192 2873 5259 τοιοῦτος,
2904 5194 3087 5263 ἀκμὴν
3117 5192 3319 5245 ἔσωθεν
3362 5190 3469 5259 ἔχει
3498 5179 3636 5235 πόλει

2090 5302 2207 5357 μον·
2250 5286 2369 5357 ὥρᾳ
2400 5285 2739 5339 ἀναπαύεται
2776 5287 2852 5349 εἰς
2890 5285 2987 5354 τὴν
3037 5285 3221 5355 εὐχὴν,
3258 5285 3350 5336 καὶ
3382 5281 3506 5348 ἄλλῃ
3535 5271 3637 5340 ὅ)ρὲ

2085 5381 2142 5432 ὲν
2182 5378 2360 5449 θλίψει
2410 5380 2506 5432 καὶ
2556 5379 2777 5449 πολέμῳ
2835 5380 3041 5447 στήκει.
3098 5375 3255 5430 Οῦτω
3303 5376 3409 5446 γὰρ
3448 5358 3636 5423 θέλειό

2087 5469 2313 5540 Κύριος.
2345 5472 2535 5541 ἐπειδὴ
2569 5471 2755 5541 ἀκμὴν
2790 5470 2983 5542 νήπιός
3034 5473 3173 5536 ἐστι,
3213 5468 3474 5539 γυμνάζει
3496 5453 3636 5513 αὐτὸν

2088 5565 2167 5626 εἰς
2223 5564 2348 5627 τοὺς
2412 5563 2686 5636 πολέμους
2735 5563 2828 5618 καὶ
2885 5563 2953 5618 τὰ
3012 5562 3105 5617 δύο
3156 5561 3418 5629 πρόσωπα
3461 5546 3634 5609 ἔσωθεν
