3966 6464
420 376 528 451 i337

1681 383 1741 443 S.
1784 384 2106 444 MACARII
2146 386 2473 449 EGYPTII

3583 391 3678 456 688

425 500 553 554 stim
581 494 846 552 transfert
873 500 924 549 te
968 493 1024 548 in
1053 506 1282 564 regnum
1313 506 1498 547 suum.
1534 491 1648 547 Deo
1678 492 1827 548 enim
1868 494 2020 548 horae

2132 514 2213 560 τος
2244 499 2337 553 τοῦ
2365 499 2630 565 σκότους,
2687 497 2783 552 καὶ
2818 498 3023 562 εὐθέως
3060 499 3379 571 μετατίθησι
3409 518 3470 554 σε
3496 503 3571 567 εἰς
3595 504 3684 577 τὴν

425 580 709 644 momento
744 586 929 641 omnia
967 597 1259 654 peragere,
1293 582 1454 637 facile
1485 591 1589 648 est,
1629 584 1793 638 modo
1826 600 2017 640 amore

422 683 475 738 ei
507 681 610 736 soli
640 678 932 734 devinctus
963 676 1060 731 sis.
1086 674 1222 730 Nam
1279 674 1424 730 Deus
1478 676 1685 746 indiget
1717 691 1886 746 opera
1909 677 2017 732 hu-

422 789 609 842 mana,
645 774 775 843 quia
793 770 943 827 socia
967 768 1275 824 divinitatis
1300 777 1387 823 est
1413 768 1616 822 anima.

495 1034 636 1090 XIX.
668 1033 735 1089 Et
760 1042 822 1089 ut
853 1048 997 1104 saepe
1029 1031 1269 1087 diximus
1323 1030 1638 1101 parabolam
1669 1029 1873 1095 coloni,
1921 1026 2020 1100 qui

422 1128 657 1192 laborat,
690 1142 753 1182 ac
786 1141 973 1181 semen
1019 1133 1179 1180 terra:
1202 1122 1527 1189 committit;
1567 1121 1731 1177 debet
1778 1123 2018 1192 desuper

423 1220 679 1289 accipere
708 1218 984 1289 pluviam:
1017 1216 1126 1271 nisi
1160 1214 1307 1269 enim
1356 1215 1535 1269 nubes
1568 1215 1920 1279 emerserint,
1951 1230 2017 1269 ac

421 1310 572 1364 venti
607 1308 878 1374 ﬂaverint,
903 1308 1040 1362 nihil
1062 1308 1221 1379 juvat
1274 1306 1433 1361 labor
1460 1306 1746 1377 agricolas;
1807 1307 2016 1361 nudum

423 1415 613 1456 semen
656 1399 805 1456 enim
846 1399 1134 1471 subiacet:
1188 1398 1295 1454 hoc
1345 1398 1595 1462 transfer
1626 1399 1692 1453 ad
1725 1415 1815 1454 res
1854 1400 2017 1470 spiri—

422 1493 624 1548 tuales.
690 1492 748 1547 Si
819 1508 918 1547 sua
982 1492 1163 1548 solum
1216 1492 1274 1546 in
1321 1492 1646 1561 operatione
1697 1501 2017 1561 perseveret

421 1583 610 1649 homo,
642 1598 748 1639 nec
774 1582 1040 1655 suscipiat
1081 1581 1387 1653 quidquam
1414 1599 1445 1637 a
1475 1592 1673 1638 natura
1705 1599 1803 1639 sua
1830 1593 2016 1639 extra-

420 1690 611 1742 neum,
638 1691 751 1731 non
785 1684 971 1746 potest
1006 1674 1224 1730 fructus
1250 1675 1448 1746 dignos
1490 1675 1724 1730 Domino
1756 1675 2012 1731 reddere.

420 1767 567 1833 Quid
614 1783 746 1839 ergo
797 1777 882 1823 est
930 1767 1176 1823 hominis
1231 1767 1524 1837 operatio?
1582 1767 2012 1836 Abrenuntiare,

382 1859 609 1930 ‘egredi
661 1876 727 1914 ex
782 1860 889 1914 hoc
946 1859 1174 1925 mundo,
1231 1874 1589 1928 perseverare
1636 1860 1692 1913 in
1744 1861 2014 1925 oratione,
2050 1860 2090 1913 B

420 1953 676 2023 vigilare,
707 1952 938 2022 diligere
976 1952 1150 2006 Deum
1202 1966 1267 2006 ac
1312 1951 1548 2006 fratres:
1579 1952 1685 2007 hoc
1725 1952 2010 2022 proprium

421 2053 509 2100 est
559 2044 679 2115 ejus
706 2043 1001 2098 sustinere.
1050 2042 1104 2098 Si
1134 2058 1265 2098 vero
1319 2058 1418 2098 sua
1450 2044 1629 2097 solum
1688 2045 2012 2113 operatione

422 2144 716 2190 contentus
752 2136 867 2201 .sit,
926 2151 1029 2191 nec
1059 2150 1213 2206 spem
1273 2135 1456 2190 foveat
1507 2136 1656 2190 aliud
1724 2137 2010 2207 quidpiam

421 2227 796 2297 suscipiendi,
855 2242 1036 2297 neque
1060 2227 1209 2282 venti
1259 2226 1499 2297 Spiritus
1551 2228 1726 2281 sancti
1774 2227 2013 2282 animam

424 2318 766 2378 amaverint:
809 2319 892 2372 vel
933 2318 1267 2372 emerserint
1300 2317 1481 2371 nubes
1510 2317 1786 2382 caelestes,
1818 2334 1881 2371 ac
1913 2318 2013 2372 de-

422 2410 713 2465 scenderit
737 2425 769 2464 e
814 2410 953 2466 cwlo
982 2409 1190 2480 pluvia,
1224 2416 1281 2463 et
1312 2408 1502 2478 irriget
1541 2408 1804 2476 animam,
1828 2410 2018 2479 nequit

425 2504 593 2559 homo
632 2503 849 2560 fructus
881 2503 1075 2573 dignos
1104 2501 1339 2558 reddere
1378 2501 1635 2557 Domino.

491 2821 612 2876 XX.
646 2821 927 2892 Scriptum
965 2821 1152 2892 itaque
1194 2830 1279 2877 est
1319 2841 1333 2878 :
1389 2821 1639 2893 Agricola
1665 2838 1782 2875 cum
1832 2821 2021 2875 viderit

425 2911 701 2980 palmitem
772 2910 1029 2979 ferentem
1099 2910 1366 2980 fructum,
1436 2920 1631 2981 purgat
1705 2926 1864 2974 eum,
1962 2917 2021 2961 ut

427 3000 767 3069 capiosiorem
809 2999 1038 3068 fructum
1077 2999 1310 3067 afferat:
1343 3007 1399 3052 at
1445 3014 1551 3051 non
1595 2998 1848 3066 ferentem
1904 2996 2020 3065 fru-

426 3099 569 3142 ctum
599 3089 791 3154 evellit,
824 3100 872 3142 et
903 3089 1315 3142 comburendum
1335 3089 1498 3142 tradit
1528 3089 1593 3141 ⁶¹.
1625 3088 2021 3143 Verumtamen

427 3177 534 3231 hoc
561 3177 841 3229 hominem
873 3175 1053 3240 decet,
1091 3184 1173 3242 ut,
1201 3176 1315 3229 sive
1353 3176 1586 3246 jejunet,
1644 3175 1759 3229 sive
1808 3175 2017 3245 vigilet,

2124 589 2403 659 βασιλείαν
2438 589 2628 645 αὐτοῦ.
2661 590 2752 659 Τῷ
2790 590 2901 661 γὰρ
2938 590 3059 662 Θεῷ
3086 593 3143 644 ἐν
3176 594 3315 663 ῥοπῇ
3356 592 3506 661 ὧρας
3524 594 3685 649 πάντα

2120 682 2319 752 εὐχερῆ
2364 684 2481 734 ἐστι
2520 684 2766 751 ποιῆσαι,
2822 683 2987 753 μόνον
3033 683 3122 737 ἵνα
3147 683 3246 754 τὴν
3300 684 3525 755 ἀγάπην
3569 685 3686 755 ἔχῃς

2123 774 2260 843 πρὸς
2298 775 2486 828 αὐτόν.
2538 774 2749 846 Χρῄζει
2788 775 2897 844 γὰρ
2944 775 2974 826 6
3001 774 3134 840 Θεὸς
3176 776 3275 845 τῆς
3316 777 3576 847 ἐργασίας
3604 777 3686 831 τοῦ

2120 864 2436 934 ἀνθρώπου,
2471 866 2662 936 ἐπειδὴ
2695 867 2994 938 κοινωνικὴ
3019 867 3169 920 ἐστιν
3210 869 3245 938 ή
3270 867 3417 938 ψυχὴ
3462 868 3559 938 τῆς
3585 868 3688 920 θεό-

2120 974 2302 1027 τητος.

2192 1050 2296 1108 ΙΘ¹.
2329 1052 2443 1107 Καὶ
2470 1052 2656 1118 καθὼς
2687 1052 2951 1116 πολλάκις
2989 1051 3219 1123 εἴπομεν
3251 1052 3352 1123 τὴν
3386 1052 3691 1124 παραϐολὴν

2120 1143 2214 1196 τοῦ
2244 1142 2517 1213 γεωργοῦ,
2550 1144 2633 1197 ὅτι
2673 1144 2870 1215 καμὼν
2905 1144 2999 1198 καὶ
3041 1144 3222 1214 βαλὼν
3266 1145 3355 1198 τὸν
3411 1145 3608 1215 σπόρον
3640 1146 3693 1198 ἐν

2118 1236 2185 1305 τῇ
2236 1238 2329 1306 γῇ,
2362 1234 2566 1304 ὀφείλει
2603 1236 2923 1303 ἐκδέξασθαι
2955 1237 3052 1289 καὶ
3103 1238 3197 1291 τὸν
3262 1236 3473 1292 ἀνωθεν
3526 1238 3689 1293 ὑετόν.

2132 1327 2260 1379 Ἐἀν
2290 1327 2400 1399 γὰρ
2440 1327 2515 1398 μὴ
2548 1330 2789 1400 ἐπιφανῇ
2822 1328 2962 1399 νέφη
3003 1328 3100 1381 καὶ
3138 1329 3332 1399 ἄνεμοι
3375 1328 3691 1393 πνεύσωσιν,

2119 1419 2271 1473 οὐδὲν
2330 1419 2615 1490 ὠφέλησεν
2660 1420 2690 1471 6
2727 1420 2978 1490 κάματος
3025 1420 3123 1474 τοῦ
3181 1420 3429 1493 γεωργοῦ
3460 1439 3475 1454 ·
3532 1424 3561 1476 ό
3597 1421 3694 1492 γὰρ

2121 1512 2323 1581 σπόρος
2349 1512 2557 1582 γυμνὸς
2586 1511 2875 1565 ὑπόκειται
2904 1527 2918 1541 °
2950 1511 3112 1565 τοῦτο
3148 1512 3379 1566 ἀνέλαϐε
3414 1513 3510 1566 καὶ
3536 1515 3613 1576 είς
3640 1512 3694 1565 τὸ

2123 1603 2533 1671 πνευματικόν
2593 1604 2691 1656 ἐὰν
2738 1603 2899 1674 μόνον
2943 1604 3000 1656 ἐν
3038 1605 3105 1674 τῇ
3157 1603 3264 1676 ίδίᾳ
3293 1605 3532 1677 ἐργασίᾳ
3569 1605 3694 1659 ἀπο-

2123 1694 2281 1766 μείνῃ
2313 1696 2341 1748 6
2368 1695 2679 1766 ἄνθρωπος,
2710 1695 2803 1749 καὶ
2836 1695 2911 1767 μὴ
2955 1696 3272 1766 ἐπιδέξηταί
3315 1714 3369 1751 τι
3426 1694 3577 1765 ξένον
3610 1695 3696 1766 τῆς

2123 1788 2342 1855 φύσεως
2371 1786 2559 1852 αὐτοῦ,
2585 1788 2648 1841 οὐ
2672 1787 2897 1843 δύναται
2922 1791 3172 1860 καρποὺς
3201 1790 3384 1855 ἀξίους
3407 1789 3486 1860 τῷ
3520 1790 3695 1860 Κυρίῳ

2120 1876 2438 1930 ἀποδοῦναι.
2475 1879 2541 1930 Τί
2570 1878 2628 1932 δέ
2675 1880 2825 1933 ἐστιν
2873 1883 2905 1950 ὴ
2964 1882 3199 1950 ἐργασία
3232 1880 3328 1935 τοῦ
3377 1881 3693 1953 ἀνθρώπου;

2120 1969 2192 2021 Τὸ
2223 1968 2635 2037 ἀποτάξασθαι,
2687 1972 2748 2024 τὸ
2795 1971 3033 2038 ἐξελθεῖν
3072 1973 3137 2027 ἐκ
3195 1973 3291 2027 τοῦ
3360 1974 3592 2045 κόσμου,
3642 1972 3696 2025 τὸ

2120 2058 2415 2128 ὑπομένειν
2446 2061 2506 2114 ἐν
2536 2063 2600 2131 τῇ
2644 2063 2802 2133 εὐχῇ,
2834 2062 2895 2115 τὸ
2922 2063 3246 2134 ἀγρυπνεῖν,
3276 2064 3340 2117 τὸ
3369 2063 3590 2133 ἀγαπᾷν
3614 2063 3697 2115 τὸν

2118 2151 2254 2203 Θεὸν
2325 2153 2421 2205 καὶ
2476 2153 2604 2215 τοὺς
2661 2154 2948 2221 ἀδελφούς.
3011 2155 3186 2209 Τοῦτο
3230 2156 3364 2210 ῐδιον
3417 2155 3697 2224 ὑπομένειν

2120 2239 2291 2293 αὐτοῦ
2326 2241 2495 2295 ἐστιν.
2537 2242 2679 2295 Ἀλλ’
2719 2242 2815 2295 ὲάν
2840 2244 3114 2318 ὑπομείνῃ
3138 2246 3195 2297 ἐν
3226 2246 3291 2315 τῇ
3326 2244 3524 2298 ἐαυτοῦ
3547 2244 3699 2312 ἐργα-

2122 2336 2233 2405 σίᾳ,
2292 2336 2387 2388 καὶ
2446 2336 2519 2406 μὴ
2572 2336 2771 2408 ἐλπίσῃ
2806 2337 2934 2391 ἀλλο
2987 2355 3039 2390 τι
3079 2336 3455 2401 ἐπιδέξασθαι,
3507 2337 3596 2389 καὶ
3630 2338 3695 2407 μὴ

2123 2427 2434 2481 πνεύσωσιν
2456 2428 2506 2481 οἱ
2532 2428 2623 2482 ἀνε
2634 2446 2724 2498 μοι
2757 2429 2850 2482 τοῦ
2878 2429 3038 2497 ἁγίου
3086 2431 3407 2500 Πνεύματος
3434 2432 3501 2501 τῇ
3541 2429 3694 2499 ψυχῇ,

2123 2519 2216 2571 καὶ
2248 2519 2343 2571 ὲάν
2379 2520 2455 2590 μὴ
2539 2522 2780 2591 ἐπιφανῇ
2834 2522 3063 2594 οὐράνια
3105 2521 3265 2592 νέφη,
3324 2522 3423 2574 καὶ
3481 2520 3695 2589 κατέλθῃ

2122 2611 2181 2675 ἐξ
2212 2611 2444 2681 οὐρανοῦ
2477 2612 2653 2675 ὑετὸς,
2680 2615 2777 2665 καὶ
2808 2613 3073 2684 ὲπιϐρέξῃ
3110 2616 3176 2683 τῇ
3205 2613 3377 2684 ψυχῇ,
3404 2614 3465 2666 οὐ
3492 2611 3697 2665 δύναται

2121 2702 2458 2773 ὁάνθρωπος
2494 2708 2744 2773 καρποὺς
2781 2704 2967 2771 ἀξίους
2998 2703 3288 2759 ἀποδοῦναι
3319 2704 3401 2775 τῷ
3432 2703 3636 2772 Κυρίῳ.

2195 2796 2279 2849 ις’.
2317 2797 2633 2867 Γέγραπται
2662 2796 2741 2862 δὲ,
2768 2797 2849 2849 ὅτι
2893 2796 2947 2849 Ὁ
2990 2795 3249 2865 γεωργὸς
3298 2794 3450 2849 ὅταν
3493 2794 3590 2860 Ῑδῃ
3640 2790 3698 2844 τό

2124 2884 2328 2956 κλῆμα
2344 2886 2531 2956 φέρον
2553 2890 2812 2956 καρπὸν,
2847 2889 3143 2955 καθαρίζει
3172 2889 3345 2948 αὐτὸ,
3385 2887 3487 2939 ἵνα
3517 2882 3700 2939 πλείο-

2125 2996 2201 3032 να
2238 2978 2530 3047 ἐξενέγκῃ
2561 2994 2574 3008 °
2632 2979 2701 3032 τὸ
2743 2979 2812 3032 δὲ
2841 2979 2928 3049 μὴ
2991 2979 3177 3048 φέρον
3212 2979 3452 3045 καρπὸν
3482 2972 3697 3045 ἐκριζοῖ,

2126 3073 2222 3125 καὶ
2253 3075 2340 3137 εἰς
2364 3072 2592 3126 καῦσιν
2620 3072 2855 3127 δίδωσι.
2924 3072 3072 3143 Πλὴν
3100 3071 3196 3125 τοῦ
3220 3069 3513 3140 ἀνθρώπου
3552 3065 3700 3120 τοῦτό

2128 3164 2299 3227 ἐστιν,
2341 3164 2426 3217 ἵνα
2456 3164 2570 3216 εἴτε
2596 3161 2905 3233 νηστεύσει,
2938 3164 3048 3215 εἴτε
3082 3164 3374 3233 ἀγρυπνεῖ,
3419 3162 3528 3214 εἴτε
3558 3156 3701 3227 εὗχεο

430 3266 545 3317 sive
570 3274 852 3332 precetur,
877 3264 990 3318 sive
1022 3264 1151 3317 boni
1187 3264 1320 3334 quid
1344 3264 1528 3327 faciat,
1562 3273 1758 3319 cuncta
1790 3266 2022 3319 Domino

2132 3276 2240 3321 ται,
2268 3256 2380 3309 εἴτε
2413 3257 2578 3309 καλόν
2609 3274 2662 3309 τι
2693 3257 2862 3321 ποιεῖ,
2914 3257 3200 3328 ἐπιγράφῃ
3239 3254 3461 3308 ἅπαντα
3490 3252 3564 3321 τῷ
3601 3252 3699 3302 Κυ-

430 3357 695 3420 ascribat,
726 3357 814 3410 his
839 3357 1027 3411 verbis
1062 3372 1234 3411 usus:
1300 3356 1417 3410 Nisi
1450 3357 1590 3410 Deus
1633 3358 2022 3411 corroborasset

431 3460 536 3508 me,
576 3460 683 3497 non
737 3446 1019 3513 potuissem
1072 3444 1346 3514 jejunare,
1409 3454 1502 3498 aut
1535 3447 1763 3516 precari,
1821 3455 1914 3499 aut
1961 3462 2025 3498 ea:

430 3537 525 3588 hoc
590 3534 788 3587 mundo
838 3534 1036 3604 egredi.
1094 3532 1294 3602 Sicque
1328 3534 1493 3599 Deus,
1531 3534 1674 3589 bona
1735 3535 1900 3588 animi
1946 3535 2022 3589 tui

430 3627 741 3682 intentione
766 3638 1085 3697 conspecta,
1117 3627 1379 3681 nimirum
1411 3636 1464 3681 te
1508 3642 1595 3692 ea,
1631 3645 1752 3697 quae
1786 3629 2022 3683 naturali

431 3720 698 3774 instinctu
732 3720 969 3790 peragis,
1010 3720 1126 3775 Deo
1156 3722 1456 3787 ascribere,
1483 3723 1599 3791 ipse
1630 3723 1872 3784 vicissim
1900 3739 2021 3787 sua,

430 3811 739 3880 spiritualia
770 3827 989 3881 nempe,
1028 3811 1217 3866 divina
1239 3824 1295 3867 et
1316 3814 1583 3878 coelestia,
1617 3814 1716 3867 tibi
1750 3815 1868 3869 haec
1916 3816 2026 3868 lar—

430 3904 608 3973 gitur:
643 3920 767 3973 quae
798 3920 929 3959 vero
973 3914 1102 3958 sunt
1132 3904 1268 3958 illa?
1291 3904 1507 3959 fructus
1544 3905 1807 3975 Spiritus,
1835 3908 2022 3961 exsul-

435 3997 571 4051 tatio
602 4004 658 4050 et
692 3996 903 4052 laetitia.

508 4088 647 4142 XXI.
681 4088 1059 4157 Interrogatio.
1104 4087 1295 4141 Verum
1336 4105 1457 4143 cum
1497 4089 1699 4157 fructus
1749 4089 2025 4143 naturales

431 4180 537 4233 sint
567 4180 754 4233 horum
786 4180 1005 4242 similes,
1046 4179 1179 4248 ﬁdes
1204 4182 1455 4234 nimirum
1518 4192 1567 4235 et
1614 4184 1869 4251 precatio,
1894 4184 2028 4237 edis-

430 4289 548 4325 sere
602 4273 750 4326 nobis
802 4272 1063 4341 quomodo
1114 4288 1168 4325 se
1197 4273 1423 4325 habeant
1455 4272 1754 4338 naturalia,
1802 4282 1850 4327 et
1892 4291 2025 4342 quo-

434 4365 589 4417 modo
632 4363 942 4434 spiritualia
966 4364 991 4415 ?

509 4453 815 4524 Responsio.
852 4454 950 4519 Ea,
978 4468 1103 4523 quae
1151 4461 1203 4507 te
1235 4454 1353 4522 ipso
1376 4461 1603 4508 auctore
1633 4455 1769 4525 agis,
1796 4455 2026 4510 honesta

2128 3349 2248 3419 ρίῳ,
2284 3346 2444 3401 τοῦτο
2472 3347 2670 3415 λέγων,
2712 3347 2792 3400 ὅτι
2838 3348 2907 3400 El
2938 3347 3018 3415 μὴ
3046 3350 3078 3400 d
3116 3348 3260 3411 Θεὸς
3298 3339 3703 3413 ἐνεδυνάμωσέ

2124 3460 2221 3511 με,
2258 3445 2371 3496 οὐκ
2404 3442 2726 3510 ἠδυνάμην
2767 3441 3111 3508 νηστεύειν,
3161 3440 3199 3507 ἢ
3232 3442 3543 3508 εὔχεσθαι,
3584 3437 3618 3504 ἢ
3644 3436 3702 3489 ἐκ

2128 3532 2236 3585 τοῦ
2285 3532 2519 3601 κόσμου
2551 3531 2865 3586 ἀπελθεῖν.
2916 3533 3028 3585 Καὶ
3083 3530 3226 3584 οὕτω
3285 3531 3504 3601 βλέπων
3534 3534 3559 3583 ό
3587 3527 3702 3589 Θεὸς

2128 3624 2225 3695 τὴν
2254 3624 2471 3694 ἀγαθήν
2503 3641 2596 3677 σου
2649 3623 2999 3695 προαίρεσιν,
3053 3622 3237 3676 ὅτιτά
3292 3624 3384 3686 σά,
3437 3622 3579 3691 ἅπερ
3609 3617 3702 3673 ἀπὸ

2129 3714 2346 3784 φύσεως
2381 3717 2579 3779 ποιεῖς,
2606 3714 2685 3785 τῷ
2717 3714 2837 3785 Θεῷ
2868 3716 3222 3786 ἐπιγράφεις,
3255 3714 3425 3768 πάλιν
3462 3714 3617 3772 αὐτὸς
3642 3708 3703 3761 τὰ

2130 3806 2239 3858 ἴδια
2273 3806 2466 3871 αὑτοῦ,
2506 3806 2575 3858 τά
2608 3806 2983 3877 πνευματικά,
3027 3806 3096 3859 τὰ
3127 3807 3246 3859 θεῖα
3272 3807 3366 3858 καὶ
3397 3804 3697 3877 ἐπουράνια,

2128 3898 2213 3950 σοὶ
2237 3899 2412 3952 ταῦτα
2436 3900 2741 3969 χαρίζεται,
2776 3900 2897 3952 τίνα
2917 3900 2973 3952 δέ
3002 3902 3151 3952 ἐστιν
3173 3916 3187 3966 ;
3223 3895 3277 3952 οἷ
3300 3898 3395 3952 τοῦ
3472 3899 3700 3966 Πνεύμα-

2128 4005 2220 4052 τος
2258 3990 2495 4059 καρποὶ,
2530 3990 2876 4058 ἀγαλλίασις,
2910 3992 3003 4044 καὶ
3034 3990 3365 4061 εὐφροσύνη.

2204 4079 2335 4133 KA'.
2399 4078 2745 4147 Ἐρώτησις.
2816 4080 2978 4133 Ἀλλ’
3034 4080 3240 4146 ἐπειδή
3303 4082 3427 4134 εἱσι
3474 4074 3699 4150 φυσικοὶ

2133 4172 2352 4240 καρποὶ
2406 4172 2645 4238 τούτοις
2696 4173 2906 4241 ὅμοιοι,
2960 4172 3182 4242 ἀγάπη,
3243 4175 3473 4239 πίστις,
3544 4168 3697 4238 εὐχὴ,

2130 4263 2441 4332 διάκρινον
2476 4264 2645 4335 ἡμῖν,
2673 4264 2801 4331 πῶς
2830 4265 2962 4318 ἐστι
2995 4266 3068 4319 τὰ
3097 4268 3475 4335 πνευματικά
3493 4282 3513 4327 ;

2218 4450 2579 4517 Ἀπόκρισις.
2626 4451 2706 4502 Τὰ
2737 4452 2807 4503 σὰ
2857 4450 2893 4505 ἃ
2938 4454 3138 4516 ποιεῖς,
3184 4450 3326 4503 καλὰ
3357 4450 3457 4520 μέν
3487 4447 3699 4503 ἐστικαὶ

434 4543 661 4613 quidem
695 4553 845 4607 sunt,
896 4553 952 4598 et
986 4546 1097 4599 Deo
1131 4553 1304 4614 grata,
1354 4545 1449 4599 sed
1496 4562 1605 4599 non
1638 4561 1776 4615 pura
1804 4564 1815 4599 :
1851 4547 2022 4613 velut,

2138 4543 2216 4612 τῷ
2250 4542 2371 4613 Θεῷ
2406 4544 2806 4613 εὐπρόσδεκτα,
2853 4544 2967 4597 ἀλλ’
3004 4548 3105 4598 οὐκ
3143 4546 3258 4596 ἔστι
3298 4545 3551 4616 καθάρσι’
3584 4536 3697 4599 οἷον,

438 4638 625 4707 «Ιιιίςίε.
645 4639 839 4700 Deum,
863 4653 1049 4690 verum
1075 4638 1258 4691 minus
1278 4638 1543 4707 perfecte;
1565 4639 1716 4693 venit
1736 4639 2025 4705 Dominus,

437 4730 655 4785 confert
675 4729 1028 4784 dilectionem
1054 4730 1773 4795 immutabilem,crelestem
1796 4732 2028 4786 scilicet.

438 4823 691 4878 Precaris
720 4806 1068 4888 naturaliter,
1092 4823 1554 4892 occupationibus
1585 4838 1648 4877 ac
1680 4823 1848 4878 variis
1880 4826 2031 4895 cogi-

440 4915 745 4969 tationibus
775 4914 1105 4981 distraetus;
1140 4916 1356 4971 confert
1395 4916 1494 4970 tibi
1530 4918 1794 4972 Dominus
1838 4935 2032 4987 preca-

448 5008 652 5061 tionem
685 5023 878 5076 puram
911 5008 965 5061 in
1008 5008 1220 5078 Spiritu
1260 5017 1317 5063 et
1344 5010 1595 5065 veritate.
1628 5011 1686 5064 In
1717 5011 1882 5065 rebus
1913 5028 2035 5080 qua:

440 5100 615 5153 oculis
636 5099 943 5169 subiacent,
964 5108 1110 5155 terra
1127 5108 1186 5154 ut
1202 5101 1500 5170 plurimum
1526 5119 1592 5157 ex
1612 5119 1670 5157 se
1694 5103 1809 5173 ipsa
1827 5105 2039 5174 profert

440 5193 649 5262 spinas;
666 5194 895 5247 colonus
913 5203 1097 5247 autem
1124 5192 1283 5257 fodit,
1312 5203 1534 5249 exerch
1560 5195 1855 5265 diligenter
1874 5212 1937 5251 ac
1954 5214 2039 5252 se-

439 5285 633 5349 minat;
651 5285 823 5355 spinae
841 5294 1023 5339 tamen
1049 5287 1135 5340 vel
1160 5304 1266 5341 non
1286 5296 1417 5342 sane
1442 5289 1885 5358 propullulantet
1900 5292 2040 5343 mul-

2138 4636 2359 4705 ἀγαπᾷς
2386 4636 2478 4687 τὸν
2503 4636 2655 4699 Θεὸν,
2685 4636 2801 4687 ἀλλ’
2828 4636 2888 4688 οὐ
2917 4637 3142 4698 τελείως
3160 4653 3175 4667 ·
3202 4635 3426 4706 ἔρχεται
3452 4640 3477 4688 6
3499 4635 3696 4703 Κύριος.

2134 4727 2351 4780 δίδωσιν
2381 4728 2600 4797 ἀγάπην
2632 4728 2901 4794 ἄτρεπτον
2944 4730 3044 4800 τὴν
3093 4729 3445 4799 ἐπουράνιον.
3479 4726 3616 4794 Εὖχῃ
3643 4721 3698 4774 σὺ

2137 4820 2384 4887 φυσικῶς
2448 4821 2588 4889 μετὰ
2637 4820 2734 4873 τοῦ
2805 4820 3108 4891 ῥέμϐεσθαι
3148 4822 3242 4874 καὶ
3282 4818 3696 4889 διαλογίζεσθαι·

2140 4911 2325 4965 δίδωσί
2357 4929 2441 4964 σοι
2471 4914 2499 4964 ό
2537 4912 2670 4975 Θεὸς
2704 4913 2801 4983 τὴν
2853 4913 3103 4985 καθαρὰν
3137 4913 3323 4984 εὐχὴν,
3359 4915 3418 4966 ἐν
3450 4910 3697 4978 Πνεύματι

2138 5004 2234 5057 καὶ
2285 5004 2538 5073 ἀληθείᾳ.
2586 5006 2675 5057 Ἐν
2703 5008 2818 5069 τοῖς
2863 5006 3232 5076 φαινομένοις,
3273 5008 3306 5074 ἡ
3341 5008 3412 5076 γῆ
3443 5005 3514 5065 ὡς
3543 5000 3624 5055 ἐπὶ
3649 4996 3696 5048 τὸ

2142 5096 2399 5149 πλεῖστον
2456 5096 2552 5165 ἀφ’
2588 5098 2794 5167 ἑαυτῆς
2840 5099 3063 5169 ἐκφέρει
3114 5101 3215 5159 τὰς
3262 5099 3535 5160 ἀκάνθας·
3578 5095 3603 5145 ὁ
3649 5087 3695 5140 δὲ

2138 5193 2384 5260 γεωργὸς
2459 5191 2717 5257 σκάπτει,
2779 5191 3074 5261 ἐργάζεται
3155 5192 3453 5261 ἐπιμελῶς,
3533 5182 3689 5257 βάλλει

2140 5284 2343 5353 σπόρον
2367 5300 2382 5315 ο
2420 5283 2537 5336 ἀλλ’
2582 5288 2635 5338 αἱ
2670 5284 2904 5339 ἄκανθαι
2935 5285 3007 5353 μὴ
3044 5285 3424 5353 σπειρόμεναι,
3459 5276 3693 5346 ἀναφύον-

444 5377 762 5445 tiplicantur
803 5378 1115 5445 (postquam
1136 5377 1281 5432 enim
1311 5389 1687 5450 transgressus
1707 5391 1811 5442 est.
1828 5382 2022 5437 dictuu

2143 5394 2217 5440 σι,
2277 5376 2375 5429 καὶ
2435 5376 2849 5445 πληθύνονταιο
2909 5378 3049 5445 μετά
3099 5377 3209 5447 γὰρ
3265 5377 3366 5443 τὴν
3413 5370 3690 5443 παράϐασιν

440 5477 524 5519 est
552 5466 797 5519 Adamo:
826 5465 1066 5519 Tribulus
1098 5475 1147 5519 et
1170 5468 1352 5536 spinas
1376 5470 1624 5538 producet
1651 5472 1743 5524 tibi
1771 5482 1915 5526 terra
1943 5476 2031 5536 ε’).

440 5556 633 5613 Denuo
673 5559 905 5612 colonus
930 5567 1153 5612 exercet
1182 5568 1403 5625 terram,
1443 5561 1636 5616 effodit
1673 5564 1883 5633 spinas,
1912 5582 2033 5634 quae

441 5647 805 5703 nihilominus
827 5650 1009 5705 adhuc
1038 5649 1501 5719 multiplicantur.
1548 5652 1748 5721 Accipe
1780 5654 1882 5709 hoc
1921 5655 2034 5723 spi-

516 5825 558 5855 “
593 5825 751 5879 Joan.
782 5845 868 5893 xv,
899 5831 953 5883 2.
1030 5832 1071 5858 ‘"
1104 5830 1240 5883 ch.
1270 5847 1348 5895 ιιι,
1372 5832 1435 5884 18

2144 5468 2342 5540 ἐρρέθη
2369 5468 2448 5539 τῷ
2491 5468 2683 5537 Ἀδὰμ,
2709 5471 3029 5536 Τριϐόλους
3075 5468 3174 5521 καὶ
3208 5467 3475 5532 ἀκάνθας
3506 5464 3688 5517 ἀνατε-

2143 5562 2244 5614 λεῖ
2273 5576 2373 5614 σοι
2406 5561 2445 5625 ἡ
2488 5560 2585 5629 γῆ.
2640 5562 2808 5615 Πάλιν
2853 5563 2881 5612 ὁ
2930 5563 3175 5633 γεωργὸς
3231 5564 3450 5615 ἐκπονεί
3500 5558 3558 5626 τῇ
3609 5550 3685 5618 γῇ,

2146 5653 2488 5708 ἀνασκὰπτει
2514 5654 2614 5719 τὰς
2635 5654 2897 5717 ἀκάνθας,
2923 5656 3017 5709 καὶ
3050 5654 3207 5715 αὗται
3229 5654 3308 5709 ἔτι
3342 5650 3686 5723 πληθύνονταιο
