3966 6438
288 380 400 449 689

1460 382 1833 458 HOMILIAE.
1863 418 1934 429 —-
1960 390 2149 455 HOM.
2193 395 2401 456 XXVI.

3465 400 3573 466 690

306 491 573 547 Ἀνάλαϐε
608 486 768 547 τοῦτο
798 498 1186 569 πνευματικῶς
1208 516 1223 531 ·
1259 502 1399 572 μετὰ
1425 504 1536 577 γάρ
1571 507 1670 575 τὴν
1697 505 1863 574 παρά-

1981 507 2274 563 ritualiter.
2301 509 2438 563 Nam
2487 516 2611 578 post
2657 508 3150 580 transgressionem
3217 520 3358 567 terra
3388 514 3576 571 cordis

293 584 457 637 ϐασιν
494 585 527 653 ἡ
581 585 655 656 γῆ
698 587 762 639 ἐκ
789 588 887 658 τῆς
936 590 1165 661 καρδίας
1214 594 1437 665 ἐκφέρει
1492 598 1735 660 ἀκάνθας
1783 600 1876 650 καὶ

288 675 580 747 τριϐόλους
603 693 618 706 ·
661 679 956 749 ἐργάζεται
985 685 1013 736 6
1042 683 1353 754 ἄνθρωπος,
1386 692 1629 757 ἐκπονεί,
1667 690 1762 744 καὶ
1791 690 1874 744 ἔτι

288 768 349 819 αἱ
383 765 621 821 ἄκανθαι
669 770 780 824 τῶν
834 774 1086 843 πονηρῶν
1134 778 1465 847 πνευμάτων
1516 783 1873 851 ἀναφύονται.

289 855 428 912 Εἶτα
467 862 599 915 αὐτὸ
626 863 687 916 τὸ
720 863 876 931 ἅγιον
908 867 1133 936 Πνεῦμα
1179 871 1745 941 συναντιλαμϐάνεται
1776 873 1877 942 τῆς

291 950 583 1015 ἀσθενείας
608 953 718 1006 τῶν
769 955 1097 1024 ἀνθρώπων,
1149 958 1246 1012 καὶ
1284 961 1542 1033 ὁΚὺριος
1590 962 1774 1033 βάλλει
1816 967 1877 1017 ἐν

290 1042 431 1113 αὐτῇ
462 1047 526 1114 τῇ
572 1047 643 1115 γῇ
712 1046 813 1116 τῆς
874 1049 1106 1120 καρδίας
1168 1053 1370 1124 σπόρον
1397 1056 1742 1127 ἐπουράνιον,
1781 1060 1876 1112 καὶ

290 1134 589 1204 ἐργάζεται
619 1137 791 1208 αὐτήν
817 1154 830 1167 ·
870 1140 965 1192 καὶ
988 1143 1249 1207 πεσόντος
1292 1145 1388 1198 τοῦ
1424 1147 1653 1219 σπόρου,
1687 1150 1873 1221 ἀκμὴν

288 1225 343 1276 οξ
382 1226 623 1297 τρίδολοι
654 1230 751 1281 καὶ
780 1231 1013 1285 ἄκανθαι
1053 1234 1411 1303 ἀναφύονται.
1443 1240 1615 1293 Πάλιν
1647 1242 1811 1306 αὐτὸς
1846 1244 1875 1298 δ

292 1316 521 1387 Κύριος,
562 1319 659 1372 καὶ
705 1316 733 1371 ὀ
768 1320 1056 1393 ἄνθρωπος
1110 1326 1437 1395 ἐργάζονται
1488 1331 1591 1401 τὴν
1628 1332 1733 1403 γῆν
1773 1334 1875 1404 τῆς

288 1408 491 1479 ψυχῆς,
534 1413 627 1463 καὶ
659 1412 801 1465 ἑπτὰ
838 1416 1056 1486 πονηρὰ
1094 1418 1385 1490 πνεύματα
1418 1422 1514 1475 καὶ
1550 1425 1606 1477 αἱ
1636 1425 1873 1482 ἄκανθαι

293 1501 553 1571 βρύουσιν
584 1504 719 1570 ἐκεῖ,
762 1506 859 1558 καὶ⁵
892 1507 1247 1576 ἀναφύονται,
1289 1512 1392 1576 ἐως
1423 1508 1483 1569 οῦ
1518 1516 1742 1587 γένηται
1783 1520 1875 1573 θέ-

294 1612 413 1667 ρος,
441 1597 536 1649 καὶ
559 1596 829 1669 πλεονάσῃ
859 1600 891 1669 η
927 1600 1107 1669 χάρις,
1146 1603 1241 1655 καὶ
1286 1605 1778 1678 καταξηρανθῶσιν
1808 1614 1874 1665 ἐκ

280 1690 387 1759 τῆς
417 1689 628 1760 θέρμης
650 1691 743 1744 τοῦ
773 1693 926 1762 ἡλίου
958 1696 1015 1747 αἱ
1042 1695 1300 1753 ἄκανθαι.

359 1779 488 1835 ΚΒ’.
532 1780 593 1833 El
646 1782 755 1853 γὰρ
790 1784 885 1837 καὶ
943 1786 1161 1840 σύνεστι
1210 1788 1381 1844 κακία
1419 1793 1485 1863 τῇ
1530 1793 1710 1862 φύσει,
1752 1795 1872 1849 ἀλλ’

278 1871 431 1925 οῦτω
473 1875 863 1944 κατακυριεύει
912 1878 1139 1947 ταύτης,
1166 1878 1201 1949 ἥ
1244 1880 1359 1950 ἔχει
1396 1884 1586 1953 νομήν.
1617 1886 1729 1950 Τάς
1759 1887 1868 1959 γὰρ

279 1966 566 2039 τρυφερὰς
588 1967 754 2035 χλόας
779 1967 875 2019 τοῦ
908 1968 1059 2022 σίτου
1092 1970 1319 2024 δύναται
1368 1973 1437 2027 τὰ
1477 1974 1697 2038 ζιζάνια
1726 1996 1867 2048 συμ-

286 2058 529 2127 πνίγειν.
578 2058 887 2122 Φθάσαντος
914 2061 973 2114 δὲ
1022 2062 1214 2133 θέρους
1257 2064 1398 2133 μετὰ
1436 2065 1496 2118 τὸ
1534 2066 1866 2139 ξηρανθῆναι

275 2150 408 2213 τοὺς
447 2150 714 2219 καρποὺς,
746 2151 900 2203 οὐδὲν
937 2151 1233 2220 βλάπτουσι
1251 2154 1317 2207 τά
1347 2155 1563 2220 ζιζάνια
1580 2160 1669 2211 τὸν
1701 2161 1864 2214 σῖτον.

276 2243 395 2295 Καὶ
433 2242 542 2310 γὰρ
574 2241 671 2294 ἐὰν
694 2243 875 2314 συμὸῇ
910 2245 1207 2313 τριάκοντα
1242 2246 1459 2314 μοδίους
1487 2243 1647 2314 εἶναι,
1691 2250 1866 2303 καθα-

278 2334 381 2405 ροῦ
406 2334 576 2399 σίτου,
609 2334 725 2388 ἔστι
751 2334 862 2407 γὰρ
894 2335 1039 2404 μίξις
1065 2339 1183 2389 ἐκεῖ
1206 2338 1483 2401 ζιζανίων,
1521 2341 1595 2404 ὡς
1627 2343 1866 2411 χοινικός

274 2445 334 2480 τι
375 2427 819 2498 παραφαίνεσθαι
848 2445 862 2461 ο
907 2430 1185 2498 κέχωσται
1232 2430 1341 2500 γὰρ
1388 2432 1476 2484 διὰ
1502 2432 1594 2487 τὸν
1642 2434 1866 2486 πλεονα-

275 2518 418 2588 σμὸν
447 2519 542 2572 τοῦ
572 2520 719 2571 σίτου
746 2536 760 2550 ·
786 2519 929 2572 οὕτω
952 2522 1046 2574 καὶ
1078 2522 1135 2573 ἐν
1159 2524 1223 2592 τῇ
1258 2523 1600 2593 χάριτι,ὃταν
1630 2524 1861 2577 πλεονάο

274 2625 349 2683 σῃ
406 2610 439 2680 ἡ
478 2610 677 2679 δωρεὰν
713 2610 807 2663 τοῦ
839 2610 998 2665 Θεοῦ.
1054 2613 1148 2664 καὶ
1183 2614 1214 2681 ἡ
1250 2615 1410 2683 χάρις
1438 2618 1516 2677 εἰς
1544 2616 1634 2668 τὸν
1654 2615 1866 2687 ἄνθρω-

275 2718 401 2763 πον,
439 2700 535 2753 καὶ
580 2700 783 2770 πλουτῇ
820 2702 899 2764 είς
946 2701 1036 2754 τὸν
1098 2702 1503 2774 Κύριον,οσυνῇ
1534 2705 1591 2757 δὲ
1633 2707 1865 2776 ἡκακία

278 2793 547 2865 μερικῶς.
580 2794 640 2845 οὐ
670 2793 1258 2862 δύναταικατασλάψαι
1283 2795 1374 2848 τὸν
1405 2796 1716 2867 ἄνθρωπον,
1739 2796 1862 2849 οὔτε

272 2887 392 2957 ἔχει
439 2887 593 2957 ἰσχύν
622 2890 762 2949 τινα,
796 2888 828 2957 ἢ
862 2887 1032 2958 νομὴν
1078 2888 1199 2939 κατ’
1235 2887 1423 2941 αὑτοῦ.
1500 2887 1562 2940 ἸΙ
1608 2888 1719 2958 γὰρ
1767 2887 1862 2940 τοῦ

275 2982 487 3053 Κυρίου
510 2980 742 3045 ἔλευσις,
774 2982 868 3034 καὶ
897 2982 929 3050 ἡ
959 2980 1183 3051 πρόνοια
1206 2980 1295 3033 διὰ
1322 2980 1479 3032 τοῦτο
1500 2980 1744 3049 γέγονεν,
1777 2981 1863 3033 ἵνα

274 3074 409 3135 τοὺς
447 3075 514 3143 τῇ
550 3072 721 3144 κακίᾳ
764 3071 1197 3142 δεδουλωμένους
1226 3072 1406 3137 ὄντας,
1467 3075 1562 3125 καὶ
1616 3073 1859 3143 ἐνόχους,

270 3166 370 3219 καὶ
391 3164 864 3233 ὑποτεταγμένους
887 3161 1249 3234 ἐλευθερώσῃ,
1275 3164 1367 3216 καὶ
1390 3164 1595 3236 ποιήσῃ
1635 3164 1863 3234 νικητὰς

267 3256 369 3312 τοῦ
404 3256 635 3310 θανάτου
680 3255 775 3308 καὶ
809 3255 909 3325 τῆς
948 3255 1244 3325 ἁμαρτίας.
1278 3255 1393 3307 Οὐκ
1426 3255 1735 3323 ὀφείλουσιν
1760 3252 1853 3311 οῦν

270 3348 496 3417 ἀδελφοὶ
537 3346 866 3413 ξενίζεσθαι,
904 3348 1012 3400 είτε
1059 3347 1163 3400 ὑπό
1201 3364 1363 3400 τινων
1417 3346 1690 3402 θλίϐονται
1726 3348 1862 3421 πρὸς

268 3440 336 3494 τδ
370 3439 569 3503 κακίας
600 3438 1006 3508 ἀπαλλαγῆναι.

347 3528 474 3585 Kl".
511 3530 621 3583 Kal.
652 3530 760 3601 γὰρ
789 3531 868 3592 εἱς
895 3529 958 3582 τὸ
990 3529 1219 3582 παλαιὸν
1268 3528 1479 3599 Μωσῆς
1510 3530 1607 3584 καὶ
1648 3528 1861 3600 Ἀαρὼν

269 3624 489 3695 ἔχοντες
516 3623 615 3693 τὴν
653 3623 979 3693 ἱερωσύνην,
1023 3622 1197 3676 πολλὰ
1225 3622 1432 3676 ἐπαθον
1460 3639 1475 3654 ο
1509 3623 1768 3691 Καϊάφας
1800 3621 1859 3674 δὲ

267 3717 372 3789 τὴν
394 3716 620 3770 ἐκείνων
642 3714 913 3785 καθέδραν
944 3714 1105 3784 ἔχων,
1146 3713 1308 3776 αὐτὸς
1336 3712 1524 3777 ἐδίωξε
1584 3714 1681 3766 καὶ
1727 3730 1861 3766 κατ-

281 3811 469 3879 έκρινε
502 3810 593 3862 τὸν
624 3807 853 3876 Κύριον·
882 3808 1032 3877 ὅμως
1052 3806 1110 3858 δὲ
1144 3805 1244 3875 τὴν
1273 3806 1573 3875 ἱερωσύνην
1598 3808 1625 3857 ὁ
1655 3804 1859 3872 Κύριος

270 3900 725 3971 τιμῶνηάφῆκεν
772 3897 906 3950 αὐτὸ
952 3896 1207 3966 γενέσθαι
1234 3912 1248 3928 ο
1278 3896 1482 3966 ὁμοίως
1504 3897 1555 3948 οἱ
1580 3896 1857 3966 προφῆται

268 3964 364 4047 ὑπ’
418 3964 735 4045 αίῖτοῦποῦ
778 3964 973 4055 ἐθνους-
1024 3964 1340 4044 ἐδιώκοντο.
1397 3987 1600 4041 Λοιπὸν
1628 3964 1858 4059 -Πέτρος

267 4085 477 4142 Μωσέα
522 4084 819 4150 διεδέξατο,
852 4084 952 4155 τὴν
983 4083 1178 4153 καινὴν
1213 4080 1543 4150 Ἐκκλησίαν
1590 4078 1855 4150 Χριστοῦ,

266 4177 370 4231 καὶ
392 4177 486 4247 τὴν
513 4177 778 4246 ἀληθινὴν
804 4174 1105 4243 ἱερωσύνην
1136 4173 1502 4246 ἐγχειρισθείς
1523 4215 1537 4229 .
1598 4173 1713 4225 Νῦν
1748 4173 1858 4241 γάρ

267 4275 388 4325 ἐστι
412 4269 697 4340 βάπτισμα
722 4268 900 4339 πυρὸς
933 4269 1027 4321 καὶ
1072 4267 1213 4320 Πνεύ
1224 4284 1415 4337 ματος,
1448 4266 1543 4318 καὶ
1579 4264 1854 4335 περιτομή

263 4380 353 4425 τις
383 4363 440 4413 ἐν
472 4361 671 4432 καρδίᾳ
700 4359 981 4429 γινομένη.
1018 4359 1091 4411 Τὸ
1138 4359 1245 4427 γὰρ
1283 4357 1429 4409 θεῖον
1472 4358 1568 4409 καὶ
1621 4356 1858 4425 ἐπουρά-

196 4507 200 4510 .
263 4469 383 4507 νιον
411 4452 636 4522 Πνεῦμα
664 4450 920 4521 ἐπιδημεῖ
947 4452 1004 4502 ἐν
1034 4450 1111 4518 τῷ
1146 4449 1220 4520 νῷ
1247 4464 1262 4481 ο
1294 4448 1432 4519 πλὴν
1454 4446 1579 4499 οὔτε
1635 4440 1782 4501 οῦτοι
1809 4448 1857 4498 οἱ

1982 602 2237 671 producit
2264 602 2451 670 spinas
2470 609 2525 655 et
2550 601 2781 656 tribulos
2806 619 2820 655 :
2848 604 3052 657 excolit
3076 604 3263 667 homo,
3298 605 3569 669 elaborat,

1981 691 2165 746 adhuc
2215 699 2395 746 tamen
2461 691 2631 761 spina
2684 707 2979 761 pravorum
3046 694 3342 763 spirituum
3439 711 3573 748 ena-

1979 792 2236 838 scuntur.
2266 782 2476 837 Deinde
2511 793 2734 837 sanctus
2768 784 2857 839 ille
2883 786 3123 855 Spiritus
3143 789 3427 857 suppetias
3464 790 3573 845 fert

1979 879 2347 933 imbecillitati
2399 880 2676 944 humana,
2705 889 2761 934 et
2791 882 3058 935 Dominus
3094 884 3246 952 ιοι
3310 885 3479 938 mittit
3516 885 3568 940 iu

1979 978 2182 1023 terram
2208 969 2394 1023 cordis
2419 985 2607 1024 semen
2655 972 2900 1036 caleste,
2945 979 3111 1042 atque
3145 976 3348 1029 excolit
3403 992 3523 1029 eam
3552 993 3567 1029 :

1976 1076 2088 1130 quo
2118 1063 2329 1116 semine
2352 1062 2517 1131 jacto,
2551 1062 2733 1117 adhuc
2763 1063 2952 1118 tribuli
2996 1073 3052 1118 et
3082 1066 3253 1134 spina
3275 1067 3567 1135 pullulant.

1976 1153 2169 1207 Denuo
2234 1152 2352 1222 ipse
2395 1154 2688 1219 Dominus,
2727 1170 2791 1209 ac
2850 1156 3015 1209 homo
3071 1167 3330 1211 exercent
3364 1168 3569 1213 terram

1976 1245 2194 1306 anima,
2224 1254 2279 1300 et
2313 1253 2523 1315 septem
2555 1246 2685 1299 mali
2729 1246 2959 1315 spiritus
3002 1262 3067 1300 ac
3095 1248 3266 1316 Spina
3305 1249 3571 1303 exoriun-

1977 1345 2069 1392 tur
2120 1337 2251 1402 illic,
2286 1346 2343 1391 et
2388 1338 2748 1407 repullulant,
2796 1338 2976 1393 donec
3024 1338 3484 1402 adveniatastas,
3512 1348 3570 1395 ct

1976 1428 2221 1485 abundet
2252 1429 2446 1502 gratia,
2478 1446 2544 1485 ac
2572 1428 2923 1485 desiccentur
2954 1429 3024 1484 ab
3056 1440 3189 1485 astu
3219 1432 3353 1486 solis
3395 1434 3566 1502 spina

1974 1528 2168 1575 enata.

2045 1782 2217 1837 XXII.
2274 1782 2389 1838 Etsi
2427 1782 2579 1837 enim
2618 1782 2867 1852 nequitia
2912 1782 3158 1838 adhaeret
3218 1792 3448 1847 natura,
3483 1785 3565 1838 sic

1903 1865 1944 1919 Β
1976 1886 2156 1932 tamen
2198 1876 2516 1930 dominatur
2548 1875 2623 1942 ci,
2654 1890 2777 1945 qua
2827 1875 2995 1930 habet
3047 1883 3285 1945 pastum.
3321 1875 3565 1930 Teneras

1971 1971 2119 2025 enim
2185 1969 2387 2023 herbas
2452 1968 2717 2021 frumenti
2761 1974 2947 2037 potest
3004 1967 3199 2020 lolium
3253 1966 3560 2029 suffocare;

1972 2064 2267 2133 ingruente
2300 2076 2433 2115 vero
2457 2070 2645 2115 astate
2681 2059 2775 2113 ubi
2804 2059 3021 2113 fructus
3046 2058 3306 2113 exsiccati
3333 2058 3560 2123 fuerint,

1969 2155 2110 2210 nihil
2160 2153 2311 2208 ladit
2362 2152 2554 2207 lolium
2608 2150 2971 2205 frumentum.
3024 2150 3212 2220 Itaque
3240 2152 3283 2204 si
3312 2152 3565 2205 evenerit

1969 2256 2030 2301 ut
2063 2246 2175 2301 sint
2220 2245 2444 2314 triginta
2492 2243 2661 2297 modii
2698 2242 2965 2297 frumenti
2996 2243 3143 2312 puri,
3174 2244 3261 2297 vix
3292 2243 3406 2297 illic
3432 2260 3563 2311 per—

1960 2342 2154 2399 Amistio
2185 2341 2322 2404 lolii,
2354 2341 2510 2395 velut
2537 2341 2781 2409 aliquota
2823 2341 3046 2395 sextarii
3082 2356 3208 2409 pars
3238 2342 3558 2409 apparebit,

1968 2434 2165 2488 obruta
2199 2441 2327 2487 sunt
2349 2433 2495 2486 enim
2525 2432 2693 2486 nimia
2718 2433 2876 2502 copia
2908 2432 3168 2487 frumenti
3197 2449 3209 2484 :
3243 2433 3562 2501 sicquoque

1968 2526 2023 2580 in
2058 2526 2254 2596 gratia,
2288 2541 2413 2579 cum
2438 2524 2647 2578 donum
2682 2523 2776 2577 Dei
2815 2532 2869 2578 et
2894 2525 3068 2593 gratia
3107 2524 3475 2580 abundaverit
3504 2526 3561 2579 in

1966 2618 2215 2680 homine,
2252 2626 2417 2686 atque
2439 2617 2817 2685 ditcscaterga
2848 2616 3168 2677 Dominum,
3201 2617 3345 2670 adsit
3375 2626 3559 2671 tamen

1966 2709 2149 2777 aliqua
2178 2708 2230 2761 in
2265 2717 2422 2777 parte
2449 2707 2736 2775 nequitia;
2788 2707 2981 2776 nequit
3011 2707 3101 2761 illa
3134 2708 3335 2762 ladcre
3376 2709 3561 2761 homi-

1965 2817 2114 2863 nem,
2174 2817 2356 2871 neque
2418 2801 2528 2853 vim
2586 2800 2751 2853 ullam
2806 2808 2901 2852 aut
2951 2798 3246 2869 imperium
3313 2801 3365 2854 in
3428 2817 3559 2855 eum

1965 2894 2202 2949 obtinet.
2238 2893 2522 2947 Adventus
2573 2893 2720 2947 enim
2758 2892 2971 2946 Domini
3000 2902 3055 2945 ct
3086 2893 3432 2961 providentia
3475 2901 3560 2948 cst

1964 2997 2280 3058 propterea,
2314 2996 2374 3042 ut
2400 2988 2453 3041 in
2485 2987 2811 3041 servitutem
2834 2986 3058 3041 malitia
3097 2987 3376 3051 redactos,
3396 2988 3560 3057 eique

1965 3079 2234 3135 obnoxios
2293 3088 2351 3133 et
2404 3078 2726 3148 subjugatos
2776 3078 3061 3142 liberaret,
3118 3094 3182 3132 ac
3245 3080 3561 3149 peccati'ct

1966 3169 2164 3223 mortis
2195 3168 2438 3223 victores
2486 3167 2749 3221 efﬁceret.
2786 3167 2907 3221 Non
2943 3166 3150 3222 debent
3200 3185 3331 3237 ergo
3362 3169 3560 3223 fratres

1967 3261 2337 3317 admiratione
2392 3259 2543 3325 duci,
2592 3259 2636 3313 si
2677 3274 2707 3313 a
2758 3258 3092 3329 quibusdam
3146 3259 3479 3331 afﬂigantur,
3505 3260 3559 3315 id

1965 3352 2046 3417 fit,
2080 3360 2142 3406 ut
2169 3352 2526 3406 vindicentur
2557 3365 2589 3404 a
2617 3350 2841 3404 malitia.

2031 3528 2226 3583 XXlll.
2277 3529 2498 3583 Etenim
2558 3528 2841 3598 quondam
2895 3530 3073 3583 Moses
3117 3538 3172 3583 et
3200 3529 3557 3594 Aaron,cum

1962 3623 2278 3693 p0tirentur
2323 3620 2659 3684 sacerdotio,
2694 3622 2868 3675 multa
2902 3622 3277 3690 pertulerunt.
3322 3620 3560 3690 Caiphas

1962 3726 2173 3779 autem,
2215 3714 2310 3784 qui
2346 3729 2540 3768 eorum
2575 3714 2897 3767 cathedram
2945 3712 3190 3774 tenebat,
3225 3712 3339 3781 ipse
3368 3727 3559 3781 perse-

1962 3816 2126 3860 cutus
2186 3815 2295 3870 est,
2341 3813 2398 3859 et
2442 3804 2837 3859 condemnavit
2896 3805 3237 3859 Dominum:
3292 3803 3561 3857 Dominus

1962 3908 2144 3953 tamen
2175 3897 2551 3952 sacerdotium
2597 3905 2920 3952 reverenter
2950 3897 3183 3961 habens,
3220 3896 3469 3967 permisit
3491 3896 3560 3950 il~

1959 3992 2055 4047 lud
2083 3991 2223 4046 fieri.
2263 3990 2461 4045 Itidem
2494 3990 2775 4059 propheta
2802 4005 2829 4043 a
2861 3998 3025 4060 gente
3069 4004 3167 4043 sua
3212 3989 3561 4059 persecutio-

1960 4101 2089 4140 nem
2116 4084 2262 4155 passi
2312 4091 2463 4138 sunt.
2508 4083 2709 4137 Postea
2758 4082 2946 4136 Mosen
2977 4081 3198 4149 excepit
3224 4081 3440 4145 Petrus,
3469 4080 3560 4134 cui

1960 4193 2103 4232 nova
2144 4176 2389 4232 Ecclesia
2433 4175 2639 4231 Christi
2678 4190 2743 4229 ac
2786 4189 2980 4229 verum
3017 4174 3389 4229 sacerdotium
3411 4187 3563 4228 com-

1961 4267 2192 4322 missum
2243 4276 2350 4322 est.
2385 4267 2506 4323 Jam
2553 4266 2705 4321 enim
2751 4274 2836 4319 est
2871 4265 3145 4333 baptisma
3180 4264 3322 4335 ignis
3353 4271 3408 4318 et
3444 4263 3559 4333 spi—

1961 4360 2125 4423 ritus,
2167 4368 2226 4413 et
2252 4358 2609 4413 circumcisio
2639 4357 2891 4427 quadam
2923 4356 2979 4409 in
3015 4356 3181 4410 corde
3211 4355 3289 4409 fit.
3324 4356 3558 4409 Divinus

1960 4452 2108 4507 enim
2152 4458 2209 4505 et
2248 4449 2490 4505 calestis
2534 4448 2777 4517 Spiritus
2818 4457 3194 4501 commoratur
3243 4448 3299 4500 in
3348 4456 3555 4500 mente.

263 4545 485 4608 τέλειοι,
520 4544 624 4607 ἕως
653 4545 791 4596 εἱσὶν
816 4544 894 4604 είς
924 4542 1021 4611 τὴν
1045 4541 1245 4610 σάρκα,
1274 4537 1641 4609 ἁμεριμνοῦσι
1683 4536 1772 4591 διὰ
1792 4537 1854 4590 τὸ

1969 4542 2159 4597 Verum
2206 4555 2385 4609 neque
2434 4540 2491 4593 hi
2545 4539 2799 4609 perfecti,
2832 4540 3081 4609 quandiu
3136 4539 3344 4593 suntin
3369 4553 3558 4603 carne,

268 4635 645 4699 αὐτεξούσιον,
707 4633 822 4685 ἀλλ’
879 4632 1107 4702 ἐμφοόοί
1146 4634 1252 4684 εἱσι
1278 4647 1290 4660 ·
1329 4632 1410 4683 διὸ
1462 4632 1557 4684 καὶ
1592 4648 1854 4702 παραχω-

271 4727 495 4795 ροῦνται
546 4725 931 4795 πειράζεσθαι.
990 4725 1051 4776 Εἰ
1099 4723 1155 4776 δὲ
1198 4724 1394 4792 φθάσει
1441 4725 1474 4793 ἠ
1521 4722 1669 4793 ψυχὴ
1718 4721 1855 4792 πρὸς

265 4820 486 4890 ἐκείνην
514 4818 612 4888 τὴν
643 4818 799 4870 πόλιν
830 4817 939 4869 τῶν
970 4816 1141 4882 ἁγίων
1171 4815 1450 4876 ἀπελθεῖν,
1480 4815 1600 4867 τότε
1628 4814 1855 4867 δύναται

268 4912 434 4983 μόνον
464 4911 593 4966 ἄνευ
644 4911 879 4980 θλίψεως
927 4909 1023 4962 καὶ
1074 4907 1447 4977 πειρατηρίων
1484 4901 1660 4959 εἶναι’
1710 4907 1859 4958 Ἐκεῖ

265 5006 380 5076 γάρ
413 5006 596 5058 οὐκέτι
622 5004 738 5056 ἐστὶ
790 5003 1050 5073 μέριμνα,
1088 5000 1121 5071 ἢ
1165 4999 1363 5068 θλίψις,
1403 4998 1437 5069 ἢ
1474 4998 1654 5061 πόνος,
1687 4997 1858 5066 ἦ,γῆ-

272 5097 451 5168 ρα;,ῆ
493 5094 817 5162 Σατανᾶς,ἥ
854 5092 1092 5161 πόλεμος
1118 5108 1130 5120 ο
1167 5090 1281 5142 ἀλλ’
1329 5091 1657 5153 ἀνάπαυσις,
1688 5089 1853 5158 χαρὰ,

268 5183 483 5254 εἱρήνη,
516 5184 610 5234 καὶ
638 5182 903 5251 σωτηρία.
964 5179 1021 5233 Ὀ
1043 5180 1150 5250 γὰρ
1174 5178 1377 5248 Κύριος
1404 5181 1461 5231 ἐν
1494 5179 1644 5250 μέσῳ
1677 5179 1858 5232 αὐτῶν

266 5271 443 5332 ἐστιν,
498 5269 557 5333 ὃς
611 5270 952 5322 ἐπικαλεῖται
990 5269 1183 5339 Σωτὴρ
1233 5269 1321 5321 διά
1371 5269 1431 5321 τὸ
1482 5270 1678 5332 σώζειν
1728 5268 1858 5331 τοὺς

269 5359 658 5429 αἰχμαλώτους
682 5375 700 5391 ⁸
736 5360 920 5431 ἰατρὸς
970 5358 1350 5427 ἐπικέκληται,
1390 5358 1577 5427 ἐπειδὴ
1607 5359 1860 5429 οὐράνιον

267 5449 371 5503 καὶ
401 5450 585 5504 eam
606 5451 898 5521 φάρμακον
940 5450 1146 5515 δίδωσι,
1178 5449 1271 5503 καὶ
1300 5450 1445 5501 ίᾶται
1471 5450 1539 5503 τὰ
1586 5447 1735 5517 πάθη
1760 5448 1860 5517 τῆς

267 5541 489 5614 ψυχῆς·
548 5542 607 5598 ἐν
649 5561 759 5598 τισι
826 5545 935 5615 γὰρ
985 5543 1302 5613 κυριεύουσι
1358 5541 1451 5595 τοῦ
1524 5540 1856 5609 ἀνθρώπων

270 5635 416 5705 πρὸς
470 5637 629 5705 λόγον
685 5637 743 5690 δὲ
789 5638 984 5703 εἰπεῖν,
1022 5636 1139 5689 ἔστι
1190 5636 1461 5699 Βασιλεὺς
1516 5635 1610 5689 καὶ
1643 5634 1797 5699 Θεὸς,
1833 5635 1861 5686 6

286 5727 500 5797 Ἰησοῦς
525 5746 539 5760 ⁸
570 5729 840 5800 τύραννος
867 5729 923 5781 δὲ
958 5730 1053 5781 καὶ
1081 5728 1267 5798 ἄρχων
1292 5728 1481 5791 κακὸς,
1524 5729 1552 5780 6
1592 5728 1857 5789 Σατανᾶς.

1959 4639 2149 4686 carent
2195 4628 2574 4685 sollicitudine
2632 4639 2859 4699 propter
2918 4629 3137 4683 arbitrii
3206 4630 3558 4694 libertatem;

1958 4722 2054 4778 sed
2091 4729 2241 4777 metu
2286 4722 2679 4791 percutiuntur
2708 4762 2722 4786 ,
2783 4730 2949 4792 atque
3007 4732 3302 4792 pr0ptcrea
3356 4720 3557 4775 tentari

1961 4816 2381 4887 permittuntur.
2414 4814 2520 4869 Ubi
2570 4829 2703 4868 vero
2740 4815 2923 4868 anima
2981 4814 3049 4868 ad
3092 4815 3241 4867 illam
3273 4813 3570 4893 civitatem.

1960 4916 2279 4961 sanctorum
2316 4904 2659 4976 pervenerit,
2692 4913 2806 4959 tum
2827 4904 3049 4958 demum
3074 4904 3279 4972 absque
3310 4902 3561 4956 afflictio-

1962 4999 2129 5054 nibus
2180 5008 2236 5052 et
2291 4997 2695 5052 tentationibus
2752 4997 2920 5051 vitam
2982 5012 3144 5065 agere
3204 5004 3405 5064 potest.
3442 4994 3561 5048 Illic

1961 5090 2110 5145 enim
2150 5107 2261 5144 non
2297 5091 2538 5159 amplius
2573 5098 2658 5144 est
2689 5088 3031 5152 sollicitudo,
3067 5096 3163 5141 aut
3192 5086 3443 5148 afflictio,
3466 5092 3563 5140 aut

1962 5180 2143 5245 labor,
2187 5188 2285 5233 aut
2334 5187 2616 5241 senectus,
2662 5187 2757 5231 aut
2787 5178 3042 5241 Satanas,
3080 5186 3175 5231 aut
3207 5178 3436 5241 bellum,
3464 5175 3560 5231 sed

1964 5269 2212 5338 requies,
2249 5268 2539 5339 gaudium,
2585 5268 2777 5322 latitia
2807 5279 2862 5323 et
2896 5268 3064 5322 salus.-
3103 5268 3161 5321 in
3197 5267 3381 5321 medio
3411 5266 3560 5320 enim

1964 5361 2187 5416 illorum
2219 5371 2305 5415 est
2331 5361 2618 5425 Dominus,
2649 5361 2744 5430 qui
2777 5362 3090 5431 appellatur
3111 5360 3385 5422 Salvator,
3409 5358 3559 5428 quod

1964 5454 2163 5507 liberet
2195 5453 2446 5522 captivos
2475 5470 2487 5504 :
2535 5453 2847 5522 appellatur
2880 5454 3153 5519 medicus,
3186 5452 3334 5521 quod
3386 5453 3555 5505 cale-

1966 5557 2105 5601 stem
2134 5561 2199 5600 ac
2226 5545 2469 5599 divinam
2494 5545 2826 5600 medicinam
2858 5544 3127 5610 conferat,
3151 5552 3207 5599 et
3239 5542 3565 5597 affectiones

1966 5638 2165 5691 anima
2190 5645 2387 5691 curet:
2443 5636 2797 5706 aliquatenus
2843 5635 2992 5690 enim
3029 5634 3326 5704 imperium
3353 5631 3411 5686 in
3450 5627 3558 5685 lio-

1970 5726 2175 5780 minem
2213 5725 2470 5781 obtinent
2520 5726 2644 5783 illa.
2683 5726 2803 5782 Uno
2840 5727 3011 5781 verbo
3038 5732 3225 5781 autem
3264 5734 3326 5781 ut
3352 5722 3559 5789 dicam,

270 5820 433 5878 Jesus
462 5830 547 5879 est
572 5821 690 5879 Rex
715 5830 772 5878 et
802 5823 981 5888 Deus;
1021 5822 1253 5876 Satanas
1296 5830 1480 5879 autem
1510 5816 1777 5894 tyrannus
1803 5829 1857 5875 ct
1890 5821 2149 5891 princeps
2186 5820 2489 5891 nequitia.
