3966 6428
472 365 572 432 691

1719 367 1779 426 s.
1822 362 2139 423 manu
2181 359 2504 419 ZEGYPTII
3603 361 3690 425 592

545 480 735 538 XXIV.
766 479 922 547 Quod
946 485 1219 548 superest,
1254 476 1401 530 Deus
1430 480 1496 530 et'
1519 472 1697 543 angeli
1725 472 1844 542 ejus
1881 468 2051 523 homi-

2230 468 2353 519 KA'.
2385 464 2588 519 Λοιπὸν
2617 464 2646 517 ό
2692 462 2823 527 Θεὸς
2868 464 2960 518 καὶ
2988 464 3040 516 οἱ
3084 463 3300 533 ἄγγελοι
3326 464 3489 520 αὐτοῦ
3514 466 3596 522 τὸν
3618 470 3694 523 ἀν-

473 589 600 629 rrem
634 574 786 627 illum
823 571 1015 624 volunt
1049 584 1155 622 nna
1199 583 1387 621 secum
1422 564 1786 619 domesticum
1822 562 2054 615 reddere

474 667 531 720 in
564 680 764 735 regno:
800 663 991 717 itidem
1041 660 1295 716 diabolus
1343 668 1400 713 et
1429 657 1607 727 angeli
1645 656 1765 725 ejus
1788 662 2056 721 emptam

469 773 597 809 eum
629 756 733 810 sibi
775 754 1076 824 adjungere
1126 760 1184 806 et
1228 751 1283 803 in
1324 764 1453 803 suas
1486 754 1669 817 partes
1703 744 2052 814 pertrahere.

469 848 647 905 Media
672 849 837 917 igitur
862 855 946 900 est
967 845 1149 899 anima
1180 843 1325 895 inter
1355 840 1495 893 duas
1517 840 1861 909 hypostases,
1887 844 2053 905 atque

472 952 647 994 utram
678 940 731 993 in
765 948 976 1009 partem
1016 944 1202 1005 postea
1246 933 1525 988 inclinarit
1557 932 1813 985 voluntas
1833 928 2051 990 animae,

470 1034 590 1102 ejus
629 1032 687 1085 ﬁt
722 1030 973 1100 propria,
994 1029 1223 1098 ejusque
1268 1025 1435 1079 ﬁlius.
1481 1023 1715 1077 Perinde
1740 1028 1949 1084 autem,
1990 1034 2055 1073 ac

470 1124 515 1176 si
551 1123 731 1176 mittat
775 1130 933 1190 pater
968 1119 1242 1188 quispiam
1293 1117 1349 1171 in
1394 1116 1677 1187 regionem
1706 1114 2053 1184 peregrinam

473 1212 643 1265 ﬁlium
690 1228 875 1275 suum,
910 1210 1003 1263 ubi
1055 1215 1351 1262 occurrant
1373 1206 1424 1261 ei
1450 1206 1505 1259 in
1530 1206 1617 1258 via
1651 1203 1864 1267 bestiae,
1888 1212 2056 1271 atque

469 1303 721 1356 conferat
762 1302 839 1355 illi
878 1302 1172 1371 pharmaca
1215 1307 1273 1353 et
1311 1296 1599 1362 antidota;
1632 1304 1693 1349 ut
1722 1294 1768 1349 si
1800 1294 2057 1348 adorian-

472 1403 562 1448 tur
595 1410 720 1449 cum
746 1394 944 1448 bellum.
976 1392 1385 1453 autdracones,
1417 1388 1601 1444 oblato
1638 1387 1936 1457 pharmaco
1961 1385 2055 1439 illa

470 1482 802 1536 interﬁciat:
851 1480 1047 1534 eodem
1093 1493 1315 1547 quoque
1355 1476 1518 1530 modo
1542 1491 1640 1529 vos
1673 1489 1895 1529 omnem
1923 1488 2053 1527 ner-

468 1591 595 1630 vum
634 1574 926 1636 intendite,
973 1582 1034 1626 ut
1081 1570 1367 1640 accipiatis
1425 1570 1651 1624 caeleste
1694 1569 2054 1638 pharmacum

467 1667 614 1735 quod
671 1666 881 1720 mederi
925 1674 1108 1735 potest
1166 1671 1223 1717 et
1254 1662 1567 1717 antidotum
1615 1670 1701 1715 est
1729 1660 1960 1723 animm;
1995 1668 2055 1714 ut

466 1757 607 1826 ejus-
629 1756 895 1809 beneﬁcio
931 1753 1262 1808 interimatis
1290 1767 1564 1806 venenum
1600 1752 1924 1805 emittentes
1953 1750 2054 1803 be-

2160 559 2378 628 θρωπον
2406 558 2596 611 τοῦτον
2624 557 2900 628 βούλονται
2925 556 3312 611 οἰκειώσασθαι
3349 559 3465 627 μεθ’
3519 560 3695 615 ἑαυτῶν

2155 654 2234 713 εἰς
2267 651 2364 719 τὴν
2397 649 2673 717 βασιλείαν
2699 664 2712 679 ⁸
2744 648 2946 718 ὁμοίως
2982 650 3010 701 ό
3032 648 3277 711 διάϐολος
3302 648 3399 701 καὶ
3425 650 3474 701 oi
3506 649 3695 717 ἄγγελοι

2154 741 2323 795 αὐτοῦ
2362 742 2610 794 θέλουσιν
2664 740 3053 793 οἰκειώσασθαι
3112 738 3301 793 τοῦτον
3347 742 3429 803 είς
3481 740 3698 804 ἑαυτούς.

2155 836 2311 903 Μέση
2356 831 2451 887 οὖν
2502 836 2649 887 ἐστιν
2692 836 2727 903 ἡ
2770 834 2916 903 ψυχὴ
2958 834 3066 887 τῶν
3106 834 3200 887 δύο
3230 834 3592 896 ὐποστάσεων,
3623 836 3701 887 καὶ

2155 926 2340 979 λοιπὸν
2362 926 2440 988 είς
2469 920 2581 978 οἷον
2611 923 2677 977 ἂν
2713 924 2877 993 μέρος
2914 924 3052 994 ρέψῃ
3075 925 3136 977 τὸ
3167 924 3377 993 θέλημα
3405 924 3501 993 τῆς
3526 924 3699 993 ψυχῆς,

2155 1018 2364 1071 ἐκείνου
2404 1017 2615 1085 γίνεται
2658 1016 2753 1070 καὶ
2793 1016 2929 1079 υίός.
2982 1018 3194 1086 Ὥσπερ
3226 1017 3282 1070 δὲ
3314 1016 3407 1069 ἐὰν
3439 1017 3703 1087 ἀποστείλῃ

2153 1126 2238 1174 τις
2273 1109 2457 1180 πατὴρ
2479 1110 2560 1171 είς
2583 1107 2821 1179 πατρίδα
2864 1108 3021 1177 ξένην
3054 1107 3148 1161 τὸν
3195 1108 3389 1161 ἐαυτοῦ
3416 1108 3547 1171 υίὸν,
3589 1108 3702 1160 ὅπου

2154 1201 2473 1254 ἀπαντῶσιν
2506 1199 2653 1270 αὑτῷ
2678 1199 2802 1252 καθ’
2841 1200 2962 1254 ὁδὸν
2993 1199 3181 1270 θηρία,
3216 1200 3309 1253 καὶ
3336 1200 3547 1252 δίδωσιν
3576 1200 3705 1269 αὐτῷ

2156 1292 2449 1363 φάρμακα,
2484 1291 2581 1344 καὶ
2614 1290 2863 1344 ἀντίδοτα
2883 1308 2897 1321 ·
2930 1291 3017 1343 ἵνα
3051 1290 3148 1343 ἐὰν
3184 1290 3331 1361 αύτῷ
3365 1289 3621 1343 ἐπέλθωσι
3648 1290 3707 1345 τά

2156 1385 2381 1457 θηρίαῆ
2424 1386 2737 1457 δράκοντες,
2780 1384 2949 1455 ἐπιδῷ
2993 1386 3056 1439 τὸ
3108 1386 3421 1457 φάρμακον,
3472 1386 3563 1438 καὶ
3594 1386 3710 1437 ἀπο-

2156 1476 2341 1548 κτείνῃ
2386 1478 2555 1530 αὑτά·
2605 1475 2781 1539 οὕτως
2838 1479 2934 1530 καὶ
2976 1477 3139 1547 ἡμεῖς
3173 1478 3512 1531 σπουδάσατε
3546 1477 3709 1530 λαϐεῖν

2156 1569 2479 1638 ἐπουράνιον
2539 1569 2852 1639 φάρμακον,
2884 1569 2944 1621 τὸ
3005 1570 3295 1638 ίαματικὸν
3333 1570 3431 1622 καὶ
3462 1570 3708 1622 ἀντίδοτον

2154 1658 2261 1726 τῆς
2294 1659 2497 1729 ψυχῆς,
2528 1658 2615 1712 ῐνα
2641 1660 2711 1712 δι’
2734 1659 2900 1712 αὑτοῦ
2936 1660 3295 1728 ἀποκτείνητε
3318 1660 3387 1712 τά
3421 1660 3595 1713 ἱοϐόλα
3625 1660 3710 1729 θη-

2160 1748 2252 1815 ρία
2281 1749 2388 1801 τῶν
2412 1748 2740 1820 ἀκαθάρτων
2775 1751 3125 1819 πνευμάτων.
3156 1752 3270 1803 Ούκ
3294 1751 3413 1803 ἔστι
3448 1751 3553 1820 γὰρ
3572 1750 3711 1803 εὔκα-

467 1846 603 1900 slias
633 1843 1042 1898 immnndorum
1083 1841 1401 1911 spirituum.
1434 1840 1554 1893 Non
1582 1850 1667 1894 est
1695 1840 1842 1893 enim
1871 1838 2048 1903 facile,

2157 1838 2247 1892 λον
2304 1842 2559 1910 πρᾶγμα,
2626 1839 2873 1909 καθαράν
2919 1840 3145 1911 καρδίαν
3184 1840 3527 1910 κτήσασθαι·
3572 1842 3617 1893 εί
3648 1839 3712 1909 μὴ

468 1952 668 2006 purum
702 1952 797 1991 cor
849 1936 1156 2006 possidere,
1193 1935 1300 1989 nisi
1359 1935 1534 1988 multo
1580 1949 1706 1987 cum
1747 1932 2054 1987 certamine

468 2036 526 2081 et
581 2027 792 2088 labore,
837 2027 992 2096 102
1036 2036 1098 2081 ut
1147 2025 1543 2081 conscientiam
1581 2032 1653 2088 {et
1703 2038 1801 2077 cor
1847 2037 2052 2092 purum

470 2118 673 2173 habeat
704 2119 891 2183 homo,
923 2128 986 2173 ut
1020 2118 1241 2188 penitus
1273 2117 1541 2171 evellatur
1570 2115 1838 2184 nequitia.

541 2210 705 2266 XXV.
754 2210 1036 2281 Contingit
1084 2211 1234 2266 enim
1278 2210 1453 2280 gratia
1492 2209 1731 2277 aliquem
1761 2207 2052 2277 praeditum

467 2316 613 2365 esse,
650 2304 809 2372 cujus
839 2311 1021 2356 tamen
1063 2318 1160 2357 cor
1204 2301 1451 2356 nondum
1479 2301 1551 2354 sit
1582 2299 1953 2370 puriﬁcatum.
1984 2300 2053 2353 Et

468 2403 759 2462 propterea
783 2394 1103 2449 ceciderunt
1146 2394 1239 2463 qui
1284 2393 1423 2462 lapsi
1463 2401 1615 2457 sunt,
1666 2408 1734 2447 eo
1765 2394 1913 2462 quod
1937 2407 2051 2446 non

469 2485 849 2550 crediderunt,
883 2495 1009 2555 post
1057 2493 1340 2554 acceptam
1378 2484 1610 2555 gratiam
1642 2484 1921 2538 adhmrere
1946 2486 2052 2541 illis

467 2577 677 2631 fumum
701 2592 766 2631 ac
788 2586 1096 2646 peccatum.
1120 2576 1324 2631 Omnes
1344 2591 1478 2631 vero
1489 2576 1624 2646 justi
1651 2591 1749 2643 per
1765 2584 2049 2644 angustam

466 2672 632 2733 atque
660 2665 974 2720 aﬂlictionis
1009 2667 1229 2735 plenam
1253 2667 1399 2719 viam
1429 2680 1606 2735 usque
1636 2664 1703 2719 ad
1746 2665 1911 2718 ﬁnem
1940 2666 2051 2719 Deo

467 2756 744 2826 placuere.
778 2758 1127 2813 Abrahamus
1159 2774 1285 2812 cum
1315 2767 1463 2813 esset
1494 2758 1669 2823 dives,
1707 2766 1821 2812 tum
1849 2774 2050 2812 secun-

468 2848 599 2901 dum
647 2851 817 2903 Deum
871 2859 984 2904 tum
1041 2853 1344 2905 secundum
1407 2852 1715 2914 mundum,
1762 2861 1959 2905 terram
1988 2869 2052 2905 ac

468 2939 741 3010 pulverem
778 2942 823 2972 ⁸³
870 2958 928 2996 se
968 2942 1146 3011 ipsum
1188 2943 1514 2997 nominavit.
1562 2945 1627 2996 Et
1658 2944 1826 2997 David
1878 2963 1890 2998 :
1948 2944 2053 3014 0pc

466 3032 736 3100 prabrium
798 3034 1088 3096 hominum,
1131 3033 1330 3102 inquit.
1362 3044 1422 3102 ,ει
1479 3035 1699 3104 abjectio
1743 3034 1924 3102 plebis.
1957 3036 2048 3100 Et,

467 3121 657 3174 vermis
698 3130 745 3173 et
790 3139 894 3175 non
937 3124 1088 3176 homo
1108 3123 1171 3176 ³⁵.
1205 3123 1472 3177 Similiter
1496 3139 1691 3179 omnes
1724 3127 1958 3193 apostoli
1992 3136 2048 3181 ct

468 3210 754 3279 prophetae
796 3212 937 3265 male
966 3212 1138 3267 habiti
1184 3215 1414 3268 summis
1442 3214 1822 3269 aﬂiciebantur
1853 3228 2049 3273 contu-

468 3300 671 3354 meliis.
704 3302 970 3357 Dominus
997 3302 1134 3372 ipse,
1168 3303 1262 3372 qui
1289 3303 1377 3357 via
1406 3314 1490 3358 est
1520 3314 1575 3358 et
1595 3305 1762 3371 Deus,
1796 3320 1922 3359 cum
1940 3324 2050 3362 non

468 3400 698 3463 propter
728 3392 971 3462 seipsum
1011 3395 1107 3449 sed
1138 3403 1362 3465 propter
1407 3405 1459 3450 te
1496 3397 1667 3461 venit,
1694 3406 1753 3451 ut
1779 3408 1939 3469 typus
1988 3415 2053 3454 ae

468 3483 782 3549 exemplum
805 3483 904 3537 tibi
929 3483 1086 3539 ﬁeret
1120 3486 1301 3540 omnis
1323 3486 1484 3553 boni;
1513 3488 1792 3557 perpende
1813 3489 1867 3541 in
1888 3506 2053 3558 quan-

471 3579 580 3624 tam
622 3570 991 3627 humililatcm
1016 3590 1074 3629 se
1109 3576 1396 3645 abiecerit,
1433 3575 1606 3631 forma
1633 3579 1775 3633 servi
1804 3589 2048 3649 accepta,

468 3661 565 3729 qni
592 3669 676 3715 est
702 3662 867 3725 Deus,
889 3664 984 3718 Dei
1013 3664 1205 3727 Filius,
1242 3666 1381 3730 Rex,
1410 3667 1582 3721 Filius
1615 3668 1802 3738 Regis,
1838 3670 2051 3725 donans

468 3752 692 3821 quidem
720 3754 834 3822 ipse
857 3756 1105 3810 curantia
1124 3756 1436 3826 pharmaca,
1460 3772 1769 3829 sanansque
1790 3763 2051 3817 vulnera-

470 3852 582 3908 tos;
630 3849 874 3902 exterius
910 3857 1091 3902 tamen
1127 3849 1280 3903 velut
1319 3866 1462 3905 unus
1499 3852 1911 3908 vulneratorum
1952 3870 2050 3925 ap-

468 3949 690 4004 parens.

544 4025 731 4083 XXVI.
760 4026 1029 4084 Cancrum
1055 4047 1123 4085 ne
1141 4030 1411 4101 despicias
1439 4034 1679 4089 divinam
1705 4035 2049 4107 dignitatem,

469 4116 600 4169 dum
627 4118 900 4186 conspicis
925 4118 1078 4174 illum
1110 4122 1357 4177 exterius
1391 4124 1762 4193 humiliatum,
1799 4137 1859 4181 ut
1898 4129 2053 4183 simi-

470 4204 578 4260 lem
631 4206 825 4273 nobis;
881 4218 1111 4278 propter
1150 4227 1252 4265 nos
1279 4213 1359 4268 sic
1381 4218 1654 4285 apparuit,
1684 4234 1795 4273 non
1826 4230 2051 4288 propter

469 4308 530 4347 se
556 4293 1069 4365 ipsum.Perpende,
1099 4314 1162 4351 ea
1186 4299 1320 4354 hora
1337 4318 1443 4370 qua
1473 4304 1785 4359 clamabant
1814 4324 1827 4361 :
1861 4306 2049 4362 Cruci-

468 4380 592 4449 ﬁge,
653 4383 899 4453 truci/ige
982 4402 1099 4438 eum
1121 4387 1187 4451 ⁸⁸,
1267 4403 1331 4443 ac
1381 4391 1618 4459 populus
1661 4394 2047 4461 concurrebat,

468 4491 634 4544 quam
684 4475 1006 4533 humiliatus
1039 4490 1155 4535 erat
1197 4497 1309 4551 prae
1349 4484 1641 4539 omnibus?
1671 4486 2046 4554 Quemadmo-

2160 1929 2298 1999 μετά
2333 1930 2542 1997 ἀγῶνος
2582 1929 2780 1982 πολλοῦ
2832 1931 2926 1983 καὶ
2979 1931 3250 1999 καμάτου,
3300 1932 3388 1983 ἵνα
3433 1930 3711 2001 συνείδησιν

2154 2021 2249 2073 καὶ
2300 2022 2546 2091 καθαράν
2606 2021 2832 2089 καρδίαν
2887 2024 3155 2093 κτήσηται
3208 2024 3234 2075 ὁ
3282 2022 3589 2093 ἄνθρωπος,
3638 2022 3712 2074 τνα

2153 2114 2414 2177 όλοτελῶς
2438 2112 2710 2184 ἐκριζωθῇ
2739 2113 2799 2166 τὸ
2826 2115 3015 2169 κακόν.

2225 2205 2355 2258 KE’.
2396 2206 2508 2259 Καὶ
2538 2206 2700 2275 χάριν
2739 2207 2845 2277 γὰρ
2875 2207 3165 2277 συμϐαίνει
3190 2203 3326 2262 εἶναι
3356 2208 3438 2271 εἷς
3474 2212 3714 2275 τινα,καὶ

2154 2300 2187 2370 ἡ
2220 2300 2417 2369 καρδία
2446 2300 2505 2352 ού
2536 2299 2936 2370 κεκαθάρισται
2965 2316 2979 2329 ⁸
3018 2299 3113 2353 καὶ
3156 2299 3244 2353 διὰ
3270 2299 3433 2354 τοῦτο
3464 2301 3647 2355 ἔπεσον
3671 2304 3713 2354 oi

2154 2390 2437 2453 πεσόντες,
2460 2392 2544 2444 ὃτι
2572 2392 2673 2443 οὐκ
2707 2393 3038 2444 ἐπίστευσαν
3068 2391 3205 2460 μετά
3238 2392 3336 2461 τὴν
3367 2394 3528 2464 χάριν
3552 2394 3713 2445 συνεῖ-

2154 2500 2241 2535 ναι
2280 2483 2462 2546 αύτοῖς
2508 2483 2600 2535 τὸν
2634 2482 2842 2535 καπνὸν
2902 2484 2997 2536 καὶ
3038 2483 3136 2552 τὴν
3180 2483 3461 2553 ἁμαρτίαν
3492 2503 3503 2515 ·
3539 2485 3715 2546 πάντες

2153 2572 2207 2624 δὲ
2228 2573 2277 2624 οἱ
2310 2572 2508 2625 δίκαιοι
2538 2572 2627 2625 διὰ
2658 2572 2758 2642 τῆς
2804 2572 2998 2642 στενῆς
3035 2574 3131 2626 καὶ
3182 2573 3556 2644 τεθλιμμένης
3586 2574 3713 2635 ὁδοῦ,

2158 2664 2319 2734 μέχρι
2368 2664 2556 2727 τέλους
2609 2663 2988 2735 εὐηρέστησαν
3042 2663 3118 2733 τῷ
3176 2663 3316 2733 Θεῷ.
3380 2666 3441 2718 'U
3487 2664 3717 2735 Ἀϐραὰμ

2154 2756 2295 2809 κατὰ
2328 2755 2461 2808 Θεὸν
2493 2754 2747 2819 πλούσιος
2778 2753 2874 2820 ὢν,
2907 2756 3002 2809 καὶ
3036 2756 3177 2809 κατά
3203 2758 3433 2825 κόσμον,
3465 2756 3581 2824 γῆν
3610 2757 3716 2808 ἐαυ-

2152 2847 2243 2899 τὸν
2273 2847 2370 2901 καί
2388 2846 2622 2901 σποδὸν
2664 2846 2969 2917 ὠνόμαζεν·
3001 2849 3095 2901 καὶ
3138 2847 3322 2912 Δαϐιδ,
3342 2847 3606 2913 Ὀνειδος
3635 2847 3718 2901 ἁν-

2152 2938 2418 3006 θρώπων,
2444 2940 2597 3009 φησὶ,
2621 2939 2715 2992 καὶ
2735 2939 3118 3008 ἐξουδένωμα
3135 2937 3323 3002 λαῶν,
3345 2941 3445 2992 καὶ
3468 2939 3715 3005 σκώληξ,

2152 3032 2254 3085 καί
2285 3034 2397 3086 οὐκ
2432 3032 2765 3101 ἅνθρωπος.
2844 3034 3079 3103 Ὁμοίως
3133 3033 3334 3096 πάντες
3369 3036 3421 3086 οί
3455 3032 3717 3087 ἀπόστολοι

2153 3127 2248 3179 καὶ
2282 3125 2559 3196 προφῆται
2600 3125 3055 3197 κακουχούμενοι,
3117 3126 3506 3196 ὀνειδιζόμενοι
3551 3121 3677 3196 ἦσαν
3702 3139 3713 3152 ·

2153 3218 2317 3281 αὐτὸς
2342 3220 2371 3271 ό
2404 3218 2617 3289 Κύριος
2648 3219 2707 3282 ὅς
2740 3219 2890 3271 ἐστιν
2915 3217 3031 3281 ὁδὸς
3081 3219 3176 3270 καὶ
3215 3218 3347 3281 Θεὸς
3382 3218 3551 3271 ἐλθὼν
3578 3217 3633 3270 ού
3660 3215 3717 3269 δι’

2153 3312 2366 3377 ἐαυτὸν,
2399 3312 2536 3365 ἀλλά
2575 3311 2663 3366 διὰ
2706 3312 2787 3375 σὲ,
2821 3312 2909 3365 ἵνα
2935 3328 3016 3365 σοι
3074 3311 3244 3375 τύπος
3274 3311 3511 3380 γένηται
3541 3310 3719 3371 παντὸς

2151 3404 2381 3470 ἀγαθοῦ,
2416 3403 2581 3473 βλέπε
2626 3406 2707 3468 είς
2754 3403 2914 3457 ποίαν
2958 3404 3287 3456 ταπείνωσιν
3332 3398 3491 3473 ἦλθε,
3527 3400 3716 3473 μορφὴν

2151 3493 2338 3547 δούλου
2362 3493 2562 3557 λαϐὼν,
2588 3493 2740 3559 Θεὸς,
2770 3492 2896 3554 Υἱὸς
2919 3492 3078 3558 Θεοῦ,
3101 3491 3388 3557 Βασιλεὺς,
3417 3492 3542 3556 Υἱὸς
3580 3491 3715 3560 βασι-

2153 3585 2311 3649 λέως,
2370 3586 2546 3649 διδοὺς
2612 3586 2712 3655 μὲν
2771 3585 2934 3647 αὐτὸς
2978 3584 3243 3654 ίαματικὰ
3294 3584 3586 3653 φάρμακα,
3636 3579 3715 3632 καὶ

2154 3677 2473 3745 θεραπεύων
2528 3680 2654 3741 τοὺς
2691 3676 3269 3747 τετραυματισμένους
3301 3692 3315 3706 ·
3356 3675 3560 3742 ἔξωθεν
3584 3671 3716 3732 δὲὼς

2153 3765 2233 3831 εἷς
2264 3772 2370 3823 τῶν
2396 3772 2954 3841 τετραυματισμένων
2985 3770 3327 3838 φαινόμενος.

2224 4034 2370 4100 KQ".
2422 4031 2582 4085 Ἀλλά
2625 4031 2701 4101 μὴ
2738 4031 3159 4102 καταφρονήσῃς
3185 4028 3279 4083 τοῦ
3340 4030 3527 4084 θεῖκοῦ
3573 4028 3714 4090 ἀξιώ-

2156 4141 2346 4192 ματος,
2402 4124 2617 4193 βλέπων
2671 4124 2836 4177 αὑτὸν
2880 4121 3082 4186 ἔξωθεν
3130 4123 3605 4191 τεταπεινωμένον
3652 4119 3714 4179 ὡς

2152 4217 2339 4285 ὅμοιον
2367 4217 2497 4285 ἡμῖν
2520 4230 2534 4243 ⁸
2577 4215 2645 4266 δι’
2675 4215 2823 4284 ἡμᾶς
2866 4213 3038 4277 οὕτως
3092 4214 3288 4283 ἐφάνη,
3320 4214 3381 4266 οὐ
3414 4213 3483 4267 δι’
3519 4213 3710 4266 ἑαυτόν.

2164 4309 2449 4378 Ἐννόησον
2484 4309 2540 4360 ἐν
2643 4306 2762 4378 ὥρᾳ
2820 4306 3077 4376 ἔκραζον,
3132 4307 3515 4373 Σταύρωσον,
3547 4304 3713 4359 σταύ-

2143 4416 2351 4469 ρωσον
2384 4400 2592 4466 αὑτὸν,
2617 4400 2711 4452 καὶ
2739 4398 2768 4449 ὁ
2801 4397 2956 4467 ὄχλος
2988 4398 3307 4467 συνήρχετο,
3345 4398 3462 4462 πῶς
3488 4394 3554 4469 ἦν
3576 4415 3713 4451 τετα-

2152 4492 2489 4561 πεινωμένος
2520 4490 2673 4560 παρὰ
2706 4489 2938 4551 πάντας.
2976 4489 3189 4560 Ὠσπερ
3220 4491 3277 4542 ἐν
3311 4492 3425 4553 τοῖς
3462 4488 3711 4560 φαινομέ-

469 4566 601 4620 dum
646 4565 700 4620 in
742 4567 910 4623 rebus
936 4573 1365 4640 aspectabilibus
1408 4575 1453 4629 si
1493 4577 1618 4645 quis
1647 4579 1717 4632 sit
1743 4579 2049 4650 improbus,

2157 4601 2290 4647 νοις,
2317 4584 2411 4636 ὲάν
2507 4582 2822 4645 κακοποιὸς,
2851 4580 2948 4634 καὶ
2976 4580 3116 4651 λάϐῃ
3148 4582 3425 4650 ἀπόφασιν
3462 4581 3605 4652 παρὰ
3632 4577 3711 4632 τοῦ

467 4668 761 4729 postquam
806 4663 1087 4731 acceperit
1131 4666 1463 4721 sententiam
1507 4684 1537 4722 a
1576 4672 1922 4739 magistratu,
1980 4675 2048 4729 ab

470 4749 732 4805 universo
751 4755 956 4822 populo
978 4756 1344 4810 exsecrationi
1367 4758 1693 4826 devovetur,
1716 4776 1781 4815 ac
1800 4771 2050 4817 contem-

468 4845 587 4915 ptui
637 4844 914 4911 habetur,
968 4847 1050 4902 sic
1082 4864 1304 4918 quoque
1351 4849 1618 4905 Dominus
1670 4851 1804 4906 hora
1847 4855 2048 4922 crucis,

468 4940 729 5003 tanquam
782 4934 948 4991 homo
986 4938 1155 4990 vitam
1220 4953 1345 4991 cum
1385 4947 1560 4991 morte
1594 4950 2049 5007 commutaturus,

465 5025 918 5091 vilipendebatur
965 5044 997 5082 a
1041 5029 1355 5083 Pharisaais.
1415 5028 1646 5095 Quando
1702 5046 1896 5086 rursus
1921 5048 2052 5087 con-

464 5128 741 5186 Spuerunt
783 5120 838 5175 in
876 5121 1091 5176 vultum
1136 5123 1277 5193 ejus,
1316 5131 1371 5177 et
1404 5123 1787 5193 imposuerunt
1814 5124 1864 5180 ei
1896 5141 2055 5181 coro-

465 5224 591 5267 nam
650 5211 922 5280 spineam,
952 5222 1008 5268 ct
1051 5216 1299 5284 colaphis
1330 5231 1455 5269 cum
1506 5217 1851 5283 ceciderunt,
1883 5236 2047 5290 quam

468 5314 579 5354 non
601 5315 994 5372 supergressus
1022 5314 1107 5358 est
1148 5306 1552 5361 humilitatem?
1577 5307 1867 5377 [Scriptum
1899 5310 2047 5364 enim

466 5400 591 5444 est:
626 5392 859 5447 Dorsum
895 5412 1066 5449 meum
1116 5398 1235 5450 dedi
1287 5398 1702 5467 ﬂagellantibus,
1737 5417 1831 5454 nec
1883 5402 2051 5455 averti

467 5476 658 5548 faciem
688 5499 862 5536 meam
892 5501 923 5535 a
951 5487 1281 5554 turpitudine
1305 5490 1726 5557 conspuentium,
1775 5507 1868 5543 nec
1886 5508 2049 5561 genas

472 5586 614 5625 meas
659 5591 692 5626 a
736 5576 1143 5645 percutientibus
1171 5576 1238 5631 “.
1275 5578 1431 5644 Quod
1465 5578 1508 5632 si
1543 5579 1689 5633 Deus
1721 5589 1898 5634 tantas
1921 5596 2054 5633 con-

471 5664 748 5730 tumelias,
775 5667 1087 5735 passioncm
1116 5683 1180 5724 ac
1222 5669 1589 5725 humilitatem
1620 5670 1811 5737 subiit,
1848 5682 1927 5735 tu,
1960 5672 2052 5743 qui

2156 4678 2437 4746 ἄρχοντος,
2480 4674 2669 4728 λοιπὸν
2730 4675 2836 4728 ὑπὸ
2890 4672 2985 4725 τοῦ
3030 4674 3203 4743 δήμου
3261 4673 3381 4726 ὅλου
3447 4670 3712 4744 βδελυκτός

2156 4768 2273 4819 ἐστι
2297 4764 2855 4835 καίὲξουδενωμένος.
2889 4762 3076 4826 Οὕτως
3104 4764 3131 4815 ό
3161 4762 3364 4833 Κύριος
3394 4766 3452 4817 ἐν
3502 4767 3564 4834 τῇ
3610 4761 3713 4832 ὥρᾳ

2158 4853 2252 4907 τοῦ
2313 4853 2589 4923 σταυροῦ·
2650 4854 2725 4917 ὡς
2765 4854 3053 4922 ἄνθρωπος
3090 4853 3299 4924 μέλλων
3363 4856 3711 4923 ἀποθνήσκειν

2159 4944 2642 5014 κατευτελισμένος
2696 4940 2765 5015 ἦν
2812 4946 2917 4998 ὑπὸ
2970 4946 3076 4997 τῶν
3130 4944 3465 5017 Φαρισαίων.
3521 4946 3635 4997 Ὅτε
3665 4939 3712 4991 δὲ

2160 5030 2324 5089 πάλιῦ
2359 5036 2666 5088 ἐνέπτυσαν
2702 5037 2781 5099 είς
2820 5035 2880 5087 τὸ
2934 5036 3227 5106 πρόσωπον
3264 5034 3452 5101 αὑτοῦ,
3508 5035 3597 5088 καὶ
3633 5034 3713 5083 ἐπ-

2157 5124 2365 5194 έθηκαν
2394 5124 2542 5194 αὺτῷ
2563 5124 2851 5178 ἀκάνθινον
2880 5126 3163 5193 στέφανον,
3192 5127 3281 5179 καὶ
3302 5127 3597 5198 ἐρῤάπισαν
3626 5122 3710 5175 αὐ-

2153 5217 2263 5277 τὸν,
2295 5218 2452 5269 ποίαν
2479 5217 2575 5287 οὐχ
2595 5217 2837 5288 ὑπερέϐη
2859 5218 3209 5271 ταπείνωσινί
3251 5218 3566 5288 Γέγραπται
3592 5215 3707 5281 γὰρ.

2157 5308 2238 5361 ὅτι
2268 5309 2378 5362 Τὸν
2402 5308 2596 5362 νῶτόν
2637 5326 2756 5377 μου
2800 5308 3030 5362 δέδωκα
3067 5311 3154 5374 εἱς
3188 5312 3507 5377 μάστιγας,
3539 5303 3712 5358 καὶτὸ

2157 5401 2483 5465 πρόσωπόν
2500 5418 2619 5470 μου
2651 5403 2762 5455 οὐκ
2787 5400 3145 5470 ἀπεστράφη
3170 5402 3286 5454 ἀπὸ
3311 5402 3603 5468 αισχύνης
3620 5396 3709 5461 ἐμ·

2157 5488 2544 5556 πτυσμάτων,
2571 5491 2667 5543 καί
2691 5490 2798 5555 τὰς
2829 5491 3119 5557 σιαγόνας
3138 5508 3256 5557 μου
3289 5490 3407 5544 ἀπὸ
3429 5479 3712 5558 ρίιπισμιὶ·

2158 5598 2297 5636 των.
2326 5582 2388 5634 Εἰ
2418 5582 2474 5634 δὲ
2497 5582 2524 5633 ὀ
2549 5581 2682 5644 Θεὸς
2706 5585 2786 5644 είς
2809 5580 3075 5643 τοσαύτας
3094 5580 3299 5650 ὕϐρεις,
3320 5581 3413 5632 καὶ
3448 5576 3606 5643 πάθη,
3628 5570 3710 5624 καὶ

2157 5673 2488 5727 ταπείνωσιν
2520 5673 2779 5743 κατῆλθε,
2818 5675 2881 5727 σὺ
2910 5675 2939 5726 ό
2973 5673 3134 5742 φύσει
3186 5672 3443 5743 βόρϐορος
3499 5668 3588 5722 καὶ
3618 5661 3707 5732 φύ-

540 5810 583 5843 “
611 5807 747 5863 Gen.
790 5824 938 5873 xvnl,
974 5811 1061 5863 27.
1141 5812 1184 5843 “
1212 5811 1411 5866 Psalm.
1438 5828 1545 5876 ut,
1580 5816 1631 5878 7,
1708 5814 1751 5845 ⁸⁸
1789 5814 1922 5867 Luc.
1953 5830 2102 5877 mn,
2132 5815 2225 5869 9.1.
2301 5816 2345 5847 “
2382 5814 2481 5868 lsa.
2521 5828 2573 5875 ι,
2611 5812 2663 5866 6.
