3966 6440
477 380 584 445 (ἷ95

1736 387 1794 445 S.
1837 384 2157 446 MACARII
2198 384 2523 445 IEGYPTII

3633 383 3726 449 696

479 491 650 545 tiores
687 504 753 545 ac
771 490 1053 561 digniores
1076 499 1205 546 sunt
1233 492 1380 562 apud
1404 494 1600 558 Deum,
1634 508 1798 564 quam
1831 494 1933 558 illi,
1968 494 2063 563 qui

2179 510 2289 557 too;
2323 494 2451 556 τοὺς
2483 493 2590 564 ιδίᾳ
2637 490 2958 563 προαιρέσει
3008 490 3069 545 τὸ
3120 490 3328 562 Θέλημα
3368 490 3549 546 αὐτῶν
3584 492 3725 548 ἐπιδιι

475 581 545 635 de
575 582 849 636 industria
895 597 959 637 ac
1006 584 1259 637 consulto
1283 586 1624 640 voluntatem
1646 600 1802 640 suam
1840 586 2065 640 malitia:

478 673 849 735 tradiderunt,
884 682 939 727 et
968 690 1077 727 una
1110 674 1481 729 delectantur.

552 762 639 814 Ill.
667 762 1142 826 Quemadmodum
1165 763 1209 816 si
1241 764 1312 818 sit
1342 780 1457 829 rex,
1482 765 1575 833 qui
1598 764 1884 821 inveniens
1906 768 2064 837 puel-

480 852 584 905 lam
613 853 904 921 quamdam
937 870 1255 923 pauperem,
1296 856 1494 924 pannis
1521 856 1779 921 obsitam,
1806 874 1915 912 non
1938 875 2067 913 eru-

480 940 690 1003 bescat,
716 942 913 997 ablatis
935 943 1173 997 sordidis
1197 946 1317 1013 ejus
1345 945 1704 1010 indumentis,
1722 947 2065 1016 nigredinem

480 1031 671 1089 eluere
712 1048 949 1102 eamque
991 1045 1228 1089 exornet
1258 1035 1566 1103 splendidis
1607 1036 1876 1103 vestibus,
1924 1039 2068 1093 asci-

482 1130 710 1191 scatque
752 1140 873 1178 eam
899 1125 1002 1178 sibi
1033 1126 1241 1180 sociam
1269 1128 1432 1197 regis,
1452 1136 1618 1197 atque
1648 1143 1854 1183 mensae
1876 1144 1990 1184 sua:
2011 1139 2067 1184 et

484 1214 726 1268 convivii
775 1218 1103 1286 participem
1149 1218 1352 1282 faciat,
1411 1220 1491 1274 sic
1522 1237 1742 1290 quoque
1800 1222 2066 1278 Dominus

483 1306 719 1360 otl‘endit
761 1309 1000 1362 animam
1052 1311 1396 1383 vulneratam
1441 1327 1506 1366 ac
1536 1328 1874 1382 percussam,
1906 1314 2067 1369 adhi-

482 1397 713 1469 buitque
766 1400 817 1455 ei
877 1402 1261 1471 pliarmacum,
1302 1411 1358 1457 et
1385 1405 1537 1458 exuit
1564 1420 1686 1459 eam
1718 1407 1855 1462 atris
1906 1407 2066 1463 indu-

482 1492 703 1557 mentis,
736 1500 792 1546 et
842 1494 1190 1563 turpitudine
1237 1496 1480 1558 malitiae,
1514 1506 1680 1566 atque
1736 1497 1917 1552 induit
1941 1514 2064 1553 eam

482 1584 829 1639 vestimentis
872 1586 1059 1655 regiis,
1100 1587 1441 1652 coelestibus,
1482 1586 1709 1652 divinis,
1754 1588 1977 1659 fulgidis
2008 1598 2065 1643 et

480 1676 767 1746 gloriosis:
825 1677 1200 1748 imposuitque
1270 1678 1347 1733 illi
1406 1694 1690 1747 coronam,
1745 1682 2063 1752 sociamque

481 1768 773 1823 constituit
820 1770 983 1839 regiae
1010 1786 1213 1825 mensa:
1261 1770 1329 1824 ad
1364 1772 1625 1841 gaudium
1656 1780 1711 1826 et
1742 1774 2066 1827 exsultatio-

482 1876 632 1914 nem.
662 1860 730 1913 Et
760 1861 1223 1928 quemadmodum
1270 1862 1314 1916 si
1345 1863 1415 1917 sit
1453 1862 1670 1927 hortus,
1700 1864 1794 1932 qui
1820 1865 2067 1919 consitus
2097 1858 2139 1913 Β

484 1951 557 2006 sit
605 1952 904 2006 arboribus
940 1953 1248 2007 fructiferis
1298 1954 1542 2023 undique
1582 1955 1723 2009 bene
1752 1956 2063 2011 olentibus:

484 2045 602 2098 sint
656 2061 878 2114 quoque
934 2046 1010 2099 ibi
1042 2047 1162 2100 loca
1229 2048 1398 2100 multa
1452 2048 1770 2103 amoenitate
1803 2050 2062 2119 iucunda,

483 2138 646 2206 plane
687 2139 917 2207 pulchra
966 2154 1030 2195 ac
1064 2141 1223 2209 plena
1276 2140 1591 2211 fragrantia:
1637 2150 1695 2195 et
1745 2142 1980 2211 quietis;
2012 2151 2069 2197 et

482 2228 806 2299 quicunque
856 2230 1197 2301 ingrediatur
1233 2232 1386 2294 illuc,
1428 2233 1645 2287 laetetur
1672 2242 1729 2287 et
1775 2234 2064 2302 quiescat:

482 2320 563 2375 sic
588 2336 647 2375 se
696 2322 904 2377 habent
930 2324 1127 2378 animae
1161 2323 1216 2377 in
1251 2340 1418 2394 regno
1461 2324 1599 2388 hoc;
1649 2333 1775 2379 tota:
1808 2324 2069 2380 fruuntur

482 2414 913 2483 gaudio,la31itia
941 2426 996 2471 et
1032 2433 1201 2486 pace;
1236 2432 1393 2486 reges
1411 2424 1468 2471 et
1496 2416 1705 2471 domini
1731 2426 1862 2471 sunt
1884 2426 1943 2471 et
1965 2417 2068 2472 dii.

484 2504 766 2574 Scriptum
803 2508 950 2561 enim
992 2518 1111 2563 est:
1163 2508 1274 2562 Rea:
1322 2510 1687 2580 regnantium,
1722 2518 1772 2562 et
1812 2508 2068 2563 Dominus

483 2597 871 2653 dominantium
888 2600 954 2652 ⁸⁸.

554 2779 647 2835 IV.
687 2780 807 2837 Non
828 2798 959 2853 ergo
976 2782 1420 2839 Christianorum
1456 2785 1639 2839 cultus
1668 2791 1754 2839 est
1781 2783 2069 2854 quippiam

482 2874 751 2942 vulgare:
786 2876 1111 2944 mysterium
1150 2876 1300 2928 enim
1352 2876 1457 2930 hoc
1496 2892 1755 2946 magnum
1797 2885 1902 2932 est.
1940 2877 2072 2930 Per-

481 2965 665 3033 pende
710 2981 843 3036 ergo
895 2966 1246 3022 nobilitatem
1275 2976 1445 3032 tuam,
1472 2968 1620 3037 quod
1653 2969 1721 3022 ad
1756 2969 1959 3037 regiam
1982 2968 2070 3023 di-

484 3056 750 3123 gnitatem
785 3065 1014 3111 vocatus
1074 3058 1183 3111 sis:
1238 3056 1413 3113 Genus
1445 3058 1686 3121 electum,
1713 3060 2072 3112 sacerdotium

484 3153 534 3196 et
562 3160 689 3214 gens
715 3153 902 3199 sancta
927 3147 995 3198 "°.
1031 3146 1345 3216 Mysterium
1368 3147 1514 3200 enim
1538 3146 1945 3202 Christianismi
1972 3163 2070 3215 pe-

2170 582 2363 646 δόντας
2381 585 2449 654 τῇ
2484 582 2674 652 κακίᾳ,
2712 581 2808 635 καὶ
2840 580 3257 651 συνηδομένους.

2244 767 2322 821 l".
2361 766 2576 836 Ὠσπερ
2600 760 2747 838 ἐὰνῇ
2782 764 3055 835 βασιλεὺς,
3078 763 3173 818 καὶ
3191 763 3323 835 εὕρῃ
3344 763 3608 833 πενιχράν
3625 781 3731 818 τινα

2172 858 2342 927 κόρην
2364 858 2506 927 ῥάκη
2536 856 2911 926 ἐνδεδύμένην,
2974 856 3070 909 καὶ
3096 854 3168 926 μὴ
3221 854 3579 924 ἐπαισχυνθῇ,
3614 855 3733 907 ἀλλὰ

2172 949 2281 1021 ἄρῃ
2307 950 2475 1018 αὐτῆς
2491 949 2558 1002 τὰ
2576 948 2796 1019 ῥυπαρὰ
2816 946 3106 1017 ἐνδύματα,
3127 945 3517 1016 καὶεάποπλύνῃ
3538 946 3632 1015 τὴν
3648 962 3733 1015 με-

2172 1042 2378 1105 λανίαν,
2412 1042 2509 1094 καὶ
2546 1041 2799 1111 κοσμήσῃ
2820 1038 2988 1109 αὐτὴν
3034 1038 3297 1107 ἐνδύμασι
3330 1036 3626 1107 λαμπροῖς,
3650 1038 3734 1090 καὶ

2172 1137 2377 1206 ποιήσῃ
2414 1134 2583 1204 αὐτὴν
2613 1133 2871 1187 κοινωνὸν
2901 1130 3187 1201 βασιλέως,
3222 1131 3319 1183 καὶ
3338 1130 3444 1198 τῆς
3471 1128 3736 1200 τραπέζης

2174 1226 2366 1290 αὑτοῦ,
2391 1226 2487 1278 καὶ
2519 1226 2619 1294 τῆς
2650 1223 2886 1292 εὐωχίας
2927 1220 3146 1292 μεταδῷ
3181 1222 3318 1291 αὐτῇ
3345 1237 3358 1250 ·
3394 1218 3573 1283 οὕτως
3604 1220 3692 1275 καὶ
3712 1221 3738 1272 ό

2172 1320 2377 1389 Κύριος
2405 1312 2531 1388 εὗρε
2576 1318 2675 1387 τὴν
2706 1316 2885 1386 ψυχὴν
2921 1312 3492 1385 τετραυματισμένην,
3520 1313 3612 1365 καὶ
3656 1329 3738 1365 πε-

2171 1411 2514 1481 πληγμένην,
2545 1410 2640 1462 καὶ
2661 1408 2861 1462 ἔδωκεν
2885 1407 3022 1477 αὐτῇ
3052 1406 3366 1475 φάρμακον,
3383 1406 3482 1457 καὶ
3507 1404 3739 1471 ἐξέδυσεν

2172 1502 2344 1570 αὐτὴν
2376 1502 2445 1554 τὰ
2475 1502 2683 1571 μέλανα
2709 1500 3003 1569 ἐνδύματα,
3036 1500 3131 1551 καὶ
3161 1497 3260 1567 τὴν
3289 1496 3624 1567 αίσχρότητα
3654 1498 3741 1566 τῆς

2173 1594 2395 1660 κακίας,
2450 1594 2549 1646 καλ⁵
2602 1590 2854 1645 ἐνέδυσεν
2913 1590 3085 1660 αὒτὴν
3141 1588 3421 1659 ἐνδύματα
3478 1588 3737 1658 βασιλικὰ,

2175 1685 2506 1755 ἐπουράνια,
2536 1682 2637 1749 τῆς
2671 1682 2951 1752 Θεότητος,
2984 1679 3243 1750 φωτεινὰ,
3271 1679 3367 1732 καὶ⁵
3404 1677 3595 1743 ἔνδοξα
3617 1696 3631 1709 ·
3660 1678 3741 1731 καὶ

2171 1778 2445 1846 ἐπέθηκεν
2482 1776 2620 1847 αὐτῇ
2656 1774 2943 1843 στέφανον,
2976 1773 3070 1825 καὶ
3092 1771 3350 1841 ἐποίησεν
3374 1771 3551 1841 αὐτὴν
3571 1788 3741 1824 κοινω-

2168 1869 2257 1922 νὺν
2280 1867 2562 1940 τραπέζης
2620 1865 2907 1937 βασιλικῆς
2953 1865 3030 1927 είς
3084 1862 3260 1933 χαρὰν
3286 1864 3379 1916 καὶ
3410 1862 3740 1931 ἁγαλλίασιν.

2167 1961 2278 2014 Καὶ
2327 1960 2518 2031 ὥσπερ
2561 1960 2659 2013 ἐὰν
2781 1957 3133 2027 παράδεισος,
3163 1956 3259 2009 καὶ
3289 1955 3393 2026 ἔχῃ
3420 1957 3540 2008 ἐκεῖ
3567 1953 3742 2024 δένδρα

2167 2052 2517 2123 καρποφόρα,
2550 2050 2646 2104 καὶ
2672 2050 2769 2103 ὅλα
2801 2048 2995 2119 εὐώδη,
3026 2048 3124 2102 καὶ
3153 2042 3288 2102 ὦσιν
3308 2051 3430 2101 ἐκεῖ
3451 2049 3608 2100 τόποι
3637 2044 3745 2097 πολ-

2168 2144 2249 2198 λοὶ
2277 2144 2617 2213 ἐπιτερπεῖς,
2647 2143 2760 2195 ὅλοι
2789 2141 2985 2212 ὡραῖοι
3044 2140 3141 2194 καὶ
3200 2138 3629 2209 πεπληρωμένοι
3666 2136 3743 2188 εὐ-

2167 2238 2332 2301 ωδίας
2354 2238 2452 2291 καὶ
2471 2234 2827 2298 ἀναπαύσεως
2846 2251 2860 2265 ·
2880 2234 2975 2287 καὶ
3007 2233 3154 2295 ὅστις
3183 2232 3249 2286 ἂν
3270 2232 3483 2302 ἀπέλθῃ
3507 2233 3640 2294 ἐκεῖ,
3664 2229 3742 2282 εὑ-

2169 2332 2461 2402 φραίνεται
2484 2330 2579 2383 καὶ
2593 2327 2951 2383 ἀναπαύεται⁹
2971 2326 3148 2389 οὕτως
3164 2325 3407 2395 γίνονται
3434 2324 3493 2377 αι
3508 2322 3672 2393 ψυχαὶ
3693 2321 3742 2373 ἐν

2167 2429 2233 2493 τῇ
2271 2424 2548 2494 βασιλείᾳ,
2577 2421 2698 2475 ὅλαι
2721 2421 2860 2474 εἰσὶν
2888 2421 2947 2472 ἐν
2983 2420 3149 2491 χαρᾷ.
3181 2417 3278 2471 καὶ¹
3306 2416 3640 2485 εὐφροσύνῃ,
3660 2413 3743 2466 καὶ

2169 2516 2363 2586 εἰρήνῃ
2383 2532 2396 2547 ·
2436 2514 2674 2583 βασιλεῖς
2704 2513 2798 2565 καὶ
2826 2509 3007 2580 κύριοί
3030 2512 3135 2562 εισι
3158 2508 3253 2561 καὶ
3282 2506 3414 2559 θεοί.
3446 2506 3744 2575 Γέγραπται

2169 2608 2299 2675 γὰρ,
2348 2606 2647 2670 Βασιλεὺς
2693 2602 2813 2657 τῶν
2853 2600 3338 2667 βασιλευόντων,
3368 2598 3495 2654 -καὶ
3549 2597 3747 2665 Κύριος

2169 2694 2290 2747 τῶν
2321 2694 2745 2760 κυριευόντων.

2241 2786 2316 2838 Δ⁹.
2353 2784 2465 2837 Uine
2497 2782 2643 2835 ἐστιν
2666 2779 2759 2833 οὖν
2779 2778 2838 2832 τὸ
2861 2776 3021 2847 τυχὸν
3044 2777 3074 2830 ὁ
3093 2772 3554 2846 Χριστιανισμός·
3572 2769 3630 2824 τὸ
3648 2767 3743 2838 γὰρ

2175 2875 2479 2946 μυστήριον
2505 2871 2666 2925 τοῦτο
2695 2871 2839 2941 μέγα
2882 2868 3051 2923 ἐστίν.
3095 2864 3385 2934 Ἐπίγνωθι
3409 2862 3513 2918 οὖν
3543 2879 3635 2915 σου
3658 2861 3743 2929 τὴν

2173 2968 2477 3035 εὐγένειαν,
2508 2966 2588 3018 ὅτι
2618 2967 2698 3027 εἰς
2736 2961 3015 3031 βασιλικὸν
3045 2959 3265 3027 ἀξίωμα
3296 2956 3561 3028 ἐκλήθης,
3586 2954 3745 3023 γένος

2172 3058 2482 3121 ἐκλεκτὸν,
2500 3056 2812 3124 ἱεράτευμα
2826 3055 2926 3108 καὶ
2943 3053 3120 3117 ἔθνος
3137 3050 3329 3120 οἶγιον⁸
3349 3048 3411 3101 τὸ
3433 3048 3547 3117 γὰρ
3570 3045 3745 3116 μυστή·

2178 3170 2291 3223 ριον
2315 3149 2408 3203 τοῦ
2431 3145 2863 3219 Χριστιανισμοῦ
2889 3143 3173 3209 ξένονξὲστὶ
3191 3140 3286 3195 τοῦ
3315 3140 3528 3209 κόσμου
3549 3137 3742 3192 τούτου.

486 3236 769 3305 regriumn
801 3245 883 3292 est
930 3238 998 3291 ab
1036 3238 1144 3292 hoc
1178 3238 1404 3292 mundo.
1461 3238 1647 3293 Gloria
1680 3240 1823 3309 regis
1844 3238 2071 3308 quidem

2179 3216 2251 3296 "H
2286 3243 2385 3313 μὲν
2415 3216 2716 3310 φαινομένη
2742 3216 2870 3303 δόξα
2900 3235 2994 3290 τοῦ
3019 3233 3307 3305 βασιλέως,
3334 3232 3432 3284 καὶ
3459 3234 3489 3285 ὁ
3512 3229 3742 3291 πλοῦτος,

484 3327 810 3395 conspicua,
846 3343 911 3382 ac
937 3329 1144 3382 divitiae
1189 3340 1407 3383 terrena
1459 3339 1610 3394 sunt,
1668 3329 2071 3398 corruptibilia,

485 3418 631 3473 ﬂuxa
654 3431 711 3473 et
744 3419 973 3473 caduca.
1028 3422 1278 3490 Regnum
1322 3430 1507 3476 autem
1544 3421 1703 3486 illud,
1756 3430 1813 3476 et
1846 3422 2074 3486 divitire,

486 3519 617 3563 sunt
660 3527 750 3566 res
778 3512 1003 3579 divinae,
1038 3529 1126 3567 res
1156 3515 1409 3568 ccelcstos
1431 3524 1596 3584 atque
1632 3515 1907 3584 gloriosae,
1933 3530 2077 3568 nun—

486 3618 650 3672 quam
684 3605 1064 3674 praateritum,
1101 3622 1382 3675 nunquam
1417 3606 1802 3661 dissolvendae.
1824 3606 2078 3676 Regnant

486 3696 635 3749 enim
666 3711 791 3749 cum
825 3695 1037 3751 cmlesti
1071 3712 1194 3766 rege
1234 3697 1287 3749 in
1316 3696 1524 3751 cmlesti
1553 3697 1828 3761 Ecclesia;
1853 3698 2077 3765 ipseque

487 3789 872 3858 primogenitus
902 3798 978 3843 est
1016 3806 1079 3843 ex
1110 3794 1329 3843 mortuis
1351 3792 1419 3853 “,
1474 3790 1823 3861 primogeniti
1855 3805 2077 3859 quoque

489 3877 614 3948 ipsi.
640 3878 913 3934 Caeterum
945 3881 1227 3936 licettales
1272 3881 1392 3935 sint
1412 3880 1573 3936 electi
1602 3890 1659 3937 et
1686 3882 1907 3951 probati
1929 3879 2077 3950 apud

489 3967 692 4035 Deum;
722 3972 867 4039 apud
893 3986 952 4025 se
982 3980 1166 4025 tamen
1197 3981 1326 4027 sunt
1357 3972 1591 4036 minimi,
1616 3982 1673 4026 et
1698 3972 1856 4027 valde
1888 3988 2079 4041 repro-

489 4058 636 4123 bati;
676 4059 837 4131 105
880 4060 1030 4130 quod
1087 4060 1198 4114 illis
1224 4068 1309 4114 est
1360 4061 1510 4115 velut
1562 4061 1819 4115 naturale
1852 4069 1908 4115 et
1947 4076 2081 4115 con-

490 4163 728 4217 cretum,
766 4162 826 4205 ut
858 4152 926 4206 de
958 4167 1018 4207 se
1044 4152 1333 4207 humiliter
1371 4161 1468 4206 aut
1492 4152 1632 4207 nihil
1670 4154 1933 4208 sentiant.

565 4329 631 4384 V.
683 4328 1059 4397 Interrogatio.
1100 4329 1431 4400 Ignorantne
1472 4345 1592 4399 ergo
1640 4346 1695 4384 se
1734 4332 2079 4385 accessionem

491 4432 815 4484 consecutos,
841 4422 1088 4492 ac,3quod
1131 4439 1235 4475 non
1278 4422 1560 4488 habebant,
1608 4423 1874 4493 possidere
1916 4442 1950 4478 a
1979 4440 2079 4477 na-

492 4523 617 4567 tura
645 4530 741 4567 sua
778 4513 1048 4584 quidpiam
1070 4512 1343 4566 alienum?

564 4607 867 4678 Responsio.
899 4607 1013 4677 Ego
1048 4622 1180 4660 vero
1207 4606 1304 4660 tibi
1331 4606 1453 4661 dico
1512 4607 1635 4661 illos
1664 4622 1773 4661 non
1804 4622 1928 4661 esse
1948 4622 2077 4676 pro-

491 4698 672 4765 batos,
726 4714 830 4753 nec
874 4714 997 4752 esse
1045 4698 1103 4751 in
1133 4712 1450 4767 progressu,
1482 4706 1648 4767 atque
1674 4698 1927 4768 ignorare
1991 4713 2073 4763 se,

490 4789 640 4859 quod
676 4805 785 4843 non
817 4789 1113 4852 habebant,
1158 4788 1465 4859 possidere.
1487 4788 1781 4853 Craterum,
1816 4788 1910 4857 qui
1942 4790 2078 4844 tales

493 4890 643 4946 sunt,
718 4897 815 4935 eos
865 4884 980 4951 ipsa
1026 4881 1201 4951 gratia
1232 4880 1503 4934 accedens
1557 4880 1739 4945 docet,
1774 4897 1842 4934 ne
1868 4880 1981 4935 ullo
2019 4882 2077 4935 in

494 4974 673 5044 pretio
708 4974 947 5029 habeant
988 4977 1201 5027 animas
1239 4989 1388 5036 suas,
1435 4973 1565 5026 dum
1608 4988 1959 5042 progressum
1994 4971 2077 5026 fa-

492 5067 668 5128 ciunt,
701 5065 797 5119 sed
833 5077 1030 5119 natura
1076 5065 1321 5133 abjectos
1350 5072 1407 5117 et
1442 5064 1673 5118 infames
1710 5080 1770 5119 se
1802 5065 1951 5133 ipsos
1984 5079 2076 5118 re-

491 5164 708 5226 putent.
740 5156 925 5225 Itaque
952 5172 1080 5209 cum
1110 5156 1256 5225 apud
1290 5157 1460 5210 Deum
1492 5157 1741 5226 praeclari
1768 5157 1900 5219 sint,
1929 5156 2075 5225 apud

492 5263 553 5303 se
590 5248 739 5317 ipsos
771 5263 878 5301 non
923 5257 1089 5303 sunt:
1140 5264 1378 5318 cumque
1429 5251 1542 5304 sint
1581 5250 1638 5303 in
1689 5265 1983 5320 progressu
2021 5258 2080 5305 et

492 5340 690 5395 notitia
726 5338 844 5406 Dei,
869 5340 1101 5410 perinde
1131 5350 1281 5407 sunt,
1311 5357 1376 5396 ac
1403 5342 1448 5397 si
1473 5342 1584 5396 sint
1615 5344 1864 5397 omnium
1891 5358 2076 5397 rerum

494 5429 708 5499 ignari:
741 5438 798 5485 et
829 5431 973 5500 apud
1028 5432 1201 5486 Deum
1252 5448 1377 5487 cum
1429 5434 1539 5487 sint
1567 5433 1889 5503 locupletes.
1931 5433 2078 5503 apud

496 5538 556 5577 se
582 5533 712 5580 sunt
748 5541 1038 5594 pauperes.
1071 5525 1545 5592 Quemadmodum
1579 5536 1761 5581 autem
1802 5526 2076 5591 Christus,

495 5625 708 5687 sumpta
732 5619 872 5671 servi
906 5617 1081 5687 forma
1105 5619 1175 5685 ⁷¹,
1204 5633 1301 5689 per
1334 5618 1699 5674 humilitatem
1725 5618 1857 5672 vicit
1888 5617 2079 5672 diabo-

2175 3333 2399 3400 ἐπίγειά
2436 3333 2574 3397 ἐστι,
2626 3330 2722 3383 καὶ
2750 3327 2994 3401 φθαρτὰ,
3026 3326 3120 3380 καὶ
3148 3321 3579 3392 παρερχόμενα·
3613 3320 3743 3372 ἐκεί-

2175 3444 2240 3495 νη
2275 3426 2331 3478 δέ
2372 3425 2405 3493 ὴ
2464 3422 2735 3493 βασιλεία,
2794 3420 2888 3474 καὶ
2935 3420 2965 3471 ὁ
3004 3418 3259 3483 πλοῦτος,
3293 3414 3604 3486 πράγματά
3644 3413 3743 3464 ἐστι

2176 3510 2630 3580 οεῖα,πράγματα
2656 3507 2954 3577 ἐπουράνια
2983 3504 3585 3575 καὶένδοξα,μηδέποτε
3617 3516 3739 3570 παρ·

2177 3604 2448 3672 ερχόμενα
2498 3602 2532 3673 ἢ
2586 3602 2845 3671 λυόμενα.
2881 3597 3348 3669 Συμὸασιλεύουσι
3376 3595 3493 3665 γὰρ
3510 3594 3584 3663 τῷ
3600 3595 3742 3644 ἐπουσ

2179 3695 2348 3766 ρανίῳ
2415 3694 2660 3764 βασιλεῖ,
2694 3696 2752 3746 ἐν
2800 3695 2867 3762 τῇ
2920 3690 3231 3762 ἐπουρανίῳ
3293 3685 3625 3755 Ἐκκλησία·
3654 3681 3745 3734 καὶ

2177 3786 2553 3853 πρωτότοκος
2563 3784 2681 3853 μέν
2693 3784 2799 3836 ἐστ
2807 3799 2865 3835 ιν
2877 3782 3061 3846 αὐτὸς
3075 3780 3145 3833 ἐκ
3160 3775 3408 3846 νεκρῶν,
3424 3774 3744 3847 πρωτότοκοι

2177 3877 2237 3929 δὲ
2269 3877 2363 3929 καὶ
2392 3876 2567 3930 αὐτοί.
2612 3874 2774 3927 Ἀλλὰ
2813 3874 3020 3943 καίπερ
3066 3871 3296 3925 τοιοῦτοι
3328 3869 3488 3933 ὅντες
3519 3865 3745 3922 ἐκλεκτοὶ

2178 3967 2274 4020 καὶ
2300 3967 2511 4037 δόκιμοι
2542 3967 2693 4036 παρὰ
2732 3963 2873 4034 Θεῷ,
2903 3962 3035 4033 παρ’
3060 3963 3271 4025 ἑαυτοῖς
3299 3962 3435 4013 εἰσιν
3470 3959 3742 4029 ἐλάχιστοι,

2180 4060 2277 4111 καὶ
2323 4057 2444 4112 λίαν
2490 4056 3088 4127 ἁποδεδοκιμασμένοι·
3147 4051 3420 4106 καὶτοῦτο
3454 4053 3634 4114 αὐτοῖς
3680 4047 3744 4109 ὡς

2182 4150 2413 4218 φυσικὸν
2438 4150 2534 4203 καὶ
2568 4148 2776 4219 πηκτόν
2812 4150 2933 4201 ἐστι
2960 4145 3252 4209 ταπεινοὺς
3281 4144 3314 4215 ἢ
3354 4143 3415 4196 τὸ
3443 4143 3611 4215 μηδὲν
3635 4141 3739 4193 ἐαυι

2178 4242 2305 4302 τοὺς
2333 4239 2604 4309 ἡγεῖσθαι.

2252 4330 2327 4387 Ε’.
2352 4330 2696 4399 Ἐρώτησις.
2717 4331 2839 4384 Οὐκ
2869 4330 3110 4384 οἴδασιν
3128 4324 3264 4395 οὖν,
3298 4328 3386 4382 ὅτι
3408 4326 3741 4396 προσθήκην

2180 4422 2425 4486 ἔλαϐον,
2451 4423 2550 4475 καὶ
2589 4423 2621 4475 ὃ
2662 4424 2774 4476 οὐκ
2802 4418 2992 4489 εἶχον.
3025 4420 3388 4492 ἐκτήσαντο,
3433 4418 3614 4485 ξένον
3647 4414 3742 4482 τῆς

2111 4558 2154 4612 D
2185 4516 2427 4585 φύσεως
2458 4513 2677 4569 αὐτῶν.

2267 4609 2634 4675 Ἀπόκρισις.
2661 4606 2804 4675 Ἐγὼ
2824 4606 2930 4677 γάρ
2964 4622 3047 4658 σοι
3070 4604 3232 4673 λέγω.
3263 4604 3345 4656 ὅτι
3373 4603 3477 4656 οὐκ
3497 4600 3600 4655 sici
3615 4597 3740 4651 δεδο-

2180 4698 2533 4771 κιμασμένοι,
2559 4699 2653 4753 καὶ
2674 4700 2777 4752 οὐκ
2793 4699 2939 4751 εἰσὶν
2953 4700 3012 4752 ἐν
3033 4698 3307 4771 προκοπῇ,
3330 4696 3426 4749 καὶ
3452 4692 3736 4762 ἀγνοοῦσιν,

2181 4792 2256 4855 ὡς
2288 4791 2316 4845 ὅ
2351 4793 2452 4844 οὐκ
2493 4786 2638 4862 εἶχον
2686 4791 3006 4860 ἐκτήσαντο.
3060 4789 3222 4843 Ἀλλὰ
3263 4788 3537 4850 τοιούτους
3578 4784 3733 4842 ὄντας,

2183 4885 2320 4956 αὑτὴ
2348 4887 2378 4952 ἡ
2408 4884 2566 4953 χάρις
2592 4882 2822 4935 ἐλθοῦσα
2859 4882 3123 4946 διδάσκει,
3173 4880 3249 4951 μὴ
3275 4879 3419 4949 ἔχειν
3448 4880 3547 4949 τὴν
3581 4872 3738 4945 ψυχὴν

2184 4974 2365 5029 αὐτῶν
2417 4975 2626 5044 τιμίαν,
2697 4973 2856 5036 ὂντας
2895 4975 2954 5026 ἐν
3012 4976 3286 5043 προκοπῇ,
3334 4972 3469 5025 ἀλλὰ
3516 4964 3735 5039 φυσικῶς

2182 5068 2412 5137 ἀτίμους
2439 5067 2665 5128 ἑαυτοὺς
2702 5064 2984 5134 ήγεῖσθαιυ
3021 5066 3115 5118 καλ⁵
3155 5064 3307 5133 παρὰ
3339 5063 3458 5133 Θεῷ
3486 5062 3645 5130 τίμιοι
3665 5055 3737 5106 ὅν·

2181 5176 2273 5223 τες
2303 5160 2435 5229 παρ’
2470 5159 2679 5218 ἑαυτοῖς
2711 5158 2812 5209 οὐκ
2840 5156 2966 5210 εἰσί.
2991 5158 3100 5209 Καὶ
3126 5157 3183 5207 ἐν
3211 5156 3462 5225 προκοπῇ
3496 5152 3586 5205 καὶ
3611 5143 3735 5215 γνὼο

2185 5268 2266 5303 σει
2302 5250 2438 5303 Θεοῦ
2479 5250 2653 5313 ὄντες,
2705 5249 2780 5311 ὡς
2811 5249 2977 5318 μηδὲν
3036 5248 3238 5310 εἰδότες
3283 5248 3426 5300 εἰσί·
3464 5246 3554 5298 καὶ
3609 5237 3737 5308 παρὰ

2182 5342 2303 5412 Θεῷ
2352 5342 2596 5395 πλούσιοι
2623 5341 2797 5405 ὅντες,
2829 5341 2959 5410 παρ’
3006 5340 3221 5401 ἑαυτοῖς
3250 5340 3357 5391 εἰσι
3380 5354 3394 5368 ·
3428 5338 3609 5403 ὥσπερ
3633 5332 3680 5383 δὲ
3712 5328 3735 5378 ὀ

2186 5433 2419 5505 Χριστὸς
2432 5431 2682 5502 μορφὴν
2701 5430 2927 5484 δούλου
2944 5429 3167 5494 λαϐὼν,
3184 5428 3271 5481 διὰ
3294 5428 3395 5498 τῆς
3420 5434 3736 5487 ταπεινοφρο-

2188 5526 2351 5596 σύνης
2388 5526 2610 5594 ἐνίκησε
2640 5524 2730 5576 τὸν
2761 5522 3010 5575 διὰὃολον
3034 5538 3048 5552 ⁸
3086 5519 3260 5583 οὓτως
3297 5520 3357 5586 ἐξ
3395 5519 3561 5589 ἀρχῆς
3586 5516 3611 5566 ὁ
3633 5512 3734 5579 ὄφις

2184 5619 2273 5672 διὰ
2303 5619 2403 5687 τῆς
2443 5616 2893 5687 ὑψηλοφροσύνης
2948 5615 3044 5669 καὶ
3088 5612 3381 5685 τυφώσεως
3428 5604 3731 5675 κατέστρεφε

572 5792 813 5862 "Apoc.
846 5809 995 5861 xviii,
1034 5796 1100 5849 14
1200 5797 1246 5827 ⁷⁸
1298 5795 1316 5850 l
1353 5796 1472 5851 Pet.
1504 5810 1560 5861 ιι,
1590 5797 1641 5851 9.
1722 5796 1761 5827 "
1789 5796 2003 5849 Coloss.
2048 5811 2061 5848 l

2179 5798 2206 5846 ἰ.
2262 5795 2330 5849 λ⁷¹
2366 5792 2605 5863 Philipp.
2641 5810 2698 5860 ιι,
2741 5795 2792 5846 7.
