3966 6464
261 397 376 462 697

1458 396 1828 456 HOMILIZE.
1854 398 2130 460 -ΗΟΜ.
2171 397 2418 461 XXVII.

3451 399 3560 464 698

260 512 362 565 τὸν
389 509 587 581 Ἀδάμ.
605 510 716 565 Καὶ
734 508 828 563 νῦν
853 509 882 562 ὁ
909 510 1073 572 αὐτὸς
1099 509 1223 577 ὄφις
1250 507 1563 579 ἐνδομυχῶν
1581 510 1701 573 ταῖς
1730 525 1864 578 καρ-

1970 511 2085 565 lum
2113 529 2126 565 :
2165 512 2249 566 sic
2288 511 2450 565 initio
2476 524 2709 579 serpens
2741 525 2842 581 per
2871 509 3242 581 arrogantiam
3274 520 3333 565 et
3356 510 3566 587 fastum

261 602 413 666 δίαις
433 602 523 657 διὰ
548 601 846 671 τυφώσεως
875 600 1208 657 καταϐάλλει
1236 601 1332 654 καὶ
1356 599 1585 653 ἀπολύει
1615 599 1678 653 τὸ
1708 599 1865 669 γένος

256 690 383 746 τῶν
416 690 787 763 Χριστιανῶν.

352 962 450 1028 C.".
486 960 701 1032 Ὠσπερ
724 958 835 1029 γὰρ
861 957 960 1012 ἐὰν
1060 973 1145 1020 τις
1176 954 1483 1025 ἐλεύθερος,
1508 955 1603 1007 καὶ
1637 953 1864 1025 εὐγενὴς

268 1053 423 1106 κατὰ
467 1052 674 1122 κόσμον
731 1051 827 1105 καὶ
868 1048 1100 1103 πλοῦτον
1144 1048 1281 1119 ἔχων
1320 1048 1509 1110 πολὺν,
1573 1045 1655 1099 ἐτι
1692 1062 1864 1115 προσ-

266 1147 548 1216 οδεύηται,
581 1145 675 1198 καὶ
700 1144 896 1214 εἰσάγῃ
927 1141 1196 1213 καρποὺς,
1228 1132 1384 1203 οὗτος
1423 1142 1736 1194 ἀπονοεῖται
1770 1139 1865 1190 καὶ

268 1237 470 1307 θαρρεῖ
502 1235 701 1305 ἐαυτῷ,
753 1238 851 1288 καὶ
894 1235 1239 1296 ἀϐάστακτος
1277 1232 1352 1285 ὣν
1407 1232 1618 1295 πάντας
1675 1230 1863 1284 λακτί-

265 1330 379 1394 ζει,
410 1328 503 1381 καὶ
530 1325 816 1396 κολαφίζει
838 1342 853 1357 ο
892 1324 1067 1389 οὕτως
1098 1325 1205 1377 είσί
1231 1341 1377 1386 τινες
1403 1322 1479 1394 μὴ
1510 1322 1725 1393 ἔχοντες
1750 1323 1865 1375 διά-

266 1434 477 1488 κρισιν,
526 1418 728 1487 μικρὰν
760 1416 817 1469 δὲ
863 1417 1175 1470 ἀνάπαυσιν
1224 1414 1476 1485 εὑρόντες
1525 1416 1622 1465 καὶ
1671 1412 1860 1482 εὐχὴν,

265 1508 510 1580 ἤρξαντο
553 1507 854 1577 τυφοῦσθαι
895 1509 992 1562 καὶ
1049 1506 1399 1562 ἀπονοεῖσθαι
1450 1506 1547 1560 καὶ
1592 1506 1862 1576 κατακρί-

269 1619 417 1654 νειν·
444 1601 539 1654 καὶ
571 1600 714 1652 οὕτω
742 1600 1048 1653 κατέπεσον
1074 1600 1154 1661 είς
1184 1598 1252 1651 τὰ
1276 1596 1573 1650 κατώτατα
1603 1598 1701 1665 τῆς
1730 1596 1857 1666 γῆς.

280 1694 349 1747 Ὀ
367 1693 649 1762 γὰραύτὸς
671 1691 793 1761 ὄφις
820 1694 847 1745 ό
881 1690 1127 1744 ἐκϐαλὼν
1157 1690 1247 1744 τὸν
1281 1690 1451 1759 Ἀδὰμ
1479 1688 1568 1743 διὰ
1593 1689 1690 1759 τῆς
1721 1688 1862 1759 ὑψη-

266 1785 633 1856 λοφροσύνης,
668 1784 859 1850 εἰπὼν,
907 1783 1001 1850 Ὠς
1026 1783 1147 1837 θεοὶ
1170 1781 1513 1851 γενήσεσθε
1534 1798 1547 1812 ⁸
1580 1775 1735 1844 οὗτος
1766 1782 1861 1834 καὶ

264 1881 369 1931 νῦν
399 1881 457 1931 ἐν
485 1881 605 1941 ταῖς
656 1878 909 1949 καρδίαις
946 1875 1240 1929 ὑποϐάλλει
1270 1874 1745 1946 ιἰψηλοφροσύνην,
1782 1875 1868 1926 λέ·
1897 1862 1940 1917 Β

263 1986 407 2039 γων,
435 1970 667 2032 Τέλειος
696 1965 768 2033 εἷ,
793 1967 1108 2037 ἁρκεῖδσοι,
1130 1967 1542 2034 ἐπλούτησας,
1565 1968 1635 2019 οὑ
1655 1966 1865 2035 χρείαν

265 2061 457 2131 ἔχεις,
477 2060 783 2131 μακάριος
821 2056 895 2113 εἴ,
924 2059 1047 2113 Εἰσὶ
1079 2059 1135 2111 δὲ
1176 2058 1355 2129 ἕτεροι
1384 2056 1528 2111 κατὰ
1558 2057 1783 2128 κόσμον,
1816 2058 1865 2110 οἱ

264 2153 504 2207 πλοῦτον
536 2151 638 2225 μὲν
685 2152 923 2223 ἔχοντες,
956 2151 1049 2205 τδν
1079 2151 1136 2204 δέ
1168 2150 1590 2222 προσοδεύοντες
1630 2152 1688 2203 ἐν
1725 2166 1863 2219 καρ-

264 2249 397 2309 ποῖς
429 2246 664 2309 πολλοῖς,
695 2245 1021 2315 κατέχουσιν
1066 2243 1296 2307 ἑαυτοὺς
1338 2245 1396 2297 ἐν
1441 2244 1733 2314 διακρίσει,
1768 2242 1866 2295 καὶ

264 2338 399 2392 οὔτε
452 2339 784 2409 καυχῶνται,
838 2334 964 2388 οὕτε
1010 2335 1356 2405 ἐπαίρονται,
1394 2332 1509 2387 ἀλλ’
1542 2334 1682 2386 εἰσὶν
1732 2333 1857 2385 ε’σοι⁹

264 2430 446 2485 οἴδασι
495 2430 601 2499 γὰρ
649 2430 731 2482 ὅτι
786 2429 926 2498 μετὰ
962 2427 1061 2497 τὴν
1092 2426 1355 2498 πρόσοδον
1384 2425 1604 2497 ἔρχεται
1639 2423 1862 2493 ἀφορία.

266 2523 386 2575 Καὶ
419 2521 581 2575 πάλιν
607 2521 737 2574 ὅταν
765 2519 1087 2589 ἐμπέσωσιν
1117 2519 1195 2580 είς
1229 2516 1434 2587 ζημίαν
1465 2517 1561 2570 καὶ
1607 2517 1861 2587 ἀφορίαν,

265 2612 334 2665 οὐ
370 2609 690 2676 λυποῦνται,
719 2608 833 2663 ἀλλ’
872 2610 975 2662 ῖσοι
1023 2607 1191 2661 είσίν·
1226 2607 1402 2660 οἴδασι
1431 2608 1541 2675 γὰρ
1573 2606 1656 2659 ὅτι
1701 2607 1864 2659 πάλιν

266 2700 576 2769 διαδέχεται
646 2698 901 2770 εὐφορία.
970 2697 1083 2752 Καὶ
1121 2696 1179 2749 ἐν
1226 2697 1436 2759 τούτοις
1487 2697 1717 2750 ἐπιπολὺ
1762 2714 1864 2764 γυ-

274 2792 615 2864 μνασθέντες
644 2791 702 2844 οὐ
739 2791 1057 2856 ξενίζονται,
1094 2788 1221 2842 οὗτε
1246 2789 1304 2843 ἐν
1329 2788 1613 2859 προσόδοις
1654 2790 1749 2842 καὶ
1779 2790 1868 2841 εὑ-

270 2886 495 2955 φορίαις
526 2882 845 2952 τυφοῦνται,
873 2882 997 2936 οὔτε
1033 2883 1130 2936 ἐὰν
1165 2879 1371 2952 ἐπέλθῃ
1406 2880 1600 2951 ζημία,
1631 2880 1867 2946 ξενίζον-

267 2994 388 3031 ται.

1964 603 2242 659 subvertit
2270 602 2563 657 Adamum.
2600 602 2759 658 Nune
2785 618 3007 673 quoque
3040 602 3132 656 ille
3162 600 3279 671 ipse
3306 618 3560 672 serpens,

1965 690 2022 745 in
2100 691 2464 747 interioribus
2535 692 2723 747 cordis
2773 692 3087 746 recessibus
3158 691 3405 757 abditus,
3462 708 3563 762 per

1964 779 2285 849 superbiam
2337 780 2577 835 destruit
2627 795 2692 834 ac
2754 779 3011 835 dissolvit
3073 795 3250 850 genus
3293 778 3563 834 Christia-

1964 882 2189 920 norum.

2035 958 2123 1012 Vl.
2155 956 2633 1024 Quemadmodum
2676 959 2823 1013 enim
2867 959 2910 1013 si
2941 960 3066 1029 quis
3097 960 3168 1015 sit
3210 960 3353 1015 liber
3383 976 3446 1015 ac
3473 959 3563 1013 in-

1963 1066 2177 1121 genuus
2205 1052 2259 1105 in
2285 1052 2515 1117 mundo,
2553 1068 2615 1106 ac
2642 1068 2869 1122 magnas
2904 1053 3188 1122 possideat
3216 1068 3349 1122 opes
3375 1070 3389 1119 ;
3418 1054 3564 1107 insu-

1961 1156 2064 1210 per
2114 1142 2330 1197 reditus
2387 1143 2679 1213 percipiat,
2734 1153 2791 1197 et
2853 1143 3068 1198 {ructus
3140 1144 3399 1215 colligat;
3470 1145 3563 1201 ille

1962 1250 2162 1288 vesana
2182 1235 2417 1304 quadam
2456 1234 2751 1290 insolentia
2776 1235 3029 1299 etfertur,
3067 1246 3233 1305 atque
3258 1237 3313 1289 in
3346 1252 3403 1290 se
3441 1238 3563 1306 ipso

1963 1326 2225 1382 ﬁduciam
2278 1329 2460 1395 locat;
2517 1343 2757 1398 cumque
2812 1330 2885 1383 sit
2931 1329 3324 1393 intolerabilis,
3370 1345 3565 1384 omnes

1962 1420 2112 1475 calce
2164 1421 2325 1490 petit,
2376 1430 2433 1475 et
2485 1421 2735 1491 colaphis
2775 1420 2988 1476 allicit:
3040 1424 3114 1476 ita
3147 1431 3278 1477 sunt
3312 1422 3561 1494 quidam,

1961 1512 2115 1566 nulla
2144 1512 2483 1567 discretione
2510 1512 2751 1582 praediti,
2784 1514 2903 1582 qui,
2938 1514 3223 1582 paululum
3258 1514 3465 1583 quietis
3498 1530 3561 1567 ac

1961 1604 2297 1673 precationis
2331 1606 2499 1669 nacti,
2521 1604 2795 1673 incipiunt
2829 1607 2974 1660 altos
3000 1607 3105 1661 sibi
3146 1622 3371 1661 sumere
3396 1606 3562 1676 spiri-

1963 1701 2074 1759 tus,
2101 1694 2397 1749 insolentia
2427 1695 2638 1760 etl‘erri,
2666 1705 2833 1765 alque
2867 1696 3006 1750 alios
3027 1696 3369 1767 dijudicare:
3396 1706 3563 1767 atque

1962 1786 2071 1840 hoc
2109 1787 2273 1841 modo
2309 1787 2646 1842 delabuntur
2688 1787 2745 1841 in
2780 1788 3215 1858 profundissima
3253 1798 3433 1846 teme.
3466 1790 3563 1844 Ille

1967 1875 2114 1930 enim
2148 1875 2265 1946 ipse
2306 1891 2555 1946 serpens,
2588 1876 2682 1945 qui
2713 1875 3031 1931 deturbavit
3083 1875 3253 1929 Adam
3284 1891 3383 1945 per
3411 1891 3566 1929 arro-

1967 1966 2233 2037 gantiam,
2270 1966 2495 2021 dicens:
2536 1966 2705 2020 Eritis
2750 1969 2883 2020 sicut
2936 1967 3049 2021 dii:
3090 1967 3205 2036 ipse
3246 1982 3395 2020 nunc
3422 1982 3560 2036 quo-

1968 2075 2074 2128 que
2109 2059 2163 2113 in
2204 2060 2467 2115 cordibus
2490 2060 2752 2131 'suggerit
2816 2062 3211 2131 arrogantiam,
3274 2059 3561 2129 inquiens:

1968 2148 2239 2218 Perfectus
2272 2166 2346 2216 es,
2375 2149 2573 2219 sufﬁcit
2612 2150 2723 2216 tibi,
2756 2150 2929 2219 factus
2972 2166 3023 2203 es
3068 2148 3320 2219 locuples,
3364 2148 3565 2203 nullius

1966 2245 2192 2315 indiges,
2228 2245 2412 2299 beatus
2453 2261 2505 2298 es
2527 2244 2593 2297 ⁷³.
2656 2244 2775 2297 Νοη
2811 2243 3015 2299 desunt
3049 2243 3144 2297 alii
3170 2258 3325 2297 more
3355 2243 3562 2305 saeculi,

1966 2336 2065 2405 qui
2123 2336 2326 2405 opibus
2390 2334 2614 2405 quidem
2646 2334 2778 2401 dum
2828 2335 3076 2406 opulenti
3131 2343 3282 2399 sunt,
3330 2349 3467 2404 quas
3497 2350 3565 2388 ex

1966 2426 2158 2481 nimiis
2186 2425 2468 2480 fructuum
2495 2425 2768 2480 reditibus
2793 2426 3163 2490 accumulant,
3192 2424 3479 2480 continent
3506 2440 3565 2478 se

1969 2519 2121 2588 ipsos
2166 2518 2221 2572 in
2283 2519 2643 2584 discretione,
2684 2536 2786 2573 nec
2831 2517 3162 2589 gloriantur,
3204 2533 3385 2587 neque
3433 2516 3566 2569 cile-

1968 2619 2196 2675 runtur,
2226 2610 2322 2665 sed
2357 2619 2486 2665 sunt
2530 2612 2709 2680 aequi:
2756 2618 2961 2663 norunt
2989 2610 3138 2662 enim
3171 2619 3297 2678 post
3334 2608 3562 2663 uberta-

1969 2711 2077 2757 tem
2096 2712 2385 2757 venturam
2408 2702 2779 2758 sterilitatem.
2813 2703 2880 2756 Et
2903 2702 3085 2756 denuo
3103 2702 3198 2756 ubi
3221 2702 3275 2755 in
3299 2701 3562 2755 damnum

1970 2802 2026 2848 et
2056 2793 2407 2848 sterilitatem
2458 2794 2779 2858 inciderint,
2816 2811 2926 2849 non
2969 2794 3283 2849 alliciuntur
3315 2793 3561 2857 tristitia,

1973 2886 2070 2940 sed
2126 2886 2271 2955 aequi
2322 2896 2651 2942 remanent:
2722 2896 2931 2941 norunt
2960 2888 3108 2942 enim
3162 2887 3347 2941 denuo
3374 2878 3564 2941 succs-

1975 2992 2165 3030 suram
2193 2978 2612 3031 ubertatem.Et
2645 2978 2701 3031 in
2726 2978 2813 3031 his
2840 2987 2899 3033 ut
2925 2978 3224 3047 plurimum
3252 2979 3562 3044 exercitati,

268 3068 414 3122 nihil
472 3066 749 3137 peregrini
805 3065 942 3135 ipsis
988 3064 1212 3131 accidit,
1247 3079 1433 3135 neque
1478 3063 1547 3118 de
1624 3064 1904 3121 reditibus
1967 3076 2063 3122 aut
2098 3068 2352 3122 ubertate
2389 3067 2495 3138 ipsi
2548 3069 2889 3141 superbiant
2919 3107 2934 3134 ,
2988 3084 3170 3139 neque
3225 3070 3271 3126 si
3304 3070 3565 3126 damnum

271 3160 516 3230 ingruat,
552 3158 973 3227 obstupescunt.

344 3254 417 3309 Z'.
450 3254 523 3306 T6
552 3252 644 3306 οὖν
668 3255 903 3322 πρᾶγμα
924 3251 1020 3304 τοῦ
1043 3249 1477 3323 Χριστιανισμοῦ
1500 3250 1659 3305 τοῦτό
1720 3253 1855 3305 ἐστι·

2044 3252 2158 3308 Vll.
2208 3254 2317 3310 Res
2364 3254 2531 3325 igitur
2558 3254 2967 3310 Christianismi
3019 3254 3097 3309 sic
3124 3271 3182 3310 se
3235 3255 3434 3310 habet:
3469 3256 3568 3311 de-

267 3346 460 3418 γεῦσις
513 3344 794 3417 ἀληθείας,
856 3345 1060 3416 βρῶσις
1113 3346 1207 3399 καὶ
1258 3346 1417 3408 πόσις
1473 3344 1534 3409 ἐξ
1580 3345 1860 3416 ἀληθείας,

271 3443 472 3508 φαγεῖν
520 3438 600 3491 ἔτι
649 3438 747 3490 καὶ¹
791 3441 937 3492 πιεῖν
981 3437 1070 3490 διὰ
1097 3437 1385 3507 δυνάμεως
1417 3438 1512 3491 καὶ
1555 3438 1860 3509 ἐνεργείας.

271 3532 490 3601 Ὠσπερ
532 3526 689 3602 ἐὰν
716 3529 891 3600 πηγὴ,
934 3530 1030 3582 καὶ
1062 3528 1136 3582 ῶν
1165 3548 1249 3593 τις
1278 3531 1395 3582 ἐκεῖ
1427 3528 1596 3598 διψῶν
1623 3528 1862 3600 ἄρχηται

270 3624 454 3677 πίνειν
477 3639 491 3653 ·
532 3615 652 3675 εἶτα
681 3623 738 3674 ἐν
770 3620 847 3691 τῷ
886 3621 1090 3692 μεταξὺ
1121 3620 1421 3691 ἀποσπάσῃ
1448 3638 1533 3684 τις
1562 3620 1745 3685 αὑτὸν,
1774 3622 1866 3673 καὶ

276 3714 355 3783 μὴ
389 3712 464 3784 δῷ
517 3710 905 3781 ἐμπλησθῆναι
937 3712 1062 3764 ὅσον
1117 3710 1284 3776 θέλει,
1323 3710 1510 3763 λοιπὸν
1542 3710 1742 3780 μᾶλλον
1771 3712 1865 3763 ἐκ-

271 3806 501 3859 καίεται
525 3803 864 3873 γευσάμενος
894 3802 986 3856 τοῦ
1020 3802 1236 3866 ὓδατος,
1274 3803 1371 3855 καὶ
1413 3804 1676 3873 ἐπιζητεῖ
1705 3820 1869 3855 σπου-

272 3898 583 3967 δαιότερον·
637 3895 811 3959 οὕτως
860 3896 956 3949 καὶ
999 3895 1060 3948 τὸ
1113 3895 1485 3965 πνευματικὸν
1529 3895 1753 3963 γεύεταί
1786 3912 1869 3958 τις

274 3990 373 4043 καὶ
408 3988 821 4060 μεταλαμϐάνει
870 3989 1079 4060 τροφῆς
1116 3987 1466 4061 ἐπουρανίου,
1516 3983 1636 4041 εἶτα
1680 3990 1738 4043 ἐν
1789 3990 1868 4058 τῷ

276 4082 484 4151 μεταξὺ
523 4081 869 4148 ὑποστέλλει,
902 4082 999 4137 καὶ
1018 4082 1193 4147 οὐδεὶς
1221 4080 1372 4152 αὐτῷ
1405 4080 1623 4136 δίδωσιν
1650 4082 1862 4152 ἐμπλη-

272 4174 486 4245 σθῆναι.

348 4359 431 4413 H'.
475 4356 811 4427 Ἐρώτησις.
858 4356 963 4412 Διὰ
1017 4356 1078 4411 τι
1107 4358 1180 4411 οὐ
1218 4355 1471 4409 δίδωσιν
1509 4352 1869 4425 ἐμπλησθῆι

273 4466 375 4502 -ναι
393 4466 411 4514 ;

359 4543 715 4611 Ἀπόκρισις.
762 4540 1085 4595 Ἐπίσταται
1134 4543 1162 4595 6
1206 4541 1413 4611 Κύριος
1442 4539 1542 4612 τὴν
1576 4538 1866 4593 ἀσθένειαν

1973 3358 2195 3417 gustare
2246 3347 2558 3410 veritatem,
2611 3347 2779 3402 cdere
2837 3363 2902 3402 ac
2956 3346 3147 3401 bibere
3196 3347 3265 3402 de
3304 3349 3560 3412 veritate,

1973 3440 2140 3494 edere
2192 3456 2255 3495 ac
2298 3440 2492 3495 bibere
2558 3440 2787 3509 insuper
2818 3455 2917 3508 pro
2953 3439 3168 3493 viribus
3200 3448 3256 3494 et
3286 3438 3566 3495 facultate.

1974 3530 2450 3597 Quemadmodum
2488 3532 2531 3585 si
2568 3532 2693 3601 quis
2724 3532 2797 3584 sit
2830 3528 2974 3594 fons,
3006 3538 3061 3583 et
3090 3531 3216 3599 quis
3249 3532 3570 3587 sitibundus

1976 3619 2089 3673 illic
2111 3638 2176 3673 ex
2210 3637 2276 3675 eo
2313 3621 2540 3690 incipiat
2567 3621 2799 3685 bibere;
2843 3620 3045 3674 deinde
3080 3620 3226 3674 inter
3263 3620 3568 3676 bibendum

1975 3707 2260 3762 abstrahat
2306 3725 2432 3762 cum
2481 3702 2779 3784 quispiam,
2837 3724 2940 3763 nec
3003 3709 3273 3763 concedat
3328 3710 3566 3779 impleri,

1976 3810 2243 3869 quantum
2300 3802 2473 3855 velit:
2536 3810 2732 3870 postea
2790 3802 3179 3857 vehementius
3243 3802 3564 3868 inardescit,

1976 3899 2139 3960 gustu
2194 3906 2351 3960 aqua:
2402 3900 2685 3962 percepto,
2738 3902 2794 3947 et
2851 3892 3138 3947 ardentius
3178 3902 3404 3963 exOptat
3442 3912 3455 3947 :
3488 3894 3569 3948 sic

1976 3997 2196 4052 quoque
2244 3984 2298 4037 in
2361 3998 2420 4037 re
2478 3984 2757 4053 spirituali
2815 4001 2905 4040 res
2952 4000 3011 4040 se
3065 3985 3253 4048 habet,
3310 3986 3567 4057 degustat

1976 4073 2246 4142 quispiam
2294 4082 2350 4128 et
2394 4074 2671 4144 particeps
2720 4074 2780 4128 ﬁt
2809 4076 2917 4130 cibi
2965 4075 3230 4139 ccelestis,
3260 4084 3377 4130 tum
3420 4077 3569 4132 inter

1977 4166 2311 4235 gustandum
2381 4166 2749 4234 subtrahitur,
2804 4168 3103 4237 nullusque
3159 4166 3253 4222 dat
3281 4168 3333 4222 ei
3366 4176 3429 4223 ut
3481 4184 3567 4225 sa-

1980 4259 2172 4313 tietur.

2083 4352 2219 4407 VIII.
2256 4351 2637 4424 Interrogatio.
2688 4351 3046 4417 Quamobrem
3097 4351 3313 4423 impleri
3352 4369 3458 4407 non

1975 4440 2278 4493 conceditur
2297 4441 2322 4493 ?

2016 4533 2208 4603 }105
2250 4533 2559 4605 Responsio.
2610 4534 2773 4590 Novit
2818 4536 3085 4592 Dominus
3127 4534 3563 4593 imbecillitatem

270 4634 367 4687 τοῦ
413 4633 730 4699 ἀνθρώπου,
766 4634 849 4686 ὃτι
896 4633 1108 4703 ταχέως
1139 4632 1528 4703 ὑπεραίρεται,
1575 4629 1663 4683 διὰ
1706 4628 1864 4682 τοῦτο

1971 4625 2233 4693 hominis,
2253 4626 2400 4695 quod
2424 4626 2585 4682 facile
2606 4629 2936 4695 extollatur;
2968 4637 3262 4699 pr0pterea
3286 4631 3566 4686 subtrahit

274 4726 615 4791 ὑποστέλλει,
652 4726 747 4779 καὶ
792 4728 1119 4798 παραχωρεῖ
1165 4724 1551 4795 γυμνασθῆναι
1595 4724 1688 4775 καὶ
1740 4722 1865 4793 βλη‹

274 4819 437 4887 θῆναι
465 4818 559 4871 τὸν
590 4816 898 4889 ἄνθρωπον.
932 4819 995 4871 Εί
1032 4818 1144 4891 γὰρ
1191 4816 1390 4887 μικρὸν
1423 4815 1744 4887 λαμϐάνεις,
1772 4817 1868 4868 καὶ

272 4908 449 4969 οὐδείς
472 4924 533 4959 σε
569 4905 852 4976 βαστάζει,
885 4905 1022 4960 ἀλλὰ
1069 4906 1360 4974 τυφοῦσαι,
1404 4905 1555 4976 πόσῳ
1589 4903 1789 4973 μᾶλλον
1820 4905 1868 4956 εί

273 4999 368 5068 ὑφ’
401 4998 461 5050 ἐν
513 4996 597 5050 σοί
648 5014 734 5061 τις
767 4996 940 5049 ἐδίδου
989 4995 1401 5067 ἐμπλησθῆναι,
1437 4994 1537 5047 οὐκ
1562 4994 1628 5047 ἄν
1656 5009 1715 5044 σε
1743 4991 1868 5060 ἔφε-

274 5108 404 5163 ρεν;
437 5088 580 5142 Ἀλλ’
617 5089 774 5152 εἰδὼς
805 5089 833 5141 6
863 5088 997 5152 Θεὸς
1021 5089 1119 5159 τὴν
1149 5086 1465 5152 ἀσθένειαν,
1498 5088 1777 5156 οἰκονομεῖ
1808 5102 1867 5137 σε

268 5186 354 5245 εἰς
400 5180 631 5251 θλίψεις,
683 5180 773 5234 ἵνα
822 5180 1081 5243 ταπεινὸς
1130 5178 1289 5249 γένῃ,
1325 5178 1422 5232 καὶ
1454 5177 1869 5245 σπουδαιότερος

271 5274 363 5328 τοῦ
400 5274 683 5344 ἐπιζητεῖν
712 5274 805 5327 τὸν
829 5273 988 5329 Θεόν.
1015 5273 1128 5326 Καὶ
1160 5273 1270 5342 γὰρ
1309 5271 1454 5335 κατὰ
1480 5272 1687 5339 κόσμον
1721 5287 1866 5322 πτω-

277 5368 363 5439 χός
410 5385 497 5432 τις
547 5366 725 5437 εὑρὼν
776 5366 1066 5436 βαλάντιον
1122 5362 1383 5435 χρυσοῦν,
1437 5363 1547 5418 ἀπὸ
1594 5361 1864 5433 ἐλαφρίας

277 5457 476 5530 ἧρξατο
498 5459 820 5530 κηρύσσειν,
851 5454 1069 5526 Εὗρον,
1083 5454 1266 5526 εὗρον
1284 5456 1645 5522 βαλάντιον,
1676 5455 1865 5509 πλού-

270 5550 408 5613 σιός
448 5550 588 5617 εἰμι.
617 5547 754 5601 Τότε
787 5549 852 5600 ἐκ
892 5547 993 5616 τῆς
1024 5549 1215 5617 φήμης
1243 5546 1479 5616 ηκουσεν
1506 5545 1535 5596 6
1564 5543 1860 5609 ἀπολέσας,

271 5639 370 5693 καὶ
413 5640 607 5694 ἐλαϐεν
657 5640 812 5694 αὐτό.
854 5640 1047 5703 Ἀλλος
1101 5640 1357 5703 πλούσιος
1407 5637 1709 5710 ἀπενοήθη,
1766 5639 1858 5692 καὶ

348 5813 391 5844 ⁷³
431 5812 569 5869 Gen.
600 5830 679 5879 ιιι,
710 5814 756 5868 5.

1969 4729 2023 4774 et
2064 4719 2335 4789 permittit
2363 4721 2609 4775 exerceri
2651 4730 2707 4776 et
2736 4722 2932 4793 jactari
2976 4723 3278 4779 hominem.
3322 4726 3379 4780 Si
3413 4728 3563 4781 enim
3624 4724 3627 4727 λ

1969 4813 2246 4867 modicum
2282 4813 2520 4882 accipias
2541 4854 2556 4877 ,
2589 4828 2691 4867 nec
2728 4815 2853 4883 quis
2891 4824 2941 4869 te
2972 4815 3206 4870 tolerare
3232 4818 3431 4886 possit,
3466 4818 3564 4874 sed

1967 4905 2311 4970 intumescis,
2370 4912 2577 4973 quanto
2606 4906 2780 4976 magis
2802 4946 2816 4969 ,
2848 4905 2894 4960 si
2926 4906 3052 4974 quis
3080 4922 3192 4960 uno
3227 4906 3426 4962 haustu
3461 4908 3562 4963 tibi

1968 4996 2302 5051 concederet
2322 4997 2651 5062 exsaturari,
2677 5012 2837 5051 nemo
2864 5004 2917 5050 te
2944 4996 3159 5050 ferret?
3188 4996 3355 5066 Atqui
3389 4998 3559 5065 Deus,

1966 5099 2259 5158 perspecta
2286 5088 2665 5143 imbecillitate
2691 5097 2802 5152 tua,
2842 5104 2909 5143 ex
2934 5088 3343 5157 dispensatione
3372 5090 3563 5160 singu-

1965 5181 2071 5235 lari
2106 5181 2334 5251 exponit
2367 5190 2419 5235 te
2446 5182 2861 5248 afﬂictionibus,
2899 5191 2961 5235 nt
2997 5181 3260 5236 humilior
3290 5181 3560 5251 reddaris,

1968 5289 2034 5327 ac
2068 5273 2373 5328 studiosior
2404 5272 2724 5343 inquirendi
2756 5274 2874 5328 Dei.
2899 5272 3048 5329 More
3076 5275 3223 5328 enim
3264 5273 3319 5328 in
3354 5275 3562 5329 mundo

1968 5375 2196 5436 recepto
2227 5365 2517 5420 mendicus
2554 5366 2777 5436 quidam
2806 5407 2820 5432 ,
2860 5366 3087 5421 invento
3119 5367 3401 5435 marsupio
3440 5367 3561 5423 auri

1966 5456 2155 5526 pleno,
2182 5471 2296 5524 prae
2324 5454 2545 5509 levitate
2572 5454 2767 5525 incipit
2788 5455 3079 5511 vociferari
3105 5473 3118 5509 :
3149 5455 3354 5522 Inveni,
3384 5458 3563 5511 inveni

1968 5547 2323 5616 marsupium,
2357 5546 2496 5601 dives
2522 5563 2662 5600 sum.
2693 5547 2831 5601 Tum
2862 5562 2931 5602 ex
2953 5562 3173 5601 rumore
3202 5545 3434 5611 audivit,
3464 5548 3560 5616 qui

1965 5639 2323 5710 perdiderat,
2360 5654 2425 5696 ac
2458 5640 2671 5711 recepit
2717 5640 2875 5696 illud.
2924 5640 3080 5695 Alius
3110 5639 3267 5729 dives
3299 5639 3562 5711 superbia
