3966 6440
527 374 637 438 699

1812 382 1873 443 S.
1915 382 2237 443 MACARII
2278 381 2605 443 MGYPTII

3675 402 3760 462 700

526 491 762 564 quadam
790 490 958 547 animi
978 493 1176 560 elatus,
1195 494 1439 550 calcibus
1458 504 1647 567 petere
1675 496 1866 567 erepit,
1893 509 2100 551 omnes-

2223 494 2577 560 ἀπελάκτισε,
2610 494 2707 548 καὶ
2736 493 2943 568 ἠρξατο
2971 498 3180 565 πάντας
3209 501 3475 574 ὑϐρίζειν,
3505 507 3594 562 καὶ
3622 509 3763 583 ὓπερ-

527 599 637 654 que
673 586 1006 640 contumelia
1032 586 1278 648 allicere,
1307 598 1363 643 et
1388 604 1557 658 super
1593 590 1859 658 quosdam
1887 588 2078 643 ell'erri
2101 605 2116 653 ;

528 689 638 744 quo
661 675 849 730 audito
871 692 965 732 rex
991 679 1112 748 ejus
1143 679 1445 748 publicavit
1478 680 1620 733 bona
1647 697 1660 732 :
1693 680 1774 734 sic
1812 697 1870 735 se
1905 696 1994 734 res
2025 681 2122 734 ha-

528 767 624 822 bet
658 768 712 821 in
754 785 814 824 re
846 770 1144 839 spirituali.
1206 773 1495 827 Paululum
1530 775 1734 844 quietis
1769 773 1863 827 ubi
1891 773 2116 843 quidam

527 858 894 930 degustarint,
935 862 1326 917 administrare
1357 864 1412 917 id
1440 865 1718 930 nesciunt,
1755 863 1850 918 sed
1880 865 2119 934 perdunt

527 953 580 1006 id
611 968 830 1022 quoque
861 955 1009 1022 quod
1039 965 1394 1024 acceperunt.
1433 957 1632 1011 Tentat
1671 959 1819 1012 enim
1857 975 1953 1014 cos
1991 975 2119 1029 pec-

525 1055 732 1108 caturo,
770 1055 826 1100 et
854 1056 1089 1100 occaecat
1119 1047 1338 1102 illorum
1369 1058 1633 1104 mentem.

595 1136 689 1190 IX.
721 1136 1097 1208 Interrogatio.
1140 1139 1267 1193 Post
1293 1142 1652 1195 visitationem
1676 1143 1864 1212 gratia:
1894 1142 2113 1211 factum,

523 1243 628 1298 quo
657 1238 810 1298 pacto
847 1228 1098 1282 labuntur
1129 1229 1375 1284 nonnulli
1404 1231 1428 1282 ?
1467 1231 1655 1285 Nonne
1680 1229 1913 1286 Satanas
1943 1235 2118 1286 mani-

525 1322 653 1390 feste
678 1321 828 1392 longe
851 1323 1162 1378 imbecillior
1189 1332 1264 1378 est
1290 1325 1315 1378 ?
1344 1342 1471 1378 nam
1500 1325 1584 1378 ubi
1610 1326 1740 1390 dies,
1769 1344 1877 1396 qua
1909 1329 2117 1380 ratione

522 1419 688 1480 potest
716 1429 819 1465 nox
847 1416 996 1469 esse?

591 1503 898 1575 Responsio.
945 1507 1061 1561 Non
1083 1507 1230 1576 quod
1250 1509 1634 1579 exstinguuntur
1661 1510 1858 1580 gratia,
1885 1520 1980 1564 aut
2010 1511 2114 1563 im-

521 1595 774 1652 becillior
800 1598 1086 1663 reddatur,
1145 1600 1241 1654 sed
1271 1609 1332 1654 ut
1365 1602 1602 1655 liberum
1633 1603 1923 1656 arbitrium
1957 1611 2113 1657 tuum

519 1701 584 1740 ac
612 1687 841 1742 libertas
869 1689 1156 1758 probetur,
1193 1707 1306 1760 quo
1333 1702 1544 1762 vergat,
1577 1693 1848 1762 permittit
1876 1703 1927 1747 te
1957 1693 2114 1747 mali-

522 1777 612 1832 tia:
646 1795 659 1831 :
696 1790 865 1849 tuque
899 1797 1093 1836 rursus
1118 1784 1404 1838 voluntate
1446 1785 1894 1855 appropinquans
1928 1785 2106 1838 Domi-

2225 586 2482 655 αίρεσθαί
2515 602 2701 652 τινων,
2757 588 2884 642 ὅθεν
2940 590 3184 656 ἀκούσας
3214 594 3244 645 ὁ
3275 595 3528 665 βασιλεὺς
3565 600 3762 672 ἐδήμευ-

2226 694 2319 730 σεν
2347 677 2515 732 αὐτοῦ
2546 678 2613 731 τὰ
2647 679 2968 750 ὑπάρχοντα
2989 699 3002 713 ·
3037 683 3211 750 οὕτως
3240 688 3335 743 καὶ
3362 691 3443 753 είς
3465 689 3528 743 τὸ
3554 707 3765 763 πνευμα-

2221 769 2375 823 τικόν
2418 784 2432 798 ·
2495 772 2699 840 μικρᾶς
2751 771 3116 839 ἀναπαύσεως
3167 777 3263 831 ὲάν
3299 779 3599 846 γεύσωνται
3631 801 3765 850 τινες,

2221 861 2324 915 οὐκ
2355 861 2527 915 οῖδασι
2559 863 2856 933 διοικῆσαι,
2889 865 3007 919 ἀλλ’
3038 867 3302 923 ἀπολοῦσι
3331 873 3426 924 καὶ
3454 873 3601 938 αὐτὸ,
3625 875 3650 927 ὃ
3671 877 3768 930 ἔλα-

2222 953 2336 1006 ϐον.
2372 954 2632 1024 Πειρὰζει
2665 956 2776 1027 γὰρ
2811 957 3009 1022 αὐτοὺς
3051 961 3086 1031 ἡ
3136 961 3400 1033 ἁμαρτία,
3442 965 3537 1018 καὶ
3566 968 3769 1033 σκοτίζες

2223 1044 2406 1098 αὐτῶν
2440 1045 2531 1098 τὸν
2566 1044 2714 1101 νοῦν.

2290 1130 2367 1186 8'.
2413 1133 2749 1203 Ἐρώτησις.
2782 1137 2948 1192 Μετὰ
2977 1138 3047 1192 τὸ
3066 1139 3397 1210 ἐπίσκεψιν
3422 1143 3534 1213 τῆς
3563 1145 3767 1216 χάριτος

2221 1227 2524 1292 γενέσθαι.
2568 1226 2696 1295 πῶς
2735 1230 3036 1285 πίπτουσί
3055 1249 3253 1299 τινες;
3283 1237 3427 1305 Οὐχὶ
3462 1241 3496 1290 ό
3533 1239 3770 1305 Σατανᾶς

2219 1315 2660 1386 ἀσθενέστερος
2708 1321 3142 1377 ἀποδείκνυται
3201 1327 3362 1381 πολύ
3378 1343 3401 1394 ;
3442 1329 3628 1384 Ὅπου
3680 1331 3771 1402 τὰρ

2218 1407 2428 1475 ἡμέρα,
2462 1408 2590 1476 πῶς
2615 1409 2865 1466 δύναται
2898 1414 3017 1479 νὺξ
3049 1412 3202 1470 εῖναι
3223 1435 3242 1474 .'

2302 1499 2655 1567 Ἀπόκρισις.
2706 1504 2817 1573 Οὐχ
2867 1506 3008 1576 ὄτιή
3046 1508 3205 1578 χάρις
3235 1510 3543 1577 σϐέννυται,
3577 1513 3606 1584 ἦ
3637 1513 3768 1566 ἀσθε-

2217 1592 2316 1655 νεῖ,
2355 1591 2470 1643 ἀλλ’
2520 1594 2605 1646 ἵνα
2642 1597 2702 1647 τὸ
2769 1597 3121 1662 αύτεξούσιόν
3168 1619 3284 1666 σου,
3335 1603 3491 1674 καὶὴ
3526 1605 3771 1675 ἐλευθερία

2217 1683 2544 1755 δοκιμασθῇ,
2595 1686 2698 1738 ποῦ
2747 1688 2925 1758 ῥέπει,
2977 1696 3301 1764 παραχωρεῖ
3343 1699 3409 1766 τῇ
3455 1698 3648 1768 κακίᾳ·
3697 1700 3770 1751 καὶ

2219 1775 2380 1828 πάλιν
2413 1776 2478 1827 σὺ
2513 1777 2592 1847 τῷ
2635 1777 2901 1848 θελήματι
2933 1785 3310 1852 προσεγγίζων
3338 1786 3416 1858 τῷ
3449 1788 3632 1859 Κυρίῳ
3658 1806 3769 1860 προ-

519 1882 624 1930 no,
665 1869 1016 1934 admoneris,
1047 1879 1109 1924 ut
1149 1873 1359 1927 revisas
1398 1874 1652 1944 gratiam.
1701 1875 1771 1927 At
1803 1890 1912 1943 quo
1951 1884 2100 1944 pacto

2216 1870 2392 1938 τρέπῃ
2438 1869 2531 1922 τοῦ
2563 1844 2986 1940 ’ἐπισκέψασθαί
3027 1893 3086 1928 σε
3262 1844 3447 1950 χάριν.
3501 1844 3647 1933 ’ἐπεὶ
3677 1844 3769 1942 πῶς

519 1958 787 2029 scriptum
825 1969 910 2016 est
947 1979 959 2014 :
997 1961 1257 2032 Spiritum
1299 1981 1362 2018 ne
1395 1968 1747 2036 exstinguatis
1785 1969 1832 1998 “
1867 1986 1879 2019 :
1915 1970 1957 2021 si
1996 1967 2112 2035 ipse

519 2050 986 2122 inexstinguibilis
1002 2063 1153 2109 estet
1170 2055 1426 2111 lucidus?
1455 2057 1536 2111 Tu
1570 2073 1704 2111 vero
1720 2058 1998 2114 voluntate
2020 2068 2112 2114 tua

517 2144 820 2214 negligens,
851 2155 908 2199 et
938 2162 1048 2200 non
1068 2149 1443 2210 consentiens,
1470 2150 1841 2220 exstingueris
1875 2166 1905 2204 a
1933 2150 2112 2220 Spiri-

520 2245 600 2288 tu.
646 2236 852 2290 Eodem
907 2238 1070 2293 modo
1116 2239 1254 2294 dicit
1295 2259 1308 2294 :
1346 2241 1426 2296 Ne
1475 2244 1796 2296 rontristetis
1850 2242 2110 2313 Spiritum

513 2333 778 2391 sanctum,
807 2344 903 2397 per
931 2346 1083 2398 quem
1109 2331 1374 2401 obsignati
1403 2336 1524 2387 estis
1554 2336 1609 2388 in
1634 2335 1771 2388 diem
1790 2336 2111 2404 redemptio-

516 2413 598 2466 nis
633 2414 701 2467 ⁷⁸.
736 2414 902 2469 Vides
931 2416 987 2469 in
1018 2425 1111 2472 tua
1151 2420 1436 2476 voluntate
1468 2423 1634 2477 situm
1665 2440 1787 2479 esse
1813 2465 1826 2488 ,
1859 2433 1916 2479 et
1951 2425 2005 2479 in
2040 2425 2110 2479 li-

513 2502 649 2558 hero
677 2506 911 2561 arbitrio
945 2516 1068 2572 tuo,
1104 2519 1165 2564 ut
1201 2505 1414 2568 honore
1450 2515 1654 2570 afﬁcias
1688 2517 1955 2588 Spiritum
1981 2534 2109 2574 san-

512 2605 661 2651 ctum
683 2639 697 2663 ,
730 2607 786 2652 et
814 2615 925 2654 non
960 2603 1278 2659 contristes.
1322 2606 1435 2678 Ego
1463 2624 1597 2664 vcro
1644 2609 1742 2664 tibi
1777 2611 1936 2676 dico,
1977 2629 2108 2682 per-

508 2682 672 2739 fectis
698 2701 918 2756 quoque
945 2687 1273 2746 Christianis
1292 2733 1307 2757 ,
1337 2703 1395 2748 et
1443 2697 1669 2765 quidem
1733 2699 2023 2768 captivatis
2053 2712 2108 2756 et

510 2775 801 2834 inebriatis
832 2795 1022 2835 amore
1047 2797 1176 2853 erga
1211 2783 1442 2850 bonum,
1468 2787 1654 2843 inesse
1688 2789 1924 2844 liberum
1961 2792 2108 2848 arbi-

510 2870 700 2932 trium,
734 2872 881 2927 unde
919 2873 1152 2931 inﬁnitis
1181 2877 1341 2932 malis
1360 2879 1682 2946 examinati,
1707 2893 2108 2940 convertuntur

508 2961 578 3016 ad
610 2961 837 3016 bonum.

578 3065 646 3120 Χ.
689 3067 927 3122 Perinde
958 3084 1025 3124 ac
1055 3071 1100 3125 si
1138 3071 1250 3126 sint
1281 3074 1548 3142 primates
1585 3078 1812 3146 quidam
1838 3121 1853 3146 ,
1902 3079 2105 3138 divites

2213 1958 2550 2031 γέγραπται,
2612 1963 2682 2016 Τὸ
2745 1965 2991 2034 Πνεῦμα
3044 1969 3132 2037 μὴ
3191 1972 3580 2034 σϐέννυτε,εί
3624 1977 3771 2027 ἐκεῖνο

2213 2050 2477 2104 ἇώεστὸν
2502 2054 2640 2118 ἐστι,
2672 2056 2769 2110 καὶ
2798 2059 3060 2126 φωτεινόν
3084 2076 3099 2124 ;
3128 2059 3296 2116 Ἀλλά
3324 2065 3389 2118 σὺ
3423 2064 3503 2137 τῷ
3534 2064 3609 2137 σῷ
3636 2065 3769 2136 θελή-

2217 2159 2348 2211 ματι
2388 2144 2630 2214 ἀμελῶν,
2663 2148 2758 2200 καὶ
2804 2147 2879 2220 μὴ
2910 2153 3220 2222 συμφωνῶν
3255 2157 3684 2211 κατασϐέννυσαι
3718 2162 3770 2211 ὲκ

2211 2233 2309 2286 τοῦ
2347 2236 2689 2307 Πνεύματος.
2758 2240 2994 2312 Ὁμοίως
3047 2243 3196 2314 λέγει
3224 2290 3238 2312 ,
3296 2247 3395 2316 Μὴ
3435 2249 3678 2303 λυπεῖτε
3715 2249 3770 2302 τὸ

2211 2327 2454 2397 Πνεῦμα
2480 2331 2545 2383 τὸ
2578 2330 2768 2400 ἅγιον,
2798 2334 2869 2387 ἐν
2892 2329 2942 2402 ᾧ
2965 2337 3410 2408 ἐσφραγίσθητε
3451 2345 3539 2409 είς
3575 2342 3770 2411 ἡμέραν

2211 2415 2708 2486 ἀπολυτρώσεως.
2757 2422 2923 2495 Ὁρᾷς
2952 2426 3040 2480 ὅτε
3069 2429 3128 2480 ὲν
3156 2428 3234 2500 τῷ
3267 2430 3538 2501 θελήματί
3563 2449 3650 2484 σου
3677 2434 3769 2484 κεῖ-

2210 2522 2323 2570 ται,
2359 2509 2455 2560 καὶ
2499 2511 2558 2562 ὲν
2613 2515 2680 2582 τῇ
2723 2515 3166 2589 αὑτεξουσιότητί
3205 2537 3320 2587 σου,
3364 2522 3430 2576 τὺ
3471 2525 3686 2594 τιμῆσαι
3723 2522 3770 2574 τὸ

2212 2599 2438 2672 Πνεῦμα
2485 2603 2546 2656 τὸ
2604 2606 2782 2674 ἅγιον,
2827 2613 2922 2663 καὶ
2976 2611 3050 2684 μὴ
3095 2613 3356 2684 λυπῆσαι.
3421 2617 3569 2686 Ἐγὼ
3607 2618 3658 2671 δέ
3705 2631 3771 2669 σοι

2208 2692 2372 2761 λέγω,
2415 2696 2498 2748 ὅτι
2544 2697 2782 2763 καὶτοῖς
2829 2701 3059 2768 τελείοις
3099 2706 3450 2777 Χριστιανοτς
3482 2713 3591 2774 τοῖς
3615 2712 3769 2782 ᾐχμα-

2209 2785 2590 2857 λωτισμένοις,
2682 2793 2778 2847 καὶ
2845 2796 3288 2869 μεμεθυσμένοις
3346 2803 3428 2865 είς
3465 2803 3526 2856 τὸ
3574 2803 3767 2871 ἀγαθὸν,

2210 2878 2429 2933 σύνεστι
2460 2882 2523 2934 τὺ
2566 2883 2937 2953 αὐτεξούσιον,
2967 2888 3091 2943 ὅθεν
3124 2894 3343 2962 μυρίοις
3387 2899 3582 2960 κακοῖς
3609 2895 3766 2960 ἐξετα-

2209 2971 2433 3036 σθέντες
2463 2974 2760 3045 τρέπονται
2790 2978 2973 3034 ὲπὶ,τὸ
2995 2981 3227 3050 ἀγαθόν.

2277 3067 2337 3121 l’.
2366 3066 2578 3140 Ὠσπερ
2605 3069 2734 3124 ὅταν
2765 3064 2869 3126 ὦσι
2903 3089 3050 3139 τινες
3093 3075 3486 3147 ἀξιωματικοὶ,
3523 3087 3613 3134 καὶ
3635 3077 3769 3133 πλού-

507 3168 573 3209 ac
617 3154 861 3219 nobiles,
900 3157 995 3224 qui
1032 3159 1255 3228 propria
1303 3163 1586 3219 voluntate
1615 3176 1672 3220 et
1713 3167 1978 3224 instinctu
2013 3187 2100 3226 re-

2209 3174 2338 3222 σιοι,
2395 3161 2492 3213 καὶ
2541 3163 2805 3231 εὐγενεῖς,
2865 3167 2962 3220 καὶ
3021 3162 3169 3222 οὗτοι
3229 3171 3344 3240 ίδίῳ
3392 3173 3655 3246 θελήματι
3694 3172 3769 3226 καὶ

506 3243 1004 3311 liuquantdivitias
1027 3258 1084 3302 et
1111 3250 1458 3307 nobilitatem
1491 3271 1646 3309 suam
1687 3274 1752 3312 ac
1784 3259 2099 3330 dignitates,

505 3343 563 3388 et
592 3336 832 3402 abeant,
866 3353 929 3392 ac
959 3339 1193 3395 induant
1231 3345 1454 3399 sordida
1486 3357 1541 3401 ct
1571 3349 1702 3405 vilia
1732 3353 2062 3409 vestimenta
2083 3397 2098 3422 ,

503 3437 560 3482 et
590 3428 947 3498 ignominiam
983 3450 1083 3504 pro
1111 3436 1320 3505 gloria,
1367 3439 1588 3510 sintque
1632 3445 1821 3499 miseri
1856 3455 1913 3502 et
1952 3448 2102 3520 abje-

503 3519 613 3585 cti;
679 3521 783 3576 hoc
821 3523 988 3577 situm
1017 3536 1105 3580 est
1154 3529 1208 3581 in
1259 3545 1452 3584 eorum
1507 3536 1731 3603 propria
1792 3538 2097 3595 voluntate.

390 3670 398 3677 _
500 3610 617 3683 Ego
662 3631 793 3670 vero
834 3617 931 3670 tibi
969 3619 1117 3683 dico,
1144 3621 1293 3691 quod
1341 3622 1489 3694 ipsos
1521 3641 1744 3697 quoque
1794 3633 2095 3700 apostolos,

499 3707 587 3762 vel
611 3721 1022 3766 consummatos
1060 3715 1112 3767 in
1141 3716 1317 3784 gratia
1340 3758 1354 3783 ,
1389 3734 1497 3772 non
1529 3721 1874 3788 prohibuerit
1898 3727 2094 3794 gratia,

498 3811 610 3864 quo
647 3799 857 3864 minus,
888 3817 1012 3870 quae
1058 3803 1295 3870 vellent,
1330 3808 1698 3876 perﬁcerent:
1742 3813 1957 3868 etiamsi
1996 3831 2095 3869 vo-

496 3886 730 3943 luissent
762 3890 889 3960 ipsi,
920 3907 1004 3958 ea,
1038 3911 1160 3963 qua:
1182 3896 1553 3968 displicebant
1577 3907 1787 3972 gratiae,
1811 3922 2091 3977 peragere.

493 3978 702 4036 Natura
756 3984 904 4037 enim
958 3993 1146 4040 nostra
1197 4003 1368 4058 capax
1421 4000 1547 4057 est,
1613 4003 1727 4047 tum
1785 3997 1912 4050 boni
1977 4008 2092 4054 tum

495 4075 624 4128 mali
658 4091 671 4128 :
707 4091 773 4131 ac
805 4087 1049 4146 potestas
1089 4076 1412 4138 adversaria
1447 4087 1804 4154 exhortandi,
1845 4108 1955 4147 non
2001 4111 2094 4148 co-

493 4166 656 4236 gendi
684 4167 798 4221 vim
836 4169 1046 4224 habet:
1083 4174 1266 4242 quoad
1310 4186 1509 4232 extera
1542 4191 1601 4233 tu
1645 4180 1815 4237 hahcs
1855 4183 2090 4240 liberum

492 4259 784 4313 arbitrium
847 4262 1114 4332 vergcndi
1174 4279 1509 4338 quocunque
1569 4271 1834 4326 volucris.
1897 4276 2090 4333 Nonne

489 4346 810 4415 perpendis,
834 4348 1055 4404 Petrum
1090 4353 1250 4422 fuisse
1273 4359 1646 4425 reprehensum
1671 4363 1740 4428 ⁷⁸,
1773 4375 1828 4418 et
1855 4365 2089 4423 Paulum

487 4437 784 4494 abeuntem
813 4442 1061 4512 arguisse
1093 4445 1248 4501 illum
1277 4465 1292 4514 ;
1328 4450 1444 4518 qui,
1469 4456 1724 4520 quamvis
1758 4458 1882 4512 talis
1915 4468 2083 4524 esset,

2207 3252 2526 3322 προαιρέσει
2559 3256 2905 3313 καταλίπωσι
2967 3262 3060 3315 τὸν
3097 3263 3346 3329 πλοῦτον,
3375 3267 3476 3321 καὶ
3505 3268 3600 3340 τὴν
3635 3267 3768 3336 εὐγέ-

2205 3359 2355 3395 νειαν
2395 3344 2597 3411 αὐτῶν,
2639 3350 2735 3401 καὶ
2783 3350 2850 3404 τὰ
2899 3352 3212 3422 ἀξιώματα,
3255 3358 3350 3410 καὶ
3382 3360 3657 3414 ἀπέλθωσι
3691 3359 3767 3412 καὶ

2202 3433 2531 3490 ὲνδύσωνται
2563 3441 2784 3511 ῥυπαρὰ
2818 3443 2913 3496 καὶ
2947 3449 3183 3518 πενιχρά
3209 3449 3514 3520 ἐνδύματα,
3551 3453 3639 3506 καὶ
3668 3452 3766 3504 ἀτι-

2205 3525 2334 3595 μίαν
2362 3527 2486 3582 ἀντὶ
2514 3529 2693 3600 δόξης,
2730 3535 2824 3586 καὶ
2851 3529 2954 3591 ὦσι
2982 3539 3486 3614 ταλαιπωροῦντες,
3516 3545 3604 3598 καὶ
3637 3543 3764 3608 ἔξου-

2200 3619 2530 3692 δενούμενοι,
2563 3625 2722 3681 τοῦτο
2745 3631 3167 3688 καταλέλειπται
3193 3637 3270 3706 τῷ
3302 3638 3415 3707 ίδίῳ
3438 3641 3617 3694 αὐτῶν
3635 3639 3766 3707 051i,-

2202 3730 2353 3781 ματι.
2374 3715 2517 3786 Ἐγὼ
2541 3717 2597 3770 δέ
2622 3736 2706 3772 σοι
2729 3721 2892 3789 λέγω,
2919 3725 3000 3779 ὅτι
3023 3728 3116 3781 καὶ
3145 3728 3271 3790 τοὺς
3305 3732 3636 3795 ἀποστόλους
3662 3731 3764 3792 τοὺς

2197 3805 2656 3878 τετελειωμένους
2687 3815 2746 3866 ἐν
2774 3817 2838 3886 τῇ
2865 3817 3069 3887 χάριτι,
3099 3819 3158 3872 οὐ
3185 3810 3508 3880 κεκώλυκεν
3539 3826 3570 3895 ἡ
3608 3822 3760 3894 χάρις.

2195 3895 2231 3951 ἃ
2277 3899 2562 3956 ἐϐούλοντο
2608 3907 2837 3975 πρᾶξαι,
2879 3911 2992 3978 εἴγε
3024 3912 3218 3981 ἤθελον
3251 3915 3407 3968 αύτολ⁸
3449 3918 3665 3978 ἐκεῖνοι,
3697 3915 3756 3983 μὴ

2194 3989 2503 4060 ἀρέσκοντα
2534 4013 2659 4049 τινα
2685 4002 2751 4069 τῇ
2788 4001 2970 4073 χάριτι
3001 4003 3450 4075 διαπράττεσθαι.
3492 4011 3600 4064 Καὶ
3619 4007 3757 4079 γὰρὴ

2194 4081 2357 4149 φύσις
2390 4085 2552 4155 ἡμῶν
2600 4088 2826 4161 δεκτικὴ
2867 4095 3036 4148 καλοῦ
3086 4098 3180 4151 καὶ
3225 4100 3399 4153 κακοῦ
3447 4101 3599 4155 ἐστι·
3630 4099 3756 4166 καὶὴ

2193 4174 2413 4228 ἐναντία
2459 4177 2692 4250 δύναμις
2744 4189 3158 4260 προτρεπτικὴ,
3216 4192 3316 4244 οὐκ
3375 4191 3752 4262 ἀναγκαστική.

2191 4264 2397 4319 Λοιπὸν
2433 4269 2497 4322 σὺ
2533 4269 2678 4342 ἔχεις
2706 4274 2768 4328 τὸ
2791 4277 3144 4344 αὐτεξούσιον
3172 4283 3356 4352 ῥέψαι,
3390 4285 3531 4338 ὄπου
3580 4283 3753 4356 βούλει.

2191 4356 2303 4427 Οὐχ
2356 4361 2511 4431 ὁρᾷς,
2559 4363 2643 4418 ὅτι
2703 4367 2930 4436 Πέτρος
2972 4376 3476 4444 κατεγνωσμένος
3532 4373 3624 4447 ἦν,
3675 4374 3753 4426 καὶ

2190 4449 2445 4505 ἀπελθὼν
2481 4455 2695 4522 Παῦλος
2732 4461 2960 4531 ἤλεγξεν
2990 4465 3173 4534 αὐτὸν,
3202 4468 3298 4521 καὶ
3329 4469 3359 4520 ὁ
3402 4469 3639 4532 τοιοῦτος
3668 4467 3744 4519 ἀκο

484 4529 670 4584 adhuc
696 4534 1149 4601 reprehensibilis
1174 4541 1332 4595 erat?
1361 4543 1566 4601 Paulus
1589 4563 1832 4619 quoque,
1853 4552 1946 4620 qui
1966 4563 2085 4608 erat

2207 4543 2298 4612 ιὴν
2333 4529 2786 4618 κατεγνωσμένος
2825 4549 2933 4624 ἦνς
2979 4557 3073 4610 καὶ
3099 4559 3127 4611 ὀ
3161 4529 3371 4623 Παῦλος
3408 4529 3751 4630 πνευματικὸς

483 4620 811 4690 spiritualis,
831 4625 1052 4695 propria
1075 4630 1363 4686 voluntate
1387 4633 1821 4704 disputationem
1846 4644 2090 4713 suscepit

481 4729 606 4768 cum
625 4714 899 4782 Barnaba,
917 4727 1003 4773 et:
1028 4720 1123 4776 Ira
1146 4726 1453 4781 exacerbati
1471 4727 1824 4784 discesserunt
1843 4733 1907 4786 ab
1929 4735 2090 4806 106

479 4810 703 4864 invicem
734 4812 802 4864 ⁷⁷.
828 4812 1019 4886 Itaque
1063 4817 1248 4888 inquit
1291 4821 1437 4877 idem
1469 4841 1481 4876 :
1523 4823 1620 4878 Vos
1653 4827 1746 4896 qui
1781 4829 2089 4898 spirituales

481 4902 640 4966 estis,
693 4902 996 4958 instaurate
1046 4908 1353 4979 hujusmodi
1405 4913 1600 4982 spiritu
1662 4921 2087 4982 mansuetudinis

480 4990 821 5047 considerans
856 4998 1223 5067 temetipsum,
1279 5017 1341 5053 ne
1367 5009 1416 5054 et
1455 5011 1510 5056 tu
1564 5007 1778 5059 tenteris
1821 5008 1884 5060 ⁷³.
1933 5009 2075 5066 Ecce

481 5080 799 5149 spirituales
829 5094 1133 5156 tentantur,
1161 5091 1290 5162 quia
1308 5104 1562 5163 superest
1577 5097 1758 5152 adhuc
1776 5099 2071 5156 arbitrium

479 5166 750 5237 liberum;
792 5180 849 5226 et
890 5175 1080 5232 hostes
1125 5179 1356 5244 instant,
1385 5184 1635 5252 quandiu
1678 5197 1973 5243 versantur
2013 5191 2069 5245 in

478 5255 586 5314 hoc
625 5263 845 5317 saeculo.

547 5349 638 5405 XI.
680 5352 1057 5427 Interrogatio.
1097 5360 1215 5416 Non
1268 5377 1516 5435 pocerant
1559 5385 1775 5436 peccare
1807 5373 2066 5440 apostoli,

2187 4632 2284 4698 ὢν,
2319 4636 2385 4690 ὲκ
2437 4638 2536 4693 τοῦ
2593 4642 2726 4696 ίδίου
2781 4646 3091 4718 θελήματος
3146 4651 3426 4706 διάλεκτον
3479 4655 3750 4721 ἐποιήσατο

2189 4728 2329 4793 μετά
2369 4728 2647 4801 Βαρνάϐα,
2673 4736 2790 4803 καὶ,
2839 4741 3332 4811 Παροξυνθέντες
3380 4745 3750 4815 ἀνεχώρησαν

2187 4815 2289 4869 ἀπ’
2327 4819 2638 4888 ἀλλήλων.
2674 4829 2789 4883 Καὶ
2819 4831 2982 4884 πάλιν
3019 4835 3046 4885 ό
3080 4834 3245 4898 αὐτὸς
3282 4835 3455 4904 λέγει,
3499 4834 3683 4906 Ὑμεῖς
3703 4831 3747 4885 οι

2188 4917 2578 4982 πνευματικοί
2619 4922 2994 4992 καταρτίζετε
3042 4930 3150 4980 τὸν
3196 4929 3489 4992 τοιοῦτον,
3522 4923 3745 4983 σκοπῶν

2183 5006 2466 5072 σεαυτὸν,
2503 5010 2591 5079 μὴ
2619 5013 2718 5066 καὶ
2757 5015 2839 5069 σὺ
2873 5018 3226 5088 πειρασθῇς.
3273 5022 3409 5074 Ίιῖοὺ
3435 5023 3484 5075 οί
3524 5034 3738 5088 πνευμα-

2180 5098 2322 5149 τικοὶ
2353 5103 2728 5170 πειράζονται,
2763 5107 2853 5161 διὰ
2897 5111 2960 5162 τὸ
3005 5113 3350 5183 παραμένειν
3377 5113 3458 5167 ἔτι
3489 5114 3549 5166 τὸ
3577 5108 3727 5173 αὐτεξ-

2179 5188 2362 5242 ούσιον
2385 5206 2399 5220 °
2439 5195 2534 5246 καὶ
2561 5196 2611 5248 οἱ
2640 5198 2828 5269 ἐχθροὶ
2872 5202 3202 5270 ἐπίκεινται,
3231 5204 3338 5269 ἕως
3369 5207 3492 5260 ὅτου
3541 5206 3665 5258 εἰσὶν
3692 5202 3739 5254 ἐν

2176 5280 2254 5351 τῷ
2281 5284 2437 5337 αίῶνι
2473 5286 2666 5359 τούτῳ.

2245 5373 2348 5427 1Λ’.
2405 5377 2744 5448 Ἐρώτησις.
2795 5386 2919 5438 Οὐκ
2969 5386 3273 5453 ἠδύναντο
3326 5389 3672 5459 ἁμαρτάνειν
3692 5385 3736 5437 ol

476 5442 523 5493 si
548 5443 854 5511 uoluissent,
901 5465 970 5502 an
1008 5466 1130 5505 vero
1174 5455 1290 5525 ipsa
1329 5455 1604 5513 voluntate
1640 5465 1909 5531 potentior
1953 5473 2070 5518 erat

2210 5442 2524 5534 πόστολοι,
2548 5442 2866 5542 είὶἥθελον,
2898 5476 2936 5546 ἢ
2965 5442 3066 5530 καὶ
3091 5478 3278 5534 αὑτοῦ
3304 5442 3410 5536 τοῦ
3437 5442 3736 5550 θελήματος

477 5536 653 5600 gratia
677 5536 702 5588 ?

551 5622 850 5696 Responsio.
891 5629 1129 5688 Peccare
1174 5636 1398 5705 quidem
1446 5655 1556 5694 non
1601 5651 1898 5712 poterant;
1954 5661 2064 5699 non

2175 5553 2542 5630 ἰσχυροτέρα
2573 5558 2653 5631 ἦν
2682 5565 2720 5629 ’ἠ
2754 5566 2968 5635 χάρις;

2251 5645 2611 5723 Ἀπόκρισις.
2644 5658 3012 5732 Ἀμαρτάνειν
3047 5665 3146 5736 μὲν
3180 5667 3280 5720 οὐκ
3310 5667 3563 5738 ἠδύναντο
3584 5681 3597 5697 ⁸
3625 5659 3728 5718 οὔτε

544 5797 590 5829 ⁷⁸
631 5800 649 5854 l
684 5803 878 5859 Thess.
917 5823 981 5872 ν,
1035 5811 1118 5866 19.
1217 5814 1258 5845 ⁷⁵
1300 5815 1505 5884 Ephes.
1553 5835 1638 5886 Iv,
1675 5822 1765 5877 50.
1844 5826 1888 5856 ’⁸
1926 5825 2045 5881 Gal.
2075 5843 2100 5882 ι]

2219 5831 2266 5884 1.
2347 5832 2533 5891 ⁷⁷,Αοι.
2570 5851 2658 5900 xv,
2688 5840 2774 5892 lo.
2852 5842 2900 5875 ⁷⁸
2933 5841 3052 5898 Gal.
3085 5861 3155 5911 v1,
3186 5845 3228 5901 1.
