3966 6444
242 384 346 450 701

1446 378 1820 441 HOMILI/E.
1839 403 1910 413 --
1930 377 2116 438 IIOM.
2153 376 2397 438 XXVII.

3442 380 3548 444 702

246 502 359 570 γὰρ
407 495 642 570 ᾑροῦντο
692 497 751 549 ἐν
806 495 948 565 φωτὶ
982 496 1134 558 ὀντες
1182 493 1278 547 ml
1306 493 1365 545 ἐν
1393 491 1577 562 χάριτι
1605 488 1849 562 τοιαύτῃ.

1971 488 2104 543 :nim
2154 490 2597 554 extollebantur,
2643 490 2849 560 quippe
2897 489 2992 559 qui
3032 498 3195 545 erant
3236 490 3449 546 lumine
3484 507 3550 546 ac

247 590 401 659 Πλὴν
448 590 511 641 οὺ
565 587 799 657 λέγομεν
849 588 932 641 ὅτι
983 588 1018 657 ἡ
1070 586 1234 657 χάρις
1284 585 1343 637 ἐν
1374 585 1559 644 αὐτοῖς
1606 582 1846 651 ἠσθένει,

248 679 397 734 ἀλλὰ
438 678 697 751 λέγομεν,
723 680 811 733 ὅτι
856 679 1183 750 παραχωρεῖ
1230 678 1265 747 ὴ
1296 677 1457 747 χάρις
1487 674 1581 728 ml
1630 676 1741 737 τοῖς
1770 689 1852 725 τε-

248 770 423 835 λείοις
475 772 873 842 πνευματικοῖς
930 771 1075 841 ἐχειν
1119 768 1191 822 τὰ
1238 767 1546 839 θελήματα,
1606 766 1699 818 ml
1753 763 1851 833 τὴν

251 864 512 932 ἐξουσίαν
540 864 633 918 τοῦ
683 865 860 917 ποιεῖν
901 862 938 917 ἃ
968 862 1206 925 θέλουσι,
1249 860 1345 914 ml
1388 857 1690 929 τρέπεσθαι
1715 857 1850 909 ὅπου

256 955 570 1027 βούλονται.
599 956 713 1009 Καὶ
760 955 901 1024 αὐτὴ
933 953 989 1006 δὲ
1014 955 1048 1023 ἡ
1075 952 1239 1022 φύσις
1268 954 1302 1022 ἡ
1344 949 1661 1022 ἀνθρωπίνη
1691 947 1854 1001 ἀσθε-

254 1049 358 1119 νὴς
384 1044 518 1101 οὖσα
577 1047 693 1118 ἔχει
752 1046 1025 1112 ἐξουσίαν,
1080 1045 1177 1098 καὶ
1237 1044 1490 1105 συνόντος
1517 1041 1612 1094 τοῦ
1643 1038 1852 1109 ἀγαθοῦ

256 1139 585 1210 τρέπεσθαι.
618 1139 845 1207 Ὠσπερ
871 1138 967 1191 ἐὰν
1013 1131 1115 1190 dici
1147 1153 1291 1199 τινες
1322 1134 1663 1204 ἐνδεδυμένοι
1718 1148 1853 1184 παν-

263 1232 491 1294 οπλίαν,
540 1230 783 1302 θώρακα,
830 1230 925 1283 καὶ
971 1230 1133 1295 ὅπλα,
1181 1229 1244 1282 τὸ
1266 1228 1452 1281 λοιπὸν
1477 1227 1679 1280 ἐσωθέν
1719 1229 1855 1279 εἰσιν

258 1325 686 1394 ήσφαλισμένοι,
717 1326 809 1377 ml
842 1323 1025 1394 ἐχθροὶ
1058 1324 1159 1376 οὐκ
1207 1322 1534 1393 ἐπέρχονται
1564 1322 1748 1382 αὐτοῖς
1772 1336 1785 1350 ν
1820 1320 1854 1390 ἢ

259 1417 593 1490 ἐπέρχονται
637 1420 757 1488 μὲν,
792 1418 983 1472 λοιπὸν
1028 1418 1086 1470 δὲ
1123 1417 1185 1469 ἐν
1230 1414 1311 1486 τῷ
1359 1414 1629 1485 θελήματι
1676 1413 1858 1466 αὐτῶν

259 1510 437 1576 ἐστιν,
485 1511 517 1581 ἢ
572 1509 884 1580 χρήσασθαι
929 1512 1043 1573 τοῖς
1082 1510 1293 1571 ὅπλοις,
1337 1509 1433 1561 καὶ
1478 1506 1855 1575 ἀινταγωνίσα⁸

263 1600 417 1664 σθαι,
473 1602 571 1655 καὶ
620 1600 1006 1653 ἀντιπαλαῖσαι
1041 1600 1153 1660 τοῖς
1183 1597 1420 1668 ἐχθροῖς,
1452 1596 1548 1649 καὶ
1596 1596 1663 1649 τὰ
1715 1610 1861 1662 νικη-

260 1693 433 1761 τήρια
457 1692 890 1759 ἀπενέγκασθαι,
924 1691 956 1760 ἢ
994 1689 1392 1760 συνηδυνθῆναι
1423 1690 1517 1743 ml
1540 1686 1857 1759 εἰρηνεῦσαι

266 1784 412 1854 μετὰ
446 1785 555 1837 τῶν
598 1785 833 1856 ἐχθρῶν,
866 1786 957 1837 ml
991 1784 1064 1853 μὴ
1101 1783 1433 1851 πολεμῆσαι,
1491 1781 1669 1835 καίτοι
1706 1780 1858 1851 ἔχον-

260 1893 360 1939 τες
397 1876 568 1930 ὅπλα·
622 1875 766 1929 οὕτω
805 1877 901 1928 καὶ
933 1878 980 1930 οἱ
1012 1874 1332 1945 Χριστιανοὶ
1370 1873 1709 1943 ἐνδεδυμένοι
1760 1872 1857 1944 τὴν

261 1967 477 2023 τελείαν
511 1967 762 2039 δύναμιν,
812 1968 907 2022 καὶ
964 1968 1177 2038 ἔχοντες
1224 1967 1295 2020 τὰ
1340 1965 1481 2020 ὅπλα
1510 1965 1579 2019 τὰ
1623 1968 1860 2037 ἐπουρά-

261 2074 379 2123 νια,
401 2058 449 2111 εί
478 2057 713 2121 θέλουσι,
757 2058 1071 2128 συνήδονται
1099 2056 1179 2127 τῷ
1209 2056 1447 2126 Σατανᾷ,
1482 2056 1579 2109 καὶ
1606 2054 1857 2126 εἰρηνεύο

260 2165 389 2202 ουσι
446 2151 561 2219 μετ’
613 2149 801 2213 αὑτοῦ,
850 2150 945 2203 καὶ
988 2154 1048 2203 οὐ
1100 2146 1423 2218 πολεμοῦσι.
1477 2146 1698 2218 Τρεπτὴ
1748 2148 1857 2216 γάρ

260 2239 418 2290 ἐστιν
454 2240 486 2304 ἡ
525 2238 704 2308 φύσις,
755 2242 851 2294 καὶ
895 2242 943 2293 εί
989 2239 1134 2293 θέλει
1182 2257 1289 2306 τις,
1342 2238 1552 2307 γίνεται
1591 2239 1707 2302 υίὸς
1763 2238 1857 2292 τοῦ

261 2326 426 2391 Θεοῦ,
463 2329 573 2381 είτε
615 2330 778 2383 πάλιν
833 2331 948 2394 υίὸς
980 2329 1280 2393 ἀπωλείας,
1312 2330 1400 2384 διὰ
1430 2331 1492 2383 τὸ
1519 2330 1858 2401 παραμένειν

260 2421 329 2473 τὸ
352 2422 720 2487 αὐτεξούσιον.

341 2514 441 2567 IB'.
488 2514 653 2567 Ἀλλο
705 2516 822 2568 ἐστὶ
859 2516 920 2569 τὸ
967 2519 1098 2586 περὶ
1138 2518 1304 2589 ἄρτου
1352 2516 1719 2587 διηγήσασθαι
1766 2518 1860 2570 ml

260 2605 569 2675 τραπέζης,
621 2608 717 2660 ml.
769 2607 899 2661 ἄλλο
942 2609 1065 2661 ἐστὶ
1107 2611 1301 2678 φαγεῖν
1329 2610 1421 2662 ml
1451 2609 1633 2663 λαϐεῖν
1654 2610 1744 2662 τὸν
1773 2610 1856 2663 νό-

264 2711 394 2747 στον
436 2697 531 2748 τοῦ
582 2696 774 2767 ἄρτου,
817 2699 911 2751 ml
944 2698 1395 2769 ἐνδυναμωθῆναι
1435 2699 1534 2751 ὅλα
1573 2699 1643 2751 τὰ
1696 2699 1855 2769 μέλη.

265 2786 434 2839 Ἀλλο
461 2788 611 2844 ἐστὶν
645 2791 820 2842 εἰπεῖν
862 2793 991 2862 περὶ
1021 2791 1186 2845 ποτοῦ
1221 2793 1489 2863 ὴδυτάτου
1531 2792 1727 2860 λόγοις,
1766 2794 1859 2845 καὶ

262 2879 396 2934 ἄλλο
447 2881 595 2933 ἐστὶν
634 2881 892 2935 ἀπελθεῖν
975 2884 1071 2936 καὶ
1116 2883 1417 2954 δράξασθαι
1459 2884 1518 2950 ἐξ
1561 2884 1733 2953 αὐτῆς
1760 2884 1860 2952 τῆς

264 2973 477 3042 πηγῆς,
501 2975 595 3026 καὶ
622 2973 1005 3045 ἐμπλησθῆναι
1029 2976 1198 3046 αὐτῆς
1223 2977 1320 3046 τῆς
1344 2977 1587 3045 γεύσεως
1608 2976 1702 3029 τοῦ
1732 2978 1858 3046 ἠδυ-

261 3068 432 3119 τὰτου
484 3065 669 3121 ποτοῦ.
693 3068 856 3121 Ἀλλο
886 3069 1006 3121 ἐστὶ
1031 3069 1397 3139 διηγήσασθαι
1432 3070 1563 3142 περὶ
1596 3071 1856 3141 πολέμου,

262 3158 365 3211 καὶ
385 3159 649 3225 γενναίων
670 3159 939 3228 ἀθλητῶν,
963 3161 1056 3212 καὶ
1078 3161 1446 3230 πολεμιστῶν,
1470 3162 1566 3214 καὶ
1590 3161 1718 3216 ἄλλο
1742 3163 1859 3213 ἐστί

262 3250 331 3303 τὸ
355 3250 614 3303 ἀπελθεῖν
642 3268 760 3304 τινα
787 3252 866 3314 είς
895 3252 1205 3323 παράταξιν
1236 3255 1497 3325 πολέμου,
1527 3256 1622 3308 καὶ
1650 3255 1861 3325 συμϐα-

263 3338 381 3393 λεῖν
400 3342 510 3403 τοῖς
531 3340 867 3411 ἐχθροῖς,καὶ
886 3343 1149 3396 εἰσελθεῖν
1163 3345 1255 3398 ml
1275 3344 1531 3411 ἐξελθεῖν,
1553 3348 1647 3400 καὶ
1659 3346 1863 3412 λαϐεῖν,

263 3436 365 3484 καὶ
402 3433 606 3499 δοῦναι,
651 3434 746 3487 καὶ
788 3436 1199 3499 ἀπενέγκασθαι
1232 3436 1303 3489 τὰ
1340 3439 1656 3508 νικητήρια.
1708 3438 1864 3491 Οὕτω

264 3526 373 3577 κάν
404 3528 516 3587 τοῖς
548 3529 960 3597 πνευματικοῖς.
994 3530 1157 3581 Ἀλλο
1190 3531 1307 3583 ἐστὶ
1328 3531 1386 3582 τὸ
1403 3530 1603 3598 γνώσει
1636 3532 1741 3584 τινὶ
1772 3532 1866 3584 καὶ

266 3617 351 3669 νοῒ
384 3618 643 3687 διηγῆσαι
680 3620 896 3687 λόγους,
928 3622 1020 3673 καὶ
1066 3622 1194 3674 ἄλλο
1227 3623 1343 3674 ἐστὶ
1386 3625 1445 3675 τὸ
1481 3625 1538 3675 ἐν
1569 3625 1864 3678 ὑποστάσει

267 3709 365 3761 καὶ
404 3709 571 3780 ἔργῳ,
620 3714 717 3764 καὶ
763 3715 821 3764 ἐν
866 3712 1230 3785 πληροφορίᾳ,
1273 3715 1368 3767 καὶ
1398 3718 1455 3767 ἐν
1498 3714 1575 3785 τῷ
1604 3715 1750 3769 ἔνδον
1780 3718 1867 3770 ἀν-

269 3803 498 3873 θρώπῳ,
549 3806 643 3858 ml
686 3803 765 3875 τῷ
816 3804 891 3876 νῷ
940 3805 1087 3877 ἔχειν
1134 3808 1225 3860 τὸν
1267 3807 1563 3878 θησαυρὸν,
1620 3810 1715 3863 ml
1766 3810 1865 3880 τὴν

266 3896 454 3964 χάριν,
488 3898 582 3949 καὶ
612 3899 711 3967 τὴν
748 3898 958 3966 γεῦσιν,
991 3900 1085 3952 καὶ
1123 3900 1221 3969 τὴν
1254 3902 1542 3971 ἐνέργειαν
1575 3901 1670 3955 τοῦ
1703 3904 1861 3972 ἁγίου

271 3987 616 4057 Ιῖνεύματος.
647 3990 710 4041 Οἱ
736 3990 844 4060 γὰρ
892 3991 1081 4059 ψιλοὺς
1122 3993 1315 4061 λόγους
1349 3992 1622 4061 λέγοντες,
1659 3994 1865 4063 φαντά-

271 4080 482 4143 ζονται,
516 4082 610 4133 ml
646 4082 963 4149 φυσιοῦνται
994 4084 1100 4136 ὑπὸ
1130 4083 1225 4136 τοῦ
1257 4086 1375 4147 νοὸς
1419 4082 1623 4139 αὐτῶν.
1670 4084 1733 4138 '0
1756 4086 1867 4155 γὰρ

269 4171 477 4237 λόγος,
513 4171 700 4239 φησὶν,
734 4169 902 4239 ἡμῶν
945 4173 1044 4225 καί
1082 4176 1148 4225 τὸ
1195 4176 1471 4243 κήρυγμα
1499 4176 1612 4228 οὐκ
1644 4175 1711 4227 ἐν
1743 4190 1869 4229 πει-

271 4261 482 4326 θτινοῖς
506 4262 887 4331 ἀνθρωπίνης
921 4265 1146 4332 σοφίας
1189 4267 1414 4336 λόγοις,
1448 4266 1586 4320 ἀλλ’
1618 4267 1688 4320 ἐν
1719 4269 1868 4322 ἀπο·

271 4350 459 4415 δείξει
498 4355 850 4422 Πνεύματος
908 4357 1007 4409 καὶ
1064 4356 1373 4426 δυνάμεως
1396 4375 1408 4388 ·
1452 4359 1547 4411 ml
1579 4358 1743 4412 πάλιν
1769 4359 1867 4413 ἀλ-

271 4443 443 4514 λαχοῦ
475 4444 643 4513 λέγει,
679 4446 749 4500 Τὸ
786 4445 852 4499 δὲ
882 4446 1058 4512 τέλος
1098 4448 1209 4516 τῆς
1258 4452 1662 4520 παραγγελίας
1696 4452 1869 4505 ἐστιν

1954 580 2130 651 gratia
2164 580 2400 653 praediti.
2446 581 2566 635 Non
2600 591 2784 635 tamen
2845 581 3083 636 dicimus
3126 581 3459 637 imbecillem
3492 584 3549 638 in

1954 675 2027 729 iis
2054 673 2227 730 fuisse
2253 675 2520 746 gratiam;
2548 674 2645 730 sed
2674 674 2917 729 dicimus
2964 675 3193 745 gratiam
3222 674 3549 744 permittere

1952 766 2038 821 vel
2083 766 2218 836 ipsis
2264 766 2648 836 spiritualibus
2701 766 2992 835 perfectis,
3034 776 3095 820 ut
3138 766 3378 820 habeant
3419 779 3549 820 suas

1952 861 2270 916 voluntates
2295 902 2310 927 ,
2350 876 2414 915 ac
2448 867 2777 930 potestatem
2825 859 3059 913 faciendi
3096 875 3441 930 quacunque
3484 859 3551 913 li-

1954 953 2219 1018 buerint,
2251 963 2307 1008 et
2343 954 2650 1011 inclinandi
2685 970 2797 1024 quo
2837 954 3152 1013 voluerint.
3186 954 3291 1022 Ipsi
3329 969 3549 1023 quoque

1956 1055 2169 1102 naturze
2210 1048 2501 1112 humanae,
2540 1055 2598 1101 ut
2646 1047 2942 1102 imbecillis
2981 1055 3085 1111 est,
3129 1046 3295 1110 licet,
3332 1047 3550 1100 etiamsi

1955 1142 2167 1195 bonum
2220 1140 2299 1194 illi
2341 1141 2647 1205 inhaereat,
2707 1141 2955 1195 converti
3009 1149 3062 1193 et
3095 1139 3321 1195 mutari.
3352 1139 3555 1206 Quem-

1957 1231 2261 1286 admodum
2296 1231 2343 1285 si
2400 1232 2624 1301 qnidam
2661 1233 2977 1286 universam
3018 1240 3390 1295 armaturam,
3432 1232 3556 1285 tho-

1959 1340 2164 1389 racem,
2196 1333 2250 1379 et
2273 1340 2423 1378 arma
2441 1324 2648 1378 fuerint
2670 1324 2871 1385 induti,
2898 1323 3043 1392 quod
3074 1323 3140 1377 ad
3165 1332 3383 1388 caetera,
3405 1325 3557 1378 intus

1960 1425 2090 1471 sunt
2114 1416 2335 1480 muniti,
2368 1432 2473 1471 nec
2497 1416 2973 1471 hostesinsultant
3004 1415 3114 1469 illis
3143 1432 3156 1468 :
3186 1424 3281 1469 aut
3314 1419 3357 1469 si
3383 1415 3557 1468 insul-

1961 1511 2151 1575 tarint,
2180 1511 2236 1565 in
2252 1525 2448 1564 eorum
2479 1509 2762 1562 voluntate
2793 1510 2961 1562 situm
2993 1516 3099 1572 est,
3130 1513 3224 1561 aut
3249 1508 3328 1561 uti
3362 1507 3551 1569 armis,

1962 1618 2267 1672 repugnare
2310 1618 2374 1656 ac
2421 1600 2682 1655 reluctari
2731 1600 3021 1663 hostibus,
3057 1607 3114 1653 et
3142 1598 3431 1652 victoriam
3469 1614 3557 1651 re-

1962 1696 2109 1751 ferre
2136 1715 2150 1762 ;
2187 1703 2285 1750 aut
2315 1693 2565 1750 deliciari
2588 1702 2644 1747 et
2665 1709 2855 1762 pacem
2882 1692 3023 1746 inire
3049 1709 3173 1746 cum
3206 1692 3481 1753 hostibus,
3503 1699 3559 1743 et

1966 1804 2079 1842 non
2109 1787 2418 1849 decertare,
2456 1785 2709 1855 quamvis
2733 1784 2974 1837 habeant
3004 1798 3154 1836 arma
3187 1799 3199 1834 :
3234 1782 3314 1836 sic
3337 1797 3557 1850 quoque

1964 1878 2264 1935 Christiani
2302 1878 2605 1949 perfectam
2634 1877 2895 1931 virtutem
2934 1875 3137 1936 induti,
3172 1882 3228 1927 et
3266 1889 3416 1927 arma
3450 1888 3561 1927 cm-

1964 1972 2123 2027 lestia
2155 1971 2493 2034 obtinentes,
2526 1971 2571 2024 si
2597 1970 2789 2029 velint,
2813 1968 3163 2021 oblectamur
3187 1982 3310 2019 cum
3336 1964 3557 2026 Satana,

1965 2074 2023 2120 et
2060 2079 2252 2134 pacem
2283 2078 2408 2119 cum
2434 2076 2501 2117 eo
2528 2061 2884 2124 contrahunt,
2911 2075 3016 2114 nec
3056 2058 3264 2113 bellum
3293 2056 3558 2109 inferunt.

1966 2157 2247 2212 Mutabilis
2266 2157 2415 2212 enim
2437 2166 2523 2211 est
2544 2164 2777 2220 natura,
2810 2163 2865 2208 et
2900 2153 2944 2207 si
2976 2153 3109 2206 velit
3149 2151 3292 2220 quis.
3328 2148 3388 2203 fit
3417 2149 3563 2203 filius

1964 2252 2091 2317 Dei;
2142 2251 2227 2305 sin
2263 2258 2456 2305 contra
2480 2290 2493 2314 ,
2535 2248 2678 2304 ﬁlius
2708 2249 2965 2303 interitus
2994 2264 3007 2299 :
3040 2260 3108 2300 eo
3142 2243 3292 2314 quod
3322 2242 3565 2313 supersit

1964 2344 2208 2399 liberum
2239 2343 2553 2398 arbitrium.

2038 2519 2155 2574 XII.
2195 2517 2359 2573 Aliud
2399 2527 2484 2572 est
2522 2517 2590 2571 de
2634 2532 2775 2587 pane
2821 2524 2876 2571 et
2907 2530 3096 2570 mensa
3140 2512 3449 2577 disserere;
3507 2518 3564 2564 et

1976 2611 2126 2666 aliud
2160 2611 2324 2667 edere
2356 2627 2421 2665 ac
2453 2626 2674 2665 sumere
2720 2609 3043 2663 suavitatem
3076 2607 3253 2677 panis,
3286 2616 3346 2660 ut
3378 2621 3564 2660 corro—

1968 2704 2239 2759 borentur
2266 2704 2393 2757 inde
2424 2704 2610 2757 omnia
2642 2703 2913 2756 membra.
2959 2701 3122 2755 Aliud
3154 2711 3238 2755 est
3275 2700 3563 2769 disputare

1966 2796 2151 2850 verbis
2188 2797 2256 2850 de
2297 2809 2432 2865 potu
2470 2796 2798 2849 suavissimo
2825 2835 2840 2858 ,
2895 2804 2951 2848 et
2990 2794 3140 2847 aliud
3187 2793 3363 2854 abire,
3407 2802 3463 2845 et
3494 2808 3563 2846 ex

1968 2884 2088 2954 ipso
2122 2883 2272 2938 fonte
2310 2898 2507 2952 capere
2530 2925 2542 2947 ,
2586 2884 2816 2953 ipsoque
2856 2892 3018 2953 gustu
3061 2881 3371 2936 suavissimi
3401 2891 3566 2950 potus

1968 2976 2193 3045 repleri.
2223 2975 2385 3030 Aliud
2419 2984 2503 3029 est
2535 2975 2810 3029 disserere
2838 2974 2905 3029 de
2934 2974 3100 3038 bello,
3134 2972 3372 3027 strenuis
3392 2973 3568 3025 athle-

1970 3066 2040 3120 tis
2086 3075 2143 3121 et
2191 3066 2607 3121 bellatoribus:
2650 3073 2707 3120 et
2752 3065 2903 3119 aliud
2949 3065 3106 3119 abire
3140 3064 3457 3134 quempiam
3511 3062 3564 3116 in

1970 3160 2149 3215 aciem
2188 3160 2494 3214 militarem
2522 3202 2535 3225 ,
2564 3175 2688 3213 cum
2722 3158 2977 3212 hostibus
3008 3173 3204 3211 manus
3230 3172 3525 3211 conserere
3545 3197 3562 3222 ,

1975 3251 2227 3322 ingredi,
2276 3250 2498 3321 egredi,
2536 3249 2783 3318 accipere
2807 3291 2820 3313 ,
2853 3248 2985 3302 dare
3011 3290 3024 3313 ,
3062 3258 3118 3302 et
3156 3247 3445 3301 victoriam
3484 3261 3567 3298 re-

1975 3351 2215 3412 portare.
2251 3339 2342 3395 Sic
2387 3355 2611 3410 quoque
2642 3356 2700 3393 se
2728 3354 2816 3392 res
2858 3338 3025 3392 habet
3066 3336 3119 3390 in
3161 3334 3563 3406 Spirilualibus.

1973 3433 2139 3487 Aliud
2181 3441 2267 3487 est
2311 3431 2511 3485 notitia
2554 3429 2791 3499 quadam
2844 3438 2899 3482 et
2955 3428 3241 3481 intellectu
3290 3424 3566 3494 explicare

1974 3541 2283 3589 sermones,
2351 3533 2407 3579 et
2440 3524 2585 3578 aliud
2621 3523 2673 3576 in
2698 3520 2974 3592 hypostasi
3004 3531 3060 3573 et
3085 3534 3275 3588 opere,
3307 3533 3370 3571 ac
3404 3516 3569 3571 certi-

1977 3616 2168 3671 tudine
2214 3616 2365 3679 fidei,
2402 3625 2457 3669 et
2492 3616 2547 3669 in
2577 3614 2829 3668 interiori
2867 3612 3090 3666 homine
3123 3620 3179 3666 et
3224 3610 3409 3663 animo
3444 3624 3568 3678 pos—

1974 3710 2157 3765 sidere
2192 3710 2515 3763 thesaurum
2541 3749 2555 3772 ,
2588 3709 2850 3778 gratiam,
2883 3715 3134 3776 gustum,
3166 3714 3223 3759 et
3264 3702 3564 3757 efﬁcaciam

1975 3803 2217 3872 Spiritus
2257 3802 2455 3855 sancti.
2504 3800 2607 3867 Qui
2654 3800 2799 3853 enim
2843 3798 2989 3852 nuda
3034 3797 3203 3849 verba
3242 3796 3565 3865 proferunt,

1974 3896 2364 3965 imaginatione
2394 3894 2601 3965 jactant
2634 3907 2692 3946 se
2737 3899 2794 3945 et
2819 3892 3197 3945 intumescunt
3229 3887 3414 3941 animo
3443 3902 3564 3940 suo.

1974 3987 2155 4042 Sermo
2189 3988 2330 4039 enim
2362 4002 2506 4039 meus
2531 4027 2545 4051 ,
2594 3984 2807 4052 inquit,
2853 3992 2902 4035 et
2941 3981 3245 4052 praedicatio
3277 3996 3425 4042 mea,
3462 3995 3564 4031 non

1975 4090 2089 4134 erat
2118 4081 2173 4133 in
2205 4078 2557 4150 persuasoriis
2586 4077 2834 4130 humanoe
2864 4073 3139 4143 sapientia:
3168 4070 3358 4133 verbis,
3391 4069 3483 4121 sed
3511 4070 3566 4122 in

1974 4172 2269 4225 ostensione
2311 4168 2540 4241 Spiritus
2594 4187 2655 4223 ac
2700 4169 2948 4238 potentia:
2976 4166 3043 4217 7°.
3086 4164 3155 4219 Et
3180 4178 3392 4217 rursum
3433 4161 3567 4216 alibi

1975 4266 2111 4319 dicit
2142 4281 2155 4316 :
2194 4263 2337 4318 Finis
2368 4264 2613 4334 praecepti
2653 4272 2729 4315 est
2762 4261 3016 4322 charitas,
3061 4273 3123 4310 ea:
3156 4271 3290 4326 puro
3321 4253 3496 4317 corde,
3517 4263 3567 4307 et

1975 4359 2296 4412 conscientia
2331 4358 2467 4411 bona
2494 4368 2543 4409 et
2568 4356 2673 4424 ﬁde
2716 4372 2818 4408 non
2850 4351 3105 4406 simulata
3140 4351 3205 4402 ⁸ο.
3240 4347 3566 4419 IIujusmodi

1975 4448 2070 4517 qui
2111 4458 2195 4503 est
2240 4463 2351 4501 non
2397 4445 2564 4500 cadit.
2610 4444 2797 4498 Multis
2832 4442 3015 4504 enim,
3054 4439 3148 4508 qui
3194 4439 3366 4491 Deum
3413 4452 3565 4506 quac-

273 4535 477 4604 ἀγάπη
521 4537 592 4590 ἐκ
635 4537 888 4606 καρδίας
960 4540 1246 4608 καθαρᾶς,
1304 4541 1405 4593 καὶ
1455 4543 1861 4611 συνειδήσεως

1976 4544 2205 4606 sierant,
2244 4551 2435 4612 aperta
2479 4549 2565 4595 est
2599 4539 2794 4610 janua,
2838 4552 2902 4591 ac
2938 4535 3201 4589 viderunt
3243 4532 3565 4587 thesaurum

272 4627 527 4694 ἀγαθῆς,
569 4628 665 4681 καί
711 4630 972 4697 πίστεως
1025 4632 1453 4699 ἀνυποκρίτου.
1518 4631 1578 4687 '0
1628 4634 1870 4698 τοιοῦτος

271 4720 337 4771 ού
372 4719 588 4772 πίπτει.
619 4720 841 4784 Πολλοῖς
873 4723 981 4791 γὰρ
1015 4721 1357 4792 ἐκζητήσασι
1381 4724 1471 4777 τὸν
1501 4724 1635 4777 Θεὸν
1659 4724 1869 4795 ἠνοίγει

273 4809 436 4881 θύρα,
469 4811 561 4864 ml
606 4808 743 4864 εἶδον
793 4812 1091 4883 θησαυρὸν,
1128 4816 1221 4868 ml
1269 4816 1521 4885 εἰσῆλθον
1571 4818 1651 4879 είς
1683 4818 1870 4870 αὐτόν.

270 4903 387 4955 Kal
414 4902 489 4965 ὠς
514 4900 655 4974 ἦσαν
682 4906 739 4956 ἐν
771 4907 915 4976 χαρᾷ
943 4905 1213 4973 λέγοντες,
1246 4906 1516 4977 Εὖρομεν
1541 4909 1871 4979 θησαυρὸν,

270 4993 600 5047 ἀπέκλεισεν
630 4995 812 5058 αὐτοῖς
836 4996 934 5057 τὰς
966 4996 1158 5065 θύρας,
1188 4998 1425 5067 ἤρξαντο
1452 4999 1583 5070 βοᾷν
1614 5000 1710 5052 καὶ
1738 5016 1870 5051 πεν-

275 5084 414 5151 θεῖν,
446 5087 543 5139 καὶ
590 5086 892 5156 ἐπιζητεῖν,
930 5088 1251 5157 Θησαυρὸν
1296 5091 1572 5160 εὕρομεν,
1608 5092 1707 5145 καί
1752 5093 1869 5146 ἀπ-

274 5173 1019 5247 ωλέσαμεν.οίκονομικῶς
1071 5180 1174 5248 γὰρ
1241 5180 1562 5233 ύποστέλλει
1603 5183 1637 5251 ὴ
1685 5182 1866 5253 χάρις,

273 5264 364 5318 ἶνα
412 5267 676 5335 μειζόνως
720 5269 1177 5339 ἐπιζητήσωμεψ
1234 5272 1261 5323 ὁ
1301 5272 1411 5342 γὰρ
1447 5270 1719 5343 θησαυρὸς
1763 5273 1871 5325 δεί-

271 5375 468 5411 κνυται
499 5361 633 5429 πρὸς
666 5361 865 5431 τρόπον
889 5363 987 5431 τῆς
1015 5363 1317 5433 ζητήσεως.

346 5450 449 5506 II".
528 5453 862 5523 Ἐρώτησις.
929 5455 1162 5524 Ἐπειδὴ
1194 5473 1353 5521 τινες
1394 5456 1721 5527 λέγουσιν,
1777 5458 1868 5512 ὅτι

270 5547 424 5614 μετὰ
467 5546 583 5613 τὴν
621 5546 799 5615 χάριν
824 5548 1041 5617 μετέϐη
1074 5567 1163 5615 τις
1202 5550 1319 5603 ἀπὸ
1352 5549 1459 5603 τοῦ
1486 5551 1749 5606 θανάτου
1779 5554 1867 5618 εἰς

271 5634 393 5703 τὴν
436 5636 590 5705 ζωὴν
610 5676 626 5701 ,
681 5641 735 5692 εί
779 5638 1027 5693 δύναταί
1056 5658 1146 5706 τις
1174 5640 1244 5694 ἐν
1269 5641 1414 5709 φωτί
1446 5642 1534 5695 ὢν
1563 5642 1729 5711 ἔχειν
1750 5645 1865 5711 ῥυ-

273 5726 509 5794 παροὺς
539 5731 872 5797 λογισμούς
890 5748 907 5794 ;

348 5846 395 5878 τ’
432 5846 604 5902 ICor.
644 5864 701 5913 η,
733 5847 785 5900 4.
862 5847 906 5878 ⁸ο
948 5849 966 5901 ι
998 5848 1137 5901 Tim.
1177 5866 1229 5914 ι,
1267 5851 1317 5903 5.

1972 4653 2037 4692 ac
2069 4635 2301 4706 ingressi
2340 4641 2470 4688 sunt
2500 4633 2555 4687 in
2586 4646 2733 4686 eum.
2762 4631 2829 4684 Et
2870 4645 2994 4684 cum
3028 4627 3230 4698 gaudio
3267 4624 3567 4696 perfunde-

1974 4735 2169 4781 rentur
2228 4726 2526 4780 dicentes:
2562 4722 2867 4777 Invenimus
2927 4722 3235 4773 thesaurum
3262 4758 3275 4782 ,
3332 4716 3567 4770 occlusit

1975 4820 2087 4874 illis
2112 4819 2257 4874 fores
2286 4836 2298 4872 :
2330 4824 2622 4887 ceperunt
2642 4815 2901 4875 clamare,
2932 4812 3146 4882 lugere,
3170 4818 3227 4863 ct
3252 4808 3561 4877 inquirere,

1979 4914 2287 4966 thesaurum
2327 4912 2623 4965 invenimus
2669 4918 2717 4960 et
2758 4905 3103 4976 perdidimus.
3139 4898 3566 4969 DispenSalione

1977 5004 2125 5057 enim
2166 5000 2433 5072 singulari
2474 4997 2734 5054 subducit
2787 5012 2845 5051 se
2886 4993 3091 5065 gratia,
3132 4999 3196 5046 ut
3245 4989 3566 5061 diligentius

1983 5093 2355 5163 inquiramus.
2389 5091 2709 5145 Thesaurus
2732 5086 2880 5141 enim
2910 5091 3251 5138 monstratur
3279 5097 3379 5153 pro
3402 5081 3567 5134 modo

1982 5181 2370 5254 indagationis.

2046 5458 2187 5513 XIII.
2234 5457 2390 5528 107
2429 5456 2808 5527 Interrogatio.
2851 5453 2985 5509 Cum
3029 5454 3257 5525 aﬂ'erant
3291 5447 3559 5515 nonnulli,

1975 5551 2113 5621 quod
2158 5559 2375 5619 accepta
2411 5550 2589 5619 gratia
2632 5555 2870 5601 transeat
2913 5548 3177 5617 quispiam
3221 5562 3252 5598 a
3302 5549 3467 5595 morte
3506 5542 3561 5594 in

1973 5644 2160 5706 vitam,
2219 5658 2348 5695 num
2398 5647 2567 5710 potest
2614 5639 2806 5711 aliquis
2856 5638 3055 5693 lumine
3098 5638 3324 5690 donatus
3374 5632 3566 5689 habere

1975 5737 2213 5789 sordidas
2243 5735 2627 5805 cogitationes?
