3966 6426
513 343 621 408 703
1795 341 1856 400 S.
1895 339 2093 400 MACA

2203 336 2215 396 [
2258 337 2578 396 AZGYPTII
3648 339 3736 400 τοι

582 455 889 526 Responsio.
931 455 1211 527 Scriptum
1252 466 1338 514 est
1371 477 1383 513 :
1421 458 1553 514 Cum
1588 460 1836 531 spiritum
1884 475 2097 528 accepe-

2285 457 2647 523 Ἀπόκρισις.
2704 455 3054 525 Γέγραπται,
3094 455 3176 508 δτι
3209 453 3498 524 Πνεύματι
3525 452 3734 522 ἐναρξά-

509 550 664 612 ritis,
709 564 847 601 nunc
877 565 1039 601 carne
1087 553 1531 605 consummamini
1563 552 1631 605 ⁸¹.
1666 552 1869 607 lterum
1910 562 2094 607 autem

2203 563 2365 613 μενοι
2404 546 2475 599 ἐν
2509 546 2691 613 σαρκὶ
2734 547 2852 600 νῦν
2882 545 3275 600 ἐπιτελεῖσθε.
3312 546 3471 613 Λέγει
3496 544 3548 596 δὲ
3573 547 3734 598 πάλιν·

511 640 735 709 inquit:
768 639 980 694 Induite
1016 644 1320 696 universam
1362 653 1699 698 armaturam
1742 646 1994 714 spiritus,
2040 652 2097 697 ut

509 728 721 796 possitis
749 736 895 781 stare
946 728 1200 783 adversus
1240 730 1472 784 assultus
1506 732 1704 785 diaboli
1735 732 1799 786 ⁸³.
1832 734 1937 787 Per
1968 748 2096 786 eum

511 830 822 871 sermonem
853 817 963 871 duo
996 827 1125 871 sunt
1154 818 1295 884 loca,
1329 831 1443 874 tum
1474 821 1565 875 ubi
1593 831 1732 885 erat,
1758 837 1884 877 cum
1918 820 2099 875 induit

510 921 699 973 arma,
753 919 867 963 tum
921 910 1012 964 ubi
1055 920 1175 976 est,
1226 928 1350 966 cum
1402 914 1605 967 bellum
1655 916 1797 983 gerit
1834 914 2099 970 adversus

512 998 856 1069 principatus
893 1008 948 1053 et
983 1008 1325 1068 potestates:
1362 1001 1416 1055 in
1443 1002 1651 1057 lumine
1684 1020 1883 1074 nempe
1914 1013 2009 1058 aut
2040 1006 2097 1059 in

513 1088 780 1142 tenebris.
815 1089 881 1141 Et
916 1107 927 1141 :
962 1089 1023 1143 Ut
1056 1092 1262 1159 possitis
1308 1094 1486 1145 omnia
1525 1093 1717 1163 jacula
1764 1094 1909 1148 mala
1952 1094 2098 1148 illius

512 1178 679 1246 ignita
727 1179 1061 1246 exstinguere
1106 1177 1173 1231 ⁸³.
1228 1180 1294 1232 Ει
1350 1196 1568 1233 rursum
1606 1200 1617 1233 :
1664 1182 1738 1234 Ne
1782 1185 2099 1237 contristotis

520 1267 780 1339 Spiritum
805 1278 1043 1325 sanctum
1072 1271 1164 1324 Dei
1194 1273 1260 1325 3‘.
1288 1273 1354 1326 Et
1382 1273 1580 1327 iterum
1608 1293 1619 1327 :
1649 1274 1787 1329 Fieri
1804 1294 1909 1329 non
1932 1286 2099 1347 potest

514 1370 571 1412 ut
595 1361 683 1428 qui
713 1360 874 1413 semel
916 1362 1110 1429 fuerint
1137 1361 1448 1426 illuminati,
1476 1372 1524 1416 et
1548 1368 1872 1434 gustaverint
1903 1374 2100 1420 donum

510 1450 627 1515 Dei,
667 1469 729 1504 ac
761 1453 1041 1522 participes
1071 1453 1196 1521 facti
1219 1454 1414 1523 fuerint
1442 1454 1671 1527 Spiritus
1704 1460 1895 1520 sancti,
1921 1460 1965 1511 si
1988 1476 2102 1529 pro-

511 1540 783 1605 labantur,
814 1553 1132 1597 renoventur
1163 1545 1231 1599 ⁸⁸.
1264 1546 1438 1608 Ecce,
1477 1547 1572 1616 qui
1615 1557 1743 1602 sunt
1781 1550 2097 1615 illuminati,

508 1641 565 1685 et
586 1641 969 1701 gustaverunt,
1000 1635 1286 1689 labuntur.
1320 1637 1506 1700 Vides,
1533 1638 1678 1707 quod
1711 1639 1877 1693 homo
1902 1640 2101 1695 habeat

508 1725 852 1780 voluntatem
886 1727 1269 1780 consentiendi
1296 1728 1563 1797 'Spiritui,
1590 1738 1646 1783 et
1672 1730 1872 1784 habeat
1900 1732 2097 1785 volun-

2212 637 2579 692 Ἐνδύσασθε
2605 638 2718 704 τὴν
2738 639 3088 691 πανοπλίαν
3113 638 3221 692 τοῦ
3247 639 3598 706 Πνεύματος,
3618 637 3739 707 πρὸς

2199 728 2265 781 τὸ
2289 729 2583 782 δύνασθαι
2612 727 2769 797 ὑμᾶς
2791 728 3151 798 ἀντιστῆναι
3176 730 3324 797 πρὸς
3348 734 3454 793 τὰς
3467 729 3743 798 μεθοδείιις

2199 823 2306 876 τοῦ
2358 822 2665 878 διαϐόλου.
2728 825 2871 896 Πρὸς
2904 825 3065 893 λόγον
3110 827 3218 878 εἰσὶ
3246 824 3338 878 δύο
3366 827 3537 890 τόποι,
3570 825 3662 878 ποῦ
3683 825 3743 879 ὢν

2198 915 2490 968 ἐνεδύσατο
2538 915 2605 968 τά
2654 916 2796 969 ὅπλα
2821 956 2836 977 ,
2888 917 2983 970 καὶ
3015 915 3121 969 ποῦ
3151 917 3226 969 ὢν
3261 916 3488 986 πολεμεῖ
3518 917 3641 987 πρὸς
3664 915 3743 978 τάς

2199 1004 2376 1074 ἀρχάς
2427 1006 2522 1057 καὶ
2568 1006 2669 1069 τὰς
2714 1007 2997 1073 ἐξουσίας,
3046 1009 3103 1060 ἐν
3132 1009 3272 1076 φωτὶ
3301 1007 3394 1074 ὢν,
3427 1008 3461 1077 ἢ
3493 1010 3547 1061 ἐν
3573 1008 3744 1062 σκότει.

2201 1097 2341 1163 Καὶ,
2380 1099 2538 1166 Πρὸς
2568 1100 2633 1153 τὸ
2662 1099 2963 1154 δύνασθαι
2988 1100 3143 1170 ὑμᾶς
3172 1100 3369 1155 πάντα
3392 1099 3466 1153 τὰ
3482 1100 3631 1167 ,βέλη
3658 1099 3744 1153 τοῦ

2201 1192 2471 1259 πονηροῦ
2504 1191 2577 1245 τὰ
2606 1193 3005 1261 πεπυρωμένα
3032 1191 3247 1246 σϐέσαι
3268 1208 3282 1221 ·
3334 1193 3426 1244 καὶ
3455 1192 3634 1255 πάλιν,
3666 1189 3743 1258 Μὴ

2204 1283 2452 1337 λυπεῖτε
2479 1283 2544 1336 τὸ
2571 1284 2819 1353 Πνεῦμα
2849 1286 2917 1338 τὸ
2942 1285 3111 1353 ἅγιοι·
3140 1284 3246 1337 τοῦ
3274 1283 3420 1337 Θεοῦ
3437 1300 3448 1313 ⁸
3477 1282 3566 1336 καὶ
3593 1282 3744 1349 πάλιν,

2215 1374 2544 1427 Ἀδύνατον
2575 1375 2717 1441 τοὺς
2746 1376 2909 1439 ἅπαξ
2935 1376 3342 1445 φωτισθέντας
3371 1375 3746 1445 γευσαμένους

2205 1484 2264 1520 τε
2289 1466 2399 1534 τῆς
2420 1466 2643 1535 δωρεᾶς
2665 1468 2771 1522 τοῦ
2796 1469 2965 1532 Θεοῦ,
2987 1469 3083 1521 καὶ
3100 1472 3399 1536 μετόχους
3421 1470 3746 1537 γενομένους

2201 1560 2550 1627 Πνεύματος
2581 1561 2755 1628 ἁγίου
2779 1600 2794 1625 ,
2833 1560 2933 1614 καὶ
2959 1562 3420 1628 παραπεσόντας
3449 1561 3746 1615 ἀναικαινί-

2202 1649 2342 1708 ζειν.
2392 1650 2522 1702 Ἰδοὺ
2558 1650 2607 1702 οἱ
2635 1650 2997 1718 φωτισθέντες
3030 1652 3125 1704 καὶ
3153 1651 3483 1721 γευσάμενοι
3509 1649 3747 1721 παραρρε-

2203 1757 2449 1793 πτουσιν.
2501 1740 2701 1811 Ὁρᾷς,
2754 1741 2838 1794 ὅτι
2884 1741 2998 1811 ἔχει
3044 1742 3257 1813 θέλημα
3294 1743 3391 1795 τοῦ
3422 1741 3747 1812 συμφωνῆσαι

510 1826 676 1871 tatem
713 1833 838 1871 eum
876 1818 1261 1871 eontristandi.
1302 1818 1540 1875 Omnino
1574 1822 1721 1875 enim
1746 1823 1976 1876 assumit
2007 1840 2097 1877 ar-

2203 1832 2278 1901 τῷ
2306 1831 2607 1901 Πνεύματι,
2640 1833 2734 1885 καὶ
2764 1832 2878 1903 ἔχει
2905 1832 3120 1904 θέλημα
3149 1836 3245 1888 τοῦ
3269 1834 3529 1905 λυπῆσαι.
3556 1833 3749 1895 Πάντως

509 1923 628 1970 ma,
660 1907 727 1961 ad
775 1907 1162 1975 prodeundum
1209 1909 1263 1962 in
1311 1908 1552 1975 bellum,
1598 1918 1654 1965 et
1693 1912 2094 1982 conﬂigendum

508 2013 636 2052 cum
672 1998 925 2052 hostibus
959 2014 971 2050 :
1011 1998 1237 2053 omnino
1266 1999 1610 2055 illuminatus
1649 2010 1763 2067 est,
1805 2011 1863 2056 ut
1900 2002 2097 2057 militet

510 2086 779 2140 adversus
821 2087 1098 2141 tenebras.

581 2180 720 2235 XIV.
760 2180 1139 2251 Interrogatio.
1186 2179 1304 2246 Qua
1344 2182 1553 2236 ratione
1585 2183 1712 2237 dicit
1763 2181 2043 2254 Apostolus
2076 2199 2095 2237 :

517 2289 537 2323 ι
577 2272 635 2326 Si
667 2272 901 2326 habuero
937 2290 1144 2326 omnem
1184 2277 1496 2339 scientiam,
1539 2286 1587 2329 et
1626 2294 1834 2329 omnem
1876 2277 2100 2346 prophe-

510 2365 663 2428 tiam,
690 2380 751 2417 ac
775 2363 962 2435 loquar
998 2364 1192 2435 linguis
1216 2367 1549 2438 angelorum,
1572 2366 1704 2421 nihil
1740 2384 1857 2421 sum
1875 2368 1920 2400 ⁸⁸
1949 2368 1972 2420 ?
2006 2386 2024 2418 ι

583 2537 890 2609 Responsio.
933 2539 1052 2594 Non
1087 2539 1160 2595 ita
1188 2541 1455 2597 debemus
1494 2542 1733 2613 opinari,
1762 2544 1920 2614 quasi
1956 2544 2097 2597 nihil

511 2629 585 2683 sit
612 2629 943 2699 Apostolus;
983 2630 1079 2685 sed
1103 2631 1284 2700 quoad
1312 2631 1459 2686 illam
1484 2633 1836 2698 charitatem,
1863 2650 1986 2704 quae
2013 2641 2097 2688 est

508 2721 773 2792 perfecta,
806 2721 923 2776 haec
949 2737 1071 2777 esse
1108 2723 1304 2794 exigua
1334 2741 1347 2777 :
1374 2734 1430 2778 et
1453 2740 1603 2791 eum,
1648 2725 1743 2794 qui
1782 2726 1948 2779 hosce
1976 2741 2099 2796 gra-

510 2812 614 2867 dus
647 2814 881 2884 adeptus
918 2824 1029 2879 est,
1074 2816 1189 2869 labi
1224 2832 1383 2885 posse
1422 2835 1434 2871 :
1468 2817 1563 2886 qui
1602 2834 1736 2872 vero
1771 2818 2097 2872 charitatem

509 2903 787 2971 habuerit,
833 2905 1032 2961 cadere
1074 2908 1286 2976 nequit.
1330 2908 1444 2978 Ego
1487 2924 1618 2962 vero
1664 2908 1765 2963 tibi
1818 2908 1942 2962 dico
2010 2924 2099 2963 me

510 2995 716 3050 vidisse
744 2996 894 3049 viros
915 2996 1176 3050 omnibus
1200 2996 1359 3051 donis
1397 2998 1795 3061 accumulatos,
1836 3012 1901 3050 ac
1922 2996 2100 3065 Spiri-

514 3093 607 3137 tus
633 3084 930 3153 participes
960 3083 1152 3147 factos,
1188 3086 1281 3154 qui
1311 3101 1435 3139 cum
1471 3101 1580 3139 non
1612 3087 1996 3155 pervenissent
2029 3086 2098 3140 ad

511 3177 815 3247 perfectam
854 3175 1178 3231 charitatem
1206 3217 1219 3239 ,
1265 3178 1403 3247 lapsi
1447 3187 1595 3232 sunt.
1628 3178 1859 3244 Quidam
1896 3178 2043 3233 enim
2069 3196 2099 3234 e

512 3269 819 3333 nobilibus,
850 3284 973 3323 eum
1007 3269 1379 3324 renuntiasset
1405 3272 1657 3336 terrenis,
1685 3271 1936 3325 vendidit
1956 3272 2101 3327 bona

511 3376 640 3428 sua,
668 3377 859 3416 servos
888 3362 1143 3417 libertate
1174 3362 1398 3417 donavit
1424 3406 1437 3429 ,
1472 3364 1717 3434 prudens
1746 3364 1969 3433 quidem
1992 3405 2009 3430 ,
2037 3378 2101 3419 ac

510 3454 712 3511 Sobria:
743 3454 961 3519 mentis,
1006 3454 1339 3524 percelebris
1365 3456 1570 3526 alioqui
1599 3456 1671 3511 ob
1702 3456 1989 3511 honestam
2015 3455 2100 3510 vi-

514 3552 625 3599 tam
654 3561 668 3600 :
702 3544 911 3598 interea
939 3559 997 3597 se
1028 3544 1209 3613 ipsum
1233 3545 1646 3616 magnifaeiens,
1677 3544 1989 3614 arrogantia
2015 3543 2100 3597 in-

512 3638 749 3703 tumuit,
791 3653 856 3691 ac
886 3636 1103 3692 tandem
1130 3636 1199 3692 ad
1235 3637 1443 3692 scelera
1468 3646 1523 3692 et
1547 3637 1759 3692 inﬁnita
1796 3636 1936 3691 mala
1968 3652 2100 3707 pro-

510 3732 698 3802 lapsus
728 3739 831 3785 est.

582 3824 695 3879 XV.
735 3823 893 3877 Alius
938 3832 1184 3892 tempore
1236 3823 1643 3893 persecutionis
1691 3839 1893 3892 corpus
1935 3838 2096 3878 suum

511 3914 761 3979 tradidit,
790 3922 845 3967 et
880 3930 1004 3967 eum
1032 3923 1179 3968 esset
1214 3914 1528 3977 confessor,
1562 3923 1752 3985 postea
1788 3930 1921 3984 pace
1956 3915 2097 3970 facta

510 4007 727 4063 solutus
749 4014 852 4071 est,
871 4014 1099 4075 eratque
1127 4005 1309 4076 magni
1332 4005 1574 4059 nominis
1606 4024 1618 4058 :
1653 4006 1925 4076 palpebra:
1948 4007 2098 4061 enim

512 4100 635 4170 ejus
664 4100 807 4153 lazsat
843 4107 992 4161 sunt,
1035 4097 1297 4165 quoniam
1331 4096 1482 4150 fumo
1506 4106 1666 4151 erant
1702 4108 1960 4167 perustus.
1997 4098 2097 4154 Hic

513 4190 864 4263 postmodum
896 4189 1071 4259 gloria
1102 4189 1431 4253 illustratus,
1463 4204 1588 4243 cum
1620 4188 1687 4243 ad
1718 4205 1912 4258 preces
1935 4207 2098 4245 voca-

514 4292 688 4350 retur,
722 4282 1065 4337 frumentum
1097 4280 1338 4349 accepit,
1369 4280 1630 4350 deditque
1667 4281 1720 4335 id
1760 4297 1934 4350 puero
1971 4296 2091 4346 suo,

512 4387 689 4441 eoque
719 4369 941 4424 devenit
969 4370 1088 4440 ejus
1119 4384 1276 4423 mens
1299 4408 1313 4432 ,
1354 4384 1417 4425 ac
1449 4371 1493 4424 si
1536 4387 1818 4441 nunquam
1849 4371 2095 4427 audivis-

2200 1918 2309 1989 γὰρ
2336 1920 2713 1990 ἀναλαμϐάνει
2738 1921 2882 1977 ὅπλα
2902 1921 2998 1975 τοῦ
3022 1924 3281 1977 ἀπελθεῖν
3305 1926 3386 1988 εἰς
3410 1924 3651 1994 πόλεμον,
3673 1922 3751 1976 καὶ

2200 2009 2579 2076 ἀγωνίσασθαι
2614 2010 2759 2064 κατὰ
2788 2011 2897 2065 τῶν
2928 2013 3138 2084 ἐχθρῶν
3161 2031 3175 2043 ·
3237 2014 3455 2078 πάντως
3484 2012 3748 2083 ἐφωτίσθη,

2201 2102 2288 2155 ἵνα
2320 2102 2723 2174 στρατεύσηται
2758 2104 2897 2158 κατὰ
2925 2104 3020 2158 τοῦ
3052 2106 3299 2171 σκότους.

2276 2195 2369 2246 ΙΔ’.
2406 2193 2743 2261 Ἐρώτησις.
2778 2193 2911 2261 Πῶς
2931 2196 3093 2265 λέγει
3117 2200 3149 2251 ό
3177 2198 3574 2264 Ἀπόστολος·
3604 2217 3620 2249 ι
3640 2196 3751 2249 Ἐὰν

2197 2283 2316 2353 ἔχω
2345 2283 2552 2339 πᾶσαν
2580 2283 2696 2353 τὴν
2719 2285 2949 2355 γνῶσιν
2970 2326 2985 2350 ,
3022 2287 3121 2341 καὶ
3150 2287 3361 2343 πᾶσαν
3390 2288 3749 2357 προφητείαν,

2198 2374 2295 2426 καὶ
2343 2372 2514 2427 λαλῶ
2562 2373 2694 2440 ταῖς
2732 2374 3044 2443 γλώσσαις
3092 2374 3213 2429 τῶν
3254 2376 3568 2446 ἀγγέλων,
3600 2373 3752 2429 οὐδέν

2196 2467 2334 2534 εἶμι.
2373 2483 2391 2515 ι

2283 2555 2644 2622 Ἀπόκρισις.
2681 2553 2793 2623 υύχ
2820 2552 2992 2615 οὕτως
3020 2552 3309 2621 ὀφείλομεν
3337 2554 3500 2616 νοεῖν,
3525 2550 3602 2605 δτι
3622 2547 3753 2602 οὐδέν

2199 2647 2347 2698 ἐστιν
2377 2646 2404 2697 6
2437 2644 2788 2709 Ἀπόστολος,
2829 2644 2966 2697 άλλά
3000 2643 3139 2713 πρὸς
3170 2644 3389 2710 ἐκείνην
3418 2643 3516 2712 τὴν
3540 2643 3751 2709 ἀγάπην,

2199 2738 2320 2808 ἥτις
2350 2738 2465 2790 ἐστὶ
2492 2737 2698 2800 τελεία,
2732 2735 2908 2789 ταῦτα
2942 2736 3118 2806 μικρά
3144 2736 3279 2799 ἐστι,
3317 2735 3411 2788 καὶ
3442 2735 3469 2785 6
3501 2736 3555 2786 ἐν
3576 2731 3753 2792 τούτοις

2200 2828 2274 2881 ὢν
2328 2832 2440 2891 τοῖς
2491 2828 2746 2899 μέτροις,
2798 2826 3029 2879 ’πίπτει⁸
3086 2827 3114 2879 6
3155 2826 3212 2878 δὲ
3247 2825 3386 2895 ἔχων
3416 2825 3515 2894 τὴν
3539 2824 3752 2891 ἀγάπην,

2200 2921 2450 2981 ἁπτωτός
2494 2922 2665 2975 ἐστιν.
2706 2918 2849 2988 Ἐγὼ
2878 2918 2935 2971 δέ
2966 2935 3048 2970 σοι
3075 2914 3220 2985 λέγω
3240 2959 3254 2985 ,
3297 2917 3373 2981 ὡς
3408 2914 3544 2970 εἶδον
3569 2912 3753 2984 ἀνθρώ-

2202 3030 2334 3073 πους
2369 3014 2447 3074 εἰς
2478 3011 2576 3064 ὅλα
2606 3013 2673 3064 τὰ
2695 3012 3013 3081 χαρίσματα
3042 3009 3372 3078 γενομένους
3404 3009 3496 3062 καὶ
3527 3006 3756 3078 μετόχους

2205 3100 2519 3171 Πνεύματος
2546 3117 2560 3130 ⁸
2595 3101 2689 3154 καὶ
2717 3095 2864 3154 οὗτοι
2899 3099 2973 3171 μὴ
2999 3100 3312 3169 φθάσαντες
3342 3098 3427 3162 εἱς
3451 3098 3548 3169 τὴν
3570 3095 3755 3149 τελείαν

2209 3194 2449 3263 ἀγάπην,
2488 3192 2702 3246 ἔπεσον,
2737 3187 2834 3254 Εἷς
2865 3192 2971 3263 γάρ
3001 3209 3085 3254 τις
3117 3190 3227 3242 τῶν
3255 3189 3497 3258 εὐγενῶν
3521 3184 3758 3250 ἀποταξά-

2211 3302 2370 3354 μενος
2427 3283 2710 3353 ἐπώλησεν
2757 3282 2922 3336 αὺτοῦ
2963 3282 3031 3336 τὰ
3065 3283 3381 3353 ὑπάρχοντα
3403 3324 3419 3348 ,
3452 3280 3757 3351 ἠλευθέρωσε

2206 3376 2426 3439 δούλους
2448 3419 2461 3441 ,
2498 3373 2573 3427 ὣν
2605 3376 2866 3447 φρόνιμος
2896 3376 2990 3429 καὶ
3017 3375 3236 3438 συνετὸς
3257 3414 3272 3438 ,
3308 3373 3500 3427 λοιπὸν
3532 3370 3758 3442 περιϐόη-

2206 3484 2297 3528 τος
2336 3461 2405 3532 ἦν
2458 3466 2551 3518 ἐπὶ
2598 3465 2782 3536 σεμνῷ
2829 3466 2929 3537 βίῳ
2952 3482 2966 3496 ·
3023 3466 3119 3519 καὶ
3151 3467 3209 3518 ἐν
3237 3463 3316 3532 τῷ
3348 3464 3554 3535 μεταξὺ
3584 3460 3759 3533 οἰηθεὶς

2208 3558 2337 3628 περὶ
2389 3557 2583 3611 ἐαυτοῦ
2611 3598 2627 3624 ,
2682 3558 2777 3611 καὶ
2826 3557 3128 3626 τυφωθεὶς,
3169 3557 3323 3622 τέλος
3358 3558 3652 3611 κατέπεσεν
3693 3552 3758 3612 εἰς

2206 3647 2518 3716 ἀσελγείας,
2558 3647 2653 3700 καὶ
2682 3646 2853 3718 μυρία
2879 3647 3045 3701 κακά.

2275 3820 2377 3873 ΙΕ’.
2416 3819 2609 3883 Ἀλλος
2657 3820 2750 3873 ἐπὶ
2786 3820 3028 3891 διωγμοῦ
3061 3819 3260 3874 ἔδωκεν
3293 3818 3490 3875 ἑαυτοῦ
3518 3821 3575 3875 τδ
3603 3819 3755 3889 σῶμα,

2205 3912 2299 3964 καὶ
2331 3910 2404 3964 ὢν
2432 3911 2774 3981 ὁμολογητὴς
2794 3955 2809 3978 ,
2860 3913 2998 3982 μετὰ
3028 3913 3203 3965 ταῦτα
3235 3913 3458 3984 εἰρήνης
3490 3913 3755 3982 γενομένης

2203 4002 2450 4073 ἀπελύθη
2478 4043 2492 4066 ,
2531 4002 2624 4055 καὶ
2655 3999 2724 4074 ἦν
2749 4003 3070 4073 ὀνομαστός.
3107 4002 3188 4057 Τά
3211 4004 3320 4073 γάρ
3352 4002 3594 4075 βλέφαρα
3617 3998 3753 4055 αὐτοῦ

2201 4087 2270 4163 ἦν
2300 4092 2590 4161 βλαϐέντα,
2629 4093 2818 4164 ἐπειδὴ
2850 4093 3255 4164 ὑπεκαπνίσθη.
3293 4089 3463 4159 Οὗτος
3495 4096 3666 4149 λοιπὸν
3687 4092 3754 4144 6o-

2205 4183 2522 4253 ξαζόμενος,
2555 4184 2649 4238 καὶ
2679 4185 3016 4255 καλούμενος
3049 4186 3126 4249 εἰς
3154 4187 3253 4249 τὰς
3279 4187 3470 4257 εὐχὰς,
3496 4184 3753 4257 λαμϐά-.ων

2204 4277 2375 4329 σιτίον
2398 4318 2411 4341 ,
2449 4276 2617 4330 ἐδίδου
2649 4275 2728 4345 τῷ
2754 4276 2909 4329 παιδὶ
2932 4276 3100 4329 αὐτοῦ
3129 4293 3144 4308 ο
3183 4279 3276 4331 καὶ
3304 4276 3482 4342 οὕτως
3507 4274 3573 4349 ἦν
3600 4280 3625 4331 6
3649 4274 3751 4334 νοῦς

2202 4368 2367 4423 αὐτοῦ
2395 4408 2410 4433 ,
2466 4369 2543 4432 ὡς
2593 4368 2861 4439 μηδέποτε
2905 4369 3148 4432 ἀκούσας
3203 4369 3359 4437 λόγον
3392 4370 3551 4427 Θεοῦ.
3586 4367 3749 4427 Ἄλλος

513 4469 597 4516 set
639 4461 868 4515 verbum
911 4460 1028 4513 Dei.
1070 4450 1225 4514 Alius
1256 4460 1491 4529 praebuit
1523 4476 1725 4532 corpus
1754 4479 1913 4517 suum
1953 4473 2091 4519 tem-

2203 4460 2369 4514 ἔδωκε
2403 4460 2462 4513 τὸ
2492 4460 2650 4531 σῶμα
2677 4460 2841 4513 αὑτοῦ
2880 4460 2974 4512 ἐπὶ
3005 4458 3273 4531 διωγμοῦ,
3309 4461 3405 4515 καὶ
3436 4458 3743 4532 ἐκρεμάσθη,

512 4564 647 4620 pore
675 4548 1095 4618 persecutionis,
1115 4556 1167 4602 et
1191 4564 1492 4617 suspensus
1512 4558 1597 4605 est
1626 4561 1791 4621 atque
1812 4553 2095 4616 efferbuit,

513 4656 577 4695 ac
605 4648 793 4710 postea
823 4640 1106 4711 conjectus
1137 4639 1192 4693 in
1225 4654 1522 4695 carcerem.
1559 4641 1904 4698 Ministrabat
1929 4644 2098 4715 igitur

513 4731 565 4786 ei
607 4732 761 4801 juxta
796 4729 957 4783 ﬁdem
990 4728 1238 4798 quaedam
1284 4731 1549 4785 canonica
1575 4772 1589 4797 ,
1628 4747 1753 4787 eum
1789 4749 1895 4803 qua
1934 4734 2096 4789 fami-

515 4821 754 4877 liaritate
784 4830 1090 4888 contracta,
1122 4822 1177 4875 in
1205 4837 1429 4877 carcere
1464 4823 1594 4877 dum
1630 4834 1809 4889 esset,
1840 4825 2097 4895 delapsus

515 4925 601 4971 est
648 4915 703 4969 in
738 4922 1009 4984 stuprum.
1057 4913 1228 4979 Vide,
1263 4913 1416 4968 dives
1459 4915 1553 4984 qui
1588 4915 1914 4969 vendiderat
1956 4916 2100 4974 bona

518 5024 615 5062 sua
638 5048 651 5071 ,
686 5016 741 5061 et
764 4982 1189 5076 quitradiderat
1220 5020 1420 5075 corpus
1446 4982 1605 5061 suum
1636 5006 1705 5062 ad
1736 5008 2058 5079 martyrium
2081 5050 2097 5077 ,

520 5113 632 5167 quo
663 5106 822 5164 pacto
853 5095 1135 5149 ceciderit.
1940 5108 1977 5143 ο

594 5188 731 5241 XVI.
768 5188 922 5241 Alius
956 5186 1179 5256 quidam
1216 5187 1421 5242 athleta
1449 5202 1645 5259 sagax,
1675 5189 1771 5259 qui
1809 5204 2103 5246 conversa-

524 5279 690 5333 batur
718 5293 933 5332 mecum
962 5280 1016 5332 in
1049 5279 1236 5344 domo,
1264 5295 1593 5351 mecumque
1629 5296 1820 5351 preces
1845 5282 2103 5349 faciebat,

530 5373 690 5441 108
717 5371 853 5425 adeo
882 5371 1128 5440 locuples
1162 5380 1281 5425 erat
1310 5373 1485 5442 gratia
1510 5414 1524 5438 ,
1571 5383 1631 5428 ut
1662 5375 1807 5429 inter
1835 5374 2105 5429 orandum

519 5464 673 5533 juxta
700 5477 787 5515 me
813 5471 1296 5530 compungeretur.
1322 5464 1593 5519 Fervebat
1615 5464 1763 5518 enim
1787 5465 1840 5519 in
1870 5465 1963 5519 illo
1980 5480 2106 5535 gra-

525 5553 620 5609 tia.
654 5554 925 5608 Donatum
957 5568 1175 5623 quoque
1208 5554 1312 5623 ipsi
1341 5564 1461 5608 erat
1492 5554 1699 5609 donum
1734 5555 2105 5619 sanationum,

596 5667 639 5700 ’ί
692 5667 812 5722 Gal.
871 5684 970 5735 ιιι,
1012 5670 1064 5723 5.

1168 5670 1212 5702 ⁸·
1254 5670 1456 5739 Ephes.
1511 5686 1597 5736 γι,
1632 5672 1687 5725 ‘2.
1793 5670 1841 5705 ⁸³

527 5748 657 5802 XIII,
688 5739 744 5790 2.

1907 5671 2040 5727 ibid.
2100 5673 2184 5726 10.

2205 4552 2299 4603 καὶ
2332 4551 2546 4621 ἐξέστη,
2579 4547 2698 4603 εἶτα
2727 4550 2928 4621 ἐϐλήθη
2966 4553 3045 4615 εἰς
3070 4551 3170 4621 τὴν
3198 4550 3468 4625 φυλακήν.
3486 4550 3748 4621 ’Υπηρέτει

2204 4640 2296 4695 οὖν
2350 4642 2499 4712 αὐτῷ
2548 4641 2691 4694 κατὰ
2734 4641 2918 4695 πίστιν
2968 4644 3234 4713 κακονική
3268 4660 3390 4710 τις,
3426 4646 3518 4697 καὶ
3550 4644 3749 4710 ποιήσας

2207 4732 2497 4804 συνήθειαν
2553 4733 2683 4803 μετ’
2729 4733 2920 4803 αὐτῆς,
2958 4732 3035 4787 ὢν
3068 4737 3125 4788 ἐν
3153 4738 3220 4806 τῇ
3253 4736 3490 4808 φυλακῇ,
3526 4736 3749 4801 ἐξέπεσεν

2204 4824 2284 4887 εἰς
2328 4824 2606 4893 πορνείαν.
2644 4824 2750 4877 Ἴδε
2795 4826 2824 4877 6
2869 4824 3126 4888 πλούσιος
3160 4828 3188 4879 6
3218 4826 3479 4896 πωλήσας
3506 4828 3571 4880 τά
3598 4824 3747 4891 ὑπάρ-

2205 4932 2371 4987 χοντα
2422 4916 2620 4979 αὑτοῦ,
2664 4917 2763 4969 καὶ
2796 4919 2825 4970 ὁ
2854 4917 2979 4982 δοὺς
3005 4904 3252 4990 τὸνσῶμα
3276 4920 3442 4974 αὑτοῦ
3473 4922 3551 4983 εἰς
3574 4913 3749 4990 μαρτύ-

2210 5026 2343 5079 ριον,
2381 5009 2499 5071 πῶς
2528 5007 2745 5062 ἔπεσεν.

2278 5189 2395 5256 ις’.
2441 5190 2634 5254 Ἀλλος
2679 5189 2737 5243 δέ
2782 5208 2866 5254 τις
2910 5194 3177 5264 φρόνιμος
3212 5181 3458 5267 άσκητὴς
3490 5194 3652 5250 συνών
3678 5207 3749 5261 μοι

2205 5283 2262 5333 ἐν
2288 5284 2355 5352 τῇ
2383 5282 2550 5351 οἰκίᾳ,
2578 5283 2673 5334 καὶ
2701 5284 2818 5353 μετ’
2845 5284 2979 5354 ἐμοῦ
3008 5286 3321 5356 εὐχόμενος,
3349 5288 3515 5350 οὕτως
3537 5283 3599 5357 ἦν
3620 5280 3750 5337 πλού·

2207 5386 2319 5430 σιος
2352 5372 2410 5423 ἐν
2438 5373 2503 5438 τῇ
2529 5371 2733 5440 χάριτι,
2766 5371 2842 5436 ὡς
2870 5374 3163 5444 εὐχόμενος
3195 5376 3362 5444 ἐγγύς
3391 5394 3489 5445 μου
3516 5371 3746 5429 κατανύτ·

2204 5462 2413 5516 τεσθαι.
2461 5462 2737 5533 Ἔϐρασσε
2780 5464 2891 5535 γὰρ
2940 5466 2998 5517 ἐν
3046 5466 3195 5536 αὐτῷ
3232 5471 3265 5537 ή
3304 5470 3499 5540 χάρις’
3535 5467 3674 5531 ἐδόθη
3702 5461 3745 5513 δὲ

2207 5552 2353 5622 αύτῷ
2401 5554 2495 5607 καὶ
2541 5554 2601 5606 τὸ
2641 5554 2889 5624 χάρισμα
2938 5556 3047 5608 τῶν
3092 5559 3366 5627 ἰαμάτων,
3414 5561 3503 5614 καὶ
3529 5560 3583 5612 οὑ
3612 5558 3743 5626 μόνον

2294 5671 2339 5704 ⁸³
2391 5672 2599 5741 Ephes.
2649 5687 2721 5736 tv,
2763 5672 2851 5728 30.
2942 5675 2985 5708 ⁸³
3027 5676 3195 5732 Hebr,
3228 5693 3303 5744 γι,
3338 5680 3386 5734 4,
3509 5680 3551 5711 8⁸
3585 5676 3605 5731 Ι
3636 5670 3738 5728 Cor.
