3966 6436
267 385 372 448 705

1437 391 1808 456 ΗΟΜΙΙᾸιΈ.
1836 418 1906 432 -
1935 393 2122 455 ΠΟΜ.
2163 392 2406 456 XXVII.

3415 401 3520 464 706

267 496 388 557 τοὺς
413 493 673 565 δαίμονας
699 496 1009 568 ἀπήλαυνεν
1025 537 1040 563 ,
1079 499 1215 554 ἀλλά
1241 501 1336 554 καὶ⁸
1366 504 1492 567 τοὺς
1516 504 1825 575 δεδεμένους

1935 517 2037 556 nec
2053 503 2229 557 solum
2254 504 2533 560 daemones
2557 504 2886 573 expellebat,
2905 521 3098 562 verum
3122 509 3284 564 etiam
3302 513 3520 572 vinctos

262 584 451 653 χεῖρας
485 585 580 637 καὶ
612 586 805 651 πόδας,
854 589 948 641 καὶ
979 588 1201 658 ἔχοντας
1230 592 1377 662 πάθη
1404 593 1582 660 δεινὰ,
1617 596 1702 649 διὰ
1731 597 1834 666 τῆς

263 672 561 736 ἐπιθέσεως
597 675 704 728 τῶν
732 679 931 748 χειρῶν
965 680 1351 748 ἐθεράπευσεν.
1389 683 1522 738 Εἶτα
1553 688 1836 758 ἀμελήσας

262 761 358 814 καὶ
404 762 759 834 δοξαζόμενος
797 769 902 821 ὑπὸ
930 770 1023 822 τοῦ
1051 772 1257 841 κόσμου
1281 815 1296 839 ,
1343 776 1437 828 καὶ
1478 778 1836 848 συνηδόμενος

260 853 432 924 αὐτῷ,
472 856 746 928 ἐτυφώοη,
780 861 874 912 καὶ
905 861 1162 926 ἐξέπεσεν
1192 865 1271 928 είς
1298 866 1436 918 αὐτὰ
1465 869 1534 920 τὰ
1561 867 1837 938 βαθύτατα

267 946 360 1016 τῆς
403 947 697 1016 ἁμαρτίας.
750 951 854 1003 Ἴδε
904 953 998 1004 καὶ
1045 954 1073 1004 6
1115 954 1254 1024 έχων
1297 956 1542 1027 χάρισμα
1589 961 1835 1032 ἰαμάτων

259 1034 476 1090 ἔπεσεν.
511 1038 694 1110 Ὁρᾷς,
722 1042 840 1103 πῶς
865 1043 970 1111 πρὸ
992 1044 1085 1096 τοῦ
1110 1044 1364 1116 ἔρχεσθαι
1389 1051 1470 1114 εἰς
1491 1051 1712 1121 ἀγάπης
1740 1053 1837 1122 μέ-

259 1145 366 1199 τρα
397 1128 702 1185 πίπτουσιν.
738 1135 833 1196 Ὃς
860 1135 971 1205 γὰρ
1001 1135 1211 1204 φθάσας
1243 1141 1323 1204 είς
1348 1141 1446 1210 τὴν
1471 1143 1718 1214 ἀγάπην,
1750 1146 1838 1199 δέ-

258 1219 410 1272 δεται
459 1223 554 1274 καὶ
593 1224 957 1293 μεμέθυσταέ,
993 1223 1144 1293 οὗτος
1175 1234 1704 1300 καταπεπόντισται,
1742 1240 1837 1292 καὶ

257 1309 602 1378 αἰχμάλωτός
628 1314 776 1371 ἐστιν
807 1317 887 1380 είς
916 1316 1074 1374 ἄλλον
1101 1319 1324 1391 κόσμον,
1354 1323 1428 1388 ὠς
1456 1324 1556 1394 τῆς
1585 1325 1721 1390 ιδίας
1744 1327 1839 1398 cpti-

259 1416 401 1463 σεως
430 1404 530 1456 οὐκ
555 1405 965 1477 αἰσθανόμενος.

331 1577 428 1632 IZ’.
483 1577 813 1651 Ἐρώτησις.
878 1588 940 1642 Τί
983 1588 1189 1646 ἐστιν·
1233 1612 1251 1646 ι
1286 1595 1356 1650 Ἀ
1392 1596 1697 1668 ὀφθαλμὸς
1726 1603 1837 1656 οὐκ

1937 595 2195 649 manibus
2229 611 2293 650 ac
2329 596 2564 665 pedibus
2585 637 2600 662 ,
2636 613 2698 651 ac
2729 599 2987 667 gravibus
3019 601 3227 656 morbis
3268 604 3522 662 laboran.

1939 691 2042 748 tes,
2067 700 2165 753 per
2183 687 2592 755 impositionem
2621 704 2882 744 manuum
2902 693 3150 746 curabat.
3177 695 3372 749 Postea
3397 712 3521 754 cum

1936 775 2268 845 negligentia
2300 777 2592 842 dimueret,
2626 786 2792 848 atque
2822 781 3052 850 gloriam
3087 794 3282 842 nactus
3305 802 3335 842 a
3363 802 3524 842 mun-

1938 864 2032 929 do,
2064 868 2147 920 sui
2172 867 2345 935 ipsius
2373 869 2736 924 delectatione
2758 879 3063 938 teneretur,
3087 877 3346 944 superbia
3376 877 3524 936 intu~

1937 955 2098 1021 muit,
2128 965 2291 1030 atque
2315 959 2573 1029 delapsus
2591 969 2676 1016 est
2701 961 2756 1017 in
2793 962 2909 1032 ipsa
2938 964 3366 1032 proiundissima
3389 984 3522 1037 pec-

1937 1044 2066 1097 cati.
2113 1045 2284 1111 Vide,
2329 1049 2476 1117 quod
2521 1050 2686 1109 etiam
2735 1051 2860 1118 ille,
2905 1054 2997 1122 qui
3033 1055 3236 1110 donum
3286 1059 3524 1112 sanatio-

1936 1152 2068 1190 num
2095 1139 2354 1206 habebat,
2387 1142 2671 1198 ceciderit.
2705 1145 2871 1200 Vides
2894 1149 3193 1217 quomodo,
3226 1157 3520 1220 antequam

1935 1230 2261 1295 perveniant
2295 1233 2362 1286 ad
2398 1249 2712 1291 mensuram
2745 1237 3032 1293 charitatis
3053 1279 3070 1302 ,
3106 1239 3382 1296 labantur.
3413 1243 3519 1310 Qui

1936 1320 2083 1375 enim
2126 1322 2448 1379 charitatem
2483 1337 2768 1384 assecutus
2801 1330 3042 1385 vincitur
3079 1341 3136 1386 et
3175 1332 3518 1399 inebriatur,

1937 1409 2028 1466 hic
2053 1410 2393 1484 demergitur
2419 1425 2476 1470 et
2508 1420 2818 1488 captivatur
2850 1421 2905 1475 in
2931 1423 3099 1482 alium
3134 1427 3424 1490 mundum,
3456 1442 3523 1481 ac

1937 1499 1983 1554 si
2016 1505 2291 1573 propriam
2320 1517 2571 1562 naturam
2602 1526 2707 1563 non
2744 1514 2963 1568 sentiat.

2008 1591 2171 1650 XVII.
2200 1596 2586 1669 Interrogatio.
2630 1602 2769 1667 Quid
2805 1614 2884 1657 est
2915 1606 2938 1658 ?
2985 1625 3004 1658 ι
3041 1605 3169 1672 Qua:
3197 1608 3376 1662 oculus
3411 1627 3519 1665 non

255 1663 399 1735 εἶδε,
429 1673 525 1724 καὶ
555 1668 659 1739 οὖς
690 1677 800 1728 οὐκ
823 1676 1076 1746 ἤκουσε,
1104 1681 1203 1736 καὶ
1227 1684 1325 1739 ἐπὶ
1349 1663 1603 1754 καρδίαις
1625 1663 1825 1758 ἁκθρώ

1939 1684 2087 1750 vidit,
2119 1704 2213 1743 nec
2245 1691 2390 1746 auris
2417 1692 2658 1758 audivit,
2694 1711 2786 1748 nec
2817 1696 2871 1749 in
2903 1714 2993 1752 cor
3008 1699 3232 1756 hominis
3270 1702 3518 1759 ascendas

255 1776 376 1814 που
405 1765 514 1816 οὐκ
535 1765 758 1835 ἀνέϐη;
798 1786 816 1821 ι

1944 1785 2067 1832 runt
2103 1777 2189 1831 ⁸⁷⁸2
2224 1798 2243 1831 ι

341 1853 696 1923 Ἀπόκρισις.
755 1861 890 1914 Κατ’
920 1861 1128 1918 ἐκεῖνον
1162 1865 1256 1921 τὸν
1284 1870 1474 1942 καιρὸν
1504 1872 1554 1925 οἱ
1584 1875 1825 1944 μεγάλοι,

1941 1866 1952 1881 '
2027 1866 2327 1938 Responsio.
2368 1871 2464 1928 Illo
2489 1881 2734 1944 tempore
2756 1888 3057 1948 magnates,
3081 1880 3238 1951 justi,
3267 1897 3422 1954 reges
3461 1893 3519 1940 et

253 1943 354 1996 καὶ
378 1944 593 2012 δίκαιοι,
631 1951 724 2002 καὶ
751 1950 1013 2021 βασιλεῖς,
1050 1958 1144 2012 καὶ
1171 1961 1468 2030 προφῆται,
1508 1943 1594 2018 ὅτι
1620 1967 1718 2035 μὲν
1745 1968 1836 2038 ἐρ-

252 2049 410 2105 χεται
438 2039 466 2089 6
489 2037 803 2112 Λυτρωτὴς,
837 2043 1074 2114 ᾔδεισανο
1109 2049 1189 2102 ὃτι
1216 2050 1273 2103 δὲ
1302 2053 1523 2122 πάσχει,
1554 2059 1648 2110 καὶ
1671 2037 1835 2113 orau-

252 2126 481 2196 ροῦται,
531 2134 625 2183 καὶ
668 2132 806 2203 αἷμα
854 2139 1097 2207 ἐκχεῖται
1141 2142 1233 2194 ἐπὶ
1270 2143 1365 2196 τοῦ
1404 2147 1668 2218 σταυροῦ,
1708 2150 1832 2204 οὕτε

252 2215 475 2290 ᾔδεισαν
494 2257 509 2283 ,
561 2220 685 2273 οὔτε
730 2224 969 2294 ἥκουσαν
991 2267 1006 2291 ,
1057 2229 1180 2282 οὔτε
1211 2233 1378 2304 ἀνέϐη
1406 2236 1584 2288 αὐτῶν
1615 2239 1709 2291 ἐπὶ
1735 2241 1832 2311 τὴν

251 2309 481 2379 καρδίαν
505 2348 522 2376 ,
571 2312 654 2367 ὅτι
703 2313 856 2369 ἔσται
885 2317 1168 2390 βάπτισμα
1199 2324 1367 2394 πυρὸς
1396 2329 1489 2380 καὶ
1513 2309 1830 2400 Πνεύματος

249 2399 412 2467 ἁγίου
435 2417 450 2433 ο
505 2403 597 2455 καὶ
642 2406 723 2458 ὅτι
759 2408 817 2461 ἐν
845 2412 910 2479 τῇ
944 2410 1241 2484 Ἐκκλησία
1267 2418 1637 2488 προσφέρεται
1666 2423 1831 2492 ἄρτος

250 2491 351 2546 καὶ
387 2487 526 2556 οἶνος
549 2533 564 2558 ,
617 2497 911 2553 ἀντίτυπον
939 2502 1035 2570 τῆς
1070 2506 1274 2575 σαρκὸς
1304 2509 1469 2563 αὑτοῦ
1502 2513 1596 2565 καὶ
1620 2514 1714 2566 τοῦ
1742 2515 1827 2568 αἴ-

252 2580 425 2650 μάτος
450 2600 464 2615 ⁸
518 2586 616 2639 καὶ
652 2590 701 2641 oi
737 2593 1244 2663 μεταλαμϐάνοντες
1279 2600 1343 2652 ἐκ
1372 2603 1466 2655 τοῦ
1499 2607 1826 2673 φαινομένου

249 2676 442 2746 ἄρτου,
473 2686 860 2751 πνευματικῶς
886 2689 984 2761 τὴν
1013 2691 1190 2761 σάρκα
1212 2695 1306 2746 τοῦ
1333 2697 1538 2766 Κυρίου
1562 2700 1823 2756 ἐσθίουσι·

249 2765 348 2819 καὶ
389 2771 470 2823 ὅτι
516 2774 564 2824 oi
595 2774 883 2830 ἀπόστολοι
918 2783 1011 2832 καὶ
1039 2783 1086 2832 oi
1113 2783 1431 2852 Χριστιανοὶ
1460 2789 1705 2861 δέχονται
1734 2792 1826 2846 τὸν

249 2859 608 2933 Παράκλητον
633 2905 647 2930 ,
701 2867 795 2920 καὶ
838 2868 1112 2926 ἐνδύονται
1155 2872 1385 2944 δύναμιν
1417 2877 1474 2942 ἐξ
1506 2859 1694 2946 ὕφους,
1732 2883 1826 2936 καὶ

248 2950 583 3023 πληροῦνται
631 2957 731 3028 τῆς
773 2958 1056 3030 Θεότητος·
1097 2963 1192 3018 καὶ
1225 2965 1306 3021 ὅτι
1337 2971 1734 3038 συγκιρνῶνται
1769 2974 1824 3026 αἱ

246 3045 421 3117 ψυχαὶ
445 3045 523 3116 τῷ
549 3048 689 3120 ἁγίῳ
716 3051 1014 3122 Πνεύματι.
1051 3055 1222 3110 Τοῦτο
1250 3057 1350 3112 οὐκ
1372 3059 1592 3130 ᾔδεισαν
1620 3065 1668 3116 οἱ
1692 3081 1826 3135 προ⁴

1939 1959 2222 2027 prophetae
2241 2001 2255 2026 ,
2300 1971 2596 2019 venturum
2627 1982 2747 2022 esse
2789 1968 3120 2027 Salvatorem
3141 2012 3158 2038 ,
3202 1985 3472 2032 noverant
3500 1993 3514 2034 ε

1939 2063 2231 2117 passurum
2257 2062 2439 2110 autem
2461 2071 2602 2121 esse,
2629 2060 3082 2130 cruciﬁgendum,
3106 2079 3172 2118 ac
3193 2066 3514 2136 sanguinem

1939 2141 2295 2209 profusurum
2336 2147 2393 2200 in
2422 2163 2608 2215 cruce,
2650 2167 2762 2208 non
2795 2164 3084 2220 noverant,
3112 2173 3292 2230 neque
3319 2159 3514 2215 audiev

1939 2242 2098 2295 rant;
2153 2249 2334 2305 neque
2407 2241 2659 2295 ascendit
2733 2243 2790 2298 in
2847 2260 3040 2300 eorum
3096 2263 3192 2302 cor
3265 2250 3518 2308 futurum

1937 2320 2207 2391 baptisma
2240 2327 2380 2397 ignis
2407 2346 2470 2385 ac
2499 2329 2741 2401 Spiritus
2758 2339 2969 2404 sancti;
2998 2341 3149 2402 item,
3186 2343 3238 2396 in
3265 2344 3514 2404 Ecclesia

1935 2412 2279 2471 oll'erendum
2309 2435 2432 2475 esse
2461 2437 2659 2491 panem
2692 2435 2748 2480 et
2773 2428 2982 2494 vinum,
3027 2439 3213 2501 typum
3245 2449 3342 2489 seu
3374 2436 3516 2506 Iigu~

1937 2519 2052 2558 ram
2079 2509 2261 2565 carnis
2289 2513 2407 2582 ejus
2439 2529 2502 2569 ac
2532 2520 2812 2587 sanguinis
2846 2539 2859 2575 :
2885 2531 3049 2592 atque
3066 2540 3181 2592 eos,
3213 2528 3307 2596 qui
3337 2531 3513 2598 parti-

1935 2593 2124 2662 cipant
2175 2597 2244 2651 de
2306 2615 2447 2668 pane
2491 2603 2696 2660 visibili
2730 2609 2826 2676 (l),
2883 2593 3246 2678 spiritualiter
3289 2593 3512 2674 carnem

1935 2685 2152 2741 Domini
2215 2705 2412 2747 esuros
2453 2709 2466 2748 :
2521 2696 2690 2763 item,
2740 2702 3017 2768 apostolos
3065 2687 3122 2758 et
3169 2705 3513 2765 Christianos

1933 2789 2292 2848 suscepturos
2335 2784 2676 2842 Paracletum
2702 2830 2717 2854 ,
2761 2799 2926 2861 atque
2970 2795 3277 2854 induendos
3304 2803 3514 2858 virtute

1931 2883 1999 2924 ex
2041 2870 2173 2934 alto,
2221 2889 2287 2928 ac
2343 2876 2636 2947 replendos
2683 2881 2971 2941 divinitate
3016 2904 3030 2940 :
3079 2892 3513 2950 commiscendas

1933 2975 2152 3032 quoque
2183 2965 2396 3022 animas
2422 2984 2548 3025 cum
2571 2971 2781 3042 Spiritu
2805 2986 3016 3033 sancto.
3045 2981 3161 3036 Hoc
3185 2983 3513 3054 ignorabant

1932 3057 2215 3126 prephetaa
2259 3078 2322 3117 ac
2355 3079 2545 3135 reges,
2587 3084 2766 3139 neque
2796 3073 3120 3131 ascenderat
3159 3079 3212 3133 in
3260 3095 3356 3134 cor
3389 3083 3513 3138 illo-

249 3140 420 3210 φῆται
451 3142 545 3194 καὶ
570 3143 838 3213 βασιλεῖς,
876 3147 1002 3202 οὔτε
1029 3151 1198 3223 ἀνέϐη
1225 3154 1407 3209 αὐτῶν
1438 3157 1532 3211 ἐπὶ
1561 3157 1656 3230 τὴν
1685 3177 1824 3231 καρ-

1933 3161 2074 3201 rum.
2100 3150 2257 3206 Nunc
2283 3155 2433 3211 enim
2464 3157 2760 3215 Christiani
2793 3164 2898 3218 alio
2938 3177 3098 3234 pacto
3128 3169 3422 3238 ditescunt,
3446 3190 3513 3233 ac

247 3231 393 3286 δίαν.
453 3233 569 3287 Νῦν
601 3236 708 3308 γὰρ
739 3239 789 3290 οί
822 3241 1140 3310 Χριστιανοὶ
1173 3245 1348 3311 ἄλλως
1381 3249 1693 3319 πλουτοῦσι,
1731 3254 1828 3306 καὶ

246 3323 606 3380 ἐπιποθοῦσιν
662 3331 742 3392 είς
786 3330 884 3402 τὴν
929 3331 1200 3403 θεότηταο
1253 3339 1391 3392 ἀλλὰ
1432 3342 1528 3395 καὶ
1568 3345 1830 3418 τοιαύτην

246 3415 426 3486 χαρὰν
454 3418 549 3471 καὶ
578 3421 924 3492 παράκλησιν
948 3425 1162 3497 ἔχοντες
1189 3429 1295 3485 ὑπὸ
1322 3433 1485 3502 φόϐον
1513 3435 1606 3490 καὶ
1625 3415 1828 3509 τρόμον

246 3507 406 3562 εἰσίν.

326 3598 428 3655 IH’.
475 3601 816 3673 Ἐρώτησις.
866 3607 1000 3663 Ὑπὸ
1029 3611 1204 3667 ,ποῖον
1226 3614 1415 3683 φόϐον
1444 3618 1540 3672 καί
1568 3618 1824 3689 τρόμον;

335 3692 697 3765 Ἀπόκρισις.
734 3699 838 3752 Τοῦ
870 3702 943 3772 μὴ
972 3703 1240 3773 σφαλῆναι
1269 3705 1326 3757 ἔν
1351 3724 1477 3772 τινι,
1513 3710 1650 3762 ἀλλὰ
1683 3729 1744 3764 συ
1755 3730 1824 3781 μ-

249 3788 450 3852 φωνεῖν
478 3792 543 3858 τῇ
575 3789 776 3860 χάριτι.
803 3793 1011 3864 Ὥσπερ
1045 3796 1139 3850 ἐὰν
1226 3816 1308 3862 τις
1333 3800 1469 3869 ἔχων
1493 3801 1821 3878 Θησαυροὺς,

247 3875 346 3928 καὶ
367 3875 525 3948 ὁδεύῃ
555 3882 631 3940 εἰς
658 3879 856 3943 τόπους
887 3881 1015 3936 ἔνθα
1035 3885 1142 3937 εἰσὶ
1168 3886 1391 3957 λῃσταὶ,
1424 3889 1606 3944 λοιπὸν
1645 3875 1822 3961 χαίρει

249 3964 353 4034 μὲν
381 3967 468 4020 διὰ
496 3969 726 4023 πλοῦτον
755 3972 850 4025 καὶ
872 3976 962 4026 τὴν
989 3975 1279 4048 Θησαυρὸν,
1299 3980 1402 4033 ὑπὸ
1425 3982 1588 4050 φόϐον
1607 3984 1665 4038 δέ
1685 3987 1819 4052 ἐστι,

249 4056 450 4125 μήπως
484 4058 807 4126 ἐπελθόντες
842 4059 892 4119 ιζ
925 4063 1120 4136 λῃσταὶ
1149 4068 1453 4139 συλήσωσιν
1479 4072 1674 4140 αὐτὸν,
1726 4076 1822 4128 καὶ

246 4146 328 4209 ὡς
381 4148 661 4217 βαστάζων
709 4155 789 4216 είς
835 4155 933 4218 τὰς
975 4158 1160 4227 χεῖρας
1199 4159 1364 4214 αὐτοῦ
1405 4162 1465 4214 τὸ
1498 4164 1628 4218 ἴδιον
1660 4165 1822 4236 σῶμα

245 4237 422 4304 οὕτως
470 4242 635 4296 ἐστίν.
679 4244 809 4298 Ἰδοὺ
854 4248 962 4318 γὰρ
1007 4250 1064 4302 ἐν
1094 4252 1207 4314 τοῖς
1241 4255 1584 4324 φαινομένοις
1619 4258 1819 4323 πάντες

246 4331 640 4404 ἀπεταξάμεθα
662 4376 678 4403 ,
732 4338 828 4391 καὶ
871 4340 1037 4409 ἐσμὲν
1072 4341 1216 4411 ξένοι
1248 4345 1340 4397 καὶ
1365 4347 1691 4418 άκτήμονες,
1723 4353 1820 4406 καὶ

245 4422 534 4488 κοινωνίας
561 4427 831 4496 σαρκικῆς
859 4430 1235 4501 ἐστερημένοι.
1271 4435 1492 4501 Λοιπὸν,
1521 4439 1597 4492 ἴδε
1622 4441 1682 4492 τὸ
1707 4442 1816 4494 σῶ-

1930 3236 2208 3296 desiderio
2254 3245 2548 3316 rapiuntur
2585 3250 2652 3304 ad
2704 3252 3085 3325 divinitatem;
3137 3269 3194 3314 at
3239 3262 3367 3318 licet
3405 3236 3511 3324 hoc

1929 3331 2128 3399 gaudio
2165 3342 2222 3390 et
2250 3339 2630 3396 consolatione
2660 3345 3037 3419 perfruantur,
3085 3351 3281 3412 timore
3321 3365 3506 3419 tamen

1927 3437 1992 3478 ac
2019 3430 2256 3481 tremore
2294 3432 2708 3494 concutiuntur.

1997 3591 2180 3650 XVIII.
2211 3597 2591 3672 Interrogatio.
2636 3605 2750 3672 Quo
2776 3611 2962 3666 timore
2996 3632 3058 3668 ac
3095 3625 3325 3674 tremore
3350 3622 3377 3674 .’

1997 3683 2302 3754 Responsio.
2335 3691 2412 3746 Nc
2443 3694 2701 3750 aberrent
2731 3699 2785 3753 in
2810 3702 3014 3770 aliquo,
3041 3707 3135 3760 sed
3162 3711 3503 3769 concordent

1925 3777 2132 3842 gratiaz.
2166 3778 2402 3836 Perinde
2426 3799 2490 3838 ac
2511 3786 2556 3838 si
2584 3788 2728 3856 quis,
2761 3793 2853 3858 qui
2875 3793 3072 3850 habeat
3103 3799 3410 3868 thesauros,
3443 3813 3501 3860 et

1924 3863 2306 3931 proﬁciscatur
2358 3872 2426 3926 ad
2471 3873 2611 3940 loca,
2659 3878 2752 3932 ubi
2800 3891 2930 3938 sunt
2983 3885 3247 3953 latrones,
3299 3863 3502 3962 gaudet

1922 3952 2143 4022 quidem
2166 3967 2392 4027 propter
2417 3977 2547 4032 opes
2562 3978 2616 4021 et
2642 3967 2979 4038 thesaurum,
3009 3977 3111 4032 sub
3135 3989 3282 4036 metu
3299 3952 3504 4041 nihilo-

1922 4049 2104 4106 minus
2139 4064 2244 4117 est,
2285 4070 2355 4109 ne
2398 4063 2853 4130 supervenientes
2896 4066 3138 4124 latrones
3177 4072 3502 4143 depraedcn-

1922 4150 2013 4196 tur
2040 4159 2130 4209 se,
2161 4153 2217 4200 et
2246 4149 2475 4217 perinde
2513 4162 2597 4208 est
2630 4169 2697 4210 ac
2740 4157 2786 4210 si
2829 4168 3006 4228 gestet
3047 4165 3306 4222 manibus
3335 4184 3500 4225 suum

1919 4236 2204 4304 proprium
2238 4255 2458 4311 corpus.
2489 4244 2627 4301 Ecce
2648 4247 2818 4314 enim,
2849 4253 3029 4320 quoad
3063 4271 3149 4318 ea,
3177 4273 3297 4326 qum
3324 4263 3502 4318 oculis

1920 4334 2132 4393 patent,
2166 4344 2358 4386 omnes
2399 4337 2858 4404 renuntiavimus,
2891 4355 2955 4396 ac
2983 4357 3173 4399 sumus
3199 4351 3498 4421 peregrini.

1921 4424 2089 4486 atque
2123 4419 2349 4490 inopes,
2381 4426 2697 4496 carnalique
2743 4431 3009 4487 societate
3037 4435 3235 4503 privati
3263 4456 3276 4492 :
3313 4419 3497 4510 quoad

251 4529 332 4582 μα
379 4516 556 4568 κεῖται
596 4519 674 4579 εἰς
713 4519 915 4590 εὐχήν⁸
955 4521 1258 4590 ὀφείλουσιν
1294 4525 1420 4579 ἰδεῖν
1484 4530 1534 4580 οἱ
1564 4531 1812 4599 ἀδελφοὶ,

1932 4518 2120 4565 caetera
2147 4514 2271 4568 vide
2293 4554 2308 4578 ,
2339 4530 2541 4585 corpus
2585 4520 2652 4574 ad
2690 4524 3000 4579 orationem
3029 4531 3336 4598 propendet
3360 4551 3384 4598 ;.
3407 4536 3502 4589 de-

245 4607 299 4657 εἰ
329 4606 436 4675 ἄρα
470 4609 564 4660 σὺν
593 4609 670 4680 τῷ
701 4611 912 4682 σώματι
944 4615 1037 4667 καὶ
1064 4615 1093 4667 6
1117 4616 1241 4679 νοῦς
1272 4623 1570 4688 συμφωνεῖ.
1606 4623 1817 4696 ’Ὠσπερ

245 4697 342 4748 ἐπὶ
371 4697 429 4749 τὺ
459 4698 709 4752 πλεῖστον
741 4703 791 4753 οἱ
821 4705 1061 4773 τεχνῖται
1094 4706 1234 4774 μετὰ
1260 4708 1488 4777 κόσμον,
1525 4712 1617 4764 καὶ
1646 4713 1695 4764 οἱ
1724 4715 1815 4783 ἐρ-

243 4790 650 4861 γαστηριάρχαι
671 4785 884 4862 ’ἔχουσι
918 4795 977 4847 τὸ
1009 4797 1167 4867 σῶμα
1196 4799 1584 4870 άποδεδεμένον
1614 4805 1692 4867 είς
1720 4805 1818 4876 τὴν

243 4881 442 4951 τέχνην
467 4925 482 4949 ,
539 4886 740 4954 ὁμοίως
791 4889 882 4939 καὶ
928 4888 1019 4941 τὸν
1062 4890 1184 4942 νοῦν
1227 4893 1420 4955 νυκτὸς
1457 4895 1550 4949 καὶ
1584 4897 1816 4965 ἡμέρας.

242 4975 448 5027 Λοιπὸν
492 4976 556 5028 σὺ
605 4977 896 5050 ἐπίσκεψαι
941 4982 1164 5034 σεαυτὸν
1183 5023 1199 5048 ,
1231 4984 1370 5053 ἔχων
1400 4985 1460 5038 τὸ
1487 4986 1643 5056 σῶμα
1672 4987 1820 5051 ξένον

241 5066 340 5118 τοῦ
370 5067 574 5137 κόσμου
599 5070 787 5122 τούτου
804 5110 819 5134 ,
854 5068 962 5142 ἆρα
992 5071 1136 5141 ἔχεις
1162 5076 1256 5131 καὶ
1279 5076 1370 5130 τὸν
1394 5077 1517 5131 νοῦν
1541 5078 1819 5150 ἀλλότριον

243 5159 435 5210 τούτου
488 5159 581 5212 τοῦ
626 5161 852 5226 αἰῶνος,
910 5162 1002 5215 καὶ
1052 5165 1110 5215 οὐ
1149 5166 1322 5237 ῥέμϐῃ
1355 5169 1433 5230 εἰς
1460 5169 1550 5221 τὸν
1574 5171 1814 5241 κόσμον;

241 5251 357 5302 Καὶ
385 5252 490 5320 γὰρ
519 5251 746 5316 ἕκαστος
774 5253 1033 5323 κοσμικὸς
1059 5255 1092 5324 ἢ
1122 5256 1474 5328 στρατιώτης,
1501 5259 1531 5328 ἢ
1555 5259 1816 5331 ἔμπορος,

234 5342 380 5393 ὅπου
410 5343 520 5413 ἔχει
553 5344 613 5396 τὸ
640 5344 817 5414 σῶμα,
854 5347 972 5399 ἐκεῖ
1001 5347 1113 5417 ἔχει
1139 5346 1230 5400 τὸν
1255 5347 1377 5401 νοῦν
1404 5351 1810 5422 ἀποδεδεμένον,

236 5435 342 5487 καὶ
388 5437 501 5488 ἐκεῖ
546 5437 695 5508 αὐτῷ
739 5439 884 5491 ἐστιν
929 5441 958 5494 ὁ
1001 5440 1287 5509 θησαυρός.
1337 5441 1649 5511 Γέγραπται
1681 5444 1808 5515 γὰρ,

237 5525 439 5583 Ὀπου
465 5533 496 5584 ὁ
521 5532 846 5600 θησαυρὸς,
878 5533 1006 5587 ἐκεῖ
1024 5532 1121 5586 καὶ
1154 5534 1192 5601 ή
1217 5532 1448 5602 καρδία.

309 5705 361 5740 ⁸⁷
400 5704 574 5762 ICor.
613 5723 674 5773 ιι,
710 5707 766 5763 9.
839 5706 885 5739 ⁸⁸
922 5706 1117 5761 Matth.
1147 5722 1224 5772 vi,
1252 5705 1343 5765 21.

1923 4603 2056 4659 bent
2085 4605 2284 4664 fratres
2321 4611 2628 4676 attendere,
2658 4629 2790 4668 num
2835 4620 3054 4687 corpori
3089 4638 3244 4678 mens
3277 4642 3498 4696 quoque

1922 4705 2227 4750 consonet:
2260 4700 2722 4767 quemadmodum
2763 4714 2823 4759 ut
2857 4708 3155 4776 plurimum
3192 4713 3247 4767 in
3291 4719 3498 4772 mundo

1921 4784 2179 4849 artiﬁces,
2207 4796 2370 4857 atque
2393 4791 2820 4847 architectorum
2841 4797 3116 4868 principes
3142 4801 3346 4860 habent
3369 4821 3496 4859 cor-

1918 4891 2021 4944 pus
2053 4876 2368 4934 devinctum
2395 4881 2463 4937 ad
2499 4893 2697 4948 artem,
2731 4886 2919 4941 itidem
2951 4899 3006 4944 et
3038 4892 3279 4949 animum
3323 4907 3493 4953 noctu

1919 4969 2146 5042 diuque.
2174 4972 2252 5025 Tu
2286 4990 2416 5044 ergo
2445 4979 2723 5048 perpende
2755 4987 2803 5033 te
2830 4980 3029 5050 ipsum,
3061 4984 3152 5052 qui
3179 4985 3346 5041 babes
3373 5002 3495 5042 cor-

1918 5076 2020 5128 pus
2048 5064 2398 5132 peregrinum
2423 5067 2490 5119 ab
2519 5067 2623 5122 hoc
2656 5071 2882 5134 mundo,
2926 5089 3056 5126 num
3094 5075 3258 5128 etiam
3289 5077 3492 5135 habeas

1917 5162 2158 5206 mentem
2185 5155 2418 5210 alienam
2447 5157 2516 5210 ab
2547 5159 2651 5214 hoc
2685 5162 2906 5225 szeculo,
2944 5180 3008 5218 ac
3037 5181 3144 5221 non
3173 5171 3492 5238 occupatio-

1917 5246 2081 5300 nibus
2115 5247 2302 5301 mundi
2338 5247 2675 5304 detinearis?
2705 5252 2948 5318 Quilibet
2987 5258 3133 5312 enim
3170 5261 3446 5320 saecularis
3475 5302 3492 5323 ,

1923 5339 2038 5393 sive
2080 5341 2256 5401 miles,
2307 5341 2420 5396 sive
2460 5353 2754 5409 mercator,
2803 5347 2897 5400 ubi
2939 5364 3137 5418 corpus
3182 5351 3368 5418 habet,
3412 5354 3492 5412 ibi

1921 5449 2139 5504 quoque
2175 5435 2339 5488 habet
2361 5443 2597 5490 mentem
2629 5437 2959 5505 devinctam,
2986 5443 3171 5511 ibique
3202 5445 3493 5504 thesaurus

1919 5529 2038 5597 ejus
2084 5537 2184 5581 est.
2229 5527 2504 5595 Scriptum
2552 5530 2700 5585 enim
2753 5541 2837 5585 est
2870 5551 2882 5586 :
2921 5534 3015 5588 Ubi
3059 5537 3374 5604 thesaurus,
3419 5537 3492 5595 ibi

1921 5622 2083 5676 etiam
2107 5637 2194 5672 cor
2226 5619 2291 5676 ⁸⁸.

316 5817 394 5889 (l)
434 5818 491 5873 Id
532 5826 637 5881 est,
674 5821 784 5872 non
827 5816 1032 5873 visibili
1076 5819 1240 5873 modo
1271 5829 1329 5875 ct
1370 5834 1468 5889 eo,
1497 5836 1606 5894 quo
1641 5820 1826 5879 editur
1864 5821 1968 5878 alia
1996 5837 2145 5890 caro,
2181 5821 2278 5880 sed
2312 5824 2581 5894 spirituali
2611 5835 2667 5884 ct
2703 5829 2990 5886 invisibili.

557 5909 826 5971 PATROL.
867 5909 983 5970 Gn.
1014 5910 1304 5976 XXXIV.

2921 5919 3000 5982 23
