3966 6432
489 413 591 475 707

1765 405 1824 464 S.
1867 402 2187 464 MACARII
2227 399 2552 461 J’EGYPTH
3629 407 3714 467 708

567 523 726 594 109
747 520 888 576 XIX.
927 520 1218 590 Reliquum
1253 526 1356 582 est,
1384 527 1510 571 tuus
1540 517 1755 570 animus
1779 516 1927 585 quali
1953 515 2072 569 the-

2248 512 2348 568 ἴθ’.
2406 512 2605 567 Λοιπδν
2650 511 2678 564 ὁ
2727 511 2816 576 σδς
2857 512 2981 576 νοῦς
3024 514 3102 577 είς
3128 513 3279 566 ποῖόν
3311 514 3425 566 ἐστι
3455 513 3714 586 θησαυρὸν,

490 634 652 675 sauro
677 616 747 671 sit
775 616 1042 675 intentus.
1090 629 1158 667 an
1199 621 1347 666 lotus
1387 611 1545 680 plane
1582 610 1692 663 Deo
1725 624 1826 661 nec
1852 607 1956 661 ne?
1985 607 2070 662 sin

490 712 673 766 minus
697 717 802 773 est,
829 705 1115 775 cxponatis
1136 704 1295 770 mihi,
1328 702 1455 773 quid
1485 701 1790 770 impediat?
1812 699 2068 754 Profecto

489 805 718 858 Satanas
747 810 803 855 et
831 799 1106 853 daemones
1132 795 1502 866 suntspiritus
1528 807 1784 862 nequam,
1816 789 1910 859 qui
1934 789 2073 846 deti-

489 907 623 950 nent
652 903 890 947 mentem
922 903 1086 959 atque
1129 889 1366 943 animam
1408 885 1757 940 subvertunt.
1803 882 2073 937 Versutus

488 990 635 1045 enim
651 998 733 1041 est
756 984 1028 1047 diabolus,
1044 983 1342 1036 instructus
1361 978 1650 1040 machinis,
1669 975 1879 1030 foribus
1898 984 2075 1044 terge-

491 1081 680 1144 minis,
716 1095 780 1132 ac
804 1075 1023 1130 vafritie
1048 1074 1239 1136 multa,
1266 1080 1528 1140 occupata
1553 1079 1702 1123 tenet
1726 1082 1926 1138 pascua
1956 1065 2074 1120 ani-

493 1190 594 1228 nne
625 1181 789 1240 atque
812 1168 1196 1239 cogitationes,
1223 1180 1323 1219 nec
1347 1162 1616 1234 permittit
1646 1169 1797 1216 recte
1846 1156 2068 1230 precari

493 1274 548 1321 et
586 1263 848 1318 accedere
890 1260 955 1313 ad
984 1261 1191 1322 Deum;
1226 1255 1488 1326 quoniam
1533 1253 1651 1322 ipsa
1678 1261 1874 1305 natura
1905 1247 2076 1317 parti-

495 1373 625 1427 ceps
653 1364 739 1409 est
768 1354 1075 1408 daemonum
1129 1366 1192 1404 ac
1226 1349 1519 1418 spirituum
1546 1343 1809 1414 nequitia:
1837 1359 1853 1408 ;
1882 1341 2075 1395 itidem

492 1447 810 1516 angelorum
840 1459 903 1498 ac
940 1442 1181 1512 Spiritus
1211 1441 1419 1496 sancti:
1443 1436 1706 1518 templum
1733 1444 1817 1489 est
1839 1433 2074 1496 Satanre,

492 1557 556 1596 ac
620 1540 885 1609 templum
940 1536 1116 1591 sancti
1154 1533 1414 1604 Spiritus.
1450 1530 1723 1584 Caeterum
1781 1523 2076 1594 expandite

491 1635 733 1688 animum
762 1629 1267 1694 vestrum,'l‘ratres,
1291 1626 1576 1694 eujus‘nam
1601 1621 1734 1676 estis
1758 1617 2074 1688 participes,

492 1722 811 1790 angelorum
845 1734 914 1772 an
944 1713 1475 1781 daemonum?cujus
1507 1710 1772 1778 templum
1809 1716 1865 1761 et
1899 1704 2077 1760 domi-

491 1813 682 1866 cilium
731 1809 886 1871 estis,
945 1807 1043 1859 Dei
1101 1821 1169 1858 an
1203 1802 1451 1856 diaboli?
1490 1815 1585 1854 cor
1632 1797 1780 1866 quali
1815 1795 2077 1849 thesauro

495 1901 569 1955 sit
610 1899 904 1967 repletum,
935 1894 1123 1963 gratize
1157 1909 1225 1947 an
1277 1889 1530 1945 Satame?
1569 1883 1734 1942 Velut
1778 1884 1945 1953 igitur
1979 1881 2076 1935 do-

495 2005 621 2045 mus
644 1989 769 2042 cum
795 1987 994 2041 referta
1028 1993 1111 2038 est
1140 1981 1511 2054 graveolentia
1552 1993 1617 2032 ac
1647 1988 1914 2039 stercore,
1947 1989 2080 2028 con-

495 2082 649 2137 venit
678 2071 826 2135 illam
863 2079 1083 2148 penitus
1126 2074 1347 2145 purgari
1389 2081 1552 2141 atque
1582 2067 1862 2131 exornari,
1895 2080 1958 2119 ac
1989 2080 2080 2119 re-

496 2173 639 2246 pleri
663 2171 858 2241 quavis
910 2167 1210 2238 fragrantia
1262 2173 1320 2220 et
1365 2161 1676 2226 thesauris;
1725 2167 1787 2213 ut
1839 2155 2080 2226 Spiritus

498 2273 719 2318 sanctus
747 2261 932 2315 veniat
957 2275 1055 2329 pro
1080 2258 1298 2321 Satana,
1339 2269 1405 2309 ac
1441 2251 1755 2323 requiescat
1794 2247 1852 2302 in
1882 2247 2080 2302 animis

496 2354 963 2410 Christianorum.

570 2523 686 2580 XX.
719 2521 1231 2584 V'erumenimvero,
1301 2532 1413 2572 non
1470 2518 1654 2573 statim
1686 2516 1878 2571 audito
1907 2515 2080 2572 verbo

499 2616 618 2678 Dei,
641 2613 838 2682 aliquis
868 2611 930 2665 fit
962 2611 1119 2664 bome
1139 2605 1332 2678 partis.
1366 2606 1420 2662 Si
1441 2608 1589 2662 enim
1620 2608 1784 2662 simul
1806 2604 2084 2660 audiendo

499 2707 808 2763 eﬂioeretur
871 2701 1042 2772 partis
1094 2699 1290 2758 bona.
1346 2713 1692 2768 nequaquam
1747 2697 2086 2753 exstitissent

499 2797 823 2859 certamina,
861 2804 956 2848 aut
999 2792 1319 2847 occasiones
1369 2791 1663 2854 bellorum,
1724 2800 1820 2845 aut
1851 2802 2082 2854 cursus;

501 2891 599 2947 sed
652 2891 771 2944 sine
817 2887 1028 2946 labore;
1074 2884 1242 2939 modo
1293 2883 1563 2948 audisset,
1619 2883 1964 2953 pervenisset
2017 2883 2086 2938 ad

503 2983 744 3054 quietem
773 2995 836 3034 ac
858 2977 1086 3049 gradum
1137 2975 1463 3046 perfectum.
1510 2975 1866 3044 Nequaquam
1900 2981 2086 3028 autem

503 3077 581 3130 ita
610 3089 702 3127 res
729 3087 788 3127 se
819 3071 1005 3124 habet.
1040 3067 1212 3122 Tollis
1256 3068 1405 3122 enim
1443 3067 1784 3120 voluntatem
1823 3065 2085 3134 hominis,

504 3167 637 3220 dum
669 3163 778 3218 hoc
807 3160 1032 3223 asseris,
1089 3167 1145 3212 et
1198 3158 1560 3211 reluctantem
1609 3157 1924 3210 facultatem
1963 3171 2086 3212 esse

505 3271 694 3326 negas,
731 3269 854 3324 quae
883 3257 1150 3321 repugnet
1176 3249 1382 3302 animo.
1411 3249 1522 3302 Nos
1544 3257 1723 3302 autem
1758 3249 1864 3303 hoc
1889 3249 2087 3304 asseri-

505 3365 652 3411 mus,
679 3360 808 3401 eum
829 3343 926 3414 qui
949 3343 1180 3396 verbum
1208 3340 1382 3406 audit,
1406 3342 1597 3395 venire
1623 3340 1677 3393 in
1709 3341 2089 3410 compunctio—

505 3455 670 3504 nem;
701 3452 766 3491 ac
799 3441 1011 3505 postea,
1043 3431 1385 3487 subducente
1425 3446 1482 3485 se
1513 3432 1706 3502 gratia,
1739 3445 1839 3501 per
1865 3431 2088 3501 dispen—

508 3535 783 3590 sationem
845 3528 913 3583 ad
971 3526 1405 3581 emolumentum
1456 3523 1719 3589 hominis,
1779 3523 1992 3594 ingredi
2031 3523 2088 3577 in

506 3624 962 3682 exercitationem
1001 3633 1067 3672 ac
1095 3616 1444 3685 disciplinam
1477 3615 1810 3681 militarem;
1846 3623 1958 3667 tum
1999 3615 2089 3668 lu-

508 3727 652 3773 ctam
676 3713 1040 3774 committere,
1075 3724 1139 3763 ac
1162 3717 1442 3762 certamen
1475 3703 1615 3760 inire
1644 3706 1908 3760 adversus
1931 3705 2088 3758 Sata-

509 3825 659 3872 nam,
691 3822 755 3860 ac
776 3805 954 3858 multo
981 3817 1148 3856 cursu
1181 3810 1236 3855 et
1264 3799 1565 3854 certamine
1617 3791 1892 3868 reportata
1915 3800 2088 3853 'victo-

509 3904 606 3958 riae
634 3899 832 3969 palma,
861 3893 1097 3950 evadere
1139 3891 1538 3946 Christianum.
1561 3889 1633 3944 'Si
1679 3890 1803 3957 quis
1829 3888 1977 3943 enim
2020 3905 2088 3944 ex

510 3989 703 4046 auditu
731 3987 930 4048 solum,
967 3983 1173 4052 absque
1203 3981 1318 4036 ullo
1363 3979 1550 4034 labore
1588 3977 1900 4032 etIlcerctur
1930 3979 2088 4033 bona:

508 4079 705 4152 partis,
728 4076 897 4131 etiam
919 4073 1012 4143 qui
1039 4071 1304 4125 theatrica
1330 4084 1527 4139 pompa
1561 4067 1822 4138 gaudent,
1855 4075 1910 4123 et
1941 4083 2089 4123 scor.

510 4180 717 4227 tatores
742 4181 956 4231 omnes,
984 4162 1285 4234 ingressuri
1305 4171 1436 4216 sunt.
1457 4162 1512 4214 in
1540 4175 1771 4230 regnum
1800 4176 1864 4215 ac
1882 4161 2085 4215 vitam:

509 4269 567 4316 at
595 4273 758 4314 nemo
780 4256 864 4310 eis
885 4254 1152 4324 largietur
1184 4265 1304 4305 eam
1326 4253 1534 4321 absque
1572 4251 1762 4306 labore
1793 4265 1857 4306 ac
1883 4265 2085 4322 pugna,

509 4349 785 4419 siquidem
830 4348 1072 4417 Angusta
1148 4353 1221 4399 est
1265 4361 1327 4398 ac
1379 4343 1671 4414 aﬂlictiom’s
1710 4343 1868 4413 plena
1905 4346 1991 4398 via
2043 4346 2088 4377 ⁸⁸

507 4438 616 4495 Per
645 4441 816 4509 ipsam
834 4451 1082 4506 asperam
1108 4437 1250 4489 viam
1283 4434 1545 4500 transire,
1573 4435 1810 4490 tolerare
1839 4443 1896 4490 et
1926 4433 2090 4506 aﬂligi

508 4532 750 4600 oportet,
782 4534 838 4580 et
875 4523 956 4578 sic
977 4523 1187 4595 ingredi
1210 4523 1398 4577 vitam.

582 4638 720 4695 XXI.
757 4637 813 4693 Si
853 4637 1002 4692 enim
1059 4635 1264 4705 absque
1297 4635 1487 4690 labore
1529 4650 1800 4706 prospero
1829 4650 2088 4692 successu

508 4733 587 4789 uti
616 4730 885 4795 licuisset,
914 4743 1026 4782 non
1063 4728 1299 4797 amplius
1329 4726 1472 4797 lapis
1501 4726 1826 4780 oﬂ'ensionis
1846 4744 1909 4781 ac
1937 4738 2090 4797 petra

511 4823 757 4882 scandali
791 4829 937 4877 esset
983 4819 1475 4884 Christianismus;
1524 4834 1627 4872 nec
1650 4818 1787 4872 ﬁdes
1811 4828 1867 4872 et
1895 4819 2089 4875 intide-

505 4918 652 4972 litas.
678 4914 985 4970 Constituis
1019 4913 1246 4981 insuper
1300 4925 1520 4979 quoque
1573 4910 1852 4965 hominem
1898 4911 2088 4966 devin-

507 5019 677 5073 ctum,
711 5004 1110 5059 immutabilem
1145 5011 1260 5056 tum
1298 5001 1364 5054 ad
1423 5001 1629 5055 bonum
1653 5041 1666 5065 ,
1697 5010 1812 5054 tum
1855 5001 1924 5055 ad
1970 5017 2088 5055 ma-

505 5102 642 5155 lum.
694 5097 915 5152 Etenim
966 5094 1038 5158 ei,
1075 5093 1171 5163 qui
1219 5091 1422 5146 mutari
1473 5099 1652 5161 potest
1692 5092 1744 5145 in
1794 5103 2088 5164 utramque

504 5196 742 5258 partem,
779 5185 869 5238 lex
897 5182 1022 5237 data
1057 5190 1176 5247 est;
1203 5181 1254 5235 ei
1296 5180 1583 5246 nimirum,
1612 5181 1706 5250 qui
1731 5181 1967 5237 liberum
1993 5198 2086 5236 ar-

505 5277 738 5334 bitrium
785 5276 974 5340 habet,
1013 5284 1074 5330 ut
1125 5274 1334 5329 bellum
1383 5282 1538 5344 gerat
1570 5272 1837 5328 adversus
1867 5283 2086 5329 eontra-

504 5371 644 5425 riam
677 5376 1033 5439 potestatem.
1085 5366 1366 5421 Devinctze
1394 5365 1541 5420 enim
1582 5373 1794 5420 natura:
1839 5365 1926 5420 lex
1969 5380 2082 5420 non

504 5463 842 5535 imponitur:
871 5476 1054 5530 neque
1092 5460 1240 5514 enim
1268 5459 1371 5520 sol,
1395 5473 1576 5528 neque
1594 5458 1794 5513 coelum
1819 5466 1912 5512 aut
1937 5468 2086 5512 terra

505 5554 623 5626 lege
659 5560 952 5608 teneantur
980 5569 994 5607 :
1024 5549 1154 5620 quia
1181 5559 1448 5605 creatura:
1478 5559 1607 5604 sunt
1635 5549 1814 5620 ligatae
1833 5559 2044 5604 naturae
2064 5593 2078 5616 ,

509 5646 649 5700 unde
691 5660 794 5732 nec
825 5645 1075 5715 praemio,
1105 5659 1208 5698 nec
1239 5641 1508 5712 supplicio
1545 5641 1851 5713 subiacent.
1892 5640 2082 5696 Honor

575 5824 619 5857 "
659 5825 852 5882 Matth.
884 5843 982 5893 vn,
1025 5829 1111 5882 l-t.

2120 4547 2168 4602 Β

2175 605 2285 678 ἆρα
2328 608 2448 669 ὅλος
2487 606 2664 658 διόλου
2716 607 2853 674 πρὸς
2903 607 2994 659 τὸν
3032 605 3164 659 Θεὸν
3204 609 3382 672 ἐστιν,
3420 607 3452 679 ἢ
3488 606 3574 674 οῦ;
3607 611 3648 661 εί
3673 611 3718 662 δὲ

2174 701 2275 754 οὐκ
2301 699 2469 764 ἔστιν,
2502 699 2750 769 ὀφείλετέ
2783 715 2872 769 μοι
2904 699 3102 764 εἰπεῖν,
3133 698 3186 752 τί
3213 701 3324 751 ἐστι
3349 699 3409 751 τὸ
3434 701 3719 768 ὲμποδίζον;

2175 792 2402 854 Πάντως
2450 790 2738 861 πνεύματά
2782 791 2885 842 είσι
2929 789 3174 858 πονηρὰ,
3209 790 3237 842 ὁ
3265 789 3507 852 Σατανᾶς
3549 791 3634 842 καὶ
3682 791 3724 842 οἱ

2174 880 2428 951 δαίμονες
2449 920 2463 944 ,
2499 881 2825 950 κατέχοντες
2855 879 2947 931 τὸν
2977 878 3132 943 νοῦν,
3168 879 3260 932 καὶ
3290 879 3724 949 περισκελίζοντες

2175 973 2274 1043 τὴν
2320 974 2522 1044 ψυχήν.
2564 973 2622 1026 Ὁ
2657 973 2765 1045 γὰρ
2816 971 3154 1034 πολύπλοκος
3201 972 3441 1035 διάϐολος
3479 972 3608 1042 ἔχων
3638 974 3725 1044 μά-

2178 1083 2318 1134 γανα
2345 1105 2359 1130 ,
2411 1067 2508 1120 καί
2547 1065 2779 1138 τρίθυρα
2828 1066 2922 1118 καὶ
2968 1063 3240 1117 ποικιλίαν
3280 1064 3498 1134 πολλὴν,
3532 1066 3724 1134 κατέχει

2178 1155 2277 1215 τὰς
2307 1155 2478 1225 νομάς
2506 1153 2606 1224 τῆς
2632 1153 2815 1225 ψυχῆς
2844 1154 2939 1207 καὶ
2960 1155 3088 1216 τοὺς
3115 1152 3430 1222 λογισμοὺς,
3456 1154 3546 1208 καὶ
3569 1155 3657 1208 οὐκ
3677 1158 3730 1226 ἐᾷ

2178 1246 2354 1314 ὀρθῶς
2399 1246 2800 1318 προσεύχεσθαι
2847 1245 2942 1298 καὶ
2981 1245 3368 1316 προσεγγίζειν
3398 1245 3535 1316 θεῷ,
3570 1247 3730 1317 ἐπειδὴ

2180 1335 2320 1406 αὐτὴ
2365 1337 2397 1405 ἡ
2428 1333 2590 1403 φύσις
2622 1334 2914 1405 κοινωνικὴ
2950 1335 3064 1387 ἐστι
3097 1334 3205 1386 τῶν
3232 1333 3501 1404 δαιμόνων
3530 1336 3617 1387 καί
3642 1335 3730 1388 τῶν

2181 1427 2508 1496 πνευμάτων
2537 1427 2636 1496 τῆς
2662 1424 2948 1496 πονηρίας,
3004 1425 3204 1495 ὁμοίως
3251 1427 3345 1477 καὶ
3375 1424 3631 1493 ἀγγέλων,
3657 1426 3732 1478 καὶ

2182 1519 2502 1588 Πνεύματος
2555 1519 2712 1585 ἁγίου
2740 1534 2753 1594 ξ
2793 1517 2922 1580 ναός
2955 1517 3074 1569 ἐστι
3105 1517 3200 1568 τοῦ
3233 1517 3482 1580 Σατανᾶ,
3517 1518 3606 1570 καὶ
3627 1517 3733 1578 ναὸς

2179 1611 2272 1665 τοῦ
2317 1611 2470 1680 ἁγίου
2503 1609 2842 1680 Πνεύματος.
2879 1609 3080 1662 Λοιπὸν
3120 1607 3494 1676 ἐπισκέψασθε
3523 1609 3608 1660 τὸν
3631 1607 3734 1660 νοῦν

2183 1705 2357 1774 ὑμῶν,
2394 1703 2634 1770 ἀδελφοὶ,
2671 1701 2812 1765 τίνος
2847 1702 2968 1754 ἐστὲ
2997 1700 3266 1764 κοινωνοί,
3293 1699 3565 1769 ἀγγέλων,
3591 1700 3619 1771 ἦ
3643 1700 3736 1752 δαι-

2185 1795 2388 1864 μόνων;
2411 1792 2552 1855 τίνος
2583 1793 2705 1845 ἐστὲ
2727 1791 2872 1858 ναὸς,
2894 1793 3208 1862 οἰκητήριον
3253 1791 3411 1858 Θεοῦ,
3436 1791 3468 1862 ἦ
3491 1791 3735 1857 διαϐόλου;

2194 1885 2261 1938 Ἦ
2290 1885 2486 1957 καρδία
2514 1883 2669 1936 ποίου
2702 1881 2979 1953 θησαυροῦ
3013 1883 3381 1953 μεμέστωται,
3402 1884 3500 1951 τῆς
3525 1883 3736 1954 χάριτος,

2181 1978 2214 2046 ἥ
2267 1976 2361 2030 τοῦ
2409 1973 2660 2043 Σατανᾶς
2703 1975 2915 2046 Ὥσπερ
2958 1973 3053 2029 οῦν
3105 1974 3285 2028 οίκῖαν
3337 1975 3738 2046 μεμεστωμένην

2180 2071 2447 2135 δυσωδίας
2497 2070 2590 2124 καὶ
2637 2069 2912 2141 κοπρίας,
2965 2069 3073 2139 χρὴ
3123 2067 3330 2138 ταύτην
3373 2066 3740 2136 καθαρισθῆναι

2179 2159 2243 2215 τὸ
2273 2163 2412 2227 ὅλον,
2450 2163 2543 2215 καί
2569 2161 2937 2231 κοσμηθῆναι,
2973 2161 3066 2212 καὶ
3094 2157 3452 2230 πληρωθῆναι
3483 2158 3653 2227 πάσης
3670 2155 3742 2209 εὑ-

2181 2253 2350 2316 ωδίας
2402 2252 2497 2305 καί¹
2545 2249 2864 2321 θησαυρῶν,
2915 2249 3056 2302 ὥστε
3108 2249 3335 2319 Πνεῦμα
3393 2249 3547 2316 ἆγιον
3593 2247 3743 2299 ἐλθεῖν

2183 2346 2305 2401 ἀντὶ
2331 2344 2425 2398 τοῦ
2449 2345 2683 2409 Σατανᾶ,
2709 2344 2800 2396 καὶ
2829 2343 3217 2412 ἐπαναπαῆναι
3243 2342 3323 2406 είς
3349 2340 3447 2405 τὰς
3470 2340 3637 2412 ψυχὰς
3653 2338 3742 2392 τῶν

2185 2435 2552 2509 Χριστιανῶν.

2257 2530 2343 2582 K'.
2386 2528 2532 2598 Πλὴν
2579 2526 2682 2580 οὐκ
2713 2526 2872 2590 εὐθύς
2899 2543 2984 2590 τις
3014 2526 3252 2589 ἀκούσας
3279 2525 3438 2595 λόγον
3464 2522 3593 2578 Θεοῦ
3612 2564 3625 2588 ,
3661 2522 3744 2593 ἤδη

2186 2625 2379 2695 γέγονε
2407 2623 2502 2676 τοῦ
2533 2623 2741 2692 ἀγαθοῦ
2773 2623 2994 2694 μέρους.
3031 2621 3095 2673 El
3127 2619 3235 2691 γὰρ
3269 2619 3386 2690 ἅμα
3417 2618 3494 2690 τῷ
3521 2615 3743 2679 ἀκοῦσαι,

2188 2717 2435 2786 ἐγίγνετο
2467 2715 2562 2769 τοῦ
2591 2714 2795 2785 ἀγαθοῦ
2825 2713 3048 2784 μέρους,
3073 2712 3258 2766 οὐκέτι
3286 2711 3353 2765 ἂν
3378 2708 3522 2784 ἦσαν
3542 2709 3744 2778 ἀγῶνες,

2187 2813 2220 2884 ἢ
2256 2811 2440 2882 καιροὶ
2469 2809 2746 2879 πολέμων,
2779 2809 2812 2879 ἦ
2845 2809 3073 2878 δρόμος’
3112 2805 3226 2860 ἀλλ’
3250 2806 3577 2877 ἀκαμάτους,
3599 2805 3642 2856 εί
3665 2800 3745 2873 μό-

2190 2919 2277 2954 νον
2307 2901 2559 2972 ῆκουσεν,
2593 2895 2754 2970 ἦλθεν
2787 2898 2852 2953 ἂν
2884 2899 2965 2974 είς
2991 2897 3341 2974 ,κατάπαυσιν
3392 2895 3489 2950 καὶ
3509 2895 3574 2949 τά
3593 2893 3744 2946 τέλεια

2193 2993 2388 3063 μέτρα,
2420 2992 2532 3061 Οὐχ
2557 2989 2730 3052 οὕτως
2756 2989 2813 3042 δέ
2837 2991 2950 3041 ἐστι
2979 2987 3047 3042 τά
3105 2987 3434 3059 πράγματα.
3465 2981 3746 3056 Περιαιρεῖς

2190 3084 2298 3155 γὰρ
2330 3083 2390 3136 τὸ
2418 3081 2630 3152 θέλημα
2659 3080 2757 3133 τοῦ
2785 3080 2880 3134 ἀνθ
2892 3078 3096 3152 ρὼπόυ,
3134 3077 3290 3131 τοῦτο
3319 3077 3520 3147 λέγων,
3555 3073 3643 3128 καὶ
3667 3070 3745 3142 τὴν

2115 3191 2158 3248 ο
2191 3172 2483 3228 ἀντίπαλον
2508 3169 2735 3242 δύναμιν
2776 3171 2836 3223 οὐ
2865 3171 3042 3238 λέγεις
3068 3167 3205 3222 εἶναι
3232 3169 3564 3222 παλαίουσαν
3583 3164 3651 3234 τῷ
3665 3161 3742 3232 νῷ.

2211 3263 2400 3336 Ἦμείς
2427 3263 2485 3317 δὲ
2517 3261 2674 3317 τοῦτό
2700 3278 2901 3334 φαμεν,
2933 3263 3014 3315 ὅτι
3043 3263 3071 3315 ὁ
3102 3245 3316 3314 ἀκούων
3339 3259 3520 3328 λόγον,
3556 3258 3744 3328 ἔρχεται

2195 3359 2274 3421 είς
2303 3350 2615 3420 κατάνυξιν,
2643 3357 2737 3408 καὶ
2763 3344 2902 3424 μετὰ
2925 3353 3085 3406 τοῦτο
3107 3351 3544 3420 ὑποστελλούσης
3564 3350 3656 3418 τῆς
3668 3344 3745 3415 χά-

2199 3465 2346 3521 ριτος
2379 3446 2500 3500 κατ’
2530 3445 2843 3515 οἰκονομίαν
2868 3443 3005 3512 προς
3026 3443 3086 3496 τὸ
3109 3442 3390 3511 συμφέρον
3411 3440 3487 3510 τῷ
3509 3436 3742 3508 ἀνθρώπῳ

2195 3539 2503 3610 εἰσέρχεται
2535 3539 2615 3600 είς
2640 3536 2950 3606 γυμνασίαν
2980 3534 3075 3588 καὶ
3099 3533 3349 3587 παιδείαν
3381 3533 3634 3602 πολέμου,
3666 3525 3743 3580 καὶ

2197 3630 2344 3682 ποιεῖ
2378 3627 2552 3697 πάλην
2583 3625 2678 3679 καὶ
2705 3624 2892 3692 ἀγῶνα
2928 3624 3065 3694 πρὸς
3090 3624 3182 3678 τὸν
3208 3623 3479 3690 Σατανᾶν,
3511 3620 3601 3675 καὶ
3630 3615 3741 3684 μετὰ

2195 3717 2393 3773 πολλοῦ
2419 3717 2622 3788 δρόμου
2649 3715 2747 3769 καὶ
2769 3715 2980 3782 ἀγῶνος
3008 3715 3352 3784 ἀποφέρεται·
3369 3713 3440 3766 τὰ
3459 3710 3738 3780 νικητήρια,

2195 3811 2290 3866 καὶ
2337 3810 2545 3879 γίνεται
2580 3806 2923 3880 Χριστιανός.
2975 3805 3039 3860 Et
3080 3806 3188 3876 γάρ
3236 3819 3321 3868 τις
3352 3803 3564 3857 ἀκούων
3591 3800 3739 3871 μόνον,

2195 3900 2492 3969 ἀκαμάτως
2515 3898 2720 3966 ἐγίνετο
2741 3895 2834 3950 τοῦ
2857 3893 3082 3965 ἀγαθοῦ,
3106 3898 3196 3950 καί
3222 3898 3269 3950 οἱ
3293 3896 3586 3966 θεατρικοί,
3609 3891 3687 3944 καὶ
3704 3887 3742 3940 oi

2195 3993 2382 4061 πόρνοι
2418 3991 2617 4052 πάντες
2650 3989 2928 4060 μέλλουσιν
2957 3988 3210 4041 ἀπελθεῖν
3253 3990 3330 4051 εἰς
3369 3986 3633 4057 βασιλείαν
3670 3979 3741 4033 καὶ

2196 4084 2361 4155 ζωήν·
2400 4083 2515 4136 ἀλλ’
2539 4081 2716 4145 οὐδεὶς
2745 4082 2932 4144 αὐτοῖς
2959 4080 3120 4134 δώσει
3146 4080 3348 4150 ταύτην
3379 4081 3507 4134 ἄνευ
3529 4076 3740 4147 καμάτου

2199 4175 2292 4228 καί
2342 4173 2552 4240 ἀγῶνος
2577 4214 2592 4239 ,
2650 4170 2837 4242 ἐπειδὴ
2886 4171 3072 4237 στενή
3112 4171 3244 4225 ἐστι
3284 4170 3385 4224 καί
3417 4166 3739 4237 τεθλιμμένη

2197 4267 2238 4335 ἦ
2283 4266 2440 4330 ὁδός.
2497 4264 2576 4317 Δι’
2604 4263 2776 4333 αὐτῆς
2810 4263 2911 4333 τῆς
2939 4262 3200 4333 τραχείας
3231 4261 3349 4315 ὁδοῦ
3383 4263 3478 4316 καί
3506 4256 3739 4314 διοδεῦσαι

2197 4359 2304 4429 χρὴ
2326 4397 2341 4421 ,
2390 4357 2486 4410 καί
2531 4357 2860 4424 ὑπομεῖναι,
2902 4355 2997 4408 καίΙ
3025 4354 3298 4426 θλισῆναι,
3333 4355 3432 4408 καὶ
3461 4352 3624 4414 οὕτως
3648 4348 3740 4400 ela-

2199 4449 2374 4502 ελθεῖν
2399 4448 2486 4512 είς
2513 4447 2612 4520 τὴν
2639 4445 2806 4518 ζωήν.

2268 4637 2400 4695 KA'.
2436 4640 2498 4693 Εί
2529 4638 2638 4710 γὰρ
2673 4639 2802 4695 ἀνευ
2829 4643 3077 4712 καμάτου
3105 4641 3182 4717 ἦν·
3195 4647 3557 4720 κατορθῶσαι,
3585 4643 3737 4700 οὐκέτι

2197 4729 2344 4793 λίθος
2375 4733 2805 4802 προσκόμματος
2838 4735 2934 4788 καί
2965 4735 3140 4807 πέτρα
3169 4739 3468 4793 σκανδάλου
3495 4736 3558 4811 ἦν
3581 4739 3736 4806 ὁΧρι·

2200 4823 2537 4892 στιανισμδς,
2574 4824 2697 4878 οὔτε
2729 4825 2909 4888 πίστις
2933 4827 3028 4881 καὶ
3052 4829 3298 4894 ἀπιστία,
3322 4835 3494 4895 ποιεῖς
3511 4832 3562 4885 δὲ
3583 4826 3735 4882 λοιπὸν

2196 4915 2292 4967 καὶ
2324 4915 2414 4967 τὸν
2446 4915 2736 4985 ἄνθρωπον
2765 4917 2917 4971 δετὸν
2938 4961 2952 4982 ,
2990 4922 3260 4990 ἄτρεπτον
3291 4925 3371 4987 είς
3400 4924 3461 4976 τὸ
3485 4919 3670 4992 ἀγαθόν
3687 4931 3733 4968 τε

2195 5004 2291 5057 καί
2319 5005 2508 5059 κακόν.
2539 5006 2628 5075 Τῷ
2651 5007 2758 5077 γὰρ
2782 5007 3064 5081 δυναμένῳ
3088 5015 3363 5082 τραπῆναι
3389 5016 3467 5076 είς
3489 5011 3732 5082 ἀμφότερα

2190 5093 2260 5146 τὰ
2301 5093 2442 5164 μέρη
2465 5132 2480 5158 ν
2535 5095 2700 5165 νόμος
2731 5097 2938 5151 δέδοται
2960 5142 2974 5167 ,
3021 5100 3098 5172 τῷ
3136 5101 3312 5171 ἔχοντι
3341 5103 3401 5155 τὸ
3426 5101 3728 5166 αὐτεξούσιον

2191 5186 2415 5255 ποιῆσαι
2449 5185 2685 5256 πόλεμον
2734 5189 2872 5258 πρὸς
2911 5193 3010 5259 τὴν
3055 5193 3305 5246 ἐναντίαν
3339 5193 3579 5265 δύναμιν.
3613 5189 3724 5256 Δετῇ

2191 5278 2304 5348 γὰρ
2339 5276 2499 5347 φύσει
2532 5281 2698 5349 νόμος
2729 5281 2787 5333 οὑ
2821 5283 3034 5336 κεῖται·
3087 5283 3210 5337 οὔτε
3242 5286 3352 5358 γὰρ
3387 5289 3414 5340 ὁ
3441 5288 3602 5358 ἣλιος,
3631 5279 3730 5334 οὔτε

2192 5372 2221 5422 ὁ
2248 5371 2476 5440 οὐρανὸς
2527 5375 2624 5426 καὶ
2666 5376 2700 5444 ἡ
2742 5374 2815 5444 γῆ
2851 5377 3303 5448 νενομοθέτηται,
3344 5379 3523 5448 ἐπειδὴ
3550 5378 3609 5430 τὰ
3631 5370 3726 5427 κτί-

2193 5479 2374 5532 σματα
2406 5465 2565 5536 δετῆς
2591 5469 2697 5519 είσι
2725 5467 2962 5535 φύσεωςο
2990 5469 3112 5522 ὅθεν
3139 5470 3262 5525 οῦτε
3287 5476 3440 5544 τιμῇ,
3468 5470 3579 5524 οὔτε
3599 5463 3729 5521 κολάο

2193 5571 2277 5607 σει
2308 5556 2650 5611 ὑπόκεινται.
2695 5559 2760 5612 Ἦ
2791 5561 2898 5630 γὰρ
2931 5562 3065 5634 τιμὴ
3100 5565 3193 5617 καὶ
3226 5565 3257 5634 ή
3288 5564 3412 5632 δόξα
3441 5562 3722 5635 ἡτοίμασται

2190 5645 2270 5716 τῷ
2295 5649 2620 5720 τρεπομένῳ
2653 5650 2733 5713 είς
2761 5649 2821 5705 τὸ
2843 5651 3067 5720 ἀγαθόν’
3111 5652 3272 5710 πάλιν
3301 5653 3357 5709 δὲ
3389 5655 3423 5724 ἡ
3450 5653 3623 5722 γέεννα
3648 5641 3722 5700 καὶ
