3966 6428
225 389 336 452 709

1419 379 1788 442 HOMILL’E.
1822 406 1894 416 -·
1931 378 2119 441 HOM.
2151 377 2422 437 XXVIII.

3414 374 3518 441 710

225 500 266 572 ἡ
301 498 528 562 κόλασις
552 495 725 565 ταύτῃ
751 496 818 565 τῇ
846 495 1053 564 τρεπτῇ
1079 491 1241 560 φύσει
1265 490 1619 562 ἡτοίμασται,
1645 491 1711 558 τῇ
1734 487 1821 540 δυ-

1932 484 2076 541 enim
2103 495 2160 540 et
2184 486 2356 556 gloria
2381 497 2684 557 praeparata
2714 497 2801 544 est
2845 488 2919 552 ei,
2944 489 3092 556 quod
3132 490 3381 544 converti
3416 506 3520 559 po-

228 592 445 664 ναμένῃ
467 590 772 658 ἀποφυγεῖν
796 587 858 639 τὸ
877 585 1053 640 κακὸν
1067 625 1082 649 ,
1129 585 1224 639 καὶ
1251 583 1412 653 ῥέψαι
1438 583 1519 645 είς
1539 581 1600 635 τὺ
1620 579 1824 648 ἀγαθὸν

232 684 337 739 καὶ
382 682 561 748 δεξιὸν
609 681 796 751 μέρος.
835 679 968 733 Ἰδοὺ
999 677 1175 744 λέγεις
1203 675 1364 730 αὑτὸν
1394 674 1558 744 δετῆς
1585 673 1822 741 φύσεως.

235 775 456 838 Λοιπὸν,
479 775 569 828 τὸν
590 773 792 839 ἀγαθὸν
814 771 1102 841 ἄνθρωπον
1124 770 1187 823 οὐ
1208 771 1382 832 ποιεῖς
1402 767 1552 832 ἄξιον
1575 764 1826 818 ἐπαίνου.

241 867 306 920 '0
320 867 429 936 γὰρ
445 865 552 918 ἀπὸ
572 863 785 933 φύσεως
805 862 1041 934 χρηστὸς
1060 861 1156 915 καὶ
1172 861 1374 930 ἀγαθὸς
1393 861 1493 913 οὐκ
1510 857 1658 911 ἔστιν
1673 855 1829 908 ὲπαίυ

226 974 328 1011 νου
347 955 515 1021 ἄξιος,
540 956 588 1007 εἰ
613 955 706 1008 καὶ
728 954 1066 1025 ὲπιθυμητός
1094 956 1264 1007 ἐστιν.
1287 952 1364 1005 Οὐ
1387 951 1495 1021 γὰρ
1517 948 1824 1012 ἐπαινετὸν,

227 1049 282 1101 εί
313 1048 408 1101 καὶ
439 1045 803 1117 ἐπιθυμητὸν,
837 1047 898 1099 τὸ
928 1047 1002 1116 μὴ
1030 1047 1348 1116 προαιρέσει
1377 1043 1602 1112 ἀγαθόν.
1638 1042 1818 1094 Ἐκεῖ-

226 1154 325 1199 νος
353 1136 462 1207 γάρ
496 1136 645 1188 ἐστιν
687 1135 911 1189 ἐπαίνου
947 1135 1134 1199 ἄξιος,
1185 1136 1215 1188 6
1267 1133 1374 1204 ἰδία
1421 1133 1627 1201 σπουδῇ
1681 1129 1818 1200 μετὰ

227 1229 444 1293 ἀγῶνος
477 1229 574 1282 καὶ
599 1228 780 1298 πάλης
808 1225 1207 1296 ἐπανελόμενος
1240 1227 1303 1279 τὸ
1325 1224 1529 1294 ἀγαθὸν
1559 1221 1819 1286 αὐτεξου-

227 1322 352 1374 σίου
380 1323 776 1392 προαιρέσεως.

1932 585 2041 633 test
2061 577 2130 632 ad
2176 577 2383 632 bonum
2421 595 2436 630 :
2483 593 2515 632 e
2545 579 2768 633 diverso
2784 593 2917 632 vero
2943 579 3194 648 gehenna
3222 587 3280 634 et
3308 580 3521 648 suppli-

1933 669 2080 724 cium
2105 669 2289 724 eidem
2327 671 2580 726 mutabili
2626 679 2838 726 naturae
2873 680 3240 740 praeparatum
3270 681 3374 738 est,
3395 687 3522 742 quae

1932 776 2132 830 nempe
2156 769 2339 830 potest
2365 763 2579 817 evitare
2605 763 2810 817 malum
2829 802 2843 824 ,
2870 778 2933 818 ac
2958 779 3187 832 vergere
3217 763 3284 819 ad
3314 765 3518 819 bonam

1927 861 1984 908 et
2003 852 2252 908 dextram
2271 864 2505 923 partem.
2525 857 2668 910 Ecce
2693 857 2896 912 asseris
2913 871 3040 911 eum
3061 857 3242 928 ligatae
3267 865 3477 912 naturae
3499 873 3514 912 :

1933 943 2143 1000 bonum
2199 959 2333 1016 ergo
2360 946 2542 1000 virum
2581 962 2692 1001 non
2734 948 3028 1003 constituis
3065 947 3230 1002 laude
3266 948 3516 1019 dignum.

1927 1036 2033 1103 Qui
2063 1037 2215 1092 enim
2261 1053 2293 1092 a
2331 1047 2530 1093 natura
2560 1041 2720 1110 110
2744 1049 3067 1096 mansuetus
3097 1057 3161 1096 ac
3193 1041 3372 1096 bonus
3411 1052 3516 1105 est,

1925 1144 2036 1183 non
2057 1131 2162 1184 erit
2179 1130 2339 1185 laude
2361 1130 2579 1201 dignus,
2621 1132 2873 1202 quamvis
2888 1136 2958 1188 sit
2973 1133 3378 1188 desiderabilis.
3397 1133 3519 1188 Non

1926 1221 2074 1296 enim
2107 1222 2410 1288 laudabile,
2443 1223 2573 1278 licet
2599 1223 2993 1290 desiderabile,
3027 1224 3176 1294 quod
3207 1239 3319 1278 non
3346 1232 3519 1278 estex

1927 1315 2214 1382 proposito
2262 1315 2490 1370 bonum.
2523 1315 2619 1370 Ille
2647 1317 2796 1371 enim
2838 1317 3001 1372 laude
3039 1317 3240 1388 dignus
3281 1327 3386 1381 est,
3421 1316 3518 1388 qui

224 1416 456 1488 proprio
475 1415 658 1472 studio
684 1430 794 1469 non
833 1413 1043 1484 absque
1060 1413 1362 1469 certamine
1386 1429 1450 1468 ac
1469 1428 1651 1484 pugna
1673 1410 2023 1481 amplectitur
2050 1411 2199 1478 quod
2217 1411 2423 1466 bonum
2457 1412 2747 1479 est,libera
2761 1412 2980 1468 arbitrii
2997 1415 3280 1469 voluntate
3297 1414 3518 1467 ductus.

306 1514 436 1566 KB'.
499 1513 712 1581 ’Ὠσπερ
773 1511 904 1564 ὅταν
1047 1508 1367 1580 παρεμϐολὴ
1416 1509 1684 1574 Περσῶν,
1738 1507 1821 1560 καὶ

2009 1505 2176 1560 XXII.
2224 1507 2464 1562 Perinde
2514 1521 2579 1562 ac
2608 1507 2653 1562 si
2702 1507 2774 1561 sit
2820 1508 2967 1562 acies
3001 1505 3295 1562 Persarum
3351 1517 3519 1576 atque

225 1605 560 1676 παρεμὼλὴ
624 1603 950 1674 Ῥωμαίων,
1005 1604 1101 1657 καὶ
1151 1601 1441 1667 ὲξέλοωσιν
1496 1603 1600 1657 ἀπ’
1649 1602 1821 1657 αὐτῶν

1932 1597 2077 1652 acies
2106 1598 2502 1664 Romanorum,
2551 1608 2717 1669 atque
2758 1599 3032 1669 prodeant
3079 1614 3148 1653 ex
3195 1599 3262 1653 iis
3291 1598 3519 1667 pennati

226 1699 504 1771 πτερωτοὶ
558 1698 653 1751 δύο
699 1699 971 1752 νεανίσκοι
1024 1697 1364 1766 ἱσοδύναμοι,
1419 1697 1514 1751 καὶ
1559 1696 1821 1766 ποιήσωσι

1932 1687 2312 1744 adolescentes
2348 1689 2479 1756 duo,
2521 1690 2738 1744 viribus
2789 1690 3048 1758 aequales,
3076 1693 3171 1760 qui
3209 1691 3359 1746 lucta
3385 1707 3521 1745 con-

224 1793 410 1862 πὰλην
441 1809 458 1824 ο
541 1791 714 1856 οὕτως
773 1793 807 1862 ἠ
851 1791 1146 1854 ἀντίπαλος
1200 1791 1430 1860 δύναμις
1479 1793 1573 1842 καὶ
1629 1790 1657 1841 6
1703 1786 1821 1850 νοῦς

1932 1778 2195 1847 tendant;
2230 1781 2306 1835 ita
2341 1781 2655 1837 adversaria
2687 1791 2932 1852 potestas
2959 1792 3017 1838 et
3042 1798 3200 1838 mens
3222 1799 3410 1854 aequas
3436 1783 3522 1837 vi-

224 1886 418 1956 ἔχουσι
461 1885 523 1937 τὸ
568 1886 858 1955 ἰσόρροπον
895 1883 1014 1937 κατ’
1054 1883 1329 1953 ἀλλήλωνο
1382 1881 1475 1935 καὶ
1512 1882 1612 1952 τὴν
1648 1881 1821 1933 ίσοδυ-

1932 1886 2023 1926 res
2045 1871 2304 1928 obtinent
2331 1873 2599 1928 adversus
2629 1889 2688 1929 se
2726 1875 2962 1930 invicem
2997 1893 3010 1929 :
3037 1891 3102 1932 ac
3131 1891 3318 1945 parem
3347 1876 3520 1930 facul-

188 1976 435 2047 νναμίαν
475 1971 590 2047 ἔχει
639 1976 669 2028 6
708 1975 954 2037 Σατανᾶς
1006 1974 1100 2027 τοῦ
1154 1971 1558 2044 προτρέπεσθαι
1605 1969 1697 2023 καὶ
1731 1986 1826 2023 κο-

219 2066 482 2122 λακεύειν
518 2066 618 2136 τὴν
651 2061 830 2135 ψυχὴν
867 2066 948 2126 είς
985 2064 1047 2116 τὸ
1073 2063 1203 2116 ίδιον
1227 2062 1468 2133 θέλημαο
1504 2061 1599 2114 καὶ
1623 2062 1657 2131 ή
1677 2059 1826 2131 ψυχὴ

222 2160 412 2231 πάλην
453 2160 566 2230 ἔχει
600 2159 696 2212 τοῦ
728 2157 1063 2226 ἀντιλέγειν,
1099 2157 1195 2209 καὶ
1229 2157 1288 2209 ὲν
1323 2155 1514 2226 μηδενὶ
1542 2154 1691 2225 αὐτῷ
1717 2155 1826 2207 ὐπ-

223 2251 477 2306 ακούειν.
510 2251 923 2320 Προτρεπτικαὶ
949 2250 1059 2319 γάρ
1087 2251 1225 2301 εἰσιν
1253 2249 1309 2300 αἱ
1341 2246 1648 2317 ἀμφότεραι
1669 2245 1828 2298 δυνά·

229 2361 356 2414 μεις
381 2343 476 2396 τοῦ
498 2359 557 2394 τε
587 2341 760 2396 κακοῦ
787 2341 884 2394 καὶ⁵
905 2340 998 2393 τοῦ
1023 2339 1254 2409 ἀγαθοῦ,
1279 2339 1379 2391 οὐκ
1404 2336 1824 2405 ἀναγκαστικαί.

223 2439 312 2509 Τῇ
348 2432 442 2490 οὖν
486 2437 712 2506 τοιαύτῃ
759 2433 1079 2506 προαιρέσει
1124 2432 1328 2485 δίδοται
1373 2430 1492 2483 Θεία
1521 2427 1824 2500 ἀντίληψις,

225 2533 327 2585 καὶ
359 2531 583 2584 δύναται
612 2530 919 2583 παλαίουσα
949 2527 1138 2581 λαϐεῖν
1163 2528 1306 2580 ὅπλα
1338 2527 1397 2592 ἐξ
1423 2523 1658 2596 οὐρανοῦ
1679 2564 1694 2589 ,
1730 2525 1828 2575 καὶ

220 2624 300 2678 δι’
328 2623 510 2677 αὐτῶν
559 2622 857 2691 ὲκριζῶσαι
893 2621 989 2673 καὶ
1018 2619 1244 2689 νικῆσαι
1273 2618 1372 2688 τὴν
1399 2616 1700 2687 ἁμαρτίαν.
1753 2615 1828 2667 Τὸ

227 2716 334 2788 μὲν
363 2714 472 2787 γὰρ
500 2713 800 2782 ἀντιλέγειν
828 2715 893 2782 τῇ
923 2712 1167 2781 ἁμαρτίᾳ
1195 2710 1416 2764 δύναται
1444 2713 1476 2778 ἠ
1500 2710 1666 2780 ψυχὴ,
1697 2708 1826 2762 ἄνευ

223 2810 287 2861 δὲ
320 2807 454 2861 Θεοῦ
484 2809 702 2878 νικῆσαι
731 2805 762 2874 ἢ
789 2803 1084 2875 ὲκριζῶσαι
1115 2804 1175 2855 τὺ
1195 2803 1366 2856 κακὸν
1395 2803 1453 2854 οὐ
1486 2802 1729 2856 δύναται.
1761 2801 1824 2853 Ol

222 2900 287 2953 δὲ
317 2899 570 2967 λέγοντες
603 2899 702 2968 τὴν
733 2895 1011 2967 ἁμαρτίαν
1038 2890 1179 2949 εἶναι
1205 2895 1282 2957 ὡς
1304 2894 1538 2962 γίγαντα
1557 2895 1824 2961 γενναῖον,

223 2993 327 3047 καὶ
356 2991 455 3062 τὴν
482 2991 661 3060 ψυχὴν
693 2990 769 3052 ὡς
799 2988 1012 3042 παιδίον
1036 3026 1051 3050 ,
1100 2986 1286 3048 κακῶς
1313 2986 1586 3054 λέγουσιν.
1626 2984 1688 3036 El
1717 2983 1827 3054 γὰρ

222 3083 404 3147 οὕτως
435 3083 555 3136 ἐστὶ
584 3081 654 3134 τὰ
681 3081 988 3152 πράγματα
1017 3079 1270 3148 ἀνόμοια,
1300 3077 1376 3140 ὡς
1401 3076 1566 3144 γίγας
1594 3076 1828 3146 ἡὰμαρ-

223 3175 343 3240 τία,
381 3174 477 3228 καὶ
509 3174 582 3236 ὡς
613 3173 828 3226 παιδίον
858 3174 892 3242 ἡ
917 3171 1086 3242 ψυχὴ,
1119 3170 1305 3233 ἄδικος
1333 3172 1362 3222 6
1391 3169 1710 3239 νομοθέτης,
1741 3169 1827 3222 νό-

1932 1970 2100 2017 tatem
2143 1964 2312 2018 habet
2343 1964 2578 2024 Satanas
2623 1966 2960 2021 adhortandi
2992 1977 3049 2022 et
3075 1967 3354 2022 alliciendi
3399 1968 3520 2021 ani-

1930 2069 2075 2109 mam
2107 2055 2175 2109 ad
2208 2055 2552 2111 voluntatem
2595 2071 2776 2122 suam,
2805 2067 2971 2128 atque
3009 2061 3194 2113 anima
3226 2075 3256 2114 e
3295 2060 3517 2114 diverso

1930 2161 2169 2216 pugnam
2199 2146 2388 2212 habet,
2425 2155 2484 2200 ut
2504 2149 2867 2215 contradicat,
2894 2149 3030 2205 etin
3058 2152 3208 2206 nulla
3243 2166 3304 2206 re
3337 2152 3388 2206 ei
3417 2153 3520 2207 ob-

1929 2239 2217 2302 sequatur.
2241 2234 2641 2290 Exhortatione
2666 2238 2814 2292 enim
2832 2239 3061 2294 excitari
3085 2249 3319 2310 possunt
3341 2243 3518 2298 amba:

1929 2323 2240 2391 facultates,
2295 2335 2411 2380 tum
2455 2327 2525 2381 ad
2567 2327 2798 2395 bonum,
2836 2337 2953 2384 tum
3011 2331 3080 2385 ad
3116 2331 3361 2400 malum,
3403 2346 3516 2390 non

1932 2415 2414 2484 tamen1compelli.
2459 2415 2602 2472 Huic
2627 2418 2798 2488 igitur
2827 2418 3020 2474 liberae
3044 2421 3305 2476 electioni
3349 2420 3514 2474 datur

1931 2501 2117 2557 divina
2167 2505 2543 2559 remuneratio
2563 2545 2577 2569 ,
2608 2515 2902 2577 potestque
2950 2508 3269 2564 dimicando
3295 2524 3518 2565 sumere

1929 2608 2078 2647 arma
2105 2593 2174 2648 de
2221 2595 2384 2659 caelo,
2411 2605 2579 2666 atque
2609 2613 2807 2652 eorum
2839 2598 3109 2655 beneficio
3133 2600 3419 2655 eradicare
3452 2617 3518 2657 ac

1929 2699 2199 2754 superare
2230 2697 2545 2756 peccatum.
2575 2688 2972 2747 Contradicere
2995 2693 3143 2747 enim
3173 2702 3402 2763 peccato
3425 2711 3520 2764 po-

1931 2786 2039 2830 test
2068 2777 2294 2847 quidem
2348 2779 2576 2835 anima:
2625 2783 2744 2838 sine
2778 2783 2892 2838 Deo
2933 2799 3068 2839 vero
3112 2800 3377 2855 superare
3422 2794 3520 2843 aut

1929 2871 2237 2939 exstirpare
2295 2872 2491 2928 vitium
2559 2875 2772 2945 nequit.
2851 2877 3053 2933 Verum
3106 2880 3203 2950 qui
3261 2889 3518 2935 asserunt

1929 2972 2219 3031 peccatum
2251 2979 2377 3021 esse
2413 2967 2565 3021 velut
2608 2975 2897 3024 strenuum
2933 2969 3234 3041 gigantem,
3275 2973 3516 3028 animam

1929 3067 2061 3108 vero
2106 3054 2260 3110 velut
2319 3056 2607 3126 pusillum,
2658 3073 2952 3128 perperam
3009 3060 3225 3117 dicunt.
3262 3062 3318 3117 Si
3365 3065 3516 3118 enim

1930 3148 2070 3204 adeo
2095 3160 2283 3206 esseut
2331 3167 2422 3207 res
2467 3152 2792 3217 dissimiles,
2836 3163 2898 3211 ut
2929 3168 3221 3226 peccatum
3258 3160 3332 3214 sit
3367 3161 3521 3217 velut

227 3286 333 3339 μον
376 3265 622 3332 δεδωκὼς
669 3266 749 3338 τῷ
797 3265 1074 3338 ἀνθρώπῳ
1122 3266 1299 3318 ποιεῖν
1340 3263 1518 3334 πάλην
1561 3262 1699 3334 πρὸς
1732 3263 1824 3316 τὸν
1849 3247 1890 3304 C
1925 3245 2096 3339 gigas,
2135 3247 2321 3302 anima
2358 3263 2494 3303 vero
2519 3250 2671 3304 velut
2697 3250 2952 3320 pusillus,
2998 3252 3224 3324 iniquus
3261 3265 3406 3311 esset
3436 3258 3521 3312 le-

223 3361 500 3416 Σατανᾶν.

301 3557 430 3614 Kl".
489 3551 658 3622 Οὗτος
705 3556 762 3611 δέ
813 3561 961 3612 ἐστιν
1009 3558 1037 3610 6
1080 3555 1329 3626 θεμέλιος
1376 3555 1474 3624 τῆς
1518 3555 1655 3627 πρὸς
1690 3554 1821 3608 Θεὸν

223 3653 375 3719 ὁδοῦ,
410 3654 473 3706 τὸ
511 3655 571 3706 ὲν
619 3654 865 3723 ὑπομονῇ
912 3650 1106 3718 πολλῇ,
1143 3652 1199 3702 ἐν
1230 3648 1439 3712 ἐλπίδι,
1477 3649 1536 3700 ἐν
1566 3664 1820 3700 ταπεινο-

227 3745 476 3816 φροσύνῃ
501 3786 514 3807 ,
570 3745 628 3796 ὲν
680 3742 927 3813 πτωχείᾳ
972 3741 1307 3811 πνεύματος,
1347 3741 1405 3792 ἐν
1439 3737 1708 3808 πραότητι
1742 3738 1820 3790 δι-

222 3827 433 3890 οδεύειν
463 3836 560 3907 τὴν
586 3835 704 3889 ὁδὸν
728 3836 831 3905 τῆς
859 3834 1026 3904 ζωῆς,
1052 3834 1145 3887 καὶ
1169 3833 1257 3885 διὰ
1279 3831 1485 3885 τούτων
1509 3830 1818 3900 κτήσασθαι

224 3929 455 3984 δύναταί
502 3945 585 3992 τις
632 3927 732 3998 τὴν
774 3926 1123 3996 δικαιοσύνην
1161 3928 1220 3978 ἐν
1252 3923 1449 3994 ἑαυτῷ.
1483 3923 1731 3991 Λέγομεν
1762 3923 1820 3976 δὲ

223 4019 582 4090 δικαιοσύνην
639 4019 800 4074 αὑτὸν
829 4019 920 4071 τὸν
941 4017 1169 4089 Κύριον.
1195 4008 1368 4070 Αὗται
1394 4015 1503 4085 γὰρ
1530 4015 1586 4068 αί
1608 4013 1820 4068 ἐντολαὶ

225 4108 403 4176 οὕτως
451 4111 890 4182 προστάσσουσαι
915 4151 930 4176 ,
970 4109 1158 4180 ὥσπερ
1213 4107 1364 4179 μίλιὰ
1401 4108 1507 4160 εἰσι
1551 4107 1820 4176 στήκοντα

225 4204 328 4258 καὶ
351 4205 570 4272 ,σημεῖα
603 4202 703 4271 τῆς
734 4199 1022 4271 βασιλικῆς
1049 4197 1170 4252 ὀδοῦ
1194 4241 1208 4265 ,
1259 4196 1570 4265 ἀναγούσης
1611 4198 1690 4259 είς
1718 4196 1820 4265 τὴν

226 4295 554 4368 ἐπουράνιον
581 4292 736 4347 πόλιν
765 4292 891 4356 τοὺς
913 4291 1268 4354 διοδεύοντας.
1293 4290 1457 4357 Λέγει
1479 4287 1818 4358 γὰρ,Μα)ιά·

221 4406 348 4460 piat
386 4390 441 4442 οὶ
483 4387 707 4456 πτωχοὶ
748 4385 828 4451 τῷ
868 4385 1180 4454 πνεύματι,
1203 4381 1481 4453 μακάριοι
1512 4383 1564 4436 οἱ
1587 4379 1816 4450 πραεῖς,

221 4476 506 4550 μακάριοι
537 4480 590 4531 οἱ
613 4474 944 4545 ἐλεήμονες
970 4514 987 4539 ,
1033 4473 1313 4543 μακάριοι
1348 4474 1402 4525 οἱ
1430 4472 1814 4539 εἰρηνοποιοί.

224 4573 433 4624 Τοῦτον
461 4564 582 4622 εἷπε
626 4565 1075 4638 Χριστιανισμόν.
1125 4565 1188 4617 El
1223 4563 1281 4616 δέ
1313 4578 1396 4625 τις
1424 4561 1593 4632 ταύτῃ
1622 4564 1686 4632 τῇ
1713 4561 1817 4630 ὁδῷ
1848 4592 1893 4647 D

224 4663 291 4717 οὐ
335 4661 595 4724 διοδεύει,
657 4659 844 4728 ἀνοδίᾳ
881 4655 1243 4727 πεπλάνηται,
1279 4653 1431 4722 κακῷ
1465 4649 1699 4722 Οεμελίῳ
1731 4651 1818 4705 κέ·

223 4769 446 4825 χρηται.
486 4753 622 4818 Δόξα
655 4753 768 4815 τοῖς
799 4751 1106 4821 οίκτιρμοῖς
1139 4746 1372 4817 Πατρδς,
1409 4745 1502 4797 καὶ
1536 4743 1689 4809 Υἱοῦ,
1724 4745 1818 4797 καὶ

222 4847 382 4917 ἁγίου
406 4846 744 4918 Πνεῦματος,
780 4847 860 4906 είς
888 4845 1013 4907 τοὺς
1041 4841 1260 4903 αἰῶνας.
1300 4839 1491 4908 Ἀμήν.

813 4957 1060 5011 OMIAIA
1093 4955 1231 5009 KH'.

221 5053 539 5124 Διαγρὰφει
562 5051 660 5124 καὶ
684 5049 1044 5124 ἀποδύρεξται
1060 5047 1230 5124 αὕτη.
1250 5045 1286 5111 ἡ
1311 5042 1816 5124 ᾀμιλίαιτὴνρχέι·

295 5115 496 5195 φοράν
524 5123 635 5190 τῆς
663 5115 891 5195 nunc;
927 5119 1029 5195 ὅτε
1050 5117 1148 5195 διρι
1172 5116 1286 5195 τὴν
1312 5116 1609 5195 ἀμαρῖίςςν
1696 5115 1815 5167 K15—

287 5183 425 5265 βιός
453 5195 563 5247 οὐκ
583 5183 1048 5265 ὀὶλὶεῖ’ξὲν”ιιι)τῇ.
1081 5188 1202 5265 [Sal
1235 5183 1368 5265 περὶ
1400 5186 1505 5239 τοῦ
1533 5183 1814 5264 Ἰωᾴννου

294 5254 416 5319 Ζτοῦ
454 5261 800 5318 Bruttiani)
823 5301 837 5324 ,
895 5260 985 5311 ὅτι
1017 5254 1233 5320 οὐδεὶς
1263 5256 1333 5308 ἑν
1364 5254 1676 5324 γεννητοῖς
1708 5272 1815 5323 γυ-

296 5333 523 5390 ναικῶν
553 5332 741 5387 αὑτοῦ
761 5330 977 5401 μείζων
1003 5327 1157 5381 ἐστί.

296 5452 380 5506 A'.
417 5450 632 5520 ’Ὠσπερ
661 5445 940 5517 ὀργισθεὶς
969 5445 997 5496 ὁ
1024 5442 1156 5505 Θεός
1186 5457 1317 5493 ποτε
1349 5439 1643 5501 Ἰουδαίοις,
1679 5455 1821 5509 παρ-

1926 3338 2154 3407 gislator
2189 3339 2285 3409 qui
2330 3340 2507 3411 legem
2539 3343 2666 3397 tulit
2695 3342 2932 3410 homini,
2979 3353 3041 3400 ut
3090 3362 3330 3419 pugnam
3370 3349 3520 3404 ineat

1926 3426 2194 3483 adversus
2227 3429 2510 3486 Satanam.

1998 3517 2193 3574 XXIII.
2225 3520 2342 3574 Hoc
2368 3531 2557 3576 autem
2580 3533 2666 3578 est
2681 3523 3103 3581 fundamentum
3126 3527 3228 3582 vim
3253 3534 3319 3583 ad
3343 3530 3515 3584 Deum

1924 3609 2276 3677 deducentis,
2327 3613 2384 3668 in
2428 3615 2721 3670 tolerantia
2749 3619 2944 3682 multa,
2978 3619 3034 3672 in
3075 3634 3194 3688 spe,
3232 3621 3287 3674 in
3332 3622 3518 3678 humi.-

1922 3700 2100 3768 litate,
2128 3703 2184 3756 in
2215 3714 2542 3774 paupertate
2561 3708 2809 3776 spiritus,
2837 3710 2894 3763 in
2925 3713 3351 3770 mansuetudine
3369 3718 3514 3772 viam

1921 3793 2048 3850 vitae
2079 3810 2408 3866 peragrare;
2451 3806 2508 3852 et
2541 3799 2742 3853 borum
2794 3801 3066 3857 beneﬁcio
3099 3805 3223 3874 quis
3264 3807 3516 3865 obtinere

1922 3893 2106 3956 potest
2128 3887 2406 3957 justitiam
2439 3888 2497 3942 in
2539 3905 2598 3944 se
2636 3891 2758 3960 ipso
2789 3907 2804 3945 :
2839 3891 3081 3948 dicimus
3127 3904 3312 3950 autem
3349 3899 3516 3969 justi-

1921 3979 2056 4032 tiam
2119 3979 2301 4049 ipsum
2333 3981 2647 4036 Dominum.
2693 3983 2820 4038 Ilaec
2872 3984 3022 4039 enim
3065 3988 3344 4056 mandata,
3391 4007 3514 4061 qua:

1921 4069 2073 4125 hunc
2102 4070 2158 4125 in
2188 4071 2413 4127 modum
2457 4073 2806 4144 praecipiunt,
2852 4086 2984 4130 sunt
3011 4085 3268 4148 tanquam
3300 4081 3513 4150 lapides

1921 4161 2165 4219 miliares
2193 4163 2306 4230 ﬁxi,
2348 4174 2404 4220 et
2423 4165 2578 4236 signa
2603 4166 2766 4237 regiae
2795 4167 2897 4223 vite
2922 4209 2937 4233 ,
2958 4168 3287 4227 deducentis
3306 4173 3376 4227 ad
3402 4189 3513 4230 cce-

1919 4255 2114 4310 lestem
2154 4256 2435 4313 civitatem
2457 4259 2884 4317 inambulantes.
2914 4260 3099 4332 Inquit
3131 4264 3280 4320 enim
3308 4283 3321 4319 :
3355 4265 3510 4322 Beati

1920 4364 2180 4419 pauperes
2221 4351 2446 4420 spiritu;
2490 4350 2644 4406 Beati
2689 4354 2877 4419 mites;
2910 4353 3064 4409 Beati
3109 4357 3508 4425 misericordes;

1919 4439 2073 4495 Beati
2102 4443 2313 4512 paciﬁci
2345 4444 2412 4497 ³ο.
2459 4442 2619 4500 lIunc
2641 4443 2816 4499 dicito
2843 4460 2965 4500 esse
2994 4445 3504 4507 Christianismum.

1922 4531 1978 4587 Si
2007 4549 2138 4589 vero
2160 4535 2286 4606 quis
2309 4535 2414 4590 hac
2441 4536 2530 4590 via
2553 4549 2664 4590 non
2688 4536 3014 4602 inambulet,
3039 4553 3137 4607 per
3161 4539 3320 4596 devia
3337 4551 3507 4608 errat,

1923 4626 2066 4680 malo
2107 4626 2471 4683 fundamento
2506 4642 2661 4684 usus.
2700 4627 2887 4685 Gloria
2934 4631 3388 4690 miserationibus
3408 4635 3510 4690 Pa-

1924 4718 2044 4784 tris,
2074 4729 2128 4774 et
2154 4719 2300 4786 Filii,
2337 4730 2394 4776 et
2412 4720 2652 4792 Spiritus
2683 4722 2862 4776 sancti
2896 4723 2954 4776 in
2984 4725 3206 4779 saecula.
3237 4730 3432 4782 Amen.

2429 4951 2717 5008 IIOMILIA
2764 4952 3005 5007 XXVIII.

1920 5045 2176 5100 Describit
2219 5061 2281 5098 ac
2311 5043 2555 5113 deplorat
2586 5045 2694 5098 hwc
2724 5044 2943 5097 humilia
2973 5043 3336 5113 calamitatem
3383 5048 3506 5100 aui-

1991 5131 2111 5179 mw,
2147 5118 2213 5184 in_
2231 5131 2337 5183 qua
2364 5112 2580 5184 propter
2605 5123 2877 5183 peccatum
2898 5130 3000 5166 non
3022 5114 3227 5167 habitat
3245 5112 3500 5169 Christus.

1993 5186 2060 5239 Et
2092 5187 2155 5238 de
2179 5182 2390 5238 Joanne
2418 5182 2840 5254 Baptista,quod
2876 5185 3016 5237 inter
3044 5193 3198 5238 natos
3220 5184 3505 5239 mulierum

1993 5256 2171 5310 nullus
2203 5271 2263 5308 eo
2288 5257 2358 5308 sit
2387 5254 2582 5323 major.
2976 5278 2985 5282 -

1990 5433 2032 5487 Ι.
2083 5430 2562 5500 Quemadmodum
2603 5430 2765 5501 olim}
2791 5431 2940 5486 Deus
2985 5431 3235 5487 infensus
3299 5431 3506 5486 Iudaeis

220 5545 247 5600 ἐ
261 5544 398 5596 εωκε
428 5541 528 5614 τὴν
563 5537 924 5611 Ἰερουσαλὴμ
953 5538 1031 5600 είς
1059 5535 1122 5588 τὸ
1153 5532 1427 5604 προφανὲς
1459 5529 1696 5601 ἐχθροῖς,
1721 5530 1817 5583 καὶ

1932 5523 2151 5579 tradidit
2179 5523 2490 5579 Jerusalem
2523 5523 2581 5576 in
2606 5523 2984 5592 spectaculum
3012 5524 3286 5589 hostibus,
3323 5532 3379 5578 et
3407 5523 3508 5577 do-

222 5632 516 5704 ἐκυρίευον
561 5629 740 5684 αὐτῶν
790 5629 842 5681 oi
889 5625 1172 5699 μισοῦντες
1218 5625 1450 5688 αὐτοὺς,
1497 5622 1592 5674 καὶ
1622 5621 1724 5673 οὐκ
1748 5616 1816 5690 ἦν

1932 5617 2119 5671 minati
2139 5625 2268 5670 sunt
2301 5615 2359 5670 in
2385 5629 2503 5680 eos,
2536 5615 2632 5684 qui
2662 5615 2894 5670 oderant
2924 5614 3070 5680 illos,
3097 5631 3201 5670 nec
3235 5625 3354 5680 erat
3385 5630 3510 5668 am-

224 5723 311 5782 ἔει
358 5725 475 5778 ἐκεῖ
512 5721 674 5796 ἑορτὴ
694 5761 711 5788 ,
767 5719 892 5774 οὔτε
924 5716 1240 5791 προσφοράο
1281 5715 1422 5770 οὕτω
1452 5713 1547 5770 καὶ
1573 5714 1640 5785 τῇ
1669 5713 1815 5782 ψυχῇ

1932 5708 2069 5779 plius
2124 5707 2202 5763 ibi
2231 5706 2458 5776 festum,
2490 5723 2674 5778 neque
2709 5706 2960 5764 oblatio:
3007 5705 3090 5765 sic
3114 5707 3282 5765 etiam
3329 5708 3506 5764 iratus

295 5863 345 5896 ὀ
377 5860 573 5919 Matth.
596 5875 652 5928 ν,
674 5860 709 5915 2
731 5872 852 5929 seq.
