3966 6430
492 356 592 422 711

1748 361 1807 420 S.
1852 359 2174 419 MACARII
2215 361 2541 424 IEGYPTII

3634 370 3718 435 712

492 469 711 533 animm,
744 476 971 537 propter
1022 467 1524 538 transgressionem
1557 468 1824 533 mandati,
1855 470 2068 525 tradidit

2186 474 2482 542 ὀργισθεὶς,
2506 476 2595 530 διὰ
2618 475 2717 548 τὴν
2738 493 2813 530 πα
2824 477 3054 547 ράϐασιν
3077 477 3177 549 τῆς
3198 480 3254 532 ἐν
3272 479 3432 551 .ολῆς,
3447 482 3718 553 παρέδωκεν

489 574 613 614 eam
663 557 940 623 hostibus,
990 557 1338 614 daemonibus
1380 567 1437 613 et
1490 559 1885 614 affectionibus
1929 578 1943 614 :
1985 561 2080 630 qui

490 665 617 705 cum
635 650 717 705 sic
738 650 1090 705 seduxissent
1111 666 1257 715 eam,
1282 651 1504 720 penitus
1520 666 1642 706 eam
1662 650 2077 706 deformarunt:

488 757 595 796 nec
631 742 871 810 amplius
908 741 1025 795 illic
1052 749 1170 795 erat
1199 740 1423 805 festum,
1452 756 1557 796 nec
1607 740 1920 807 incensum,
1973 757 2080 797 nec

485 834 695 887 oblatio
725 849 825 903 per
874 848 998 888 eam
1054 835 1168 888 Deo
1194 834 1559 899 offerebatur,
1597 835 1824 904 repletis
1872 835 1925 889 in
1971 835 2079 891 viis

486 926 950 997 insignibusejus
981 926 1116 981 diris
1140 926 1271 981 feris
1292 968 1305 991 ,
1328 941 1393 981 ac
1454 927 1745 997 reptilibus
1788 927 2079 999 spiritibus

486 1018 542 1070 in
574 1033 639 1071 ea
666 1016 1098 1072 diversantibus.
1147 1018 1216 1071 Et
1247 1017 1718 1087 quemadmodum
1762 1018 1983 1085 domus,
2028 1019 2074 1075 si

484 1117 670 1165 careat
705 1109 933 1163 domino
980 1108 1353 1175 inhabitante,
1401 1111 1680 1177 tenebras,
1713 1112 1974 1181 probrum
2010 1129 2077 1169 ac

483 1202 879 1257 contumeliam
925 1201 1126 1268 induit,
1178 1202 1551 1273 sordibusque
1598 1219 1662 1259 ac
1708 1213 1957 1260 stercore
1989 1222 2078 1261 re-

482 1298 698 1367 pletur;
732 1297 812 1352 sic
859 1312 1078 1366 quoque
1126 1298 1309 1352 anima
1339 1299 1606 1354 destituta
1666 1300 1903 1355 Domino
1949 1316 2071 1365 suo,

482 1405 609 1444 cum
655 1389 872 1458 angelis
924 1390 979 1442 in
1030 1405 1090 1444 se
1118 1390 1484 1457 tripudiante,
1535 1392 1779 1447 tenebris
1833 1394 2069 1462 peccati,

481 1480 830 1550 turpitudine
868 1480 1227 1537 atl‘ectionum
1261 1493 1429 1554 atque
1463 1484 1616 1539 omni
1646 1485 1948 1553 ignominia
1978 1501 2070 1543 re-

478 1574 687 1644 pletur.

547 1668 615 1724 ll.
648 1669 739 1724 Vae
766 1667 892 1733 viae,
926 1667 972 1723 si
1001 1683 1168 1723 nemo
1214 1668 1272 1723 in
1321 1682 1387 1723 ea
1434 1669 1713 1737 ambulet,
1744 1687 1849 1727 nec
1880 1671 2072 1728 audiat

476 1762 536 1817 in
577 1778 643 1817 ea
674 1776 866 1817 vocem
912 1760 1190 1816 hominis!
1234 1760 1368 1831 quia
1399 1763 1814 1831 receptaculum
1842 1770 1929 1819 est
1972 1762 2071 1818 be-

477 1854 732 1909 stiarum.
775 1853 867 1908 Vae
904 1853 1124 1917 animm,
1153 1853 1201 1907 si
1237 1868 1349 1907 non
1400 1852 1647 1908 ambulet
1698 1854 1755 1908 in
1786 1870 1850 1909 ea
1881 1856 2068 1910 Domi-

476 1962 607 2011 nus,
631 1956 801 2015 atque
837 1961 975 2001 voce
1009 1961 1111 2001 sua
1153 1945 1309 2014 fuget
1331 1962 1399 2000 ex
1422 1961 1488 2001 ea
1523 1945 1844 2015 spirituales
1874 1947 2069 2016 nequi-

476 2039 568 2095 tiae
601 2038 839 2093 bestias!
873 2038 966 2093 Va:
1000 2038 1214 2103 domui,
1249 2036 1297 2092 si
1336 2052 1447 2093 non
1478 2037 1740 2093 dominus
1763 2053 1884 2093 eam
1910 2037 2070 2093 inha-

476 2130 647 2188 bitetl
671 2130 762 2186 Vae
787 2144 966 2195 terras,
994 2131 1149 2200 111
1176 2130 1223 2185 si
1246 2130 1508 2196 caruerit,
1529 2130 1623 2199 qui
1648 2139 1904 2186 exerceat
1922 2145 2065 2195 eam,

475 2222 714 2277 colono!
754 2222 844 2276 Vae
873 2224 1024 2287 navi,
1060 2224 1107 2277 si
1139 2222 1477 2277 destituatur
1494 2222 1894 2292 gubernatore,
1922 2237 2066 2292 quo-

476 2315 628 2369 niam
676 2312 942 2369 ﬂuctibus
972 2322 1030 2369 et
1074 2323 1400 2383 tempestate
1444 2314 1613 2368 maris
1650 2313 1851 2384 jactata
1892 2314 2063 2384 perit!

480 2407 570 2462 Va:
598 2407 817 2471 animae,
845 2421 974 2460 cum
1012 2421 1206 2461 verum
1234 2406 1662 2476 gubernatorem
1694 2404 1979 2460 Christum
2010 2406 2068 2460 in

473 2513 534 2552 se
566 2513 678 2551 non
713 2498 1004 2551 habuerit!
1036 2496 1299 2566 quoniam
1354 2496 1411 2550 in
1463 2498 1666 2551 acerbo
1707 2496 2067 2551 tenebrarum

475 2591 615 2645 mari
634 2590 861 2660 degens,
896 2598 955 2644 et
990 2589 1250 2644 ﬂuctibus
1281 2589 1641 2643 aﬂ'ectionum
1677 2597 1959 2658 quassata,
1986 2599 2069 2643 at-

472 2696 585 2751 que
613 2696 644 2735 a
668 2681 959 2751 spiritibus
992 2696 1253 2750 nequam,
1278 2680 1432 2734 velut
1479 2680 1705 2733 hiemali
1736 2688 2069 2750 tempestate

468 2774 695 2845 iactata,
732 2773 956 2829 tandem
977 2774 1265 2827 interitum
1299 2772 1686 2840 consequitur.
1712 2772 1804 2828 Va:
1844 2773 2065 2838 animae,

475 2868 521 2923 si
558 2867 827 2933 caruerit,
878 2866 975 2937 qui
1023 2867 1244 2921 excolat
1274 2865 1425 2919 illam
1456 2864 1775 2935 diligenter,
1818 2864 2064 2931 Christo,

475 2965 537 3012 ut
569 2958 745 3011 bonos
773 2956 990 3011 fructus
1019 2955 1262 3026 Spiritus
1290 2955 1600 3025 producere
1642 2955 1853 3025 possit!
1900 2956 2057 3025 quia,

2101 1826 2143 1880 Β

475 3066 604 3106 eum
630 3052 706 3105 sit
757 3050 1001 3112 deserta,
1045 3048 1221 3119 spinis
1246 3063 1310 3102 ac
1349 3048 1569 3102 tribulis
1606 3049 1793 3117 plena,
1841 3048 2067 3104 tandem

473 3147 826 3201 exuStionem
864 3145 1007 3216 ignis
1035 3160 1137 3215 pro
1166 3144 1351 3199 fructu
1380 3143 1642 3213 producit
1672 3159 1737 3197 ac
1776 3145 2066 3214 consequi-
2093 3179 2137 3239 ο

475 3247 590 3293 tur.
632 3237 723 3291 Vae
745 3235 966 3298 animat,
1016 3234 1062 3293 si
1104 3249 1217 3288 non
1250 3233 1516 3288 habuerit
1554 3233 1851 3288 Dominum
1897 3249 2058 3289 suum

472 3328 757 3385 Christum
787 3327 844 3381 in
872 3342 931 3381 se
967 3326 1341 3382 habitantem!
1378 3324 1528 3396 quia,
1552 3340 1678 3379 cum
1718 3325 1790 3379 sit
1819 3324 2059 3392 deserta,

474 3438 541 3478 ac
590 3420 767 3482 fetore
799 3418 1158 3475 atl‘ectionum
1184 3425 1411 3484 scateat,
1436 3416 1808 3473 diversorium
1847 3418 2065 3473 exsistit

472 3516 762 3571 vitiorum.

544 3699 634 3755 lll.
669 3697 1146 3765 Quemadmodum
1188 3696 1337 3753 enim
1378 3696 1659 3761 colonum,
1705 3694 1751 3750 si
1795 3695 2047 3766 accingat

475 3810 533 3849 se
555 3792 622 3847 ad
640 3791 999 3846 excolendam
1021 3803 1244 3856 terram,
1266 3796 1485 3859 oportet
1510 3789 1880 3844 instrumenta
1901 3796 2067 3857 atque

476 3882 803 3938 indumenta
846 3881 914 3937 ad
962 3881 1238 3936 culturam
1286 3877 1648 3934 accommoda
1686 3893 1909 3934 sumere
1942 3895 1956 3932 :
1990 3878 2065 3932 ita

473 3976 749 4040 Christus,
794 3989 892 4028 rex
937 3973 1031 4027 ille
1077 3972 1319 4028 caelestis
1351 3987 1419 4025 ac
1450 3987 1619 4027 verus
1658 3971 1920 4041 agricola,
1962 3987 2062 4026 ve—

475 4069 636 4123 niens
681 4067 749 4122 ad
783 4065 1087 4122 desolatam
1129 4079 1227 4134 per
1268 4064 1464 4118 vitium
1508 4063 1934 4129 humanitatem,
1980 4078 2071 4117 as-

476 4169 697 4229 sumpto
742 4172 996 4226 corpore,
1035 4172 1101 4211 ac
1151 4171 1250 4225 pro
1278 4156 1648 4211 instrumento
1683 4170 1906 4210 erucem
1933 4169 2070 4224 por-

479 4248 669 4321 tando,
689 4247 931 4303 excoluit
960 4245 1200 4301 animam
1222 4244 1519 4307 desertam,
1540 4251 1596 4297 et
1614 4257 1683 4296 ex
1701 4258 1767 4298 ea
1790 4242 2069 4312 decerpsit

478 4340 667 4412 spinas
714 4348 771 4394 et
824 4337 1060 4392 tribulos
1114 4351 1410 4406 pravorum
1459 4335 1780 4404 spirituum,
1835 4342 1892 4390 et
1939 4334 2068 4389 lolia

474 4432 692 4505 peccati
746 4431 987 4495 evulsit,
1033 4439 1200 4498 atque
1241 4442 1405 4483 omne
1469 4427 1659 4481 fenum
1715 4435 2069 4496 peccatorum

2185 566 2358 637 αὐτὴν
2390 570 2502 632 τοῖς
2530 569 2766 640 ἐχθροῖς,
2799 569 3019 641 δαίμοσί
3045 589 3104 624 τε
3137 572 3230 625 καὶ
3260 572 3470 625 πάθεσι·
3501 574 3587 626 καὶ
3606 576 3724 630 οὕτω

2184 658 2564 729 πλανήσαντες
2609 661 2816 730 αὐτὴν,
2867 662 3091 727 τελείως
3131 666 3421 733 ἠφάνισαν,
3459 666 3546 718 καὶ
3573 668 3723 722 οὐκέτι

2181 744 2250 819 ἦν
2292 751 2411 805 ἐκεῖ
2460 750 2585 806 οὔτε
2623 753 2807 824 ἑορτὴ,
2849 753 2975 807 οὔτε
3009 754 3289 826 θυμίαμα,
3323 756 3444 809 οὔτε
3479 759 3726 829 προσφορὰ

2182 841 2247 895 δι’
2273 844 2445 912 αὐτῆς
2468 845 2548 917 τῷ
2571 845 2690 916 Θεῷ
2714 848 3180 918 ἀναπεμπομένη,
3205 849 3542 920 πλησθέντων
3563 853 3615 904 ἐν
3631 856 3726 916 ταῖς

2181 936 2321 1001 όδοῖς
2352 938 2462 992 τῶν
2490 942 2892 1011 γνωρισμάτων
2917 945 3087 1012 αὐτῆς
3112 943 3316 1013 θηρίων
3338 944 3540 1008 δεινῶν,
3558 948 3641 999 καὶ
3656 948 3728 1017 ἐρ-

2181 1030 2364 1085 πετῶν
2412 1034 2742 1103 πνευμάτων
2788 1035 3059 1106 πονηρίας
3101 1039 3160 1090 ἐν
3195 1038 3329 1108 αὐτῇ
3365 1038 3727 1095 καταλυόντων.

2181 1123 2294 1177 Καὶ
2342 1122 2532 1195 ὥσπερ
2579 1121 2728 1189 οἶκος
2756 1166 2771 1189 ,
2826 1128 2921 1180 ἐὰν
2973 1127 3048 1199 μὴ
3077 1128 3173 1200 ἔχῃ
3202 1128 3295 1181 τὸν
3322 1130 3579 1200 δεσπότην
3621 1148 3729 1184 κατ-

2180 1213 2437 1269 οικοῦντα
2458 1255 2476 1280 ,
2531 1216 2744 1281 σκότος,
2786 1217 2883 1270 καὶ
2911 1217 3161 1287 ἀτιμίαν,
3195 1220 3290 1272 καὶ
3320 1219 3473 1290 ὓϐριν
3494 1219 3728 1283 ἐνδύεται,

2179 1309 2274 1361 καὶ
2316 1308 2591 1380 ρυπαρίας
2639 1312 2736 1365 καὶ
2768 1312 3016 1382 κοπριῶν
3043 1311 3460 1382 ἐμπέπληειται⁹
3496 1312 3629 1368 οὕτω
3652 1313 3731 1366 καὶ

2176 1398 2323 1470 ψυχὴ
2376 1401 2409 1470 ή
2460 1402 2537 1471 μὴ
2586 1401 2789 1472 ἔχουσα
2832 1402 2926 1456 τὸν
2962 1403 3243 1472 Δεσπότην
3281 1402 3451 1471 αὐτῆς
3494 1403 3731 1473 μετὰτῶν

2176 1491 2427 1559 ἀγγέλων
2459 1494 2517 1546 ἐν
2543 1493 2709 1563 ἑαυτῇ
2737 1494 3059 1565 χορεύοντα,
3091 1494 3316 1558 σκότους
3339 1494 3622 1564 ἁμαρτίας,
3652 1498 3730 1549 καὶ

2177 1581 2440 1653 αἰσχύνης
2467 1584 2678 1645 παθῶν,
2715 1584 2811 1638 καὶ
2840 1583 3023 1655 πάσης
3053 1585 3279 1655 ἀτιμίας
3312 1584 3693 1655 ἐμπίμπλαται.

2247 1674 2323 1728 B'.
2362 1675 2499 1728 Οὐαὶ
2527 1675 2654 1747 ὁδῷ,
2688 1676 2785 1730 ἐάν
2819 1676 3009 1746 μηδεὶς
3042 1678 3099 1730 ἐν
3126 1677 3266 1748 αὐτῇ
3297 1680 3592 1748 περιπατῇ,
3616 1680 3728 1749 μήτε

2175 1764 2353 1839 ἀκούῃ
2384 1768 2441 1820 ἐν
2472 1767 2610 1838 αὐτῇ
2643 1768 2828 1837 φωνῆς
2856 1766 3148 1837 ἀνθρώπου
3180 1770 3192 1821 !
3255 1770 3336 1823 ὅτι
3374 1768 3731 1838 καταλυτήριον

2173 1856 2382 1928 θηρίων
2430 1858 2715 1929 τυγχάνει.
2775 1860 2914 1913 Οὐαὶ
2961 1859 3140 1930 ψυχῇ,
3176 1860 3379 1913 ὁπόταν
3413 1859 3487 1931 μὴ
3513 1859 3656 1930 ὁδεύῃ
3684 1860 3730 1911 ἐν

2173 1949 2312 2020 αὐτῇ
2346 1951 2376 2003 6
2400 1949 2607 2021 Κύριος
2627 1991 2641 2015 ,
2697 1951 2793 2005 καὶ
2822 1953 2888 2021 τῇ
2921 1954 3074 2022 φωνῇ
3101 1951 3268 2005 αὑτοῦ
3302 1952 3480 2022 φεύγῃ
3508 1951 3567 2016 ἐξ
3587 1952 3731 2022 αὐτῆς

2171 2041 2242 2095 τὰ
2293 2044 2643 2113 πνευματικά
2698 2042 2801 2111 τῆς
2846 2044 3113 2114 πονηρίας
3162 2044 3327 2115 θηρία
3364 2044 3539 2098 ίυῦαὶ
3575 2044 3730 2115 οἰκίᾳ,

2171 2134 2333 2188 ὁπότε
2364 2137 2393 2188 6
2413 2135 2683 2207 δεσπότης
2711 2137 2814 2188 οὐκ
2839 2138 2981 2190 οίκεῐ
3011 2138 3068 2190 ἐν
3095 2138 3231 2208 αὐτῇ
3266 2138 3277 2190 !
3318 2137 3455 2191 Οὐαὶ
3486 2136 3731 2209 γῇ,ὁπότε

2175 2226 2252 2295 μὴ
2300 2226 2417 2296 ἔχει
2484 2228 2577 2282 τὸν
2638 2228 3009 2299 ἐργαζόμενον
3065 2230 3239 2299 αὐτὴν
3286 2230 3579 2301 γεωργόνί
3617 2229 3731 2283 Οὐαὶ

2172 2315 2364 2386 πλοίῳ,
2397 2316 2600 2369 ὁπόταν
2638 2316 2712 2387 μὴ
2744 2315 2844 2388 Em
2871 2315 2962 2371 τὸν
2989 2316 3337 2389 κυϐερνήτην
3356 2359 3374 2387 ,
3408 2320 3490 2372 ὅτι
3519 2319 3619 2373 ἀπὺ
3640 2318 3733 2372 τῶν

2170 2408 2432 2476 κυμάτων
2487 2407 2583 2462 καὶ
2627 2407 2723 2461 τοῦ
2773 2408 2936 2461 σάλου
2985 2409 3086 2477 τῆς
3129 2409 3412 2481 θαλάσσης
3460 2412 3731 2481 φερόμενον

2170 2498 2497 2553 ἀπόλλυται.
2550 2499 2690 2551 Οὐαὶ
2716 2498 2886 2569 ψυχῇ,
2922 2499 3126 2553 ὁπόταν
3164 2498 3240 2569 μὴ
3265 2499 3365 2571 ἐχῃ
3396 2500 3485 2554 τὸν
3509 2499 3731 2570 ἀληθινὸν

2171 2589 2516 2660 κυϐερνήτην
2565 2590 2800 2659 Χριστὸν
2855 2593 2913 2643 ἐν
2961 2590 3103 2661 αὐτῇ
3157 2592 3169 2644 !
3207 2591 3289 2644 ὃτι
3324 2592 3384 2644 ἐν
3419 2594 3484 2662 τῇ
3517 2590 3730 2659 θαλάσσῃ

2170 2679 2268 2749 τῆς
2306 2679 2530 2750 πικρίας
2575 2678 2671 2732 τοῦ
2712 2679 2938 2743 σκότους
2978 2662 3355 2749 τυγχάνουσα,
3396 2681 3493 2734 καὶ
3527 2680 3625 2735 ὑπὸ
3651 2679 3729 2733 τοῦ

2172 2769 2338 2824 σάλου
2390 2769 2502 2824 τῶν
2549 2769 2743 2825 παθῶν
2789 2771 3182 2841 κυματουμένη
3204 2812 3221 2836 ,
3258 2773 3352 2826 καὶ
3388 2772 3493 2826 ὑπὸ
3520 2753 3623 2827 τῶν
3648 2789 3731 2825 πο-

2170 2865 2354 2935 νηρῶν
2387 2864 2718 2934 πνευμάτων
2750 2866 3128 2937 χειμαζομένη
3149 2906 3165 2931 ,
3202 2866 3264 2920 τὸ
3292 2867 3451 2931 τέλος
3485 2867 3731 2921 ἀπώλειαν

2170 2959 2392 3011 κτᾶται.
2431 2957 2570 3011 Οὐαὶ
2598 2956 2771 3028 ψυχῇ,
2807 2958 3012 3011 ὁπόταν
3048 2958 3124 3029 μὴ
3154 2957 3255 3032 ἔχῃ
3284 2959 3376 3012 τὸν
3401 2959 3733 3031 ἐργαζόμενον

2168 3050 2341 3120 αὐτὴν
2382 3049 2663 3119 ἐπιμελῶς
2702 3050 2960 3119 Χριστὸν,
2996 3051 3082 3104 ἵνα
3117 3052 3368 3121 καρποὺς
3396 3053 3626 3122 ἀγαθοὺς
3654 3050 3733 3106 τοῦ

2170 3142 2492 3213 Πνεύματος
2541 3144 2789 3210 ἐνεγκεῖν
2836 3142 3080 3213 δυνηθῇί
3122 3145 3205 3197 ὅτι
3240 3143 3449 3215 ἔρημος
3481 3145 3625 3211 οὖσα,
3655 3144 3734 3197 καὶ

2167 3236 2423 3291 ἀκανθῶν
2451 3237 2547 3290 καὶ
2574 3235 2844 3307 τριϐόλων
2878 3236 3075 3305 μεστὴ,
3104 3236 3169 3289 τὸ
3190 3236 3344 3301 τέλος
3371 3236 3563 3290 καῦσιν
3586 3235 3734 3306 πυρὸς

2168 3328 2505 3397 καρποῦται.
2536 3328 2676 3382 Οὐαὶ
2701 3327 2872 3398 ψυχῇ,
2900 3326 3106 3381 ὁπόταν
3140 3327 3215 3399 μὴ
3243 3328 3344 3401 ἔχῃ
3373 3329 3466 3382 τὸν
3489 3328 3733 3396 Δεσπότην

2168 3420 2341 3489 αὐτῆς
2388 3420 2626 3490 Χριστὸν
2677 3421 2738 3474 ἐν
2784 3421 2951 3490 ἐαυτῇ
2983 3420 3346 3475 κατοικοῦντα
3396 3424 3409 3477 !
3448 3422 3528 3476 ὅτι
3558 3421 3733 3492 ἕρημος

2168 3507 2303 3562 οὖσα
2338 3508 2432 3562 καὶ
2461 3509 2726 3573 δυσωδίας
2752 3509 2943 3565 παθῶν
2963 3510 3427 3582 ἐμπεπλησμένη,
3458 3509 3732 3581 καταλυτή-

2172 3616 2287 3671 ριον
2314 3600 2515 3664 κακίας
2544 3601 2826 3671 τυγχάνει.

2240 3694 2315 3747 Γ’.
2336 3693 2551 3765 ’Ὠσπερ
2582 3693 2690 3765 γὰρ
2708 3696 2734 3747 ὁ
2752 3696 2996 3765 γεωργὸς
3029 3696 3169 3750 ἐπὰν
3192 3695 3494 3769 πορεύηται
3517 3694 3730 3767 ἐργάσα-

2173 3785 2296 3839 σθαι
2329 3784 2427 3857 τὴν
2453 3787 2578 3857 γῆν,
2609 3786 2730 3841 δέον
2763 3788 2831 3841 τὰ
2862 3788 3137 3858 ἐργαλεῖα
3172 3807 3266 3842 και
3292 3790 3477 3859 άμφια
3504 3788 3629 3860 πρὸς
3651 3786 3733 3854 τὴν

2170 3877 2433 3949 ἐργασίαν
2464 3876 2787 3947 λαμϐάνειν,
2835 3878 3010 3943 οὕτως
3056 3881 3151 3932 κα)⁵
3191 3882 3220 3933 ὁ
3251 3880 3488 3951 Χριστὸς
3533 3879 3561 3932 ὁ
3591 3877 3727 3948 βασι-

2170 3967 2296 4031 λεὺς
2324 3968 2353 4019 ὁ
2382 3968 2705 4038 ἐπουράνιος
2738 3968 2832 4022 καὶ
2856 3969 3110 4040 ἀληθινὸς
3143 3970 3411 4041 γεωργὸς,
3437 3968 3603 4023 ἐλθὼν
3620 3965 3732 4036 πρὶς

2168 4060 2269 4131 τὴν
2302 4048 2684 4132 ἐρημωθεῖσαν
2722 4061 2827 4115 ὑπὸ
2856 4061 2959 4132 τῆς
2990 4063 3191 4127 κακίας
3227 4062 3640 4133 ἀνθρωπότητα,
3667 4060 3733 4111 tv-

2170 4150 2476 4222 δυσάμενος
2512 4153 2573 4206 τὸ
2616 4153 2778 4223 σῶμα
2819 4154 2914 4208 καὶ
2961 4155 3037 4218 ὼς
3075 4155 3354 4227 ἐργαλεῖον
3390 4155 3483 4208 τὸν
3528 4150 3730 4220 σταυρὸν

2173 4244 2475 4316 βαστάσας,
2509 4246 2805 4315 εἰργάσατο
2840 4247 2941 4317 τὴν
2970 4246 3177 4319 ἔρημον
3205 4246 3405 4318 ψυχὴν,
3445 4246 3537 4301 καλ⁸
3568 4244 3730 4298 ἐλαϐεν

2172 4334 2233 4401 ἐξ
2264 4337 2434 4408 αὐτῆς
2470 4337 2568 4400 τὰς
2610 4337 2857 4402 ἀκάνθας
2892 4339 2989 4393 καὶ
3028 4340 3315 4410 τριϐόλους
3354 4340 3466 4393 τῶν
3506 4334 3728 4409 πονηρῶν

2173 4428 2521 4498 πνευμάτων,
2570 4430 2664 4482 καὶ
2697 4429 2766 4483 τὰ
2801 4430 3019 4495 ζιζάνια
3049 4430 3148 4501 τῆς
3190 4431 3467 4502 ἁμαρτίας
3528 4426 3726 4495 ἐξέτιλε,

477 4526 605 4594 ejus
634 4522 748 4593 igni
773 4520 1080 4577 combussit
1112 4537 1127 4574 :
1164 4535 1405 4589 cumque
1437 4520 1519 4575 sic
1549 4518 1890 4574 exercuisset
1921 4518 2068 4572 illam

2175 4521 2273 4574 κα)⁵
2317 4520 2498 4575 πάντα
2527 4523 2721 4592 χόρτον
2768 4522 3185 4595 ἁμαρτημάτων
3220 4524 3395 4594 αὐτῆς
3459 4522 3590 4594 πυρὶ
3622 4535 3730 4574 κατ-

476 4621 629 4690 ligno
665 4612 1159 4686 crncis,plantavit
1190 4612 1248 4666 in
1278 4627 1343 4667 ea
1374 4610 1811 4681 pulcherrimum
1840 4610 2067 4663 hortum

478 4708 745 4781 Spiritus,
790 4706 973 4761 omnis
1009 4703 1231 4776 generis
1270 4701 1661 4757 suavissimum
1707 4711 1765 4755 et
1820 4697 2070 4770 gratissi-

475 4815 629 4857 mum
657 4799 897 4854 fructum
923 4797 1035 4851 Deo
1064 4794 1218 4850 velut
1250 4792 1482 4848 Domino
1506 4792 1926 4863 producentem.

547 4982 638 5038 Ν.
688 4980 759 5036 Ει
796 4980 941 5035 sicut
990 4979 1045 5033 in
1073 4975 1332 5047 AEgypto,
1369 4974 1572 5031 triduis
1597 4968 1845 5029 tenebris
1888 4972 2067 5035 factis.

475 5089 587 5129 non
616 5072 840 5127 videbat
883 5070 1029 5125 (ilius
1071 5077 1305 5139 patrem,
1334 5082 1436 5121 nec
1467 5066 1638 5121 frater
1677 5066 1926 5128 fratrem,
1968 5080 2071 5121 nec

477 5165 691 5222 atuicus
728 5164 1007 5218 sincerum
1059 5176 1125 5217 ac
1169 5175 1492 5231 germanum
1527 5158 1789 5223 amicum,
1825 5158 2071 5214 tenebris

481 5256 873 5314 obvelantibus
914 5270 1010 5309 eos
1065 5270 1081 5307 :
1137 5253 1217 5307 sic
1263 5258 1559 5323 postquam
1605 5250 1851 5305 Adamus
1887 5259 2071 5305 trans-

479 5364 702 5422 gressus
724 5355 809 5404 est
847 5345 1189 5410 mandatum,
1221 5352 1277 5399 et
1306 5360 1336 5398 a
1370 5343 1603 5414 pristina
1634 5342 1807 5412 gloria
1839 5341 2069 5405 excidit,

476 5458 544 5497 ac
578 5439 799 5510 spiritui
843 5437 1035 5492 mundi
1096 5436 1373 5491 obnoxius
1422 5447 1509 5491 est
1564 5435 1763 5502 factus,
1798 5434 2072 5489 velamine

479 5547 701 5602 quoque
728 5530 1082 5586 tenebrarum
1113 5528 1369 5582 veniente
1392 5526 1447 5581 in
1473 5527 1712 5582 animam
1733 5529 1873 5597 ejus,
1898 5525 2073 5595 ipsius

479 5624 663 5692 culpa,
712 5624 801 5679 vel
840 5620 1119 5692 usquead
1166 5629 1508 5690 postremum
1540 5619 1833 5684 Adamum,
1873 5633 2073 5687 nempe

479 5716 801 5782 Dominum,
842 5731 955 5769 non
983 5714 1211 5769 videbat
1254 5728 1453 5768 verum
1502 5714 1724 5768 Patrem
1764 5714 2069 5777 caelestem,

483 5806 687 5861 bonam
736 5822 801 5861 ac
850 5806 1145 5877 benignam
1196 5816 1450 5873 matrem,
1496 5805 1728 5878 gratiam
1791 5806 2068 5877 Spiritus;

2169 4613 2400 4668 έκαυσεο
2442 4617 2537 4669 καὶ
2566 4615 2741 4680 οὕτως
2772 4618 3151 4687 ἐργασάμενος
3186 4618 3359 4687 αὐτὴν
3388 4617 3466 4688 τῷ
3496 4615 3627 4685 ξύλῳ
3651 4608 3727 4664 τοῦ

2170 4704 2429 4777 σταυροῦ,
2450 4707 2750 4775 ἐφύτευσεν
2776 4710 2835 4762 ἐν
2865 4709 3002 4781 αὐτῇ
3028 4709 3120 4763 τὸν
3145 4709 3546 4778 παγκάλλιστον
3571 4704 3728 4774 παρὰ-

2168 4794 2346 4848 δεισον
2378 4797 2473 4850 τοῦ
2514 4797 2857 4869 Πνεύματος,
2892 4801 3073 4855 πάντα
3102 4800 3318 4872 καρπὸν
3344 4802 3479 4873 ἡδὺν
3513 4799 3601 4855 καὶ
3627 4800 3727 4849 ἐπι-

2170 4886 2413 4959 θυμητὸν
2444 4890 2682 4961 φέροντα
2705 4890 2782 4955 ὡς
2821 4893 3070 4966 Δεσπότῃ
3103 4893 3244 4965 Θεῷ.

2240 4983 2315 5034 Δ’.
2371 4981 2482 5035 Καὶ
2514 4981 2708 5053 ὥσπερ
2752 4985 2810 5037 ἐν
2854 4985 3119 5055 Αἰγύπτῳ
3174 4987 3481 5059 τριημέρου
3536 4983 3727 5039 σκότους

2169 5075 2486 5145 γενομένου,
2517 5077 2618 5129 οὐκ
2666 5075 2894 5130 ἔϐλεπεν
2929 5079 3043 5141 υίὸς
3080 5078 3319 5150 πατέρα,
3365 5079 3487 5133 οὔτε
3530 5071 3725 5140 ἀδελφὸς

2170 5164 2419 5235 ἀδελφὸν,
2449 5165 2573 5220 οὔτε
2613 5167 2768 5236 φίλος
2806 5169 3031 5239 γνήσιον
3062 5171 3247 5239 φίλον,
3281 5171 3376 5224 τοῦ
3412 5170 3622 5230 σκότους
3646 5179 3726 5217 κα·

2171 5257 2438 5327 λύψαντος
2473 5259 2672 5323 αὐτούς
2693 5277 2708 5292 ο
2742 5260 2885 5314 οὕτω
2928 5263 3022 5314 τοῦ
3079 5262 3251 5332 Ἀδάμ
3288 5262 3623 5333 παραϐάντος
3644 5255 3726 5321 τὴν

2172 5349 2415 5419 ἐντολὴν,
2448 5351 2541 5403 καὶ
2575 5352 2835 5415 πεσόντος
2869 5353 2978 5406 άπὸ
3015 5353 3118 5423 τῆς
3156 5355 3430 5426 προτέρας
3458 5351 3621 5421 δόξης,
3648 5343 3725 5400 καὶ

2173 5442 2280 5496 ὑπὸ
2314 5443 2378 5495 τὸ
2412 5443 2636 5514 πνεῦμα
2664 5444 2758 5498 τοῦ
2791 5446 2997 5515 κόσμου
3042 5446 3348 5515 γεγονότος,
3388 5447 3479 5499 καὶ
3516 5440 3603 5496 τοῦ
3639 5454 3722 5491 κα-

2174 5534 2464 5604 λύμματος
2506 5536 2602 5590 τοῦ
2645 5538 2872 5601 σκότους
2914 5538 3161 5601 ἐλθόντος
3203 5541 3261 5591 ἐν
3301 5543 3368 5611 τῇ
3412 5538 3549 5609 ψυχῇ
3578 5526 3719 5587 αὑτοῦ

2173 5626 2269 5679 ἀπ’
2298 5626 2485 5693 αὑτοῦ,
2512 5629 2607 5681 καὶ
2634 5629 2799 5701 μέχρι
2822 5631 2918 5684 τοῦ
2946 5631 3177 5702 ἐσχάτου
3211 5632 3382 5703 Ἀδὰμ
3403 5631 3492 5684 τοῦ
3520 5623 3717 5696 Κυρίου.

2173 5719 2274 5773 οὐκ
2299 5718 2495 5772 ἔϐλεπε
2528 5720 2621 5774 τὸν
2641 5720 2893 5791 ἀληθινὸν
2921 5724 3145 5795 Πατέρα
3171 5724 3263 5778 τὸν
3289 5724 3610 5795 ἐπουράνιον,
3639 5709 3718 5766 καὶ

2172 5811 2271 5883 τὴν
2297 5811 2509 5885 ἀγαθὴν
2536 5814 2631 5867 καὶ
2648 5814 2894 5887 χρηστὴν
2923 5817 3138 5890 μητέρα
3164 5818 3263 5891 τὴν
3286 5819 3445 5891 χάριν
3466 5814 3551 5869 τοῦ
3572 5801 3717 5865 Πνεῦ-
