3966 6440
248 438 355 507 713

1397 442 1774 508 HOMILI/B.
1800 471 1872 487 υ-
1904 426 2403 510 Houxxvm;

3433 447 3537 512 714

254 573 445 627 ματος,
482 555 579 610 καὶ
616 555 710 610 τὸν
739 552 946 625 γλυκὺν
978 555 1073 611 καὶ
1112 554 1451 626 ποθούμενον
1492 558 1723 628 ἀδελφὸν
1751 558 1843 612 τὸν

1958 560 2164 615 lulcem
2199 576 2264 615 ac
2294 558 2671 616 desideratum
2697 558 2949 627 fratrem,
2977 558 3304 627 Dominum;
3328 560 3540 619 amicos

250 650 494 719 Κύριον,
559 649 816 712 καὶτοὺς
867 648 1055 717 φίλους
1114 649 1209 702 καὶ
1259 651 1520 721 γνησίους
1570 652 1842 721 ἀγγέλους

249 742 464 813 ἁγίους,
499 742 619 813 μεθ’
663 736 739 796 ὧν
782 742 969 813 ἔχαιρε
1014 741 1259 814 χορεύων
1305 744 1400 797 καὶ
1438 743 1733 815 ἑορτάζων.
1766 746 1840 799 Ού

256 838 416 906 μόνον
442 835 500 888 δὲ
531 836 637 899 ἕως
660 834 754 888 τοῦ
788 836 1018 906 ἐσχάτου
1054 835 1247 906 Ἀδὰμ,
1277 836 1393 889 ἀλλ’
1414 836 1606 890 έτικαὶ
1638 836 1733 891 νῦν
1758 839 1843 906 ἐφ’

251 928 347 990 οὓς
386 928 487 980 ούκ
518 927 794 981 ἀνέτειλεν
827 928 856 980 6
887 927 1039 998 ἥλιος
1070 926 1169 997 τῆς
1199 927 1551 999 δικαιοσύνης
1585 929 1841 999 Χριστὸς,

252 1021 349 1073 καὶ
386 1012 461 1073 ὧν
487 1021 589 1073 οὐκ
627 1020 926 1091 ἠνοίγησαν
974 1021 1022 1073 οἱ
1055 1020 1156 1090 τῆς
1196 1020 1373 1091 ψυχῆς
1412 1022 1705 1091 ὀφθαλμοὶ,
1735 1021 1845 1077 ἀπὸ

250 1110 348 1165 τοῦ
380 1110 637 1182 ἀληθινοῦ
666 1112 847 1181 φωτὸς
868 1110 1255 1179 φωτισθέντες,
1281 1112 1386 1166 ὑπὸ
1407 1113 1467 1166 τὸ
1500 1114 1630 1168 αὐτὸ
1654 1114 1846 1179 σκότος

250 1202 665 1274 τῆςάμαρτίας
684 1203 766 1257 ἔτι
791 1204 1145 1274 τυγχάνουσι,
1183 1204 1283 1275 τὴν
1310 1204 1481 1277 αὐτὴν
1501 1205 1609 1259 τῶν
1641 1205 1846 1277 ἡδονῶν

252 1294 541 1365 ἐνέργειαν
564 1294 802 1364 ἔχοντες,
835 1298 904 1366 τῇ
933 1296 1073 1366 αὐτῇ
1100 1298 1166 1365 τῇ
1195 1296 1439 1367 τιμωρία
1464 1296 1844 1366 ὑποκείμεναι,

252 1386 566 1458 ὀφθαλμοὺς
605 1387 904 1459 βλέποντας
929 1388 1021 1441 τὸν
1050 1388 1274 1459 Πατέρα
1308 1387 1535 1458 μηδέπω
1565 1387 1800 1459 ἔχοντες.

332 1478 410 1534 E'.
447 1479 619 1534 Τοῦτο
642 1482 750 1551 γὰρ
781 1480 989 1550 ὀφείλει
1014 1482 1305 1549 γινώσκειν
1327 1481 1581 1547 ἕκαστος,
1601 1481 1684 1534 ὅτι
1707 1479 1847 1534 είσὶν

253 1571 531 1643 ὀφθαλμοὶ
590 1572 858 1643 ἐνδότεροι
920 1572 1217 1643 ὀφθαλμῶν
1268 1572 1498 1638 τούτων,
1550 1574 1645 1627 καὶ
1700 1573 1848 1627 ἐστιν

255 1665 400 1736 ἀκοὴ
444 1665 699 1737 ἐνδοτέρα
740 1666 840 1735 τῆς
870 1667 1042 1736 ἀκοῆς
1068 1665 1296 1736 ταύτης.
1344 1665 1456 1718 Καὶ
1482 1664 1673 1736 ῶσπερ
1702 1657 1847 1720 οὗτοι

255 1758 308 1809 οἱ
337 1756 607 1827 ὀφθαλμοὶ
637 1756 917 1828 αἰσθητῶς
968 1756 1230 1828 βλέπουσι
1282 1760 1377 1810 καὶ
1418 1757 1741 1811 κατανοοῦσι
1788 1757 1850 1812 τὸ

258 1847 555 1920 πρόσωπον
578 1846 674 1901 τοῦ
707 1849 891 1918 φίλου,
919 1847 952 1921 ᾗ
991 1846 1088 1902 τοῦ
1120 1846 1432 1918 ἀγαπητοῦ,
1462 1846 1636 1911 οὕτως
1676 1848 1769 1902 καί¹
1798 1850 1849 1901 οἱ

257 1919 363 2013 τῆς
394 1924 552 2009 ἀξίας
583 1942 678 1995 καὶ
706 1942 905 2012 πιστῆς
929 1919 1121 2011 γψυχῆς
1155 1940 1426 2012 ὀφθαλμοὶ
1460 1941 1849 2010 πνευματικῶς
1882 1919 1922 1973 Β

259 2035 625 2102 φωτισθέντες
659 2035 801 2104 φωτὶ
836 2035 1027 2106 θεῖκῷ,
1058 2034 1319 2104 βλέπουσι
1370 2034 1465 2087 καὶ
1519 2033 1849 2087 κατανοοῦσι

258 2128 355 2181 τὸν
385 2127 637 2197 ἀληθινὸν
677 2127 851 2197 φίλον,
890 2126 986 2181 καὶ
1019 2126 1379 2195 γλυκύτατον,
1412 2126 1513 2178 καὶ
1543 2124 1851 2195 πολυπόθη-

256 2236 357 2273 τον
382 2220 616 2290 νυμφίον
637 2220 730 2273 τὸν
758 2220 984 2289 Κύριον,
1013 2217 1519 2290 καταλαμπομένης
1544 2217 1645 2287 τῆς
1672 2216 1851 2287 ψυχῆς

256 2310 367 2363 ὑπὸ
396 2309 490 2363 τοῦ
541 2310 923 2382 προσκυνητώ
976 2300 1326 2381 Πνεύματοςο
1379 2311 1476 2363 καὶ⁸
1526 2310 1673 2364 οὓτω
1725 2310 1850 2381 βλέ-

256 2419 443 2456 πουσα
465 2404 668 2474 νοερῶς
703 2403 765 2457 τὸ
796 2403 1134 2475 ἐπιθυμητὸν
1159 2404 1255 2457 καὶ
1288 2403 1451 2473 μόνον
1481 2404 1848 2475 ἀνεκλάλητον

256 2494 458 2559 κάλλος
486 2496 565 2559 είς
607 2494 787 2567 ἔρωτα
821 2496 965 2549 θεῖον
993 2493 1385 2567 τιτρώσκεται,
1415 2497 1510 2550 καὶ
1544 2498 1625 2561 είς
1669 2496 1849 2562 πάσας

255 2589 466 2659 ἀρετὰς
486 2587 580 2641 τοῦ
604 2589 745 2641 Πνεύ
755 2605 923 2659 ματος
949 2587 1360 2654 κατευθύνεται,
1387 2588 1481 2642 καὶ
1506 2587 1680 2651 οῦτως
1699 2588 1853 2660 ἀόρι-

256 2696 387 2733 στον
410 2681 506 2733 καὶ
532 2680 886 2734 ἀνέκλειπτον
917 2680 1180 2751 κέκτηται
1208 2680 1450 2750 ἀγάπην,
1480 2679 1619 2750 πρὸς
1645 2679 1735 2733 τὸν
1757 2677 1852 2731 ὑπ’

256 2772 434 2843 αὐτῆς
467 2771 805 2842 ποθούμενον
849 2770 1074 2843 Κύριον.
1118 2771 1183 2824 Τί
1211 2769 1393 2825 τοίνυν
1434 2768 1854 2840 μακαριώτερον

255 2864 358 2930 τῆς
384 2861 556 2917 ἀϊδίου
591 2862 777 2932 φωνῆς
806 2863 1025 2932 ἐκείνης
1062 2863 1339 2926 Ἰωάννου,
1381 2862 1719 2926 δεικνύοντος
1746 2863 1854 2934 πρὸ

256 2951 554 3022 ὀφθαλμῶν
582 2951 674 3005 τὸν
715 2951 942 3021 Κύριον,
972 2951 1245 3020 λέγοντος,
1283 2951 1406 3007 Ἴδε
1452 2956 1485 3007 ό
1508 2952 1701 3020 ἀμνὸς
1743 2953 1852 3008 τοῦ

257 3044 432 3106 Θεοῦ,
466 3046 498 3097 ὀ
530 3043 715 3111 αἴρων
746 3044 861 3114 τὴν
898 3044 1194 3113 ἁμαρτίαν
1218 3044 1326 3099 τοῦ
1352 3046 1588 3115 κόσμου
1622 3062 1642 3111 ;

333 3133 425 3202 (τ’.
443 3134 703 3204 Ἀληθῶς,
734 3136 830 3189 Ἐν
850 3135 1159 3205 γεννητοῖς
1188 3136 1489 3205 γυναικῶν
1506 3136 1703 3204 οὐδεὶς
1724 3138 1856 3209 μει-

1947 662 2003 707 et
2031 668 2343 723 germanos,
2372 662 2593 709 sanctos
2623 655 2867 725 angelos,
2896 654 3229 725 quibuscum
3264 654 3542 725 gaudebat

1945 744 2258 814 tripudians
2307 754 2364 799 et
2410 744 2549 800 festa
2592 747 2901 801 celebrans.
2947 745 3070 801 Non
3135 747 3311 801 solum
3352 756 3541 803 autem

1948 850 2124 904 usque
2156 834 2222 889 ad
2266 844 2610 905 postremum
2640 835 2945 901 Adamum,
2984 836 3080 892 sed
3115 836 3418 891 etiamnum
3458 836 3538 903 hi,

1950 927 2157 996 quibus
2202 942 2313 981 non
2349 936 2434 982 est
2470 936 2698 983 exortus
2729 928 2809 983 sol
2837 928 3067 999 justitia:
3095 928 3370 994 Christus,
3404 944 3543 999 quo—

1949 1034 2185 1090 rumque
2219 1019 2364 1074 oculi
2412 1020 2607 1074 animae
2642 1035 2755 1073 non
2798 1029 2930 1075 sunt
2973 1021 3173 1090 aperti,
3227 1037 3258 1075 a
3292 1037 3426 1075 vero
3459 1021 3545 1075 lu-

1950 1114 2099 1167 mine
2134 1112 2427 1167 illuminati
2483 1112 2587 1167 sub
2618 1112 2814 1166 iisdem
2842 1112 3028 1167 adhuc
3061 1113 3275 1168 haerent
3301 1112 3547 1167 tenebris

1948 1204 2185 1276 peccati,
2209 1205 2402 1260 eadem
2425 1204 2772 1274 voluptatum
2794 1212 2991 1274 agente
3019 1204 3073 1258 vi
3097 1204 3335 1274 prmditi,
3360 1202 3545 1260 eidem

1949 1296 2224 1367 supplicio
2247 1296 2507 1369 subjecti,
2538 1296 2751 1360 oculos,
2774 1296 2867 1367 qui
2895 1296 3113 1352 Patrem
3137 1296 3381 1362 videant,
3407 1312 3546 1352 non-

1953 1389 2084 1444 dum
2117 1390 2426 1445 consecuti.

2019 1481 2085 1537 V.
2123 1482 2238 1538 Hoc
2269 1483 2419 1538 enim
2452 1481 2690 1553 quilibet
2721 1489 3077 1553 perspectum
3110 1481 3320 1536 habere
3354 1480 3543 1546 debet,

1947 1588 2069 1631 esse
2107 1576 2300 1631 oculos
2325 1575 2632 1632 'interiores
2656 1576 2853 1631 horum
2880 1576 3187 1639 oculorum,
3221 1582 3279 1630 et
3308 1575 3546 1629 interio-

1949 1684 2065 1724 rem
2095 1669 2348 1725 auditum
2395 1669 2563 1740 hujus
2592 1667 2841 1724 auditus.
2884 1669 2955 1724 Et
2983 1668 3449 1739 quemadmodum
3486 1668 3545 1721 hi

1950 1762 2095 1817 oculi
2124 1762 2465 1818 sensibiliter
2496 1762 2856 1832 conspiciunt
2895 1778 2960 1817 ac
2983 1770 3324 1833 cognoscunt
3348 1762 3546 1816 laci-em

1952 1851 2117 1907 amici
2165 1861 2262 1907 aut
2295 1851 2486 1907 dilecti
2538 1868 2551 1905 :
2611 1851 2692 1907 sic
2720 1866 2943 1921 quoque
2976 1851 3234 1921 pretiosae
3264 1867 3327 1906 ac
3369 1850 3548 1906 ﬁdelis

1953 1943 2151 1998 animae
2181 1944 2330 1999 oculi
2360 1946 2725 2016 spiritualiter
2762 1945 3057 2000 illuminati
3086 1944 3276 1999 divino
3305 1944 3542 2007 lumine,

1954 2038 2245 2093 intuentur
2283 2052 2349 2092 ac
2382 2046 2726 2109 cognoscunt
2760 2053 2958 2093 verum
2984 2037 3249 2102 amicum,
3279 2036 3551 2091 suavissi-

1953 2148 2128 2200 mum,
2157 2132 2466 2202 multisque
2498 2132 2646 2186 votis
2673 2130 3049 2187 desideratum
3077 2146 3342 2201 sponsum
3366 2128 3553 2185 Domi-

1952 2242 2108 2292 num,
2136 2237 2192 2282 et
2229 2225 2457 2296 quidem
2503 2224 2815 2279 illuminata
2864 2223 3045 2278 anima
3086 2238 3116 2277 a
3165 2222 3377 2292 Spiritu
3413 2222 3549 2277 ado-

1954 2319 2154 2374 rando.
2188 2316 2321 2383 Quae
2354 2317 2436 2371 sic
2467 2315 2755 2370 intellectu
2791 2314 3141 2385 conspiciens
3171 2313 3548 2369 desideratam

1952 2426 2018 2467 ac
2046 2411 2217 2466 solam
2250 2406 2672 2464 inenarrabilem
2698 2406 3192 2476 pulchritudinem,
3236 2420 3423 2459 amore
3466 2404 3553 2460 di-

1951 2502 2084 2555 vino
2112 2499 2416 2561 sauciatur,
2466 2505 2635 2566 atque
2680 2497 2749 2552 ad
2796 2510 2990 2550 omnes
3025 2494 3262 2549 virtutes
3306 2494 3550 2564 Spiritus

1954 2588 2234 2660 dirigitur,
2284 2596 2451 2658 atque
2496 2585 2641 2641 adeo
2708 2586 3038 2640 immensam
3101 2592 3159 2638 et
3220 2593 3547 2654 perpetuam

1954 2681 2315 2750 consequitur
2348 2679 2732 2743 dilectionem,
2775 2693 2906 2749 erga
2938 2677 3147 2748 saepius
3172 2692 3202 2731 a
3240 2692 3299 2731 se
3327 2677 3549 2732 deside-

1954 2779 2137 2825 ratum
2174 2784 2462 2840 sponsum.
2510 2767 2656 2835 Quid
2696 2767 2868 2838 igitur
2903 2767 3123 2823 beatius
3157 2778 3363 2823 aeterna
3410 2782 3549 2823 voce

1955 2862 2049 2917 illa
2092 2860 2346 2927 Joannis,
2380 2858 2742 2915 monstrantis
2779 2859 2852 2914 ob
2890 2859 3091 2915 ocuios
3128 2859 3450 2923 Dominum,
3483 2873 3549 2913 ac

1954 2953 2192 3010 dicentis
2268 2971 2282 3007 :
2348 2936 2483 3007 Ecce
2541 2968 2713 3023 agnus
2778 2948 2917 3020 Dei_,
2981 2951 3073 3021 qui
3131 2949 3285 3005 tollit:
3329 2958 3551 3021 peccata

1958 3046 2143 3100 mundi
2171 3045 2214 3079 ⁹¹
2234 3044 2259 3098 ?

2035 3138 2194 3208 112
2230 3136 2319 3194 Vl.
2366 3136 2581 3193 Revera
2631 3138 2787 3192 inter
2826 3146 2979 3191 natos
3038 3135 3321 3191 mulierum
3374 3136 3563 3191 nullus

255 3228 372 3291 ζων
394 3229 678 3284 Ἰωάννου
695 3230 801 3283 τοῦ
829 3229 1194 3287 Βαπτιστοῦ.
1218 3231 1330 3301 Πλὴ
1338 3248 1415 3301 ρω
1423 3248 1498 3302 μα
1515 3230 1623 3303 γὰρ
1639 3232 1850 3287 πάντων

1963 3231 2142 3302 major
2164 3230 2375 3285 Joanne
2407 3229 2657 3301 Baptista
2679 3232 2747 3283 θ’.
2775 3228 3257 3300 Complementum
3289 3229 3437 3283 enim
3468 3238 3555 3284 est

256 3321 560 3391 προφητῶν
599 3321 887 3391 τυγχάνει·
932 3322 1028 3376 κα)⁴
1074 3322 1276 3387 πάντες
1333 3323 1433 3393 μὲν
1504 3326 1853 3395 προεφήτευ-

255 3428 363 3464 σαν
410 3413 539 3479 περὶ
589 3410 684 3464 τοῦ
738 3409 968 3481 Κυρίου,
1019 3412 1260 3483 μήκοθεν
1312 3413 1651 3478 δεικνύοντες
1701 3416 1863 3469 αύτὺν

254 3504 740 3573 παραγινόμενονζ·
763 3502 925 3566 αὐτὸς
952 3501 1010 3555 δέ
1046 3502 1406 3574 προφητεύων
1423 3506 1659 3577 περὶτοῦ
1678 3507 1862 3580 Σωτῆ-

259 3612 377 3666 ρος,
409 3596 649 3648 ἐδείκνυε
697 3596 824 3665 παρ’
858 3595 1157 3667 ὀφθαλμοῖς
1180 3597 1337 3661 πᾶσι,
1373 3597 1513 3668 βοῶν
1541 3600 1636 3653 καὶ
1665 3600 1862 3671 λέγων,

262 3686 390 3740 Ἴδε
420 3689 452 3740 ό
481 3685 670 3755 ἀμνὸς
712 3686 819 3741 τοῦ
852 3685 1023 3741 Θεοῦ.
1059 3686 1125 3739 Τί
1159 3687 1311 3757 ἡδεῖα
1338 3688 1433 3740 καὶ
1458 3688 1598 3761 καλὴ
1633 3691 1667 3759 ἠ
1705 3692 1857 3762 φωνὴ

258 3777 395 3830 εύθὺ
411 3777 750 3840 δεικνύοντος
771 3777 831 3831 τὸ
854 3778 944 3831 ὑπ’
973 3776 1139 3831 αὐτοῦ
1165 3779 1572 3849 κηρυσσόμενον
1596 3782 1608 3834 !
1638 3781 1862 3843 Μείζων

273 3868 549 3923 Ἰωάννου
601 3868 673 3922 ἐν
714 3868 1027 3938 γεννητοῖς
1085 3868 1389 3939 γυναικῶν
1439 3869 1676 3938 οὐδείς’
1724 3875 1757 3926 ό
1793 3872 1863 3926 δὲ

252 3962 609 4031 μικρότερος
635 3960 707 4015 ἐν
738 3960 813 4030 τῇ
848 3961 1141 4030 βασιλείᾳ
1170 3960 1294 4015 τῶν
1321 3961 1618 4030 οὐρανῶν,
1645 3963 1863 4033 μείζων

260 4054 455 4109 αὑτοῦ
501 4054 694 4108 ἐστιν.
747 4056 810 4107 Oi
854 4053 1062 4107 ἄνωθεν
1107 4055 1174 4107 ἐκ
1210 4052 1306 4106 τοῦ
1341 4052 1475 4107 Θεοῦ
1505 4054 1862 4124 γεννηθέντες

267 4147 565 4203 ἀπόστολοι
586 4162 599 4177 ⁸
634 4148 682 4200 οἱ
716 4147 815 4217 τὴν
859 4145 1117 4217 ἀπαρχὴν
1160 4145 1254 4199 τοῦ
1298 4145 1655 4217 παρακλήτου
1689 4148 1861 4202 Πνεύ-

263 4258 438 4311 ματος
468 4240 725 4302 λαὸόντες
746 4253 762 4270 ·
797 4234 945 4293 οὗτοι
985 4240 1093 4308 γὰρ
1118 4238 1475 4293 συνδικασταὶ
1502 4240 1598 4294 καὶ
1630 4241 1861 4314 σύνθρο-

260 4353 345 4390 νοι
404 4334 825 4406 κατηξιώθησαν
879 4333 1153 4403 γενέσθαι,
1212 4326 1361 4388 οὗτοι
1415 4334 1696 4408 λυτρωταὶ
1748 4338 1861 4392 τῶν

1962 3324 2209 3379 omnium
2236 3323 2653 3393 prophetarum.
2685 3323 2754 3377 Et
2779 3338 2974 3378 omnes
2997 3322 3226 3393 quidem
3258 3323 3553 3378 vaticinati

1962 3422 2093 3470 sunt
2130 3413 2199 3469 de
2227 3413 2485 3478 Domino,
2532 3414 2728 3483 procul
2772 3422 3147 3468 monstrantes
3193 3428 3321 3467 eum
3360 3422 3560 3468 ventu-

1961 3524 2107 3564 rum.
2144 3507 2265 3577 Ipse
2291 3522 2426 3562 vero
2456 3505 2525 3561 de
2548 3506 2834 3561 Salvatore
2868 3507 3228 3575 prophetans,
3263 3521 3557 3561 common-

1961 3600 2174 3655 strabat
2222 3608 2350 3655 ante
2399 3598 2648 3653 omnium
2683 3599 2894 3664 oculos,
2929 3600 3175 3653 clamans
3204 3599 3491 3654 acdicens
3538 3617 3553 3653 :

1962 3691 2095 3746 Ecce
2118 3707 2288 3762 agnus
2318 3690 2416 3744 Dei
2442 3690 2510 3745 “.
2543 3688 2687 3755 Quid
2712 3698 2837 3745 erat
2860 3689 3048 3744 suavis
3074 3705 3139 3744 ac
3166 3689 3427 3759 praeclara
3450 3704 3559 3745 vox

1961 3792 2117 3842 recta
2162 3780 2526 3837 monstrantis
2566 3796 2718 3846 eum,
2757 3796 2925 3851 quem
2970 3781 3344 3851 praedicabat?
3377 3781 3556 3852 Major

1959 3874 2171 3931 Joanne
2202 3877 2341 3930 inter
2367 3891 2452 3929 eos
2490 3877 2582 3946 qui
2620 3882 2914 3929 nascuntur
2935 3890 2962 3927 e
2993 3873 3297 3929 mulieribus
3331 3874 3512 3929 nullus
3537 3895 3555 3941 ,-

1961 3966 2061 4037 qui
2083 3972 2263 4019 autem
2310 3967 2483 4020 minor
2520 3972 2596 4019 est
2658 3966 2713 4019 in
2766 3982 2927 4037 regno
2970 3965 3243 4031 oculorum,
3282 3968 3458 4037 major
3480 3976 3557 4021 est

1959 4055 2055 4112 illo
2082 4058 2148 4112 “.
2190 4056 2295 4124 Qui
2343 4057 2584 4128 desuper
2614 4072 2683 4113 ex
2738 4058 2852 4114 Deo
2888 4060 3004 4113 nati
3046 4069 3176 4115 sunt
3229 4060 3461 4128 apostoli
3501 4071 3559 4115 et

1961 4151 2242 4222 primitias
2278 4150 2521 4223 Spiritus
2551 4152 2817 4221 paracleti
2870 4161 3203 4221 acceperunt
3237 4171 3250 4207 :
3293 4153 3348 4207 hi
3379 4152 3561 4222 siqui-

1971 4243 2123 4308 dem,
2174 4250 2235 4297 ut
2265 4257 2374 4296 una
2417 4241 2638 4313 judlces
2684 4249 2893 4306 essent,
2941 4256 3005 4295 ac
3038 4241 3093 4295 in
3132 4241 3326 4296 eodem
3357 4242 3567 4296 throno

1971 4334 2251 4400 sederent,
2276 4334 2430 4405 digni
2469 4333 2707 4405 reputati
2742 4342 2872 4389 sunt
2909 4351 2921 4386 :
2958 4333 3016 4387 hi
3054 4333 3432 4405 redemptores
3459 4333 3559 4389 bo-

259 4428 569 4500 ἀνθρώπων
612 4426 922 4496 γεγόνασιν.
978 4426 1274 4497 Εὑρίσκεις
1323 4426 1522 4491 αὐτοὺς
1574 4428 1850 4498 σχίζοντας

1963 4428 2172 4481 minum
2199 4426 2329 4481 facti
2359 4434 2510 4481 sunt.
2548 4426 2771 4480 lnvenis
2802 4440 2899 4480 eos
2923 4425 3235 4480 dividentes
3261 4442 3411 4481 mare
3438 4442 3558 4496 pra-

263 4521 545 4575 θάλασσαν
570 4520 856 4589 δυνάμεων
877 4518 1155 4589 πονηρῶν,
1182 4519 1279 4572 καὶ
1306 4519 1668 4589 διαγαγόντας
1682 4523 1850 4593 ψυχὰς

1961 4533 2155 4573 varum
2186 4523 2547 4586 potestatum,
2580 4525 2747 4585 atque
2775 4514 3083 4571 educentes
3107 4516 3297 4571 lideles
3320 4517 3554 4572 animas.

262 4614 648 4677 πιστευούσας.
671 4613 960 4685 Εὑρίσκεις
974 4612 1173 4674 αὐτοὺς
1194 4612 1475 4682 γεωργοὺς
1498 4613 1596 4684 τὴν
1613 4614 1850 4684 ἄμπελοι

1968 4609 2194 4665 lnvenis
2220 4624 2317 4663 eos
2349 4607 2598 4673 colonos,
2636 4607 2853 4662 vineam
2885 4606 3082 4662 animae
3105 4608 3443 4663 excolentes.
3471 4608 3559 4662 ln-

263 4708 368 4777 τῆς
402 4706 578 4778 ψυχῆς
619 4705 1048 4777 ἐργαζομένους.
1111 4702 1406 4773 Εὑρίσκεις
1444 4706 1643 4770 αὐτοὺς
1674 4726 1850 4779 παρα-

1964 4700 2123 4755 venis
2194 4713 2291 4754 eos
2360 4697 2805 4769 paranympbos,
2866 4697 3271 4767 desponsantes
3328 4698 3545 4752 animas

263 4798 537 4870 νύμφους,
568 4797 946 4870 νυμφεύοντας
965 4796 1144 4868 ψυχὰς
1176 4796 1428 4867 Χριστῷο
1471 4797 1850 4870 Ἣρμοσάμην

1962 4790 2205 4848 Christo.
2252 4790 2515 4859 Despondi
2543 4791 2705 4855 enim,
2737 4789 2939 4860 inquit,
2973 4806 3059 4843 vos
3086 4791 3179 4843 uni
3220 4791 3333 4844 viro
3364 4790 3433 4843 ⁸⁵.
3469 4790 3559 4845 Ιη-

264 4892 404 4963 γὰρ,
462 4892 654 4963 φησὶν,
708 4889 865 4960 ὑμᾶς
923 4888 1014 4942 ἐνὶ
1071 4886 1268 4955 ἀνδρί.
1337 4890 1627 4961 Εὑρίσκεις
1665 4894 1850 4959 αὐτοὺς

1966 4883 2127 4939 venis
2152 4898 2249 4939 eos
2283 4882 2580 4953 largientes
2625 4883 2795 4936 vitam
2838 4881 3184 4945 hominibus,
3217 4888 3274 4937 et
3308 4897 3557 4937 summa-

268 4984 515 5048 διδόντας
549 4983 696 5055 ζωὴν
725 4979 1167 5053 τοῖςιάνθρὼποις
1185 4998 1199 5011 ·
1228 4981 1320 5034 καὶ
1348 4982 1689 5049 ἁπαξαπλῶς
1715 4987 1850 5057 εὑρί-

1969 4974 2069 5028 tim
2096 4973 2313 5028 invenis
2344 4988 2440 5028 eos
2465 4973 2633 5027 variis
2658 4986 2723 5026 ac
2748 4971 2987 5026 diversis
3015 4969 3196 5025 modis
3231 4970 3557 5024 ministran-

270 5094 429 5140 σκεις
460 5076 662 5139 αὐτοὺς
690 5072 1022 5144 πολυμερῶς
1050 5071 1145 5123 καὶ
1174 5070 1530 5141 πολυτρόπως
1555 5075 1850 5130 διακονοῦν-

1973 5074 2060 5121 tes
2106 5065 2364 5135 Spiritui.
2417 5063 2519 5118 Hic
2547 5064 2716 5134 igitur
2751 5070 2839 5117 est
2883 5061 2975 5116 ille
3000 5075 3223 5131 parvus,
3259 5060 3357 5131 qui
3386 5061 3559 5133 major

267 5186 369 5233 τας
398 5168 477 5239 τῷ
503 5167 807 5238 Πνεύματι.
850 5160 1021 5227 Οὗτος
1044 5161 1140 5215 οὖν
1172 5163 1318 5217 ἐστιν
1335 5167 1363 5218 6
1385 5167 1580 5238 μικρὸς
1602 5171 1630 5223 6
1662 5169 1850 5240 μείζωη

1966 5167 2053 5216 est
2077 5159 2290 5214 Joanne
2321 5156 2587 5226 Baptista.

281 5260 537 5314 Ἰωάννου
561 5259 656 5314 τοῦ
689 5257 1022 5316 Βαπτιστοῦ,

2039 5254 2153 5309 Vll.
2192 5251 2670 5320 Quemadmodum
2716 5251 2864 5305 enim
2894 5250 3131 5322 agricola
3158 5252 3350 5321 jugum
3386 5251 3555 5304 boum

342 5353 420 5410 Z’.
452 5354 661 5425 ’Ὠσπερ
720 5356 830 5426 γὰρ
857 5357 884 5409 6
909 5358 1154 5429 γεωργὸς
1212 5356 1407 5425 ζεῦγος
1437 5356 1577 5427 βοῶν
1600 5358 1849 5427 κατέχων

1973 5349 2217 5419 dirigens
2251 5346 2455 5401 excolit
2482 5353 2690 5398 terram
2727 5360 2741 5396 :
2784 5344 2979 5398 eodem
3010 5357 3231 5412 quoque
3260 5342 3423 5397 modo
3450 5343 3559 5396 Do-

264 5444 566 5514 ἐργάζεται
612 5444 713 5515 τὴν
753 5444 856 5515 γῆν
877 5459 891 5473 ⁸
941 5446 1219 5509 τὸναύτδν
1246 5444 1445 5515 τρόπον
1490 5443 1585 5497 καὶ
1614 5446 1641 5497 6
1671 5445 1850 5515 deto

1974 5442 2159 5498 minus
2198 5438 2378 5503 Jesus,
2426 5438 2721 5508 praeclarus
2764 5452 2828 5490 ac
2872 5452 3037 5491 verus
3076 5436 3334 5506 agricola,
3394 5434 3558 5489 binos

284 5536 518 5608 Ἰησοῦς,
549 5539 577 5589 6
606 5536 771 5600 καλὸς
803 5538 898 5590 καὶ
928 5537 1181 5609 ἀληθινὸς
1210 5535 1477 5606 γεωργὸς,
1507 5535 1602 5588 δύο
1630 5538 1850 5589 ἀποστό-

1973 5536 2259 5606 apostolos
2284 5531 2570 5602 COpulans,
2622 5529 2808 5584 emisit
2848 5543 2965 5594 eos,
2999 5544 3124 5583 cum
3161 5528 3272 5582 illis
3301 5527 3562 5580 excoleris

265 5631 401 5693 λους
431 5628 647 5695 ζεύξας,
681 5630 1001 5683 ἀπέστειλεν
1032 5631 1249 5694 αὐτοὺς,
1285 5627 1603 5698 μετάὺτῶν
1634 5627 1850 5699 ἐργαζό-

1970 5639 2174 5685 terram
2204 5625 2549 5681 audientium
2593 5638 2657 5677 ac
2705 5637 2833 5677 vere
2875 5621 3242 5676 credentium.
3286 5618 3558 5674 Cteterum

272 5740 441 5793 μενος
457 5724 556 5793 τὴν
587 5723 690 5793 γῆν
714 5722 819 5775 τῶν
842 5722 1149 5776 ἀκουόντων
1195 5722 1290 5774 καὶ
1314 5722 1373 5773 ἐν
1396 5718 1623 5789 ἀληθείᾳ
1646 5737 1850 5772 πίστευε

1974 5722 2080 5774 hoc
2120 5732 2341 5788 quoque
2381 5717 2530 5770 dictu
2579 5714 2805 5784 dignum
2842 5722 2950 5777 est,
2998 5729 3107 5767 non
3141 5714 3195 5767 in
3226 5712 3343 5767 solo
3384 5712 3563 5769 verbo

267 5817 472 5871 όντων.
500 5813 647 5885 Πλὴν
678 5814 950 5868 καὶτοῦτο
976 5816 1151 5867 είπεῖν
1186 5814 1357 5879 ἄξιον,
1398 5812 1474 5875 ὡς
1499 5813 1599 5865 οὐκ
1630 5814 1688 5864 ἐν
1722 5812 1850 5881 λόγρ.

1967 5812 2190 5866 auditus
2217 5825 2445 5881 regnum
2478 5808 2595 5872 Dei,
2617 5816 2671 5861 et
2702 5807 3076 5876 apostolorum
3110 5806 3559 5877 praedicationem

329 5912 395 5985 ,θ’
432 5911 595 5968 Joan.
633 5912 784 5983 1,29.
859 5914 904 5946 θ’
940 5910 1130 5965 Matth.
1161 5925 1233 5977 ιιι,
1267 5909 1351 5965 ll.
1423 5910 1468 5941 ³³
1508 5909 1664 5966 Joan.
1700 5926 1735 5976 ι,
1768 5908 1850 5965 29.

1967 5908 1986 5939 ’⁵
2027 5908 2218 5964 Matth.
2250 5924 2321 5973 st,
2351 5907 2434 5960 ιι.
2516 5906 2561 5938 ⁰⁵
2603 5902 2649 5960 ll
2672 5902 2800 5958 Cor.
2830 5919 2903 5970 ιιι,
2936 5903 2989 5957 2.
