3966 6444
527 421 634 483 7ἰ5

1781 426 1841 484 S.
1880 423 2203 484 MACARII
2243 422 2569 484 fEGYPTII

3672 429 3755 490 7l6

523 550 645 589 esse
666 575 679 598 ,
712 531 881 586 veluti
917 530 961 585 si
1000 530 1126 600 quis
1157 530 1379 586 dicendi
1412 530 1671 587 facultate
1699 534 1923 602 polleat,
1952 543 2117 602 atque

2225 533 2373 601 μόνῳ
2400 533 2571 601 ἀκοῆς
2618 532 2651 601 ή
2702 532 2950 602 βασιλεία
2983 531 3077 586 τοῦ
3122 533 3280 602 Θεοῦ,
3313 535 3404 589 καὶ
3441 536 3501 588 τὸ
3528 535 3624 588 τῶν
3648 540 3757 591 dm-

526 624 671 695 apud
701 622 837 677 alios
878 629 1131 693 peroret;
1187 621 1281 676 sed
1316 623 1370 675 in
1421 623 1628 678 virtute
1676 633 1841 693 atque
1876 622 2117 677 eﬂicacia

525 714 768 787 Spiritus
816 729 1045 784 regnum
1074 714 1399 767 consistere.
1451 711 1575 767 Haec
1608 714 1755 768 enim
1798 715 2117 785 obtigerunt

524 822 748 877 quoque
797 806 1171 860 Israelitarum
1205 804 1353 869 ﬁliis,
1409 806 1675 860 continuo
1720 805 2118 861 meditantibus

525 898 866 969 Scripturas,
918 906 1108 967 utpote
1162 896 1255 965 qui
1309 896 1377 951 de
1421 897 1653 952 Domino
1699 898 2116 953 meditationem

525 988 929 1060 suscipiebant,
981 991 1152 1057 ipsam
1197 1004 1327 1041 vero
1366 989 1739 1044 hrcreditatem
1773 991 1899 1046 aliis
1932 990 2115 1047 trade-

524 1083 694 1137 bant:
731 1082 801 1135 ita
830 1081 922 1151 qui
948 1096 1231 1135 sermones
1259 1080 1497 1149 Spiritus
1524 1082 1647 1136 aliis
1672 1092 1956 1145 cnarrant,
1988 1099 2113 1137 cum

529 1174 633 1241 ipsi
666 1172 893 1227 verbum
924 1172 979 1225 in
1008 1172 1211 1225 virtute
1239 1188 1347 1225 non
1377 1172 1723 1242 possideant,
1744 1174 1868 1227 aliis
1891 1173 2118 1229 tradunt

527 1262 927 1317 haereditatcm.
962 1260 1144 1316 Gloria
1178 1260 1348 1329 Patri,
1373 1270 1427 1315 et
1460 1262 1620 1329 Filio,
1647 1272 1705 1318 et
1732 1263 1962 1334 Spiritui
1992 1279 2118 1319 san-

538 1366 625 1409 cto
655 1353 712 1409 in
749 1355 969 1409 sazcula.
1007 1353 1202 1407 Amen.

1070 1656 1358 1715 llOMILIA
1396 1658 1591 1717 XXIX.

526 1776 745 1849 Duplici
794 1777 1003 1831 ratione
1034 1775 1481 1849 dispensationem
1521 1774 1711 1849 gratia:
1733 1773 1797 1849 in
1824 1774 2117 1849 genitaliu-

601 1844 823 1903 inuitum
871 1855 1071 1902 exercet
1122 1844 1283 1910 Deus,
1321 1845 1521 1914 {ructus
1569 1845 1681 1913 ejus
1716 1845 1864 1913 justo
1908 1844 2116 1913 judicio

599 1922 796 1973 iterum
823 1920 1162 1989 repetiturus.

600 2125 643 2180 1.
686 2123 966 2194 Sapientia
999 2122 1120 2189 Dei,
1153 2137 1279 2177 cum
1320 2121 1393 2177 sit
1446 2120 1660 2176 inﬁnita
1703 2129 1761 2177 et
1804 2123 2117 2193 incompre-

530 2219 825 2274 hensibilis
857 2258 871 2283 ,
918 2214 1467 2287 incompreltensibili
1522 2223 1580 2269 et
1624 2214 2115 2286 impervestigabili

530 2311 698 2365 modo
729 2310 1173 2380 dispensationes
1208 2309 1393 2379 gratiae
1425 2323 1559 2378 erga
1603 2324 1777 2377 genus
1812 2309 2115 2363 humanum

526 2404 681 2457 varie
712 2411 953 2467 exercet,
988 2402 1057 2456 ad
1106 2402 1338 2457 liberant
1368 2402 1586 2457 arbitrii
1614 2402 1953 2457 voluntatem
1989 2417 2118 2471 pro-

527 2494 791 2561 Laudant,
815 2504 875 2550 ut
902 2494 1344 2559 manifestentur,
1377 2494 1467 2563 qui
1503 2510 1569 2549 ex
1602 2503 1719 2548 toto
1747 2494 1915 2549 corde
1943 2494 2115 2550 Deum

532 2587 793 2654 diligunt,
847 2596 1011 2657 atque
1065 2602 1230 2641 omne
1271 2586 1577 2655 periculum
1608 2601 1673 2639 ac
1715 2587 1959 2641 laborem
1999 2589 2118 2657 ejus

530 2694 697 2733 causa
726 2679 1043 2744 ,sustinent.
1080 2677 1231 2743 Quos
1280 2676 1429 2731 enim
1492 2687 1883 2746 praeoccupant
1928 2679 2117 2733 chari--

533 2780 737 2835 smata,
784 2786 848 2825 ac
904 2770 1143 2839 Spiritus
1194 2767 1369 2825 sancti
1420 2768 1588 2833 dona,
1625 2769 1681 2823 lii
1707 2771 2119 2839 quamprimum

532 2873 890 2919 accesserunt
940 2878 1067 2916 cum
1124 2861 1229 2920 ﬁde
1276 2870 1332 2917 et
1368 2862 1763 2936 postulatione,
1807 2862 2016 2931 absque
2042 2863 2120 2917 la-

529 2956 686 3017 bore,
718 2955 918 3011 sudore
946 2964 1002 3010 et
1036 2956 1352 3027 fatigatione
1390 2955 1667 3011 interdum
1704 2953 1993 3008 inmundo
2021 2952 2121 3008 de-

530 3058 686 3119 gunt.
706 3049 934 3117 Insuper
955 3049 1432 3119 largiturjgratiam
1460 3050 1603 3102 illam
1624 3048 1768 3101 Deus
1785 3061 1897 3101 non
1920 3045 2117 3108 otiose,

532 3154 645 3193 non
678 3137 904 3201 frustra,
957 3154 1139 3207 neque
1189 3138 1447 3202 fortuito;
1494 3136 1591 3191 sed
1636 3150 1837 3191 arcana
1880 3134 2120 3205 quadam

2224 625 2427 677 στόλων
2454 626 2739 697 κήρυγμα,
2770 624 2845 686 ὡς
2876 624 2941 679 ἄν
2969 641 3053 687 τις
3079 624 3234 691 εἰδὼς
3263 626 3452 694 λόγους
3476 628 3565 680 καὶ
3590 629 3759 697 ἑτέροις

2222 714 2670 786 ἐκδιηγούμενος,
2717 715 2834 767 ἀλλ’
2870 718 2929 768 ὲν
2963 715 3191 785 δυνάμει
3228 717 3322 770 καὶ
3352 716 3595 787 ἐνεργείᾳ,
3627 719 3763 771 Πνεῦ-

2223 825 2394 878 ματος
2441 809 2474 877 ἡ
2521 806 2771 875 βασιλεία
2809 811 3092 878 τυγχάνει.
3126 808 3311 860 Ταῦτα
3346 810 3456 879 γάρ
3505 810 3763 863 πεπόνθασι

2221 900 2317 954 καὶ
2354 899 2707 970 Ἰσραηλιτῶν
2728 898 2941 961 παῖδες,
2976 899 3312 967 μελετῶντες
3331 902 3429 964 τὰς
3460 902 3660 971 Γραφὰς
3677 904 3761 969 ἀεὶ,

2221 994 2315 1047 καὶ
2369 992 2501 1063 περ)⁸
2553 990 2648 1044 τοῦ
2687 992 2893 1063 Κυρίου
2946 992 3109 1062 δῆθεν
3146 993 3244 1061 τὴν
3290 979 3516 1063 μελέτην
3568 993 3761 1063 ἔχοντες,

2220 1090 2315 1142 καὶ
2342 1090 2442 1159 τὴν
2474 1088 2734 1159 ἀλήθειαν
2776 1088 2950 1159 αὐτὴν
2991 1088 3066 1158 μὴ
3112 1088 3418 1157 δεξάμενοι,
3457 1089 3653 1158 ἑτέροις
3688 1090 3764 1159 τὴν

2220 1180 2391 1248 αὐτὴν
2423 1179 2789 1251 κληρονομίαν
2830 1179 3127 1233 ἀπέδοντο’
3162 1180 3335 1244 οὕτως
3378 1179 3478 1231 καὶ
3521 1180 3569 1232 οἱ
3610 1179 3765 1247 λόγους

2218 1272 2313 1325 τοῦ
2344 1272 2662 1342 Πνεῦματος
2697 1272 3047 1342 διηγούμενοι
3076 1273 3307 1342 ἑτέροις,
3343 1273 3498 1327 αὐτοὶ
3522 1272 3608 1325 τὸν
3642 1254 3767 1340 λόγον

2222 1366 2279 1416 ἐν
2309 1364 2539 1436 δυνάμει
2580 1365 2653 1435 μὴ
2700 1366 3059 1436 κεκτημένοι,
3107 1366 3291 1429 ἄλλοις
3323 1364 3655 1419 ἀποδίδονται
3691 1365 3767 1433 τὴν

2220 1453 2614 1527 κληρονομίαν.
2646 1456 2784 1522 Δόξα
2815 1456 3013 1526 Πατρὶ,
3045 1458 3139 1511 καὶ
3170 1456 3305 1527 Υἱῷ,
3339 1458 3437 1510 καὶ
3469 1456 3602 1526 ἁγίῳ
3628 1456 3767 1509 Πνεῦ-

2224 1564 2353 1599 ιιατι
2375 1588 2391 1613 ,
2428 1549 2506 1611 εἰς
2533 1548 2655 1613 τοὺς
2683 1548 2910 1610 αἰῶνας.
2941 1550 3131 1619 Ἀμήν.

2811 1683 3056 1737 ΟΜῘΛῙΑ
3090 1682 3219 1738 KB'.

2220 1794 2381 1849 Κατὰ
2408 1793 2633 1865 δισσόν
2660 1795 2886 1865 τρόπον
2915 1794 3021 1860 τὰς
3052 1797 3398 1864 οἰκονομίας
3426 1795 3538 1864 τῆς
3568 1795 3766 1864 χάριτος

2148 1884 2191 1939 Β
2290 1868 2394 1947 (ilc‘
2419 1867 2488 1917 τὸ
2524 1864 2701 1947 τέγος
2732 1864 3339 1947 τῆςηάνθρωμότητος
3382 1865 3771 1947 ἐξεργάζεταιιό

2294 1935 2461 2001 Θεὸς,
2512 1934 2752 2003 μέλλων
2796 1934 2907 2003 τῆς
2944 1935 3135 2003 αὐτῆς
3189 1937 3461 2005 καρποὺς
3500 1938 3567 1990 ἐν
3604 1936 3771 1997 δικαίῳ

2291 2005 2524 2075 κρίματι
2558 2005 2745 2058 πάλιν
2777 2004 3124 2071 ἀπαιτῆσαι.

2290 2116 2368 2174 Α’.
2408 2118 2475 2173 Ἦ
2504 2118 2600 2171 τοῦ
2648 2118 2784 2173 Θεοῦ
2837 2120 3000 2188 σοφία
3053 2122 3281 2192 ἄπειρος
3306 2122 3405 2176 καὶ
3432 2121 3772 2192 ἀκατάληπτπ

2220 2210 2373 2277 οῦσα,
2396 2212 2797 2281 ἀκαταλήπτως
2822 2214 2917 2266 καὶ
2949 2214 3371 2284 ἁνεξιχνιάστως
3390 2216 3490 2277 τὰς
3506 2212 3774 2282 οἰκονομίας

2218 2306 2319 2375 τῆς
2353 2306 2575 2377 χάριτος
2609 2310 2690 2371 εἰς
2718 2308 2778 2360 τὸ
2807 2308 2964 2375 γένος
2994 2308 3094 2377 τῆς
3144 2308 3564 2379 ἁνθρωπότητος
3596 2306 3774 2376 ἐξεργά·

2221 2400 2372 2461 ζεται
2405 2400 2664 2463 ποικίλως
2682 2439 2697 2464 ,
2727 2400 2868 2471 πρὸς
2894 2400 2990 2471 τὴν
3014 2400 3107 2453 τοῦ
3136 2400 3483 2465 αὑτεξουσίου
3517 2400 3774 2470 θελήματος

2220 2490 2547 2556 δοκιμασίαν
2567 2531 2581 2553 ,
2612 2491 2753 2545 ὥστε
2778 2493 3159 2562 φανερωθῆναι
3205 2494 3331 2556 τοὺς
3354 2493 3414 2557 ἐξ
3442 2493 3564 2560 ὅλης
3585 2490 3773 2561 καρδίας

2220 2581 2556 2649 ἀγαπῶντας
2583 2583 2768 2649 αὐτὸν,
2796 2584 2894 2636 καὶ⁷
2927 2585 3108 2637 πάντα
3140 2583 3385 2637 κίνδυνον
3423 2586 3518 2638 καὶ
3540 2585 3685 2635 πόνον
3705 2582 3772 2633 διὰ

2220 2668 2473 2729 τὸνθεόν
2506 2676 2896 2746 ὑπομένοντας.
2924 2672 3026 2741 Οἷς
3059 2678 3156 2747 μὲν
3180 2679 3287 2748 γάρ
3322 2678 3700 2748 προαπαντιῖωι
3723 2677 3771 2726 τᾶ

2222 2770 2563 2840 χαρίσματα,
2598 2770 2694 2821 καὶ
2720 2770 2791 2822 τά
2821 2769 2915 2822 τοῦ
2952 2770 3110 2837 ἁγίου
3142 2770 3463 2839 Πνεῦματος
3490 2771 3770 2836 δωρήματα,

2222 2862 2387 2924 εὐθὺς
2411 2860 2527 2929 ἅμα
2545 2860 2621 2928 τῷ
2639 2859 2971 2931 προσελθεῖν
2988 2862 3125 2931 μετά
3142 2862 3378 2923 πίστεως
3403 2862 3503 2915 καὶ
3524 2862 3768 2928 αἰτήσεως,

2225 2955 2366 3022 ἄνευ
2389 2955 2655 3022 καμάτων
2690 2954 2785 3006 καὶ
2818 2954 3057 3024 ἰδρώτων
3095 2956 3189 3007 καὶ
3220 2955 3423 3019 πόνων,
3456 2954 3598 3007 ἔστιν
3623 2954 3699 3005 ὅτε
3730 2952 3770 3000 ἐν

2226 3045 2306 3113 τῷ
2332 3046 2522 3115 κόσμῳ
2545 3045 2908 3114 τυγχάνουσιν
2925 3062 2938 3075 ·
2974 3046 3055 3100 ἐτι
3077 3046 3262 3101 δίδωσι
3291 3047 3395 3115 τὴν
3419 3046 3574 3118 χάριν
3602 3048 3626 3098 ό
3652 3043 3770 3103 Θεὸς,

2226 3138 2326 3191 οὐκ
2351 3136 2557 3207 ἀργῶς,
2580 3138 2700 3190 οὐδὲ
2725 3138 2988 3208 ἀκαίρως.
3016 3139 3135 3191 οὑδέ
3159 3138 3235 3202 ὡς
3262 3137 3478 3210 ἔτυχεν,
3499 3138 3624 3192 ἀλλά
3648 3134 3771 3202 σοφίᾳ

531 3240 590 3285 et
612 3230 1157 3299 iucomprehensibili
1191 3228 1459 3298 sapientia
1482 3228 1549 3285 ad
1576 3227 1922 3296 probandum
1940 3226 2122 3281 inten-

2224 3232 2331 3283 τινὶ
2364 3231 2589 3302 ἀρρήτῳ
2648 3231 2739 3283 καὶ
2769 3231 3162 3301 ἀκαταλήπτῳ,
3203 3230 3284 3294 εἰς
3316 3233 3380 3284 τὸ
3424 3228 3771 3301 δοκιμασθῆναι

536 3320 741 3376 tionem
772 3334 836 3373 ac
864 3319 1095 3373 liberam
1140 3318 1360 3372 arbitrii
1394 3318 1733 3373 voluntatem
1778 3331 1997 3381 eorum,
2026 3315 2121 3385 qui

535 3412 722 3467 statim
748 3411 991 3464 divinam
1026 3411 1254 3481 gratiam
1287 3420 1727 3480 consequuntur,
1767 3426 1833 3465 an
1861 3425 2124 3479 percepe-

534 3504 650 3559 rint
684 3503 1046 3568 beneﬁcium,
1078 3514 1133 3558 et
1162 3503 1266 3559 sibi
1300 3503 1596 3573 prtestitam
1633 3502 2031 3571 benignitatem
2061 3517 2125 3561 ac

534 3595 885 3650 dulcedinem
923 3594 1043 3656 Dei,
1074 3595 1227 3665 juxta
1260 3594 1675 3662 proportionem
1697 3591 1889 3660 gratiae
1914 3591 2123 3658 absque

534 3688 779 3759 propriis
804 3688 1092 3742 laboribus
1122 3687 1352 3751 oblatas;
1386 3700 1497 3755 quo
1520 3684 1671 3754 digni
1696 3683 1889 3746 habiti,
1917 3682 2126 3736 debent

536 3779 803 3846 studium,
858 3794 1107 3842 cursum,
1144 3787 1402 3833 conatum
1436 3793 1500 3831 ac
1530 3778 1771 3831 fructum
1810 3774 2125 3831 dilectionis

535 3891 569 3930 a
613 3875 899 3930 voluntate
927 3883 983 3927 et
1008 3873 1294 3942 proposito
1341 3873 1672 3942 perfectum,
1716 3871 2123 3932 demonstrare,

537 3984 604 4023 ac
628 3966 1054 4022 retributionem
1092 3967 1488 4021 charismatum
1518 3963 1848 4032 rependere,
1880 3963 1989 4017 hoc
2017 3970 2122 4026 eet,

537 4073 599 4112 se
640 4067 784 4112 totos
813 4055 1100 4111 dilectioni
1138 4054 1355 4110 Domini
1395 4052 1650 4108 addictos
1688 4051 1915 4115 dedere,
1951 4050 2127 4119 ipsius

542 4151 701 4220 113
729 4151 1072 4205 voluntatem
1100 4148 1269 4203 solam
1299 4161 1583 4216 peragere,
1620 4153 1676 4199 et
1709 4144 1779 4199 ab
1813 4143 1966 4199 oraui
2000 4158 2125 4201 car-

537 4243 650 4297 nali
683 4238 1129 4311 concupiscentia
1158 4238 1382 4311 penitus
1414 4234 1699 4291 recedere.

611 4416 677 4470 ll.
714 4414 923 4479 Quibus
954 4431 1108 4481 vero,
1155 4416 1407 4485 quamvis
1441 4415 1772 4471 secesserint
1818 4432 1847 4471 a
1890 4417 2121 4483 mundo,

542 4518 599 4562 et
626 4508 992 4563 renuntiarint
1018 4509 1148 4563 huic
1168 4510 1370 4563 saeculo
1405 4508 1710 4563 secundum
1740 4508 2123 4578 Evangelium,

543 4608 709 4669 atque
737 4599 957 4655 assidue
988 4600 1043 4652 in
1069 4599 1488 4654 continuatione
1520 4614 1772 4667 precum,
1795 4599 2013 4669 jejunii,
2045 4599 2131 4654 di-

542 4693 803 4763 ligentiae,
856 4693 1305 4761 reliquarumque
1366 4692 1633 4747 virtutum
1695 4693 2125 4761 perseverarint,

542 4805 653 4843 non
688 4788 871 4849 statim
917 4788 1063 4842 Deus
1092 4785 1345 4840 concedit
1376 4785 1628 4855 gratiam,
1666 4786 1913 4854 requiem
1944 4795 2128 4845 etc:-

544 4881 898 4935 sultationem
945 4877 1196 4947 spiritus,
1246 4876 1663 4946 longanimitate
1691 4892 1819 4946 erga
1846 4892 1945 4933 eos
1969 4892 2125 4943 usus,

544 4972 865 5040 donumque
894 4970 1141 5025 retinens
1166 4986 1178 5021 :
1210 4984 1315 5022 nec
1341 4984 1562 5037 quoque
1590 4968 1696 5022 hoc
1720 4970 1915 5034 otiose,
1948 4985 2129 5037 neque

546 5064 951 5134 intempestive,
983 5078 1163 5132 neque
1188 5062 1413 5119 fortuito
1443 5061 1591 5127 facit,
1623 5061 1719 5119 sed
1750 5072 1961 5117 secreta
1994 5078 2130 5131 qua—

546 5155 672 5209 dam
699 5156 966 5225 sapientia
1008 5156 1077 5210 ad
1110 5154 1449 5225 probandam
1486 5154 1647 5210 liberi
1685 5154 1897 5208 arbitrii
1932 5156 2115 5209 volun“

548 5256 741 5309 tatem,
790 5255 854 5300 ut
893 5246 1104 5309 videat,
1134 5263 1202 5300 an
1230 5245 1448 5301 ﬁdelem
1483 5262 1547 5300 ac
1586 5260 1835 5299 veracem
1871 5255 2130 5314 reputent

545 5342 767 5402 Deum,
804 5339 897 5409 qui
944 5341 1219 5409 pollicitus
1270 5340 1342 5405 sit
1376 5356 1435 5394 se
1488 5340 1744 5394 daturum
1794 5339 2128 5409 petentibus,

549 5448 613 5487 ac
646 5432 995 5502 pulsantibus
1021 5442 1339 5501 aperturum
1374 5433 1600 5501 januam
1630 5433 1756 5487 vita:
1782 5449 1794 5484 :
1834 5440 1893 5485 ut
1922 5432 2133 5501 perspi-

549 5526 659 5578 ciat
698 5539 941 5594 quoque,
968 5540 1037 5576 an
1082 5524 1175 5593 qui
1230 5538 1359 5576 vere
1403 5523 1638 5577 credunt
1684 5524 1852 5579 verbo
1888 5539 2013 5588 suo,
2064 5524 2131 5578 ad

550 5617 716 5668 linem
748 5631 921 5684 usque
951 5614 1296 5684 permansuri
1336 5613 1446 5667 sint
1476 5614 1530 5667 in
1578 5616 1738 5683 plena
1776 5615 1974 5671 ﬁducia
2008 5616 2130 5669 ﬁdei

553 5720 617 5757 ac
660 5705 967 5771 industriae,
1024 5706 1367 5775 postulantes
1427 5720 1491 5759 ac
1528 5716 1841 5773 quaerentes
1888 5724 1899 5759 :
1950 5722 2133 5769 annon

557 5790 766 5850 :tlllicti,
796 5801 853 5843 et
888 5792 1232 5845 remissiores
1262 5792 1389 5844 facti
1420 5800 1764 5857 avertantur,
1791 5810 1854 5848 ac
1881 5794 2133 5849 difﬁden-

559 5883 645 5932 tes
676 5890 732 5933 et
758 5881 1113 5951 desperantes
1136 5890 1509 5947 contemnant,
1542 5899 1650 5938 non
1680 5886 2041 5954 perdurantes
2068 5888 2135 5944 ad

2225 3320 2323 3390 τὴν
2354 3321 2698 3390 προαίρεσιν,
2733 3322 2825 3374 καὶ
2868 3322 2931 3373 τὸ
2965 3323 3314 3388 αὐτεξούσιον
3345 3323 3557 3393 θέλημα
3586 3322 3678 3375 τῶν
3698 3336 3770 3371 τα·

2225 3410 2365 3479 χέως
2397 3410 2763 3479 ἐπιτυχόντων
2797 3410 2896 3479 τῆς
2934 3410 3087 3473 θείας
3119 3412 3362 3480 χάριτος,
3389 3414 3439 3464 εἰ
3466 3412 3672 3481 ᾔσθοντο
3698 3406 3772 3471 τῆς

2226 3502 2573 3570 εὐεργεσίας,
2603 3503 2699 3554 καὶ
2737 3502 2839 3571 τῆς
2865 3503 3002 3572 πρὸς
3028 3504 3224 3567 αὐτοὺς
3254 3506 3558 3574 γενομένης
3580 3500 3770 3572 χρηστε-

2224 3612 2387 3665 τητος
2438 3596 2532 3648 καὶ
2558 3594 2900 3665 γλυκύτητος
2925 3595 3018 3649 τοῦ
3045 3596 3204 3662 Θεοῦ,
3236 3598 3380 3655 κατὰ
3407 3596 3682 3663 ἀναλογίαν
3698 3591 3771 3656 τῆς

2226 3688 2356 3742 ἄνευ
2403 3688 2586 3740 πόνων
2635 3688 2781 3740 ἰδίων
2820 3689 3065 3759 χάριτος,
3108 3684 3176 3761 ἧς
3200 3691 3627 3754 καταξιωθέντες
3652 3686 3767 3752 (ιςεί-

2226 3776 2379 3831 λουσι
2432 3777 2686 3847 σπουδὴν,
2728 3778 2823 3829 καὶ
2850 3778 3071 3848 δρόμον,
3122 3781 3214 3833 καὶ
3258 3782 3468 3848 ἀγῶνα,
3496 3781 3587 3833 καὶ
3624 3776 3769 3830 τδνὲκ

2226 3868 2537 3937 θελήματος
2577 3870 2671 3921 καὶ
2704 3872 3082 3940 προαιρέσεως
3116 3872 3337 3940 ἀγάπης
3376 3873 3587 3941 καρπὸν
3611 3865 3768 3922 ἐπιδεί-

2227 3959 2443 4026 ξασθαι,
2487 3960 2583 4013 καὶ¹
2622 3962 2720 4031 τὴν
2754 3962 2988 4033 ἀμοιϐὴν
3029 3964 3140 4016 τῶν
3180 3966 3540 4035 χαρισμάτων
3579 3965 3768 4015 ἀνταπο-

2225 4051 2432 4115 δοῦναι,
2466 4053 2748 4106 τουτέστιν
2773 4054 2927 4117 ὅλους
2956 4056 3182 4120 ἑαυτοὺς
3212 4052 3768 4122 διδόπεςηέκδὸτονςεξς

2225 4143 2324 4213 τὴν
2351 4144 2444 4197 τοῦ
2476 4145 2681 4215 Κυρίου
2716 4146 2956 4214 ἀγάπην,
2990 4149 3084 4201 καὶ
3115 4149 3176 4201 τὸ
3208 4150 3377 4203 αὐτοῦ
3410 4151 3615 4221 θέλημα
3645 4146 3767 4217 μόνθν

2226 4234 2619 4301 ἐπιτελοῦντες,
2644 4238 2738 4291 καὶ
2768 4238 2950 4309 πάσης
2976 4243 3245 4311 σαρκικῆς
3278 4230 3577 4313 ἐπιθυμίας
3592 4237 3767 4295 τελείως

2226 4326 2667 4397 ἀναχωροῦντες.

2296 4418 2371 4477 Β’.
2404 4415 2496 4482 Οἷς
2525 4419 2580 4479 δέ
2613 4422 2703 4475 καὶ
2730 4421 3234 4493 ἀναχωρήσασι-τοῦ
3265 4426 3494 4496 κόσμου,
3530 4426 3616 4479 καὶ
3635 4424 3765 4490 ἀρνῇ·

2227 4512 2482 4581 σαμένοις
2507 4512 2601 4566 τὸν
2629 4514 2802 4568 αίῶνα
2821 4515 3011 4570 τοῦτον
3039 4519 3180 4571 κατὰ
3200 4519 3264 4571 τὸ
3280 4520 3624 4588 Εὑαγγέλιον,
3639 4514 3712 4565 καὶ
3726 4512 3767 4560 ἐν

2168 4614 2210 4666 ί)
2241 4604 2410 4674 πολλῇ
2433 4606 2909 4675 προσκαρτερήσει
2934 4608 3101 4678 εὐχῆς
3122 4610 3213 4662 καὶ
3240 4612 3517 4679 νηστείας,
3532 4608 3618 4660 καὶ
3638 4618 3763 4655 σπουι

2232 4696 2336 4764 δῆς
2356 4695 2449 4749 καὶ
2480 4695 2586 4748 τῶν
2603 4695 2807 4749 λοιπῶν
2825 4697 3040 4767 ἀρετῶν
3069 4701 3452 4770 τυγχάνουσιν,
3476 4700 3569 4755 οὐκ
3594 4690 3765 4749 εὐθὺςδ

2233 4786 2364 4849 Θεὸς
2389 4786 2573 4839 δίδωσι
2603 4787 2702 4858 τὴν
2719 4788 2877 4858 χάριν
2916 4790 3013 4843 καὶ
3029 4792 3126 4860 τὴν
3158 4793 3488 4855 ἀνάπαυσιν,
3522 4790 3608 4845 καὶ
3635 4782 3763 4851 ἀγαλ-

2194 4888 2199 4893 ’
2232 4881 2409 4933 λίασιν
2428 4880 2520 4931 τοῦ
2534 4878 2673 4932 Πνεύ
2682 4896 2874 4949 ματος,
2900 4882 3273 4952 μακροθυμῶν
3288 4885 3374 4937 ἐπ’
3402 4886 3578 4946 αὐτοῖς
3601 4875 3763 4939 καίτὴν

2228 4973 2440 5043 δωρεὰν
2470 4973 2702 5043 ἐπέχων.
2740 4974 2849 5029 Καὶ
2860 4974 3027 5027 τοῦτο
3047 4976 3147 5028 οὐκ
3174 4977 3386 5046 ἀργῶς,
3405 4977 3522 5030 οὐδὲ
3542 4972 3758 5038 ἀκαίρως,

2232 5066 2353 5118 οὐδὲ
2382 5065 2456 5127 ὡς
2488 5065 2697 5135 ἔτυχεν,
2726 5065 2863 5119 ἀλλὰ
2900 5067 3060 5139 σοφίᾳ
3091 5069 3199 5121 τινὶ
3232 5072 3456 5140 ἀρρήτῳ
3480 5071 3555 5131 εἰς
3583 5066 3761 5129 δοκιμα-

2237 5159 2359 5210 σίαν
2392 5156 2485 5209 τοῦ
2515 5158 2866 5231 αὑτεξουσίου
2895 5159 3218 5230 θελήματος,
3248 5162 3344 5214 τοῦ
3370 5163 3514 5225 ἰδεῖν,
3538 5160 3587 5211 εὶ
3614 5150 3760 5207 πιστὸν

2236 5249 2331 5301 καὶ
2359 5249 2531 5318 ἁληΟῆ
2560 5250 2798 5319 ἥγηνται
2825 5252 2915 5303 τὸν
2940 5253 3073 5305 Θεὸν
3098 5253 3190 5306 τὸν
3219 5253 3663 5322 ἐπαγγειλάμενον
3679 5244 3760 5298 τοῖς

2234 5341 2449 5413 αἰτοῦσι
2492 5342 2714 5408 διδόναι,
2759 5345 2854 5397 καὶ
2894 5350 3006 5408 τοῖς
3052 5346 3342 5415 κρούουσιν
3381 5346 3601 5413 ἀνοίγειν
3628 5336 3757 5404 θύραν

2236 5433 2407 5502 ζωῆς,
2446 5435 2538 5488 τοῦ
2580 5436 2707 5489 ἰδεῖν
2753 5437 2849 5493 καὶ
2897 5440 3300 5504 πιστεύσαντας
3349 5441 3408 5504 ἐξ
3434 5434 3663 5506 ἀληθείας
3701 5421 3757 5489 τῷ

2237 5524 2380 5592 λόγῳ
2405 5526 2592 5590 αὑτοῦ,
2626 5528 2674 5578 εἰ
2718 5528 2821 5589 ἓως
2864 5530 3050 5595 τέλους
3084 5533 3486 5601 παραμένουσιν
3516 5530 3568 5581 ἐν
3595 5524 3755 5588 πληρο-

2238 5615 2403 5686 φορίᾳ
2424 5616 2663 5681 πίστεως
2690 5620 2784 5672 καὶ
2815 5621 3074 5689 σπουδῆς,
3094 5624 3369 5688 αἰτοῦντες
3393 5623 3479 5676 καὶ
3502 5614 3753 5686 ζητοῦντεςν

2240 5711 2287 5760 εί
2319 5708 2394 5779 μὴ
2422 5716 2897 5780 περικακὴσαντες
2942 5716 3037 5769 καὶ
3082 5717 3491 5777 ὑποστείλαντες
3526 5715 3751 5771 exampl-

2241 5800 2404 5868 φῶσι,
2440 5803 2533 5855 καὶ
2566 5805 2969 5874 ἀπιστήσαντες
3002 5808 3094 5860 καὶ
3120 5808 3511 5866 ἀπελπίσαντες
3538 5791 3753 5860 ὀλιγωρήο

2245 5909 2397 5957 cum:
2429 5893 2505 5963 μὴ
2536 5896 2616 5957 εἰς
2646 5896 2797 5959 τέλος
2823 5897 3217 5967 ὑπομείναντες
3254 5900 3342 5959 διὰ
3374 5898 3467 5967 τὴν
3494 5882 3749 5960 παραδολίν
