3966 6450
261 407 368 470 717

1456 410 1824 471 IIOMILL'E.
1855 434 1925 444 --
1957 408 2394 469 HOM..XX1X.

3428 398 3545 464 ’118

264 521 364 577 τοῦ
419 520 642 590 χρόνου,
679 518 773 573 καὶ
798 519 861 572 τὸ
898 518 1192 591 δοκιμάσαι
1240 519 1302 573 τὸ
1353 519 1563 591 θέλημα
1611 521 1705 575 καὶ
1759 522 1856 591 τὴν

1968 522 2124 575 linem
2172 535 2347 589 usque
2403 526 2629 588 propter
2671 516 3108 588 interiectionem
3157 517 3441 585 temporis,
3471 533 3533 571 ac

265 613 618 682 προαίρεσιν.

342 702 417 755 Ι”.
465 702 523 755 '0
555 701 664 774 γὰρ
697 702 770 773 μὴ
803 704 989 772 τάχιον
1031 702 1346 772 λαμϐάνων,
1397 703 1485 756 διὰ
1529 704 1627 773 τῆς
1662 702 1855 757 ἀναϐο-

265 795 374 865 λῆς
402 795 495 849 καὶ
528 795 912 865 μακροθυμίας
938 794 1032 851 τοῦ
1060 794 1195 848 Θεοῦ
1238 794 1401 849 πλέον
1433 796 1733 860 ὲκκαίεται,
1759 798 1855 849 καὶ

268 890 438 942 πλέον
470 889 723 960 ὀρέγεται
771 889 879 941 τῶν
926 889 1193 959 οὐρανίων
1224 890 1469 956 ἀγαθῶν,
1504 890 1599 942 καὶ
1634 890 1856 943 πλείονα

268 982 442 1034 πόθον
466 984 562 1034 καὶ
587 980 846 1050 σπουδὴν,
869 981 963 1034 καὶ
982 981 1181 1052 δρόμον
1205 981 1299 1033 καὶ
1323 981 1530 1048 ἀγῶνα,
1555 981 1649 1033 καὶ
1674 984 1853 1035 πᾶσαν

267 1072 474 1142 ἀρετῆς
517 1073 872 1137 κατάστασιν,
910 1072 1004 1125 καὶ
1053 1075 1264 1135 πεῖναν,
1314 1072 1410 1126 καὶ
1456 1071 1636 1140 δίψαν,
1668 1074 1747 1136 είς
1793 1074 1855 1125 τὸ

268 1165 477 1231 ἀγαθὸν
510 1165 781 1234 ὁσημέραι
826 1164 1173 1234 προστίθησι,
1228 1165 1302 1235 μὴ
1338 1166 1708 1234 χαυνούμενος
1750 1166 1856 1220 ὑπὸ

268 1256 385 1310 τῶν
416 1259 514 1324 τῆς
567 1258 767 1319 κακίας
799 1257 1076 1327 λογισμῶν
1114 1258 1223 1311 τῶν
1262 1259 1528 1313 συνόντων
1573 1263 1638 1329 τῇ
1683 1259 1854 1329 ψυχῇ,

271 1348 372 1402 καὶ
402 1352 480 1410 εἰς
508 1348 823 1418 ὀλιγωρίαν,
868 1348 963 1401 καὶ
1004 1350 1466 1420 ἀνυπομονησίαν,
1502 1350 1597 1403 καὶ
1624 1351 1857 1404 ἀπελπι-

272 1440 416 1508 σμὸν
445 1439 866 1508 ἐκτρεπόμενος,
900 1439 934 1509 ἢ
966 1440 1130 1493 πάλιν
1164 1442 1438 1511 προφάσει
1473 1441 1857 1511 μακροθυμίας

271 1534 357 1593 εἰς
385 1531 656 1601 χαύνωσιν
690 1530 885 1587 ἑαυτὸν
904 1532 1164 1601 ἐπιδὼσῃ,
1196 1533 1442 1601 λογισμῷ
1467 1532 1692 1602 τοιούτῳ
1714 1533 1857 1603 χρώ-

276 1623 539 1693 μενος,ὡς
560 1624 647 1675 ὅτι,
678 1624 817 1676 ’Ὅτε
838 1623 1070 1689 ,δήποτε
1094 1624 1377 1692 λαμϐάνω
1399 1625 1514 1692 τὴν
1544 1624 1720 1693 χάριν
1751 1624 1858 1680 τοῦ

275 1712 470 1778 Θεοῦ;
498 1712 795 1767 κάντεῦθεν
822 1715 901 1776 είς
930 1714 1194 1782 ἀμέλειαν
1223 1715 1326 1766 ὐπὸ
1355 1714 1453 1783 τῆς
1489 1716 1688 1776 κακίας
1721 1716 1858 1769 ὑπο-

272 1808 668 1877 κλεπτόμενος.
713 1809 853 1861 Ἀλλ’
887 1808 972 1875 ἐφ’
999 1808 1122 1861 ὅσον
1146 1809 1307 1877 αὐτὸς
1338 1811 1365 1862 ὁ
1405 1809 1607 1879 Κύριος
1640 1809 1729 1861 διὰ
1757 1808 1859 1877 τῆς
1891 1860 1931 1912 Β

270 1899 551 1968 ἀναϐολῆς
609 1902 956 1971 μακροθυμεῖ
1011 1902 1096 1953 ἐπ’
1146 1900 1329 1968 αὐτῷ,
1386 1901 1698 1969 δοκιμάζων
1758 1900 1856 1971 τὴν

273 1992 463 2043 πίστιν
496 1992 592 2044 κα)⁵
622 1992 721 2059 τὴν
755 1992 977 2061 ἀγάπην
1007 1990 1099 2061 τοῦ
1137 1990 1446 2059 θελήματος
1478 1991 1666 2053 αὐτοῦ,
1698 1991 1860 2054 αὐτὸς

271 2082 567 2152 ὀξυτέρως,
599 2084 691 2134 καὶ
714 2082 1006 2136 ὲκτιονεστέ
1018 2100 1144 2150 ρως,
1172 2084 1266 2135 καὶ
1288 2082 1573 2147 ἀνενδεῶς,
1606 2082 1697 2137 καὶ
1722 2084 1861 2135 ἀπε-

276 2176 597 2244 ρικακήτως
648 2174 855 2241 ὀφείλει
894 2175 1077 2239 ζητεῖν
1131 2175 1230 2243 τὴν
1287 2176 1498 2244 δωρεάν
1548 2174 1643 2228 τοῦ
1700 2174 1858 2239 Θεοῦ,

273 2264 427 2331 ἅπαξ
483 2263 865 2327 πεπιστευκὼς
913 2266 1005 2319 καὶ
1060 2265 1485 2335 πληροφορήσας
1534 2266 1746 2330 ἑαυτὸν,
1778 2267 1860 2319 ὅτι

278 2358 418 2418 est;
446 2357 682 2426 ἀψευδὴς
732 2358 824 2410 καὶ
867 2357 1121 2427 ἀληθινός
1172 2359 1342 2422 ἐστιν,
1391 2358 1860 2426 ἐπαγγειλάμενος

280 2448 485 2502 διδόναι
514 2452 627 2511 τοῖς
659 2448 797 2516 μετά
836 2449 1073 2511 πίστεως
1106 2448 1319 2501 αἰτοῦσι
1359 2448 1457 2518 τὴν
1492 2448 1653 2518 χάριν
1693 2447 1860 2501 αὐτοῦ

272 2539 383 2601 ῗως
407 2539 615 2603 τέλους,
649 2541 707 2592 ἐν
741 2540 889 2611 πάσῃ
922 2540 1191 2608 ὑπομονῇ.
1284 2596 1287 2597 ν

346 2633 421 2682 Δ’.
470 2630 601 2691 Ταῖς
632 2631 739 2697 γὰρ
772 2633 994 2693 πισταῖς
1036 2630 1237 2699 ψυχαῖς
1287 2632 1476 2694 πιστὸς
1520 2632 1613 2684 καὶ¹
1653 2632 1858 2702 ἀληθὴς

283 2722 492 2790 ἡγεῖται
515 2724 542 2775 ὁ
574 2722 725 2786 Θεὸς,
757 2724 850 2774 καὶ
882 2723 1222 2790 ὲσφράγισαν
1248 2724 1328 2775 ὅτι
1361 2724 1569 2793 ἀληθής
1596 2725 1733 2788 ἐστι,
1759 2742 1863 2779 και·

273 2813 346 2867 τὶ
372 2814 462 2867 τὸν
498 2813 672 2883 ἀληθῆ
705 2813 880 2882 λόγον.
901 2814 1233 2877 Ἀκολούθως
1265 2815 1355 2868 οῦν
1383 2818 1448 2885 τῇ
1485 2817 1863 2888 προειρημένῃ

272 2910 379 2978 τῆς
421 2909 657 2969 πίστεως
696 2908 874 2979 ἐννοίᾳ
914 2908 1303 2977 ἀνακρίνουσιν
1346 2910 1567 2972 ἑαυτὰς,
1622 2911 1678 2962 ὲν
1718 2911 1862 2963 τίσιν

274 2998 568 3068 ὑστεροῦσι
611 3000 672 3052 τὸ
725 3001 849 3053 ὅσον
897 3000 957 3065 ἐξ
986 3000 1251 3068 αὐτῶν,ἢ
1307 3002 1539 3070 πόνῳ,ἣ
1584 3002 1780 3067 ἀγῶνι,
1827 3003 1860 3071 ἢ

277 3090 503 3160 σπουδῇ,
540 3091 573 3161 ἢ
605 3091 807 3155 πίστει,
840 3092 871 3160 ἢ
902 3091 1111 3165 ἀγάπῃ,
1144 3090 1175 3160 ἦ
1205 3094 1268 3160 τῇ
1313 3091 1468 3162 λοιπῇ
1510 3092 1619 3145 τῶν
1650 3094 1862 3161 ἀρετῶν

1954 611 2337 683 probationem
2370 611 2676 665 voluntatis
2705 618 2761 663 et
2794 608 3081 679 propositi.

2024 706 2115 759 lll.
2174 704 2277 769 Qui
2325 705 2473 758 enim
2521 718 2631 758 non
2691 703 2980 757 confestim
3042 701 3260 771 accipit,
3312 709 3536 771 propter

1954 794 2274 849 dilationem
2324 809 2391 848 ac
2440 793 2908 864 longanintitatcm
2962 792 3082 856 Dei,
3119 793 3405 846 ardentius
3437 806 3532 846 ac-

1955 887 2229 951 cenditur,
2279 886 2773 955 vehementiusque
2812 885 3023 954 appetit
3067 885 3311 939 coelestia
3365 883 3532 948 bona,

1961 988 2126 1048 atque
2153 981 2329 1050 majus
2364 979 2723 1044 desiderium,
2770 979 3036 1043 studium,
3074 994 3317 1041 cursum,
3354 987 3535 1032 certa-

1955 1086 2103 1136 men,
2129 1086 2344 1126 omnem
2376 1072 2597 1126 virtutis
2637 1082 2861 1136 statum,
2908 1070 3145 1124 esuriem
3179 1080 3234 1124 et
3276 1069 3423 1123 sitim
3465 1068 3536 1123 ad

1954 1162 2161 1215 bonum
2195 1162 2440 1231 quotidie
2488 1163 2736 1232 apponit,
2797 1177 2908 1215 non
2966 1161 3145 1215 factus
3188 1161 3470 1215 remissior
3504 1175 3535 1213 a

1956 1252 2163 1305 malitia
2181 1253 2576 1322 cogitationum
2596 1253 2792 1307 animae
2808 1250 3218 1315 inhaerentium,
3244 1250 3378 1304 etin
3405 1264 3537 1303 con-

1960 1354 2249 1414 temptum,
2284 1344 2680 1414 impatientiam
2718 1360 2783 1399 ac
2822 1343 3264 1413 desperationem
3303 1357 3539 1397 conver-

1960 1451 2051 1491 sus
2076 1455 2089 1491 :
2115 1444 2211 1490 aut
2244 1444 2456 1502 contra,
2488 1445 2754 1505 praetextu
2785 1434 3237 1506 longanimitatis,
3270 1432 3539 1489 socordire

1960 1543 2019 1583 se
2044 1528 2223 1596 ipsum
2241 1528 2425 1591 dedat,
2439 1529 2541 1582 hac
2560 1529 2891 1597 cogitatione
2909 1544 3062 1591 usus,
3078 1543 3293 1595 nempe,
3314 1525 3541 1590 Quando

1959 1636 2252 1690 consequar
2285 1622 2517 1689 gratiam
2542 1620 2675 1674 Dei?
2706 1619 2833 1673 inde
2857 1619 2925 1673 ad
2955 1618 3339 1688 negligentiam
3360 1634 3389 1670 a
3420 1632 3539 1669 ma-

1960 1713 2078 1767 litia
2132 1712 2450 1781 subreptus.
2504 1712 2574 1765 At
2624 1726 2757 1765 vero
2807 1721 3013 1780 quanto
3056 1709 3227 1778 magis
3274 1709 3543 1761 Dominus

1963 1808 2079 1877 ipse
2103 1805 2408 1861 differendo
2441 1805 2815 1874 longanimum
2851 1820 2908 1857 se
2952 1811 3177 1873 praestat
3217 1816 3343 1870 erga
3389 1814 3539 1862 eum,

1962 1898 2283 1952 examinans
2322 1897 2484 1950 ﬁdem
2525 1911 2589 1949 ac
2633 1894 2985 1949 dilectionem
3033 1890 3332 1945 voluntatis
3380 1889 3539 1958 eius:

1962 1997 2118 2044 tanto
2151 1991 2354 2055 acrius,
2397 1996 2548 2043 tanto
2577 1989 2919 2059 diligentius,
2954 1986 3237 2041 irremisse
3286 1999 3349 2037 ac
3383 1982 3542 2036 inde-

1964 2083 2318 2153 fatigabiliter
2346 2083 2630 2152 inquirere
2656 2082 2820 2136 debet
2848 2080 3054 2134 donum
3085 2079 3203 2139 Dei,
3232 2076 3402 2130 semel
3424 2089 3547 2128 cre-

1962 2176 2117 2240 dens,
2149 2192 2211 2231 ac
2234 2186 2385 2231 certa
2413 2176 2611 2229 ﬁducia
2641 2174 2745 2229 sibi
2778 2171 3114 2243 persuadens
3164 2171 3331 2223 Deum
3388 2181 3546 2221 men-

1963 2265 2108 2319 dacii
2152 2272 2433 2334 expertem
2470 2279 2533 2318 ac
2571 2276 2823 2317 veracent
2864 2275 3006 2322 esse,
3051 2258 3143 2327 qui
3177 2256 3428 2327 promisit
3481 2269 3540 2308 se

1962 2357 2219 2412 daturum
2276 2357 2505 2425 gratiam
2555 2370 2709 2411 suam
2764 2354 2821 2406 in
2877 2352 2982 2407 ﬁde
3030 2367 3151 2407 eam
3204 2349 3544 2421 petentibus,

1964 2464 2141 2518 usque
2166 2448 2235 2503 ad
2268 2450 2432 2503 ﬁnem
2463 2462 2589 2501 cum
2624 2445 2774 2501 omni
2808 2442 3093 2513 patientia.

2034 2624 2122 2679 IV.
2170 2623 2385 2677 Fideles
2412 2621 2559 2679 enim
2589 2622 2786 2675 animae
2816 2619 3030 2673 ﬁdelem
3064 2633 3127 2672 ae
3156 2632 3404 2671 veraeem
3432 2614 3547 2669 exi-

1964 2718 2190 2771 stimant
2218 2715 2413 2779 Deum,
2457 2720 2506 2767 et
2548 2712 2978 2781 obsignaverunt,
3011 2709 3148 2779 quod
3178 2724 3338 2762 varas:
3370 2710 3436 2762 sit
3474 2707 3543 2767 9",

1965 2817 2026 2863 ut
2052 2822 2214 2871 verus
2237 2821 2422 2861 sermo
2452 2804 2729 2875 perhibet.
2771 2802 3186 2871 Consequentcr
3208 2800 3547 2870 igiturjuxta

1963 2899 2279 2970 praedictam
2323 2896 2449 2950 ﬁdei
2500 2894 2752 2950 notitiam
2779 2894 3086 2964 diiudicant
3121 2908 3179 2945 se
3211 2891 3376 2961 ipsas,
3407 2905 3547 2960 qua-

1966 3007 2088 3045 rum
2125 3005 2309 3044 rerum
2360 2989 2603 3058 inopiam
2648 2989 2950 3057 patiantur,
2996 2994 3260 3054 quantum
3290 2992 3541 3053 possunt,

1968 3084 2083 3138 sive
2116 3082 2327 3145 labore,
2360 3084 2474 3135 sive
2522 3080 2845 3143 certamine,
2890 3078 3003 3131 sive
3036 3076 3238 3139 studio,
3268 3076 3382 3129 sive
3416 3072 3547 3133 ﬁde,

276 3184 644 3238 καταστάσει·
677 3185 770 3239 καὶ
792 3184 1256 3253 ἀνακρίνουσαιὲν
1281 3185 1428 3255 πάσῃ
1472 3186 1731 3257 ἀκριϐείᾳ
1780 3186 1860 3238 λε-

1969 3174 2083 3230 sive
2110 3172 2427 3233 dilectione,
2461 3172 2576 3225 sive
2604 3171 2812 3239 reliqua
2855 3170 3124 3224 virtutum
3154 3168 3270 3221 acie
3306 3184 3316 3218 :
3350 3175 3405 3219 et
3451 3164 3544 3217 ubi

277 3275 567 3344 πτότητος,
599 3276 895 3345 βιάζονται,
945 3280 1041 3346 ὅση
1092 3277 1343 3344 δύναμις,
1368 3279 1460 3331 καὶ
1492 3278 1752 3346 ἄγχουσιν
1786 3281 1863 3341 εἰς

274 3367 380 3436 τὴν
408 3368 766 3438 εὐαρέστησιν
800 3369 896 3421 τοῦ
922 3371 1153 3441 Κυρίου,
1187 3369 1334 3433 ἅπαξ
1366 3367 1748 3433 πιστεύσασαι,
1780 3370 1863 3421 ὅτι

273 3461 306 3513 ὁ
339 3460 471 3522 Θεὸς
497 3460 717 3530 ἀληθὴςΔ
745 3462 821 3513 ὢν
848 3463 907 3513 οὐ
954 3464 1209 3533 στερήσει
1263 3464 1360 3528 τῆς
1402 3462 1497 3514 τοῦ
1546 3459 1864 3530 Πνεύματος

276 3553 488 3623 δωρεᾶς
521 3553 710 3618 αὐτὰς,
748 3556 796 3607 εί
828 3555 1244 3626 παραμείνωσιν
1285 3555 1391 3616 ἓως
1422 3554 1613 3617 τέλους
1657 3554 1736 3616 είς
1767 3552 1865 3623 τὴν

278 3650 417 3711 πρὸς
446 3646 608 3703 αὐτὸν
639 3646 727 3699 διὰ
755 3646 935 3716 πάσης
978 3647 1214 3715 σπουδῆς
1248 3645 1504 3716 λατρείαν
1536 3645 1630 3697 καὶ
1659 3646 1866 3715 ἀναμο-

275 3738 397 3807 νὴν,
433 3738 569 3801 ἀλλά
610 3738 1118 3807 καταξιωθήσονται
1163 3740 1263 3807 τῆς
1309 3738 1565 3808 οὐρανίου
1617 3739 1861 3808 χάριτος,

278 3830 355 3892 ὡς
386 3829 466 3882 ἔτι
497 3832 553 3882 ὲν
578 3831 739 3901 σαρκὶ
769 3832 1157 3901 τυγχάνουσαι,
1201 3830 1296 3884 καὶ
1330 3831 1430 3899 τῆς
1459 3831 1679 3884 αἰωνίου
1717 3829 1865 3900 ζωῆς

276 3922 582 3986 τεύξονται.

351 4097 426 4155 E'.
460 4098 574 4155 Καὶ
622 4098 798 4163 οὕτως
840 4099 1086 4155 κινοῦσιν
1130 4102 1259 4172 ὃλην
1298 4096 1395 4171 τὴν
1430 4100 1653 4170 ἀγάπην
1682 4100 1865 4154 αὐτῶν

278 4193 420 4265 πρὸς
451 4194 544 4246 τὸν
591 4192 833 4265 Κύριον,·
872 4195 1252 4265 ἀρνησάμεναι
1302 4193 1505 4259 πάντα,
1556 4194 1651 4245 καὶ
1699 4193 1865 4245 αὐτὸν

281 4287 445 4356 μόνον
476 4288 534 4341 ὲν
564 4286 732 4359 πολλῇ
764 4287 1054 4356 ἐπιθυμίᾳ,
1086 4287 1179 4345 καί
1208 4286 1367 4355 πείνῃ
1385 4287 1478 4339 καὶ
1510 4285 1652 4354 δίψει
1692 4301 1865 4354 προσ-

276 4379 539 4443 δοκῶσαι,
587 4380 680 4434 καὶ
733 4380 831 4450 τὴν
884 4380 1191 4433 ἀνάπαυσιν
1237 4382 1331 4439 καὶ
1370 4378 1720 4447 παράκλησιν
1766 4378 1866 4447 τῆς

277 4472 499 4542 χάριτος
532 4472 885 4541 ἐκδεχόμεναι
922 4472 1153 4525 πάντοτε
1190 4472 1285 4523 καὶ
1311 4471 1403 4523 ἐπὶ
1437 4471 1628 4539 μηδενὶ
1659 4471 1853 4524 τούτου

276 4564 373 4619 τοῦ
401 4566 608 4634 κόσμου
641 4564 1154 4633 παρακαλούμεναι,
1181 4564 1272 4617 καὶ
1303 4564 1741 4631 ἀναπαυόμεναι,
1771 4564 1865 4616 καὶ

277 4657 646 4729 δεσμούμεναι
699 4657 990 4720 ἑκουσίως⁶
1044 4657 1178 4711 ἀλλά
1211 4657 1443 4710 πάντοτε
1499 4659 1612 4718 τοῖς
1658 4656 1864 4719 ὐλικοῖς

278 4752 563 4819 λογισμοῖς
615 4750 1019 4817 ἀντιλέγουσαι,
1064 4748 1163 4819 τὴν
1186 4748 1281 4802 τοῦ
1326 4747 1460 4800 Θεοῦ
1492 4746 1741 4818 βοήθειαν
1770 4748 1865 4800 καὶ

277 4844 563 4913 ἀντίληψιν
612 4842 771 4915 μόνον
813 4840 1209 4911 προσδοκῶσιν,
1246 4840 1408 4907 ὁπότε
1444 4842 1566 4901 ταῖς
1608 4841 1864 4910 τοιαύτην

280 4937 520 5007 σπουδὴν
543 4936 639 4990 καὶ
667 4934 990 5006 προαίρεσιν
1017 4936 1112 4989 καὶ
1138 4932 1414 5003 ὑπομονὴν
1437 4932 1864 5003 ἀναδεχομέναις

275 5031 478 5100 ψυχαῖς
512 5028 680 5090 αὐτὸς
711 5029 740 5080 ὁ
789 5026 1133 5095 Κύριοςίῆδη
1182 5023 1442 5103 κρυπτῶς
1485 5023 1722 5087 σύνεστι,
1768 5024 1863 5075 καὶ

278 5123 489 5196 βοηθεῖ,
532 5121 626 5174 καὶ
675 5118 1043 5189 διαφυλάττει,
1092 5118 1185 5170 καὶ
1236 5116 1588 5185 ὑποστηρίζει
1630 5115 1862 5168 ἕκαστον

274 5217 379 5285 τῆς
407 5213 609 5286 ἀρετῆς
639 5213 850 5284 καρπόν
870 5228 885 5242 ο
927 5210 1029 5265 κᾶν
1063 5211 1120 5264 ὲν
1154 5210 1301 5279 πόνῳ
1325 5209 1417 5262 καὶ
1443 5207 1621 5277 θλίψει
1655 5206 1860 5276 τυγχά-

274 5323 437 5366 νωσι,
483 5306 587 5359 κᾶν
638 5305 695 5357 ἐν
737 5302 1032 5371 ἐπιγνώσει
1080 5301 1357 5371 ἀληθείας,
1415 5300 1508 5355 καὶ
1558 5299 1865 5370 φανερώσει

274 5396 717 5470 ψυχῆς,⁹οὐδὲπω
737 5396 1065 5466 ἐκομίσαντο
1094 5394 1192 5465 τὴν
1214 5393 1373 5463 χάριν
1400 5393 1493 5449 τοῦ
1518 5391 1862 5462 Πνεύματος,

275 5490 379 5544 καὶ
417 5490 519 5558 τὴν
562 5488 870 5542 ἀνάπαυσιν
902 5487 1003 5554 τῆς
1046 5485 1371 5552 ἐπουρανίου
1399 5483 1628 5553 δωρεᾶς,
1663 5482 1755 5534 καὶ
1806 5484 1862 5533 ἐν

278 5579 629 5651 πληροφορίᾳ
662 5580 761 5632 οὐκ
807 5578 1035 5650 ᾔσθοντο
1071 5578 1275 5645 ταύτης
1317 5576 1406 5629 διὰ
1452 5575 1547 5644 τὴν
1582 5572 1678 5627 τοῦ
1726 5572 1860 5625 Θεοῦ

277 5674 523 5743 ἄρρητον
560 5674 773 5740 σοφίαν,
797 5673 890 5727 καὶ
922 5672 989 5725 τὰ
1024 5670 1387 5740 ἀνεκδιήγητα
1423 5666 1687 5738 κρίματα,
1716 5664 1861 5717 δοκι-

346 5851 390 5883 ⁹⁶
427 5850 583 5904 Joan.
610 5867 688 5915 Ill,
714 5849 800 5904 '55.

1966 3282 2025 3321 se
2057 3265 2426 3321 examinarint
2457 3264 2681 3325 omnino
2711 3272 2969 3317 accurate
2999 3270 3055 3314 et
3081 3258 3378 3321 subtiliter,
3398 3270 3548 3309 com-

1967 3358 2200 3428 pellunt,
2229 3371 2328 3424 pro
2356 3355 2589 3416 viribus,
2611 3362 2773 3423 atque
2795 3352 3024 3424 adigunt
3051 3366 3109 3405 sc
3137 3351 3283 3421 ipsas
3308 3347 3375 3401 ad
3407 3347 3553 3401 bene

1966 3447 2294 3518 placendum
2348 3447 2609 3511 Domino;
2665 3444 2871 3513 quippe
2917 3458 3039 3511 qum
3082 3440 3251 3495 semel
3292 3436 3547 3492 credide~

1967 3549 2097 3595 runt
2153 3542 2327 3595 Deum
2365 3580 2380 3604 ,
2435 3537 2528 3605 qui
2581 3552 2747 3589 verax
2777 3543 2883 3601 est,
2932 3548 3043 3586 non
3077 3532 3419 3602 privaturunt
3456 3542 3550 3582 cas

1967 3632 2113 3687 dono
2139 3632 2397 3702 Spiritus,
2434 3630 2477 3685 si
2524 3626 2931 3698 permanserint
2977 3637 3151 3694 usque
3193 3622 3259 3695 ad
3300 3621 3462 3675 ﬁnem
3494 3621 3549 3674 in

1966 3726 2118 3782 cultu
2148 3733 2311 3793 atque
2340 3720 2752 3792 exspectatione
2777 3733 2900 3774 cum
2937 3717 3088 3769 omni
3120 3713 3423 3784 diligentia,
3454 3713 3549 3765 sed

1967 3819 2158 3887 dignas
2209 3831 2267 3869 se
2303 3823 2619 3883 reputatum
2666 3812 2733 3865 iri
2778 3810 2988 3865 caelesti
3038 3809 3231 3877 gratia,
3264 3815 3324 3858 ut
3370 3803 3551 3858 adhuc

1968 3912 2023 3965 in
2055 3924 2223 3964 carne
2262 3906 2611 3969 exsistentes,
2660 3912 2823 3973 atque
2853 3901 3022 3965 vitam
3053 3908 3315 3955 azternam
3352 3912 3549 3951 conse-

1968 4011 2210 4058 Cllllll‘ﬂS.

2037 4096 2103 4150 V.
2145 4094 2323 4162 Atque
2358 4091 2465 4146 hoc
2489 4096 2648 4159 pacto
2674 4094 2822 4141 mota
2851 4084 3001 4139 omni
3034 4082 3331 4137 dilectione
3360 4092 3457 4132 sua
3482 4074 3547 4130 ad

1966 4183 2300 4245 Dominum,
2356 4177 2767 4251 repudiatisque
2840 4173 3141 4235 omnibus,
3190 4184 3316 4223 eum
3373 4166 3549 4219 solum

1969 4290 2183 4332 summo
2220 4272 2519 4334 desiderio,
2553 4270 2736 4323 esurie
2767 4278 2822 4323 et
2857 4266 2946 4320 siti
2975 4270 3328 4333 exspectant;
3363 4268 3419 4313 et
3458 4274 3549 4312 re-

1968 4367 2303 4422 creationem
2344 4371 2398 4416 et
2431 4357 2865 4415 consolationem
2895 4354 3084 4426 gratia:
3111 4360 3377 4421 perpetuo
3406 4364 3550 4420 prac-

1968 4460 2251 4521 stolantes,
2289 4456 2344 4509 in
2378 4454 2526 4508 nulla
2559 4468 2619 4505 rc
2668 4451 2836 4519 hujus
2882 4446 3070 4502 mundi
3114 4443 3551 4500 consolationem

1970 4548 2251 4617 accipiunt
2283 4556 2337 4600 et
2365 4543 2742 4613 requiescunt,
2777 4556 2841 4594 ac
2864 4541 3008 4595 ultro
3035 4539 3211 4609 ligatae
3254 4545 3381 4591 sunt
3410 4553 3423 4588 :
3456 4534 3551 4589 sed

1968 4642 2169 4698 crassis
2198 4653 2417 4708 semper
2456 4633 2887 4705 cogitationibus
2919 4627 3554 4692 contradicentes,auxi-

1968 4739 2102 4793 lium
2126 4746 2297 4805 atque
2327 4732 2835 4787 remunerationem
2856 4730 2955 4785 Dei
2984 4737 3193 4782 tantum
3210 4734 3549 4795 exspectant,

1972 4827 2132 4899 114
2152 4842 2275 4881 cum
2308 4822 2623 4895 ltujusmodi
2643 4822 2848 4884 studio,
2872 4820 3181 4874 intentione
3203 4833 3265 4871 ac
3292 4815 3552 4885 patientia

1968 4919 2215 4989 praeditis
2231 4917 2429 4970 animis
2452 4915 2566 4984 ipse
2586 4912 2851 4968 Dominus
2871 4913 2979 4981 jam
3005 4908 3217 4963 occulte
3237 4907 3398 4970 adsit,
3424 4922 3554 4973 sup-

1970 5012 2144 5082 petias
2174 5010 2331 5071 ferat,
2368 5014 2659 5062 conservet
2688 5015 2743 5060 et
2778 5004 3056 5058 suﬁ‘ulciat
3093 5015 3309 5055 omnem
3333 4998 3556 5051 virtutis

1970 5104 2211 5169 fructum
2252 5120 2264 5155 :
2316 5117 2379 5155 ac
2416 5101 2546 5154 licet
2592 5099 2645 5151 in
2692 5097 2882 5151 labore
2914 5104 2970 5150 et
3016 5093 3311 5149 afﬂictione
3341 5093 3471 5155 sint,
3499 5101 3553 5144 et

1972 5198 2027 5251 in
2059 5196 2375 5267 cognitione
2403 5192 2654 5247 veritatis
2686 5200 2742 5245 ct
2770 5189 3140 5244 illustratione
3167 5186 3385 5251 animm,
3410 5200 3552 5239 non-

1974 5288 2105 5343 dum
2137 5296 2320 5341 tamen
2346 5292 2657 5340 consecuta:
2678 5292 2808 5336 sunt
2831 5281 3057 5351 gratiam
3088 5279 3347 5349 Spiritus,
3375 5293 3439 5332 ac
3469 5292 3554 5330 re-

1972 5381 2308 5439 creationctn
2340 5376 2583 5451 caelestis
2612 5374 2766 5437 doni,
2805 5389 2905 5429 nec
2933 5374 2986 5427 in
3021 5373 3183 5442 plena
3214 5370 3319 5424 ﬁde
3351 5368 3553 5423 consti-

1972 5483 2103 5528 tutae
2152 5478 2521 5543 perceperunt
2569 5484 2714 5532 eam,
2753 5474 2980 5536 propter
3028 5478 3286 5518 arcanam
3333 5460 3551 5530 sapien-

1972 5568 2123 5630 tiam,
2152 5574 2208 5618 et
2239 5561 2631 5618 inenarrabilia
2657 5560 2865 5631 judicia
2901 5557 3022 5622 Dei,
3049 5557 3142 5627 qui
3174 5554 3341 5609 variis
3376 5552 3555 5611 modis

1971 5661 2160 5717 ﬁdeles
2192 5660 2405 5715 animas
2449 5656 2671 5728 probat,
2706 5664 2763 5710 et
2797 5653 3147 5709 dilectionem
3177 5666 3244 5705 ex
3273 5650 3557 5703 voluntate
