3966 6454
476 383 582 449 ’119

1716 396 1776 456 S.
1816 396 2137 457 MACARII
2179 395 2501 460 lEGYPTII

3617 396 3712 461 720

475 505 534 551 et
587 498 872 566 proposito
916 506 1230 553 manantem
1283 498 1554 555 intuetur.
1611 500 1856 557 Termini
1910 505 2058 558 enim

2165 504 2431 573 μάζοντος
2481 506 2755 574 διαφόρως
2785 505 2885 569 τὰς
2913 504 3270 565 πιστευοΰσας
3297 506 3497 577 ψυχὰς,
3529 510 3617 562 καὶ
3643 514 3713 577 εἰς

477 589 700 658 quidam
729 599 880 656 sunt,
916 606 1191 645 mensuras
1218 607 1283 646 ac
1306 594 1546 658 trutinaa,
1570 594 1756 649 libera:
1783 596 2051 650 intentio-

477 681 586 745 nis,
614 690 671 735 et
694 682 1021 737 voluntariae
1050 682 1388 749 dilectionis,
1414 693 1577 753 atque
1599 686 1907 740 affectionis
1931 700 2058 756 erga

478 773 665 827 omnia
701 783 888 829 sancta
935 776 1057 846 ejus
1108 776 1386 841 mandata,
1435 784 1700 846 quantum
1742 778 1893 831 licet.
1937 777 2060 844 Quo

479 864 560 929 ﬁt,
611 874 672 920 ut
721 867 941 931 animae,
996 883 1117 938 quae
1165 868 1396 938 implent
1440 869 1645 924 amoris
1671 870 1857 939 [atque
1894 870 2058 924 oﬂicii

480 953 566 1008 sui
602 969 943 1022 mensuram,
969 971 1139 1027 regno
1167 972 1232 1012 ac
1263 957 1375 1012 vita
1413 968 1621 1014 aeterna
1666 957 1880 1014 idonea:
1905 956 2060 1029 judi-

480 1055 698 1103 cantur.

554 1242 643 1303 Vi.
684 1242 874 1304 Justus
900 1249 1047 1303 enim
1084 1248 1231 1304 Deus
1262 1256 1367 1313 est,
1401 1258 1460 1304 et
1495 1250 1644 1320 justa
1683 1248 1886 1320 judicia
1912 1249 2053 1320 ejus,

480 1352 661 1410 neque
694 1348 978 1409 respectus
1008 1356 1367 1410 personarum
1412 1342 1556 1412 apud
1587 1357 1715 1397 eum
1746 1343 1893 1397 ullus
1918 1360 1932 1396 :
1961 1342 2058 1397 sed

481 1442 579 1499 pro
602 1431 764 1485 modo
785 1430 1203 1497 beneﬁciorum,
1220 1432 1339 1486 sive
1372 1432 1765 1501 corporalium,
1811 1433 1926 1487 sive
1950 1432 2061 1502 spi-

478 1520 784 1586 ritualium,
820 1521 936 1577 sive
959 1523 1224 1587 scientiae,
1257 1523 1375 1577 sive
1399 1522 1715 1577 intellectus
1742 1524 1888 1595 (qua:
1909 1523 2056 1578 Deus

477 1621 688 1666 naturae
711 1627 935 1682 quoque
968 1612 1224 1667 humanae
1257 1612 1411 1667 varie
1446 1611 1670 1683 indidit)
1702 1614 2058 1684 judicaturus

476 1712 950 1772 unumquemque,
982 1702 1195 1757 fructus
1215 1702 1442 1757 virtutis
1470 1703 1738 1772 requiret,
1768 1710 1825 1757 et
1854 1719 1955 1773 pro
1976 1704 2060 1757 di-

474 1793 686 1861 gnitate
712 1794 907 1849 reddet
936 1795 1138 1863 cuique
1164 1795 1320 1865 juxta
1346 1808 1515 1863 opera
1538 1795 1695 1865 ejus;
1730 1804 1787 1849 et
1814 1813 1826 1848 :
1862 1795 2056 1849 Poten-

2164 596 2262 667 τὴν
2292 600 2355 650 ὲκ
2382 597 2686 667 θελήματος
2717 597 2814 650 καὶ
2850 598 3222 669 προαιρέσεως
3249 598 3473 670 ἀγάπην
3501 601 3718 655 ἀποσκο-

2163 690 2579 760 ποῦντος.⁹’οροι
2604 690 2715 759 γὰρ
2754 689 2850 742 καὶ
2887 690 3065 761 μέτρα
3093 690 3455 760 καὶσταθμοὶ
3489 691 3585 760 τῆς
3609 693 3719 747 ain.

2162 780 2408 846 εξουσίου
2447 779 2825 852 προαιρέσεώς
2882 783 3011 846 είσι,
3055 782 3148 835 καὶ
3179 781 3273 835 τοῦ
3304 781 3603 851 θελήματος
3635 784 3721 853 τῆς

2162 874 2405 942 ἀγάπης,
2435 874 2529 926 καὶ
2551 873 2651 943 vi};
2683 875 2763 937 εἰς
2788 873 2968 936 πάσας
2996 875 3095 937 τὰς
3123 875 3284 943 ἀγίας
3306 872 3475 927 αὐτοῦ
3502 874 3722 938 ἐντολὰς,

2161 966 2261 1035 ὅση
2292 964 2525 1034 δύναμις
2554 965 2867 1029 διαθέσεως.
2898 967 3010 1019 Καὶ
3044 966 3217 1030 οὕτως
3248 965 3651 1036 ἀναπληροῦσαι
3675 968 3723 1019 αί

2160 1058 2334 1128 ψυχαὶ
2359 1058 2421 1110 τὸ
2449 1058 2549 1127 τῆς
2579 1058 2801 1128 ἀγάπης
2822 1058 3000 1112 αὐτῶν
3029 1059 3125 1113 καὶ
3146 1059 3365 1129 δφειλῆς
3399 1058 3619 1129 μέτρον,
3639 1058 3726 1128 τῆς

2163 1150 2444 1224 βασιλείας
2465 1152 2560 1205 καὶ
2588 1155 2689 1222 τῆς
2717 1153 2937 1207 αιωνίου
2961 1153 3110 1221 ζωῆς
3140 1152 3550 1218 καταξιοῦνται.

2234 1248 2327 1313 ς’.
2359 1244 2581 1308 Δίκαιος
2609 1244 2720 1314 γάρ
2748 1245 2901 1297 ἐστιν
2927 1244 2956 1296 6
2991 1242 3145 1307 Θεὸς,
3177 1244 3272 1296 καὶ
3306 1242 3494 1296 δίκαια
3534 1243 3601 1295 τὰ
3624 1242 3728 1310 κρί-

2166 1355 2313 1408 ματα
2337 1337 2527 1401 αὺτοῢ,
2552 1336 2646 1390 καὶ
2672 1335 3101 1408 προσωποληψία
3128 1335 3259 1405 παρ’
3275 1332 3427 1404 αὐτῷ
3449 1334 3550 1387 οὐκ
3577 1332 3727 1397 ἐστιν,

2164 1430 2299 1485 ἀλλά
2334 1430 2476 1484 κατά
2504 1428 2800 1497 ἀναλογίαν
2829 1429 2939 1482 τῶν
2966 1426 3318 1497 εὐεργεσιῶν,
3350 1428 3473 1497 ἦτοι
3508 1442 3730 1492 σωματι-

2163 1526 2295 1592 κῶν,
2326 1526 2359 1595 ἢ
2392 1522 2802 1593 πνευματικῶν,
2830 1522 2949 1592 ἦτοι
2984 1520 3261 1590 γνώσεως,
3299 1517 3422 1589 ἢτοι
3455 1519 3726 1581 συνέσεως,

2162 1615 2196 1686 ἢ
2230 1613 2577 1683 διακρίσεως,
2626 1611 2663 1666 ἃ
2705 1612 2801 1665 καὶ
2830 1612 2887 1665 ὲν
2926 1613 2994 1681 τῇ
3036 1612 3198 1679 φύσει
3232 1607 3343 1661 τῶν
3372 1604 3674 1677 ἀνθρώπων
3705 1607 3729 1658 6

2162 1708 2297 1771 Θεὸς
2321 1705 2597 1775 διαφόρως
2626 1704 2905 1773 ἐνέθηκεν,
2944 1703 3175 1756 ἕκαστον
3215 1699 3421 1771 κρίνων
3451 1699 3578 1760 τοὺς
3608 1713 3728 1766 uap-

2164 1802 2301 1863 ποὺς
2333 1799 2434 1869 τῆς
2479 1796 2685 1869 ἀρετῆς
2716 1795 3057 1866 ἐπιζητήσει,
3081 1795 3177 1848 καὶ
3210 1793 3328 1846 κατ’
3349 1790 3515 1857 ἀξίαν
3534 1789 3727 1843 ἀποδώ-

479 1890 553 1938 tes
599 1894 841 1954 potenter
877 1894 1143 1939 tormenta
1211 1887 1485 1955 patientur
1513 1887 1582 1938 ⁸⁷.
1618 1886 1876 1941 Minimus
1911 1888 2058 1941 enim

2169 1909 2251 1945 σει
2276 1891 2491 1959 ἑκάστῳ
2514 1888 2653 1941 κατά
2683 1887 2752 1941 τὰ
2782 1888 2921 1958 ἔργα
2948 1884 3135 1947 αὐτοῦ,
3159 1883 3256 1938 καί
3286 1881 3537 1937 δυνατοί
3562 1880 3729 1934 δυνα-

476 1977 637 2031 venia
661 1992 727 2031 ac
750 1977 1131 2031 misericordia
1163 1976 1381 2047 dignus.
1405 1976 1474 2032 Et
1497 1977 1765 2032 Dominus
1794 1978 1872 2031 ait
1897 1995 1910 2031 :
1936 1978 2058 2033 Ser‘

475 2084 591 2132 vus,
622 2070 714 2140 qui
757 2072 995 2142 cognovit
1026 2070 1351 2126 voluntatem
1385 2072 1599 2126 Domini
1642 2074 1748 2138 sui,
1788 2082 1835 2127 et
1874 2090 1975 2126 non
2001 2087 2057 2126 se

476 2164 823 2232 praeparavit,
888 2166 1147 2234 necpfecit
1198 2166 1487 2220 secundum
1541 2165 1869 2220 voluntatem
1918 2168 2052 2236 ejus,

2157 1984 2272 2051 τῶς
2303 1981 2773 2048 ἐτασθήσονται.
2827 1979 2887 2034 '0
2931 1978 3042 2051 γὰρ
3071 1978 3357 2049 ἐλάχιστος
3396 1973 3728 2043 συγγνωστός

2157 2078 2306 2130 ἐστιν
2337 2075 2551 2138 ἐλέουςο
2602 2073 2698 2127 καὶ
2728 2076 2757 2126 6
2785 2072 2985 2142 Κύριος
3022 2071 3191 2139 λέγει,
3238 2069 3471 2133 Δοῦλος
3502 2070 3537 2121 ὁ
3564 2064 3729 2135 γνοὺς

2155 2166 2223 2223 τὸ
2260 2170 2489 2236 θέλημα
2515 2166 2622 2221 τοῦ
2647 2166 2858 2235 κυρίου
2882 2162 3125 2227 ἑαυτοῦ,
3154 2162 3253 2217 καί
3274 2161 3362 2231 μὴ
3393 2159 3727 2227 ἑτοιμάσας,

476 2252 650 2323 plagis
688 2254 961 2324 vapulabit
1000 2255 1204 2310 multis.
1245 2256 1347 2321 Qui
1378 2267 1557 2311 autem
1584 2274 1687 2311 non
1715 2258 1973 2327 cognovit,
2005 2264 2055 2309 et

2165 2262 2309 2330 μηδὲ
2337 2260 2597 2327 ποιήσας
2630 2258 2781 2327 πρὸς
2814 2257 2881 2311 τὸ
2906 2256 3136 2325 θέλημα
3176 2254 3383 2315 αὐτοῦ,
3415 2253 3730 2321 δαρήσεται

476 2345 596 2413 fecit
623 2346 784 2417 digna
811 2347 985 2418 plagis
1012 2392 1026 2415 ,
1061 2349 1335 2419 vapulabit
1366 2351 1570 2421 paucis.
1619 2350 1791 2405 Porro
1835 2351 2053 2404 cuicun-

478 2453 579 2507 que
627 2438 855 2493 multum
882 2441 1067 2495 datum
1096 2452 1194 2506 est,
1233 2443 1459 2496 multum
1484 2452 1753 2513 quwretur
1785 2443 1850 2497 ab
1878 2458 1959 2507 eo,
2004 2450 2055 2494 et

474 2529 559 2582 cui
596 2532 1095 2586 commendaverunt
1140 2534 1388 2599 multum,
1424 2536 1545 2606 plus
1586 2546 1763 2607 petent
1797 2536 1862 2589 ab
1892 2552 1950 2589 eo
1983 2536 2051 2591 ".

474 2622 772 2676 Scientiam
800 2632 983 2679 autem
1011 2634 1068 2680 et
1098 2625 1440 2681 intellectum
1473 2627 1850 2682 diversimode
1884 2628 2053 2682 intel-

472 2712 601 2784 lige,
642 2720 751 2769 tam
782 2717 1089 2770 secundum
1117 2718 1348 2787 gratiam
1377 2726 1434 2772 et
1460 2718 1668 2772 donum
1696 2718 1921 2773 caeleste
1942 2716 2059 2787 Spi-

472 2806 637 2871 ritus,
658 2824 821 2877 quam
851 2809 1156 2864 secundum
1186 2812 1495 2866 naturalem
1520 2825 1871 2881 progressum
1891 2810 2055 2864 inte].

470 2899 649 2955 lectus
669 2909 723 2956 et
762 2901 1138 2966 discretionis,
1167 2912 1332 2972 atque
1361 2920 1392 2958 e
1422 2903 1601 2958 sacris
1615 2903 1844 2958 Litteris
1876 2902 2059 2973 profe-

470 3002 575 3047 cta:
605 2993 997 3049 institutionis.
1028 2995 1110 3049 Ab
1140 3010 1475 3065 unoquoque
1507 2995 1655 3050 enim
1690 3004 2057 3065 reposcentur

472 3084 689 3137 fructus
724 3085 970 3149 virtutis,
993 3101 1093 3154 pro
1119 3086 1287 3141 modo
1322 3102 1353 3140 a
1388 3088 1500 3142 Deo
1531 3089 1585 3141 in
1627 3103 1686 3142 se
1726 3086 2055 3142 collaturum

472 3174 904 3239 beneﬁciorum,
946 3178 1062 3231 sive
1098 3178 1458 3241 naturalium,
1500 3179 1615 3233 sive
1643 3194 1673 3233 a
1718 3178 1904 3232 divina
1932 3192 2055 3248 gra-

474 3266 552 3322 tia
620 3282 1030 3323 concessorum.
1088 3269 1487 3325 lnexcusabilis
1549 3287 1684 3342 ergo
1737 3281 1822 3326 est
1877 3244 2126 3326 omnisc

475 3358 644 3412 homo
679 3358 824 3428 apud
859 3360 1031 3414 Deum
1079 3360 1135 3414 in
1166 3360 1255 3415 die
1280 3361 1497 3429 judicii.
1532 3361 1577 3419 Λ
1606 3361 1855 3430 quolibet
1883 3361 2055 3425 enim,

474 3455 642 3517 prout
694 3447 868 3511 novit,
918 3446 1133 3502 fructus
1180 3447 1330 3512 ﬁdei,
1382 3455 1439 3502 et
1503 3447 1837 3513 dilectionis,
1894 3454 2059 3516 atque

474 3538 660 3593 Omnis
689 3538 796 3593 sibi
826 3554 1101 3595 concessae
1140 3539 1385 3606 virtutis,
1416 3540 1739 3595 intentionis
1767 3554 1833 3593 ac
1861 3538 2060 3593 volun-

475 3631 609 3686 tatis
653 3634 867 3688 ratione
907 3634 1113 3699 habita,
1163 3634 1449 3688 restitutio
1481 3633 1752 3703 exigetur,
1795 3631 1909 3689 sive
1955 3646 2059 3684 au-

476 3722 599 3776 ditu
650 3725 982 3794 perceperit,
1025 3724 1145 3779 sive
1174 3739 1458 3796 nunquam
1490 3723 1723 3779 verbum
1769 3722 1869 3777 Dei
1896 3721 2060 3777 audi~

478 3813 645 3868 verit.

542 3917 665 3975 ‘Vll.
701 3920 896 3974 Anima
929 3921 1077 3976 enim
1114 3922 1315 3989 ﬁdelis,
1361 3938 1425 3978 ac
1456 3923 1705 3979 veritatis
1732 3940 1943 3990 amans,
1979 3923 2061 3978 in-

480 4024 643 4070 tuens
664 4022 868 4069 aeterna
896 4015 1040 4069 bona
1079 4016 1240 4087 justis
1278 4017 1544 4086 reposita,
1586 4026 1749 4086 atque
1783 4016 2063 4071 incﬂ‘abile

476 4115 729 4163 \‘enturze
778 4108 965 4179 gratiae
1005 4109 1207 4163 divinas
1250 4107 1605 4174 beneﬁcium,
1647 4126 1706 4164 se
1753 4109 1950 4179 ipsam,
1998 4123 2064 4163 ac

480 4198 727 4255 studium
772 4213 955 4267 suum,
988 4200 1233 4256 laborem
1276 4212 1443 4271 atque
1489 4201 1867 4273 fatigationem
1913 4201 2062 4255 indi-

478 4308 641 4363 gnam
677 4291 869 4347 statuit
909 4291 1127 4347 arcanis
1174 4292 1633 4364 promissionlbus
1668 4292 1926 4363 Spiritus.
1963 4293 2065 4348 Hic

478 4397 683 4456 pauper
700 4395 771 4437 est
785 4383 1007 4454 Spiritu,
1022 4398 1185 4454 quem
1212 4385 1474 4440 Dominus
1489 4384 1700 4439 beatum
1720 4384 1973 4455 prwdicat
1987 4385 2061 4438 ”:

479 4467 573 4529 hic
597 4470 772 4527 esurit
800 4482 855 4528 et
880 4472 997 4527 sitit
1021 4472 1329 4544 justitiam:
1354 4474 1443 4528 hic
1470 4483 1552 4528 est
1574 4474 1846 4527 contritus
1874 4473 2061 4528 corde.

2156 2352 2411 2419 πολλάς.
2474 2353 2530 2406 Ὁ
2555 2352 2626 2405 δὲ
2650 2350 2737 2422 μὴ
2786 2349 2987 2420 γνοὺς,
3032 2347 3295 2413 ποιήσας
3323 2346 3392 2399 δὲ
3425 2346 3568 2409 ἀξια
3591 2347 3728 2409 πλη·

2158 2445 2296 2517 τῶν,
2330 2444 2657 2514 δαρήσεται
2683 2445 2892 2513 ὀλίγας
2911 2459 2924 2474 ο
2961 2442 3139 2494 παντί
3177 2440 3246 2492 δὲ
3271 2434 3320 2507 ᾧ
3351 2438 3533 2503 ἐδόθη
3563 2436 3726 2497 πολὺ,

2156 2536 2317 2592 πολὺ
2372 2535 2685 2604 ζητήσεται
2736 2534 2872 2602 παρ’
2924 2532 3129 2598 αὐτοῦ,
3167 2531 3266 2585 καὶ
3296 2525 3345 2598 ᾧ
3377 2530 3543 2584 πολὺ
3598 2544 3727 2594 παρ-

2155 2629 2382 2692 έθεντο,
2398 2628 2833 2695 περισσότερον
2852 2624 3305 2693 ἀπαιτήσουσιν
3330 2623 3541 2677 αὐτόν.
3556 2620 3659 2689 Τὴν
3677 2616 3728 2669 δὲ

2156 2723 2359 2792 γνῶσιν
2402 2721 2498 2773 καὶ⁸
2535 2720 2751 2774 σύνεσιν
2773 2718 3049 2787 διαφόρως
3081 2718 3216 2781 νόει,
3245 2716 3364 2787 ἦτοι
3408 2717 3557 2768 κατὰ
3585 2712 3728 2783 χάριν

2158 2815 2253 2868 καὶ
2273 2815 2413 2883 δόμα.
2442 2813 2764 2885 ἐπουράνιον
2787 2811 2880 2865 τοῦ
2909 2810 3050 2864 [1νεύ
3058 2824 3249 2880 ματος,
3271 2808 3388 2879 ἦτοι
3419 2806 3564 2860 κατά
3587 2820 3730 2874 φυσι-

2157 2908 2261 2977 κὴν
2292 2906 2619 2962 ἀκολουθίαν
2642 2902 2912 2964 συνέσεως
2946 2901 2979 2972 ἢ
3012 2899 3362 2971 διακρίσεως,
3389 2902 3489 2951 καὶ
3520 2896 3604 2949 διὰ
3635 2894 3726 2947 τῶν

2159 2999 2320 3053 θείων
2347 2998 2581 3069 Γραφῶν
2612 2992 2947 3056 παιδεύσεως
2967 3009 2983 3024 ·
3012 2991 3244 3052 ἕκαστος
3284 2989 3397 3059 γὰρ
3446 2988 3576 3049 τοὺς
3605 3001 3728 3052 καρ-

2158 3093 2294 3153 ποὺς
2319 3089 2757 3158 ἀπαιτηθήσεται
2786 3086 2887 3155 τῆς
2908 3083 3128 3154 ἀρετῆς,
3158 3083 3300 3135 κατὰ
3321 3079 3615 3147 ἀναλογίαν
3634 3075 3729 3129 τῶν

2159 3184 2309 3255 παρὰ
2345 3180 2479 3234 Θεοῦ
2530 3180 2839 3249 γενομένων
2884 3178 2966 3240 είς
3012 3175 3175 3229 αὐτὸν
3218 3172 3578 3243 εὐεργεσιῶν,
3620 3170 3729 3240 ἦτοι

2162 3272 2429 3343 φυσικῶν,
2468 3271 2587 3341 ἦτοι
2619 3272 2683 3323 ὲκ
2713 3267 2863 3330 θείας
2891 3266 3117 3337 χάριτος
3153 3264 3477 3333 δεδομένων.
3520 3263 3728 3315 Ἄναπο-

2160 3366 2390 3435 λόγητος
2442 3363 2624 3416 τοίνυν
2666 3360 2784 3415 ἐστὶ
2831 3360 2940 3421 πᾶς
2989 3357 3276 3428 ἄνθρωπος
3321 3354 3484 3424 παρὰ
3531 3350 3644 3422 Θεῷ
3680 3351 3731 3401 ὲν

2160 3456 2346 3526 ἡμέρᾳ
2366 3453 2632 3524 κρίσεως·
2659 3451 2891 3512 ἕκαστος
2918 3448 3027 3519 γὰρ
3053 3445 3178 3499 καθ’
3204 3443 3233 3498 ὃ
3267 3445 3408 3513 ἔγνω
3443 3444 3572 3506 τοὺς
3606 3456 3727 3509 uap-

2164 3546 2300 3609 ποὺς
2347 3546 2445 3615 τῆς
2495 3543 2755 3606 πίστεως,
2803 3541 2902 3594 καὶ
2935 3539 3178 3607 ἀγάπης,
3210 3537 3303 3589 καὶ
3337 3535 3524 3605 πάσης
3553 3529 3730 3603 ἀρετῆς

2161 3640 2262 3708 τῆς
2291 3636 2428 3707 πρὸς
2448 3636 2633 3700 αὑτὸν,
2671 3637 2736 3687 ὲκ
2765 3632 3138 3704 προαιρέσεως
3163 3630 3257 3682 καὶ
3286 3628 3594 3697 θελήματος
3620 3626 3731 3677 ἀντ·

2168 3730 2428 3784 απόδοσιν
2486 3726 2946 3797 ἀπαιτηθήσεται,
2971 3724 3090 3796 ἦτοι
3112 3724 3179 3777 δι’
3205 3721 3395 3791 ἀκοῆς,
3428 3722 3553 3791 ἦτοι
3586 3713 3729 3788 μηδέ-

2162 3839 2294 3875 ποτε
2330 3820 2487 3888 λόγον
2511 3818 2749 3880 ἀκούσας
2777 3816 2935 3869 Θεοῦ.

2236 3916 2310 3969 Z'.
2358 3910 2774 3966 Ἀποσκοποῦσα
2813 3908 2923 3978 γὰρ
2955 3908 2989 3977 ἡ
3035 3905 3183 3977 ψυχὴ
3224 3906 3256 3964 ἠ
3284 3903 3452 3959 πιστῇ
3493 3902 3586 3956 καὶ
3631 3898 3731 3969 φιλ·

2164 4005 2368 4077 αλήθης
2399 4004 2480 4067 είς
2497 4002 2564 4056 τὰ
2590 4001 2927 4071 ἀποκείμενα
2951 3999 3146 4052 αίώνια
3167 3997 3479 4067 ἀγαθάτοῖς
3499 3997 3726 4054 δικαίοις,

2167 4100 2261 4154 καὶ
2289 4100 2369 4162 είς
2396 4098 2500 4169 τὴν
2530 4092 2769 4169 ἄρρητον
2798 4094 2898 4165 τῆς
2943 4088 3244 4164 μελλούσης
3276 4092 3566 4162 ὲπιφοιτᾷν
3601 4086 3727 4145 θείας

2166 4195 2391 4265 χάριτος
2422 4190 2765 4262 εὐεργεσίαν,
2807 4187 3033 4253 ἀναξίαν
3080 4186 3299 4257 ἑαυτὴν,
3330 4184 3424 4237 καὶ
3459 4184 3559 4255 τὴν
3588 4194 3728 4234 σπουι

2166 4286 2263 4358 δὴν
2295 4285 2487 4356 αὐτῆς,
2521 4284 2617 4337 καὶ
2640 4282 2825 4347 πόνον,
2851 4282 2945 4334 καὶ⁵
2969 4281 3218 4351 κάματον
3245 4279 3461 4350 ἡγεῖται
3490 4276 3620 4347 πρὸς
3643 4271 3728 4331 τὰς

2166 4379 2437 4450 ἀρρήτους
2471 4374 2799 4443 ἐπαγγελίας
2826 4373 2920 4427 τοῦ
2958 4372 3302 4443 Πνεύματος.
3333 4362 3504 4432 Οὗτός
3531 4371 3668 4420 ἐστιν
3697 4360 3727 4413 ὸ

2169 4468 2409 4537 πτωχὸς
2437 4466 2519 4533 τῷ
2552 4469 2865 4533 πνεύματι,
2893 4467 2953 4519 ὃν
2971 4467 2997 4519 6
3016 4467 3218 4536 Κύριος
3240 4460 3564 4533 μακαρίζει·
3593 4451 3726 4515 οὗτός

477 4563 583 4633 Qui
628 4564 945 4635 hujusmodi
1006 4543 1367 4621 intentionem
1414 4566 1747 4635 suscipiunt,
1792 4566 2057 4631 studium,

2169 4563 2317 4613 ἐστιν
2355 4563 2385 4613 6
2412 4560 2612 4613 πεινῶν
2663 4560 2761 4612 καὶ
2802 4557 2972 4627 διψῶν
3020 4555 3117 4626 τὴν
3162 4553 3544 4624 δικαιοσύνην
3592 4543 3725 4606 οὗτός

478 4654 726 4713 laborem
756 4674 819 4711 ac
857 4657 1193 4714 desiderium
1222 4658 1464 4723 virtutis,
1514 4667 1570 4713 et
1595 4658 1663 4712 ad
1704 4657 1867 4713 linem
1891 4672 2067 4728 usque

478 4753 532 4807 in
566 4763 632 4806 eo
667 4761 1010 4821 permanent,
1045 4752 1211 4805 vitam
1246 4764 1303 4805 et
1348 4764 1578 4820 regnum
1624 4758 1891 4804 aeternum
1934 4764 2066 4804 vere

481 4846 747 4915 consequi
777 4854 1056 4917 poterunt.
1104 4843 1183 4898 Ne
1217 4844 1385 4913 igitur
1421 4844 1547 4913 quis
1574 4844 1803 4897 fratrum
1831 4844 2064 4897 extolla-

478 4945 570 4990 tur
598 4937 861 4990 advcrsus
886 4935 1134 5001 fratrem,
1162 4950 1266 4988 nec
1295 4934 1360 4987 ad
1385 4942 1731 5005 arrogantem
1759 4935 1845 4989 sui
1871 4934 2064 4989 existi-

481 5027 778 5081 mationem
812 5028 1096 5096 procedat,
1127 5049 1156 5082 a
1187 5026 1395 5081 malitia
1432 5026 1728 5095 subreptus
1755 5067 1769 5092 ,
1807 5022 2063 5095 inquiens

481 5126 675 5187 nempe
712 5137 722 5171 ε
760 5117 873 5188 Ego
907 5118 1102 5171 donum
1130 5116 1410 5188 spirituale
1438 5125 1739 5170 consecutus
1766 5133 1904 5170 sum.
1939 5114 2060 5172 Non

479 5208 626 5264 enim
655 5210 814 5264 decet
859 5210 1204 5267 Christianos
1245 5211 1361 5265 hzee
1402 5210 1663 5280 cogitare.
1713 5207 1857 5274 Quid
1905 5209 2059 5263 enim

480 5303 716 5356 crastina
751 5303 846 5356 lux
884 5303 960 5357 illi
993 5305 1222 5358 allatura
1251 5304 1342 5368 sit,
1380 5304 1599 5375 ignoras
1638 5320 1651 5356 :
1683 5312 1738 5357 et
1772 5302 1896 5372 quis
1935 5301 2059 5357 finis

479 5390 622 5461 ejus,
649 5391 843 5459 quisve
876 5400 1005 5445 tuus
1042 5391 1261 5446 futurus
1295 5393 1385 5459 sit,
1417 5393 1616 5447 nescis.
1666 5390 1869 5445 Verum
1904 5391 2059 5460 quis-

481 5493 586 5549 que
615 5479 721 5537 sibi
747 5482 1015 5548 attendat,
1039 5494 1095 5539 et
1118 5486 1396 5553 prepriam
1423 5485 1817 5540 conscientiam
1840 5482 2059 5539 assidue

484 5573 774 5642 tlijudlcct,
821 5591 885 5629 ac
918 5576 1115 5645 probet
1153 5590 1292 5645 opus
1338 5576 1524 5630 cordis
1565 5577 1671 5641 sui,
1705 5592 1815 5645 quo
1845 5575 2055 5639 studio,
2107 5627 2121 5637 .

486 5676 664 5732 qnove
698 5672 896 5720 conatu
927 5682 1083 5721 mens
1111 5683 1211 5723 sua
1241 5668 1412 5721 Deum
1445 5677 1810 5737 prosequatur
1840 5684 1853 5719 :
1890 5675 1948 5721 et
1987 5666 2055 5720 ad

567 5842 610 5872 "
650 5843 775 5909 Sap.
811 5857 882 5906 v1,
914 5844 966 5893 7.
1041 5842 1085 5874 9°
1121 5842 1256 5895 Luc.
1294 5858 1383 5905 xu,
1424 5842 1508 5897 i7.
1582 5842 1625 5873 ’⁵³
1667 5840 1861 5895 Matth.
1894 5858 1947 5905 γ,
1978 5839 2031 5891 5.

2170 4654 2321 4707 ἐστιν
2371 4655 2399 4705 ὁ
2447 4651 2912 4723 συντετριμμένος
2950 4652 3050 4722 τὴν
3100 4648 3349 4718 καρδίαν.
3387 4647 3453 4700 Oi
3495 4641 3724 4707 τοιαύτην

2169 4747 2491 4818 προαίρεσιν
2512 4744 3011 4815 ἀναλαμϐάνοντες,
3037 4742 3131 4795 καὶ
3157 4740 3418 4810 σπουδὴν,
3449 4739 3544 4792 καὶ
3562 4734 3720 4793 πόνον,

2168 4844 2261 4896 καὶ
2292 4841 2456 4894 πόθον
2482 4840 2706 4911 ἀρετῆς,
2740 4840 2835 4891 καὶ
2862 4837 2968 4900 ¹ἕως
2990 4835 3174 4898 τέλους
3200 4837 3257 4887 ὲν
3286 4834 3436 4902 αὐτῷ
3464 4829 3720 4899 διαμένον·

2168 4951 2282 4996 τες.
2320 4935 2417 5003 τῆς
2449 4931 2593 4999 ζωῆς
2635 4932 2729 4984 καὶ
2777 4929 2877 4999 τῆς
2915 4927 3134 4982 αἰωνίου
3166 4923 3443 4995 βασιλείας
3471 4913 3720 4985 ἐπιτυχεῖν

2170 5026 2227 5090 ἐξ
2258 5023 2519 5093 ἀληθείας
2546 5023 2883 5093 δυνήσονται.
2915 5018 3017 5089 Μὴ·
3038 5017 3218 5070 τοίνυν
3244 5033 3327 5077 τις
3356 5014 3463 5066 τῶν
3500 5004 3718 5073 ἀδελφῶν

2168 5114 2589 5184 κατεπαιρέσθω
2622 5111 2717 5166 τοῦ
2748 5110 3003 5180 ἀδελφοῦ,
3045 5110 3145 5162 καὶ
3203 5107 3284 5170 είς
3327 5107 3502 5177 οἴησιν
3522 5107 3715 5184 ξπροκαξ

2169 5208 2371 5269 πτέτω,
2406 5205 2512 5257 ὑπὸ
2530 5205 2628 5274 τῆς
2650 5203 2849 5265 κακίας
2879 5199 3372 5269 ὑποκλεπτόμενος,
3396 5196 3472 5258 ὡς
3490 5196 3566 5247 ὅτι
3582 5182 3713 5244 Ἰδοὺ

2167 5298 2281 5367 ἐγὼ
2310 5296 2573 5366 χάρισμα
2602 5293 3013 5362 πνευματικὸν
3031 5291 3317 5358 κέκτημαι
3336 5304 3350 5318 ο
3381 5287 3482 5339 οὐκ
3503 5275 3715 5345 ἔστιγὰρ

2168 5389 2315 5453 ἄξιον
2347 5387 2523 5441 ταῦτα
2562 5384 2927 5456 Χριστιανοὺς
2957 5384 3323 5452 ἐνθυμεῖσθαι.
3357 5379 3423 5432 Τί
3469 5377 3570 5445 γὰρ
3594 5367 3713 5423 ποιεῖ

2169 5480 2421 5553 ἡαῧριον
2477 5482 2557 5543 εἰς
2607 5480 2815 5532 ἐκεῖνον
2876 5478 2978 5530 οὐκ
3026 5471 3206 5537 οἶδας·
3260 5475 3355 5526 καὶ
3396 5473 3543 5523 ποῖον
3584 5461 3713 5518 τέλος

2166 5575 2397 5636 ἐκείνου,
2453 5572 2545 5624 καὶ
2604 5572 2753 5623 ποῖον
2802 5569 2863 5621 τὸ
2907 5569 3000 5621 σὸν
3052 5566 3285 5634 ἀγνοεῖς.
3322 5563 3462 5617 Ἀλλ’
3511 5560 3708 5611 ἕκαστος

2166 5665 2346 5735 ἑαυτῷ
2384 5665 2690 5736 προσέχων,
2738 5660 3078 5731 ἀνακρινέτω
3118 5660 3218 5729 τὴν
3255 5656 3390 5709 ἰδίαν
3443 5648 3709 5715 συνείδησιν
