3966 6436
294 405 395 471 721

1474 415 1842 482 HOMILI/E.
1868 447 1930 459 -
1965 426 2153 488 HOM.
2190 425 2375 488 XXX.

3446 424 3553 494 722

300 520 556 580 πάντοτε,
592 520 688 573 καὶ
731 516 1071 591 δοκιμαζέτω
1096 524 1159 576 τὸ
1205 524 1367 595 ἔργον
1394 528 1561 581 αὐτοῦ
1608 530 1712 599 τῆς
1736 550 1873 603 καρ-

1982 538 2279 605 perfectum
2317 554 2545 608 scopum
2575 534 2867 602 libertatis,
2906 551 2963 594 et
2993 538 3344 596 ali‘cctionum
3368 546 3554 601 vacui-

296 608 439 672 δξας,
464 610 624 664 ποίαν
652 613 888 683 σπουδὴν
926 617 1022 669 καὶ
1059 616 1245 684 ἀγῶνα
1270 620 1299 672 6
1326 619 1450 682 νοῦς
1476 621 1589 691 ἔχει
1618 624 1753 694 πρὸς
1779 626 1872 678 τὸν

298 700 465 753 Θεὸν·
490 701 585 753 καὶ
605 704 684 765 εἰς
714 704 806 755 τὸν
830 704 1037 759 τέλειον
1066 708 1271 760 σκοπὸν
1292 712 1391 780 τῆς
1416 710 1753 783 ἐλευθερίας,
1777 716 1873 768 καὶ

300 790 595 857 ἀπαθείας,
646 793 740 845 καὶ
794 794 895 863 τῆς
949 797 1346 863 καταπαύσεως
1399 800 1494 853 τοῦ
1563 804 1873 874 πνεύματος

300 882 654 947 ἀποσκοπῶν,
682 885 980 951 ἀπαύστως
1005 890 1245 958 τρεχέτω
1278 892 1371 943 καὶ
1412 893 1641 959 ἀόκνως,
1685 896 1743 947 ἐν
1768 914 1874 967 μη-

299 972 411 1024 δενὶ
438 973 753 1043 χαρίσματι,
782 975 816 1044 ἢ
846 979 942 1030 καὶ
966 978 1294 1049 δικαιώματι
1326 983 1871 1055 ὲπληροφορούμενος.

298 1062 437 1126 Δόξα
473 1064 569 1117 καὶ
613 1066 985 1139 προσκύνησις
1036 1071 1247 1142 Πατρὶ,
1288 1075 1382 1127 καὶ
1421 1075 1557 1146 Υἱῷ,
1611 1078 1703 1131 καὶ
1733 1077 1874 1150 ἁγίῳ

299 1155 600 1226 Πνεύματι,
627 1159 707 1221 εις
729 1160 857 1221 τοὺς
889 1161 1117 1225 αἰῶνας.
1168 1164 1363 1236 Ἀμήν.

914 1276 1161 1332 ΟΜΙΛῘΑ
1191 1279 1274 1334 A'.

310 1358 408 1414 ‘Ex
605 1364 801 1442 ἁγίουΔ
832 1367 1175 1442 (Trsti/fatae
1230 1368 1327 1442 ῥεῖ
1356 1368 1721 1442 γεννηθῆναι
1754 1376 1873 1442 τὴν

368 1432 722 1514 μέλλουσαν
751 1432 1048 1514 εἰσελθεῖν
1093 1432 1180 1514 sic
1206 1432 1536 1514 βασιξλείαν
1566 1432 1712 1499 Θεοῦ
1757 1432 1877 1514 10-b-

368 1501 508 1569 χήνο
536 1504 634 1557 καὶ
676 1504 750 1558 ὃν
776 1509 1001 1574 τρόπον
1036 1501 1216 1563 τοῦτο
1257 1513 1522 1577 γένηται.

368 1596 447 1646 Α’.
496 1595 560 1648 Oi
584 1596 675 1649 τὸν
720 1597 876 1665 λόγον
924 1598 1234 1665 ἀκούοντες,
1270 1600 1430 1671 ἔργον
1461 1603 1556 1656 τοῦ
1605 1604 1766 1675 λόγου
1820 1608 1877 1661 ἑν

295 1682 418 1745 ταῖς
471 1682 684 1736 ἑαυτῶν
739 1684 940 1755 ψυχαῖς
989 1687 1294 1755 ὀφείλουσιν
1364 1690 1759 1756 ἐπιδείξασθαι.
1818 1695 1878 1749 'O

295 1772 455 1841 λόγος
491 1776 601 1845 γὰρ
640 1776 733 1828 τοῦ
784 1776 920 1829 Θεοῦ
950 1779 1052 1831 οὐκ
1080 1778 1196 1832 ἔστι
1235 1781 1390 1849 λόγος
1421 1783 1610 1850 ἀργὸς,
1640 1784 1757 1838 ἀλλ’
1789 1785 1879 1856 έρ-

1975 627 2136 688 tatis.
2204 638 2366 697 atque
2420 630 2622 698 quietis
2682 629 2987 699 spiritualis
3042 633 3363 701 collimans,
3415 636 3553 690 citra

1974 733 2193 773 omnem
2258 721 2722 775 intermissionem
2771 736 2835 776 ac
2894 724 3183 791 segnitiem
3240 734 3443 791 currat,
3496 727 3553 780 in

1973 806 2126 858 nullo
2168 807 2324 877 115
2360 809 2698 863 charismate
2734 819 2829 864 aut
2855 811 3253 879 justiticatione
3290 814 3556 868 collocata

1974 894 2398 953 ﬂducia.Gloria
2421 908 2476 953 et
2497 899 2747 955 adoratio
2776 894 2948 967 Patri,
2967 912 3022 957 et
3048 902 3208 969 Filio,
3238 914 3294 959 et
3324 902 3553 973 Spiritui

1973 998 2164 1044 sancto
2192 988 2247 1044 in
2274 991 2492 1045 saecula.
2521 992 2721 1047 Amen.

2517 1246 2802 1333 Hortum
2853 1273 3020 1334 xxx.

1976 1366 2061 1425 Ex
2124 1368 2325 1440 Spiritu
2347 1380 2570 1447 _snncto
2620 1371 2825 1424 renasci
2885 1380 3084 1441 oportet
3131 1375 3390 1441 animam,
3437 1395 3555 1447 quia

2049 1456 2268 1517 regnum
2338 1440 2433 1494 Dei
2485 1442 2794 1512 ingressum
2845 1451 2943 1509 est,
3000 1452 3047 1495 et
3100 1459 3201 1512 quo
3249 1456 3402 1517 pacto
3448 1440 3555 1502 Ἰιοσ

2045 1508 2167 1577 βαι.

2049 1599 2092 1654 l.
2119 1599 2224 1666 Qui
2250 1601 2481 1655 verbum
2512 1602 2764 1669 audiunt,
2797 1619 2939 1675 Opus
2969 1604 3124 1659 verbi
3158 1605 3213 1659 in
3254 1606 3370 1661 suis
3400 1607 3553 1677 ipso-

1979 1705 2102 1744 rum
2155 1691 2356 1747 animis
2413 1692 2794 1748 demonstrare
2856 1694 3083 1750 debent.
3113 1694 3353 1751 Verbum
3406 1699 3551 1752 enim

1979 1781 2079 1835 Dei
2126 1796 2239 1836 non
2295 1790 2381 1836 est
2439 1783 2701 1846 otiosum,
2750 1785 2846 1840 sed
2893 1802 3032 1855 opus
3082 1788 3266 1853 habet,
3299 1789 3445 1858 quod
3499 1791 3556 1844 in

296 1875 397 1929 γον
443 1864 555 1933 ἔχει
586 1865 667 1928 εἰς
721 1866 821 1937 τὴν
866 1867 1043 1937 ψυχὴν
1076 1869 1419 1940 γιγνόμενον.
1452 1874 1551 1926 Διὰ
1584 1874 1740 1927 τοῦτο
1768 1877 1874 1946 γὰρ

1982 1873 2161 1927 anima
2190 1874 2518 1944 perﬁcitur:
2552 1885 2847 1945 propterea
2880 1878 3027 1932 enim
3060 1895 3199 1949 opus
3222 1881 3553 1950 appellatur,

298 1956 395 2009 καὶ
426 1956 586 2026 ἔργον
635 1957 874 2027 λέγεται,
917 1960 1002 2012 ἵνα
1053 1962 1147 2013 καὶ
1190 1961 1351 2032 ἔργον
1405 1965 1602 2036 εὑρεθῇ
1660 1968 1720 2020 ὲν
1766 1970 1878 2030 τοῖς

295 2048 577 2102 ἀκούουσι.
634 2050 914 2122 Παράσχοι
958 2052 1135 2106 τοίνυν
1163 2055 1191 2105 6
1242 2054 1444 2124 Κύριος
1482 2056 1543 2108 τὸ
1577 2057 1737 2128 ἔργον
1778 2059 1879 2128 τῆς

296 2141 556 2209 ἀληθείας
592 2142 651 2195 ἑν
684 2144 794 2205 τοῖς
832 2142 1144 2208 ἀκούουσιν,
1197 2145 1283 2199 ἵνα
1334 2149 1363 2199 6
1400 2147 1558 2216 λόγος
1606 2150 1881 2222 ἔγκαρπος

296 2232 497 2303 εὑρεθῇ
545 2234 625 2295 εἰς
658 2234 831 2303 ἡμᾶς.
862 2234 1075 2306 ’Ὠσπερ
1105 2236 1212 2308 γὰρ
1254 2238 1381 2291 σκιὰ
1410 2241 1641 2308 προάγει
1687 2242 1747 2294 τὸ
1774 2242 1879 2295 σῶ-

303 2340 400 2394 μα·
427 2325 619 2396 ὴίσκιὰ
644 2325 701 2378 δὲ
719 2328 781 2380 τὸ
807 2327 964 2398 σῶμα
986 2328 1159 2399 δηλοῖ,
1190 2330 1284 2381 καὶ
1309 2332 1341 2398 ἡ
1372 2328 1602 2401 ἀλήθεια
1625 2332 1686 2385 τὸ
1720 2333 1882 2403 σῶμά

296 2412 439 2470 ἐστι·
471 2416 562 2469 τὸν
597 2416 759 2472 αὑτὸν
786 2418 989 2488 τρόπον
1020 2421 1112 2471 καὶ
1137 2421 1165 2472 6
1193 2419 1348 2488 λόγος
1368 2420 1559 2493 ὥσπερ
1598 2423 1729 2476 σκιὰ
1752 2441 1880 2492 τυγ-

300 2508 460 2575 χάνει
479 2508 578 2577 τῆς
600 2507 860 2579 ἀληθείας
884 2510 979 2562 τοῦ
1012 2512 1273 2581 Χριστοῦ.
1316 2513 1555 2583 Προάγει
1586 2516 1643 2568 δὲ
1667 2517 1695 2568 6
1723 2517 1881 2584 λόγος

299 2598 401 2665 τὴν
431 2600 708 2670 ἀλήθειαν.
765 2603 826 2655 Οἱ
883 2603 974 2655 ἐπὶ
1019 2604 1122 2673 γῆς
1154 2604 1391 2676 πατέρες
1438 2607 1504 2658 ὲκ
1533 2606 1633 2675 τῆς
1668 2608 1878 2662 ἑαυτῶν

298 2692 516 2760 φύσεως
557 2694 786 2762 γεννῶσι
809 2696 980 2749 τέκνα
1017 2697 1082 2749 ἑκ
1126 2697 1220 2750 τοῦ
1281 2696 1534 2769 σώματος
1566 2700 1746 2753 αὐτῶν
1784 2704 1879 2755 καὶ⁵

294 2782 398 2854 τῆς
441 2785 642 2856 ψυχῆς,
695 2786 788 2840 καὶ
818 2788 1146 2857 γεννηθέντα
1179 2789 1331 2861 πάσῃ
1365 2791 1569 2862 σπουδῇ
1601 2793 1879 2862 ἐπιμελῶς

293 2873 645 2927 παιδεύουσιν
681 2874 758 2938 ὡς
794 2876 1003 2932 ἑαυτῶν
1055 2878 1243 2943 τέκνα,
1297 2878 1402 2942 ἕως
1454 2880 1651 2933 τέλειοι
1685 2882 1878 2955 ἄνδρες

292 2964 578 3031 γένωνται,
617 2966 712 3019 καὶ
739 2966 972 3038 διάδοχοι
1002 2970 1462 3040 καὶ;κληρονόμοι.
1487 2974 1613 3038 Τοῖς
1634 2974 1743 3045 γὰρ
1769 2993 1879 3028 πα-

292 3052 490 3120 τράσιν
520 3054 759 3126 ἑξαρχῆς
794 3057 996 3120 σκοπὸς
1052 3058 1147 3111 καὶ
1195 3059 1401 3131 σπουδὴ
1430 3062 1583 3115 πᾶσα
1627 3065 1876 3131 γίγνεται

288 3145 433 3214 πρὸς
454 3145 515 3198 τὸ
544 3148 801 3217 γεννῆσαι
830 3150 1015 3209 τέκνα.
1047 3150 1141 3203 καὶ
1170 3154 1317 3220 σχεῖν
1360 3152 1752 3224 κληρονόμους,
1782 3156 1873 3209 καὶ

290 3236 340 3287 εἰ
378 3236 455 3305 μὴ
509 3236 825 3309 ἐγέννησαν,
883 3240 1147 3310 μεγίστην
1204 3240 1381 3313 λύπην
1419 3245 1514 3296 καὶ
1566 3244 1759 3317 ὀδύνην
1806 3246 1873 3300 ἂν

291 3325 461 3395 εἰχον,
486 3325 627 3383 ὥστε
680 3329 844 3382 πάλιν
874 3328 1260 3401 γεννήσαντες,
1303 3334 1479 3403 χαρὰν
1516 3334 1692 3405 ἔσχον.
1738 3337 1875 3392 Χαί-

291 3435 448 3489 ρουσι
486 3418 541 3472 δὲ
571 3420 664 3472 καὶ
691 3423 740 3473 οἱ
772 3425 1055 3489 συγγενεῖς
1108 3424 1202 3475 καὶ
1235 3425 1284 3477 οἱ
1307 3427 1569 3492 γείτονες.

365 3508 441 3562 B'.
485 3510 589 3564 Τὸν
633 3512 793 3565 αὑτὸν
824 3513 1025 3583 τρόπον
1057 3516 1151 3569 καὶ
1180 3517 1208 3567 6
1244 3516 1449 3586 Κύριος
1475 3519 1632 3588 ἡμῶν
1667 3520 1875 3593 Ἰησοῦς

293 3603 536 3674 Χριστὸς
567 3604 696 3674 περὶ⁵
728 3605 826 3674 τῆς
876 3606 970 3658 τοῦ
1012 3606 1301 3678 ἀνθρώπου
1338 3611 1611 3681 σωτηρίας
1656 3616 1877 3683 φροντί-

292 3709 415 3762 σας,
446 3698 626 3749 πᾶσαν
648 3698 964 3767 οἰκονομίαν
990 3702 1085 3754 καὶ
1111 3701 1346 3770 σπουδὴν
1372 3704 1690 3757 ἐπετέλεσεν
1716 3706 1875 3777 ἐξαρ-

292 3786 394 3857 χῆς
430 3787 519 3840 διὰ
564 3789 847 3858 Πατέρων,
880 3792 1257 3862 πατριαρχῶν,
1288 3794 1374 3847 διὰ
1402 3793 1569 3863 νόμου
1602 3798 1698 3849 καὶ
1738 3814 1875 3867 προ-

291 3878 500 3949 φητῶν⁸
535 3878 759 3949 ἔσχατον
785 3883 879 3935 καὶ
898 3882 1058 3945 αὐτὸς
1093 3885 1557 3954 παραγενόμενος,
1588 3887 1684 3939 καὶ
1709 3905 1877 3940 σταυ-

292 3974 389 4046 ροῦ
425 3974 689 4044 αἰσχύνης
715 3977 1152 4047 καταφρονήσας,
1187 3976 1449 4047 ὑπέμεινε
1481 3979 1730 4036 θάνατον.
1762 3982 1874 4037 Καὶ

288 4058 449 4128 οὗτος
483 4066 601 4129 ὅλος
628 4068 654 4119 6
684 4067 951 4135 κάματος,
1000 4068 1095 4120 καὶ
1125 4070 1159 4137 ἡ
1194 4068 1401 4139 σπουδὴ
1431 4070 1597 4123 αὑτοῦ
1629 4071 1872 4141 γέγονεν,

289 4158 441 4221 ὅπως
466 4160 704 4228 γεννήσῃ
726 4152 787 4223 ’ἐξ
820 4158 1015 4210 ἑαυτοῦ
1044 4158 1109 4210 ἑκ
1128 4159 1225 4229 τῆς
1246 4160 1440 4213 ἑαυτοῦ
1472 4161 1687 4229 φύσεως
1708 4163 1875 4216 τέκνα

290 4250 357 4302 ἑκ
384 4248 477 4302 τοῦ
507 4247 849 4317 Πνεύματος,
884 4248 1091 4302 ἄνωθεν
1121 4250 1423 4319 εὐδοκήσας
1452 4254 1779 4324 γεννηθῆναι
1810 4256 1876 4309 ὲκ

288 4344 390 4409 τῆς
424 4339 591 4394 αὑτοῦ
624 4340 896 4410 θεότητος.
936 4342 1043 4394 Καὶ
1097 4342 1286 4414 ὥσπερ
1330 4345 1380 4397 οἱ
1426 4347 1660 4417 πατέρες
1706 4342 1872 4413 οὗτοι,

290 4430 388 4486 ἑὰν
435 4432 509 4503 μὴ
542 4432 865 4503 γεννήσωσι,
888 4433 1188 4488 λυποῦνται
1218 4452 1232 4465 ⁸
1264 4436 1439 4501 οὕτως
1469 4439 1562 4490 καὶ
1597 4437 1625 4490 6
1670 4440 1874 4509 Κύριος

1980 1972 2041 2020 ut
2070 1981 2210 2034 opus
2250 1981 2471 2035 quoque
2504 1966 2820 2022 inveniatur
2844 1969 2986 2038 apud
3017 1986 3134 2037 eos,
3171 1972 3265 2041 qui
3298 1973 3553 2029 audiunt.

1978 2058 2251 2113 Exhibeat
2282 2058 2450 2127 igitur
2492 2058 2757 2112 Dominus
2804 2063 3237 2128 opusrveritatis
3281 2062 3557 2117 audienti—

1978 2150 2104 2213 bus,
2135 2157 2195 2204 ut
2236 2150 2466 2204 verbum
2513 2148 2859 2206 fructuosum
2908 2154 3217 2221 reperiatur
3266 2154 3319 2208 in
3373 2156 3553 2209 nobis.

1977 2241 2212 2296 Perinde
2246 2243 2395 2296 enim
2445 2256 2510 2295 ac
2545 2242 2736 2296 umbra
2765 2244 3029 2313 praecedit
3074 2260 3308 2313 corpus;
3359 2248 3551 2299 umbra

1982 2340 2170 2385 autem
2225 2345 2428 2399 corpus
2472 2330 2837 2395 demonstrat,
2888 2342 2944 2385 at
2988 2334 3190 2386 veritas
3237 2342 3320 2387 est
3371 2335 3550 2403 ipsum

1978 2434 2179 2488 corpus
2215 2420 2338 2475 :sic
2360 2435 2578 2488 quoque
2617 2431 2702 2475 est
2733 2422 2964 2477 verbum
3009 2425 3157 2478 velut
3184 2425 3377 2479 umbra
3407 2428 3555 2479 veri-

1976 2511 2159 2566 rilatis
2178 2512 2405 2566 Christi.
2432 2512 2701 2567 Praecedit
2742 2514 2929 2584 itaque
2973 2515 3201 2569 verbum
3244 2518 3552 2571 veritatem.

1976 2602 2170 2657 Patres
2215 2603 2311 2672 qui
2348 2603 2403 2656 in
2438 2602 2603 2657 terris
2652 2613 2803 2667 sunt,
2840 2620 2871 2660 e
2905 2621 3004 2659 sua
3055 2606 3299 2675 ipsorum
3359 2617 3557 2662 natura

1976 2703 2243 2766 generant
2286 2696 2514 2758 liberos,
2543 2710 2574 2749 e
2617 2710 2849 2766 corpore
2871 2712 2974 2752 suo
3019 2707 3075 2752 et
3117 2700 3319 2762 anima,
3349 2715 3556 2768 eosque

1975 2796 2135 2842 natos
2162 2786 2315 2841 omni
2344 2787 2532 2841 studio
2549 2797 2607 2841 et
2642 2796 2897 2842 accurata
2926 2788 3211 2858 diligentia
3236 2790 3554 2856 instituunt,

1978 2887 2037 2933 ut
2074 2893 2205 2933 suos
2232 2877 2395 2943 ﬁlios,
2421 2878 2601 2933 donec
2648 2879 2875 2948 perfecti
2901 2881 3005 2935 viri
3047 2881 3304 2946 evadant,
3336 2890 3393 2936 et
3423 2896 3553 2936 suc-

1976 2984 2227 3025 cessores
2255 2984 2318 3024 ac
2365 2969 2633 3025 hatredes.
2681 2970 2874 3026 Omnis
2902 2972 3050 3026 enim
3090 2986 3288 3041 scopus
3316 2984 3554 3043 patrum,

1974 3069 2031 3118 et
2060 3077 2224 3117 omne
2253 3062 2523 3127 studium,
2554 3063 2625 3117 ab
2657 3062 2816 3116 initio
2844 3078 2913 3117 eo
2946 3064 3143 3131 tendit,
3171 3072 3232 3117 ut
3264 3077 3560 3134 procreent

1974 3150 2202 3217 liberos,
2250 3167 2315 3206 ac
2352 3152 2599 3207 haeredes
2656 3152 2932 3219 habeant;
2977 3163 3033 3208 et
3097 3154 3202 3208 nisi
3239 3156 3556 3225 genuerint,

1981 3257 2195 3297 summa
2223 3243 2450 3298 tristitia
2479 3259 2544 3299 ac
2568 3259 2806 3299 maerore
2847 3244 3202 3312 alliciuntur;
3236 3247 3379 3300 sicut
3409 3263 3440 3301 e
3478 3248 3562 3301 di-

1977 3348 2160 3399 verso,
2197 3334 2292 3389 ubi
2331 3337 2747 3404 procreaverint
2792 3335 3000 3390 liberos
3042 3377 3058 3402 ,
3111 3338 3313 3407 gaudio
3334 3338 3563 3407 perfun-

1978 3422 2190 3477 duntur
2214 3440 2226 3474 :
2264 3424 2507 3493 gaudent
2534 3439 2754 3495 quoque
2782 3425 2997 3495 cognati
3022 3435 3078 3479 et
3106 3426 3294 3481 vicini.

2049 3515 2116 3577 ll.
2152 3514 2363 3569 Eodem
2398 3515 2564 3569 modo
2593 3516 2860 3569 Dominus
2894 3524 3084 3571 noster
3116 3517 3276 3572 Jesus
3304 3516 3558 3573 Christus

1977 3606 2046 3661 de
2080 3606 2321 3661 hominis
2369 3607 2545 3662 salute
2599 3607 2893 3673 sollicitus,
2920 3623 3138 3661 omnem
3185 3608 3554 3677 dispensatio-

1978 3713 2105 3752 nem
2154 3713 2220 3752 ac
2270 3698 2515 3752 studium
2554 3697 2787 3767 perfecit
2833 3714 2864 3752 a
2911 3699 3206 3769 principio,
3250 3701 3561 3753 ministerio

1976 3790 2223 3855 Patrum,
2267 3791 2733 3859 patriarcharum,
2798 3791 2935 3862 legis
2988 3807 3052 3846 ac
3118 3793 3555 3861 prophetarum,

1977 3891 2258 3951 postremo
2283 3897 2506 3950 quoque
2528 3885 2645 3951 ipse
2677 3882 2998 3947 adveniens,
3028 3898 3093 3937 ac
3121 3883 3305 3938 crucis
3325 3884 3560 3953 ignomi-

1982 3974 2134 4027 niam
2176 3989 2465 4043 spernens,
2497 3982 2728 4027 mortem
2759 3975 3004 4043 pertulit.
3038 3975 3230 4029 Omnis
3256 3975 3437 4043 itaque
3474 3976 3558 4029 la~

1976 4066 2078 4121 hor
2115 4066 2207 4120 ille
2263 4076 2320 4121 et
2353 4066 2597 4120 studium
2624 4067 2745 4135 ejus
2791 4066 2847 4120 in
2895 4082 2962 4121 eo
3003 4067 3127 4131 fuit,
3159 4076 3221 4121 ut
3262 4078 3553 4137 generaret

1975 4170 2125 4210 exse
2167 4155 2307 4224 ipso,
2352 4171 2383 4209 e
2425 4170 2524 4208 sua
2560 4154 2733 4223 ipsius
2786 4163 2983 4209 natura
3044 4154 3188 4209 ﬁlios
3248 4170 3278 4209 e
3324 4154 3555 4224 Spiritu,

1974 4248 2189 4317 placide
2218 4249 2596 4318 acquiescens,
2619 4247 2766 4317 quod
2797 4247 3115 4317 supernitus
3132 4257 3495 4303 nascerentur
3520 4264 3553 4302 e

1975 4355 2075 4395 sua
2105 4340 2417 4395 divinitate.
2468 4340 2537 4394 Et
2585 4338 3054 4409 quemadmodum
3104 4350 3291 4410 patres
3322 4338 3401 4405 hi,
3446 4346 3553 4394 nisi

1975 4431 2291 4501 genuerint,
2344 4430 2570 4485 tristitia
2614 4438 2671 4483 et
2721 4430 2912 4483 dolore
2951 4428 3266 4484 adiciuntur
3305 4447 3318 4483 :
3358 4429 3553 4485 eodem

288 4524 587 4593 ἀγαπήσας
631 4524 693 4577 τὸ
744 4525 898 4589 γένος
930 4524 1035 4577 τῶν
1060 4525 1361 4595 ἀνθρώπων
1390 4527 1465 4590 ὡς
1498 4527 1634 4583 ἰδίαν
1662 4532 1868 4595 εἰκόνα,

1982 4522 2139 4576 modo
2201 4522 2506 4586 Dominus,
2578 4521 2813 4591 diligens
2892 4537 3065 4591 genus
3145 4522 3449 4576 humanum
3496 4531 3555 4575 ut

287 4614 555 4684 ἠθέλησεν
603 4615 800 4678 αὐτοὺς
835 4617 899 4668 ἐκ
926 4615 1022 4668 τοῦ
1071 4615 1240 4669 αὐτοῦ
1274 4618 1588 4689 σπέρματος
1612 4620 1873 4689 γεννῆσαι

287 4706 389 4775 τῆς
420 4704 695 4777 θεότητος.
747 4706 813 4758 Εἴ
842 4723 985 4769 τινες
1011 4705 1104 4760 οὖν
1146 4707 1223 4778 μὴ
1253 4708 1550 4778 θελήσωσιν
1578 4712 1659 4773 εἰς
1692 4711 1876 4765 τοιαύ-

286 4811 390 4865 την
431 4796 684 4867 γέννησιν
728 4796 817 4849 ὲλθ
831 4800 931 4863 εἰν,
960 4798 1053 4850 καὶ
1083 4801 1147 4852 ὲκ
1176 4800 1276 4869 τῆς
1305 4800 1541 4870 γαστρὸς
1578 4800 1673 4854 τοῦ
1706 4801 1873 4856 Πνεύ-

291 4903 465 4957 ματος
497 4888 597 4958 τῆς
644 4887 898 4957 θεότητος
952 4890 1304 4960 γεννηθῆναι,
1361 4890 1564 4961 πολλὴν
1616 4892 1793 4963 λύπην
1840 4894 1870 4947 6

287 4980 525 5048 Χριστὸς
560 4980 906 5049 ἀναδέχεται,
937 4981 1129 5036 παθὼν
1158 4983 1226 5035 δι’
1266 4983 1464 5048 αὐτοὺς
1498 4985 1594 5037 καὶ
1635 4985 1867 5056 ὑπομει-

286 5087 411 5133 νας.
438 5071 525 5124 ἵνα
552 5072 779 5135 τούτους
823 5072 994 5145 σώσῃ.

361 5161 436 5217 Γ.
470 5164 682 5228 Πάντας
735 5163 843 5234 γὰρ
898 5164 1220 5236 ἀνθρώπους
1253 5165 1396 5219 θέλει
1458 5170 1485 5219 6
1533 5168 1733 5239 Κύριος
1766 5167 1867 5236 τῆς

284 5258 595 5324 γεννήσεως
626 5255 1030 5323 καταξιωθῆναι
1061 5254 1283 5325 ταύτης.
1328 5256 1498 5326 ’Υπὲρ
1526 5257 1743 5310 πάντων
1762 5256 1869 5326 γὰρ

283 5345 546 5408 ἀπέθανε,
569 5346 662 5398 καὶ
685 5346 892 5409 πάντας
919 5347 997 5408 εις
1029 5346 1174 5417 ζωὴν
1198 5347 1442 5401 ἐκάλεσε.
1478 5349 1600 5417 Ζωὴ
1632 5350 1690 5401 δέ
1720 5349 1867 5401 ἑστιν

284 5437 320 5507 ή
364 5436 567 5490 ἄνωθεν
620 5438 684 5489 ἐκ
728 5437 822 5490 τοῦ
872 5438 1005 5491 Θεοῦ
1050 5439 1323 5509 γέννησις
1359 5440 1486 5492 ἄνευ
1522 5439 1630 5510 γὰρ
1659 5438 1867 5510 ταύτης

283 5532 452 5599 ζῆσαι
479 5532 655 5602 ψυχὴν
680 5532 958 5597 ἀδύνατον,
981 5530 1055 5594 ὥς
1089 5549 1251 5600 φησιν
1287 5533 1315 5584 6
1344 5532 1545 5601 Κύριος
1569 5548 1581 5559 ’
1614 5534 1757 5585 Ἐὰν
1780 5532 1865 5600 μή

281 5641 375 5689 τις
409 5622 669 5691 γεννηθῇ
708 5622 956 5687 ἄνωθεν,
994 5625 1066 5679 οὐ
1099 5624 1349 5677 δύναται
1372 5622 1518 5677 ἰδεῖν
1548 5623 1661 5689 τὴν
1685 5626 1871 5686 ,ϐασι-

282 5716 464 5770 λείαν
491 5715 596 5770 τοῦ
647 5714 816 5769 Θεοῦ.
863 5714 1030 5769 Ὥστε
1080 5715 1238 5772 πάλιν
1291 5716 1404 5769 ὅσοι
1453 5716 1767 5773 πιστεύουσι
1789 5717 1867 5788 τῷ

362 5830 378 5860 ⁸
401 5826 560 5883 Joan.
593 5843 670 5893 tu,
704 5828 759 5882 3.

1976 4612 2256 4681 propriam
2306 4611 2637 4681 imaginem,
2684 4611 2861 4665 voluit
2905 4626 3003 4665 eos
3050 4626 3119 4666 ex
3170 4612 3291 4681 ipso
3346 4612 3555 4665 semine

1976 4705 2165 4759 divino
2191 4719 2507 4774 procreare.
2540 4703 2597 4759 Si
2627 4704 2723 4773 qui
2769 4719 2900 4773 ergo
2934 4705 3222 4759 renuerint
3261 4704 3326 4757 ad
3363 4704 3555 4773 huius-

1981 4793 2129 4849 modi
2178 4793 2591 4865 generationem
2625 4794 2837 4858 venire,
2886 4802 2941 4848 et
2987 4795 3055 4848 de
3094 4802 3286 4849 ventre
3315 4794 3556 4865 Spiritus

1979 4887 2154 4942 divini
2203 4888 2380 4953 nasci,
2409 4902 2685 4941 summum
2735 4888 2979 4941 dolorem
3019 4886 3252 4955 suscipit
3275 4886 3551 4953 Christus,

1974 4981 2069 5050 qui
2107 4989 2335 5050 propter
2359 4994 2456 5035 eos
2477 4994 2673 5049 passus
2720 4986 2807 5033 est
2845 4992 2909 5032 ac
2930 4978 3179 5048 pertulit,
3224 4985 3285 5031 ut
3314 4992 3412 5031 eos
3439 4992 3555 5032 ser-

1974 5081 2150 5127 varet.

2046 5164 2134 5219 Ill.
2176 5164 2379 5219 Omnes
2422 5164 2573 5219 enim
2634 5163 2888 5218 homines
2941 5164 3061 5218 vult
3100 5163 3367 5217 Dominus
3414 5163 3556 5217 hanc

1979 5254 2324 5308 nativitatem
2358 5253 2644 5322 consequi,
2679 5268 2780 5322 pro
2809 5253 3069 5307 omnibus
3097 5253 3371 5323 siquidem
3408 5268 3555 5307 mor-

1977 5352 2103 5398 tuus
2126 5354 2230 5407 est,
2256 5353 2310 5399 et
2340 5359 2533 5398 omnes
2567 5343 2635 5397 ad
2679 5345 2846 5398 vitam
2880 5344 3117 5399 vocavit.
3150 5346 3276 5399 Vita
3303 5360 3436 5399 vero
3470 5353 3555 5399 est

1974 5436 2213 5506 desuper
2237 5453 2306 5492 ex
2331 5438 2445 5490 Deo
2474 5437 2759 5507 generatio
2782 5456 2795 5491 :
2827 5437 3035 5506 absque
3060 5437 3162 5491 hac
3183 5436 3331 5491 enim
3366 5436 3557 5489 vivere

1976 5527 2237 5592 animam,
2275 5527 2637 5596 impossibile,
2664 5536 2723 5583 ut
2753 5528 2931 5597 inquit
2955 5527 3220 5581 Dominus
3247 5542 3260 5578 :
3292 5525 3408 5579 Nisi
3437 5527 3553 5590 quis

1976 5634 2132 5678 nutus
2176 5624 2330 5692 fuerit
2362 5641 2389 5677 e
2430 5626 2692 5694 supernis,
2730 5640 2837 5676 non
2880 5624 3069 5693 poterit
3115 5621 3287 5675 videre
3332 5635 3553 5688 regnum

1975 5718 2131 5771 Dei‘.
2188 5718 2257 5774 L't
2306 5726 2519 5783 contra,
2550 5716 2867 5787 quicunque
2918 5714 3149 5769 Domino
3187 5711 3548 5776 crediderint,
