3980 6424
467 358 575 423 723

1713 364 1776 424 S.
1817 363 2139 426 MACARII
2177 363 2502 426 EGYPTII

3600 365 3680 427 72-1

466 488 523 534 et
547 475 874 532 accedentes
903 474 1248 528 nativitatem
1302 474 1446 530 hanc
1487 477 1772 531 consecuti
1826 477 2057 539 fuerint,

2176 475 2377 546 Κυρίῳ,
2413 476 2509 528 καὶ
2546 473 2976 544 προσερχόμενοι
3007 471 3382 541 καταειοῦνται
3416 475 3506 544 τῆς
3527 483 3686 546 rem-

466 568 728 639 gaudium
776 565 1074 620 conciliant
1107 573 1164 619 et
1210 581 1481 620 summam
1540 567 1968 621 exsultationem
2001 567 2057 622 in

464 659 624 715 cmlis
667 657 1013 728 parentibus,
1047 656 1143 726 qui
1187 671 1284 710 eos
1333 670 1717 726 procrearunt.
1763 659 1831 712 Et
1862 674 2057 713 omnes

464 751 642 820 angeli
690 756 1005 817 sanctaeque
1041 747 1275 803 virtutes
1314 748 1571 802 lzetantur
1597 749 1665 803 de
1696 749 1898 813 anima,
1933 765 2058 818 qua:

465 856 496 896 e
524 840 730 910 Spiritu
765 847 1028 909 prognata
1049 847 1104 893 et
1133 839 1374 908 Spiritus
1395 839 1588 893 effecta
1623 847 1734 894 est.
1764 839 1881 894 Hoc
1906 841 2056 894 enim

466 943 670 997 corpus
718 927 1023 981 similitudo
1067 934 1152 981 est
1201 929 1427 992 animre;
1463 929 1646 982 anima
1699 945 1830 983 vero
1877 929 2056 1000 imago

467 1020 711 1091 Spiritus
735 1019 971 1073 exsistit.
1006 1019 1076 1072 Et
1103 1018 1570 1088 quemadmodum
1599 1035 1803 1089 corpus
1847 1021 2056 1090 absque

468 1116 652 1170 anima
678 1123 956 1168 mortuum
995 1121 1099 1177 est,
1136 1130 1240 1169 nec
1270 1113 1404 1184 quid
1450 1129 1717 1183 peragere
1747 1115 1894 1169 valet
1927 1131 1940 1166 :
1975 1119 2056 1171 sic

467 1206 678 1275 absque
733 1205 946 1259 cmlcsti
1005 1206 1226 1270 anima,
1286 1205 1496 1274 absque
1562 1205 1754 1260 divino
1821 1206 2053 1276 Spiritu,

467 1309 684 1352 mortua
710 1307 796 1353 est
836 1313 865 1351 a
901 1312 1068 1368 regno
1117 1297 1322 1361 anima,
1365 1312 1469 1350 nec
1518 1306 1701 1366 potest
1750 1298 2055 1367 quidquam

469 1405 730 1461 peragere
772 1404 986 1454 eorum,
1011 1405 1136 1460 quae
1181 1390 1248 1444 ad
1296 1390 1470 1445 Deum
1498 1391 1805 1460 pertinent,
1841 1391 2056 1464 absque

469 1481 702 1554 Spiritu.

545 1575 705 1646 116
727 1575 817 1629 iV.
853 1573 1334 1640 Quemadmodum
1363 1574 1510 1629 enim
1547 1573 1848 1630 statuarius
1871 1582 2058 1630 atten-

470 1667 552 1722 dit
573 1666 639 1720 ad
681 1665 880 1720 faciem
923 1665 1093 1735 regis,
1123 1673 1239 1720 tum
1268 1665 1445 1734 pingit
1487 1683 1498 1717 :
1528 1681 1610 1728 ac,
1646 1666 1690 1719 si
1730 1681 1799 1721 ex
1824 1666 2058 1721 adversa

471 1769 632 1831 parte
659 1758 730 1814 sit
765 1757 935 1812 facies
963 1757 1132 1827 regis,
1152 1757 1446 1812 intendens
1468 1757 1524 1811 in
1555 1757 1736 1827 ipsum
1762 1758 2054 1827 pictorem,

471 1850 633 1906 facile
665 1859 830 1916 atque
863 1850 1149 1920 eleganter
1191 1849 1286 1904 ille
1315 1848 1610 1926 imaginem
1636 1850 1706 1904 ad
1740 1850 1926 1904 vivum
1956 1849 2056 1905 de-

472 1939 693 2010 pingit:
729 1939 817 1994 sin
864 1954 1000 1994 vero
1050 1939 1250 1993 faciem
1293 1949 1532 2004 avertat,
1578 1941 1807 2011 pingere
1841 1942 2056 2010 nequit,

472 2047 541 2086 eo
567 2030 716 2100 quod
744 2030 970 2085 intentis
999 2031 1176 2086 oculis
1201 2048 1311 2088 non
1346 2032 1666 2087 intuebatur
1692 2033 2008 2103 pingentem
2042 2051 2057 2088 :

473 2124 669 2178 codem
707 2139 928 2193 quoque
972 2123 1137 2178 modo
1170 2123 1406 2196 insignis
1445 2127 1537 2180 ille
1572 2126 1749 2196 pictor
1781 2126 2059 2192 Christus,

475 2215 835 2270 credentibus
865 2215 940 2281 ei,
975 2225 1031 2271 et
1058 2217 1182 2272 ﬁxis
1215 2233 1342 2272 eum
1367 2217 1544 2272 oculis
1568 2233 1788 2287 semper
1837 2218 2062 2272 intuen-

477 2307 646 2371 tibus,
682 2306 973 2363 confestim
1002 2308 1253 2379 depingit
1293 2310 1360 2364 ad
1411 2311 1708 2379 imaginem
1747 2326 1903 2365 suam
1955 2311 2063 2366 ho-

477 2399 683 2453 minem
732 2400 1036 2464 cmlcstem,
1079 2416 1148 2455 ex
1195 2401 1316 2470 ipso
1347 2401 1594 2471 Spiritu,
1637 2418 1702 2457 ex
1756 2402 2066 2458 substantia

478 2492 652 2561 ipsius
681 2492 908 2546 luminis
935 2493 1146 2558 arcani,
1166 2494 1651 2563 pingitimaginem
1676 2495 1982 2557 cmlestem,
2011 2503 2068 2548 et

477 2584 709 2652 largitur
732 2583 781 2638 ei
808 2585 1134 2653 praeclarum
1175 2593 1234 2640 et
1278 2585 1483 2640 bonum
1515 2585 1664 2640 ill-ius
1684 2602 1971 2656 sponsum.
2009 2587 2068 2642 Si

479 2677 606 2747 quis
630 2691 761 2747 ergo
787 2676 1031 2732 immotis
1055 2678 1372 2734 oculiseum
1396 2694 1505 2733 non
1525 2695 1742 2748 semper
1761 2680 2066 2747 intueatur,

479 2772 681 2840 Spretis
718 2771 999 2836 omnibus,
1027 2787 1376 2842 nequaquam
1405 2775 1598 2844 pinget
1626 2774 1892 2828 Dominus
1931 2773 2070 2827 ima-

481 2863 661 2933 ginem
693 2865 814 2933 ejus
853 2880 884 2920 e
925 2880 1024 2920 suo
1055 2864 1226 2932 ipsius
1257 2865 1486 2920 lumine.
1521 2865 1752 2934 Oportet
1790 2879 1923 2934 ergo
1950 2862 2073 2917 ﬁxis

451 2969 455 2972 '
483 2955 660 3010 oculis
689 2955 894 3009 intueri
937 2972 1040 3010 nos
1073 2971 1221 3016 eum.
1258 2955 1510 3019 credere,
1535 2965 1593 3009 et
1633 2955 1864 3024 diligere
1891 2955 2070 3018 illum,

482 3045 665 3101 omnia
687 3046 958 3117 projicere
979 3048 1145 3116 eique
1165 3046 1562 3110 attendere,.ut
1577 3045 1766 3116 pingat
1787 3046 1874 3100 sui
1902 3046 2075 3114 ipsius

2161 584 2300 628 σεως
2342 565 2568 634 ταύτης,
2600 563 2777 635 χαρὰν
2821 563 3109 634 ἐμποιοῦσι
3157 566 3254 619 καὶ
3290 565 3520 634 μεγάλην
3555 568 3691 634 ἀγαλ-

2158 657 2337 713 λίασιν
2381 657 2438 709 ἐν
2477 658 2728 726 οὐρανοῖς
2770 657 2884 718 τοῖς
2928 657 3222 724 γεννήσασι
3264 655 3494 723 γονεῦσι·
3529 658 3692 722 πάντες

2158 765 2218 803 τε
2269 747 2513 816 ἄγγελοι,
2566 747 2661 800 καὶ
2701 746 2962 814 δυνάμεις
3018 746 3171 814 ἆγιαι
3211 747 3456 816 χαίρουσι
3495 748 3695 819 τῇψυχῇ

2151 843 2224 910 ,τῇ
2256 843 2321 894 ὲκ
2364 840 2682 909 Πνεύματος
2709 839 3056 908 γεννηθείσῃ,
3080 839 3177 893 καὶ
3212 840 3478 910 γενομένῃ
3499 840 3696 910 πνεῦμα.

2159 931 2332 987 Τοῦτο
2356 929 2465 1002 γὰρ
2501 931 2564 983 τὸ
2595 930 2756 999 σῶμα
2791 929 3048 1000 ὁμοίωμα
3071 930 3330 1000 τυγχάνει
3353 932 3450 1001 τῆς
3479 931 3700 1002 ψυχῆς,ή

2148 1005 2216 1084 ,δὲ
2247 1023 2395 1100 ψυχὴ
2431 1021 2597 1076 εἰκὼν
2634 1021 2730 1075 τοῦ
2787 1021 3107 1091 Πνεῦματος
3138 1023 3395 1092 ὑπάρχειο
3430 1023 3519 1075 καὶ
3545 1023 3702 1094 ὥσπερ

2158 1117 2222 1169 τὸ
2254 1117 2415 1185 σῶμα
2450 1115 2622 1185 χωρὶς
2651 1113 2754 1183 τῆς
2779 1113 2962 1184 ψυχῆς
2993 1114 3187 1184 νεκρόν
3228 1117 3364 1179 ἐστι,
3403 1115 3556 1185 μηδὲν
3579 1115 3706 1169 δυνά-

2170 1223 2333 1277 μενον
2367 1203 2794 1274 διαπράξασθαι,
2843 1203 3016 1266 οὕτως
3072 1205 3202 1260 ἄνευ
3260 1205 3361 1274 τῆς
3420 1205 3707 1276 ἐπουρανίου

2158 1297 2356 1368 ψυχῆς,
2379 1298 2547 1369 χωρὶς
2570 1295 2665 1348 τοῦ
2701 1293 2884 1348 Θεῖκοῦ
2920 1295 3260 1365 Πνεῦματος,
3286 1295 3454 1366 νεκρά
3485 1297 3706 1365 τυγχάνει

2159 1389 2272 1443 ἀπὸ
2295 1388 2395 1460 τῆς
2429 1387 2706 1459 βασιλείας
2736 1389 2768 1457 ἡ
2799 1386 2969 1457 ψυχὴ,
3005 1388 3169 1457 μηδὲν
3202 1387 3471 1458 δυναμένη
3509 1389 3708 1459 διαπρά-

2162 1484 2354 1548 ξασθαι
2384 1484 2494 1537 τῶν
2527 1483 2622 1536 τοῦ
2651 1483 2809 1547 Θεοῦ,
2841 1484 2970 1537 ἀνευ
2992 1482 3090 1536 τοῦ
3127 1483 3468 1553 Πνεῦματος.

2231 1579 2306 1631 Δ’.
2336 1578 2358 1596 "
2374 1577 2560 1646 Ωσπερ
2587 1576 2698 1645 γὰρ
2720 1575 2750 1628 ό
2772 1574 3164 1646 εἰκονογράφος
3188 1575 3448 1644 προσέχει
3477 1573 3550 1644 τῷ
3577 1590 3713 1642 προσ-

2157 1667 2297 1739 ώπῳ
2327 1668 2424 1721 τοῦ
2448 1666 2734 1738 βασιλέως,
2763 1667 2860 1719 καὶ
2880 1670 3105 1737 γράφειο
3127 1665 3224 1720 καὶ
3255 1665 3393 1719 ὲπάν
3420 1665 3477 1730 ἐξ
3502 1666 3712 1736 ἐναντίας

2159 1756 2194 1834 ᾖ
2243 1760 2306 1813 τὸ
2359 1761 2650 1830 πρόσωπον
2691 1759 2786 1812 τοῦ
2841 1759 3104 1830 βασιλέως
3136 1759 3404 1829 προσέχον
3444 1759 3585 1828 αὑτῴ
3635 1765 3715 1833 px.

2163 1871 2342 1923 φοντι,
2377 1853 2620 1916 εὐκόλως
2646 1854 2742 1906 καὶ
2781 1853 2962 1914 καλῶς
2996 1853 3202 1916 ἐκεῖνος
3233 1853 3517 1924 ζωγραφεῖ
3541 1851 3627 1909 τὴν
3654 1851 3714 1902 εἰ-

2165 1946 2300 2000 κόνα
2324 1962 2338 1977 ⁸
2373 1947 2514 2001 ὲπάν
2562 1943 2619 1998 δὲ
2649 1945 2970 2018 ἀποστρέψῃ
2991 1944 3052 1996 τὸ
3090 1944 3408 2014 πρόσωπον,
3438 1944 3499 1996 οὐ
3531 1943 3720 1996 δύναται

2165 2038 2396 2109 γράψαι,
2459 2037 2550 2090 διὰ
2594 2038 2658 2092 τὸ
2700 2037 2775 2107 μὴ
2835 2037 3102 2098 ἀτενίζειν
3159 2033 3309 2106 αὐτῷ
3346 2035 3427 2105 τῷ
3467 2036 3719 2104 arpis—ww

2164 2130 2259 2182 τὸν
2298 2128 2462 2182 αὑτὸν
2488 2128 2693 2198 τρόπον
2733 2128 2828 2181 καὶ
2857 2129 2884 2180 ὁ
2941 2126 3109 2189 καλὸς
3160 2125 3452 2194 ζωγράφος
3496 2123 3718 2194 Χριστκ,

2163 2225 2280 2286 τοῖς
2313 2219 2662 2275 πιστεύουσιν
2714 2219 2863 2290 αὐτῷ
2899 2219 2992 2274 καὶ
3041 2219 3383 2284 ἁτενίζουσιν
3429 2218 3516 2272 διὰ
3552 2215 3725 2275 παντὸς

2167 2314 2309 2386 πρὸς
2355 2313 2540 2377 αὑτὸν,
2580 2311 2784 2374 εὐθέως
2821 2312 3108 2382 ζωγραφεῖ
3138 2312 3279 2365 κατά
3317 2311 3417 2382 τὴν
3447 2311 3618 2363 εἰκόνα
3648 2309 3726 2360 αὑ-

2163 2406 2266 2460 τοῦ
2295 2404 2622 2473 ἐπουράνιον
2652 2402 2964 2472 ἄνθρωπον,
3002 2403 3068 2455 ὲκ
3095 2401 3190 2456 τοῦ
3219 2402 3386 2456 αὑτοῦ
3419 2402 3722 2469 Πνεῦματος,

2167 2500 2238 2552 ἐκ
2266 2497 2368 2568 τῆς
2402 2497 2758 2557 ὑποστάσεως
2801 2494 2968 2550 αὐτοῦ
2999 2494 3095 2548 τοῦ
3124 2495 3300 2564 φωτὸς
3325 2489 3436 2548 ’τοῦ
3470 2492 3729 2555 ἀνεκλαλή-

2167 2607 2288 2654 του,
2319 2590 2521 2661 γράφει
2565 2587 2752 2641 εἰκόνα
2793 2587 3068 2655 οὐράνιον,
3115 2587 3211 2640 καὶ
3258 2585 3476 2639 δίδωσιν
3506 2586 3632 2653 αὐτῇ
3659 2581 3731 2634 τὸν

2172 2683 2339 2737 καλὸν
2385 2683 2482 2736 καὶ
2517 2680 2726 2749 ἀγαθὸν
2773 2679 2945 2748 αὐτῆς
2985 2678 3242 2748 νυμφίον.
3301 2677 3370 2730 Et
3395 2695 3479 2740 τις
3532 2675 3615 2729 οὖν
3653 2673 3733 2726 οὐκ

2171 2776 2410 2840 ἀτενίζει
2453 2775 2543 2829 διὰ
2575 2773 2780 2836 «sua»;
2819 2771 2957 2841 πρὸς
2979 2771 3150 2824 αὐτὸν
3184 2770 3293 2823 τῶν
3325 2763 3545 2822 πάντων
3591 2768 3732 2832 ὑπερ-

2177 2868 2304 2922 ιδὼν
2329 2909 2344 2931 ,
2369 2868 2430 2919 οὐ
2468 2865 2544 2936 μὴ
2571 2862 3030 2936 -γράψῃὸΚύριος
3055 2859 3219 2914 αὐτοῦ
3252 2859 3350 2929 τὴν
3385 2859 3564 2912 εἰκόνα
3584 2859 3639 2909 ὲκ
3661 2852 3734 2906 τοῦ

2177 2958 2374 3013 ἑαυτοῦ
2412 2957 2610 3026 φωτός.
2644 2957 2765 3026 Χρὴ
2799 2953 2983 3008 τοίνυν
3015 2953 3284 3017 ἀτενίζειν
3309 2953 3462 3022 ἡμᾶς
3500 2952 3574 3012 είς
3603 2947 3737 3001 αὐτὸν

2177 3051 2554 3112 πιστεύοντας.
2595 3049 2692 3103 καὶ
2745 3046 3076 3117 ἀγαπῶντας
3121 3046 3283 3098 αὐτὸν
3308 3087 3322 3106 ,
3358 3044 3537 3098 πάντα
3575 3041 3738 3109 ῥίψαν-

485 3139 780 3208 imagincm
815 3139 1099 3198 cmlestem
1123 3147 1182 3193 et
1209 3138 1694 3193 immittatanimis
1727 3137 1966 3193 nostris:
1987 3146 2072 3192 at-

2176 3161 2295 3208 τας,
2329 3143 2425 3196 καὶ
2456 3141 2606 3212 αὐτῷ
2639 3139 3038 3212 προσέχοντας⁹
3073 3138 3163 3192 ἵνα
3196 3136 3422 3206 γράψας
3451 3135 3546 3204 τὴν
3572 3127 3738 3185 ἑαυτοῦ

489 3246 599 3300 quc
637 3230 719 3284 sic
767 3245 867 3284 nos
919 3239 1200 3300 gestantes
1247 3230 1554 3292 Christum,
1594 3230 1770 3283 vitam.
1812 3239 2075 3284 aeternam

485 3337 896 3392 consequamur
922 3332 1008 3387 ,et
1030 3323 1162 3378 hinc
1179 3323 1405 3378 certiori
1450 3322 1651 3377 ﬁducia
1688 3321 1812 3378 fulti
1854 3323 2076 3394 requie-

486 3427 725 3469 scamus.

562 3603 626 3660 V.
661 3601 902 3658 Perinde
934 3617 999 3658 ac
1020 3611 1242 3658 moneta
1275 3619 1460 3669 aurea,
1486 3602 1594 3659 ηἰὲί
1626 3603 1951 3675 impressam
1973 3605 2078 3660 ha-

486 3696 674 3753 buerit
715 3695 922 3766 regiam
958 3696 1279 3767 imaginem,
1317 3713 1426 3751 non
1464 3697 1520 3753 in
1563 3698 1902 3756 commercio
1949 3714 2078 3752 ver-

487 3790 600 3845 sari
629 3796 836 3859 potest,
877 3804 981 3846 nec
1014 3789 1070 3843 in
1103 3789 1254 3859 regis
1285 3789 1576 3843 thesauros
1608 3789 1954 3852 reconditur,
1981 3788 2079 3843 sed

489 3881 742 3951 rejicitur
778 3899 795 3936 :
834 3881 915 3935 sic
947 3896 1170 3950 quoque
1191 3880 1395 3945 anima,
1441 3881 1549 3935 nisi
1591 3881 1851 3936 habuerit
1883 3882 2080 3952 imagi-

491 3989 618 4028 nem
649 3973 892 4028 cmlestis
937 3972 1179 4042 Spiritus
1207 3974 1264 4027 in
1293 3974 1504 4029 lumine
1533 3989 1759 4039 arcano,
1795 3974 2079 4029 Christum

494 4063 550 4118 in
593 4080 652 4119 se
703 4063 1061 4134 insculptum,
1090 4080 1200 4119 non
1239 4072 1325 4118 est
1355 4064 1648 4119 commoda
1702 4064 1768 4117 ad
1811 4079 2083 4134 supernos

498 4153 808 4220 thesauros,
834 4165 892 4208 et
929 4169 960 4207 a
991 4153 1401 4209 mercatoribus
1429 4155 1606 4224 regni,
1641 4154 1924 4223 praeclaris
1952 4169 2085 4223 apo-

496 4245 674 4307 stolis,
700 4244 1002 4314 respuitur.
1047 4245 1152 4310 Qui
1204 4245 1356 4300 enim
1411 4246 1677 4300 invitatus
1721 4245 1920 4309 fuerat,
1971 4262 2082 4300 non

497 4345 800 4390 exornatus
835 4345 986 4390 veste
1034 4335 1291 4406 nuptiali,
1323 4346 1585 4405 tanquam
1637 4327 1850 4391 alienus
1875 4336 2084 4406 ejeettts

499 4433 585 4480 est
616 4425 672 4479 in
705 4431 1011 4481 exteriores
1059 4427 1340 4492 tenebras,
1391 4443 1460 4482 eo
1494 4428 1641 4497 quod
1688 4444 1798 4481 non
1840 4437 2084 4498 gestaret

2179 3237 2366 3290 εἰκόνα
2419 3239 2518 3306 τὴν
2559 3234 2906 3302 ἐπουράνιον,
2951 3231 3252 3302 ἀποστείλῃ
3311 3231 3372 3281 ὲν
3415 3231 3534 3290 ταῖς
3568 3223 3740 3294 ψυχαῖς

2179 3329 2357 3400 ημῶν·
2409 3327 2501 3381 καὶ
2545 3326 2717 3389 οὕτως
2776 3317 3112 3394 φορέσαντες
3173 3322 3264 3375 τὸν
3332 3320 3566 3392 Χριστὸν
3617 3313 3736 3382 ζωὴν

2179 3421 2402 3476 αἰώνιον
2452 3417 2731 3490 λάϐωμεν,
2769 3418 2867 3471 καὶ
2901 3415 3234 3471 ἀπεντεῦθεν
3264 3410 3740 3486 πληροφορηθὲντες

2178 3511 2538 3582 ἀναπαῶμεν.

2251 3605 2328 3657 E'.
2363 3605 2576 3674 Ὥσπερ
2614 3604 2672 3656 τὺ
2701 3602 2943 3674 νόμισμα
2990 3599 3086 3654 τοῦ
3115 3598 3364 3671 χρυσίου,
3404 3597 3497 3650 ἐὰν
3526 3595 3596 3667 μὴ
3623 3590 3739 3661 λάϐῃ

2180 3697 2277 3752 καὶ
2323 3697 2607 3770 ὲντυπωΘῇ
2639 3695 2737 3766 τὴν
2790 3692 3076 3766 βασιλικὴν
3114 3693 3331 3756 εἰκόνα,
3368 3689 3494 3744 οὕτε
3540 3691 3612 3750 εἰς
3664 3686 3743 3754 ἑμ-

2183 3789 2380 3860 πορίαν
2444 3788 2766 3859 ἀπέρχεται.
2822 3785 2945 3839 οὔτε
3009 3786 3102 3848 εἰς·
3154 3783 3422 3854 βασιλέως
3457 3779 3735 3851 Θησαυροῦς

2183 3875 2532 3938 ἀποτίθεται,
2584 3874 2722 3927 ἀλλά
2767 3873 3076 3942 ἀπόϐλητον
3134 3872 3418 3942 τυγχάνειο
3479 3869 3642 3930 οὕτως
3668 3864 3742 3917 καὶ

2183 3963 2411 4037 ἡψυχὴ,
2447 3965 2544 4018 ὲάν
2575 3966 2650 4034 μὴ
2677 3963 2779 4034 ἔχῃ
2817 3963 3002 4016 εἰκόνα
3024 3962 3117 4016 τοῦ
3153 3961 3480 4031 ἐπουρανίου
3525 3957 3744 4025 Πνεῦμα-

2183 4076 2276 4122 τος
2329 4060 2389 4110 ὲν
2428 4059 2568 4126 φωτὶ
2623 4058 2874 4129 ἀρρήτῳ,
2926 4057 3162 4127 Χριστὸν
3219 4051 3653 4123 ἐντετυπωμένον
3699 4050 3744 4098 ἐν

2185 4151 2348 4220 αὐτῇ,
2385 4149 2448 4202 οὐ
2500 4147 2826 4219 χρησιμεύει
2863 4148 2942 4209 εἰς
2990 4147 3117 4208 τοὺς
3154 4147 3264 4198 ἄνω
3319 4143 3640 4213 Οησαυροὺς,
3669 4135 3744 4189 καὶ

2187 4242 2294 4294 ὑπὸ
2315 4241 2424 4294 τῶν
2455 4241 2711 4310 ἐμπόρων
2733 4241 2833 4306 τῆς
2857 4237 3134 4308 βασιλείας
3158 4236 3266 4289 τῶν
3301 4235 3488 4288 καλῶν
3543 4225 3744 4285 ἀποστάν

2185 4335 2292 4389 λων
2326 4333 2631 4402 ἀπόϐλητος
2660 4330 3018 4400 γίνεται.Καὶ
3062 4329 3171 4399 γὰρ
3219 4331 3247 4381 ὁ
3277 4327 3525 4397 κληθεὶς,
3561 4321 3648 4376 καὶ
3685 4316 3744 4388 μὴ

2190 4425 2372 4496 φορῶν
2405 4415 2470 4477 et“
2490 4424 2694 4493 ἔνδυμα
2737 4423 2829 4475 τοῦ
2855 4422 3058 4491 γάμου,
3093 4421 3167 4482 ὡς
3199 4415 3481 4488 ἀλλότριος
3513 4409 3743 4481 ἐξεϐλήθη

501 4517 793 4586 imaginem
819 4518 1123 4573 cmlestem.
1152 4519 1269 4574 Hoc
1294 4520 1443 4574 enim
1479 4530 1563 4575 est
1591 4521 1808 4590 signum
1841 4537 1905 4575 ac
1933 4522 2072 4592 sigilu

2194 4521 2272 4580 εἰς
2297 4517 2356 4570 τὸ
2389 4517 2674 4586 ἀλλότριον
2723 4513 2935 4576 σκότος,
2989 4511 3064 4584 μὴ
3100 4510 3280 4581 φορῶν
3307 4510 3408 4580 τὴν
3458 4507 3634 4562 εἰκόνα
3667 4498 3745 4569 τὴν

497 4608 614 4664 lum
645 4609 862 4664 Domini
886 4611 1086 4666 animis
1122 4612 1472 4680 impressum,
1527 4613 1769 4681 Spiritus
1813 4614 2081 4668 nimirum

499 4701 728 4757 luminis
749 4703 960 4757 arcani.
993 4703 1060 4756 Et
1089 4703 1556 4772 quemadmodqu
1595 4713 1845 4759 mortuus
1875 4706 2089 4760 inutilis

500 4800 610 4859 est,
645 4809 748 4849 nec
783 4795 1010 4849 omnino
1061 4797 1192 4864 quid
1243 4797 1560 4851 commodat
1608 4797 1698 4860 iis,
1745 4798 1841 4866 qui
1874 4799 1965 4852 hic
2004 4799 2090 4852 vi-

501 4892 674 4950 vunt;
705 4894 1048 4955 quapropter
1077 4894 1369 4956 exportant
1414 4901 1634 4954 quoque
1673 4903 1799 4941 eum
1829 4903 1896 4941 ex
1929 4889 2088 4954 urbe,

502 4985 562 5031 et
609 4977 762 5031 humi
819 4978 1146 5048 deponunt:
1183 4980 1264 5034 sic
1292 4995 1513 5048 quoque
1551 4980 1755 5044 anima,
1805 4997 1928 5050 quae
1978 4997 2090 5035 non

503 5075 682 5140 gestat
721 5069 1004 5124 cmlestcm
1056 5069 1232 5124 divini
1280 5071 1507 5125 luminis
1538 5071 1871 5139 imaginem,
1919 5073 2091 5128 vitam

507 5161 724 5216 scilicet
770 5162 992 5226 animat,
1031 5163 1184 5216 velut
1232 5163 1466 5232 reproha
1508 5179 1574 5218 ac
1607 5165 1768 5233 plane
1823 5165 2094 5235 rejectitia

505 5251 715 5306 evadit.
741 5251 864 5306 Non
899 5253 1048 5307 enim
1081 5254 1398 5309 commodat
1433 5254 1511 5308 illi
1533 5254 1742 5309 civitati
1774 5266 2092 5310 sanctorum

508 5343 693 5398 anima
722 5352 962 5406 mortua,
988 5359 1112 5413 qua:
1151 5361 1264 5399 non
1309 5339 1453 5416 gerit
1484 5347 1729 5402 lucidum
1757 5363 1822 5402 ac
1845 5348 2093 5404 divinum

509 5435 798 5505 Spiritum.
817 5435 1290 5502 Quemadmodum
1319 5439 1466 5494 enim
1495 5440 1549 5494 in
1571 5441 1778 5495 mundo
1818 5443 1931 5496 vita
1967 5456 2096 5495 cor-

512 5527 665 5594 poris
693 5535 778 5582 est
808 5527 992 5580 anima
1031 5546 1043 5580 :
1073 5527 1154 5581 sic
1188 5543 1410 5598 quoque
1443 5531 1498 5583 in
1542 5539 1751 5585 aeterno
1791 5547 1856 5587 ac
1884 5531 2094 5587 ccclesti

517 5614 724 5670 mundo
759 5615 958 5670 anima:
984 5617 1095 5672 vita
1121 5626 1207 5671 est
1231 5617 1474 5686 Spiritus
1496 5619 1737 5711 divinus.

588 5793 677 5850 Vl.
710 5795 940 5866 Oportet
968 5797 1134 5868 igitur
1183 5806 1520 5868 quaerentem
1560 5801 1812 5868 credere,
1843 5810 1900 5857 ct
1940 5816 2096 5858 accc-

2189 4607 2530 4678 ὲπουράνιον.
2561 4603 2734 4656 Τοῦτο
2762 4603 2870 4671 γὰρ
2903 4603 3128 4670 σημεῖον
3176 4599 3270 4652 καὶ
3317 4599 3499 4666 σίγνον
3537 4593 3744 4661 ὑπάρχει

2189 4698 2284 4752 τοῦ
2324 4698 2540 4766 Κυρίου
2563 4694 2960 4764 ἑντυπούμενον
2987 4695 3109 4755 ταῖς
3150 4688 3622 4761 ψυχαῖς,”πνεῦμα
3660 4698 3746 4749 gm-

2190 4789 2280 4852 τὸς
2306 4788 2550 4859 ἀρρήτου
2583 4786 2847 4856 ὑπάρχον.
2879 4783 2992 4835 Καὶ
3029 4781 3220 4852 ὥσπερ
3258 4783 3284 4833 ό
3311 4779 3506 4850 νεκρὸς
3536 4775 3744 4845 ἀχρεῖος.

2193 4880 2290 4934 καὶ
2322 4880 2467 4938 ,ὅλως
2513 4877 2588 4948 μὴ
2625 4874 2978 4947 χρησιμεύων
3011 4875 3132 4937 τοῖς
3183 4873 3301 4925 ἐκεῖ
3339 4873 3455 4924 ἐστι
3480 4889 3494 4902 ·
3546 4869 3619 4923 διὸ
3673 4861 3747 4915 καὶ

2194 4971 2577 5040 ἐκκομίζουσιν
2599 4969 2762 5021 αὐτὸν
2783 4967 2888 5031 ἐξω
2909 4967 3005 5035 τῆς
3036 4964 3246 5027 πόλεως
3267 4964 3361 5017 καὶ
3376 4961 3744 5016 κατατίθενται·

2195 5063 2367 5125 οὕτως
2395 5062 2490 5115 καὶ
2525 5063 2558 5131 ἡ
2586 5059 2732 5130 ψυχὴ
2758 5061 2790 5130 ἡ
2828 5059 2902 5128 μὴ
2935 5058 3175 5128 φέρουσα
3213 5055 3312 5124 τὴν
3339 5054 3647 5122 ἐπουράνιον
3671 5041 3743 5097 τοῦ

2197 5153 2378 5208 θεῖκοῦ
2413 5149 2590 5220 φωτὸς
2629 5152 2834 5213 εἰκόνα,
2882 5150 2980 5219 τὴν
3035 5149 3180 5217 ζωὴν
3229 5147 3330 5217 τῆς
3362 5146 3556 5217 ψυχῆς,
3588 5144 3745 5204 ὥσπερ

2197 5248 2454 5316 ἀδόκιμος
2503 5246 2596 5298 καὶ
2633 5245 2810 5314 πάντη
2847 5242 3154 5313 ἀπόϐλητος
3181 5243 3457 5311 τυγχάνει·
3495 5240 3554 5292 οὐ
3584 5250 3745 5307 χρησι-

2200 5339 2356 5409 μεύει
2400 5337 2509 5406 γὰρ
2549 5337 2629 5399 εἰς
2658 5334 2876 5404 ἐκείνην
2908 5334 3006 5404 τὴν
3055 5335 3209 5388 πόλιν
3256 5333 3364 5386 τῶν
3412 5332 3576 5402 ἁγίων
3605 5323 3746 5394 νεκρὰ

2195 5429 2363 5500 ψυχὴ,
2416 5429 2490 5498 μὴ
2531 5429 2772 5498 φέρουσα
2832 5427 3094 5494 φωτεινόν
3139 5427 3233 5480 καὶ
3287 5426 3465 5479 οεῖκῦν
3527 5419 3743 5486 Πνεῦμα.

2200 5521 2411 5591 ’Ὠσπερ
2463 5523 2574 5590 γὰρ
2624 5522 2696 5573 ὲν·
2724 5520 2918 5589 κόσμῳ
2973 5518 3086 5591 ζωὴ
3135 5517 3230 5572 τοῦ
3274 5519 3521 5588 σώματος
3566 5501 3742 5583 ἡψυχὴ

2198 5613 2367 5677 ἐστιν,
2389 5611 2564 5674 οὕτως
2591 5612 2686 5665 καὶ
2707 5613 2766 5664 ἐν
2792 5611 2870 5680 τῷ
2897 5611 3101 5680 αἰωνίῳ
3129 5611 3225 5663 καὶ
3253 5608 3556 5680 ἐπουρανίῳ
3585 5603 3745 5669 κόσμῳ

2199 5706 2296 5775 τῆς
2327 5703 2505 5773 ψυχῆς
2533 5705 2565 5772 ἡ
2598 5701 2732 5773 ζωὴ,
2767 5703 2828 5755 τὸ
2865 5701 3086 5772 Πνεῦμα
3112 5703 3211 5772 τῆς
3239 5702 3486 5772 θεότητος
3518 5696 3738 5766 ὑπάρχει.

2273 5795 2487 5868 (ΓλίΡῆ
2509 5795 2685 5849 τοίνυν
2711 5795 2799 5849 τὸν
2821 5794 3085 5867 ζητοῦντα
3109 5794 3394 5848 πιστεῦσαι
3425 5793 3512 5849 καὶ
3543 5782 3740 5860 προσελ-

2127 5889 2231 5902 ν.-
