  <div class='ocr_page' id='page_1' title='image "/cluster/home/n/w/nwhite01/storage/ocr_20150623/34/coo.31924054869312/376.png"; bbox 0 0 3980 6432; ppageno 0'>
   <div class='ocr_carea' id='block_1_1' title="bbox 358 370 466 434">
    <p class='ocr_par' dir='ltr' id='par_1_1' title="bbox 358 370 466 434">
     <span class='ocr_line' id='line_1_1' title="bbox 358 370 466 434; baseline 0.028 -4"><span class='ocrx_word' id='word_1_1' title='bbox 358 370 466 434; x_wconf 71' lang='lat'><strong>725</strong></span> 
     </span>
    </p>
   </div>
   <div class='ocr_carea' id='block_1_2' title="bbox 1540 371 2013 436">
    <p class='ocr_par' dir='ltr' id='par_1_2' title="bbox 1540 371 2013 436">
     <span class='ocr_line' id='line_1_2' title="bbox 1540 371 2013 436; baseline -0.002 0"><span class='ocrx_word' id='word_1_2' title='bbox 1540 371 1912 436; x_wconf 75' lang='lat' dir='ltr'><strong>HOMILLE.</strong></span> <span class='ocrx_word' id='word_1_3' title='bbox 1943 397 2013 412; x_wconf 78' lang='grc'><strong>’-</strong></span> 
     </span>
    </p>
   </div>
   <div class='ocr_carea' id='block_1_3' title="bbox 2035 376 3640 449">
    <p class='ocr_par' dir='ltr' id='par_1_3' title="bbox 2035 376 3640 449">
     <span class='ocr_line' id='line_1_3' title="bbox 2035 376 3640 449; baseline 0.007 -12"><span class='ocrx_word' id='word_1_4' title='bbox 2035 376 2227 440; x_wconf 84' lang='grc' dir='ltr'><strong>ΙΙΟΜ.</strong></span> <span class='ocrx_word' id='word_1_5' title='bbox 2267 377 2450 446; x_wconf 85' lang='grc' dir='ltr'>ΧΧΧ.</span> <span class='ocrx_word' id='word_1_6' title='bbox 3530 383 3640 449; x_wconf 77' lang='lat'><strong>726</strong></span> 
     </span>
    </p>
   </div>
   <div class='ocr_carea' id='block_1_4' title="bbox 360 477 1927 564">
    <p class='ocr_par' dir='ltr' id='par_1_4' title="bbox 360 477 1927 551">
     <span class='ocr_line' id='line_1_4' title="bbox 360 477 1927 551; baseline 0.001 -18"><span class='ocrx_word' id='word_1_7' title='bbox 360 480 475 533; x_wconf 83' lang='grc' dir='ltr'>θεῖν</span> <span class='ocrx_word' id='word_1_8' title='bbox 495 477 575 550; x_wconf 81' lang='grc' dir='ltr'><strong>τῷ</strong></span> <span class='ocrx_word' id='word_1_9' title='bbox 606 477 818 550; x_wconf 80' lang='grc' dir='ltr'>Κυρίῳ,</span> <span class='ocrx_word' id='word_1_10' title='bbox 840 480 1179 551; x_wconf 77' lang='grc' dir='ltr'>παρακαλεῖν</span> <span class='ocrx_word' id='word_1_11' title='bbox 1205 478 1457 536; x_wconf 78' lang='grc' dir='ltr'>ἐντεῦθεν</span> <span class='ocrx_word' id='word_1_12' title='bbox 1483 481 1670 535; x_wconf 81' lang='grc' dir='ltr'>λαϐεῖν</span> <span class='ocrx_word' id='word_1_13' title='bbox 1693 483 1756 534; x_wconf 82' lang='grc' dir='ltr'>τὸ</span> <span class='ocrx_word' id='word_1_14' title='bbox 1773 481 1927 536; x_wconf 51' lang='grc' dir='ltr'>θεῖκὸε</span> 
     </span>
    </p>
   </div>
   <div class='ocr_carea' id='block_1_5' title="bbox 2029 477 3639 564">
    <p class='ocr_par' dir='ltr' id='par_1_5' title="bbox 2057 483 3639 564">
     <span class='ocr_line' id='line_1_5' title="bbox 2057 483 3639 564; baseline 0.008 -26"><span class='ocrx_word' id='word_1_15' title='bbox 2057 483 2189 542; x_wconf 87' lang='lat' dir='ltr'><strong>dere</strong></span> <span class='ocrx_word' id='word_1_16' title='bbox 2218 487 2289 546; x_wconf 86' lang='lat' dir='ltr'><strong>ad</strong></span> <span class='ocrx_word' id='word_1_17' title='bbox 2331 487 2649 553; x_wconf 89' lang='lat' dir='ltr'><strong>Dominum,</strong></span> <span class='ocrx_word' id='word_1_18' title='bbox 2683 488 2980 548; x_wconf 73' lang='lat' dir='ltr'><strong>obsecrare</strong></span> <span class='ocrx_word' id='word_1_19' title='bbox 3006 499 3071 548; x_wconf 90' lang='lat' dir='ltr'><strong>ut</strong></span> <span class='ocrx_word' id='word_1_20' title='bbox 3097 491 3228 548; x_wconf 87' lang='lat' dir='ltr'><strong>hinc</strong></span> <span class='ocrx_word' id='word_1_21' title='bbox 3266 506 3639 564; x_wconf 74' lang='lat' dir='ltr'><strong>consequatur</strong></span> 
     </span>
    </p>
   </div>
   <div class='ocr_carea' id='block_1_6' title="bbox 359 572 1949 646">
    <p class='ocr_par' dir='ltr' id='par_1_6' title="bbox 359 572 1949 646">
     <span class='ocr_line' id='line_1_6' title="bbox 359 572 1949 646; baseline 0 -18"><span class='ocrx_word' id='word_1_22' title='bbox 359 572 607 642; x_wconf 77' lang='grc' dir='ltr'><strong>Πνεῦμα·</strong></span> <span class='ocrx_word' id='word_1_23' title='bbox 637 573 770 626; x_wconf 82' lang='grc' dir='ltr'>αὐτὸ</span> <span class='ocrx_word' id='word_1_24' title='bbox 818 573 924 642; x_wconf 77' lang='grc' dir='ltr'>γάρ</span> <span class='ocrx_word' id='word_1_25' title='bbox 949 576 1098 628; x_wconf 83' lang='grc' dir='ltr'>ἐστιν</span> <span class='ocrx_word' id='word_1_26' title='bbox 1144 576 1176 644; x_wconf 84' lang='grc' dir='ltr'><strong>ή</strong></span> <span class='ocrx_word' id='word_1_27' title='bbox 1211 575 1323 643; x_wconf 83' lang='grc' dir='ltr'><strong>ζωὴ</strong></span> <span class='ocrx_word' id='word_1_28' title='bbox 1366 576 1466 644; x_wconf 85' lang='grc' dir='ltr'>τῆς</span> <span class='ocrx_word' id='word_1_29' title='bbox 1508 575 1710 646; x_wconf 78' lang='grc' dir='ltr'>ψυχῆς,</span> <span class='ocrx_word' id='word_1_30' title='bbox 1741 577 1834 628; x_wconf 72' lang='grc' dir='ltr'>καὶ</span> <span class='ocrx_word' id='word_1_31' title='bbox 1860 575 1949 628; x_wconf 84' lang='grc' dir='ltr'>διὰ</span> 
     </span>
    </p>
   </div>
   <div class='ocr_carea' id='block_1_7' title="bbox 356 665 1946 740">
    <p class='ocr_par' dir='ltr' id='par_1_7' title="bbox 356 665 1946 740">
     <span class='ocr_line' id='line_1_7' title="bbox 356 665 1946 740; baseline 0.001 -22"><span class='ocrx_word' id='word_1_32' title='bbox 356 665 516 719; x_wconf 86' lang='grc' dir='ltr'>τοῦτο</span> <span class='ocrx_word' id='word_1_33' title='bbox 544 667 838 736; x_wconf 79' lang='grc' dir='ltr'>ἐποιήσατο</span> <span class='ocrx_word' id='word_1_34' title='bbox 874 665 972 736; x_wconf 86' lang='grc' dir='ltr'>τὴν</span> <span class='ocrx_word' id='word_1_35' title='bbox 999 665 1208 722; x_wconf 80' lang='grc' dir='ltr'>ἐλευσιν</span> <span class='ocrx_word' id='word_1_36' title='bbox 1234 671 1261 721; x_wconf 98' lang='lat'><strong>6</strong></span> <span class='ocrx_word' id='word_1_37' title='bbox 1293 669 1518 738; x_wconf 83' lang='grc' dir='ltr'>Κύριος,</span> <span class='ocrx_word' id='word_1_38' title='bbox 1554 670 1641 722; x_wconf 84' lang='grc' dir='ltr'>ἴνα</span> <span class='ocrx_word' id='word_1_39' title='bbox 1676 668 1822 740; x_wconf 75' lang='grc' dir='ltr'>ζωὴν</span> <span class='ocrx_word' id='word_1_40' title='bbox 1859 671 1946 722; x_wconf 86' lang='grc' dir='ltr'>ἐν-</span> 
     </span>
    </p>
   </div>
   <div class='ocr_carea' id='block_1_8' title="bbox 357 754 1944 828">
    <p class='ocr_par' dir='ltr' id='par_1_8' title="bbox 357 754 1944 828">
     <span class='ocr_line' id='line_1_8' title="bbox 357 754 1944 828; baseline 0.002 -20"><span class='ocrx_word' id='word_1_41' title='bbox 357 754 548 809; x_wconf 88' lang='grc' dir='ltr'>τεῦθεν</span> <span class='ocrx_word' id='word_1_42' title='bbox 582 757 656 826; x_wconf 87' lang='grc' dir='ltr'>δῷ</span> <span class='ocrx_word' id='word_1_43' title='bbox 696 759 764 828; x_wconf 79' lang='grc' dir='ltr'><strong>τῇ</strong></span> <span class='ocrx_word' id='word_1_44' title='bbox 821 755 990 827; x_wconf 73' lang='grc' dir='ltr'>ψυχῇ,</span> <span class='ocrx_word' id='word_1_45' title='bbox 1025 758 1085 810; x_wconf 80' lang='grc' dir='ltr'>τὸ</span> <span class='ocrx_word' id='word_1_46' title='bbox 1126 759 1346 827; x_wconf 87' lang='grc' dir='ltr'>Πνεῦμα</span> <span class='ocrx_word' id='word_1_47' title='bbox 1378 758 1543 812; x_wconf 82' lang='grc' dir='ltr'>αὑτοῦ</span> <span class='ocrx_word' id='word_1_48' title='bbox 1568 774 1582 788; x_wconf 91' lang='grc'><strong>·</strong></span> <span class='ocrx_word' id='word_1_49' title='bbox 1608 758 1765 826; x_wconf 69' lang='lat' dir='ltr'><strong>&quot;Eug-</strong></span> <span class='ocrx_word' id='word_1_50' title='bbox 1810 758 1944 828; x_wconf 77' lang='grc' dir='ltr'>γὰρ,</span> 
     </span>
    </p>
   </div>
   <div class='ocr_carea' id='block_1_9' title="bbox 356 846 1948 920">
    <p class='ocr_par' dir='ltr' id='par_1_9' title="bbox 356 846 1948 920">
     <span class='ocr_line' id='line_1_9' title="bbox 356 846 1948 920; baseline 0.002 -20"><span class='ocrx_word' id='word_1_51' title='bbox 356 847 513 917; x_wconf 81' lang='grc' dir='ltr'>φησὶ,</span> <span class='ocrx_word' id='word_1_52' title='bbox 543 846 713 918; x_wconf 82' lang='grc' dir='ltr'>ἔχετε</span> <span class='ocrx_word' id='word_1_53' title='bbox 751 851 818 903; x_wconf 81' lang='grc' dir='ltr'>τὸ</span> <span class='ocrx_word' id='word_1_54' title='bbox 843 847 992 918; x_wconf 68' lang='grc' dir='ltr'>φῶς,</span> <span class='ocrx_word' id='word_1_55' title='bbox 1029 851 1343 904; x_wconf 80' lang='grc' dir='ltr'>πιστεύετε</span> <span class='ocrx_word' id='word_1_56' title='bbox 1367 852 1457 916; x_wconf 84' lang='grc' dir='ltr'>εὶς</span> <span class='ocrx_word' id='word_1_57' title='bbox 1496 849 1561 903; x_wconf 80' lang='grc' dir='ltr'>τὸ</span> <span class='ocrx_word' id='word_1_58' title='bbox 1590 849 1736 918; x_wconf 66' lang='grc' dir='ltr'>φῶς·</span> <span class='ocrx_word' id='word_1_59' title='bbox 1781 849 1948 920; x_wconf 81' lang='grc' dir='ltr'>ἔρχε-</span> 
     </span>
    </p>
   </div>
   <div class='ocr_carea' id='block_1_10' title="bbox 353 939 1948 1011">
    <p class='ocr_par' dir='ltr' id='par_1_10' title="bbox 353 939 1948 1011">
     <span class='ocr_line' id='line_1_10' title="bbox 353 939 1948 1011; baseline 0.009 -21"><span class='ocrx_word' id='word_1_60' title='bbox 353 954 453 991; x_wconf 79' lang='grc' dir='ltr'><strong>ται</strong></span> <span class='ocrx_word' id='word_1_61' title='bbox 503 939 641 1004; x_wconf 81' lang='grc' dir='ltr'><strong>νὺξ,</strong></span> <span class='ocrx_word' id='word_1_62' title='bbox 688 943 786 995; x_wconf 78' lang='grc' dir='ltr'>ὅτε</span> <span class='ocrx_word' id='word_1_63' title='bbox 835 945 1039 998; x_wconf 78' lang='grc' dir='ltr'>οὐκέτι</span> <span class='ocrx_word' id='word_1_64' title='bbox 1071 945 1336 998; x_wconf 76' lang='grc' dir='ltr'><strong>δύνασθε</strong></span> <span class='ocrx_word' id='word_1_65' title='bbox 1363 941 1729 1011; x_wconf 77' lang='grc' dir='ltr'>ἐργάζεσθαι.</span> <span class='ocrx_word' id='word_1_66' title='bbox 1767 943 1835 994; x_wconf 83' lang='grc' dir='ltr'>Εί</span> <span class='ocrx_word' id='word_1_67' title='bbox 1866 960 1948 1004; x_wconf 82' lang='grc' dir='ltr'>τις</span> 
     </span>
    </p>
   </div>
   <div class='ocr_carea' id='block_1_11' title="bbox 353 1029 1942 1108">
    <p class='ocr_par' dir='ltr' id='par_1_11' title="bbox 353 1029 1942 1108">
     <span class='ocr_line' id='line_1_11' title="bbox 353 1029 1942 1108; baseline 0.003 -26"><span class='ocrx_word' id='word_1_68' title='bbox 353 1029 537 1084; x_wconf 81' lang='grc' dir='ltr'>τοίνυν</span> <span class='ocrx_word' id='word_1_69' title='bbox 565 1032 664 1085; x_wconf 82' lang='grc' dir='ltr'>οὐκ</span> <span class='ocrx_word' id='word_1_70' title='bbox 715 1034 982 1108; x_wconf 78' lang='grc' dir='ltr'>ἐζήτησεν</span> <span class='ocrx_word' id='word_1_71' title='bbox 1025 1035 1275 1089; x_wconf 85' lang='grc' dir='ltr'>ἐντεῦθεν</span> <span class='ocrx_word' id='word_1_72' title='bbox 1333 1035 1430 1088; x_wconf 72' lang='grc' dir='ltr'>καὶ</span> <span class='ocrx_word' id='word_1_73' title='bbox 1481 1033 1641 1088; x_wconf 77' lang='grc' dir='ltr'>ἔλαϐε</span> <span class='ocrx_word' id='word_1_74' title='bbox 1703 1033 1848 1104; x_wconf 78' lang='grc' dir='ltr'>ζωὴν</span> <span class='ocrx_word' id='word_1_75' title='bbox 1877 1035 1942 1103; x_wconf 84' lang='grc' dir='ltr'><strong>τῇ</strong></span> 
     </span>
    </p>
   </div>
   <div class='ocr_carea' id='block_1_12' title="bbox 351 1121 1945 1198">
    <p class='ocr_par' dir='ltr' id='par_1_12' title="bbox 351 1121 1945 1198">
     <span class='ocr_line' id='line_1_12' title="bbox 351 1121 1945 1198; baseline 0.002 -22"><span class='ocrx_word' id='word_1_76' title='bbox 351 1121 500 1194; x_wconf 80' lang='grc' dir='ltr'>ψυχῇ</span> <span class='ocrx_word' id='word_1_77' title='bbox 529 1123 591 1178; x_wconf 87' lang='grc' dir='ltr'>τὸ</span> <span class='ocrx_word' id='word_1_78' title='bbox 624 1124 806 1180; x_wconf 80' lang='grc' dir='ltr'>θεῖκὸν</span> <span class='ocrx_word' id='word_1_79' title='bbox 839 1127 955 1195; x_wconf 79' lang='grc' dir='ltr'><strong>φῶς</strong></span> <span class='ocrx_word' id='word_1_80' title='bbox 997 1127 1092 1182; x_wconf 91' lang='grc' dir='ltr'><strong>τοῦ</strong></span> <span class='ocrx_word' id='word_1_81' title='bbox 1143 1126 1484 1196; x_wconf 83' lang='grc' dir='ltr'>Πνεύματος,</span> <span class='ocrx_word' id='word_1_82' title='bbox 1530 1128 1588 1178; x_wconf 87' lang='grc' dir='ltr'><strong>ἐν</strong></span> <span class='ocrx_word' id='word_1_83' title='bbox 1625 1125 1702 1196; x_wconf 85' lang='grc' dir='ltr'><strong>τῷ</strong></span> <span class='ocrx_word' id='word_1_84' title='bbox 1727 1125 1945 1198; x_wconf 77' lang='grc' dir='ltr'>ἐξέρχε-</span> 
     </span>
    </p>
   </div>
   <div class='ocr_carea' id='block_1_13' title="bbox 353 1213 1939 1291">
    <p class='ocr_par' dir='ltr' id='par_1_13' title="bbox 353 1213 1939 1291">
     <span class='ocr_line' id='line_1_13' title="bbox 353 1213 1939 1291; baseline 0.002 -24"><span class='ocrx_word' id='word_1_85' title='bbox 353 1213 482 1268; x_wconf 85' lang='grc' dir='ltr'>σθαι</span> <span class='ocrx_word' id='word_1_86' title='bbox 537 1216 632 1270; x_wconf 90' lang='grc' dir='ltr'><strong>τοῦ</strong></span> <span class='ocrx_word' id='word_1_87' title='bbox 690 1217 962 1287; x_wconf 86' lang='grc' dir='ltr'>σώματος,</span> <span class='ocrx_word' id='word_1_88' title='bbox 1011 1221 1069 1273; x_wconf 87' lang='grc' dir='ltr'><strong>ἐν</strong></span> <span class='ocrx_word' id='word_1_89' title='bbox 1118 1222 1232 1284; x_wconf 87' lang='grc' dir='ltr'>τοῖς</span> <span class='ocrx_word' id='word_1_90' title='bbox 1291 1221 1600 1291; x_wconf 79' lang='grc' dir='ltr'><strong>ἀριστεροῖς</strong></span> <span class='ocrx_word' id='word_1_91' title='bbox 1629 1220 1816 1281; x_wconf 78' lang='grc' dir='ltr'><strong>τόποις</strong></span> <span class='ocrx_word' id='word_1_92' title='bbox 1845 1217 1939 1272; x_wconf 90' lang='grc' dir='ltr'><strong>τοῦ</strong></span> 
     </span>
    </p>
   </div>
   <div class='ocr_carea' id='block_1_14' title="bbox 352 1306 1938 1382">
    <p class='ocr_par' dir='ltr' id='par_1_14' title="bbox 352 1306 1938 1382">
     <span class='ocr_line' id='line_1_14' title="bbox 352 1306 1938 1382; baseline 0.003 -24"><span class='ocrx_word' id='word_1_93' title='bbox 352 1306 581 1370; x_wconf 81' lang='grc' dir='ltr'>σκότους</span> <span class='ocrx_word' id='word_1_94' title='bbox 611 1307 711 1382; x_wconf 70' lang='grc' dir='ltr'><strong>ἤδη</strong></span> <span class='ocrx_word' id='word_1_95' title='bbox 755 1308 1074 1379; x_wconf 77' lang='grc' dir='ltr'><strong>ἀφορίζεται</strong></span> <span class='ocrx_word' id='word_1_96' title='bbox 1099 1350 1114 1374; x_wconf 94' lang='grc'><strong>,</strong></span> <span class='ocrx_word' id='word_1_97' title='bbox 1155 1311 1236 1374; x_wconf 74' lang='grc' dir='ltr'><strong>είς</strong></span> <span class='ocrx_word' id='word_1_98' title='bbox 1273 1310 1552 1381; x_wconf 83' lang='grc' dir='ltr'>βασιλείαν</span> <span class='ocrx_word' id='word_1_99' title='bbox 1580 1309 1828 1381; x_wconf 79' lang='grc' dir='ltr'><strong>οὐρανῶν</strong></span> <span class='ocrx_word' id='word_1_100' title='bbox 1864 1310 1938 1381; x_wconf 83' lang='grc' dir='ltr'>μὴ</span> 
     </span>
    </p>
   </div>
   <div class='ocr_carea' id='block_1_15' title="bbox 351 1395 1938 1473">
    <p class='ocr_par' dir='ltr' id='par_1_15' title="bbox 351 1395 1938 1473">
     <span class='ocr_line' id='line_1_15' title="bbox 351 1395 1938 1473; baseline 0.003 -26"><span class='ocrx_word' id='word_1_101' title='bbox 351 1395 758 1467; x_wconf 78' lang='grc' dir='ltr'><strong>εἰσερχόμενος,</strong></span> <span class='ocrx_word' id='word_1_102' title='bbox 809 1401 868 1454; x_wconf 80' lang='grc' dir='ltr'><strong>ἐν</strong></span> <span class='ocrx_word' id='word_1_103' title='bbox 920 1399 1113 1473; x_wconf 77' lang='grc' dir='ltr'>γεέννῃ</span> <span class='ocrx_word' id='word_1_104' title='bbox 1153 1399 1213 1454; x_wconf 84' lang='grc' dir='ltr'><strong>τὺ</strong></span> <span class='ocrx_word' id='word_1_105' title='bbox 1267 1401 1422 1463; x_wconf 80' lang='grc' dir='ltr'>τέλος</span> <span class='ocrx_word' id='word_1_106' title='bbox 1473 1399 1615 1473; x_wconf 77' lang='grc' dir='ltr'>ἔχων</span> <span class='ocrx_word' id='word_1_107' title='bbox 1658 1400 1798 1472; x_wconf 79' lang='grc' dir='ltr'>μετὰ</span> <span class='ocrx_word' id='word_1_108' title='bbox 1843 1398 1938 1452; x_wconf 85' lang='grc' dir='ltr'><strong>τοῦ</strong></span> 
     </span>
    </p>
   </div>
   <div class='ocr_carea' id='block_1_16' title="bbox 351 1485 1938 1566">
    <p class='ocr_par' dir='ltr' id='par_1_16' title="bbox 351 1485 1938 1566">
     <span class='ocr_line' id='line_1_16' title="bbox 351 1485 1938 1566; baseline 0.003 -29"><span class='ocrx_word' id='word_1_109' title='bbox 351 1485 598 1542; x_wconf 73' lang='grc' dir='ltr'>διαϐόλου</span> <span class='ocrx_word' id='word_1_110' title='bbox 629 1489 725 1543; x_wconf 75' lang='grc' dir='ltr'>καὶ</span> <span class='ocrx_word' id='word_1_111' title='bbox 757 1488 866 1544; x_wconf 88' lang='grc' dir='ltr'><strong>τῶν</strong></span> <span class='ocrx_word' id='word_1_112' title='bbox 893 1491 1140 1558; x_wconf 82' lang='grc' dir='ltr'>ἀγγέλων</span> <span class='ocrx_word' id='word_1_113' title='bbox 1171 1489 1356 1546; x_wconf 83' lang='grc' dir='ltr'>αὑτοῦ.</span> <span class='ocrx_word' id='word_1_114' title='bbox 1388 1491 1458 1544; x_wconf 87' lang='grc' dir='ltr'><em>Ἢ</em></span> <span class='ocrx_word' id='word_1_115' title='bbox 1493 1491 1682 1560; x_wconf 82' lang='grc' dir='ltr'>ὥσπερ</span> <span class='ocrx_word' id='word_1_116' title='bbox 1715 1490 1938 1566; x_wconf 77' lang='grc' dir='ltr'>χρυσίον</span> 
     </span>
    </p>
   </div>
   <div class='ocr_carea' id='block_1_17' title="bbox 349 1579 1938 1655">
    <p class='ocr_par' dir='ltr' id='par_1_17' title="bbox 349 1579 1938 1655">
     <span class='ocr_line' id='line_1_17' title="bbox 349 1579 1938 1655; baseline 0.001 -23"><span class='ocrx_word' id='word_1_117' title='bbox 349 1580 384 1652; x_wconf 80' lang='grc' dir='ltr'><strong>ἢ</strong></span> <span class='ocrx_word' id='word_1_118' title='bbox 428 1579 715 1652; x_wconf 86' lang='grc' dir='ltr'>ἀργύριον,</span> <span class='ocrx_word' id='word_1_119' title='bbox 767 1581 905 1637; x_wconf 81' lang='grc' dir='ltr'>ἐπὰν</span> <span class='ocrx_word' id='word_1_120' title='bbox 957 1581 1206 1655; x_wconf 76' lang='grc' dir='ltr'>ἐμϐληθῇ</span> <span class='ocrx_word' id='word_1_121' title='bbox 1239 1582 1317 1654; x_wconf 85' lang='grc' dir='ltr'>τῷ</span> <span class='ocrx_word' id='word_1_122' title='bbox 1351 1583 1508 1654; x_wconf 69' lang='grc' dir='ltr'>πυρὶ,</span> <span class='ocrx_word' id='word_1_123' title='bbox 1550 1582 1938 1654; x_wconf 84' lang='grc' dir='ltr'>καθαρώτερον</span> 
     </span>
    </p>
   </div>
   <div class='ocr_carea' id='block_1_18' title="bbox 347 1673 1937 1746">
    <p class='ocr_par' dir='ltr' id='par_1_18' title="bbox 347 1673 1937 1746">
     <span class='ocr_line' id='line_1_18' title="bbox 347 1673 1937 1746; baseline 0.001 -20"><span class='ocrx_word' id='word_1_124' title='bbox 347 1675 444 1727; x_wconf 79' lang='grc' dir='ltr'>καὶ</span> <span class='ocrx_word' id='word_1_125' title='bbox 483 1673 852 1746; x_wconf 82' lang='grc' dir='ltr'>δοκιμώτερον</span> <span class='ocrx_word' id='word_1_126' title='bbox 880 1675 1110 1742; x_wconf 86' lang='grc' dir='ltr'>γίνεται,</span> <span class='ocrx_word' id='word_1_127' title='bbox 1148 1676 1243 1730; x_wconf 78' lang='grc' dir='ltr'>καὶ</span> <span class='ocrx_word' id='word_1_128' title='bbox 1274 1676 1428 1732; x_wconf 78' lang='grc' dir='ltr'>οὐδὲν</span> <span class='ocrx_word' id='word_1_129' title='bbox 1454 1673 1676 1728; x_wconf 88' lang='grc' dir='ltr'>δύναται</span> <span class='ocrx_word' id='word_1_130' title='bbox 1708 1674 1937 1728; x_wconf 82' lang='grc' dir='ltr'>ἀλλοιῶ-</span> 
     </span>
    </p>
   </div>
   <div class='ocr_carea' id='block_1_19' title="bbox 347 1760 1932 1842">
    <p class='ocr_par' dir='ltr' id='par_1_19' title="bbox 347 1760 1932 1842">
     <span class='ocr_line' id='line_1_19' title="bbox 347 1760 1932 1842; baseline 0.002 -24"><span class='ocrx_word' id='word_1_131' title='bbox 347 1781 441 1821; x_wconf 88' lang='grc' dir='ltr'><strong>σαι</strong></span> <span class='ocrx_word' id='word_1_132' title='bbox 472 1767 625 1833; x_wconf 80' lang='grc' dir='ltr'>αὐτὸ,</span> <span class='ocrx_word' id='word_1_133' title='bbox 656 1760 766 1820; x_wconf 78' lang='grc' dir='ltr'>οἷον</span> <span class='ocrx_word' id='word_1_134' title='bbox 809 1767 959 1833; x_wconf 77' lang='grc' dir='ltr'>ξύλα,</span> <span class='ocrx_word' id='word_1_135' title='bbox 988 1769 1020 1839; x_wconf 81' lang='grc' dir='ltr'><strong>ἢ</strong></span> <span class='ocrx_word' id='word_1_136' title='bbox 1053 1769 1245 1842; x_wconf 81' lang='grc' dir='ltr'>χόρτος</span> <span class='ocrx_word' id='word_1_137' title='bbox 1276 1787 1288 1799; x_wconf 75' lang='grc' dir='ltr'><strong>ο</strong></span> <span class='ocrx_word' id='word_1_138' title='bbox 1318 1769 1497 1822; x_wconf 79' lang='grc' dir='ltr'>πάντα</span> <span class='ocrx_word' id='word_1_139' title='bbox 1536 1771 1642 1839; x_wconf 85' lang='grc' dir='ltr'>γὰρ</span> <span class='ocrx_word' id='word_1_140' title='bbox 1672 1767 1842 1821; x_wconf 84' lang='grc' dir='ltr'>ἐσθίει</span> <span class='ocrx_word' id='word_1_141' title='bbox 1867 1768 1932 1821; x_wconf 74' lang='grc' dir='ltr'><strong>τὰ</strong></span> 
     </span>
    </p>
   </div>
   <div class='ocr_carea' id='block_1_20' title="bbox 2051 574 3640 650">
    <p class='ocr_par' dir='ltr' id='par_1_20' title="bbox 2051 574 3640 650">
     <span class='ocr_line' id='line_1_20' title="bbox 2051 574 3640 650; baseline 0.008 -22"><span class='ocrx_word' id='word_1_142' title='bbox 2051 574 2320 644; x_wconf 75' lang='lat' dir='ltr'><strong>Spiritum</strong></span> <span class='ocrx_word' id='word_1_143' title='bbox 2371 579 2623 635; x_wconf 86' lang='lat' dir='ltr'><strong>divinum</strong></span> <span class='ocrx_word' id='word_1_144' title='bbox 2650 600 2662 636; x_wconf 92' lang='lat'><strong>:</strong></span> <span class='ocrx_word' id='word_1_145' title='bbox 2695 582 2812 650; x_wconf 88' lang='lat' dir='ltr'><strong>ipse</strong></span> <span class='ocrx_word' id='word_1_146' title='bbox 2841 581 2992 639; x_wconf 86' lang='lat' dir='ltr'><strong>enim</strong></span> <span class='ocrx_word' id='word_1_147' title='bbox 3025 591 3111 638; x_wconf 88' lang='lat' dir='ltr'><strong>est</strong></span> <span class='ocrx_word' id='word_1_148' title='bbox 3139 582 3251 637; x_wconf 90' lang='lat' dir='ltr'><strong>vita</strong></span> <span class='ocrx_word' id='word_1_149' title='bbox 3309 584 3506 640; x_wconf 81' lang='lat' dir='ltr'><strong>animae</strong></span> <span class='ocrx_word' id='word_1_150' title='bbox 3530 625 3545 646; x_wconf 91' lang='lat'><strong><em>.</em></strong></span> <span class='ocrx_word' id='word_1_151' title='bbox 3584 594 3640 640; x_wconf 72' lang='lat' dir='ltr'><strong>et</strong></span> 
     </span>
    </p>
   </div>
   <div class='ocr_carea' id='block_1_21' title="bbox 2048 672 3642 747">
    <p class='ocr_par' dir='ltr' id='par_1_21' title="bbox 2048 672 3642 747">
     <span class='ocr_line' id='line_1_21' title="bbox 2048 672 3642 747; baseline 0.009 -26"><span class='ocrx_word' id='word_1_152' title='bbox 2048 678 2344 738; x_wconf 74' lang='lat' dir='ltr'><strong>propterea</strong></span> <span class='ocrx_word' id='word_1_153' title='bbox 2401 672 2628 727; x_wconf 75' lang='lat' dir='ltr'><strong>advenit</strong></span> <span class='ocrx_word' id='word_1_154' title='bbox 2671 675 2959 738; x_wconf 89' lang='lat' dir='ltr'><strong>Dominus,</strong></span> <span class='ocrx_word' id='word_1_155' title='bbox 2989 683 3050 733; x_wconf 80' lang='lat' dir='ltr'><strong>ut</strong></span> <span class='ocrx_word' id='word_1_156' title='bbox 3093 675 3225 732; x_wconf 83' lang='lat' dir='ltr'><strong>hinc</strong></span> <span class='ocrx_word' id='word_1_157' title='bbox 3275 676 3444 730; x_wconf 79' lang='lat' dir='ltr'><strong>vitam</strong></span> <span class='ocrx_word' id='word_1_158' title='bbox 3479 677 3642 747; x_wconf 80' lang='lat' dir='ltr'><strong>largi-</strong></span> 
     </span>
    </p>
   </div>
   <div class='ocr_carea' id='block_1_22' title="bbox 2051 761 3635 835">
    <p class='ocr_par' dir='ltr' id='par_1_22' title="bbox 2051 761 3635 835">
     <span class='ocr_line' id='line_1_22' title="bbox 2051 761 3635 835; baseline 0.007 -24"><span class='ocrx_word' id='word_1_159' title='bbox 2051 770 2204 812; x_wconf 91' lang='lat' dir='ltr'><strong>retur</strong></span> <span class='ocrx_word' id='word_1_160' title='bbox 2230 761 2448 827; x_wconf 75' lang='lat' dir='ltr'><strong>animze,</strong></span> <span class='ocrx_word' id='word_1_161' title='bbox 2495 762 2765 832; x_wconf 85' lang='lat' dir='ltr'><strong>Spiritum</strong></span> <span class='ocrx_word' id='word_1_162' title='bbox 2810 782 3008 835; x_wconf 85' lang='lat' dir='ltr'><strong>nempe</strong></span> <span class='ocrx_word' id='word_1_163' title='bbox 3035 780 3196 822; x_wconf 85' lang='lat' dir='ltr'><strong>suum</strong></span> <span class='ocrx_word' id='word_1_164' title='bbox 3233 783 3247 819; x_wconf 88' lang='lat'><strong>:</strong></span> <span class='ocrx_word' id='word_1_165' title='bbox 3288 767 3428 820; x_wconf 86' lang='lat' dir='ltr'><strong>Dum</strong></span> <span class='ocrx_word' id='word_1_166' title='bbox 3474 771 3635 835; x_wconf 84' lang='lat' dir='ltr'><strong>enim,</strong></span> 
     </span>
    </p>
   </div>
   <div class='ocr_carea' id='block_1_23' title="bbox 2049 849 3634 923">
    <p class='ocr_par' dir='ltr' id='par_1_23' title="bbox 2049 849 3634 923">
     <span class='ocr_line' id='line_1_23' title="bbox 2049 849 3634 923; baseline 0.006 -20"><span class='ocrx_word' id='word_1_167' title='bbox 2049 849 2252 918; x_wconf 87' lang='lat' dir='ltr'><strong>inquit,</strong></span> <span class='ocrx_word' id='word_1_168' title='bbox 2287 850 2457 906; x_wconf 81' lang='lat' dir='ltr'><strong>lucem</strong></span> <span class='ocrx_word' id='word_1_169' title='bbox 2484 855 2710 920; x_wconf 78' lang='lat' dir='ltr'><strong>habetis,</strong></span> <span class='ocrx_word' id='word_1_170' title='bbox 2757 857 2953 910; x_wconf 83' lang='lat' dir='ltr'><strong>credite</strong></span> <span class='ocrx_word' id='word_1_171' title='bbox 2990 858 3045 910; x_wconf 79' lang='lat' dir='ltr'><strong>in</strong></span> <span class='ocrx_word' id='word_1_172' title='bbox 3082 857 3292 912; x_wconf 88' lang='lat' dir='ltr'><strong>lucem:</strong></span> <span class='ocrx_word' id='word_1_173' title='bbox 3324 860 3465 912; x_wconf 81' lang='lat' dir='ltr'><strong>venit</strong></span> <span class='ocrx_word' id='word_1_174' title='bbox 3509 875 3634 923; x_wconf 67' lang='lat' dir='ltr'><strong>uox,</strong></span> 
     </span>
    </p>
   </div>
   <div class='ocr_carea' id='block_1_24' title="bbox 2047 942 3637 1019">
    <p class='ocr_par' dir='ltr' id='par_1_24' title="bbox 2047 942 3637 1019">
     <span class='ocr_line' id='line_1_24' title="bbox 2047 942 3637 1019; baseline 0.007 -26"><span class='ocrx_word' id='word_1_175' title='bbox 2047 942 2264 1008; x_wconf 84' lang='lat' dir='ltr'><strong>quando</strong></span> <span class='ocrx_word' id='word_1_176' title='bbox 2297 960 2450 997; x_wconf 86' lang='lat' dir='ltr'><strong>nemo</strong></span> <span class='ocrx_word' id='word_1_177' title='bbox 2472 955 2640 1016; x_wconf 78' lang='lat' dir='ltr'><strong>potest</strong></span> <span class='ocrx_word' id='word_1_178' title='bbox 2663 949 2878 1018; x_wconf 83' lang='lat' dir='ltr'><strong>aperari</strong></span> <span class='ocrx_word' id='word_1_179' title='bbox 2896 951 2936 1004; x_wconf 81' lang='grc'><strong>¹.</strong></span> <span class='ocrx_word' id='word_1_180' title='bbox 2973 949 3029 1002; x_wconf 87' lang='lat' dir='ltr'><strong>Si</strong></span> <span class='ocrx_word' id='word_1_181' title='bbox 3050 949 3177 1018; x_wconf 81' lang='lat' dir='ltr'><strong>quis</strong></span> <span class='ocrx_word' id='word_1_182' title='bbox 3196 965 3330 1019; x_wconf 87' lang='lat' dir='ltr'><strong>ergo</strong></span> <span class='ocrx_word' id='word_1_183' title='bbox 3354 965 3463 1003; x_wconf 91' lang='lat' dir='ltr'><strong>non</strong></span> <span class='ocrx_word' id='word_1_184' title='bbox 3487 966 3637 1018; x_wconf 68' lang='lat' dir='ltr'><strong>qure-</strong></span> 
     </span>
    </p>
   </div>
   <div class='ocr_carea' id='block_1_25' title="bbox 2046 1031 3635 1105">
    <p class='ocr_par' dir='ltr' id='par_1_25' title="bbox 2046 1031 3635 1105">
     <span class='ocr_line' id='line_1_25' title="bbox 2046 1031 3635 1105; baseline 0.008 -21"><span class='ocrx_word' id='word_1_185' title='bbox 2046 1031 2204 1086; x_wconf 89' lang='lat' dir='ltr'><strong>sierit</strong></span> <span class='ocrx_word' id='word_1_186' title='bbox 2238 1035 2391 1102; x_wconf 87' lang='lat' dir='ltr'><strong>hinc,</strong></span> <span class='ocrx_word' id='word_1_187' title='bbox 2435 1046 2490 1091; x_wconf 92' lang='lat' dir='ltr'><strong>et</strong></span> <span class='ocrx_word' id='word_1_188' title='bbox 2534 1049 2867 1096; x_wconf 74' lang='lat' dir='ltr'><strong>consecutus</strong></span> <span class='ocrx_word' id='word_1_189' title='bbox 2907 1039 3077 1096; x_wconf 82' lang='lat' dir='ltr'><strong>fuerit</strong></span> <span class='ocrx_word' id='word_1_190' title='bbox 3105 1041 3274 1095; x_wconf 91' lang='lat' dir='ltr'><strong>vitam</strong></span> <span class='ocrx_word' id='word_1_191' title='bbox 3301 1042 3520 1105; x_wconf 71' lang='lat' dir='ltr'><strong>annuae.</strong></span> <span class='ocrx_word' id='word_1_192' title='bbox 3551 1042 3635 1095; x_wconf 88' lang='lat' dir='ltr'><strong>di-</strong></span> 
     </span>
    </p>
   </div>
   <div class='ocr_carea' id='block_1_26' title="bbox 2044 1123 3630 1202">
    <p class='ocr_par' dir='ltr' id='par_1_26' title="bbox 2044 1123 3630 1202">
     <span class='ocr_line' id='line_1_26' title="bbox 2044 1123 3630 1202; baseline 0.008 -27"><span class='ocrx_word' id='word_1_193' title='bbox 2044 1123 2234 1182; x_wconf 86' lang='lat' dir='ltr'><strong>vinum</strong></span> <span class='ocrx_word' id='word_1_194' title='bbox 2263 1126 2450 1182; x_wconf 86' lang='lat' dir='ltr'><strong>lumen</strong></span> <span class='ocrx_word' id='word_1_195' title='bbox 2486 1128 2752 1198; x_wconf 78' lang='lat' dir='ltr'><strong>Spiritus,</strong></span> <span class='ocrx_word' id='word_1_196' title='bbox 2783 1131 2870 1186; x_wconf 88' lang='lat' dir='ltr'><strong>ille</strong></span> <span class='ocrx_word' id='word_1_197' title='bbox 2896 1131 2988 1186; x_wconf 91' lang='lat' dir='ltr'><strong>ubi</strong></span> <span class='ocrx_word' id='word_1_198' title='bbox 3029 1132 3286 1202; x_wconf 74' lang='lat' dir='ltr'><strong>migrabit</strong></span> <span class='ocrx_word' id='word_1_199' title='bbox 3312 1149 3344 1187; x_wconf 88' lang='lat' dir='ltr'><strong>e</strong></span> <span class='ocrx_word' id='word_1_200' title='bbox 3371 1149 3630 1198; x_wconf 88' lang='lat' dir='ltr'><strong>corpore,</strong></span> 
     </span>
    </p>
   </div>
   <div class='ocr_carea' id='block_1_27' title="bbox 2043 1216 3631 1295">
    <p class='ocr_par' dir='ltr' id='par_1_27' title="bbox 2043 1216 3631 1295">
     <span class='ocr_line' id='line_1_27' title="bbox 2043 1216 3631 1295; baseline 0.004 -24"><span class='ocrx_word' id='word_1_201' title='bbox 2043 1216 2102 1271; x_wconf 92' lang='lat' dir='ltr'><strong>in</strong></span> <span class='ocrx_word' id='word_1_202' title='bbox 2154 1218 2379 1274; x_wconf 86' lang='lat' dir='ltr'><strong>sinistra</strong></span> <span class='ocrx_word' id='word_1_203' title='bbox 2426 1219 2548 1276; x_wconf 91' lang='lat' dir='ltr'><strong>loca</strong></span> <span class='ocrx_word' id='word_1_204' title='bbox 2611 1223 2967 1280; x_wconf 82' lang='lat' dir='ltr'><strong>tenebrarum</strong></span> <span class='ocrx_word' id='word_1_205' title='bbox 3018 1225 3129 1294; x_wconf 86' lang='lat' dir='ltr'><strong>jam</strong></span> <span class='ocrx_word' id='word_1_206' title='bbox 3179 1234 3525 1295; x_wconf 81' lang='lat' dir='ltr'><strong>segregatur,</strong></span> <span class='ocrx_word' id='word_1_207' title='bbox 3577 1226 3631 1279; x_wconf 89' lang='lat' dir='ltr'><strong>in</strong></span> 
     </span>
    </p>
   </div>
   <div class='ocr_carea' id='block_1_28' title="bbox 2046 1307 3632 1379">
    <p class='ocr_par' dir='ltr' id='par_1_28' title="bbox 2046 1307 3632 1379">
     <span class='ocr_line' id='line_1_28' title="bbox 2046 1307 3632 1379; baseline 0.005 -21"><span class='ocrx_word' id='word_1_208' title='bbox 2046 1318 2284 1374; x_wconf 79' lang='lat' dir='ltr'><strong>regnum</strong></span> <span class='ocrx_word' id='word_1_209' title='bbox 2344 1307 2611 1364; x_wconf 77' lang='lat' dir='ltr'><strong>caelorum</strong></span> <span class='ocrx_word' id='word_1_210' title='bbox 2674 1325 2785 1368; x_wconf 86' lang='lat' dir='ltr'><strong>non</strong></span> <span class='ocrx_word' id='word_1_211' title='bbox 2833 1311 3176 1379; x_wconf 82' lang='lat' dir='ltr'><strong>ingrediens,</strong></span> <span class='ocrx_word' id='word_1_212' title='bbox 3225 1323 3424 1368; x_wconf 86' lang='lat' dir='ltr'><strong>nactus</strong></span> <span class='ocrx_word' id='word_1_213' title='bbox 3467 1311 3632 1366; x_wconf 83' lang='lat' dir='ltr'><strong>tinem</strong></span> 
     </span>
    </p>
   </div>
   <div class='ocr_carea' id='block_1_29' title="bbox 2043 1395 3633 1474">
    <p class='ocr_par' dir='ltr' id='par_1_29' title="bbox 2043 1395 3633 1474">
     <span class='ocr_line' id='line_1_29' title="bbox 2043 1395 3633 1474; baseline 0.006 -25"><span class='ocrx_word' id='word_1_214' title='bbox 2043 1395 2099 1450; x_wconf 90' lang='lat' dir='ltr'><strong>in</strong></span> <span class='ocrx_word' id='word_1_215' title='bbox 2140 1396 2393 1466; x_wconf 86' lang='lat' dir='ltr'><strong>gehenna</strong></span> <span class='ocrx_word' id='word_1_216' title='bbox 2426 1415 2553 1452; x_wconf 90' lang='lat' dir='ltr'><strong>cum</strong></span> <span class='ocrx_word' id='word_1_217' title='bbox 2579 1399 2800 1463; x_wconf 82' lang='lat' dir='ltr'><strong>diabolo</strong></span> <span class='ocrx_word' id='word_1_218' title='bbox 2825 1411 2880 1456; x_wconf 88' lang='lat' dir='ltr'><strong>et</strong></span> <span class='ocrx_word' id='word_1_219' title='bbox 2913 1403 3123 1472; x_wconf 82' lang='lat' dir='ltr'><strong>angelis</strong></span> <span class='ocrx_word' id='word_1_220' title='bbox 3144 1404 3284 1473; x_wconf 86' lang='lat' dir='ltr'><strong>ejus.</strong></span> <span class='ocrx_word' id='word_1_221' title='bbox 3301 1404 3411 1459; x_wconf 83' lang='lat' dir='ltr'><strong>Aut</strong></span> <span class='ocrx_word' id='word_1_222' title='bbox 3437 1419 3633 1474; x_wconf 88' lang='lat' dir='ltr'><strong>quem-</strong></span> 
     </span>
    </p>
   </div>
   <div class='ocr_carea' id='block_1_30' title="bbox 2040 1485 3630 1565">
    <p class='ocr_par' dir='ltr' id='par_1_30' title="bbox 2040 1485 3630 1565">
     <span class='ocr_line' id='line_1_30' title="bbox 2040 1485 3630 1565; baseline 0.007 -25"><span class='ocrx_word' id='word_1_223' title='bbox 2040 1485 2338 1541; x_wconf 83' lang='lat' dir='ltr'><strong>admodum</strong></span> <span class='ocrx_word' id='word_1_224' title='bbox 2359 1504 2558 1544; x_wconf 89' lang='lat' dir='ltr'><strong>aurum</strong></span> <span class='ocrx_word' id='word_1_225' title='bbox 2592 1492 2676 1544; x_wconf 88' lang='lat' dir='ltr'><strong>vel</strong></span> <span class='ocrx_word' id='word_1_226' title='bbox 2697 1502 3005 1561; x_wconf 83' lang='lat' dir='ltr'><strong>argentum,</strong></span> <span class='ocrx_word' id='word_1_227' title='bbox 3020 1495 3334 1565; x_wconf 84' lang='lat' dir='ltr'><strong>conjectum</strong></span> <span class='ocrx_word' id='word_1_228' title='bbox 3351 1497 3404 1550; x_wconf 89' lang='lat' dir='ltr'><strong>in</strong></span> <span class='ocrx_word' id='word_1_229' title='bbox 3423 1491 3630 1565; x_wconf 81' lang='lat' dir='ltr'><strong>ignem,</strong></span> 
     </span>
    </p>
   </div>
   <div class='ocr_carea' id='block_1_31' title="bbox 2041 1581 3628 1658">
    <p class='ocr_par' dir='ltr' id='par_1_31' title="bbox 2041 1581 3628 1658">
     <span class='ocr_line' id='line_1_31' title="bbox 2041 1581 3628 1658; baseline 0.006 -26"><span class='ocrx_word' id='word_1_230' title='bbox 2041 1581 2238 1649; x_wconf 89' lang='lat' dir='ltr'><strong>purius</strong></span> <span class='ocrx_word' id='word_1_231' title='bbox 2280 1590 2336 1642; x_wconf 86' lang='lat' dir='ltr'><strong>et</strong></span> <span class='ocrx_word' id='word_1_232' title='bbox 2377 1584 2668 1650; x_wconf 83' lang='lat' dir='ltr'><strong>probatius</strong></span> <span class='ocrx_word' id='word_1_233' title='bbox 2727 1584 2986 1650; x_wconf 72' lang='lat' dir='ltr'><strong>edicitur,</strong></span> <span class='ocrx_word' id='word_1_234' title='bbox 3033 1602 3138 1641; x_wconf 86' lang='lat' dir='ltr'><strong>nec</strong></span> <span class='ocrx_word' id='word_1_235' title='bbox 3189 1587 3491 1657; x_wconf 84' lang='lat' dir='ltr'><strong>quidquam</strong></span> <span class='ocrx_word' id='word_1_236' title='bbox 3534 1604 3628 1658; x_wconf 85' lang='lat' dir='ltr'><strong>po-</strong></span> 
     </span>
    </p>
   </div>
   <div class='ocr_carea' id='block_1_32' title="bbox 2041 1671 3628 1744">
    <p class='ocr_par' dir='ltr' id='par_1_32' title="bbox 2041 1671 3628 1744">
     <span class='ocr_line' id='line_1_32' title="bbox 2041 1671 3628 1744; baseline 0.004 -20"><span class='ocrx_word' id='word_1_237' title='bbox 2041 1679 2148 1724; x_wconf 86' lang='lat' dir='ltr'><strong>test</strong></span> <span class='ocrx_word' id='word_1_238' title='bbox 2195 1671 2329 1725; x_wconf 92' lang='lat' dir='ltr'><strong>illud</strong></span> <span class='ocrx_word' id='word_1_239' title='bbox 2381 1683 2616 1738; x_wconf 89' lang='lat' dir='ltr'><strong>mutare,</strong></span> <span class='ocrx_word' id='word_1_240' title='bbox 2653 1690 2851 1744; x_wconf 85' lang='lat' dir='ltr'><strong>nempe</strong></span> <span class='ocrx_word' id='word_1_241' title='bbox 2901 1677 2984 1729; x_wconf 86' lang='lat' dir='ltr'><strong>vel</strong></span> <span class='ocrx_word' id='word_1_242' title='bbox 3018 1677 3226 1744; x_wconf 78' lang='lat' dir='ltr'><strong>lignum</strong></span> <span class='ocrx_word' id='word_1_243' title='bbox 3270 1677 3356 1730; x_wconf 85' lang='lat' dir='ltr'><strong>vel</strong></span> <span class='ocrx_word' id='word_1_244' title='bbox 3416 1677 3628 1731; x_wconf 89' lang='lat' dir='ltr'><strong>herba:</strong></span> 
     </span>
    </p>
   </div>
   <div class='ocr_carea' id='block_1_33' title="bbox 2038 1765 3631 1840">
    <p class='ocr_par' dir='ltr' id='par_1_33' title="bbox 2038 1765 3631 1840">
     <span class='ocr_line' id='line_1_33' title="bbox 2038 1765 3631 1840; baseline 0.005 -24"><span class='ocrx_word' id='word_1_245' title='bbox 2038 1765 2224 1820; x_wconf 86' lang='lat' dir='ltr'><strong>omnia</strong></span> <span class='ocrx_word' id='word_1_246' title='bbox 2255 1766 2404 1828; x_wconf 85' lang='lat' dir='ltr'><strong>enim</strong></span> <span class='ocrx_word' id='word_1_247' title='bbox 2439 1767 2545 1824; x_wconf 83' lang='lat' dir='ltr'><strong>sibi</strong></span> <span class='ocrx_word' id='word_1_248' title='bbox 2584 1767 2797 1838; x_wconf 85' lang='lat' dir='ltr'><strong>adjecta</strong></span> <span class='ocrx_word' id='word_1_249' title='bbox 2823 1770 3130 1831; x_wconf 85' lang='lat' dir='ltr'><strong>consumit,</strong></span> <span class='ocrx_word' id='word_1_250' title='bbox 3168 1785 3288 1838; x_wconf 68' lang='lat' dir='ltr'><strong>quise</strong></span> <span class='ocrx_word' id='word_1_251' title='bbox 3319 1771 3541 1840; x_wconf 83' lang='lat' dir='ltr'><strong>quidem</strong></span> <span class='ocrx_word' id='word_1_252' title='bbox 3576 1771 3631 1824; x_wconf 93' lang='lat' dir='ltr'><strong>in</strong></span> 
     </span>
    </p>
   </div>
   <div class='ocr_carea' id='block_1_34' title="bbox 345 1851 1927 1934">
    <p class='ocr_par' dir='ltr' id='par_1_34' title="bbox 345 1859 1927 1932">
     <span class='ocr_line' id='line_1_34' title="bbox 345 1859 1927 1932; baseline 0 -21"><span class='ocrx_word' id='word_1_253' title='bbox 345 1861 766 1932; x_wconf 78' lang='grc' dir='ltr'>προσερχόμενα</span> <span class='ocrx_word' id='word_1_254' title='bbox 799 1860 970 1931; x_wconf 76' lang='grc' dir='ltr'>αὐτῷ,</span> <span class='ocrx_word' id='word_1_255' title='bbox 1003 1861 1116 1932; x_wconf 84' lang='grc' dir='ltr'><strong>πῦρ</strong></span> <span class='ocrx_word' id='word_1_256' title='bbox 1155 1863 1266 1931; x_wconf 77' lang='grc' dir='ltr'>γὰρ</span> <span class='ocrx_word' id='word_1_257' title='bbox 1290 1860 1594 1930; x_wconf 84' lang='grc' dir='ltr'>γίγνονται·</span> <span class='ocrx_word' id='word_1_258' title='bbox 1630 1859 1804 1923; x_wconf 72' lang='grc' dir='ltr'>οὕτως</span> <span class='ocrx_word' id='word_1_259' title='bbox 1839 1860 1927 1914; x_wconf 69' lang='grc' dir='ltr'>καὶ</span> 
     </span>
    </p>
   </div>
   <div class='ocr_carea' id='block_1_35' title="bbox 2029 1851 3631 1934">
    <p class='ocr_par' dir='ltr' id='par_1_35' title="bbox 2037 1857 3631 1934">
     <span class='ocr_line' id='line_1_35' title="bbox 2037 1857 3631 1934; baseline 0.005 -24"><span class='ocrx_word' id='word_1_260' title='bbox 2037 1857 2217 1928; x_wconf 82' lang='lat' dir='ltr'><strong>ignem</strong></span> <span class='ocrx_word' id='word_1_261' title='bbox 2271 1859 2515 1914; x_wconf 82' lang='lat' dir='ltr'><strong>evadunt</strong></span> <span class='ocrx_word' id='word_1_262' title='bbox 2558 1878 2570 1912; x_wconf 90' lang='lat'><strong>:</strong></span> <span class='ocrx_word' id='word_1_263' title='bbox 2605 1862 2683 1916; x_wconf 90' lang='lat' dir='ltr'><strong>sic</strong></span> <span class='ocrx_word' id='word_1_264' title='bbox 2748 1878 2970 1932; x_wconf 89' lang='lat' dir='ltr'><strong>quoque</strong></span> <span class='ocrx_word' id='word_1_265' title='bbox 3012 1862 3196 1918; x_wconf 85' lang='lat' dir='ltr'><strong>anima</strong></span> <span class='ocrx_word' id='word_1_266' title='bbox 3247 1863 3301 1917; x_wconf 90' lang='lat' dir='ltr'><strong>in</strong></span> <span class='ocrx_word' id='word_1_267' title='bbox 3338 1863 3461 1933; x_wconf 81' lang='lat' dir='ltr'><strong>igne</strong></span> <span class='ocrx_word' id='word_1_268' title='bbox 3505 1864 3631 1934; x_wconf 79' lang='lat' dir='ltr'><strong>Spi-</strong></span> 
     </span>
    </p>
   </div>
   <div class='ocr_carea' id='block_1_36' title="bbox 343 1949 1936 2025">
    <p class='ocr_par' dir='ltr' id='par_1_36' title="bbox 343 1949 1936 2025">
     <span class='ocr_line' id='line_1_36' title="bbox 343 1949 1936 2025; baseline -0.007 -12"><span class='ocrx_word' id='word_1_269' title='bbox 343 1953 378 2025; x_wconf 78' lang='grc' dir='ltr'><strong>ἠ</strong></span> <span class='ocrx_word' id='word_1_270' title='bbox 415 1949 561 2022; x_wconf 75' lang='grc' dir='ltr'>ψυχὴ</span> <span class='ocrx_word' id='word_1_271' title='bbox 602 1953 659 2004; x_wconf 75' lang='grc' dir='ltr'>ἐν</span> <span class='ocrx_word' id='word_1_272' title='bbox 685 1951 764 2022; x_wconf 81' lang='grc' dir='ltr'>τῷ</span> <span class='ocrx_word' id='word_1_273' title='bbox 802 1953 936 2023; x_wconf 77' lang='grc' dir='ltr'>πυρὶ</span> <span class='ocrx_word' id='word_1_274' title='bbox 972 1953 1065 2005; x_wconf 87' lang='grc' dir='ltr'><strong>τοῦ</strong></span> <span class='ocrx_word' id='word_1_275' title='bbox 1133 1953 1454 2022; x_wconf 87' lang='grc' dir='ltr'>Πνεύματος</span> <span class='ocrx_word' id='word_1_276' title='bbox 1487 1951 1936 2024; x_wconf 77' lang='grc' dir='ltr'>ἀναστρεφομένη</span> 
     </span>
    </p>
   </div>
   <div class='ocr_carea' id='block_1_37' title="bbox 341 2042 1937 2114">
    <p class='ocr_par' dir='ltr' id='par_1_37' title="bbox 341 2042 1937 2114">
     <span class='ocr_line' id='line_1_37' title="bbox 341 2042 1937 2114; baseline 0.002 -18"><span class='ocrx_word' id='word_1_277' title='bbox 341 2045 440 2097; x_wconf 75' lang='grc' dir='ltr'><strong>καὶ</strong></span> <span class='ocrx_word' id='word_1_278' title='bbox 488 2045 564 2114; x_wconf 86' lang='grc' dir='ltr'>τῷ</span> <span class='ocrx_word' id='word_1_279' title='bbox 597 2042 762 2114; x_wconf 85' lang='grc' dir='ltr'>θεῖκῷ</span> <span class='ocrx_word' id='word_1_280' title='bbox 798 2045 957 2114; x_wconf 72' lang='grc' dir='ltr'>φωτὶ,</span> <span class='ocrx_word' id='word_1_281' title='bbox 1010 2045 1099 2097; x_wconf 83' lang='grc' dir='ltr'><strong>ὑπ’</strong></span> <span class='ocrx_word' id='word_1_282' title='bbox 1137 2044 1351 2107; x_wconf 79' lang='grc' dir='ltr'>οὐδενός</span> <span class='ocrx_word' id='word_1_283' title='bbox 1389 2063 1442 2097; x_wconf 91' lang='grc' dir='ltr'><strong>τι</strong></span> <span class='ocrx_word' id='word_1_284' title='bbox 1481 2045 1650 2099; x_wconf 74' lang='grc' dir='ltr'>κακὸν</span> <span class='ocrx_word' id='word_1_285' title='bbox 1691 2046 1937 2099; x_wconf 82' lang='grc' dir='ltr'>πείσεται</span> 
     </span>
    </p>
   </div>
   <div class='ocr_carea' id='block_1_38' title="bbox 337 2135 1938 2208">
    <p class='ocr_par' dir='ltr' id='par_1_38' title="bbox 337 2135 1938 2208">
     <span class='ocr_line' id='line_1_38' title="bbox 337 2135 1938 2208; baseline 0.001 -22"><span class='ocrx_word' id='word_1_286' title='bbox 337 2135 452 2187; x_wconf 86' lang='grc' dir='ltr'><strong>τῶν</strong></span> <span class='ocrx_word' id='word_1_287' title='bbox 490 2136 746 2208; x_wconf 81' lang='grc' dir='ltr'>πονηρῶν</span> <span class='ocrx_word' id='word_1_288' title='bbox 782 2138 1131 2206; x_wconf 74' lang='grc' dir='ltr'>πνευμάτων.</span> <span class='ocrx_word' id='word_1_289' title='bbox 1166 2138 1229 2190; x_wconf 81' lang='grc' dir='ltr'><strong>Εἰ</strong></span> <span class='ocrx_word' id='word_1_290' title='bbox 1267 2137 1325 2190; x_wconf 85' lang='grc' dir='ltr'><strong>δέ</strong></span> <span class='ocrx_word' id='word_1_291' title='bbox 1369 2136 1461 2190; x_wconf 79' lang='grc' dir='ltr'>καὶ</span> <span class='ocrx_word' id='word_1_292' title='bbox 1503 2137 1854 2207; x_wconf 85' lang='grc' dir='ltr'>προσεγγίσει</span> <span class='ocrx_word' id='word_1_293' title='bbox 1885 2153 1938 2189; x_wconf 85' lang='grc' dir='ltr'><strong>τι</strong></span> 
     </span>
    </p>
   </div>
   <div class='ocr_carea' id='block_1_39' title="bbox 339 2227 1935 2299">
    <p class='ocr_par' dir='ltr' id='par_1_39' title="bbox 339 2227 1935 2299">
     <span class='ocr_line' id='line_1_39' title="bbox 339 2227 1935 2299; baseline 0 -19"><span class='ocrx_word' id='word_1_294' title='bbox 339 2229 502 2298; x_wconf 80' lang='grc' dir='ltr'>αὐτῇ,</span> <span class='ocrx_word' id='word_1_295' title='bbox 537 2230 889 2284; x_wconf 80' lang='grc' dir='ltr'>ἀναλίσκεται</span> <span class='ocrx_word' id='word_1_296' title='bbox 928 2230 1032 2283; x_wconf 82' lang='grc' dir='ltr'><strong>ὑπὸ</strong></span> <span class='ocrx_word' id='word_1_297' title='bbox 1083 2229 1176 2282; x_wconf 85' lang='grc' dir='ltr'><strong>τοῦ</strong></span> <span class='ocrx_word' id='word_1_298' title='bbox 1235 2230 1560 2299; x_wconf 72' lang='grc' dir='ltr'>ἐπουρανίου</span> <span class='ocrx_word' id='word_1_299' title='bbox 1615 2230 1787 2297; x_wconf 78' lang='grc' dir='ltr'>πυρὸς</span> <span class='ocrx_word' id='word_1_300' title='bbox 1841 2227 1935 2282; x_wconf 86' lang='grc' dir='ltr'><strong>τοῦ</strong></span> 
     </span>
    </p>
   </div>
   <div class='ocr_carea' id='block_1_40' title="bbox 341 2321 1936 2392">
    <p class='ocr_par' dir='ltr' id='par_1_40' title="bbox 341 2321 1936 2392">
     <span class='ocr_line' id='line_1_40' title="bbox 341 2321 1936 2392; baseline -0.001 -17"><span class='ocrx_word' id='word_1_301' title='bbox 341 2321 684 2392; x_wconf 86' lang='grc' dir='ltr'>Πνεύματος.</span> <span class='ocrx_word' id='word_1_302' title='bbox 724 2324 795 2375; x_wconf 86' lang='grc' dir='ltr'><strong>Ἦ</strong></span> <span class='ocrx_word' id='word_1_303' title='bbox 840 2322 1031 2392; x_wconf 88' lang='grc' dir='ltr'>ῶσπερ</span> <span class='ocrx_word' id='word_1_304' title='bbox 1069 2323 1337 2383; x_wconf 70' lang='grc' dir='ltr'>πετεινέν,</span> <span class='ocrx_word' id='word_1_305' title='bbox 1377 2321 1518 2375; x_wconf 78' lang='grc' dir='ltr'>ἐπὰν</span> <span class='ocrx_word' id='word_1_306' title='bbox 1559 2324 1617 2374; x_wconf 90' lang='grc' dir='ltr'><strong>ἐν</strong></span> <span class='ocrx_word' id='word_1_307' title='bbox 1661 2321 1786 2390; x_wconf 73' lang='grc' dir='ltr'>ὕψει</span> <span class='ocrx_word' id='word_1_308' title='bbox 1837 2339 1936 2374; x_wconf 88' lang='grc' dir='ltr'>πε-</span> 
     </span>
    </p>
   </div>
   <div class='ocr_carea' id='block_1_41' title="bbox 338 2413 1933 2486">
    <p class='ocr_par' dir='ltr' id='par_1_41' title="bbox 338 2413 1933 2486">
     <span class='ocr_line' id='line_1_41' title="bbox 338 2413 1933 2486; baseline 0 -20"><span class='ocrx_word' id='word_1_309' title='bbox 338 2413 534 2486; x_wconf 84' lang='grc' dir='ltr'>τασθῇ,</span> <span class='ocrx_word' id='word_1_310' title='bbox 567 2415 870 2484; x_wconf 74' lang='grc' dir='ltr'>ἁμέριμνδν</span> <span class='ocrx_word' id='word_1_311' title='bbox 917 2417 1085 2478; x_wconf 81' lang='grc' dir='ltr'>ἐστιν,</span> <span class='ocrx_word' id='word_1_312' title='bbox 1123 2415 1199 2476; x_wconf 77' lang='grc' dir='ltr'>ὼς</span> <span class='ocrx_word' id='word_1_313' title='bbox 1233 2415 1399 2485; x_wconf 84' lang='grc' dir='ltr'>μηδὲν</span> <span class='ocrx_word' id='word_1_314' title='bbox 1441 2414 1698 2478; x_wconf 77' lang='grc' dir='ltr'>δεδοικὸς,</span> <span class='ocrx_word' id='word_1_315' title='bbox 1733 2414 1933 2484; x_wconf 83' lang='grc' dir='ltr'>θηρευ-</span> 
     </span>
    </p>
   </div>
   <div class='ocr_carea' id='block_1_42' title="bbox 336 2505 1934 2578">
    <p class='ocr_par' dir='ltr' id='par_1_42' title="bbox 336 2505 1934 2578">
     <span class='ocr_line' id='line_1_42' title="bbox 336 2505 1934 2578; baseline 0.001 -21"><span class='ocrx_word' id='word_1_316' title='bbox 336 2506 461 2570; x_wconf 69' lang='grc' dir='ltr'>τὰς,</span> <span class='ocrx_word' id='word_1_317' title='bbox 499 2505 531 2575; x_wconf 83' lang='grc' dir='ltr'>ἢ</span> <span class='ocrx_word' id='word_1_318' title='bbox 567 2505 734 2576; x_wconf 86' lang='grc' dir='ltr'>θηρία</span> <span class='ocrx_word' id='word_1_319' title='bbox 779 2506 1012 2578; x_wconf 75' lang='grc' dir='ltr'>πονηράο</span> <span class='ocrx_word' id='word_1_320' title='bbox 1071 2507 1182 2559; x_wconf 80' lang='grc' dir='ltr'>ἄνω</span> <span class='ocrx_word' id='word_1_321' title='bbox 1239 2507 1348 2577; x_wconf 83' lang='grc' dir='ltr'>γάρ</span> <span class='ocrx_word' id='word_1_322' title='bbox 1399 2522 1502 2558; x_wconf 88' lang='grc' dir='ltr'><strong>που</strong></span> <span class='ocrx_word' id='word_1_323' title='bbox 1551 2505 1610 2558; x_wconf 80' lang='grc' dir='ltr'>ὃν</span> <span class='ocrx_word' id='word_1_324' title='bbox 1655 2507 1934 2576; x_wconf 81' lang='grc' dir='ltr'>καταγελᾷ</span> 
     </span>
    </p>
   </div>
   <div class='ocr_carea' id='block_1_43' title="bbox 339 2597 1931 2670">
    <p class='ocr_par' dir='ltr' id='par_1_43' title="bbox 339 2597 1931 2670">
     <span class='ocr_line' id='line_1_43' title="bbox 339 2597 1931 2670; baseline 0 -19"><span class='ocrx_word' id='word_1_325' title='bbox 339 2599 582 2652; x_wconf 80' lang='grc' dir='ltr'>πάντων·</span> <span class='ocrx_word' id='word_1_326' title='bbox 610 2599 754 2656; x_wconf 78' lang='grc' dir='ltr'>οὕτω</span> <span class='ocrx_word' id='word_1_327' title='bbox 792 2601 884 2654; x_wconf 71' lang='grc' dir='ltr'>καὶ</span> <span class='ocrx_word' id='word_1_328' title='bbox 932 2599 1080 2670; x_wconf 70' lang='grc' dir='ltr'>ψυχὴ</span> <span class='ocrx_word' id='word_1_329' title='bbox 1113 2597 1354 2654; x_wconf 74' lang='grc' dir='ltr'>λαϐοῦσα</span> <span class='ocrx_word' id='word_1_330' title='bbox 1392 2600 1492 2662; x_wconf 76' lang='grc' dir='ltr'>τὰς</span> <span class='ocrx_word' id='word_1_331' title='bbox 1523 2599 1804 2668; x_wconf 84' lang='grc' dir='ltr'>πτέρυγας</span> <span class='ocrx_word' id='word_1_332' title='bbox 1837 2597 1931 2651; x_wconf 87' lang='grc' dir='ltr'><strong>τοῦ</strong></span> 
     </span>
    </p>
   </div>
   <div class='ocr_carea' id='block_1_44' title="bbox 336 2690 1932 2762">
    <p class='ocr_par' dir='ltr' id='par_1_44' title="bbox 336 2690 1932 2762">
     <span class='ocr_line' id='line_1_44' title="bbox 336 2690 1932 2762; baseline 0 -18"><span class='ocrx_word' id='word_1_333' title='bbox 336 2690 678 2761; x_wconf 81' lang='grc' dir='ltr'>Πνεύματος,</span> <span class='ocrx_word' id='word_1_334' title='bbox 722 2693 817 2745; x_wconf 73' lang='grc' dir='ltr'>καὶ</span> <span class='ocrx_word' id='word_1_335' title='bbox 867 2695 946 2756; x_wconf 80' lang='grc' dir='ltr'><strong>εἰς</strong></span> <span class='ocrx_word' id='word_1_336' title='bbox 987 2694 1054 2745; x_wconf 72' lang='grc' dir='ltr'><strong>τὰ</strong></span> <span class='ocrx_word' id='word_1_337' title='bbox 1111 2693 1293 2762; x_wconf 64' lang='grc' dir='ltr'>ὑψηλὰ</span> <span class='ocrx_word' id='word_1_338' title='bbox 1341 2692 1435 2745; x_wconf 84' lang='grc' dir='ltr'><strong>τοῦ</strong></span> <span class='ocrx_word' id='word_1_339' title='bbox 1488 2690 1721 2761; x_wconf 85' lang='grc' dir='ltr'>ούρανοῦ</span> <span class='ocrx_word' id='word_1_340' title='bbox 1773 2708 1932 2750; x_wconf 77' lang='grc' dir='ltr'>πετο-</span> 
     </span>
    </p>
   </div>
   <div class='ocr_carea' id='block_1_45' title="bbox 338 2784 1820 2855">
    <p class='ocr_par' dir='ltr' id='par_1_45' title="bbox 338 2784 1820 2855">
     <span class='ocr_line' id='line_1_45' title="bbox 338 2784 1820 2855; baseline 0 -19"><span class='ocrx_word' id='word_1_341' title='bbox 338 2784 499 2854; x_wconf 81' lang='grc' dir='ltr'>μένη,</span> <span class='ocrx_word' id='word_1_342' title='bbox 535 2786 754 2838; x_wconf 82' lang='grc' dir='ltr'>πάντων</span> <span class='ocrx_word' id='word_1_343' title='bbox 802 2786 1051 2855; x_wconf 75' lang='grc' dir='ltr'>ἁνωτέρα</span> <span class='ocrx_word' id='word_1_344' title='bbox 1081 2785 1237 2850; x_wconf 74' lang='grc' dir='ltr'>οὖσα,</span> <span class='ocrx_word' id='word_1_345' title='bbox 1268 2786 1486 2838; x_wconf 79' lang='grc' dir='ltr'>πάντων</span> <span class='ocrx_word' id='word_1_346' title='bbox 1521 2784 1820 2853; x_wconf 78' lang='grc' dir='ltr'>καταγελᾷ.</span> 
     </span>
    </p>
   </div>
   <div class='ocr_carea' id='block_1_46' title="bbox 409 2875 1929 2947">
    <p class='ocr_par' dir='ltr' id='par_1_46' title="bbox 409 2875 1929 2947">
     <span class='ocr_line' id='line_1_46' title="bbox 409 2875 1929 2947; baseline -0.001 -18"><span class='ocrx_word' id='word_1_347' title='bbox 409 2875 485 2930; x_wconf 84' lang='grc' dir='ltr'><strong>Ζ’.</strong></span> <span class='ocrx_word' id='word_1_348' title='bbox 524 2875 634 2930; x_wconf 80' lang='grc' dir='ltr'><strong>Καὶ</strong></span> <span class='ocrx_word' id='word_1_349' title='bbox 678 2877 706 2928; x_wconf 86' lang='grc' dir='ltr'>ὁ</span> <span class='ocrx_word' id='word_1_350' title='bbox 739 2875 838 2946; x_wconf 80' lang='grc' dir='ltr'>μὲν</span> <span class='ocrx_word' id='word_1_351' title='bbox 869 2879 1008 2932; x_wconf 79' lang='grc' dir='ltr'>κατὰ</span> <span class='ocrx_word' id='word_1_352' title='bbox 1043 2877 1220 2947; x_wconf 76' lang='grc' dir='ltr'>σάρκα</span> <span class='ocrx_word' id='word_1_353' title='bbox 1264 2875 1503 2946; x_wconf 77' lang='grc' dir='ltr'>Ἰσραὴλ,</span> <span class='ocrx_word' id='word_1_354' title='bbox 1549 2876 1670 2928; x_wconf 88' lang='grc' dir='ltr'>τότε</span> <span class='ocrx_word' id='word_1_355' title='bbox 1704 2875 1929 2944; x_wconf 61' lang='grc' dir='ltr'><strong>σχίσανη³</strong></span> 
     </span>
    </p>
   </div>
   <div class='ocr_carea' id='block_1_47' title="bbox 331 2961 1928 3038">
    <p class='ocr_par' dir='ltr' id='par_1_47' title="bbox 331 2961 1928 3038">
     <span class='ocr_line' id='line_1_47' title="bbox 331 2961 1928 3038; baseline -0.001 -18"><span class='ocrx_word' id='word_1_356' title='bbox 331 2985 428 3028; x_wconf 83' lang='grc' dir='ltr'><strong>τος</strong></span> <span class='ocrx_word' id='word_1_357' title='bbox 458 2969 699 3030; x_wconf 81' lang='grc' dir='ltr'>Μωσέως</span> <span class='ocrx_word' id='word_1_358' title='bbox 720 2966 817 3038; x_wconf 88' lang='grc' dir='ltr'>τὴν</span> <span class='ocrx_word' id='word_1_359' title='bbox 853 2969 1148 3031; x_wconf 80' lang='grc' dir='ltr'>Θάλασσαν,</span> <span class='ocrx_word' id='word_1_360' title='bbox 1175 2968 1460 3037; x_wconf 77' lang='grc' dir='ltr'>διήρχοντο</span> <span class='ocrx_word' id='word_1_361' title='bbox 1486 2968 1658 3021; x_wconf 84' lang='grc' dir='ltr'>κάτω·</span> <span class='ocrx_word' id='word_1_362' title='bbox 1692 2961 1839 3022; x_wconf 80' lang='grc' dir='ltr'>οῦτοι</span> <span class='ocrx_word' id='word_1_363' title='bbox 1870 2965 1928 3018; x_wconf 83' lang='grc' dir='ltr'>δὲ</span> 
     </span>
    </p>
   </div>
   <div class='ocr_carea' id='block_1_48' title="bbox 330 3057 1928 3130">
    <p class='ocr_par' dir='ltr' id='par_1_48' title="bbox 330 3057 1928 3130">
     <span class='ocr_line' id='line_1_48' title="bbox 330 3057 1928 3130; baseline 0.001 -20"><span class='ocrx_word' id='word_1_364' title='bbox 330 3059 502 3112; x_wconf 79' lang='grc' dir='ltr'>τέκνα</span> <span class='ocrx_word' id='word_1_365' title='bbox 544 3057 681 3110; x_wconf 82' lang='grc' dir='ltr'>Θεοῦ</span> <span class='ocrx_word' id='word_1_366' title='bbox 714 3058 866 3122; x_wconf 77' lang='grc' dir='ltr'>ὄντες</span> <span class='ocrx_word' id='word_1_367' title='bbox 895 3059 1078 3114; x_wconf 80' lang='grc' dir='ltr'>ἐπάνω</span> <span class='ocrx_word' id='word_1_368' title='bbox 1109 3059 1506 3130; x_wconf 79' lang='grc' dir='ltr'>περιπατοῦσιν</span> <span class='ocrx_word' id='word_1_369' title='bbox 1544 3059 1638 3110; x_wconf 76' lang='grc' dir='ltr'>ἐπὶ</span> <span class='ocrx_word' id='word_1_370' title='bbox 1685 3057 1785 3129; x_wconf 75' lang='grc' dir='ltr'>τὴν</span> <span class='ocrx_word' id='word_1_371' title='bbox 1829 3057 1928 3111; x_wconf 64' lang='lat' dir='ltr'><strong>0d.-</strong></span> 
     </span>
    </p>
   </div>
   <div class='ocr_carea' id='block_1_49' title="bbox 334 3150 1928 3221">
    <p class='ocr_par' dir='ltr' id='par_1_49' title="bbox 334 3150 1928 3221">
     <span class='ocr_line' id='line_1_49' title="bbox 334 3150 1928 3221; baseline -0.001 -17"><span class='ocrx_word' id='word_1_372' title='bbox 334 3151 546 3204; x_wconf 77' lang='grc' dir='ltr'>λασσαν</span> <span class='ocrx_word' id='word_1_373' title='bbox 593 3151 692 3220; x_wconf 77' lang='grc' dir='ltr'>τῆς</span> <span class='ocrx_word' id='word_1_374' title='bbox 747 3151 974 3217; x_wconf 83' lang='grc' dir='ltr'>πικρίας</span> <span class='ocrx_word' id='word_1_375' title='bbox 1024 3150 1134 3204; x_wconf 87' lang='grc' dir='ltr'><strong>τῶν</strong></span> <span class='ocrx_word' id='word_1_376' title='bbox 1187 3151 1441 3221; x_wconf 75' lang='grc' dir='ltr'>πονηρῶν</span> <span class='ocrx_word' id='word_1_377' title='bbox 1491 3151 1796 3221; x_wconf 80' lang='grc' dir='ltr'>δυνάμεων.</span> <span class='ocrx_word' id='word_1_378' title='bbox 1829 3150 1928 3210; x_wconf 64' lang='grc' dir='ltr'><strong>ίΤὸ</strong></span> 
     </span>
    </p>
   </div>
   <div class='ocr_carea' id='block_1_50' title="bbox 333 3242 1924 3315">
    <p class='ocr_par' dir='ltr' id='par_1_50' title="bbox 333 3242 1924 3315">
     <span class='ocr_line' id='line_1_50' title="bbox 333 3242 1924 3315; baseline -0.001 -19"><span class='ocrx_word' id='word_1_379' title='bbox 333 3245 500 3311; x_wconf 86' lang='grc' dir='ltr'>σῶμα</span> <span class='ocrx_word' id='word_1_380' title='bbox 532 3243 641 3315; x_wconf 77' lang='grc' dir='ltr'><strong>γὰρ</strong></span> <span class='ocrx_word' id='word_1_381' title='bbox 675 3245 768 3297; x_wconf 77' lang='grc' dir='ltr'>καὶ</span> <span class='ocrx_word' id='word_1_382' title='bbox 799 3245 831 3313; x_wconf 82' lang='grc' dir='ltr'>ἡ</span> <span class='ocrx_word' id='word_1_383' title='bbox 864 3243 1011 3314; x_wconf 72' lang='grc' dir='ltr'>ψυχὴ</span> <span class='ocrx_word' id='word_1_384' title='bbox 1043 3243 1224 3296; x_wconf 75' lang='grc' dir='ltr'>αὐτῶν</span> <span class='ocrx_word' id='word_1_385' title='bbox 1261 3242 1408 3307; x_wconf 70' lang='grc' dir='ltr'>οἶκος</span> <span class='ocrx_word' id='word_1_386' title='bbox 1446 3242 1583 3296; x_wconf 85' lang='grc' dir='ltr'>Θεοῦ</span> <span class='ocrx_word' id='word_1_387' title='bbox 1615 3245 1924 3311; x_wconf 76' lang='grc' dir='ltr'>γεγόνασινο</span> 
     </span>
    </p>
   </div>
   <div class='ocr_carea' id='block_1_51' title="bbox 325 3333 1928 3408">
    <p class='ocr_par' dir='ltr' id='par_1_51' title="bbox 325 3333 1928 3408">
     <span class='ocr_line' id='line_1_51' title="bbox 325 3333 1928 3408; baseline 0 -19"><span class='ocrx_word' id='word_1_388' title='bbox 325 3338 395 3389; x_wconf 81' lang='grc' dir='ltr'><strong>ἐν</strong></span> <span class='ocrx_word' id='word_1_389' title='bbox 427 3335 611 3408; x_wconf 77' lang='grc' dir='ltr'>ἐκείνῃ</span> <span class='ocrx_word' id='word_1_390' title='bbox 658 3338 724 3408; x_wconf 86' lang='grc' dir='ltr'><strong>τῇ</strong></span> <span class='ocrx_word' id='word_1_391' title='bbox 773 3337 979 3407; x_wconf 71' lang='grc' dir='ltr'>ἡμέρα,</span> <span class='ocrx_word' id='word_1_392' title='bbox 1014 3337 1104 3388; x_wconf 84' lang='grc' dir='ltr'>ὅτε</span> <span class='ocrx_word' id='word_1_393' title='bbox 1152 3337 1349 3390; x_wconf 75' lang='grc' dir='ltr'>ἔπεσεν</span> <span class='ocrx_word' id='word_1_394' title='bbox 1378 3339 1404 3390; x_wconf 88' lang='lat'><strong>6</strong></span> <span class='ocrx_word' id='word_1_395' title='bbox 1450 3336 1643 3406; x_wconf 82' lang='grc' dir='ltr'>’Λδὰμ,</span> <span class='ocrx_word' id='word_1_396' title='bbox 1688 3333 1852 3406; x_wconf 80' lang='grc' dir='ltr'>ἦλθεν</span> <span class='ocrx_word' id='word_1_397' title='bbox 1899 3336 1928 3398; x_wconf 81' lang='lat'><strong>6</strong></span> 
     </span>
    </p>
   </div>
   <div class='ocr_carea' id='block_1_52' title="bbox 330 3429 1928 3501">
    <p class='ocr_par' dir='ltr' id='par_1_52' title="bbox 330 3429 1928 3501">
     <span class='ocr_line' id='line_1_52' title="bbox 330 3429 1928 3501; baseline 0.002 -21"><span class='ocrx_word' id='word_1_398' title='bbox 330 3429 466 3492; x_wconf 76' lang='grc' dir='ltr'>Θεὸς</span> <span class='ocrx_word' id='word_1_399' title='bbox 497 3430 816 3500; x_wconf 81' lang='grc' dir='ltr'>περιπατῶν</span> <span class='ocrx_word' id='word_1_400' title='bbox 858 3433 916 3482; x_wconf 85' lang='grc' dir='ltr'><strong>ἐν</strong></span> <span class='ocrx_word' id='word_1_401' title='bbox 953 3430 1032 3501; x_wconf 80' lang='grc' dir='ltr'>τῷ</span> <span class='ocrx_word' id='word_1_402' title='bbox 1069 3431 1406 3500; x_wconf 82' lang='grc' dir='ltr'>παραδείσῳ,</span> <span class='ocrx_word' id='word_1_403' title='bbox 1439 3431 1725 3494; x_wconf 74' lang='grc' dir='ltr'>ἔκλαυσεν,</span> <span class='ocrx_word' id='word_1_404' title='bbox 1755 3431 1828 3494; x_wconf 82' lang='grc' dir='ltr'>ὡς</span> <span class='ocrx_word' id='word_1_405' title='bbox 1853 3431 1928 3483; x_wconf 83' lang='grc' dir='ltr'>εί·-</span> 
     </span>
    </p>
   </div>
   <div class='ocr_carea' id='block_1_53' title="bbox 329 3519 1930 3590">
    <p class='ocr_par' dir='ltr' id='par_1_53' title="bbox 329 3519 1930 3590">
     <span class='ocr_line' id='line_1_53' title="bbox 329 3519 1930 3590; baseline -0.001 -18"><span class='ocrx_word' id='word_1_406' title='bbox 329 3521 480 3579; x_wconf 87' lang='grc' dir='ltr'><strong>πείν,</strong></span> <span class='ocrx_word' id='word_1_407' title='bbox 511 3519 634 3572; x_wconf 77' lang='grc' dir='ltr'>ἰδὼν</span> <span class='ocrx_word' id='word_1_408' title='bbox 658 3519 748 3572; x_wconf 73' lang='grc' dir='ltr'><strong>τὸν</strong></span> <span class='ocrx_word' id='word_1_409' title='bbox 795 3520 988 3589; x_wconf 68' lang='grc' dir='ltr'>Ἀδὰμ,</span> <span class='ocrx_word' id='word_1_410' title='bbox 1027 3520 1124 3571; x_wconf 76' lang='grc' dir='ltr'>καὶ</span> <span class='ocrx_word' id='word_1_411' title='bbox 1152 3520 1395 3590; x_wconf 61' lang='grc' dir='ltr'>εἴρηκεν</span> <span class='ocrx_word' id='word_1_412' title='bbox 1440 3520 1540 3573; x_wconf 80' lang='grc' dir='ltr'><strong>Ἐκ</strong></span> <span class='ocrx_word' id='word_1_413' title='bbox 1565 3520 1751 3572; x_wconf 77' lang='grc' dir='ltr'>ποίων</span> <span class='ocrx_word' id='word_1_414' title='bbox 1781 3520 1930 3586; x_wconf 80' lang='grc' dir='ltr'>ἀγα-</span> 
     </span>
    </p>
   </div>
   <div class='ocr_carea' id='block_1_54' title="bbox 330 3610 1928 3682">
    <p class='ocr_par' dir='ltr' id='par_1_54' title="bbox 330 3610 1928 3682">
     <span class='ocr_line' id='line_1_54' title="bbox 330 3610 1928 3682; baseline 0.001 -16"><span class='ocrx_word' id='word_1_415' title='bbox 330 3610 456 3666; x_wconf 74' lang='grc' dir='ltr'>θῶν</span> <span class='ocrx_word' id='word_1_416' title='bbox 489 3613 634 3667; x_wconf 74' lang='grc' dir='ltr'>ποῖα</span> <span class='ocrx_word' id='word_1_417' title='bbox 689 3614 946 3682; x_wconf 77' lang='grc' dir='ltr'>ῄρετίσω</span> <span class='ocrx_word' id='word_1_418' title='bbox 977 3613 1132 3668; x_wconf 79' lang='grc' dir='ltr'>κακά</span> <span class='ocrx_word' id='word_1_419' title='bbox 1175 3614 1284 3667; x_wconf 70' lang='grc' dir='ltr'><strong><em>Ῑέκ</em></strong></span> <span class='ocrx_word' id='word_1_420' title='bbox 1317 3614 1491 3680; x_wconf 78' lang='grc' dir='ltr'>ποίας</span> <span class='ocrx_word' id='word_1_421' title='bbox 1531 3613 1717 3680; x_wconf 71' lang='grc' dir='ltr'>δόξης</span> <span class='ocrx_word' id='word_1_422' title='bbox 1745 3615 1928 3667; x_wconf 66' lang='grc' dir='ltr'>ποίαν</span> 
     </span>
    </p>
   </div>
   <div class='ocr_carea' id='block_1_55' title="bbox 323 3704 1925 3773">
    <p class='ocr_par' dir='ltr' id='par_1_55' title="bbox 323 3704 1925 3773">
     <span class='ocr_line' id='line_1_55' title="bbox 323 3704 1925 3773; baseline 0.001 -18"><span class='ocrx_word' id='word_1_423' title='bbox 323 3704 638 3771; x_wconf 73' lang='grc' dir='ltr'><strong>αἰσχύνην</strong></span> <span class='ocrx_word' id='word_1_424' title='bbox 668 3704 899 3773; x_wconf 66' lang='grc' dir='ltr'>φορεῖς]</span> <span class='ocrx_word' id='word_1_425' title='bbox 926 3705 983 3757; x_wconf 81' lang='grc' dir='ltr'><strong>τί</strong></span> <span class='ocrx_word' id='word_1_426' title='bbox 1017 3705 1332 3769; x_wconf 79' lang='grc' dir='ltr'>σκοτεινὸς</span> <span class='ocrx_word' id='word_1_427' title='bbox 1359 3704 1416 3757; x_wconf 82' lang='grc' dir='ltr'>εἷ</span> <span class='ocrx_word' id='word_1_428' title='bbox 1436 3705 1587 3758; x_wconf 71' lang='grc' dir='ltr'><strong>νῦν]</strong></span> <span class='ocrx_word' id='word_1_429' title='bbox 1630 3706 1688 3756; x_wconf 82' lang='grc' dir='ltr'><strong>τί</strong></span> <span class='ocrx_word' id='word_1_430' title='bbox 1722 3704 1925 3758; x_wconf 82' lang='grc' dir='ltr'>δυσει-</span> 
     </span>
    </p>
   </div>
   <div class='ocr_carea' id='block_1_56' title="bbox 328 3793 1925 3865">
    <p class='ocr_par' dir='ltr' id='par_1_56' title="bbox 328 3793 1925 3865">
     <span class='ocr_line' id='line_1_56' title="bbox 328 3793 1925 3865; baseline 0.001 -17"><span class='ocrx_word' id='word_1_431' title='bbox 328 3795 490 3864; x_wconf 67' lang='lat' dir='ltr'><strong>(Mc!</strong></span> <span class='ocrx_word' id='word_1_432' title='bbox 555 3796 614 3850; x_wconf 80' lang='grc' dir='ltr'><strong>τί</strong></span> <span class='ocrx_word' id='word_1_433' title='bbox 658 3799 894 3864; x_wconf 61' lang='lat' dir='ltr'><strong>(marde</strong></span> <span class='ocrx_word' id='word_1_434' title='bbox 925 3798 1036 3851; x_wconf 77' lang='grc' dir='ltr'><strong>,ίέκ</strong></span> <span class='ocrx_word' id='word_1_435' title='bbox 1071 3797 1248 3851; x_wconf 81' lang='grc' dir='ltr'>ποίου</span> <span class='ocrx_word' id='word_1_436' title='bbox 1287 3796 1483 3865; x_wconf 73' lang='grc' dir='ltr'>φωτὸς</span> <span class='ocrx_word' id='word_1_437' title='bbox 1525 3793 1656 3851; x_wconf 80' lang='grc' dir='ltr'>οἷον</span> <span class='ocrx_word' id='word_1_438' title='bbox 1704 3799 1925 3863; x_wconf 80' lang='grc' dir='ltr'>σκότος</span> 
     </span>
    </p>
   </div>
   <div class='ocr_carea' id='block_1_57' title="bbox 323 3885 1922 3958">
    <p class='ocr_par' dir='ltr' id='par_1_57' title="bbox 323 3885 1922 3958">
     <span class='ocr_line' id='line_1_57' title="bbox 323 3885 1922 3958; baseline -0.002 -16"><span class='ocrx_word' id='word_1_439' title='bbox 323 3885 608 3956; x_wconf 70' lang='grc' dir='ltr'><strong>ἑκάλυψέ</strong></span> <span class='ocrx_word' id='word_1_440' title='bbox 650 3904 720 3942; x_wconf 77' lang='grc' dir='ltr'><strong>σε</strong></span> <span class='ocrx_word' id='word_1_441' title='bbox 759 3889 778 3942; x_wconf 90' lang='lat'><em>!</em></span> <span class='ocrx_word' id='word_1_442' title='bbox 811 3892 906 3944; x_wconf 73' lang='grc' dir='ltr'>καὶ</span> <span class='ocrx_word' id='word_1_443' title='bbox 951 3889 1207 3952; x_wconf 85' lang='grc' dir='ltr'>πεσόντος</span> <span class='ocrx_word' id='word_1_444' title='bbox 1237 3888 1331 3941; x_wconf 85' lang='grc' dir='ltr'><strong>τοῦ</strong></span> <span class='ocrx_word' id='word_1_445' title='bbox 1372 3889 1542 3958; x_wconf 79' lang='grc' dir='ltr'>Ἀδὰμ</span> <span class='ocrx_word' id='word_1_446' title='bbox 1573 3889 1668 3941; x_wconf 77' lang='grc' dir='ltr'>καὶ</span> <span class='ocrx_word' id='word_1_447' title='bbox 1710 3887 1922 3942; x_wconf 76' lang='grc' dir='ltr'>ἀποθα-</span> 
     </span>
    </p>
   </div>
   <div class='ocr_carea' id='block_1_58' title="bbox 328 3977 1920 4048">
    <p class='ocr_par' dir='ltr' id='par_1_58' title="bbox 328 3977 1920 4048">
     <span class='ocr_line' id='line_1_58' title="bbox 328 3977 1920 4048; baseline -0.003 -16"><span class='ocrx_word' id='word_1_448' title='bbox 328 3977 515 4040; x_wconf 86' lang='grc' dir='ltr'>νόντος</span> <span class='ocrx_word' id='word_1_449' title='bbox 563 3977 672 4032; x_wconf 77' lang='grc' dir='ltr'><strong>ἀπὸ</strong></span> <span class='ocrx_word' id='word_1_450' title='bbox 723 3978 818 4032; x_wconf 86' lang='grc' dir='ltr'><strong>τοῦ</strong></span> <span class='ocrx_word' id='word_1_451' title='bbox 859 3979 1018 4044; x_wconf 82' lang='grc' dir='ltr'>Θεοῦ,</span> <span class='ocrx_word' id='word_1_452' title='bbox 1062 3979 1326 4034; x_wconf 74' lang='grc' dir='ltr'>ἔκλαυσεν</span> <span class='ocrx_word' id='word_1_453' title='bbox 1375 3978 1539 4032; x_wconf 77' lang='grc' dir='ltr'>αὐτὸν</span> <span class='ocrx_word' id='word_1_454' title='bbox 1574 3981 1603 4031; x_wconf 88' lang='lat'><strong>6</strong></span> <span class='ocrx_word' id='word_1_455' title='bbox 1658 3979 1920 4048; x_wconf 75' lang='grc' dir='ltr'>Ποιητής,</span> 
     </span>
    </p>
   </div>
   <div class='ocr_carea' id='block_1_59' title="bbox 324 4068 1922 4140">
    <p class='ocr_par' dir='ltr' id='par_1_59' title="bbox 324 4068 1922 4140">
     <span class='ocr_line' id='line_1_59' title="bbox 324 4068 1922 4140; baseline -0.002 -17"><span class='ocrx_word' id='word_1_456' title='bbox 324 4069 573 4140; x_wconf 78' lang='grc' dir='ltr'>ἄγγελοι,</span> <span class='ocrx_word' id='word_1_457' title='bbox 605 4069 775 4122; x_wconf 81' lang='grc' dir='ltr'>πᾶσαι</span> <span class='ocrx_word' id='word_1_458' title='bbox 817 4070 874 4123; x_wconf 81' lang='grc' dir='ltr'>αἱ</span> <span class='ocrx_word' id='word_1_459' title='bbox 903 4069 1186 4140; x_wconf 83' lang='grc' dir='ltr'>δυνάμεις,</span> <span class='ocrx_word' id='word_1_460' title='bbox 1220 4068 1464 4140; x_wconf 69' lang='grc' dir='ltr'>οὐρανοὶ,</span> <span class='ocrx_word' id='word_1_461' title='bbox 1499 4069 1595 4138; x_wconf 85' lang='grc' dir='ltr'>γῆ,</span> <span class='ocrx_word' id='word_1_462' title='bbox 1619 4068 1712 4120; x_wconf 74' lang='grc' dir='ltr'>καὶ</span> <span class='ocrx_word' id='word_1_463' title='bbox 1744 4069 1922 4122; x_wconf 83' lang='grc' dir='ltr'>πάντα</span> 
     </span>
    </p>
   </div>
   <div class='ocr_carea' id='block_1_60' title="bbox 325 4160 1922 4235">
    <p class='ocr_par' dir='ltr' id='par_1_60' title="bbox 325 4160 1922 4235">
     <span class='ocr_line' id='line_1_60' title="bbox 325 4160 1922 4235; baseline -0.001 -20"><span class='ocrx_word' id='word_1_464' title='bbox 325 4161 401 4215; x_wconf 75' lang='grc' dir='ltr'>τὰ</span> <span class='ocrx_word' id='word_1_465' title='bbox 427 4162 701 4232; x_wconf 86' lang='grc' dir='ltr'>κτίσματα</span> <span class='ocrx_word' id='word_1_466' title='bbox 723 4163 1031 4235; x_wconf 77' lang='grc' dir='ltr'>ἐπένθησαν</span> <span class='ocrx_word' id='word_1_467' title='bbox 1059 4164 1152 4217; x_wconf 75' lang='grc' dir='ltr'>ἐπὶ</span> <span class='ocrx_word' id='word_1_468' title='bbox 1175 4162 1254 4233; x_wconf 83' lang='grc' dir='ltr'><strong>τῷ</strong></span> <span class='ocrx_word' id='word_1_469' title='bbox 1285 4162 1502 4233; x_wconf 81' lang='grc' dir='ltr'>θανάτῳ</span> <span class='ocrx_word' id='word_1_470' title='bbox 1554 4163 1650 4217; x_wconf 78' lang='grc' dir='ltr'>καὶ</span> <span class='ocrx_word' id='word_1_471' title='bbox 1677 4164 1743 4232; x_wconf 86' lang='grc' dir='ltr'><strong>τῇ</strong></span> <span class='ocrx_word' id='word_1_472' title='bbox 1778 4160 1922 4214; x_wconf 82' lang='grc' dir='ltr'>πτώ-</span> 
     </span>
    </p>
   </div>
   <div class='ocr_carea' id='block_1_61' title="bbox 326 4254 1920 4326">
    <p class='ocr_par' dir='ltr' id='par_1_61' title="bbox 326 4254 1920 4326">
     <span class='ocr_line' id='line_1_61' title="bbox 326 4254 1920 4326; baseline 0.002 -20"><span class='ocrx_word' id='word_1_473' title='bbox 326 4269 414 4307; x_wconf 86' lang='grc' dir='ltr'><strong>σει</strong></span> <span class='ocrx_word' id='word_1_474' title='bbox 448 4254 634 4307; x_wconf 82' lang='grc' dir='ltr'>αὐτοῦ·</span> <span class='ocrx_word' id='word_1_475' title='bbox 675 4255 769 4308; x_wconf 79' lang='grc' dir='ltr'>τὸν</span> <span class='ocrx_word' id='word_1_476' title='bbox 797 4255 908 4326; x_wconf 85' lang='grc' dir='ltr'><strong>γὰρ</strong></span> <span class='ocrx_word' id='word_1_477' title='bbox 944 4256 1168 4311; x_wconf 79' lang='grc' dir='ltr'>δοθέντα</span> <span class='ocrx_word' id='word_1_478' title='bbox 1225 4256 1412 4317; x_wconf 81' lang='grc' dir='ltr'>αὐτοῖς</span> <span class='ocrx_word' id='word_1_479' title='bbox 1464 4254 1691 4325; x_wconf 78' lang='grc' dir='ltr'>βασιλέα</span> <span class='ocrx_word' id='word_1_480' title='bbox 1732 4254 1920 4309; x_wconf 83' lang='grc' dir='ltr'>δοῦλον</span> 
     </span>
    </p>
   </div>
   <div class='ocr_carea' id='block_1_62' title="bbox 322 4342 1912 4418">
    <p class='ocr_par' dir='ltr' id='par_1_62' title="bbox 322 4342 1912 4418">
     <span class='ocr_line' id='line_1_62' title="bbox 322 4342 1912 4418; baseline 0 -19"><span class='ocrx_word' id='word_1_481' title='bbox 322 4342 469 4400; x_wconf 73' lang='grc' dir='ltr'>εἶδον</span> <span class='ocrx_word' id='word_1_482' title='bbox 527 4348 787 4417; x_wconf 80' lang='grc' dir='ltr'>γεγονότα</span> <span class='ocrx_word' id='word_1_483' title='bbox 853 4347 1103 4411; x_wconf 75' lang='grc' dir='ltr'>ἐναντίας</span> <span class='ocrx_word' id='word_1_484' title='bbox 1165 4347 1260 4400; x_wconf 73' lang='grc' dir='ltr'>καὶ</span> <span class='ocrx_word' id='word_1_485' title='bbox 1319 4349 1564 4418; x_wconf 80' lang='grc' dir='ltr'>πονηρᾶς</span> <span class='ocrx_word' id='word_1_486' title='bbox 1611 4347 1912 4416; x_wconf 83' lang='grc' dir='ltr'>δυνάμεως.</span> 
     </span>
    </p>
   </div>
   <div class='ocr_carea' id='block_1_63' title="bbox 319 4432 1917 4508">
    <p class='ocr_par' dir='ltr' id='par_1_63' title="bbox 319 4432 1917 4508">
     <span class='ocr_line' id='line_1_63' title="bbox 319 4432 1917 4508; baseline 0.002 -23"><span class='ocrx_word' id='word_1_487' title='bbox 319 4432 524 4497; x_wconf 85' lang='grc' dir='ltr'>Σκότος</span> <span class='ocrx_word' id='word_1_488' title='bbox 567 4436 747 4490; x_wconf 80' lang='grc' dir='ltr'>τοίνυν</span> <span class='ocrx_word' id='word_1_489' title='bbox 779 4436 1068 4490; x_wconf 77' lang='grc' dir='ltr'>ἐνεδύσατο</span> <span class='ocrx_word' id='word_1_490' title='bbox 1101 4438 1160 4489; x_wconf 86' lang='grc' dir='ltr'><strong>ἐν</strong></span> <span class='ocrx_word' id='word_1_491' title='bbox 1199 4439 1265 4506; x_wconf 83' lang='grc' dir='ltr'><strong>τῇ</strong></span> <span class='ocrx_word' id='word_1_492' title='bbox 1298 4439 1493 4490; x_wconf 83' lang='grc' dir='ltr'>ἑαυτοῦ</span> <span class='ocrx_word' id='word_1_493' title='bbox 1522 4437 1694 4508; x_wconf 79' lang='grc' dir='ltr'>ψυχῇ,</span> <span class='ocrx_word' id='word_1_494' title='bbox 1729 4437 1917 4498; x_wconf 82' lang='grc' dir='ltr'>σκότος</span> 
     </span>
    </p>
   </div>
   <div class='ocr_carea' id='block_1_64' title="bbox 2043 1951 3633 2024">
    <p class='ocr_par' dir='ltr' id='par_1_64' title="bbox 2043 1951 3633 2024">
     <span class='ocr_line' id='line_1_64' title="bbox 2043 1951 3633 2024; baseline 0.004 -22"><span class='ocrx_word' id='word_1_495' title='bbox 2043 1951 2205 2012; x_wconf 81' lang='lat' dir='ltr'><strong>ritus,</strong></span> <span class='ocrx_word' id='word_1_496' title='bbox 2239 1960 2296 2006; x_wconf 89' lang='lat' dir='ltr'><strong>et</strong></span> <span class='ocrx_word' id='word_1_497' title='bbox 2328 1951 2383 2005; x_wconf 91' lang='lat' dir='ltr'><strong>in</strong></span> <span class='ocrx_word' id='word_1_498' title='bbox 2421 1951 2630 2007; x_wconf 89' lang='lat' dir='ltr'><strong>lumine</strong></span> <span class='ocrx_word' id='word_1_499' title='bbox 2660 1952 2849 2006; x_wconf 83' lang='lat' dir='ltr'><strong>divino</strong></span> <span class='ocrx_word' id='word_1_500' title='bbox 2877 1969 3233 2017; x_wconf 88' lang='lat' dir='ltr'><strong>conversans,</strong></span> <span class='ocrx_word' id='word_1_501' title='bbox 3262 1954 3402 2008; x_wconf 83' lang='lat' dir='ltr'><strong>nihil</strong></span> <span class='ocrx_word' id='word_1_502' title='bbox 3443 1971 3472 2008; x_wconf 89' lang='lat' dir='ltr'><strong>a</strong></span> <span class='ocrx_word' id='word_1_503' title='bbox 3495 1971 3633 2024; x_wconf 84' lang='lat' dir='ltr'><strong>quo-</strong></span> 
     </span>
    </p>
   </div>
   <div class='ocr_carea' id='block_1_65' title="bbox 2041 2044 3633 2121">
    <p class='ocr_par' dir='ltr' id='par_1_65' title="bbox 2041 2044 3633 2121">
     <span class='ocr_line' id='line_1_65' title="bbox 2041 2044 3633 2121; baseline 0.005 -28"><span class='ocrx_word' id='word_1_504' title='bbox 2041 2057 2205 2111; x_wconf 89' lang='lat' dir='ltr'><strong>quam</strong></span> <span class='ocrx_word' id='word_1_505' title='bbox 2255 2058 2552 2112; x_wconf 89' lang='lat' dir='ltr'><strong>pravorum</strong></span> <span class='ocrx_word' id='word_1_506' title='bbox 2594 2044 2890 2112; x_wconf 88' lang='lat' dir='ltr'><strong>spirituum</strong></span> <span class='ocrx_word' id='word_1_507' title='bbox 2916 2045 3123 2121; x_wconf 87' lang='lat' dir='ltr'><strong>patitur</strong></span> <span class='ocrx_word' id='word_1_508' title='bbox 3156 2063 3170 2102; x_wconf 88' lang='lat'>:</span> <span class='ocrx_word' id='word_1_509' title='bbox 3197 2054 3252 2099; x_wconf 88' lang='lat' dir='ltr'><strong>et</strong></span> <span class='ocrx_word' id='word_1_510' title='bbox 3286 2046 3414 2100; x_wconf 88' lang='lat' dir='ltr'><strong>licet</strong></span> <span class='ocrx_word' id='word_1_511' title='bbox 3435 2061 3633 2116; x_wconf 84' lang='lat' dir='ltr'><strong>appro—</strong></span> 
     </span>
    </p>
   </div>
   <div class='ocr_carea' id='block_1_66' title="bbox 2039 2134 3632 2208">
    <p class='ocr_par' dir='ltr' id='par_1_66' title="bbox 2039 2134 3632 2208">
     <span class='ocr_line' id='line_1_66' title="bbox 2039 2134 3632 2208; baseline 0.004 -22"><span class='ocrx_word' id='word_1_512' title='bbox 2039 2135 2273 2204; x_wconf 89' lang='lat' dir='ltr'><strong>pinquet</strong></span> <span class='ocrx_word' id='word_1_513' title='bbox 2311 2134 2595 2205; x_wconf 80' lang='lat' dir='ltr'><strong>quidpiam</strong></span> <span class='ocrx_word' id='word_1_514' title='bbox 2621 2136 2722 2199; x_wconf 89' lang='lat' dir='ltr'><strong>illi,</strong></span> <span class='ocrx_word' id='word_1_515' title='bbox 2747 2137 3092 2192; x_wconf 87' lang='lat' dir='ltr'><strong>consumitur</strong></span> <span class='ocrx_word' id='word_1_516' title='bbox 3123 2137 3176 2192; x_wconf 88' lang='lat' dir='ltr'><strong>id</strong></span> <span class='ocrx_word' id='word_1_517' title='bbox 3203 2154 3234 2192; x_wconf 92' lang='lat' dir='ltr'><strong>a</strong></span> <span class='ocrx_word' id='word_1_518' title='bbox 3270 2139 3478 2193; x_wconf 83' lang='lat' dir='ltr'><strong>caelesti</strong></span> <span class='ocrx_word' id='word_1_519' title='bbox 3509 2141 3632 2208; x_wconf 88' lang='lat' dir='ltr'><strong>igne</strong></span> 
     </span>
    </p>
   </div>
   <div class='ocr_carea' id='block_1_67' title="bbox 2040 2227 3629 2298">
    <p class='ocr_par' dir='ltr' id='par_1_67' title="bbox 2040 2227 3629 2298">
     <span class='ocr_line' id='line_1_67' title="bbox 2040 2227 3629 2298; baseline 0.003 -16"><span class='ocrx_word' id='word_1_520' title='bbox 2040 2227 2299 2298; x_wconf 89' lang='lat' dir='ltr'><strong>Spiritus.</strong></span> <span class='ocrx_word' id='word_1_521' title='bbox 2322 2230 2433 2282; x_wconf 89' lang='lat' dir='ltr'><strong>Aut</strong></span> <span class='ocrx_word' id='word_1_522' title='bbox 2467 2229 2638 2284; x_wconf 89' lang='lat' dir='ltr'><strong>veluti</strong></span> <span class='ocrx_word' id='word_1_523' title='bbox 2669 2230 2934 2298; x_wconf 83' lang='lat' dir='ltr'><strong>volueris,</strong></span> <span class='ocrx_word' id='word_1_524' title='bbox 2972 2231 3018 2285; x_wconf 89' lang='lat' dir='ltr'><strong>si</strong></span> <span class='ocrx_word' id='word_1_525' title='bbox 3062 2231 3119 2285; x_wconf 91' lang='lat' dir='ltr'><strong>in</strong></span> <span class='ocrx_word' id='word_1_526' title='bbox 3153 2232 3324 2288; x_wconf 87' lang='lat' dir='ltr'><strong>altqu</strong></span> <span class='ocrx_word' id='word_1_527' title='bbox 3371 2231 3629 2294; x_wconf 88' lang='lat' dir='ltr'><strong>evolarit,</strong></span> 
     </span>
    </p>
   </div>
   <div class='ocr_carea' id='block_1_68' title="bbox 2037 2324 3634 2394">
    <p class='ocr_par' dir='ltr' id='par_1_68' title="bbox 2037 2324 3634 2394">
     <span class='ocr_line' id='line_1_68' title="bbox 2037 2324 3634 2394; baseline 0.002 -18"><span class='ocrx_word' id='word_1_528' title='bbox 2037 2336 2232 2377; x_wconf 89' lang='lat' dir='ltr'><strong>secura</strong></span> <span class='ocrx_word' id='word_1_529' title='bbox 2261 2331 2367 2387; x_wconf 89' lang='lat' dir='ltr'><strong>est,</strong></span> <span class='ocrx_word' id='word_1_530' title='bbox 2392 2324 2543 2377; x_wconf 89' lang='lat' dir='ltr'><strong>velut</strong></span> <span class='ocrx_word' id='word_1_531' title='bbox 2565 2324 2703 2380; x_wconf 85' lang='lat' dir='ltr'><strong>nihil</strong></span> <span class='ocrx_word' id='word_1_532' title='bbox 2734 2335 2989 2380; x_wconf 89' lang='lat' dir='ltr'><strong>metuens</strong></span> <span class='ocrx_word' id='word_1_533' title='bbox 3027 2341 3289 2394; x_wconf 85' lang='lat' dir='ltr'><strong>aucupes,</strong></span> <span class='ocrx_word' id='word_1_534' title='bbox 3314 2333 3410 2379; x_wconf 90' lang='lat' dir='ltr'><strong>aut</strong></span> <span class='ocrx_word' id='word_1_535' title='bbox 3442 2325 3634 2380; x_wconf 78' lang='lat' dir='ltr'><strong>noxias</strong></span> 
     </span>
    </p>
   </div>
   <div class='ocr_carea' id='block_1_69' title="bbox 2037 2411 3628 2484">
    <p class='ocr_par' dir='ltr' id='par_1_69' title="bbox 2037 2411 3628 2484">
     <span class='ocr_line' id='line_1_69' title="bbox 2037 2411 3628 2484; baseline 0.003 -17"><span class='ocrx_word' id='word_1_536' title='bbox 2037 2411 2277 2477; x_wconf 86' lang='lat' dir='ltr'><strong>bestias;</strong></span> <span class='ocrx_word' id='word_1_537' title='bbox 2305 2415 2577 2484; x_wconf 85' lang='lat' dir='ltr'><strong>siquidem</strong></span> <span class='ocrx_word' id='word_1_538' title='bbox 2623 2432 2790 2484; x_wconf 82' lang='lat' dir='ltr'><strong>supra</strong></span> <span class='ocrx_word' id='word_1_539' title='bbox 2828 2417 2957 2471; x_wconf 93' lang='lat' dir='ltr'><strong>dum</strong></span> <span class='ocrx_word' id='word_1_540' title='bbox 3010 2426 3114 2480; x_wconf 88' lang='lat' dir='ltr'><strong>est,</strong></span> <span class='ocrx_word' id='word_1_541' title='bbox 3145 2416 3360 2471; x_wconf 87' lang='lat' dir='ltr'><strong>deridet</strong></span> <span class='ocrx_word' id='word_1_542' title='bbox 3400 2433 3628 2472; x_wconf 85' lang='lat' dir='ltr'><strong>omnes:</strong></span> 
     </span>
    </p>
   </div>
   <div class='ocr_carea' id='block_1_70' title="bbox 2037 2504 3632 2578">
    <p class='ocr_par' dir='ltr' id='par_1_70' title="bbox 2037 2504 3632 2578">
     <span class='ocr_line' id='line_1_70' title="bbox 2037 2504 3632 2578; baseline 0.002 -19"><span class='ocrx_word' id='word_1_543' title='bbox 2037 2504 2116 2560; x_wconf 85' lang='lat' dir='ltr'><strong>sic</strong></span> <span class='ocrx_word' id='word_1_544' title='bbox 2145 2522 2366 2575; x_wconf 88' lang='lat' dir='ltr'><strong>quoque</strong></span> <span class='ocrx_word' id='word_1_545' title='bbox 2392 2507 2596 2570; x_wconf 91' lang='lat' dir='ltr'><strong>anima,</strong></span> <span class='ocrx_word' id='word_1_546' title='bbox 2625 2509 2868 2577; x_wconf 90' lang='lat' dir='ltr'><strong>acceptis</strong></span> <span class='ocrx_word' id='word_1_547' title='bbox 2919 2508 3020 2562; x_wconf 89' lang='lat' dir='ltr'><strong>alis</strong></span> <span class='ocrx_word' id='word_1_548' title='bbox 3066 2507 3328 2578; x_wconf 89' lang='lat' dir='ltr'><strong>Spiritus,</strong></span> <span class='ocrx_word' id='word_1_549' title='bbox 3362 2508 3415 2562; x_wconf 92' lang='lat' dir='ltr'><strong>in</strong></span> <span class='ocrx_word' id='word_1_550' title='bbox 3458 2509 3632 2563; x_wconf 85' lang='lat' dir='ltr'><strong>subli-</strong></span> 
     </span>
    </p>
   </div>
   <div class='ocr_carea' id='block_1_71' title="bbox 2037 2597 3630 2672">
    <p class='ocr_par' dir='ltr' id='par_1_71' title="bbox 2037 2597 3630 2672">
     <span class='ocr_line' id='line_1_71' title="bbox 2037 2597 3630 2672; baseline 0.003 -20"><span class='ocrx_word' id='word_1_551' title='bbox 2037 2612 2154 2652; x_wconf 89' lang='lat' dir='ltr'><strong>mes</strong></span> <span class='ocrx_word' id='word_1_552' title='bbox 2183 2597 2344 2672; x_wconf 80' lang='lat'><strong>117</strong></span> <span class='ocrx_word' id='word_1_553' title='bbox 2377 2598 2503 2652; x_wconf 73' lang='lat' dir='ltr'><strong>cmli</strong></span> <span class='ocrx_word' id='word_1_554' title='bbox 2535 2599 2788 2669; x_wconf 89' lang='lat' dir='ltr'><strong>regiones</strong></span> <span class='ocrx_word' id='word_1_555' title='bbox 2823 2600 3069 2668; x_wconf 86' lang='lat' dir='ltr'><strong>evolans,</strong></span> <span class='ocrx_word' id='word_1_556' title='bbox 3097 2615 3221 2654; x_wconf 90' lang='lat' dir='ltr'><strong>cum</strong></span> <span class='ocrx_word' id='word_1_557' title='bbox 3265 2600 3338 2654; x_wconf 89' lang='lat' dir='ltr'><strong>sit</strong></span> <span class='ocrx_word' id='word_1_558' title='bbox 3370 2600 3630 2656; x_wconf 85' lang='lat' dir='ltr'><strong>omnibus</strong></span> 
     </span>
    </p>
   </div>
   <div class='ocr_carea' id='block_1_72' title="bbox 2034 2687 2954 2755">
    <p class='ocr_par' dir='ltr' id='par_1_72' title="bbox 2034 2687 2954 2755">
     <span class='ocr_line' id='line_1_72' title="bbox 2034 2687 2954 2755; baseline 0.007 -13"><span class='ocrx_word' id='word_1_559' title='bbox 2034 2687 2352 2755; x_wconf 82' lang='lat' dir='ltr'><strong>sublimior,</strong></span> <span class='ocrx_word' id='word_1_560' title='bbox 2390 2690 2574 2746; x_wconf 90' lang='lat' dir='ltr'><strong>omnia</strong></span> <span class='ocrx_word' id='word_1_561' title='bbox 2607 2690 2739 2746; x_wconf 86' lang='lat' dir='ltr'><strong>risui</strong></span> <span class='ocrx_word' id='word_1_562' title='bbox 2767 2691 2954 2748; x_wconf 84' lang='lat' dir='ltr'><strong>habet.</strong></span> 
     </span>
    </p>
   </div>
   <div class='ocr_carea' id='block_1_73' title="bbox 2021 2847 3628 2942">
    <p class='ocr_par' dir='ltr' id='par_1_73' title="bbox 2021 2847 3628 2942">
     <span class='ocr_line' id='line_1_73' title="bbox 2021 2847 3628 2942; baseline 0.004 -22"><span class='ocrx_word' id='word_1_563' title='bbox 2021 2937 2032 2942; x_wconf 82' lang='lat'><strong><em>_</em></strong></span> <span class='ocrx_word' id='word_1_564' title='bbox 2104 2847 2218 2920; x_wconf 70' lang='grc' dir='ltr'>νιιζ</span> <span class='ocrx_word' id='word_1_565' title='bbox 2247 2866 2318 2928; x_wconf 83' lang='grc' dir='ltr'><strong>Ει</strong></span> <span class='ocrx_word' id='word_1_566' title='bbox 2366 2867 2590 2938; x_wconf 88' lang='lat' dir='ltr'><strong>quidem</strong></span> <span class='ocrx_word' id='word_1_567' title='bbox 2639 2871 2881 2940; x_wconf 90' lang='lat' dir='ltr'><strong>populus</strong></span> <span class='ocrx_word' id='word_1_568' title='bbox 2931 2870 3101 2928; x_wconf 88' lang='lat' dir='ltr'><strong>Israel</strong></span> <span class='ocrx_word' id='word_1_569' title='bbox 3154 2872 3459 2926; x_wconf 89' lang='lat' dir='ltr'><strong>secundum</strong></span> <span class='ocrx_word' id='word_1_570' title='bbox 3505 2887 3628 2928; x_wconf 88' lang='lat' dir='ltr'><strong>car-</strong></span> 
     </span>
    </p>
   </div>
   <div class='ocr_carea' id='block_1_74' title="bbox 2018 2959 3622 3035">
    <p class='ocr_par' dir='ltr' id='par_1_74' title="bbox 2018 2959 3622 3035">
     <span class='ocr_line' id='line_1_74' title="bbox 2018 2959 3622 3035; baseline 0.007 -27"><span class='ocrx_word' id='word_1_571' title='bbox 2018 2971 2188 3035; x_wconf 82' lang='lat' dir='ltr'><strong>_nem,</strong></span> <span class='ocrx_word' id='word_1_572' title='bbox 2210 2973 2335 3016; x_wconf 90' lang='lat' dir='ltr'><strong>cum</strong></span> <span class='ocrx_word' id='word_1_573' title='bbox 2360 2967 2490 3013; x_wconf 90' lang='lat' dir='ltr'><strong>tunc</strong></span> <span class='ocrx_word' id='word_1_574' title='bbox 2510 2959 2784 3019; x_wconf 82' lang='lat' dir='ltr'><strong>divideret</strong></span> <span class='ocrx_word' id='word_1_575' title='bbox 2816 2960 2994 3019; x_wconf 87' lang='lat' dir='ltr'><strong>Moses</strong></span> <span class='ocrx_word' id='word_1_576' title='bbox 3020 2979 3193 3029; x_wconf 88' lang='lat' dir='ltr'><strong>mare,</strong></span> <span class='ocrx_word' id='word_1_577' title='bbox 3220 2964 3478 3019; x_wconf 88' lang='lat' dir='ltr'><strong>deorsum</strong></span> <span class='ocrx_word' id='word_1_578' title='bbox 3513 2975 3622 3020; x_wconf 81' lang='lat' dir='ltr'><strong>tra-</strong></span> 
     </span>
    </p>
   </div>
   <div class='ocr_carea' id='block_1_75' title="bbox 2023 3047 3626 3126">
    <p class='ocr_par' dir='ltr' id='par_1_75' title="bbox 2023 3047 3626 3126">
     <span class='ocr_line' id='line_1_75' title="bbox 2023 3047 3626 3126; baseline 0.007 -26"><span class='ocrx_word' id='word_1_579' title='bbox 2023 3047 2290 3126; x_wconf 75' lang='lat' dir='ltr'><strong>jecit:bi</strong></span> <span class='ocrx_word' id='word_1_580' title='bbox 2339 3067 2494 3115; x_wconf 83' lang='lat' dir='ltr'><strong>vero,</strong></span> <span class='ocrx_word' id='word_1_581' title='bbox 2521 3069 2645 3106; x_wconf 87' lang='lat' dir='ltr'><strong>cum</strong></span> <span class='ocrx_word' id='word_1_582' title='bbox 2695 3055 2808 3108; x_wconf 91' lang='lat' dir='ltr'><strong>sint</strong></span> <span class='ocrx_word' id='word_1_583' title='bbox 2857 3055 2953 3110; x_wconf 82' lang='lat' dir='ltr'><strong>ﬁlii</strong></span> <span class='ocrx_word' id='word_1_584' title='bbox 3004 3055 3125 3120; x_wconf 89' lang='lat' dir='ltr'><strong>Dei,</strong></span> <span class='ocrx_word' id='word_1_585' title='bbox 3169 3072 3390 3110; x_wconf 88' lang='lat' dir='ltr'><strong>sursum</strong></span> <span class='ocrx_word' id='word_1_586' title='bbox 3438 3057 3626 3112; x_wconf 88' lang='lat' dir='ltr'><strong>deam-</strong></span> 
     </span>
    </p>
   </div>
   <div class='ocr_carea' id='block_1_76' title="bbox 1979 3139 3626 3218">
    <p class='ocr_par' dir='ltr' id='par_1_76' title="bbox 1979 3139 3626 3218">
     <span class='ocr_line' id='line_1_76' title="bbox 1979 3139 3626 3218; baseline 0.007 -27"><span class='ocrx_word' id='word_1_587' title='bbox 1979 3197 1993 3214; x_wconf 44' lang='grc'><strong>⁵</strong></span> <span class='ocrx_word' id='word_1_588' title='bbox 2033 3139 2226 3196; x_wconf 87' lang='lat' dir='ltr'><strong>bulant</strong></span> <span class='ocrx_word' id='word_1_589' title='bbox 2255 3158 2422 3212; x_wconf 89' lang='lat' dir='ltr'><strong>super</strong></span> <span class='ocrx_word' id='word_1_590' title='bbox 2454 3159 2601 3200; x_wconf 87' lang='lat' dir='ltr'><strong>mare</strong></span> <span class='ocrx_word' id='word_1_591' title='bbox 2636 3145 3057 3202; x_wconf 83' lang='lat' dir='ltr'><strong>acerbissimum</strong></span> <span class='ocrx_word' id='word_1_592' title='bbox 3092 3163 3485 3216; x_wconf 76' lang='lat' dir='ltr'><strong>perversurum</strong></span> <span class='ocrx_word' id='word_1_593' title='bbox 3524 3164 3626 3218; x_wconf 89' lang='lat' dir='ltr'><strong>po-</strong></span> 
     </span>
    </p>
   </div>
   <div class='ocr_carea' id='block_1_77' title="bbox 1981 3231 3626 3304">
    <p class='ocr_par' dir='ltr' id='par_1_77' title="bbox 1981 3231 3626 3304">
     <span class='ocr_line' id='line_1_77' title="bbox 1981 3231 3626 3304; baseline 0.007 -21"><span class='ocrx_word' id='word_1_594' title='bbox 1981 3231 1994 3248; x_wconf 87' lang='lat'>‘</span> <span class='ocrx_word' id='word_1_595' title='bbox 2033 3240 2314 3287; x_wconf 83' lang='lat' dir='ltr'><strong>testatum.</strong></span> <span class='ocrx_word' id='word_1_596' title='bbox 2343 3234 2556 3304; x_wconf 91' lang='lat' dir='ltr'><strong>Corpus</strong></span> <span class='ocrx_word' id='word_1_597' title='bbox 2580 3238 2728 3291; x_wconf 90' lang='lat' dir='ltr'><strong>enim</strong></span> <span class='ocrx_word' id='word_1_598' title='bbox 2778 3247 2837 3292; x_wconf 90' lang='lat' dir='ltr'><strong>et</strong></span> <span class='ocrx_word' id='word_1_599' title='bbox 2905 3239 3088 3293; x_wconf 89' lang='lat' dir='ltr'><strong>anima</strong></span> <span class='ocrx_word' id='word_1_600' title='bbox 3165 3240 3385 3294; x_wconf 92' lang='lat' dir='ltr'><strong>illorum</strong></span> <span class='ocrx_word' id='word_1_601' title='bbox 3431 3241 3626 3295; x_wconf 88' lang='lat' dir='ltr'><strong>domus</strong></span> 
     </span>
    </p>
   </div>
   <div class='ocr_carea' id='block_1_78' title="bbox 2026 3319 3628 3400">
    <p class='ocr_par' dir='ltr' id='par_1_78' title="bbox 2026 3319 3628 3400">
     <span class='ocr_line' id='line_1_78' title="bbox 2026 3319 3628 3400; baseline 0.007 -23"><span class='ocrx_word' id='word_1_602' title='bbox 2026 3319 2128 3378; x_wconf 88' lang='lat' dir='ltr'><strong>Dei</strong></span> <span class='ocrx_word' id='word_1_603' title='bbox 2151 3325 2293 3380; x_wconf 82' lang='lat' dir='ltr'><strong>facta</strong></span> <span class='ocrx_word' id='word_1_604' title='bbox 2311 3337 2462 3381; x_wconf 90' lang='lat' dir='ltr'><strong>sunt.</strong></span> <span class='ocrx_word' id='word_1_605' title='bbox 2483 3319 2580 3382; x_wconf 88' lang='lat' dir='ltr'><strong>Die</strong></span> <span class='ocrx_word' id='word_1_606' title='bbox 2597 3329 2708 3394; x_wconf 87' lang='lat' dir='ltr'><strong>illa,</strong></span> <span class='ocrx_word' id='word_1_607' title='bbox 2726 3347 2830 3399; x_wconf 90' lang='lat' dir='ltr'><strong>qua</strong></span> <span class='ocrx_word' id='word_1_608' title='bbox 2854 3331 3041 3400; x_wconf 82' lang='lat' dir='ltr'><strong>lapsus</strong></span> <span class='ocrx_word' id='word_1_609' title='bbox 3069 3341 3152 3387; x_wconf 89' lang='lat' dir='ltr'><strong>est</strong></span> <span class='ocrx_word' id='word_1_610' title='bbox 3179 3333 3374 3397; x_wconf 83' lang='lat' dir='ltr'><strong>Adam,</strong></span> <span class='ocrx_word' id='word_1_611' title='bbox 3392 3334 3628 3388; x_wconf 89' lang='lat' dir='ltr'><strong>accessit</strong></span> 
     </span>
    </p>
   </div>
   <div class='ocr_carea' id='block_1_79' title="bbox 2031 3412 3624 3487">
    <p class='ocr_par' dir='ltr' id='par_1_79' title="bbox 2031 3412 3624 3487">
     <span class='ocr_line' id='line_1_79' title="bbox 2031 3412 3624 3487; baseline 0.006 -21"><span class='ocrx_word' id='word_1_612' title='bbox 2031 3412 2201 3480; x_wconf 90' lang='lat' dir='ltr'><strong>Deus,</strong></span> <span class='ocrx_word' id='word_1_613' title='bbox 2235 3415 2526 3470; x_wconf 85' lang='lat' dir='ltr'><strong>ambulans</strong></span> <span class='ocrx_word' id='word_1_614' title='bbox 2549 3417 2603 3470; x_wconf 93' lang='lat' dir='ltr'><strong>in</strong></span> <span class='ocrx_word' id='word_1_615' title='bbox 2641 3419 2916 3487; x_wconf 88' lang='lat' dir='ltr'><strong>paradiso,</strong></span> <span class='ocrx_word' id='word_1_616' title='bbox 2955 3419 3288 3474; x_wconf 80' lang='lat' dir='ltr'><strong>lamentatus</strong></span> <span class='ocrx_word' id='word_1_617' title='bbox 3314 3431 3419 3485; x_wconf 90' lang='lat' dir='ltr'><strong>est,</strong></span> <span class='ocrx_word' id='word_1_618' title='bbox 3457 3429 3517 3474; x_wconf 89' lang='lat' dir='ltr'><strong>ut</strong></span> <span class='ocrx_word' id='word_1_619' title='bbox 3550 3421 3624 3476; x_wconf 87' lang='lat' dir='ltr'><strong>ita</strong></span> 
     </span>
    </p>
   </div>
   <div class='ocr_carea' id='block_1_80' title="bbox 2032 3504 3625 3578">
    <p class='ocr_par' dir='ltr' id='par_1_80' title="bbox 2032 3504 3625 3578">
     <span class='ocr_line' id='line_1_80' title="bbox 2032 3504 3625 3578; baseline 0.006 -20"><span class='ocrx_word' id='word_1_620' title='bbox 2032 3504 2235 3572; x_wconf 86' lang='lat' dir='ltr'><strong>dicam,</strong></span> <span class='ocrx_word' id='word_1_621' title='bbox 2280 3509 2768 3578; x_wconf 24' lang='lat' dir='ltr'><strong>conspecto-lida,</strong></span> <span class='ocrx_word' id='word_1_622' title='bbox 2818 3527 2882 3566; x_wconf 91' lang='lat' dir='ltr'><strong>ac</strong></span> <span class='ocrx_word' id='word_1_623' title='bbox 2941 3511 3078 3566; x_wconf 77' lang='lat' dir='ltr'><strong>dixit</strong></span> <span class='ocrx_word' id='word_1_624' title='bbox 3115 3529 3126 3563; x_wconf 90' lang='lat'><strong>:</strong></span> <span class='ocrx_word' id='word_1_625' title='bbox 3172 3511 3371 3576; x_wconf 81' lang='lat' dir='ltr'><strong>Quibus</strong></span> <span class='ocrx_word' id='word_1_626' title='bbox 3402 3529 3428 3565; x_wconf 88' lang='lat' dir='ltr'><strong>e</strong></span> <span class='ocrx_word' id='word_1_627' title='bbox 3479 3513 3625 3569; x_wconf 86' lang='lat' dir='ltr'><strong>bouis</strong></span> 
     </span>
    </p>
   </div>
   <div class='ocr_carea' id='block_1_81' title="bbox 2027 3596 3623 3672">
    <p class='ocr_par' dir='ltr' id='par_1_81' title="bbox 2027 3596 3623 3672">
     <span class='ocr_line' id='line_1_81' title="bbox 2027 3596 3623 3672; baseline 0.008 -24"><span class='ocrx_word' id='word_1_628' title='bbox 2027 3596 2212 3666; x_wconf 81' lang='lat' dir='ltr'><strong>qualia</strong></span> <span class='ocrx_word' id='word_1_629' title='bbox 2253 3600 2494 3654; x_wconf 74' lang='lat' dir='ltr'><strong>ca‘citasti</strong></span> <span class='ocrx_word' id='word_1_630' title='bbox 2531 3601 2723 3654; x_wconf 84' lang='lat' dir='ltr'><strong>mala?</strong></span> <span class='ocrx_word' id='word_1_631' title='bbox 2752 3601 2800 3654; x_wconf 87' lang='lat' dir='ltr'><em>E</em></span> <span class='ocrx_word' id='word_1_632' title='bbox 2833 3620 2936 3672; x_wconf 76' lang='lat' dir='ltr'><strong>qua</strong></span> <span class='ocrx_word' id='word_1_633' title='bbox 2977 3605 3149 3672; x_wconf 79' lang='lat' dir='ltr'><strong>gloria</strong></span> <span class='ocrx_word' id='word_1_634' title='bbox 3195 3603 3354 3672; x_wconf 85' lang='lat' dir='ltr'><strong>quale</strong></span> <span class='ocrx_word' id='word_1_635' title='bbox 3399 3605 3623 3660; x_wconf 79' lang='lat' dir='ltr'><strong>dedecus</strong></span> 
     </span>
    </p>
   </div>
   <div class='ocr_carea' id='block_1_82' title="bbox 2026 3690 3623 3763">
    <p class='ocr_par' dir='ltr' id='par_1_82' title="bbox 2026 3690 3623 3763">
     <span class='ocr_line' id='line_1_82' title="bbox 2026 3690 3623 3763; baseline 0.004 -22"><span class='ocrx_word' id='word_1_636' title='bbox 2026 3690 2166 3760; x_wconf 83' lang='lat' dir='ltr'><strong>geris</strong></span> <span class='ocrx_word' id='word_1_637' title='bbox 2194 3690 2217 3741; x_wconf 76' lang='grc' dir='ltr'><strong>ἶ)</strong></span> <span class='ocrx_word' id='word_1_638' title='bbox 2250 3691 2356 3742; x_wconf 84' lang='lat' dir='ltr'><strong>Cur</strong></span> <span class='ocrx_word' id='word_1_639' title='bbox 2400 3693 2707 3746; x_wconf 77' lang='lat' dir='ltr'><strong>tenebrosus</strong></span> <span class='ocrx_word' id='word_1_640' title='bbox 2735 3709 2787 3746; x_wconf 85' lang='lat' dir='ltr'><strong>es</strong></span> <span class='ocrx_word' id='word_1_641' title='bbox 2827 3695 2981 3747; x_wconf 87' lang='lat' dir='ltr'><strong>modo</strong></span> <span class='ocrx_word' id='word_1_642' title='bbox 3003 3695 3028 3747; x_wconf 88' lang='lat'><strong><em>?</em></strong></span> <span class='ocrx_word' id='word_1_643' title='bbox 3065 3711 3161 3747; x_wconf 83' lang='lat' dir='ltr'><strong>cur</strong></span> <span class='ocrx_word' id='word_1_644' title='bbox 3190 3695 3439 3763; x_wconf 77' lang='lat' dir='ltr'><strong>deformis</strong></span> <span class='ocrx_word' id='word_1_645' title='bbox 3464 3698 3489 3750; x_wconf 88' lang='lat'><strong><em>?</em></strong></span> <span class='ocrx_word' id='word_1_646' title='bbox 3527 3713 3623 3748; x_wconf 79' lang='lat' dir='ltr'><strong>cur</strong></span> 
     </span>
    </p>
   </div>
   <div class='ocr_carea' id='block_1_83' title="bbox 2025 3782 3619 3854">
    <p class='ocr_par' dir='ltr' id='par_1_83' title="bbox 2025 3782 3619 3854">
     <span class='ocr_line' id='line_1_83' title="bbox 2025 3782 3619 3854; baseline 0.006 -21"><span class='ocrx_word' id='word_1_647' title='bbox 2025 3782 2271 3851; x_wconf 83' lang='lat' dir='ltr'><strong>putridus</strong></span> <span class='ocrx_word' id='word_1_648' title='bbox 2292 3784 2481 3854; x_wconf 82' lang='lat' dir='ltr'><strong>?quali</strong></span> <span class='ocrx_word' id='word_1_649' title='bbox 2513 3801 2574 3837; x_wconf 68' lang='lat' dir='ltr'><strong>ex.</strong></span> <span class='ocrx_word' id='word_1_650' title='bbox 2607 3784 2804 3839; x_wconf 81' lang='lat' dir='ltr'><strong>lumine</strong></span> <span class='ocrx_word' id='word_1_651' title='bbox 2836 3787 2968 3842; x_wconf 82' lang='lat' dir='ltr'><strong>tales</strong></span> <span class='ocrx_word' id='word_1_652' title='bbox 2999 3789 3222 3842; x_wconf 77' lang='lat' dir='ltr'><strong>tenebra:</strong></span> <span class='ocrx_word' id='word_1_653' title='bbox 3251 3788 3619 3843; x_wconf 73' lang='lat' dir='ltr'><strong>obvelaverunt</strong></span> 
     </span>
    </p>
   </div>
   <div class='ocr_carea' id='block_1_84' title="bbox 2026 3876 3617 3947">
    <p class='ocr_par' dir='ltr' id='par_1_84' title="bbox 2026 3876 3617 3947">
     <span class='ocr_line' id='line_1_84' title="bbox 2026 3876 3617 3947; baseline 0.006 -19"><span class='ocrx_word' id='word_1_654' title='bbox 2026 3876 2125 3928; x_wconf 85' lang='lat' dir='ltr'><strong>te?</strong></span> <span class='ocrx_word' id='word_1_655' title='bbox 2159 3876 2226 3929; x_wconf 88' lang='lat' dir='ltr'><strong>Et</strong></span> <span class='ocrx_word' id='word_1_656' title='bbox 2254 3876 2501 3947; x_wconf 89' lang='lat' dir='ltr'><strong>quidem,</strong></span> <span class='ocrx_word' id='word_1_657' title='bbox 2537 3894 2662 3934; x_wconf 89' lang='lat' dir='ltr'><strong>cum</strong></span> <span class='ocrx_word' id='word_1_658' title='bbox 2714 3879 3008 3935; x_wconf 86' lang='lat' dir='ltr'><strong>cecidisset</strong></span> <span class='ocrx_word' id='word_1_659' title='bbox 3061 3881 3257 3947; x_wconf 74' lang='lat' dir='ltr'><strong>Adam,</strong></span> <span class='ocrx_word' id='word_1_660' title='bbox 3306 3891 3363 3936; x_wconf 91' lang='lat' dir='ltr'><strong>et</strong></span> <span class='ocrx_word' id='word_1_661' title='bbox 3407 3897 3439 3935; x_wconf 89' lang='lat' dir='ltr'><strong>a</strong></span> <span class='ocrx_word' id='word_1_662' title='bbox 3476 3882 3617 3938; x_wconf 83' lang='lat' dir='ltr'><strong>facie</strong></span> 
     </span>
    </p>
   </div>
   <div class='ocr_carea' id='block_1_85' title="bbox 2022 3965 3617 4040">
    <p class='ocr_par' dir='ltr' id='par_1_85' title="bbox 2022 3965 3617 4040">
     <span class='ocr_line' id='line_1_85' title="bbox 2022 3965 3617 4040; baseline 0.003 -20"><span class='ocrx_word' id='word_1_663' title='bbox 2022 3965 2119 4021; x_wconf 87' lang='lat' dir='ltr'><strong>Dei</strong></span> <span class='ocrx_word' id='word_1_664' title='bbox 2144 3977 2402 4024; x_wconf 90' lang='lat' dir='ltr'><strong>mortuus</strong></span> <span class='ocrx_word' id='word_1_665' title='bbox 2427 3976 2598 4033; x_wconf 84' lang='lat' dir='ltr'><strong>esset,</strong></span> <span class='ocrx_word' id='word_1_666' title='bbox 2641 3969 2780 4024; x_wconf 78' lang='lat' dir='ltr'><strong>luxit</strong></span> <span class='ocrx_word' id='word_1_667' title='bbox 2829 3986 2954 4024; x_wconf 89' lang='lat' dir='ltr'><strong>eum</strong></span> <span class='ocrx_word' id='word_1_668' title='bbox 2989 3969 3240 4036; x_wconf 88' lang='lat' dir='ltr'><strong>Creator,</strong></span> <span class='ocrx_word' id='word_1_669' title='bbox 3273 3971 3475 4040; x_wconf 88' lang='lat' dir='ltr'><strong>angeli,</strong></span> <span class='ocrx_word' id='word_1_670' title='bbox 3499 3971 3617 4024; x_wconf 85' lang='lat' dir='ltr'><strong>vir-</strong></span> 
     </span>
    </p>
   </div>
   <div class='ocr_carea' id='block_1_86' title="bbox 2027 4059 3617 4125">
    <p class='ocr_par' dir='ltr' id='par_1_86' title="bbox 2027 4059 3617 4125">
     <span class='ocr_line' id='line_1_86' title="bbox 2027 4059 3617 4125; baseline 0.005 -15"><span class='ocrx_word' id='word_1_671' title='bbox 2027 4064 2171 4111; x_wconf 83' lang='lat' dir='ltr'><strong>tutes</strong></span> <span class='ocrx_word' id='word_1_672' title='bbox 2202 4073 2418 4124; x_wconf 90' lang='lat' dir='ltr'><strong>omnes,</strong></span> <span class='ocrx_word' id='word_1_673' title='bbox 2449 4059 2596 4123; x_wconf 74' lang='lat' dir='ltr'><strong>cwli,</strong></span> <span class='ocrx_word' id='word_1_674' title='bbox 2629 4068 2797 4125; x_wconf 89' lang='lat' dir='ltr'><strong>terra,</strong></span> <span class='ocrx_word' id='word_1_675' title='bbox 2838 4069 2894 4114; x_wconf 89' lang='lat' dir='ltr'><strong>et</strong></span> <span class='ocrx_word' id='word_1_676' title='bbox 2942 4076 3135 4116; x_wconf 91' lang='lat' dir='ltr'><strong>omnes</strong></span> <span class='ocrx_word' id='word_1_677' title='bbox 3175 4063 3617 4118; x_wconf 78' lang='lat' dir='ltr'><strong>creaturzeluxe-</strong></span> 
     </span>
    </p>
   </div>
   <div class='ocr_carea' id='block_1_87' title="bbox 2023 4153 3617 4225">
    <p class='ocr_par' dir='ltr' id='par_1_87' title="bbox 2023 4153 3617 4225">
     <span class='ocr_line' id='line_1_87' title="bbox 2023 4153 3617 4225; baseline 0.008 -25"><span class='ocrx_word' id='word_1_678' title='bbox 2023 4156 2152 4202; x_wconf 90' lang='lat' dir='ltr'><strong>runt</strong></span> <span class='ocrx_word' id='word_1_679' title='bbox 2193 4157 2424 4204; x_wconf 88' lang='lat' dir='ltr'><strong>mortem</strong></span> <span class='ocrx_word' id='word_1_680' title='bbox 2462 4159 2518 4204; x_wconf 85' lang='lat' dir='ltr'><strong>et</strong></span> <span class='ocrx_word' id='word_1_681' title='bbox 2549 4167 2735 4207; x_wconf 90' lang='lat' dir='ltr'><strong>casum</strong></span> <span class='ocrx_word' id='word_1_682' title='bbox 2766 4153 2886 4221; x_wconf 88' lang='lat' dir='ltr'><strong>ejus</strong></span> <span class='ocrx_word' id='word_1_683' title='bbox 2915 4169 2928 4206; x_wconf 74' lang='grc' dir='ltr'>ε</span> <span class='ocrx_word' id='word_1_684' title='bbox 2969 4169 3096 4206; x_wconf 90' lang='lat' dir='ltr'><strong>eum</strong></span> <span class='ocrx_word' id='word_1_685' title='bbox 3137 4154 3310 4219; x_wconf 89' lang='lat' dir='ltr'><strong>enim,</strong></span> <span class='ocrx_word' id='word_1_686' title='bbox 3333 4156 3426 4225; x_wconf 91' lang='lat' dir='ltr'><strong>qui</strong></span> <span class='ocrx_word' id='word_1_687' title='bbox 3453 4156 3617 4212; x_wconf 88' lang='lat' dir='ltr'><strong>datus</strong></span> 
     </span>
    </p>
   </div>
   <div class='ocr_carea' id='block_1_88' title="bbox 2021 4241 3611 4307">
    <p class='ocr_par' dir='ltr' id='par_1_88' title="bbox 2021 4241 3611 4307">
     <span class='ocr_line' id='line_1_88' title="bbox 2021 4241 3611 4307; baseline 0.003 -12"><span class='ocrx_word' id='word_1_688' title='bbox 2021 4249 2141 4297; x_wconf 88' lang='lat' dir='ltr'><strong>erat</strong></span> <span class='ocrx_word' id='word_1_689' title='bbox 2175 4241 2284 4296; x_wconf 91' lang='lat' dir='ltr'><strong>illis</strong></span> <span class='ocrx_word' id='word_1_690' title='bbox 2318 4258 2434 4307; x_wconf 77' lang='lat' dir='ltr'><strong>rex,</strong></span> <span class='ocrx_word' id='word_1_691' title='bbox 2467 4259 2689 4299; x_wconf 80' lang='lat' dir='ltr'><strong>servum</strong></span> <span class='ocrx_word' id='word_1_692' title='bbox 2728 4244 2990 4300; x_wconf 84' lang='lat' dir='ltr'><strong>videbant</strong></span> <span class='ocrx_word' id='word_1_693' title='bbox 3031 4245 3232 4300; x_wconf 77' lang='lat' dir='ltr'><strong>factum</strong></span> <span class='ocrx_word' id='word_1_694' title='bbox 3264 4263 3385 4302; x_wconf 88' lang='lat' dir='ltr'><strong>esse</strong></span> <span class='ocrx_word' id='word_1_695' title='bbox 3410 4247 3611 4302; x_wconf 82' lang='lat' dir='ltr'><strong>adver-</strong></span> 
     </span>
    </p>
   </div>
   <div class='ocr_carea' id='block_1_89' title="bbox 2023 4333 3614 4408">
    <p class='ocr_par' dir='ltr' id='par_1_89' title="bbox 2023 4333 3614 4408">
     <span class='ocr_line' id='line_1_89' title="bbox 2023 4333 3614 4408; baseline 0.006 -22"><span class='ocrx_word' id='word_1_696' title='bbox 2023 4333 2180 4390; x_wconf 72' lang='lat' dir='ltr'><strong>saria:</strong></span> <span class='ocrx_word' id='word_1_697' title='bbox 2215 4341 2272 4386; x_wconf 91' lang='lat' dir='ltr'><strong>et</strong></span> <span class='ocrx_word' id='word_1_698' title='bbox 2324 4349 2505 4403; x_wconf 72' lang='lat' dir='ltr'><strong>prava:</strong></span> <span class='ocrx_word' id='word_1_699' title='bbox 2527 4335 2846 4403; x_wconf 84' lang='lat' dir='ltr'><strong>potestatis.</strong></span> <span class='ocrx_word' id='word_1_700' title='bbox 2905 4336 3175 4391; x_wconf 89' lang='lat' dir='ltr'><strong>Tenebris</strong></span> <span class='ocrx_word' id='word_1_701' title='bbox 3232 4338 3400 4408; x_wconf 86' lang='lat' dir='ltr'><strong>igitur</strong></span> <span class='ocrx_word' id='word_1_702' title='bbox 3432 4339 3614 4395; x_wconf 86' lang='lat' dir='ltr'><strong>induit</strong></span> 
     </span>
    </p>
   </div>
   <div class='ocr_carea' id='block_1_90' title="bbox 2020 4425 3610 4501">
    <p class='ocr_par' dir='ltr' id='par_1_90' title="bbox 2020 4425 3610 4501">
     <span class='ocr_line' id='line_1_90' title="bbox 2020 4425 3610 4501; baseline 0.004 -23"><span class='ocrx_word' id='word_1_703' title='bbox 2020 4439 2176 4479; x_wconf 88' lang='lat' dir='ltr'><strong>suam</strong></span> <span class='ocrx_word' id='word_1_704' title='bbox 2206 4425 2468 4491; x_wconf 89' lang='lat' dir='ltr'><strong>animam,</strong></span> <span class='ocrx_word' id='word_1_705' title='bbox 2504 4435 2560 4481; x_wconf 88' lang='lat' dir='ltr'><strong>ct</strong></span> <span class='ocrx_word' id='word_1_706' title='bbox 2610 4427 2834 4496; x_wconf 84' lang='lat' dir='ltr'><strong>quidem</strong></span> <span class='ocrx_word' id='word_1_707' title='bbox 2867 4428 3113 4486; x_wconf 89' lang='lat' dir='ltr'><strong>tenebris</strong></span> <span class='ocrx_word' id='word_1_708' title='bbox 3143 4431 3359 4486; x_wconf 88' lang='lat' dir='ltr'><strong>acerbis</strong></span> <span class='ocrx_word' id='word_1_709' title='bbox 3389 4447 3452 4486; x_wconf 88' lang='lat' dir='ltr'><strong>ac</strong></span> <span class='ocrx_word' id='word_1_710' title='bbox 3483 4448 3610 4501; x_wconf 89' lang='lat' dir='ltr'><strong>pra-</strong></span> 
     </span>
    </p>
   </div>
   <div class='ocr_carea' id='block_1_91' title="bbox 321 4516 1927 4605">
    <p class='ocr_par' dir='ltr' id='par_1_91' title="bbox 321 4525 1912 4600">
     <span class='ocr_line' id='line_1_91' title="bbox 321 4525 1912 4600; baseline 0.002 -24"><span class='ocrx_word' id='word_1_711' title='bbox 321 4525 544 4596; x_wconf 80' lang='grc' dir='ltr'>πικρὸν,</span> <span class='ocrx_word' id='word_1_712' title='bbox 576 4528 667 4580; x_wconf 74' lang='grc' dir='ltr'>καὶ</span> <span class='ocrx_word' id='word_1_713' title='bbox 688 4529 944 4599; x_wconf 87' lang='grc' dir='ltr'>πονηρόν·</span> <span class='ocrx_word' id='word_1_714' title='bbox 973 4528 1296 4600; x_wconf 79' lang='grc' dir='ltr'>ἐδασιλεύθη</span> <span class='ocrx_word' id='word_1_715' title='bbox 1325 4528 1433 4596; x_wconf 81' lang='grc' dir='ltr'><strong>γὰρ</strong></span> <span class='ocrx_word' id='word_1_716' title='bbox 1469 4529 1571 4580; x_wconf 80' lang='grc' dir='ltr'><strong>ὑπὸ</strong></span> <span class='ocrx_word' id='word_1_717' title='bbox 1593 4529 1686 4586; x_wconf 82' lang='grc' dir='ltr'><strong>τοῦ</strong></span> <span class='ocrx_word' id='word_1_718' title='bbox 1715 4529 1912 4598; x_wconf 78' lang='grc' dir='ltr'>ἄρχον-</span> 
     </span>
    </p>
   </div>
   <div class='ocr_carea' id='block_1_92' title="bbox 2029 4516 3610 4605">
    <p class='ocr_par' dir='ltr' id='par_1_92' title="bbox 2029 4516 3610 4594">
     <span class='ocr_line' id='line_1_92' title="bbox 2029 4516 3610 4594; baseline 0.005 -24"><span class='ocrx_word' id='word_1_719' title='bbox 2029 4517 2102 4570; x_wconf 78' lang='lat' dir='ltr'><strong>vis</strong></span> <span class='ocrx_word' id='word_1_720' title='bbox 2141 4535 2153 4570; x_wconf 89' lang='lat'><strong>:</strong></span> <span class='ocrx_word' id='word_1_721' title='bbox 2186 4516 2465 4586; x_wconf 88' lang='lat' dir='ltr'><strong>siquidem</strong></span> <span class='ocrx_word' id='word_1_722' title='bbox 2496 4519 2753 4574; x_wconf 88' lang='lat' dir='ltr'><strong>redactus</strong></span> <span class='ocrx_word' id='word_1_723' title='bbox 2784 4529 2867 4574; x_wconf 91' lang='lat' dir='ltr'><strong>est</strong></span> <span class='ocrx_word' id='word_1_724' title='bbox 2896 4522 2998 4575; x_wconf 91' lang='lat' dir='ltr'><strong>sub</strong></span> <span class='ocrx_word' id='word_1_725' title='bbox 3023 4521 3314 4591; x_wconf 86' lang='lat' dir='ltr'><strong>imperium</strong></span> <span class='ocrx_word' id='word_1_726' title='bbox 3341 4525 3610 4594; x_wconf 84' lang='lat' dir='ltr'><strong>principis</strong></span> 
     </span>
    </p>
   </div>
   <div class='ocr_carea' id='block_1_93' title="bbox 319 4614 1914 4691">
    <p class='ocr_par' dir='ltr' id='par_1_93' title="bbox 319 4614 1914 4691">
     <span class='ocr_line' id='line_1_93' title="bbox 319 4614 1914 4691; baseline 0.001 -22"><span class='ocrx_word' id='word_1_727' title='bbox 319 4633 415 4681; x_wconf 89' lang='grc' dir='ltr'><strong>τος</strong></span> <span class='ocrx_word' id='word_1_728' title='bbox 443 4618 537 4671; x_wconf 89' lang='grc' dir='ltr'><strong>τοῦ</strong></span> <span class='ocrx_word' id='word_1_729' title='bbox 573 4619 820 4682; x_wconf 87' lang='grc' dir='ltr'>σκότους.</span> <span class='ocrx_word' id='word_1_730' title='bbox 853 4614 1021 4682; x_wconf 74' lang='grc' dir='ltr'>Οὗτος</span> <span class='ocrx_word' id='word_1_731' title='bbox 1062 4616 1128 4691; x_wconf 84' lang='grc' dir='ltr'>ἦν</span> <span class='ocrx_word' id='word_1_732' title='bbox 1153 4621 1182 4672; x_wconf 91' lang='lat'><strong>6</strong></span> <span class='ocrx_word' id='word_1_733' title='bbox 1221 4620 1644 4690; x_wconf 76' lang='grc' dir='ltr'>τραυματισθεὶς</span> <span class='ocrx_word' id='word_1_734' title='bbox 1678 4618 1782 4670; x_wconf 82' lang='grc' dir='ltr'><strong>ὑπὸ</strong></span> <span class='ocrx_word' id='word_1_735' title='bbox 1807 4617 1914 4670; x_wconf 83' lang='grc' dir='ltr'><strong>τῶν</strong></span> 
     </span>
    </p>
   </div>
   <div class='ocr_carea' id='block_1_94' title="bbox 320 4713 1914 4786">
    <p class='ocr_par' dir='ltr' id='par_1_94' title="bbox 320 4713 1914 4786">
     <span class='ocr_line' id='line_1_94' title="bbox 320 4713 1914 4786; baseline 0.001 -22"><span class='ocrx_word' id='word_1_736' title='bbox 320 4713 558 4785; x_wconf 80' lang='grc' dir='ltr'>λῃστῶν,</span> <span class='ocrx_word' id='word_1_737' title='bbox 616 4715 709 4768; x_wconf 53' lang='grc' dir='ltr'><strong>καὶ⁸</strong></span> <span class='ocrx_word' id='word_1_738' title='bbox 759 4715 1030 4786; x_wconf 78' lang='grc' dir='ltr'>ἡμιθανὴς</span> <span class='ocrx_word' id='word_1_739' title='bbox 1060 4713 1326 4784; x_wconf 83' lang='grc' dir='ltr'>γεγονὼς,</span> <span class='ocrx_word' id='word_1_740' title='bbox 1362 4713 1769 4785; x_wconf 84' lang='grc' dir='ltr'>κατερχόμενος</span> <span class='ocrx_word' id='word_1_741' title='bbox 1806 4713 1914 4766; x_wconf 81' lang='grc' dir='ltr'><strong>ἀπὸ</strong></span> 
     </span>
    </p>
   </div>
   <div class='ocr_carea' id='block_1_95' title="bbox 340 4804 1085 4878">
    <p class='ocr_par' dir='ltr' id='par_1_95' title="bbox 340 4804 1085 4878">
     <span class='ocr_line' id='line_1_95' title="bbox 340 4804 1085 4878; baseline 0 -18"><span class='ocrx_word' id='word_1_742' title='bbox 340 4804 696 4878; x_wconf 81' lang='grc' dir='ltr'>Ἰερουσαλὴμ</span> <span class='ocrx_word' id='word_1_743' title='bbox 725 4809 804 4876; x_wconf 78' lang='grc' dir='ltr'>εἰς</span> <span class='ocrx_word' id='word_1_744' title='bbox 851 4807 1085 4878; x_wconf 82' lang='grc' dir='ltr'>’1εριχώ.</span> 
     </span>
    </p>
   </div>
   <div class='ocr_carea' id='block_1_96' title="bbox 397 4895 1912 4969">
    <p class='ocr_par' dir='ltr' id='par_1_96' title="bbox 397 4895 1912 4969">
     <span class='ocr_line' id='line_1_96' title="bbox 397 4895 1912 4969; baseline 0.01 -20"><span class='ocrx_word' id='word_1_745' title='bbox 397 4897 480 4950; x_wconf 88' lang='lat' dir='ltr'><strong>H&#39;.</strong></span> <span class='ocrx_word' id='word_1_746' title='bbox 515 4897 626 4950; x_wconf 75' lang='grc' dir='ltr'><strong>Καὶ</strong></span> <span class='ocrx_word' id='word_1_747' title='bbox 655 4896 764 4968; x_wconf 80' lang='grc' dir='ltr'><strong>γὰρ</strong></span> <span class='ocrx_word' id='word_1_748' title='bbox 797 4897 892 4952; x_wconf 74' lang='grc' dir='ltr'>καὶ</span> <span class='ocrx_word' id='word_1_749' title='bbox 933 4898 1205 4968; x_wconf 75' lang='grc' dir='ltr'>Λάζαρος,</span> <span class='ocrx_word' id='word_1_750' title='bbox 1254 4897 1313 4952; x_wconf 81' lang='grc' dir='ltr'>ὃν</span> <span class='ocrx_word' id='word_1_751' title='bbox 1354 4899 1381 4950; x_wconf 90' lang='lat'><strong>6</strong></span> <span class='ocrx_word' id='word_1_752' title='bbox 1427 4896 1634 4969; x_wconf 80' lang='grc' dir='ltr'>Κύριος</span> <span class='ocrx_word' id='word_1_753' title='bbox 1681 4895 1912 4968; x_wconf 59' lang='grc' dir='ltr'>ἀνέστηέ</span> 
     </span>
    </p>
   </div>
   <div class='ocr_carea' id='block_1_97' title="bbox 320 4989 1910 5061">
    <p class='ocr_par' dir='ltr' id='par_1_97' title="bbox 320 4989 1910 5061">
     <span class='ocr_line' id='line_1_97' title="bbox 320 4989 1910 5061; baseline -0.003 -16"><span class='ocrx_word' id='word_1_754' title='bbox 320 5007 438 5057; x_wconf 81' lang='grc' dir='ltr'>σευ,</span> <span class='ocrx_word' id='word_1_755' title='bbox 476 4993 504 5044; x_wconf 92' lang='lat'><strong>6</strong></span> <span class='ocrx_word' id='word_1_756' title='bbox 545 4992 748 5059; x_wconf 82' lang='grc' dir='ltr'>πολλῆς</span> <span class='ocrx_word' id='word_1_757' title='bbox 777 4991 1044 5053; x_wconf 81' lang='grc' dir='ltr'>δυσωδίας</span> <span class='ocrx_word' id='word_1_758' title='bbox 1080 4992 1290 5060; x_wconf 78' lang='grc' dir='ltr'>γέμων,</span> <span class='ocrx_word' id='word_1_759' title='bbox 1338 4989 1484 5050; x_wconf 78' lang='grc' dir='ltr'>ὥστε</span> <span class='ocrx_word' id='word_1_760' title='bbox 1519 4990 1722 5061; x_wconf 76' lang='grc' dir='ltr'>μηδένα</span> <span class='ocrx_word' id='word_1_761' title='bbox 1751 4989 1910 5052; x_wconf 78' lang='grc' dir='ltr'>δύνα-</span> 
     </span>
    </p>
   </div>
   <div class='ocr_carea' id='block_1_98' title="bbox 321 5077 1909 5153">
    <p class='ocr_par' dir='ltr' id='par_1_98' title="bbox 321 5077 1909 5153">
     <span class='ocr_line' id='line_1_98' title="bbox 321 5077 1909 5153; baseline -0.001 -18"><span class='ocrx_word' id='word_1_762' title='bbox 321 5081 450 5135; x_wconf 81' lang='grc' dir='ltr'>σθαι</span> <span class='ocrx_word' id='word_1_763' title='bbox 481 5082 557 5152; x_wconf 81' lang='grc' dir='ltr'>τῷ</span> <span class='ocrx_word' id='word_1_764' title='bbox 611 5085 856 5153; x_wconf 83' lang='grc' dir='ltr'>μνήματι</span> <span class='ocrx_word' id='word_1_765' title='bbox 921 5081 1306 5150; x_wconf 84' lang='grc' dir='ltr'>προσεγγίσαι,</span> <span class='ocrx_word' id='word_1_766' title='bbox 1365 5081 1633 5149; x_wconf 75' lang='grc' dir='ltr'>σύμϐολον</span> <span class='ocrx_word' id='word_1_767' title='bbox 1690 5077 1759 5151; x_wconf 73' lang='grc' dir='ltr'>ἦν</span> <span class='ocrx_word' id='word_1_768' title='bbox 1815 5080 1909 5134; x_wconf 86' lang='grc' dir='ltr'><strong>τοῦ</strong></span> 
     </span>
    </p>
   </div>
   <div class='ocr_carea' id='block_1_99' title="bbox 334 5173 1910 5245">
    <p class='ocr_par' dir='ltr' id='par_1_99' title="bbox 334 5173 1910 5245">
     <span class='ocr_line' id='line_1_99' title="bbox 334 5173 1910 5245; baseline -0.001 -17"><span class='ocrx_word' id='word_1_769' title='bbox 334 5173 524 5244; x_wconf 69' lang='grc' dir='ltr'>Ἀδὰμ,</span> <span class='ocrx_word' id='word_1_770' title='bbox 559 5175 654 5228; x_wconf 84' lang='grc' dir='ltr'><strong>τοῦ</strong></span> <span class='ocrx_word' id='word_1_771' title='bbox 712 5175 913 5245; x_wconf 84' lang='grc' dir='ltr'>πολλὴν</span> <span class='ocrx_word' id='word_1_772' title='bbox 960 5174 1226 5228; x_wconf 85' lang='grc' dir='ltr'>δυσωδίαν</span> <span class='ocrx_word' id='word_1_773' title='bbox 1276 5175 1334 5226; x_wconf 88' lang='grc' dir='ltr'><strong>ἐν</strong></span> <span class='ocrx_word' id='word_1_774' title='bbox 1360 5177 1428 5245; x_wconf 84' lang='grc' dir='ltr'><strong>τῇ</strong></span> <span class='ocrx_word' id='word_1_775' title='bbox 1473 5175 1618 5245; x_wconf 71' lang='grc' dir='ltr'>ψυχῇ</span> <span class='ocrx_word' id='word_1_776' title='bbox 1669 5173 1910 5244; x_wconf 76' lang='grc' dir='ltr'>προσλα-</span> 
     </span>
    </p>
   </div>
   <div class='ocr_carea' id='block_1_100' title="bbox 319 5267 1911 5338">
    <p class='ocr_par' dir='ltr' id='par_1_100' title="bbox 319 5267 1911 5338">
     <span class='ocr_line' id='line_1_100' title="bbox 319 5267 1911 5338; baseline 0 -16"><span class='ocrx_word' id='word_1_777' title='bbox 319 5267 545 5333; x_wconf 75' lang='grc' dir='ltr'>ϐόντος,</span> <span class='ocrx_word' id='word_1_778' title='bbox 606 5268 704 5322; x_wconf 75' lang='grc' dir='ltr'>καὶ</span> <span class='ocrx_word' id='word_1_779' title='bbox 766 5268 1026 5338; x_wconf 86' lang='grc' dir='ltr'>μελανίας</span> <span class='ocrx_word' id='word_1_780' title='bbox 1077 5269 1172 5320; x_wconf 80' lang='grc' dir='ltr'>καὶ</span> <span class='ocrx_word' id='word_1_781' title='bbox 1234 5269 1460 5331; x_wconf 81' lang='grc' dir='ltr'>σκότους</span> <span class='ocrx_word' id='word_1_782' title='bbox 1509 5267 1911 5338; x_wconf 80' lang='grc' dir='ltr'>πληρωθέντος.</span> 
     </span>
    </p>
   </div>
   <div class='ocr_carea' id='block_1_101' title="bbox 334 5360 1912 5432">
    <p class='ocr_par' dir='ltr' id='par_1_101' title="bbox 334 5360 1912 5432">
     <span class='ocr_line' id='line_1_101' title="bbox 334 5360 1912 5432; baseline 0.001 -17"><span class='ocrx_word' id='word_1_783' title='bbox 334 5360 495 5416; x_wconf 81' lang='grc' dir='ltr'>Ἀλλὰ</span> <span class='ocrx_word' id='word_1_784' title='bbox 527 5361 616 5422; x_wconf 81' lang='grc' dir='ltr'><strong>σὺ,</strong></span> <span class='ocrx_word' id='word_1_785' title='bbox 653 5363 781 5414; x_wconf 84' lang='grc' dir='ltr'>ὅταν</span> <span class='ocrx_word' id='word_1_786' title='bbox 811 5361 1054 5431; x_wconf 77' lang='grc' dir='ltr'>ἀκούσῃς</span> <span class='ocrx_word' id='word_1_787' title='bbox 1108 5362 1235 5432; x_wconf 74' lang='grc' dir='ltr'>περὶ</span> <span class='ocrx_word' id='word_1_788' title='bbox 1277 5361 1468 5430; x_wconf 76' lang='grc' dir='ltr'>’Δδὰμ,</span> <span class='ocrx_word' id='word_1_789' title='bbox 1516 5362 1612 5414; x_wconf 64' lang='grc' dir='ltr'><strong>καὶ⁹</strong></span> <span class='ocrx_word' id='word_1_790' title='bbox 1656 5363 1782 5431; x_wconf 75' lang='grc' dir='ltr'>περὶ</span> <span class='ocrx_word' id='word_1_791' title='bbox 1816 5361 1912 5418; x_wconf 81' lang='grc' dir='ltr'><strong>τοῦ</strong></span> 
     </span>
    </p>
   </div>
   <div class='ocr_carea' id='block_1_102' title="bbox 319 5452 1905 5526">
    <p class='ocr_par' dir='ltr' id='par_1_102' title="bbox 319 5452 1905 5526">
     <span class='ocr_line' id='line_1_102' title="bbox 319 5452 1905 5526; baseline 0.003 -22"><span class='ocrx_word' id='word_1_792' title='bbox 319 5454 884 5524; x_wconf 80' lang='grc' dir='ltr'>τετραυματισμένου,</span> <span class='ocrx_word' id='word_1_793' title='bbox 933 5455 1029 5507; x_wconf 72' lang='grc' dir='ltr'>καὶ</span> <span class='ocrx_word' id='word_1_794' title='bbox 1059 5453 1153 5508; x_wconf 86' lang='grc' dir='ltr'><strong>τοῦ</strong></span> <span class='ocrx_word' id='word_1_795' title='bbox 1202 5452 1480 5523; x_wconf 77' lang='grc' dir='ltr'>Λαζάρου,</span> <span class='ocrx_word' id='word_1_796' title='bbox 1516 5455 1590 5524; x_wconf 82' lang='grc' dir='ltr'>μὴ</span> <span class='ocrx_word' id='word_1_797' title='bbox 1627 5455 1905 5526; x_wconf 79' lang='grc' dir='ltr'>ἀπολύσῃς</span> 
     </span>
    </p>
   </div>
   <div class='ocr_carea' id='block_1_103' title="bbox 321 5545 1904 5619">
    <p class='ocr_par' dir='ltr' id='par_1_103' title="bbox 321 5545 1904 5619">
     <span class='ocr_line' id='line_1_103' title="bbox 321 5545 1904 5619; baseline 0.012 -21"><span class='ocrx_word' id='word_1_798' title='bbox 321 5562 419 5598; x_wconf 84' lang='grc' dir='ltr'><strong>σου</strong></span> <span class='ocrx_word' id='word_1_799' title='bbox 463 5547 554 5599; x_wconf 62' lang='grc' dir='ltr'>τὸν</span> <span class='ocrx_word' id='word_1_800' title='bbox 577 5546 702 5600; x_wconf 87' lang='grc' dir='ltr'>νοῦν</span> <span class='ocrx_word' id='word_1_801' title='bbox 732 5545 920 5617; x_wconf 82' lang='grc' dir='ltr'>ὥσπερ</span> <span class='ocrx_word' id='word_1_802' title='bbox 953 5548 1030 5609; x_wconf 75' lang='grc' dir='ltr'>εἰς</span> <span class='ocrx_word' id='word_1_803' title='bbox 1060 5547 1184 5615; x_wconf 75' lang='grc' dir='ltr'>ὅρη,</span> <span class='ocrx_word' id='word_1_804' title='bbox 1227 5545 1341 5598; x_wconf 83' lang='grc' dir='ltr'>ἀλλ’</span> <span class='ocrx_word' id='word_1_805' title='bbox 1389 5546 1537 5599; x_wconf 72' lang='grc' dir='ltr'>ἔνδον</span> <span class='ocrx_word' id='word_1_806' title='bbox 1565 5548 1622 5600; x_wconf 72' lang='grc' dir='ltr'><strong>ἐν</strong></span> <span class='ocrx_word' id='word_1_807' title='bbox 1666 5550 1731 5618; x_wconf 75' lang='grc' dir='ltr'>τῇ</span> <span class='ocrx_word' id='word_1_808' title='bbox 1759 5549 1904 5619; x_wconf 57' lang='grc' dir='ltr'>ψυχῇ</span> 
     </span>
    </p>
   </div>
   <div class='ocr_carea' id='block_1_104' title="bbox 322 5638 1906 5714">
    <p class='ocr_par' dir='ltr' id='par_1_104' title="bbox 322 5638 1906 5714">
     <span class='ocr_line' id='line_1_104' title="bbox 322 5638 1906 5714; baseline 0.004 -25"><span class='ocrx_word' id='word_1_809' title='bbox 322 5654 420 5690; x_wconf 90' lang='grc' dir='ltr'><strong>σου</strong></span> <span class='ocrx_word' id='word_1_810' title='bbox 470 5638 681 5706; x_wconf 82' lang='grc' dir='ltr'>γίγνου,</span> <span class='ocrx_word' id='word_1_811' title='bbox 709 5640 790 5693; x_wconf 83' lang='grc' dir='ltr'>ὅτι</span> <span class='ocrx_word' id='word_1_812' title='bbox 842 5640 937 5692; x_wconf 83' lang='grc' dir='ltr'>καὶ</span> <span class='ocrx_word' id='word_1_813' title='bbox 978 5641 1043 5693; x_wconf 81' lang='grc' dir='ltr'>σὺ</span> <span class='ocrx_word' id='word_1_814' title='bbox 1072 5640 1141 5695; x_wconf 76' lang='grc' dir='ltr'>τὰ</span> <span class='ocrx_word' id='word_1_815' title='bbox 1172 5639 1312 5694; x_wconf 72' lang='grc' dir='ltr'>αὐτὰ</span> <span class='ocrx_word' id='word_1_816' title='bbox 1339 5638 1654 5710; x_wconf 85' lang='grc' dir='ltr'>τραύματα,</span> <span class='ocrx_word' id='word_1_817' title='bbox 1685 5644 1780 5698; x_wconf 82' lang='grc' dir='ltr'>καὶ</span> <span class='ocrx_word' id='word_1_818' title='bbox 1806 5643 1906 5714; x_wconf 77' lang='grc' dir='ltr'>τὴν</span> 
     </span>
    </p>
   </div>
   <div class='ocr_carea' id='block_1_105' title="bbox 866 5819 1125 5874">
    <p class='ocr_par' dir='ltr' id='par_1_105' title="bbox 866 5819 1125 5874">
     <span class='ocr_line' id='line_1_105' title="bbox 866 5819 1125 5874; baseline 0.008 -2"><span class='ocrx_word' id='word_1_819' title='bbox 866 5819 885 5850; x_wconf 89' lang='grc'>³</span> <span class='ocrx_word' id='word_1_820' title='bbox 909 5819 1039 5874; x_wconf 86' lang='lat' dir='ltr'><strong>Luc.</strong></span> <span class='ocrx_word' id='word_1_821' title='bbox 1075 5837 1125 5874; x_wconf 67' lang='grc' dir='ltr'><strong>χ.</strong></span> 
     </span>
    </p>
   </div>
   <div class='ocr_carea' id='block_1_106' title="bbox 405 5815 1634 5889">
    <p class='ocr_par' dir='ltr' id='par_1_106' title="bbox 405 5815 1634 5889">
     <span class='ocr_line' id='line_1_106' title="bbox 405 5815 1634 5889; baseline 0.003 -18"><span class='ocrx_word' id='word_1_822' title='bbox 405 5815 694 5883; x_wconf 75' lang='lat' dir='ltr'><strong>‘Joan.rx,</strong></span> <span class='ocrx_word' id='word_1_823' title='bbox 721 5819 774 5873; x_wconf 73' lang='grc'><strong>4.</strong></span> <span class='ocrx_word' id='word_1_824' title='bbox 866 5819 885 5850; x_wconf 90' lang='grc'>³</span> <span class='ocrx_word' id='word_1_825' title='bbox 909 5819 1039 5874; x_wconf 87' lang='lat' dir='ltr'><strong>Luc.</strong></span> <span class='ocrx_word' id='word_1_826' title='bbox 1075 5837 1125 5874; x_wconf 68' lang='grc' dir='ltr'><strong>χ.</strong></span> <span class='ocrx_word' id='word_1_827' title='bbox 1204 5819 1396 5878; x_wconf 70' lang='lat' dir='ltr'><strong>‘Joan.</strong></span> <span class='ocrx_word' id='word_1_828' title='bbox 1431 5837 1504 5889; x_wconf 80' lang='lat' dir='ltr'><strong>Ix,</strong></span> <span class='ocrx_word' id='word_1_829' title='bbox 1544 5823 1634 5882; x_wconf 81' lang='lat'><strong>59.</strong></span> 
     </span>
    </p>
   </div>
   <div class='ocr_carea' id='block_1_107' title="bbox 2017 4610 3604 4682">
    <p class='ocr_par' dir='ltr' id='par_1_107' title="bbox 2017 4610 3604 4682">
     <span class='ocr_line' id='line_1_107' title="bbox 2017 4610 3604 4682; baseline 0.003 -18"><span class='ocrx_word' id='word_1_830' title='bbox 2017 4610 2394 4667; x_wconf 90' lang='lat' dir='ltr'><strong>tenebrarum.</strong></span> <span class='ocrx_word' id='word_1_831' title='bbox 2430 4611 2480 4665; x_wconf 89' lang='lat' dir='ltr'><strong>Is</strong></span> <span class='ocrx_word' id='word_1_832' title='bbox 2512 4621 2650 4677; x_wconf 89' lang='lat' dir='ltr'><strong>erat,</strong></span> <span class='ocrx_word' id='word_1_833' title='bbox 2696 4613 2790 4682; x_wconf 90' lang='lat' dir='ltr'><strong>qui</strong></span> <span class='ocrx_word' id='word_1_834' title='bbox 2846 4615 3170 4670; x_wconf 85' lang='lat' dir='ltr'><strong>vulneratus</strong></span> <span class='ocrx_word' id='word_1_835' title='bbox 3198 4632 3228 4670; x_wconf 90' lang='lat' dir='ltr'><strong>a</strong></span> <span class='ocrx_word' id='word_1_836' title='bbox 3274 4617 3604 4680; x_wconf 84' lang='lat' dir='ltr'><strong>latronibus,</strong></span> 
     </span>
    </p>
   </div>
   <div class='ocr_carea' id='block_1_108' title="bbox 2017 4705 3608 4774">
    <p class='ocr_par' dir='ltr' id='par_1_108' title="bbox 2017 4705 3608 4774">
     <span class='ocr_line' id='line_1_108' title="bbox 2017 4705 3608 4774; baseline 0.004 -14"><span class='ocrx_word' id='word_1_837' title='bbox 2017 4705 2414 4760; x_wconf 90' lang='lat' dir='ltr'><strong>semimortuus</strong></span> <span class='ocrx_word' id='word_1_838' title='bbox 2441 4707 2668 4761; x_wconf 90' lang='lat' dir='ltr'><strong>relictus</strong></span> <span class='ocrx_word' id='word_1_839' title='bbox 2711 4717 2974 4774; x_wconf 81' lang='lat' dir='ltr'><strong>est,.cum</strong></span> <span class='ocrx_word' id='word_1_840' title='bbox 3017 4710 3384 4766; x_wconf 86' lang='lat' dir='ltr'><strong>descenderet</strong></span> <span class='ocrx_word' id='word_1_841' title='bbox 3419 4711 3487 4765; x_wconf 88' lang='lat' dir='ltr'><strong>ab</strong></span> <span class='ocrx_word' id='word_1_842' title='bbox 3519 4712 3608 4767; x_wconf 81' lang='lat' dir='ltr'><strong>Je-</strong></span> 
     </span>
    </p>
   </div>
   <div class='ocr_carea' id='block_1_109' title="bbox 2012 4799 2782 4854">
    <p class='ocr_par' dir='ltr' id='par_1_109' title="bbox 2012 4799 2782 4854">
     <span class='ocr_line' id='line_1_109' title="bbox 2012 4799 2782 4854; baseline 0.001 -2"><span class='ocrx_word' id='word_1_843' title='bbox 2012 4799 2254 4852; x_wconf 89' lang='lat' dir='ltr'><strong>rusalem</strong></span> <span class='ocrx_word' id='word_1_844' title='bbox 2286 4815 2479 4853; x_wconf 83' lang='lat' dir='ltr'><strong>versus</strong></span> <span class='ocrx_word' id='word_1_845' title='bbox 2505 4799 2782 4854; x_wconf 64' lang='lat' dir='ltr'><strong>Je’richo’.</strong></span> 
     </span>
    </p>
   </div>
   <div class='ocr_carea' id='block_1_110' title="bbox 2081 4888 3606 4961">
    <p class='ocr_par' dir='ltr' id='par_1_110' title="bbox 2081 4888 3606 4961">
     <span class='ocr_line' id='line_1_110' title="bbox 2081 4888 3606 4961; baseline 0.005 -22"><span class='ocrx_word' id='word_1_846' title='bbox 2081 4888 2222 4942; x_wconf 70' lang='lat' dir='ltr'><strong>VIII.</strong></span> <span class='ocrx_word' id='word_1_847' title='bbox 2255 4889 2514 4957; x_wconf 85' lang='lat' dir='ltr'><strong>Quinimo</strong></span> <span class='ocrx_word' id='word_1_848' title='bbox 2559 4891 2800 4946; x_wconf 82' lang='lat' dir='ltr'><strong>Lazarus</strong></span> <span class='ocrx_word' id='word_1_849' title='bbox 2820 4907 3042 4961; x_wconf 92' lang='lat' dir='ltr'><strong>quoque</strong></span> <span class='ocrx_word' id='word_1_850' title='bbox 3063 4890 3105 4958; x_wconf 64' lang='grc'>⁸,</span> <span class='ocrx_word' id='word_1_851' title='bbox 3149 4908 3312 4961; x_wconf 91' lang='lat' dir='ltr'><strong>quem</strong></span> <span class='ocrx_word' id='word_1_852' title='bbox 3340 4891 3606 4947; x_wconf 89' lang='lat' dir='ltr'><strong>Dominus</strong></span> 
     </span>
    </p>
   </div>
   <div class='ocr_carea' id='block_1_111' title="bbox 2009 4973 3604 5054">
    <p class='ocr_par' dir='ltr' id='par_1_111' title="bbox 2009 4973 3604 5054">
     <span class='ocr_line' id='line_1_111' title="bbox 2009 4973 3604 5054; baseline 0 -14"><span class='ocrx_word' id='word_1_853' title='bbox 2009 4987 2291 5052; x_wconf 79' lang='lat' dir='ltr'><strong>excitavit,</strong></span> <span class='ocrx_word' id='word_1_854' title='bbox 2321 4987 2459 5041; x_wconf 89' lang='lat' dir='ltr'><strong>adeo</strong></span> <span class='ocrx_word' id='word_1_855' title='bbox 2494 4987 2667 5039; x_wconf 88' lang='lat' dir='ltr'><strong>multo</strong></span> <span class='ocrx_word' id='word_1_856' title='bbox 2690 4973 2867 5042; x_wconf 81' lang='lat' dir='ltr'><strong>fetore</strong></span> <span class='ocrx_word' id='word_1_857' title='bbox 2890 4987 3108 5054; x_wconf 87' lang='lat' dir='ltr'><strong>plenus,</strong></span> <span class='ocrx_word' id='word_1_858' title='bbox 3150 4993 3213 5039; x_wconf 86' lang='lat' dir='ltr'><strong>ut</strong></span> <span class='ocrx_word' id='word_1_859' title='bbox 3263 5001 3428 5039; x_wconf 89' lang='lat' dir='ltr'><strong>nemo</strong></span> <span class='ocrx_word' id='word_1_860' title='bbox 3473 5001 3604 5054; x_wconf 86' lang='lat' dir='ltr'><strong>pos-</strong></span> 
     </span>
    </p>
   </div>
   <div class='ocr_carea' id='block_1_112' title="bbox 2010 5078 3598 5148">
    <p class='ocr_par' dir='ltr' id='par_1_112' title="bbox 2010 5078 3598 5148">
     <span class='ocr_line' id='line_1_112' title="bbox 2010 5078 3598 5148; baseline -0.001 -16"><span class='ocrx_word' id='word_1_861' title='bbox 2010 5087 2094 5133; x_wconf 86' lang='lat' dir='ltr'><strong>set</strong></span> <span class='ocrx_word' id='word_1_862' title='bbox 2145 5087 2504 5132; x_wconf 90' lang='lat' dir='ltr'><strong>monumento</strong></span> <span class='ocrx_word' id='word_1_863' title='bbox 2551 5078 3021 5148; x_wconf 84' lang='lat' dir='ltr'><strong>appropinquare,</strong></span> <span class='ocrx_word' id='word_1_864' title='bbox 3077 5087 3238 5148; x_wconf 78' lang='lat' dir='ltr'><strong>typus</strong></span> <span class='ocrx_word' id='word_1_865' title='bbox 3286 5087 3406 5131; x_wconf 90' lang='lat' dir='ltr'><strong>erat</strong></span> <span class='ocrx_word' id='word_1_866' title='bbox 3449 5078 3598 5139; x_wconf 70' lang='lat' dir='ltr'><strong>Adae,</strong></span> 
     </span>
    </p>
   </div>
   <div class='ocr_carea' id='block_1_113' title="bbox 2011 5170 3595 5243">
    <p class='ocr_par' dir='ltr' id='par_1_113' title="bbox 2011 5170 3595 5243">
     <span class='ocr_line' id='line_1_113' title="bbox 2011 5170 3595 5243; baseline -0.001 -19"><span class='ocrx_word' id='word_1_867' title='bbox 2011 5171 2105 5243; x_wconf 85' lang='lat' dir='ltr'><strong>qui</strong></span> <span class='ocrx_word' id='word_1_868' title='bbox 2149 5172 2384 5228; x_wconf 86' lang='lat' dir='ltr'><strong>multum</strong></span> <span class='ocrx_word' id='word_1_869' title='bbox 2439 5171 2630 5228; x_wconf 80' lang='lat' dir='ltr'><strong>fetoris</strong></span> <span class='ocrx_word' id='word_1_870' title='bbox 2690 5179 2748 5226; x_wconf 86' lang='lat' dir='ltr'><strong>et</strong></span> <span class='ocrx_word' id='word_1_871' title='bbox 2800 5172 3191 5241; x_wconf 66' lang='lat' dir='ltr'><strong>grav&#39;eolentize</strong></span> <span class='ocrx_word' id='word_1_872' title='bbox 3247 5172 3302 5224; x_wconf 91' lang='lat' dir='ltr'><strong>in</strong></span> <span class='ocrx_word' id='word_1_873' title='bbox 3355 5170 3595 5228; x_wconf 83' lang='lat' dir='ltr'><strong>animam</strong></span> 
     </span>
    </p>
   </div>
   <div class='ocr_carea' id='block_1_114' title="bbox 2011 5262 3598 5332">
    <p class='ocr_par' dir='ltr' id='par_1_114' title="bbox 2011 5262 3598 5332">
     <span class='ocr_line' id='line_1_114' title="bbox 2011 5262 3598 5332; baseline -0.003 -14"><span class='ocrx_word' id='word_1_874' title='bbox 2011 5264 2228 5326; x_wconf 83' lang='lat' dir='ltr'><strong>ascivit,</strong></span> <span class='ocrx_word' id='word_1_875' title='bbox 2263 5273 2318 5320; x_wconf 83' lang='lat' dir='ltr'><strong>et</strong></span> <span class='ocrx_word' id='word_1_876' title='bbox 2355 5263 2592 5332; x_wconf 83' lang='lat' dir='ltr'><strong>caligine</strong></span> <span class='ocrx_word' id='word_1_877' title='bbox 2615 5278 2680 5317; x_wconf 83' lang='lat' dir='ltr'><strong>ac</strong></span> <span class='ocrx_word' id='word_1_878' title='bbox 2711 5263 2958 5318; x_wconf 85' lang='lat' dir='ltr'><strong>tenebris</strong></span> <span class='ocrx_word' id='word_1_879' title='bbox 2990 5263 3235 5332; x_wconf 90' lang='lat' dir='ltr'><strong>repletus</strong></span> <span class='ocrx_word' id='word_1_880' title='bbox 3269 5262 3392 5316; x_wconf 80' lang='lat' dir='ltr'><strong>fuit.</strong></span> <span class='ocrx_word' id='word_1_881' title='bbox 3420 5262 3598 5316; x_wconf 72' lang='lat' dir='ltr'><strong>Caete-</strong></span> 
     </span>
    </p>
   </div>
   <div class='ocr_carea' id='block_1_115' title="bbox 2013 5357 3600 5423">
    <p class='ocr_par' dir='ltr' id='par_1_115' title="bbox 2013 5357 3600 5423">
     <span class='ocr_line' id='line_1_115' title="bbox 2013 5357 3600 5423; baseline -0.002 -10"><span class='ocrx_word' id='word_1_882' title='bbox 2013 5375 2133 5413; x_wconf 91' lang='lat' dir='ltr'><strong>rum</strong></span> <span class='ocrx_word' id='word_1_883' title='bbox 2162 5367 2241 5423; x_wconf 91' lang='lat' dir='ltr'><strong>tu,</strong></span> <span class='ocrx_word' id='word_1_884' title='bbox 2277 5374 2402 5412; x_wconf 88' lang='lat' dir='ltr'><strong>cum</strong></span> <span class='ocrx_word' id='word_1_885' title='bbox 2432 5357 2682 5416; x_wconf 82' lang='lat' dir='ltr'><strong>audieris</strong></span> <span class='ocrx_word' id='word_1_886' title='bbox 2709 5357 2778 5410; x_wconf 89' lang='lat' dir='ltr'><strong>de</strong></span> <span class='ocrx_word' id='word_1_887' title='bbox 2819 5357 3053 5422; x_wconf 76' lang='lat' dir='ltr'><strong>Adamo,</strong></span> <span class='ocrx_word' id='word_1_888' title='bbox 3089 5357 3159 5410; x_wconf 89' lang='lat' dir='ltr'><strong>de</strong></span> <span class='ocrx_word' id='word_1_889' title='bbox 3202 5357 3516 5416; x_wconf 80' lang='lat' dir='ltr'><strong>vulnerato,</strong></span> <span class='ocrx_word' id='word_1_890' title='bbox 3543 5362 3600 5410; x_wconf 86' lang='lat' dir='ltr'><strong>et</strong></span> 
     </span>
    </p>
   </div>
   <div class='ocr_carea' id='block_1_116' title="bbox 2013 5447 3602 5519">
    <p class='ocr_par' dir='ltr' id='par_1_116' title="bbox 2013 5447 3602 5519">
     <span class='ocr_line' id='line_1_116' title="bbox 2013 5447 3602 5519; baseline -0.008 -9"><span class='ocrx_word' id='word_1_891' title='bbox 2013 5457 2244 5519; x_wconf 85' lang='lat' dir='ltr'><strong>Lazaro,</strong></span> <span class='ocrx_word' id='word_1_892' title='bbox 2278 5470 2346 5508; x_wconf 88' lang='lat' dir='ltr'><strong>ne</strong></span> <span class='ocrx_word' id='word_1_893' title='bbox 2377 5453 2624 5507; x_wconf 85' lang='lat' dir='ltr'><strong>dimittas</strong></span> <span class='ocrx_word' id='word_1_894' title='bbox 2669 5460 2909 5506; x_wconf 86' lang='lat' dir='ltr'><strong>mentem</strong></span> <span class='ocrx_word' id='word_1_895' title='bbox 2955 5458 3105 5502; x_wconf 91' lang='lat' dir='ltr'><strong>tuam</strong></span> <span class='ocrx_word' id='word_1_896' title='bbox 3147 5449 3300 5502; x_wconf 89' lang='lat' dir='ltr'><strong>velut</strong></span> <span class='ocrx_word' id='word_1_897' title='bbox 3339 5447 3402 5499; x_wconf 84' lang='lat' dir='ltr'><strong>in</strong></span> <span class='ocrx_word' id='word_1_898' title='bbox 3443 5461 3602 5499; x_wconf 90' lang='lat' dir='ltr'><strong>mon-</strong></span> 
     </span>
    </p>
   </div>
   <div class='ocr_carea' id='block_1_117' title="bbox 2012 5539 3608 5613">
    <p class='ocr_par' dir='ltr' id='par_1_117' title="bbox 2012 5539 3608 5613">
     <span class='ocr_line' id='line_1_117' title="bbox 2012 5539 3608 5613; baseline -0.01 -9"><span class='ocrx_word' id='word_1_899' title='bbox 2012 5558 2141 5613; x_wconf 80' lang='lat' dir='ltr'><strong>tem,</strong></span> <span class='ocrx_word' id='word_1_900' title='bbox 2161 5547 2256 5601; x_wconf 90' lang='lat' dir='ltr'><strong>sed</strong></span> <span class='ocrx_word' id='word_1_901' title='bbox 2285 5546 2436 5601; x_wconf 79' lang='lat' dir='ltr'><strong>intus</strong></span> <span class='ocrx_word' id='word_1_902' title='bbox 2455 5546 2505 5598; x_wconf 88' lang='lat' dir='ltr'><strong>in</strong></span> <span class='ocrx_word' id='word_1_903' title='bbox 2529 5543 2713 5598; x_wconf 87' lang='lat' dir='ltr'><strong>anima</strong></span> <span class='ocrx_word' id='word_1_904' title='bbox 2738 5552 2920 5598; x_wconf 86' lang='lat' dir='ltr'><strong>tecum</strong></span> <span class='ocrx_word' id='word_1_905' title='bbox 2945 5541 3134 5596; x_wconf 82' lang='lat' dir='ltr'><strong>habita</strong></span> <span class='ocrx_word' id='word_1_906' title='bbox 3156 5579 3170 5602; x_wconf 89' lang='lat'><strong>,</strong></span> <span class='ocrx_word' id='word_1_907' title='bbox 3197 5539 3327 5608; x_wconf 87' lang='lat' dir='ltr'><strong>quia</strong></span> <span class='ocrx_word' id='word_1_908' title='bbox 3367 5546 3422 5591; x_wconf 89' lang='lat' dir='ltr'><strong>tu</strong></span> <span class='ocrx_word' id='word_1_909' title='bbox 3455 5551 3608 5607; x_wconf 49' lang='lat' dir='ltr'><strong>quor</strong></span> 
     </span>
    </p>
   </div>
   <div class='ocr_carea' id='block_1_118' title="bbox 2009 5631 3596 5714">
    <p class='ocr_par' dir='ltr' id='par_1_118' title="bbox 2009 5631 3596 5714">
     <span class='ocr_line' id='line_1_118' title="bbox 2009 5631 3596 5714; baseline -0.008 -16"><span class='ocrx_word' id='word_1_910' title='bbox 2009 5657 2117 5714; x_wconf 89' lang='lat' dir='ltr'><strong>quc</strong></span> <span class='ocrx_word' id='word_1_911' title='bbox 2149 5641 2342 5697; x_wconf 83' lang='lat' dir='ltr'><strong>eadem</strong></span> <span class='ocrx_word' id='word_1_912' title='bbox 2396 5640 2647 5706; x_wconf 89' lang='lat' dir='ltr'><strong>vulnera,</strong></span> <span class='ocrx_word' id='word_1_913' title='bbox 2671 5637 2928 5698; x_wconf 85' lang='lat' dir='ltr'><strong>eumdem</strong></span> <span class='ocrx_word' id='word_1_914' title='bbox 2965 5634 3222 5702; x_wconf 71' lang='lat' dir='ltr'><strong>ictorem,</strong></span> <span class='ocrx_word' id='word_1_915' title='bbox 3257 5631 3596 5701; x_wconf 83' lang='lat' dir='ltr'><strong>easdemque</strong></span> 
     </span>
    </p>
   </div>
  </div>
