3980 6430
453 381 559 445 727

1688 386 1750 445 S.
1794 384 2117 446 MACABII
2159 383 2481 448 EGYPTII
3593 388 3680 451 738

456 490 715 548 tenebras
742 498 944 562 gestas.
972 491 1181 549 Omnes
1206 491 1353 549 enim
1397 492 1496 549 ﬁlii
1539 509 1731 550 sumus
1763 495 1912 551 illius
1956 505 2039 552 te-

2147 498 2317 569 αὐτὴν
2343 498 2630 563 δυσωδίαν,
2658 496 2753 552 καὶ
2776 495 2836 552 τδ
2864 496 2998 552 αὐτὸ
3018 496 3207 561 σκότος
3236 500 3438 569 φορεῖς.
3476 499 3683 554 Ἐκείνου

454 585 679 642 nebrosi
714 588 955 656 generis,
991 597 1049 642 et
1073 603 1268 643 omnes
1317 588 1469 643 illius
1495 590 1883 659 graveolentiae
1912 606 2041 660 par-

456 677 653 746 ticipes
685 693 896 731 sumus.
938 677 1058 744 Qua
1090 678 1259 749 igitur
1288 679 1560 733 laboravit
1599 680 1890 735 ail‘ectione
1925 682 2039 748 ille,

453 768 649 822 eadem
683 784 896 832 omnes,
922 770 1016 838 qui
1048 785 1115 823 ex
1160 770 1370 824 semine
1413 771 1544 826 Adae
1581 788 1791 837 sumus,
1827 772 2043 826 labora-

453 876 597 915 mus.
630 862 778 916 Talis
804 862 953 915 enim
990 862 1211 917 aﬂ‘ectio
1241 863 1493 933 contigit,
1522 864 1600 917 uti
1626 863 1791 919 Isaias
1818 865 2037 934 inquit:

452 951 573 1005 Non
604 961 681 1005 est
709 952 921 1018 vulnus,
948 971 1055 1006 non
1090 963 1166 1007 est
1192 955 1433 1019 cicatrix,
1470 973 1576 1009 non
1610 965 1687 1009 est
1717 955 1901 1026 plaga,
1925 972 2043 1027 quae

451 1044 659 1097 saniem
690 1048 917 1100 emittat.
949 1046 1067 1100 Non
1108 1048 1274 1100 datur
1314 1049 1607 1117 [omentum
1653 1064 1921 1119 apponere
1960 1048 2043 1103 vel

451 1135 650 1202 oleum,
680 1153 773 1191 nec
812 1139 1167 1209 obligaturam
1204 1139 1418 1209 facere“
1455 1155 1469 1191 :
1504 1156 1681 1209 usque
1709 1142 1848 1195 adeo
1882 1140 2041 1195 incu-

452 1222 614 1277 rabili
646 1225 875 1279 vulnere
906 1226 1140 1281 sauciati
1167 1240 1384 1293 sumus,
1424 1228 1572 1296 quod
1609 1244 1719 1282 non
1752 1229 1858 1283 nisi
1892 1228 2044 1283 solus

452 1310 720 1366 Dominus
774 1313 953 1381 potuit
999 1328 1222 1367 curare.
1268 1315 1570 1384 Propterea
1621 1316 1769 1370 enim
1803 1315 1894 1371 ille
1926 1316 2043 1385 ipse

449 1402 621 1467 venit,
656 1404 787 1473 quia
836 1419 999 1459 nemo
1027 1421 1095 1460 ex
1117 1406 1424 1471 veteribus,
1452 1422 1631 1477 neque
1654 1406 1742 1463 lex
1773 1408 1912 1478 ipsa,
1940 1423 2044 1463 nec

452 1494 736 1563 prophetae
782 1504 1082 1565 potuerunt
1132 1512 1349 1552 sanare.
1410 1496 1513 1551 Hic
1563 1513 1698 1553 vero
1723 1499 1880 1553 solus
1914 1514 2042 1553 cum

448 1581 711 1651 venisset,
735 1583 950 1639 curavit
970 1584 1185 1656 plagam
1208 1585 1361 1639 illam
1386 1585 1585 1641 animze
1615 1585 2012 1655 insanabilem.

518 1787 612 1845 IX.
645 1788 1024 1861 Suscipiamus
1066 1808 1198 1865 ergo
1220 1794 1398 1865 ipsum
1426 1796 1599 1850 Deum
1622 1811 1686 1851 ac
1725 1795 2041 1862 Dominum,

2144 590 2254 658 γὰρ
2290 591 2493 653 πάντες
2527 591 2693 657 ἐσμὲν
2726 590 2833 643 υίοὶ
2884 589 2979 644 τοῦ
3040 590 3314 643 σκοτεινοῦ
3366 592 3564 659 γένους,
3612 597 3690 648 καὶ

2144 682 2347 744 πάντες
2397 682 2500 750 τῆς
2552 682 2726 752 αὐτῆς
2759 681 3027 744 δυσωδίας
3077 682 3398 751 μετέχομεν.
3429 682 3593 753 Ὅπερ
3617 679 3693 736 οὖν

2144 773 2383 826 πέπονθε
2422 773 2593 837 πάθος
2627 774 2856 837 ἐκεῖνος,
2897 772 3056 826 τοῦτο
3101 774 3300 836 πάντες
3334 775 3401 826 ἐκ
3431 774 3520 826 τοῦ
3556 776 3695 846 σπέρ-

2147 882 2317 934 ματος
2353 865 2526 935 Ἀδὰμ
2564 865 2717 928 ὄντες
2749 864 3121 935 πεπόνθαμεν·
3152 863 3391 918 τοιοῦτον
3421 865 3526 934 γὰρ
3553 866 3695 929 πάθος

2146 956 2514 1028 συμϐέϐηκεν,
2560 958 2636 1021 ὥς
2666 975 2831 1027 φησιν
2873 958 3124 1021 Ἡσαΐας·
3160 960 3281 1011 Οὐκ
3309 960 3442 1011 ἔστι
3479 958 3697 1024 τραῦμα,

2144 1052 2283 1107 οὔτε
2326 1050 2578 1119 μώλωψ,
2628 1051 2768 1104 οὔτε
2819 1052 3023 1120 πληγὴ
3080 1051 3563 1120 φλεγμαίνουσα,
3611 1053 3701 1105 οὐκ

2143 1141 2276 1195 ἔστι
2302 1140 2591 1211 μάλαγμα
2624 1141 2938 1204 ἐπιθεῖναι,
2999 1144 3142 1197 οὕτε
3198 1144 3431 1207 ἔλαιον,
3459 1141 3589 1196 οὔτε
3619 1158 3702 1195 κα-

2143 1232 2489 1302 ταδέσμους
2518 1233 2791 1302 ποιῆσαι.
2828 1232 3016 1298 Οὕτως
3045 1234 3264 1289 ἀνίατον
3294 1234 3518 1306 τραῦμα
3544 1235 3706 1303 ἐτραυ-

2150 1325 2515 1396 ματίσθημεν,
2557 1325 2704 1398 μόνῳ
2743 1326 2821 1397 τῷ
2877 1326 3070 1399 Κυρίῳ
3112 1326 3339 1380 δυνατὸν
3398 1323 3705 1395 θεραπεῦσαι

2146 1416 2300 1471 αὐτό.
2331 1417 2433 1471 Διὰ
2457 1416 2617 1471 τοῦτο
2645 1416 2756 1487 γὰρ
2780 1416 2877 1471 καλ⁵
2897 1417 2964 1470 δι’
2994 1416 3189 1471 ἑαυτοῦ
3221 1411 3408 1487 ἦλθεν,
3436 1417 3516 1469 ὅτι
3546 1415 3707 1486 μηδεὶς

2144 1509 2255 1563 τῶν
2285 1508 2553 1579 ἀρχαίων,
2584 1505 2716 1561 οὔτε
2759 1509 2788 1561 ὁ
2815 1509 2977 1579 νόμος
3016 1508 3200 1575 αὐτὸς,
3229 1507 3355 1562 οὔτε
3382 1510 3433 1561 oi
3464 1508 3708 1580 προφῆται

2142 1601 2301 1656 τοῦτο
2316 1600 2663 1672 ἠδυνήθησαν
2682 1598 3041 1672 θεραπεύσαι.
3071 1596 3242 1665 Οὗτος
3262 1602 3319 1656 δὲ
3352 1600 3510 1672 μόνος
3537 1600 3706 1663 ἐλθὼν,

2144 1694 2479 1765 ἐθεράπευσε
2498 1696 2596 1766 τὴν
2615 1694 2830 1766 πληγὴν
2847 1695 3064 1765 ἐκείνην
3078 1694 3179 1764 τῆς
3193 1694 3371 1764 ψυχῆς
3389 1694 3488 1765 τὴν
3498 1692 3707 1746 ἀνίατον.

2218 1786 2296 1841 Θ’.
2324 1784 2761 1857 Προσδεχώμεθα
2789 1786 2970 1839 τοίνυν
2992 1786 3083 1839 τὸν
3108 1785 3243 1839 Θεὸν
3278 1785 3375 1839 καὶ
3397 1783 3614 1856 Κύριον,
3636 1783 3711 1836 τὸν

808 1846 823 1861 .
970 1846 1017 1848 η
1076 1846 1191 1865 -κο-
1222 1846 1398 1865 τ-τψ
1428 1846 1599 1850 -ν--η
1623 1846 1684 1851 --
1727 1846 2039 1862 η---η--ων

452 1893 650 1936 verum
691 1883 992 1950 medicum,
1015 1886 1111 1956 qui
1158 1888 1310 1942 solus
1347 1889 1598 1954 veniens,
1628 1898 1811 1959 potest
1847 1905 2039 1945 sanare

2148 1846 2405 1947 ἀληθινὸν
2440 1846 2808 1947 θεραπευτὴν,
2844 1877 2905 1940 ὅς
2935 1877 3095 1946 μόνος
3125 1876 3353 1940 δυνατός
3386 1846 3534 1929 ἐστίν
3567 1846 3713 1928 ἐλθὼν

450 1970 667 2025 animas
715 1982 957 2041 nostras,
994 1987 1286 2045 postquam
1341 1977 1593 2048 ingentes
1658 1980 1833 2034 nostri
1878 1995 2043 2035 causa

452 2061 725 2115 sustinuit
768 2063 1005 2119 labores.
1046 2067 1235 2122 Pulsat
1264 2069 1415 2123 enim
1448 2078 1721 2140 perpetuo
1754 2070 1901 2126 fores
1923 2086 2045 2127 cor-

452 2152 609 2205 dium
654 2162 995 2223 nostrorum,
1030 2166 1091 2212 ut
1132 2161 1447 2229 aperiamus
1487 2161 1561 2226 ei,
1596 2178 1708 2231 quo
1765 2164 2043 2233 ingressus

455 2245 767 2314 requiescat
796 2247 851 2303 in
875 2250 1075 2304 animis
1101 2252 1344 2319 nostris;
1371 2262 1431 2308 ut
1460 2262 1516 2308 et
1538 2254 1827 2309 abluamus
1854 2264 1911 2310 et
1945 2272 2041 2309 un-

449 2354 642 2409 gamus
680 2342 849 2410 pedes
886 2344 1026 2412 ejus,
1047 2354 1103 2399 et
1124 2346 1466 2400 mansionem
1495 2348 1611 2417 ipse
1649 2348 1797 2417 apud
1823 2363 1924 2402 nos
1958 2346 2041 2401 fa-

450 2431 583 2485 ciet.
628 2432 844 2487 Etenim
891 2434 1005 2489 illic
1028 2436 1336 2505 exprobrat
1387 2437 1657 2492 Dominus
1699 2439 1771 2501 ei,
1803 2438 1897 2507 qui
1929 2454 2041 2493 non

449 2520 661 2575 laverat
697 2522 867 2591 pedes
901 2524 1023 2594 ejus
1048 2524 1088 2578 ⁸.
1125 2525 1194 2579 Et
1242 2541 1465 2579 rursum
1516 2526 1649 2581 alibi
1703 2527 1876 2582 dicit:
1910 2528 2042 2583 Ecce

444 2621 527 2666 sto
571 2614 641 2667 ad
704 2617 918 2681 ostium,
986 2626 1036 2669 et
1078 2619 1252 2687 pulso,
1305 2621 1351 2673 si
1395 2621 1514 2691 quis
1575 2621 1802 2674 audierit
1861 2638 2041 2676 vocem

446 2722 641 2772 meam,
673 2716 721 2760 et
752 2711 1019 2778 aperuerit
1034 2711 1292 2779 januam,
1321 2713 1537 2767 intrabo
1571 2715 1641 2766 ad
1669 2714 1881 2768 illum".
1909 2715 2041 2769 Pro-

445 2806 634 2867 pterea
674 2800 820 2854 enim
881 2797 1053 2857 multa
1111 2820 1410 2874 perpessus
1475 2806 1763 2873 sustinuit,
1813 2807 2040 2863 tradens

443 2905 605 2946 suum
638 2893 808 2962 ipsius
837 2910 1041 2965 corpus
1070 2896 1259 2961 morti,
1313 2912 1421 2952 nos
1475 2896 1755 2953 redimens
1783 2913 1813 2953 a
1860 2900 2038 2953 servi-

444 2992 583 3051 tute,
634 2995 695 3039 ut
726 2987 943 3042 veniret
991 2989 1058 3043 ad
1099 2989 1339 3043 animam
1390 3001 1658 3053 nostram,
1703 2998 1760 3045 et
1796 2992 2040 3046 mansio-

440 3090 570 3129 nem
603 3075 811 3131 I'aceret
840 3078 894 3131 in
929 3095 1013 3133 ea.
1039 3080 1387 3150 Quapropter
1436 3081 1503 3135 ad
1535 3081 1679 3147 illos,
1709 3082 1803 3151 qui
1846 3097 1875 3135 a
1896 3082 2035 3137 sini-

2150 1969 2403 2023 ίάσασθαι
2444 1969 2544 2031 τὰς
2581 1968 2761 2039 ψυχὰς
2808 1968 2964 2039 ἡμῶν
2992 2010 3007 2035 ,
3050 1965 3407 2032 κεκοπιακὼς
3447 1967 3611 2021 πολλᾶ
3657 1966 3713 2019 δι’

2142 2062 2313 2132 ἡμᾶς.
2368 2062 2575 2127 Κρούει
2640 2062 2751 2132 γὰρ
2800 2061 2888 2114 ἀεὶ⁵
2943 2061 3040 2125 τὰς
3092 2061 3265 2132 θύρας
3332 2058 3444 2114 τῶν
3499 2057 3713 2131 καρδιῶν

2144 2153 2326 2224 ήμῶν,
2367 2151 2460 2207 ῑνα
2510 2151 2816 2223 ἀνοίξωμεν
2863 2154 3033 2225 αὐτῷ,
3093 2153 3185 2207 καὶ
3228 2152 3491 2207 είσελθὼν
3520 2153 3713 2223 ἀναπαῇ

2144 2246 2227 2308 είς
2252 2246 2351 2308 τὰς
2387 2243 2568 2315 ψυχὰς
2620 2244 2801 2315 ἡμῶν,
2850 2245 2945 2301 καὶ
2991 2246 3258 2316 νίψωμεν,
3291 2247 3386 2299 καὶ
3425 2244 3713 2314 ἀλείψωμεν

2144 2336 2311 2392 αὑτοῦ
2348 2340 2477 2401 τοὺς
2506 2336 2697 2401 πόδας,
2751 2337 2847 2391 καὶ
2904 2338 3075 2408 μονὴν
3127 2338 3261 2410 παρ’
3320 2340 3457 2409 ἡμῖν
3496 2339 3712 2407 ποιήσει.

2143 2430 2255 2484 Καὶ
2286 2429 2397 2499 γάρ
2430 2431 2549 2483 ἐκεῖ
2604 2428 2855 2494 ὀνειδίζει
2908 2431 2937 2482 ὁ
2988 2429 3193 2502 Κύριος
3244 2432 3338 2485 τὸν
3386 2431 3461 2504 μὴ
3510 2432 3715 2503 νίψαντα

2140 2519 2270 2582 τοὺς
2297 2519 2465 2582 πόδας
2503 2518 2695 2572 αὑτοῦ·
2729 2519 2827 2573 καὶ
2866 2518 3031 2573 πάλιν
3069 2520 3305 2590 ἀλλαχοῦ
3347 2521 3524 2591 λέγει,
3574 2521 3714 2577 Ἰδοὺ

2141 2611 2370 2679 ἕστηκα
2401 2612 2499 2664 ἐπὶ
2540 2612 2658 2678 τὴν
2699 2613 2914 2680 θύραν,
2947 2614 3059 2667 ἐὰν
3105 2614 3345 2684 ἀκούσῃ
3382 2615 3494 2685 τῆς
3536 2614 3717 2686 φωνῆς

2138 2718 2276 2771 μου,
2302 2700 2399 2754 καί
2421 2701 2635 2771 ἀνοίξῃ
2654 2702 2770 2771 τὴν
2790 2704 2998 2771 θύραν,
3017 2706 3442 2774 είσελεύσομαι
3468 2707 3611 2774 πρὸς
3624 2708 3716 2759 αὺ-

2140 2793 2269 2845 τόν.
2324 2792 2424 2846 Διὰ
2479 2792 2636 2846 τοῦτο
2676 2794 2785 2864 γὰρ
2822 2794 2994 2847 πολλά
3050 2795 3246 2849 παθεῖν
3286 2796 3582 2866 ὑπέμεινε,
3612 2795 3717 2858 60');

2140 2888 2203 2938 τὸ
2244 2885 2444 2938 ἑαυτοῦ
2481 2886 2642 2956 σῶμα
2686 2888 2765 2951 είς
2796 2887 3047 2955 θάνατον,
3092 2889 3188 2942 καὶ
3222 2888 3564 2961 ἐξαγοράσας
3589 2890 3717 2958 ἡμᾶς

2140 2980 2242 3047 τῆς
2267 2977 2534 3043 δουλείας,
2572 2978 2660 3032 ἵνα
2685 2978 2857 3032 ἐλθὼν
2883 2982 2950 3051 τῇ
2974 2980 3119 3051 ψυχῇ
3148 2981 3306 3051 ἡμῶν
3338 2982 3509 3051 μονὴν
3535 2981 3718 3051 ποιήσῃ

2142 3069 2275 3141 παρ’
2298 3069 2457 3141 αὐτῇ.
2490 3069 2589 3123 Διὰ
2620 3069 2783 3123 τοῦτο
2826 3071 3059 3134 ἐκείνοις
3099 3074 3212 3135 τοῖς
3241 3072 3299 3137 ἐξ
3341 3071 3643 3143 ἀριστερῶν
3669 3073 3718 3122 ἐν

443 3168 575 3222 stris
605 3176 813 3224 stantes
842 3168 894 3221 in
927 3170 1159 3240 judicio,
1191 3171 1261 3225 ab
1295 3186 1363 3227 eo
1398 3171 1697 3226 mittuntur
1730 3174 1786 3226 in
1826 3173 2037 3243 gehen-

2146 3163 2206 3231 τῇ
2244 3161 2425 3230 κρίσει
2467 3160 2560 3213 ὑπ’
2594 3160 2760 3213 αὐτοῦ
2801 3162 3183 3232 πεμπομένοις
3219 3162 3298 3226 είς
3331 3164 3560 3231 γέενναν
3595 3160 3718 3231 μετὰ

440 3274 569 3311 nam
616 3274 745 3313 cum
788 3260 1033 3328 diabolo,
1070 3263 1148 3318 ait
1188 3265 1454 3320 Dominus
1493 3282 1507 3318 :
1544 3266 1747 3336 Hospes
1786 3284 1957 3335 eram,
1990 3278 2040 3323 et

442 3368 552 3404 non
590 3352 880 3423 collegistis
926 3372 1029 3410 me.
1065 3355 1300 3423 Esurivi,
1332 3367 1381 3412 et
1418 3375 1522 3412 non
1562 3360 1778 3414 dedistis
1811 3361 1939 3415 mihi
1967 3364 2042 3416 ci-

441 3439 585 3494 bum.
608 3442 783 3507 Sitivi,
810 3451 858 3495 et
886 3460 990 3497 non
1021 3444 1240 3499 dedistis
1276 3447 1401 3500 mihi
1431 3456 1615 3517 potum
1642 3448 1868 3504 “.Cibus
1892 3451 2039 3505 enim

439 3541 694 3603 etpotus,
710 3533 1117 3602 indumentum,
1137 3538 1476 3593 domicilium
1500 3536 1563 3594 et
1578 3540 1798 3610 requies
1815 3543 1936 3613 ejus
1948 3552 2037 3598 est

440 3620 497 3675 in
522 3621 723 3678 animis
761 3624 991 3681 nostris.
1024 3626 1257 3697 Semper
1284 3629 1445 3698 118
1464 3644 1596 3699 ergo
1620 3631 1823 3699 pulsat,
1848 3634 2042 3689 volens

442 3712 511 3766 ad
536 3728 639 3767 nos
670 3715 907 3784 ingredi.
941 3717 1213 3783 Quocirca
1262 3719 1633 3789 suscipiamus
1683 3737 1836 3788 eum,
1873 3732 1929 3778 et
1957 3724 2042 3777 in-

443 3806 804 3863 troducamus
832 3808 979 3864 intra
1008 3826 1145 3875 nos;
1174 3810 1449 3880 siquidem
1476 3822 1668 3869 noster
1698 3815 1878 3881 cibus,
1904 3816 2037 3883 vita,

443 3906 609 3966 potus
648 3907 704 3952 et
726 3901 836 3954 vita
870 3909 1077 3957 aeterna
1111 3904 1229 3973 ipse
1260 3911 1365 3958 est.
1402 3905 1592 3976 Itaque
1618 3908 1800 3965 omnis
1832 3911 2037 3977 anima,

444 4005 566 4057 qua:
600 4006 710 4045 non
759 3994 1070 4063 susceperit
1099 4011 1246 4051 nunc
1277 4011 1405 4050 eum
1451 3998 1600 4054 intus
1647 4016 1712 4055 ac
1751 4004 2044 4073 requieve-

443 4080 539 4145 rit,
574 4080 685 4136 imo
719 4084 773 4137 in
802 4084 924 4155 ipso
968 4097 1213 4141 recreata
1252 4088 1441 4153 fuerit,
1475 4090 1528 4144 in
1565 4108 1735 4162 regno
1770 4096 2039 4151 caelorum

441 4189 567 4228 cum
632 4177 841 4231 sanctis
892 4178 1272 4234 hmreditatem
1324 4195 1435 4234 non
1487 4183 1688 4251 cernit,
1744 4202 1926 4257 neque
1983 4188 2041 4243 in

442 4268 722 4323 caelestem
771 4270 1051 4327 civitatem
1106 4271 1318 4342 ingredi
1349 4282 1549 4341 potest.
1582 4277 1704 4347 Ipse
1734 4294 1890 4344 vero,
1934 4279 2041 4335 Do-

446 4359 596 4414 mine
622 4360 753 4415 Jesu
795 4362 1038 4428 Christe,
1074 4366 1335 4425 introduc
1376 4383 1477 4424 nos
1524 4370 1579 4423 in
1622 4371 1794 4437 illam,
1826 4372 2039 4443 gloriﬁ-

443 4459 634 4506 cantes
663 4469 868 4510 nomen
922 4465 1080 4513 tuum
1122 4475 1248 4515 cum
1290 4462 1452 4517 Patre
1482 4469 1539 4516 et
1581 4470 1775 4519 sancto
1799 4464 2037 4535 Spiritu,

444 4544 503 4617 in
527 4545 748 4602 saecula.
769 4546 967 4603 Arnen.

962 4748 1252 4808 HOMILIA
1303 4752 1497 4811 XXXI.

441 4837 675 4918 Fidelem
702 4850 907 4918 oportet
937 4847 1139 4918 mutari
1165 4849 1367 4910 animo,
1389 4856 1549 4918 atque
1570 4850 1625 4903 in
1662 4848 1831 4904 Deum
1860 4868 2040 4907 omnes

513 4910 856 4989 cogitationes
901 4910 1169 4986 colligere,
1224 4919 1280 4971 in
1330 4910 1516 4989 quibits
1547 4935 1667 4975 vere
1710 4938 1863 4976 omne
1890 4922 2041 4977 obse-

512 4982 701 5050 quium
727 4984 963 5040 divinum
990 4982 1248 5042 consistit.

516 5159 562 5215 Ι.
591 5160 819 5232 Oportet
846 5182 997 5232 eum,
1039 5168 1135 5237 qui
1166 5168 1366 5233 credit,
1391 5170 1687 5229 obsecrare
1737 5173 1934 5239 Deum,
1977 5184 2041 5231 ut

445 5253 771 5310 immutetur
801 5257 1109 5315 intentione
1145 5277 1245 5317 sua
1284 5278 1386 5333 per
1425 5265 1788 5321 mutationem
1831 5266 2036 5330 cordis,

446 5346 597 5414 quod
644 5356 897 5403 vertatur
963 5352 1035 5406 ab
1082 5353 1383 5412 acerbitate
1423 5356 1479 5412 in
1538 5356 1924 5423 dulcedinem;
1981 5368 2038 5414 et

445 5438 749 5506 recordari,
782 5458 895 5512 quo
929 5457 1092 5514 pacto
1142 5457 1368 5504 sanatus
1424 5457 1511 5504 est
1551 5467 1753 5517 caecus,
1819 5452 2036 5516 itidem,

448 5543 571 5596 quas
626 5533 910 5603 sanguinis
939 5536 1215 5605 proﬂuvio
1266 5540 1571 5607 laborabat,
1630 5552 1771 5597 tacta
1821 5542 2039 5599 ﬁmbria

446 5618 790 5689 vestimenti,
845 5626 1099 5682 sanitatis
1145 5630 1431 5699 particeps
1462 5638 1548 5685 est
1594 5631 1759 5698 facta,
1811 5634 2035 5687 leonum

444 5720 647 5769 natura
677 5719 1052 5775 mansuefacta
1108 5730 1213 5789 est,
1242 5730 1299 5777 et
1334 5724 1477 5794 ignis
1514 5734 1712 5779 natura
1742 5726 2034 5782 exstincta.

2145 3253 2243 3307 τοῦ
2295 3252 2542 3306 διαϐόλου
2574 3254 2741 3324 φησὶν
2766 3253 2796 3306 ὁ
2830 3254 3054 3325 Κύριος,
3076 3252 3262 3321 Ξένος
3295 3254 3482 3324 ἤμην,
3524 3255 3618 3309 καί
3655 3254 3717 3307 οὐ

2139 3344 2519 3411 συνηγάγετέ
2569 3362 2665 3415 με’
2716 3346 2997 3413 ἐπείνων,
3043 3346 3145 3400 καί
3174 3349 3287 3401 οὐκ
3331 3347 3593 3402 ἐδώκατέ
3626 3364 3717 3417 μοι

2140 3435 2373 3505 sparsis"
2409 3435 2661 3504 ἐδίψων,
2700 3437 2799 3491 καί
2834 3438 2945 3491 οὐκ
2988 3437 3314 3491 ἐποτίσατέ
3356 3457 3459 3508 με.
3529 3438 3592 3492 Ἦ
3621 3438 3716 3507 γὰρ

2138 3528 2313 3598 τροφὴ
2334 3526 2503 3580 αὑτοῦ
2524 3529 2669 3598 καὶὴ
2694 3528 2873 3594 πόσις,
2906 3529 3004 3582 καὶ
3033 3529 3269 3599 ἄμφιον,
3302 3532 3400 3583 καὶ
3432 3531 3614 3598 στέγη,
3638 3528 3719 3581 καὶ

2140 3620 2449 3684 ἀνάπαυσις
2498 3621 2558 3674 ὲν
2588 3623 2714 3685 ταῖς
2766 3621 2970 3692 ψυχαῖς
3000 3622 3158 3693 ἡμῶν
3198 3623 3366 3677 ἐστιν.
3420 3624 3532 3676 Ἀεὶ
3562 3622 3719 3675 τοίνυν

2140 3711 2350 3782 κρούει,
2404 3712 2731 3784 βουλόμενος
2770 3714 3034 3767 εἰσελθεῖν
3074 3714 3212 3784 πρὸς
3242 3715 3412 3785 ἡμᾶς.
3447 3712 3720 3783 Δεξώμεθα

2138 3804 2321 3857 τοίνυν
2355 3803 2541 3869 αὑτὸν,
2587 3804 2684 3858 καὶ
2730 3806 3117 3875 εἰσαγάγωμεν
3148 3804 3298 3857 ἔνδον
3327 3805 3510 3874 ἡμῶν,
3539 3806 3615 3857 ὅτι
3640 3802 3721 3855 καί⁵

2138 3896 2301 3967 ἡμῶν
2329 3897 2364 3967 ἡ
2404 3897 2605 3967 τροφὴ,
2648 3897 2743 3950 καλ¹
2775 3899 2808 3969 ἡ
2844 3897 2980 3968 ζωὴ,
3012 3898 3109 3951 καὶ
3147 3898 3181 3968 ἡ
3227 3897 3411 3961 πόσις,
3441 3898 3535 3950 καὶ
3567 3892 3720 3965 ήζωὴ

2138 3992 2172 4061 ἡ
2202 3990 2421 4053 αἰώνιος
2458 3990 2622 4053 αὑτός
2651 3990 2822 4045 ἐστιν.
2863 3992 2974 4043 Καὶ
3018 3991 3170 4044 πᾶσα
3195 3990 3343 4061 ψυχὴ
3384 3992 3419 4062 ἡ
3467 3990 3542 4061 μὴ
3577 3987 3718 4050 δεξα-

2144 4082 2281 4153 μένη
2312 4082 2477 4135 αὐτὸν
2534 4081 2684 4135 ἔνδον
2739 4082 2835 4136 νῦν
2877 4084 2973 4137 καὶ
3013 4083 3402 4147 ἀναπαύσασα,
3444 4084 3641 4155 μᾶλλον
3670 4079 3719 4133 δὲ

2141 4174 2450 4226 ἀναπαεῖσα
2492 4174 2549 4226 ὲν
2603 4174 2775 4243 αὐτῷ,
2830 4175 2890 4227 ὲν
2934 4177 3001 4246 τῇ
3042 4174 3287 4247 βασιλείᾳ
3331 4176 3444 4229 τῶν
3496 4172 3720 4245 οὐρανῶν

2144 4265 2285 4334 μετὰ
2312 4263 2423 4317 τῶν
2458 4264 2629 4331 ἁγίων
2665 4266 3034 4337 κληρονομίαν
3065 4268 3167 4320 οὐκ
3202 4266 3337 4337 ἔχει,
3360 4267 3488 4320 οὔτε
3523 4269 3600 4330 είς
3634 4265 3719 4334 τὴν

2142 4355 2466 4427 ἐπουράνιον
2496 4356 2653 4410 πόλιν
2682 4357 2944 4410 εἰσελθεῖν
2970 4357 3213 4412 δύναται.
3248 4359 3422 4422 Αὐτὸς
3448 4359 3527 4424 δὲ,
3564 4356 3718 4427 Κύριε

2155 4448 2333 4519 Ἰησοῦ
2374 4448 2605 4518 Χριστὲ,
2644 4450 2909 4518 εἰσάγαγε
2940 4451 3089 4519 ἡμᾶς
3131 4451 3212 4513 είς
3258 4450 3452 4522 αὐτὴν,
3491 4450 3717 4514 δοξάζον-

2063 4547 2119 4608 D
2143 4539 2244 4602 τάς
2292 4556 2387 4592 σου
2419 4540 2480 4593 τὸ
2527 4540 2700 4610 ὄνομα
2753 4540 2852 4593 σὺν
2895 4540 3095 4611 Πατρὶ,
3128 4541 3225 4593 καὶ
3258 4541 3401 4613 ἁγίῳ
3433 4541 3713 4612 Πνεύμστι,

2144 4634 2226 4696 είς
2256 4632 2385 4697 τοὺς
2413 4632 2636 4698 αίῶνας.
2683 4634 2879 4705 Ἀμήν.

2737 4748 2982 4804 ΟΜῐΛΙΑ
3011 4748 3135 4805 AA'.

2143 4842 2245 4898 Δεῖ
2266 4843 2373 4897 τὸν
2389 4843 2758 4913 πιστεύοντα
2772 4840 3225 4913 μεταλλαγῆναι
3253 4841 3361 4897 τοῦ
3385 4840 3496 4895 νοῦ
3520 4834 3712 4913 αὐτοῦ,

2216 4914 2319 4967 καὶ
2350 4912 2587 4987 πάντας
2623 4906 3147 4987 τοὺς-’,λογισμοὺς
3188 4913 3275 4977 είς
3312 4914 3463 4987 θεὸν
3504 4906 3714 4987 qui“:

2217 5002 2370 5054 τειν,
2410 4985 2482 5038 ἐν
2508 4981 2601 5051 οἷς
2628 4985 2871 5052 ἀληθῶς
2897 4981 3086 5040 πᾶσα
3119 4983 3399 5037 διακονία
3437 4982 3541 5037 τοῦ
3582 4981 3713 5032 Θεοῦ

2216 5057 2369 5110 ἐστι.

2154 5202 2157 5205 ι
2223 5171 2306 5225 Α’.
2346 5172 2439 5223 Δεῖ
2467 5168 2559 5223 τὸν
2606 5168 2935 5223 πιστεύοντα
2988 5171 3162 5224 αίτεῖν
3222 5170 3317 5223 τὸν
3360 5169 3491 5222 Θεὸν
3537 5162 3714 5238 μεταλ-

2145 5263 2377 5333 λαγῆναι
2422 5262 2525 5330 τῆς
2575 5261 2954 5332 προαιρέσεως
2979 5260 3168 5324 αὐτοῦ,
3202 5260 3473 5331 μεταϐολῇ
3504 5255 3713 5329 καρδίας

2150 5353 2630 5427 μεταϐαλλομένης
2663 5352 2773 5407 ἀπὸ
2818 5351 3148 5424 πικρότητος
3176 5353 3256 5415 είς
3280 5350 3599 5421 γλυκασίαν,
3628 5345 3711 5399 καὶ

2149 5447 2536 5521 μνημονεύειν,
2587 5445 2709 5509 πῶς
2756 5446 2785 5497 ὁ
2830 5444 3030 5514 τυφλὸς
3083 5443 3229 5514 ίὰθη,
3263 5446 3296 5514 ἡ
3360 5438 3710 5514 αἱμορροοῦσα

2146 5543 2349 5610 ὁμοίως
2374 5538 2632 5609 ἁψαμένη
2669 5536 2763 5590 τοῦ
2797 5536 3104 5604 κρασπέδου
3138 5536 3333 5598 ἰάσεως
3366 5533 3541 5603 ἔτυχε,
3576 5527 3707 5581 λεόν-

2144 5649 2254 5688 των
2286 5632 2447 5701 φύσις
2470 5628 2758 5701 ἡμερώθη,
2790 5629 2961 5699 πυρὸς
3003 5630 3163 5696 φύσις
3214 5625 3509 5696 ἐνεκρώθηο
3545 5621 3619 5673 ὅτι
3652 5614 3707 5667 τὸ

2148 5726 2331 5795 ἄκρως
2368 5725 2531 5777 καλὸν
2574 5726 2603 5776 ὁ
2630 5723 2759 5787 Θεός
2791 5722 2927 5777 ἐστι’
2962 5720 3097 5791 πρὸς
3133 5719 3189 5773 ὃν
3220 5717 3457 5788 ὀφείλεις
3490 5724 3703 5777 συναγα-

521 5823 660 5881 'lsa.
695 5841 734 5895 ι,
774 5827 909 5895 5,6.
990 5830 1158 5886 “Luc.
1198 5834 1407 5899 vin“.
1490 5835 1508 5867 ⁷
1534 5836 1704 5904 Apoc.
1742 5852 1823 5909 ιιι,
1862 5836 1940 5892 10.
2022 5837 2039 5869 ⁸

2146 5836 2260 5891 .tth.
2294 5852 2419 5901 xxv,
2448 5836 2535 5899 42,
2569 5832 2657 5887 ιίῦ.
