3980 6430
255 402 367 468 799

1457 401 1830 464 HOMILIIE.
1862 427 1929 437 --
1963 401 2148 463 HOM.
2185 402 2400 462 XXXI.

3452 408 3558 473 730

258 519 382 587 γεῖν
414 516 507 571 τὸν
533 514 661 572 νοῦν
711 515 806 571 καὶ
847 514 975 580 τοὺς
1024 514 1340 586 λογισμοὺς,
1398 515 1494 569 καὶ
1537 515 1705 587 μηδὲν
1734 514 1854 569 ἄλλο

1968 514 2114 568 Deus
2170 515 2318 569 enim
2367 528 2644 567 summum
2690 514 2899 570 bonum
2949 517 3129 582 est,in
3179 533 3343 589 quem
3385 521 3557 578 dcb.s

259 610 489 673 ἐννοεῖν,
520 608 555 679 ἢ
598 608 699 679 τὴν
730 607 1064 680 προσδοκίαν
1097 607 1263 662 αὑτοῦ
1312 608 1573 678 καθορᾷν.

333 879 596 950 Β’.1”Ητω
627 875 723 933 οῦν
757 880 791 950 ἡ
822 878 969 951 ψυχὴ
1023 880 1101 945 ὡς
1153 882 1322 935 τέκνα
1381 882 1697 953 ῥεμϐόμενα
1732 899 1860 936 συν-

262 971 499 1041 άγουσα,
552 971 648 1024 καὶ
702 971 1033 1027 νουθετοῦσα
1084 974 1213 1037 τοὺς
1248 973 1357 1027 ἀπὸ
1417 975 1537 1044 τῆς
1586 975 1863 1045 ἁμαρτίας

260 1064 738 1135 ἐσκορπισμένους
784 1065 1103 1134 λογισμοὺς,
1152 1067 1419 1135 εἰσαγέτω
1458 1069 1539 1131 εἰς
1581 1067 1674 1121 τὸν
1713 1064 1862 1122 οἷκον

258 1153 360 1208 τοῦ
394 1152 647 1223 σώματος
679 1156 874 1224 αὐτῆς,
920 1155 1009 1207 ἀεὶ
1044 1157 1404 1226 προσδοκῶσα
1442 1157 1535 1211 τὸν
1568 1157 1777 1227 Κύριον
1800 1161 1861 1213 ὲν

259 1245 489 1316 νηστείᾳ
517 1245 614 1298 καὶ
642 1246 854 1317 ἀγάπῃ,
883 1247 1013 1300 πότε
1054 1246 1223 1301 ἐλθὼν
1246 1248 1309 1314 ἐξ
1332 1248 1592 1330 ἀληθείας
1626 1251 1862 1319 συναγά-

259 1354 351 1406 γοι
381 1336 573 1409 αὑτήν.
621 1338 846 1408 Ἀδήλου
872 1338 932 1392 δὲ
961 1338 1056 1393 τοῦ
1087 1339 1370 1410 μέλλοντος
1394 1342 1568 1405 ὄντος,
1591 1342 1861 1407 ἐλπιζέτω

259 1430 428 1483 πλέον
466 1430 549 1482 ἔτι
576 1429 655 1500 τῷ
698 1430 1012 1504 κυϐερνήτῃ
1074 1432 1255 1495 καλῶς
1314 1432 1706 1498 ὲπελπίζουσα,
1764 1436 1861 1489 καὶ

259 1522 683 1594 μνημονευέτω,
714 1522 831 1586 πῶς
870 1523 965 1576 καὶ
1006 1524 1174 1577 Ῥαὰϐ
1196 1523 1330 1577 οῦσα
1373 1525 1513 1595 μετά
1545 1525 1859 1595 ἀλλοφύλων

256 1613 583 1668 ἐπίστευσεν
619 1614 1005 1685 Ἰσραηλίταις,
1035 1616 1130 1669 καὶ
1162 1617 1283 1686 μετ’
1306 1617 1489 1670 αὐτῶν
1515 1616 1854 1690 κατηξιώθη·

257 1704 313 1757 οῖ
341 1704 399 1757 δὲ
441 1706 778 1777 Ἰσραηλῖται
810 1710 876 1778 τῇ
906 1709 1095 1779 ἀγάπῃ
1128 1710 1210 1773 είς
1246 1709 1522 1777 Αἴγυπτον
1554 1712 1858 1782 μετεστρά-

1965 606 2226 676 colligere
2261 613 2507 661 mentem
2562 615 2619 662 et
2666 608 3052 678 cogitationes.
3082 626 3188 665 nec
3229 611 3365 680 quid
3404 614 3556 668 aliud

1967 698 2155 754 animo
2193 700 2512 769 concipere,
2559 715 2725 770 quam
2776 702 3250 772 exspectationem
3302 706 3425 776 ejus
3475 707 3559 761 in-

1965 789 2132 843 tuerL

2038 881 2103 935 ll.
2139 879 2223 935 Sit
2262 879 2431 951 igitur
2451 879 2657 945 anima,
2684 879 2916 949 perinde
2945 895 3011 936 ac
3035 895 3159 950 quae
3184 880 3327 936 ﬁlios
3355 896 3559 951 vagan-

1964 979 2049 1026 tes
2079 970 2312 1041 colligit,
2346 979 2403 1025 et
2451 973 2725 1041 castigans
2759 970 3041 1040 dispersas
3079 987 3110 1025 a
3147 982 3374 1041 peccato
3409 970 3557 1040 cogi-

1962 1060 2222 1127 tationes,
2242 1061 2579 1130 inducatque
2606 1060 2664 1115 in
2685 1061 2913 1116 domum
2930 1062 3188 1131 corporis
3209 1063 3316 1127 sui,
3338 1076 3558 1131 semper

1962 1161 2288 1222 exspectans
2342 1153 2639 1207 Dominum
2705 1155 2761 1206 in
2837 1152 3051 1224 jejunio
3104 1162 3161 1207 et
3220 1152 3555 1215 dilectione.

1962 1245 2184 1315 quando
2216 1244 2447 1301 veniens
2475 1261 2606 1301 vere
2645 1260 2766 1300 eam
2791 1245 3031 1315 colligat.
3061 1245 3331 1299 Futurum
3371 1254 3556 1301 autem

1962 1351 2088 1391 cum
2120 1338 2193 1391 sit
2215 1336 2514 1401 incertum,
2548 1352 2616 1391 eo
2651 1336 2891 1407 amplius
2934 1345 3140 1407 speret,
3183 1337 3239 1391 in
3277 1338 3556 1407 guberna-

1964 1436 2085 1484 tore
2118 1438 2403 1499 spe‘recte
2430 1430 2740 1496 collocata;
2773 1438 2829 1485 et
2862 1438 3087 1485 revocet
3114 1429 3169 1483 in
3202 1429 3550 1495 memoriam,

1960 1522 2240 1591 quomodo
2281 1522 2433 1577 Raab
2475 1538 2601 1577 cum
2650 1522 2976 1593 alienigenis
3029 1538 3386 1585 conversans,
3426 1538 3551 1577 cre-

1961 1613 2105 1668 didit
2149 1614 2439 1679 Israelitis,
2483 1629 2789 1682 eorumque
2838 1614 3106 1668 societate
3158 1615 3321 1684 digna
3367 1614 3553 1669 habita

1959 1713 2067 1760 est.
2098 1705 2362 1760 Israelita:
2392 1714 2576 1760 autem
2608 1721 2676 1760 ex
2701 1721 2892 1760 amore
2932 1706 2989 1760 in
3024 1705 3319 1777 Egyptum
3346 1707 3555 1763 reversi

258 1812 462 1865 φησαν.
502 1795 589 1859 Ὦς
618 1794 713 1850 οὖν
735 1798 888 1853 οὐδὲν
908 1798 1112 1869 ἔϐλαψε
1156 1800 1255 1872 τὴν
1292 1801 1464 1856 Ῥαὰϐ
1491 1804 1525 1873 ὴ
1560 1802 1701 1873 μετά
1736 1802 1851 1857 τῶν

1962 1805 2113 1852 sunt.
2137 1796 2617 1862 Quemadmodum
2642 1812 2774 1867 ergo
2806 1797 2947 1851 nihil
2977 1799 3170 1852 nocuit
3209 1800 3361 1855 Raab
3398 1800 3557 1855 habi-

256 1887 574 1955 ἀλλοφύλων
606 1888 842 1960 οἴκησις,
892 1890 1008 1943 ἀλλ’
1049 1892 1082 1963 ἡ
1130 1892 1313 1954 πίστις
1353 1892 1600 1963 ᾠκείωσε
1638 1895 1707 1965 τῇ
1758 1910 1854 1964 με-

1962 1888 2100 1944 tatio
2132 1904 2261 1943 cum
2308 1888 2655 1959 alienigenis,
2697 1888 2794 1943 sed
2839 1887 2977 1943 ﬁdes
3028 1904 3150 1943 eam
3194 1890 3553 1947 domesticam

261 1979 373 2049 ρίδι
412 1980 521 2033 τῶν
569 1980 940 2051 Ἰσραηλιτῶνο
970 1982 1145 2047 οὕτως
1197 1984 1351 2037 οὐδὲν
1384 1984 1578 2055 βλάψει
1616 1985 1863 2057 ἁμαρτία

255 2075 386 2133 τοὺς
414 2072 473 2125 ἐν
495 2072 670 2126 ἐλπίδι
691 2075 786 2128 καὶ
816 2074 995 2128 πίστει
1020 2076 1112 2130 τὸν
1133 2075 1429 2148 Λυτρωτὴν
1453 2077 1860 2147 ἐκδεχομένους,

255 2160 323 2225 ὃς
339 2164 783 2234 παραγενόμενος
800 2165 1125 2235 μεταϐάλλει
1142 2168 1269 2230 τοὺς
1292 2167 1587 2238 λογισμοὺς
1625 2170 1727 2238 τῆς
1760 2166 1862 2237 ψυ-

256 2252 388 2326 χῆς,
411 2254 505 2307 καὶ
532 2259 676 2310 ποιεῖ
701 2256 898 2321 αὐτοὺς
918 2257 1151 2323 θεῖκοὺς,
1169 2259 1719 2329 οὐρανίους,ἀγαθοὺς
1736 2301 1750 2324 ,
1766 2259 1863 2315 καὶ

255 2346 504 2399 διδάσκει
534 2346 633 2418 τὴν
654 2346 833 2419 ψυχὴν
870 2348 1037 2419 εὐχὴν
1102 2349 1384 2419 ἀληθινὴν,
1426 2351 1859 2421 ἀπερίσπαστον,

256 2436 667 2508 ἀρῤἐμόαστον.
688 2439 784 2505 Μὴ
807 2439 1018 2507 φοϐοῦ,
1048 2442 1233 2510 φησιν,
1249 2440 1365 2511 ἐγὼ
1383 2441 1727 2510 ἔμπροσθέν
1743 2456 1862 2496 σου

258 2526 611 2595 πορεύομαι,
646 2526 743 2580 καὶ
769 2529 879 2597 ὄρη
937 2528 1185 2598 όμαλιῶ,
1216 2531 1401 2599 θύρας
1447 2529 1678 2600 χαλκᾶς
1709 2547 1861 2585 συν.

257 2618 475 2686 τρίψω,
540 2617 641 2671 καὶ
680 2619 956 2688 μοχλοὺς
1012 2620 1303 2689 σιδηροῦς
1353 2622 1703 2677 συνθλάσω.
1750 2621 1859 2676 Καὶ

262 2709 449 2773 πάλιν,
464 2708 755 2779 Πρόσεχε,
770 2712 927 2781 φησὶ,
944 2711 1180 2775 σεαυτῷ
1196 2711 1429 2781 μήποτε
1440 2711 1682 2781 γένηται
1692 2712 1861 2781 ῥῆμα

259 2800 622 2868 κρυπτὸνέν
636 2799 710 2868 τῇ
741 2801 954 2869 καρδίᾳ
971 2818 1089 2856 σου
1130 2802 1441 2870 ἀνόμημα·
1453 2802 1542 2871 μὴ
1578 2802 1759 2870 εἴπῃς
1792 2801 1863 2855 ἐν

260 2891 342 2962 τῇ
366 2893 577 2962 καρδίᾳ
599 2908 716 2947 σου
739 2908 754 2923 °
784 2894 967 2947 Τοῦτο
989 2895 1055 2947 τὸ
1076 2894 1255 2960 ἔθνος
1279 2894 1439 2949 πολὺ
1467 2895 1564 2949 καὶ
1583 2895 1856 2964 ἰσχυρόν.

336 2986 411 3039 Γ¹.
456 2985 582 3039 Ἐὰν
618 2985 693 3055 μὴ
733 2986 897 3054 ἡμεῖς
948 2984 1357 3055 χαυνωθῶμεν,
1390 2987 1486 3038 καὶ
1526 2985 1861 3055 παραδῶμεν

255 3075 362 3139 τὰς
391 3076 559 3145 νομὰς
581 3078 693 3139 τοῖς
718 3076 975 3138 ἀτάκτοις
1005 3076 1282 3145 λογισμοῖς
1311 3076 1411 3145 τῆς
1452 3078 1651 3140 κακίας
1676 3118 1691 3143 ,
1725 3076 1861 3131 ἀλλὰ

256 3169 340 3241 τῷ
386 3167 655 3239 θελήματι
704 3167 864 3238 ἡμῶν
908 3167 1157 3238 ἕλκωμεν
1217 3167 1310 3221 τὸν
1348 3167 1495 3234 νοῦν,
1547 3168 1859 3240 βιαζόμενοι

255 3234 389 3325 τοὺς
416 3234 887 3332 λογισμοὺς-πρὸς
918 3260 1009 3314 τὸν
1048 3234 1276 3332 Κύριον·
1319 3234 1559 3323 πάντως,
1583 3262 1612 3313 ὁ
1650 3234 1858 3333 Κύριος
1884 3234 1929 3296 C

255 3355 338 3425 τῷ
372 3355 639 3427 θελήματι
693 3354 858 3409 αὐτοῦ
902 3353 1186 3409 ἐλεύσεται
1241 3355 1377 3426 πρὸς
1431 3357 1601 3426 ἡμᾶς,
1656 3357 1753 3410 καὶ
1797 3356 1855 3423 ἐξ

255 3447 520 3519 ἀληθείας
551 3449 849 3515 συναγάγοι
893 3450 1041 3517 ἡμᾶς
1077 3446 1216 3518 πρὸς
1248 3449 1465 3502 ὲαυτὸν.
1494 3450 1654 3502 Πᾶσα
1690 3448 1800 3520 γὰρ
1821 3450 1855 3520 ἡ

252 3542 621 3613 εὐαρέστησις
678 3544 773 3594 καὶ
826 3543 859 3612 ὴ
914 3541 1163 3595 διακονία
1210 3541 1269 3592 ἐν
1318 3542 1431 3603 τοῖς
1484 3540 1856 3611 διαλογισμοῖς

254 3635 426 3686 ἐστιν’
458 3633 599 3687 ὥστε
636 3633 939 3686 σπούδασον
973 3633 1168 3701 ἀρέσαι
1199 3632 1279 3702 τῷ
1303 3632 1517 3702 Κυρίῳ,
1540 3632 1855 3703 προσδοκῶν

255 3722 421 3779 αὑτὸν
451 3724 538 3777 ἀεὶ
570 3722 794 3790 ἔσωθεν,
829 3724 1008 3795 ζητῶν
1038 3724 1204 3778 αὑτὸν
1232 3726 1290 3777 ὲν
1321 3726 1433 3787 τοῖς
1459 3724 1851 3794 διαλογισμοῖς,

254 3818 353 3872 καὶ
384 3816 709 3888 βιαζόμενος
746 3818 843 3873 καὶ
896 3817 1227 3887 ἀναγκάζων
1276 3816 1338 3871 τὸ
1394 3817 1590 3870 ἑαυτοῦ
1643 3818 1853 3889 θέλημα

255 3910 353 3964 καὶ
385 3909 484 3981 τὴν
519 3909 841 3982 προαίρεσιν
870 3950 885 3977 ,
919 3910 1056 3980 πρὸς
1098 3910 1261 3963 αὑτὸν
1313 3910 1403 3963 ἀεὶ
1452 3909 1851 3965 ἀνατείνεσθαι.

254 4002 367 4055 Καὶ
403 4002 504 4071 ὅρα
555 3999 673 4063 πῶς
707 4000 928 4071 ἔρχεται
976 4000 1114 4072 πρὸς
1142 4001 1225 4067 σὲ,
1260 4002 1355 4054 καὶ
1392 4000 1561 4073 μονὴν
1618 4003 1853 4055 ποιεῖται

255 4094 411 4165 παρά
456 4093 559 4149 σοί.
595 4094 762 4153 Ὅσον
791 4094 900 4165 γὰρ
946 4094 1199 4163 συνάγεις
1227 4094 1320 4147 τὸν
1350 4094 1476 4148 νοῦν
1524 4112 1618 4147 σου
1648 4095 1727 4158 είς
1753 4096 1853 4166 τὴν

254 4186 489 4257 ζήτησιν
532 4185 723 4250 αὑτοῦ,
770 4185 906 4240 πολὺ
952 4186 1117 4241 πλέον
1152 4186 1316 4249 αὐτὸς
1347 4186 1719 4255 ἀναγκάζεται
1747 4187 1853 4240 ὑπὸ

249 4283 355 4352 τῆς
392 4280 525 4345 ιδίας
548 4279 955 4349 εὐσπλαγχνίας
979 4280 1075 4333 καὶ
1101 4280 1474 4351 χρηστότητος
1503 4280 1683 4333 ἐλθεῖν
1715 4282 1854 4351 πρὸς

254 4372 339 4436 σὲ,
374 4374 471 4428 καὶ
497 4372 814 4428 ἀναπαῦσαι
849 4390 930 4428 σε.
964 4372 1206 4443 Ἕστηκε
1246 4371 1357 4443 γὰρ
1382 4370 1603 4444 θεωρῶν
1637 4388 1731 4425 σου
1760 4371 1853 4425 τὸν

250 4462 402 4526 νοῦν,
441 4464 567 4526 τοὺς
591 4463 999 4535 διαλογισμοὺς,
1022 4462 1121 4526 τὰς
1148 4462 1501 4532 ἐνθυμήσεις⁹
1535 4461 1851 4517 ἐπισκοπῶν

1964 1978 2212 2035 reddidit
2240 1979 2496 2049 partibus
2536 1980 2912 2035 Israelitarum
2941 1997 2954 2034 :
2986 1980 3061 2035 ita
3087 1990 3375 2051 peccatum
3412 1983 3553 2036 nihil

1963 2069 2115 2125 laedit
2140 2084 2258 2133 eos,
2290 2070 2385 2139 qui
2428 2070 2484 2123 in
2518 2085 2615 2138 spe
2657 2078 2715 2124 et
2744 2069 2851 2123 ﬁde
2899 2070 3308 2140 redemptorem
3358 2087 3559 2142 exspe-

1964 2170 2139 2226 ctant,
2170 2161 2266 2231 qui
2289 2160 2601 2216 adveniens
2646 2161 2902 2215 immutat
2939 2162 3303 2232 cogitationes
3335 2164 3556 2230 animae,

1964 2253 2256 2322 redditque
2299 2268 2394 2308 eas
2438 2252 2677 2318 divinas,
2720 2254 2997 2317 caelestes,
3044 2254 3254 2320 bonas;
3288 2262 3345 2309 et
3394 2256 3557 2311 docet

1962 2348 2205 2401 animam
2251 2361 2447 2401 verum
2491 2345 2756 2415 precandi
2798 2346 3047 2409 modum,
3077 2362 3190 2399 non
3226 2346 3555 2402 distractum

1963 2454 2069 2495 nec
2088 2440 2500 2510 vagabundum.
2532 2440 2613 2493 Ne
2638 2442 2849 2505 timeas,
2884 2440 3084 2509 inquit,
3107 2457 3200 2510 ego
3226 2450 3352 2495 ante
3378 2451 3427 2495 te
3449 2443 3553 2507 ibo,

1964 2540 2014 2587 et
2077 2542 2281 2586 montes
2328 2531 2642 2601 adazquabo,
2680 2539 2865 2601 portas
2924 2547 3103 2585 αδηερε
3171 2540 3467 2597 conteram,
3505 2540 3557 2586 et

1964 2636 2131 2681 vectes
2177 2627 2375 2696 ferreos
2419 2625 2757 2695 confringam
2799 2626 2841 2677 ’.
2900 2625 2971 2679 Et
3008 2640 3228 2679 rursum
3265 2642 3279 2679 :
3329 2625 3557 2679 Attende

1964 2720 2057 2773 tibi
2131 2719 2253 2789 ipsi,
2312 2718 2408 2784 ait,
2474 2718 2757 2787 nequando
2798 2717 3011 2771 verbum
3081 2716 3447 2770 absconditum
3496 2719 3555 2772 in

1962 2812 2118 2865 corde
2147 2820 2235 2864 tuo
2276 2809 2376 2879 ﬁat
2407 2810 2685 2880 iniquitas,
2729 2825 2795 2862 ne
2829 2809 2974 2863 dicas
2996 2811 3052 2863 in
3077 2810 3234 2863 corde
3263 2818 3391 2864 tuo:
3417 2809 3555 2865 Gens

1962 2900 2071 2953 Ιιαέ
2101 2914 2383 2952 numerosa
2421 2904 2497 2951 est
2530 2906 2580 2949 et
2624 2907 2809 2967 potens
2833 2898 2898 2950 ιο.

2034 2992 2123 3046 IlI.
2159 2990 2216 3045 Si
2250 3006 2351 3045 nos
2374 2989 2627 3045 socordia
2655 3006 2765 3044 non
2793 2990 3190 3055 dissolvamur,
3216 3005 3322 3045 nec
3354 2989 3555 3060 pabula

1962 3084 2309 3156 praabeamus
2327 3082 2708 3152 incompositis
2726 3080 3158 3152 cogitationibus
3180 3080 3405 3135 malitia:
3421 3122 3435 3145 ,
3456 3082 3554 3134 sed

1965 3178 2255 3232 voluntate
2293 3183 2483 3231 nostra
2529 3174 2819 3229 trahamus
2869 3175 3138 3240 animum,
3166 3183 3222 3229 et
3257 3175 3556 3244 compella-

1962 3284 2089 3325 mus
2120 3270 2486 3341 cngitationes
2524 3267 2592 3322 ad
2642 3268 2974 3334 Dominum;
3012 3266 3183 3321 dubio
3226 3268 3421 3337 procul
3452 3268 3558 3321 Do-

1964 3364 2151 3419 minus
2173 3372 2369 3434 sponte
2401 3378 2500 3417 sua
2525 3362 2711 3417 veniet
2738 3361 2804 3414 ad
2836 3374 2959 3423 nos,
3000 3368 3055 3413 et
3090 3374 3285 3415 revera
3314 3374 3553 3429 congre-

1958 3457 2109 3529 gahit
2138 3472 2240 3511 nos
2265 3456 2330 3511 ad
2360 3471 2420 3511 se
2467 3455 2667 3526 ipsum.
2715 3452 2909 3507 Omnis
2956 3452 3104 3505 cnim
3151 3453 3553 3521 complaccntia

1966 3560 2026 3606 et
2064 3550 2437 3605 ministerium
2462 3548 2515 3602 in
2541 3546 2973 3617 cogitationibus
2996 3545 3267 3599 consistit.
3284 3544 3555 3610 Quocirca

1957 3640 2232 3697 contende
2280 3648 2340 3695 ut
2388 3638 2607 3708 placeas
2634 3636 2892 3701 Domino,
2916 3644 3243 3704 exspectans
3264 3649 3390 3688 eum
3422 3651 3555 3703 per.

1956 3738 2126 3801 petuo
2169 3730 2422 3793 interius,
2488 3742 2743 3797 quaerens
2781 3742 2907 3781 eum
2974 3726 3029 3781 in
3085 3725 3549 3795 cogitationibus,

1956 3827 2013 3875 et
2041 3819 2378 3889 compellens
2392 3825 2557 3887 atque
2587 3816 2815 3886 ndigens
2842 3826 2989 3871 tuam
3014 3816 3188 3886 ipsius
3208 3816 3549 3872 voluntatem

1956 3920 2123 3981 atque
2152 3911 2543 3975 intentionem,
2564 3918 2625 3964 ut
2656 3909 2711 3964 in
2745 3925 2872 3964 eum
2904 3919 3178 3979 perpetuo
3204 3908 3496 3965 intendant
3532 3927 3549 3965 :

1955 4012 2013 4058 et
2047 4002 2294 4073 expende
2324 4017 2435 4071 qua
2490 4002 2703 4057 ratione
2729 4000 2883 4056 venit
2922 4001 2989 4055 ad
3019 4010 3091 4062 te,
3125 4011 3179 4055 et
3204 4002 3552 4057 mansionem

1955 4092 2089 4147 facit
2118 4092 2263 4163 apud
2305 4099 2379 4148 te.
2423 4091 2640 4159 Quanto
2662 4091 2811 4147 enim
2854 4091 3027 4161 magis
3058 4091 3272 4163 colligis
3300 4091 3550 4147 animum

1958 4193 2114 4240 tuum
2134 4184 2200 4238 ad
2230 4199 2360 4239 eum
2412 4183 2793 4253 quaarendum,
2838 4192 2993 4237 tanto
3027 4183 3203 4253 magis
3247 4184 3365 4253 ipse
3400 4199 3551 4238 corn-

1956 4276 2196 4346 pelletur
2227 4291 2258 4330 a
2291 4275 2515 4345 propria
2539 4274 2926 4330 misericordia
2972 4283 3139 4344 atque
3184 4274 3549 4346 benignitate,

1954 4378 2017 4424 ut
2047 4368 2233 4423 veniat
2262 4366 2331 4422 ad
2367 4374 2443 4435 te,
2477 4376 2534 4424 et
2564 4377 2614 4423 te
2639 4368 2931 4423 refocillet.
2972 4367 3140 4422 Fixus
3183 4368 3332 4423 enim
3363 4368 3551 4425 intue-

1958 4469 2048 4515 tur
2101 4471 2343 4515 mentem
2390 4467 2564 4524 tuam,
2594 4460 2963 4530 cogitationes
3014 4466 3072 4514 et
3128 4461 3550 4528 meditationes;

252 4556 376 4619 πῶς
423 4556 607 4627 ζητεῖς
636 4557 822 4623 αὑτὸν,
856 4556 951 4611 καὶ
982 4559 1027 4609 εἰ
1058 4556 1120 4621 ἐξ
1140 4554 1269 4627 ὅλης
1310 4555 1411 4626 τῆς
1444 4554 1623 4626 ψυχῆς
1652 4556 1849 4647 σουὲῖ

1962 4556 2120 4626 119
2144 4554 2503 4610 considerans
2532 4553 2812 4624 quomodo
2870 4568 3103 4622 quaeras
3122 4570 3249 4609 eum
3273 4597 3288 4620 ,
3306 4564 3363 4611 et
3388 4572 3455 4610 an
3484 4572 3553 4611 ex

252 4648 335 4720 μὴ
362 4648 605 4719 νωθρῶς,
639 4650 688 4703 εί
720 4648 796 4722 μὴ
836 4647 1078 4720 ἀμελῶς.

324 4833 398 4885 A'.
428 4831 539 4884 Kal.
563 4832 692 4885 ὅταν
718 4831 802 4903 ῖδῃ
840 4830 941 4902 τὴν
991 4830 1231 4902 σπουδήν
1266 4847 1360 4884 σου
1388 4828 1525 4901 πρὸς
1558 4830 1657 4899 τὴν
1680 4828 1845 4883 αὑτοῦ

250 4924 506 4994 ζήτησιν,
564 4925 692 4978 τότε
746 4923 1082 4995 φανεροῦται
1145 4924 1241 4978 καὶ
1323 4923 1674 4993 ἐπιφαίνεταί
1737 4939 1841 4987 σοι,

252 5015 350 5069 καὶ
381 5015 479 5085 τῆς
501 5014 669 5068 αὑτοῦ
724 5015 980 5085 βοηθείας
1018 5015 1369 5086 μεταδίδωσι,
1406 5017 1503 5069 καὶ
1538 5014 1640 5085 τὴν
1673 5014 1837 5085 νίκην

254 5122 339 5158 σοι
377 5107 544 5172 ποιεῖ,
577 5106 841 5176 ρυόμενός
867 5123 927 5159 σε
960 5107 1025 5159 ἐκ
1059 5106 1168 5159 τῶν
1219 5106 1430 5176 ἐχθρῶν
1469 5123 1585 5161 σου.
1616 5106 1838 5176 Θεωρή-

252 5215 357 5262 σας
390 5198 501 5270 γὰρ
536 5200 803 5271 πρότερον
827 5199 928 5271 τὴν
972 5200 1072 5271 σὴν
1100 5200 1238 5269 πρὸς
1260 5200 1423 5253 αὑτὸν
1455 5200 1706 5271 ζήτησιν,
1745 5199 1840 5253 καὶ

246 5291 328 5354 ὡς
356 5291 485 5363 ὃλην
510 5310 605 5346 σου
630 5293 731 5362 τὴν
763 5293 1092 5362 προσδοκίαν
1110 5293 1475 5358 ἀδιαλείπτως
1508 5294 1644 5365 πρὸς
1674 5293 1837 5348 αὐτὸν

244 5381 397 5452 ἔχεις
421 5396 435 5412 ⁶
462 5376 618 5447 οὗτος
649 5382 915 5447 διδάσκει,
962 5384 1056 5438 καὶ
1100 5383 1285 5438 δίδωσί
1323 5402 1404 5438 σοι
1447 5384 1615 5456 εὐχὴν
1656 5384 1845 5456 ἀληθι-

243 5473 372 5546 νην,
437 5476 661 5546 ἀγάπην
724 5475 1012 5547 ἀληθινὴν,
1067 5478 1192 5547 ἥτις
1222 5478 1370 5531 ἐστὶν
1420 5477 1587 5541 αὐτὸς
1646 5479 1705 5530 ἐν
1757 5475 1843 5529 σοὶ

244 5567 436 5622 πάντα
468 5568 815 5638 γιγνόμενος,
850 5569 1207 5639 παράδεισος,
1240 5568 1397 5635 ξύλον
1424 5567 1594 5637 ζωῆς,
1630 5586 1840 5640 μαργα-

242 5660 435 5734 ρίτης,
494 5661 784 5732 στέφανος,
860 5661 1164 5732 οἰκοδόμος,
1238 5661 1505 5735 γεωργὸς,
1571 5660 1835 5733 παθητὸς,

322 5842 472 5900 ’Isa.
499 5858 613 5911 xxv,
646 5844 709 5918 l.
780 5841 823 5875 ¹⁶
845 5842 1003 5899 Deut.
1035 5856 1133 5897 vn.
1176 5842 1267 5897 ‘27.

1954 4657 2068 4703 tota
2133 4646 2317 4703 anima
2379 4656 2513 4714 tua,
2553 4661 2740 4703 annon
2788 4646 3071 4717 segniter,
3124 4661 3309 4703 annon
3374 4647 3552 4717 negli-

1954 4749 2171 4812 genter.

2016 4833 2109 4890 IV.
2147 4834 2217 4890 Et
2245 4833 2340 4888 ubi
2370 4832 2578 4889 viderit
2606 4832 2953 4904 diligentiam
2985 4841 3159 4899 tuam,
3198 4832 3257 4887 in
3288 4846 3357 4888 eo
3389 4842 3547 4901 quae;

1944 4925 2120 4981 rendo
2152 4926 2480 4991 adhibitam,
2512 4934 2644 4979 tunc
2672 4925 3062 4980 manifestatur
3083 4933 3139 4979 et
3173 4932 3405 4995 apparet
3425 4924 3548 4989 tibi,

1944 5020 2325 5091 auxiliumque
2375 5034 2537 5075 suum
2583 5017 2902 5089 impertitur
2930 5060 2945 5086 ,
2998 5034 3063 5073 ac
3114 5017 3407 5073 victoriam
3442 5018 3546 5074 tibi

1946 5121 2240 5181 prteparat,
2266 5111 2511 5166 liberans
2548 5120 2600 5165 te
2629 5111 2698 5165 ab
2730 5110 2988 5165 hostibus
3018 5111 3153 5165 tuis.
3185 5109 3552 5181 Conspiciens

1947 5204 2095 5258 enim
2127 5204 2281 5273 prius
2310 5213 2465 5258 tuum
2503 5202 2787 5272 quaerendi
2838 5218 2967 5257 eum
3015 5203 3273 5258 ardorem
3298 5244 3313 5269 ,
3353 5211 3410 5257 et
3440 5218 3551 5273 quo

1945 5302 2109 5363 pacto
2135 5309 2355 5349 omnem
2390 5302 2540 5348 tuam
2571 5308 2724 5362 spem
2751 5293 3200 5349 indesinentcrin
3229 5295 3548 5350 eolocatam

1946 5383 2175 5449 habeas,
2219 5384 2311 5438 hic
2356 5383 2519 5439 docet
2573 5400 2715 5454 aque
2767 5385 2998 5456 largitur
3038 5402 3230 5441 verum
3282 5387 3546 5456 precandi

1943 5475 2193 5541 modum,
2253 5475 2613 5531 dilectionem
2676 5492 2888 5541 veram,
2916 5493 3041 5546 qum
3101 5486 3189 5533 est
3233 5477 3389 5547 ipse,
3451 5475 3547 5546 qui

1945 5567 2130 5622 omnia
2156 5566 2303 5638 apud
2344 5576 2397 5625 te
2422 5568 2502 5634 ﬁt,
2535 5569 2828 5639 paradisus
2850 5611 2864 5635 ,
2902 5570 3113 5641 lignum
3153 5570 3302 5635 vitae,
3329 5584 3548 5639 marga-
3602 5632 3613 5643 η,

1944 5660 2070 5731 rita,
2112 5674 2342 5730 corona,
2387 5661 2750 5730 architectus,
2776 5660 3040 5733 agricola,
3063 5662 3332 5733 patibilis,
3373 5660 3547 5734 impa-
3594 5722 3621 5734 μη
