3980 6422
486 399 593 469 731

1719 399 1781 457 S.
1822 393 2148 455 MACARII
2188 384 2515 452 IEGYPTII

3621 385 3706 450 73?.

491 512 689 576 tibilis,
721 511 907 573 homo,
939 510 1103 572 Deus,
1137 507 1328 562 vinum
1353 547 1367 571 ,
1397 521 1535 576 aqua
1570 507 1713 570 viva,
1742 504 1882 568 ovis,
1915 518 2083 573 spon-

2207 500 2422 571 ίπαοὴς,
2452 499 2758 570 ἄνθρωπος,
2787 495 2940 560 Θεὸς,
2976 491 3138 560 οἶνος,
3189 493 3334 566 ὕδωρ
3377 492 3502 561 ζῶν,
3534 500 3710 570 πρόσα-

493 621 610 674 sus,
637 606 893 672 bellator,
945 618 1118 667 arma,
1169 601 1353 656 omnia
1408 600 1464 653 in
1519 599 1777 654 omnibus
1801 599 2077 654 Christus.

493 696 967 764 Quemadmodum
988 709 1118 748 vero
1147 693 1330 747 infans
1359 707 1470 746 non
1503 692 1656 745 novit
1686 706 1744 746 se
1779 690 1958 760 ipsum
1980 706 2080 744 cu-

495 800 616 839 rare
645 785 731 839 vel
766 800 988 847 ornare,
1023 783 1119 838 sed
1151 783 1332 836 solum
1362 782 1553 835 oculos
1578 781 1855 835 convertit
1878 781 1945 835 ad
1965 796 2082 834 ma.

497 884 656 939 trem,
703 874 882 940 tlens,
926 874 1104 929 donec
1150 872 1532 928 misericordia
1583 881 1859 926 commota
1925 872 2081 926 illum

494 967 761 1036 suscipiat
801 983 814 1019 :
843 967 925 1021 sic
970 965 1160 1020 ﬁdeles
1188 966 1386 1018 anima;
1409 963 1465 1017 in
1497 964 1616 1018 solo
1643 964 1876 1018 Domino
1927 971 2084 1032 spent

495 1057 700 1113 habent
736 1068 1040 1129 perpetuo,
1083 1073 1301 1111 omnem
1335 1057 1609 1128 justitiam
1638 1057 1689 1110 ei
1741 1057 2080 1121 tribuentes,

494 1151 623 1218 quia
659 1151 801 1203 sicut
823 1149 940 1205 sine
971 1151 1080 1203 vite
1112 1149 1321 1218 palmes
1369 1149 1593 1214 arescit,
1630 1148 1712 1202 sic
1743 1163 1963 1217 quoque
1990 1147 2084 1217 qui

494 1241 702 1309 absque
749 1239 975 1294 Christo
1001 1238 1457 1308 vultjustiilcari.
1508 1238 1577 1292 Et
1617 1238 2084 1308 quemadmodum

496 1332 640 1387 latro
668 1341 753 1385 est
798 1340 856 1384 et
895 1331 982 1385 iur
1016 1373 1029 1394 ,
1062 1332 1148 1400 qui
1179 1345 1272 1399 per
1309 1331 1606 1400 ingressum
1650 1346 1752 1383 non
1780 1331 1968 1392 intrat,
1996 1329 2086 1382 sed

497 1420 713 1474 aliunde
756 1421 992 1474 ascendit
1017 1422 1056 1451 “
1088 1437 1102 1474 :
1134 1422 1209 1474 ita
1241 1420 1334 1489 qui
1380 1419 1500 1474 sine
1548 1420 1886 1490 justilicante
1915 1435 1975 1475 se
2009 1421 2090 1491 ip-

498 1525 618 1563 sum
649 1509 935 1581 justiﬁcat.

571 1695 638 1751 V.
703 1697 989 1752 Tollamus
1052 1710 1185 1766 ergo
1243 1709 1446 1766 corpus
1502 1708 1753 1752 nostrum
1787 1736 1802 1761 ,
1857 1705 1914 1751 et
1966 1709 2090 1751 con-

499 1797 781 1843 struamus
835 1788 1008 1843 altare
1055 1798 1114 1842 et
1160 1789 1686 1857 superimponamus
1721 1803 1917 1843 omnes
1979 1803 2085 1843 no-

2182 610 2296 658 τον,
2333 591 2589 660 νυμφίος,
2639 589 2996 660 πολεμιστὴς,
3043 589 3231 650 ὅπλον,
3283 589 3456 643 πάντα
3499 591 3554 642 ἐν
3601 594 3712 644 πᾶσι

2183 682 2440 752 Χριστός.
2483 681 2593 734 Καὶ
2616 678 2808 749 ὥσπερ
2841 682 2903 732 τὸ
2939 681 3132 750 νήπιον
3162 680 3263 732 οὐκ
3307 675 3442 733 οἶδεν
3475 680 3620 734 ἑαυτὸ
3641 681 3713 734 θε-

2187 771 2485 843 ραπεῦσαι,
2512 771 2545 840 ἢ
2571 769 2902 840 τημελῆσαι,
2940 771 3078 824 ἀλλά
3110 771 3270 841 μόνον
3299 770 3584 824 ἀποϐλέπει
3606 771 3716 838 πρὸς

2184 863 2285 933 τὴν
2337 863 2575 934 μητέρα,
2649 863 2836 916 κλαῖον
2887 862 3021 915 πότε
3075 863 3530 933 σπλαγχνισθεϊσα
3591 859 3718 915 τοῦτο

2187 957 2526 1027 ἁναλάσηται
2552 973 2566 986 ·
2585 957 2762 1018 οὕτως
2790 959 2849 1012 αι
2875 957 3066 1010 πισταὶ
3079 955 3253 1027 ψυχαὶ
3289 957 3432 1028 μόνῳ
3462 956 3538 1026 τῷ
3564 957 3721 1026 Κυρίῳ

2188 1048 2506 1112 ἐλπίζουσιν
2544 1050 2655 1112 ἀεὶ,
2684 1051 2868 1105 πᾶσαν
2898 1048 3250 1117 δικαιοσύνην
3274 1048 3419 1117 αὐτῷ
3456 1049 3723 1116 ἁπονέμου·

2189 1157 2307 1193 σαι.
2344 1141 2557 1213 Ὥσπερ
2584 1141 2694 1212 γὰρ
2731 1141 2901 1212 χωρίς
2927 1142 3024 1210 τῆς
3047 1140 3296 1210 ἀμπέλου
3351 1139 3412 1191 τὸ
3438 1139 3612 1208 κλῆμα
3637 1138 3723 1208 ψύ-

2187 1249 2364 1302 χεται,
2393 1233 2568 1296 οὕτως
2595 1231 2690 1286 xui.
2717 1236 2748 1287 6
2775 1231 2903 1288 ἄνευ
2935 1233 3172 1302 Χριστοῦ
3199 1231 3536 1287 δικαιοῦσθαι
3565 1230 3724 1283 θέλων.

2200 1327 2289 1390 Ὣς
2323 1330 2351 1381 ό
2383 1328 2588 1400 λῃστὴς
2635 1329 2732 1379 καὶ
2755 1329 2786 1379 ό
2838 1326 3077 1395 κλέπτης
3102 1327 3292 1387 -ἐστὶν,
3326 1329 3358 1379 ό
3396 1325 3483 1392 μὴ
3521 1323 3609 1376 διὰ
3639 1321 3729 1390 τῆς

2189 1419 2437 1472 είσόδου
2463 1419 2914 1488 εἰσερχόμενος,
2955 1416 3117 1470 ἀλλὰ
3150 1417 3494 1486 ἀλλαχόθεν
3524 1417 3732 1469 ἀναϐαί-

2190 1525 2314 1561 νων
2335 1526 2349 1541 ν
2381 1505 2555 1572 οὕτως
2590 1512 2620 1562 ό
2645 1512 2776 1564 ἄνευ
2805 1505 2902 1558 τοῦ
2938 1506 3278 1570 δικαιοῦντος
3319 1507 3494 1577 ἐαυτῷ
3523 1505 3730 1560 δικαιούο

2196 1615 2379 1669 μενος.

2267 1692 2343 1745 Ε’.
2387 1693 2648 1762 ’Λρωμεν
2675 1687 2772 1747 οῦν
2793 1693 2854 1746 τὸ
2885 1694 3048 1764 σῶμα
3077 1693 3256 1762 τοῦτο,
3304 1694 3400 1747 καὶ
3448 1693 3733 1761 ποιήσωμεν

2196 1783 2612 1855 θυσιαστήριον,
2641 1787 2737 1838 καὶ
2766 1785 3046 1854 ἐπιθῶμεν
3078 1787 3265 1840 ἐπάνω
3290 1787 3472 1839 πᾶσαν
3494 1785 3640 1855 ἡμῶν
3655 1783 3735 1851 τὴν

500 1889 651 1934 stras
676 1880 1078 1950 cogitationes,
1119 1895 1184 1934 ac
1229 1880 1594 1950 deprecemur
1631 1880 1925 1935 Dominum
1953 1919 1968 1940 ,
2033 1887 2092 1933 ut

2207 1875 2522 1946 ἐνθύμησιν,
2561 1878 2654 1930 καὶ
2715 1876 2998 1947 δεηθῶμεν
3042 1875 3136 1929 τοῦ
3187 1877 3421 1947 Κυρίου,
3464 1876 3548 1928 ἴνα
3577 1874 3737 1943 πέμψῃ

504 1969 689 2022 mittat
723 1985 755 2023 e
794 1969 934 2023 caelo
978 1969 1312 2024 invisibilem
1354 1978 1411 2023 et
1466 1984 1724 2039 magnum
1767 1969 1948 2039 ignem
1998 1968 2093 2038 qui

503 2071 797 2116 consumat
843 2062 1056 2124 altare,
1108 2073 1164 2116 et
1239 2062 1421 2116 omnia
1485 2078 1608 2131 qua:
1665 2062 1720 2116 in
1782 2076 1850 2115 eo
1917 2069 2091 2115 sunt:

505 2167 809 2222 omnesque
859 2153 1179 2208 sacerdotes
1236 2155 1360 2208 Baal
1409 2154 1628 2216 radunt,
1681 2168 1803 2222 qua:
1834 2160 1964 2207 sunt
1993 2151 2088 2206 ad-

503 2242 764 2297 versarize
793 2251 1096 2312 potestates
1127 2254 1391 2312 :tnmque
1422 2243 1542 2296 visu
1584 2241 1959 2311 percipiemus
1985 2241 2096 2310 spi-

504 2332 762 2388 ritualem
792 2334 1058 2402 pluviam,
1080 2334 1231 2387 velut
1253 2334 1545 2403 vestigium
1576 2333 1840 2395 hominis,
1866 2332 2097 2386 venien-

507 2431 617 2499 tem
647 2423 706 2478 in
752 2423 1012 2487 animam,
1045 2434 1105 2478 ut
1146 2424 1443 2493 impleatur
1470 2425 1526 2478 in
1561 2423 1724 2478 nobis
1754 2423 1940 2477 divina
1963 2437 2097 2491 pro-

505 2513 719 2578 missio,
762 2515 1229 2584 quemadmodum
1255 2516 1466 2570 dictum
1525 2525 1613 2570 est
1673 2515 1821 2585 apud
1854 2514 2099 2584 prophe-

507 2615 617 2661 tam
651 2623 666 2660 :
702 2606 921 2676 Erigam
965 2615 1016 2660 et
1068 2607 1398 2678 recediﬁcabo
1463 2608 1870 2663 tabernaculum
1905 2607 2096 2672 David,

505 2697 647 2768 quod
672 2696 970 2768 collapsum
1003 2708 1100 2762 est,
1142 2709 1192 2752 et
1219 2701 1400 2753 diruta
1433 2701 1547 2768 ejus
1579 2697 1914 2766 recedi/icabo
1937 2700 2002 2764 ¹¹;
2032 2705 2094 2752 ut

507 2793 748 2848 animam
779 2791 836 2845 in
862 2800 1026 2845 nocte
1056 2806 1121 2845 ac
1149 2792 1394 2846 tenebris
1436 2799 1713 2862 agentem,
1747 2792 1801 2844 in
1825 2791 2100 2845 ebrietate

511 2900 708 2954 nempe
758 2883 1104 2953 ignoranti-.13,
1156 2899 1254 2938 sua
1282 2884 1628 2954 benignitate
1661 2882 1930 2936 Dominus
1963 2882 2094 2936 illu-

509 2983 671 3039 stret,
708 2990 832 3042 qua:
882 2983 1073 3042 postea
1131 2974 1199 3028 ad
1220 2975 1582 3029 sobrietatem
1637 2975 1858 3030 rediens
1891 2975 2102 3044 absque

511 3065 852 3121 oll‘endiculo
871 3065 1139 3129 ambulet,
1165 3065 1276 3120 diei
1307 3066 1545 3136 viaeque
1589 3081 1757 3136 opera
1805 3082 2100 3137 peragens.

515 3160 631 3213 Illic
653 3159 801 3214 enim
836 3159 1002 3214 alitur
1043 3160 1249 3224 anima,
1302 3161 1398 3214 ubi
1435 3175 1659 3230 quoque
1697 3160 1835 3225 edit,
1883 3161 2001 3215 sive
2036 3161 2103 3216 de

517 3253 622 3307 hoc
658 3253 880 3317 stnculo,
936 3252 1051 3308 sive
1096 3252 1166 3306 de
1214 3252 1423 3323 Spiritu
1453 3253 1646 3308 divino
1683 3270 1697 3307 :
1728 3262 1786 3310 et
1821 3254 1936 3310 illic
1961 3253 2106 3310 Deus

509 3348 785 3411 nutritur,
818 3346 979 3411 vivit,
1006 3345 1313 3416 requiescit
1343 3353 1400 3400 et
1434 3355 1714 3400 versatur.

587 3537 676 3598 Vl.
708 3539 983 3596 Caeterum
1011 3537 1272 3607 quisque,
1297 3537 1344 3592 si
1373 3538 1527 3602 velit,
1559 3537 1799 3608 probare
1844 3553 1902 3594 se
1927 3537 2108 3608 ipsum

517 3639 720 3701 potest,
779 3629 928 3683 unde
976 3629 1279 3693 nutriatur,
1332 3628 1427 3682 ubi
1472 3629 1643 3693 vivat,
1679 3638 1737 3683 ct
1792 3629 1937 3699 apud
1972 3643 2113 3698 quos

517 3722 702 3792 degat,
741 3730 824 3786 ut,
857 3720 952 3774 ubi
987 3720 1091 3773 hoc
1126 3726 1286 3786 pacto
1316 3720 1674 3785 intellexerit,
1707 3730 1764 3774 et
1789 3731 2112 3776 accuratam

518 3809 873 3866 discernendi
901 3809 1218 3864 facultatem
1268 3820 1608 3864 consecutus
1653 3810 1842 3878 fuerit,
1880 3819 2018 3874 toto,
2041 3811 2111 3864 ad

519 3903 575 3958 id
603 3902 750 3973 quod
780 3903 985 3956 bonum
1015 3911 1118 3966 est,
1147 3902 1356 3972 impetu
1384 3903 1544 3973 plene
1585 3918 1644 3958 se
1691 3904 1871 3974 ipsum
1903 3903 2109 3957 tradat.

470 3985 752 4066 'lnsuper
815 3996 962 4050 inter
1039 3997 1377 4065 precandum
1452 4004 1618 4066 atque
1690 3997 1961 4051 orandum
2031 4005 2116 4050 at.

523 4088 688 4143 tende
757 4087 857 4141 tibi
923 4087 1067 4157 ipsi,
1141 4087 1445 4143 observans
1519 4089 1882 4160 cogitationes
1949 4098 2115 4159 atque

521 4179 876 4251 operationes
934 4179 1081 4234 unde
1151 4180 1263 4233 sint
1294 4222 1308 4246 ,
1377 4197 1406 4234 a
1442 4183 1554 4236 Deo
1581 4224 1595 4248 ,
1651 4198 1721 4236 an
1755 4183 1824 4237 ab
1851 4182 2114 4237 adversa-

525 4272 650 4328 rio?
697 4282 756 4326 et
804 4271 930 4342 quis
963 4271 1206 4340 praebeat
1237 4274 1560 4327 alimentum
1595 4275 1773 4338 cordi,
1826 4275 2112 4337 Dominus,

524 4375 596 4415 an
621 4359 901 4430 principes
920 4361 1112 4415 mundi
1141 4370 1200 4416 et
1228 4362 1415 4415 saeculi
1449 4362 1657 4432 hujus?
1685 4361 1842 4427 Quod
1873 4361 1965 4414 ubi
1990 4376 2119 4431 pro-

2197 1968 2258 2032 ἐξ
2287 1969 2520 2040 οὐρανοῦ
2551 1970 2613 2023 τὸ
2637 1971 2868 2043 ἀόρατον
2902 1971 2996 2023 καὶ
3027 1970 3170 2041 μέγα
3202 1969 3336 2039 πῦρ,
3365 1971 3459 2022 καὶ
3480 1969 3739 2036 καταφάγῃ

2195 2061 2258 2114 τὸ
2285 2061 2697 2131 θυσιαστήριον,
2730 2062 2824 2114 καὶ
2851 2062 3030 2115 πάντα
3055 2061 3124 2114 τὰ
3154 2061 3212 2112 ἐν
3243 2059 3415 2130 αὐτῷ.
3441 2060 3548 2112 Καὶ
3569 2059 3738 2119 πάντες

2195 2153 2246 2205 oi
2273 2153 2439 2220 ίερεῖς
2465 2153 2558 2205 τοῦ
2610 2154 2760 2206 Βαὰλ
2789 2153 3047 2215 πέσωσιν,
3095 2152 3303 2214 αἵτινές
3357 2153 3494 2204 εἰσιν
3533 2149 3741 2204 ἀντικεί-

2201 2261 2360 2313 juvat
2392 2244 2691 2314 ἐνέργειαν
2723 2245 2820 2298 καὶ
2849 2245 2971 2298 τότε
3000 2243 3247 2314 ὀψόμεθα
3276 2243 3370 2296 τὸν
3405 2240 3741 2312 πνευματικὸν

2199 2333 2374 2395 ὑετὸν,
2407 2334 2482 2396 ὡς
2513 2337 2658 2404 ἴχνος
2686 2335 2976 2405 ἀνθρώπου
3002 2336 3298 2406 ἐρχόμενον
3341 2337 3401 2390 ἐν
3433 2334 3594 2406 ψυχῇ,
3626 2332 3743 2386 ὥστε

2197 2424 2453 2494 γενέσθαι
2483 2427 2542 2478 ἐν
2587 2427 2721 2496 ἡμῖν
2763 2427 2863 2496 τὴν
2891 2425 2987 2479 τοῦ
3033 2424 3169 2478 Θεοῦ
3201 2426 3553 2494 ἐπαγγελίαν,
3593 2422 3747 2485 καθὼς

2200 2520 2414 2588 εῐρηται
2453 2520 2512 2570 ἐν
2533 2518 2610 2588 τῷ
2643 2520 2920 2590 προφήτῃ,
2961 2518 3315 2587 Ἀνορθώσω,
3349 2520 3448 2573 καὶ
3478 2516 3748 2573 ἀνοικοδοο

2194 2609 2375 2678 μήσω
2412 2609 2529 2678 τὴν
2567 2610 2813 2678 σκηνὴν
2841 2611 3020 2664 Δαόὶδ
3063 2610 3178 2678 τὴν
3235 2609 3630 2672 πεπτωκυῖαν,
3668 2605 3748 2659 καὶ

2201 2704 2273 2755 τὰ
2304 2702 2766 2772 κατεσκαμμένα
2813 2702 3004 2769 αὐτῆς
3035 2702 3494 2772 ἀνοικοδομήσω
3516 2719 3530 2732 ο
3570 2701 3649 2755 ἵνα
3671 2698 3750 2765 τὴν

2202 2795 2260 2846 ἐν
2298 2794 2454 2846 νυκτὶ
2507 2795 2603 2846 καὶ
2655 2793 2838 2846 σκότει
2883 2793 3251 2862 διαιτωμένην
3303 2792 3485 2861 ψυχὴν
3537 2793 3592 2845 ἐν
3636 2788 3749 2858 μέθῃ

2202 2884 2450 2951 ἀγνοίας,
2483 2887 2548 2955 τῇ
2585 2885 2693 2955 ίδίᾳ
2722 2885 3052 2955 χρηστότητι
3077 2885 3106 2936 6
3128 2885 3330 2953 Κύριος
3354 2882 3650 2952 ἐπιλάμψῃ,
3677 2878 3751 2932 καὶ

2203 2974 2390 3028 λοιπὸν
2421 2976 2746 3045 ἁνανὴψασα
2783 2977 2968 3045 ἐκείνη
2997 2975 3366 3043 ἀπροσκόπως
3407 2974 3562 3043 ὀδεύῃ
3593 2971 3654 3023 τὰ
3673 2969 3753 3036 τῆς

2205 3067 2422 3138 ἡμέρας
2461 3067 2553 3120 καὶ
2616 3066 2761 3137 ζωῆς
2812 3068 2950 3137 ἔργα
2993 3066 3316 3120 ἐπιτελοῦσα
3345 3081 3361 3096 ο
3415 3067 3616 3118 ἐκεῖθεν
3667 3060 3753 3130 γὰρ

2205 3160 2467 3226 τρέφεται
2491 3159 2659 3228 ψυχὴ,
2691 3159 2821 3213 ἔνθα
2866 3159 2962 3211 καὶ
2988 3159 3179 3221 ἐσθίει,
3205 3159 3327 3228 ἤτοι
3354 3160 3418 3210 ἐκ
3455 3157 3545 3208 τοῦ
3585 3153 3753 3212 αἰῶνος

2209 3250 2423 3312 τούτου,
2450 3249 2571 3319 ἦτοι
2606 3253 2670 3303 ἐκ
2695 3249 2788 3303 τοῦ
2826 3252 3144 3319 Πνεύματος
3174 3249 3268 3302 τοῦ
3295 3248 3435 3301 Θεοῦ
3458 3263 3472 3277 ’
3498 3236 3588 3301 κάξ
3605 3249 3630 3298 6
3649 3243 3755 3302 Θεὸς

2210 3342 2329 3396 ἐκεῖ
2361 3343 2645 3415 τρέφεται,
2684 3345 2779 3396 καὶ
2821 3342 2912 3414 ζῇ,
2973 3343 3070 3396 καὶ
3111 3343 3481 3406 ἀναπαύεται,
3535 3340 3623 3394 καὶ
3649 3340 3755 3392 ἀνα·

2213 3435 2531 3504 στρέφεται.

2285 3526 2375 3594 ς’.
2428 3529 2500 3581 Τὸ
2550 3527 2738 3583 λοιπὸν
2793 3528 3052 3592 ἕκαστος,
3100 3527 3147 3579 εί
3179 3525 3456 3596 βούλεται,
3501 3520 3756 3592 δοκιμάσαι

2213 3617 2408 3672 ἑαυτὸν
2445 3619 2691 3684 δύναται,
2717 3619 2882 3673 πόθεν
2910 3621 3192 3692 τρέφεται,
3223 3619 3317 3672 καὶ
3348 3619 3456 3671 ποῦ
3486 3619 3573 3688 ζῇ,
3611 3615 3693 3669 καὶ
3711 3613 3756 3662 ὲν

2213 3705 2294 3774 οἷς
2327 3714 2478 3764 ἐστιν
2503 3729 2520 3745 ·
2567 3713 2638 3765 ἵν’
2665 3712 2842 3776 οὕτως
2881 3714 3103 3782 νοήσας,
3134 3711 3228 3764 καὶ
3265 3709 3362 3780 τὴν
3419 3707 3616 3778 ἀκριὸῆ
3664 3703 3757 3756 διὰ-

2215 3819 2398 3873 κρισιν
2431 3806 2798 3874 κτησάμενος,
2823 3806 2891 3872 τῇ
2914 3804 3050 3874 πρὸς
3073 3803 3133 3856 τὸ
3165 3802 3372 3871 ἀγαθὸν
3406 3804 3550 3872 ὁρμῇ
3574 3795 3759 3853 τελείως

2214 3895 2410 3948 ἑαυτὸν
2465 3895 2658 3966 ἐπιδῷ.
2706 3896 2908 3949 Λοιπὸν
2955 3895 3396 3966 προσευχόμενος
3439 3895 3496 3946 ἐν
3652 3885 3757 3954 εὐχῇ

2215 3987 2454 4057 πρόσεχε
2476 3987 2708 4056 σεαυτῷ,
2737 3987 2950 4057 ἐπέχων
2973 3990 3085 4049 τοῖς
3100 3985 3380 4056 λογισμοῖς
3401 3984 3496 4038 καὶ
3512 3984 3621 4043 ταῖς
3635 3979 3759 4044 ὲνερο

2216 4079 2400 4148 γείαις
2429 4078 2596 4131 πόθεν
2622 4079 2782 4144 εἰσὶν,
2807 4081 2873 4131 ἐκ
2909 4075 3006 4130 τοῦ
3051 4077 3212 4142 Θεοῦ,
3240 4076 3273 4146 ἢ
3297 4078 3362 4127 ἐκ
3385 4073 3480 4126 τοῦ
3513 4068 3727 4126 ἐναντίου
3745 4103 3759 4130 ,

2219 4177 2319 4230 καὶ
2350 4176 2433 4239 τίς
2454 4177 2760 4248 προσφέρει
2786 4175 2996 4246 τροφὴν
3019 4176 3085 4244 τῇ
3122 4172 3340 4242 καρδίᾳ,
3369 4173 3399 4224 6
3430 4171 3642 4239 Κύριος,
3666 4164 3694 4234 ἦ
3724 4160 3760 4213 οί

2221 4269 2673 4338 κοσμοκράτορες
2714 4266 2810 4320 τοῦ
2827 4266 3026 4328 αῐῶνος
3060 4265 3272 4318 τούτου.
3309 4263 3419 4316 Καὶ
3462 4258 3762 4329 δοκιμάσασα

2219 4361 2318 4413 καὶ
2339 4359 2663 4428 ἐπιγνοῦσα,
2697 4353 2742 4412 ὦ
2765 4358 2934 4428 ψυχὴ,
2957 4353 3110 4410 αἰτοῦ
3139 4356 3231 4408 τὸν
3251 4353 3454 4425 Κύριον
3477 4355 3534 4404 ἐν
3551 4351 3681 4417 πόνῳ
3694 4341 3764 4396 καὶ

528 4452 748 4506 haveris
798 4459 857 4506 et
893 4454 1242 4523 cognoveris,
1294 4469 1328 4508 ο
1376 4455 1597 4520 anima,
1635 4464 1762 4524 pete
1804 4470 1835 4508 a
1885 4454 2103 4509 Dom‘int

2221 4453 2374 4524 πόθῳ
2427 4454 2634 4524 τροφὴν
2675 4452 2947 4521 οὐράνιον,
2995 4450 3089 4503 καὶ
3131 4447 3383 4518 αῦξησιν,
3416 4446 3512 4499 καὶ
3543 4437 3764 4514 ἐργασίαν

528 4560 660 4601 cum
692 4545 882 4599 labore
911 4555 966 4600 et
995 4546 1272 4601 desiderio
1303 4547 1488 4602 cibum
1523 4548 1827 4610 cmlostem,
1849 4556 1906 4601 et
1933 4547 2103 4602 incre-

2225 4545 2632 4618 Χριστοῦ,κατὰ
2653 4545 2712 4598 τὸ
2741 4545 3054 4614 εἰρημένονο
3074 4541 3266 4610 Ἠμῶν
3291 4538 3360 4593 δὲ
3382 4540 3449 4592 τὸ
3479 4535 3764 4599 πολίτευμα

530 4646 778 4693 mentum
807 4649 974 4709 atque
1005 4641 1382 4709 operationem
1439 4641 1667 4707 Christi,
1705 4642 1860 4712 juxta
1882 4641 1936 4695 id
1970 4641 2103 4710 quod

2220 4640 2290 4692 ἐν
2317 4636 2594 4706 οὐρανοῖς
2610 4635 2884 4704 ὑπάρχει·
2911 4636 3002 4688 καὶ
3025 4634 3127 4687 ούκ
3154 4635 3210 4686 ἐν
3237 4633 3478 4703 σχήματι
3509 4629 3594 4682 καὶ
3622 4623 3762 4688 τύπῳ.

528 4733 742 4789 dictum
772 4739 889 4788 est:
919 4732 1117 4787 Nostra
1144 4743 1323 4788 autem
1352 4737 1681 4790 conversatio
1712 4737 1765 4788 in
1794 4734 1937 4789 caelis
1955 4735 2116 4790 est":

531 4837 643 4876 non
670 4829 856 4877 autem
892 4823 946 4877 in
975 4833 1102 4894 typo
1122 4835 1182 4878 et
1212 4823 1409 4894 ﬁgura,
1434 4833 1498 4879 ut
1524 4819 1751 4894 quidam
1780 4827 2121 4881 existimant.

532 4914 674 4970 Ecce
698 4917 847 4970 enim
879 4932 1094 4980 eorum,
1131 4917 1226 4986 qui
1265 4917 1506 4986 speciem
1540 4918 1765 4987 pietatis
1791 4918 1971 4972 solum
2021 4919 2119 4972 ha-

532 5007 688 5073 bent,
719 5011 936 5064 animus
972 5019 1137 5080 atque
1167 5010 1485 5064 intellectus
1516 5009 1714 5066 similis
1743 5019 1829 5066 est
1859 5011 2068 5067 mundo
2100 5026 2118 5066 -:

534 5114 668 5154 ecce
727 5101 1027 5156 commotio
1095 5109 1153 5156 et
1204 5101 1494 5156 ﬂuctuatio
1549 5103 1852 5156 voluntatis
1905 5118 2121 5170 eorum,

535 5189 858 5246 inconstans
886 5191 1123 5258 animus,
1159 5191 1428 5246 timiditas
1449 5235 1464 5258 ,
1495 5203 1553 5250 et
1581 5204 1784 5255 metus,
1818 5195 2123 5248 secundum

537 5280 686 5350 quod
719 5281 928 5336 dictum
956 5289 1084 5349 est:
1119 5282 1184 5336 In
1213 5284 1462 5354 angustia
1495 5293 1543 5336 et
1583 5292 1811 5336 tremore
1839 5286 1942 5338 eris
1968 5299 2129 5356 super

541 5383 741 5428 terram
770 5373 815 5406 ιδ
845 5392 862 5428 :
897 5373 1219 5430 inﬁdelitate
1243 5385 1300 5430 et
1319 5376 1644 5431 confusione
1676 5375 1945 5430 “uvarum
1981 5378 2128 5447 cogi-

543 5463 812 5518 tationum
873 5472 1082 5534 quanto
1137 5475 1383 5535 tempore
1459 5467 1773 5536 agitantur,
1829 5476 1889 5520 ut
1927 5465 2126 5534 reliqui

541 5567 736 5610 omnes
800 5555 1089 5626 homines;
1144 5559 1331 5627 specie
1367 5558 1568 5625 solum,
1604 5574 1714 5612 non
1757 5559 1922 5612 etiam
1957 5558 2129 5612 animi

547 5647 828 5703 sententia
853 5647 1128 5705 dissident
1175 5649 1232 5703 bi
1270 5665 1303 5704 a
1342 5650 1581 5715 mundo;
1615 5661 1676 5703 et
1708 5664 1974 5720 corporea
2003 5664 2134 5720 pro-

2225 4731 2300 4794 ὥς
2323 4748 2467 4792 τινες
2499 4729 2834 4800 νομίζουσιν.
2883 4727 3015 4780 Ἰδοὺ
3049 4727 3180 4795 γὰρ,
3213 4723 3323 4777 τῶν
3351 4724 3621 4794 μόρφωσιν
3640 4714 3764 4800 euas-

2225 4824 2379 4887 ὖείας
2411 4824 2569 4895 μόνον
2601 4823 2834 4892 ἐχόντων
2875 4823 2903 4874 6
2930 4819 3057 4882 νοῦς
3117 4816 3211 4871 καὶ
3255 4819 3288 4887 ἡ
3322 4816 3531 4870 διάνοια
3557 4812 3684 4863 ἔοικε
3706 4799 3764 4870 τῷ

2229 4917 2442 4987 κόσμῳ.
2475 4917 2606 4968 Ἰδοὺ
2635 4917 2664 4968 6
2693 4913 2917 4984 σεισμός
2952 4914 3047 4966 καὶ
3071 4914 3099 4965 ὁ
3123 4911 3284 4973 σάλος
3312 4909 3414 4977 τῆς
3439 4901 3764 4987 προαιρέσεωξ

2231 4983 2433 5071 αὐτῶν,
2456 5009 2488 5076 ἡ
2523 5008 2757 5068 ἀστατος
2781 4983 3000 5075 γνώμη,
3024 5004 3056 5074 ή
3083 5001 3256 5056 δειλία
3288 5000 3384 5053 καὶ
3402 4999 3430 5052 ό
3453 4995 3624 5065 φόϐος,
3655 4983 3763 5041 κατὰ

2231 5101 2293 5154 τὸ
2321 5100 2633 5170 εἰρημένον,
2654 5099 2888 5152 Στένων
2904 5097 3004 5151 καὶ
3028 5096 3254 5164 τρέμων
3277 5092 3392 5161 ἔσῃ
3419 5089 3514 5144 ἐπὶ
3537 5085 3639 5153 τῆς
3659 5077 3764 5151 τῆς,

2234 5193 2375 5245 κατὰ
2405 5191 2500 5262 τὴν
2533 5190 2798 5244 ἀπιστίαν
2848 5191 2944 5243 καὶ
2997 5188 3260 5258 σύγχυσιν
3294 5186 3405 5238 τῶν
3437 5180 3666 5237 ἀστάτων
3695 5171 3764 5222 λου

2235 5282 2474 5352 γισμῶν,
2501 5283 2630 5340 ὅσας
2657 5281 2808 5349 ὥρας
2825 5280 3200 5349 σαλευόμενοι,
3228 5277 3303 5339 ὡς
3330 5277 3379 5329 οἱ
3408 5271 3576 5327 λοιποὶ
3603 5263 3765 5352 πάντες

2239 5345 2515 5446 ἀνθρωττοι
2540 5389 2553 5404 ·
2600 5345 2918 5444 σχήματιδέ
2948 5345 3097 5443 μόνῳ
3140 5371 3201 5422 ού
3238 5369 3334 5422 καὶ
3372 5367 3594 5434 νοήματι
3618 5345 3766 5416 διαφέ“

2231 5481 2422 5535 ρουσιν
2460 5466 2509 5517 οἱ
2538 5465 2773 5517 τοιοῦτοι
2801 5464 2896 5516 τοῦ
2939 5463 3170 5532 κόσμου,
3199 5464 3292 5515 καὶ
3324 5453 3638 5528 σωματικοῖς

2235 5557 2528 5626 ορθὼμασι
2554 5556 2650 5610 τοῦ
2706 5556 2812 5622 ἐξω
2857 5556 3173 5624 ἀνθρώπου,
3220 5553 3368 5624 τῇδὲ
3403 5545 3586 5619 καρδίᾳ
3605 5537 3688 5594 καὶ
3709 5537 3769 5634 ξῷ

2245 5650 2436 5719 κόσμῳ
2460 5649 2736 5719 σύρονται,
2766 5650 2863 5704 καὶ
2905 5649 3125 5719 δεσμοζ
3151 5646 3390 5718 γηῖνοις,
3418 5641 3508 5698 καὶ
3535 5636 3769 5711 μεριμνων

619 5823 652 5856 ¹¹
684 5824 846 5882 Joan.
889 5842 943 5894 ι,
1000 5827 1050 5882 1.
1129 5826 1168 5860 ¹²
1192 5828 1361 5885 Amos
1394 5829 1584 5895 tx,ll.
1661 5825 1974 5899 “.Philipp.
2013 5843 2099 5896 lli,

2207 5837 2234 5884 ι.
2312 5827 2351 5860 ⁸⁸
2380 5828 2518 5884 Gen.
2553 5844 2627 5896 tv,
2661 5827 2747 5882 12.
2807 5863 2814 5869 -
