3980 6428
274 417 386 483 ’133

1449 415 1819 477 HOMILI/E-
1854 442 1924 454 -·
1949 417 2136 476 ΗΟΜ.
2171 415 2423 479 XXXII.

3443 413 3548 478 734

282 533 580 602 ἀνωφελῶν
643 533 1062 605 ἐμπεριέχονται
1116 534 1214 604 τὴν
1245 534 1307 599 ἐξ
1362 533 1596 605 οὐρανοῦ
1637 532 1857 604 εἰρήνην

1967 531 2230 602 spcritatc
2279 529 2575 586 exterioris
2619 530 2893 596 hominis;
2926 527 3093 584 corde
3125 543 3257 584 vero
3286 536 3343 584 et
3368 530 3554 585 animo

274 631 342 684 ἐν
355 628 552 699 καρδίᾳ
574 627 649 697 μὴ
669 626 1022 696 κτησάμενοι,
1052 626 1234 690 καθώς
1260 644 1424 695 φησιν
1453 628 1482 680 ὁ
1515 622 1858 691 Ἀπάτη)λοῦ

291 721 373 773 ὅτι
400 720 470 773 Ἡ
493 717 703 786 εἰρήνη
727 718 838 771 τοῦ
894 717 1043 772 Θεοῦ
1058 716 1400 785 βραϐευέτω
1429 718 1499 771 ἐν
1560 716 1691 782 ταῖς
1723 733 1854 785 acap-

275 810 430 876 δίαις
460 809 649 879 ὑμῶν,
673 809 794 874 ἥτις
820 809 946 860 ἐστὶ·
968 808 1327 878 βασιλεύουσα
1357 808 1454 862 καὶ
1482 806 1863 872 ἀνακαινίζου-

281 921 353 958 σα
379 904 478 966 τὰς
516 901 627 956 τῶν
668 899 883 953 πιστῶν
923 901 1183 965 διανοίας,
1233 903 1292 954 ἐν
1339 901 1529 974 ἀγάπῃ
1559 899 1718 965 Θεοῦ,
1770 901 1864 953 καὶ

275 996 463 1064 πάσης
520 994 620 1064 τῆς
695 993 1073 1062 ἀδελφότητος.
1143 994 1281 1060 Δόξα
1333 995 1428 1047 καὶ
1491 993 1865 1065 προσκύνησις

273 1085 476 1158 Πατρὶ,
509 1088 605 1139 καὶ
647 1086 782 1158 Υίῷ,
817 1089 912 1141 καὶ
947 1087 1088 1157 ἁγίῳ
1131 1087 1432 1157 Πνεύματι,
1466 1088 1547 1150 είς
1571 1087 1699 1150 τοὺς
1729 1085 1864 1141 αἰῶ-

271 1193 394 1241 νας.
437 1177 635 1248 Ἀμήν.

873 1381 1116 1435 ΟΜΙΛῐΑ
1150 1381 1274 1436 AB'.

285 1467 364 1523 ἸΙ
393 1469 540 1534 δόξα
579 1471 699 1527 τῶν
735 1471 1112 1541 Χριστιανῶν
1156 1472 1278 1526 ἀπὸ
1317 1471 1425 1526 τοῦ
1473 1471 1592 1525 νῦν
1628 1471 1700 1524 ἐν
1732 1471 1863 1536 ταῖς

346 1542 550 1612 αὐτῶν
568 1544 798 1610 ψυχαῖς
825 1543 1087 1612 ἐμμένει,
1115 1543 1441 1611 μέλλουσα
1474 1543 1546 1595 ὲν
1571 1541 1650 1606 τῷ
1681 1541 1863 1612 καιρῷ

336 1611 467 1679 τῆς
522 1610 917 1677 ἀναστάσεως
973 1610 1416 1681 φανερωθῆναι,
1470 1610 1861 1681 καὶνδοξάσαι

344 1684 419 1736 τὰ
453 1682 697 1753 σώματα
736 1684 864 1736 κατ’
926 1680 1282 1753 ἀναλογίαν
1313 1682 1425 1752 τῆς
1449 1680 1650 1737 αὐτῶν
1677 1685 1860 1738 εὐσε-

348 1754 528 1819 ϐείας.

1966 624 2021 678 in
2053 622 2263 677 mundo
2294 621 2703 685 distrahuntur,
2732 632 2790 674 et
2823 620 3036 689 laqueis
3059 619 3320 682 terrenis,
3352 629 3409 674 et
3433 620 3558 674 inn-

1965 714 2144 768 tilium
2184 729 2445 767 curarum
2501 711 2879 783 implicantur,
2927 729 3119 782 pacem
3165 713 3450 768 cmlestem
3503 714 3559 769 in

1965 807 2134 861 corde
2180 821 2293 861 non
2321 806 2607 861 consecuti
2635 848 2650 872 ,
2681 806 3147 875 quemadmodum
3191 805 3371 874 inquit
3410 806 3558 874 Apo-

1965 900 2140 953 stolus
2169 913 2182 952 :
2221 897 2340 951 Paa:
2372 896 2465 950 Dei
2503 897 2737 967 palmam
2764 898 2906 966 ferat
2938 899 2993 951 in
3021 897 3262 951 cordibus
3290 898 3556 962 vestris”,

1965 1003 2088 1058 qua:
2141 991 2366 1057 regnat,’
2395 1002 2461 1040 ac
2489 996 2725 1039 renovat
2777 983 3024 1040 ﬁdelium
3060 986 3275 1041 animos
3317 987 3374 1040 in
3413 986 3557 1039 dile-

1949 1079 2150 1133 ctione
2178 1077 2277 1130 Dei
2329 1083 2385 1130 et
2415 1075 2566 1129 omni
2590 1073 2957 1130 fraternitate.
2992 1076 3179 1130 Gloria
3209 1085 3265 1130 et
3307 1075 3558 1129 adoratio

1968 1174 2142 1238 Patri,
2179 1172 2339 1242 120
2367 1179 2423 1226 et
2455 1171 2618 1239 Filio,
2657 1180 2714 1228 et
2766 1172 2995 1242 Spiritui
3026 1181 3216 1227 sancto
3249 1171 3308 1226 in
3333 1171 3555 1226 smcula.

1966 1267 2162 1323 Amen.

2482 1383 2770 1439 HOMlLlA
2813 1382 3034 1437 XXXII.

1965 1473 2148 1530 Gloria
2181 1473 2604 1528 Christianorum
2640 1492 2779 1528 nunc
2805 1477 2860 1528 in
2908 1475 3125 1528 illorum
3166 1473 3356 1526 animis
3387 1475 3554 1532 latet,

2035 1561 2152 1614 qua:
2185 1555 2417 1616 tempore
2453 1548 2852 1599 resurrectionis
2895 1553 3145 1615 emerget,
3175 1554 3224 1597 et
3264 1542 3556 1597 illustrabit

2035 1633 2258 1686 corpora
2284 1633 2379 1686 pro
2410 1617 2564 1670 modo
2589 1633 2769 1670 eorum
2797 1617 3028 1686 pietatis.

345 1861 426 1916 A'.
477 1862 541 1915 Δί
577 1861 673 1914 τοῦ
700 1861 904 1931 κόσμου
925 1860 1115 1914 τούτου
1145 1861 1389 1930 γλῶσσαι
1417 1863 1664 1933 διάφοροί
1695 1864 1804 1916 εἰσι
1839 1878 1853 1891 ⁸

2031 1859 2074 1913 Ι.
2112 1857 2336 1930 Linguae
2373 1860 2538 1930 hujus
2565 1860 2757 1914 mundi
2781 1860 2946 1915 variae
2967 1869 3117 1914 sunt.
3138 1859 3383 1926 Quilibet
3405 1860 3552 1914 enim

266 1954 476 2017 παντὸς
503 1953 611 2024 γάρ
638 1953 841 2020 ςὲθνους
898 1953 1003 2008 ἰδία
1059 1954 1282 2023 γλῶσσά
1333 1957 1483 2008 ἐστιν
1507 1973 1522 1988 ο
1554 1957 1603 2008 οἱ
1637 1955 1694 2009 δὲ
1723 1957 1860 2026 Χρι-

269 2047 484 2099 στιανοί⁸
540 2047 671 2116 μίαν
746 2049 842 2102 καὶ
893 2047 988 2101 νῦν
1040 2047 1292 2116 γλῶσσαν
1360 2047 1718 2118 μανθάνουσι,
1763 2046 1860 2099 καὶ

267 2138 384 2192 ὅλοι
407 2140 511 2193 ὑπὸ
542 2139 671 2210 μίαν
707 2142 901 2210 σοφίαν
945 2142 1291 2196 παιδεύονται
1328 2143 1424 2196 τοῦ
1470 2143 1628 2207 Θεοῦ,
1666 2143 1860 2211 σοφίαν

268 2229 334 2282 οὗ
356 2229 453 2284 τοῦ
477 2230 684 2300 κόσμου
717 2231 935 2294 τούτου,
978 2231 1104 2286 οὔτε
1145 2234 1240 2286 τοῦ
1282 2235 1480 2298 αἰῶνος
1517 2234 1611 2288 τοῦ
1645 2253 1858 2306 παρερ-

270 2320 530 2391 χομένου.
563 2321 672 2374 Kal
701 2323 775 2384 ὡς
819 2323 1219 2394 περιπατοῦσιν
1275 2327 1354 2389 εἰς
1383 2326 1482 2395 τὴν
1511 2326 1692 2378 κτίσιν
1724 2326 1860 2380 ταύ-

267 2429 374 2481 την
408 2413 456 2466 οἰ
501 2414 840 2485 Χριστιανοὶ,
908 2416 989 2479 εἰς
1035 2417 1362 2487 καινοτέρας
1397 2417 1525 2480 Θέας
1571 2419 1874 2489 οὐρανίους¹

270 2503 634 2574 ἐμπίπτουσι,
674 2505 768 2558 καὶ
791 2507 872 2570 εἰς
902 2505 1081 2572 δόξας,
1115 2509 1211 2561 καὶ
1261 2511 1560 2581 μυστήρια,
1592 2510 1702 2562 ἀπὸ
1752 2510 1860 2563 τῶν

272 2596 621 2666 φαινομένων
641 2597 1013 2667 λαμϐάνοντες
1044 2599 1144 2664 τὰς
1201 2603 1479 2671 ἀφορμάς.
1519 2602 1676 2654 Ἔστι
1702 2602 1859 2666 ζώων

270 2690 498 2760 ἡμέρων
533 2689 690 2760 γένη,
720 2684 833 2744 οἷον
891 2691 1058 2755 ἵππος
1099 2693 1192 2746 καὶ
1224 2693 1350 2763 βοῦς
1370 2709 1383 2722 ο
1415 2694 1645 2745 ἕκαστον
1679 2693 1860 2748 αὐτῶν

274 2781 409 2834 ἴδιον
439 2781 601 2851 σῶμα
646 2781 762 2852 ἔχει
837 2785 932 2837 καὶ
974 2783 1109 2837 ἰδίαν
1157 2786 1361 2855 φωνήν.
1399 2785 1471 2837 Τὸ
1500 2784 1635 2837 αὐτὸ
1682 2786 1776 2838 καὶ
1802 2787 1860 2838 ὲν

270 2873 386 2932 τοῖς
409 2870 622 2942 Θηρίοις
651 2886 666 2902 ·
691 2871 720 2923 ὁ
745 2869 884 2925 λέων
904 2873 1038 2926 ἴδιον
1083 2873 1246 2943 σῶμα
1283 2872 1396 2943 ἔχει
1450 2874 1543 2926 καὶ
1577 2872 1712 2926 ἰδίαν
1749 2891 1862 2942 φω-

271 2962 396 3032 νην,
441 2962 471 3014 ὁ
510 2962 709 3031 ἔλαφος
751 2963 954 3034 ὁμοίως
980 2980 992 2993 ·
1029 2964 1123 3018 καὶ
1154 2967 1211 3018 ὲν
1257 2968 1368 3028 τοῖς
1395 2966 1645 3035 ἑρπετοῖς
1671 2965 1859 3035 διαφο-

273 3053 347 3124 ρὰ
403 3053 596 3124 πολλὴ,
659 3055 755 3108 καὶ
805 3057 863 3108 ἐν
915 3057 1029 3119 τοῖς
1086 3059 1353 3120 πετεινοῖς
1382 3057 1552 3111 πολλὰ
1581 3057 1811 3125 σώματα
1841 3074 1854 3088 ·

269 3142 403 3197 ἄλλο
436 3142 597 3213 σῶμα
663 3144 762 3198 καὶ
821 3143 975 3216 φωνὴ
1020 3143 1204 3209 ἀετοῦ,
1237 3146 1330 3198 καὶ
1375 3144 1503 3199 ἄλλο
1547 3146 1709 3215 σῶμα
1763 3146 1858 3199 καὶ

1964 1952 2204 2020 populus
2251 1951 2532 2020 propriam
2579 1951 2822 2022 linguam
2857 1953 3045 2007 habet.
3087 1952 3388 2007 Christiani
3422 1969 3556 2007 vero

1961 2035 2182 2095 etnunc
2210 2057 2372 2095 unam
2409 2042 2665 2097 ediscunt
2699 2043 2964 2113 linguam,
2990 2051 3044 2097 et
3075 2058 3269 2098 omnes
3307 2043 3411 2098 sub
3449 2059 3560 2099 una

1963 2133 2232 2202 sapientia
2270 2133 2640 2199 erudiuntur,
2678 2135 2948 2204 sapientia
3004 2135 3265 2190 nimirum
3329 2135 3512 2189 divina
3540 2176 3553 2198 ,

1960 2240 2072 2277 non
2104 2225 2270 2295 hujus
2327 2225 2541 2291 mundi,
2585 2241 2767 2294 neque
2812 2224 2997 2279 saeculi
3029 2226 3438 2294 praetereuntis.
3485 2225 3555 2279 Et

1959 2313 2090 2368 licet
2123 2314 2178 2368 in
2214 2315 2302 2369 his
2330 2315 2531 2370 creatis
2583 2315 2751 2370 rebus
2793 2315 3080 2368 ambulent
3121 2314 3447 2380 Christiani,
3495 2315 3553 2368 in

1960 2420 2133 2460 novas
2163 2414 2349 2460 tamen
2408 2405 2710 2462 divisiones
2755 2408 3008 2460 caelestes
3038 2405 3313 2470 incidunt,
3348 2407 3404 2459 in
3435 2406 3554 2476 glo—

1961 2497 2121 2558 riam,
2155 2506 2210 2549 et
2259 2497 2313 2550 in
2347 2498 2627 2568 mysteria,
2684 2514 2714 2552 a
2749 2498 3065 2568 conspicuis
3119 2499 3286 2554 rebus
3331 2509 3552 2570 sumpta

1961 2587 2275 2642 occasione.
2307 2588 2644 2642 Animalium
2689 2598 3111 2644 mansuetorum
3159 2606 3361 2660 genera
3400 2602 3553 2656 sunt,

1961 2694 2142 2748 equus
2169 2688 2225 2734 et
2253 2679 2353 2735 bos
2395 2698 2408 2733 :
2453 2681 2887 2750 unumquodque
2920 2682 3113 2734 horum
3139 2683 3426 2752 proprium
3455 2683 3556 2736 ha-

1964 2773 2057 2828 bet
2111 2789 2314 2844 corpus
2361 2785 2417 2828 et
2466 2775 2746 2843 propriam
2783 2790 2995 2828 vocem.
3033 2775 3181 2828 ldem
3233 2774 3288 2828 in
3329 2775 3550 2843 bestiis;

1959 2859 2046 2915 leo
2078 2862 2364 2931 proprium
2409 2863 2578 2917 habet
2617 2879 2840 2933 corpus,
2885 2879 3076 2918 vocem
3117 2865 3436 2934 propriam:
3466 2866 3557 2920 iti-

1961 2953 2086 3007 dem
2115 2961 2171 3008 et
2192 2971 2407 3009 cervus.
2429 2955 2488 3009 In
2518 2956 2810 3025 reptilibus
2844 2973 3066 3027 quoque
3098 2957 3415 3012 dill‘erentia
3442 2975 3553 3013 non

1961 3046 2179 3116 exigua,
2215 3055 2381 3116 atque
2433 3047 2488 3100 in
2531 3048 2854 3103 volucribus
2888 3050 3219 3120 multiplicia
3257 3059 3386 3105 sunt
3433 3068 3556 3107 cor-

1962 3151 2099 3206 pora
2135 3155 2147 3190 :
2181 3137 2331 3192 aliud
2371 3155 2574 3210 corpus
2599 3148 2656 3194 et
2689 3156 2794 3194 vox
2828 3142 3047 3210 aquilre,
3085 3150 3141 3195 ct
3167 3141 3317 3196 aliud
3353 3161 3555 3212 corpus

273 3233 431 3306 φωνὴ
461 3235 784 3306 ὀξυπτέρου.
821 3237 902 3290 Τὰ
929 3238 1068 3290 αὐτὰ
1101 3238 1194 3290 καὶ⁹
1231 3240 1288 3291 ἐν
1329 3241 1395 3310 τῇ
1427 3239 1674 3310 Θαλάσσῃ
1697 3240 1813 3292 ἐστί
1841 3254 1856 3270 ⁸

1963 3239 2016 3284 et
2054 3245 2162 3284 vox
2191 3232 2468 3302 oxypteri.
2499 3233 2703 3288 Eadem
2731 3249 2950 3305 quoque
2977 3229 3187 3290 suntin
3229 3238 3404 3303 mari;
3435 3253 3557 3292 cor-

270 3324 507 3394 σὼματα
541 3326 713 3379 πολλὰ
745 3329 821 3398 μὴ
864 3328 1078 3382 ἐοικότα
1138 3331 1415 3402 ἀλλήλοις,
1447 3333 1541 3386 καὶ
1576 3335 1632 3385 ἐν
1678 3337 1742 3404 τῇ
1785 3337 1856 3406 γῇ

271 3415 569 3489 σπέρματά
603 3416 720 3472 ἐἰσι
782 3419 975 3486 πολλὰ,
1027 3421 1142 3474 ἀλλ’
1175 3423 1405 3478 ἕκαστον
1463 3426 1689 3496 σπέρμα
1726 3426 1858 3481 ἴδιον

271 3509 390 3580 ἔχει
440 3511 674 3582 καρπόν.
754 3513 864 3566 Kal
909 3514 1104 3585 δένδρα
1153 3516 1323 3570 πολλά
1361 3521 1499 3570 εἰσιν
1527 3535 1542 3550 ο
1591 3518 1710 3571 ἀλλ’
1749 3520 1858 3572 εἰσὶ

267 3603 467 3674 δένδρα
511 3604 766 3675 μείζονα,
802 3607 899 3659 καὶ
946 3608 1080 3674 είσὶξ
1106 3609 1295 3680 δένδρα
1356 3612 1677 3683 μικρότερα.
1749 3611 1859 3665 Kal

269 3695 437 3748 αὐταὶ
467 3696 523 3750 αἰ
557 3697 774 3768 ὀπῶραι
799 3699 1065 3771 διαφορὰν
1120 3701 1307 3772 ἔχουσι
1349 3704 1555 3773 πολλήν
1577 3719 1590 3732 ’
1626 3704 1856 3758 ἕκαστον

269 3785 382 3859 γὰρ
417 3785 595 3841 αὐτῶν
623 3790 760 3844 ἰδίαν
808 3792 1019 3859 γεῦσιν.
1059 3793 1171 3846 Kal
1220 3795 1358 3847 εἰσιν
1396 3791 1766 3864 βοτάναι,’κα“ι
1799 3798 1857 3852 ἐν

274 3876 470 3940 αὑταῖς
516 3877 771 3949 διαφοραὶ
823 3881 1038 3946 πολλαὶ,
1075 3883 1131 3936 αἱ
1173 3883 1274 3952 μὲν
1296 3886 1374 3948 εἰς
1421 3884 1611 3954 ὑγείαν
1643 3904 1858 3957 προχω-

275 3966 490 4040 ροῦσαι,
522 3969 581 4023 αἱ
638 3970 695 4023 δὲ
743 3973 824 4036 εἰς
861 3973 1091 4027 εὐωδίαν
1123 3975 1302 4045 μόνον.
1343 3975 1616 4031 Ἕκαστον
1659 3977 1715 4031 δὲ
1745 3978 1870 4033 τῶν.

271 4060 508 4132 δένδρων
569 4061 782 4117 ἔνδοθεν
831 4064 1052 4139 ἐκφέρει
1105 4067 1175 4120 τὰ
1231 4067 1505 4138 ἐνδύματα
1556 4069 1858 4139 φαινόμενα

273 4153 474 4223 φύλλα,
535 4156 630 4208 καὶ
673 4156 832 4225 ἄνθη,
871 4159 964 4212 καὶ
1020 4159 1288 4231 καρπούς.
1352 4160 1588 4231 Ὁμοίως
1638 4162 1734 4216 καὶ
1788 4162 1860 4216 τὰ

271 4241 570 4312 σπέρματα
607 4243 817 4298 ἔνδοθεν
865 4243 1140 4318 ἐνδύματα
1170 4251 1327 4322 φέρει
1381 4252 1686 4323 φαινόμενα
1708 4268 1722 4282 ·
1760 4255 1858 4306 καὶ

272 4331 416 4386 αὐτὰ
459 4334 529 4388 τὰ
558 4334 720 4404 κρίνα
763 4336 973 4392 ἔνδοθεν
1005 4340 1230 4414 ἐκφέρει
1251 4342 1551 4413 ἐνδύματα,
1595 4345 1692 4400 καὶ
1721 4344 1856 4400 καλ-

269 4423 502 4489 λωπίζει
529 4426 628 4498 τὴν
649 4425 834 4500 χλόην.

345 4603 434 4658 Β’.”
463 4605 621 4660 Οὕτω
655 4605 886 4662 καὶτῶν
915 4611 1260 4682 Χριστιανῶν
1289 4615 1404 4668 ὅσοι
1435 4615 1855 4687 κατηξιώθησαν

276 4697 613 4752 ἀπεικτεῦθεν
650 4702 962 4770 κτήσασθαι
998 4704 1060 4756 τὸ
1103 4707 1428 4777 ἐπουράνιον
1460 4709 1685 4779 ἔνδυμα,
1721 4709 1855 4763 αὐτὸ

271 4790 450 4844 ἐκεῖνο
476 4791 661 4860 έχουσι
690 4797 808 4857 ταῖς
830 4795 1032 4867 ψυχαῖς
1054 4799 1234 4852 αὐτῶν
1266 4803 1525 4870 ἐμμένον.
1558 4801 1669 4854 Kal
1700 4803 1853 4855 ἐπει-

271 4881 335 4953 δὴ
371 4882 478 4936 ἀπὸ
503 4883 637 4938 Θεοῦ
670 4886 1009 4957 προώρισται
1038 4890 1358 4963 διαλυθῆναι
1390 4895 1490 4963 τὴν
1513 4894 1695 4947 κτίσιν
1722 4894 1854 4948 ταύ-

272 4987 396 5041 την,
455 4974 552 5027 καὶ
602 4977 896 5048 παρελθεῖν
922 4980 1013 5033 τὸν
1050 4982 1277 5052 οὐρανὸν
1314 4985 1409 5038 καὶ
1453 4985 1552 5056 τὴν
1605 4987 1730 5056 γῆν,
1791 4987 1853 5040 τὸ

271 5062 523 5126 ἐνδύσαν,
565 5066 659 5119 καὶ
692 5067 923 5134 δοξάσαν
946 5070 1053 5122 ἀπὸ
1092 5071 1184 5124 τοῦ
1236 5072 1330 5125 νῦν
1360 5073 1565 5144 ἔνδυμα
1599 5076 1851 5146 οὐράνιον

268 5159 374 5230 τὴν
399 5158 598 5231 ψυχὴν,
645 5159 781 5230 ὅπερ
840 5161 1141 5231 ἐκτήσαντο
1198 5165 1256 5216 ἐν
1290 5167 1356 5235 τῇ
1416 5165 1638 5238 καρδίᾳ,
1675 5169 1851 5221 ἐκεῖνο

272 5249 369 5303 καὶ
425 5252 494 5303 τὰ
545 5250 730 5319 γυμνὰ
780 5250 1032 5321 σώματα,
1063 5252 1207 5324 ἆπερ
1255 5254 1574 5310 ἀνίστανται
1633 5257 1698 5310 ἐκ
1740 5257 1850 5309 τῶν

271 5339 484 5405 τάφων,
507 5339 581 5391 ’ἐν
613 5338 799 5409 ἐκείνῃ
835 5342 901 5408 τῇ
934 5340 1117 5412 ἡμέρᾳ
1140 5344 1210 5394 τὰ
1240 5342 1565 5412 ἐγειρόμενα
1593 5348 1845 5414 σώματα·

274 5427 415 5482 ἀλλὰ
445 5428 604 5498 δῆλον
654 5430 738 5483 ὅτι
787 5431 1076 5502 περιϐαλεῖ
1110 5431 1281 5486 ταῦτα
1314 5432 1500 5498 δόξαν·
1538 5435 1566 5488 ὃ
1614 5435 1723 5488 ἀπὺ
1757 5434 1850 5489 τοῦ

274 5517 372 5572 νῦν
411 5517 782 5589 λαμϐάνουσιν
827 5524 875 5574 οἱ
915 5523 1238 5594 Χριστιανοὶ
1291 5524 1430 5594 δόμα
1490 5525 1585 5577 καὶ
1645 5525 1852 5598 ἔνδυμα

271 5607 526 5679 ἀόρατον,
573 5613 667 5664 καὶ
705 5613 974 5683 οὐράνιον.
1020 5615 1232 5686 Ὥσπερ
1269 5616 1326 5668 δὲ
1380 5616 1448 5668 τὰ
1495 5617 1767 5688 πρόϐατα,
1816 5619 1849 5691 ἢ

273 5699 332 5754 αἰ
360 5700 608 5772 ,κάμηλοι
663 5703 856 5774 χόρτον
914 5705 1259 5776 εὑρίσκοντα,
1294 5707 1512 5778 λάϐρως
1555 5710 1647 5765 καὶ
1684 5709 1851 5775 ὀξέως

347 5855 389 5890 ³⁵
420 5857 629 5918 Coloss.
672 5877 751 5932 ιιι,
785 5859 873 5916 l5.

1881 4560 1935 4620 D

1961 3337 2093 3392 pora
2123 3326 2295 3377 multa
2326 3325 2475 3379 inter
2521 3341 2580 3380 se
2611 3327 2900 3380 dissimilia
2937 3345 2950 3379 :
2982 3339 3038 3381 ct
3071 3329 3128 3382 in
3165 3337 3309 3383 terra
3339 3331 3553 3386 semina

1960 3424 2091 3469 sunt
2126 3417 2321 3483 multa,
2357 3433 2552 3473 verum
2585 3420 3026 3489 unumquodque
3085 3436 3275 3476 semen
3315 3424 3557 3490 peculia-

1961 3522 2074 3560 rem
2128 3508 2295 3563 habet
2340 3509 2603 3565 fructum.
2646 3512 2844 3566 Itidem
2901 3514 3088 3567 multa:
3123 3525 3255 3568 sunt
3299 3515 3551 3578 arbores,

1958 3615 2152 3654 verum
2178 3612 2307 3656 sunt
2335 3603 2562 3658 arbores
2584 3645 2598 3670 ,
2631 3608 2880 3674 quaedam
2912 3608 3163 3670 altiores,
3193 3607 3444 3676 quzedam
3469 3624 3556 3660 ar—

1959 3693 2124 3748 bores
2147 3694 2494 3748 humiliores.
2521 3696 2627 3765 lpsi
2661 3713 2882 3766 quoque
2913 3701 3165 3751 autumni
3193 3699 3407 3753 fructus
3434 3716 3554 3753 ma-

1959 3800 2123 3855 gnum
2171 3785 2317 3839 inter
2355 3801 2412 3840 se
2446 3786 2700 3841 obtinent
2739 3788 3075 3854 discrimen;
3131 3789 3365 3858 quilibet
3406 3790 3551 3843 enim

1958 3892 2152 3932 eorum
2205 3878 2539 3946 peculiarem
2597 3879 2763 3934 habet
2831 3891 3076 3950 gustum.
3139 3882 3280 3936 Sunt
3333 3898 3553 3952 quoque

1958 3969 2105 4026 inter
2137 3972 2338 4026 herbas
2373 3972 2693 4027 discrimina
2719 3975 2889 4028 multa
2933 3992 2946 4027 :
2977 3975 3062 4028 ha:
3095 3975 3318 4044 quidem
3350 3975 3418 4028 ad
3469 3991 3553 4029 sa-

1958 4062 2189 4117 nitatem
2214 4062 2555 4130 conducunt,
2577 4065 2680 4119 illa:
2704 4081 2838 4118 vero
2865 4065 2934 4119 ad
2970 4065 3325 4136 fragrantiam
3353 4066 3553 4119 dunta-

1959 4161 2072 4206 xat.
2106 4153 2459 4224 Unaquaeque
2485 4171 2618 4210 vero
2649 4157 2910 4210 arborum
2938 4157 3086 4211 intus
3113 4157 3371 4227 producit
3399 4156 3552 4210 indu-

1958 4245 2145 4300 menta
2167 4287 2180 4310 ,
2211 4263 2334 4317 qua:
2356 4248 2612 4303 videmus
2647 4248 2800 4312 folia,
2845 4248 3008 4304 ﬂores
3039 4258 3096 4304 ct
3126 4251 3342 4304 fructus
3370 4267 3382 4303 :
3417 4249 3548 4304 item

1959 4337 2169 4391 semina
2195 4339 2341 4393 intus
2370 4341 2688 4409 producunt
2719 4342 3041 4396 indumenta
3064 4385 3078 4407 ,
3109 4357 3231 4412 qum
3265 4341 3546 4397 videntur.

1958 4425 2081 4495 Ipsa
2109 4430 2464 4497 quoquclilia
2487 4431 2638 4485 intus
2661 4431 2954 4501 proferunt
2983 4432 3220 4504 tegmina
3241 4470 3256 4497 ,
3289 4438 3346 4485 ct
3387 4447 3550 4486 exor-

1960 4525 2094 4570 nant
2117 4525 2343 4572 terram.

2032 4608 2096 4662 II.
2124 4607 2214 4664 Sic
2237 4625 2456 4680 quoque
2489 4619 2767 4681 quotquot
2796 4613 3242 4676 Christianorum
3285 4612 3417 4666 hinc
3458 4611 3546 4676 die

1960 4700 2052 4770 gni
2084 4707 2215 4754 sunt
2242 4702 2420 4756 habiti
2450 4705 2716 4773 consequi
2750 4705 3030 4760 cmlestem
3064 4706 3358 4780 amictum,
3390 4704 3545 4758 illum

1959 4792 2142 4862 ipsum
2195 4794 2404 4850 habent
2453 4795 2512 4848 in
2564 4796 2766 4850 animis
2813 4796 2929 4852 suis
2981 4804 3433 4851 commorantem.
3476 4797 3546 4852 Et

1957 4889 2222 4960 quoniam
2273 4907 2306 4945 a
2358 4890 2471 4945 Deo
2539 4891 2872 4961 praeﬁnitum
2929 4899 3045 4956 est,
3105 4899 3166 4945 ut
3211 4890 3543 4945 dissolvatur

1956 4990 2215 5036 creatura
2235 4982 2371 5047 haec,
2404 4989 2568 5052 atque
2599 4985 2798 5039 cwlum
2830 4991 2886 5038 et
2922 4991 3067 5038 terra
3102 4990 3414 5047 transeant,
3466 4981 3546 5036 in-

1959 5075 2287 5132 dumentum
2321 5077 2545 5131 caeleste
2574 5093 2722 5132 nunc
2763 5088 2953 5147 tegens
2991 5084 3048 5130 et
3087 5076 3373 5129 illustrans
3416 5073 3538 5128 ani-

1957 5183 2127 5233 mam,
2153 5167 2300 5237 quod
2341 5169 2593 5221 obtinent
2630 5169 2685 5220 in
2715 5168 2902 5231 corde,
2950 5166 3080 5220 illud
3113 5165 3261 5219 nuda
3317 5181 3540 5235 quoque

1959 5273 2210 5328 corpora,
2236 5275 2356 5328 qua:
2377 5269 2663 5328 resurgent
2685 5276 2752 5313 ex
2776 5259 3067 5329 sepulcris,
3093 5257 3148 5311 in
3182 5257 3271 5312 illa
3295 5257 3407 5322 die,
3431 5273 3540 5326 qua

1956 5365 2190 5419 corpora
2213 5349 2603 5404 excitabuntur
2628 5390 2642 5416 ,
2675 5349 2766 5404 illa
2801 5349 3064 5404 videlicet
3098 5347 3293 5401 induet
3333 5346 3535 5416 gloria;

1957 5441 2103 5510 quod
2139 5441 2345 5494 donum
2371 5450 2426 5494 et
2458 5441 2841 5496 indumentum
2894 5439 3172 5495 invisibile
3213 5455 3276 5493 ac
3315 5437 3539 5492 caeleste

1957 5545 2104 5584 nunc
2127 5539 2545 5606 consequuntur
2572 5531 2892 5586 Christiani.
2923 5528 3395 5597 Quemadmodum
3441 5543 3540 5580 an-

1956 5625 2067 5675 tem
2095 5636 2226 5675 oves
2271 5631 2367 5676 aut
2391 5621 2584 5677 cameli
2608 5622 2665 5676 in
2704 5621 2893 5677 fenum
2927 5620 3256 5686 incidentes,
3301 5617 3540 5672 inconti-

1958 5721 2157 5769 nenter
2184 5722 2240 5770 et
2273 5713 2528 5772 celeriter
2564 5713 2837 5772 accedunt
2863 5713 2929 5771 ad
2954 5712 3239 5786 pabulum,
3264 5719 3428 5782 atque
3451 5709 3507 5764 in
3521 5733 3542 5748 --
