3980 6424
504 375 613 441 735

1748 376 1811 435 S.
1853 374 2088 436 MACAI

2219 377 2544 441 EGYPTII
3198 398 3201 401 ’
3647 388 3735 451 736

506 492 739 549 cludunt
787 491 893 547 sibi
921 489 1283 555 alimentum;
1330 486 1469 542 liora
1524 494 1708 541 autem
1739 486 1901 543 famis
1957 489 2088 543 illud

2198 493 2593 564 προσέρχονται
2617 494 2732 557 τοῖς
2781 490 3059 565 βρώμασι,
3098 496 3194 551 καί¹
3220 494 3523 565 ἑγκλείουσι
3560 501 3738 572 τροφὴν

507 584 688 654 ipsum
742 599 774 637 e
826 581 1136 637 ventriculo
1183 580 1459 634 reducunt
1508 589 1567 633 et
1616 579 1940 643 ruminant,
1996 581 2093 635 ha-

506 675 749 744 bentque
780 675 934 729 velut
963 673 1311 737 alimentum,
1361 686 1485 741 quae
1516 680 1645 725 ante
1685 680 2044 739 reposuerant
2072 688 2086 725 :

504 762 587 817 sic
615 778 836 831 quoque
868 761 1185 832 quicunque
1222 777 1371 816 nunc
1407 776 1639 831 regnum
1677 762 1948 816 cmlorum
2001 778 2092 817 ra-

504 863 765 925 puerunt,
793 865 851 909 et
873 855 1153 910 caelestem
1184 852 1368 907 cibum
1394 853 1450 907 in
1482 852 1683 922 spiritu
1717 853 1970 908 viventes
1996 853 2094 909 de-

503 956 1068 1016 gustarunt.tempore
1116 944 1549 1002 resurrectionis
1596 961 1729 1000 eum
1779 946 1963 1017 ipsum
1993 947 2092 1001 ha.

509 1038 644 1093 bent
681 1046 958 1109 tegentem
991 1046 1047 1094 et
1076 1038 1350 1094 foventem
1379 1037 1566 1093 omnia
1591 1052 1787 1093 eorum
1819 1038 2089 1094 membra.

574 1257 665 1310 lll.
703 1254 1174 1322 Quemadmodum
1202 1270 1332 1325 ergo
1358 1253 1604 1308 diximus
1627 1252 1929 1309 discrimen
1969 1268 2091 1309 esse

506 1347 651 1402 inter
701 1347 931 1413 semina,
991 1345 1123 1416 quia
1174 1345 1501 1416 multiplicia
1568 1345 1623 1398 in
1667 1359 1835 1398 unam
1882 1354 2087 1399 terram

508 1438 661 1506 121
698 1439 966 1493 seminata
993 1438 1244 1493 diversos
1274 1437 1595 1508 producunt
1641 1436 1893 1502 fructus,
1946 1436 2092 1491 inter

502 1543 561 1583 se
587 1529 882 1584 dissimiles
908 1547 922 1583 :
960 1530 1148 1584 itidem
1170 1529 1238 1583 de
1259 1529 1556 1583 arboribus
1595 1528 1676 1583 sic
1694 1544 1752 1583 se
1778 1544 1868 1582 res
1898 1527 2088 1595 habet,

500 1621 763 1676 videlicet
813 1621 1080 1692 quasdam
1106 1636 1295 1675 earum
1354 1635 1477 1674 esse
1524 1620 1793 1689 majores,
1822 1619 2089 1688 quasdam

500 1713 770 1779 minores,
828 1729 994 1768 unam
1044 1721 1231 1767 autem
1297 1720 1501 1766 terram
1561 1711 1779 1765 radices
1837 1711 2087 1765 omnium

500 1805 790 1861 continere
819 1805 932 1859 :sic
984 1818 1207 1875 quoque
1255 1802 1502 1858 cmlestis
1555 1802 1805 1857 Ecclesia
1860 1816 1984 1855 cum
2016 1801 2089 1857 sit

502 1913 637 1962 una,
688 1897 1039 1951 innumerata
1077 1904 1183 1962 est,
1233 1895 1469 1965 quisque
1520 1902 1705 1948 autem
1732 1894 2090 1964 peculiariter

500 1998 803 2045 exornatur
831 2005 861 2043 a
884 1988 1065 2059 gloria
1106 1987 1369 2058 Spiritus.
1404 1986 1643 2042 Perinde
1674 1985 1821 2041 enim
1854 2000 1918 2039 ac
1938 1985 2094 2040 volu-

501 2096 624 2137 cres
651 2095 935 2149 ecorpore
983 2079 1307 2135 indumenta
1352 2080 1563 2132 alarum
1606 2078 1939 2149 producunt,
1976 2078 2093 2133 dis~

502 2167 713 2223 crimen
746 2177 929 2221 autem
957 2167 1215 2223 intereas
1253 2182 1364 2220 non
1396 2176 1481 2221 est
1517 2167 1809 2237 exiguum;
1839 2167 2089 2237 quasdam

499 2260 649 2315 enim
680 2258 907 2329 propius
944 2266 1145 2312 terram
1187 2258 1392 2319 volant,
1422 2258 1671 2327 qumdam
1701 2273 1835 2313 vero
1863 2259 1918 2312 in
1962 2275 2090 2317 aere

499 2352 722 2409 evolant
754 2368 766 2404 :
793 2358 887 2405 aut
931 2349 1403 2420 quemadmodum
1439 2350 1639 2404 crelum
1678 2367 1848 2407 unum
1898 2360 2002 2415 est,
2034 2362 2091 2407 et

501 2441 704 2495 multas
735 2440 790 2493 in
822 2454 879 2494 sc
918 2440 1108 2494 stellas
1152 2440 1420 2503 continet,
1460 2440 1560 2495 has
1588 2440 1810 2507 quidem
1839 2441 2089 2511 splendi-

499 2532 719 2597 diores,
755 2531 878 2585 illas
912 2531 1170 2603 majores,
1193 2531 1311 2585 illas
1329 2546 1460 2585 vero
1489 2531 1735 2588 minores
1770 2548 1783 2596 ;
1818 2532 2091 2588 universae

499 2639 633 2678 vero
662 2623 716 2676 in
751 2622 895 2678 cmlo
934 2621 1052 2677 lixa:
1098 2630 1229 2679 sunt
1258 2639 1271 2676 :
1301 2622 1380 2677 sic
1410 2637 1633 2694 quoque
1668 2623 1843 2678 sancti
1890 2623 1945 2678 in
1978 2639 2089 2677 uno

498 2715 641 2771 caelo
671 2714 881 2781 divino,
914 2722 971 2769 et
1015 2713 1071 2767 in
1104 2712 1367 2769 invisibili
1405 2723 1550 2768 terra
1594 2713 1969 2770 diversimodc
2002 2730 2092 2769 ra-

497 2808 651 2863 dices
679 2817 933 2878 egerunt.
968 2805 1162 2861 Itidem
1198 2822 1320 2878 qua:
1364 2805 1497 2861 Adae
1538 2806 1848 2864 obveniunt
1876 2807 2088 2878 cogita-

502 2898 706 2965 tiones,
740 2897 975 2951 diversa:
1006 2905 1137 2951 sunt
1174 2915 1187 2951 :
1226 2906 1282 2951 at
1309 2896 1553 2967 Spiritus
1588 2898 1646 2951 in
1687 2912 1783 2952 cor
1834 2898 2087 2963 veniens,

498 3004 665 3043 unam
712 2988 974 3058 producit
1002 2987 1391 3057 cogitationem
1450 2995 1507 3040 et
1557 3003 1726 3041 unum
1753 2990 2091 3059 corzsiqui-

498 3080 625 3135 dem
651 3080 747 3149 qui
783 3079 1045 3133 deorsum
1076 3087 1227 3143 sunt,
1260 3086 1317 3131 et
1344 3076 1438 3147 qui
1461 3092 1701 3146 sursum,
1730 3078 1799 3135 ab
1821 3095 1933 3135 uno
1986 3090 2107 3151 gu-‘

498 3171 808 3227 bernantur
837 3169 1070 3242 Spiritu.

2194 584 2408 648 ἑαυτοῖς
2431 600 2446 614 ο
2500 586 2561 637 tv
2596 584 2653 639 δὲ
2694 585 2874 656 καιρῷ
2909 586 3123 657 πείνης,
3162 588 3297 642 αὐτὸ
3333 589 3511 641 έκεῖνο
3561 590 3620 642 ὲκ
3655 592 3739 661 τῆς

2195 677 2405 741 κοιλίας
2419 676 2777 749 ἀναφέρουσι,
2810 678 2905 731 καὶ
2926 679 3412 751 ἀναμηρυκῶνται,
3444 682 3538 734 καὶ
3565 681 3741 752 ἔχειὼς

2193 771 2422 841 τροφὴν,
2449 770 2595 842 ἀπερ
2626 770 2949 841 ὲνεθηκίασε
2991 772 3278 843 πρότερον,
3309 772 3484 837 οὕτως
3520 776 3612 828 καὶ
3647 775 3744 828 ὅσοι

2194 862 2290 917 νῦν
2318 863 2581 934 ἥρπασαν
2609 863 2706 935 τὴν
2734 863 3015 934 βασιλείαν
3045 865 3154 919 τῶν
3190 866 3458 937 οὐρανῶν,
3490 866 3577 921 καὶ
3608 868 3746 934 ἐγεύ-

2197 972 2361 1008 σαντο
2382 956 2484 1026 τῆς
2520 957 2849 1027 ἐπουρανίου
2889 957 3149 1028 βρώσεως
3176 958 3235 1009 tv
3274 957 3545 1027 πνεύματι
3570 958 3747 1029 ζήσαν-

2194 1064 2308 1111 τες,
2330 1048 2483 1119 ἐντῷ
2514 1049 2694 1120 καιρῷ
2721 1052 2821 1120 τῆς
2849 1051 3202 1113 ἀναστάσεως
3234 1051 3367 1106 αὐτὸ
3395 1053 3573 1106 ὲκεῖνο
3590 1053 3748 1123 ἔχουσι

2196 1140 2483 1203 σκεπάζονι
2507 1140 2601 1193 κα)⁸
2639 1140 2846 1196 θάλπον
2872 1143 3052 1198 αὐτῶν
3080 1127 3268 1198 δλα’τά
3293 1144 3458 1215 μέλη.

2265 1232 2341 1285 l".
2367 1230 2567 1297 Καθὼς
2594 1233 2687 1287 οῦν
2718 1236 2946 1306 εἴπομεν
2972 1237 3072 1307 τὴν
3089 1236 3354 1307 διαφορὰν
3379 1237 3494 1290 τῶν
3525 1239 3749 1308 σπερμά·

2196 1342 2327 1392 των,
2360 1327 2444 1380 ὅτι
2486 1328 2657 1382 πολλὰ
2688 1330 2747 1383 tv
2779 1332 2877 1401 μιᾷ
2896 1333 2966 1400 γῇ
3010 1330 3319 1403 σπείρεται,
3354 1332 3452 1386 καὶ
3487 1332 3751 1404 διαφόρους

2193 1420 2441 1489 καρποὺς
2477 1421 2685 1488 δίδωσι,
2732 1424 2805 1494 μὴ
2845 1424 3094 1487 ἐοικότας
3141 1424 3422 1494 ἀλλήλοις·
3453 1426 3650 1495 ὁμοίως
3675 1426 3753 1477 καὶ

2194 1512 2461 1583 περὶτῶν
2485 1514 2741 1585 δένδρων,
2773 1515 2945 1569 ὃτιτά
2985 1516 3085 1586 μὲν
3117 1516 3298 1571 αὐτῶν
3332 1517 3443 1571 εισι
3481 1516 3666 1587 μείζω,
3695 1516 3753 1571 τὰ

2191 1605 2249 1658 δὲ
2306 1605 2631 1677 μικρότερα,
2672 1607 2769 1677 μία
2820 1608 2878 1661 δὲ
2908 1608 2981 1678 γῆ
3010 1609 3108 1671 τάς
3150 1608 3309 1679 ῥίζας
3340 1609 3482 1663 ὅλων
3525 1610 3749 1680 κατέχειο

2192 1693 2364 1759 οὕτως
2398 1696 2491 1749 καὶ
2522 1698 2555 1766 ή
2614 1696 2938 1769 ἐπουράνιος
2980 1698 3280 1767 Ἐκκλησία
3340 1699 3445 1770 μία
3480 1694 3632 1765 οῦσα,
3675 1700 3752 1753 ἀν-

2199 1788 2507 1858 αρίθμητός
2557 1790 2729 1853 ἐστιν,
2770 1791 2999 1854 ἕκαστος
3030 1790 3087 1843 δὲ
3124 1791 3271 1854 ίδίως
3298 1793 3639 1863 κεκόσμηται
3667 1793 3753 1844 ὑπὸ

2121 1860 2163 1917 Β
2193 1879 2290 1949 τῆς
2325 1879 2485 1952 δόξης
2522 1880 2616 1933 τοῦ
2666 1880 3008 1952 Πνεύματος.
3033 1883 3244 1954 Ὥσπερ
3297 1884 3409 1955 γὰρ
3450 1860 3756 1941 τάνπετεινὰ

2192 1970 2301 2024 ἀπὸ
2329 1973 2423 2025 τοῦ
2457 1973 2710 2045 σώματος
2740 1974 2807 2028 τὰ
2839 1975 3117 2046 ἐνδύματα
3147 1976 3255 2031 τῶν
3284 1978 3511 2049 πτερῶν
3531 1978 3755 2047 ἐκφέρει.

2190 2064 2424 2137 διαφορά
2456 2068 2513 2121 δέ
2564 2068 2715 2124 ἐστιν
2778 2071 2840 2123 tv
2882 2072 3066 2133 αὐτοῖς
3126 2070 3297 2145 πολλή
3327 2088 3342 2103 -
3395 2070 3467 2123 τὰ
3511 2069 3610 2140 μὲν
3665 2070 3755 2139 γὰρ

2192 2160 2615 2231 προσγειότερον
2657 2162 2941 2228 πέτανται,
2969 2162 3037 2218 τὰ
3077 2163 3132 2215 δὲ
3170 2164 3227 2217 tv
3256 2164 3378 2233 ἀέρι
3413 2164 3665 2218 ἴπτανται
3688 2181 3700 2195 ·
3728 2164 3755 2231 ἦ

2190 2249 2380 2320 ὥσπερ
2409 2251 2437 2303 ὁ
2482 2252 2709 2322 οὐρανὸς
2742 2246 2824 2316 εἷς
2846 2253 2987 2318 ἐστι,
3014 2254 3109 2308 καὶ
3136 2253 3250 2327 ἔχει
3280 2254 3514 2316 πολλοὺς
3542 2255 3755 2325 ἀστέρας

2190 2344 2248 2395 tv
2284 2343 2485 2414 ἑαυτῷ,
2519 2347 2643 2411 τοὺς
2666 2345 2768 2416 μὲν
2786 2346 3224 2420 λαμπροτέρους,
3253 2349 3381 2412 τοὺς
3411 2349 3471 2405 δὲ
3500 2350 3753 2419 μείζονας,

2189 2437 2320 2499 τοὺς
2356 2437 2411 2489 δὲ
2453 2440 2835 2511 μικροτέρους,
2866 2439 2977 2493 ὅλοι
3008 2439 3066 2496 δὲ
3100 2442 3158 2493 tv
3186 2439 3407 2511 ούρανῷ
3434 2441 3757 2511 πεπηγμένοι

2191 2524 2331 2577 είσίν
2356 2542 2371 2557 ο
2396 2525 2569 2590 οὕτως
2601 2528 2695 2580 καὶ
2732 2528 2781 2579 oi
2825 2528 2973 2596 ἀγιοι
3005 2530 3063 2581 tv
3098 2529 3179 2581 ἑνὶ
3213 2529 3437 2601 οὐρανῷ
3466 2530 3567 2601 τῆς
3591 2530 3758 2598 θεότη-

2190 2633 2305 2679 τος,
2350 2619 2445 2671 καὶ
2489 2621 2549 2672 ὲν
2596 2622 2663 2689 τῇ
2692 2620 2912 2692 ἀοράτῳ
2960 2624 3030 2694 γῇ
3081 2621 3355 2695 διαφόρως
3418 2621 3757 2695 ἐρριζωμένοι

2191 2709 2351 2764 εἰσίν.
2400 2710 2634 2780 Ὁμοίως
2660 2712 2717 2764 δὲ
2755 2713 2850 2765 καὶ
2878 2714 2927 2765 οί
2953 2714 3033 2775 είς
3063 2712 3227 2769 αὐτὸν
3283 2713 3374 2765 τὸν
3423 2714 3599 2787 Ἀδὰμ
3630 2713 3757 2780 λογι-

2193 2803 2324 2873 σμοὶ
2348 2803 2660 2875 ἐρχόμενοι,
2699 2804 2951 2877 διάφοροί
2996 2808 3101 2863 είσι
3122 2818 3138 2835 ⁸
3188 2806 3249 2859 τὸ
3278 2805 3333 2859 δὲ
3363 2806 3596 2877 Πνεῦμα
3618 2807 3673 2859 tv
3702 2806 3754 2875 τῇ

2190 2892 2391 2967 καρδίᾳ
2445 2893 2764 2965 ἐρχόμενον,
2823 2895 2922 2947 ἕνα
2973 2895 3234 2966 λογισμὸν
3288 2898 3441 2949 ποιεῖ
3522 2897 3614 2950 καὶ
3645 2896 3755 2966 μίαν

2192 2985 2424 3055 καρδίαν
2449 3004 2464 3018 ·
2502 2989 2550 3041 οἱ
2584 2987 2736 3041 κάτω
2761 2988 2871 3063 γὰρ
2899 2988 2994 3043 καὶ
3021 2991 3070 3044 οἱ
3100 2988 3214 3043 ἀνω
3244 2989 3348 3045 ὑπὸ
3375 2990 3503 3054 ἑνὸς
3528 2988 3758 3060 Πνεῦμα-

2190 3091 2283 3139 τος
2315 3076 2446 3130 κυὸε
2456 3078 2709 3147 ρνῶνται.

570 3216 1140 3326 ίῦῗᾷιίίιῐέέέξξὲὶυί
1186 3257 1381 3314 volunt
1409 3258 1667 3313 animalia
1706 3259 1915 3314 biﬁda?
1940 3259 2088 3331 Quo-

2263 3253 2338 3307 A'.
2383 3252 2451 3306 Τί
2508 3253 2566 3307 δέ
2604 3254 2720 3308 ἐστι
2753 3255 2825 3311 τὰ
2872 3256 3195 3327 διχηλοῦντα
3222 3258 3376 3326 ζῶας
3418 3259 3638 3332 Ἐπειδὴ
3663 3261 3756 3327 τοῖς

499 3352 647 3406 niam
671 3349 891 3404 duobus
927 3349 1207 3420 unguibus
1229 3349 1484 3404 celeriter
1508 3350 1653 3403 viam
1674 3350 2001 3418 conficiunt,
2029 3350 2085 3404 in

501 3444 732 3514 ﬁguram
759 3443 943 3511 posita
994 3449 1121 3497 sunt
1151 3457 1371 3508 eorum,
1402 3442 1495 3511 qui
1528 3442 1584 3495 in
1622 3443 1741 3513 lege
1776 3452 1925 3499 recte
1965 3459 2086 3497 am-

500 3535 716 3591 bulant.
749 3533 1222 3600 Quemadmodum
1270 3543 1454 3588 autem
1500 3533 1697 3588 umbra
1736 3534 1988 3607 corporis
2027 3535 2086 3589 in

496 3628 693 3683 eodem
720 3640 951 3696 corpore
989 3634 1093 3691 est,
1146 3634 1202 3679 at
1231 3624 1469 3680 oliicium
1501 3625 1685 3680 carnis
1716 3625 1947 3695 implere
1988 3641 2086 3680 nc-

496 3720 618 3791 quit
651 3736 666 3773 :
695 3718 891 3772 umbra
944 3717 1094 3771 enim
1144 3718 1371 3771 vulnera
1419 3717 1647 3788 alligare
1692 3717 1927 3786 nequit,
1981 3732 2087 3771 nec

497 3812 685 3867 cibum
728 3811 976 3881 prmbcre
1021 3819 1118 3863 aut
1167 3810 1319 3879 loqui
1368 3826 1382 3862 :
1421 3810 1489 3863 ab
1541 3811 1663 3880 ipso
1721 3810 2086 3866 nihilominus

497 3918 731 3973 corpore
755 3912 959 3966 manat,
994 3912 1051 3957 et
1080 3903 1399 3971 praecedens
1442 3900 1795 3972 praesentiam
1837 3902 2087 3974 corporis

496 3995 750 4050 declarat
776 4012 789 4048 :
815 3994 881 4048 ad
908 3994 1169 4048 eumdem
1202 3994 1427 4048 modum
1452 3994 1540 4047 lex
1575 4002 1737 4047 vetus
1764 3991 1963 4047 umbra
2002 4002 2089 4049 est

498 4085 628 4140 novi
664 4085 978 4141 testamenti
1001 4084 1066 4136 ιδ.
1100 4084 1493 4138 Praamonstrat
1522 4091 1708 4137 autem
1754 4082 1950 4137 umbra
1987 4098 2085 4138 ve—

497 4175 741 4241 ritatem,
770 4184 827 4231 at
858 4173 1231 4229 ministerium
1265 4172 1505 4244 Spiritus
1535 4188 1646 4225 non
1674 4171 1933 4227 obtinuit.
1965 4172 2087 4227 Non

496 4270 648 4323 enim
679 4266 870 4336 potuit'
885 4265 1065 4318 Moses
1096 4277 1266 4317 carne
1290 4262 1529 4316 amictus
1558 4269 1855 4330 penetrare
1889 4277 2007 4325 cor,
2031 4268 2089 4318 et

497 4356 719 4412 auferre
751 4355 971 4409 sordida
998 4354 1327 4406 vestimenta
1351 4352 1711 4407 tenebrarum
1741 4368 1753 4403 :
1787 4350 1882 4405 sed
1907 4352 2087 4405 solum

498 4446 733 4517 spiritus
787 4460 818 4499 a
864 4445 1100 4515 spiritu,
1153 4452 1210 4498 et
1266 4442 1409 4514 ignis
1436 4442 1506 4497 ab
1546 4442 1659 4512 igni
1699 4442 1952 4497 dissolvit
1975 4442 2086 4496 vim

498 4552 884 4610 perversurum
931 4537 1308 4591 tenebrarum.
1356 4534 1724 4590 Circumcisio
1766 4550 1920 4606 ergo,
1963 4550 2087 4605 quae

496 4638 619 4685 erat
641 4630 697 4683 in
731 4628 1162 4699 lege,signi(icat
1198 4627 1737 4698 appropinquantem
1763 4643 1953 4681 veram
1976 4628 2086 4681 cir-

497 4720 891 4777 cumcisionem
934 4718 1152 4783 cordis,
1188 4729 1245 4771 et
1291 4718 1566 4787 baptisma
1611 4718 1749 4787 legis
1781 4717 1975 4771 umbra
2000 4725 2086 4772 est

496 4828 753 4869 verarum
808 4826 1017 4866 rerum.
1073 4809 1192 4863 Illic
1233 4808 1381 4862 enim
1414 4808 1677 4861 abluebat
1719 4821 1922 4877 corpus
1952 4825 1967 4861 :
1996 4807 2087 4862 hic

496 4920 630 4961 vero
660 4905 905 4958 animum
934 4917 1093 4957 coeno
1118 4901 1535 4971 coinquinatum
1569 4900 1842 4972 baptisma
1867 4899 2009 4973 ignis
2029 4907 2087 4955 et

497 4996 738 5066 Spiritus
763 5002 958 5065 purgat
987 5001 1044 5047 ct
1072 4991 1266 5046 abluit.

576 5202 635 5258 V.
668 5200 785 5256 lllic
814 5202 1073 5257 sacerdos
1097 5198 1475 5256 imbecillitate
1507 5195 1883 5252 circumdatus
1910 5197 2085 5267 ingre-

496 5294 750 5349 diebatur
784 5294 841 5347 in
868 5304 1077 5357 sancta,
1105 5303 1162 5347 et
1183 5309 1283 5364 pro
1309 5308 1368 5347 se
1395 5300 1451 5345 et
1474 5306 1573 5361 pro
1602 5291 1807 5362 populo
1840 5290 2086 5346 offerens

496 5386 812 5451 victimam;
850 5385 946 5439 hic
979 5400 1112 5439 vero
1142 5399 1311 5438 verus
1340 5381 1591 5453 pontifex
1616 5382 1869 5437 Christus
1914 5381 2087 5436 semel

499 5475 781 5547 ingressus
802 5485 887 5530 est
910 5477 965 5529 in
995 5492 1102 5531 non
1136 5476 1510 5528 manufactum
1537 5474 1955 5528 tabernaculum
1988 5502 2001 5539 ι
2033 5481 2091 5527 et

498 5584 799 5639 supernum
828 5568 1022 5632 altare,
1047 5575 1337 5638 promptus
1358 5565 1425 5620 ad
1468 5565 1817 5635 purgandum
1844 5580 1960 5629 eos,
1991 5563 2087 5634 qui

496 5660 859 5726 postulantab
882 5675 969 5726 eo,
1002 5670 1059 5714 et
1086 5658 1429 5731 inquinatam
1452 5655 1872 5712 conscientiam.
1901 5655 2090 5729 lnquit

1650 5750 1669 5771 /

572 5843 614 5875 "
639 5842 850 5900 Coloss.
882 5859 945 5913 ιι,
974 5848 1073 5912 l7;
1097 5845 1268 5902 Hebr.
1308 5862 1359 5913 x,
1387 5849 1439 5903 ί.

2190 3343 2345 3399 δυσὶν
2393 3345 2575 3410 ὄνυξιν
2610 3345 2815 3411 εὐθέως
2852 3352 3147 3419 περιπατεῖ
3168 3351 3269 3420 τὴν
3303 3350 3451 3418 ὁδὸν,
3485 3354 3567 3416 είς
3611 3350 3758 3405 τύπον

2192 3438 2370 3489 κεῖται
2396 3436 2505 3491 τῶν
2531 3438 2591 3489 tv
2620 3437 2699 3508 τῷ
2726 3438 2878 3510 νόμῳ
2906 3441 3293 3511 πορευομένων
3326 3442 3535 3515 ὀρθῶς.
3570 3444 3757 3514 Ὥσπερ

2188 3527 2246 3581 δὲ
2274 3529 2307 3598 ἠ
2339 3528 2468 3582 σκιά
2498 3530 2592 3583 τοῦ
2621 3530 2873 3601 σώματος
2896 3533 3154 3599 ὲξαύτοῦ
3187 3533 3282 3587 τοῦ
3316 3534 3579 3607 σώματός
3607 3538 3754 3601 ἐστιν,

2190 3621 2325 3673 ἀλλά
2377 3621 2652 3675 διακονίαν
2713 3624 2985 3696 σαρκικὴν
3038 3626 3327 3697 πληρῶσαι
3381 3629 3450 3685 οὐ
3514 3629 3755 3684 δύναταιο

2193 3716 2322 3768 σκιὰ
2361 3716 2472 3786 γὰρ
2512 3716 2804 3788 τραύματα
2850 3719 3110 3788 ἐπιδῆσαι
3155 3720 3216 3773 ού
3267 3719 3537 3789 δύναται,
3576 3719 3757 3793 τροφὴν

2189 3807 2393 3873 δοῦναι,
2427 3809 2719 3880 ἧλαλῆσαι
2745 3828 2761 3844 ο
2794 3811 2853 3875 ἐξ
2909 3812 3075 3866 αὑτοῦ
3125 3812 3179 3865 δέ
3223 3814 3338 3866 ἐστι
3372 3814 3473 3867 τοῦ
3507 3814 3753 3884 σώματος,

2191 3898 2286 3952 καὶ
2316 3899 2781 3970 προλαμϐάνουσα
2815 3902 2967 3973 δηλοῖ
2992 3904 3091 3975 τὴν
3118 3906 3429 3976 παρουσίαν
3464 3906 3559 3960 τοῦ
3589 3904 3755 3976 σώμα-

2188 4008 2279 4056 τος
2304 4008 2319 4024 ’
2360 3992 2535 4057 οὕτως
2580 3996 2676 4047 καὶ
2704 3998 2733 4049 ό
2789 3996 2952 4067 νόμος
3001 3999 3030 4049 ὁ
3064 3999 3291 4063 παλαιὸς
3340 4001 3477 4055 σκιά
3519 4003 3634 4054 ἐστι
3673 4000 3755 4068 τῆς

2190 4084 2385 4153 καινῆς
2412 4085 2713 4161 διαθήκηςο
2748 4090 3009 4159 προδηλοῖ
3034 4090 3089 4143 δὲ
3121 4092 3153 4163 ή
3191 4090 3318 4147 σκιά
3359 4091 3465 4163 τὴν
3496 4092 3752 4166 ἀλήθειαν,

2189 4176 2324 4228 ἀλλά
2354 4176 2635 4231 διακονίαν
2666 4178 2987 4249 Πνεύματος
3007 4180 3106 4233 οὐκ
3128 4176 3296 4251 εἶχεν.
3327 4182 3403 4233 Οὐ
3440 4181 3552 4253 γὰρ
3579 4180 3753 4252 ἡδύνα-

2189 4284 2251 4320 το
2277 4269 2516 4339 Μωῦσῆς
2548 4270 2726 4342 σάρκα
2757 4270 3227 4342 περισεϐλημένος
3264 4273 3536 4328 εἰσελθεῖν
3566 4275 3643 4337 είς
3670 4272 3753 4341 τὴν

2190 4361 2438 4433 καρδίαν,
2483 4363 2580 4415 καὶ
2622 4362 2920 4433 ἀφελέσθαι
2956 4364 3026 4416 τὰ
3069 4365 3292 4435 ῥυπαρά
3345 4365 3623 4437 ἐνδύματα
3673 4362 3752 4417 τοῦ

2194 4455 2445 4517 σκότους,
2480 4456 2531 4507 εί
2567 4454 2644 4527 μὴ
2675 4455 2896 4526 πνεῦμα
2931 4459 2997 4510 ὲκ
3050 4457 3383 4528 πνεύματος,
3433 4459 3532 4512 καὶ
3576 4458 3679 4527 πῦρ
3700 4456 3753 4507 ἐκ

2119 4570 2163 4624 ο
2192 4546 2363 4616 πυρὸς
2388 4545 2505 4599 λύει
2527 4548 2625 4618 τὴν
2644 4548 2873 4618 δύναμιν
2907 4549 3001 4602 τοῦ
3045 4548 3286 4622 πονηροῦ
3321 4550 3573 4614 σκότους.
3604 4549 3748 4630 ῌερι-

2188 4640 2329 4710 τομὴ
2360 4640 2469 4710 γὰρ
2495 4642 2529 4711 ἡ
2562 4642 2619 4693 tv
2672 4644 2739 4712 τῇ
2780 4643 2908 4712 σκιᾷ
2944 4640 3040 4694 τοῦ
3070 4642 3237 4713 νόμου
3290 4643 3447 4714 δηλοί
3474 4639 3748 4714 προσεγγίο

2190 4733 2389 4796 ζουσαν
2423 4731 2521 4804 τὴν
2548 4732 2808 4805 ἀληθινὴν
2837 4734 3144 4805 περιτομὴν
3171 4734 3273 4803 τῆς
3311 4734 3563 4806 καρδίας,
3590 4732 3677 4786 καὶ
3700 4727 3751 4786 τὸ

2191 4821 2478 4894 βάπτισμα
2540 4823 2634 4876 τοῦ
2662 4825 2826 4894 νόμου
2869 4826 2999 4881 σκιά
3029 4828 3145 4879 ἐστι
3187 4825 3295 4877 τῶν
3324 4822 3599 4895 ἀληθινῶν
3628 4837 3749 4890 πρα-

2191 4916 2439 4987 γμάτων.
2505 4916 2653 4970 Ἐκεῖ
2725 4918 2835 4988 γὰρ
2870 4915 3031 4990 σῶμα
3067 4916 3400 4979 ἁπέπλυνεν,
3428 4911 3533 4969 ὧδε
3578 4914 3632 4968 δὲ
3669 4910 3746 4963 τὸν

2188 5008 2579 5081 ἐρρυπωμένον
2627 5008 2752 5064 νοῦν
2798 5008 3083 5083 βάπτισμα
3115 5009 3287 5080 πυρὸς
3314 5010 3408 5061 καὶ
3456 5006 3746 5075 Πνεύματος

2189 5099 2478 5172 καθαρίζει
2518 5100 2613 5152 καὶ
2639 5099 2963 5154 ἀποπλύνει.

2266 5195 2342 5247 ις’.
2386 5193 2534 5247 Ἐκεῖ
2567 5193 2745 5265 ἱερεὺς
2784 5192 3073 5244 ἀσθένειαν
3098 5188 3565 5261 περιϐεϐλημένος
3594 5183 3744 5254 εἰσῄει

2186 5285 2268 5348 είς
2300 5285 2368 5337 τὰ
2398 5284 2549 5352 ἅγια,
2580 5284 2723 5353 ὑπέρ
2749 5300 2811 5336 τε
2842 5281 3037 5339 ἑαυτοῦ
3070 5282 3164 5335 καὶ
3192 5280 3288 5334 τοῦ
3344 5277 3472 5333 λαοῦ
3525 5272 3743 5347 προσφέ·

2189 5394 2297 5448 ρων
2332 5376 2571 5439 θυσίανε
2617 5369 2721 5430 ὧδε
2757 5377 3047 5447 ἀρχιερεὺς
3107 5374 3363 5445 ἀληθινὸς
3419 5372 3447 5421 ὁ
3510 5363 3739 5439 Χριστὸς,

2187 5466 2334 5533 ἅπαξ
2365 5467 2614 5537 εἰσῆλθεν
2642 5467 2721 5529 εἰς
2749 5465 2847 5536 τὴν
2870 5463 3285 5535 ἀχειροποίητον
3323 5457 3526 5530 σκηνὴν
3583 5450 3741 5508 καὶτὸ

2188 5561 2302 5617 ἀνω
2360 5559 2772 5630 θυσιαστήριον,
2824 5558 2955 5622 τοὺς
2988 5555 3273 5618 αἰτοῦντας
3327 5552 3486 5606 αὑτὸν
3543 5548 3740 5614 ’ἕτοιμος

2190 5651 2507 5726 καθαρίσαι,
2543 5650 2642 5705 καὶ
2660 5651 2757 5723 τὴν
2789 5648 3207 5722 μεμολυσμένην
3238 5643 3563 5714 συνείδησιν.
3591 5635 3737 5703 Λέγει
