3980 6456
209 398 316 464 731

209 596 445 663 αἰῶνος.
472 594 631 666 Εἴχεν
656 600 683 649 ὁ
709 598 997 668 ἀρχιερεὺς
1033 597 1125 649 ἐπὶ
1169 598 1265 649 τοῦ
1310 597 1541 667 στήθους
1582 597 1676 649 δύο
1703 615 1785 649 τι-

216 685 373 755 μίους
430 686 629 748 λίθους,
691 688 787 739 καὶ
824 682 970 754 εἶχον
1022 686 1092 739 τὰ
1146 685 1387 755 ὀνόματα
1434 687 1544 739 τῶν
1577 686 1787 739 δώδεκα

214 775 589 844 πατριαρχῶν.
623 775 696 827 Τὸ
711 776 1003 844 γενόμενον
1042 776 1175 839 ἐκεῖ,
1206 775 1374 839 τύπος
1398 777 1545 829 ἐστίν
1570 794 1583 808 ·
1616 778 1787 841 οὕτως

213 868 323 936 γὰρ
355 868 446 919 καὶ
474 870 501 920 ὁ
527 867 727 935 Κύριος
754 868 1116 937 ἐνδυσάμενος
1142 870 1268 931 τοὺς
1301 869 1513 922 δώδεκα
1551 873 1786 923 ἀποστό-

213 960 358 1018 λους.
382 958 698 1011 ἀπέστειλεν
732 960 927 1022 αὐτοὺς
961 961 1375 1029 εὐαγγελιστὰς,
1415 964 1507 1014 καὶ
1539 964 1789 1031 κήρυκας

210 1049 335 1102 ὅλου
358 1048 449 1101 τοῦ
477 1048 705 1114 κόσμου.
747 1048 911 1119 ὐρᾷς
937 1051 1055 1112 πῶς
1083 1054 1117 1122 ἠ
1169 1051 1296 1105 σκιὰ
1346 1054 1785 1121 προσεγγίζουσα

212 1138 314 1210 τὴν
350 1130 602 1207 ἀλήθειαν
635 1139 931 1194 δείκνυσιν.
984 1142 1082 1193 Ὃν
1123 1141 1179 1194 δὲ
1205 1142 1406 1212 τρόπον
1444 1144 1477 1212 ή
1507 1144 1635 1195 σκιὰ
1668 1144 1788 1195 διαο

212 1230 401 1283 κονίαν
443 1231 545 1282 οὐκ
574 1228 707 1299 ἔχει,
762 1229 888 1283 οὔτε
925 1231 1120 1295 πόνους
1164 1232 1308 1286 lci-catt
1333 1248 1349 1263 ·
1383 1233 1558 1295 οὓτως
1586 1233 1707 1285 οὐδὲ
1761 1234 1789 1285 ὁ

212 1320 446 1381 παλαιὸς
496 1319 658 1389 νόμος
707 1321 776 1373 τὰ
826 1320 1118 1391 τραύματα
1160 1323 1261 1390 τῆς
1305 1322 1486 1392 ψυχῆς
1525 1324 1619 1375 καὶ
1662 1323 1789 1385 τοὺς

211 1410 411 1474 πόνους
449 1412 703 1464 ἰάσασθαι
724 1412 962 1481 ἠδυνήθη
991 1430 1004 1442 ·
1031 1414 1151 1465 οὐδὲ
1187 1414 1296 1483 γὰρ
1326 1412 1469 1483 εἶχεν
1499 1413 1667 1483 ζωήν.

287 1502 365 1565 ς’.
400 1501 503 1554 Δύο
538 1503 646 1573 γὰρ
686 1504 956 1571 πρόσωπα
1012 1507 1419 1574 συναπτόμενα,
1478 1505 1685 1558 τέλειόν
1738 1522 1791 1557 τι

209 1595 450 1664 πρᾶγμα
479 1592 876 1663 ἀπεργάζεται,
900 1587 1012 1645 οἷον
1039 1593 1133 1645 δύο
1163 1594 1455 1663 διαθῆκαι·
1490 1595 1613 1647 κατ’
1637 1596 1787 1647 εἰκό-

210 1700 282 1734 να
332 1683 427 1738 καὶ
470 1683 729 1750 ὁμοίωσιν
780 1683 915 1734 Θεοῦ
974 1684 1198 1750 γέγονεν
1261 1687 1290 1736 ὁ
1338 1684 1645 1755 ἄνθρωπος,
1698 1686 1793 1737 δύο

209 1774 528 1843 ὀφθαλμοὺς
559 1772 692 1842 ἔχει,
723 1772 818 1825 δύο
843 1773 1074 1842 ὀφρύας,
1111 1774 1205 1827 δύο
1234 1778 1442 1844 χεῖρας,
1477 1775 1569 1827 δύο
1601 1776 1789 1836 πόδας,

212 1864 313 1915 καὶ
336 1865 429 1915 sev
458 1864 639 1932 συμϐῇ
674 1862 1058 1932 μονόφθαλμον
1106 1861 1267 1930 εἶναι,
1298 1866 1330 1935 ἣ
1393 1866 1704 1935 μονόχειρα,
1758 1868 1789 1937 ἢ
1829 1851 1865 1904 Β

214 1956 509 2024 μονόπουν,
546 1955 738 2023 ὥσπερ
764 1954 1056 2025 ὲπίμωμός
1095 1959 1243 2009 ἑστιν
1268 1973 1281 1987 ’
1311 1957 1343 2027 ἢ
1386 1957 1576 2028 ὥσπερ
1614 1975 1794 2011 πετει-

212 2046 307 2099 νὸν
358 2046 453 2097 εὰν
500 2045 596 2115 ἔχῃ
628 2047 827 2115 πτερὸν
880 2046 958 2110 ἓν,
1018 2049 1078 2100 ὲν
1123 2047 1202 2116 τῷ
1242 2050 1321 2100 ἐνὶ
1366 2050 1701 2120 πετασθῆναι
1730 2052 1792 2104 ού

217 2137 449 2190 δύναται
477 2151 491 2165 ·
531 2136 676 2189 οὕτω
709 2140 802 2190 καὶ
826 2140 859 2208 ή
893 2138 1053 2206 φύσις
1086 2139 1186 2209 τῆς
1221 2140 1663 2212 ἀνθρωπότητος,
1698 2145 1794 2197 ἐὰν

213 2227 343 2281 καθ’
370 2226 571 2293 ἑαυτὴν
605 2227 788 2297 γυμνὴ
839 2227 1133 2298 ἁπομείνῃ,
1178 2230 1271 2280 καὶ
1302 2230 1376 2299 μὴ
1406 2230 1545 2302 λάϐῃ
1574 2233 1673 2301 τὴν
1706 2234 1797 2300 μί-

218 2317 304 2381 ξιν
332 2318 428 2369 καὶ
455 2318 553 2387 τὴν
577 2319 866 2371 κοινωνίαν
895 2320 995 2387 τῆς
1027 2319 1356 2388 ἐπουρανίου
1383 2322 1617 2389 φύσεως,
1643 2324 1797 2377 οὐδὲν

214 2408 506 2481 ἅωρθώθη
532 2425 546 2439 ·
571 2410 685 2462 ἀλλ’
707 2409 888 2479 ἔμεινε
912 2411 1113 2479 γυμνὴ,
1146 2412 1242 2463 καὶ
1271 2413 1559 2481 ὲπίμωμος
1592 2417 1671 2478 είς
1698 2416 1796 2486 τὴν

217 2499 385 2568 φύσιν
412 2500 581 2569 αὐτῆς
622 2501 681 2553 ὲν
725 2500 973 2571 ῥυπαρία
1001 2501 1194 2569 πολλῇ.
1246 2502 1392 2572 Αὐτὴ
1431 2506 1540 2574 γὰρ
1568 2508 1599 2576 ἡ
1626 2506 1794 2576 ψυχὴ,

215 2591 349 2654 ναὸς
378 2590 511 2643 Θεοῦ
539 2591 634 2643 καὶ
661 2593 978 2662 οἰκητήριον
1016 2594 1314 2663 ἐπεκλήθη,
1352 2597 1447 2648 καὶ
1479 2597 1663 2668 νύμφη
1699 2599 1798 2667 βα-

218 2681 456 2744 σιλέως·
521 2682 670 2750 λέγει
720 2683 854 2752 γὰρ,
928 2683 1262 2750 Ἐνοικήσω
1306 2689 1375 2740 ἐν
1432 2690 1658 2755 αὐτοῖς,
1700 2691 1799 2743 καὶ

217 2773 706 2843 ἐμπεριπατήσω.
738 2773 925 2836 Οὕτως
959 2775 1250 2845 εὐδόκησεν
1279 2781 1309 2830 ὁ
1355 2779 1506 2843 Θεὸς,
1542 2782 1624 2833 ὅτι
1670 2799 1801 2834 κατ-

217 2863 395 2918 ελθὼν
421 2865 480 2930 ἐξ
534 2865 703 2930 ἁγίων
758 2865 1024 2934 οὐρανῶν,
1054 2869 1460 2938 συμπεριέλαϐε
1499 2871 1597 2941 τὴν
1637 2873 1800 2939 φύσιν

222 2970 322 3006 σου
350 2954 449 3024 τὴν
501 2955 747 3025 λογικὴν,
792 2957 891 3028 τὴν
924 2958 1103 3027 σάρκα
1143 2958 1241 3029 τὴν
1283 2961 1348 3013 ὲκ
1392 2962 1493 3034 ⁶τῆς
1530 2963 1651 3031 γῆς,
1705 2966 1801 3016 καὶ

221 3047 558 3116 συνεκέρασε
595 3046 671 3117 τῷ
705 3047 835 3117 θείῳ
884 3050 1049 3101 αὑτοῦ
1078 3050 1383 3120 Πνεύματι,
1418 3054 1505 3105 ἵνα
1550 3056 1644 3107 καὶ
1674 3058 1737 3107 σὺ
1774 3058 1802 3109 ό

220 3139 407 3208 χοῖκὸς
432 3136 558 3210 δέξῃ
588 3139 688 3207 τὴν
723 3140 1044 3208 ἐπουράνιον
1066 3139 1264 3210 ψυχήν.
1302 3144 1409 3195 Καὶ
1436 3145 1565 3196 ὅταν
1600 3147 1633 3215 ή
1655 3145 1798 3215 ψυχή

226 3246 327 3282 σου
353 3232 661 3300 κοινωνήσῃ
678 3231 757 3301 τῷ
781 3231 1081 3300 Πνεύματι,
1108 3234 1201 3287 καὶ
1226 3234 1443 3305 εἰσέλθῃ
1468 3234 1614 3306 ψυχὴ
1646 3238 1807 3288 ὲπου-

225 3320 418 3392 ράνιος
452 3321 531 3381 είς
563 3320 660 3403 την
684 3320 864 3390 ψυχήν
921 3339 1036 3387 σου,
1064 3325 1187 3376 τότε
1216 3321 1267 3376 εί
1288 3326 1491 3389 τέλειος
1519 3326 1614 3380 ἄνθ
1626 3344 1807 3398 ρωπος

222 3414 289 3464 ὲν
323 3411 465 3481 Θεῷ,
500 3412 595 3464 καὶ
617 3413 972 3483 κληρονόμος,
1008 3417 1101 3467 καὶ
1122 3415 1256 3477 υἱός.

302 3503 377 3555 Z'.
416 3503 627 3575 Ὥσπερ
652 3504 708 3556 δὲ
753 3504 814 3556 τὸ
854 3504 1085 3573 μέγεθος
1118 3506 1212 3558 τοῦ
1238 3505 1399 3572 Θεοῦ,
1428 3508 1523 3562 καὶ⁸
1574 3509 1636 3561 τὸ
1666 3510 1808 3563 ἀκα-

223 3594 510 3664 τάληπτον
548 3596 736 3660 αὐτοῦ,
770 3594 893 3648 οὔτε
911 3598 958 3648 οί
988 3598 1100 3650 ἄνω
1129 3598 1327 3660 αἰῶνες
1348 3600 1641 3670 χωροῦσιν,
1683 3602 1808 3656 οὗτε

224 3684 285 3738 οἱ
316 3685 467 3738 κάτω
486 3700 501 3713 ·
533 3685 706 3748 οὕτως
730 3687 892 3739 πάλιν
919 3687 979 3739 τὸ
1009 3688 1203 3739 λεπτὸν
1233 3689 1327 3741 τοῦ
1357 3691 1513 3752 Θεοῦ,
1542 3695 1637 3745 κα)⁸
1659 3694 1810 3757 ὅπως

229 3777 664 3846 συσμικρύνεται
717 3777 937 3840 λεπτοῖς
990 3782 1086 3832 καὶ
1121 3782 1361 3849 μικροῖς,
1429 3781 1552 3835 οὕτε
1596 3785 1646 3836 οἱ
1697 3786 1809 3838 ἄνω

230 3868 455 3936 κόσμοι,
511 3867 637 3921 οὔτε
709 3870 759 3921 οἱ
818 3870 1050 3937 ἐπίγειοι
1110 3871 1441 3924 καταλαϐεῖν
1529 3873 1807 3930 δύνανται.

230 3958 450 4030 Ὠσπερ
480 3960 589 4030 γὰρ
617 3962 678 4013 τὸ
722 3960 953 4030 μέγεθος
990 3961 1155 4014 αὐτοῦ
1196 3963 1603 4033 ἀκατάληπτον,
1636 3966 1811 4032 οὓτως

230 4051 331 4103 καὶ
360 4050 422 4102 τὸ
450 4050 647 4102 λεπτὸν
679 4050 845 4103 αὑτοῦ
875 4068 891 4081 ·
930 4052 1023 4103 καὶ
1058 4053 1367 4121 συμϐαίνει,
1395 4056 1476 4108 ὅτι
1507 4060 1811 4128 οἰκονομεῖ-

229 4158 328 4194 ται
353 4145 433 4204 είς
460 4142 668 4210 θλίψεις
694 4138 857 4209 εἶναι,
897 4146 992 4196 καὶ
1030 4145 1201 4213 πάθη,
1254 4147 1349 4199 καὶ
1395 4148 1691 4218 στίγματα,
1718 4152 1812 4205 καὶ

229 4230 272 4284 ἃ.
331 4232 568 4301 νομίζεις
631 4232 872 4299 ἐναντία,
927 4235 1099 4287 ταῦτα
1146 4236 1286 4305 ὑπὲρ
1321 4238 1419 4308 τῆς
1471 4240 1650 4309 ψυχῆς
1716 4260 1809 4296 σου

229 4322 466 4388 γίνεται.
504 4324 569 4377 El
603 4325 660 4377 ὲν
693 4323 772 4394 τῷ
800 4325 991 4396 κόσμῳ
1016 4326 1190 4388 θέλεις
1227 4324 1366 4380 εἶναι
1399 4331 1492 4381 καὶ
1534 4331 1807 4398 πλουτεῖν,

229 4414 452 4487 ἀπαντᾷ
500 4433 582 4469 σοι
611 4418 759 4469 πᾶσα
784 4418 1002 4486 ἀτυχία·
1032 4417 1175 4491 ἄρχῃ
1218 4421 1341 4472 καθ’
1373 4422 1566 4474 ἑαυτὸν
1598 4422 1809 4491 λογίζε-

842 477 848 482 ,
1357 396 1722 461 nonnum.
1751 422 1822 433 —-
1846 397 2035 458 HOM.
2072 396 2319 457 mu.

211 511 344 578 γὰρ,
382 506 525 562 Μεθ’
552 507 719 575 ὑμῶν
745 505 960 575 ἔσομαι
986 504 1100 573 ἕως
1133 502 1246 574 τῆς
1283 508 1647 571 συντελείας
1674 506 1783 559 τοῦ
1808 507 1858 564 Α
1884 507 2032 559 enim

3317 390 3335 405 ’
3353 396 3459 460 738

2081 523 2095 559 :
2144 504 2415 557 Vobiscum
2470 518 2588 557 sum
2646 518 2810 573 usque
2856 502 2924 556 ad
2951 508 3458 562 consummationem

1886 596 2066 651 seaculi
2092 596 2159 649 ".
2187 594 2435 649 Habebat
2472 593 2718 663 pontifex
2750 593 2805 646 in
2834 602 3054 662 pectore
3082 594 3221 649 duos
3248 597 3463 666 lapides

1888 690 2184 759 pretiosos,
2236 686 2332 757 qui
2371 685 2729 740 continebant
2773 685 2995 738 nomina
3030 685 3337 741 duodecim'
3368 704 3467 757 pa-

1890 781 2282 834 triarcharum.
2314 778 2427 832 lllic
2456 777 2602 845 quod
2629 776 2816 840 ﬁebat,
2840 784 2924 830 est
2955 776 3124 846 ﬁgura
3155 797 3169 832 :
3204 779 3284 832 sic
3314 780 3463 833 enim

1890 886 2109 940 quoque
2144 870 2401 924 Dominus
2436 868 2662 921 indutus
2686 868 2977 920 duodecim
3006 870 3286 936 apostolis,
3312 872 3467 925 misit

1890 977 1988 1015 eos
2023 961 2385 1031 evangelistas
2432 967 2487 1013 et
2514 974 2795 1027 praecones
2831 960 3074 1014 universi
3125 962 3337 1015 mundi.
3372 960 3469 1017 Vi-

1892 1052 1989 1107 des
2025 1052 2301 1121 quomodo
2329 1034 2520 1104 umbra
2551 1050 3000 1119 appropinquans
3050 1052 3338 1106 veritatem
3383 1053 3470 1106 in-

1892 1143 2038 1196 dicet
2069 1141 2571 1211 :quemadmodum
2608 1150 2790 1193 autem
2820 1142 3013 1194 umbra
3041 1142 3178 1194 nihil
3226 1144 3465 1207 confert,

1892 1248 1996 1288 nec
2048 1234 2330 1287 laboribus
2378 1233 2629 1286 medetur
2669 1249 2680 1283 :
2724 1232 2804 1285 sic
2853 1247 3032 1300 neque
3098 1233 3327 1301 antiqua
3378 1234 3469 1287 lex

1892 1324 2121 1376 vulnera
2162 1322 2356 1376 anima:
2385 1337 2449 1375 ac
2478 1320 2757 1374 molestias
2788 1336 2984 1374 sanare
3020 1322 3198 1389 potuit
3240 1338 3253 1373 :
3291 1323 3467 1390 siqui-

1894 1415 2015 1468 dem
2038 1415 2205 1467 vitam
2237 1429 2346 1466 non
2378 1413 2635 1466 habebat.

1963 1505 2053 1558 Vl.
2086 1506 2215 1559 Duae
2238 1505 2387 1557 enim
2410 1518 2660 1571 persona:
2693 1503 3002 1571 conjunctae
3022 1503 3321 1572 perfectam
3351 1519 3470 1558 rem

1893 1596 2209 1664 quampiam
2250 1593 2525 1656 efﬁciunt,
2559 1592 2835 1654 videlicet,
2863 1593 2972 1644 duo
3009 1601 3354 1646 testamenta.
3388 1593 3473 1646 Ad

1896 1687 2188 1756 imaginem
2231 1693 2288 1739 et
2336 1684 2757 1739 similitudinem
2794 1684 2888 1736 Dei
2931 1684 3094 1736 homo
3148 1684 3325 1737 factus
3364 1692 3471 1748 est,

1896 1775 2036 1827 duos
2067 1775 2256 1827 oculos
2295 1773 2488 1838 habet,
2520 1773 2660 1826 duas
2695 1788 2878 1834 nares,
2918 1772 3057 1825 duas
3092 1789 3306 1838 manus,
3334 1774 3476 1827 duos

1900 1863 2069 1932 pedes
2109 1878 2314 1932 :quem
2352 1864 2398 1916 si
2452 1863 2740 1931 contingat
2770 1863 3069 1915 unoculum
3115 1873 3213 1916 aut
3264 1864 3479 1917 unima-

1900 1970 2031 2007 num
2064 1970 2204 2017 esse,
2250 1957 2345 2007 au't
2366 1954 2540 2007 altero
2574 1952 2713 2021 pede
2747 1968 2959 2016 carere,
2992 1954 3143 2007 velut
3179 1955 3483 2022 reprehen-

1901 2046 2117 2100 dendus
2137 2055 2239 2099 est.
2268 2045 2856 2113 Autquemadmodum
2886 2046 3021 2106 avis,
3058 2047 3101 2098 si
3134 2046 3352 2098 unicam
3384 2047 3484 2100 ha-

1902 2138 2088 2191 buerit
2134 2139 2294 2197 alam.
2342 2153 2406 2189 ea
2451 2138 2565 2191 sola
2606 2137 2793 2189 volare
2838 2137 3056 2205 nequit;
3137 2138 3216 2191 sic
3260 2155 3483 2208 quoque

1902 2229 2142 2283 humana
2174 2238 2385 2291 natura,
2443 2229 2487 2283 si
2519 2229 2667 2283 nuda
2690 2228 2876 2298 “quoad
2910 2245 2965 2283 se
2997 2241 3234 2293 maneat,
3272 2241 3327 2283 et
3371 2246 3485 2284 non

1903 2321 2135 2389 recipiat
2168 2320 2483 2373 mistionem
2529 2329 2586 2373 et
2616 2320 3066 2374 communionem
3112 2323 3353 2374 cmlestis
3382 2339 3485 2376 na-

1906 2421 2076 2475 turae,
2123 2412 2262 2465 nihil
2317 2413 2477 2465 laude
2510 2414 2666 2480 122
2696 2413 2922 2482 dignum
2951 2413 3144 2477 cﬂicit;
3185 2414 3280 2467 sed
3336 2416 3485 2469 nuda

1904 2510 2123 2565 manet,
2178 2509 2235 2553 et
2286 2500 2557 2569 culpanda
2607 2503 2663 2553 in
2705 2517 2805 2553 sua
2860 2511 3078 2563 natura,
3121 2510 3177 2554 et
3227 2503 3487 2556 sordibus

1905 2594 2111 2647 multis.
2134 2594 2250 2661 Ipsa
2271 2594 2416 2646 enim
2439 2593 2619 2646 anima
2652 2593 2913 2661 templum
2937 2592 3033 2646 Dei
3056 2601 3111 2645 et
3145 2594 3487 2649 domicilium

1906 2684 2173 2752 appellata
2206 2693 2311 2747 est,
2354 2698 2551 2752 sponsa
2599 2685 2759 2752 regis.
2814 2685 2997 2753 lnquit
3028 2684 3180 2738 enim
3222 2685 3486 2739 :Inlmbi-

1908 2773 2026 2824 tabo
2078 2774 2134 2825 in
2164 2772 2294 2836 illis,
2346 2786 2390 2825 et
2436 2773 2774 2826 inambulabo
2801 2774 2864 2826 ¹⁸.
2903 2774 2983 2827 Ita
3022 2775 3134 2828 Deo
3170 2776 3391 2843 placuit,
3428 2784 3489 2829 ut

1908 2860 2250 2915 descendens
2289 2877 2319 2915 e
2375 2862 2580 2916 sanctis
2636 2865 2823 2930 curiis,
2874 2876 3179 2921 assumeret
3233 2879 3489 2922 naturam

1910 2959 2061 3006 tuam
2108 2954 2453 3017 rationalem,
2506 2970 2729 3008 carnem
2760 2972 2957 3025 nempe
2989 2967 3287 3022 terrenam,
3324 2974 3489 3028 quam

1910 3049 2237 3117 temperavit
2266 3065 2391 3103 cum
2431 3049 2620 3104 divino
2650 3066 2751 3104 suo
2797 3051 3028 3119 Spiritu.
3081 3063 3140 3107 ut
3186 3071 3405 3124 quoque
3432 3066 3491 3109 tu

1913 3149 2174 3194 terrenus
2227 3141 2506 3195 caelestem
2570 3142 2879 3209 susciperes
2937 3144 3196 3197 animam.
3262 3146 3330 3198 Et
3395 3146 3491 3200 ubi

1908 3234 2089 3287 anima
2120 3242 2214 3287 tua
2237 3249 2360 3288 cum
2389 3233 2594 3301 Spiritu
2626 3234 3135 3299 communicaverit,
3163 3245 3219 3289 et
3248 3236 3492 3305 ingressa

1909 3324 2079 3378 fuerit
2107 3326 2288 3379 anima
2322 3323 2568 3379 caelestis
2601 3325 2838 3377 animam
2873 3334 3041 3389 tuam,
3073 3335 3187 3379 tum
3216 3328 3495 3395 perfectus

1908 3417 2076 3470 homo
2110 3417 2165 3469 in
2193 3417 2305 3470 Deo
2335 3424 2441 3479 est,
2464 3425 2519 3468 et
2558 3415 2756 3477 haeres,
2780 3425 2837 3468 et
2867 3416 3033 3467 (ilius.

1980 3503 2093 3558 VII.
2146 3505 2621 3571 Quemadmodum
2688 3519 2819 3557 vero
2868 3506 3208 3573 majestatem
3263 3505 3383 3570 Dei,
3437 3516 3498 3560 et

1910 3595 2528 3664 incomprehensibilem
2554 3595 2673 3663 ejus
2703 3602 2981 3657 naturam,
3004 3609 3179 3662 neque
3205 3596 3494 3663 superiora

1912 3686 2108 3739 saecula
2154 3687 2400 3754 capiunt,
2452 3698 2633 3753 neque
2682 3683 2987 3736 inferiora:
3022 3684 3103 3737 sic
3145 3702 3174 3737 e
3226 3700 3494 3739 converso

1913 3775 2284 3829 humilitatem
2334 3775 2454 3837 Dei,
2505 3784 2564 3828 et
2602 3788 2712 3843 quo
2744 3783 2904 3841 pacto
2950 3774 3231 3827 exinaniat
3259 3790 3317 3828 se
3366 3790 3497 3831 cum

1912 3865 2216 3919 humilibus
2236 3875 2290 3919 et
2333 3866 2517 3934 parvis
2541 3906 2555 3927 ,
2593 3882 2694 3919 nec
2729 3866 2955 3933 superni
2990 3866 3214 3929 mundi,
3242 3881 3343 3921 nec
3381 3876 3494 3921 ter-

1914 3962 2031 4015 reni
2056 3963 2319 4030 consequi
2355 3970 2605 4030 possunt.
2637 3960 3111 4025 Quemadmodum
3146 3961 3293 4014 enim
3324 3962 3499 4031 maje-

1913 4060 2026 4107 stas
2071 4056 2191 4123 ejus
2221 4070 2329 4107 non
2360 4053 2876 4122 comprehenditur,
2926 4053 3007 4106 sic
3042 4068 3223 4121 neque
3247 4055 3367 4122 ejus
3401 4053 3499 4107 hu-

1913 4145 2135 4207 militas.
2165 4145 2355 4213 Itaque
2389 4144 2658 4213 contingit
2709 4153 2816 4207 ut,
2869 4144 2914 4197 si
2967 4159 3033 4196 ex
3083 4143 3499 4212 dispensatione

1914 4235 2229 4304 subjiciaris
2271 4234 2663 4289 aﬂ'ectionibus
2689 4275 2702 4297 ,
2754 4234 3102 4304 passionibus
3134 4242 3190 4287 et
3227 4235 3503 4306 stigmati-

1913 4326 2039 4388 bus,
2073 4334 2166 4379 aut
2215 4327 2359 4392 aliis,
2385 4342 2507 4395 quae
2538 4326 2638 4379 tibi
2674 4326 2903 4379 adversa
2940 4324 3222 4389 videntur,
3254 4340 3317 4379 ea
3348 4335 3502 4397 grata

1913 4417 2111 4470 animae
2146 4425 2252 4471 tua}
2291 4415 2562 4470 accidant.
2617 4414 2674 4469 Si
2730 4415 2783 4467 in
2832 4413 3041 4467 mundo
3084 4418 3296 4468 versari
3341 4416 3498 4482 velis,

234 4506 386 4571 σθαι,
422 4508 567 4575 Παρ’
590 4508 621 4561 ὃ
649 4510 761 4562 οὐκ
786 4511 1091 4578 εὐτύχηκα
1107 4513 1193 4576 εἰς
1223 4513 1329 4565 τὸν
1351 4516 1603 4583 κόσμον,
1624 4517 1801 4571 ἀπελ-

1913 4518 1970 4564 et
2007 4508 2300 4573 ditescere,
2353 4517 2653 4561 occurrunt
2709 4508 2808 4560 tibi
2869 4506 3212 4561 iniortunata
3262 4509 3498 4563 omnia:

230 4594 355 4648 θὼν
383 4595 460 4649 ἂν
487 4598 929 4667 ἀποτάσσομαι,
953 4602 1050 4653 καὶ
1076 4602 1156 4667 τῷ
1193 4600 1314 4666 Θεῷ
1358 4603 1645 4659 δουλεύω.
1686 4609 1812 4660 Λοι-

230 4687 338 4738 πὸν
378 4689 670 4757 ἐρχόμενος
698 4683 823 4751 ὧδε,
858 4692 1077 4755 ἀκούεις
1109 4694 1210 4763 τῆς
1254 4696 1472 4764 ἐντολῆς
1521 4698 1809 4769 λεγούσης

230 4779 535 4843 Πώλησόν
587 4798 707 4835 σου
758 4782 830 4835 τὰ
864 4784 1234 4854 ὑπάρχοντα,
1296 4788 1578 4856 μίσησον
1609 4808 1815 4845 κοινω-

229 4871 381 4925 νίαν·
431 4872 769 4940 σαρκικὴν,
815 4874 1157 4929 δούλευσον
1197 4876 1279 4943 τῷ
1329 4878 1469 4943 Θεῷ.
1513 4881 1645 4933 Τότε
1677 4881 1818 4953 ἄρχῃ

232 4962 583 5031 εὐχαριστεῖν
625 4968 692 5034 τῇ
756 4966 957 5037 ἀτυχίᾳ
1002 4984 1095 5020 σου
1136 4971 1203 5038 τῇ
1255 4971 1312 5021 ὲν
1362 4970 1438 5038 τῷ
1474 4971 1684 5041 κόσμῳ,
1731 4973 1814 5025 ὅτι

233 5052 327 5104 διὰ
363 5056 687 5123 προφάσεως
718 5056 1046 5125 εὑρίσκομαι
1081 5059 1324 5127 ὑπήκοος
1354 5061 1453 5129 τῆς
1472 5062 1692 5131 ἐντολῆς
1720 5062 1813 5114 τοῦ

237 5142 506 5211 Χριστοῦ.
556 5144 761 5197 Λοιπὸν
811 5145 860 5196 εἰ
897 5146 954 5196 ὲν
991 5145 1146 5214 μέρει
1201 5147 1260 5198 ὲν
1313 5150 1425 5209 τοῖς
1471 5149 1816 5218 φαινομένοις

237 5231 479 5298 ἧλλαξὰς
509 5249 602 5284 σου
627 5233 714 5285 τὸν
737 5233 882 5298 νοῦν,
919 5234 1014 5286 καὶ
1064 5234 1423 5305 ἀνεχώρησας
1463 5237 1667 5306 κόσμου
1719 5238 1815 5290 καὶ

236 5322 527 5385 κοινωνίας
557 5324 831 5392 σαρκικῆς
863 5341 877 5355 ο
918 5324 1092 5387 οὕτως
1128 5324 1222 5377 οὖν
1246 5327 1350 5395 χρή
1377 5343 1436 5379 σε
1464 5328 1559 5380 καὶ
1598 5330 1678 5391 είς
1722 5329 1814 5379 τὸν

233 5408 367 5461 νοῦν
406 5412 706 5479 ἀλλαγῆναι
730 5414 839 5465 ἀπὸ
871 5414 1137 5483 σαρκικοῦ
1186 5416 1535 5485 φρονήματος
1569 5419 1647 5478 είς
1680 5417 1813 5487 φρό-

232 5518 392 5569 νημα
419 5502 689 5572 οὐράνιον.
736 5503 938 5555 Λοιπὸν
985 5505 1065 5564 εἰς
1109 5505 1278 5575 αὐτὴν
1317 5507 1418 5576 τὴν
1460 5506 1629 5576 ἀκοὴν
1672 5508 1817 5579 ἄρχῃ

229 5593 561 5661 διακρίνειν,
623 5594 719 5648 καὶ
766 5596 865 5646 οὐκ
898 5594 977 5647 ἔτι
1028 5596 1173 5665 ἔχεις
1221 5598 1617 5669 ἀνάπαυσιν,ῆ
1657 5601 1818 5670 μόνον

1915 4600 2114 4669 incipis
2148 4607 2325 4653 tecum
2357 4598 2674 4652 ratiocinari
2702 4598 2997 4663 :Quoniam
3020 4599 3247 4669 feliciter
3272 4618 3353 4655 res
3376 4618 3505 4657 mea:

1915 4709 2018 4745 non
2058 4698 2414 4743 successerunt
2441 4691 2495 4742 in
2530 4690 2723 4743 mundo
2744 4732 2757 4752 ,
2807 4691 2995 4743 decedo
3028 4709 3091 4744 ac
3153 4694 3424 4759 renuntio,
3455 4700 3504 4746 et

1918 4785 2025 4839 Deo
2055 4784 2298 4837 inservio.
2325 4783 2681 4837 Postmodum
2710 4782 2801 4835 ubi
2828 4782 2936 4837 huc
2960 4784 3303 4851 perveneris,
3344 4784 3504 4838 audis

1921 4875 2239 4929 mandatum
2260 4873 2407 4943 quod
2436 4873 2609 4927 dicit:
2666 4872 2840 4925 Vende
2875 4873 3157 4942 facultates
3191 4883 3332 4937 mas,
3387 4874 3505 4927 odio

1922 4967 2253 5035 prosequilor
2299 4964 2572 5018 carnalem
2623 4966 2963 5028 societatem,
3037 4966 3230 5017 inservi
3280 4963 3499 5017 Deo":

1924 5065 2042 5110 tum
2076 5056 2275 5126 incipis
2300 5065 2518 5126 gratum
2567 5064 2617 5109 te
2659 5056 2923 5111 exhibere
2958 5054 3205 5109 adversa),
3246 5054 3503 5119 fortunae,

1925 5165 2034 5218 qua
2068 5150 2124 5202 in
2172 5148 2382 5202 mundo
2422 5147 2772 5211 obruebaris,
2827 5147 3087 5215 inquiens
3121 5165 3134 5199 :
3171 5145 3327 5203 Illius
3379 5161 3509 5201 sane

1922 5242 2194 5293 occasione
2221 5237 2579 5308 deprehendor
2606 5236 2845 5290 obediens
2870 5237 3126 5290 mandato
3155 5235 3368 5292 Christi.
3389 5234 3509 5290 Ca:-

1922 5344 2101 5387 terum
2132 5331 2177 5386 si
2220 5345 2286 5384 ex
2339 5338 2530 5400 parte,
2563 5330 2743 5398 quoad
2795 5344 2887 5383 res
2934 5341 3227 5393 externas,
3286 5326 3509 5383 mutasti

1922 5425 2186 5487 animum,
2219 5432 2275 5477 et
2315 5441 2345 5477 a
2382 5423 2589 5478 mundo
2622 5438 2686 5477 ac
2725 5423 2932 5477 carnali
2959 5421 3292 5477 commercio
3323 5435 3509 5473 seces-

1923 5513 2040 5566 sisti
2072 5529 2084 5564 :
2124 5512 2203 5566 sic
2238 5513 2410 5582 igitur
2439 5518 2658 5581 oportet
2699 5520 2751 5564 te
2793 5524 3013 5582 quoque
3044 5508 3227 5578 quoad
3263 5505 3509 5560 animum

1927 5603 2228 5668 immutari,
2270 5619 2299 5658 a
2321 5602 2591 5673 sapientia
2624 5603 2828 5656 carnali
2879 5602 2933 5655 in
2973 5600 3255 5654 caelestem
3285 5595 3512 5669 sapien-

311 5772 350 5802 "
381 5771 570 5827 Matth.
598 5788 788 5834 xxvm,
819 5772 909 5825 ΞΟ,
990 5772 1031 5804 ⁸⁸
1063 5772 1106 5826 ll
1128 5773 1257 5827 Cor.
1284 5791 1359 5841 Vl,
1383 5777 1474 5830 16.
1553 5774 1590 5807 ¹⁹
1614 5775 1806 5831 Matth.
1840 5793 1950 5841 ιιι,
1983 5776 2073 5831 2i.

569 5864 837 5923 PATROL.
866 5866 980 5926 Gn.
1028 5867 1330 5926 XXXIV.

2998 5865 3075 5923 23
