3980 6424
538 375 645 438 739

1782 367 1839 426 S.
1884 365 2097 426 MACA]

2200 366 2203 372 ’
2247 364 2571 425 ᾹΞΟΥΡΤΙῘ
3662 371 3747 435 ἨΟ

536 487 688 541 tiam.
720 478 1075 537 Postmodnm
1103 492 1169 531 ex
1199 476 1393 533 eodem
1418 476 1607 531 auditu
1641 475 1955 529 discernere
1982 473 2097 529 inci

2220 474 2319 541 τὴν
2360 474 2653 543 μέριμναν,
2684 473 2779 527 καὶ
2822 473 2916 527 τὸν
2971 474 3152 539 πόνον,
3189 475 3275 528 ῐνα
3325 477 3498 548 κτήσῃ
3540 477 3568 529 ὃ
3612 479 3748 547 ἡκου-

534 575 675 645 pics,
724 587 826 626 nec
860 569 1099 637 amplius
1140 567 1307 621 habet
1343 567 1610 636 requiem,
1655 565 1750 620 sed
1796 565 1969 618 solam
2011 579 2111 618 cu-

534 681 650 720 ram
680 672 738 719 et
770 662 1012 717 laborem
1034 701 1049 726 ,
1084 670 1145 715 ut
1176 660 1517 715 nanciscaris
1547 659 1693 728 quod
1718 657 1980 713 audieris.

603 754 741 811 Vill.
775 754 881 809 Ubi
913 751 1193 822 putaveris
1227 758 1277 803 te
1305 750 1604 819 perfecisse
1630 748 1836 814 omnia,
1864 764 1932 802 eo
1965 746 2113 815 quod

532 843 894 907 renuntiaris,
940 855 1252 896 sermonem
1283 839 1496 895 confert
1562 848 1740 894 tecum
1804 840 2112 893 Dominus:

533 935 670 1000 Quid
699 934 948 1004 gloriaris
973 933 999 985 2
1025 948 1197 986 nonne
1231 948 1418 1001 corpus
1446 940 1593 984 tuum
1623 940 1671 983 et
1701 933 1942 985 animam
1966 938 2113 983 tuam

530 1040 624 1093 ego
653 1024 867 1077 creavi?
894 1022 1019 1093 quid
1033 1021 1199 1091 fecisti
1228 1029 1284 1075 tu
1317 1021 1341 1075 ?
1370 1021 1565 1091 Incipit
1586 1022 1769 1076 anima
1800 1021 2113 1077 conﬁtendo

531 1131 726 1186 rogare
750 1114 1066 1177 Dominum,
1084 1122 1141 1168 et
1162 1113 1369 1185 dicere,
1396 1112 1649 1168 videlicet
1680 1131 1693 1167 :
1715 1113 1827 1168 Tua
1851 1123 1971 1167 sunt
1998 1129 2113 1166 om-

529 1210 641 1275 nia,
673 1210 875 1272 domus,
917 1208 972 1260 in
1013 1222 1120 1276 qua
1156 1206 1306 1276 dego,
1357 1214 1448 1259 tua
1497 1212 1617 1259 est:
1651 1206 1961 1259 indumenta
1996 1221 2111 1258 mea

530 1312 620 1353 tua
646 1309 766 1353 sunt
802 1316 873 1354 :a
898 1306 951 1351 te
974 1299 1203 1362 nutrior,
1244 1305 1293 1350 et
1324 1314 1357 1350 a
1381 1306 1429 1351 te
1456 1298 1657 1367 dirigor
1680 1298 1749 1350 ad
1774 1312 1927 1351 omne
1964 1312 2109 1350 emo-

528 1392 837 1445 lumentum.
892 1388 1032 1441 Tum
1078 1385 1273 1455 incipit
1302 1385 1569 1439 Dominus
1619 1385 1686 1439 ad
1718 1385 1836 1439 haec
1874 1384 2059 1438 dicere
2093 1402 2107 1438 :

525 1480 704 1533 Ilabeo
723 1480 812 1533 tibi
844 1479 1097 1548 gratiam,
1122 1474 1400 1545 facultates
1433 1483 1537 1529 tua:
1564 1484 1686 1529 sunt
1711 1490 1728 1528 :
1762 1474 1896 1529 bona
1918 1474 2108 1528 volun-

526 1582 607 1624 tas
640 1580 729 1623 tua
783 1580 857 1623 est
895 1590 914 1623 .-
941 1578 988 1622 et
1016 1568 1077 1621 ob
1130 1576 1280 1620 tuum
1329 1569 1382 1621 in
1433 1584 1516 1622 me
1556 1584 1813 1632 amorem,
1857 1567 2109 1638 quoniam

524 1661 803 1731 confugisti
827 1658 895 1713 ad
933 1673 1033 1722 me,
1056 1646 1179 1709 cedo
1205 1672 1222 1710 :
1253 1656 1469 1726 insuper
1491 1657 1625 1710 dabo
1647 1657 1759 1720 tibi,
1787 1670 1903 1721 qua:
1942 1671 2109 1725 neque

526 1760 577 1803 tu
608 1754 859 1803 hactenus
911 1747 1220 1818 possedisti,
1274 1762 1367 1801 nec
1403 1747 1495 1816 qui
1544 1762 1703 1816 super
1752 1753 1951 1799 terram
1980 1753 2106 1798 sunt

2220 582 2336 625 σας.

2291 742 2369 791 ll'.
2408 740 2531 791 Ὅτι
2570 736 2814 807 νομίζεις
2840 738 2922 788 ὅτι
2961 736 3224 805 ἐποίησας
3248 736 3421 789 πάντα
3451 736 3756 809 ἀποταξάμεο

2216 848 2325 893 νος,
2359 832 2499 882 ποιεῖ
2516 829 2675 897 λόγον
2713 827 2854 896 μετὰ
2887 826 2980 879 σοῦ
3013 828 3042 880 δ
3090 826 3325 896 Κύριος·
3355 828 3415 879 Τί
3437 827 3718 897 καυχᾶσαι
3737 847 3753 894 ;

2214 920 2355 989 οὐχί
2382 920 2447 973 τὸ
2482 918 2657 989 σῶμά
2684 934 2804 973 σου
2832 917 2931 971 καί
2958 916 3075 985 τὴν
3112 916 3327 985 ψυχὴν
3363 916 3479 987 ἐγὼ
3533 917 3758 984 enica;

2214 1012 2272 1065 τί
2290 1012 2589 1077 ἐποίησας
2626 1010 2747 1075 σύ;
2778 1010 3001 1079 ἄρχεται
3049 1007 3083 1077 ἡ
3136 1008 3283 1077 ψυχὴ
3315 1008 3756 1078 ἐξομολογουμένη

2213 1102 2429 1155 δέεσθαι
2458 1102 2552 1155 τοῦ
2575 1102 2785 1172 Κυρίου
2814 1100 2907 1153 καὶ
2927 1099 3130 1167 λέγειν,
3151 1098 3234 1151 ὅτι
3256 1100 3459 1152 Πάντα
3490 1099 3571 1153 σά
3594 1099 3757 1164 ἐστιν,

2214 1194 2247 1247 ό
2276 1188 2444 1256 οἶκος
2474 1195 2561 1258 είς
2592 1192 2665 1245 ὄν
2690 1194 2827 1260 ειμι,
2862 1191 2976 1255 σός
3012 1190 3166 1244 ἐστι·
3198 1188 3273 1243 τὰ
3306 1188 3607 1257 ἐνδύματὰ
3641 1208 3758 1257 μου,

2212 1283 2297 1337 σά
2334 1283 2525 1337 ἐστιν.
2566 1284 2668 1336 Ἐκ
2698 1282 2817 1335 σοῦ
2846 1282 3152 1350 τρέψομαι,
3196 1280 3296 1335 καί
3334 1280 3455 1334 ἀπὸ
3479 1279 3593 1333 σοῦ
3627 1282 3761 1333 οίκο-

2210 1372 2507 1442 νομοῦμαι
2545 1374 2633 1438 εἰς
2664 1369 2874 1426 πᾶσαν
2903 1372 3135 1439 χρείαν.
3170 1371 3305 1423 Τότε
3342 1370 3571 1440 ἄρχεται
3611 1371 3637 1421 ὁ
3666 1368 3763 1421 Κύ-

2214 1482 2329 1536 ριος
2354 1465 2491 1536 πρὸς
2538 1463 2713 1517 ταῦτα
2744 1462 2945 1529 λέγειν,
2979 1462 3165 1529 Χάριν
3194 1478 3292 1515 σοι
3322 1460 3461 1529 ἔχω,
3497 1458 3568 1513 τὰ
3602 1459 3764 1526 ὐπάρ⁴

2211 1573 2403 1626 κοντα
2436 1555 2521 1609 σά
2558 1555 2689 1608 ἐστι
2716 1571 2730 1585 ο
2763 1554 2828 1606 τὸ
2853 1553 3079 1620 θέλημα
3107 1552 3173 1603 τὸ
3193 1552 3441 1620 ἀγαθὸν,
3482 1552 3597 1605 σόν
3615 1552 3759 1604 ἐστι’

2209 1649 2307 1703 καί
2344 1648 2442 1702 διὰ
2492 1645 2608 1715 τὴν
2637 1647 2787 1714 πρός
2828 1644 2905 1713 μέ
2952 1662 3068 1698 σου
3117 1644 3380 1712 ἀγάπην,
3432 1644 3561 1697 ἐπεὶ
3599 1658 3761 1708 προσ-

2208 1736 2429 1807 έφυγές
2462 1754 2585 1806 μοι,
2624 1735 2799 1803 δεῦρο
2823 1735 3042 1787 λοιπὸν
3084 1732 3256 1787 δώσω
3301 1749 3425 1796 σοι,
3477 1732 3667 1785 debts
3692 1728 3761 1784 σὺ

521 1840 789 1905 homines,
824 1838 1033 1893 habent.
1077 1838 1263 1908 Accipe
1314 1853 1395 1891 me
1426 1836 1710 1891 Dominum
1754 1853 1872 1889 cum
1922 1838 2097 1890 anima

2207 1828 2317 1895 ἕως
2348 1828 2483 1897 ἄρτι
2531 1826 2789 1893 ἐκτήσω,
2830 1826 2966 1878 οὔτε
2994 1824 3091 1877 ἐπὶ
3130 1824 3241 1893 τῆς
3278 1824 3578 1891 ἄνθρωποι
3608 1822 3760 1889 ἐχου-

522 1938 711 1996 tua,ut
735 1931 808 1984 sis
828 1937 1084 2001 perpetuo
1119 1944 1321 1983 mecum
1342 1929 1399 1983 in
1424 1926 1614 1982 laetitia
1646 1935 1695 1980 et
1730 1924 2100 1982 exsultatione.

590 2191 683 2245 lX.
714 2188 949 2246 Perinde
969 2187 1115 2244 enim
1143 2204 1207 2243 ac
1232 2188 1431 2243 mulier
1455 2186 1575 2241 viro
1601 2187 1948 2256 desponsata,
1978 2198 2099 2239 om-

518 2284 611 2339 nia
634 2283 779 2337 bona
821 2296 941 2347 sua,
989 2288 1045 2335 et
1076 2288 1246 2335 totam
1285 2279 1471 2334 dotem
1518 2277 1681 2334 oﬂ‘ert
1713 2291 1827 2347 prae
1887 2288 2104 2331 summo

519 2391 726 2440 amore,
756 2382 813 2429 et
859 2373 917 2429 in
952 2388 1149 2427 manus
1198 2371 1305 2425 viri
1337 2370 1587 2441 projicit,
1636 2378 1800 2439 atque
1834 2368 1940 2422 hoc
1972 2368 2050 2422 ait
2085 2386 2097 2421 :

519 2467 697 2519 Meum
729 2464 867 2535 quod
899 2464 988 2527 sit,
1019 2460 1149 2515 nihil
1174 2460 1355 2522 habeo.
1396 2460 1532 2514 bona
1562 2474 1679 2513 mea
1706 2466 1797 2511 tua
1821 2466 1941 2511 sunt
1968 2471 1990 2510 :
2011 2456 2101 2508 dos

515 2571 721 2625 quoque
772 2562 862 2607 tua
896 2561 993 2617 est,
1034 2559 1084 2605 et
1146 2552 1328 2605 anima
1377 2565 1533 2614 mea,
1583 2557 1632 2609 et
1675 2564 1863 2619 corpus
1904 2562 2097 2608 meum,

516 2655 665 2698 tuum
702 2655 775 2699 est
801 2662 818 2699 :
849 2645 931 2699 sic
967 2657 1189 2713 quoque
1225 2652 1541 2711 temperans
1588 2640 1771 2695 anima
1814 2648 1899 2694 est
1945 2638 2101 2706 virgo

515 2737 776 2801 Domini,
844 2735 1184 2805 participans
1246 2748 1371 2787 cum
1438 2732 1647 2802 Spiritu
1702 2732 1823 2800 ejus
1885 2736 2097 2784 sancto.

513 2827 741 2896 Oportet
769 2834 974 2891 autem,
996 2824 1225 2893 perinde
1254 2839 1319 2878 ac
1341 2823 1480 2893 ipse,
1506 2837 1632 2877 cum
1662 2822 1905 2875 venisset
1930 2835 2099 2889 supra

515 2928 742 2981 terram,
798 2931 993 2986 passus
1025 2923 1081 2969 et
1124 2913 1422 2968 crucifixus
1454 2921 1558 2976 est,
1611 2921 1665 2967 te
1690 2926 1911 2982 quoque
1933 2909 2098 2964 simul

513 3010 647 3079 pati.
677 3008 781 3063 Ubi
819 3007 966 3061 enim
1005 3003 1299 3060 recesseris
1325 3019 1355 3057 a
1392 3002 1619 3067 mundo,
1658 3018 1721 3056 ac
1751 3002 1924 3057 Deum
1951 3015 2103 3070 quaa-

514 3114 637 3153 rcrc
666 3097 922 3167 coeperis,
975 3105 1032 3150 et
1072 3095 1407 3158 discernere,
1455 3100 1730 3162 superest.
1766 3100 1828 3145 ut
1856 3107 2095 3162 pugnam

514 3189 670 3244 ineas
702 3202 827 3241 cum
850 3194 1049 3239 natura
1094 3193 1209 3248 tua,
1246 3181 1491 3251 antiquis
1526 3180 1789 3235 nimirum
1821 3180 2091 3245 moribus,

514 3276 915 3333 consuetudine
941 3273 1038 3327 tibi
1061 3272 1268 3326 innata.
1306 3271 1375 3324 Et
1407 3271 1553 3324 inter
1582 3269 1935 3341 pugnandum
1969 3284 2094 3324 cum

515 3366 941 3430 consuetudine,
970 3363 1182 3434 reperis
1204 3362 1567 3433 cogitationes
1602 3362 1939 3416 reluctantes
1970 3360 2093 3422 tibi,

512 3469 570 3517 et
596 3468 964 3530 repugnantes
996 3456 1180 3511 animo
1205 3465 1298 3508 tuo
1324 3471 1337 3509 :
1370 3470 1491 3525 qua:
1510 3454 1869 3524 cogitationes
1906 3461 1959 3507 te
1987 3462 2096 3506 tra-

513 3554 675 3617 hunt,
732 3559 788 3606 et
838 3549 994 3620 123
1026 3558 1357 3617 occupatum
1408 3546 1649 3601 reddunt
1706 3545 1893 3608 rebus,
1948 3543 2095 3598 unde

511 3643 765 3707 cxivisti,
808 3643 983 3697 oculis
1042 3640 1326 3709 subjectis.
1385 3638 1656 3707 Deinceps
1702 3637 1902 3706 incipis
1956 3651 2097 3705 pras-

512 3733 646 3788 lium
687 3744 981 3785 conserere
1004 3743 1066 3782 ac
1093 3728 1318 3791 bellum,
1358 3726 1721 3797 cogitationes
1751 3739 1976 3779 movens
1998 3722 2097 3776 ad-

510 3837 707 3878 versus
765 3820 1165 3890 cogitationes,
1220 3826 1462 3873 mentem
1516 3817 1783 3872 adversus
1829 3824 2093 3879 mentem,

512 3902 1048 3970 animam'adversus
1071 3910 1340 3973 animam,
1370 3908 1636 3978 Spiritum
1672 3908 1936 3961 adversus
1966 3905 2092 3974 Spi-

512 4007 679 4061 ritum
715 4021 729 4056 :
758 4012 1017 4058 caeterum
1044 4002 1156 4055 illic
1183 4010 1388 4056 aeterna
1420 4016 1641 4071 quoque
1680 3999 1864 4054 anima
1890 4005 2091 4067 praesto

506 4104 613 4153 est.

583 4190 651 4243 X.
681 4189 839 4244 Latet
868 4188 1015 4243 enim
1039 4187 1256 4242 occulta
1289 4185 1540 4255 quasdam
1569 4193 1625 4239 et
1660 4185 1879 4242 subtilis
1919 4184 2094 4240 iacul-

512 4288 597 4335 tas
644 4278 1022 4343 tenebrarum,
1067 4275 1315 4330 insidens
1361 4275 1536 4330 cordi.
1579 4275 1843 4329 Dominus
1876 4290 2094 4345 quoque

511 4387 685 4442 prope
731 4371 971 4424 animam
1015 4376 1073 4423 et
1106 4382 1308 4436 corpus
1339 4374 1490 4420 tuum
1534 4374 1645 4431 est,
1693 4376 1947 4437 spectans
1993 4383 2095 4436 pu-

2205 1936 2332 1976 dtr.
2378 1919 2510 1989 Ἐμὲ
2533 1918 2683 1973 ,λαϐὲ
2708 1918 2815 1971 τὸν
2846 1916 3065 1983 Κύριόν
3090 1930 3208 1968 σου
3248 1916 3401 1983 μετὰ
3440 1913 3551 1981 τῆς
3582 1908 3762 1979 ψυχῆς

2205 2026 2345 2077 σου,
2373 2011 2475 2065 ἵνα
2508 2005 2583 2081 ᾗς
2610 2009 2869 2064 πάντοτε
2883 2008 3012 2077 μετ’
3034 2006 3184 2076 ἐμοῦ
3215 2004 3647 2075 εὐφραινομένη
3676 2002 3758 2054 καὶ

2202 2100 2614 2172 ἀγγαιλιῶσα.

2273 2193 2351 2248 Θ¹.
2386 2194 2598 2262 ’Ὠσπερ
2630 2190 2737 2261 γὰρ
2761 2189 2898 2258 γυνὴ
2940 2186 3398 2259 μεμνησπυμένη
3434 2186 3609 2258 ἀνδρὶ,
3640 2184 3757 2238 πάν-

2203 2302 2271 2339 τα
2300 2284 2369 2337 τὰ
2401 2284 2717 2352 ὑπάρχοντα
2745 2281 2935 2350 αὐτῆς,
2985 2276 3081 2331 καὶ
3109 2276 3240 2348 ὅλην
3264 2276 3365 2345 τὴν
3416 2279 3616 2344 προῖκα
3642 2277 3759 2328 ἀπο·

2204 2376 2361 2445 φέρει
2390 2376 2453 2426 ἐκ
2488 2372 2686 2442 πολλῆς
2718 2372 2939 2440 ἀγάπης
2981 2371 3061 2433 εἰς
3092 2369 3194 2432 τὰς
3230 2370 3421 2437 χεῖρας
3452 2366 3648 2437 ῥίψασα
3673 2362 3756 2416 τοῦ

2203 2467 2416 2536 ἀνδρὸς,
2452 2466 2545 2517 καὶ
2574 2463 2732 2517 τοῦτο
2762 2463 2931 2531 λέγει,
2976 2460 3157 2529 Ἐμὸν
3183 2458 3368 2513 οὐδὲν
3384 2457 3527 2525 ἔχω,
3556 2456 3624 2509 τὰ
3649 2454 3759 2523 ἐμοὶ

2201 2558 2555 2624 ὑπάρχοντα
2599 2554 2683 2609 σά
2707 2555 2837 2607 ἐστι
2860 2569 2875 2585 ·
2933 2551 3032 2605 καί
3073 2550 3249 2619 προὶξ
3274 2548 3359 2615 σή
3417 2549 3570 2611 ἐστι,
3602 2546 3689 2599 καί
3727 2545 3759 2611 ἡ

2200 2648 2313 2717 ἐμὴ
2347 2646 2516 2716 ψυχὴ
2557 2646 2657 2699 καὶ
2683 2645 2750 2697 τὸ
2783 2644 2953 2713 σῶμα
2970 2642 3037 2696 τὸ
3059 2643 3228 2711 ἐμὸν,
3255 2644 3375 2696 σόν
3403 2642 3606 2694 ἐστιν·
3637 2635 3761 2691 οὕτω

2202 2740 2297 2793 καὶ
2328 2741 2360 2809 ἡ
2398 2738 2633 2808 σώφρων
2662 2738 2809 2806 ψυχὴ
2838 2736 3106 2806 παρθένος
3136 2735 3255 2786 ἐστὶ⁵
3291 2733 3372 2803 τῷ
3420 2732 3627 2802 Κυρίῳ,
3660 2747 3756 2782 κοιο

2201 2829 2449 2883 νωνοῦσα
2467 2828 2545 2899 τῷ
2569 2828 2709 2897 ἁγίῳ
2743 2826 2905 2880 αὑτοῦ
2936 2825 3238 2895 Πνεύματι.
3273 2825 3397 2895 Χρὴ
3429 2824 3488 2876 δέ
3515 2840 3572 2876 σε
3593 2822 3759 2889 ὥσπερ

2202 2918 2365 2981 αὐτὸς
2398 2919 2491 2969 ἐπὶ
2520 2918 2623 2985 γῆς
2650 2915 2819 2969 ἐλθὼν
2849 2915 3041 2978 ἐπαθε,
3083 2914 3178 2967 καὶ
3206 2912 3560 2983 ἐσταυρώθη,
3598 2912 3685 2964 καὶ
3706 2909 3755 2962 σὲ

2204 3010 2536 3082 συμπαθεῖν.
2563 2992 2735 3063 ’όταν
2762 3007 2871 3077 γὰρ
2900 3007 3265 3077 ἀναχωρήσῃς
3292 3005 3390 3059 τοῦ
3423 3006 3646 3074 κόσμου,
3680 3003 3759 3055 καὶ

2201 3102 2341 3177 ἄρξῃ
2372 3102 2557 3173 ζητεῖν
2605 3100 2697 3153 τδν
2747 3099 2881 3153 Θεὸν
2915 3098 3011 3151 καὶ
3061 3098 3384 3167 διακρίνειν,
3416 3096 3600 3149 λοιπὸν
3630 3096 3758 3165 μάχῃ

2196 3195 2262 3263 τῇ
2308 3192 2468 3260 φύσει
2519 3206 2613 3241 σου
2662 3190 2720 3241 ἐν
2759 3190 2873 3250 τοῖς
2923 3185 3174 3248 παλαιοῖς
3217 3186 3375 3256 ἤθεσι
3415 3185 3508 3238 καὶ
3543 3186 3607 3253 τῇ
3648 3198 3755 3234 συν-

2198 3277 2414 3355 ηθείᾳῇ
2445 3278 2863 3349 συνεγεννήθης.
2886 3278 2997 3331 Καὶ
3029 3278 3087 3329 ἐν
3129 3277 3208 3345 τῷ
3242 3276 3518 3346 μάχεσθαι
3545 3277 3608 3344 τῇ
3642 3289 3750 3325 συν-

2197 3372 2375 3442 ηθείᾳ,
2410 3370 2686 3442 εὑρίσκεις
2735 3368 3027 3437 λογισμοὺς
3076 3367 3498 3436 ἀντικειμένους
3548 3382 3626 3419 σοι
3672 3364 3751 3416 καὶ

2202 3461 2547 3531 μαχομένους
2576 3459 2655 3529 τῷ
2680 3460 2757 3530 νῷ
2782 3476 2898 3522 σου,
2950 3459 3047 3511 καὶ
3078 3458 3297 3510 ἐλκουσί
3327 3474 3391 3510 σε
3428 3460 3479 3511 oi
3509 3453 3754 3524 λογισμοὶ.

2197 3552 2293 3603 καὶ
2334 3550 2729 3618 ρεμϐάζουσιν,
2788 3549 2911 3603 ὅθεν
2942 3548 3169 3618 ἐξῆλθες
3206 3550 3287 3610 είς
3324 3548 3391 3600 τὸ
3433 3547 3750 3617 φαινόμενον.

2202 3643 2383 3714 Ἀρχῃ
2410 3641 2599 3693 λοιπὸν
2634 3642 2810 3693 ποιεῖν
2842 3640 3031 3707 ἀγῶνα
3061 3640 3157 3692 καὶ⁵
3186 3640 3451 3709 πόλεμον,
3484 3635 3749 3705 λογισμοὺς

2197 3732 2363 3785 κινῶν
2390 3732 2529 3801 πρὸς
2558 3730 2874 3799 λογισμοὺς,
2930 3729 3057 3784 νοῦν
3096 3728 3233 3800 πρὸς
3263 3728 3410 3793 νοῦν,
3443 3728 3617 3800 ψυχὴν
3638 3725 3754 3792 πρὸς

2195 3821 2396 3890 ψυχὴν,
2429 3819 2647 3890 πνεῦμα
2677 3820 2814 3892 πρὸς
2840 3819 3058 3890 πνεῦμα
3081 3835 3097 3851 ⁶
3151 3819 3245 3873 καὶ
3273 3819 3464 3876 λοιπὸν
3500 3822 3613 3874 ἐκεῖ
3639 3818 3753 3870 αἰω-

2197 3912 2285 3964 νία
2310 3912 2344 3981 ἡ
2380 3909 2553 3980 ψυχή.

2267 4178 2323 4232 l'.
2363 4177 2832 4232 Ἀποκαλύπτεται
2863 4176 2973 4247 γὰρ
3000 4177 3359 4248 κεκρυμμένη
3382 4195 3469 4241 τις
3499 4176 3591 4230 καὶ
3605 4171 3749 4241 λεπτὴ

2194 4268 2424 4339 δύναμις
2452 4270 2547 4323 τοῦ
2581 4270 2808 4331 σκότους
2850 4269 3287 4336 ἐγκαθεζομένου
3313 4271 3378 4338 τῇ
3409 4269 3603 4339 καρδίᾳ
3630 4282 3644 4299 ’
3672 4268 3749 4316 και

2195 4364 2224 4414 ὁ
2270 4360 2475 4431 Κύριος
2521 4361 2688 4428 ἐγγὺς
2724 4358 2823 4429 τῆς
2863 4359 3041 4429 ψυχῆς
3090 4360 3184 4412 καὶ
3226 4359 3320 4411 τοῦ
3368 4360 3618 4430 σώματος
3670 4352 3747 4407 σού

512 4477 673 4531 gnam
709 4469 881 4524 tuam,
909 4469 967 4513 et
1008 4473 1237 4513 arcanas
1282 4459 1533 4513 cmlestes
1561 4458 1923 4529 cogitationes
1950 4457 2091 4511 indit

2200 4454 2343 4506 ἐστιν
2368 4452 2510 4524 ὀρῶν
2536 4452 2628 4506 τὸν
2660 4452 2894 4521 πόλεμόν
2923 4468 3037 4514 σου,
3063 4452 3157 4505 καὶ
3180 4453 3460 4520 κρυπτοὺς
3483 4451 3746 4519 λογισμοὺς

513 4550 633 4616 tibi,
665 4560 831 4620 atque
873 4550 1067 4620 incipit
1095 4550 1234 4603 clam
1270 4558 1323 4603 te
1366 4548 1695 4604 refecillare.
1727 4546 1965 4603 Dimittit
1992 4562 2091 4601 au—

512 4654 623 4697 tem
668 4650 754 4705 te,
800 4640 976 4695 donec
1016 4640 1321 4700 erudiaris,
1350 4648 1406 4694 et
1450 4640 1506 4693 in
1540 4639 1672 4709 ipsis
1696 4638 2091 4692 afﬂictionibus

509 4734 697 4803 dirigit
728 4742 781 4787 te
804 4732 977 4802 gratia
1008 4749 1020 4784 :
1048 4747 1171 4801 qua:
1201 4730 1293 4785 ubi
1317 4747 1347 4785 a
1378 4746 1559 4801 pugna
1598 4728 1664 4783 ad
1696 4730 1936 4797 quietem
1961 4744 2090 4797 per-

506 4822 752 4887 veneris,
809 4820 1244 4891 cognoscendam
1305 4820 1407 4874 tibi
1459 4835 1518 4875 se
1574 4819 1749 4889 ipsam
1796 4819 1999 4882 tradit,
2034 4826 2091 4873 et

508 4924 905 4969 commonstrat
950 4915 1070 4979 tibi,
1103 4929 1161 4968 se
1192 4913 1258 4968 ad
1302 4913 1736 4969 emolumentum
1769 4921 1925 4967 tuum
1964 4928 2091 4981 per-

509 5006 756 5072 misisse,
806 5015 870 5060 ut
917 5006 1248 5061 exercearis.
1298 5006 1531 5061 Perinde
1577 5020 1641 5060 ac
1691 5007 1738 5060 si
1786 5004 1857 5059 sit
1904 5003 2090 5057 divitis

508 5097 793 5166 cujusdam
844 5113 1013 5166 puer,
1058 5098 1152 5167 qui
1207 5098 1406 5153 habeat
1452 5098 1841 5168 paadagogum,
1899 5094 2088 5149 Iandiu

506 5189 729 5259 quidem
776 5190 909 5243 loris
939 5191 1093 5244 illum
1124 5191 1317 5257 cadit;
1349 5199 1406 5245 et
1437 5191 1744 5261 castigatio,
1770 5188 2000 5242 vulnera
2027 5204 2088 5242 ac

505 5280 677 5350 plaga:
705 5278 949 5333 molesta:
979 5279 1031 5333 ei
1058 5276 1337 5345 videntur,
1368 5279 1545 5335 donec
1568 5280 1754 5334 evadit
1783 5280 1837 5333 in
1868 5278 2083 5344 virum;

506 5379 640 5424 tunc
669 5385 803 5423 vero
849 5369 1041 5437 incipit
1086 5379 1301 5439 gratum
1350 5385 1410 5424 se
1453 5370 1716 5425 exhibere
1748 5369 2082 5440 paedagogo:

506 5463 585 5515 sic
603 5475 823 5530 quoque
852 5461 1025 5530 gratia
1045 5476 1168 5513 cum
1193 5460 1605 5529 dispensatione
1634 5461 1883 5532 castigat,
1910 5460 2088 5516 donec

507 5552 564 5606 in
599 5552 903 5621 perfectum
938 5552 1118 5604 virum
1157 5552 1379 5606 evadas.

574 5640 666 5693 XI.
698 5642 950 5710 Agricola
984 5656 1172 5695 semen
1213 5641 1269 5695 in
1295 5656 1681 5713 quamcunque
1710 5652 1922 5713 partem
1953 5656 2085 5713 pro-

504 5727 641 5797 jicit,
678 5738 731 5782 et
767 5730 860 5799 qui
906 5730 1110 5800 plantat
1140 5730 1379 5801 vineam,
1414 5735 1567 5805 cupit
1600 5745 1659 5791 ut
1699 5744 1813 5791 tota
1840 5734 2083 5790 fructum

2194 4545 2480 4614 οὐρανίους
2506 4543 2747 4614 ἐντίθησί
2772 4560 2874 4606 σοι,
2910 4544 3008 4597 καὶ
3033 4543 3259 4613 ἄρχεται
3281 4544 3583 4599 ἀναπαύειν
3618 4560 3670 4594 σε
3697 4544 3746 4592 ἐν

2191 4634 2270 4706 τῷ
2300 4635 2549 4705 κρυπτῷ.
2592 4634 2807 4704 Ἀφίησι
2833 4633 2889 4687 δέ
2922 4651 2981 4687 σε
3012 4636 3148 4697 τέως
3172 4636 3547 4707 παιδευθῆναι,
3575 4637 3659 4689 καὶ
3678 4635 3746 4692 εἰς

2192 4726 2363 4789 αὐτὰς
2408 4727 2508 4790 τὰς
2556 4726 2763 4794 θλίψεις
2810 4727 3085 4795 οἰκονομεῖ
3137 4744 3197 4779 σε
3229 4728 3261 4797 ἡ
3290 4728 3485 4798 χάρις·
3512 4729 3600 4781 καὶ
3639 4727 3745 4779 ὃταν

2191 4817 2351 4890 ἔλθῃς
2376 4818 2455 4881 είς
2486 4818 2813 4880 ἀνάπαυσιν,
2839 4818 3090 4887 γνωρίζει
3111 4835 3192 4870 σοι
3210 4819 3433 4888 ἑαυτὴν,
3459 4822 3549 4873 καὶ
3569 4819 3745 4871 δείκνυ-

2193 4908 2246 4961 σί
2274 4926 2377 4973 σοι,
2412 4908 2493 4961 ὅτι
2541 4908 2682 4979 ὑπὲρ
2712 4908 2805 4962 τοῦ
2844 4911 3215 4980 συμφέροντός
3256 4927 3352 4962 σου
3410 4909 3742 4981 παρεχώρησε

2190 5000 2569 5071 γυμνασθῆναί
2599 5018 2680 5053 σε.
2710 5001 2917 5072 Ὠσπερ
2952 5003 3081 5054 ὅταν
3177 5002 3434 5055 πλουσίου
3465 5001 3604 5063 τινὸς
3634 5014 3742 5050 παι-

2190 5092 2319 5154 δίον,
2353 5092 2446 5144 καὶ
2478 5092 2578 5163 ἔχῃ
2614 5093 2967 5161 παιδαγωγὸν
2990 5133 3004 5157 ,
3054 5095 3195 5157 τέως
3242 5095 3341 5165 μὲν
3383 5094 3577 5164 λώροις
3605 5087 3742 5144 αὑτὸν

2192 5183 2494 5253 βασανίζει,
2527 5186 2621 5238 καὶ
2658 5187 2690 5257 ή
2722 5186 2962 5250 παιδεία,
2988 5188 3084 5239 καὶ
3117 5187 3187 5243 τὰ
3213 5188 3527 5257 τραύματα,
3578 5183 3663 5238 καὶ
3696 5177 3739 5229 αἱ

2190 5278 2399 5347 πληγαὶ
2447 5277 2664 5348 βαρεῖαι
2712 5278 3017 5347 φαίνονται,
3078 5279 3182 5342 ἕως
3210 5282 3299 5333 ὅτε
3329 5282 3551 5350 γένηται
3582 5275 3704 5339 ἀνὴρ
3725 5307 3737 5329 ι

2188 5369 2311 5422 τότε
2342 5369 2399 5422 δέ
2432 5370 2660 5438 ἄρχεται
2703 5370 3047 5440 εὐχαριστεῖν
3080 5370 3158 5439 τῷ
3193 5370 3522 5438 παιδαγωγῷ
3544 5385 3557 5397 '
3590 5364 3735 5421 οὕτως

2190 5462 2285 5513 καὶ
2312 5462 2343 5529 ἠ
2378 5460 2536 5529 χάρις
2571 5460 2936 5530 οἰκονομικῶς
2975 5461 3214 5514 παιδεύει
3244 5500 3259 5527 ,
3293 5462 3398 5525 ἓως
3430 5464 3523 5524 ,ὅτε
3550 5454 3737 5526 φθάσῃς

2189 5553 2268 5613 εἰς
2296 5552 2501 5605 τέλειον
2531 5552 2721 5623 ἄνδρα.
3494 5606 3497 5607 ,

2261 5646 2364 5700 IA’.
2394 5644 2450 5698 ’0
2476 5644 2718 5713 γεωργὸς
2741 5644 2832 5697 τὸν
2864 5644 3066 5713 σπόρον
3089 5644 3360 5715 πανταχοῦ
3393 5642 3587 5714 ῥίπτει,
3608 5632 3686 5686 καὶ
3708 5625 3732 5677 ὃ

2190 5735 2437 5803 φυτεύων
2465 5733 2734 5806 ἄμπελον,
2768 5735 2933 5804 θέλει,
2958 5735 3046 5793 ἴνα
3067 5734 3161 5806 ὅλη
3188 5730 3599 5807 καρποφορήσῃ.
3620 5722 3728 5775 Λοι-
