3980 6420
316 316 419 382 ’741
1447 316 1818 379 IIOMILLE.
1852 344 1908 354 -

2017 321 2139 382 0M.
2175 320 2459 382 XXXIII.
3492 334 3597 397 7.52

320 434 422 485 πὸν
445 425 540 485 οῦν
568 432 821 503 ἐπιφέρει
847 432 905 485 τὸ
937 429 1230 501 δρέπανον,
1265 432 1359 484 καὶ
1401 433 1449 483 εί
1480 433 1554 503 μὴ
1579 433 1729 503 εὕροι
1766 451 1901 503 καρ-

2017 435 2283 503 proferat;
2316 434 2664 503 postmodum
2694 452 2827 509 ergo
2858 438 3005 494 illata
3034 439 3192 507 falce,
3224 457 3270 496 sn
3296 457 3406 497 non
3437 444 3591 501 inve-

320 525 444 588 πὺν,
474 524 728 577 λυπεῖται
754 540 771 555 ο
803 523 975 587 οὕτως
1011 525 1105 576 καὶ
1131 526 1160 576 6
1196 523 1398 594 Κύριος
1422 524 1514 577 τὸν
1547 525 1706 593 λόγον
1734 525 1902 578 αὐτοῦ

321 615 603 684 σπαρῆναι
626 614 770 668 θέλει
792 616 873 678 είς
892 616 993 677 τὰς
1023 614 1252 684 καρδίας
1272 615 1379 668 τῶν
1404 615 1728 686 ἀνθρώπων.
1763 617 1904 669 Ἀλλ’

319 704 513 776 ὥσπερ
532 707 561 758 6
590 706 833 777 γεωργὸς
862 708 920 759 ἐν
938 710 1005 775 τῇ
1039 708 1289 777 ἀποκένῳ
1315 704 1469 778 χώρᾳ.
1493 704 1773 759 λυπεῖται·
1807 708 1904 759 οὗ·

318 815 430 861 τως
462 799 556 850 καὶ
574 801 602 851 6
629 798 834 867 Κύριος
866 798 925 850 ἐν
959 801 1024 869 τῇ
1053 798 1302 867 ἀποκένῳ
1325 798 1524 868 καρδίᾳ
1550 798 1646 851 καὶ
1678 800 1753 868 μὴ
1775 817 1908 870 καρ-

324 890 638 959 ποφορούσῃ
685 889 955 942 λυπεῖται.
997 890 1207 960 Ὥσπερ
1261 891 1309 943 οί
1374 889 1569 959 ἄνεμοι
1626 892 1903 961 πανταχοῦ

320 981 581 1032 πνέουσιν
638 981 720 1041 είς
783 980 965 1031 πᾶσαν
1008 980 1107 1049 τὴν
1161 980 1362 1044 κτίσιν,
1410 981 1507 1032 καλ⁴
1535 968 1725 1049 ὥσπερ
1754 980 1903 1049 ἥλιος

319 1070 471 1141 πάσῃ
530 1073 599 1139 τῇ
659 1070 957 1143 οἰκουμένῃ
1010 1068 1557 1141 ἐπιλάμπειόῦτως
1612 1074 1646 1142 ὴ
1711 1071 1904 1139 θεότης

318 1159 601 1229 πανταχοῦ
637 1162 754 1212 ἐστι
780 1199 797 1225 ,
844 1161 941 1214 καὶ
974 1160 1249 1230 πανταχοῦ
1293 1162 1629 1232 εὑρίσκεται.
1686 1162 1751 1215 El
1807 1161 1905 1233 ζη-

318 1252 437 1312 τεῖς
477 1250 640 1302 αὐτὸν
691 1252 750 1301 ἐν
791 1254 906 1314 τοῖς
962 1253 1248 1321 οὐρανοῖς,
1306 1252 1424 1305 ἐκεῖ
1472 1252 1789 1321 εὑρίσκεται
1846 1255 1905 1306 ἐν

315 1343 435 1403 τοῖς
466 1342 747 1412 λογισμοῖς
780 1343 889 1395 τῶν
912 1341 1162 1411 ἀγγέλων
1181 1358 1195 1372 ·
1220 1345 1270 1395 εί
1296 1342 1479 1413 ζητεῖς
1502 1344 1664 1396 αὑτὸν
1688 1345 1780 1397 ἐπὶ
1804 1341 1906 1412 τῆς

316 1432 449 1501 γῆς,
501 1433 595 1486 καὶ
641 1426 744 1487 ὧδε
790 1434 1104 1504 εὑρίσκεται.
1134 1436 1191 1487 ἐν
1235 1437 1354 1497 ταῖς
1387 1435 1641 1505 καρδίαις
1668 1435 1775 1488 τῶν
1806 1436 1904 1489 ἀν⁶

316 1523 581 1592 Θρώπων.
650 1523 783 1579 Ἀπὸ
844 1524 1057 1581 πολλῶν
1130 1526 1187 1579 δὲ
1241 1526 1413 1594 ὀλίγοι
1463 1527 1807 1595 εὑρίσκονται
1854 1528 1904 1579 οἱ

315 1617 747 1686 εὐαρεστοῦντες
779 1617 929 1687 αὐτῷ
957 1619 1297 1687 Χριστιανοί.
1330 1619 1469 1685 Δόξα
1522 1619 1618 1673 καὶ
1673 1619 1908 1689 μεγαλοα

316 1708 563 1777 πρέπεια
594 1708 789 1778 Πατρὶ,
821 1710 917 1763 καὶ
966 1710 1081 1780 Υίῷ
1103 1750 1118 1776 ,
1150 1712 1247 1764 καὶ
1278 1710 1430 1781 -ἀγίῳ
1468 1708 1782 1779 Πνεύματι,
1826 1712 1906 1774 εἰς

316 1801 448 1866 τοὺς
480 1801 704 1865 αἰῶνας.
736 1801 931 1875 Ἀμήν.

909 1916 1157 1971 ΟΜΙΛΙΑ
1189 1915 1315 1972 AI".

331 2005 756 2074 Ἀδιαλείπτως
791 2008 891 2062 καί
920 2011 1239 2133 προσεέῶς
1263 2011 1361 2065 δεῖ
1387 2011 1466 2078 τῷ
1491 2008 1614 2079 Θεῷ
1637 2011 1902 2083 προσεύ-

999 2095 1112 2133 γεσ
1150 2098 1232 2133 αι.

995 2095 1232 2148 χεσυαι.

390 2185 472 2241 A'.
509 2188 600 2240 Δει
627 2188 798 2258 ἡμᾶς,
847 2189 921 2260 μὴ
956 2190 1099 2244 κατὰ
1154 2190 1278 2255 ἔθος
1332 2192 1646 2261 σωματικὸν
1680 2231 1696 2255 ,
1762 2194 1902 2262 μήτε

316 2277 573 2344 κραυγῆς
600 2274 734 2339 ἔθει,
776 2278 913 2346 μήτε
951 2278 1212 2350 συνηθείᾳ
1238 2283 1471 2350 σιωπῆς,
1505 2284 1643 2351 μήτε
1671 2283 1904 2345 κλίσεως

314 2368 563 2431 γονάτων
622 2370 1022 2438 προσεύχεσθαι
1072 2388 1087 2401 ’
1153 2371 1291 2425 ἀλλά
1344 2373 1629 2440 νηφαλέως
1697 2374 1776 2443 τῷ
1825 2374 1901 2442 νῷ

316 2458 692 2528 προσέχοντας
724 2461 1035 2531 προσδοκᾷν
1068 2461 1162 2516 τὸν
1190 2462 1324 2516 Θεὸν
1367 2464 1499 2515 πότε
1554 2464 1771 2533 ἐπιστῇ,
1807 2465 1903 2517 καὶ

317 2549 690 2621 ἐπισκέψηται
715 2553 804 2605 διὰ
837 2554 1027 2606 πασῶν
1058 2554 1167 2606 τῶν
1199 2553 1395 2621 ἐξόδων
1423 2553 1523 2624 τὴν
1554 2554 1765 2625 ψυχὴν,
1809 2557 1903 2608 καὶ

316 2640 430 2694 τῶν
446 2641 648 2712 τρίϐων
669 2644 835 2712 αὐτῆς
865 2646 961 2698 καὶ
990 2645 1381 2718 αἰσθητηρίων.
1402 2647 1512 2700 Καὶ
1539 2645 1712 2709 οὕτως
1739 2648 1902 2718 ἡνίκα

317 2733 430 2804 χρὴ
480 2736 690 2806 σιωπᾷν
712 2775 727 2799 ,
760 2737 855 2789 καὶ
886 2737 1051 2807 ἡνίκα
1083 2737 1213 2808 βοᾷν
1252 2739 1358 2808 χρὴ
1389 2776 1405 2802 ,
1448 2738 1546 2792 καὶ⁵
1592 2740 1651 2791 ἐν
1683 2742 1901 2809 κραυγῇ

322 2824 749 2895 προσεύχεσθαι,
784 2827 946 2897 μόνον
980 2830 1009 2882 6
1049 2828 1174 2892 νοῦς
1203 2829 1519 2900 ἐρρωμένος
1629 2829 1765 2898 πρὸς
1812 2830 1903 2881 τὸν

321 2908 479 2982 Θεόν.
508 2917 724 2990 Ὥσπερ
750 2919 859 2991 γὰρ
880 2920 941 2973 τὸ
975 2920 1135 2991 σῶμα
1162 2921 1292 2974 ὅταν
1323 2920 1630 2995 ἐργάζηταί
1672 2938 1750 2985 τι,
1784 2921 1905 2973 ὅλον

320 3008 392 3062 δι’
425 3011 545 3064 ὅλου
574 3013 958 3082 ἀποσχολεῖται
1005 3014 1330 3084 ἐγκείμενον
1358 3014 1437 3085 τῷ
1458 3014 1626 3084 ἔργῳ,
1655 3017 1748 3067 καὶ
1780 3014 1905 3067 πάνυ

2008 528 2124 582 niat
2156 526 2418 592 fructum,
2450 542 2690 583 mter-ore
2722 529 2958 584 allicitur
2993 551 3006 585 :
3038 533 3120 587 sic
3151 549 3371 604 quoque
3399 536 3588 591 Domi-

2008 634 2115 672 nus
2145 617 2377 672 verbum
2411 632 2573 672 suum
2627 620 2890 675 seminari
2921 623 3041 678 vult
3085 624 3144 679 in
3192 628 3452 682 cordibus
3489 629 3591 682 ho~

2011 710 2245 763 minum.
2277 710 2477 764 Verum
2525 710 2755 779 perinde
2802 727 2867 767 ac
2912 714 3154 784 agricola
3192 717 3263 771 ob
3312 719 3590 788 regionem

2009 802 2229 857 inanem
2277 804 2533 873 angitur;
2587 805 2668 858 sic
2718 819 2939 875 quoque
2988 806 3255 861 Dominus
3306 808 3375 863 de
3418 826 3593 865 vacuo

2008 893 2195 959 corde,
2218 909 2321 949 nec
2356 892 2565 947 fruetus
2600 893 2963 962 producente,
2989 899 3367 954 contristatur.
3394 898 3593 964 Quem—

2007 985 2300 1040 admodum
2339 987 2491 1042 venti
2540 986 2778 1057 perﬂant
2812 986 3018 1057 ubique
3064 1000 3319 1045 cunctam
3378 1000 3595 1046 creatu-

2009 1094 2153 1143 ram;
2181 1087 2236 1131 et
2259 1078 2722 1147 quemadmodum
2745 1080 2826 1135 sol
2848 1082 3067 1136 omnem
3091 1092 3295 1137 terram
3317 1084 3590 1141 illustrat.

2010 1169 2092 1224 sic
2114 1168 2293 1223 deitas
2313 1169 2518 1237 ubique
2538 1179 2643 1237 est,
2665 1182 2719 1226 et
2740 1172 2947 1242 ubique
2979 1174 3274 1241 reperitur.
3298 1174 3353 1227 Si
3376 1190 3592 1243 qureras

2010 1260 2165 1314 illum
2198 1260 2253 1315 in
2283 1262 2458 1326 caelis,
2490 1263 2602 1316 illic
2632 1263 2909 1332 reperitur
2948 1265 3002 1318 in
3034 1265 3465 1334 cogitationibus
3497 1282 3591 1320 an-

2007 1352 2289 1420 gelorum;
2313 1352 2359 1405 si
2383 1367 2595 1422 quaaras
2624 1368 2751 1407 eum
2777 1354 2831 1407 in
2864 1363 3029 1418 terra,
3061 1354 3152 1407 hic
3178 1372 3396 1425 quoque
3432 1371 3592 1425 repe-

2007 1439 2151 1495 ritur
2200 1440 2257 1495 in
2302 1441 2564 1495 cordibus
2610 1441 2918 1495 hominum.
2956 1442 2999 1496 E
3045 1442 3234 1495 multis
3264 1458 3397 1497 vero
3425 1442 3589 1510 pauci

2008 1532 2388 1601 reperiuntur,
2420 1534 2516 1603 qui
2550 1533 2807 1604 placeant
2839 1534 2951 1587 Deo
2976 1532 3296 1587 Christiani.
3329 1532 3513 1587 Gloria
3536 1542 3592 1587 et

2009 1623 2415 1693 magniﬁcentia
2443 1624 2614 1692 Patri,
2642 1633 2699 1681 et
2724 1624 2883 1691 Filio,
2920 1632 2977 1679 ot
3015 1623 3243 1695 Spiritui
3278 1633 3487 1689 saneto,
3532 1623 3587 1677 in
3640 1672 3653 1683 ι

2011 1716 2231 1771 saecula.
2260 1716 2455 1774 Amen.

2498 1928 2787 1987 HOMILIA
2823 1927 3065 1986 XXXIII.

2010 2019 2377 2078 Indesinenter
2425 2031 2478 2078 et
2530 2031 2731 2079 attente
2794 2031 2999 2095 oportet
3062 2021 3171 2076 Deo
3239 2030 3359 2076 vota
3418 2022 3591 2092 facere

2646 2103 2696 2147 et
2727 2096 2957 2165 precari.

2080 2205 2121 2258 Ι.
2149 2205 2378 2275 Oportet
2412 2222 2532 2269 nos,
2579 2220 2691 2261 non
2719 2220 2787 2260 ex
2832 2221 2986 2261 more
3026 2219 3318 2274 corporeo,
3352 2220 3455 2260 nec
3490 2220 3591 2274 pm

2009 2313 2161 2352 more
2205 2299 2579 2365 vociferandi,
2631 2314 2733 2353 nec
2788 2314 2854 2353 ex
2904 2298 3304 2352 consuetudine
3350 2297 3586 2357 silendi,

2012 2395 2108 2440 aut
2139 2403 2317 2457 genua
2362 2388 2639 2451 ﬂectendi,
2672 2402 2865 2457 preces
2910 2386 3122 2452 facere;
3169 2401 3363 2440 verum
3406 2387 3590 2440 sobrie

2010 2480 2254 2533 animum
2312 2480 2659 2535 attendentes
2718 2490 3041 2550 exspectare
3100 2480 3306 2545 Deum,
3368 2478 3590 2549 quando

2010 2571 2187 2626 aderit
2215 2580 2272 2627 et
2299 2572 2543 2626 visitabit
2585 2588 2685 2643 per
2716 2589 2907 2628 omnes
2942 2574 3285 2643 egressiones
3326 2575 3585 2632 animam.

2011 2678 2108 2731 per
2135 2664 2359 2718 semitas
2381 2665 2501 2733 ejus
2529 2681 2593 2720 ac
2624 2680 2884 2720 sensuum
2911 2681 3147 2735 organa;
3181 2674 3236 2720 et
3265 2667 3337 2719 ita
3368 2665 3590 2734 quando

2010 2756 2302 2810 conveniat
2347 2764 2549 2821 tacere,
2582 2765 2639 2811 et
2673 2757 2893 2827 quando
2922 2759 3215 2812 conveniat
3246 2759 3503 2821 clamare,
3533 2768 3592 2810 et

2011 2861 2137 2899 cum
2167 2846 2558 2903 vociferatione
2587 2832 2823 2918 precari,
2858 2849 3021 2903 modo
3066 2863 3222 2903 mens
3263 2848 3335 2902 sit
3376 2848 3589 2901 ﬁrmata

2013 2938 2069 2991 in
2109 2938 2299 2992 Deum.
2340 2940 2574 2994 Perinde
2606 2940 2753 2995 enim
2800 2956 2865 2995 ac
2911 2954 3113 3009 corpus
3160 2954 3285 2995 cum
3331 2949 3593 3008 operatur

2011 3028 2316 3098 quidpiam,
2336 3036 2508 3082 totum
2534 3029 2756 3099 penitus
2773 3036 3101 3098 occupatum
3125 3027 3395 3083 incumbit
3413 3029 3589 3097 operi,

322 3102 395 3156 τὰ
424 3102 587 3155 αὐτου
615 3102 682 3156 τὰ
711 3102 851 3171 μέλη
890 3104 1143 3173 ἀλλήλοις
1179 3105 1366 3177 βοηθεῖ
1397 3123 1411 3136 ·
1435 3106 1577 3159 οὕτω
1610 3108 1704 3159 καὶ
1732 3108 1765 3177 ἡ
1798 3106 1903 3176 ψυ-

2017 3128 2066 3173 et
2113 3120 2296 3173 omnia
2338 3122 2458 3191 ejus
2496 3121 2744 3176 membra
2789 3136 2848 3175 se
2886 3120 3122 3174 invicem
3164 3119 3428 3189 adjuvant
3468 3119 3593 3174 :sic

325 3192 397 3261 χὴ
423 3190 518 3263 ὅλη
549 3192 615 3244 δι’
648 3194 771 3246 ὅλου
801 3193 1154 3247 ἀποδεδύσθω
1180 3196 1261 3255 είς
1287 3194 1388 3263 τὴν
1427 3193 1565 3265 πρὸς
1596 3193 1800 3262 Κύριον
1827 3193 1909 3246 αῖ-

323 3302 487 3354 τησιν
516 3286 610 3338 καὶ
642 3286 887 3355 ἀγάπην,
918 3286 991 3357 μὴ
1029 3285 1340 3359 ῥεμϐομένη
1373 3287 1468 3339 καὶ
1504 3285 1911 3356 περιφερομένη

323 3378 441 3441 τοῖς
463 3377 767 3449 λογισμοῖς,
799 3380 895 3434 καὶ
930 3381 1081 3450 πάσῃ
1112 3381 1179 3451 τῇ
1220 3378 1518 3450 προσδοκίᾳ
1553 3391 1913 3450 προσαυακει-

330 3470 468 3540 μένη
490 3470 751 3540 Χριστοῦ.

398 3562 472 3615 B'.
492 3562 599 3613 Καὶ
624 3561 799 3624 οὕτως
828 3562 991 3624 αὐτὸς
1016 3562 1334 3632 ἐπιλάμψει,
1360 3560 1618 3631 ἀληθινὴν
1644 3560 1911 3614 διδάσκων

328 3653 568 3723 αίτησιν,
617 3654 791 3717 διδοὺς
838 3653 1003 3724 εὐχὴν
1028 3653 1278 3724 καθαρὰν
1302 3694 1317 3718 ,
1344 3653 1739 3723 πνευματικὴν,
1774 3652 1910 3706 Θεοῦ

327 3743 509 3810 ἀξίαν,
542 3745 636 3797 καὶ
662 3745 779 3813 τὴν
802 3744 872 3798 ἐν
910 3746 1204 3814 πνεύματι
1232 3745 1330 3798 καὶ
1362 3744 1619 3811 ἀληθείᾳ
1641 3744 1910 3811 προσκύ-

324 3849 534 3900 νησιν.
574 3835 784 3902 Ὠσπερ
817 3835 872 3887 δὲ
905 3834 933 3886 6
965 3834 1236 3905 ἐμπορίας
1265 3833 1463 3902 τέχνην
1492 3831 1910 3901 ἐπανελόμενος,

325 3925 390 3977 οὐ
418 3926 749 3996 μονότροπον
778 3925 890 3996 ἔχει
920 3925 1014 3979 τοῦ
1062 3924 1290 3995 κέρδους
1328 3924 1430 3992 τὴν
1478 3923 1747 3988 ἐπίνοιαν,
1777 3924 1912 3977 ἀλλά

328 4016 596 4070 πάντοθεν
655 4015 839 4080 αὔξειν
909 4018 1003 4069 καὶ
1065 4015 1525 4079 πολυπλασιάζειν
1594 4016 1655 4067 τὸ
1721 4016 1913 4087 κέρδος

328 4107 635 4175 ἐπείγεται,
666 4108 773 4161 ἀπὸ
812 4108 1015 4177 ταύτης
1037 4108 1123 4177 ἐφ’
1148 4109 1344 4179 ἑτέραν
1376 4106 1578 4177 μετιὼν
1626 4107 1871 4160 ἐπίνοιαν
1896 4149 1909 4171 ,

326 4200 427 4251 καὶ
456 4198 705 4251 ἐντεῦθεν
735 4200 873 4270 πρὸς
902 4199 1089 4269 ἕτερον
1120 4200 1328 4269 τρέχων
1354 4199 1543 4268 πόρον,
1568 4198 1664 4251 καὶ
1687 4197 1798 4251 ἀπὸ
1817 4197 1911 4250 τοῦ

332 4290 498 4361 μηδὲν
532 4290 825 4360 όνήσαντος
863 4291 950 4343 ἀεὶ
980 4292 1277 4360 ἀποπηδῶν
1306 4290 1401 4343 ἐπὶ
1440 4290 1501 4343 τὸ
1541 4291 1914 4359 κερδαλεώτε-

334 4400 427 4453 ρον
453 4385 639 4454 τρέχει
672 4399 685 4412 ⁶
722 4382 894 4447 οὕτως
923 4383 1018 4435 καὶ
1049 4386 1211 4454 ἡμεῖς
1239 4384 1338 4455 τὴν
1385 4385 1565 4455 ψυχὴν
1599 4387 1757 4455 ἡμῶν
1791 4405 1909 4439 ποι-

2018 3228 2235 3282 quoque
2264 3214 2441 3267 anima
2469 3222 2581 3268 tota
2609 3229 2835 3284 prorsus
2856 3221 3215 3269 consecretur
3235 3211 3592 3281 postulationi

2016 3311 2073 3355 et
2098 3303 2349 3357 charitati
2383 3303 2621 3367 Domini,
2647 3319 2769 3373 (Illae
2810 3319 2915 3359 nec
2955 3304 3107 3375 vagis
3152 3313 3472 3373 occupetur,
3498 3312 3595 3357 aut

2016 3394 2436 3448 circumferatur
2482 3395 2940 3465 cogitationibus,
2990 3401 3048 3448 et
3087 3408 3239 3464 spem
3290 3404 3456 3463 atque
3494 3409 3594 3448 ex-

2016 3486 2412 3553 spectationem
2441 3501 2659 3540 omnem
2685 3488 3005 3541 collocatam
3037 3486 3235 3540 habeat
3274 3485 3327 3539 in
3352 3485 3591 3540 Christo.

2087 3572 2151 3627 ll.
2200 3574 2378 3642 Atque
2423 3574 2528 3629 hoc
2566 3582 2726 3644 pacto
2769 3574 3052 3630 illucescet
3095 3574 3222 3638 ille,
3261 3574 3355 3643 qui
3390 3590 3593 3642 purum

2014 3662 2181 3718 docet
2212 3662 2435 3732 petendi
2483 3662 2726 3727 modum,
2762 3671 2818 3717 et
2849 3664 3091 3733 suggerit
3134 3663 3441 3716 orationem
3486 3676 3592 3730 pu-

2016 3772 2130 3809 ram
2162 3754 2525 3824 spiritualem,
2559 3755 2670 3808 Deo
2699 3755 2941 3824 dignam,
2975 3763 3031 3809 et
3059 3768 3181 3823 quae
3211 3754 3273 3807 ﬁt
3310 3754 3365 3807 in
3399 3754 3595 3823 spiritu

2014 3858 2065 3902 et
2103 3849 2349 3913 veritate,
2399 3848 2763 3902 adorationem
2798 3847 2865 3898 '°.
2914 3845 3385 3913 Quemadmodum
3427 3861 3592 3905 vero.

2014 3941 2107 4011 qui
2141 3941 2522 3995 mercatoriam
2554 3948 2724 3993 artem
2758 3939 2943 4009 elegit,
2987 3954 3097 3993 non
3143 3938 3369 3993 unicum
3412 3938 3590 3993 solum

2014 4034 2153 4089 lucri
2185 4032 2417 4088 faciendi
2458 4032 2733 4099 excogitat
2766 4032 3071 4095 inventum,
3101 4030 3194 4085 sed
3225 4031 3592 4100 undecunque

2014 4139 2213 4194 augere
2233 4134 2287 4179 et
2317 4124 2596 4177 cumulare
2620 4122 2833 4176 lucrum
2860 4123 3097 4191 cogitur,
3120 4122 3188 4176 ab
3215 4122 3318 4176 hac
3344 4121 3502 4191 124
3522 4123 3589 4175 ad

2015 4218 2175 4271 aliam
2205 4217 2474 4271 transiens
2500 4217 2779 4270 solertiam
2801 4224 2855 4268 et
2878 4214 3193 4280 inventum;
3219 4222 3275 4269 et
3293 4214 3419 4268 inde
3442 4215 3588 4268 aliud

2014 4311 2119 4363 iter
2143 4309 2468 4377 suscipiens,
2490 4317 2547 4361 et
2575 4308 2643 4361 ab
2663 4321 2751 4369 eo,
2778 4306 2923 4374 quod
2951 4306 3088 4359 nihil
3120 4305 3345 4373 prodest
3375 4321 3594 4374 semper

2016 4400 2351 4463 transiliens,
2394 4399 2462 4453 ad
2516 4399 2591 4463 id,
2635 4398 2779 4468 quod
2814 4398 3179 4466 quaestuosius
3222 4407 3325 4462 est,
3357 4399 3535 4452 currit
3576 4415 3589 4449 :

330 4475 498 4538 κίλως
515 4477 609 4527 καὶ
633 4474 893 4544 ἐντέχνως
917 4475 1350 4545 εὐτρεπίσωμεν,
1380 4478 1529 4539 ὅπως
1559 4479 1908 4548 κερδάνωμεν

2017 4491 2097 4543 sic
2122 4504 2339 4558 quoque
2367 4504 2469 4543 nos
2501 4488 2737 4542 animam
2768 4497 3011 4541 nostram
3039 4488 3190 4541 varie
3217 4495 3274 4541 et
3299 4488 3593 4541 artificiose

328 4569 390 4620 τὸ
407 4567 661 4636 ἀληθινὸν
687 4567 780 4619 καὶ
803 4568 945 4635 μέγα
967 4567 1175 4637 κέρδος,
1200 4568 1290 4619 τὸν
1312 4569 1442 4620 Θεὸν
1475 4568 1566 4622 τὸν
1593 4570 1913 4623 διδάσκοντα

330 4661 480 4730 ἡμᾶς
511 4658 571 4724 ἐξ
600 4659 858 4729 ἀληθείας
889 4660 1309 4729 προσεύχεσθαι.
1344 4661 1531 4724 Οὕτως
1567 4662 1674 4731 γὰρ
1711 4665 1913 4715 suam-

334 4751 569 4807 παύεται
602 4755 629 4805 6
659 4754 864 4823 Κύριος
897 4755 963 4821 τῇ
1002 4753 1180 4822 ἀγαθῇ
1213 4754 1312 4821 τῆς
1344 4752 1523 4822 ψυχῆς
1569 4754 1911 4824 προαιρέσει,

333 4845 525 4915 θρόνον
550 4844 708 4913 δόξης
738 4847 910 4915 αὐτὴν
968 4844 1357 4915 ἐργαζόμενος,
1404 4846 1807 4915 ὲπικαθήμενός
1854 4865 1913 4897 τε

332 4940 433 4991 καὶ
475 4937 968 5006 ὲπαναπαυόμενος
1008 4937 1096 4989 ἐπ’
1133 4939 1322 5005 αὑτήν.
1368 4938 1554 4999 Οὕτως
1604 4938 1709 5007 γὰρ
1764 4939 1916 5007 παρὰ

343 5029 609 5099 Ἰεζεκιὴλ
638 5028 732 5082 τοῦ
781 5032 1063 5098 προφήτου
1097 5028 1415 5098 ἠκούσαμεν
1447 5029 1576 5099 περὶ
1616 5029 1723 5083 τῶν
1757 5046 1916 5081 πνευ-

347 5121 595 5189 ματικῶν
645 5120 823 5184 ζώων,
885 5122 994 5173 τῶν
1032 5120 1457 5188 ὑπεζευγμένων
1493 5118 1569 5189 τῷ
1600 5120 1915 5189 Δεσποτικῴ

335 5213 546 5282 ἅρματι
571 5230 585 5244 ·
614 5212 929 5281 ὁλόφθαλμα
951 5212 1060 5281 γὰρ
1076 5214 1211 5281 ἡμῖν
1242 5213 1482 5282 παριστᾷ
1507 5212 1699 5273 ταῦτα,
1727 5210 1915 5280 ὥσπερ

335 5305 484 5354 ἐστὶν
508 5305 542 5371 ἡ
562 5304 709 5371 ψυχὴ
729 5302 1126 5372 ήιβαστὰζουσα
1139 5304 1228 5354 τὸν
1248 5303 1401 5367 Θεὸν,
1429 5302 1627 5371 μᾶλλον
1640 5302 1695 5353 δὲ
1713 5302 1913 5370 βαστα-

336 5392 541 5461 ζομένη
587 5393 692 5444 ὑπὸ
726 5393 821 5444 τοῦ
856 5392 992 5444 Θεοῦ
1031 5408 1044 5422 ·
1091 5394 1333 5459 γίγνεται
1360 5394 1468 5461 γὰρ
1493 5391 1586 5461 ὅλη
1617 5391 1913 5460 ὀφθαλμός.

413 5482 486 5535 Γ’.
533 5484 642 5537 Καὶ
680 5484 739 5536 ὅν
780 5484 983 5552 τρόπον
1021 5480 1169 5544 οἶκος
1220 5485 1312 5536 τὸν
1358 5484 1624 5553 δεσπότην
1676 5484 1918 5553 παρόντα

333 5574 509 5645 ἔχων,
545 5576 724 5647 πάσης
753 5578 911 5645 γέμει
937 5578 1230 5648 εὐκοσμίας
1250 5578 1342 5629 καὶ
1358 5576 1687 5646 ὡραιότητος
1708 5576 1802 5628 κοιλ⁵
1833 5577 1922 5627 εύ-

2018 4577 2379 4639 adornemus,
2427 4583 2488 4629 ut
2533 4576 2942 4629 lucrifaciamus
2981 4591 3170 4629 verum
3218 4591 3283 4630 ac
3316 4592 3590 4631 summum
3636 4614 3640 4619 .

2017 4669 2251 4728 lucrum,
2289 4667 2458 4719 Deum
2486 4664 2769 4726 nimirum,
2802 4665 2895 4733 qui
2926 4665 3122 4719 doceat
3153 4680 3251 4719 nos
3281 4666 3334 4719 in
3363 4665 3593 4719 veritate
3674 4672 3678 4674 ‘

2018 4755 2249 4824 precari.
2282 4754 2362 4807 Ad
2397 4755 2545 4807 hunc
2572 4755 2717 4807 enim
2748 4753 2968 4807 modum
3002 4754 3301 4821 requiescit
3330 4752 3595 4806 Dominus
3633 4754 3641 4824 ξ

2019 4848 2073 4900 in
2126 4847 2265 4899 bona
2311 4846 2506 4900 animae
2550 4846 2883 4909 intentione,
2932 4846 3191 4899 thronum
3243 4845 3427 4913 gloriae
3472 4859 3593 4899 eam
3652 4838 3655 4841 ’

2017 4939 2378 5001 constituens,
2402 4937 2665 4999 insidens,
2690 4945 2745 4991 et
2766 4938 3121 5005 requiescens
3141 4937 3198 4990 in
3224 4951 3310 4990 ea.
3338 4935 3428 4990 Sic
3445 4936 3595 4989 enim

2018 5029 2163 5097 apud
2192 5030 2535 5083 Ezechielem
2558 5029 2876 5096 prophetam
2900 5028 3211 5081 audivimus
3237 5027 3304 5081 de
3331 5028 3594 5095 spiritua-

2019 5122 2164 5183 libus
2188 5121 2517 5175 animalibus
2545 5121 2612 5183 “,
2640 5106 2941 5189 subjugatis
2964 5119 3153 5173 currui
3191 5119 3425 5173 Domini.
3458 5116 3591 5172 Tota

2019 5211 2164 5264 enim
2183 5212 2398 5265 oculata
2418 5210 2578 5264 nobis
2600 5209 2856 5276 proponit
2873 5222 2957 5271 ea,
2979 5210 3285 5280 cujusmodi
3309 5218 3392 5263 est
3412 5210 3595 5262 anima

2026 5319 2147 5371 qum
2183 5304 2355 5357 Deum
2403 5310 2596 5373 gestat,
2649 5301 2899 5371 quinitno
2945 5317 3068 5371 qua:
3115 5309 3359 5370 gestatur
3390 5316 3419 5355 a
3460 5301 3593 5355 Deo.

2028 5394 2113 5446 Fit
2145 5394 2291 5447 enim
2325 5402 2436 5447 tota
2465 5395 2676 5449 oculus.

2054 5536 2059 5539 _
2101 5484 2187 5537 Ill.
2241 5485 2307 5538 Et
2351 5486 2810 5547 quemadmodum
2866 5486 3091 5549 domus,
3144 5499 3264 5553 quae
3313 5482 3593 5535 dominum

2033 5586 2354 5644 prmsentem
2387 5578 2570 5643 habet,
2602 5579 2747 5632 omni
2783 5579 3025 5633 abundat
3050 5587 3269 5643 ornatu,
3295 5574 3597 5645 pulchritu-

416 5736 460 5766 ¹⁰
494 5735 650 5792 Joan.
690 5753 762 5803 ιε,
798 5738 889 5793 24.
965 5739 1006 5769 ¹¹
1042 5735 1241 5791 Ezech.
1270 5750 1307 5799 l,
1346 5735 1408 5799 l;
1440 5752 1492 5800 κ,
1520 5736 1587 5800 2;
1620 5733 1820 5788 llomil.
1853 5750 1889 5797 ι,
1922 5735 1939 5785 l
1978 5748 2093 5800 seq.
