3980 6424
429 365 534 425 743

1667 361 1725 420 S.
1768 358 2088 419 MACARII
2129 357 2451 417 EGYPTII
2797 376 2819 410 ι

3585 358 3689 421 7M

431 472 561 526 dine
589 478 643 525 et
666 471 895 535 decore;
924 468 1119 524 eodem
1156 468 1320 522 modo
1342 469 1544 531 anima,
1570 483 1690 537 quae
1717 469 2009 521 Dominum

2120 462 2388 532 πρεπείας
2415 478 2430 494 ο
2467 461 2611 515 οὕτω
2663 464 2757 515 καὶ
2788 462 2937 536 ψυχὴ
2974 464 3007 534 ἡ
3059 462 3257 533 ἔχουσα
3286 462 3378 517 τὸν
3413 466 3695 535 Δεσπότην

432 578 593 617 suum
634 562 776 631 apud
827 576 885 615 se
924 561 1103 630 ipsam
1149 559 1352 625 habet,
1383 567 1440 614 et
1474 561 1528 614 in
1562 573 1619 614 se
1658 568 2010 622 manentem,

434 657 584 709 omni
612 654 1019 725 pulchritudine
1043 659 1100 707 et
1132 651 1332 706 decore
1362 652 1566 721 repleta
1599 660 1711 715 est;
1738 651 2011 721 siquidem

432 746 725 802 Dominum
763 762 887 801 cum
928 745 1312 814 spiritualibus
1340 744 1453 799 suis
1490 743 1764 798 thesauris
1799 743 2016 796 inhabi-

436 848 641 894 tantem
676 839 861 903 habet,
892 846 947 892 et
986 839 1251 909 aurigam.
1288 838 1381 893 Vae
1417 836 1624 900 domui,
1649 838 1806 906 cujus
1830 835 2015 889 domi-

436 947 541 985 nus
570 932 971 1000 peregrinatur,
1012 932 1211 999 cuique
1243 930 1497 984 dominus
1528 944 1636 983 non
1676 936 1876 998 prarsto
1909 937 2013 992 est,

436 1025 564 1091 quia
592 1024 835 1077 desolata
867 1032 971 1087 est,
1011 1022 1215 1087 diruta,
1251 1023 1409 1092 plena
1441 1023 1586 1075 omni
1620 1021 1936 1089 impuritate
1960 1026 2017 1075 et

437 1110 875 1178 perturbatione.
913 1111 1027 1163 Illic
1072 1110 1279 1163 Sirenes
1309 1119 1355 1161 et
1382 1110 1643 1163 dwmonia
1690 1110 1771 1173 ²¹;
1814 1125 2015 1163 secun-

438 1197 569 1250 dum
611 1198 934 1267 prophetam
972 1198 1241 1251 habitant.
1294 1198 1350 1251 In
1398 1198 1615 1251 deserta
1660 1198 1809 1251 enim
1852 1198 2017 1251 domo

437 1289 594 1353 feles,
620 1305 805 1352 canes,
832 1298 888 1343 et
915 1288 1094 1342 omnis
1119 1289 1466 1344 immunditia
1500 1290 1651 1343 latet.
1683 1289 1773 1344 Vae
1798 1290 2013 1354 animte,

439 1396 561 1450 qum
587 1397 692 1435 non
721 1381 957 1451 resurgit
987 1397 1019 1436 a
1054 1384 1203 1452 gravi
1236 1382 1389 1452 lapsu
1426 1398 1559 1447 suo;
1586 1390 1641 1435 et
1670 1381 1811 1435 intra
1834 1396 1891 1435 se
1920 1382 2018 1436 ha-

439 1471 552 1537 bet,
582 1473 674 1543 qui
703 1474 1074 1542 persuadeant
1096 1473 1167 1538 ei,
1196 1481 1357 1543 atque
1384 1474 1606 1543 adigant
1628 1488 1747 1527 eam
1778 1472 2016 1525 inimici-

440 1564 543 1618 tias
584 1565 861 1634 suscipere
902 1580 1027 1619 cum
1071 1580 1172 1619 suo
1216 1565 1389 1635 ipsius
1429 1566 1662 1635 Sponso,
1703 1572 1757 1616 et
1798 1564 1891 1634 qui
1924 1579 2019 1617 ex-

438 1662 631 1723 0plent
663 1670 1019 1724 corrumpere
1045 1642 1163 1727 eius
1193 1658 1359 1710 animi
1394 1670 1552 1711 sensa
1585 1672 1613 1709 a
1635 1654 1874 1709 Christo.

510 1746 600 1800 ιν.
633 1745 769 1800 Cum
804 1762 933 1800 vero
960 1747 1225 1802 Dominus
1264 1748 1483 1812 viderit,
1512 1746 1659 1816 quod
1698 1747 1918 1815 colligat
1956 1761 2015 1802 se

438 1835 613 1904 ipsam
642 1851 742 1904 pro
770 1836 983 1889 viribus
1014 1837 1148 1902 suis,
1182 1853 1400 1906 semper
1422 1838 1713 1895 Dominum
1740 1852 2011 1905 quaerens,

438 1936 607 1981 noctu
650 1926 857 1996 diuque
902 1937 1245 1996 exspectans,
1278 1937 1442 1996 atque
1483 1928 1724 1981 clamans
1758 1926 1825 1981 ad
1863 1942 2013 1991 eum,

434 2016 899 2084 quemadmodum
951 2018 1232 2072 mandavit
1280 2021 1411 2071 citra
1471 2019 1913 2071 intermissionem
1959 2017 2016 2071 in

435 2108 588 2158 omni
634 2106 854 2176 negotio
883 2109 1111 2177 precari,
1160 2108 1315 2177 faciet
1350 2111 1634 2163 vindictam
1683 2110 1795 2177 ejus
1838 2110 1905 2175 “,
1955 2118 2017 2163 ut

436 2198 711 2268 promisit,
757 2208 923 2268 atque
970 2214 1089 2254 eam
1121 2210 1477 2270 expurgatam
1512 2200 1580 2254 ab
1612 2200 1761 2253 omni
1807 2199 2017 2253 malitia

435 2305 556 2353 sua,
587 2292 1091 2361 irreprehensibilem
1115 2301 1163 2347 et
1196 2292 1597 2347 immaculatum
1622 2309 1871 2361 sponsam
1905 2293 2017 2361 ipse

433 2382 531 2435 sibi
555 2384 832 2437 constituet
861 2400 979 2437 eam
1023 2384 1090 2437 “.
1128 2384 1397 2439 Caeterum
1440 2386 1487 2439 si
1518 2384 1699 2439 credis
1741 2385 1856 2437 haec
1886 2398 2017 2437 vera

433 2490 575 2537 esse,
603 2483 663 2528 ut
695 2490 914 2544 quoque
946 2484 1093 2541 sunt,
1126 2478 1346 2531 attende
1384 2477 1481 2531 tibi
1531 2476 1668 2545 ipse,
1714 2490 1847 2529 num
1882 2490 2016 2529 con-

431 2573 619 2619 secuta
655 2566 728 2620 sit
761 2567 942 2621 anima
995 2578 1086 2623 tua
1119 2570 1305 2622 lumen
1350 2568 1592 2637 dirigens
1635 2583 1778 2632 eam,
1823 2582 2015 2620 verum

433 2656 613 2709 cibum
638 2666 694 2711 et
718 2666 927 2726 potum,
950 2659 1044 2728 qui
1068 2672 1152 2714 est
1178 2661 1472 2727 Dominus;
1498 2659 1582 2713 sin
1609 2658 1793 2711 minus
1824 2668 2018 2711 nactus

432 2748 527 2813 sis,
562 2765 747 2818 quaere
778 2762 945 2806 noctu
990 2752 1221 2821 diuque,
1267 2762 1330 2806 ut
1362 2752 1737 2822 consequaris.
1784 2750 1840 2805 Si
1884 2766 2019 2820 ergo

430 2840 710 2907 aspexeris
754 2841 965 2905 solem,
1012 2842 1280 2911 inquirito
1328 2858 1522 2897 verum
1578 2842 1782 2907 solem;
1841 2857 2019 2895 caecus

433 2926 705 2995 siquidem
737 2945 816 2983 es.
846 2930 900 2984 Si
933 2933 1267 2999 spectaveris
1289 2933 1493 2998 lumen,
1528 2934 1741 3001 respice
1776 2932 2016 2985 animam

434 3030 606 3081 tuam,
645 3035 774 3073 num
824 3036 1015 3074 verum
1065 3030 1121 3075 et
1170 3022 1375 3076 bonum
1433 3023 1619 3077 lumen
1673 3033 1868 3076 nactus
1914 3024 2011 3077 sis.

2115 556 2284 624 αὐτῆς
2318 555 2454 625 πρὸς
2492 556 2691 626 ἑαυτὴν
2716 558 2808 609 καὶ
2839 560 2897 609 ὲν
2928 559 3066 627 αὐτῇ
3094 558 3490 628 καταμένοντα,
3516 558 3696 627 πάσης

2114 646 2451 715 ὼραιότητος
2483 648 2575 700 καὶ
2607 648 2944 717 εὐπρεπείας
2976 649 3137 717 γέμει
3163 663 3177 679 ⁸
3208 650 3299 701 τὸν
3346 650 3457 716 γὰρ
3492 648 3699 718 Κύριον

2119 738 2219 789 σὺν
2248 739 2361 798 τοῖς
2385 742 2779 806 πνευματικοῖς
2810 737 2977 791 αὑτοῦ
3009 740 3301 810 θησαυροῖς
3330 739 3539 792 ἐνοικον
3583 738 3703 805 ἔχει

2118 827 2215 879 καὶ
2247 827 2486 896 ἡνίοχον.
2522 829 2657 880 Ούαὶ
2701 828 2759 881 δὲ
2803 830 2973 899 οἰκίᾳ,
3015 826 3081 900 ἦς
3117 834 3144 883 6
3180 830 3449 900 δεσπότης
3491 830 3703 897 ἀποδη-

2120 920 2231 987 μεῖ,
2274 920 2365 971 καὶ
2398 921 2425 971 6
2454 919 2643 989 κύριος
2683 920 2743 971 οὐ
2787 920 3052 991 πάρεστιν
3077 962 3092 987 ,
3128 922 3209 973 ὃτι
3252 908 3546 990 ἠρήμωται
3573 936 3708 972 κατ-

2118 1013 2463 1081 εσκαμμένη,
2493 1012 2740 1080 γέμουσα
2787 1014 2968 1082 πάσης
3003 1013 3366 1082 ἀκαθαρσίας,
3416 1015 3508 1065 καὶ
3560 1016 3707 1063 ἀκα-

2117 1104 2437 1166 ταστασίας.
2482 1102 2630 1156 Ἐκεῖ
2652 1104 2936 1172 Σειρῆνες
2958 1105 3054 1157 καὶ
3094 1103 3387 1170 δαιμόνια,
3429 1104 3565 1156 κατὰ
3601 1103 3711 1155 τὸν

2120 1195 2429 1263 προφήτην,
2467 1195 2728 1249 οἰκοῦσιν.
2758 1194 2851 1248 Ἐν
2880 1195 2991 1265 γὰρ
3035 1197 3100 1265 τῇ
3138 1196 3477 1265 ἠρημωμένῃ
3524 1196 3709 1263 οἰκίᾳ,

2120 1286 2363 1354 αἴλουροι
2388 1286 2482 1338 καὶ
2508 1287 2691 1353 κύνες,
2724 1289 2820 1340 καὶ
2859 1289 3010 1340 πᾶσα
3048 1286 3362 1356 ἀκαθαρσία
3383 1286 3547 1338 ἐστίν·
3571 1288 3715 1339 οὐαὶ

2118 1378 2265 1449 ψυχῇ
2304 1382 2370 1450 τῇ
2413 1380 2489 1450 μὴ
2539 1382 2877 1452 ἀνισταμένη
2917 1382 2981 1433 ὲκ
3030 1380 3129 1449 τῆς
3156 1380 3400 1449 χαλεπῆς
3437 1379 3718 1441 πτώσεως

2120 1470 2314 1539 αὐτῆς,
2346 1471 2441 1523 καὶ
2463 1471 2610 1525 ἔνδον
2638 1472 2808 1542 αὐτῆς
2830 1472 3029 1544 ἐχούσῃ
3052 1490 3177 1535 τους
3197 1474 3478 1534 πείθοντας
3501 1471 3709 1541 αὐτὴν,

2120 1562 2217 1613 καὶ
2273 1560 2684 1629 ἀναγκάζοντας
2731 1563 2933 1633 ἔχθραν
2988 1564 3135 1632 ἔχειν
3177 1561 3314 1631 πρὸς
3360 1561 3448 1614 τὸν
3494 1562 3715 1629 ἑαυτῆς

2120 1651 2392 1721 Νυμφίον,
2412 1654 2506 1706 κα)⁵
2528 1653 2889 1724 βουλομένους
2913 1654 3156 1725 φθείρειν
3172 1652 3243 1706 τά
3258 1652 3501 1724 νοήματα
3521 1652 3714 1721 αὐτῆς

2118 1743 2228 1796 ἀπὸ
2263 1743 2357 1795 τοῦ
2392 1742 2651 1814 Χριστοῦ.

2187 1832 2261 1887 Δ’.
2304 1834 2476 1887 Ὅταν
2505 1835 2561 1887 δὲ
2597 1836 2680 1906 ῐδῃ
2734 1838 2763 1890 6
2810 1836 3017 1907 Κύριος
3046 1878 3061 1902 ,
3098 1836 3181 1890 ὅτι
3239 1838 3457 1905 συνάγει
3494 1834 3715 1905 ἑαυτὴν

2128 1927 2253 1979 ὅσον
2294 1927 2356 1979 τὸ
2409 1928 2551 1981 κατά
2582 1928 2834 1998 δύναμιν,
2868 1930 2954 1982 ἀεὶ
2990 1930 3082 1982 τὸν
3112 1930 3315 1999 Κύριον
3346 1931 3576 1997 ζητουσα
3594 1946 3719 1979 νυ-

2120 2014 2247 2077 κτὸς
2272 2015 2365 2067 καὶ
2390 2016 2625 2084 ἡμέρας,
2645 2016 2739 2068 καὶ
2761 2016 2941 2085 βοῶσα
2958 2017 3093 2086 πρὸς
3111 2013 3474 2081 αὑτὸν,καθὼς
3489 2011 3718 2065 ἐνετεί-

2117 2106 2266 2170 λατο,
2284 2108 2678 2174 ἀδιαλείπτως
2707 2110 3155 2178 προσεύχεσθαι
3179 2111 3234 2161 ὲν
3259 2107 3437 2171 παντὶ,
3454 2105 3720 2168 ποιήσει

2116 2200 2561 2268 τὴνέκδίκησιν
2582 2200 2788 2269 αὐτῆς,
2809 2201 2883 2264 ὡς
2901 2202 3185 2271 ὑπέσχετο,
3213 2199 3507 2269 καθαρίσας
3527 2197 3720 2267 αὐτὴν

2118 2292 2227 2345 ἀπὸ
2249 2294 2347 2360 τῆς
2369 2294 2424 2345 ὲν
2464 2294 2602 2363 αὐτῇ
2634 2293 2833 2355 κακίας
2854 2337 2867 2358 ,
2900 2293 2997 2346 καί
3021 2294 3285 2361 ἄμωμον,
3314 2291 3411 2343 καὶ
3431 2291 3719 2343 ἄσπιλον

2118 2385 2364 2451 νύμφην
2410 2385 2593 2449 αὐτὸς
2642 2383 2833 2449 ἐαυτῷ
2880 2387 3259 2452 παραστήσει
3306 2382 3511 2447 αὑτήν.
3546 2380 3604 2433 Et
3642 2381 3716 2434 δὲ

2118 2477 2396 2538 πιστεύεις
2424 2475 2599 2527 ταῦτα
2629 2475 2803 2547 ἀληθῆ
2837 2454 3221 2545 εἷναιξῶσπερ
3253 2474 3346 2527 καὶ
3371 2475 3494 2536 εἰσὶ,
3520 2474 3713 2540 πρόσο

2119 2585 2211 2639 εχε
2272 2566 2506 2638 σεαυτῷ,
2536 2569 2583 2619 εί
2616 2562 2774 2637 εὗρεν
2806 2569 2838 2637 ἡ
2870 2568 3016 2639 ψυχή
3053 2584 3145 2622 σου
3181 2568 3241 2620 τὸ
3266 2566 3494 2637 ὁδηγούν
3522 2563 3714 2634 αὐτὴν

2120 2661 2257 2729 φῶς,
2284 2660 2380 2711 καὶ
2404 2660 2504 2729 τὴν
2536 2659 2796 2729 ἀληθινὴν
2827 2658 3029 2730 βρῶσιν
3070 2659 3161 2711 καὶ
3192 2657 3369 2721 πόσιν,
3395 2658 3515 2726 ἥτις
3544 2656 3715 2709 ἐστὶν

2118 2753 2146 2803 6
2168 2752 2391 2820 Κύριος.
2428 2753 2487 2803 Ei
2511 2751 2567 2803 δὲ
2597 2752 2696 2803 οὐκ
2727 2751 2904 2819 ἔχεις,
2946 2749 3183 2819 ζήτησον
3215 2748 3406 2811 νυκτὸς
3439 2748 3528 2799 καὶ
3557 2747 3716 2815 ήμέ-

2124 2861 2217 2915 ρας
2254 2845 2339 2895 ἴνα
2386 2842 2578 2913 λάϐῃς.
2613 2843 2785 2895 Ὅταν
2822 2841 2917 2894 οὖν
2948 2841 3068 2911 ἴδῃς
3097 2840 3187 2894 τὸν
3224 2840 3376 2911 ἣλιον
3401 2878 3416 2902 ,
3463 2838 3713 2908 ζήτησον

2119 2935 2209 2988 τὸν
2252 2934 2507 3002 ἀληθινὸν
2540 2934 2713 3003 ἦλιονο
2746 2932 2946 3000 τυφλὸς
3000 2932 3109 3003 γὰρ
3158 2927 3229 2985 εί.
3264 2929 3432 2983 Ὅταν
3484 2930 3714 2999 θεωρῇς

2121 3024 2258 3094 φῶς,
2289 3023 2581 3103 ἐπίϐλεψον
2610 3026 2688 3086 είς
2718 3023 2816 3093 τὴν
2842 3023 3025 3092 ψυχήν
3058 3040 3175 3085 σου,
3210 3023 3259 3075 εί
3291 3017 3445 3092 εὗρες
3470 3020 3531 3072 τὸ
3563 3021 3716 3090 ἀλη-

434 3106 631 3161 Omnia
652 3110 821 3172 enim,
847 3126 968 3178 quze
988 3112 1128 3165 visui
1155 3122 1365 3181 patent,
1390 3121 1518 3167 sunt
1541 3113 1735 3167 umbra
1756 3129 2012 3167 verarum

2124 3118 2267 3171 θινὸν
2311 3118 2445 3185 φῶς,
2488 3117 2581 3169 καὶ
2620 3116 2843 3183 ἀγαθόν.
2883 3116 3019 3167 Σκιά
3073 3116 3183 3185 γάρ
3245 3117 3361 3167 ἐστι
3411 3114 3587 3165 πάντα
3626 3114 3715 3166 τὰ

437 3214 623 3252 rerum
670 3201 738 3254 ad
767 3204 1002 3255 animam
1046 3204 1466 3271 pertinentium.
1496 3206 1593 3259 Est
1619 3206 1767 3259 enim
1815 3215 2017 3275 praeter

433 3288 712 3344 hominem
739 3291 1118 3361 conspicuum,
1166 3295 1304 3348 alius
1336 3295 1502 3349 homo
1555 3295 1802 3357 interior,
1832 3305 1888 3349 et
1922 3295 2014 3348 alii

433 3377 598 3441 oculi,
617 3394 757 3447 quos
777 3381 1067 3434 occaecavit
1099 3382 1361 3448 Satanas;
1384 3392 1440 3439 et
1463 3399 1643 3447 aures,
1668 3400 1803 3452 quas
1823 3384 2016 3437 surdas

432 3466 634 3523 eﬂecit.
672 3469 859 3539 Itaque
902 3472 1053 3525 venit
1098 3474 1279 3537 Jesus,
1325 3482 1387 3528 ut
1438 3474 1689 3529 interiori
1744 3476 1875 3529 huic
1912 3475 2013 3527 lio-

433 3556 568 3611 mini
613 3558 867 3614 restituat
909 3562 1221 3617 sanitatem.
1260 3563 1361 3619 Cui
1404 3564 1576 3635 gloria
1622 3575 1677 3619 et
1721 3566 2013 3635 imperium

432 3662 555 3703 cum
587 3649 768 3715 Patre,
797 3660 855 3709 et
883 3652 1091 3724 Spiritu
1131 3666 1321 3711 sancto
1346 3656 1400 3711 in
1425 3658 1645 3712 saecula.
1672 3658 1868 3713 Amen.

948 3855 1229 3914 IIOMILIA
1269 3860 1508 3917 XXXIV.

431 3968 508 4023 De
552 3969 720 4039 gloria
763 3970 1186 4049 Christianorum
1233 3994 1390 4043 quam
1431 3995 1653 4049 corpora
1699 3979 1913 4035 illorum
1955 3982 2012 4037 in

502 4043 878 4117 resurrectione
907 4055 1309 4114 consequentur,
1334 4056 1381 4099 et
1409 4043 1652 4117 qua'cum
1678 4053 1860 4104 anima
1884 4051 2012 4105 illu-

500 4111 834 4163 strabnnlur.

504 4220 544 4275 l.
602 4220 1078 4284 Quemadmodum
1133 4226 1278 4279 oculi
1330 4230 1581 4298 corporei
1633 4233 1780 4285 clare
1825 4233 2011 4289 omnia

430 4310 796 4377 conspiciunt,
846 4314 927 4367 sic
974 4330 1193 4386 quoque
1246 4319 1443 4373 animis
1482 4331 1793 4376 sanctorum
1829 4324 2010 4377 mani-

430 4398 569 4453 festa
597 4409 653 4454 et
687 4404 983 4472 conspicua
1021 4416 1149 4460 sunt
1179 4420 1499 4466 ornamenta
1527 4414 1851 4478 divinitatis,
1881 4416 2008 4485 qui—

431 4489 535 4543 bus
562 4492 810 4558 permisti
847 4494 1142 4551 Christiani
1188 4500 1424 4569 sapiunt.
1452 4504 1522 4558 At
1564 4521 1695 4559 vero
1730 4508 2009 4576 corporeis

430 4582 607 4635 oculis
629 4584 898 4639 occultata
920 4595 1005 4640 est
1033 4588 1123 4642 illa
1146 4591 1346 4659 gloria;
1377 4595 1573 4649 animae
1594 4611 1725 4651 vero
1758 4598 2009 4653 credenti

429 4672 719 4739 perspicue
761 4675 1055 4740 revelatur,
1081 4694 1243 4746 quam
1283 4682 1546 4740 Dominus
1577 4698 1825 4741 necatam
1858 4690 2008 4743 exci-

428 4767 509 4813 tat
551 4775 581 4814 a
626 4769 873 4829 peccato,
905 4768 1368 4833 quemadmodum
1418 4773 1650 4827 suscitat
1691 4782 1747 4827 et
1793 4783 2009 4829 mortua

429 4864 693 4917 corpora;
739 4853 827 4906 cui
873 4866 1144 4924 praeparat
1191 4860 1390 4913 caelum
1437 4876 1661 4925 novum,
1705 4872 1763 4917 et
1807 4873 2007 4917 terram

429 4952 648 5003 novam,
685 4948 740 4993 et
763 4943 934 4996 solem
956 4945 1205 5013 iustitiae,
1238 4948 1327 5001 cui
1376 4949 1607 5018 largitur
1648 4950 1829 5004 omnia
1855 4968 1885 5005 ο
1918 4952 2005 5006 di-

428 5027 660 5083 vinitate
698 5045 817 5085 sua.
846 5033 967 5102 Ipse
1007 5045 1091 5089 est
1129 5039 1369 5092 mundus
1394 5053 1577 5103 verus,
1607 5049 1750 5093 terra
1792 5042 2003 5107 vivens,

426 5119 556 5174 vitis
575 5120 882 5189 fructifera,
912 5125 1068 5195 125
1090 5128 1246 5196 panis
1278 5129 1424 5195 vitae,
1461 5140 1516 5185 et
1546 5147 1685 5200 aqua
1704 5133 1914 5195 vivens,
1945 5142 2007 5186 ut

427 5208 694 5275 scriptum
729 5223 843 5266 est:
879 5214 1046 5268 Credo
1090 5218 1266 5271 videre
1311 5220 1447 5274 bona
1499 5220 1713 5275 Domini
1754 5224 1810 5275 in
1859 5231 2006 5277 terra

425 5298 707 5353 viventium
738 5302 803 5356 ".
837 5303 906 5357 Et
948 5321 1169 5361 rursum
1196 5326 1209 5361 :
1240 5309 1450 5364 Orietur
1492 5313 1789 5366 timentibus
1819 5313 2004 5367 Domi-

426 5402 552 5441 num
581 5388 937 5460 Soljustitiar,
967 5405 1015 5448 et
1045 5400 1249 5452 sanitas
1279 5401 1333 5452 in
1364 5402 1465 5455 alis
1487 5404 1600 5471 ejus
1625 5403 1690 5456 ".
1724 5405 1788 5458 Et
1818 5405 2005 5458 Domi-

425 5490 531 5532 nus
555 5496 775 5551 quoque
808 5483 986 5553 inquit
1027 5503 1040 5540 :
1070 5488 1185 5557 Ego
1210 5505 1328 5543 sum
1373 5493 1491 5546 vitis
1533 5510 1657 5549 vera
1684 5495 1749 5550 ³⁷.
1778 5495 1847 5549 Ει
1878 5512 2003 5550 rur-

2119 3208 2421 3276 φαινόμενα
2468 3205 2578 3259 τῶν
2628 3204 2899 3274 ἀληθινῶν
2952 3206 3052 3276 τῆς
3105 3204 3284 3276 ψυχῆς
3332 3204 3709 3276 πραγμάτων.

2121 3300 2277 3351 Ἐστι
2331 3298 2441 3367 γὰρ
2496 3296 2645 3365 παρά
2695 3296 2787 3349 τὸν
2837 3298 3165 3366 φαινόμενον
3224 3297 3382 3359 ἄλλος
3414 3297 3714 3365 ἄνθρωπος

2116 3390 2266 3444 ἔνδον
2306 3406 2321 3423 ⁸
2372 3392 2466 3443 καὶ
2518 3390 2810 3459 ὀφθαλμοὶ,
2869 3390 2965 3451 οὓς
3011 3389 3319 3459 ἐτύφλωσεν
3352 3393 3379 3443 6
3410 3392 3659 3451 Σατανᾶς
3688 3431 3706 3454 ,

2117 3482 2211 3536 καὶ
2254 3476 2370 3534 ὦτα
2420 3481 2457 3534 ἃ
2508 3482 2800 3551 ὲκὼφωσεν
2831 3524 2844 3545 ,
2881 3484 2977 3535 καὶ
3011 3478 3173 3553 ἦλθεν
3199 3484 3227 3535 6
3270 3482 3475 3552 Ἰησοῦς
3508 3482 3709 3535 τοῦτον

2114 3574 2207 3627 τὸν
2256 3575 2363 3626 ἔσω
2406 3574 2691 3644 ἄνθρωπον
2726 3574 2854 3644 ὑγιῆ
2910 3575 3175 3643 ποιῆσαι·
3211 3568 3255 3643 ᾧ
3288 3577 3319 3645 ἡ
3360 3576 3485 3639 δόξα
3515 3575 3710 3628 καὶτὸ

2116 3668 2318 3738 κράτος
2377 3668 2473 3722 σὺν
2507 3668 2683 3737 Πατρὶ
2713 3668 2809 3719 καὶ
2836 3666 2977 3737 ἁγίῳ
3007 3666 3286 3739 Πνεύματι
3315 3669 3396 3732 είς
3416 3670 3539 3731 τοὺς
3560 3665 3704 3721 alti)-

2118 3775 2235 3821 νας.
2262 3760 2458 3829 Ἀμήν.

2714 3869 2954 3924 ΟΜῘΛΙΑ
2972 3871 3092 3924 ΛΔ’.

2113 3980 2254 4047 Περὶ
2286 3978 2393 4051 τῆς
2416 3980 2535 4032 τῶν
2563 3981 2935 4051 Χριστιανῶν
2965 3982 3149 4049 δόξης
3174 4022 3188 4044 ,
3243 3977 3318 4051 ἧς
3345 3982 3417 4035 τὰ
3450 3981 3701 4050 σώματα

2184 4050 2383 4104 αὐτῶν
2412 4051 2480 4101 ἐν
2513 4049 2587 4116 τῇ
2637 4051 2971 4105 ἀναστάσει
3016 4049 3546 4118 καταξιωθήσεται,
3593 4051 3697 4105 καὶ

2180 4121 2332 4190 μετὰ
2357 4118 2467 4186 τῆς
2496 4119 2705 4188 ψυχῆς
2734 4119 3197 4188 φωτισθήσεται.

2182 4227 2542 4298 Α’.”Ωσπεροὶ
2575 4231 2873 4299 σωματικοὶ
2902 4232 3173 4301 ὀῷαλμοὶ
3201 4230 3487 4303 τηλαυγῶς
3515 4232 3695 4285 πάντα

2114 4320 2428 4392 βλέπουσιν,
2462 4322 2604 4375 οὕτω
2632 4324 2726 4375 καὶ
2749 4326 2866 4387 ταῖς
2893 4325 3091 4393 ψυχαῖς
3117 4324 3224 4377 τῶν
3276 4325 3448 4392 ἁγίων
3486 4322 3697 4394 φανερά

2112 4408 2205 4460 καὶ
2237 4410 2409 4478 ὁρατά
2442 4411 2558 4462 ἐστι
2586 4412 2653 4464 τὰ
2678 4412 2849 4481 κάλλη
2874 4414 2971 4480 τῆς
3000 4414 3272 4484 θεότητος,
3301 4416 3380 4475 είς
3408 4412 3445 4467 ἀ
3472 4430 3696 4482 συγκιρ-

2114 4498 2314 4551 νῶνται
2345 4500 2435 4552 καὶ
2473 4500 2731 4569 φρονοῦσι
2771 4504 3107 4571 Χριστιανοί.
3152 4504 3310 4557 Ἀλλὰ
3347 4506 3457 4567 τοῖς
3503 4522 3691 4573 σωμα-

2110 4592 2280 4653 τικοῖς
2309 4586 2606 4659 ὀφθαλμοῖς
2633 4593 2970 4647 κεκάλυπται
3006 4597 3036 4664 η
3066 4596 3190 4658 δόξα
3221 4595 3423 4662 ἐκείνη,
3446 4596 3512 4663 τῇ
3536 4594 3679 4663 ψυχῇ

2110 4678 2168 4730 δὲ
2198 4681 2262 4749 τῇ
2311 4680 2643 4750 πιστευούσῃ
2691 4683 2975 4751 τηλαυγῶς
3021 4682 3491 4745 ἀποκαλύπτεται,
3537 4682 3603 4752 ἣν
3662 4682 3693 4737 6
3750 4716 3763 4726 -

2112 4769 2316 4839 Κύριος
2343 4773 2710 4841 νεκρωθεῖσαν
2738 4775 2934 4845 ἀνιστᾷ
2960 4775 3023 4826 ὲκ
3048 4775 3148 4843 τῆς
3184 4776 3477 4846 ἁμαρτίας,
3504 4776 3688 4845 ῶσπερ

2111 4862 2314 4929 ἐγείρει
2373 4864 2468 4916 καὶ
2534 4866 2603 4918 τὰ
2673 4865 2844 4934 νεκρὰ
2914 4863 3185 4933 σώματα,
3242 4868 3547 4936 ὲτοιμάζων
3595 4867 3691 4919 αὺ-

2112 4956 2179 5023 τῇ
2226 4953 2453 5023 οὐρανὸν
2487 4955 2671 5009 καινὸν
2699 4997 2710 5017 ,
2749 4957 2842 5007 καὶ
2870 4956 2976 5025 γῆν
3009 4957 3233 5027 καινὴν,
3285 4960 3378 5012 καὶ
3417 4960 3569 5028 ἣλιον
3614 4959 3691 5011 δι-

2114 5048 2425 5113 καιοσύνης,
2458 5045 2633 5109 διδοὺς
2679 5047 2815 5117 αὐτῇ
2850 5049 3026 5102 πάντα
3074 5049 3137 5100 ὲκ
3168 5049 3265 5119 τῆς
3300 5050 3464 5102 αὐτοῦ
3501 5051 3686 5119 θεότη-

2111 5152 2224 5197 τος.
2260 5136 2417 5188 Ἔστι
2442 5137 2647 5206 κόσμος
2683 5138 2932 5207 ἀληθινὸς
2956 5180 2970 5203 ,
3003 5140 3095 5192 καὶ
3137 5142 3208 5210 γῆ
3243 5141 3393 5203 ζῶσα
3421 5182 3434 5205 ,
3465 5144 3558 5194 καὶ
3591 5143 3688 5210 ἀμ’

2114 5226 2273 5288 πελος
2305 5229 2678 5297 καρποφόρος,
2710 5232 2804 5281 καὶ
2832 5230 2993 5299 ἄρτος
3025 5228 3191 5301 ζωῆς,
3228 5232 3322 5283 καὶ
3362 5231 3505 5300 ὕδωρ
3544 5232 3681 5293 ζῶν,

2112 5316 2293 5377 καθὼς
2343 5318 2691 5388 γέγραπται,
2746 5324 3013 5374 Πιστεύω
3060 5323 3168 5376 τοῦ
3220 5322 3367 5377 ίδεῖν
3396 5325 3469 5376 τὰ
3498 5323 3684 5392 ἀγαθὰ

2112 5409 2331 5475 Κυρίου
2362 5410 2431 5463 ἐν
2456 5410 2533 5480 τῇ
2558 5409 2787 5471 ζώντων
2816 5429 2829 5444 ’
2882 5417 2978 5467 καὶ
3035 5416 3214 5479 πάλιν,
3245 5418 3543 5470 Ἄνατελεῖ
3564 5417 3683 5481 τοῖς

2111 5500 2508 5568 φοϐουμένοις
2530 5501 2638 5555 τὸν
2667 5503 3104 5571 Κύριον”Ηλιος
3124 5508 3540 5573 δικαιοσύνης,
3587 5505 3685 5559 καὶ

498 5660 673 5747 ’ξιειιἶ
704 5679 885 5747 χκξιν.
915 5667 1000 5721 14.
1044 5669 1086 5699 ³⁸
1121 5667 1255 5724 Luc.
1288 5686 1436 5735 xvm,
1468 5672 1517 5739 Ι,
1548 5675 1598 5728 7.
1652 5674 1699 5706 ³³
1724 5674 1929 5745 Ephes.
1952 5692 2004 5743 ν,
2036 5675 2128 5742 26,
2154 5660 2244 5731 97.
2310 5680 2355 5711 "
2386 5680 2528 5735 Psal.
2557 5696 2699 5746 xxvi,
2720 5681 2810 5739 26.
2889 5684 2934 5716 “
2961 5684 3190 5740 Malacb.
3220 5700 3293 5747 tv,
3317 5686 3369 5741 2.
3444 5687 3487 5719 "
3522 5684 3675 5741 Joan.

428 5740 514 5792 xv,
545 5729 603 5794 1;
662 5745 730 5795 vi,
756 5734 843 5785 48.
