3980 6420
305 410 403 472 745
949 437 978 469 ο

1427 425 1796 489 HOMILLE.
1822 451 1890 460 -
1911 427 2099 488 ΗΟΜ.
2140 429 2402 490 XXXIV.

3441 443 3549 506 746

305 525 460 587 ιασις
479 523 547 576 ἐν
565 524 695 591 ταῖς
717 528 1004 594 πτέρυξιν
1023 533 1231 588 αὑτοῦ.
1257 536 1369 588 Καὶ
1402 538 1430 589 ὁ
1468 539 1671 608 Κύριος
1695 535 1862 604 εἷπεν,

1973 554 2135 594 sum:
2163 541 2277 611 Ego
2302 559 2420 600 sum
2462 547 2616 613 panis
2652 549 2798 610 vitae;
2840 558 2895 603 et
2936 565 3154 608 rursum
3187 552 3336 620 :Qui
3359 557 3544 613 biberit

313 615 445 684 Ἐγώ
479 619 590 684 ειμι
617 617 656 683 ἡ
689 619 958 687 ἄμπελος
982 624 1020 691 ἠ
1050 624 1326 703 ἀληθινή.
1367 630 1476 683 Καὶ
1502 633 1683 696 πάλιν,
1719 630 1866 700 Ἐγώ

299 707 410 774 ειμι
439 709 471 759 ό
494 707 668 774 ἄρτος
694 708 805 777 τῆς
829 709 996 780 ζωῆς.
1035 715 1146 768 Καὶ
1169 707 1354 772 ²πάλιν
1380 761 1396 786 ,
1441 720 1504 774 '0
1549 724 1742 776 πίνων
1793 723 1863 776 ἐκ

300 797 400 850 τοῦ
421 797 634 863 ὕδατος
662 795 734 855 οὗ
757 801 873 871 ἐγὼ
910 803 1082 860 δώσω
1110 809 1288 874 αὐτῷ,
1320 812 1641 881 γενήσεται
1661 815 1730 867 ἐν
1755 817 1861 869 αὐ·

299 887 374 948 τῷ
409 887 566 958 πηγὴ
605 889 825 957 ὕδατος
860 893 1202 963 ἁλλομένου
1224 902 1312 966 εἰς
1341 899 1493 970 ζωὴν
1523 902 1783 960 αἰώνιον.

367 978 438 1031 B'.
480 979 543 1031 Ἦ
585 981 694 1051 γὰρ
721 981 932 1046 ἔλευσις
974 987 1068 1038 τοῦ
1117 989 1324 1060 Κυρίου
1354 996 1503 1045 πᾶσα
1537 994 1624 1047 διὰ
1652 994 1744 1048 τὸν
1775 995 1866 1049 ἄν·

302 1067 510 1135 θρωπον
539 1071 853 1143 γεγένηται,
884 1075 976 1128 τὸν
1002 1078 1448 1151 τεθανατωμένον
1473 1084 1532 1137 ὲν
1555 1085 1712 1156 τάφῳ
1744 1087 1868 1140 σκό-

299 1173 436 1220 τους,
489 1159 783 1229 ἁμαρτίας,
835 1166 1144 1236 πνεύματος
1192 1171 1525 1244 ἀκαθάρτου,
1571 1177 1667 1230 καὶ
1701 1177 1864 1232 δυνά-

303 1265 441 1316 μεων
474 1253 744 1321 πονηρῶν,
775 1255 861 1308 ἵνα
881 1259 938 1309 ἐν
963 1258 1040 1329 τῷ
1069 1261 1224 1315 αίῶνι
1259 1264 1433 1336 τούτῳ
1456 1265 1551 1319 νῦν
1585 1271 1866 1344 ἀναστήσῃ

299 1340 388 1392 καὶ
416 1339 723 1431 ζωοποιήσῃ
756 1346 849 1399 τὸν
869 1347 1175 1420 ἄνθρωπον,
1213 1355 1305 1408 καὶ
1327 1357 1598 1431 καθαρίσῃ
1628 1360 1734 1412 ἀπὸ
1755 1339 1864 1414 πάξ

301 1443 395 1496 σης
427 1430 704 1498 μελανίας,
749 1435 846 1490 καὶ
893 1439 1102 1510 φωτίσῃ
1131 1442 1293 1496 αὐτὸν
1318 1445 1395 1514 τῷ
1432 1446 1546 1516 ῑδίῳ
1571 1430 1733 1516 ιρωτὶ,
1770 1450 1866 1504 καὶ

298 1518 542 1591 ἀμφιάσῃ
577 1523 738 1576 αὑτὸν
771 1527 838 1580 τά
868 1529 1062 1583 ἑαυτοῦ
1093 1532 1364 1603 ἐνδύματα
1387 1536 1488 1606 τῆς
1517 1537 1771 1610 θεότητος
1797 1541 1868 1594 τὰ

297 1608 535 1676 οὐράνια.
584 1612 672 1666 Ἐν
724 1614 782 1668 δὲ
834 1620 900 1688 τῇ
957 1622 1255 1677 ἀναστάσει
1299 1625 1409 1678 τῶν
1445 1630 1733 1698 σωμάτων,
1791 1626 1867 1686 ὧν

299 1701 488 1790 προανέ
497 1717 701 1772 στησαν
723 1709 817 1760 καὶ
845 1711 1318 1785 προεδοξάσθησαν
1337 1720 1394 1771 αἱ
1414 1719 1602 1790 ψυχαὶ,
1627 1723 1747 1775 τότε
1773 1723 1868 1776 καὶ

295 1786 369 1839 τά.
404 1790 634 1858 σώματα
689 1797 1119 1868 συνδοξάξονται,
1154 1809 1245 1859 καὶ
1287 1786 1610 1876 φωτίζονται
1644 1817 1710 1884 τῇ
1759 1816 1867 1868 ἀπὸ

1972 644 2037 682 ea:
2071 631 2167 684 hac
2191 649 2354 702 aqua,
2385 650 2545 702 quam
2571 651 2662 704 ego
2692 637 2825 690 dabo
2852 640 2919 704 ei,
2949 639 3040 707 ﬁet
3073 643 3130 696 in
3152 658 3215 698 eo
3243 645 3359 713 fons
3389 664 3545 718 aque

1969 719 2206 775 salientis
2233 723 2287 776 in
2315 725 2479 777 vitam
2499 734 2755 783 wternam
2786 729 2851 782 ".

2041 984 2106 1039 ll.
2149 985 2431 1042 Adventus
2445 989 2594 1043 enim
2621 991 2840 1047 Domini
2866 1002 3014 1051 totus
3041 998 3271 1068 penitus
3313 1014 3550 1074 prOpter-

1971 1078 2250 1133 hominem
2280 1078 2405 1144 fuit,
2427 1083 2520 1150 qui
2555 1092 2808 1140 mortuus
2823 1087 3040 1156 jacebat
3061 1090 3118 1144 in
3161 1094 3417 1163 sepulcro
3459 1103 3543 1149 te-

1969 1167 2286 1232 nebrarum,
2317 1171 2548 1238 peccati,
2601 1173 2830 1242 spiritus
2881 1175 3106 1246 impuri,
3149 1191 3207 1236 et
3253 1198 3543 1251 perversa-

1970 1272 2092 1311 rum
2119 1267 2476 1326 potestatum,
2500 1273 2560 1316 ut
2583 1263 2639 1316 in
2670 1264 2774 1319 hoc
2808 1269 3009 1323 saeculo
3046 1286 3197 1325 nunc
3247 1275 3542 1329 resuscitet

1971 1361 2036 1400 ac
2060 1347 2301 1402 viviﬁcet
2321 1349 2625 1418 hominem,
2651 1357 2918 1412 emundet
2941 1360 3010 1414 ab
3044 1363 3195 1416 omni
3228 1365 3541 1434 nigredine,

1973 1435 2248 1491 illuminet
2295 1453 2422 1493 eum
2483 1456 2582 1495 suo
2631 1443 2876 1513 lumine,
2926 1456 3092 1518 atque
3151 1452 3372 1506 amiciat
3413 1468 3543 1507 eum

1969 1528 2086 1583 suis
2115 1527 2288 1597 ipsius
2320 1531 2656 1590 indumentis
2693 1535 2897 1592 divinis
2926 1549 2984 1595 et
3005 1541 3341 1597 coelestibus.
3369 1544 3428 1597 In
3456 1559 3544 1598 re—

1971 1622 2318 1678 surrectione
2347 1626 2532 1680 autem
2556 1642 3123 1701 corporum,quorum
3146 1643 3271 1690 ante
3296 1651 3546 1690 resurre—

1969 1712 2152 1767 xerint
2185 1720 2239 1767 et
2258 1715 2430 1784 gloria
2461 1718 2746 1774 illustratae
2772 1720 2980 1778 fuerint
3001 1724 3219 1787 animae,
3249 1734 3379 1782 tunc
3401 1744 3543 1798 quo-

1976 1817 2083 1870 que
2104 1817 2340 1873 corpora
2373 1806 2535 1862 simul
2559 1809 3014 1879 gloriﬁcabuntur
3041 1823 3098 1868 et
3119 1815 3544 1872 illustrabuutur

294 1878 383 1931 τοῦ
413 1881 510 1935 νῦν
549 1890 937 1962 πεφωτισμένῃ
991 1896 1086 1946 καὶ⁸
1132 1896 1493 1972 δεδοξασμένῃ
1527 1878 1709 1973 ψυχῇ-ί
1750 1904 1862 1957 ἐστι

1967 1908 2091 1947 cum
2124 1895 2326 1962 anima,
2351 1914 2471 1967 quae
2509 1878 2659 1955 nunc
2695 1902 3000 1959 illuminata
3028 1915 3084 1960 et
3112 1907 3383 1963 illustrata
3418 1909 3542 1964 fuit.

293 1971 396 2038 γὰρ
417 1975 598 2028 αὐτῶν
639 1973 786 2043 οἶκος
813 1983 908 2035 καὶ
945 1987 1119 2054 σκηνὴ
1150 1989 1242 2042 καὶ
1281 1991 1438 2055 πόλις
1795 1997 1870 2050 Τὸ

291 2063 608 2134 οἰκητήριον
639 2068 697 2121 δὲ
727 2070 788 2123 τὸ
814 2068 874 2136 ἐξ
900 2076 1132 2146 οὐρανοῦ
1171 2080 1232 2131 τὸ
1265 2063 1678 2154 ἀχειροποίητον
1709 2105 1868 2158 περι-

292 2151 578 2223 ϐέϐληνται
615 2158 772 2224 δόξαν
815 2165 994 2230 φωτὸς
1024 2167 1225 2234 θεῖκοῦ,
1261 2171 1336 2234 ὡς
1367 2173 1532 2227 τέκνα
1568 2151 1743 2244 ιρωτὸς
1773 2151 1868 2244 γε-

291 2242 530 2310 νόμενοι,
565 2249 625 2300 οὐ
651 2253 1006 2320 προσέξουσιν
1040 2259 1291 2330 ἀλλήλοις
1321 2242 1589 2337 δᾳθαλμῷ-
1615 2242 1865 2341 πονηρνῷο

295 2338 532 2430 πονηρία
561 2341 668 2412 γὰρ
693 2343 920 2418 ἐξήρθη.
950 2350 1063 2403 Οὐκ
1092 2351 1238 2406 ἔστιν
1272 2357 1388 2408 ἐκεῖ
1407 2358 1572 2427 ἄρσεν
1593 2361 1687 2414 καὶ
1709 2338 1865 2430 θῆλύ,

287 2425 598 2502 δοῦλοςθκαὶ
625 2435 904 2509 ἐλεύθερος
925 2456 940 2473 ο
975 2445 1053 2505 εἰς
1091 2443 1277 2512 θεῖκὴν
1307 2449 1415 2518 γὰρ
1445 2425 1606 2518 φύσιν
1631 2425 1870 2520 anates;

291 2523 742 2592 μεταϐάλλονται,
777 2534 1026 2601 χρηστοὶ,
1067 2536 1162 2589 κα)⁵
1215 2539 1346 2601 θεοὶ,
1390 2544 1482 2595 καὶ
1523 2545 1689 2598 τέκνα
1730 2546 1866 2600 Θεοῦ

293 2612 600 2680 γενόμενοι.
649 2618 796 2671 Ἐκεῖ
829 2625 1274 2695 ἀνεπαισχύντως
1309 2632 1430 2684 τότε
1467 2634 1688 2705 λαλήσει
1719 2639 1867 2709 εἰρή-

288 2714 380 2768 νην
406 2703 637 2772 ἀδελφὸς
663 2708 863 2781 ἀδελφῇ
887 2728 901 2743 ο
931 2712 989 2764 ἓν
1015 2716 1123 2784 γάρ
1146 2719 1284 2772 εἰσιν
1313 2723 1370 2773 ὲν
1398 2703 1619 2794 Χριστῷ
1643 2703 1863 2795 πάντεξ,

287 2792 374 2841 καὶ
399 2794 611 2858 πάντες
641 2799 698 2850 ὲν
732 2801 814 2852 ἑνὶ
844 2807 984 2870 φωτὶ
1012 2808 1434 2880 ἀναπαυόμενοι.
1460 2817 1718 2885 Προσέξει
1746 2820 1865 2873 ἔτε-

289 2895 375 2947 ρος
405 2883 486 2952 τῷ
525 2885 716 2957 ἑτέρῳ,
755 2893 849 2944 καὶ
881 2895 939 2944 ὲν
984 2897 1063 2967 τῷ
1107 2903 1417 2971 προσέχειν,
1465 2908 1666 2972 εὐθέως
1704 2913 1864 2968 πάλιν

283 2973 361 3114 2!;
392 2975 656 3045 ἀλήθειαν
689 2983 1081 3056 ἐκλάμψουσιν,
1124 2995 1204 3055 είς
1237 2995 1497 3068 ἀληθινὴν
1525 3000 1653 3056 θέαν
1691 3012 1866 3073 φωτὸς

323 3065 551 3114 ὸόῇτου-

321 3065 551 3135 ρῤἠτου.

1971 1985 2242 2040 Dominus
2269 1987 2420 2041 enim
2449 2000 2533 2044 est
2560 2005 2752 2046 eorum
2783 1993 3003 2061 domus,
3045 1997 3459 2053 tabernaculum
3490 2009 3546 2055 ct

1970 2076 2193 2143 civitas;
2218 2077 2504 2136 domicilio
2533 2098 2662 2138 vero
2685 2087 2917 2154 caelesti,
2943 2103 3055 2142 non
3077 2090 3392 2147 manufacto
3416 2109 3544 2162 pro-

1969 2169 2099 2222 tecti
2132 2178 2282 2237 sunt,
2311 2172 2485 2242 gloria
2515 2173 2776 2228 nimirum
2809 2178 3038 2232 luminis
3071 2180 3244 2234 divini
3269 2183 3423 2236 velut
3446 2184 3541 2237 lilii

1968 2257 2110 2313 lucis
2153 2259 2357 2316 eﬂ'eeti.
2394 2263 2514 2318 Non
2569 2263 2934 2321 intuebuntur
2985 2283 3042 2324 se
3096 2269 3334 2334 invicem
3383 2273 3548 2326 oculo

1968 2362 2170 2414 pravo;
2233 2351 2441 2406 malitia
2482 2354 2629 2408 enim
2685 2355 2902 2410 sublata
2962 2365 3066 2414 est.
3124 2359 3245 2413 Non
3295 2369 3379 2414 cst
3431 2362 3546 2416 illic

1969 2439 2247 2494 masculus
2268 2449 2324 2493 et
2346 2440 2569 2506 femina,
2593 2459 2786 2499 servus
2807 2456 2863 2499 et
2883 2447 3043 2501 liber.
3059 2447 3117 2501 ln
3132 2447 3373 2503 divinam
3395 2452 3544 2504 enim

1968 2539 2220 2583 naturam
2249 2547 2441 2586 omnes
2471 2541 2932 2602 transmutantur,
2966 2538 3211 2609 benigni,
3253 2541 3326 2594 dii
3360 2552 3415 2596 et
3445 2542 3542 2596 lilii

1970 2618 2067 2672 Dei
2096 2617 2245 2672 facti.
2279 2621 2396 2674 Illic
2431 2623 2640 2691 absque
2683 2627 2796 2680 ullo
2851 2629 3061 2696 pudore
3112 2639 3241 2685 tunc
3284 2632 3548 2700 loquetur

1966 2723 2156 2775 pacem
2182 2708 2353 2764 frater
2385 2725 2506 2764 cum
2535 2729 2742 2768 sorore.
2773 2715 2953 2770 Unum
2995 2718 3267 2788 siquidem
3309 2731 3438 2776 sunt
3487 2723 3546 2777 in

1963 2797 2186 2852 Christo
2208 2811 2692 2866 omnes,etomnes
2721 2806 2774 2859 in
2802 2824 2910 2861 uno
2930 2807 3140 2864 lumine
3163 2812 3538 2882 requiescunt.

1965 2888 2226 2944 Attendet
2265 2891 2406 2946 alter
2450 2893 2505 2947 in
2540 2895 2796 2961 alterum,
2843 2906 2899 2950 et
2952 2900 3099 2954 inter
3144 2905 3542 2960 attendendum

1965 2980 2253 3035 confestim
2295 2983 2478 3039 denuo
2511 2986 2565 3038 in
2592 2987 2823 3042 veritate
2855 2991 3252 3063 splcndebunt,
3313 2996 3370 3050 in
3414 3013 3552 3054 vera-

1966 3075 2430 3143 coutemplatioue
2463 3078 2686 3133 luminis
2716 3083 2924 3137 arcani.

351 3155 421 3210 Γ¹ο
458 3158 654 3224 Οὕτως
683 3164 897 3229 πολλοῖς
928 3171 1194 3240 σχήμασι,
1234 3178 1330 3230 καὶ⁹
1362 3179 1580 3246 πολλαῖς
1611 3185 1705 3237 καὶ
1745 3205 1862 3240 ποι-

351 3250 454 3271 ι..-,
501 3249 620 3271 ηε--
710 3254 734 3271 η
771 3261 792 3271 ..
868 3261 889 3271 -
1063 3263 1102 3271 ..
1233 3267 1245 3271 -
1371 3269 1389 3271 ν.

2041 3179 2129 3234 Ill.
2169 3181 2319 3235 Adeo
2371 3183 2769 3254 multiplicibus
2817 3187 3028 3258 ﬁguris,
3079 3193 3249 3249 multa
3297 3203 3356 3248 et
3393 3196 3556 3252 varia»

285 3245 454 3309 κίλαις
494 3249 675 3313 δόξαις
709 3254 917 3321 θεῖκαῖς
950 3261 1200 3333 ἀλλήλοις
1229 3267 1479 3340 ἐνορῶσι,
1505 3245 1598 3326 κα)⁴
1635 3275 1864 3341 ἕκαστος

282 3340 666 3412 ἐκπλήσσεται
702 3349 795 3400 καὶ
848 3352 1081 3424 ἀγαλλιᾷ
1127 3359 1444 3426 ἀγαλλιάσει
1489 3366 1859 3440 ἀνεκλαλήτῳ,

285 3438 571 3506 προσέχων
623 3443 686 3510 τῇ
743 3443 837 3495 τοῦ
886 3447 1074 3516 ἑτέρου
1122 3451 1270 3522 δόξῃ,
1323 3453 1487 3526 Ὁρᾷς
1531 3458 1646 3522 πῶς
1676 3438 1862 3516 αἰτοῦ

285 3525 414 3579 Θεοῦ
465 3529 618 3593 δόξαι
647 3532 918 3602 άφραστοί
967 3541 1073 3592 εισι
1119 3542 1215 3594 καὶ
1253 3546 1646 3617 άκατάληπτοι,
1687 3555 1862 3621 φωτὸς

283 3616 523 3687 ἀρρήτου
575 3622 668 3673 καὶ
713 3625 900 3678 ἀϊδίων
950 3632 1285 3700 μυστηρίων,
1341 3637 1434 3688 καὶ
1477 3616 1863 3711 ἀναριθμήτων

281 3707 506 3774 ἀγαθῶν
540 3711 877 3784 ὑπάρχουσις
913 3717 1121 3790 Ὠσπερ
1150 3723 1259 3794 γὰρ
1288 3727 1346 3778 ὲν
1377 3731 1491 3791 τοῖς
1519 3707 1862 3802 φαινομένοις

280 3800 344 3852 τὰ
368 3802 468 3870 τῆς
501 3802 604 3872 γῆς
641 3806 804 3872 φυτὰ,
832 3808 864 3878 ἢ
900 3811 1211 3880 σπέρματα,
1242 3814 1274 3884 ἢ
1314 3817 1450 3888 ἄνθη
1487 3800 1708 3875 ποικίλα
1737 3826 1865 3878 ἀδύ-

279 3893 433 3946 νατόν
463 3911 572 3946 τινι
607 3897 928 3952 καταλαϐεῖν
968 3901 1206 3973 ἀριθμῷ,
1243 3907 1336 3958 καὶ
1368 3908 1460 3961 τὸν
1487 3911 1664 3965 πάντα
1698 3914 1864 3967 πλοῦ-

279 3995 368 4034 τον
393 3985 499 4054 τῆς
537 3987 659 4056 γῆς,
694 3989 972 4059 ἀμήχανόν
1009 4011 1114 4048 τινι
1143 3999 1463 4071 μετρῆσαιῆ
1499 4003 1858 4059 ἐπίστασθαι·

279 4073 310 4143 ἢ
345 4075 541 4146 ὥσπερ
567 4081 624 4131 ὲν
648 4084 714 4152 τῇ
756 4082 997 4156 θαλάσσῃ
1030 4086 1099 4138 τὰ
1129 4090 1185 4139 ἐν
1217 4091 1355 4160 αὐτῇ
1389 4091 1579 4163 ζῶα,ἢ
1616 4096 1706 4148 τὸν
1740 4097 1861 4168 ἀρι-

279 4164 430 4232 θμὸν,
469 4169 505 4239 ἢ
542 4170 610 4222 τὰ
642 4173 791 4240 γένη,
820 4174 852 4239 ἢ
883 4176 982 4244 τὴν
1010 4177 1295 4250 διαφορὰν,
1328 4181 1360 4252 ἥ
1409 4184 1470 4236 τὸ
1520 4185 1718 4254 μέτρον
1766 4164 1860 4242 τοῦ

277 4255 473 4322 ὕδατος
508 4261 698 4331 αὐτῆς,
727 4266 759 4333 ἢ
807 4265 867 4317 τὸ
902 4267 1100 4337 μέτρον
1141 4271 1235 4323 τοῦ
1269 4273 1435 4326 τόπου
1466 4277 1636 4346 αὐτῆς
1671 4279 1862 4332 ἀδύνα-

274 4351 363 4401 τόν
393 4369 504 4404 τινι
529 4353 637 4404 τῶν
679 4355 984 4425 ἀνθρώπων
1013 4363 1371 4418 καταλαϐεῖν·
1402 4366 1434 4437 ἢ
1465 4367 1655 4442 ὥσπερ
1686 4372 1745 4424 ὲν
1782 4372 1861 4443 τῷ

272 4441 396 4510 ἀέρι
443 4443 538 4495 τὸν
582 4445 813 4516 ἀριθμὸν
847 4450 956 4502 τῶν
989 4456 1284 4508 πετεινῶνο
1320 4457 1352 4526 ἢ
1402 4457 1472 4511 τὰ
1501 4441 1631 4532 γένη
1679 4461 1712 4533 ἦ
1744 4441 1859 4533 ﬁt

1966 3273 2140 3343 gloria
2169 3274 2352 3330 divina
2378 3291 2435 3330 se
2467 3276 2699 3330 invicem
2723 3279 2990 3347 aspicient
3017 3299 3029 3334 :
3065 3283 3298 3353 quisque
3322 3293 3546 3354 stupore

1965 3367 2310 3434 percutietur
2357 3377 2414 3423 et
2467 3370 2769 3424 exsultabit
2833 3373 3203 3429 exsultatione
3256 3375 3543 3440 ineli‘abili,

1965 3459 2347 3514 animadversa
2420 3462 2650 3516 alterius
2715 3463 2907 3533 gloria.
2972 3463 3142 3522 Vides
3211 3484 3321 3538 quo
3386 3480 3560 3539 pactov

1964 3550 2134 3618 gloria
2180 3550 2276 3603 Dei
2325 3552 2512 3606 verbis
2559 3554 2823 3623 explicari
2871 3565 2968 3611 aut
3004 3559 3399 3626 comprehendi
3447 3576 3546 3616 ne-

1963 3647 2148 3707 queat,
2185 3641 2358 3710 gloria
2409 3643 2623 3696 scilicet
2684 3645 2910 3701 lumlnis
2953 3650 3162 3712 arcani,
3214 3659 3544 3706 aeternorum

1964 3734 2353 3804 mysteriorum
2377 3744 2431 3789 et
2449 3735 2723 3789 bonorum
2745 3737 3253 3794 innumerabilium.
3268 3740 3545 3806 Quemad-

1965 3826 2186 3877 modum
2228 3825 2377 3879 euim
2426 3826 2482 3879 in
2519 3827 2684 3881 rebus
2722 3827 2860 3882 aciei
2913 3831 3202 3884 oculorum
3258 3831 3542 3901 subjectis,

1964 3915 2179 3984 plantas
2214 3925 2397 3982 terrae,
2423 3918 2632 3971 semina
2659 3927 2753 3972 aut
2783 3919 2944 3974 ﬂores
2979 3922 3164 3976 varios
3207 3939 3318 3978 non
3353 3925 3544 3980 datum

1963 4015 2048 4060 est
2103 4007 2342 4076 cuipiam
2413 4023 2642 4061 numero
2695 4012 3206 4079 comprehendere,
3273 4022 3439 4084 atque
3484 4027 3552 4072 ut.

1964 4111 2156 4151 omnes
2188 4113 2320 4166 epes
2352 4107 2510 4153 terra:
2534 4100 2792 4155 metiatur
2811 4102 3084 4172 quispiam
3109 4113 3205 4159 aut
3226 4119 3543 4176 cognoscat,

1964 4187 2083 4241 ﬁeri
2121 4204 2232 4242 non
2261 4197 2482 4258 potest;
2519 4198 2615 4246 aut
2656 4192 2826 4247 veluti
2871 4194 3128 4249 animalia
3172 4197 3227 4250 in
3269 4197 3408 4251 mari
3446 4197 3545 4254 de-

1965 4279 2170 4348 gentia,
2205 4291 2300 4334 aut
2324 4297 2640 4350 numerum,
2672 4292 2769 4337 aut
2794 4297 3130 4354 genera,aut
3151 4288 3542 4356 differentiam,

1964 4379 2060 4423 aut
2087 4386 2399 4426 mensuram
2432 4389 2586 4442 aquae
2623 4375 2760 4444 ejus,
2797 4384 2890 4427 aut
2921 4391 3234 4430 mensuram
3275 4379 3378 4433 loci
3427 4382 3548 4450 ejus

1966 4462 2307 4530 impossibile
2344 4473 2428 4518 est
2462 4465 2554 4517 ulli
2584 4464 2871 4520 hominum
2914 4468 3418 4537 comprehendere;
3451 4481 3546 4525 aut

274 4535 553 4588 ποικιλίαν
582 4538 842 4594 ἀδύνατον
875 4543 1102 4609 γνῶναι·
1129 4546 1160 4616 ἧ
1194 4547 1382 4619 ὥσπερ
1412 4551 1472 4603 τὸ
1499 4552 1592 4605 τοῦ
1623 4555 1853 4623 οὐρανοῦ

1967 4553 2134 4606 veluti
2175 4567 2274 4622 per
2297 4568 2481 4607 aerem
2513 4554 2816 4608 volantium
2867 4555 3176 4610 volucrium
3227 4574 3542 4623 numerum,

276 4623 529 4692 μέγεθος.
556 4626 588 4697 ἦ
620 4629 719 4691 τὰς
751 4630 929 4694 θέσεις
958 4634 1067 4686 τῶν
1095 4635 1332 4705 ἄστρων,
1366 4638 1399 4708 ἦ
1428 4641 1517 4692 τὸν
1537 4642 1737 4712 δρόμον
1763 4647 1858 4698 αὑ-

185 4727 198 4738 ’
273 4715 379 4768 τῶν
401 4717 480 4778 ὡς
501 4718 650 4771 ἐστιν
671 4720 932 4776 ἀδύνατον
957 4727 1288 4781 καταλαϐεῖν
1311 4744 1325 4760 ·
1359 4729 1530 4796 οὕτως
1562 4735 1709 4788 ἐστὶν
1736 4736 1864 4789 ἁδύ-

273 4822 436 4859 νατον
473 4813 732 4883 εἰπεῖν,ἢ
770 4813 1122 4885 διαγορεῧσαι
1161 4820 1251 4872 τὸν
1295 4821 1524 4876 πλοῦτον
1571 4827 1678 4880 τῶν
1725 4830 1861 4899 Χρι-

273 4903 507 4953 στιανῶν
532 4904 623 4957 τὸν
648 4907 978 4977 ἀμέτρητον,
1000 4909 1305 4982 ἀπέραντον
1331 4918 1425 4968 καὶ
1449 4917 1856 4989 ἀκατάληπτον.

270 4988 333 5041 Εἰ
388 4993 498 5060 γὰρ
558 4993 628 5047 τά
677 4995 954 5065 κτίσματα
996 4999 1164 5054 ταῦτα
1218 5004 1468 5058 τοσοῦτον
1522 4988 1726 5079 ἄπειρα
1764 5015 1857 5066 καὶ

269 5080 638 5152 ἀκατάληπτα
680 5089 793 5150 τοῖς
836 5090 1147 5159 ἀνθρώποις
1175 5097 1452 5164 τυγχάνει,
1477 5101 1628 5172 πόσῳ
1657 5103 1856 5171 μᾶλλον

267 5173 295 5222 ὁ
327 5175 521 5239 κτίσας
555 5179 648 5229 καὶ
687 5183 1109 5248 κατασκευάσας
1145 5186 1314 5241 aurci!
1364 5190 1598 5260 Ὀφείλει
1641 5190 1733 5249 οὖν
1771 5214 1856 5260 τις

274 5265 477 5330 μᾶλλον
532 5269 964 5342 ἀγαλλιασθῆναι
1012 5277 1105 5330 καὶ
1154 5281 1410 5352 χαρῆναι,
1468 5285 1549 5338 ὅτι
1598 5286 1853 5352 τοσοῦτος

270 5358 504 5423 πλοῦτος
553 5365 647 5414 καὶ
695 5365 1029 5436 κληρονομία
1076 5373 1191 5434 τοῖς
1240 5373 1586 5444 Χριστιανοῑς
1631 5380 1852 5450 ἡτοίμα-

271 5460 419 5511 σται,
454 5449 594 5505 ὥστε
620 5455 827 5525 μηδένα
852 5457 1148 5530 δυνηθῆναι
1178 5465 1370 5532 εἰπεῖν,
1400 5467 1432 5539 ἢ
1466 5469 1843 5542 ἐξαγορεῦσαι.

267 5536 427 5590 Μετά
455 5545 639 5615 πάσης
663 5545 722 5598 δὲ
756 5550 993 5620 σπουδῆς
1027 5553 1121 5607 καὶ
1154 5536 1660 5632 ταπεινοφνροσύνηξ
1693 5582 1852 5636 προσ-

270 5632 450 5684 ελθεῖν
499 5635 582 5689 δεῖ
607 5638 704 5690 ἐπὶ
739 5639 833 5694 τὸν
865 5643 1051 5712 ἀγῶνα
1079 5646 1189 5703 τῶν
1221 5649 1584 5724 Χριστιανῶν,
1632 5632 1851 5714 καὶ-λα-

345 5804 389 5833 ²⁵
419 5812 574 5869 Joan.
615 5831 688 5880 ιν,
714 5821 766 5874 4.

1956 4651 2049 4696 aut
2069 4658 2270 4713 genera
2293 4653 2390 4696 aut
2417 4644 2714 4698 varietates
2739 4661 2848 4699 non
2884 4646 3012 4701 licet
3048 4662 3416 4718 cognoscere;
3451 4662 3553 4704 aut.

1957 4733 2128 4788 veluti
2161 4735 2600 4804 magnitudinem
2651 4737 2798 4802 coeli,
2835 4746 2930 4792 aut
2977 4740 3193 4808 positus
3245 4749 3542 4806 astrorum,

1957 4836 2052 4880 aut
2092 4842 2316 4882 cursum
2363 4844 2556 4883 eorum
2617 4828 2880 4897 consequi
2932 4829 3276 4898 impossibile
3317 4839 3431 4884 est:
3466 4831 3546 4885 sic

1959 4935 2179 4989 quoque
2202 4921 2541 4990 impossibile
2569 4929 2654 4976 est
2677 4937 2936 4977 enarrare
2960 4931 3057 4976 aut
3088 4923 3365 4991 explicare
3396 4922 3543 4977 divi-

1963 5017 2066 5070 tias
2098 5015 2540 5070 Christianorum
2595 5018 2914 5081 immensas,
2963 5017 3208 5072 inﬁnitas
3245 5028 3301 5073 et
3331 5019 3544 5074 incom~

1959 5106 2380 5174 prehensibiles.
2403 5107 2459 5161 Si
2485 5107 2690 5162 etenim
2720 5117 2989 5161 creaturae
3016 5107 3132 5162 istae
3152 5108 3291 5165 adeo
3316 5109 3543 5165 inﬁnita:

1959 5209 2017 5251 ct
2082 5198 2677 5269 incomprehensibiles
2725 5200 3047 5256 hominibus
3115 5209 3264 5266 sunt,
3333 5212 3542 5271 quanto

1957 5290 2150 5358 magis,
2189 5291 2282 5360 qui
2316 5292 2566 5346 condidit
2590 5301 2646 5347 et
2693 5295 2901 5348 creavit
2938 5294 3102 5348 illas?
3143 5295 3342 5368 Debet.
3372 5294 3543 5364 igitur

1956 5379 2227 5448 quispiam
2264 5381 2654 5435 vehementius
2683 5380 2960 5436 exsultare
2995 5390 3052 5436 et
3101 5381 3299 5447 laetari,
3362 5389 3541 5434 tantas

1958 5487 2091 5541 opes
2133 5481 2190 5527 et
2223 5472 2598 5529 hatreditatem
2631 5475 2964 5531 Christianis
2993 5483 3349 5544 praparatam
3397 5488 3540 5534 esse.

1961 5575 2024 5622 ut
2053 5583 2215 5623 nemo
2241 5568 2416 5638 possit
2441 5569 2625 5640 eloqui
2655 5577 2750 5624 aut
2779 5567 3357 5626 euarrare.Caeterum
3388 5568 3556 5620 omni-

1960 5660 2144 5717 studio
2169 5670 2226 5717 et
2256 5662 2423 5717 animi
2457 5661 2770 5718 humilitate
2793 5661 3059 5718 accedere
3083 5667 3304 5731 oportet
3329 5658 3395 5714 ad
3421 5675 3557 5714 cer-.~
