3980 6462
456 475 557 538 ’147
1687 475 1727 531 S
1787 471 2037 532 MACAR

2142 471 2464 531 IEGYPTII
3591 460 3679 518 ’ΜΒ

458 602 641 643 tamen
673 584 1136 647 Christianorum.
1182 598 1247 638 ac
1305 584 1568 652 consequi
1626 583 1747 637 illas
1789 585 2027 639 divitias.

2140 583 2254 635 δεῖν
2284 585 2493 635 ἐκεῖνον
2519 582 2608 634 τὸν
2642 579 2890 632 πλοῦτον.
2921 577 3267 647 Κληρονομία
3291 576 3403 645 γὰρ
3426 574 3517 627 καὶ
3544 576 3683 645 μερὶς

464 674 773 731 ΙΙωιιοᾱίιεε
800 673 949 727 enim
996 681 1056 725 et
1110 686 1236 741 pars
1274 671 1739 732 Christianorum,
1782 678 1867 722 est
1917 668 2033 737 ipse

2140 673 2243 725 τῶν
2285 671 2629 741 Χριστιανῶν
2675 671 2838 731 αὐτός
2871 670 3021 722 ἐστιν
3056 671 3084 721 6
3116 668 3275 730 Θεός·
3324 666 3542 734 Κύριος
3569 667 3685 733 γὰρ,

460 765 625 819 Deus.
658 764 909 817 Dominus
938 763 1098 825 enim,
1141 761 1340 830 inquit,
1388 776 1513 830 pars
1542 759 1863 813 haereditatis
1908 773 2033 811 mea:

2140 765 2289 833 φησι,
2302 764 2474 832 μερὶς
2496 761 2603 829 τῆς
2623 762 3024 829 κληρονομίας
3044 776 3160 827 μου
3178 759 3272 811 καί
3291 757 3400 811 τοῦ
3421 758 3687 824 ποτηρίου

460 861 512 906 et
541 852 721 907 calicis
754 854 858 906 mei
880 853 947 904 ".
971 851 1155 905 Gloria
1189 851 1260 905 sit
1292 850 1367 915 ei,
1410 850 1504 918 qui
1539 865 1597 903 se
1633 849 1811 917 ipsum
1842 849 2031 909 donat,

2140 870 2268 920 μου,
2304 853 2441 917 Δόξα
2474 851 2552 921 τῷ
2590 852 2780 903 ἑαυτὸν
2809 850 3023 915 διδόντι,
3070 849 3163 901 καί⁵
3210 847 3573 917 συγκιρνῶντι
3603 848 3689 917 τὴν

459 951 625 1012 atque
676 941 974 1012 permiscet
1035 949 1281 995 sanctam
1335 939 1576 993 animam
1626 953 1783 992 suam
1834 937 2034 991 animis

2140 943 2296 1009 ἁγίαν
2333 942 2494 1010 φύσιν
2520 941 2683 994 αὑτοῦ
2710 943 2829 1004 ταῖς
2858 940 3056 1010 ψυχαῖς
3086 939 3194 993 τῶν
3232 938 3595 1010 Χριστιανῶν,
3623 939 3690 1002 εἰς

459 1034 922 1100 Christianorum,
957 1033 1015 1087 in
1046 1033 1263 1087 saacula.
1295 1030 1490 1084 Amen.

868 1146 1027 1214 126
1079 1142 1363 1199 HOMILIA
1396 1141 1608 1196 XXXV.

822 1234 902 1289 De
941 1235 1171 1290 Sabbato
1199 1236 1416 1304 antiquo
1445 1241 1495 1287 et
1516 1249 1669 1288 novo.

533 1346 575 1400 l.
613 1346 673 1401 In
698 1347 893 1403 umbra
915 1347 1050 1417 legis
1064 1363 1164 1417 per
1182 1347 1368 1401 Mosen
1388 1345 1528 1400 datae
1556 1342 1836 1398 mandavit
1864 1341 2026 1408 Deus,

466 1456 919 1510 unumquemque
971 1442 1322 1510 requiescere
1374 1442 1431 1495 in
1484 1438 1744 1502 Sabbato,
1793 1449 1850 1493 et
1890 1438 2029 1491 nihil

461 1545 642 1600 agere.
669 1532 783 1587 Hoc
804 1541 989 1589 autem
1014 1532 1186 1603 ﬁgura
1208 1542 1329 1587 erat
1346 1544 1401 1588 et
1424 1532 1621 1587 umbra
1646 1531 1758 1586 veri
1784 1530 2029 1593 Sabbati,

460 1621 607 1687 quod
639 1622 835 1677 animae
861 1623 1099 1677 donatur
1126 1638 1159 1677 a
1196 1623 1449 1677 Domino.
1482 1622 1676 1677 Anima
1711 1621 1880 1683 enim,
1910 1636 2033 1690 quae

458 1711 624 1782 digna
651 1724 909 1767 censetur
940 1714 1009 1768 ab
1047 1713 1305 1767 obscenis
1357 1723 1413 1767 et
1462 1712 1720 1781 turpibus
1746 1712 2033 1782 cogitatio-

454 1802 627 1857 nibus
667 1802 914 1870 liberari,
978 1812 1092 1857 tum
1148 1819 1343 1857 verum
1400 1803 1700 1857 Sabbatum
1766 1803 2028 1869 celebrat,

461 1902 575 1946 tum
634 1908 819 1947 veram
878 1894 1127 1962 requiem
1177 1893 1495 1961 requiescit,
1526 1893 1700 1946 otium
1762 1908 1930 1962 agens
1973 1902 2028 1948 et

460 1983 691 2037 liberata
719 1986 789 2038 ab
819 1986 1075 2039 omnibus
1091 1985 1353 2054 operibus
1379 1986 1708 2039 tenebrosis.
1738 1985 1856 2039 Illic
1882 1986 2029 2039 enim

465 2075 521 2139 in
550 2075 716 2146 typici
748 2076 971 2129 Sabbati
1006 2076 1400 2139 celebratione,
1425 2076 1529 2130 etsi
1545 2088 1774 2145 corpora
1788 2077 2036 2145 quiesce-

463 2164 616 2228 bant,
651 2174 1029 2220 verumtamen
1059 2166 1255 2221 anima:
1288 2166 1551 2236 nequitiis
1577 2181 1642 2222 ac
1679 2167 1833 2221 vitiis
1876 2176 2035 2221 erant

463 2253 705 2322 illigatae.
733 2253 848 2309 Hoc
865 2271 1019 2320 vero,
1034 2272 1225 2310 verum
1245 2256 1544 2311 Sabbatum
1562 2273 1692 2313 vera
1708 2266 1793 2313 est
1816 2258 2037 2326 requies

460 2345 681 2407 animae,
704 2361 827 2414 quae
854 2357 1031 2412 vacat,
1054 2354 1110 2402 et
1130 2357 1432 2418 expurgata
1452 2358 1535 2403 est
1558 2364 1587 2402 a
1610 2350 2037 2419 c0gitationibus

464 2432 695 2496 Satanae,
724 2442 781 2489 ct
808 2434 1107 2504 requiescit
1147 2434 1203 2489 in
1245 2443 1518 2507 perpetua
1547 2437 1733 2507 quiete
1761 2448 1818 2495 et
1848 2438 2035 2494 laatitia

462 2523 704 2585 Domini.

534 2786 603 2840 ll.
646 2787 1117 2853 Quemadmodum
1146 2790 1294 2845 enim
1324 2799 1456 2847 tunc
1490 2790 1786 2857 mandavit,
1821 2800 1884 2847 ut
1921 2792 2038 2861 ipsa

456 2894 681 2949 quoque
716 2880 875 2935 bruta
907 2882 1166 2936 animalia
1193 2882 1432 2938 Sabbalo
1453 2883 1825 2951 quiescerent,
1844 2900 1915 2938 ne
1940 2884 2038 2938 bos

457 2970 565 3024 sub
616 2971 807 3041 jugum
837 2973 1210 3028 necessarium
1247 2975 1586 3039 traheretur;
1610 2992 1678 3029 nc
1695 2976 1850 3030 asino
1867 2992 2039 3031 onera

459 3064 917 3131 imponerentur;
948 3066 1309 3133 quiescebant
1341 3066 1490 3120 enim
1518 3066 1635 3135 ipsa
1665 3083 1888 3137 quoque
1920 3068 2041 3122 ani-

460 3152 625 3205 malia
654 3166 685 3206 a
709 3152 864 3206 duris
897 3154 1201 3222 operibus;
1262 3156 1341 3208 sic
1390 3171 1608 3225 quoque
1633 3172 1757 3211 cum
1796 3158 2040 3212 venisset

2133 1036 2258 1097 τοὺς
2288 1033 2513 1097 αἰῶνας.
2568 1033 2761 1103 Ἀμήν.

2721 1143 2966 1200 ΟΜΙᾹΙΛ
2997 1143 3120 1197 ΛΕ’.

2185 1241 2327 1311 Περὶ
2356 1238 2461 1295 τοῦ
2485 1236 2747 1293 παλαιοῦ
2780 1236 2877 1290 καί
2930 1235 3036 1289 τοῦ
3060 1233 3272 1289 καινοῦ
3308 1234 3634 1289 Σαϐὄάτου.

2204 1358 2285 1411 Δ’.
2339 1355 2428 1407 Ἐν
2471 1355 2539 1422 τῇ
2588 1352 2718 1421 σκιᾷ
2749 1348 2841 1403 τοῦ
2877 1349 3044 1418 νόμου
3072 1348 3167 1401 τοῦ
3200 1347 3287 1401 διὰ
3332 1348 3582 1409 Μωσέως
3616 1348 3691 1399 δοο

2145 1448 2350 1511 θέντος,
2376 1441 2706 1514 προσέταξεν
2752 1442 2781 1493 6
2812 1440 2942 1503 Θεὸς
2975 1441 3032 1491 ἐν
3069 1438 3149 1507 τῷ
3178 1438 3446 1508 Σαϐϐάτῳ
3480 1438 3695 1491 ἕκαστον

2138 1534 2516 1592 ἀναπαύεσθαι
2550 1532 2646 1586 καὶ
2673 1531 2838 1602 μηδὲν
2868 1531 3061 1582 ποιεῖν.
3080 1529 3248 1581 Τοῦτο
3263 1529 3319 1583 δὲ
3339 1530 3512 1589 τύπος
3530 1524 3594 1596 ἦν
3613 1528 3695 1580 καὶ

2135 1627 2263 1681 σκιὰ
2302 1623 2395 1677 τοῦ
2426 1621 2675 1692 ἀληθινοῦ
2706 1619 2982 1672 Σα66ἀτου
3009 1616 3102 1669 τοῦ
3141 1616 3418 1685 διδομένου
3457 1618 3523 1685 τῇ
3563 1614 3692 1683 ψυχῇ

2130 1718 2238 1771 ἀπὸ
2260 1716 2353 1769 τοῦ
2372 1716 2598 1785 Κυρίου.
2615 1713 2679 1766 Ἦ
2699 1713 2807 1781 γὰρ
2829 1708 3379 1778 καταξιωθεῖσαψυχὴ
3394 1707 3693 1779 [ἐλευθερω-

2131 1806 2311 1879 θῆναι]
2335 1808 2442 1861 ἀπὸ
2470 1807 2580 1860 τῶν
2598 1804 2837 1875 αἰσχρῶν
2866 1803 2962 1856 καὶ
2995 1802 3254 1873 ῥυπαρῶν
3285 1801 3584 1870 λογισμῶν,
3615 1801 3695 1854 καὶ

2132 1898 2383 1969 ἀληθινὸν
2408 1895 2681 1949 Σάϐϐατον
2712 1892 3050 1957 σα66ατίζει,
3066 1893 3161 1945 καὶ
3181 1891 3441 1962 ἀληθινὴν
3464 1891 3693 1944 ἀνάπαυ-

2138 2006 2221 2041 σιν
2269 1988 2629 2049 ἀναπαύεται,
2681 1984 2925 2056 ἀργοῦσα
2971 1985 3066 2036 καὶ
3123 1983 3552 2053 ἐλευθερουμένη
3602 1982 3697 2034 ἀπὸ

2136 2082 2352 2135 πάντων
2384 2081 2495 2133 τῶν
2523 2078 2812 2132 σκοτεινῶν
2840 2076 3036 2147 ἔργων.
3082 2075 3226 2127 Ἑκεί
3256 2074 3354 2142 μὲν
3398 2074 3510 2143 γὰρ
3546 2074 3622 2136 εἰς
3646 2073 3697 2125 τὸ

2135 2171 2367 2226 τυπικὺν
2417 2170 2714 2234 Σάδδατον,
2744 2169 2791 2221 εἰ
2843 2167 2940 2219 καὶ
2987 2165 3308 2236 σωματικῶς
3352 2164 3694 2225 ἀνεπαύοντο,

2136 2262 2250 2316 ἀλλ’
2282 2264 2338 2314 αἰ
2367 2261 2534 2330 ψυχαὶ
2563 2261 2642 2321 εἰς
2668 2259 2765 2322 τάς
2796 2258 3059 2327 πονηρίας
3099 2257 3193 2308 καί¹
3222 2256 3422 2317 κακίας
3454 2250 3591 2323 ἦσαν
3620 2254 3697 2306 δε-

2135 2353 2377 2421 δεμέναι.
2405 2350 2577 2405 Τοῦτο
2611 2351 2669 2403 δὲ
2697 2349 2757 2401 τὸ
2786 2348 3037 2418 ἀληθινὸν
3075 2346 3371 2417 Σάϐϐατον,
3410 2346 3698 2403 ἀνάπαυσις

2136 2445 2361 2515 ἀληθινή
2412 2444 2549 2503 ἐστι,
2600 2440 2775 2510 ψυχῆς
2815 2438 3091 2509 ἀργούσης
3141 2438 3235 2490 καὶ
3273 2435 3699 2509 καθαριζομένης

2137 2537 2246 2591 ἀπὸ
2276 2536 2383 2588 τῶν
2411 2532 2773 2601 διαλογισμῶν
2806 2529 2902 2583 τοῦ
2949 2529 3182 2593 Σατανᾶ,
3224 2528 3321 2581 καὶ
3362 2525 3697 2594 ἀναπαυομέ-

2137 2645 2236 2697 νης
2278 2627 2358 2691 εἰς
2402 2623 2502 2693 τὴν
2548 2620 2642 2676 τοῦ
2691 2618 2897 2693 Κυρίου
2951 2618 3258 2673 ἀνάπαυσιν
3315 2615 3575 2682 αἰωνίαν,
3616 2613 3698 2667 καὶ

2174 2735 2332 2772 αοαν.

2138 2734 2522 2871 “gitana-9
2547 2802 2655 2872 γὰρ
2686 2801 2805 2854 τότε
2833 2797 3132 2869 προσέταξε
3165 2796 3260 2848 καὶ
3282 2794 3427 2848 αὐτὰ
3453 2792 3519 2847 τὰ
3547 2791 3699 2857 ἄλογα

2140 2894 2255 2960 ζῶα
2283 2893 2361 2963 τῷ
2391 2891 2655 2961 Σαόϐάτῳ
2704 2886 3099 2950 ἀναπαύεσθαι,
3153 2884 3241 2936 τὸν
3298 2882 3429 2953 βοῦν
3489 2880 3562 2951 μὴ
3606 2876 3699 2930 ὑπὸ

2140 2984 2304 3052 ζυγὸν
2332 2981 2575 3049 ἀνάγκης
2612 2976 2867 3031 ἕλκεσθαι
2889 3014 2905 3040 ,
2944 2974 3034 3027 τὸν
3063 2974 3182 3026 δνον
3228 2972 3301 3042 μὴ
3344 2967 3700 3040 ἐπιφορτίζειν

2142 3075 2494 3147 (ἀνεπαύοντο
2525 3073 2634 3143 γὰρ
2683 3070 2777 3123 καὶ
2808 3066 2949 3122 αύτά
2974 3066 3043 3119 τὰ
3079 3065 3194 3129 ζῶα
3218 3064 3325 3116 ἀπὸ
3357 3063 3473 3115 τῶν
3508 3060 3698 3131 βαρέων

2142 3166 2365 3239 ἔργων)’
2403 3164 2577 3227 οὕτως
2609 3160 2778 3216 ἐλθὼν
2825 3162 2857 3213 6
2900 3157 3100 3228 Κύριος
3134 3157 3227 3209 καὶ
3256 3155 3315 3207 τὸ
3343 3153 3592 3223 ἀληθινὸν
3620 3150 3699 3201 καί

459 3242 750 3307 Dominus,
799 3250 855 3297 et
883 3258 1077 3296 verum
1104 3252 1484 3314 aeternumque
1513 3246 1809 3301 Sabbatum
1841 3258 2037 3302 contu-

2142 3261 2359 3314 αἰώνιον
2388 3257 2664 3312 Σάϐϐατόν
2708 3254 2853 3317 δοὺς,
2886 3252 3158 3305 ἀνέπαυσε
3198 3249 3296 3316 τὴν
3337 3242 3699 3316 βεϐαρημένην

458 3332 632 3393 lisset,
670 3333 998 3387 refocillavit
1022 3335 1260 3389 animam
1285 3338 1547 3392 oneribus
1580 3339 1909 3408 iniquitatis,
1935 3342 2037 3394 im-

2140 3351 2235 3405 καὶ
2265 3346 2708 3418 πεφορτισμένην
2733 3344 2911 3413 ψυχὴν
2936 3341 3175 3411 φορτίοις
3196 3338 3452 3407 ἀνομίας,
3481 3333 3697 3402 ἀκαθάρ-

459 3424 900 3494 mundarumque
928 3427 1322 3497 cogitationum
1355 3440 1634 3500 gravatam
1667 3439 1725 3485 et
1758 3443 2033 3499 onustam,

458 3522 517 3565 et
550 3524 871 3582 operantem
918 3516 1230 3587 iniquitatis
1262 3535 1429 3589 opera
1464 3523 1800 3590 necessario,
1834 3526 2037 3594 quippe

459 3619 583 3672 qua:
616 3605 719 3659 sub
759 3606 1086 3663 acerborum
1141 3610 1493 3667 dominorum
1544 3614 1869 3670 servitutem
1918 3626 2039 3669 erat

460 3694 681 3750 redacta
703 3713 717 3757 ;
743 3703 800 3751 et
830 3697 1034 3753 levavit
1054 3716 1177 3756 eam
1199 3703 1270 3758 ob
1292 3705 1552 3759 oneribus
1577 3704 2035 3771 intolerabilibus,

458 3784 626 3840 variis
687 3795 852 3857 atque
906 3788 1163 3847 obscenis
1210 3794 1658 3865 cogitationibus,
1708 3796 2039 3865 sublataque

457 3878 613 3943 gravi
642 3878 770 3949 iugo
802 3894 1029 3949 operum
1062 3882 1382 3954 iniquorum
1404 3888 1674 3943 recreavit
1709 3904 1855 3957 eam,
1888 3889 2040 3960 cogi-

460 3968 766 4026 tationibus
795 3972 1028 4042 impuris
1061 3974 1423 4033 laborantem.

532 4061 620 4130 lll.
655 4063 923 4119 Dominus
955 4066 1105 4121 enim
1130 4078 1292 4123 vocat
1332 4069 1613 4127 hominem
1641 4071 1709 4126 ad
1736 4073 2038 4128 recreatio-

463 4169 609 4217 nem,
640 4156 932 4226 inquiens:
970 4157 1147 4213 Venite
1172 4161 1243 4214 ad
1277 4178 1378 4228 me,
1425 4179 1603 4217 omnes
1649 4166 1738 4234 qui
1786 4164 2038 4218 laboratis

461 4255 510 4309 et
544 4250 752 4315 onerati
796 4250 939 4313 estis,
996 4258 1046 4303 et
1104 4267 1197 4321 ego
1248 4253 1549 4321 refocillabo
1602 4272 1690 4309 vos
1743 4257 1808 4308 ³⁸.
1850 4256 2039 4327 Itaque

460 4360 803 4415 quaecunque
822 4348 1019 4415 anima:
1033 4350 1375 4405 crediderint
1389 4362 1444 4407 ct
1463 4354 1814 4420 accesserint,
1832 4356 2045 4410 reﬁciet

460 4448 557 4492 cas
589 4434 658 4487 ab
690 4435 777 4502 his
815 4437 1095 4505 gravibus,
1124 4439 1369 4495 molestis
1403 4450 1458 4494 et
1496 4441 1798 4496 immundis
1833 4443 2042 4513 cegita-

463 4527 728 4590 tionibus,
761 4544 885 4597 quae
919 4539 1182 4595 vacantes
1212 4532 1283 4586 ab
1328 4534 1477 4587 omni
1525 4534 1835 4604 iniquitate,
1897 4537 2044 4591 celes

2137 3461 2246 3496 των
2298 3438 2699 3508 διαλογισμῶν,
2748 3436 2843 3488 καὶ
2891 3430 3265 3504 ἐργαζομένην
3317 3428 3532 3489 ἀδικίας
3581 3425 3696 3492 ἔργα

2142 3534 2279 3605 μετὰ
2294 3534 2538 3601 ἀνάγκης
2560 3530 2633 3593 ὡς
2653 3528 2755 3589 ὑπὸ
2770 3527 3033 3587 δεσπότας
3055 3524 3281 3593 πικροὺς
3292 3518 3695 3588 δεδουλωμένην,

2140 3627 2234 3678 καὶ
2256 3622 2544 3692 ἐκούφισεν
2562 3620 2729 3689 αὐτὴν
2757 3617 2864 3669 ἀπὸ
2885 3615 2994 3669 τῶν
3015 3614 3437 3667 δυσδαστάκτων
3466 3609 3697 3678 φορτίων,

2143 3715 2386 3785 ματαίων
2406 3714 2501 3767 καὶ
2525 3710 2783 3782 ῥυπαρῶν
2801 3706 3184 3776 διαλογισμῶν.
3204 3706 3309 3757 Καὶ
3324 3700 3433 3774 ἦρε
3448 3703 3536 3755 τὸν
3557 3697 3697 3765 ζυγὸν

2140 3809 2231 3859 τὸν
2263 3805 2456 3875 πικρὸν
2479 3804 2587 3856 τῶν
2620 3803 2797 3872 ἔργων
2820 3800 3052 3863 ἀδικίας,
3086 3798 3179 3851 καὶ
3204 3796 3512 3849 ἀνέπαυσεν
3553 3789 3698 3858 αὐτὴν

2141 3896 2421 3955 κοπιῶσαν
2451 3898 2508 3949 ὲν
2537 3896 2647 3958 τοῖς
2672 3892 3039 3961 διαλογισμοῖς
3077 3890 3176 3960 τῆς
3197 3887 3562 3957 ἀκαθαρσίας.

2212 4072 2289 4127 Γ’.
2335 4073 2392 4126 Ὀ
2439 4071 2548 4141 γὰρ
2583 4070 2785 4141 Κύριος
2835 4067 2992 4120 καλεῖ
3038 4065 3129 4120 τὸν
3168 4065 3459 4134 ἄνθρωπον
3495 4064 3570 4125 είς
3615 4058 3694 4127 τὴν

2141 4163 2448 4218 ἀνάπαυσιν
2480 4161 2675 4232 λέγων,
2706 4159 2885 4215 Δεῦτε
2914 4156 3138 4221 πάντες
3167 4159 3219 4211 οἱ
3242 4154 3584 4221 κοπιῶντες,
3616 4145 3697 4203 και

2143 4255 2623 4326 πεφορτισμένοιο
2662 4252 2823 4322 κάγὼ
2853 4252 3186 4306 ἀναπαύσω
3221 4246 3395 4316 ὑμᾶς.
3440 4248 3547 4302 Καὶ
3593 4246 3695 4296 ὅσαι

2143 4348 2315 4419 ψυχαὶ
2344 4348 2619 4400 πείθονται
2663 4347 2757 4398 καὶ
2794 4344 3208 4414 προσέρχονται,
3244 4340 3516 4395 ἀναπαύει
3551 4334 3695 4393 αὐτὰς

2145 4438 2254 4492 ἀπὸ
2281 4442 2488 4491 τούτων
2516 4437 2624 4489 τῶν
2644 4436 2853 4506 βαρέων
2876 4436 2969 4487 καὶ
2986 4433 3258 4503 φορτικῶν
3276 4434 3369 4486 xui.
3397 4430 3693 4497 ἀκαθάρτων

2145 4529 2442 4599 λογισμῶν,
2474 4530 2568 4583 καὶ
2600 4528 2861 4598 ἀργοῦσιν
2890 4527 2999 4579 ἀπὸ
3022 4526 3201 4596 πάσης
3226 4525 3478 4595 ἀνομίας,
3512 4519 3692 4575 σα66α-

466 4616 631 4686 brant
680 4617 982 4673 Sabbatum
1058 4636 1273 4688 verum,
1336 4624 1659 4679 deliciarum
1715 4627 1937 4696 plenum
1981 4636 2037 4683 et

2143 4621 2389 4685 τίζουσαι
2438 4619 2712 4673 Σάὸὁατον
2742 4617 3015 4688 ἀληθινὸν,
3064 4615 3354 4686 τρυφερὸν,
3398 4614 3575 4684 ἅγιον·
3615 4605 3691 4660 καὶ

459 4718 710 4766 sanctum
737 4726 751 4779 ξ
790 4721 1059 4785 peragunt
1092 4712 1291 4769 festum
1344 4715 1605 4785 Spiritus,
1637 4718 1822 4788 gaudii
1854 4730 1911 4772 et
1940 4734 2040 4773 ex-

457 4802 1188 4873 sultationisinenarrabilis,
1202 4814 1258 4861 et
1273 4807 1520 4875 serviunt
1534 4809 1820 4863 servitium
1840 4826 2038 4879 purum

457 4901 516 4948 ct
552 4894 663 4948 Deo
690 4904 904 4965 gratum
936 4912 1001 4950 ex
1033 4912 1177 4966 puro
1208 4897 1399 4963 corde,
1460 4899 1568 4959 hoc
1612 4910 1716 4963 est,
1750 4916 1945 4955 verum
1985 4911 2043 4957 et

456 4990 707 5036 sanctum
736 4983 1059 5051 Sabbatum.
1095 4983 1463 5040 Obsecremus
1514 5002 1646 5057 ergo
1684 5002 1785 5041 nos
1817 5005 2043 5058 quoque

458 5069 653 5133 Deum,
675 5078 734 5123 ut
754 5071 1130 5142 ingrediamur
1153 5073 1208 5126 in
1228 5073 1370 5127 bane
1401 5075 1671 5145 requiem,
1689 5085 1751 5130 ut
1774 5076 2043 5132 feriemur

458 5178 488 5216 a
523 5162 800 5233 turpibus,
829 5164 1123 5219 malitiosis
1172 5174 1340 5234 atque
1385 5167 1544 5221 vanis
1587 5166 2038 5237 cogitationibus,

457 5267 567 5321 quo
594 5244 701 5307 ltoc
730 5262 891 5338 pacto
912 5255 1194 5333 possimus
1223 5244 1513 5311 servitium
1541 5260 1805 5315 exhibere
1838 5261 1952 5315 Dco
1972 5277 2040 5315 ex

461 5360 601 5412 puro
636 5344 826 5408 corde,
868 5361 932 5399 ac
971 5348 1255 5402 celebrare
1306 5348 1506 5410 festum
1558 5351 1798 5421 Spiritus
1841 5353 2038 5406 sancti.

460 5435 656 5489 Beatus
701 5451 856 5505 ergo,
916 5438 1007 5506 qui
1057 5439 1343 5510 ingressus
1398 5451 1484 5496 est
1548 5442 1695 5495 illam
1765 5444 2038 5512 requiem.

461 5525 643 5580 Gloria
671 5529 840 5589 Patri,
872 5530 961 5581 cui
1018 5529 1099 5583 sic
1143 5532 1375 5600 placuit,
1407 5543 1465 5587 et
1510 5533 1669 5606 Filio,
1706 5542 1763 5605 et
1812 5532 2041 5606 Spiritui

452 5621 672 5684 'sancto,
716 5619 770 5671 in
807 5620 1027 5673 saecula.
1068 5622 1266 5693 Amen.
1665 5605 1670 5610 ”
1855 5605 1871 5619 θ’

531 5861 573 5895 ⁸³
596 5860 745 5931 Ρείιι.
782 5876 889 5927 tm,
919 5866 970 5918 5.
1054 5867 1094 5897 ³ο
1126 5869 1315 5922 Matth.
1348 5888 1426 5945 XI,
1457 5874 1545 5927 28.

2145 4712 2496 4781 ἑορτάζουσιν
2524 4710 2716 4781 ἑορτὴν
2745 4706 3080 4778 Πνεύματος,
3110 4708 3308 4777 χαρᾶς,
3337 4706 3430 4759 καὶ
3458 4697 3690 4773 ἀγαλλιά-

2145 4822 2282 4868 σεως
2312 4801 2705 4872 ἀνεκλαλήτου.
2749 4800 2859 4854 Καὶ
2896 4798 3218 4870 λατρεύουσι
3261 4796 3513 4868 λατρείαν
3547 4787 3689 4844 καθα-

2140 4894 2266 4964 ρὰν,
2298 4893 2394 4947 καὶ
2423 4892 2717 4963 εὐάρεστον
2749 4889 2829 4957 τῷ
2869 4888 3009 4959 Θεῷ,
3059 4890 3125 4941 ὲκ
3170 4885 3418 4957 καθαρᾶς
3465 4880 3686 4952 καρδίας”

2141 4986 2300 5039 τοῦτό
2329 4986 2445 5037 ἐστι
2471 4984 2534 5037 τὸ
2563 4982 2814 5053 ἀληθινὸν
2841 4982 2935 5035 καὶ
2963 4980 3117 5048 ἆγιον
3146 4978 3440 5033 Σάϐϐατόν.
3463 4979 3687 5045 Παρακα-

2142 5078 2388 5147 λέσωμεν
2416 5071 2510 5129 οὖν
2556 5076 2649 5128 καὶ
2693 5075 2854 5144 ἡμεῖς
2881 5070 3149 5131 τδν,Θεὸν
3206 5068 3468 5123 εἰσελθεῖν
3517 5067 3588 5125 εἰς
3609 5060 3687 5125 τὴν

2144 5169 2489 5222 κατάπαυσιν
2528 5166 2753 5236 ταύτην,
2804 5162 2901 5217 τοῦ
2947 5164 3138 5233 ἀργεῖν
3170 5162 3317 5229 ἡμᾶς
3352 5159 3462 5214 ἀπὸ
3489 5156 3586 5209 τῶν
3616 5149 3684 5202 αἱ·

2146 5258 2349 5329 σχρῶν,
2387 5258 2477 5311 καὶ
2519 5255 2795 5325 πονηρῶν,
2825 5253 2920 5307 καὶ
2945 5251 3191 5323 ματαίων
3220 5246 3589 5320 διαλογισμῶν,
3616 5241 3684 5292 ἵνα

2144 5348 2318 5410 οὕτως
2339 5346 2659 5415 δυνηθῶμεν
2686 5344 2980 5415 λατρεῦσαι
3001 5342 3077 5412 τῷ
3100 5342 3217 5412 Θεῷ
3242 5342 3307 5397 ὲκ
3328 5340 3561 5409 καθαρᾶς
3575 5346 3682 5397 καρ·

2144 5440 2281 5503 δίας,
2313 5438 2407 5491 καὶ
2439 5437 2694 5508 ἑορτάσαι
2738 5435 2932 5505 ἑορτὴν
2966 5433 3278 5502 Πνεύματος
3309 5431 3483 5498 ἁγίου.
3523 5417 3682 5480 Μακά-

2148 5548 2261 5602 ριος
2316 5529 2410 5582 οὖν
2463 5530 2490 5580 6
2541 5524 2796 5580 εἰσελθὼν
2831 5528 2909 5588 εἰς
2954 5525 3170 5592 ὲκεινην
3198 5521 3296 5592 τὴν
3342 5518 3681 5602 κατάπαυσιν·

2147 5597 2273 5686 δόξα.
2293 5620 2370 5691 τῷ
2394 5619 2566 5683 οὕτως
2590 5619 2941 5688 εὖδοκήσαντι
2971 5615 3166 5697 Πατρί,
3185 5612 3279 5667 καὶ
3305 5610 3442 5683 Υἱῷ,
3471 5606 3553 5664 καὶ
3567 5597 3680 5671 ἁγίῳ

2149 5712 2446 5782 ΙΙνεύματι,
2480 5714 2559 5785 εἰς
2583 5713 2709 5775 τοὺς
2738 5710 2961 5775 αἰῶνας.
3003 5709 3193 5778 Ἀμήν.

3856 3394 3893 4735 ἓ
