3980 6430
149 1319 154 1324 .
161 1309 216 1346 ἔνι’-εξ

185 1351 236 1420 ’ἐξ

320 391 432 459 Ἱᾶθ

913 513 1152 569 ΟΜΙΛΙΑ
1182 517 1321 585 Ag".

324 602 465 671 Περὶ
498 601 729 677 δισσῆς
752 604 1145 677 ἀναστάσεως
1167 605 1537 677 rainy-v16)"
1572 609 1669 661 καὶ
1710 607 1908 677 σωμά-

411 690 554 738 των,
578 675 677 728 καί
700 673 990 744 διαφόρου
1019 677 1207 742 δόξης
1232 673 1354 730 tibi
1385 673 1821 747 ἁῶισταμένωνζ

399 783 480 839 A'.
527 784 852 852 Ἀνάστασις
897 787 1006 841 τῶν
1055 788 1264 858 νεκρῶν
1304 787 1493 859 ψυχῶν
1529 789 1637 842 ἀπὸ
1680 787 1775 842 τοῦ
1813 786 1911 842 νῦν

326 875 562 944 γίνεται.
623 877 947 942 ’Δνάστασις
989 879 1046 932 δέ
1077 879 1186 932 τῶν
1232 881 1500 950 σωμάτων
1529 880 1588 932 ἐν
1620 879 1804 951 ἐκείνῃ
1843 881 1909 952 τῇ

327 965 534 1036 ἡμέρᾳ.
573 967 786 1038 Ὥσπερ
817 968 966 1036 δὲξέν
993 969 1072 1040 τῷ
1110 968 1324 1041 οὐρανῷ
1371 970 1714 1040 πεπηγμένοι
1759 970 1914 1036 ὄντες

328 1058 379 1109 οί
419 1057 671 1131 ἀστέρες,
703 1059 808 1137 οὐκ
839 1061 945 1114 [σοι
974 1061 1176 1125 πάντες
1205 1062 1362 1123 είσὶν,
1408 1061 1524 1115 ἀλλ’
1555 1055 1637 1126 εἷς
1668 1061 1762 1116 τοῦ
1793 1063 1913 1127 ἐνὸς

328 1146 582 1219 διαφέρει
611 1151 670 1204 ἐν
697 1153 765 1222 τῇ
805 1150 1154 1222 λαμπρότητι
1187 1152 1282 1206 καὶ
1319 1153 1736 1226 μεγαλειότητι·
1771 1153 1914 1208 οὕτω

331 1238 436 1338 κάν
467 1241 582 1305 τοῖς
607 1244 1025 1312 πνευματικοῖς,
1057 1243 1198 1298 κατὰ
1225 1243 1287 1297 τὸ
1321 1245 1520 1316 μέτρον
1549 1245 1648 1316 τῆς
1677 1246 1913 1310 πίστεώς

333 1330 442 1383 είσι
471 1333 750 1402 προκοπαὶ
770 1335 828 1386 ἐν
855 1334 1004 1404 αὐτῷ
1031 1334 1110 1405 τῷ
1135 1335 1438 1405 Πνεύματι,
1469 1331 1550 1401 εἷς
1581 1336 1914 1392 πλουσιώτε-

330 1438 492 1492 τερος
519 1423 613 1478 τοῦ
644 1425 854 1496 ἐτέρου.
880 1427 991 1480 Καὶ
1023 1429 1056 1499 ή
1081 1426 1270 1500 Γραφὴ
1301 1428 1469 1498 λέγει,
1492 1429 1574 1482 ὅτι
1615 1429 1679 1484 '0
1706 1429 1916 1485 λαλῶν

331 1513 403 1566 ἐν
437 1514 710 1584 γλώσσῃ,
733 1518 1033 1586 Πνεῦματι
1061 1519 1210 1574 Θεοῦ
1241 1521 1424 1574 λαλεῖ
1457 1516 1626 1586 Οὗτος
1668 1541 1914 1594 πνευμα-

331 1606 486 1670 τικός
518 1607 635 1660 ἐστι
663 1607 780 1679 Θεῷ
798 1609 994 1664 λαλῶν·
1025 1609 1173 1665 Ὀδὲ
1203 1614 1620 1683 προφητεύων,
1661 1615 1916 1683 Ἐκκλη-

333 1698 484 1789 o'lar
510 1699 824 1769 οἰκοδομεῖ.
860 1697 1030 1766 Οὗτος
1051 1704 1370 1773 περίσσειαν
1401 1703 1527 1774 ἔσχε
1549 1705 1648 1775 τῆς
1671 1707 1910 1776 χάριτοςο

163 1787 363 1866 ὁ
387 1787 488 1857 μέν
513 1791 622 1861 γὰρ
647 1791 838 1845 ἐαυτὸν
865 1793 1025 1862 μόνον
1044 1795 1335 1866 οἰκοδομεῖ,
1362 1796 1391 1848 ὁ
1411 1795 1468 1849 δέ
1488 1796 1678 1850 ἐαυτὸν
1701 1798 1795 1850 καὶ
1821 1796 1915 1851 τὸν

128 1539 152 1569 ,Ἰ
177 1538 228 1564 ξπ.
255 1545 258 1548 .

130 1573 194 1610 τῖ’*

128 1538 274 1634 ,ᾗ

133 1634 186 1652 Tui

139 1693 176 1714 ιι,-

180 1970 185 1973 μ
212 1962 255 1971 ιλ·
292 1960 295 1965 ι

176 1980 181 1987 ν
206 1974 239 1989 ·⁹ι
282 1976 315 1989 ’.η

183 2114 402 2420 1

376 2181 402 2204 υ

176 1879 590 1971 Πλησίον.
626 1881 797 1935 Τοῦτο
829 1883 886 1937 δέ
925 1887 1093 1952 ἐστιν,
1124 1885 1314 1958 ὥσπερ
1347 1887 1547 1952 κόκκος
1575 1888 1722 1941 σίτου
1752 1903 1912 1942 σπει-

176 1970 564 2066 “captivo;
602 1972 752 2066 ἐν
788 1976 881 2045 γῇ,
909 1977 1004 2030 καὶ
1039 1977 1067 2029 ὁ
1103 1977 1264 2041 αὐτὸς
1295 1980 1360 2032 ἐκ
1399 1979 1500 2049 τῆς
1532 1981 1662 2050 μιᾶς
1687 1980 1914 2051 καρδίας

184 2062 566 2151 Πολλοὺς
601 2065 695 2117 καὶ
728 2065 1018 2137 διαφόρους
1058 2068 1292 2134 κόκκους
1329 2071 1573 2142 ἐκφέρει.
1608 2072 1720 2125 Καὶ
1753 2071 1914 2125 πάλιν

204 2152 490 2236 -ύτοὶ
520 2157 567 2209 οἱ
611 2156 865 2228 στάχυες,
908 2159 959 2212 οί
993 2160 1094 2229 μέν
1134 2162 1242 2215 είσι
1278 2163 1603 2233 μειζότεροι,
1651 2163 1702 2217 ol
1734 2163 1792 2216 δέ
1821 2182 1912 2234 μι-

222 2242 605 2320 -ρότεροι,
656 2245 767 2299 ὅλοι
811 2247 868 2299 δὲ
924 2248 1006 2311 εἰς
1047 2250 1178 2319 μίαν
1217 2252 1544 2320 συνάγονται
1576 2253 1779 2318 ἅλωνα,
1831 2255 1913 2318 είς

402 2351 467 2388 αν
496 2336 799 2409 ἀποθήκην,
829 2338 1075 2411 διάφοροι
1102 2341 1256 2406 ὄντες
1283 2337 1366 2407 εἷς
1399 2343 1460 2410 ἐξ
1494 2344 1674 2399 αὐτῶν
1705 2344 1914 2414 γίνεται

262 2426 518 2490 -τος.

260 2478 493 2595 .B’
527 2517 598 2570 Ἦ
622 2515 810 2590 ὥσπερ
843 2519 982 2573 είσὶν
1012 2521 1070 2574 ἐν
1095 2519 1247 2574 πόλει
1274 2521 1454 2594 πλήθη
1476 2478 1797 2595 ἀνθρώπων,
1819 2527 1914 2580 καὶ

244 2513 398 2822 ι

34 2927 40 2936 ι

37 2951 40 2955 ,
100 2942 137 2951 ιι.
164 2946 165 2949 η

88 2966 117 2995 nr,
144 2972 149 2973 γ

80 2994 117 3011 η’νί

83 3020 107 3029 σε.
128 3026 131 3029 .

80 3064 103 3075 ‘u

36 3205 42 3210 δ
58 3202 87 3211 ¹ἰ

90 3264 103 3273 ¹ι

80 3380 81 3387 η

78 3404 87 3421 ἓν

64 3426 83 3445 μ’.

54 3448 83 3461 WA

278 2584 388 2697 Ι
420 2609 516 2677 μέν
547 2611 655 2664 είσι
678 2584 866 2666 παιδία
894 2614 1083 2684 νήπια,
1120 2616 1169 2668 οί
1206 2615 1264 2669 δέ
1295 2584 1506 2687 ἄνδρες,
1537 2584 1874 2688 ’λδ-νεανίσκοι
1895 2636 1910 2652 ο

326 2707 535 2784 ιὶντες
571 2707 628 2762 δὲ
681 2708 790 2763 ἀπὸ
827 2712 958 2781 μιᾶς
989 2711 1174 2782 πηγῆς
1223 2711 1367 2784 ὕδωρ
1407 2714 1643 2782 πίνουσι,
1680 2717 1772 2770 καὶ
1807 2716 1915 2770 ἀπὸ

390 2798 454 2875 ᾖς
492 2798 658 2868 ἄρτου
688 2799 976 2866 ἐσθίουσιν,
1010 2801 1107 2854 ἕνα
1147 2800 1284 2872 ἀέρα
1335 2801 1549 2874 ἔχοντες
1581 2820 1596 2834 ο
1639 2803 1672 2874 ἢ
1727 2803 1914 2875 ῶσπερ

419 2889 442 2966 μ
477 2889 680 2959 λύχνοι,
711 2891 804 2944 καὶ
829 2892 858 2944 ό
886 2892 986 2961 μὲν
1013 2892 1127 2963 ἔχει
1157 2893 1249 2946 δύο
1275 2895 1582 2966 μυκτῆρας,
1615 2897 1642 2948 ὁ
1665 2897 1720 2948 δὲ
1752 2897 1912 2951 ἑπτά·

438 2981 452 3002 ’
483 2983 614 3035 ὅπου
644 2983 792 3037 ἐστὶν
831 2985 865 3054 ὴ
897 2984 1185 3055 περίσσεια
1217 2985 1325 3044 τοῦ,
1345 2986 1521 3056 φωτὸς
1553 2986 1729 3049 άλλως
1751 2989 1916 3056 φωτί-

485 3073 658 3138 οὔτως
685 3075 801 3129 ὅσοι
838 3077 976 3131 είσὶν
1003 3079 1061 3130 ἐν
1092 3078 1225 3149 πυρὶ
1250 3078 1346 3132 καὶ
1377 3078 1535 3147 φωτὶ,
1572 3079 1633 3132 οὐ
1664 3077 1916 3133 δύνανται

1280 377 1959 464 nouum—110M.
1996 394 2262 469 XXXVI,
2296 392 2593 456 XXXVII.

1935 520 1982 574 Α

3474 389 3580 454 750

2520 502 2803 558 IIOMILIA
2841 502 3081 558 XXXVI.

2009 599 2086 654 De
2112 597 2309 670 duplici
2344 597 2725 670 resurrectione
2757 597 3174 670 anim_arum_et_
3201 610 3500 665 corporum,
3538 599 3589 646 et
3680 647 3700 668 ,
3745 642 3780 650 ..

2386 668 2594 721 diversa
2625 667 3008 737 resurgentium
3037 663 3230 736 gloria.

2082 788 2126 843 ῐ.
2157 785 2516 842 Resurrectio
2534 791 2878 839 mortuarum
2902 781 3210 862 animarum
3232 778 3301 834 ab
3328 777 3434 832 hoc
3467 791 3587 831 mo-

2014 887 2203 935 mento
2225 879 2317 933 ﬁt:
2343 878 2678 934 resurrectio
2710 890 2845 932 vero
2877 863 3174 945 corporum
3236 872 3294 926 in
3346 871 3438 924 illa
3476 869 3585 923 die.

2010 968 2482 1038 Quemadmodum
2515 983 2647 1023 vero
2673 967 2727 1021 in
2755 967 2916 1030 caelo,
2953 980 3076 1036 qua:
3102 962 3220 1016 lixa:
3244 966 3372 1015 sunt
3395 959 3584 1022 stellae,

2011 1077 2122 1118 non
2143 1070 2273 1118 sunt
2300 1074 2493 1118 omnes
2524 1059 2768 1130 aquales,
2797 1057 2894 1113 sed
2923 1071 3032 1111 una
3063 1056 3130 1111 ab
3177 1055 3348 1110 altera
3402 1049 3590 1107 differt

2013 1152 2306 1223 splendore
2327 1161 2384 1206 et
2405 1150 2785 1223 magnitudine
2807 1165 2823 1214 ;
2852 1147 2933 1203 sic
2949 1147 3005 1202 in
3023 1146 3195 1202 rebus
3208 1141 3603 1214 spiritualibus.

2013 1260 2114 1316 pro
2145 1243 2310 1300 modo
2350 1243 2478 1298 ﬁdei
2531 1250 2660 1298 sunt
2691 1239 3069 1312 promotiones
3116 1239 3172 1292 in
3206 1235 3326 1306 ipso
3354 1233 3586 1303 Spiritu,

2014 1351 2159 1393 unus
2189 1336 2522 1406 locupletior
2548 1335 2742 1390 altero.
2769 1332 3054 1401 Scriptura
3085 1343 3306 1399 quoque
3328 1326 3406 1380 ait
3433 1342 3447 1378 :
3483 1323 3587 1389 Qui

2015 1427 2248 1498 loquitur
2271 1424 2472 1496 lingua,
2490 1422 2693 1494 Spiritu
2711 1421 2805 1475 Dei
2829 1419 3061 1482 loquitur
3081 1417 3144 1467 ³¹.
3165 1415 3266 1469 llic
3285 1412 3588 1483 spiritualis

2013 1523 2119 1580 est,
2157 1515 2250 1586 qni
2283 1529 2408 1569 cum
2437 1513 2550 1568 Deo
2569 1511 2853 1581 loquitur:
2883 1510 2948 1564 At
2981 1508 3137 1578 127
3167 1508 3254 1577 qui
3287 1505 3586 1576 prophetat,

2014 1606 2286 1661 ecclesiam
2305 1604 2552 1673 aediﬁcat.
2570 1604 2675 1659 Iste
2690 1601 3078 1657 abundantiam
3105 1598 3337 1666 adeptus
3359 1602 3445 1649 est
3465 1609 3589 1664 gra-

2015 1698 2124 1753 tias.
2153 1697 2248 1752 llle
2274 1697 2421 1752 enim
2451 1711 2510 1751 se
2544 1697 2724 1765 ipsum
2751 1694 3020 1748 duntaxat
3043 1690 3298 1751 aediﬁcat,
3330 1687 3428 1742 hie
3461 1700 3590 1740 vero

2015 1801 2075 1842 se
2105 1787 2282 1857 ipsum
2306 1795 2363 1840 et
2383 1784 2714 1854 proximum.
2743 1782 2858 1836 Hoc
2879 1795 3047 1850 porro
3071 1794 3128 1834 se
3159 1778 3346 1841 habet,
3378 1783 3439 1828 ut
3464 1788 3590 1843 gra-

2015 1894 2147 1933 num
2182 1877 2442 1932 frumenti
2465 1875 2519 1928 in
2553 1885 2757 1930 terram
2791 1872 3101 1943 conjectum
3145 1886 3159 1923 :
3202 1868 3348 1922 idem
3382 1881 3450 1920 ex
3484 1879 3592 1917 uno

2015 1969 2186 2027 corde
2214 1969 2372 2038 plura
2408 1976 2463 2021 et
2489 1967 2705 2022 diversa
2726 1979 2893 2036 grana
2933 1961 3210 2032 producit.
3267 1959 3337 2012 Et
3375 1969 3592 2011 rursum

2014 2075 2082 2115 ex
2116 2059 2285 2130 spicis
2312 2058 2446 2128 ipsis
2469 2058 2592 2112 alia:
2625 2065 2756 2111 sunt
2781 2054 3097 2123 ampliores,
3134 2050 3254 2105 alia:
3274 2047 3593 2110 tenuiores;

2016 2151 2297 2206 universae
2331 2163 2464 2203 vero
2515 2148 2570 2201 in
2625 2161 2790 2200 unam
2834 2151 3240 2214 congregantur
3287 2153 3492 2202 aream,
3539 2137 3597 2191 in

2017 2257 2187 2296 unum
2221 2241 2519 2302 horreum;
2545 2245 2603 2293 et
2621 2237 2749 2293 licet
2777 2235 3008 2292 diversa:
3034 2235 3166 2299 sint,
3200 2247 3344 2286 unus
3365 2245 3434 2284 ex
3463 2225 3598 2298 ipsis

2016 2331 2308 2386 coniicitur
2337 2327 2518 2400 panis.

2085 2511 2152 2565 ll.
2181 2511 2289 2565 Aut
2325 2505 2793 2580 quemadmodum
2827 2503 2882 2559 in
2910 2501 3136 2558 civitate
3161 2505 3288 2555 sunt
3311 2496 3596 2552 hominum

2017 2601 2422 2666 multitudines,
2469 2609 2526 2654 et
2569 2597 2822 2654 nonnulli
2864 2602 2994 2651 sunt
3023 2591 3182 2663 pueri
3233 2588 3458 2660 pusilli,
3503 2585 3599 2639 alii

2016 2711 2152 2752 vero
2172 2695 2278 2749 viri
2310 2694 2397 2748 vel
2425 2693 2838 2755 adolescentes;
2862 2691 3054 2743 Omnes
3073 2698 3205 2739 vero
3227 2697 3295 2737 ex
3315 2695 3428 2736 uno
3447 2679 3600 2733 fonte

2017 2802 2217 2858 aquam
2249 2784 2470 2846 bibunt,
2523 2797 2696 2836 unum
2731 2793 2931 2851 panem
2964 2774 3282 2838 comedunt,
3315 2782 3626 2836 unumque‘

2019 2893 2202 2933 aerem
2225 2877 2457 2946 spirant.
2487 2876 2596 2928 Aut
2623 2871 2854 2943 perinde
2879 2879 2940 2924 ut
2969 2876 3100 2923 sunt
3123 2866 3386 2926 lucernae,
3408 2869 3465 2916 et
3485 2859 3604 2913 haec

2019 2969 2245 3041 quidem
2295 2967 2465 3022 habet
2515 2965 2622 3020 duo
2670 2961 2982 3025 luminaria,
3034 2959 3126 3012 illa
3181 2969 3318 3010 vero
3362 2958 3598 3020 septem,

2020 3067 2078 3114 at
2104 3059 2200 3114 ubi
2223 3065 2310 3114 est
2343 3055 2683 3112 abundantia
2722 3053 2887 3118 lucis,
2947 3048 3024 3104 ibi
3083 3048 3246 3101 aliter
3287 3041 3620 3097 illuminat:

459 3188 477 3223 ι
510 3171 568 3223 ἐν
598 3137 814 3222 σκότει·
847 3168 984 3225 ἀλλά
1028 3137 1262 3240 διαφόρά
1301 3137 1467 3240 πολλή
1506 3137 1674 3225 ἐστιν.
1706 3171 1919 3243 Ὥσπερ

2029 3151 2105 3206 sic
2161 3149 2480 3220 quicunque
2527 3153 2658 3200 sunt
2710 3145 2767 3198 in
2801 3143 2928 3210 igne
2978 3148 3036 3195 et
3062 3137 3294 3200 lumine,
3324 3137 3606 3201 nequeunt

330 3263 481 3339 -ῖ
501 3284 584 3330 τις
611 3269 793 3339 πατὴρ
820 3265 898 3320 ὣν
934 3267 1084 3329 υἱοὺς
1127 3266 1240 3335 ἔχει
1270 3265 1384 3333 δύο,
1417 3265 1509 3318 τὸν
1550 3264 1650 3334 μὲν
1681 3263 1917 3328 παιδίον,

338 3350 512 3426 .δέ
540 3358 842 3422 νεανίσκον,
878 3356 974 3410 καὶ
1005 3357 1097 3410 τὸν
1134 3357 1231 3426 μὲν
1262 3357 1342 3419 είς
1380 3356 1566 3418 πόλεις
1593 3353 1920 3408 ἀποστέλλει

459 3451 753 3522 πατρίδας,
779 3450 842 3504 τὸ
877 3449 935 3504 δὲ
974 3451 1167 3521 νήπιον
1199 3451 1429 3504 πάντοτε
1461 3448 1772 3519 δορυφορεῖ,
1798 3447 1924 3501 ἐπεὶ

336 3540 512 3611 -ὲν
529 3542 748 3596 δύναται
781 3544 975 3596 ποιεῖν.
1015 3542 1153 3608 Δόξα
1180 3541 1257 3610 τῷ
1285 3540 1422 3610 Θεῷ.
1476 3540 1672 3611 ’Λμήν.

313 4008 472 4152 Ι

459 4128 472 4152 Α

108 4890 458 5268 ,ι

931 3807 1172 3861 OMIAIA
1214 3804 1335 3859 AZ'.

478 3901 521 3953 al
549 3900 656 3956 τοῦ
685 3899 1079 3970 παραδείσου,
1114 3899 1212 3953 καὶ
1236 3900 1425 3967 νόμου
1456 3893 1884 3965 πνευματικοῦ.

461 4023 497 4071 .'.
538 4017 611 4071 Ἦ
633 4017 808 4086 φιλία
839 4015 947 4070 τοῦ
972 4015 1231 4084 κόσμου,
1257 4013 1400 4067 κατὰ
1432 4013 1493 4066 τὸ
1522 4010 1927 4081 γεγραμμένον,

472 4126 533 4163 Da
546 4109 818 4173 ἐστὶνεῑς
843 4107 1012 4162 Θεόν.
1039 4106 1181 4178 Διὺή
1205 4105 1393 4176 Γραφὴ
1416 4103 1627 4158 κελεύει
1658 4103 1810 4174 πάσῃ
1834 4119 1930 4169 φυο

457 4199 488 4268 ᾖ
521 4199 708 4269 τηρεῖν
735 4198 966 4250 ἕκαστον
983 4195 1084 4268 τὴν
1117 4193 1312 4250 ἑαυτοῦ
1345 4192 1594 4263 καρδίαν,
1633 4192 1721 4245 ἵνα
1751 4208 1834 4253 τις
1854 4191 1930 4251 ὡς

467 4288 675 4342 ἁδεισον
716 4287 1008 4358 φυλάσσων
1036 4288 1095 4340 ἐν
1135 4287 1273 4356 αὐτῇ
1305 4285 1398 4339 τὸν
1431 4284 1607 4353 λόγον,
1645 4281 1930 4355 ἀπολαύσῃ

475 4383 714 4452 χάριτος,
742 4381 818 4453 μὴ
839 4380 1052 4435 ἀκούων
1073 4379 1166 4434 τοῦ
1192 4378 1340 4431 ἐνδον
1360 4376 1734 4447 εἱλισσομένου
1756 4375 1933 4445 ὄφεως

465 4475 808 4538 δουλεύοντος
837 4474 908 4528 τά
938 4473 1076 4544 πρὸς
1105 4473 1322 4544 ἡδονὴν,
1351 4473 1418 4526 δι’
1439 4467 1508 4541 ἧς
1547 4472 1801 4540 γεννᾶται
1833 4470 1925 4523 θυι

482 4567 509 4619 ὁ
543 4565 949 4634 ἀδελφοκτόνος,
993 4565 1087 4617 καὶ
1118 4564 1344 4634 θνήσκει
1375 4561 1524 4632 ψυχὴ
1565 4562 1599 4629 ὴ
1627 4561 1890 4614 τίκτουσα
1911 4579 1924 4592 ·

491 4658 705 4713 ἀκούων
725 4658 819 4710 τοῦ
846 4657 1052 4730 Κυρίου
1082 4658 1349 4725 λέγοντος,
1400 4652 1810 4723 Ἐπιμελεῖο-θε
1831 4655 1930 4708 πί-

448 4742 542 4818 ᾅως
568 4750 668 4805 καὶ
713 4750 982 4816 ἐλπίδος,
1033 4742 1220 4818 δι’ξῶν
1267 4747 1546 4817 γεννᾶται
1580 4747 1618 4814 ἡ
1653 4746 1933 4815 φιλόθεος

496 4842 916 4912 φιλάνθρωπος
960 4841 1183 4910 ἀγάπη,
1229 4839 1268 4904 ἢ
1323 4839 1438 4905 τὴν
1485 4837 1726 4891 αἰώνιον
1781 4837 1933 4905 ζωὴν

452 4933 728 5002 οέχουσα.
751 4933 845 4995 Εἰς
863 4931 1053 4985 τοῦτον
1080 4930 1172 4983 τὸν
1197 4928 1523 4998 παράδεισον
1547 4927 1764 4998 εἰσῆλθε
1785 4927 1930 4992 Νῶε,

470 5023 704 5093 ’ἐντολὴν
735 5022 1027 5092 φυλάσσων
1053 5019 1148 5073 καὶ
1177 5018 1564 5091 ἐργαζόμενος,
1595 5019 1690 5072 καὶ
1716 5017 1802 5072 διὰ
1834 5021 1934 5091 τῆς

436 5118 576 5184 ἀπης
643 5113 926 5185 ἐλυτρώοη
983 5115 1082 5183 τῆς
1137 5110 1328 5182 ὀργῆς.
1383 5108 1587 5164 Τοῦτον
1649 5110 1939 5180 φυλάσσων

323 5201 620 5276 ,δραάμ
671 5203 857 5276 φωνὴν
915 5203 1051 5258 Θεοῦ
1109 5203 1332 5274 ἤκουσε.
1392 5201 1630 5255 Τοῦτον.
1649 5201 1941 5272 φυλάσσων

341 5277 601 5366 Ἧίωῦσῆς
631 5296 791 5362 δόξαν
819 5297 900 5358 είς
929 5295 992 5348 τὸ
1017 5293 1310 5366 πρόσωπον
1344 5277 1672 5363 ἐλάμδᾶνεν.
1710 5291 1942 5361 Ὁμοίως

355 5385 524 5438 A2616
559 5385 749 5440 τοῦτον
774 5383 1065 5454 φυλάσσων
1103 5381 1410 5454 εἰργάζετο,
1439 5380 1562 5434 ὅθεν
1590 5381 1700 5435 τῶν
1733 5380 1946 5451 ἐχθρῶν

2021 3258 2142 3299 esse
2165 3242 2220 3297 in
2241 3240 2516 3297 tenebris:
2548 3250 2739 3293 verum
2767 3247 2962 3305 magna
2993 3231 3138 3285 inter
3159 3243 3256 3288 eos
3285 3234 3369 3280 est
3394 3225 3605 3279 discre-

2023 3335 2231 3408 pantia.
2269 3332 2450 3389 Veluti
2488 3346 2551 3386 ac
2599 3329 2646 3384 si
2699 3335 2857 3398 pater
2889 3324 3162 3398 quispiam
3216 3318 3416 3373 haheat
3467 3313 3606 3371 duos

2025 3406 2187 3487 lilios.
2219 3425 2368 3479 hunc
2399 3423 2681 3494 pusillum,
2711 3419 2949 3473 alterum
2990 3415 3418 3470 adolescentem,
3459 3406 3609 3458 hunc

2023 3518 2248 3590 quidem
2279 3517 2336 3570 in
2365 3514 2535 3568 urbes
2564 3511 2735 3566 mittit
2759 3519 2815 3564 et
2839 3507 3114 3578 regiones,
3133 3500 3392 3572 pusillum
3419 3505 3603 3550 autem

2024 3587 2243 3678 semper
2275 3617 2486 3671 tuetur,
2517 3605 2644 3674 quia
2671 3601 2810 3655 nihil
2841 3607 3022 3669 potest
3051 3608 3230 3665 agere.
3259 3587 3443 3645 Gloria
3468 3587 3602 3648 Deo.

2027 3705 2220 3756 Amen.

2477 3847 2480 3850 -
2523 3807 2808 3865 HOlllLlA
2836 3803 3100 3859 XXXV".

2361 3901 2437 3954 De
2467 3899 2720 3968 paradiso
2758 3905 2807 3948 et
2845 3895 2956 3964 lege
2983 3887 3272 3962 spirituali.

2099 4015 2347 4070 Amicitia
2380 4013 2539 4082 hujus
2564 4009 2770 4072 mundi,
2796 4015 2859 4060 ut
2891 4005 3159 4074 scriptum
3188 4009 3292 4064 est,
3328 3995 3610 4052 inimicitia

2030 4114 2104 4160 est
2132 4105 2228 4158 Dei
2265 4105 2330 4158 ”.
2355 4102 2701 4173 Quapropter
2734 4093 3208 4168 Scriptura'jubet
3238 4101 3612 4157 unumquem-

2036 4214 2146 4268 que
2169 4196 2321 4252 omni
2347 4194 2600 4252 custodia
2625 4193 2922 4249 observare
2948 4175 3043 4244 cer
3073 4199 3234 4241 suum
3275 4183 3341 4249 ³³,
3372 4189 3434 4235 ut
3462 4179 3608 4250 quis,

2031 4290 2183 4346 velut
2214 4288 2554 4360 paradisum,
2576 4296 2913 4341 conservans
2935 4281 2990 4335 in
3014 4271 3082 4334 eo
3111 4276 3368 4340 verbum,
3399 4272 3620 4327 fruatur

2032 4381 2227 4452 gratia,
2252 4395 2355 4435 nec
2377 4378 2568 4433 audiat
2594 4381 2909 4444 serpentem
2944 4372 3092 4452 intus
3117 4384 3174 4424 se
3199 4366 3604 4437 implicantem,

2034 4449 2091 4528 et
2146 4472 2529 4528 consulentem
2561 4483 2683 4538 quae
2725 4449 2994 4534 voluptati}
3023 4460 3357 4524 inserviunt,
3387 4473 3453 4512 ex
3510 4470 3617 4526 qua

1960 4543 2009 4604 υ
2035 4563 2288 4621 nascitur
2319 4559 2606 4618 iracundia
2638 4557 2706 4612 ad
2755 4553 3124 4611 fratricidium
3158 4547 3618 4608 committendum

2037 4649 2622 4723 adigens,etmoritur
2665 4645 2848 4702 anima
2877 4645 3136 4715 pariens;
3184 4654 3378 4696 verum
3430 4635 3621 4692 audiat

2039 4746 2336 4802 Dominum
2381 4743 2702 4798 dicentem:
2753 4737 2952 4794 Curam
2996 4735 3178 4789 habete
3205 4732 3330 4800 ﬁdei
3368 4746 3432 4785 ac
3488 4727 3618 4794 spei,

2044 4853 2072 4892 e
2105 4837 2289 4908 quibus
2320 4831 2677 4905 proﬁciscitur
2706 4829 2958 4893 charitas,
3013 4834 3062 4881 et
3110 4824 3206 4878 Dei
3254 4831 3304 4876 et
3350 4821 3621 4876 hominum

2044 4945 2255 4994 amans,
2291 4942 2409 4998 qute
2435 4926 2601 4980 vitam
2632 4932 2891 4978 aeternam
2917 4920 3164 4990 largitur.
3204 4916 3264 4970 ln
3304 4909 3620 4984 huiusmodi

2043 5017 2366 5090 paradisum
2396 5016 2680 5086 ingressus
2701 5023 2786 5069 est
2804 5012 2939 5074 Noe,
2971 5009 3287 5064 mandatum
3320 5006 3628 5060 observans.

2037 5119 2204 5180 atque
2217 5091 2720 5178 exsequens,atque
2734 5120 2834 5175 per
2849 5101 3174 5156 charitatem
3191 5105 3442 5153 servatus
3455 5103 3540 5150 est
3555 5093 3624 5146 ab

2039 5198 2143 5252 ira.
2174 5195 2335 5252 Hunc
2358 5207 2698 5251 conservans
2718 5191 2995 5247 Abraham
3024 5189 3226 5244 divina:
3242 5186 3366 5243 voci
3408 5185 3626 5240 obtem-

2041 5289 2276 5361 peravit.
2303 5288 2462 5343 Hunc
2502 5285 2824 5342 custodiens
2865 5283 3064 5347 Moses,
3104 5280 3339 5352 gloriam
3391 5277 3447 5332 in
3488 5275 3626 5329 facie

2043 5382 2276 5453 recepit.
2309 5379 2505 5436 Itidem
2535 5386 2594 5436 et
2625 5375 2798 5434 David
2841 5373 2992 5430 hunc
3033 5371 3374 5435 custodiens,
3421 5367 3626 5428 eﬂecit,

355 5477 678 5550 ἐκυρίευενο
719 5476 855 5531 ἀλλά
905 5476 1002 5530 καὶ
1050 5475 1224 5529 Σαοὺλ
1269 5473 1376 5538 ἕως
1421 5466 1482 5525 οὗ
1529 5471 1802 5542 ἐφύλασσε
1850 5471 1922 5543 τὴ

2029 5473 2206 5532 unde
2252 5471 2561 5528 dominium
2620 5469 2678 5524 in
2734 5469 2921 5524 hostes
2966 5465 3204 5536 adeptus
3263 5469 3364 5516 est.
3427 5458 3630 5514 Verum

361 5569 612 5638 καρδίαν,
646 5567 933 5623 εὐωδοῦτο.
979 5567 1111 5621 Ὅτε
1156 5566 1214 5620 δὲ
1258 5565 1342 5630 είς
1387 5565 1544 5628 τέλος
1583 5564 1822 5636 παρέϐη,
1868 5565 1948 5628 είς

361 5660 518 5724 τέλος
550 5659 959 5730 ἐγκατελήφθη.
997 5658 1088 5711 Ἐν
1117 5659 1304 5730 μέτρῳ
1331 5655 1438 5728 γὰρ
1483 5657 1626 5712 κατά
1657 5656 1948 5724 ἀναλογίαν

440 5816 481 5849 ³¹
513 5815 687 5873 lCor.
717 5831 825 5871 xw.
862 5816 916 5870 2.
996 5817 1040 5854 ³³
1063 5816 1176 5871 Jac.
1201 5833 1271 5882 Iv,
1301 5818 1351 5872 4.
1432 5816 1476 5848 ³³
1508 5815 1670 5870 Prov.
1708 5832 1780 5882 Iv,
1808 5815 1896 5870 ‘25.

2053 5567 2218 5621 etiam
2251 5563 2403 5628 Saul,
2437 5562 2684 5634 quandiu
2722 5557 3027 5616 custodivit
3077 5572 3194 5622 cor,
3251 5551 3396 5609 felici
3445 5565 3649 5607 rerum.

2054 5670 2312 5712 successu
2345 5654 2640 5720 utebatur;
2669 5650 2889 5722 quando
2935 5663 3066 5705 vero
3096 5645 3202 5704 sub
3243 5643 3405 5700 ﬁnem
3456 5650 3645 5697 trans»
