3980 6486
417 384 521 452 751

1649 389 1709 446 8-
1751 387 2070 447 MACARII
2105 386 2426 447 IEGYPTII

3555 376 3659 442 75‘)

417 511 640 566 gressus
671 502 778 559 est,
809 492 1030 548 tandem
1061 499 1146 548 est
1175 491 1604 546 circumventus.
1652 490 1815 545 Juxta
1843 506 1992 545 men-

2101 492 2423 562 μετέρχεται
2457 490 2686 545 Ξκαστον
2711 491 2738 544 6
2767 489 2925 557 λόγος
2957 487 3049 540 τοῦ
3075 486 3234 551 Θεοῦ,
3268 487 3398 540 ὅσον
3437 489 3661 556 ἰπικρα-

417 601 602 641 suram
633 587 784 640 enim
806 591 863 640 et
887 597 956 638 ex
978 582 1332 652 proportione
1377 579 1630 650 pervenit
1689 580 1757 634 ad
1787 596 1989 634 unum-

419 692 697 748 quemque
753 675 985 730 verbum
1040 673 1162 740 Dei,
1224 680 1489 742 quantum
1551 670 1677 740 quis
1723 671 1986 739 possedit,

421 777 634 822 tantum
660 765 1037 836 possidebitur
1061 783 1075 819 :
1100 772 1157 818 et
1179 771 1445 833 quantum
1485 761 1614 831 quis
1639 761 1987 826 custodierit,

417 863 634 908 tantum
659 850 1019 907 custodietur.

486 943 554 998 ll.
576 944 872 1012 Propterea
893 941 1185 995 universus
1201 941 1404 994 chorus
1422 947 1732 994 sanctorum
1752 939 1990 1008 prophe-

419 1045 622 1093 tarum.
655 1035 1051 1104 apostolorum,
1078 1042 1133 1086 et
1161 1040 1463 1102 martyrum
1490 1032 1720 1084 verbum
1769 1031 1825 1084 in
1861 1046 1986 1085 cor-

420 1128 585 1180 dibus
614 1127 728 1179 suis
753 1125 1156 1181 custodierunt.
1195 1123 1262 1176 de
1296 1123 1446 1176 nulla
1492 1137 1552 1175 re
1606 1122 1847 1185 solliciti,
1894 1120 1989 1174 sed

421 1215 793 1283 despicientes
834 1221 1053 1266 terrena
1107 1212 1159 1264 in
1219 1211 1473 1263 mandato
1523 1208 1763 1277 Spiritus
1813 1209 1989 1262 sancti

418 1310 860 1372 permanserunt,
895 1300 1162 1368 eligentes
1189 1298 1335 1367 quod
1367 1299 1477 1352 Deo
1511 1297 1743 1366 Spiritui
1776 1308 1990 1367 gratum

421 1398 478 1445 et
504 1391 706 1443 bonum
730 1397 850 1443 erat
874 1405 886 1440 :
907 1404 1016 1441 non
1038 1388 1207 1442 verbo
1232 1388 1348 1440 solo
1366 1395 1460 1440 aut
1477 1387 1788 1456 cognitione
1820 1386 1988 1450 nuda,

420 1480 516 1534 sed
535 1480 703 1532 verbo
719 1488 775 1533 et
791 1494 977 1548 opere,
993 1493 1055 1532 ac
1074 1478 1240 1531 rebus
1261 1477 1421 1546 ipsis:
1445 1493 1543 1546 pro
1563 1477 1770 1531 divitiis
1786 1478 1992 1546 eligen-

419 1581 504 1625 tes
526 1577 929 1640 paupertatem,
968 1583 1066 1637 pro
1093 1569 1264 1637 gloria
1293 1569 1564 1621 honorum
1592 1577 1990 1636 contemptum,

417 1675 520 1730 pro
592 1661 874 1728 voluptate
939 1658 1241 1719 miseriam,
1318 1658 1466 1712 unde
1516 1656 1682 1711 etiam
1748 1672 1851 1725 pro
1912 1657 1993 1711 ira

417 1753 808 1808 dilectionem:
837 1751 966 1806 odio
989 1750 1138 1804 enim
1166 1759 1564 1818 prosequentes
1590 1764 1711 1817 quae
1749 1747 1991 1818 jucunda

419 1852 552 1896 sunt
581 1844 638 1896 in
661 1842 765 1896 bac
779 1842 913 1906 vita,
945 1857 1042 1896 eos
1066 1840 1160 1910 qui
1187 1840 1303 1895 haec
1323 1840 1664 1902 auferebam,
1695 1840 1992 1894 vehemen-

419 1929 529 1983 tius
559 1927 879 1998 diligebant,
915 1939 1172 1996 tanquam
1227 1928 1559 1997 opitulantes
1594 1928 1701 1982 sibi
1746 1929 1812 1982 ad
1873 1944 1992 1982 sco-

418 2034 551 2090 pum
585 2019 986 2088 attingendum,
1014 2019 1280 2089 prohibiti
1313 2035 1343 2073 a
1372 2020 1686 2089 cognitione
1719 2020 1846 2074 boni
1874 2036 1992 2074 ma-

416 2110 602 2179 lique:
636 2124 816 2177 neque
838 2112 986 2163 enim
1046 2109 1222 2164 bonos
1266 2110 1627 2179 repellebant,
1663 2127 1765 2165 nec
1788 2112 1992 2180 impro-

415 2199 520 2254 bos
547 2200 914 2254 accusabant:
946 2214 1042 2255 eos
1063 2215 1256 2254 omnes
1277 2201 1485 2269 legatos
1502 2201 1992 2256 administrationis

414 2291 716 2347 Dominicaa
743 2303 863 2346 esse
891 2290 1288 2346 existimantes.
1316 2292 1587 2356 Quocirca
1628 2308 1756 2362 erga
1802 2309 1993 2350 omnes

416 2379 684 2449 gerebant
733 2380 978 2434 animum
1026 2380 1294 2435 benevole
1352 2382 1633 2436 aﬂ'cctum.
1667 2382 1803 2437 Cum
1839 2385 1990 2436 enim

421 2469 584 2538 128
614 2469 870 2524 audirent
915 2470 1209 2525 Dominum
1254 2472 1560 2527 dicentem:
1619 2473 1907 2534 Remittite.
1942 2483 1992 2528 et

415 2560 714 2615 remittetur
742 2560 882 2614 vobis
914 2561 980 2626 ",
1006 2570 1138 2616 tunc
1174 2563 1268 2631 qui
1301 2579 1358 2616 se
1389 2563 1677 2627 laederent,
1714 2563 1992 2619 beneﬁcos

415 2651 775 2720 reputabant,
805 2654 959 2707 velut
993 2653 1060 2707 ab
1091 2654 1159 2707 iis
1207 2654 1492 2710 consecuti
1530 2656 1874 2709 occasionem
1899 2672 1991 2710 re-

415 2743 843 2799 mittendi.Cum
865 2761 997 2800 vero
1011 2762 1204 2801 rursus
1230 2747 1486 2801 audirent
1509 2747 1992 2814 :Quemadmodum

414 2833 596 2899 vultis,
627 2843 682 2888 ut
713 2837 914 2906 faciant
939 2839 1078 2892 vobis
1109 2839 1361 2902 homines,
1388 2841 1464 2892 ita
1488 2856 1577 2892 vos
1606 2855 1809 2908 quoque
1841 2839 1994 2891 facile

415 2924 524 2979 illis
554 2926 623 2993 ³⁸,
665 2934 797 2982 tunc
821 2943 1041 2997 quoque
1075 2929 1277 2997 probos
1327 2930 1381 2982 in
1417 2930 1758 2984 conscientia
1797 2929 1991 3000 dilige-

416 3017 571 3072 bant.
609 3019 1011 3088 Relinquentes
1037 3021 1184 3074 enim
1213 3036 1364 3074 suam
1399 3022 1692 3092 justitiam,
1725 3030 1782 3074 et
1827 3022 1991 3090 justi-

417 3108 550 3162 tiam
601 3110 700 3164 Dei
741 3120 1072 3179 quaerentes,
1114 3121 1519 3181 consequenter
1568 3113 1902 3167 invenerunt
1938 3122 1991 3166 et

416 3199 743 3254 cbarilatem
767 3202 823 3254 in
843 3216 907 3254 ea
929 3203 1254 3256 naturaliter
1274 3203 1638 3257 reconditam.

489 3315 580 3372 Ill.
607 3315 874 3370 Dominus
904 3317 1049 3372 enim
1075 3333 1198 3371 cum
1222 3318 1394 3372 multa
1443 3319 1510 3372 de
1537 3319 1805 3374 cbarilate
1853 3335 1994 3388 prte-

419 3406 649 3476 ciperet,
678 3407 843 3477 jussit
872 3425 1119 3477 quaerere
1162 3409 1432 3482 justitiam
1482 3411 1614 3465 Dei:
1661 3413 1815 3465 novit
1848 3411 1994 3464 enim

418 3495 565 3550 banc
616 3505 845 3551 matrem
907 3499 1194 3554 charitatis
1270 3514 1412 3554 esse.
1483 3500 1603 3554 Non
1652 3502 1784 3555 licet
1847 3502 1994 3556 enim

419 3589 636 3652 salvari,
665 3589 769 3644 nisi
795 3606 892 3658 per
909 3593 1241 3661 proximum,
1268 3601 1328 3646 ut
1364 3593 1627 3662 praecepit
1661 3611 1672 3644 :
1700 3593 1992 3659 Remittite,

418 3686 467 3730 et
514 3681 808 3733 remittetur
854 3681 1013 3735 vobis.
1062 3681 1186 3736 Hinc
1228 3691 1315 3736 est
1372 3683 1458 3736 lex
1508 3683 1833 3751 spiritualis,
1872 3700 1995 3754 qua:

419 3769 474 3822 in
509 3770 771 3825 cordibus
798 3770 1051 3826 ﬁdelibus
1081 3773 1362 3835 scribitur,
1409 3775 1874 3842 complementum
1911 3775 1997 3828 ni-

417 3860 620 3914 mirum
664 3862 865 3931 prioris
919 3863 1074 3933 legis.
1119 3863 1239 3917 Nou
1291 3863 1451 3928 enim,
1505 3865 1703 3934 inquit,
1755 3867 1871 3919 verti
1925 3866 1995 3919 ad

419 3951 792 4004 destruendam
832 3951 1020 4022 legem,
1050 3953 1142 4006 sed
1180 3963 1236 4006 ut
1273 3954 1568 4024 compleam
1599 3956 1664 4008 '°.
1695 3955 1815 4021 Quo
1862 3971 1995 4025 ergo

416 4050 579 4109 pacto
614 4041 926 4112 impleatur,
956 4045 1338 4112 accipe.Prior
1359 4047 1443 4100 lex
1463 4055 1680 4115 sumpta
1702 4048 1995 4102 occasione

417 4131 784 4188 benedicendi
817 4133 890 4197 ei,
925 4135 1019 4202 qui
1052 4142 1396 4203 peccaverat,
1427 4135 1628 4190 fortius
1660 4135 1996 4190 condemna-

416 4218 498 4271 vit
543 4234 694 4283 eum,
751 4220 846 4289 qui
901 4221 1062 4275 laesus
1108 4231 1211 4277 est.
1265 4221 1331 4276 In
1379 4239 1502 4292 quo,
1559 4225 1760 4292 inquit,
1779 4225 1994 4292 judicas

417 4308 669 4373 alterum,
723 4311 779 4370 in
823 4322 959 4364 eote
997 4313 1171 4381 ipsum
1207 4314 1524 4369 condemnas
1562 4331 1580 4368 :
1623 4316 1676 4370 in
1725 4332 1828 4385 quo
1875 4333 1996 4370 vero

420 4401 660 4463 remittit,
708 4404 1031 4456 remittettur
1081 4404 1129 4456 ei
1182 4405 1246 4458 ³⁷.
1305 4405 1383 4460 Ita
1438 4406 1587 4460 enim
1642 4408 1729 4462 lex
1770 4408 1992 4476 inquit:

2093 583 2178 634 τεῖ
2219 599 2324 647 τις,
2355 581 2611 634 τοσοῦτον
2655 581 3054 649 ἐπικρατεῖται,
3089 578 3186 634 καὶ
3220 579 3345 632 ὅσον
3381 577 3662 647 φυλάσσει,

2095 674 2346 728 τοσοῦτον
2373 675 2724 745 φυλάσσεται.

2167 933 2241 986 B'.
2279 931 2378 984 Διὰ
2416 931 2574 985 τοῦτο
2617 934 2724 994 πᾶς
2755 934 2782 984 6
2810 931 2967 1000 χορὸς
2994 930 3103 985 τῶν
3138 930 3310 998 ἁγίων
3351 927 3674 1000 προφητῶν,

2095 1023 2427 1087 ἀποστόλων,
2481 1022 2794 1093 μαρτύρων,
2849 1023 2938 1075 τὸν
2980 1023 3138 1090 λόγον
3175 1025 3231 1075 ὲν
3264 1025 3384 1084 ταῖς
3425 1021 3680 1090 καρδίαις

2096 1113 2272 1166 αὐτῶν
2301 1113 2625 1179 ἐφύλασσον,
2677 1113 2841 1182 μηδὲν
2878 1113 3063 1184 ἕτερον
3098 1112 3493 1181 μεριμνῶντες,
3533 1110 3685 1162 ἀλλὰ

2095 1203 2162 1257 τὰ
2217 1205 2381 1274 γήϊνα
2437 1205 2834 1274 ὑπερορῶντες,
2898 1205 2991 1257 καὶ
3038 1205 3094 1255 ὲν
3153 1204 3338 1272 ἐντολῇ
3368 1203 3459 1255 τοῦ
3511 1203 3686 1269 ἁγίου

2096 1299 2412 1365 Πνεύματος
2451 1295 2795 1372 διαμένοντες
2838 1296 2931 1348 καὶ
2958 1294 3017 1347 τὸ
3050 1294 3142 1347 τοῦ
3176 1293 3488 1363 Πνεύματος
3514 1293 3688 1360 φιλό-

2096 1388 2236 1449 Θεον,
2289 1388 2381 1439 καὶ
2429 1385 2632 1453 ἀγαθὸν
2680 1387 2896 1439 πάντων
2955 1384 3360 1454 προκρίνοντες,
3415 1385 3475 1437 οὐ
3521 1385 3690 1452 λόγῳ

2097 1481 2242 1550 μόνῳ
2265 1479 2297 1549 ἢ
2325 1478 2523 1546 γνώσει
2547 1478 2694 1548 ψιλῇ,
2730 1478 2842 1530 ἀλλ’
2868 1480 2925 1530 ἐν
2951 1477 3095 1548 λόγῳ
3114 1477 3206 1529 καὶ
3234 1477 3376 1547 ἔργῳ
3399 1477 3461 1528 δι’
3487 1476 3694 1528 αὐτῶν

2092 1573 2204 1625 τῶν
2251 1571 2625 1641 πραγμάτων·
2676 1569 2796 1622 ἀντὶ
2828 1567 3060 1621 πλούτου
3102 1568 3343 1638 ἑλόμενοι
3371 1568 3692 1636 πτωχείαν,

2095 1664 2216 1716 ἀντὶ
2249 1662 2406 1730 δόξης
2435 1662 2680 1731 ἀτιμίαν,
2720 1661 2843 1714 ἀντὶ
2894 1660 3087 1732 ἡδονῆς
3116 1658 3505 1729 ταλαιπωρίαν,
3539 1658 3699 1710 ὅθεν

2096 1755 2189 1806 καὶ
2211 1755 2329 1806 ἀντὶ
2354 1753 2450 1805 τοῦ
2491 1752 2661 1822 θυμοῦ
2697 1751 2920 1821 ἀγάπην
2941 1767 2956 1782 ⁸
2990 1751 3273 1821 μισοῦντες
3299 1752 3403 1820 γὰρ
3433 1752 3497 1802 τά
3529 1750 3700 1817 ἡδέα.

2024 1836 2063 1890 Β
2092 1843 2184 1895 τοῦ
2223 1842 2362 1911 βίου,
2393 1843 2520 1905 τοὺς
2551 1842 2986 1912 ἀφαιρουμένους
3016 1842 3154 1895 αὐτὰ
3185 1841 3382 1911 μᾶλλον
3413 1840 3695 1910 ἠγάπων,

2094 1935 2168 1996 ὡς
2192 1933 2589 2004 συνεργοῦντας
2635 1936 2816 1998 αὐτοῖς
2845 1934 2981 2002 πρὸς
3009 1934 3099 1986 τὸν
3141 1934 3358 1995 σκοπὸν,
3392 1932 3697 2001 ἀπεχόμε-

2093 2044 2173 2078 νοι
2208 2025 2302 2078 τοῦ
2334 2025 2623 2096 γινώσκειν
2651 2026 2815 2080 καλὸν
2837 2026 2932 2079 καὶ
2960 2025 3212 2096 πονηρόν.
3247 2023 3381 2077 Οὐτε
3407 2023 3509 2093 γάρ
3534 2025 3702 2086 τοὺς·

2094 2117 2330 2184 άγαΘούς
2390 2118 2672 2187 ἠρνοῦντο,
2733 2115 2854 2170 οὐτε
2918 2117 3044 2179 τούς
3100 2118 3370 2188 πονηροὺς
3415 2117 3690 2186 ᾐτιῶντο,

2095 2211 2300 2271 πάντας
2345 2206 2791 2278 άποκρισιαρίους
2841 2205 2940 2274 τῆς
2983 2205 3318 2274 Δεσποτικῆς
3357 2205 3698 2272 οἰκονομίας,-

2092 2301 2406 2369 ἡγούμενοι.
2432 2299 2572 2367 Πρὸς
2601 2299 2806 2360 πάντας
2831 2295 2924 2350 οὐν
2945 2294 3088 2369 εἶχον
3109 2297 3409 2350 εὐδιάοετον
3432 2295 3696 2350 εὐνοιαν.

2093 2392 2226 2443 "Ore
2257 2391 2364 2460 γάρ
2393 2392 2589 2459 ἤκουον
2627 2389 2720 2442 τοῦ
2767 2389 2996 2458 Κυρίου,
3041 2391 3269 2456 Ἄφετε,
3311 2387 3405 2441 καί
3441 2388 3697 2456 ἀφεθή-

2094 2497 2266 2535 σεται
2299 2481 2456 2549 ὑμῖν,
2481 2482 2601 2533 τότε
2636 2482 2763 2543 τοὺς
2809 2481 3130 2543 ἀδικοῦντας
3174 2480 3459 2549 εὐεργέτας
3490 2479 3697 2545 ἐλογί-

2095 2573 2249 2636 ζοντο
2276 2573 2355 2635 εξς
2391 2573 2583 2640 ἄφεσιν
2611 2572 2824 2641 ἔχοντες
2862 2575 2961 2636 τὰς
2999 2574 3129 2644 παρ’
3164 2573 3342 2628 αὐτῶν
3386 2572 3691 2640 ἀφορμάς

2095 2666 2181 2717 ὅτε
2248 2664 2304 2717 δὲ
2355 2665 2515 2716 πάλιν
2545 2665 2759 2733 ἥκουον,
2819 2665 3021 2730 Καθὼς
3055 2665 3258 2718 θέλετε
3288 2667 3387 2717 ἵνα
3412 2662 3694 2716 ποιῶσιν·

2093 2756 2237 2825 ὑμῖν
2273 2759 2327 2809 οί
2354 2756 2670 2824 ἄνθρωποι,
2712 2755 2808 2809 καὶ
2839 2757 3007 2824 ὑμεῖς
3034 2756 3252 2809 ποιεῖτε
3286 2755 3503 2819 αὐτοῖς,
3543 2754 3690 2806 τότε

2095 2843 2189 2899 καὶ
2234 2848 2361 2910 τοὺς
2391 2848 2632 2914 ἀγαθοὺς
2657 2846 2800 2899 κατὰ
2827 2849 3133 2914 συνείδησιν
3177 2847 3424 2914 ἠγάπων.
3471 2845 3694 2910 Ἀφέν-

2093 2956 2185 3000 τες
2219 2939 2327 3007 γὰρ
2357 2938 2456 3008 τὴν
2486 2937 2835 3008 δικαιοσύνην
2871 2939 3101 3000 ἑαυτῶν,
3147 2939 3239 2990 καὶ
3271 2937 3365 3006 τὴν
3412 2936 3500 2987 τοῦ
3533 2935 3692 2988 Θεοῦ

2097 3028 2443 3098 δικαιοσύνην
2489 3028 2844 3096 ζητήσαντες,
2888 3022 3044 3097 εὖρον
3098 3027 3404 3089 ἀκολούθως
3438 3029 3533 3080 καὶ
3572 3027 3694 3096 τὴν

2098 3120 2321 3187 ἀγάπην
2345 3121 2401 3170 ὲν
2427 3120 2562 3189 αὐτῇ
2599 3117 2738 3170 κατὰ
2770 3117 2928 3185 φύσιν
2959 3117 3439 3188 ὲγκεκρυμμὲνην.

2168 3317 2245 3371 Γ’.
2276 3317 2385 3368 Καὶ
2419 3316 2527 3386 γὰρ
2553 3317 2579 3368 ό
2611 3314 2815 3383 Κύριος
2848 3313 3019 3366 πολλὰ
3047 3314 3175 3383 περὶ
3200 3313 3298 3384 τῆς
3339 3313 3557 3380 ἀγάπης
3584 3314 3692 3365 ἐν-

2098 3408 2438 3477 τειλάμενος,
2499 3409 2598 3476 τὴν
2651 3406 2998 3474 δικαιοσύνην
3046 3407 3294 3462 ἐκέλευσε
3343 3403 3519 3473 ζητεῖν
3578 3405 3692 3456 τοῦ

2095 3499 2262 3552 Θεοῦ·
2309 3498 2556 3570 οίδεῖγὰρ
2598 3496 2800 3565 ταύτην
2846 3499 3055 3568 μητέρα
3091 3497 3187 3566 τῆς
3232 3497 3446 3563 ἀγάπης
3490 3495 3691 3564 ὑπάρ-

2096 3608 2233 3660 χειν.
2295 3591 2409 3642 Οὐκ
2456 3590 2571 3642 ἔστι
2613 3589 2722 3659 γὰρ
2767 3589 2941 3651 ἄλλως
2987 3589 3244 3658 σωθῆναι,
3279 3591 3326 3638 εἰ
3361 3588 3431 3657 μὴ
3459 3586 3545 3637 διὰ
3579 3586 3690 3638 τοῦ

2097 3680 2346 3750 πλησίον,
2398 3679 2580 3742 καθὼς
2625 3680 2946 3743 ἐνετείλατο,
2975 3680 3198 3747 Ἅφετε,
3244 3679 3338 3731 καὶ
3386 3676 3692 3746 ἀφεθήσε-

2095 3788 2189 3824 ται
2235 3771 2400 3839 ὑμῖν.
2443 3765 2609 3833 Οὗτός
2646 3772 2793 3822 ἐστιν
2837 3771 2864 3822 6
2913 3771 3279 3838 πνευματικὸς
3323 3770 3502 3838 νόμος,
3541 3769 3572 3819 6
3616 3769 3687 3819 ἐν

2096 3861 2348 3931 καρδίαις
2377 3863 2596 3922 πισταῖς
2621 3860 2988 3930 γραφόμενος,
3013 3859 3074 3911 τὸ
3107 3859 3379 3929 πλήρωμα
3406 3858 3495 3910 τοῦ
3523 3858 3690 3926 πρὼ-

2095 3970 2188 4005 του
2217 3953 2384 4022 νόμου
2406 3966 2420 3982 ⁸
2457 3954 2577 4004 Οὐκ
2606 3946 2794 4018 ἦλθον
2825 3950 2956 4018 γὰρ,
2996 3949 3148 4017 φησὶ,
3208 3949 3536 4001 καταλῦσαι
3568 3949 3694 4000 rc»-

2099 4044 2307 4109 νόμον,
2337 4041 2498 4095 ἀλλὰ
2535 4038 2872 4107 πληρῶσαι.
2902 4038 3025 4100 Πῶς
3054 4037 3111 4089 δὲ
3151 4037 3470 4108 πληροῦται,
3500 4036 3641 4104 μάθε
3660 4053 3682 4067 ο

2096 4133 2124 4182 6
2154 4130 2373 4200 πρῶτος
2398 4128 2558 4198 νόμος
2595 4128 2682 4187 διὰ
2716 4127 2816 4195 τῆς
2843 4127 3066 4194 εὐλόγου
3093 4128 3346 4196 ἀφορμῆς
3375 4126 3466 4179 τοῦ
3493 4127 3688 4194 ἀμαρ-

2095 4225 2357 4292 τήσειντος
2377 4221 2664 4290 κατέκρινε
2686 4220 3090 4289 περισσοτέρως
3108 4220 3196 4271 τὸν
3210 4219 3547 4288 άδικηθέντα³
3572 4219 3689 4272 Ἐν·

2095 4309 2142 4380 ᾦ
2170 4314 2299 4382 τὰρ,
2322 4314 2452 4382 φησι
2479 4314 2701 4379 κρίνεις
2733 4311 2838 4364 τὸν
2859 4311 3083 4378 ἕτερον,
3115 4312 3374 4364 σεαυτὸν
3404 4311 3686 4378 κατακρί-

2096 4419 2254 4469 νειςο
2287 4403 2357 4455 ἐν
2397 4396 2446 4470 ᾧ
2468 4401 2538 4454 δὲ
2575 4402 2853 4470 ἀφίησιν,
2884 4401 3249 4470 ἀφεθήσεται
3283 4401 3470 4466 αὐτῷ·
3501 4400 3683 4462 οὕτως

418 4485 485 4546 In
509 4487 676 4541 medio
708 4488 898 4562 judicii
921 4489 1209 4559 judicium,
1262 4501 1313 4546 et
1352 4493 1410 4547 in
1464 4494 1634 4548 medio
1675 4495 1992 4554 remissionis

2100 4497 2208 4564 γὰρ
2251 4496 2280 4546 6
2325 4493 2486 4563 νόμος
2534 4493 2702 4561 λέγει,
2758 4493 2900 4547 Ἀνὰ
2933 4492 3132 4562 μέσον
3156 4494 3410 4562 κρίσεως
3456 4493 3676 4560 κρίσις,

419 4577 677 4630 remissio.

485 4687 576 4743 IV.
605 4688 896 4744 Plenitudo
921 4705 1052 4760 ergo
1082 4692 1219 4763 legis
1258 4694 1511 4749 remissio
1558 4703 1662 4750 est.
1715 4695 1990 4751 Caeterum

417 4781 651 4852 priorem
681 4781 846 4852 legem
874 4783 1136 4850 diximus,
1160 4801 1272 4838 non
1302 4787 1449 4855 quod
1477 4787 1622 4842 Deus
1667 4787 1805 4843 duas
1844 4789 1994 4859 leges

416 4875 814 4944 pmscripserit
838 4875 1180 4941 horninibus,
1216 4878 1310 4932 sed
1345 4879 1583 4943 unicam,
1599 4888 1654 4934 et
1677 4881 1899 4950 quidem
1925 4881 1992 4934 il-

416 4963 525 5017 lam
566 4965 907 5032 spiritualem
934 4982 999 5020 ex
1028 4976 1260 5020 natura:
1291 4968 1479 5036 quoad
1507 4968 1814 5023 vindictam
1833 4985 1992 5034 vero,

415 5052 616 5123 justam
647 5052 894 5109 inferens
924 5055 1221 5125 unicuique
1243 5057 1532 5122 ultionem,
1565 5059 1867 5113 remittenti
1905 5075 1998 5113 re-

419 5142 613 5207 mittit,
666 5152 729 5198 et
775 5146 1032 5200 annulum
1069 5148 1382 5202 aemulatur.
1445 5149 1830 5219 Inquitenim:
1864 5150 1996 5205 Cum

420 5232 602 5296 electo.
627 5233 820 5289 electus
855 5239 979 5303 erit,
1008 5247 1055 5290 et
1076 5256 1195 5294 cum
1218 5256 1482 5310 perverso,
1519 5258 1759 5311 pemerse
1780 5260 1903 5313 ages
1927 5245 1994 5298 ³⁸.

420 5320 786 5392 Quapropter,
814 5327 909 5394 qui
940 5328 1304 5396 spiritualiter
1350 5346 1470 5385 eam
1528 5334 1777 5402 implent,
1813 5344 1868 5388 et
1895 5349 1999 5404 pro

423 5411 588 5465 modo
615 5412 915 5483 participes
953 5425 1082 5469 sunt
1109 5418 1316 5485 gratiae.
1349 5434 1457 5472 non
1482 5419 1759 5474 beneﬁcos
1793 5420 1995 5483 solum,

421 5502 515 5555 sed
539 5503 706 5560 etiam
731 5506 1103 5563 conviciantes
1126 5524 1189 5562 ac
1211 5521 1594 5578 persecutores
1610 5512 1866 5582 diligunt,
1887 5513 2001 5582 spiv

424 5591 676 5657 ritualem
691 5595 1018 5656 cbaritatem
1039 5611 1420 5668 exspectantes
1436 5619 1534 5672 pro
1553 5607 2001 5660 remuneratione

2099 4587 2198 4640 καὶ
2226 4585 2343 4639 ἀνὰ
2360 4585 2554 4654 μέσον
2586 4585 2854 4653 ἀφέσεως
2887 4585 3123 4654 ἄφεσις.

2169 4703 2242 4754 A'.
2277 4699 2552 4769 Πλήρωμα
2583 4695 2674 4752 οὖν
2697 4700 2862 4770 νόμου
2911 4701 2942 4770 ή
2989 4700 3181 4769 ἄφεσις
3213 4698 3487 4768 τυγχάνει.
3517 4697 3676 4767 Πρῶ-

2101 4807 2192 4842 τον
2243 4789 2300 4842 δὲ
2348 4789 2513 4857 νόμον
2563 4790 2889 4858 εἰρήκαμεν,
2919 4790 3018 4859 οὐχ
3041 4790 3122 4840 ὅτι
3149 4791 3175 4842 6
3202 4789 3332 4851 Θεὸς
3358 4789 3450 4841 δύο
3483 4789 3680 4856 νόμους

2103 4880 2371 4952 παρέθετο
2393 4884 2503 4943 τοῖς
2527 4878 2856 4948 ἀνθρώποις,
2890 4880 3004 4933 ἀλλ’
3044 4880 3138 4932 ἕνα
3177 4880 3545 4949 πνευματικὸν
3577 4878 3678 4947 μὲν

2103 4971 2245 5026 κατὰ
2281 4970 2464 5041 φύσιν,
2507 4969 2647 5023 κατὰ
2690 4970 2747 5022 δὲ
2778 4969 2876 5039 τὴν
2904 4969 3202 5038 ἐκδίκησιν.
3233 4969 3448 5022 δικαίαν
3483 4967 3676 5034 ἐπιφέ-

2103 5083 2212 5137 ρων
2248 5064 2462 5130 ἑκάστῳ
2493 5062 2591 5131 τὴν
2620 5062 2918 5132 ἐκδίκησιν,
2963 5060 3040 5131 τῷ
3087 5063 3297 5129 ἀφιέντι
3341 5060 3553 5129 ἀφίησι,
3580 5059 3677 5110 καὶ

2098 5152 2178 5224 τῷ
2252 5151 2657 5221 παραζηλοῦντι
2723 5150 3048 5223 παραζηλοϊ.
3117 5151 3255 5218 Φησὶ
3311 5150 3455 5218 γάρ’
3518 5149 3679 5201 Μετὰ

2098 5244 2386 5299 ἐκλεκτοῦ
2420 5242 2705 5308 ἐκλεκτὸς
2736 5242 2872 5310 ἔσῃ,
2918 5241 3013 5295 καὶ
3042 5243 3191 5310 μετὰ
3228 5241 3520 5308 στρεόλοῦ
3549 5239 3677 5290 δια-

2097 5333 2394 5400 στρέφεις.
2429 5331 2525 5382 Διά
2548 5331 2702 5383 τοῦτο
2723 5332 2771 5382 οἱ
2798 5332 3182 5399 πνευματικῶς
3207 5331 3370 5383 αὐτὸν
3399 5330 3678 5382 ἐκτελοῦν-

2097 5441 2210 5486 τες,
2251 5423 2344 5476 καὶ
2370 5423 2647 5490 ἀναλόγως
2678 5426 2778 5493 τῆς
2810 5425 3030 5495 χάριτος
3058 5425 3392 5494 μετέχοντες,
3423 5423 3483 5474 οὐ
3517 5423 3676 5491 μόνον

2099 5517 2226 5579 τοὺς
2264 5516 2712 5584 εὐεργετοῦντας,
2749 5516 2882 5569 ἀλλὰ
2921 5519 3015 5568 καὶ
3043 5517 3168 5578 τούς
3201 5516 3553 5579 ὀνειδίζοντας
3581 5511 3676 5565 καὶ

2099 5605 2393 5668 διώκοντας
2431 5607 2686 5676 ἠγάπων,
2712 5607 2811 5677 τὴν
2853 5605 3228 5675 πνευματικὴν
3275 5607 3516 5675 ἀγάπην,
3554 5605 3675 5656 άντ-

494 5770 539 5814 ξδ
561 5769 694 5838 Luc.
722 5789 797 5841 v1,
827 5775 916 5830 57.
992 5779 1037 5811 "
1060 5778 1249 5838 Matth.
1275 5795 1372 5844 vn,
1402 5779 1486 5836 12.
1562 5780 1606 5812 “
1644 5771 1835 5839 Matth.
1862 5797 1913 5846 v,
1949 5781 2032 5834 l7.
2107 5779 2151 5812 ³⁷
2183 5780 2342 5836 Rom.
2378 5795 2440 5846 ll,
2477 5780 2526 5848 l,
2551 5779 2605 5837 2.
2682 5779 2726 5811 ³⁸
2758 5779 2902 5835 Psal.
2933 5795 3084 5844 xvm,
3120 5777 3208 5832 26.
