3980 6418
224 402 324 466 753

1376 401 1747 466 HOMILIE.
1767 427 1838 438 ’-
1858 402 2048 463 ΗΟΜ.
2085 403 2384 464 XXXVII.

3371 406 3477 470 754

224 516 480 572 αποδοσιν
503 513 846 584 ἐκδεχόμενοι
873 512 982 564 τῶν
1004 511 1261 580 ἁταθῶνο
1294 512 1512 578 ἀγαθῶν
1548 511 1606 564 δὲ
1637 512 1799 580 λέγω,

1915 514 2174 568 bonorum
2206 533 2221 569 :
2258 517 2510 570 bonorum
2543 525 2726 571 autem
2749 516 2894 581 dico,
2937 532 3047 570 non
3079 516 3206 586 quia
3239 516 3476 571 oﬂ'ensas

222 609 321 675 οὐχ
347 607 429 658 ὅτι
457 606 526 658 τὰ
558 603 870 672 ἀδικήματα
890 603 1298 670 συνεχώρησαν,
1329 601 1445 654 ἀλλ’
1478 603 1558 654 ὅτι
1579 603 1672 656 καὶ
1701 602 1799 664 τὰς

223 696 403 765 ψυχὰς
437 694 544 746 τῶν
577 692 906 747 ἀδικούντων
947 692 1339 761 εὺηργέτησαν.
1386 691 1543 744 Οὕτω
1570 693 1676 762 γὰρ
1705 694 1799 744 αὑ-

225 789 352 850 τοὺς
388 785 743 856 παρετίθεντο
765 785 843 857 τῷ
883 784 1023 852 Θεῷ,
1065 785 1137 847 ὡς
1173 784 1241 836 δι’
1276 784 1456 836 αὐτῶν
1491 785 1584 838 τοῦ
1624 803 1800 854 μακα-

228 879 426 949 ρισμοῦ
479 877 820 946 τυχάνοντες,
866 876 1046 937 καθώς
1092 892 1246 944 φησι,
1301 875 1590 944 Μακάριοι
1639 877 1797 940 ἐστε,

228 972 374 1022 ὅταν
413 969 799 1022 ὀνειδίσωσιν
841 967 1020 1036 ὑμᾶς,
1068 967 1166 1020 καὶ
1204 965 1517 1030 ὃιιὲιξωσιν,
1569 969 1666 1019 καὶ
1715 969 1797 1020 ετ-

227 1075 384 1110 πωσι
415 1056 538 1112 πᾶν
578 1058 844 1126 πονηρὸν
864 1057 1028 1126 ῥῆμα
1054 1057 1185 1112 καθ’
1231 1054 1399 1126 ὑμῶν
1445 1056 1804 1124 Ψευδόμενοι

226 1149 436 1201 ἕνεκεν
464 1147 632 1214 ἐμοῦ.

308 1239 379 1290 Ε’.
403 1238 537 1290 Ὑπὸ
573 1239 628 1290 δὲ
658 1237 1028 1306 πνευματικοῦ
1063 1236 1246 1306 νόμου,
1280 1236 1421 1290 οὕτω
1451 1239 1665 1306 φρονεῖν
1697 1238 1804 1290 ἐδι-

228 1328 490 1380 δάσκοντο
511 1346 522 1358 ·
573 1329 955 1397 ὑπομενόντων
984 1328 1092 1398 γὰρ
1119 1327 1319 1391 αὐτῶν,
1353 1328 1448 1380 καὶ
1490 1329 1587 1397 τὴν
1611 1330 1802 1398 γοερὰν

230 1419 515 1488 πραότητα
541 1419 870 1489 τηρούντων.
913 1421 941 1470 ὁ
976 1420 1176 1489 Κύριος
1213 1419 1424 1488 βλέπων
1456 1419 1552 1490 τὴν
1599 1421 1805 1489 ὑπομο-

229 1507 326 1576 νὴν
354 1511 450 1574 τῆς
480 1509 706 1579 καρδίας
749 1510 1180 1578 πολεμουμένης,
1225 1511 1314 1561 καὶ
1351 1511 1448 1577 τῆς
1478 1511 1694 1579 ἀγάπης
1729 1511 1802 1581 μὴ

233 1599 610 1666 ἑξισταμένης,
631 1599 878 1669 διέρρηξε
901 1599 967 1651 τὸ
989 1599 1353 1668 μεσότοιχον
1377 1601 1481 1654 τοῦ
1509 1603 1800 1671 φραῃιοῦ,

232 1691 329 1742 καὶ
378 1689 476 1759 τὴν
528 1689 734 1742 τελείαν
787 1689 988 1760 ἔχθραν
1047 1690 1410 1751 ἀπεϐἀλοντο,
1471 1693 1564 1744 καὶ
1624 1693 1807 1746 οὐκέτι

235 1781 376 1848 μετὰ
406 1781 546 1849 βίας,
569 1780 704 1832 ἀλλὰ
735 1781 872 1850 μετὰ
897 1779 1146 1850 βοηθείας
1176 1777 1318 1850 εἶχον
1342 1783 1440 1851 τὴν
1469 1783 1710 1852 ἀγάπην.
1747 1784 1803 1837 Ὀ

221 1872 340 1941 ,γὰρ
397 1872 598 1942 Κύριος
667 1872 854 1924 λοιπὸν
918 1873 1197 1942 κατείργει
1266 1875 1363 1942 τὴν
1426 1874 1797 1944 στρεφομένην

230 1962 527 2033 ῥομφαίαν,
555 1962 652 2033 τὴν
683 1963 940 2017 κινοῦσαν
983 1964 1109 2025 τοὺς
1143 1964 1454 2032 λογισμοὺς,
1489 1965 1582 2017 καὶ
1621 1966 1806 2034 εἰσήρ-

230 2070 389 2122 χοντο
436 2056 514 2116 είς
550 2054 614 2105 τὸ
662 2055 933 2126 ἐσώτερον
977 2052 1074 2108 τοῦ
1124 2050 1632 2123 καταπετάσματος,
1671 2055 1803 2108 ὅπου

228 2144 534 2215 πρόδρομος
573 2147 711 2218 ὑπὲρ
745 2149 899 2218 ἡμῶν
942 2148 1192 2217 εἰσῆλθεν
1221 2149 1248 2200 ὁ
1283 2147 1486 2216 Κύριος
1513 2165 1526 2176 ⁸

228 2238 481 2307 ιτρῦφων
529 2242 642 2302 τοῖς
670 2243 903 2309 καρποῖς
936 2240 1030 2292 τοῦ
1084 2239 1419 2308 Πνεύματος,
1454 2241 1546 2292 καὶ
1573 2241 1640 2292 τὰ
1676 2241 1801 2308 μὲλ-

225 2327 390 2379 λοντα
423 2331 481 2380 ἐν
510 2328 819 2400 βεϐαιότητι
866 2330 1092 2400 καρδίας
1125 2331 1472 2398 Θεασάμενοι,
1529 2333 1624 2384 καὶ
1665 2331 1806 2385 κατὰ

225 2417 318 2470 τὸν
366 2419 686 2472 Ἀπόστολον
715 2461 728 2480 ,
781 2422 962 2473 οὐκέτι
1014 2423 1070 2472 ἐν
1111 2422 1380 2491 ἐσόπτρῳ,
1420 2423 1513 2474 καὶ
1565 2425 1621 2474 ἐν
1665 2423 1804 2474 αίνί-

225 2526 398 2577 γματι
426 2511 630 2578 ἔλεγον,
670 2514 727 2564 Ἀ
761 2513 1071 2580 ὀφθαλμὸς
1113 2517 1221 2566 οὐκ
1250 2511 1392 2572 εἶδε,
1437 2513 1532 2565 καί
1559 2509 1666 2578 οὗς
1687 2517 1797 2567 οὐκ

223 2599 476 2668 ἤκουσε,
525 2601 624 2653 καὶ
651 2602 748 2653 ἐπὶ
790 2602 1043 2668 καρδίαν
1085 2602 1397 2669 ἀνθρώπου
1446 2604 1557 2655 οὐκ
1597 2605 1801 2669 ἀνέϐη,

227 2692 347 2744 ὅσα
380 2694 708 2760 ’ἡτοίμασεν
737 2697 768 2747 ὀ
799 2693 942 2758 Θεὸς
964 2695 1087 2759 τοῖς
1116 2694 1647 2761 ἀχτιπῶσινειὺτόν.
1669 2695 1805 2747 Ἀλλ’

223 2781 336 2850 ἐγὼ
363 2781 517 2834 τοῦτο
548 2782 856 2850 Θαυμαστὸν
885 2786 1240 2853 ἐπερωτήσω.

294 2873 387 2932 ς’.
431 2871 768 2939 Ἐρώτησις.
814 2875 882 2927 Εἰ
916 2874 1011 2926 ἐπὶ
1049 2875 1300 2941 καρδίαν
1345 2875 1656 2944 ἀνθρώπου
1697 2884 1806 2934 οὐκ

220 2960 430 3026 ἀνέϐη,
461 2961 630 3029 ὑμεῖς
662 2963 814 3014 αὐτὰ
842 2961 967 3027 πῶς
1007 2963 1205 3015 οἴδατε
1225 2981 1238 2994 ·
1285 2965 1552 3033 μάλιστα
1595 2973 1807 3038 ὁμολο-

219 3049 410 3115 γήσαι
428 3069 525 3115 τες
571 3053 642 3104 ἐν
692 3052 820 3117 ταῖς
856 3052 1179 3120 Πρὰξεσιν,
1213 3059 1588 3124 ὁμοιοπαθεῖς
1638 3062 1807 3129 ὑμεῖς

217 3138 375 3196 εἶναι
405 3143 702 3210 ἅνθρωποι
720 3159 739 3206 ;

1579 2149 1673 2200 καὶ
1716 2149 1805 2200 ἐν·

306 3236 668 3302 Ἀπόκρισις.
710 3234 848 3286 Ἀλλ’
882 3227 1126 3303 ἀκούετε,
1165 3238 1218 3290 τί
1264 3239 1397 3309 πρὸς
1444 3239 1608 3293 τοῦτα
1665 3242 1802 3295 ἁπο-

218 3329 470 3394 κρίνεται
501 3327 739 3390 Παῦλος’
791 3329 952 3396 Ἡμῖν
989 3329 1075 3393 δὲ,
1124 3332 1308 3396 φησιν,
1347 3331 1746 3401 ἀπεκάλυψεν
1772 3338 1804 3387 ό

219 3420 369 3481 Θεὸς
415 3417 512 3469 διὰ
539 3417 640 3469 τοῦ
668 3418 1011 3484 Πνεύμιιτος
1049 3419 1237 3471 αὐτοῦ
1267 3435 1277 3447 ·
1302 3420 1366 3472 τὸ
1404 3421 1512 3488 γὰρ
1546 3422 1800 3488 Πνεῦμα,

214 3509 420 3560 πάντα
452 3505 665 3575 ἐρευνᾷ
696 3508 793 3562 καί
818 3510 887 3561 τὰ
909 3508 1071 3574 βάθη
1098 3511 1203 3562 τοῦ
1228 3511 1398 3564 Θεοῦ.
1441 3511 1577 3564 Ἀλλ’
1610 3513 1694 3564 ἵνα
1729 3514 1802 3582 μή

216 3619 305 3663 τις
341 3603 471 3671 εἴπῃ
506 3601 585 3652 ὅτι
626 3602 803 3663 αὐτοῖς
835 3602 992 3668 ἐδόθη
1028 3601 1088 3654 τὸ
1117 3601 1336 3670 Πνεῦμα
1371 3602 1444 3664 ὡς
1469 3604 1803 3666 ἀποστόλοις,

216 3691 420 3758 ἡμῖνδὲ
436 3691 576 3744 κατὰ
606 3690 766 3758 φύσιν
801 3691 1085 3761 ἁχὼρητον
1118 3692 1294 3755 τοῦτο,
1323 3692 1555 3761 ἀλλαχοῦ
1578 3695 1804 3764 ἐπευχό-

219 3796 385 3850 μενος
412 3781 580 3845 λέγει,
597 3779 730 3833 Ἵνα
749 3778 866 3845 δῴη
887 3779 1030 3848 ὑμῖν
1051 3783 1082 3833 ὀ
1102 3781 1245 3844 Θεὸς
1260 3782 1408 3834 κατὰ
1421 3781 1808 3836 τόνπλοῦτον

213 3868 328 3936 τῆς
362 3868 545 3934 δόξης
584 3869 772 3922 αὑτοῦ
805 3868 1068 3937 δύναμιν
1097 3871 1531 3938 κραταιωθῆναι
1566 3871 1661 3926 διὰ
1702 3874 1806 3927 τοῦ

215 3962 569 4030 Πνεύματος
606 3961 793 4016 αὐτοῦ
831 3965 918 4028 είς
944 3962 1052 4014 τὸν
1082 3964 1202 4016 ἔσω
1229 3963 1565 4030 ἄνθρωπον,
1607 3983 1804 4019 κατοι-

213 4071 257 4107 κ
271 4053 410 4121 ἧσαι
429 4051 535 4107 τὸν
550 4054 811 4121 Χριστὸν
836 4054 904 4106 ἐν
922 4053 1044 4119 ταῖς
1067 4054 1336 4122 καρδίαις
1360 4055 1543 4124 ὑμῶν.
1569 4057 1677 4108 Καὶ
1696 4056 1807 4109 πά-

213 4146 307 4202 λιν
332 4161 346 4174 ⁵
399 4145 461 4198 '0
506 4145 574 4198 δὲ
602 4148 816 4214 Κύριος
843 4145 911 4199 τὸ
941 4146 1185 4216 Πνεῦμά
1215 4146 1386 4200 ἐστιν
1405 4164 1419 4178 ·
1461 4146 1614 4202 ὅπου
1641 4148 1709 4202 δὲ
1742 4149 1808 4203 τὸ

212 4241 467 4311 Ιῖνεῦμα
502 4242 745 4309 Κυρίου,
777 4241 906 4296 ἐκεῖ
935 4243 1260 4310 ἐλευθερία.
1308 4245 1417 4296 Καὶ
1439 4244 1620 4311 πόλιν,
1646 4247 1714 4298 Et
1742 4245 1809 4298 δέ

213 4353 314 4400 τις
368 4333 609 4404 Πνεῦμα
652 4333 911 4403 Χριστοῦ
949 4335 1060 4387 οὐκ
1103 4334 1249 4403 ἕχει,
1280 4329 1456 4400 οὗτος
1491 4337 1602 4389 οὐκ
1638 4337 1811 4391 ἔστιν

212 4445 257 4480 a
270 4425 436 4480 ὑτοῦ.

1829 3181 1873 3240 (Σ

1900 607 2255 671 remiserunt,
2298 623 2488 661 verum
2540 609 2670 676 quia
2711 608 2924 662 animas
2950 607 3207 676 iniuriam
3236 606 3480 660 inferen-

1903 698 2038 750 tium
2070 698 2339 751 beneﬁcio
2368 714 2587 768 quoque
2609 699 2929 753 aﬂ'ecerunt.
2959 699 3049 753 Sic
3082 699 3231 752 enim
3259 712 3356 752 eos
3379 697 3478 749 ob-

1903 792 2150 846 tulerunt
2174 791 2305 855 Deo,
2340 808 2402 846 ac
2433 794 2477 846 si
2509 809 2608 862 per
2637 809 2733 847 eos
2765 794 3162 848 beatitudinem
3193 793 3477 846 consecuti

1901 893 2122 945 essent,
2179 885 2643 952 quemadmodum
2693 885 2920 954 inquit:
2973 885 3124 938 Beati
3179 885 3298 937 estis
3359 900 3479 935 cum

1903 972 2275 1026 maledixerint
2310 975 2468 1036 vobis,
2513 983 2559 1026 et
2598 977 2857 1044 persecuti
2891 991 2980 1029 vos
3014 975 3228 1042 fuerint,
3259 983 3305 1024 et
3331 972 3479 1024 diate-

1904 1067 2011 1117 rint
2035 1081 2186 1120 omne
2212 1065 2413 1120 malum
2465 1067 2714 1122 adversus
2754 1085 2864 1132 vos,
2909 1067 3216 1120 mentientes
3268 1073 3482 1134 propter

1904 1174 1985 1210 me
2015 1159 2079 1211 ³⁹.

1975 1249 2038 1303 V.
2067 1248 2110 1302 A
2137 1250 2253 1318 lege
2282 1249 2575 1318 spirituali,
2608 1258 2669 1302 ut
2693 1249 2774 1302 sic
2801 1251 3096 1312 sentirent,
3119 1245 3301 1300 edocti
3326 1250 3478 1297 sunt.

1905 1340 2045 1392 Dum
2077 1339 2224 1394 enim
2261 1340 2532 1407 patienter
2557 1339 2762 1401 ferunt,
2805 1348 2860 1392 et
2889 1337 3057 1390 animi
3103 1332 3483 1387 mansuetudi—

1905 1444 2030 1482 nem
2058 1437 2296 1488 servant,
2333 1427 2599 1481 Dominus
2642 1427 2865 1480 intuens
2918 1423 3238 1494 patientiam
3299 1420 3482 1474 cordis

1906 1517 2051 1572 bello
2081 1517 2349 1586 oppressi,
2383 1526 2439 1571 et
2460 1517 2730 1570 charitate
2755 1515 2982 1568 minime
3030 1513 3367 1572 labascente,
3394 1509 3481 1561 di-

1908 1610 2020 1662 ruit
2045 1609 2388 1662 interstitium
2425 1610 2669 1661 maceria:
2693 1607 2760 1671 ‘°,
2808 1616 2974 1675 atque
3020 1605 3158 1657 adeo
3204 1602 3481 1670 ingentem

1909 1700 2252 1754 inimicitiam
2298 1701 2652 1768 expulerunt,
2714 1707 2778 1752 ut
2817 1714 2925 1750 non
2969 1695 3203 1763 amplius
3252 1693 3328 1754 vi,
3385 1689 3482 1744 sed

1913 1811 2038 1849 cum
2077 1795 2282 1848 auxilio
2309 1795 2633 1848 charitatem
2654 1793 2756 1848 sibi
2777 1793 3079 1860 subiectam
3097 1789 3351 1841 habeant.
3373 1786 3484 1837 Do-

1917 1885 2098 1939 minus
2127 1884 2275 1939 enim
2304 1884 2535 1953 posthac
2583 1892 2806 1938 coercet
2851 1880 3166 1934 versatilem
3217 1875 3482 1945 gladium,

1909 1977 2242 2030 excitantem
2291 1976 2672 2044 cogitationes,
2714 1982 2770 2027 et
2801 1971 3184 2041 ingrediuntur
3224 1966 3486 2020 inti-riora

1905 2067 2215 2132 velaminis,
2288 2082 2398 2136 quo
2474 2081 2780 2135 praecursor
2874 2079 2973 2131 pro
3042 2060 3204 2114 nobis
3275 2056 3487 2111 introiit

1907 2159 2204 2214 Dominus:
2255 2171 2310 2212 et
2356 2174 2480 2212 cum
2516 2157 2882 2211 delectatione
2918 2154 3183 2206 fruuntur
3212 2149 3487 2203 fructibus

1907 2249 2356 2319 Spiritus,atque
2391 2250 2576 2303 futura
2599 2264 2724 2301 cum
2774 2246 2942 2300 animi
2997 2243 3306 2299 constantia
3350 2255 3485 2294 con-

1911 2342 2262 2409 templantes,
2321 2356 2444 2402 nec,
2500 2349 2558 2392 ut
2622 2341 2914 2408 Apostolus
2979 2337 3074 2397 ait,
3142 2333 3380 2401 amplius
3430 2332 3486 2383 in

1904 2433 2113 2500 speculo
2138 2442 2294 2501 atque
2328 2434 2609 2498 (enigmata
2637 2432 2678 2462 ⁶¹
2713 2439 3017 2485 versantes.
3045 2427 3302 2495 inquiunt
3329 2421 3488 2486 :Qua:

1905 2522 2084 2575 oculus
2117 2539 2220 2574 non
2249 2523 2395 2581 vidit,
2438 2539 2531 2576 nec
2570 2524 2716 2576 auris
2759 2521 2979 2582 audivit,
3016 2535 3109 2570 nec
3153 2518 3206 2569 in
3256 2532 3344 2567 cor
3396 2515 3488 2565 ho—

1906 2615 2061 2666 minis
2089 2613 2461 2676 ascenderunt,
2487 2629 2604 2682 qua:
2631 2613 2952 2682 pra-paravit
2985 2611 3121 2662 Deus
3153 2605 3486 2676 diligentibus

1903 2719 1960 2755 se
1985 2705 2050 2756 ".
2103 2703 2310 2758 Verum
2359 2718 2460 2771 ego
2511 2703 2654 2760 bime
2706 2701 3083 2757 admirandam
3125 2697 3486 2769 quaestionem

1908 2795 2164 2853 movebo.

1977 2888 2070 2942 Vl.
2101 2888 2481 2957 Interrogatio.
2525 2884 2582 2940 Si
2625 2888 2680 2940 in
2711 2903 2801 2940 cor
2832 2885 3056 2938 hominis
3096 2899 3201 2935 non
3243 2879 3491 2934 ascende-

1910 2988 2056 3040 runt,
2090 2996 2176 3032 vos
2212 2995 2316 3046 quo
2340 2990 2492 3048 pacto
2513 2977 2611 3032 illa
2637 2978 2836 3030 nostis:
2869 2977 2956 3045 qui
2980 2975 3211 3028 maxime
3238 2971 3490 3038 conﬁtea-

1909 3073 2037 3124 mini
2070 3073 2123 3123 in
2161 3071 2302 3124 Artis
2338 3086 2355 3123 :
2391 3089 2408 3120 ‹
2453 3070 2546 3123 Vos
2580 3087 2689 3122 esse
2723 3070 2956 3126 homines
2980 3067 3163 3121 iisdem
3199 3081 3315 3118 cum
3346 3063 3492 3117 nobis

1909 3161 2263 3233 affectionibus
2287 3162 2546 3230 subjectos
2587 3162 2672 3212 l‘3?
2703 3179 2721 3210 ι

1990 3253 2148 3323 129
2171 3253 2477 3323 Responsio.
2511 3254 2615 3307 Sed
2645 3253 2852 3316 audito,
2875 3251 3006 3320 quid
3041 3249 3106 3304 ad
3130 3251 3246 3303 haec
3267 3263 3494 3316 respon—

1909 3342 2035 3396 deat
2061 3344 2262 3397 l‘aulus
2283 3363 2294 3398 :
2312 3344 2472 3398 Nobis
2491 3353 2667 3397 autem
2693 3343 2938 3398 revelavit
2964 3333 3102 3396 Deus
3125 3358 3215 3409 per
3238 3339 3498 3406 Spiritum

1907 3452 2082 3490 suum.
2117 3435 2342 3506 Spiritus
2377 3439 2514 3489 enim
2550 3437 2728 3492 omnia
2757 3445 3048 3497 scrutatur,
3079 3437 3239 3487 etiam
3269 3433 3498 3500 profana

1909 3529 2098 3581 ditates
2151 3529 2246 3581 Dei
2266 3527 2329 3581 ⁵⁵⁸.
2370 3529 2571 3584 Verum
2620 3543 2690 3582 ne
2753 3529 2878 3596 quis
2924 3527 3090 3586 dicat.
3122 3526 3255 3593 ipsis
3304 3524 3499 3598 datum

1910 3635 2031 3673 esse
2061 3617 2326 3688 Spiritum
2362 3627 2620 3687 tanquam
2651 3617 2936 3687 apostolis,
2964 3633 2992 3670 a
3034 3617 3194 3670 nobis
3234 3631 3364 3668 vero
3399 3629 3492 3668 se-

1910 3709 2152 3764 cundum
2182 3719 2436 3763 naturam
2464 3707 2855 3777 comprehendi
2902 3708 3006 3760 hoc
3041 3721 3149 3758 non
3190 3719 3371 3772 posse,
3395 3702 3499 3756 ali-.

1910 3797 2034 3851 cubi
2060 3798 2361 3868 deprecans
2395 3797 2502 3850 ait:
2535 3797 2598 3852 Ut
2637 3797 2722 3849 det
2752 3797 2890 3850 vobis
2925 3796 3065 3848 Dens
3091 3796 3252 3864 juxta
3285 3793 3501 3845 divitias.

1909 3888 2090 3958 gloria:
2114 3905 2244 3950 sum,
2267 3896 2325 3941 ut
2355 3888 2666 3955 fortitudine
2699 3887 3110 3940 corroboremini
3142 3887 3193 3938 in
3227 3886 3501 3937 internum

1909 3981 2192 4042 hominem,
2219 3987 2276 4032 ut
2303 3980 2556 4034 inhabitet
2583 3978 2820 4033 Christus
2853 3995 2945 4048 per
2984 3976 3143 4045 ﬁdem
3173 3978 3226 4029 in
3255 3974 3502 4030 cordibus

1910 4071 2178 4126 vestris“.
2212 4071 2279 4126 Et
2308 4086 2527 4126 rursum
2557 4089 2571 4124 :
2607 4071 2863 4122 Dominus
2913 4076 3089 4121 autem
3121 4065 3358 4136 Spiritus
3397 4073 3494 4120 est.

1915 4163 2008 4218 Ubi
2042 4179 2160 4216 vero
2195 4160 2426 4233 Spiritus
2455 4163 2689 4226 Domini,
2718 4163 2787 4216 ibi
2817 4161 3032 4215 libertas
3052 4159 3118 4212 “‘.
3150 4158 3216 4210 Et
3240 4171 3458 4210 rursum
3482 4173 3502 4209 ξ

1910 4253 1967 4310 Si
1997 4256 2112 4325 quis
2140 4271 2261 4308 vero
2290 4252 2548 4322 Spiritum
2580 4253 2777 4308 Christi
2816 4269 2921 4306 non
2971 4249 3147 4317 habet,
3177 4247 3260 4302 hic
3286 4263 3390 4300 non
3424 4254 3506 4304 est

1912 4348 2023 4417 ejus
2041 4347 2110 4401 ".

299 4518 377 4587 Ζέ
408 4515 707 4586 Εὺξὼμεθα
739 4517 919 4570 τοίνυν
950 4517 1044 4572 καὶ
1075 4517 1233 4585 ἡμεῖς
1273 4518 1331 4568 ὲν
1352 4516 1691 4587 πληροφορίᾳ
1713 4517 1805 4570 καὶ

1985 4521 2098 4575 VII.
2133 4520 2504 4576 Obsecremus
2534 4535 2665 4588 ergo
2695 4533 2915 4588 quoque
2947 4533 3048 4572 nos
3083 4519 3138 4572 in
3169 4515 3502 4573 certiludine

215 4611 474 4679 αἰσθήσει
506 4609 828 4680 μεταλαϐεῖν
859 4609 953 4666 τοῦ
973 4609 1126 4676 ἁγίου
1157 4607 1496 4678 Πνεύματος,
1522 4611 1616 4661 καὶ
1649 4610 1805 4662 είσελ-

1918 4612 2044 4667 ﬁdei
2072 4622 2128 4666 et
2157 4627 2345 4676 sensu,
2376 4624 2437 4664 ut
2466 4609 2765 4680 participes
2803 4609 2998 4664 ﬂauius
3037 4609 3279 4677 Spiritus
3303 4605 3500 4668 sancti,

217 4705 336 4756 Θείν
364 4704 485 4755 ὅθεν
535 4702 959 4773 ἐξεληλύθαμεν,
986 4702 1078 4755 καὶ
1107 4700 1200 4754 τοῦ
1234 4700 1424 4754 λοιποῦ
1456 4701 1814 4770 ἀποστραφῆς-

217 4812 315 4847 ναι
346 4796 439 4862 ἀφ’
477 4795 636 4866 ἡμῶν
682 4795 774 4847 τὸν
831 4795 1161 4863 Θυμοκτόνον
1207 4793 1351 4863 ὅφιν,
1405 4793 1499 4845 καὶ
1533 4793 1810 4858 κενόδοξον

215 4885 534 4954 σύμϐουλον
581 4887 640 4939 τὸ
691 4883 917 4955 Πνεῦμα
938 4887 1038 4954 τῆς
1067 4886 1335 4956 μερίμνης
1369 4885 1462 4937 καὶ
1484 4885 1823 4954 κραιπάληςο

214 4978 350 5031 ὅθεν
377 4977 606 5046 βεϐαίως
636 4977 1027 5040 πιστεύσαντες
1066 4979 1164 5039 τὰς
1220 4977 1438 5038 ἐντολὰς
1478 4977 1572 5028 τοῦ
1602 4976 1804 5048 Κυρίου

216 5064 574 5134 φυλάξωμεν,
601 5065 695 5118 καὶ
750 5064 1073 5135 αὐξηθῶμεν
1107 5068 1164 5119 ἐν
1200 5065 1347 5134 αὐτῷ
1378 5067 1465 5129 είς
1490 5065 1680 5131 ἄνδρα
1711 5064 1805 5118 τέ-

215 5160 377 5210 λεον
407 5161 494 5222 είς
519 5156 743 5225 μέτρον
770 5159 1029 5223 ἡλικίας,
1061 5157 1154 5210 τοῦ
1185 5158 1380 5227 μηκέτι
1412 5156 1804 5228 κατακυριεύε-

217 5246 357 5299 ηοαι
378 5250 480 5301 ὑπὸ
510 5250 611 5316 τῆς
633 5249 847 5317 ἀπάτης
865 5249 959 5302 τοῦ
980 5249 1176 5311 αίῶνος
1205 5249 1418 5311 τούτου,
1449 5247 1562 5299 ἀλλ’
1591 5250 1648 5300 ὲν
1673 5249 1812 5316 πλη-

225 5341 460 5410 ροφορία
488 5341 584 5392 τοῦ
619 5341 934 5410 Πνεύματος
961 5338 1133 5406 εἶναι,
1186 5341 1282 5394 καὶ
1315 5342 1390 5410 μὴ
1421 5341 1694 5403 ἀπιστεῖν,
1731 5340 1812 5392 ἔτι

219 5431 325 5484 καὶ
349 5432 423 5492 εἰς
451 5432 806 5501 ἁμαρτωλοὺς
839 5433 1230 5500 μετανοοῦντας
1260 5433 1291 5500 ή
1326 5431 1485 5500 χάρις
1511 5429 1644 5481 Θεοῦ
1669 5429 1816 5481 5660-

215 5524 334 5577 κεῖ.
371 5523 442 5575 Τὸ
464 5523 572 5592 γὰρ
599 5524 738 5576 κατὰ
771 5524 931 5594 χάριν
960 5523 1322 5595 δωρούμενον,
1363 5521 1546 5574 οὐκέτι
1577 5523 1633 5573 ὲν
1667 5537 1814 5592 παρ-

299 5713 347 5775 '_°
376 5717 565 5772 Matth.
590 5736 645 5785 v,
671 5720 758 5773 Η.

834 5722 878 5753 ⁸⁸
907 5722 1106 5790 Ephes.
1139 5739 1200 5783 ιι,
1224 5722 1311 5776 Η.
1387 5719 1430 5752 ⁵¹
1511 5719 1638 5776 Cor.
1678 5735 1800 5787 χιιι,
1836 5718 1923 5774 ιε.

1916 4715 1973 4761 et
2008 4703 2384 4775 ingrediantur
2430 4702 2574 4756 unde
2611 4701 2818 4771 egressi
2873 4716 3100 4755 sumus:
3134 4706 3281 4753 etut
3329 4697 3503 4764 impo-

1919 4811 2128 4852 sterum
2175 4805 2456 4850 avertatur
2502 4811 2533 4848 a
2580 4794 2742 4847 nobis
2794 4807 3023 4861 serpens
3077 4797 3132 4843 et
3182 4786 3506 4842 interfector

1921 4889 2112 4951 animi,
2140 4888 2414 4957 superbus
2439 4894 2495 4941 et
2519 4901 2694 4940 vanus
2736 4883 3039 4943 consultor,
3075 4879 3314 4948 Spiritus
3351 4877 3505 4930 solli-

1912 4981 2176 5036 citudinis
2224 4989 2281 5034 et
2334 4980 2571 5048 crapula:
2601 4996 2614 5030 :
2649 4986 2710 5030 ut
2760 4977 2886 5030 inde
2936 4974 3168 5027 ﬁrmiter
3214 4971 3507 5024 credentes

1916 5072 2171 5126 mandata
2206 5071 2421 5126 Domini
2457 5085 2762 5133 servemus,
2793 5077 2848 5122 et
2875 5081 3191 5121 crescamus
3235 5065 3289 5118 in
3336 5080 3403 5117 eo
3449 5065 3504 5115 in

1912 5166 2084 5218 virum
2139 5163 2444 5232 perfectum,
2502 5163 2556 5214 in
2614 5178 2918 5214 mensuram
2970 5159 3228 5221 natalis“,
3263 5157 3504 5211 neultra

1916 5254 2235 5306 dominetur
2296 5253 2457 5304 nobis
2513 5251 2768 5318 deceptio
2817 5249 2983 5314 huius
3034 5246 3240 5306 saeculi,
3290 5243 3384 5297 sed
3449 5242 3504 5294 in

1913 5341 2243 5396 certitudiue
2295 5339 2418 5393 ﬁdei
2452 5339 2692 5407 Spiritus
2721 5339 2918 5402 simus,
2946 5352 3125 5406 neque
3155 5333 3501 5387 diﬂidamus:

1915 5432 2042 5501 quia
2070 5440 2386 5500 peccatores
2415 5445 2635 5498 quoque
2669 5430 3062 5498 resipiscentes
3083 5426 3255 5496 gratia
3283 5425 3377 5477 Dei
3406 5423 3502 5474 be-

1919 5522 2116 5576 nevole
2139 5519 2392 5590 suscipit,
2417 5519 2573 5589 Quod
2598 5520 2745 5574 enim
2771 5535 2872 5591 per
2903 5518 3134 5589 gratiam
3164 5515 3419 5578 donatur,
3448 5511 3502 5565 id

2000 5716 2046 5749 ’δ’
2076 5719 2244 5774 ICor.
2281 5736 2337 5784 ιι,
2365 5720 2418 5774 9.
2455 5719 2499 5752 "
2573 5719 2696 5775 Act.
2730 5735 2842 5784 xw,
2868 5717 2955 5773 15.
3026 5716 3114 5772 “I
3149 5713 3274 5771 Cur.
3323 5729 3380 5780 tt,
3418 5711 3500 5770 lO.

2573 5719 2696 5775 Act.
2730 5735 2842 5785 xw,
2868 5717 2955 5773 15.

224 5787 277 5828 υ
313 5786 517 5869 Ephes.
545 5805 623 5856 ιιι,
662 5791 744 5858 16,
784 5790 869 5849 17,
947 5786 990 5824 ί·
1018 5793 1062 5848 ll
1084 5791 1215 5848 Cor.
1257 5807 1334 5858 ιιι,
1365 5792 1451 5846 l7.
1527 5790 1571 5822 "
1605 5792 1805 5848 Roma

1929 5792 1984 5856 9.
2059 5788 2105 5822 "
2137 5790 2338 5866 Ephes.
2367 5806 2441 5855 tv,
2478 5789 2565 5846 15.
