3980 6428
186 443 294 506 757

196 648 374 719 πήσῃ,
413 647 510 698 καὶ
542 645 810 716 θελήματι
849 648 1180 720 ἐπιτηδεύσῃ
1201 665 1216 678 ·
1247 650 1308 703 τὸ
1328 650 1386 702 δὲ
1427 653 1790 724 ὲνεργηθῆναι

192 735 290 789 τὸν
317 735 464 799 νοῦν,
497 734 530 806 ἢ
570 735 860 806 ὑπομεῖναι
885 738 975 791 τὸν
999 740 1186 799 κόπον,
1211 741 1244 810 ἢ
1276 741 1489 795 τελέσαι
1522 745 1581 796 τὸ
1604 744 1786 816 ἔργον,

190 824 227 892 ὴ
263 823 426 891 χάρις
450 820 546 874 τοῦ
579 823 786 892 Κυρίου
836 827 1068 896 παρέχει
1101 826 1179 897 τῷ
1231 827 1522 898 θελήσαντι
1567 833 1663 885 καὶ
1697 850 1790 886 πι-

201 915 510 967 στεὺσαντι.
553 915 627 968 Τὸ
668 915 760 968 οὖν
794 915 1004 988 θέλημα
1036 921 1130 972 τοῦ
1173 922 1464 992 ἀνθρώπου
1482 923 1558 987 ὡς
1611 925 1790 994 παρά-

195 1021 393 1066 στασις
419 1006 753 1076 ὑποστατική
790 1024 804 1039 ·
846 1009 920 1078 μὴ
956 1012 1224 1080 παρόντος
1244 1014 1301 1067 δὲ
1333 1013 1656 1085 θελήματος,
1672 1016 1792 1070 οὐδὲ

193 1095 359 1157 αὐτὸς
385 1097 412 1146 6
439 1095 570 1158 Θεός
589 1114 640 1148 τι
674 1100 836 1162 ποιεῖ,
859 1099 1062 1171 καίπερ
1087 1102 1405 1173 δυνάμενος,
1440 1105 1529 1158 διὰ
1555 1105 1616 1158 τὸ
1654 1107 1790 1159 αὺτ-

195 1184 463 1248 εξοὺσιον.
506 1185 570 1238 Ἦ
599 1182 691 1239 οὖν
717 1188 1096 1258 τελεσιουργία
1126 1193 1222 1245 τοῦ
1256 1192 1574 1263 Πνεύματος
1635 1196 1693 1248 ἐν
1713 1195 1790 1266 τῷ

198 1276 468 1347 θελήματι
510 1276 606 1330 τοῦ
651 1278 943 1349 ἀνθρώπου
987 1285 1186 1338 κεῖται.
1222 1283 1414 1348 Πάλιν,
1453 1286 1549 1340 ἐὰν
1577 1287 1698 1340 ὅλον
1731 1287 1791 1339 τὸ

203 1366 420 1436 θέλημα
454 1367 655 1436 δῶμεν,
681 1369 802 1423 ὅλον
829 1373 889 1424 τὸ
936 1372 1097 1443 ἔργον
1121 1377 1253 1444 ἡμῖν
1293 1377 1613 1448 ἐπιγράφει,
1661 1378 1793 1431 θαυο

205 1458 412 1526 μαστὸς
433 1459 462 1510 6
495 1459 627 1523 Θεὸς
657 1464 715 1514 ἐν
745 1465 900 1528 πᾶσι,
938 1469 1034 1518 καὶ
1059 1467 1416 1538 ἀπερινόητος
1443 1471 1504 1522 τὸ
1535 1470 1754 1523 σύνολον
1773 1487 1786 1500 ·

200 1548 485 1618 ἄνθρωποι
524 1552 580 1604 δὲ
625 1553 786 1624 μέρος
831 1572 881 1607 τι
927 1556 1036 1609 τῶν
1068 1557 1387 1628 θαυμασίων
1413 1560 1577 1613 αὑτοῦ
1609 1561 1792 1616 λαλεῖν

200 1641 613 1712 ἐπιχειροῦμεν,
655 1647 720 1716 τῇ
768 1646 959 1718 Γραφῇ
1010 1649 1416 1720 ἐπερειδόμενοι
1443 1694 1455 1717 ,
1487 1651 1688 1721 μᾶλλον
1735 1653 1792 1706 δὲ

197 1733 292 1786 ὑπ’
327 1734 502 1802 αὐτῆς
569 1739 1006 1809 συνεταζόμενοι.
1073 1743 1170 1806 Τίς
1222 1745 1331 1811 γὰρ
1357 1786 1371 1802 .
1409 1745 1596 1815 φησὶν,
1639 1747 1793 1814 ἔγνω

197 1827 355 1879 γοῦν
389 1830 649 1895 Κυρίου;
700 1830 862 1895 αὐτὸς
903 1833 960 1886 δέ
1007 1851 1162 1902 φησι,
1213 1835 1482 1902 Ποσάκις
1517 1837 1792 1904 ἠθέλησα

1348 451 1720 514 HOMILI/E.
1745 477 1814 490 —
1836 453 2023 516 HOM.
2063 454 2394 518 XXXVIII.

193 530 574 625 Παραγγέλλει
593 554 707 618 οῦν,
729 555 816 610 ἵνα
843 558 1058 629 πρῶτον
1082 559 1275 631 νοήσῃ,
1305 561 1400 612 καὶ
1427 562 1627 632 νοήσας
1645 562 1786 630 ἀγα-

1904 565 2083 636 ]ιιίιίι.
2125 565 2382 634 Praecipit
2432 565 2622 636 igitur,
2663 575 2724 621 ut
2771 567 3009 637 primum
3066 543 3477 637 cognoscat,.et

3371 459 3478 547 7:33

1893 671 2020 710 cum
2056 656 2327 726 cognorit,
2363 655 2574 726 diligat,
2628 665 2685 712 et
2738 658 3024 711 voluntate
3076 657 3378 713 incumbat.
3409 657 3479 714 Ut

1893 753 2076 800 autem
2109 753 2438 799 exerceatur
2473 760 2653 810 mens,
2685 753 2780 800 aut
2813 746 3063 801 laborem
3118 747 3334 812 toleret,
3382 758 3480 802 aut

1891 853 2032 907 opus
2074 833 2300 905 aliquod
2342 834 2612 904 perﬁciat,
2649 837 2821 905 gratia
2856 837 3077 891 Domini
3116 837 3352 908 largitur
3381 853 3479 893 vo-

1890 928 2028 982 lenti
2078 935 2132 982 et
2180 926 2453 982 credenti.
2485 927 2756 982 Voluntas
2789 944 2922 1000 ergo
2949 929 3190 986 hominis
3215 940 3299 985 est
3326 933 3479 986 velut

1891 1019 2226 1090 adiutorium
2261 1033 2293 1073 a
2317 1026 2517 1073 natura
2560 1017 2822 1072 insitum:
2864 1020 3092 1076 absente
3123 1037 3256 1076 vero
3279 1023 3477 1076 volun-

1893 1119 2026 1175 tate,
2060 1127 2243 1181 neque
2268 1111 2386 1181 ipse
2413 1111 2562 1165 Deus
2599 1111 2884 1180 quidpiam
2915 1123 3198 1182 operatur,
3227 1115 3480 1183 quamvis

1892 1202 2100 1273 possit;
2129 1211 2357 1272 propter
2383 1202 2612 1256 liberam
2647 1203 2907 1257 nimirum
2949 1204 3169 1258 arbitrii
3220 1206 3478 1260 volunta-

1897 1303 2027 1348 tem.
2050 1292 2326 1348 Perfectio
2374 1293 2544 1363 igitur
2587 1293 2772 1362 operis
2815 1291 3076 1362 Spiritus,
3109 1294 3160 1347 in
3194 1295 3479 1349 voluntate

1893 1382 2138 1439 hominis
2191 1384 2296 1439 sita
2344 1393 2450 1439 est.
2506 1383 2766 1449 Rursum,
2809 1383 2856 1438 si
2911 1391 3082 1438 totam
3137 1385 3479 1439 voluntatem

1893 1474 2286 1537 concedamus,
2315 1474 2592 1544 integrum
2625 1490 2764 1544 opus
2798 1473 2962 1529 nobis
2997 1474 3286 1537 adscribit,
3314 1475 3482 1528 mira-

1894 1565 2022 1620 bilis
2056 1566 2148 1620 ille
2177 1566 2324 1619 Deus
2358 1566 2413 1618 in
2443 1565 2726 1627 omnibus,
2757 1572 2814 1619 et
2854 1566 2949 1635 qui
2997 1566 3182 1620 animo
3228 1581 3480 1634 compre-

1896 1653 2063 1709 hendi
2095 1653 2323 1708 omnino
2353 1669 2465 1708 non
2495 1662 2677 1723 potest
2703 1671 2716 1706 :
2757 1668 2859 1708 nos
2907 1653 3161 1709 homines
3188 1670 3320 1709 vero
3351 1670 3481 1725 por-

1895 1747 2199 1801 tiunculam
2229 1747 2468 1815 aliquam
2518 1744 2860 1799 mirabilium
2906 1746 3028 1816 ejus
3072 1745 3354 1813 explicare
3380 1761 3476 1800 eo-

1895 1851 2116 1901 namur,
2153 1833 2440 1903 Scriptura
2477 1832 2612 1896 nixi,
2644 1831 2780 1904 quin
2839 1835 3026 1902 potius
3052 1833 3122 1886 ab
3158 1833 3247 1886 illa
3271 1833 3477 1889 edocti.

198 1918 564 1982 ἐπισυνάξαι
614 1920 688 1974 τὰ
739 1922 922 1976 τέκνα
960 1937 1099 1988 σου,
1137 1927 1234 1979 καὶ
1273 1930 1385 1981 οὐκ
1417 1902 1791 1996 ﬁdes-incure;

1904 1924 2027 1990 Quis
2080 1926 2244 1990 enim,
2295 1924 2392 1988 ait,
2447 1925 2686 1995 cognovit
2734 1941 2946 1978 sensum
3001 1925 3217 1979 Domini
3237 1926 3322 1978 “‘l
3359 1925 3481 1994 Ipse

211 2011 302 2072 Ὠς
332 2013 396 2064 ἐκ
419 2011 612 2065 τούτου
643 2015 940 2079 πιστεύειν,
972 2017 1056 2070 ὅτι
1081 2017 1242 2080 αὐτὸς
1265 2020 1415 2088 ἡμᾶς
1449 2023 1792 2088 ἐπισυνάγει.

216 2099 283 2151 Ἦ
291 2100 407 2168 μῶν
455 2102 511 2155 δὲ
545 2104 706 2173 μόνον
734 2105 1042 2176 παραζητεί
1071 2108 1132 2161 τὸ
1163 2108 1395 2179 θέλημα.
1428 2112 1524 2174 Τίς
1543 2112 1598 2164 δὲ
1627 2113 1660 2183 ἡ
1696 2131 1798 2182 φα-

201 2190 434 2263 νέρωσις
450 2191 543 2246 τοῦ
577 2194 906 2265 θελήματος,
945 2198 994 2250 εἰ
1028 2198 1105 2270 μὴ
1140 2199 1300 2265 πόνος
1331 2201 1616 2266 ὲκοόσιοςς

280 2456 382 2510 IA'.
404 2457 614 2528 Ὥσπερ
643 2458 751 2528 γὰρ
779 2459 998 2530 σίδηρος
1027 2460 1257 2531 πρίζων,
1293 2465 1596 2531 ἐκκόπτων,
1623 2485 1796 2540 γεωρ-

203 2547 342 2615 γῶν,
361 2549 770 2617 καταφυτεύων,
795 2552 958 2614 αὐτὸς
979 2553 1076 2622 μὲν
1093 2555 1514 2625 ὑποθλιόόμενος
1533 2560 1794 2627 ἐνδίδωσι,

205 2646 351 2712 πλὴν
383 2643 540 2707 ἄλλος
567 2645 716 2698 ἐστὶν
746 2648 774 2698 6
824 2648 1010 2713 κινῶν,
1058 2650 1154 2704 καὶ
1194 2652 1440 2719 ἐπάγων,
1481 2654 1576 2706 καὶ
1621 2657 1679 2706 ὲν
1717 2654 1794 2724 τῷ

207 2736 571 2806 συντριϐῆναι
601 2737 790 2808 πυρῶν
837 2741 930 2794 καὶ
976 2741 1343 2805 ἀνακαινίζων
1374 2761 1388 2774 ·
1425 2745 1595 2808 οὕτως
1647 2747 1738 2799 καὶ
1770 2749 1799 2800 6

205 2829 496 2900 ἄνθρωπος
530 2828 634 2882 κᾶν
668 2829 917 2901 θλίϐηται
971 2833 1066 2885 καὶ
1118 2837 1283 2906 κοπιᾷ
1318 2837 1686 2907 ἐργαζόμενος
1739 2838 1799 2891 τὸ

206 2922 432 2989 ἀγαθὸν,
465 2922 579 2976 ἀλλ’
603 2925 630 2975 6
656 2925 861 2993 Κύριος
895 2925 1271 2990 λανθανόντως
1302 2930 1359 2980 ὲν
1386 2929 1538 2999 αὐτῴ
1572 2931 1800 3000 ἐργάζε-

207 3031 322 3080 ται,
367 3015 462 3068 καὶ
512 3017 568 3068 ὲν
596 3015 674 3086 τῷ
708 3018 969 3070 κοπιᾶσαι
998 3018 1097 3071 καὶ
1136 3020 1506 3091 συντριϐῆναι,
1537 3026 1636 3091 τὴν
1667 3040 1800 3094 καρ-

206 3105 330 3159 δίαν
363 3107 676 3177 παρακαλεῖ
703 3110 796 3161 καὶ
822 3111 1183 3178 άνακαινίζει,
1225 3113 1410 3176 καθὼς
1451 3115 1545 3168 καὶ
1597 3117 1624 3168 6
1661 3133 1798 3185 προ-

209 3197 390 3266 φήτης
428 3198 600 3266 λέγει,
643 3199 742 3267 Μὴ
792 3199 1242 3272 δοξασθήσεται
1279 3204 1456 3271 ἀξίνη
1502 3205 1650 3259 ἄνευ
1688 3207 1798 3261 τοῦ
1825 3239 1869 3299 C

209 3290 542 3357 κόπτοντος
555 3308 576 3357 ;
608 3293 645 3358 ἢ
695 3295 1086 3360 ὑψωθήσεται
1135 3297 1325 3364 πρίων
1363 3297 1512 3354 ἄνευ
1543 3300 1651 3352 τοῦ

209 3399 430 3448 κοντος
451 3400 471 3446 ;
502 3383 688 3447 Οὕτως
717 3385 772 3438 δέ
798 3387 913 3439 ἐστι
941 3387 1036 3440 καὶ
1091 3390 1171 3450 εἰς
1199 3389 1257 3440 τὸ
1317 3389 1506 3454 κακὸν,
1543 3391 1630 3444 ὅτε
1655 3393 1682 3443 6
1704 3392 1799 3445 ἄν-

212 3473 240 3524 0
252 3491 433 3542 ρωπος
463 3475 729 3530 ὑπακούει
754 3478 846 3529 καὶ
873 3478 1220 3548 ἐτοιμάζεται
1241 3494 1254 3507 ·
1288 3481 1409 3533 τότε
1439 3482 1534 3534 καὶ
1567 3484 1594 3535 6
1630 3483 1800 3536 Σατα-

209 3568 308 3630 νᾶς
343 3566 561 3620 ἐλαύνει
593 3569 687 3623 καὶ
722 3569 1012 3639 παροξύνει
1038 3574 1199 3626 αὐτὸν
1231 3573 1305 3635 ὠς
1342 3576 1370 3627 ό
1407 3574 1608 3646 λῃστὴς
1634 3575 1694 3626 τὸ
1717 3575 1794 3639 ξί-

213 3675 334 3723 φος.
363 3657 575 3728 Σιδήρῳ
615 3660 671 3712 δὲ
700 3662 1114 3731 παρεικάσαμεν
1144 3663 1241 3734 τὴν
1285 3664 1533 3734 καρδίαν,
1583 3665 1670 3717 διὰ
1702 3666 1802 3735 τὴν

212 3747 578 3816 ἀναισθησίαν
594 3748 700 3801 τῶν
719 3753 1064 3821 πραγμάτων
1099 3754 1194 3806 καὶ
1212 3754 1413 3824 πολλὴν
1439 3756 1800 3824 σκληρότητα.

201 3839 332 3893 Ὀὐκ
362 3839 466 3892 ἔδει
495 3839 551 3892 δὲ
585 3842 732 3910 ἡμᾶς
758 3844 972 3912 ἀγνοεῖν
994 3845 1085 3898 τὸν
1103 3845 1407 3916 κρατοῦντα
1441 3846 1517 3908 ὡς
1547 3846 1806 3914 ἀναίσθη-

202 3948 305 3994 -τος
343 3932 562 4003 σίδηρος
581 3950 596 3966 ο
621 3935 746 3987 ἐπεὶ
764 3936 975 4006 ταχέως
1003 3937 1112 3991 ἀπὸ
1130 3938 1226 3992 τοῦ
1257 3937 1509 4008 γεωργοῦ
1539 3937 1698 4007 λόγου
1723 3940 1804 4002 είς

213 4020 306 4073 τὸν
333 4021 426 4074 τοῦ
464 4024 702 4094 πονηροῦ
752 4027 1012 4094 λογισμὸν
1055 4028 1116 4081 οὐ
1168 4029 1615 4099 μετεπίπτομεν·
1663 4030 1800 4083 ἀλλὰ

219 4112 422 4182 μᾶλλον
445 4115 518 4178 ὡς
544 4116 572 4167 ό
607 4116 734 4185 βοῦς
775 4119 869 4172 καὶ
905 4119 932 4172 6
970 4119 1091 4183 ὄνος
1135 4121 1333 4174 ειδέναι
1381 4121 1473 4174 τὸν
1514 4121 1805 4175 ἐλαύνοντα

215 4203 314 4256 καὶ
334 4203 632 4275 όδηγοῦντα
661 4209 802 4261 κατὰ
819 4209 1060 4265 διάνοιαν
1083 4227 1098 4243 ·
1123 4213 1257 4282 φησὶ
1278 4213 1346 4280 γά
1358 4229 1408 4282 ρ,
1444 4213 1630 4281 Ἔγνω
1649 4213 1806 4279 ,ϐοῦς

215 4294 329 4349 τὸν
368 4295 772 4367 κτησάμενον,
812 4302 912 4355 καὶ
945 4303 1087 4370 ὄνος
1119 4303 1238 4370 τὴν
1263 4303 1504 4373 φάτνην
1552 4305 1659 4357 τοῦ
1697 4322 1803 4358 κυ-

208 4388 352 4456 ρίου
382 4389 588 4454 αὐτοῦ,
621 4390 872 4458 Ἰσραὴλ
898 4392 968 4446 δέ
992 4411 1070 4463 με
1117 4396 1229 4448 οὐκ
1283 4393 1456 4464 ἔγνω.
1507 4395 1807 4464 Εὐξώμεοα

215 4478 400 4530 τοὲνυν
427 4477 680 4546 δέξασθαι
703 4481 904 4548 γνῶσιν
934 4483 1094 4550 Θεοῦ,
1129 4487 1225 4539 καὶ
1259 4487 1615 4558 πνευματικῷ
1659 4505 1790 4542 παι-

1894 2032 2026 2072 vero
2059 2018 2232 2072 dixit:
2265 2016 2475 2082 Quoties
2519 2017 2660 2072 uolui
2707 2033 3029 2088 congregare
3078 2017 3219 2087 ﬁlios
3267 2027 3404 2082 tuos,
3431 2025 3482 2071 et

1896 2109 2137 2163 noluistis
2156 2110 2235 2162 ‘9?
2256 2109 2444 2178 Itaque
2475 2125 2542 2163 ex
2565 2109 2669 2162 hoc
2702 2109 3019 2173 credamus,
3049 2109 3197 2179 quod
3233 2109 3352 2179 ipse
3381 2125 3482 2163 nos

1895 2210 2194 2271 congregat
2223 2218 2236 2266 ;
2265 2215 2295 2252 a
2334 2199 2495 2253 nobis
2531 2210 2714 2252 autem
2743 2201 2913 2254 solam
2951 2200 3189 2268 requirit
3220 2201 3480 2256 volunta-

1896 2303 2029 2347 tem.
2053 2291 2184 2357 Qua:
2212 2306 2345 2344 vero
2378 2291 2682 2346 voluntatis
2710 2291 2818 2346 erit
2847 2291 3149 2346 deelaratio
3187 2292 3293 2345 nisi
3327 2291 3485 2345 labor

1896 2393 2234 2452 spontaneus
2254 2379 2277 2430 ?

1966 2473 2058 2528 XI.
2097 2471 2572 2540 Quemadmodum
2623 2486 2772 2526 enim
2833 2472 3066 2536 ferrum,
3117 2471 3247 2526 dum
3310 2481 3481 2538 secat,

1899 2569 2124 2633 scindit,
2157 2576 2296 2631 arat,
2324 2567 2554 2636 plantat,
2584 2566 2760 2636 ipsum
2806 2565 3029 2634 quidem
3072 2573 3348 2632 quatenus
3378 2563 3481 2616 im-

1899 2661 2141 2730 pellitur,
2173 2656 2382 2726 aliquid
2418 2655 2690 2726 porrigit:
2724 2640 2867 2709 alius
2899 2665 3080 2709 tamen
3115 2661 3219 2718 est,
3242 2653 3335 2722 qui
3361 2669 3483 2707 mo-

1897 2762 1990 2806 vet
2026 2759 2081 2805 et
2104 2749 2276 2820 agitat
2303 2748 2537 2812 ferrum,
2567 2756 2625 2802 et
2653 2747 2746 2801 ubi
2768 2746 2935 2801 fuerit
2965 2745 3240 2809 attritum,
3274 2745 3485 2799 inflam-

1898 2852 2010 2898 mat
2050 2851 2217 2910 atque
2248 2847 2512 2906 renovat;
2554 2841 2634 2894 sic
2664 2855 2884 2910 quoque
2933 2840 3125 2903 homo,
3184 2839 3312 2893 licet
3357 2853 3485 2907 pre-

1902 2944 2087 2990 matur
2120 2943 2176 2988 et
2208 2934 2445 2998 laboret,
2480 2948 2721 3002 Operaus
2749 2931 2894 3001 quod
2927 2931 3133 2984 bonum
3166 2940 3271 2993 est,
3300 2929 3486 2983 Domi-

1899 3043 2008 3081 nus
2038 3037 2218 3081 tamen
2265 3026 2404 3079 clam
2448 3025 2502 3078 in
2557 3024 2676 3092 ipso
2728 3033 3010 3093 operatur,
3041 3032 3097 3076 et
3131 3021 3261 3076 dum
3297 3021 3486 3074 labore

1901 3118 2236 3190 defatigatur
2280 3125 2337 3171 et
2376 3118 2641 3172 atteritur
2677 3116 2790 3179 ille,
2833 3130 2928 3169 eor
2959 3115 3275 3168 consolatur
3323 3121 3488 3182 atque

1901 3220 2141 3276 recreat,
2170 3220 2229 3264 ut
2258 3226 2480 3280 quoque
2517 3209 2784 3277 propheta
2811 3207 2991 3275 inquit
3018 3224 3030 3259 :
3065 3207 3205 3260 Num
3231 3205 3488 3275 gloriabi-

1903 3315 1992 3358 tur
2032 3305 2229 3358 securis
2275 3304 2473 3373 absque
2520 3299 2836 3353 scindente?
2862 3309 2952 3352 aut
2977 3300 3030 3353 in
3058 3300 3226 3352 altum
3273 3297 3491 3352 tolletur

1901 3413 2051 3450 serra
2093 3397 2206 3450 sine
2236 3398 2475 3448 trahente
2493 3393 2537 3424 ⁵⁸
2561 3391 2585 3444 ?
2609 3391 2815 3445 Eodem
2846 3389 3014 3444 modo
3060 3406 3117 3444 se
3160 3405 3246 3444 res
3271 3404 3490 3459 quoque

1904 3488 2071 3542 habet
2102 3488 2155 3541 in
2187 3485 2592 3541 committendo
2621 3484 2805 3538 malo:
2831 3481 3053 3551 quando
3084 3481 3249 3536 homo
3274 3481 3489 3535 obtem-

1902 3587 2080 3650 perat,
2098 3588 2154 3632 et
2177 3587 2491 3647 promptum
2510 3591 2569 3630 se
2595 3575 2844 3638 exhibet,
2873 3584 2986 3628 tum
3006 3588 3228 3642 quoque
3255 3573 3492 3627 Satanas

1903 3670 2138 3740 impellit
2163 3677 2220 3724 et
2250 3669 2471 3724 exacuit
2502 3668 2679 3732 illum,
2707 3667 2861 3721 velut
2911 3665 3052 3719 latro
3080 3679 3291 3718 ensem.
3322 3663 3491 3717 Ferro
3559 3675 3562 3678 ‘

1902 3770 2085 3817 autem
2140 3759 2570 3816 assimilavimus
2619 3773 2736 3820 cor,
2777 3755 2849 3810 ob
2897 3753 3234 3824 imperitiam
3290 3768 3476 3808 rerum

1902 3865 2286 3920 summamque
2339 3849 2626 3905 duritiem.
2673 3845 2916 3901 Tametsi
2955 3860 3070 3900 non
3118 3843 3354 3898 decebat
3386 3859 3489 3898 nos

1904 3946 2160 4015 ignorare
2209 3958 2360 4007 eum,
2413 3940 2507 4014 qui
2564 3940 2842 4012 gubernat
2901 3953 3028 4004 nos,
3075 3938 3230 3993 velut
3284 3937 3489 3992 ferrum

1904 4053 2069 4092 sensu
2125 4051 2323 4090 carens
2357 4033 2636 4104 (quoniam
2671 4032 2927 4087 celeriter
2955 4029 3023 4084 ab
3044 4029 3300 4100 agricolzc
3323 4028 3492 4082 verbo

1905 4128 1972 4182 ad
1991 4126 2212 4180 malitia:
2234 4125 2630 4195 cogitationem
2660 4138 2770 4176 non
2802 4119 3122 4191 dilabimur)
3147 4137 3161 4183 ;
3187 4118 3282 4174 sed
3310 4119 3494 4188 potius

1906 4218 2076 4274 veluti
2123 4218 2224 4272 bos
2268 4225 2325 4272 et
2355 4215 2543 4270 asinus
2570 4229 2737 4268 nosse
2780 4212 3053 4267 debemus
3083 4225 3232 4275 eum,
3266 4209 3360 4279 qui
3395 4208 3494 4263 im-

1905 4311 2064 4381 pellit
2088 4317 2146 4365 et
2168 4307 2358 4380 dirigit
2379 4322 2480 4377 pro
2515 4305 2716 4361 mentis
2742 4304 3061 4374 agitatione.
3088 4301 3276 4370 lnquit
3300 4301 3448 4355 enim
3477 4320 3489 4354 :

1906 4399 2160 4470 Cognovit
2199 4399 2287 4452 bos
2331 4412 2681 4468 possessorem
2730 4411 2907 4458 suum,
2948 4403 2998 4446 et
3043 4394 3224 4447 asinus
3268 4407 3499 4464 praesepe

1912 4493 2065 4562 131
2083 4491 2284 4546 domini
2325 4491 2448 4554 sui;
2480 4487 2652 4543 Israel
2679 4497 2858 4542 autem
2901 4504 2982 4542 me
3031 4504 3136 4540 non
3179 4485 3494 4558 cognovit".

218 4566 472 4639 δευθῆναι
507 4571 656 4643 νόμῳ
686 4574 767 4637 είς
806 4574 1146 4646 ὑποῦργησιν
1168 4577 1278 4632 τῶν
1313 4580 1484 4648 ἁγίων
1531 4580 1695 4633 αὑτοῦ
1724 4582 1799 4633 ὲν-

1916 4586 2216 4640 Precemur
2248 4581 2417 4652 igitur
2445 4589 2506 4636 ut
2532 4595 2940 4649 consequamur
2985 4579 3352 4650 cognitionem
3376 4578 3494 4640 Dei,

219 4660 412 4723 τολῶν,
437 4662 752 4728 δοξάζοντες
777 4667 1018 4739 Πατέρα,
1051 4669 1148 4723 καὶ
1163 4670 1315 4739 Υίδν,
1346 4672 1441 4726 καὶ
1461 4673 1614 4744 ἅγιον
1638 4671 1812 4726 Πνεῦ-

224 4769 322 4821 μα,
354 4753 435 4818 είς
463 4755 588 4818 τοὺς
611 4756 836 4822 αἰῶνας.
875 4759 1069 4834 Ἀμήν.

790 4976 1034 5030 ΟΜΙΛΙΑ
1063 4978 1201 5032 ΛΗ’.

221 5061 473 5137 Πολλῆς
502 5064 804 5137 ἀκριϐείας
830 5065 929 5137 καί
959 5068 1269 5134 συνέσεως
1300 5071 1469 5137 χρεία
1505 5071 1700 5137 ἐστὶν,
1740 5054 1839 5126 ἐν’

296 5131 376 5209 τῷ
401 5133 721 5209 δοκιμᾴσαι
749 5134 893 5209 τοὺς
917 5131 1814 5209 ἀληθινοὺςᾟριστιανοὺς,καὶ

293 5203 458 5269 τίνες
485 5205 706 5259 ἐκεῖνοί
735 5207 915 5259 εἰσιν.

301 5318 379 5370 A'.
405 5318 598 5370 Πολλοὶ
627 5319 822 5374 δίκαιοι
850 5321 1163 5392 φαινόμενοι
1183 5322 1494 5393 νομίζονται
1522 5319 1813 5397 εἶναιΧρι-

226 5411 458 5471 στιανοὶ,
492 5411 752 5479 τεχνιτῶν
779 5412 837 5465 δέ
869 5412 984 5467 ἐστι
1017 5415 1110 5466 καὶ
1143 5416 1563 5485 πεπειραμένων
1583 5418 1810 5488 δοκιμά-

231 5515 346 5559 σαι,
372 5499 421 5550 εί
460 5499 676 5570 ἀληθῶς
705 5502 755 5553 οἱ
799 5501 1028 5555 τοιοῦτοι
1061 5503 1240 5572 έχουσι
1269 5504 1331 5556 τὸ
1369 5505 1548 5573 σίγνον
1588 5506 1684 5560 καὶ
1714 5507 1813 5579 τὴν

231 5590 420 5643 εἰκόνα
449 5590 544 5644 τοῦ
597 5590 883 5660 βασιλέως.
933 5595 1147 5664 Μήπως
1176 5595 1284 5667 ἄρα
1318 5599 1811 5669 παρακεχάρακται

227 5682 490 5753 τεχνιτῶν
542 5684 702 5753 ἔργα,
747 5685 845 5737 καὶ
903 5684 1245 5757 θαυμάζουσι
1298 5690 1537 5759 τεχνῖται
1587 5691 1681 5743 καὶ
1714 5689 1810 5759 ψέ-

344 5861 391 5898 ⁸³
421 5860 465 5924 Il
493 5861 620 5922 Cor.
653 5881 714 5932 ιι,
739 5864 839 5932 16;
862 5864 1021 5921 Rom.
1053 5881 1128 5926 xl.
1157 5868 1245 5923 54.
1322 5867 1368 5901 ⁸⁸
1405 5867 1539 5924 Luc.
1571 5882 1682 5933 xm,
1726 5867 1792 5921 Si

1904 5867 2066 5922 Iatth.
2101 5884 2214 5934 xm,
2251 5867 2339 5921 57.

1911 4685 1969 4732 et
1998 4676 2054 4730 in
2075 4674 2351 4746 Spirituali
2379 4672 2704 4727 crudiamur
2727 4672 2867 4743 lege,
2896 4671 2964 4726 ad
2989 4671 3319 4740 obsequium
3375 4684 3499 4724 sau-

1910 4776 2126 4823 ctorum
2180 4765 2566 4820 mandatorum
2594 4764 2733 4833 ejus,
2762 4761 3134 4833 gloriﬁcantes
3161 4762 3402 4822 Patrem,
3443 4770 3500 4816 et

1916 4855 2114 4915 Filium
2135 4863 2192 4910 et
2222 4853 2492 4932 Spiritum
2527 4861 2808 4916 sanctum,
2837 4850 2894 4904 in
2918 4849 3139 4905 saecula.
3168 4849 3363 4903 Amen.

2393 4982 2683 5038 IIOMILIA
2725 4981 3014 5036 XXXVIII.

1915 5076 2180 5134 Accurato
2209 5075 2414 5145 judicio
2441 5084 2614 5145 atque
2660 5073 2931 5128 intellectu
2955 5088 3084 5141 opus
3107 5080 3184 5145 est
3218 5071 3502 5145 indixer-

2050 5140 2234 5202 nendis
2258 5147 2394 5200 veris
2423 5140 2762 5208 Christianis,
2799 5152 2849 5197 et
2883 5140 3102 5213 quinam
3135 5143 3241 5197 sint
3273 5140 3372 5196 illi.

1988 5324 2030 5378 1.
2062 5322 2214 5377 Multi
2245 5320 2337 5390 qui
2369 5319 2503 5390 justi
2535 5326 2828 5388 apparent,
2866 5318 3147 5372 habentur
3191 5331 3291 5387 pro
3339 5313 3501 5370 Chri-

1923 5418 2120 5472 stianis
2143 5434 2155 5469 :
2184 5430 2376 5469 verum
2403 5413 2680 5467 artificum
2715 5420 2801 5468 est
2829 5420 2886 5468 et
2907 5412 3210 5482 peritorum
3246 5409 3500 5480 probare,

1922 5522 2054 5562 num
2107 5505 2242 5558 tales
2289 5519 2480 5558 revera
2529 5502 2770 5556 habeant
2829 5501 3050 5571 signum
3101 5509 3160 5554 et
3210 5497 3501 5568 imaginem

1920 5599 2065 5667 regis
2091 5635 2108 5661 ,
2138 5611 2207 5649 an
2255 5593 2487 5649 forsitan
2531 5593 2847 5647 adulterino
2883 5592 3154 5661 impresso
3183 5590 3339 5659 signo
3369 5601 3501 5642 cusa

1918 5691 2031 5746 sint
2080 5687 2360 5743 artiﬁcum
2414 5701 2608 5757 opera,
2655 5700 2726 5740 an
2772 5683 3118 5739 admirentur
3147 5681 3409 5749 artiﬁces,
3445 5688 3504 5736 et

2451 5866 2496 5900 ⁵⁸
2531 5865 2630 5921 Isa.
2666 5880 2720 5930 χ,
2752 5862 2835 5918 I5.
2911 5863 2959 5898 ⁸⁸
2991 5860 3094 5917 Isa.
3126 5875 3164 5925 ι,
3189 5858 3244 5915 2.
