3980 6420
556 377 664 440 759

1790 384 1852 444 S.
1893 385 2216 445 MACARII
2257 385 2582 446 EGYPTII
3675 390 3757 452 760

560 486 990 556 reprehendant.
1033 484 1089 543 Si
1123 505 1255 544 vero
1287 489 1566 544 defuerint
1613 491 1870 557 artiﬁces,
1912 510 2021 547 non
2049 512 2133 564 po-

2245 514 2452 566 γουσιν.
2501 498 2625 550 Ἐὰν
2650 497 2706 550 δέ
2737 497 2814 567 μὴ
2844 491 2946 551 ὦσι
2977 499 3238 567 τεχνῖται,
3279 499 3350 548 οὐ
3380 496 3610 558 δύνανται
3648 499 3763 553 δοκι-

559 586 748 631 terunt
786 577 1009 646 probari
1062 578 1238 633 dolosi
1291 579 1688 634 fabricatores:
1723 584 1980 650 quoniam
2034 585 2136 653 ipsi

558 682 779 736 quoque
802 676 1003 736 gerunt
1032 667 1282 722 habitum
1307 684 1525 734 eorum,
1575 670 1668 740 qui
1708 671 2007 724 solitariam
2059 674 2140 725 vi-

557 770 668 812 tam
705 769 874 829 agunt
923 769 1018 814 aut
1045 760 1507 816 Christianorum.
1542 761 1758 816 Etenim
1792 764 2137 834 pseudoapo-

557 851 684 904 stoli
719 866 816 919 pro
847 849 1068 905 Christo
1097 852 1470 920 patiebantur,
1498 861 1553 906 et
1604 853 1705 921 ipsi
1737 855 2140 911 annuntiabant

557 956 786 1011 regnum
841 944 1128 996 caelorum.
1185 943 1529 1014 Quapropter
1583 945 1761 1014 inquit
1802 946 2135 1015 Apostolus:

557 1031 621 1085 In
659 1033 906 1101 periculis
935 1037 1213 1104 copiosius,
1243 1037 1294 1088 in
1331 1037 1690 1105 afﬂictionibus
1719 1055 1882 1106 supra
1907 1040 2136 1105 modum,

555 1124 611 1176 in
633 1127 926 1178 carceribus
977 1127 1435 1180 abundantius":
1469 1129 1663 1182 volens
1723 1130 2035 1197 ostendere,
2082 1149 2138 1187 sc

555 1216 734 1284 plura,
770 1232 930 1286 quam
964 1217 1089 1287 ipsi,
1121 1234 1340 1286 passum
1373 1234 1514 1272 esse.

627 1307 692 1360 ll.
727 1311 935 1362 Aurum
972 1309 1131 1364 facile
1176 1311 1496 1379 reperitur;
1541 1313 1852 1382 margaritae
1901 1331 2036 1370 vero
2083 1327 2141 1370 et

556 1396 770 1466 lapides
832 1401 1085 1468 pretiosi,
1133 1401 1407 1455 commodi
1467 1403 1534 1457 ad
1595 1403 1849 1459 diadema
1901 1407 2136 1476 regium,

555 1489 739 1542 rarius
785 1487 1183 1556 inveniuntur;
1222 1507 1602 1560 stepenumero
1632 1493 1780 1547 enim
1837 1511 1904 1548 ex
1937 1497 2007 1550 iis
2054 1511 2142 1550 re-

553 1581 760 1648 perias,
785 1581 879 1650 qui
916 1581 1099 1636 minus
1127 1581 1238 1636 sint
1291 1583 1473 1636 idonei
1523 1599 1536 1634 :
1588 1582 1668 1637 sic
1719 1598 1940 1652 quoque
1994 1585 2140 1640 inter

554 1669 930 1732 Christianos.
955 1673 1052 1742 qui
1084 1681 1549 1742 superstruuntur
1583 1689 1801 1728 coronae
1826 1675 2052 1742 Christi,
2080 1687 2138 1731 ut

553 1759 718 1814 socia:
773 1770 1090 1815 sanctorum
1154 1761 1286 1814 fiant
1337 1761 1534 1816 animm
1591 1762 1714 1816 illae.
1749 1762 1933 1818 Gloria
1968 1765 2038 1818 sit
2063 1767 2135 1829 ei,

2250 588 2421 656 μάσαι
2454 587 2581 650 τοὺς
2612 586 2821 651 δολίους
2845 588 3103 658 ἐργάτας,
3146 586 3331 656 ἐπειδὴ
3380 587 3473 638 καὶ
3497 587 3634 638 αὐτοὶ
3674 592 3769 640 ἐπι-

2247 680 2503 748 φέρονται
2532 681 2715 749 σχῆμα
2753 679 3117 749 μοναζόντων,
3153 679 3271 750 ἦτοι
3311 680 3657 748 Χριστιανῶν.
3685 684 3767 732 Καὶ

2248 772 2354 839 γὰρ
2377 772 2426 823 oi
2459 771 2879 839 ψευδαπόστολοι
2901 772 3138 838 ἔπασχον
3163 771 3302 838 ὐπέρ
3315 770 3407 822 τοῦ
3443 771 3677 842 Χριστοῦ,
3697 774 3770 822 καὶ

2249 861 2404 911 αὐτοὶ
2433 859 2849 928 εὐηγγελίζοντο
2892 858 3169 928 βασιλείαν
3221 859 3480 926 οὐρανῶν.
3518 857 3609 908 Διὰ
3647 857 3770 909 τοῦτο

2248 949 2394 1015 λέγει
2433 951 2460 1001 ὁ
2504 949 2846 1012 Ἀπόστολος,
2891 949 2994 1002 Ἐν
3023 947 3328 1012 κινδύνοις
3365 947 3770 1014 περισσοτέρως,

2247 1039 2316 1089 ἐν
2355 1041 2641 1106 θλίψεσιν
2660 1042 3151 1107 ὑπερϐαλλόντως
3165 1077 3182 1103 ,
3214 1039 3282 1092 ἐν
3301 1038 3591 1106 φυλακαῖς
3610 1055 3777 1106 περισ-

2247 1129 2531 1197 σοτέρως,
2555 1129 2725 1184 θέλων
2755 1131 2928 1198 δεῖξαι
2967 1132 3049 1185 ὅτι
3079 1131 3266 1184 πλεῖον
3291 1129 3468 1181 αὐτῶν
3494 1129 3667 1184 ἔπαθε.

2320 1306 2401 1360 η’.
2436 1306 2652 1376 Χρυσὸς
2674 1305 2912 1375 εὐχερῶς
2940 1306 3274 1374 εὐρίσκεται’
3297 1305 3622 1375 μαργαρῖται
3646 1305 3779 1358 δὲκαὶ

2247 1398 2384 1450 λίθοι
2438 1399 2612 1464 τίμιοι
2667 1396 3081 1467 προχωροῦντες
3132 1398 3211 1454 είς
3262 1395 3495 1463 διάδημα
3561 1394 3781 1463 βασιλέως

2249 1493 2486 1551 σπανίοις
2540 1490 2914 1560 εὑρίσκονται·
2948 1489 3210 1552 πολλάκις
3242 1489 3349 1557 γὰρ
3398 1486 3456 1551 ἐξ
3497 1487 3663 1539 αὐτῶν
3705 1489 3781 1562 οὐχ

2248 1585 2594 1650 εὑρίσκονται
2629 1581 3066 1652 προχωροῦντες.
3103 1579 3290 1642 Οὐτως
3317 1581 3412 1633 καὶ
3434 1583 3483 1632 οἱ
3509 1579 3783 1648 Χριστιανιὶ

2247 1673 2724 1743 ἐποικοδομοῦντες
2763 1675 2841 1737 είς
2875 1673 2966 1725 τὸν
3017 1673 3276 1742 στέφανον
3314 1672 3407 1724 τοῦ
3450 1671 3690 1737 Χριστοῦ,
3717 1670 3784 1721 ἵνα

2248 1766 2496 1818 κοινωνοὶ⁸
2530 1766 2795 1832 γένωνται
2823 1764 2932 1817 τῶν
2965 1763 3134 1831 ἁγίων
3155 1766 3211 1815 αί
3242 1765 3411 1833 ψυχαὶ
3440 1765 3652 1815 ἐκεῖναι.
3675 1763 3783 1824 Δόξα

558 1852 652 1921 qui
701 1867 875 1921 usque
907 1851 1047 1906 adeo
1080 1852 1276 1906 dilexit
1309 1854 1548 1907 animam
1587 1853 1749 1918 hanc,
1796 1864 1851 1909 et
1897 1871 1999 1925 pro
2052 1858 2133 1910 illa

2245 1859 2322 1926 τῷ
2346 1857 2518 1920 οὕτως
2551 1858 2898 1926 ἀγαπήσαντι
2939 1855 3036 1926 τὴν
3080 1855 3258 1926 ψυχὴν
3298 1854 3524 1924 ταύτην,
3558 1855 3645 1907 καὶ
3671 1854 3784 1922 ὑπὲρ

556 1955 752 2010 passus
800 1951 904 2010 est,
959 1953 1014 1998 et
1053 1946 1343 1998 suscitavit
1393 1961 1514 1998 eam
1565 1962 1594 1999 a
1634 1947 1888 2000 mortuis.
1937 1948 2138 2014 Queru-

557 2033 854 2087 admodum
913 2044 1097 2090 autem
1162 2037 1294 2090 Mosi
1351 2039 1601 2092 velamen
1668 2038 2054 2108 imponebatur
2082 2042 2137 2094 in

555 2125 770 2178 vultum
796 2126 862 2190 ",
895 2127 1023 2196 quia
1079 2143 1188 2181 non
1244 2138 1460 2198 poterat
1518 2129 1805 2184 intendere
1855 2130 1910 2183 in
1941 2131 2136 2185 faciem

556 2216 677 2284 ejus
707 2218 981 2286 populus;
1020 2219 1101 2272 sic
1131 2236 1350 2289 quoque
1376 2237 1523 2273 nunc
1551 2220 1706 2274 cordi
1736 2229 1830 2274 tuo
1873 2221 2134 2292 injectum

555 2314 642 2359 est
673 2307 942 2371 velamen,
972 2323 1040 2361 ne
1076 2309 1387 2377 conSpicias
1413 2309 1640 2378 gloriam
1696 2309 1815 2364 Dci.
1869 2310 1970 2366 Ubi
2004 2327 2137 2364 vero

554 2397 689 2452 illud
721 2399 1176 2465 fueritablatum,
1209 2412 1322 2455 tum
1357 2413 1584 2473 apparet
1625 2411 1683 2458 et
1734 2404 2049 2459 manifestat
2079 2421 2137 2459 se

555 2489 733 2560 ipsum
761 2489 1114 2556 Christianis,
1147 2503 1204 2548 et
1232 2494 1591 2565 diligentibus
1638 2509 1718 2558 se,
1751 2503 1806 2549 et
1853 2494 2136 2564 inquiren-

553 2585 702 2638 tibus
735 2585 786 2638 in
814 2586 1067 2651 veritate,
1093 2598 1152 2641 ut
1181 2588 1290 2642 ait:
1320 2586 1675 2656 Manifestabo
1717 2587 1765 2641 ei
1813 2603 1894 2640 me
1938 2589 2133 2658 ipsum,

552 2687 602 2730 et
634 2679 959 2732 mansionem
986 2680 1128 2750 apud
1151 2697 1266 2734 eum
1289 2681 1486 2752 faciant
1503 2682 1569 2734 δ’.

621 2876 713 2931 lll.
760 2877 1174 2932 Contendamus
1221 2893 1355 2948 ergo
1410 2878 1683 2933 accedere
1737 2877 1805 2932 ad
1853 2877 2136 2933 Christum

548 2969 826 3024 mendacii
850 2980 1133 3038 expertem
1175 2979 1237 3024 ut
1274 2986 1685 3038 consequamur
1711 2969 2135 3040 promissionem

545 3069 608 3116 et
655 3076 856 3116 novum
908 3069 1322 3122 testamentum,
1355 3061 1500 3130 quod
1538 3063 1825 3118 renovavit
1872 3063 2139 3116 Dominus

548 3169 651 3222 per
679 3168 900 3208 crucem
939 3160 999 3206 et
1028 3161 1281 3215 mortem,
1313 3153 1558 3206 effractis
1609 3153 1784 3222 portis
1843 3152 2045 3206 inferni
2082 3160 2137 3205 et

548 3243 796 3312 peccati;
856 3259 980 3298 cum
1030 3243 1311 3297 eduxisset
1364 3244 1578 3298 animas
1633 3243 1847 3306 ﬁdeles,
1905 3244 2135 3297 donavit

541 3332 758 3388 eisdem
812 3332 1046 3387 interius
1097 3333 1468 3399 Paracletum,
1519 3341 1686 3402 atque
1734 3333 1954 3388 reduxit
2012 3334 2136 3386 illas

549 3423 606 3476 in
661 3438 888 3492 regnum
928 3438 1110 3488 suum.
1152 3423 1270 3478 Una
1304 3439 1438 3492 ergo
1474 3439 1600 3478 cum
1635 3424 1727 3477 illo
1771 3438 1872 3478 nos
1913 3438 2135 3492 quoque

547 3531 864 3585 regnemus,
892 3514 948 3569 in
976 3515 1285 3571 Jerusalem
1308 3516 1531 3570 civitate
1555 3517 1694 3585 ejus,
1721 3515 1776 3569 in
1798 3516 2008 3570 cmlesti
2033 3516 2136 3571 Ec-

540 3607 737 3669 clesia,
781 3608 839 3662 in
889 3609 1058 3664 choro
1115 3619 1435 3663 sanctorum
1484 3608 1828 3678 angelorum.
1866 3608 1970 3674 Qui
2001 3624 2134 3664 vero

544 3700 781 3753 fratrum
812 3700 976 3771 longo
1008 3709 1252 3770 tempore
1289 3700 1578 3756 exercitati
1628 3710 1685 3754 et
1726 3701 1946 3770 probati
1979 3709 2132 3768 sunt,

543 3790 603 3845 1ιὶ
631 3800 861 3860 possunt
890 3791 1123 3846 rudibus
1149 3793 1432 3861 suppetias
1464 3791 1610 3846 ferre
1639 3800 1697 3846 et
1726 3792 1989 3862 compati.

614 3971 703 4026 ιν.
731 3970 964 4037 Quidam
989 3973 1137 4026 enim
1166 3972 1480 4026 munientes
1527 3987 1590 4027 se
1617 3971 1787 4041 ipsos,
1811 3981 1867 4026 et
1896 3986 1928 4026 a
1957 3973 2134 4042 gratia

543 4064 642 4118 Dei
669 4063 944 4133 imprimis
971 4065 1183 4132 agitati,
1216 4064 1353 4118 adeo
1393 4063 1734 4119 sanctiﬁcata
1763 4065 2010 4120 membra
2034 4081 2132 4121 sua

541 4163 890 4224 repererunt,
921 4165 980 4209 ut
1017 4155 1420 4220 existimarent,
1453 4171 1568 4209 non
1599 4156 1945 4226 contingere,
1981 4167 2043 4210 ut
2075 4157 2132 4212 in

538 4243 1030 4300 Christianismum
1061 4245 1222 4300 cadat
1249 4246 1564 4315 cupiditas;
1598 4246 1694 4300 sed
1727 4262 1824 4301 eos
1850 4248 2133 4316 possidere

543 4345 785 4390 mentem
811 4336 1053 4391 sobriam
1097 4345 1156 4392 et
1194 4346 1438 4402 castam;
1473 4346 1529 4391 et
1568 4337 1750 4407 quoad
1791 4339 2003 4409 reliqua
2050 4340 2136 4394 in-

520 4429 808 4483 teriorem
831 4428 1110 4484 hominem
1140 4429 1382 4498 pendere
1407 4445 1437 4484 a
1467 4430 1673 4484 divinis
1701 4438 1756 4483 et
1781 4432 2129 4488 caelestibus:

2239 1949 2408 2016 αὐτῆς
2456 1949 2679 2001 παθόντι
2710 1949 2803 2001 καὶ
2849 1948 3216 2018 ἀναστήσαντι
3265 1949 3435 2016 αὐτὴν
3480 1949 3544 1999 ἐκ
3579 1946 3782 2015 νεκρῶν.

2240 2040 2517 2109 Ὠσπερδέ
2541 2040 2615 2109 τῷ
2637 2043 2856 2093 Μωῦσεῖ
2876 2040 3140 2110 κάλυμμα
3167 2040 3450 2092 ἐπετίθετο
3481 2040 3556 2102 είς
3572 2039 3628 2090 τὸ
3648 2038 3785 2107 πρόσ-

2238 2147 2408 2194 ωπον,
2457 2131 2592 2200 πρὸς
2621 2131 2681 2183 τὸ
2728 2132 3082 2201 μὴδύνασθαι
3124 2131 3414 2202 προσέχειν
3436 2130 3513 2200 τῷ
3547 2129 3782 2199 προσώπῳ

2239 2221 2406 2274 αὐτοῦ
2438 2225 2529 2274 τὸν
2577 2222 2704 2275 λαόν
2726 2241 2740 2255 ο
2771 2224 2914 2276 οὕτω
2944 2224 3038 2276 καὶ⁸
3076 2223 3172 2275 νῦν
3201 2224 3293 2274 ἐπὶ
3341 2222 3441 2291 τὴν
3470 2221 3684 2291 καρδίαν
3711 2237 3782 2270 σου

2239 2316 2414 2366 κεῖται
2451 2314 2714 2383 κάλυμμα
2746 2316 2879 2383 πρὸς
2902 2315 2962 2367 τὸ
2995 2315 3068 2384 μὴ
3121 2316 3340 2382 βλέπειν
3389 2315 3488 2384 τὴν
3532 2314 3679 2377 δόξαν
3712 2309 3783 2364 τοῦ

2238 2406 2396 2458 Θεοῦ.
2440 2407 2608 2458 ’Ὅταν
2639 2407 2694 2459 δέ
2737 2407 3057 2476 περιαιρεθῇ
3099 2406 3277 2469 τοῦτο,
3313 2407 3435 2459 τότε
3479 2405 3784 2473 ἐπιφαίνεται

2242 2497 2335 2548 καὶ
2360 2497 2650 2565 ἐμφανίζει
2681 2498 2870 2548 ἐαυτὸν
2897 2499 3010 2558 τοῖς
3041 2497 3416 2566 Χριστιανοῐς,
3445 2498 3538 2549 καὶ
3563 2499 3665 2557 τοῖς
3687 2496 3788 2562 ἁγα-

2239 2587 2413 2638 πῶσιν
2447 2587 2627 2649 αὐτὸν,
2673 2587 2767 2639 καὶ
2801 2585 3123 2654 ἐκζητοῦσιν
3155 2588 3212 2638 ἐν
3242 2587 3496 2657 ἀληθείᾳ,
3532 2585 3700 2640 καθὼς
3721 2586 3787 2637 λέ-

2238 2696 2342 2746 γει.
2375 2679 2456 2730 ὅτι
2489 2679 2824 2746 Ὲμφεινίσω
2845 2678 3003 2743 αὐτῷ
3031 2678 3314 2747 ἐμαυτὸν,
3345 2680 3441 2732 καὶ
3467 2678 3660 2748 μοι-ἡν
3679 2676 3787 2743 παρ’

2239 2769 2400 2834 αὐτῷ
2431 2770 2685 2834 ποιήσω.

2309 2879 2378 2933 l".
2403 2879 2800 2950 Σπουδάσωμεν
2817 2880 2908 2934 οῦν
2927 2881 3242 2951 προσελθεῖν
3253 2883 3330 2951 τῷ
3343 2883 3571 2952 ἀψευδεῖ
3584 2885 3623 2936 Χ
3634 2879 3788 2950 ριστῷ,

2241 2972 2327 3025 ἵνα
2359 2973 2614 3042 τύχωμεν
2662 2974 2758 3043 τῆς
2780 2973 3135 3040 ἐπαγγελίας,
3159 2975 3254 3027 καὶ
3285 2975 3389 3044 τῆς
3422 2976 3614 3044 καινῆς
3641 2973 3792 3040 διαθή-

2244 3079 2368 3129 κης,
2394 3065 2460 3133 ἣν
2492 3062 2832 3115 ἀνεκαίνισεν
2864 3065 2891 3118 ὁ
2913 3062 3120 3134 Κύριος
3151 3063 3239 3116 διὰ
3269 3065 3510 3135 σταυροῦ
3540 3067 3631 3119 κο.)⁸
3657 3063 3793 3116 θανά-

2239 3168 2331 3204 του
2361 3150 2662 3222 διαρρήξας
2688 3150 2863 3214 πύλας
2897 3150 3050 3222 ᾅδου,
3082 3152 3178 3205 καὶ
3225 3153 3510 3222 ἁμαρτίας
3531 3168 3546 3184 ·
3593 3153 3678 3204 καὶ
3727 3149 3794 3211 ἐξ·

2239 3241 2460 3309 αγαγὼν
2485 3244 2581 3305 τὰς
2610 3242 2808 3306 πιστὰς
2855 3241 3058 3314 ψυχὰς,
3110 3243 3204 3297 καὶ⁵
3260 3244 3382 3306 δοὺς
3447 3245 3634 3308 αὐταῖς
3677 3241 3794 3294 ἔνδον

2239 3335 2617 3405 παράκλητον,
2641 3336 2736 3388 καὶ
2763 3336 3063 3402 ἀνενέγκας
3095 3337 3175 3398 είς
3196 3335 3296 3399 τὴν
3328 3335 3608 3406 βασιλείαν
3637 3333 3791 3386 αὐτοῦ.

2236 3427 2773 3497 Συμὸασιλεύσωμεν
2794 3427 2885 3480 οὐν
2907 3427 3058 3498 αὐτῷ
3089 3429 3184 3481 καὶ
3212 3430 3370 3499 ἡμεῖς
3403 3431 3489 3492 είς
3512 3427 3606 3498 τὴν
3632 3425 3796 3494 Ἰερουο

2237 3516 2418 3588 σαλὴμ
2447 3517 2547 3588 τὴν
2586 3517 2744 3570 πόλιν
2764 3516 2954 3578 αὐτοῦ,
2985 3519 3063 3580 είς
3093 3518 3191 3587 τὴν
3221 3520 3552 3585 ἐπουράνιον
3595 3515 3795 3578 Ἐκκλη-

2235 3611 2382 3672 σίαν,
2429 3611 2510 3672 είς
2556 3609 2646 3663 τὸν
2679 3610 2838 3680 χορὸν
2871 3609 2978 3662 τῶν
3015 3609 3189 3677 ἁγίων
3229 3609 3504 3675 ἀγγέλων.
3541 3610 3602 3661 Ui
3645 3606 3694 3658 δὲ
3725 3603 3797 3655 ἐπὶ

2237 3701 2409 3755 πολὺν
2439 3699 2631 3770 χρόνον
2662 3701 3068 3770 γυμνασθέντες
3093 3699 3312 3768 ἀδελφοὶ
3347 3703 3448 3752 καὶ
3479 3696 3798 3768 ὃοκιμασθένο

2234 3807 2348 3854 τες,
2387 3786 2528 3844 οὗτοι
2559 3789 2813 3846 δύνανται
2846 3794 2958 3855 τοῖς
2993 3792 3242 3863 ἀπείροις
3266 3791 3560 3861 βοηθῆσαι,
3581 3791 3664 3842 καὶ
3681 3805 3796 3855 συμ-

2235 3882 2500 3951 παθῆσαι.

2306 3977 2379 4029 Δθ.
2411 3973 2570 4038 Τινὲς
2592 3973 2701 4045 γὰρ
2720 3973 3154 4042 ἀσφαλισάμενοι
3181 3972 3408 4033 ἑαυτοὺς
3438 3971 3532 4024 καὶ
3554 3970 3652 4022 ὑπὸ
3670 3967 3800 4037 χάριο

2234 4080 2324 4126 τος
2354 4061 2490 4115 θεοῦ
2515 4061 2902 4132 ἐνεργηθέντες
2941 4061 3216 4131 μεγάλως,
3249 4061 3428 4124 οὕτως
3463 4057 3617 4130 εὗρον
3640 4060 3702 4111 τά
3725 4056 3800 4126 μέ-

2235 4153 2302 4224 λη
2336 4155 2514 4208 αὐτῶν
2561 4154 2898 4226 ήγιασμένα,
2945 4153 3086 4206 ὥστε
3130 4152 3448 4222 λογίζεσθαι
3493 4155 3698 4216 αὐτοὺς,
3732 4151 3797 4202 ὅτι

2235 4247 2296 4300 οὐ
2328 4247 2620 4317 συμϐαίνει
2659 4249 2737 4309 είς
2760 4247 3191 4316 Χριστιανισμδν
3225 4247 3478 4315 γίνεσθαι
3511 4245 3796 4315 ἐπιθυμίαν,

2236 4338 2372 4390 ἀλλά
2403 4338 2699 4408 κέκτηνται
2747 4337 2872 4391 νοῦν
2909 4337 3163 4408 σώφρονα
3197 4339 3291 4390 καὶ
3341 4338 3540 4405 ἁγνὸνο
3589 4339 3677 4390 καὶ
3703 4335 3796 4386 ἐστι

2236 4426 2421 4480 λοιπὸν
2447 4430 2475 4481 ὁ
2531 4427 2640 4481 ἐσω
2683 4427 2971 4499 ἄνθρωπος
3013 4429 3286 4499 μετέωρος
3331 4431 3411 4492 είς
3469 4431 3536 4484 τὰ
3583 4429 3693 4481 θεῖα
3722 4425 3797 4476 καὶ

541 4530 606 4574 ut
649 4522 874 4575 omnino
902 4522 1284 4578 existimarent
1333 4522 1495 4576 talem
1545 4523 1659 4592 jam
1705 4522 1775 4577 ad
1826 4523 2133 4593 perfectum

2241 4522 2562 4592 ἐπουράνια,
2603 4520 2744 4574 ὥστε
2783 4522 3003 4584 πάντως
3037 4521 3256 4590 νομίσαι
3300 4521 3393 4574 τὸν
3438 4521 3676 4575 τοιοῦτον
3714 4516 3797 4586 ήδη

540 4612 864 4680 pervenisse
889 4612 1141 4682 gradum,
1194 4613 1441 4683 quicum
1482 4623 1725 4683 putaret,
1766 4615 2043 4685 appulisse
2072 4631 2130 4671 se

533 4705 645 4772 jam
705 4704 774 4759 ad
834 4715 1056 4774 portum
1127 4706 1532 4775 tranquillum,
1596 4705 2017 4764 insurrexerunt
2078 4708 2131 4762 ei

537 4798 759 4861 ﬂuctus,
792 4805 855 4850 ut
887 4797 1072 4852 denuo
1119 4799 1378 4851 inventus
1412 4797 1484 4850 sit
1531 4797 1586 4852 in
1619 4797 1802 4851 medio
1828 4798 2030 4868 pelagi,
2066 4798 2132 4852 il-

535 4887 738 4957 lucque
768 4888 1006 4950 delatus,
1031 4889 1123 4942 ubi
1159 4904 1330 4951 mare,
1356 4889 1555 4941 caelum
1588 4898 1644 4941 ct
1673 4903 1821 4941 mors
1839 4899 2126 4959 prompla:

535 4980 675 5035 adeo
700 4993 988 5051 peccatum
1026 4982 1336 5048 ingressum
1382 4980 1717 5050 produxerat
1748 4997 1968 5035 omnem
2010 4997 2127 5035 ma-

537 5073 646 5126 lam
689 5073 1072 5142 cupiditatem.
1108 5073 1343 5127 ltursum
1368 5089 1502 5127 vero
1541 5073 1696 5137 tales,
1731 5073 1914 5142 aliqua
1951 5073 2126 5145 gratia

537 5164 687 5232 digni
727 5164 925 5228 habiti,
952 5165 1109 5234 132
1141 5175 1217 5230 et,
1251 5173 1311 5218 ut
1360 5166 1435 5220 ita
1477 5165 1678 5229 dicam,
1705 5182 1772 5220 ex
1804 5166 1915 5220 imo
1957 5167 2126 5220 maris

533 5255 810 5327 profundo
829 5257 1062 5326 guttulis
1081 5257 1413 5326 quibusdam
1442 5259 1686 5320 irrorati,
1706 5259 1993 5328 reperiunt
2017 5259 2126 5313 hoc

535 5347 716 5416 ipsum
753 5349 984 5419 singulis
1003 5349 1179 5414 horis,
1212 5350 1554 5420 singulisque
1585 5351 1782 5405 diebus
1810 5360 1917 5404 tam
1941 5351 2121 5404 admi-

533 5438 762 5493 randam
813 5439 1193 5508 operationem
1231 5441 1372 5501 ﬁeri,
1405 5450 1466 5494 ut
1488 5440 1581 5509 qui
1615 5450 1877 5511 operetur
1905 5441 1976 5495 oh
2006 5441 2127 5494 ino-

535 5526 801 5595 pinatam,
837 5529 1186 5599 peregrinam
1240 5539 1298 5584 et
1347 5529 1590 5584 divinam
1639 5530 1989 5587 elfectionem
2025 5531 2126 5586 ob-

535 5624 822 5690 stapescat
855 5629 912 5677 et
950 5621 1279 5688 admiretur,
1326 5639 1434 5694 qua
1483 5625 1696 5680 ratione
1741 5624 2006 5696 deceptus
2036 5625 2130 5680 sit.

2240 4615 2540 4683 ἐφθακέναι
2567 4615 2649 4678 είς
2674 4614 2742 4667 τὰ
2764 4613 2944 4667 τέλεια
2973 4613 3166 4684 μέτρα.
3185 4614 3295 4666 Καὶ
3317 4613 3391 4676 ὡς
3414 4614 3633 4684 ἐνόμιζε
3659 4625 3800 4681 προσ-

2239 4705 2531 4776 ηγγικέναι
2562 4707 2663 4776 ἤδη
2701 4706 2779 4775 τῷ
2829 4707 2988 4776 εὐδίιρ
3019 4706 3224 4774 λιμένι,
3268 4707 3646 4775 ἐπανέστησαν
3673 4697 3799 4765 αὐτῷ

2237 4793 2528 4861 κλύδωνες,
2586 4794 2727 4848 ὥστε
2758 4795 2922 4847 πάλιν
2963 4794 3254 4864 εὑρεθῆναι
3301 4796 3380 4856 είς
3430 4794 3492 4846 τὸ
3540 4793 3693 4864 μέσον
3723 4786 3796 4839 τοῦ

2237 4888 2531 4954 πελάγους,
2557 4889 2651 4940 καὶ
2693 4888 3068 4958 είσενεχθῆναι
3112 4888 3244 4938 ὅπου
3283 4888 3315 4955 ἡ
3347 4886 3613 4949 θάλασσα,
3647 4884 3789 4948 οὐρα-

2240 4980 2350 5044 νὸς,
2403 4982 2498 5032 καὶ
2532 4981 2763 5044 θάνατός
2801 4983 2950 5033 ἐστιν
2983 4979 3218 5049 ἕτοιμος.
3265 4979 3452 5041 Οὕτως
3497 4981 3530 5048 ἠ
3578 4973 3796 5046 ἁμαρτία

2242 5073 2632 5125 ἐπεισελθοῦσα
2688 5072 3090 5142 κατειργάσατο
3144 5073 3325 5124 πᾶσαν
3389 5070 3682 5137 ἐπιθυμίαν
3718 5081 3796 5115 κα·

2243 5167 2346 5235 κήν
2369 5180 2382 5193 °
2415 5164 2572 5228 αὐθις
2594 5165 2650 5218 δέ
2683 5167 2729 5216 οί
2766 5163 3000 5216 τοιοῦτοι
3039 5161 3261 5232 χάριτός
3293 5179 3438 5223 τινος
3481 5149 3795 5223 ἀξιωθέντες,

2243 5261 2358 5320 καὶ,
2420 5257 2612 5326 ὥσπερ
2645 5257 2840 5318 εἰπεῖν,
2877 5255 2985 5308 ἀπὸ
3029 5255 3150 5307 ὅλου
3199 5254 3362 5324 βυθοῦ
3415 5253 3515 5322 τῆς
3553 5248 3795 5306 θαλάσσης

2231 5348 2446 5418 ψεκὰδα
2471 5348 2596 5402 τινὰ
2624 5347 2932 5415 δεξάμενοι,
2968 5346 3465 5419 εὐρίσκουσιν”αὐτὸ
3497 5346 3664 5396 ἐκεῖνο
3694 5335 3792 5390 καθ’

2231 5439 2402 5510 ὤραν,
2439 5441 2534 5493 καὶ
2565 5439 2688 5493 καθ’
2716 5440 2932 5509 ἡμέραν
2953 5438 3223 5510 τοσαύτην
3248 5435 3686 5509 θαυματουργίαν
3725 5445 3793 5495 Τι’

2236 5534 2531 5604 γνομένην,
2555 5533 2698 5586 ὥστε
2730 5533 2821 5586 τὸν
2845 5532 3238 5602 ἐνεργούμενον
3277 5533 3370 5586 ἐπὶ
3408 5534 3471 5602 τῇ
3513 5523 3790 5600 παραδόξῳ.

2238 5625 2334 5679 καὶ
2373 5624 2498 5696 ξένῃ
2523 5625 2618 5678 καὶ
2645 5623 2805 5694 θεῐκῇ
2835 5623 3069 5692 ἐργασίᾳ
3101 5623 3432 5694 θαμϐεἶσθαι
3461 5623 3553 5675 καὶ
3579 5616 3787 5683 ἐκπλήι·

609 5791 654 5824 ³⁷
693 5795 738 5850 ll
759 5794 887 5853 Cor.
916 5813 990 5864 ιι,
1013 5797 1103 5855 25.
1181 5802 1226 5834 ⁵⁸
1247 5802 1420 5859 Exod.
1453 5819 1636 5872 xxxrv,
1658 5806 1748 5872 '53,
1777 5807 1881 5875 35;
1916 5807 1959 5861 ll
1989 5807 2117 5863 Cor.
2147 5822 2223 5873 ιιι,
2250 5806 2336 5862 l5.
2412 5806 2456 5841 "
2490 5807 2645 5864 Joan.
2676 5823 2788 5871 xw,
2822 5805 2914 5870 2!,
2945 5803 3036 5858 23.
