3980 6430
187 382 286 447 761

1256 376 1620 440 ΠΟΜΙΙΛΑΞ.
1653 399 1720 408 -
1756 372 1943 434 ῙΙΟΜ.
1983 373 2254 444 XXXIX,
2301 375 2424 436 XL.

3365 363 3474 428 762

189 496 373 550 τεσθαι
411 496 531 559 πῶς
567 495 850 563 ὲσοφίσθη.
896 493 1120 559 Λοιπὸν,
1150 491 1375 560 φωτίζει
1416 492 1449 561 ἡ
1492 493 1652 561 χάρις
1685 487 1782 538 αὑ-

1906 488 2061 540 ³01·Γο
2107 487 2281 557 gratia
2338 488 2519 556 ipsum
2580 486 2874 547 illuminat,
2907 483 3116 556 dirigit,
3176 482 3468 554 paciﬁcum

189 585 302 647 τὸν,
347 584 558 652 ὁδηγεῖ,
616 582 908 653 εἰρηνεύει,
956 581 1237 650 ἀγαθὺνει,
1300 581 1366 632 τὰ
1417 581 1592 632 πάντα
1646 574 1781 628 οὑσα

193 676 313 730 θεία
362 675 460 728 καὶ
492 675 845 744 ἐπουράνιος·
881 673 1021 726 ὥστε
1066 673 1203 744 πρὸς
1245 669 1531 740 σύγκρισιν
1569 667 1779 720 ἐκείνου

196 767 438 837 βασιλεῖς
463 768 557 820 καί⁵
591 767 881 829 δυνάστας,
921 767 1117 832 σοφοὺς
1141 765 1234 816 καὶ
1271 762 1678 831 ἀξιωματικοὺς
1709 759 1784 820 ὡς

194 860 518 928 ἐλαχίστους
557 858 653 910 καὶ
709 859 945 920 εὐτελεῖς
999 856 1270 926 ἡγεῖσθαι.
1309 854 1460 907 Μετὰ
1495 853 1549 905 δὲ
1593 853 1784 920 καιρὸν

196 954 293 1004 καὶ
322 950 470 1021 ὤραν
496 951 894 1019 μεταϐάλλεται
930 950 998 1002 τὰ
1028 950 1354 1019 πράγματα,
1390 947 1531 1000 ὥστε
1561 946 1619 1010 ἐξ
1651 946 1782 1011 άλη-

200 1044 352 1105 θείας
380 1044 474 1096 τὸν
518 1045 758 1095 τοιοῦτον
807 1042 1000 1096 ἑαυτὸν
1031 1042 1282 1111 ἡγεῖσθαι
1336 1038 1786 1110 ἁμαρτωλότερον

199 1136 420 1187 πάντων
449 1135 784 1204 ἀνθρώπων·
814 1136 907 1188 καὶ
945 1134 1106 1187 πάλιν
1153 1133 1288 1206 ἄλλῃ
1321 1133 1462 1202 ῶρᾳ,
1492 1133 1624 1202 ὁρᾷν
1649 1134 1780 1184 ἑαυα-

198 1227 290 1280 τὸν
316 1221 428 1279 οἷον
459 1216 680 1296 βασιλέα
715 1227 970 1296 μέγιστον
999 1225 1255 1292 ἐξαίσιον,
1283 1225 1314 1295 ἢ
1341 1225 1609 1293 δυνάστην
1637 1224 1788 1291 φίλον

205 1317 505 1388 βασιλέως·
541 1318 701 1371 πάλιν
733 1319 866 1388 ἄλλῃ
915 1317 1033 1389 ὥρᾳ
1074 1318 1262 1371 ἑαυτὸν
1297 1319 1431 1387 όρᾷν
1467 1315 1666 1384 ἀσθενῆ
1697 1317 1789 1367 καὶ

205 1409 441 1478 πτωχόν.
481 1409 682 1462 Λοιπὸν
715 1411 795 1474 είς
821 1409 1134 1480 ἀμηχανίαν
1176 1408 1440 1478 ἐμπίπτει
1468 1409 1496 1460 ὁ
1526 1405 1669 1469 νοῦς,
1703 1406 1791 1459 διὰ

203 1501 461 1565 τίοῦτως,
490 1503 584 1555 καὶ
609 1501 771 1555 πάλιν
799 1500 972 1564 οὑτως
995 1519 1010 1566 ;
1033 1501 1156 1553 Ὅτι
1184 1501 1212 1552 ό
1233 1501 1481 1564 Σατανᾶς
1501 1499 1790 1569 μισόκαλος

205 1593 307 1656 ῶν,
334 1593 405 1644 τὰ
425 1593 637 1664 πονηρὰ
667 1592 960 1647 ὑποϐάλλει
981 1594 1096 1656 τοῖς
1128 1593 1227 1660 τὴν
1258 1591 1461 1659 ἀρετὴν
1493 1590 1793 1660 κατορθοῦ-

208 1700 283 1744 σι,
318 1685 411 1736 καὶ
445 1683 774 1754 ἀγωνίζεται
806 1683 1004 1748 αὐτοὺς
1041 1682 1416 1754 μεταστρέψαι
1440 1698 1454 1712 °
1500 1681 1659 1752 ἔργον
1685 1679 1793 1750 γὰρ

206 1774 322 1845 ἔχει
353 1775 534 1830 τοῦτο.

289 1953 364 2006 E'.
401 1950 566 2004 Ἀλλὰ
625 1951 690 2004 σὺ
738 1949 914 2021 τούτῳ
968 1949 1042 2020 μὴ
1107 1948 1384 2018 ὑποταγῆς
1435 1946 1555 2017 τὴν,
1611 1947 1668 1997 ὲν
1720 1945 1795 2014 τῷ

211 2045 323 2096 ἔσω
354 2041 626 2113 ἀνθρώπῳ
663 2042 1090 2112 ἐπιτελουμένην
1119 2039 1466 2110 δικαιοσύνην
1496 2037 1796 2109 ἐργαζόμε-

208 2152 320 2200 νος,
373 2137 428 2188 ὲν
481 2127 526 2203 ᾧ
562 2135 623 2188 τὸ
668 2134 761 2187 τοῦ
806 2133 1046 2205 Χριστοῦ
1091 2132 1242 2204 βῆμα
1291 2132 1524 2202 ἕστηκεν
1573 2129 1689 2202 ἅμα
1720 2130 1798 2201 τῷ

206 2227 466 2298 ἀχράντῳ
492 2225 856 2296 ἁγιαστηρίῳ,
890 2226 1039 2288 ὅπως
1070 2225 1131 2278 τὸ
1169 2224 1468 2295 μαρτύριον
1489 2221 1590 2292 τῆς
1617 2239 1796 2275 συνει-

208 2319 418 2390 δήσεώς
451 2337 545 2372 σου
577 2321 912 2389 καυχήσεται
960 2321 1017 2370 ὲν
1042 2315 1120 2385 τῷ
1154 2314 1374 2385 σταυρῷ
1406 2313 1498 2369 τοῦ
1536 2312 1795 2384 Χριστοῦ,

207 2410 304 2462 τοῦ
353 2409 756 2481 καθαρίσαντός
805 2427 900 2461 σου
956 2409 1056 2479 τὴν
1104 2409 1410 2477 συνείδησιν
1459 2405 1565 2459 ἀπὸ
1592 2404 1797 2476 νεκρῶν

210 2500 411 2568 ἔργων,
461 2500 549 2552 ἴνα
592 2499 670 2570 τῷ
715 2498 986 2569 πνεύματί
1040 2516 1133 2552 σου
1188 2499 1307 2569 Θεῷ
1350 2499 1676 2568 λατρεύσῃς,
1713 2496 1800 2548 ἵνα

207 2590 358 2658 γνῷς
385 2590 436 2642 τί
475 2593 821 2660 προσκυνεῖς,
851 2588 996 2642 κατὰ
1021 2593 1111 2640 τὸν
1131 2588 1375 2652 εἰπόντα,
1397 2587 1586 2656 Ἡμεῖς
1609 2602 1798 2654 προσ-

208 2701 364 2735 κυνο
376 2683 520 2751 {mar
537 2682 566 2734 ὃ
588 2681 862 2751 οἴδαμεν.
890 2681 1150 2752 Πείσθητι
1170 2681 1246 2750 τῷ
1263 2679 1548 2750 όδηγοῦντί
1581 2699 1639 2733 σε
1658 2677 1798 2747 Θεῷ,

209 2776 600 2845 κοινωνησάτω
628 2777 660 2846 ἠ
694 2775 838 2845 ψυχή
874 2793 968 2828 σου
997 2774 1073 2845 τῷ
1105 2774 1244 2844 Θεῷ,
1269 2775 1344 2837 ὠς
1389 2778 1639 2828 κοινωνεῖ
1663 2775 1798 2845 νύμ-

211 2884 288 2937 φη
316 2866 567 2936 νυμφίῳ*
609 2864 684 2919 Τὸ
731 2868 840 2935 γὰρ
872 2865 1211 2936 μυστήριον
1241 2865 1418 2918 τοῦτο
1460 2867 1616 2935 μέγα
1644 2866 1796 2929 ἐστὶ,

212 2959 401 3028 φησιν,
433 2958 547 3026 ἐγὼ
573 2956 640 3009 δὲ
676 2956 832 3027 λέγω
868 2960 956 3024 εὶς
989 2957 1252 3026 Χριστὸν
1286 2958 1380 3009 καὶ
1411 2958 1489 3018 είς
1518 2959 1615 3027 τὴν
1644 2959 1799 3028 ἄμω-

215 3067 318 3122 μον
353 3049 550 3120 ψυχὴν.
586 3043 654 3121 ᾮ
691 3051 722 3120 ἡ
757 3050 884 3115 δόξα
925 3053 1006 3112 εἰς
1040 3051 1165 3113 τοὺς
1194 3050 1413 3114 αἰῶνας.
1460 3051 1653 3120 Ἀμήν.

802 3168 1043 3220 ΟΜῘΛΙΑ
1087 3168 1210 3221 ΛΘ’.

217 3260 397 3327 Τίνος
433 3261 648 3316 ἕνεκεν
688 3261 868 3329 ἐδόθη
910 3261 1058 3329 ἡμῖν
1085 3263 1205 3314 ὑπὸ
1246 3260 1354 3314 τοῦ
1403 3261 1552 3316 Θεοῦ
1594 3262 1631 3329 ἡ
1677 3260 1801 3314 θεία

893 3333 1138 3401 Γραφιπ

290 3449 370 3499 A'.
403 3444 576 3497 ’Ὣσπε
588 3462 617 3514 ρ
656 3444 906 3514 βασιλεὺς
933 3449 1151 3516 γράψας
1174 3445 1480 3511 ἐπιστολὰς,
1504 3441 1583 3510 οἷς
1615 3444 1801 3514 βούλε-

217 3553 310 3590 ται
358 3537 686 3600 κωδικέλους
739 3540 833 3591 καὶ
885 3539 1094 3610 δωρεὰς
1135 3540 1273 3602 ἰδίας
1320 3539 1670 3610 χαρίσασθαι,
1703 3555 1800 3607 ση-

221 3630 403 3698 μαίνει
432 3631 620 3693 πᾶσιν,
644 3631 727 3683 ὅτι
767 3629 993 3700 Ταχέως·
1022 3630 1416 3686 σπουδάσατε
1435 3631 1636 3685 ἐλθεῖν
1656 3635 1806 3699 πρός

213 3738 312 3790 με,
340 3722 442 3774 ἵνα
470 3720 693 3788 λάϐητε
725 3724 860 3790 παρ’
905 3723 1050 3791 ἐμοῦ
1082 3723 1306 3790 δωρεὰς
1328 3721 1684 3787 βασιλικὰς,
1712 3724 1806 3775 καὶ

219 3816 273 3867 εἰ
326 3815 402 3884 μὴ
449 3815 728 3869 ἀπέλθωσι
780 3815 876 3868 καὶ
919 3815 1192 3878 λάϐωσιν,
1227 3815 1378 3868 οὐδὲν
1421 3814 1802 3885 ὠφελήθησαν,

218 3907 551 3975 ἀναγνόντες
608 3907 707 3970 τὰς
743 3907 1056 3973 ἐπιστολὰς,
1099 3907 1299 3978 μᾶλλον
1329 3908 1386 3960 δὲ
1438 3909 1532 3960 καὶ
1575 3907 1806 3961 θανάτου

220 3999 362 4051 εἰσὶν
385 3997 561 4068 ἔνοχοι
593 3999 667 4068 μὴ
704 3998 1034 4069 θελήσαντες
1086 3999 1362 4066 ἀπελθεῖν,
1392 3999 1483 4051 καί¹
1529 4000 1594 4051 ὲκ
1628 3999 1807 4068 χειρὸς

223 4089 495 4160 βασιλέως
549 4092 717 4162 τιμῆς
766 4091 1102 4160 ἀξιωθῆναι·
1150 4091 1320 4155 οὕτως
1366 4092 1460 4146 καὶ
1509 4090 1609 4154 τὰς
1662 4091 1810 4155 Θείας

221 4182 451 4252 Γραφάς
508 4181 699 4252 ὥσπερ
748 4183 1040 4246 ἐπιστολὰς
1103 4183 1422 4237 ἀπέστειλεν
1476 4185 1503 4235 ὸ
1561 4184 1811 4253 βασιλεὺς

220 4275 356 4337 Θεὸς
382 4277 494 4338 τοῖς
523 4274 853 4346 ἀνθρώποις,
894 4277 1140 4347 δηλώσας
1171 4277 1239 4330 δι’
1269 4277 1448 4331 αὐτῶν
1473 4317 1488 4343 ,
1518 4277 1604 4331 ἵνα
1635 4295 1812 4346 παρα-

221 4365 557 4428 καλέσαντες
607 4365 700 4418 τὸν
750 4365 906 4429 Θεὸν,
960 4365 1053 4418 καὶ
1099 4367 1492 4428 πιστεύσαντες
1546 4366 1811 4435 αἰτήσωσι

1884 580 2090 640 reddit,
2123 594 2186 632 ac
2213 578 2419 632 bonum
2451 578 2637 639 efficit,
2681 594 2802 647 quas
2831 577 3003 648 gratia
3042 591 3142 644 per
3170 575 3355 630 omnia
3383 575 3471 630 di-

1883 676 2013 729 vina
2038 682 2093 728 et
2124 671 2400 736 caelestis;
2432 681 2493 724 ut
2531 670 2825 724 collatione
2871 669 2990 738 ejus
3043 681 3222 737 reges,
3273 677 3472 736 poten-

1887 776 1989 830 tes,
2029 766 2326 835 sapientes,
2354 771 2409 817 et
2450 763 2506 816 in
2560 762 2826 832 dignitate
2860 758 3150 816 constituti
3179 759 3330 813 velut
3362 759 3471 813 mi-

1886 860 2020 914 nimi
2063 875 2128 912 ac
2179 858 2317 910 viles
2352 865 2703 924 repulentur.
2763 853 2973 923 Exiguo
3025 869 3157 906 vero
3207 851 3472 921 temporis

1887 963 1982 1007 ant
2013 953 2165 1006 hora:
2201 951 2378 1021 spatio
2411 959 2552 1018 post,
2589 964 2678 1002 res
2710 949 3095 1012 immutantur,
3132 953 3192 999 ut
3230 962 3288 1000 re
3341 961 3471 998 vera

1890 1046 1936 1099 is
1983 1045 2102 1112 ipse
2149 1059 2207 1096 se
2257 1042 2434 1110 ipsum
2485 1048 2705 1108 reputet
2762 1038 3070 1108 graviorem
3121 1045 3470 1104 peccatorem

1890 1135 2148 1190 omnibus
2177 1132 2527 1186 hominibus:
2562 1139 2616 1184 et
2650 1144 2867 1182 rursum
2899 1129 3004 1181 alia
3042 1127 3178 1179 hora
3207 1126 3388 1179 videat
3417 1140 3475 1178 se

1892 1233 2073 1302 ipsum
2133 1229 2302 1283 veluti
2354 1241 2537 1295 regem
2591 1224 2889 1277 maximum
2932 1231 2988 1275 ct
3039 1221 3338 1290 ingentem,
3381 1225 3476 1270 aut

1891 1332 2173 1395 potentem
2199 1320 2436 1374 amicum
2467 1318 2611 1386 regis
2637 1333 2650 1368 :
2674 1330 2894 1368 rursum
2920 1314 3025 1367 alia
3053 1313 3188 1365 hora
3207 1328 3264 1365 se
3295 1312 3475 1380 ipsum

1892 1415 2077 1469 videat
2112 1412 2392 1466 inﬁrmum
2442 1417 2499 1463 et
2549 1423 2870 1478 pauperem.
2918 1405 3188 1460 Caeterum
3245 1403 3298 1456 in
3344 1418 3476 1471 per-

1869 1493 2207 1577 'plexitatcni
2235 1504 2442 1558 labitur
2466 1503 2707 1567 animus,
2732 1499 3093 1570 quamobrem
3139 1497 3240 1559 sic,
3264 1505 3318 1549 et
3354 1508 3478 1547 rur-

1894 1614 2017 1652 sum
2049 1597 2148 1651 sic.
2175 1594 2314 1662 Quia
2362 1593 2613 1657 Satanas,
2661 1607 2786 1646 cum
2829 1590 2880 1644 id
2934 1589 3082 1658 quod
3135 1588 3344 1642 bonum
3391 1594 3478 1640 est

1895 1691 2024 1745 odio
2054 1693 2443 1758 prosequatur,
2474 1684 2616 1737 mala
2661 1681 2907 1752 suggerit
2945 1681 3054 1745 his,
3087 1679 3180 1748 qui
3212 1677 3474 1732 virtutem

1897 1787 2308 1840 consectantur,
2339 1791 2545 1845 eosque
2573 1784 2825 1829 avertere
2855 1771 3172 1836 contendit;
3204 1770 3308 1824 hoc
3328 1769 3476 1822 enim

1897 1873 2017 1942 ejus
2054 1879 2140 1924 est
2177 1882 2339 1936 Opus.

1967 1963 2032 2018 ν.
2059 1961 2264 2016 Verum
2306 1971 2377 2011 ne
2415 1956 2492 2010 illi
2532 1953 2863 2025 subjiciaris,
2909 1951 3005 2006 sed
3046 1964 3277 2020 operare
3319 1947 3483 2020 justi-

1899 2056 2052 2120 tiam,
2081 2070 2205 2124 qua:
2240 2053 2296 2106 in
2341 2049 2593 2106 interiori
2642 2047 2868 2102 homine
2913 2045 3220 2115 perficitur,
3270 2043 3326 2095 in
3371 2057 3482 2112 quo

1895 2147 2105 2202 Christi
2124 2147 2295 2200 altare
2321 2143 2578 2198 consistit
2608 2156 2717 2194 una
2741 2154 2867 2192 cum
2902 2137 3191 2206 impolluto
3222 2128 3482 2189 sanctua'-

1899 2240 2005 2306 rio,
2031 2248 2092 2292 ut
2125 2236 2506 2292 testimonium
2550 2218 2902 2288 conscientia:
2957 2239 3063 2283 tua:
3114 2227 3382 2297 glorietur
3425 2225 3484 2279 in

1898 2346 2061 2386 cruce
2091 2331 2322 2393 Christi,
2357 2326 2451 2396 qui
2487 2333 2753 2395 expurgat
2793 2320 3192 2376 conscientiam
3224 2325 3372 2369 tuam
3413 2316 3483 2368 ab

1898 2421 2162 2491 operibus
2208 2419 2462 2482 mortuis,
2499 2425 2562 2469 ut
2589 2415 2787 2484 spiritu
2823 2421 2916 2466 tuo
2948 2411 3060 2464 Deo
3093 2407 3391 2470 ministres,
3425 2413 3486 2458 ut

1898 2512 2052 2566 noris
2082 2509 2216 2579 quid
2247 2508 2446 2562 adoras
2466 2548 2480 2571 ,
2509 2504 2816 2559 secundum
2871 2516 2998 2554 eum
3043 2497 3137 2567 qui
3166 2497 3339 2551 dicit:
3378 2495 3484 2550 Nos

1901 2605 2208 2665 adoramus,
2239 2600 2375 2672 quod
2396 2601 2585 2652 scimus
2605 2597 2649 2627 ⁸ο
2675 2613 2686 2648 :
2713 2593 2940 2649 Conﬁde
2975 2590 3230 2660 dirigenti
3269 2598 3319 2643 te
3349 2588 3484 2653 Deo,

1901 2695 2241 2751 consortium
2277 2693 2476 2746 habeat
2502 2690 2682 2744 anima
2728 2695 2820 2739 tua
2864 2698 2988 2738 cum
3035 2683 3166 2746 Deo,
3192 2690 3252 2735 ut
3287 2694 3485 2748 Sponsa

1900 2791 2222 2844 societatem
2255 2785 2389 2841 colit
2442 2800 2566 2838 cum
2619 2794 2842 2852 sponso.
2877 2777 3188 2848 Mysterium
3212 2773 3358 2827 enim
3393 2777 3488 2824 hoc

1901 2896 2155 2951 ntagnum
2190 2886 2302 2932 est:
2344 2893 2436 2946 ego
2477 2891 2596 2929 vero
2655 2875 2804 2936 dico,
2857 2875 2996 2924 ister
3062 2865 3388 2922 Christum“
3432 2871 3489 2915 et

1901 2972 2398 3030 incontaminatam
2450 2969 2713 3023 animam.
2771 2965 2871 3020 Cui
2933 2962 3108 3035 gloria
3154 2961 3212 3014 in
3265 2957 3488 3014 saecula.

1901 3068 2098 3122 Amen.

2420 3171 2704 3229 HOMILIA
2738 3168 2984 3224 XXXIX.

1941 3273 2022 3328 Ad
2054 3271 2181 3343 quid
2207 3266 2486 3339 Scriptura
2522 3266 2702 3319 divina
2743 3263 2888 3315 nobis
2918 3279 2949 3313 a
2984 3259 3091 3312 Deo
3113 3257 3312 3310 donata
3342 3254 3410 3307 sit
3433 3254 3460 3305 7

1977 3455 2019 3508 Ι.
2053 3449 2531 3518 Quemadmodum
2590 3462 2708 3507 rex,
2771 3444 2865 3512 qui
2909 3442 3106 3496 scribit
3150 3441 3388 3494 Litteras
3423 3438 3492 3491 ad

1905 3559 2022 3606 eos,
2053 3542 2258 3612 quibus
2305 3539 2427 3612 vult
2477 3535 2764 3589 codicillos
2810 3541 2865 3586 et
2915 3530 3219 3600 peculiaria
3264 3543 3495 3581 munera

1907 3637 2118 3706 largiri,
2153 3642 2346 3688 notum
2387 3607 2516 3682 facit
2569 3627 2851 3684 omnibus.
2898 3639 3138 3692 nempe:
3187 3620 3498 3675 Contendito

1908 3732 2179 3802 confestim
2220 3728 2288 3782 ad
2320 3742 2401 3781 me
2441 3725 2639 3786 venire,
2666 3728 2726 3773 ut
2773 3718 3041 3787 accipiatis
3083 3734 3113 3768 a
3155 3730 3237 3767 me
3271 3727 3494 3766 munera

1909 3827 2093 3895 regia:
2125 3822 2220 3891 qui
2253 3819 2358 3873 nisi
2389 3814 2646 3870 venerint
2681 3820 2738 3866 et
2776 3808 3114 3878 acceperint,
3162 3804 3298 3858 nihil
3366 3803 3498 3872 ipsis

1909 3894 2180 3988 proderit,
2220 3910 2370 3980 quod
2421 3909 2521 3960 has
2567 3903 2842 3976 legerint;
2883 3901 3017 3968 quin
3063 3897 3248 3967 potius
3305 3894 3501 3949 mortis

1911 4006 2183 4077 supplicio
2208 4004 2348 4058 ﬁunt
2377 3999 2624 4063 obnoxii,
2655 3997 2800 4066 quod
2854 3992 3147 4047 renuerint
3190 3988 3402 4052 venire,
3441 3999 3497 4040 et

1912 4115 1942 4156 e
1969 4114 2131 4152 manu
2158 4095 2302 4164 regis
2335 4090 2695 4146 honorarium
2729 4083 2994 4153 consequi
3022 4099 3035 4135 :
3063 4082 3142 4135 sic
3163 4093 3380 4150 quoque
3411 4077 3498 4131 di-

1912 4193 2070 4247 vinas
2099 4189 2420 4259 Scripturas
2441 4184 2596 4238 velut
2615 4179 2876 4250 epistolas
2915 4174 3067 4229 misit
3099 4188 3194 4227 rex
3228 4173 3375 4226 Deus
3400 4170 3500 4223 ho-

1915 4289 2178 4350 minibus,
2221 4287 2290 4340 iis
2323 4281 2662 4355 signiﬁcans,
2699 4284 2761 4330 ut
2813 4277 3136 4330 invocantes
3190 4271 3383 4331 Deum,
3445 4273 3503 4320 et

1915 4383 2206 4441 credentes
2253 4387 2444 4447 petant
2472 4382 2530 4428 et
2583 4375 2996 4437 consequantur
3042 4363 3247 4417 donum
3275 4360 3500 4415 caeleste

221 4458 320 4512 καὶ
341 4457 550 4511 λάϐωσι
580 4457 788 4525 δωρεὰν
827 4458 1079 4528 οὐράνιον
1103 4459 1166 4509 ὲκ
1205 4457 1303 4526 τῆς
1335 4457 1686 4518 ὑποστάσεως
1713 4458 1799 4524 τῆς

1918 4489 1985 4528 ex
2015 4471 2294 4542 hypostasi
2330 4462 2644 4519 divinitatis
2681 4461 2821 4529 ejus.
2865 4456 3144 4523 Scriptum
3173 4452 3323 4506 enim
3363 4458 3447 4504 est
3483 4465 3496 4502 :

221 4546 480 4617 θεότητος
535 4545 723 4600 αὑτοῦ.
783 4548 1097 4617 Γέγραπται
1154 4545 1284 4616 γὰρ,
1333 4546 1467 4599 Ἵνα
1509 4545 1810 4613 γενώμεθα

222 4639 394 4703 θείας
415 4637 688 4691 κοινωνοὶ
717 4639 978 4706 φύσεως.
1026 4638 1151 4691 Ἐὰν
1181 4638 1237 4710 δέ
1267 4636 1342 4708 μὴ
1386 4635 1680 4707 προσέλθῃ,
1718 4636 1811 4688 καὶ

219 4732 450 4802 αἰτήσῃ,
483 4733 577 4783 καὶ
612 4730 752 4802 λάϐῃ
795 4733 823 4784 ὁ
869 4731 1177 4800 ἄνθρωπος,
1214 4730 1366 4782 οὐδὲν
1395 4729 1653 4798 ὠφελήθη
1681 4730 1812 4781 ἁνα-

220 4823 392 4891 γνους
436 4823 535 4885 τὰς
569 4822 823 4892 Γραφὰς,
863 4822 1064 4892 μᾶλλον
1110 4823 1166 4876 δὲ
1219 4823 1313 4877 καὶ
1356 4823 1587 4876 θανάτου
1629 4821 1810 4890 ἔνοχός

218 4915 400 4972 ἐστιν,
429 4911 511 4964 ὅτι
547 4915 697 4980 παρὰ
724 4913 990 4982 βασιλέως
1029 4913 1282 4984 οὐρανίου
1321 4914 1419 4967 οὑκ
1457 4914 1693 4984 ἠθέλησε
1720 4913 1812 4965 λα-

220 5003 348 5057 ϐεῖν
376 5003 520 5072 ζωῆς
549 5005 780 5074 δωρεὰν,
809 5000 878 5076 ἦς
906 5005 1036 5058 ἄνευ
1066 5005 1329 5060 ἀδύνατόν
1359 5008 1474 5060 ἐστι
1497 5005 1645 5076 ζωῆς
1677 5006 1811 5059 ἀθα-

213 5095 394 5146 νάτου
421 5097 626 5164 τυχεῖν,
661 5096 782 5166 ἥτις
831 5096 979 5152 ἐστὶν
1026 5097 1056 5149 ὁ
1099 5097 1356 5168 Χριστός.
1385 5091 1455 5169 ᾯ
1495 5101 1528 5169 ὴ
1577 5097 1702 5165 δόξα
1731 5097 1812 5160 εἰς

214 5188 358 5249 τοὺς
383 5186 607 5250 αἰῶνας.
652 5189 845 5259 Ἀμήν.

834 5287 1074 5358 oiuuuA
1118 5303 1208 5358 δι’.

1919 4567 2033 4632 Quo
2065 4564 2259 4632 ﬁamus
2287 4559 2478 4612 divina:
2504 4562 2769 4607 consortes
2812 4557 3024 4602 natura?
3051 4546 3115 4598 θ’.
3141 4544 3197 4598 Si
3231 4557 3362 4597 vero
3391 4557 3501 4594 non

1919 4655 2240 4718 accesserit,
2297 4665 2407 4706 non
2470 4646 2718 4718 petierit,
2770 4659 2876 4697 nec
2917 4639 3212 4707 acceperit,
3265 4635 3404 4688 nihil
3452 4633 3501 4687 ei

1917 4751 2184 4824 proderit.
2208 4744 2358 4816 quod
2389 4739 2586 4811 legerit
2621 4737 2956 4805 Scripturas,
2986 4732 3096 4783 imo
3130 4727 3314 4798 potius
3357 4725 3506 4792 capi-

1919 4815 2014 4902 tali
2051 4839 2324 4912 snpplicio
2359 4832 2670 4892 tenebitur,
2702 4826 2850 4896 quod
2892 4841 2922 4878 a
2959 4824 3106 4891 Rege
3151 4815 3360 4873 caelesti
3401 4831 3504 4868 no-

1903 4938 2078 4998 luerit
2119 4935 2374 5003 accipere
2404 4927 2610 4981 donum
2641 4922 2804 4986 vitae;
2837 4919 2956 4972 sine
2986 4930 3096 4984 quo
3137 4911 3255 4965 ﬁeri
3290 4908 3502 4977 nequit,

1919 5043 1981 5089 ut
2001 5033 2170 5085 vitam
2197 5018 2592 5082 immortalem,
2621 5028 2743 5084 quae
2776 5019 2860 5065 est
2894 5008 3171 5072 Christus,
3202 5015 3506 5070 consequa-

1921 5136 2029 5181 tur.
2059 5120 2162 5178 Cui
2197 5115 2372 5190 gloria
2397 5111 2454 5165 in
2483 5108 2704 5164 saecula.
2741 5103 2938 5158 Amen.

2483 5302 2773 5362 HOMlLlA
2821 5299 2936 5355 XL.

220 5393 367 5464 Ὀτι
395 5392 584 5464 πᾶσαι
614 5397 674 5448 al
702 5396 926 5464 ἀρεταὶ,
959 5398 1056 5449 καὶ
1103 5395 1301 5450 πάντα
1332 5395 1487 5448 κακὰ
1528 5398 1799 5464 dimidim

1920 5402 2150 5462 Cunctas
2193 5403 2432 5459 virtutes,
2465 5403 2513 5448 et
2552 5401 2741 5446 cuncta
2783 5390 2914 5464 vitio
2966 5387 3109 5464 inter
3152 5399 3207 5464 se
3250 5379 3504 5464 colligata

302 5462 670 5536 ἐκᾷἐδενται,
715 5462 813 5520 καὶ
863 5466 1122 5535 ὡσπερεί
1178 5465 1400 5532 ἅλυσις
1434 5484 1524 5532 τις
1554 5462 1685 5536 μίαή
1712 5467 1822 5536 τῆς

301 5530 448 5601 μιᾶς
468 5533 776 5602 ἤρτηνται.

309 5646 392 5699 A'.
419 5647 550 5716 Περὶ
577 5650 674 5719 τῆς
711 5650 1037 5719 φαινομένης
1065 5650 1369 5718 ἀσκήσεως,
1401 5651 1496 5704 καὶ
1519 5654 1670 5705 ποῖον
1702 5653 1825 5703 ὲπι-

307 5832 356 5862 "
384 5830 540 5886 Joan.
575 5847 646 5892 Iv,
683 5830 774 5884 “22.

853 5831 890 5859 “
925 5831 1123 5900 Ephes.
1148 5850 1201 5896 v,
1229 5833 1318 5886 3'2.
1395 5833 1439 5863 “
1466 5831 1507 5885 Il
1543 5831 1689 5885 Petr.
1721 5845 1757 5895 l,
1793 5829 1851 5885 6.

1975 5451 2181 5540 LEX}:
2199 5451 2354 5525 celat
2379 5451 2624 5522 catenam
2659 5477 2821 5516 unam
2847 5460 2910 5513 ab
2934 5457 3108 5513 altera
3139 5451 3454 5528 dependere.

1993 5655 2038 5707 l.
2063 5653 2140 5707 Do
2164 5647 2428 5705 exteriori
2454 5642 2876 5707 exercitatione,
2900 5646 2956 5694 et
2977 5635 3256 5707 quodnam
3285 5631 3507 5686 institu-
