3980 6442
520 337 629 399 763

1765 330 1823 392 S.
1853 330 2047 388 MACA
2057 330 2171 387 illi
2213 327 2532 388 ZEGYPTII
3639 330 3725 395 704

521 460 636 501 tum
664 444 731 500 slt
765 444 948 513 potius
975 453 1029 498 et
1058 445 1297 514 primum
1328 443 1434 497 hoc
1466 442 1685 505 scitote,
1712 440 1919 503 dilecti,
1946 440 2090 507 quod

2212 439 2438 507 τηδευμα
2479 435 2688 506 μεῖζον,
2752 435 2849 489 καὶ
2883 436 3099 507 πρῶτον
3129 437 3401 507 τυγχάνει,
3434 437 3581 490 τοῦτο
3602 443 3733 506 γινώ-

522 542 667 593 inter
700 554 756 591 se
788 536 1057 590 devincta:
1095 536 1205 589 sint
1244 550 1435 589 omnes
1475 534 1727 587 virtutes.
1761 532 1915 602 133
1940 532 2103 586 Velut

519 627 929 698 cnimqumdam
955 626 1263 696 spiritualis
1280 636 1469 680 catena
1488 640 1595 677 una
1618 623 1684 677 ab
1701 624 1872 677 altera
1893 624 2102 691 depen-

521 724 641 786 det;
666 720 913 790 precatio
930 736 960 773 a
980 719 1297 782 dilectione,
1315 717 1538 771 dilectio
1560 733 1587 769 a
1603 715 1819 785 gaudio,
1840 713 2100 785 gaudium

522 830 551 867 a
587 813 1033 872 mansuetudine,
1068 808 1433 865 mansuetudo
1461 809 1529 861 ab
1553 806 1886 871 humilitate,
1918 806 2101 860 humi-

523 902 652 958 litas
696 906 765 958 ab
799 904 1091 973 obsequio,
1135 899 1459 970 obsequium
1509 915 1539 952 a
1586 914 1703 969 spe,
1750 912 1877 968 Spes
1911 915 1940 953 a
1973 897 2100 961 ﬁdc,

527 995 663 1050 ﬁdes
692 996 761 1049 ab
788 996 1003 1059 auditu,
1032 994 1256 1049 auditus
1282 1009 1311 1046 a
1337 992 1710 1061 simplicitate.
1740 990 2105 1056 Quemadmo-

522 1086 656 1141 dum
683 1088 851 1142 etiam
884 1103 949 1142 ex
983 1087 1209 1140 adversa
1235 1092 1388 1154 parte
1425 1083 1575 1145 vitia,
1604 1098 1775 1136 unum
1811 1080 1879 1136 ab
1906 1082 2101 1145 altero,

525 1178 872 1249 dependent;
902 1177 1090 1231 odium
1120 1176 1191 1230 ab
1222 1176 1323 1239 ira,
1354 1175 1438 1229 ira
1467 1190 1497 1228 a
1524 1173 1807 1243 superbia,
1840 1172 2102 1242 superbia

524 1285 555 1323 a
600 1285 739 1323 vana
782 1269 977 1339 gloria,
1040 1268 1205 1321 vana~
1243 1267 1415 1337 gloria
1460 1266 1527 1319 ab
1574 1264 1920 1328 inﬁdelitate,
1980 1262 2101 1317 inﬁ-

524 1361 722 1415 delitas
792 1376 823 1414 a
884 1359 1086 1413 duritie
1142 1358 1359 1420 cordis,
1428 1355 1661 1409 durities
1709 1354 1892 1408 cordis
1951 1368 2105 1406 ane-

523 1450 804 1521 gligentia,
867 1449 1200 1519 negligentia
1263 1464 1291 1501 a
1335 1447 1576 1517 pigritia,
1616 1444 1833 1515 pigritia
1892 1443 1960 1496 ab
1985 1458 2107 1496 ace—

525 1540 634 1605 dia,
662 1540 851 1595 acedia
884 1541 955 1595 ab
987 1540 1355 1609 impatientia,
1380 1537 1718 1607 impatientia
1744 1552 1773 1589 a
1800 1536 2101 1603 voluptate,

524 1642 581 1686 et
628 1631 841 1700 reliqua
896 1630 1142 1684 membra
1190 1629 1451 1682 vitiorum
1506 1627 1575 1681 ab
1621 1626 1857 1679 invicem
1899 1624 2106 1693 depen-

525 1720 711 1776 dentia
736 1722 849 1776 :sic
879 1734 1098 1791 quoque
1124 1719 1179 1772 in
1208 1719 1352 1773 bona
1378 1730 1534 1787 parte
1555 1718 1625 1772 ab
1646 1716 1880 1771 invicem
1907 1715 2106 1785 depen-

524 1812 679 1877 dent,
713 1823 768 1867 et
789 1820 1067 1881 suspensa:
1099 1819 1227 1865 sunt
1256 1810 1510 1865 virtutes.

2204 546 2383 592 σκετε,
2415 528 2713 596 ἀγαπητοὶ,
2749 528 2832 580 ὅτι
2888 526 3133 598 ἀλλήλων
3180 528 3476 581 ἐκδέδενται
3504 531 3657 580 πᾶσαι
3694 533 3739 580 αἱ

2203 618 2412 688 ἀρεταί.
2464 617 2717 687 Ὠσπερεὶ
2756 619 2865 688 γάρ
2900 635 2986 680 τις
3042 619 3386 689 πνευματικὴ
3432 618 3632 683 ἄλυσις,
3664 623 3743 689 μία

2203 708 2304 779 τῆς
2335 710 2462 780 μιᾶς
2484 710 2749 780 ἤρτηνται
2776 727 2791 742 ’
2822 712 2854 779 ἡ
2879 710 3010 780 εὐχὴ
3039 710 3150 764 ἀπὸ
3178 711 3274 779 τῆς
3310 712 3543 779 ἀγάπης,
3568 713 3599 779 ἡ
3628 713 3744 777 ἀγά-

2207 820 2280 870 πη
2312 801 2418 853 ἀπὸ
2451 802 2548 870 τῆς
2582 802 2779 871 χαρᾶς,
2824 804 2857 872 ὴ
2904 802 3048 871 χαρὰ
3098 802 3205 855 ἀπὸ
3247 801 3344 871 τῆς
3389 802 3743 871 «patera-rogi,

2202 893 2447 962 πραότης
2493 892 2599 944 ἀπὸ
2632 893 2730 962 τῆς
2779 891 3201 958 ταπεινώσεως,
3235 892 3268 961 ἡ
3308 893 3623 955 ταπείνωσις
3659 894 3747 944 dmi

2202 985 2300 1052 τῆς
2328 982 2623 1045 διακονίας,
2666 985 2699 1052 ἡ
2738 984 2984 1037 διακονία
3016 984 3124 1037 ἀπὸ
3160 984 3258 1053 τῆς
3300 984 3584 1055 ἐλπίδος,ή
3621 984 3747 1046 ἐλπὶς

2204 1075 2311 1127 ἀπὸ
2340 1075 2436 1143 τῆς
2468 1074 2723 1138 πίστεως,
2754 1076 2787 1143 ἡ
2822 1075 3005 1137 πίστις
3034 1076 3143 1129 ἀπὸ
3170 1077 3269 1145 τῆς
3297 1076 3535 1146 ὑπακοῆς
3565 1116 3577 1140 ,
3614 1078 3750 1147 ηὐπ-

2208 1166 2345 1236 ακοη
2374 1166 2481 1218 ἀπό
2513 1169 2610 1234 τῆς
2644 1166 2964 1237 ἁπλότητος.
2981 1166 3191 1237 ’Ὥσπερ
3221 1170 3313 1221 καὶ
3338 1168 3396 1220 τὸ
3418 1168 3648 1222 ἐναντίον
3673 1172 3751 1238 μέ-

2208 1277 2299 1330 ρος
2330 1258 2388 1312 ἓν
2436 1258 2527 1326 ἀφ’
2551 1258 2670 1320 ἐνὸς
2704 1258 2773 1311 τά
2808 1258 2956 1312 κακά
2994 1259 3299 1311 ἐκδέδενται
3324 1275 3337 1289 ’
3374 1259 3436 1310 τὸ
3481 1261 3630 1328 μῖσος
3666 1261 3756 1312 ἀπὸ

2205 1348 2299 1403 τοῦ
2335 1348 2529 1419 θυμοῦ,
2569 1351 2597 1401 ὁ
2634 1348 2801 1418 θυμὸς
2846 1350 2954 1402 ἀπὸ
2982 1351 3079 1419 τῆς
3107 1349 3507 1419 ὑπερηφανίας,
3548 1351 3580 1419 ὴ
3610 1349 3759 1419 ὑπερ-

2206 1441 2411 1513 ηφανία
2441 1439 2550 1493 ἀπὸ
2570 1440 2670 1509 τῆς
2695 1440 3020 1507 κενοδοξίας,
3049 1443 3083 1512 ἡ
3111 1441 3386 1505 κενοδοξία
3412 1442 3521 1496 ἀπὸ
3540 1442 3631 1510 τῆς
3653 1443 3760 1492 ἀπι-

2208 1532 2381 1597 στίας,
2414 1533 2447 1601 ὴ
2474 1530 2699 1584 ἀπιστία
2729 1532 2837 1584 ἀπὸ
2867 1532 2966 1600 τῆς
2994 1531 3448 1603 σκληροκαρδίας,
3487 1533 3520 1601 ἡ
3554 1530 3759 1601 σκληρο-

2209 1626 2404 1695 καρδία
2434 1626 2543 1678 ἀπὸ
2574 1628 2675 1694 τῆς
2719 1624 3000 1694 ἀμελείας,
3031 1627 3065 1695 ὴ
3108 1625 3337 1694 ἀμέλεια
3380 1625 3492 1678 ἀπὸ
3520 1624 3615 1693 τῆς
3646 1640 3760 1693 χαυ-

2208 1710 2443 1779 νώσεως,
2480 1716 2515 1785 ἡ
2537 1714 2808 1785 χαύνωσις
2839 1714 2947 1767 ἀπὸ
2977 1717 3076 1785 τῆς
3101 1716 3351 1785 ἀκηδίας,
3383 1718 3417 1785 ἡ
3460 1715 3653 1785 ἀκηδία
3672 1714 3762 1767 ἀπὸ

2131 1798 2174 1851 Β
2202 1807 2300 1876 τῆς
2348 1806 2811 1875 ἀνυπομονησίας,
2863 1807 2898 1876 ὴ
2944 1806 3355 1877 ἀνυπομονησία
3396 1808 3506 1859 ἀπὸ
3538 1806 3634 1874 τῆς
3666 1804 3765 1872 φιλ·

526 1890 775 1976 ηᾶονίαςο
830 1903 927 1955 καὶ
964 1902 1033 1954 τά
1069 1901 1233 1953 λοιπά
1261 1900 1396 1970 μέλη
1452 1899 1553 1969 τῆς
1596 1898 1791 1960 κακίας
1840 1885 2084 1966 ἀλλήλων
2123 1898 2261 1950 εἰσὶν
2299 1897 2723 1968 ἐκκρεμάμενα⁶
2788 1895 2962 1961 οὓτως
3010 1898 3114 1951 κάν
3157 1897 3237 1968 τῷ
3271 1897 3464 1966 ἀγαθῷ
3506 1896 3657 1968 μέρει
3683 1898 3763 1950 ἀλ-

526 1995 704 2062 λήλων
763 1994 901 2047 εἰσὶν
956 1990 1369 2064 ἐκκρεμάμεναι
1416 1992 1473 2043 αἱ
1513 1990 1710 2061 ἀρεταὶ
1740 1990 1834 2046 καὶ
1869 1988 2277 2061 ἀπηρτημέναι.
3596 2001 3612 2017 ·

599 2073 665 2139 ll.
696 2084 875 2153 Caput
912 2090 1097 2138 autem
1137 2083 1307 2137 totius
1349 2082 1479 2138 boni
1521 2082 1793 2147 instituti,
1828 2090 1884 2137 et
1917 2090 2107 2136 vertex

528 2176 890 2231 honestarum
925 2174 1203 2229 actionum
1242 2183 1326 2229 est
1352 2174 1653 2245 perdurare
1684 2172 1739 2227 in
1767 2171 2104 2243 precatione,

530 2270 689 2339 cujus
725 2282 829 2337 ope
864 2275 1093 2323 caeteras
1125 2281 1348 2337 quoque
1379 2267 1614 2321 virtutes
1646 2280 1746 2335 per
1778 2264 2107 2335 postulatio-

530 2375 658 2413 nem
686 2374 717 2413 a
742 2359 854 2413 Deo
881 2359 1131 2429 quotidie
1160 2358 1425 2428 consequi
1457 2372 1771 2427 possumus.
1798 2355 1935 2410 Hinc
1961 2355 2109 2410 enim

473 2448 478 2453 ’
528 2448 786 2518 provenit
818 2447 885 2501 iis
915 2448 1010 2517 qui
1048 2448 1198 2518 digni
1234 2448 1530 2513 habentur,
1560 2447 1990 2501 communicatio
2022 2446 2109 2501 di-

528 2540 671 2594 vinae
715 2538 1093 2595 sanctimoniae
1134 2549 1190 2594 et
1228 2540 1531 2609 spiritualis
1569 2538 1852 2603 eﬁicaciae,
1884 2547 1938 2593 et
1976 2553 2108 2593 con-

532 2632 697 2686 nexio
739 2632 1050 2687 affectionis
1092 2631 1263 2685 animi
1308 2647 1434 2702 erga
1475 2631 1797 2695 Dominum,
1827 2631 1977 2684 velut
2012 2645 2112 2699 per

531 2738 783 2777 arcanam
819 2724 1192 2779 dilectionem.
1237 2723 1341 2790 Qui
1376 2723 1525 2778 enim
1561 2738 1619 2778 se
1654 2724 1832 2794 ipsum
1866 2722 2111 2792 quotidie

531 2814 601 2867 ad
650 2815 1119 2884 perseverandum
1168 2814 1223 2868 in
1273 2815 1523 2868 oratione
1573 2815 1877 2883 compellit,
1917 2813 2009 2867 ille
2056 2814 2112 2867 in

533 2918 779 2958 amorem
810 2904 1059 2958 divinum
1091 2908 1143 2959 el
1176 2903 1512 2958 desiderium
1543 2904 1743 2957 ardens
1775 2919 1804 2957 a
1839 2901 2114 2972 spirituali

534 2993 829 3049 dilectione
860 2995 1186 3050 accenditur
1216 3010 1344 3064 erga
1375 2994 1547 3049 Deum
1579 3004 1636 3049 et
1662 2994 1897 3064 gratiam
1931 2994 2115 3065 perfe-

534 3084 740 3139 ctionis
768 3086 1168 3140 sanctiﬁcantis
1196 3085 1433 3155 Spiritus
1460 3085 1691 3154 suscipit

2280 2079 2355 2135 B’.
2398 2078 2705 2149 Κεφάλαιον
2733 2078 2788 2131 δὲ
2823 2077 3005 2146 πάσης
3037 2079 3274 2149 σπουδῆς
3300 2079 3538 2151 ἀγαθῆς,
3573 2080 3661 2133 καὶ
3687 2096 3764 2133 κο·

2212 2173 2440 2241 ρυφαῖον
2472 2170 2580 2223 τῶν
2610 2169 3052 2241 κατορθωμάτων
3087 2170 3206 2223 ἐστὶ
3255 2171 3319 2224 τὸ
3355 2174 3766 2243 προσκαρτερεῖν

2207 2265 2273 2333 τῇ
2302 2263 2459 2332 εὐχῇ,
2489 2262 2584 2329 ἀφ’
2609 2254 2678 2333 ἧς
2708 2262 2804 2313 καὶ
2833 2262 2934 2324 τὰς
2959 2260 3153 2323 λοιπὰς
3175 2262 3377 2331 ἀρετὰς
3407 2262 3496 2316 διὰ
3519 2264 3615 2331 τῆς
3640 2264 3766 2329 παρὰ

2209 2352 2343 2406 Θεοῦ
2403 2354 2674 2421 αίτήσεως
2729 2351 3001 2421 ὁσημέραι
3054 2354 3439 2422 προσκτᾶσθαι
3496 2354 3764 2423 δυνάμεθα.

2222 2444 2503 2499 Ἐντεῦθεν
2537 2445 2647 2521 γὰρ
2682 2444 2959 2512 ἐγγίνεται
2992 2448 3105 2509 τοῖς
3136 2446 3590 2516 καταξιουμένοις
3618 2448 3649 2516 ή
3676 2464 3768 2497 xu;-

2211 2535 2376 2590 νωνία
2407 2536 2505 2604 τῆς
2533 2530 2791 2589 τοῦΘεοῦ
2825 2534 3133 2604 ἁγιότητος,
3171 2538 3264 2588 καὶ
3290 2539 3388 2606 τῆς
3419 2537 3767 2604 πνευματικῆς

2212 2628 2526 2698 ἐνεργείας,
2582 2627 2678 2681 καὶ
2724 2627 2755 2695 ἡ
2795 2628 3061 2694 συνάφεια
3096 2628 3192 2697 τῆς
3221 2628 3315 2680 τοῦ
3345 2628 3441 2681 νοῦ
3481 2628 3765 2687 διαθέσεως.

2212 2722 2285 2784 ὡς
2312 2720 2448 2790 πρὸς
2470 2719 2559 2771 τὸν
2585 2720 2808 2792 Κύριον,
2838 2719 2896 2771 ἐν
2922 2720 3111 2789 ἀγάπῃ
3130 2720 3376 2791 ἀρρήτῳ.
3397 2721 3458 2773 '0
3475 2721 3583 2790 γάρ
3604 2720 3766 2773 ἑαυτὸν

2212 2811 2481 2880 ὁσημέραι
2534 2811 2601 2880 τῇ
2656 2811 2930 2879 προσευχῇ
2977 2811 3410 2880 πρόσκαρτερεῖν
3450 2812 3766 2877 ἀναγκάζων,

2215 2904 2291 2966 εἰς
2323 2902 2501 2974 ἔρωτα
2528 2901 2667 2954 θεῖον
2700 2903 2791 2955 καὶ
2819 2902 2981 2955 πόθον
3008 2901 3253 2972 ἔμπυρον
3284 2903 3391 2955 ὑπὸ
3422 2906 3524 2972 τῆς
3554 2920 3768 2971 πνευμσ·

2214 2992 2374 3059 τικῆς
2424 2992 2643 3060 ἀγάπης
2694 2991 2974 3044 ἐκκαίεται
3024 2991 3163 3061 πρὸς
3193 2990 3347 3054 Θεὸν,
3383 2993 3483 3044 καὶ
3514 2991 3611 3061 τὴν
3638 2991 3770 3059 χάριν

2215 3084 2315 3153 τῆς
2367 3082 2460 3137 τοῦ
2508 3083 2824 3153 Πνεύματος
2849 3082 3180 3152 άγιαστικῆς
3225 3082 3569 3151 τελειότητος
3605 3078 3769 3133 ὑποδέ-

2216 3193 2391 3245 χεται.

606 3261 696 3317 111.
730 3261 1102 3332 Interrogatio.
1131 3261 1397 3327 Quoniam
1435 3264 1650 3334 quidam
1677 3262 1904 3317 vendunt
1937 3263 2107 3332 [acul-

2282 3268 2356 3321 l".
2420 3266 2759 3336 Ἐρώτησις.
2826 3263 3067 3330 Ἐπειδὴ
3102 3280 3261 3330 τινες
3288 3265 3565 3319 πωλοῦσι
3587 3262 3694 3332 μὲν
3714 3258 3773 3313 τὰ

538 3359 673 3406 tates
708 3368 856 3416 suas,
882 3368 1057 3406 servos
1097 3352 1334 3406 libertate
1374 3353 1593 3418 donant,
1626 3362 1674 3406 et
1702 3353 1922 3423 implent
1950 3371 2108 3407 man-

538 3442 687 3507 data,
716 3459 820 3495 non
852 3450 1031 3495 tamen
1057 3444 1267 3496 student
1293 3445 1536 3513 consequi
1562 3445 1615 3497 in
1644 3445 1737 3497 hoc
1764 3444 1959 3497 mundo
1988 3443 2110 3514 Spi—

539 3534 727 3599 ritum,
761 3552 885 3588 num
931 3536 1022 3606 qui
1064 3536 1138 3589 sic
1176 3536 1383 3601 vivunt,
1420 3552 1525 3589 non
1565 3536 1755 3589 abeunt
1797 3538 1853 3589 in
1895 3552 2113 3607 regnum

537 3620 781 3674 caelorum
800 3623 824 3675 ἒ)
932 3621 937 3626 ’

613 3711 911 3782 Responsio.
947 3713 1255 3784 Disputatio
1303 3714 1419 3771 haec
1470 3716 1691 3773 subtilis
1737 3728 1842 3773 est.
1878 3718 2111 3785 Quidam

541 3803 687 3858 enim
736 3805 891 3858 aiunt
939 3807 1015 3875 (2)
1066 3807 1293 3862 unicum
1344 3824 1468 3864 esse
1511 3825 1769 3881 regnum.
1801 3820 1857 3865 et
1898 3813 2115 3867 unicam

539 3896 869 3964 gehennam.
894 3897 1004 3952 Nos
1033 3908 1217 3953 autem
1250 3902 1575 3965 asserimus,
1608 3902 1813 3955 multos
1844 3918 1964 3957 esse
1995 3918 2119 3973 gra-

538 3989 673 4051 dus,
710 3988 1054 4044 diﬁerentias
1098 3998 1265 4059 atque
1315 4006 1635 4055 mensuras,
1672 4008 1783 4047 non
1832 3994 2011 4047 solum
2060 3994 2117 4049 in

540 4080 659 4150 ipso
692 4098 893 4153 regno,
926 4099 1120 4138 verum
1159 4085 1325 4139 etiam
1358 4086 1411 4139 in
1447 4087 1716 4155 gehenna.
1749 4087 2118 4153 Quemadmo—

539 4175 671 4228 dum
699 4190 830 4245 ergo
856 4185 943 4231 est
973 4190 1082 4230 una
1106 4177 1288 4231 anima
1316 4178 1371 4231 in
1397 4180 1654 4233 omnibus
1678 4180 1937 4235 membris
1976 4182 2122 4235 nihi-

540 4263 784 4318 lominus
809 4280 874 4319 ea
906 4265 1212 4327 sursumin
1242 4266 1475 4321 cerebro
1499 4270 1607 4321 vim
1627 4284 1782 4323 suam
1812 4270 2035 4335 exserit,
2064 4279 2120 4325 et

542 4353 799 4409 deorsum
843 4356 1012 4425 pedes
1060 4367 1375 4413 commovet
1423 4377 1436 4413 :
1483 4361 1563 4415 sic
1604 4377 1822 4432 quoque
1862 4363 2121 4419 divinitas

548 4460 739 4500 omnes
772 4456 1080 4514 creaturas,
1114 4456 1229 4503 tum
1266 4451 1540 4518 cmlestes,
1574 4470 1694 4523 quae
1728 4456 1923 4511 subtus
1958 4457 2120 4527 abys-

549 4552 669 4591 sum
697 4549 845 4603 sunt,
866 4543 1133 4606 continet,
1152 4551 1210 4597 et
1232 4544 1437 4613 ubique
1463 4546 1620 4614 plene
1646 4556 1729 4601 est
1751 4549 1802 4601 in
1829 4549 2116 4612 creaturis,

2215 3358 2585 3427 ὑπάρχοντα,
2619 3358 2717 3411 καὶ
2749 3356 3010 3423 δούλους
3038 3356 3451 3424 ἐλευθεροῦσι,
3477 3358 3573 3409 καὶ
3599 3351 3773 3408 ποιοῦ·

2218 3468 2323 3505 σιν
2355 3451 2607 3515 ἐντολὰς
2630 3490 2645 3513 ,
2686 3450 2759 3502 οὐ
2790 3448 3033 3515 ζητοῦσι
3067 3447 3135 3501 δὲ
3161 3446 3368 3501 λαϐεῖν
3393 3449 3469 3500 ἐν
3497 3446 3577 3512 τῷ
3596 3449 3774 3514 κόσμῳ

2216 3544 2405 3609 τούτῳ
2438 3542 2504 3594 τὸ
2540 3542 2810 3611 Πνεῦμα,
2858 3540 2976 3608 ἄρα
3008 3539 3218 3605 ζῶντες
3248 3540 3438 3605 οὕτως
3478 3542 3589 3593 οὐκ
3622 3536 3775 3604 ἀπέρι

2219 3653 2426 3705 zona:
2460 3638 2548 3700 sic
2575 3634 2691 3704 τὴν
2708 3634 3040 3699 βασιλείαν
3071 3633 3189 3687 τῶν
3210 3632 3519 3700 οὐρανῶνς

2302 3729 2656 3795 Ἀπόκρισις.
2727 3727 2784 3779 '0
2812 3727 2967 3794 λόγος
3016 3720 3170 3788 οὗτος
3217 3724 3415 3787 λεπτός
3456 3726 3590 3777 ἐστι.
3626 3720 3775 3778 ’Τινὲς

2218 3820 2327 3891 γάρ
2357 3821 2573 3888 λέγουσι
2613 3819 2743 3888 μίαν
2773 3818 3053 3888 βασιλειαν
3074 3858 3088 3878 ,
3129 3818 3221 3869 καὶ
3248 3817 3478 3883 γέενναν
3501 3832 3515 3848 ο
3557 3815 3705 3886 ἡμεῖς
3728 3810 3774 3861 δὲ

2218 3911 2448 3980 λέγομεν
2479 3910 2720 3980 βαθμοὺς
2752 3909 2981 3970 πολλοὺς
3010 3909 3105 3961 καὶ
3127 3907 3388 3978 διαφοράς
3409 3947 3427 3973 ,
3472 3906 3568 3961 καὶ
3596 3904 3772 3975 μέτρα·

2220 4004 2315 4055 καὶ
2339 4005 2398 4055 ἐν
2423 4002 2559 4072 αὑτῇ
2589 4004 2655 4072 τῇ
2689 4000 2957 4072 βασιλείᾳ,
2991 4000 3087 4052 καὶ
3116 4002 3173 4053 ἐν
3199 4001 3335 4069 αὐτῇ
3364 4002 3434 4070 τῇ
3463 3994 3777 4067 γεέννῃ.”Ωσο

2221 4111 2327 4164 περ
2356 4094 2412 4146 δέ
2442 4095 2559 4146 ἐστι
2585 4093 2732 4162 ψυχὴ
2760 4095 2817 4145 ἐν
2839 4092 2984 4155 ὅλοις
3012 4095 3125 4155 τοῖς
3156 4090 3364 4161 μέλεσι,
3392 4092 3493 4143 καὶ
3516 4090 3624 4143 ἀνω
3642 4089 3695 4140 ἐν
3712 4083 3774 4150 τῷ

2221 4186 2510 4255 ἐγκεφάλῳ
2539 4187 2789 4254 ἐνεργεῖ,
2824 4186 2919 4238 καὶ
2949 4185 3102 4237 κάτω
3127 4185 3255 4247 τοὺς
3282 4183 3452 4246 πόδας
3479 4183 3614 4248 αὑτὴ
3638 4180 3773 4231 κινεῖ·

2220 4279 2394 4341 οὑτως
2437 4280 2532 4332 καὶ
2560 4280 2594 4347 ἡ
2624 4277 2817 4346 θεότης
2864 4276 3043 4330 πάντα
3074 4275 3141 4329 τά
3170 4276 3445 4343 κτίσματα
3471 4274 3541 4327 τά
3565 4268 3773 4336 ἐπουρά-

2222 4389 2331 4436 νια,
2367 4371 2462 4424 καὶ
2489 4370 2558 4423 τὰ
2587 4370 2843 4423 ὑποκάτω
2871 4371 2971 4439 τῆς
2999 4368 3239 4421 ἀϐύσσου
3272 4367 3538 4438 περιέχει,
3559 4364 3649 4419 καὶ
3670 4379 3776 4414 παν-

2221 4462 2384 4533 ταχοῦ
2415 4462 2773 4533 πεπλήρωται
2804 4462 2862 4513 ἐν
2890 4462 2958 4531 τῇ
2984 4461 3181 4522 κτίσει,
3218 4460 3266 4511 εί
3296 4459 3390 4511 καὶ
3420 4457 3656 4526 ἐξωτέρα
3683 4453 3774 4505 τᾶν

2224 4554 2538 4624 κτισμάτων
2570 4554 2706 4618 ἐστὶ,
2745 4552 2834 4605 διὰ
2860 4553 2921 4605 τὸ
2947 4552 3257 4622 ἀμέτρητον
3282 4550 3379 4603 καὶ
3406 4549 3771 4618 ἀπερίληπτον.

545 4630 800 4698 quamvis
832 4632 1004 4687 aliena
1034 4649 1064 4687 a
1098 4636 1368 4690 creaturis
1399 4638 1492 4704 sit,
1522 4654 1588 4692 eo
1622 4638 1769 4708 quod
1805 4640 1873 4694 sit
1903 4641 2112 4694 dimen-

2226 4646 2488 4716 Προσέχει
2532 4642 2626 4697 οῦν
2674 4644 2810 4713 αὑτὴ
2859 4645 2892 4714 ἡ
2937 4643 3132 4713 θεότης
3180 4645 3291 4704 τοῖς
3333 4640 3662 4712 ἀνθρώποις,
3697 4633 3773 4686 καὶ

544 4721 717 4776 sionis
766 4730 822 4776 et
870 4725 1384 4793 comprehensionis
1428 4744 1646 4797 expers.
1695 4730 1947 4786 Attendit
1990 4746 2121 4803 ergo

545 4812 663 4880 ipsa
701 4813 963 4869 divinitas
1004 4816 1350 4883 hominibus,
1384 4828 1439 4872 ct
1472 4820 1740 4890 gubernat
1770 4822 1953 4876 omnia
1996 4837 2121 4877 eum

546 4906 779 4959 ratione.
806 4906 873 4959 Et
894 4909 1152 4977 quoniam
1183 4912 1431 4963 nonnulli
1464 4920 1780 4979 precantur,
1808 4913 2123 4982 ignorantes

547 4997 679 5063 quid
718 5011 996 5066 quaerant;
1044 5002 1269 5070 quidam
1308 5018 1441 5057 vero
1478 5003 1757 5072 jejunant;
1800 5005 1891 5058 alii
1935 5008 2120 5061 consi-

551 5095 703 5141 stunt
752 5088 806 5142 in
858 5091 1205 5157 ministerio,
1245 5093 1548 5162 unicuique
1596 5109 1700 5165 pro
1748 5096 1912 5151 modo
1959 5096 2120 5162 ﬁdei,

548 5176 713 5239 Deus,
739 5180 832 5246 qui
861 5179 1045 5248 justus
1074 5181 1245 5251 judex
1275 5191 1381 5247 est,
1414 5182 1597 5236 reddit
1631 5182 1963 5238 mercedem.
1994 5185 2125 5250 Quae

547 5262 694 5319 duim
719 5268 947 5335 faciunt,
966 5280 1113 5325 metu
1139 5271 1235 5327 Dei
1260 5282 1530 5344 peragunt
1554 5291 1567 5327 :
1590 5289 1785 5328 verum
1805 5290 1916 5330 non
1937 5291 2130 5331 omnes

551 5357 642 5411 isti
673 5357 794 5423 ﬁlii,
820 5368 912 5413 aut
942 5376 1121 5431 reges,
1151 5374 1245 5416 aut
1276 5363 1524 5419 haeredes
1555 5374 1704 5420 sunt.

622 5446 709 5500 lV.
741 5447 1012 5505 Caeterum
1057 5451 1110 5506 in
1152 5453 1357 5508 mundo
1397 5454 1488 5507 alii
1530 5466 1660 5510 sunt
1696 5458 2008 5524 homicidae,
2034 5457 2128 5512 alii

551 5542 744 5606 stupro
777 5539 981 5607 dediti,
1014 5544 1107 5597 alii
1144 5534 1439 5613 raptores}
1484 5562 1702 5601 rursum
1739 5551 1990 5604 nonnulli
2029 5563 2127 5605 sua

626 5716 700 5785 (2)
727 5716 962 5774 Unicum
983 5720 1171 5794 accipe
1194 5736 1294 5793 pro
1331 5723 1586 5780 uniformi
1612 5734 1665 5780 et
1690 5727 1826 5809 pari.

2225 4738 2498 4806 οἰκονομεῖ
2522 4736 2698 4788 πάντα
2723 4735 2864 4787 κατὰ
2886 4734 3065 4803 λόγον·
3095 4735 3190 4787 καὶ
3214 4733 3405 4803 ἐπειδὴ
3430 4732 3576 4793 τινὲς
3602 4724 3774 4799 μὲνεῦσ

2226 4846 2409 4901 χονται
2447 4828 2521 4898 μὴ
2552 4826 2751 4889 εἰδότες
2783 4827 2836 4878 τί
2869 4827 3091 4897 ζητοῦσι
3117 4842 3130 4855 ·
3172 4826 3316 4888 τινὲς
3343 4826 3400 4878 δὲ
3430 4823 3768 4894 νηστεύουσιν,

2226 4922 2374 4976 ἄλλοι
2425 4927 2718 4987 στήκουσιν
2753 4920 2833 4979 εἰς
2864 4920 3161 4984 διακονίαν,
3201 4920 3415 4987 ἑκάστῳ
3447 4916 3586 4969 κατά
3612 4913 3667 4964 τὸ
3693 4910 3772 4979 μὲ-

2226 5031 2357 5083 τρον
2384 5014 2481 5083 τῆς
2510 5015 2770 5079 πίστεως,
2801 5017 2830 5068 ὁ
2857 5013 2989 5076 Θεὸς
3016 5010 3390 5080 δικαιοκρίτης
3411 5008 3486 5061 ὢν
3514 5002 3772 5060 ἀποδίδωσι

2228 5107 2318 5158 τὸν
2344 5105 2552 5171 μισθόν.
2580 5106 2647 5157 ’Δ
2678 5106 2786 5174 γὰρ
2818 5103 3053 5168 ποιοῦσι,
3077 5100 3168 5154 διὰ
3192 5100 3355 5169 φόϐον
3377 5097 3511 5152 Θεοῦ
3536 5091 3768 5148 ποιοῦσιν·

2227 5189 2340 5243 ἀλλ’
2373 5191 2472 5242 οὑκ
2504 5193 2642 5245 είσὶν
2672 5187 2817 5246 οὑτοι
2848 5193 3047 5254 πάντες
3078 5191 3184 5243 υἱοὶ
3205 5226 3220 5253 ,
3258 5187 3382 5241 οῦτε
3415 5186 3641 5256 βασιλεῖς
3668 5176 3767 5231 οὔτε

2227 5282 2329 5352 κλη
2338 5283 2460 5353 ρονό
2467 5301 2577 5352 μοι.

2297 5458 2370 5513 A'.
2406 5460 2526 5513 Elei.
2553 5456 2609 5513 δέ
2639 5460 2696 5512 ἐν
2724 5459 2803 5529 τῷ
2828 5459 3018 5530 κόσμῳ
3049 5459 3099 5511 οἱ
3133 5448 3229 5529 μὲν
3255 5459 3463 5527 φονεῖς,
3496 5453 3633 5510 ἄλλοι
3660 5446 3769 5514 πύρ’

2226 5567 2328 5616 νοι,
2365 5550 2458 5603 καὶ
2490 5551 2639 5606 ἄλλοι
2674 5550 2924 5621 ἂρπαγες
2945 5566 2956 5578 ·
2993 5551 3041 5602 oi
3072 5548 3129 5603 δὲ
3157 5548 3317 5603 πάλιν
3345 5547 3416 5601 τά
3440 5548 3540 5601 tam
3568 5532 3766 5606 πτωχηῖς
