3980 6426
232 365 345 427 765

1467 348 1833 412 HOMILI/E.
1863 372 1933 383 -
1962 347 2149 409 ΠΟΜ.
2192 346 2310 405 XL.

3396 346 3502 408 7R6

228 475 579 540 διαδιδόντες,
611 471 867 541 προσέχει
884 468 979 522 καὶ
997 466 1210 530 τούτοις
1239 462 1519 527 κάκείνοις
1540 465 1569 515 ὁ
1594 463 1818 532 Κύριος,

1947 461 2262 531 »ουβυτὶὺιιε
2297 440 2639 528 largiuntur;
2674 458 2915 514 attendit
2940 474 3162 530 quoque
3191 460 3278 516 his
3306 473 3364 516 et
3391 464 3503 520 illis

231 569 336 623 καὶ
364 569 478 628 τοῖς
512 564 613 634 μὲν
640 561 1061 630 ἀγαθοποιοῦσιν
1087 559 1396 612 ἀνάπαυσιν
1420 555 1516 609 καὶ
1540 553 1732 624 μισθὸν
1753 552 1827 605 δίο

232 659 422 710 δωσιν.
455 653 575 707 Εἰσὶ
599 652 708 720 γὰρ
737 652 909 721 μέτρα
932 649 1290 718 ὑπερέχοντα,
1310 646 1405 699 καὶ
1430 644 1606 715 μέτρα
1626 641 1822 713 μικρά·

235 749 338 802 καὶ
371 750 430 801 ὲν
459 746 615 815 αὐτῷ
643 743 722 812 τῷ
746 744 886 812 φωτὶ
917 741 1013 793 καὶ
1043 741 1109 808 τῇ
1139 737 1264 808 δόξῃ
1295 735 1533 806 διαφορά
1561 736 1698 787 ἐστι·
1731 732 1827 785 καὶ

237 841 303 892 ὲν
334 838 471 907 αὐτῇ
501 840 567 906 τῇ
595 836 809 905 γεέννῃ,
838 834 934 885 καὶ
962 833 1029 901 τῇ
1060 829 1280 883 κολάσει
1306 827 1586 896 φαίνονται
1616 826 1664 877 οἱ
1690 842 1828 894 φαρ-

243 930 435 1000 μακοὶ,
472 928 568 980 καὶ
599 928 647 978 οἱ
673 925 888 996 λῃσταὶ,
919 924 1013 976 καὶ
1043 921 1194 976 ἄλλοι
1223 920 1273 971 οἱ
1306 917 1479 988 μικρὰ
1500 914 1829 986 πλημμελή-

241 1035 465 1082 σαντες.
519 1018 582 1070 Ol
621 1016 679 1069 δὲ
714 1015 986 1083 λέγοντες,
1017 1012 1133 1067 Μία
1157 1011 1276 1064 ἐστὶ
1304 1008 1573 1079 βασιλεία,
1606 1007 1701 1060 καὶ
1731 1006 1830 1075 μία

238 1111 473 1179 γέεννα,
512 1107 610 1161 καὶ
649 1106 749 1160 οὐκ
781 1107 887 1158 εἰσὶ
920 1104 1143 1175 βαθμοὶ,
1180 1102 1366 1165 κακῶς
1395 1100 1632 1167 λέγουσι.
1667 1098 1830 1150 Πόσοι

240 1202 356 1271 γάρ
401 1202 509 1252 εἱσι
557 1198 814 1268 κοσμικοὶ
859 1196 956 1249 νῦν
1005 1198 1085 1259 είς
1125 1194 1330 1264 θέατρα
1378 1192 1698 1262 στήκοντες,
1738 1188 1831 1242 καὶ

242 1292 441 1354 λοιπὰς
472 1290 697 1357 ἀταξίας
724 1290 736 1343 Ῑ
792 1290 889 1341 καὶ
915 1288 1075 1341 πόσοι
1098 1287 1237 1339 εἰσὶν
1267 1285 1393 1355 ἄρτι
1420 1283 1705 1353 εὐχόμενοι
1735 1282 1832 1336 καὶ

246 1383 578 1454 φοϐούμενοι
625 1380 716 1433 τὸν
756 1380 921 1432 Θεόνί
974 1377 1182 1439 τούτοις
1212 1377 1305 1430 οῦν
1339 1377 1615 1437 κάκείνοις
1644 1375 1671 1426 ὁ
1700 1373 1833 1437 Θεὸς

246 1478 507 1545 προσέχει
530 1490 544 1503 ’
602 1472 699 1526 καλ⁸
728 1471 802 1535 ὡς
832 1471 1228 1540 δικαιοκρίτης,
1261 1472 1373 1532 τοῖς
1401 1469 1498 1539 μὲν
1525 1466 1834 1522 ἀνάπαυσιν

246 1565 551 1636 ὲτοιμάζει,
583 1566 698 1627 τοῖς
725 1562 783 1616 δὲ
813 1562 1057 1617 κόλασιν.

320 1744 399 1800 E'.
445 1744 657 1811 Ὥσπερ
687 1741 742 1793 δὲ
776 1735 1129 1805 ζευγνύοντες
1161 1734 1438 1805 ἄνθρωποι
1470 1734 1699 1799 ἵππους,
1741 1732 1835 1785 καὶ

1926 555 2225 618 Dominus,
2262 564 2319 608 et
2360 552 2583 622 quidem
2626 553 2770 609 bene
2809 554 3128 624 agentibus,
3163 556 3407 625 quietem
3449 569 3507 612 ct

1927 647 2215 718 praemium
2248 645 2495 715 largitur.
2529 644 2671 700 Sunt
2699 646 2848 700 enim
2878 661 3148 701 mensurae
3176 648 3406 718 exiguae.
3437 649 3507 703 Et

1930 740 1983 794 in
2017 740 2136 808 ipso
2168 738 2378 792 lumine
2412 754 2476 792 ac
2506 738 2679 807 gloria
2713 737 3083 807 discrepantia
3114 740 3360 808 quaedam
3397 750 3502 793 est.

1927 830 1988 883 In
2038 829 2155 897 ipsa
2207 843 2374 897 porro
2421 827 2671 897 gehenna
2719 836 2775 881 et
2822 828 3097 897 supplicio
3145 829 3507 882 inveniuntur

1928 916 2181 983 veneﬁci,
2210 918 2452 972 latrones
2482 926 2537 970 et
2568 916 2683 979 alii,
2716 916 2811 985 qui
2847 916 2986 971 levia
3015 928 3238 986 peccata
3273 917 3507 972 commi-

1929 1020 2141 1066 serunt.
2170 1009 2275 1077 Qui
2304 1024 2437 1064 vero
2463 1016 2736 1072 asserunt,
2765 1009 2990 1063 unicum
3021 1024 3142 1063 esse
3177 1024 3425 1078 regnum,
3452 1020 3509 1065 et

1934 1102 2153 1157 unicam
2203 1101 2545 1172 gehennam,
2604 1114 2707 1154 nec
2755 1115 2877 1154 esse
2925 1100 3160 1170 gradus,
3218 1117 3505 1170 perperam

1929 1189 2253 1257 loquuntur.
2287 1186 2444 1258 134
2483 1187 2626 1253 Quot
2657 1188 2804 1241 enim
2844 1197 2973 1241 sunt
3007 1188 3173 1243 modo
3213 1191 3503 1252 mundani,

1932 1278 2025 1347 qui
2082 1278 2411 1346 spectaculis
2470 1288 2527 1333 et
2578 1277 2702 1332 aliis
2756 1278 3012 1333 absurdis
3069 1281 3237 1335 rebus
3295 1282 3510 1335 hzcrent

1934 1369 2171 1423 intenti?
2220 1369 2289 1423 Et
2336 1377 2470 1438 quot
2493 1378 2624 1424 sunt
2674 1369 2840 1423 modo
2882 1370 2976 1438 qui
3027 1370 3396 1439 deprecantur
3444 1389 3509 1426 ac

1934 1467 2190 1512 metuunt
2213 1457 2422 1511 Deum?
2454 1458 2551 1511 His
2584 1456 2751 1527 igitur
2779 1466 2834 1511 et
2861 1458 2969 1513 illis
3001 1459 3234 1514 attendit
3262 1462 3426 1523 Deus,
3451 1468 3508 1514 et

1934 1550 2085 1603 velut
2113 1550 2295 1619 justus
2322 1547 2523 1617 judex,
2552 1548 2640 1602 his
2673 1548 2919 1617 requiem
2940 1588 2954 1614 ,
2982 1550 3094 1604 illis
3124 1566 3260 1605 vero
3291 1542 3531 1621 supplii

1935 1640 2080 1695 cium
2109 1645 2404 1708 praeparat.

2007 1731 2074 1786 γ.
2107 1729 2579 1796 Quemadmodum
2623 1738 2805 1784 autem
2842 1728 3097 1784 homines
3135 1731 3229 1801 qui
3270 1731 3508 1802 jungunt

246 1838 479 1908 ἅρματα
524 1810 833 1905 ἡνιοχοῦσι,
886 1830 980 1882 καὶ
1025 1828 1150 1881 κατ’
1190 1827 1438 1897 ἀλλήλων
1482 1824 1832 1879 ἐλαύνουσιν·

1947 1835 2149 1891 equos,
2188 1835 2389 1875 currus
2434 1820 2715 1890 dirigunt,
2758 1827 2813 1874 et
2858 1820 3123 1874 adversus
3167 1836 3224 1873 se
3271 1821 3505 1874 invicem

246 1932 485 1991 ἕκαστος
513 1928 622 1996 γὰρ
652 1924 979 1993 ἀγωνίζεται
997 1962 1011 1985 ,
1054 1921 1173 1983 πῶς
1205 1919 1353 1989 ῥίψει
1382 1919 1479 1971 καὶ
1505 1918 1714 1987 κινήσει
1744 1916 1834 1969 τὸν

251 2021 314 2085 ἐξ
344 2014 592 2080 ὲναντίας
614 2032 627 2044 ·
684 2015 855 2076 οὕτως
884 2012 1034 2065 ἐστὶν
1080 2012 1138 2063 ὲν
1176 2012 1243 2081 τῇ
1274 2008 1474 2080 καρδίᾳ
1500 2006 1609 2060 τῶν
1635 2008 1836 2073 ἀγωνι-

251 2112 521 2182 ζομένων,
559 2108 782 2176 θέατρον
808 2106 917 2157 τῶν
942 2101 1197 2173 πονηρῶν
1223 2100 1548 2169 πνευμάτων
1575 2098 1837 2153 παλαιόν-

249 2222 367 2257 των
415 2204 481 2270 τῇ
528 2200 718 2269 ψυχῇ,
771 2196 866 2249 καὶ
904 2193 1041 2247 Θεοῦ
1077 2193 1170 2246 καὶ
1203 2193 1453 2259 ἀγγέλων
1488 2191 1837 2261 θεωρούντων

251 2298 348 2349 τὸν
374 2292 580 2361 ἀγῶνα·
616 2288 804 2342 λοιπὸν
835 2287 956 2340 καθ’
986 2286 1226 2354 ἑκάστην
1254 2284 1403 2354 ὥραν
1433 2281 1707 2346 κτίζονται
1734 2280 1839 2333 ὑπὸ

252 2388 359 2456 τῆς
386 2384 564 2454 ψυχῆς
598 2380 783 2434 πολλοὶ
814 2377 1067 2447 λογισμοὶ
1099 2375 1286 2446 νεαροί
1309 2392 1323 2405 ο
1378 2375 1578 2443 ὁμοίως
1612 2374 1703 2425 καὶ¹
1734 2370 1839 2424 ὑπὸ

253 2482 355 2549 τῆς
387 2476 584 2537 κακίας
616 2473 784 2526 ἔνδον.
821 2470 931 2524 Καὶ
958 2470 1067 2536 γὰρ
1101 2470 1133 2538 ἡ
1159 2468 1302 2537 ψυχὴ
1336 2465 1565 2528 πολλοὺς
1591 2464 1840 2535 ἀποκρύ-

256 2588 395 2643 φους
426 2570 538 2639 ἔχει
569 2565 858 2634 λογισμοὺς
883 2602 898 2624 ,
948 2562 1043 2615 καὶ
1078 2563 1135 2613 ἐν
1164 2560 1298 2629 αὐτῇ
1327 2561 1394 2629 τῇ
1421 2557 1541 2628 ὥρᾳ
1569 2558 1834 2629 προφέρει

255 2666 358 2719 καὶ
400 2659 566 2729 γεννᾷ
586 2674 599 2686 ·
657 2656 752 2708 καὶ
797 2652 936 2722 αὑτὴ
981 2652 1015 2721 ἡ
1040 2650 1210 2704 κακία
1239 2648 1535 2717 λογισμοὺς
1564 2648 1678 2716 ἔχει
1709 2645 1841 2698 πολ-

254 2755 423 2819 λοὺς,
478 2751 571 2805 καὶ
618 2744 1057 2817 ἐπιτηδεύματα,
1104 2744 1199 2795 καὶ
1230 2741 1352 2794 καθ’
1382 2740 1530 2811 ὥραν
1558 2740 1722 2808 γεννᾷ
1749 2737 1840 2789 λο-

257 2844 494 2915 γισμοὺς
540 2838 765 2910 νεαροὺς
816 2834 960 2889 κατά
1000 2834 1098 2902 τῆς
1138 2831 1336 2901 ψυχῆς.
1376 2831 1489 2883 Καὶ⁸
1520 2828 1629 2898 γὰρ
1660 2829 1688 2879 ὁ
1716 2825 1842 2889 νοῦς

255 2936 477 3010 ἡνίοχός
536 2935 652 2986 ἐστι
691 2930 786 2983 καὶ
815 2926 1071 2994 ζεύγνυσι
1102 2924 1165 2977 τὸ
1193 2922 1345 3010 ἀρμα
1372 2921 1473 2990 τῆς
1500 2920 1679 2989 ψυχῆς
1707 2934 1842 2971 κατ-

259 3006 406 3097 έχων
434 3022 594 3094 ἡνίας
621 3021 727 3073 τῶν
756 3014 1034 3085 λογισμῶν
1053 3030 1067 3045 ·
1106 3012 1201 3065 καὶ
1230 3006 1332 3067 ὧδε
1361 3010 1544 3080 τρέχει
1578 3007 1720 3062 κατά
1746 3006 1841 3059 τοῦ

257 3122 509 3190 ἅρματος
559 3112 655 3167 τοῦ
703 3109 919 3163 Σατανᾶ
942 3148 959 3176 ,
1008 3107 1141 3160 ὅπου
1178 3104 1273 3158 καὶ
1296 3103 1461 3166 αὐτὸς
1486 3100 1672 3167 ἔζευξε
1700 3097 1842 3154 κατὰ

252 3212 362 3281 τῆς
388 3208 589 3279 ψυχῆςο

318 3297 774 3368 εἶ’.Ἐρὼτησις.
810 3296 879 3348 El
908 3289 1257 3354 ἀνάπαυσις
1284 3288 1456 3341 ἐστιν
1488 3287 1526 3355 ἡ
1557 3284 1842 3354 ψυχὴῶ),

256 3393 391 3455 πῶς
417 3390 669 3457 λέγουσι
706 3402 885 3451 τινες,
942 3383 1030 3438 ὅτι
1061 3384 1143 3435 Οὐ
1190 3380 1493 3449 δυνάμεθα
1529 3378 1843 3443 εὔξασθαι,

258 3485 410 3539 οὐδὲ
438 3481 850 3549 ὑπομένουσιν
881 3478 949 3530 ἐν
977 3475 1050 3543 τῇ
1073 3472 1226 3541 εὐχῇ
1249 3488 1267 3535 ;

349 3576 718 3639 Ἀπόκρισις.
772 3570 921 3639 Αὐτὴ
964 3569 1000 3637 ἡ
1034 3567 1343 3627 ἀνάπαυσις
1374 3562 1746 3628 πλεονάζουσα
1771 3561 1848 3614 δίι-

156 3722 159 3725 .
260 3670 401 3722 δωσι
452 3665 737 3733 σπλάγχνα
780 3661 876 3715 καὶ
908 3657 1187 3720 διακονίας
1218 3657 1435 3727 ἐτέρας,
1468 3651 1578 3709 οἷον
1604 3656 1699 3709 τοῦ
1727 3656 1849 3707 ἐπι-

265 3758 574 3829 σκέψασθαι
607 3757 733 3817 τοὺς
761 3752 1044 3822 ἀδελφοὺς,
1062 3748 1155 3803 τοῦ
1186 3750 1266 3811 εἰς
1298 3749 1389 3803 τὸν
1413 3749 1570 3816 λόγον
1598 3747 1849 3815 διακονῆ-

266 3871 385 3906 σαι.
424 3850 533 3903 Kal
563 3848 701 3917 αὑτὴ
730 3848 764 3917 ἡ
794 3845 957 3914 φύσις
991 3843 1134 3896 θέλει
1163 3841 1417 3896 ἀπελθεῖν
1445 3842 1540 3893 καὶ
1568 3841 1697 3893 ἰδεῖν
1719 3839 1848 3900 τοὺς

265 3942 532 4009 ἀδελφοὺς
566 3939 797 4007 λαλῆσαι
826 3936 1005 4004 λόγον.
1054 3934 1225 3987 Οὐδὲν
1255 3931 1365 4002 γὰρ
1399 3933 1456 3984 ὲν
1484 3930 1620 4000 πυρὶ
1646 3928 1849 3999 βαλλό-

270 4049 435 4105 μενον
464 4031 691 4083 δύναται
723 4028 906 4097 μένειν
938 4028 997 4079 ὲν
1024 4028 1093 4097 τῇ
1127 4025 1233 4095 ἰδίᾳ
1258 4024 1451 4093 φύσει,
1489 4021 1606 4075 ἀλλ’
1634 4020 1850 4088 ἀνάγκη

268 4126 371 4181 καὶ
407 4122 540 4176 αὐτὸ
608 4118 854 4187 γίνεσθαι
893 4117 1026 4188 πῦρ.
1071 4119 1168 4171 Ὃν
1197 4116 1395 4186 τρόπον
1428 4113 1524 4167 εὰν
1555 4112 1722 4184 βάλῃς
1750 4110 1851 4164 κά-

269 4219 481 4288 χλτικας
509 4214 590 4275 εἰς
614 4210 746 4281 πῦρ,
776 4210 956 4276 ὀλίγος
984 4208 1196 4276 γίνεται
1222 4206 1486 4268 ἄσϐεστος
1511 4222 1524 4234 ·
1568 4205 1661 4257 καὶ
1694 4204 1743 4254 εί
1774 4203 1854 4266 είς

272 4307 571 4369 θάλασσαν,
596 4301 825 4354 ἐπιπολὺ
856 4298 1155 4353 καταδῦναι
1188 4297 1283 4351 καὶ
1303 4296 1560 4352 ἀπελθεῖν
1585 4297 1664 4358 είς
1690 4295 1853 4362 μέσον

272 4396 533 4460 πέλαγος,
572 4387 1027 4451 καταποντίζεται
1058 4388 1149 4439 καὶ
1177 4385 1390 4453 ἀφανὴς
1435 4385 1643 4453 γίνεται
1671 4400 1684 4413 ·
1720 4385 1747 4435 ὁ
1775 4382 1852 4448 δὲ,

1937 1912 2264 1981 impellunt;
2321 1912 2555 1981 quilibet
2602 1912 2749 1967 enim
2797 1926 2991 1966 eorum
3040 1909 3360 1973 contendit;
3402 1925 3509 1978 qua

1937 2004 2152 2059 ratione
2193 2012 2506 2074 prosternat
2538 2012 2594 2057 et
2627 2011 2852 2073 superet
2881 2003 3260 2058 adversarium
3295 2020 3307 2055 :
3345 2004 3417 2055 ita
3450 2017 3509 2055 se

1936 2095 2107 2150 habet
2140 2095 2193 2149 in
2229 2094 2395 2149 corde
2427 2096 2783 2159 certantium,
2812 2094 3187 2163 spectaculum
3228 2092 3511 2162 improbo—

1937 2203 2059 2241 rum
2096 2187 2389 2256 spirituum
2422 2201 2547 2241 cum
2583 2185 2760 2240 anima
2798 2185 3123 2239 luctantium
3147 2224 3161 2248 ,
3190 2184 3301 2237 Deo
3334 2193 3388 2236 et
3417 2198 3518 2235 an-

1936 2277 2073 2347 gelis
2112 2285 2395 2331 certamen
2435 2275 2832 2344 spectantibus.
2863 2274 3050 2341 Itaque
3088 2270 3318 2341 singulis
3360 2269 3516 2322 horis

1938 2367 2325 2437 producuntur
2365 2368 2434 2421 ab
2472 2365 2886 2432 animagmultxe
2925 2370 3181 2417 recentes
3221 2359 3511 2431 cogitatio-

1938 2472 2071 2523 nes;
2108 2458 2301 2513 itidem
2333 2474 2362 2512 a
2394 2458 2533 2511 vitio
2567 2472 2788 2525 quoque
2830 2457 3092 2511 interius.
3123 2452 3320 2506 Anima
3363 2448 3511 2504 enim

1938 2554 2142 2606 multas
2169 2550 2482 2606 reconditas
2512 2550 2678 2602 habet
2703 2548 3091 2617 cogitationes.
3122 2559 3259 2614 quas
3302 2543 3368 2597 ad
3411 2543 3514 2594 ho-

1940 2660 2055 2698 ram
2083 2644 2256 2713 ipsam
2288 2650 2543 2711 procreat
2567 2649 2620 2695 et
2643 2639 2832 2709 gignit.
2860 2640 3042 2707 Ipsum
3070 2650 3290 2705 quoque
3317 2634 3515 2687 vitium

1939 2736 2242 2805 permultas
2268 2733 2435 2787 habet
2458 2732 2817 2801 cogitationes
2843 2718 2898 2783 et
2925 2729 3129 2791 studia,
3150 2735 3206 2782 et
3230 2727 3297 2780 ad
3323 2726 3515 2778 horam

1942 2826 2200 2896 producit
2219 2825 2579 2895 cogitationes
2602 2837 2772 2876 novas
2795 2820 3060 2875 adversus
3080 2819 3337 2873 animam.
3367 2817 3521 2869 Mens

1941 2918 2147 2973 ctenim
2171 2916 2359 2986 auriga
2381 2914 2819 2984 est,quaejungit
2840 2926 3067 2966 currum
3092 2909 3519 2971 animaa,tencns

1942 3011 2189 3066 habenas
2218 3010 2609 3082 cogitationum
2656 3024 2670 3061 :
2711 3016 2767 3060 et
2797 3005 2974 3060 currit
3004 3003 3119 3057 illic
3155 3009 3345 3057 contra
3386 3014 3518 3053 cur-

1947 3121 2072 3163 rum
2100 3104 2315 3160 Satanae
2344 3102 2438 3158 ubi
2468 3102 2586 3174 ipse
2612 3113 2831 3171 quoque
2857 3095 3040 3166 iunxit
3066 3108 3290 3149 currum
3323 3090 3523 3145 adver-

1946 3212 2039 3252 sus
2066 3197 2325 3251 animam.

2016 3289 2103 3344 Vl.
2145 3288 2517 3357 Interrogatio.
2564 3283 2621 3339 Si
2671 3285 2815 3354 quies
2861 3288 2937 3336 est
2979 3278 3192 3345 anima,
3226 3292 3326 3344 quo
3372 3281 3523 3342 pacto

1946 3379 2125 3433 dicunt
2167 3378 2333 3447 aliqui
2374 3394 2467 3431 nos
2505 3391 2610 3430 non
2647 3389 2796 3445 posse
2837 3388 3028 3435 orare,
3061 3386 3154 3423 nec
3192 3371 3524 3421 versetterant

1945 3471 2003 3524 in
2032 3470 2308 3524 oratione?

2016 3565 2325 3635 Responsio.
2374 3563 2495 3631 Ipsa
2541 3560 2764 3628 requies
2810 3558 2855 3611 si
2907 3554 3180 3615 abundet,
3215 3547 3529 3619 suppeditat
3576 3568 3581 3573 ο

1948 3659 2161 3712 viscera
2210 3653 2603 3709 misericordia:
2654 3661 2820 3719 atque
2865 3648 2971 3702 alia
3012 3642 3304 3711 obsequia,
3340 3638 3525 3700 velut,

1948 3747 2209 3805 visitandi
2253 3746 2486 3809 fratres,
2520 3739 2869 3796 ministrandi
2905 3736 3096 3793 verbo.
3142 3734 3264 3803 Ipsa
3308 3742 3528 3799 quoque

1949 3847 2149 3894 natura
2198 3834 2478 3890 desiderat
2531 3829 2822 3902 progredi,
2867 3836 2923 3881 et
2968 3825 3150 3880 visere
3201 3821 3404 3875 fratres
3456 3816 3527 3871 ad

1952 3926 2292 4000 loquendum
2320 3924 2572 3979 verbum.
2597 3921 2745 3977 Nihil
2776 3920 2924 3975 enim
2952 3924 3058 3981 est,
3083 3914 3229 3985 quod
3262 3915 3316 3966 in
3346 3912 3528 4000 ignem

1953 4020 2298 4089 conjectum,
2339 4022 2520 4084 potest
2558 4024 2885 4080 permanere
2931 4008 2989 4061 in
3024 4022 3122 4060 sua
3166 4013 3393 4063 natura,
3433 3996 3529 4052 sed

1954 4124 2180 4166 necesse
2202 4120 2286 4163 est
2306 4108 2483 4177 ipsum
2507 4119 2727 4174 quoque
2751 4102 2807 4156 in
2840 4101 3019 4171 ignem
3045 4096 3293 4153 converti
3323 4114 3335 4148 :
3361 4092 3532 4147 veluti

1956 4202 2002 4257 si
2029 4199 2287 4271 projicias
2315 4196 2534 4267 lapillos
2563 4196 2618 4248 in
2649 4194 2854 4264 ignem,
2879 4188 3179 4259 pauxillum
3207 4182 3534 4253 producitur

1956 4293 2148 4348 calcis.
2177 4289 2273 4345 Sin
2310 4289 2367 4342 in
2402 4301 2553 4341 mare
2590 4285 2778 4339 mittas
2810 4279 3148 4351 quempiam,
3176 4276 3237 4329 fit
3266 4285 3327 4329 ut
3357 4272 3535 4344 pluri-

1958 4398 2132 4445 mum,
2164 4389 2225 4435 ut
2252 4380 2542 4435 demersus
2571 4388 2627 4431 et
2654 4375 2871 4430 delatus
2908 4372 2963 4425 in
3002 4369 3248 4424 medium
3287 4368 3534 4437 pelagus,

272 4487 421 4541 κατά
470 4481 678 4552 βαθμὸν
723 4479 1140 4549 εἰσερχόμενος,
1192 4475 1355 4529 πάλιν
1392 4475 1660 4546 ἀναϐῆναι
1691 4472 1832 4525 θέλει

1962 4474 2221 4530 ﬂuctibus
2247 4472 2538 4535 obruatur,
2567 4478 2623 4524 et
2647 4468 2825 4521 visum
2859 4464 3106 4533 effugiat.
3132 4461 3236 4528 Qui
3266 4475 3399 4515 vero
3437 4475 3538 4529 per

272 4576 376 4630 καὶ
422 4572 750 4627 ἐπιπλεῦσαι
803 4569 900 4623 καὶ
932 4568 1170 4632 ἐξελθεῖν
1223 4568 1306 4629 εἰς
1357 4565 1575 4635 λιμένα,
1608 4565 1703 4618 καὶ
1732 4565 1839 4617 ἰδεῖπ

1956 4567 2161 4639 gradus
2192 4553 2522 4634 ingreditur,
2554 4560 2736 4615 denuo
2771 4556 3074 4611 ascendere
3112 4553 3408 4617 desiderat,
3435 4552 3536 4605 ad-

271 4668 403 4728 τοὺς
440 4666 530 4719 ἐπὶ
555 4664 657 4733 γῆς
687 4661 1008 4732 ἀνθρώπους
1033 4674 1048 4690 ⁶
1086 4658 1258 4721 οὕτως
1293 4658 1389 4710 καὶ
1420 4660 1500 4720 εἰς
1525 4660 1586 4709 τὸ
1613 4673 1839 4724 πνευμα⁴

1959 4660 2218 4730 navigare
2244 4668 2301 4712 et
2330 4654 2517 4726 egredi
2550 4652 2617 4706 ad
2648 4658 2889 4721 portum,
2916 4656 2978 4701 ut
3007 4647 3254 4717 aspiciat,
3282 4645 3373 4713 qui
3409 4650 3539 4697 sunt

273 4757 428 4812 τικὸν
478 4752 789 4825 εἰσέρχεται
835 4769 919 4814 τις
964 4753 1044 4815 εις
1087 4750 1250 4820 βάθος
1284 4749 1540 4818 χάριτος,
1577 4748 1671 4801 καὶ
1702 4746 1839 4799 πάλι·

1963 4751 2019 4804 ἰη
2051 4748 2234 4811 terris,
2264 4744 2516 4800 homines
2543 4760 2556 4795 :
2587 4742 2669 4797 sic
2694 4754 2915 4809 quoque
2945 4739 3003 4792 in
3029 4753 3089 4792 re
3120 4734 3415 4806 spirituali,
3441 4733 3540 4786 ali—

278 4845 613 4919 μνημονεύει
659 4842 767 4895 τῶν
813 4841 1045 4911 ἑταίρων
1087 4839 1289 4904 αὑτοῦ,
1349 4838 1443 4891 καὶ
1472 4838 1611 4906 αὑτὴ
1642 4838 1676 4907 ἡ
1706 4838 1835 4904 φύσι

1964 4841 2091 4910 quis
2117 4838 2173 4892 in
2201 4835 2537 4907 profundum
2568 4832 2757 4903 gratiae
2780 4829 3082 4899 ingressus,
3108 4840 3328 4880 rursum
3353 4838 3542 4878 recor-

276 4916 427 4993 θέλει
460 4937 719 4992 ἀπελθεῖν
746 4936 826 4998 εἰς
851 4933 1138 5002 ἀδελφοὺς,
1172 4930 1574 5003 ἀποπληρῶσαι
1602 4929 1699 5001 τὴν
1726 4931 1839 4997 ἀγάε

1965 4934 2129 4986 datur
2157 4929 2434 4985 sociorum
2463 4940 2712 4989 suorum,
2741 4921 2994 4992 quinimo
3024 4920 3139 4988 ipsa
3168 4926 3364 4971 natura
3397 4916 3543 4970 desi-

275 5048 414 5100 πην,
450 5027 873 5098 πληροφορῆσαι
901 5024 1083 5092 λόγον.

1962 5024 2119 5077 derat
2149 5020 2417 5076 accedere
2453 5017 2521 5071 ad
2558 5015 2786 5079 fratres,
2814 5012 3045 5083 implere
3077 5009 3435 5073 charitatem,
3485 5016 3544 5061 et

1964 5114 2335 5169 corroborare
2365 5108 2618 5162 verbum.

2035 5204 2147 5258 VII.
2179 5201 2552 5271 Interrogatio.
2581 5195 2693 5260 Quo
2729 5204 2882 5265 pacto
2916 5200 3129 5263 possunt
3162 5193 3280 5246 duo!
3309 5206 3545 5261 persona:

1968 5298 2019 5349 in
2051 5296 2207 5347 corde
2236 5293 2539 5353 consistere,
2567 5289 2742 5359 gratia
2769 5287 3021 5343 nimirum
3053 5298 3099 5339 et
3128 5285 3436 5357 peccatum?

369 5394 735 5459 Ἀπόκρισις.
773 5389 984 5457 Ὥσπερ
1018 5387 1145 5439 ὅταν
1242 5383 1353 5454 πῦρ
1383 5382 1580 5447 ἔξωθεν
1612 5383 1837 5451 χαλκίον

2041 5386 2347 5454 Responsio.
2376 5383 2850 5446 Quemadmodum
2892 5387 2938 5439 si
2977 5386 3048 5438 sit
3088 5383 3229 5454 ignis
3264 5390 3419 5436 extra
3453 5396 3546 5434 vas

276 5484 473 5543 λοιπὸν
523 5482 617 5535 ὲάν
666 5478 945 5549 ὑποϐάλῃς
997 5476 1167 5541 ξύλα,
1224 5475 1330 5528 ίδοὺ
1364 5472 1599 5544 ἐκπυρον
1631 5473 1838 5541 γίνεται

1969 5491 2215 5538 aeneum,
2245 5484 2502 5529 caeterum
2528 5474 2572 5528 si
2600 5474 2904 5545 subjeceris
2931 5475 3098 5545 ligna,
3131 5488 3259 5529 ecce
3289 5472 3550 5527 accendi-

280 5581 383 5637 καὶ
409 5578 471 5630 τὸ
497 5575 699 5630 ἔσωθεν
726 5573 820 5626 τοῦ
846 5546 1074 5635 σκεύους
1102 5572 1311 5640 ἕψεται,
1350 5568 1442 5622 καὶ
1478 5567 1725 5637 βράσσει,
1762 5567 1839 5620 τοὶ

1971 5576 2063 5623 tur
2098 5567 2209 5633 ille,
2241 5575 2297 5622 et
2326 5566 2474 5637 quod
2510 5567 2653 5622 intra
2684 5581 2781 5622 vas
2813 5574 2919 5634 est,
2950 5568 3228 5637 coquitur,
3260 5573 3317 5621 et
3348 5546 3542 5631 fervet,

363 5214 433 5265 Z'.
481 5210 820 5276 Ἐρώτησις.
858 5203 991 5269 Πῶς
1020 5202 1270 5255 δύναται
1304 5201 1377 5253 τὰ
1421 5200 1530 5253 δύο
1575 5180 1891 5266 πρόσωπα⁹

274 5301 437 5361 εἷναι
468 5302 536 5354 ὲν
562 5299 635 5367 τῇ
665 5296 896 5364 καρδίᾳ,
928 5295 1025 5347 καὶ
1055 5294 1093 5359 ἢ
1126 5292 1295 5361 χάρις
1324 5291 1420 5344 καὶ
1452 5291 1488 5358 ἡ
1518 5291 1810 5359 ἁμαρτία;

363 5773 439 5842 (5)
470 5773 638 5844 Εὐχή,
672 5768 864 5833 oratio,
897 5768 1001 5840 legi
1034 5768 1215 5826 debet.
