3980 6466
491 377 594 440 ’767

1727 372 1772 431 S
1827 369 2148 430 MACARII
2186 367 2510 432 EGYPTII

3616 379 3708 443 768

487 490 614 559 igne
642 484 957 541 extrinseco
984 495 1218 537 accenso
1245 497 1261 536 :
1293 481 1340 536 si
1365 497 1498 536 vero
1522 480 1646 551 quis
1673 481 1932 550 negligat,
1963 495 2068 536 nec

2196 481 2342 551 τυρὺς
2379 480 2578 545 ἔξωθεν
2610 481 3010 553 ὑποκαιομένου
3033 497 3050 513 °
3105 483 3157 537 εί
3183 482 3240 537 δέ
3264 501 3347 548 τις
3373 486 3606 561 ἀμιλήσῃ
3637 493 3716 548 καὶ

485 579 635 650 ligna
679 576 990 636 submittat,
1021 574 1215 644 incipit
1255 573 1496 642 tepidior
1538 572 1772 642 evadere
1816 573 1978 642 ignis,
2011 583 2068 628 et

487 667 890 739 propemodum
932 665 1208 734 exstingui
1252 682 1266 718 :
1308 664 1388 718 sic
1426 679 1645 732 quoque
1685 662 1892 733 gratia,
1928 664 2068 734 ignis

492 761 758 814 nimirum
804 755 1046 811 caelestis
1081 755 1221 807 intra
1269 762 1322 807 te
1365 763 1468 808 est.
1508 754 1694 821 Itaque
1729 753 1775 807 si
1813 763 2070 822 precatus

490 852 694 913 fueris,
722 865 787 903 ac
821 847 1126 903 contuleris
1157 845 1521 914 cogitationes
1555 853 1676 897 tuas
1709 843 1777 897 ad
1815 844 2069 898 dilectio-

492 956 618 994 nem
665 940 893 1000 Christi,
925 937 1052 991 vide
1098 951 1208 1004 quo
1258 945 1417 1004 pacto
1461 933 1766 1002 subjeceris
1817 935 1988 1004 ligna,
2016 943 2073 987 et

491 1033 737 1087 evadunt
779 1030 1144 1099 cogitationes
1195 1035 1300 1079 tuae
1349 1025 1403 1078 in
1455 1026 1654 1094 ignem,
1685 1034 1742 1080 et
1783 1027 2072 1095 tinguntur

493 1121 778 1175 desiderio
813 1120 931 1173 Dei.
967 1119 1033 1171 Et
1064 1117 1193 1170 licet
1223 1114 1444 1169 secedat
1473 1115 1745 1183 Spiritus,
1779 1117 1874 1184 qui
1917 1125 2074 1170 extra

495 1219 549 1264 te
589 1220 693 1269 est.
722 1208 1085 1262 nihilominus
1123 1206 1288 1259 etiam
1332 1205 1473 1258 intra
1514 1214 1712 1263 te‘est.
1738 1213 1795 1259 et
1827 1215 1980 1258 extra
2022 1215 2076 1260 te

495 1311 740 1369 apparet.
766 1299 920 1365 Quod
955 1298 1000 1352 si
1030 1313 1162 1350 vero
1192 1296 1319 1365 quis
1347 1295 1601 1350 socordia
1633 1296 1907 1361 diﬂluens,
1935 1312 2076 1366 pau-

494 1393 666 1462 lisper
707 1407 766 1444 se
823 1391 1001 1458 ipsum
1052 1388 1234 1442 tradat
1277 1395 1373 1440 aut
1424 1387 1718 1440 mundanis
1766 1388 1934 1441 rebus
1984 1396 2078 1441 aut

495 1482 974 1551 occupationibus,
997 1481 1182 1534 denuo
1213 1479 1370 1548 135
1395 1479 1609 1533 accedit
1632 1479 1848 1542 vitium,
1873 1479 2080 1533 induite

497 1590 605 1643 que
645 1575 904 1633 animam,
937 1587 1003 1626 ac
1043 1581 1218 1626 totum
1262 1571 1540 1624 hominem
1579 1571 1820 1641 afﬂigere
1861 1571 2077 1638 incipit.

501 1662 848 1717 Recordalur
879 1676 1010 1730 ergo
1041 1661 1222 1713 anima
1257 1659 1458 1728 prioris
1487 1658 1717 1726 requiei,
1751 1667 1914 1728 atque
1945 1659 2083 1714 inci-

501 1755 581 1824 pit
607 1753 790 1822 affligi,
821 1761 878 1806 et
909 1751 1189 1806 continuis
1214 1749 1476 1804 aerumnis
1507 1748 1667 1813 afﬁci,

2175 573 2249 641 μὴ
2282 572 2527 642 ὑποϐάλῃ
2555 571 2710 638 ξύλα,
2740 574 2965 642 ἄρχεται
2994 575 3356 646 χλιαρὼτερον
3381 577 3719 645 γίγνεσθαιτὸ

2172 656 2282 726 πῦρ
2299 695 2315 718 ,
2353 659 2446 710 καὶ
2484 657 2670 729 ὥσπερ
2698 661 3195 714 κατασϐέννυσθαι·
3228 664 3400 726 οὕτως
3423 666 3513 717 καὶ
3531 668 3563 734 ἡ
3583 668 3721 736 χάρις

2170 749 2232 800 τὺ
2262 747 2373 818 πῦρ
2402 749 2463 800 τὸ
2493 750 2742 818 οὐράνιον
2771 751 2867 804 καὶ
2895 751 3100 805 έσωθέν
3128 753 3222 806 σού
3253 757 3390 808 ἐστι.
3427 758 3617 809 Λοιπδν
3643 761 3723 811 ἐὰν

2173 835 2326 906 εὔξῃ,
2363 839 2459 891 καὶ
2487 838 2666 911 δώσῃς
2695 842 2821 904 τοὺς
2848 841 3146 909 λογισμούς
3175 859 3268 895 σου
3301 845 3383 906 είς
3407 845 3619 915 ἀγάπην
3644 849 3722 900 τοῦ

2172 929 2408 1000 Χριστοῦ
2429 969 2444 995 ,
2496 931 2572 983 ἴδε
2621 931 2738 994 πῶς
2785 932 3054 996 ὑπέϐαλες
3083 933 3152 985 τά
3182 932 3312 997 ξύλα
3333 975 3348 996 ,
3388 935 3484 987 καὶ
3511 936 3725 1002 γίνονται

2172 1023 2220 1073 οἱ
2250 1021 2498 1090 λογισμοί
2525 1039 2617 1075 σου
2645 1024 2777 1092 πῦρ,
2801 1026 2895 1077 καὶ
2922 1024 3215 1094 βάπτονται
3246 1025 3326 1089 είς
3352 1026 3448 1078 τὸν
3471 1028 3625 1080 πόθον
3649 1029 3728 1084 τοῦ

2174 1113 2332 1167 Θεοῦ.
2385 1115 2450 1167 Et
2487 1114 2542 1166 δὲ
2576 1116 2670 1167 xal.
2704 1117 2980 1186 ὑποχωρεῖ
3022 1118 3082 1168 τὸ
3116 1116 3338 1182 Πνεῦμα
3383 1120 3460 1180 ὡς
3492 1118 3730 1190 ὲξώτερόν

2178 1221 2270 1256 σου
2324 1205 2607 1273 γινόμενον
2639 1246 2653 1269 ,
2725 1208 2863 1260 ἀλλὰ
2908 1208 3003 1260 καὶ
3059 1208 3263 1260 ἓσωθέν
3311 1209 3409 1261 σού
3451 1210 3602 1276 ἐστι,
3655 1213 3733 1264 καὶ

2178 1296 2377 1361 ἔξωθέν
2407 1314 2502 1349 σου
2534 1299 2961 1367 παραφαίνεται.
2999 1297 3128 1350 Ἐὰν
3155 1298 3212 1350 δὲ
3243 1300 3496 1370 ἀμελήσῃ
3519 1317 3619 1362 τις,
3644 1303 3736 1354 ὀλί-

2178 1404 2271 1454 γον
2306 1388 2494 1450 ὲκδοὺς
2525 1390 2719 1441 ἑαυτὸν
2739 1427 2757 1453 ,
2791 1389 2824 1459 ἦ
2857 1391 2938 1452 είς
2967 1390 3210 1460 κοσμικά
3238 1379 3544 1458 πράγματα
3563 1429 3578 1452 ,
3614 1392 3644 1461 ἦ
3670 1392 3736 1454 είς

2184 1481 2503 1550 ρεμϐασμὸν
2529 1521 2544 1548 ,
2603 1483 2765 1536 πάλιν
2809 1482 3028 1552 ἔρχεται
3081 1483 3114 1551 ὴ
3158 1480 3348 1545 κακία,
3391 1484 3488 1534 καὶ
3519 1481 3738 1536 ἐνδύεται

2181 1572 2281 1640 τὴν
2313 1571 2492 1641 ψυχὴν
2515 1611 2531 1632 ,
2580 1575 2675 1625 καὶ
2703 1573 2824 1626 ὂλον
2852 1573 2944 1626 τὸν
2967 1572 3256 1642 ἄνθρωπον
3282 1572 3512 1643 ἄρχεται
3538 1571 3738 1628 θλῖϐειν.

2183 1661 2532 1730 Μνημονεύει
2562 1660 2654 1714 οῦν
2704 1664 2738 1730 ἡ
2776 1661 2924 1732 ψυχὴ
2963 1663 3061 1731 τῆς
3098 1663 3374 1734 προτέρας
3405 1663 3742 1726 ἀναπαύσεως

2183 1752 2278 1804 καὶ
2299 1769 2485 1821 ρχεται
2505 1753 2804 1816 θλίϐεσθαι,
2835 1753 2931 1805 καὶ
2950 1752 3335 1823 συνεχέστερον
3366 1754 3739 1824 ταλαιπωρεῖν.

573 1819 946 1898 νι.ιι.ἰιθτιιηι
981 1840 1224 1895 intendit
1248 1839 1468 1894 animus
1497 1841 1550 1893 in
1582 1841 1777 1902 Deum,
1806 1841 1974 1910 erepit
2001 1841 2081 1895 illi

2257 1819 2547 1893 H'alldlw
2578 1841 2880 1910 προσέσχεν
2908 1841 2936 1890 ὁ
2965 1819 3254 1910 νοῦςήπρὸς
3273 1847 3365 1894 τδν
3387 1843 3542 1903 Θεὸν,
3563 1819 3745 1913 ἧρξατο

501 1935 956 2004 appropinquare
995 1934 1147 2001 prior
1185 1931 1436 2000 requies,
1469 1931 1662 2001 incipit
1703 1933 2085 1987 vehementius

503 2027 811 2095 inquirere.
837 2025 1101 2094 Deprecor
1132 2032 1201 2087 te,
1231 2023 1327 2089 ait,
1351 2023 1594 2077 Domine.
1620 2025 1887 2078 Paulatim
1917 2040 2086 2094 appo-

505 2117 661 2170 nitur
695 2115 745 2169 ei
788 2115 930 2183 ignis
968 2123 1025 2168 et
1059 2113 1368 2168 accendens
1405 2123 1462 2168 et
1495 2128 1754 2168 recreans
1793 2115 2028 2168 animam
2068 2131 2082 2167 :

503 2206 970 2277 quemadmodum
1024 2207 1223 2259 hamus
1275 2206 1538 2274 paulatim
1589 2207 1831 2260 extrahit
1875 2221 1905 2260 e
1952 2221 2084 2275 pro-

505 2299 679 2352 fundo
725 2300 950 2368 piscem.
981 2297 1096 2352 Nisi
1130 2300 1278 2350 enim
1313 2297 1419 2351 hoc
1449 2296 1524 2350 ita
1555 2305 1720 2358 esset,
1749 2312 1813 2351 ac
1841 2305 2089 2367 gustaret

507 2390 937 2444 amaritudinem
970 2397 1026 2442 et
1051 2399 1306 2452 mortem,
1333 2404 1442 2456 quo
1476 2397 1635 2456 pacto
1667 2401 1853 2457 posset
1882 2388 2090 2443 discer-

506 2497 639 2541 nere
683 2490 934 2535 amarum
963 2497 994 2536 a
1025 2480 1194 2542 dulci,
1223 2488 1279 2532 et
1307 2488 1540 2533 mortem
1571 2496 1600 2533 a
1627 2482 1760 2546 vita,
1787 2489 1844 2535 et
1874 2489 2089 2548 gratum

508 2590 568 2628 se
597 2574 858 2628 exhibere
882 2571 1184 2626 viviﬁcanti
1234 2571 1414 2635 Patri,
1451 2580 1507 2626 et
1546 2571 1715 2638 Filio,
1752 2583 1809 2628 et
1857 2573 2090 2643 Spiritui

507 2676 717 2729 sancto,
757 2666 810 2717 in
845 2664 1078 2718 saecula?
1106 2665 1301 2719 Amen.

1071 2857 1355 2912 HOMILIA
1393 2858 1532 2913 XLI.

510 2949 785 3021 Profunda
821 2949 974 3003 valde
1003 2959 1123 3003 sunt
1155 2949 1453 3017 penetralia
1491 2951 1712 3021 animae,
1741 2963 1860 3020 quae
1894 2947 2090 3021 paula-

659 3022 752 3072 tim
778 3021 1100 3073 incrementa
1132 3021 1320 3089 gratia:
1350 3029 1442 3072 aut
1468 3019 1711 3073 uitiorum
1742 3019 1948 3088 accipit.

583 3129 626 3186 1.
655 3129 960 3184 Pretiosum
997 3145 1094 3184 vas
1131 3131 1330 3183 anima:
1367 3129 1424 3182 iu
1460 3144 1680 3183 summa
1717 3128 2092 3197 profunditate

516 3221 800 3283 consistit,
843 3231 903 3273 ut
941 3219 1142 3274 alicubi
1194 3221 1372 3289 inquit
1415 3238 1428 3272 :
1470 3221 1728 3290 Abyssum
1769 3229 1819 3274 et
1861 3238 1950 3274 cor
1987 3223 2095 3291 ipse

515 3312 869 3365 scrutatur“.
903 3312 1004 3367 Ubi
1044 3312 1192 3366 enim
1231 3313 1520 3366 diverterit
1555 3313 1720 3366 homo
1753 3328 1784 3367 a
1817 3314 2095 3378 mandato,

517 3413 576 3459 et
621 3405 908 3459 sententia:
958 3405 1061 3458 irae'
1102 3405 1378 3458 obnoxius
1423 3405 1602 3460 factus
1654 3405 1856 3472 fucrit,
1901 3407 2101 3472 redigit

522 3498 676 3551 illum
711 3498 764 3552 in
793 3513 945 3551 suam
979 3505 1303 3567 potestatem
1336 3507 1645 3568 peccatum,
1680 3498 1824 3567 quod
1868 3513 1992 3552 cum
2031 3497 2103 3553 sit

521 3590 672 3643 velut
703 3591 934 3659 ahyssus
969 3563 1216 3658 quadam
1257 3563 1577 3643 acerbitatis
1613 3589 1667 3642 in
1699 3563 2013 3644 subtilitate
2049 3597 2106 3644 et

520 3680 894 3751 profunditate
940 3681 1282 3743 consistens,
1327 3681 1636 3750 ingressum
1685 3681 1862 3744 intro,
1901 3696 2105 3749 pascua

523 3774 724 3828 anima:
763 3775 1074 3842 occupavit,
1108 3789 1281 3840 usque
1319 3774 1388 3827 ad
1431 3775 1537 3827 ima
1581 3775 1702 3844 ejus
1726 3774 2104 3843 .receplacula.

522 3864 683 3920 Hunc
720 3875 904 3919 autem
949 3867 1002 3918 in
1047 3866 1269 3919 modum
1311 3866 1742 3920 assimilabimus
1779 3867 2015 3919 animam
2052 3873 2108 3921 et

523 3968 812 4028 peccatum
837 3958 1186 4026 permistum,
1209 3957 1438 4025 perinde
1463 3972 1525 4010 ac
1548 3957 1592 4010 si
1617 3958 1688 4010 sit
1707 3958 1873 4011 arbor
1894 3958 2103 4028 ingens,

524 4065 648 4117 qua:
683 4049 883 4101 habeat
918 4051 1120 4101 multos
1159 4063 1363 4110 ramos,
1400 4047 1602 4101 habeat
1635 4064 1856 4117 quoque
1895 4047 2108 4104 radices

522 4139 810 4210 profunda:
839 4147 1001 4192 terra:
1032 4137 1228 4191 infixas
1259 4153 1272 4190 :
1302 4139 1382 4192 sic
1405 4153 1628 4207 quoque
1657 4154 1860 4206 pascua
1891 4140 2112 4193 intimo-

525 4241 648 4280 rum
671 4228 868 4281 animae
891 4227 1365 4294 reccptaculorum
1390 4227 1483 4280 ubi
1506 4237 1804 4295 penetrans
1827 4238 2108 4297 peccatum

525 4319 843 4388 occupavit,
872 4319 927 4372 in
963 4318 1424 4372 consuetudinem
1455 4319 1572 4372 abit
1597 4326 1654 4372 et
1683 4322 2110 4388 praeoccupatio-

523 4424 677 4470 nem,
700 4425 822 4464 cum
851 4425 1188 4480 unoquoque
1216 4409 1284 4463 ab
1313 4409 1540 4464 infantia
1565 4410 1728 4464 simul
1755 4421 2110 4481 augmentum

529 4516 756 4555 sumens
782 4510 1161 4567 conversatur,
1188 4511 1245 4556 et
1269 4501 1404 4555 vitia
1431 4501 1646 4556 edocet.

599 4594 665 4648 Ην
692 4593 792 4648 Ubi
821 4609 952 4663 ergo
982 4594 1170 4664 gratia:
1193 4594 1394 4647 divinae
1419 4591 1658 4648 efﬁcacia
1684 4595 2112 4650 obumbraverit

525 4688 726 4742 anima:
751 4701 850 4756 pro
875 4687 1039 4741 modo
1062 4688 1497 4757 uniuscujusque
1522 4687 1670 4751 fidei,
1690 4697 1856 4757 atque
1877 4689 2114 4757 desuper

529 4779 796 4833 auxilium
826 4779 1122 4848 receperit,
1142 4780 1323 4833 adhuc
1349 4781 1530 4848 aliqua
1561 4781 1615 4834 in
1644 4791 1797 4849 parte
1825 4781 2116 4835 adumbrat

523 4874 721 4941 gratia.
775 4871 854 4926 Ne
904 4887 1036 4942 ergo
1079 4872 1370 4926 arbitreris
1410 4874 1724 4942 quempiam
1779 4882 1890 4927 tota
1933 4874 2116 4927 anima

529 4978 656 5018 esse
705 4963 1074 5016 illuminalum
1122 4979 1135 5016 :
1183 4957 1366 5017 adhuc
1411 4965 1645 5016 multum
1693 4963 1954 5032 pabulum
1994 4964 2114 5017 vitii

527 5052 681 5108 intus
730 5055 898 5119 latet,
945 5069 1271 5122 summoque
1322 5055 1510 5108 labore
1564 5055 1774 5124 indiget
1817 5055 2017 5120 homo,
2062 5066 2118 5109 et

535 5144 948 5214 defatigatione,
986 5162 1106 5214 quae
1149 5146 1461 5199 consentiat
1505 5146 1718 5200 collatae
1761 5146 1864 5215 ipsi
1907 5148 2116 5218 gratiae.

536 5235 835 5304 Propterea
875 5237 1021 5290 enim
1067 5238 1442 5306 particulatim
1488 5239 1684 5307 incipit
1715 5238 1902 5292 divina
1941 5240 2116 5310 gratia

536 5325 834 5379 adventare
884 5325 940 5378 in
985 5327 1258 5390 animam,
1295 5342 1417 5395 qua:
1457 5327 1541 5381 vel
1591 5328 1759 5381 unius
1808 5327 1954 5382 hora:
2000 5344 2120 5382 mo-

540 5427 725 5470 mento
753 5417 932 5486 possit
962 5417 1264 5482 hominem,
1293 5418 1388 5472 ubi
1419 5420 1735 5490 expurgarit
1761 5432 1912 5484 eum,
1938 5421 2118 5489 perfe-

538 5513 686 5558 ctum
719 5503 984 5570 reddere;
1017 5521 1206 5559 verum
1237 5515 1299 5560 ut
1321 5507 1517 5574 probet
1544 5506 1907 5561 intentionem
1943 5509 2120 5562 homi-

541 5595 648 5660 uis,
669 5610 740 5649 an
768 5594 1120 5651 dilectionem
1147 5611 1274 5668 erga
1298 5597 1470 5652 Deum
1506 5597 1774 5667 integram
1805 5607 2115 5665 conservet,

614 5772 661 5804 “
684 5773 854 5828 Eeell.
878 5790 1010 5838 xui,
1041 5775 1122 5830 18.

2134 4512 2185 4569 D

2186 1932 2574 2001 προσεγγίζειν
2605 1932 2755 2002 αύτῷ
2799 1933 2834 2001 ὴ
2872 1932 3111 2002 προτέρα
3140 1934 3452 1997 ἀνάπαυσις
3477 1975 3492 1997 ,
3542 1936 3744 2004 ἄρχεται

2188 2026 2562 2097 σφοδροτέρως
2589 2027 2898 2096 ἐπιζητεῖν*
2935 2027 3148 2095 Δέομαί
3172 2043 3314 2092 σου,
3351 2029 3518 2097 φησὶ,
3559 2031 3743 2095 Κύριε·

2187 2118 2330 2169 κατὰ
2382 2116 2576 2186 μικρὸν
2622 2116 2971 2186 προστίθεται
3002 2117 3152 2186 αύτῷ
3187 2119 3248 2170 τὸ
3273 2115 3390 2188 πῦρ
3420 2117 3644 2182 ἐξάπτον
3668 2119 3746 2170 καὶ

2189 2207 2472 2261 ἀναπαῦον
2521 2207 2620 2278 τὴν
2671 2207 2850 2277 ψυχήν
2877 2225 2892 2238 ο
2939 2207 3127 2277 ὥσπερ
3171 2210 3232 2260 τὸ
3275 2211 3572 2279 ἄγκιστρον
3624 2209 3748 2279 αἴρει

2189 2299 2254 2349 ὲκ
2284 2296 2378 2348 τοῦ
2408 2297 2573 2365 βυθοῦ
2602 2298 2694 2349 τὸν
2729 2298 2882 2367 ἰχθὺν
2908 2298 3050 2350 κατὰ
3080 2299 3293 2368 μικρόν.
3328 2301 3393 2352 Εἰ
3417 2299 3527 2368 γὰρ
3555 2301 3624 2368 μὴ
3646 2298 3748 2350 τοῦ·

2189 2402 2252 2437 το
2279 2381 2369 2454 ἦν,
2397 2387 2493 2438 καὶ
2521 2386 2744 2453 ἐγεύετο
2774 2387 2867 2440 τοῦ
2899 2388 3097 2457 πικροῦ
3127 2388 3222 2440 καὶ
3247 2388 3342 2440 τοῦ
3369 2388 3625 2450 θανάτου,
3650 2388 3749 2448 πῶς

2190 2477 2425 2546 ἠδύνατο
2472 2478 2748 2548 διακρῖναι
2781 2482 2842 2531 τὸ
2873 2479 3071 2548 πικρὸν
3101 2480 3210 2532 ἀπὸ
3238 2480 3334 2533 τοῦ
3368 2481 3636 2548 γλυκέως,
3672 2482 3749 2532 καὶ

2190 2569 2282 2620 τὸν
2311 2568 2537 2621 θάνατον
2567 2569 2676 2622 ἀπὸ
2700 2573 2800 2637 τῆς
2823 2570 2993 2638 ζωῆς,
3019 2571 3112 2622 καὶ
3136 2571 3532 2642 εὐχαριστῆσαι
3553 2571 3629 2642 τῷ
3646 2571 3750 2634 ζωο-

2193 2661 2333 2728 ποιῷ
2365 2663 2563 2732 Πατρὶ,
2596 2664 2691 2715 καὶ
2716 2661 2863 2731 Υίῷ,
2900 2663 2995 2715 καὶ
3023 2663 3166 2732 ἁγίῳ
3194 2664 3507 2733 Πνεύματι,
3542 2664 3620 2726 είς
3646 2662 3751 2723 τοὺς

2193 2751 2396 2814 αἰῶνας
2416 2770 2432 2816 ;
2483 2753 2678 2822 Ἀμήν.

2779 2864 3025 2917 ΟΜΙΛΙΑ
3056 2862 3192 2919 ΜΑ’.

2196 2950 2388 3022 Baeda
2417 2951 2560 3022 λίαν
2583 2950 2656 3004 τὰ
2680 2951 2790 3018 τῆς
2814 2952 3020 3020 ψυχῆς
3045 2955 3270 3022 ταμιεῖα,
3292 2954 3406 3022 τῆς
3427 2955 3544 3008 ἀπὸ
3556 2954 3749 3022 μέρους

2268 3021 2344 3088 τῇ
2370 3021 2562 3090 χάριτι
2594 3024 2691 3075 καὶ
2719 3023 2848 3088 ταῖς
2876 3021 3124 3089 κακίαις-⁷
3142 3021 3692 3093 συναυξανομένης.

2271 3135 2349 3188 A'.
2385 3135 2458 3188 Τὸ
2481 3133 2660 3204 τίμιον
2687 3133 2883 3198 σκεῦος
2906 3135 3007 3204 τῆς
3030 3135 3211 3206 ψυχῆς
3234 3137 3290 3189 ὲν
3314 3137 3487 3207 πολλῇ
3518 3135 3752 3206 βαθύτητι

2198 3227 2476 3296 τυγχάνει,
2495 3226 2570 3289 ὥς
2590 3228 2689 3279 πού
2707 3229 2956 3296 φησιν.⁸Ἀ
2967 3231 3203 3282 ϐυσσον
3220 3229 3317 3282 καὶ
3331 3226 3753 3298 καρδίαν-αὑτὸς

2199 3318 2415 3388 ἐρευνᾷ
2433 3337 2445 3349 ·
2476 3311 2842 3389 ἐκτραπέντος
2864 3320 2972 3390 γὰρ
2993 3320 3086 3373 τοῦ
3113 3321 3402 3392 ἀνθρώπου
3423 3323 3520 3388 τῆς
3537 3318 3750 3384 ἐντολῆς,

2201 3409 2296 3460 καὶ
2324 3409 2428 3460 ὑπὸ
2451 3410 2726 3477 ἀπόφασιν
2750 3409 2920 3479 ὀργῆς
2944 3411 3333 3479 γεγενημένου,
3361 3410 3598 3462 λαϐοῦσα
3613 3407 3752 3463 αὑτὸν

2205 3499 2510 3572 ὑποχείριον
2540 3501 2572 3569 ἡ
2600 3501 2843 3569 ἁμαρτία
2862 3541 2876 3566 ,
2928 3503 3021 3553 καὶ
3054 3503 3190 3572 αὑτὴ
3220 3503 3412 3573 ὥσπερ
3440 3500 3663 3561 ἀϐυσσός
3685 3513 3752 3558 τις

2204 3593 2430 3660 πικρίας
2462 3593 2519 3643 ὲν
2544 3591 2834 3660 λεπτότητι
2866 3593 2959 3644 καὶ
2990 3593 3251 3662 βαθύτητι
3281 3595 3641 3662 τυγχάνουσα,
3662 3591 3754 3640 εἱσ-

2206 3683 2434 3736 ελθοῦσα
2468 3684 2614 3737 ἔνδον
2636 3724 2651 3749 ,
2698 3684 2798 3747 τὰς
2827 3685 2998 3756 νομὰς
3025 3686 3124 3754 τῆς
3152 3687 3327 3756 ψυχῆς
3358 3687 3638 3754 κατέσχεν,
3665 3681 3753 3740 ἓως

2206 3775 2314 3828 τῶν
2362 3775 2676 3846 βαθυτάτων
2717 3777 2888 3847 αὐτῆς
2923 3779 3185 3847 ταμείων.
3233 3778 3476 3846 Τοιούτῳ
3508 3777 3563 3829 δὲ
3594 3773 3755 3844 τρόπῳ

2210 3867 2619 3938 παρεικάσομεν
2665 3869 2764 3940 τὴν
2796 3868 2972 3939 ψυχὴν
3007 3870 3102 3921 καὶ
3131 3869 3229 3938 τὴν
3256 3869 3562 3939 ἁμαρτίαν,
3600 3865 3755 3934 μιγεῖ-

2211 3976 2310 4011 σαν
2336 4000 2351 4025 ,
2402 3958 2591 4030 ὥσπερ
2623 3961 2748 4013 ὅταν
2842 3961 3057 4030 δένδρον
3093 3962 3374 4030 μέγιστον,
3410 3960 3532 4028 ἔχον
3557 3953 3757 4012 πολλοὺς

2211 4049 2442 4112 κλῶναςο
2475 4051 2570 4120 ἔχῃ
2601 4051 2659 4104 δὲ
2686 4055 2780 4104 καὶ
2805 4051 2903 4113 τὰς
2926 4051 3080 4119 ῥίζας
3113 4053 3169 4103 ὲν
3199 4051 3310 4112 τοῖς
3335 4049 3648 4119 βαθυτάτοις
3673 4044 3757 4111 τῆς

2210 4141 2313 4209 γῆς
2341 4157 2354 4171 ο
2413 4140 2587 4203 οὕτως
2634 4142 2731 4204 τὰς
2775 4143 2946 4212 νομὰς
2995 4142 3102 4194 τῶν
3140 4141 3459 4210 βαθυτάτων
3486 4140 3584 4210 τῆς
3605 4136 3757 4206 ψυχῆς

2210 4233 2456 4301 ταμείων
2487 4235 2519 4304 ἡ
2545 4234 2892 4305 παρελθοῦσα
2917 4235 3162 4305 ἀμαρτία
3190 4235 3558 4306 κατασχοῦσα,
3580 4235 3634 4285 ἐν
3653 4246 3756 4282 συν·

2211 4325 2373 4394 τιθείς⁸
2424 4326 2615 4392 γέγονε
2667 4327 2764 4379 καὶ
2793 4326 3081 4396 προλήψει,
3115 4326 3328 4398 ἑκάστῳ
3363 4324 3618 4396 νηπιόθεν
3649 4334 3757 4374 συν-

2214 4417 2579 4487 αυξανομένη,
2617 4417 2710 4470 καὶ
2737 4419 2805 4470 τὰ
2837 4417 2981 4470 κακά
3010 4417 3418 4474 ὲκδιδάσκουσα.

2279 4595 2355 4650 B’.
2395 4594 2566 4648 Ἐπάν
2595 4595 2777 4648 τοίνυν
2806 4596 3028 4666 χάριτος
3049 4597 3197 4660 θείας
3223 4597 3471 4667 ἐνέργεια
3496 4590 3752 4657 ἑπισκιάσῃ

2211 4691 2275 4757 τῇ
2305 4688 2450 4758 ψυχῇ
2505 4688 2648 4741 κατὰ
2688 4688 2746 4740 τδ
2784 4689 2980 4759 μέτρον
3011 4688 3110 4758 τῆς
3145 4691 3374 4742 ἑκάστου
3406 4689 3648 4749 πίστεως,
3678 4678 3755 4734 καὶ

2209 4778 2427 4846 δέξηται
2477 4777 2681 4830 ἄνωθεν
2733 4777 3011 4848 βοήθειαν,
3069 4779 3251 4850 ἀκμὴν
3287 4782 3343 4832 ὲν
3375 4780 3527 4849 μέρει
3555 4773 3651 4826 τινὶ
3676 4772 3757 4821 ἐπ-

2214 4869 2464 4920 εσκίασεν
2520 4870 2552 4936 ἡ
2601 4870 2780 4938 χάρις.
2843 4871 2932 4938 Μὴ
2986 4871 3180 4942 νομίσῃ
3231 4868 3323 4924 οὖν
3391 4888 3493 4934 τις,
3529 4869 3644 4936 ὃλην
3673 4864 3755 4929 τὴν

2212 4960 2391 5029 ψυχὴν
2449 4960 2786 5028 πεφώτισται
2808 4975 2825 4992 ο
2883 4962 3068 5032 ἀκμὴν
3102 4963 3270 5031 πολλὴ
3299 4964 3437 5035 νομὴ
3470 4963 3565 5031 τῆς
3589 4954 3756 5012 κακίας

2216 5053 2364 5104 ἔνδον
2395 5052 2546 5117 ἐστὶ,
2602 5052 2699 5104 καὶ
2747 5053 2941 5105 πολλοῦ
2994 5053 3154 5106 πόνου
3201 5054 3359 5125 χρεία
3406 5054 3498 5108 καὶ
3539 5047 3754 5117 καμάτου

2219 5143 2296 5212 τῷ
2343 5143 2615 5214 ἀνθρώπῳ
2664 5145 3082 5213 συμφωνοῦντος
3125 5149 3192 5217 τῇ
3232 5146 3369 5215 πρὸς
3399 5144 3552 5198 αὑτὸν
3583 5139 3752 5210 χάριτι.

2224 5235 2324 5288 Διὰ
2354 5237 2510 5288 τοῦτο
2542 5236 2653 5306 γὰρ
2697 5238 2790 5290 καὶ
2823 5237 2929 5290 ἀπὸ
2962 5238 3162 5307 μέρους
3194 5238 3398 5309 ἤρξατο
3427 5238 3459 5306 ὴ
3489 5234 3596 5288 θεία
3619 5227 3754 5299 χάρις

2221 5327 2509 5398 ὲπιφοιτᾷν
2556 5329 2621 5397 τῇ
2669 5326 2858 5398 ψυχῇ,
2908 5328 3186 5400 δυναμένη
3223 5332 3362 5400 ῥοπῇ
3405 5329 3547 5399 ὥρας
3576 5323 3656 5376 τὸν
3677 5317 3754 5370 ἀν-

2223 5419 2439 5488 θρωπον
2486 5420 2831 5490 καθαρίσασα
2878 5421 3185 5476 τελειῶσαι.
3237 5421 3378 5474 Ἀλλ’
3413 5423 3494 5474 ἵνα
3524 5409 3752 5481 δοκιμάση

2221 5511 2321 5578 τὴν
2361 5511 2683 5582 προαίρεσιν
2724 5511 2818 5565 τοῦ
2862 5511 3171 5583 ἀνθρώπου,
3211 5515 3258 5564 εί
3286 5515 3386 5583 τὴν
3411 5511 3612 5580 ἀγάπην
3641 5498 3752 5567 ‘39)“;

2223 5602 2357 5654 θεὸν
2387 5601 2680 5674 ὀλόκληρον
2711 5602 3007 5670 ἀποσώζει,
3045 5603 3121 5675 μὴ
3153 5604 3457 5668 συνδυάζων
3481 5598 3549 5671 τῷ
3570 5583 3750 5661 πονηρῷ
