  <div class='ocr_page' id='page_1' title='image "/cluster/home/n/w/nwhite01/storage/ocr_20150623/34/coo.31924054869312/398.png"; bbox 0 0 3980 6434; ppageno 0'>
   <div class='ocr_carea' id='block_1_1' title="bbox 290 364 400 430">
    <p class='ocr_par' dir='ltr' id='par_1_1' title="bbox 290 364 400 430">
     <span class='ocr_line' id='line_1_1' title="bbox 290 364 400 430; baseline -0.027 0"><span class='ocrx_word' id='word_1_1' title='bbox 290 364 400 430; x_wconf 71' lang='grc'><strong>’169</strong></span> 
     </span>
    </p>
   </div>
   <div class='ocr_carea' id='block_1_2' title="bbox 1477 346 2388 415">
    <p class='ocr_par' dir='ltr' id='par_1_2' title="bbox 1477 346 2388 415">
     <span class='ocr_line' id='line_1_2' title="bbox 1477 346 2388 415; baseline -0.009 0"><span class='ocrx_word' id='word_1_2' title='bbox 1477 352 1850 415; x_wconf 60' lang='lat' dir='ltr'><strong>HOMILIZE.</strong></span> <span class='ocrx_word' id='word_1_3' title='bbox 1881 376 1937 386; x_wconf 67' lang='grc' dir='ltr'><strong>κ·-</strong></span> <span class='ocrx_word' id='word_1_4' title='bbox 1965 348 2135 410; x_wconf 85' lang='grc' dir='ltr'><strong>ΗΟΜ</strong></span> <span class='ocrx_word' id='word_1_5' title='bbox 2199 346 2388 408; x_wconf 86' lang='lat' dir='ltr'>XLII.</span> 
     </span>
    </p>
   </div>
   <div class='ocr_carea' id='block_1_3' title="bbox 3472 345 3582 411">
    <p class='ocr_par' dir='ltr' id='par_1_3' title="bbox 3472 345 3582 411">
     <span class='ocr_line' id='line_1_3' title="bbox 3472 345 3582 411; baseline -0.018 0"><span class='ocrx_word' id='word_1_6' title='bbox 3472 345 3582 411; x_wconf 84' lang='lat'><strong>770</strong></span> 
     </span>
    </p>
   </div>
   <div class='ocr_carea' id='block_1_4' title="bbox 290 454 1904 546">
    <p class='ocr_par' dir='ltr' id='par_1_4' title="bbox 290 463 1889 546">
     <span class='ocr_line' id='line_1_4' title="bbox 290 463 1889 546; baseline -0.009 -16"><span class='ocrx_word' id='word_1_7' title='bbox 290 479 351 530; x_wconf 75' lang='grc' dir='ltr'>ἐν</span> <span class='ocrx_word' id='word_1_8' title='bbox 380 474 608 546; x_wconf 77' lang='grc' dir='ltr'>μηδενὶ,</span> <span class='ocrx_word' id='word_1_9' title='bbox 644 472 760 530; x_wconf 73' lang='grc' dir='ltr'>ἀλλ’</span> <span class='ocrx_word' id='word_1_10' title='bbox 789 473 911 528; x_wconf 79' lang='grc' dir='ltr'>ὅλον</span> <span class='ocrx_word' id='word_1_11' title='bbox 940 474 1010 544; x_wconf 75' lang='grc' dir='ltr'>τῇ</span> <span class='ocrx_word' id='word_1_12' title='bbox 1040 464 1223 543; x_wconf 82' lang='grc' dir='ltr'>χάριτι</span> <span class='ocrx_word' id='word_1_13' title='bbox 1254 467 1448 523; x_wconf 74' lang='grc' dir='ltr'>ἑαυτὸν</span> <span class='ocrx_word' id='word_1_14' title='bbox 1474 465 1717 529; x_wconf 76' lang='grc' dir='ltr'>ἐκδιδούς</span> <span class='ocrx_word' id='word_1_15' title='bbox 1738 481 1756 498; x_wconf 88' lang='grc'><strong>·</strong></span> <span class='ocrx_word' id='word_1_16' title='bbox 1794 463 1889 519; x_wconf 72' lang='grc' dir='ltr'><strong>καὶ</strong></span> 
     </span>
    </p>
   </div>
   <div class='ocr_carea' id='block_1_5' title="bbox 2013 454 3583 546">
    <p class='ocr_par' dir='ltr' id='par_1_5' title="bbox 2013 454 3583 528">
     <span class='ocr_line' id='line_1_5' title="bbox 2013 454 3583 528; baseline 0 -14"><span class='ocrx_word' id='word_1_17' title='bbox 2013 459 2148 515; x_wconf 78' lang='lat' dir='ltr'><strong>tullo</strong></span> <span class='ocrx_word' id='word_1_18' title='bbox 2172 472 2404 528; x_wconf 85' lang='lat' dir='ltr'><strong>prorsus</strong></span> <span class='ocrx_word' id='word_1_19' title='bbox 2429 454 2619 513; x_wconf 89' lang='lat' dir='ltr'><strong>habito</strong></span> <span class='ocrx_word' id='word_1_20' title='bbox 2645 454 2982 513; x_wconf 88' lang='lat' dir='ltr'><strong>commercio</strong></span> <span class='ocrx_word' id='word_1_21' title='bbox 3008 470 3137 511; x_wconf 90' lang='lat' dir='ltr'><strong>cum</strong></span> <span class='ocrx_word' id='word_1_22' title='bbox 3167 454 3451 528; x_wconf 90' lang='lat' dir='ltr'><strong>improbo;</strong></span> <span class='ocrx_word' id='word_1_23' title='bbox 3483 457 3583 514; x_wconf 88' lang='lat' dir='ltr'><strong>sed</strong></span> 
     </span>
    </p>
   </div>
   <div class='ocr_carea' id='block_1_6' title="bbox 291 556 1888 637">
    <p class='ocr_par' dir='ltr' id='par_1_6' title="bbox 291 556 1888 637">
     <span class='ocr_line' id='line_1_6' title="bbox 291 556 1888 637; baseline -0.008 -15"><span class='ocrx_word' id='word_1_24' title='bbox 291 567 469 630; x_wconf 71' lang='grc' dir='ltr'>οὕτως</span> <span class='ocrx_word' id='word_1_25' title='bbox 500 564 868 637; x_wconf 79' lang='grc' dir='ltr'><strong>εὐδοκιμοῦσα</strong></span> <span class='ocrx_word' id='word_1_26' title='bbox 898 567 931 635; x_wconf 78' lang='grc' dir='ltr'>ἡ</span> <span class='ocrx_word' id='word_1_27' title='bbox 959 564 1107 635; x_wconf 69' lang='grc' dir='ltr'>ψυχὴ</span> <span class='ocrx_word' id='word_1_28' title='bbox 1138 563 1352 635; x_wconf 85' lang='grc' dir='ltr'>χρόνοις</span> <span class='ocrx_word' id='word_1_29' title='bbox 1382 561 1481 615; x_wconf 73' lang='grc' dir='ltr'><strong>καὶ</strong></span> <span class='ocrx_word' id='word_1_30' title='bbox 1510 561 1723 630; x_wconf 81' lang='grc' dir='ltr'>καιροῖς</span> <span class='ocrx_word' id='word_1_31' title='bbox 1744 599 1760 623; x_wconf 92' lang='grc'><strong>,</strong></span> <span class='ocrx_word' id='word_1_32' title='bbox 1792 556 1888 610; x_wconf 77' lang='grc' dir='ltr'>καὶ</span> 
     </span>
    </p>
   </div>
   <div class='ocr_carea' id='block_1_7' title="bbox 292 650 1886 729">
    <p class='ocr_par' dir='ltr' id='par_1_7' title="bbox 292 650 1886 729">
     <span class='ocr_line' id='line_1_7' title="bbox 292 650 1886 729; baseline -0.006 -16"><span class='ocrx_word' id='word_1_33' title='bbox 292 663 394 729; x_wconf 85' lang='grc' dir='ltr'>τὴν</span> <span class='ocrx_word' id='word_1_34' title='bbox 444 659 605 729; x_wconf 85' lang='grc' dir='ltr'>χάριν</span> <span class='ocrx_word' id='word_1_35' title='bbox 656 659 714 711; x_wconf 83' lang='grc' dir='ltr'><strong>ἐν</strong></span> <span class='ocrx_word' id='word_1_36' title='bbox 763 656 955 729; x_wconf 77' lang='grc' dir='ltr'>μηδενὶ</span> <span class='ocrx_word' id='word_1_37' title='bbox 1000 654 1281 719; x_wconf 80' lang='grc' dir='ltr'>λυποῦσα,</span> <span class='ocrx_word' id='word_1_38' title='bbox 1334 653 1473 724; x_wconf 78' lang='grc' dir='ltr'>μήτε</span> <span class='ocrx_word' id='word_1_39' title='bbox 1504 650 1886 722; x_wconf 70' lang='grc' dir='ltr'>ἐνυϐρίζουσα,</span> 
     </span>
    </p>
   </div>
   <div class='ocr_carea' id='block_1_8' title="bbox 294 739 1890 818">
    <p class='ocr_par' dir='ltr' id='par_1_8' title="bbox 294 739 1890 818">
     <span class='ocr_line' id='line_1_8' title="bbox 294 739 1890 818; baseline -0.008 -14"><span class='ocrx_word' id='word_1_40' title='bbox 294 753 361 803; x_wconf 77' lang='grc' dir='ltr'>ἐκ</span> <span class='ocrx_word' id='word_1_41' title='bbox 410 749 505 803; x_wconf 84' lang='grc' dir='ltr'><strong>τοῦ</strong></span> <span class='ocrx_word' id='word_1_42' title='bbox 549 749 670 802; x_wconf 86' lang='grc' dir='ltr'>κατ’</span> <span class='ocrx_word' id='word_1_43' title='bbox 708 748 886 817; x_wconf 80' lang='grc' dir='ltr'><strong>ὀλίγον</strong></span> <span class='ocrx_word' id='word_1_44' title='bbox 932 746 1228 818; x_wconf 78' lang='grc' dir='ltr'><strong>βοηθεῖται.</strong></span> <span class='ocrx_word' id='word_1_45' title='bbox 1266 745 1377 800; x_wconf 72' lang='grc' dir='ltr'>Καὶ</span> <span class='ocrx_word' id='word_1_46' title='bbox 1410 741 1550 814; x_wconf 82' lang='grc' dir='ltr'>αὑτὴ</span> <span class='ocrx_word' id='word_1_47' title='bbox 1580 740 1637 795; x_wconf 80' lang='grc' dir='ltr'>δὲ</span> <span class='ocrx_word' id='word_1_48' title='bbox 1669 741 1702 810; x_wconf 82' lang='grc' dir='ltr'><strong>ὴ</strong></span> <span class='ocrx_word' id='word_1_49' title='bbox 1729 739 1890 810; x_wconf 77' lang='grc' dir='ltr'>χάρις</span> 
     </span>
    </p>
   </div>
   <div class='ocr_carea' id='block_1_9' title="bbox 294 833 1891 912">
    <p class='ocr_par' dir='ltr' id='par_1_9' title="bbox 294 833 1891 912">
     <span class='ocr_line' id='line_1_9' title="bbox 294 833 1891 912; baseline -0.006 -19"><span class='ocrx_word' id='word_1_50' title='bbox 294 841 471 912; x_wconf 78' lang='grc' dir='ltr'>νομὴν</span> <span class='ocrx_word' id='word_1_51' title='bbox 498 840 766 911; x_wconf 75' lang='grc' dir='ltr'>λαμϐάνει</span> <span class='ocrx_word' id='word_1_52' title='bbox 800 843 858 893; x_wconf 81' lang='grc' dir='ltr'>ἐν</span> <span class='ocrx_word' id='word_1_53' title='bbox 886 843 954 911; x_wconf 83' lang='grc' dir='ltr'>τῇ</span> <span class='ocrx_word' id='word_1_54' title='bbox 982 840 1151 911; x_wconf 73' lang='grc' dir='ltr'>ψυχῇ,</span> <span class='ocrx_word' id='word_1_55' title='bbox 1184 839 1280 893; x_wconf 63' lang='grc' dir='ltr'><strong>καὶ</strong></span> <span class='ocrx_word' id='word_1_56' title='bbox 1304 837 1410 901; x_wconf 81' lang='grc' dir='ltr'>’ἑως</span> <span class='ocrx_word' id='word_1_57' title='bbox 1435 837 1544 890; x_wconf 87' lang='grc' dir='ltr'><strong>τῶν</strong></span> <span class='ocrx_word' id='word_1_58' title='bbox 1572 833 1891 906; x_wconf 77' lang='grc' dir='ltr'>βαθυτάτων</span> 
     </span>
    </p>
   </div>
   <div class='ocr_carea' id='block_1_10' title="bbox 292 927 1892 1005">
    <p class='ocr_par' dir='ltr' id='par_1_10' title="bbox 292 927 1892 1005">
     <span class='ocr_line' id='line_1_10' title="bbox 292 927 1892 1005; baseline -0.006 -17"><span class='ocrx_word' id='word_1_59' title='bbox 292 936 471 1004; x_wconf 81' lang='grc' dir='ltr'>αὐτῆς</span> <span class='ocrx_word' id='word_1_60' title='bbox 519 933 701 1005; x_wconf 80' lang='grc' dir='ltr'>μερῶν</span> <span class='ocrx_word' id='word_1_61' title='bbox 746 934 843 987; x_wconf 75' lang='grc' dir='ltr'><strong>καὶ</strong></span> <span class='ocrx_word' id='word_1_62' title='bbox 879 931 1250 1003; x_wconf 74' lang='grc' dir='ltr'>διαλογισμῶν</span> <span class='ocrx_word' id='word_1_63' title='bbox 1280 929 1552 1002; x_wconf 79' lang='grc' dir='ltr'>ῥιζοῦται,</span> <span class='ocrx_word' id='word_1_64' title='bbox 1586 930 1645 980; x_wconf 81' lang='grc' dir='ltr'><strong>ἐν</strong></span> <span class='ocrx_word' id='word_1_65' title='bbox 1674 927 1892 996; x_wconf 79' lang='grc' dir='ltr'>καιροῖς</span> 
     </span>
    </p>
   </div>
   <div class='ocr_carea' id='block_1_11' title="bbox 297 1011 1893 1093">
    <p class='ocr_par' dir='ltr' id='par_1_11' title="bbox 297 1011 1893 1093">
     <span class='ocr_line' id='line_1_11' title="bbox 297 1011 1893 1093; baseline -0.003 -16"><span class='ocrx_word' id='word_1_66' title='bbox 297 1025 546 1077; x_wconf 79' lang='grc' dir='ltr'>πλείοσιν</span> <span class='ocrx_word' id='word_1_67' title='bbox 588 1024 984 1093; x_wconf 81' lang='grc' dir='ltr'>εύδοκιμούαης</span> <span class='ocrx_word' id='word_1_68' title='bbox 1030 1022 1124 1076; x_wconf 75' lang='grc' dir='ltr'>καὶ</span> <span class='ocrx_word' id='word_1_69' title='bbox 1162 1016 1561 1090; x_wconf 78' lang='grc' dir='ltr'>συμφωνούσης</span> <span class='ocrx_word' id='word_1_70' title='bbox 1590 1013 1688 1085; x_wconf 82' lang='grc' dir='ltr'>τῆς</span> <span class='ocrx_word' id='word_1_71' title='bbox 1711 1011 1893 1082; x_wconf 76' lang='grc' dir='ltr'>ψυχῆς</span> 
     </span>
    </p>
   </div>
   <div class='ocr_carea' id='block_1_12' title="bbox 294 1105 1894 1187">
    <p class='ocr_par' dir='ltr' id='par_1_12' title="bbox 294 1105 1894 1187">
     <span class='ocr_line' id='line_1_12' title="bbox 294 1105 1894 1187; baseline -0.008 -18"><span class='ocrx_word' id='word_1_72' title='bbox 294 1118 366 1187; x_wconf 82' lang='grc' dir='ltr'>τῇ</span> <span class='ocrx_word' id='word_1_73' title='bbox 422 1116 603 1186; x_wconf 86' lang='grc' dir='ltr'>χάριτι</span> <span class='ocrx_word' id='word_1_74' title='bbox 626 1131 640 1145; x_wconf 82' lang='lat'>&#39;</span> <span class='ocrx_word' id='word_1_75' title='bbox 694 1114 798 1178; x_wconf 82' lang='grc' dir='ltr'>’ἐως</span> <span class='ocrx_word' id='word_1_76' title='bbox 834 1107 897 1166; x_wconf 74' lang='grc' dir='ltr'>οὗ</span> <span class='ocrx_word' id='word_1_77' title='bbox 929 1114 1031 1182; x_wconf 85' lang='grc' dir='ltr'><strong>ὅλη</strong></span> <span class='ocrx_word' id='word_1_78' title='bbox 1060 1115 1093 1184; x_wconf 79' lang='grc' dir='ltr'>ἡ</span> <span class='ocrx_word' id='word_1_79' title='bbox 1125 1110 1273 1182; x_wconf 77' lang='grc' dir='ltr'>ψυχὴ</span> <span class='ocrx_word' id='word_1_80' title='bbox 1306 1106 1621 1178; x_wconf 81' lang='grc' dir='ltr'>περιληφθῇ</span> <span class='ocrx_word' id='word_1_81' title='bbox 1660 1105 1765 1159; x_wconf 85' lang='grc' dir='ltr'><strong>ὑπὸ</strong></span> <span class='ocrx_word' id='word_1_82' title='bbox 1792 1105 1894 1174; x_wconf 85' lang='grc' dir='ltr'>τῆς</span> 
     </span>
    </p>
   </div>
   <div class='ocr_carea' id='block_1_13' title="bbox 300 1196 1894 1279">
    <p class='ocr_par' dir='ltr' id='par_1_13' title="bbox 300 1196 1894 1279">
     <span class='ocr_line' id='line_1_13' title="bbox 300 1196 1894 1279; baseline -0.008 -17"><span class='ocrx_word' id='word_1_83' title='bbox 300 1207 632 1279; x_wconf 79' lang='grc' dir='ltr'>ἐπουρανίου</span> <span class='ocrx_word' id='word_1_84' title='bbox 677 1207 898 1279; x_wconf 87' lang='grc' dir='ltr'>χάριτος</span> <span class='ocrx_word' id='word_1_85' title='bbox 925 1248 941 1274; x_wconf 93' lang='grc'><strong>,</strong></span> <span class='ocrx_word' id='word_1_86' title='bbox 997 1205 1184 1259; x_wconf 79' lang='grc' dir='ltr'>λοιπὸν</span> <span class='ocrx_word' id='word_1_87' title='bbox 1232 1199 1627 1274; x_wconf 82' lang='grc' dir='ltr'>βασιλευούσης</span> <span class='ocrx_word' id='word_1_88' title='bbox 1654 1200 1713 1253; x_wconf 85' lang='grc' dir='ltr'>ἐν</span> <span class='ocrx_word' id='word_1_89' title='bbox 1740 1196 1894 1269; x_wconf 86' lang='grc' dir='ltr'>αύτῷ</span> 
     </span>
    </p>
   </div>
   <div class='ocr_carea' id='block_1_14' title="bbox 296 1300 615 1372">
    <p class='ocr_par' dir='ltr' id='par_1_14' title="bbox 296 1300 615 1372">
     <span class='ocr_line' id='line_1_14' title="bbox 296 1300 615 1372; baseline -0.006 -17"><span class='ocrx_word' id='word_1_90' title='bbox 296 1300 379 1372; x_wconf 82' lang='grc' dir='ltr'>τῷ</span> <span class='ocrx_word' id='word_1_91' title='bbox 411 1301 615 1354; x_wconf 86' lang='grc' dir='ltr'>σκεύει.</span> 
     </span>
    </p>
   </div>
   <div class='ocr_carea' id='block_1_15' title="bbox 372 1465 1891 1547">
    <p class='ocr_par' dir='ltr' id='par_1_15' title="bbox 372 1465 1891 1547">
     <span class='ocr_line' id='line_1_15' title="bbox 372 1465 1891 1547; baseline 0.003 -14"><span class='ocrx_word' id='word_1_92' title='bbox 372 1480 450 1535; x_wconf 80' lang='lat' dir='ltr'><strong>I&quot;.</strong></span> <span class='ocrx_word' id='word_1_93' title='bbox 501 1478 632 1533; x_wconf 85' lang='grc' dir='ltr'><strong>Ἐὰν</strong></span> <span class='ocrx_word' id='word_1_94' title='bbox 678 1476 739 1532; x_wconf 81' lang='grc' dir='ltr'>δέ</span> <span class='ocrx_word' id='word_1_95' title='bbox 784 1493 869 1541; x_wconf 87' lang='grc' dir='ltr'><strong>τις</strong></span> <span class='ocrx_word' id='word_1_96' title='bbox 920 1470 1061 1547; x_wconf 80' lang='grc' dir='ltr'>μὴῇ</span> <span class='ocrx_word' id='word_1_97' title='bbox 1112 1474 1168 1526; x_wconf 70' lang='grc' dir='ltr'>ἓν</span> <span class='ocrx_word' id='word_1_98' title='bbox 1196 1469 1671 1541; x_wconf 61' lang='grc' dir='ltr'>ταπεινοφροσύνῃ</span> <span class='ocrx_word' id='word_1_99' title='bbox 1700 1465 1891 1537; x_wconf 55' lang='lat' dir='ltr'><strong>“on-iis</strong></span> 
     </span>
    </p>
   </div>
   <div class='ocr_carea' id='block_1_16' title="bbox 301 1560 1895 1642">
    <p class='ocr_par' dir='ltr' id='par_1_16' title="bbox 301 1560 1895 1642">
     <span class='ocr_line' id='line_1_16' title="bbox 301 1560 1895 1642; baseline -0.008 -17"><span class='ocrx_word' id='word_1_100' title='bbox 301 1571 658 1642; x_wconf 70' lang='grc' dir='ltr'>παραδίδοται</span> <span class='ocrx_word' id='word_1_101' title='bbox 704 1563 858 1631; x_wconf 73' lang='grc' dir='ltr'>οὗτος</span> <span class='ocrx_word' id='word_1_102' title='bbox 906 1566 984 1638; x_wconf 84' lang='grc' dir='ltr'>τῷ</span> <span class='ocrx_word' id='word_1_103' title='bbox 1030 1566 1279 1636; x_wconf 78' lang='grc' dir='ltr'>Σατανᾷ,</span> <span class='ocrx_word' id='word_1_104' title='bbox 1336 1564 1431 1617; x_wconf 73' lang='grc' dir='ltr'><strong>καὶ</strong></span> <span class='ocrx_word' id='word_1_105' title='bbox 1478 1560 1895 1632; x_wconf 84' lang='grc' dir='ltr'>ἀπογυμνοῦται</span> 
     </span>
    </p>
   </div>
   <div class='ocr_carea' id='block_1_17' title="bbox 298 1653 1893 1733">
    <p class='ocr_par' dir='ltr' id='par_1_17' title="bbox 298 1653 1893 1733">
     <span class='ocr_line' id='line_1_17' title="bbox 298 1653 1893 1733; baseline -0.007 -15"><span class='ocrx_word' id='word_1_106' title='bbox 298 1666 403 1733; x_wconf 70' lang='grc' dir='ltr'>τῆς</span> <span class='ocrx_word' id='word_1_107' title='bbox 438 1663 571 1733; x_wconf 82' lang='grc' dir='ltr'>πρὸς</span> <span class='ocrx_word' id='word_1_108' title='bbox 601 1661 764 1716; x_wconf 76' lang='grc' dir='ltr'>αὑτὸν</span> <span class='ocrx_word' id='word_1_109' title='bbox 792 1661 1093 1731; x_wconf 79' lang='grc' dir='ltr'>γενομένης</span> <span class='ocrx_word' id='word_1_110' title='bbox 1123 1658 1273 1720; x_wconf 90' lang='grc' dir='ltr'>θείας</span> <span class='ocrx_word' id='word_1_111' title='bbox 1300 1657 1545 1728; x_wconf 85' lang='grc' dir='ltr'>χάριτος,</span> <span class='ocrx_word' id='word_1_112' title='bbox 1575 1655 1667 1708; x_wconf 76' lang='grc' dir='ltr'><strong>καὶ</strong></span> <span class='ocrx_word' id='word_1_113' title='bbox 1696 1653 1893 1723; x_wconf 85' lang='grc' dir='ltr'>πειρά-</span> 
     </span>
    </p>
   </div>
   <div class='ocr_carea' id='block_1_18' title="bbox 300 1739 1893 1824">
    <p class='ocr_par' dir='ltr' id='par_1_18' title="bbox 300 1739 1893 1824">
     <span class='ocr_line' id='line_1_18' title="bbox 300 1739 1893 1824; baseline -0.011 -14"><span class='ocrx_word' id='word_1_114' title='bbox 300 1759 459 1821; x_wconf 81' lang='grc' dir='ltr'>ζεται</span> <span class='ocrx_word' id='word_1_115' title='bbox 492 1758 549 1809; x_wconf 84' lang='grc' dir='ltr'>ὲν</span> <span class='ocrx_word' id='word_1_116' title='bbox 573 1753 784 1824; x_wconf 75' lang='grc' dir='ltr'>θλίψεσι</span> <span class='ocrx_word' id='word_1_117' title='bbox 811 1751 1055 1815; x_wconf 85' lang='grc' dir='ltr'>πολλαῖς,</span> <span class='ocrx_word' id='word_1_118' title='bbox 1092 1749 1187 1803; x_wconf 78' lang='grc' dir='ltr'>καὶ</span> <span class='ocrx_word' id='word_1_119' title='bbox 1218 1748 1337 1802; x_wconf 87' lang='grc' dir='ltr'>τότε</span> <span class='ocrx_word' id='word_1_120' title='bbox 1368 1745 1698 1817; x_wconf 74' lang='grc' dir='ltr'>φανεροῦται</span> <span class='ocrx_word' id='word_1_121' title='bbox 1726 1739 1893 1796; x_wconf 85' lang='grc' dir='ltr'>αὑτοῦ</span> 
     </span>
    </p>
   </div>
   <div class='ocr_carea' id='block_1_19' title="bbox 300 1825 1973 1918">
    <p class='ocr_par' dir='ltr' id='par_1_19' title="bbox 300 1825 1973 1918">
     <span class='ocr_line' id='line_1_19' title="bbox 300 1825 1973 1918; baseline -0.011 -18"><span class='ocrx_word' id='word_1_122' title='bbox 300 1852 335 1918; x_wconf 84' lang='grc' dir='ltr'>ἡ</span> <span class='ocrx_word' id='word_1_123' title='bbox 366 1848 565 1917; x_wconf 80' lang='grc' dir='ltr'>οἴησις,</span> <span class='ocrx_word' id='word_1_124' title='bbox 599 1846 683 1898; x_wconf 83' lang='grc' dir='ltr'>ὅτι</span> <span class='ocrx_word' id='word_1_125' title='bbox 711 1843 915 1914; x_wconf 80' lang='grc' dir='ltr'>γυμνὸς</span> <span class='ocrx_word' id='word_1_126' title='bbox 946 1842 1041 1896; x_wconf 74' lang='grc' dir='ltr'><strong>καὶ</strong></span> <span class='ocrx_word' id='word_1_127' title='bbox 1069 1840 1414 1910; x_wconf 83' lang='grc' dir='ltr'>ταλαίπωρος</span> <span class='ocrx_word' id='word_1_128' title='bbox 1441 1836 1697 1907; x_wconf 84' lang='grc' dir='ltr'>ὑπάρχει.</span> <span class='ocrx_word' id='word_1_129' title='bbox 1716 1832 1896 1903; x_wconf 67' lang='grc' dir='ltr'>Ὀφεί-</span> <span class='ocrx_word' id='word_1_130' title='bbox 1927 1825 1973 1882; x_wconf 85' lang='grc' dir='ltr'><strong>Β</strong></span> 
     </span>
    </p>
   </div>
   <div class='ocr_carea' id='block_1_20' title="bbox 301 1926 1898 2005">
    <p class='ocr_par' dir='ltr' id='par_1_20' title="bbox 301 1926 1898 2005">
     <span class='ocr_line' id='line_1_20' title="bbox 301 1926 1898 2005; baseline -0.008 -13"><span class='ocrx_word' id='word_1_131' title='bbox 301 1938 389 1992; x_wconf 68' lang='lat' dir='ltr'><strong>lat</strong></span> <span class='ocrx_word' id='word_1_132' title='bbox 420 1934 514 1992; x_wconf 79' lang='grc' dir='ltr'><strong>οὖν</strong></span> <span class='ocrx_word' id='word_1_133' title='bbox 561 1939 588 1990; x_wconf 90' lang='grc' dir='ltr'><strong>ό</strong></span> <span class='ocrx_word' id='word_1_134' title='bbox 621 1935 868 1990; x_wconf 84' lang='grc' dir='ltr'>πλουτῶν</span> <span class='ocrx_word' id='word_1_135' title='bbox 908 1937 977 2005; x_wconf 78' lang='grc' dir='ltr'>τῇ</span> <span class='ocrx_word' id='word_1_136' title='bbox 1005 1935 1192 2005; x_wconf 85' lang='grc' dir='ltr'>χάριτι</span> <span class='ocrx_word' id='word_1_137' title='bbox 1222 1931 1317 1986; x_wconf 85' lang='grc' dir='ltr'><strong>τοῦ</strong></span> <span class='ocrx_word' id='word_1_138' title='bbox 1346 1928 1483 1985; x_wconf 87' lang='grc' dir='ltr'>Θεοῦ</span> <span class='ocrx_word' id='word_1_139' title='bbox 1514 1930 1572 1983; x_wconf 82' lang='grc' dir='ltr'>ὲν</span> <span class='ocrx_word' id='word_1_140' title='bbox 1604 1926 1772 1998; x_wconf 81' lang='grc' dir='ltr'>πολλῇ</span> <span class='ocrx_word' id='word_1_141' title='bbox 1802 1942 1898 1980; x_wconf 89' lang='grc' dir='ltr'>τα-</span> 
     </span>
    </p>
   </div>
   <div class='ocr_carea' id='block_1_21' title="bbox 304 2018 1901 2103">
    <p class='ocr_par' dir='ltr' id='par_1_21' title="bbox 304 2018 1901 2103">
     <span class='ocr_line' id='line_1_21' title="bbox 304 2018 1901 2103; baseline -0.008 -17"><span class='ocrx_word' id='word_1_142' title='bbox 304 2029 707 2103; x_wconf 74' lang='grc' dir='ltr'>πεινοφροσύνῃ</span> <span class='ocrx_word' id='word_1_143' title='bbox 736 2028 831 2083; x_wconf 76' lang='grc' dir='ltr'>καὶ</span> <span class='ocrx_word' id='word_1_144' title='bbox 859 2025 1186 2098; x_wconf 84' lang='grc' dir='ltr'>συντριμμῷ</span> <span class='ocrx_word' id='word_1_145' title='bbox 1214 2024 1443 2097; x_wconf 80' lang='grc' dir='ltr'>καρδίας</span> <span class='ocrx_word' id='word_1_146' title='bbox 1471 2022 1766 2094; x_wconf 72' lang='grc' dir='ltr'>ὑπάρχειν,</span> <span class='ocrx_word' id='word_1_147' title='bbox 1802 2018 1901 2073; x_wconf 51' lang='grc' dir='ltr'><strong>καὶΙ</strong></span> 
     </span>
    </p>
   </div>
   <div class='ocr_carea' id='block_1_22' title="bbox 301 2111 1897 2195">
    <p class='ocr_par' dir='ltr' id='par_1_22' title="bbox 301 2111 1897 2195">
     <span class='ocr_line' id='line_1_22' title="bbox 301 2111 1897 2195; baseline -0.009 -17"><span class='ocrx_word' id='word_1_148' title='bbox 301 2124 381 2189; x_wconf 77' lang='grc' dir='ltr'><strong>ῶς</strong></span> <span class='ocrx_word' id='word_1_149' title='bbox 414 2124 628 2195; x_wconf 73' lang='grc' dir='ltr'>πτωχὸν</span> <span class='ocrx_word' id='word_1_150' title='bbox 658 2124 754 2177; x_wconf 72' lang='grc' dir='ltr'><strong>καὶ</strong></span> <span class='ocrx_word' id='word_1_151' title='bbox 787 2122 950 2193; x_wconf 86' lang='grc' dir='ltr'>μηδὲν</span> <span class='ocrx_word' id='word_1_152' title='bbox 978 2120 1172 2191; x_wconf 75' lang='grc' dir='ltr'>ἔχοντα</span> <span class='ocrx_word' id='word_1_153' title='bbox 1199 2118 1394 2174; x_wconf 75' lang='grc' dir='ltr'>ἑαυτὸν</span> <span class='ocrx_word' id='word_1_154' title='bbox 1418 2113 1698 2188; x_wconf 74' lang='grc' dir='ltr'>ἡγεῖσθαιο</span> <span class='ocrx_word' id='word_1_155' title='bbox 1737 2111 1897 2166; x_wconf 83' lang='grc' dir='ltr'>ἀλλό-</span> 
     </span>
    </p>
   </div>
   <div class='ocr_carea' id='block_1_23' title="bbox 302 2205 1899 2288">
    <p class='ocr_par' dir='ltr' id='par_1_23' title="bbox 302 2205 1899 2288">
     <span class='ocr_line' id='line_1_23' title="bbox 302 2205 1899 2288; baseline -0.01 -15"><span class='ocrx_word' id='word_1_156' title='bbox 302 2233 460 2288; x_wconf 83' lang='grc' dir='ltr'>τριον</span> <span class='ocrx_word' id='word_1_157' title='bbox 507 2214 674 2270; x_wconf 85' lang='grc' dir='ltr'>αὐτοῦ</span> <span class='ocrx_word' id='word_1_158' title='bbox 724 2216 865 2279; x_wconf 78' lang='grc' dir='ltr'>ἐστι,</span> <span class='ocrx_word' id='word_1_159' title='bbox 906 2213 1001 2268; x_wconf 77' lang='grc' dir='ltr'>καὶ</span> <span class='ocrx_word' id='word_1_160' title='bbox 1030 2211 1192 2274; x_wconf 77' lang='grc' dir='ltr'>ἄλλος</span> <span class='ocrx_word' id='word_1_161' title='bbox 1222 2210 1424 2264; x_wconf 76' lang='grc' dir='ltr'>ἔδωκεν</span> <span class='ocrx_word' id='word_1_162' title='bbox 1450 2207 1603 2278; x_wconf 86' lang='grc' dir='ltr'>αύτῷ</span> <span class='ocrx_word' id='word_1_163' title='bbox 1629 2247 1644 2272; x_wconf 95' lang='grc'><strong>,</strong></span> <span class='ocrx_word' id='word_1_164' title='bbox 1684 2208 1780 2260; x_wconf 73' lang='grc' dir='ltr'><strong>καὶ</strong></span> <span class='ocrx_word' id='word_1_165' title='bbox 1812 2205 1899 2259; x_wconf 84' lang='grc' dir='ltr'>ὅτε</span> 
     </span>
    </p>
   </div>
   <div class='ocr_carea' id='block_1_24' title="bbox 306 2290 1900 2378">
    <p class='ocr_par' dir='ltr' id='par_1_24' title="bbox 306 2290 1900 2378">
     <span class='ocr_line' id='line_1_24' title="bbox 306 2290 1900 2378; baseline -0.013 -16"><span class='ocrx_word' id='word_1_166' title='bbox 306 2306 561 2378; x_wconf 81' lang='grc' dir='ltr'>βούλεται</span> <span class='ocrx_word' id='word_1_167' title='bbox 594 2304 743 2375; x_wconf 79' lang='grc' dir='ltr'>αἴρει</span> <span class='ocrx_word' id='word_1_168' title='bbox 772 2302 928 2357; x_wconf 83' lang='grc' dir='ltr'>αὐτό.</span> <span class='ocrx_word' id='word_1_169' title='bbox 963 2301 1022 2355; x_wconf 85' lang='lat'><strong>&#39;0</strong></span> <span class='ocrx_word' id='word_1_170' title='bbox 1059 2298 1233 2363; x_wconf 73' lang='grc' dir='ltr'>οὕτως</span> <span class='ocrx_word' id='word_1_171' title='bbox 1264 2296 1539 2351; x_wconf 81' lang='grc' dir='ltr'>ταπεινῶν</span> <span class='ocrx_word' id='word_1_172' title='bbox 1574 2293 1769 2347; x_wconf 69' lang='grc' dir='ltr'>ἑαυτὸν</span> <span class='ocrx_word' id='word_1_173' title='bbox 1805 2290 1900 2345; x_wconf 73' lang='grc' dir='ltr'><strong>ἐπὶ</strong></span> 
     </span>
    </p>
   </div>
   <div class='ocr_carea' id='block_1_25' title="bbox 303 2386 1903 2468">
    <p class='ocr_par' dir='ltr' id='par_1_25' title="bbox 303 2386 1903 2468">
     <span class='ocr_line' id='line_1_25' title="bbox 303 2386 1903 2468; baseline -0.01 -15"><span class='ocrx_word' id='word_1_174' title='bbox 303 2396 444 2453; x_wconf 86' lang='grc' dir='ltr'>Θεοῦ</span> <span class='ocrx_word' id='word_1_175' title='bbox 496 2399 592 2451; x_wconf 78' lang='grc' dir='ltr'>καὶ</span> <span class='ocrx_word' id='word_1_176' title='bbox 640 2395 979 2468; x_wconf 78' lang='grc' dir='ltr'>ἀνθρώπων,</span> <span class='ocrx_word' id='word_1_177' title='bbox 1022 2393 1246 2447; x_wconf 84' lang='grc' dir='ltr'>δύναται</span> <span class='ocrx_word' id='word_1_178' title='bbox 1278 2388 1607 2460; x_wconf 83' lang='grc' dir='ltr'>διαφυλάξαι</span> <span class='ocrx_word' id='word_1_179' title='bbox 1635 2388 1734 2459; x_wconf 80' lang='grc' dir='ltr'>τὴν</span> <span class='ocrx_word' id='word_1_180' title='bbox 1764 2386 1903 2459; x_wconf 78' lang='grc' dir='ltr'>πρὸς</span> 
     </span>
    </p>
   </div>
   <div class='ocr_carea' id='block_1_26' title="bbox 305 2478 1904 2561">
    <p class='ocr_par' dir='ltr' id='par_1_26' title="bbox 305 2478 1904 2561">
     <span class='ocr_line' id='line_1_26' title="bbox 305 2478 1904 2561; baseline -0.008 -15"><span class='ocrx_word' id='word_1_181' title='bbox 305 2493 474 2546; x_wconf 74' lang='grc' dir='ltr'>αὐτὸν</span> <span class='ocrx_word' id='word_1_182' title='bbox 506 2490 804 2560; x_wconf 82' lang='grc' dir='ltr'>γενομένην</span> <span class='ocrx_word' id='word_1_183' title='bbox 834 2489 1025 2561; x_wconf 83' lang='grc' dir='ltr'>χάριν,</span> <span class='ocrx_word' id='word_1_184' title='bbox 1058 2486 1241 2550; x_wconf 85' lang='grc' dir='ltr'>καθώς</span> <span class='ocrx_word' id='word_1_185' title='bbox 1278 2501 1462 2556; x_wconf 79' lang='grc' dir='ltr'>φησιν,</span> <span class='ocrx_word' id='word_1_186' title='bbox 1515 2482 1577 2536; x_wconf 84' lang='lat'><strong>&#39;0</strong></span> <span class='ocrx_word' id='word_1_187' title='bbox 1606 2478 1904 2535; x_wconf 76' lang='grc' dir='ltr'>ταπεινῶν</span> 
     </span>
    </p>
   </div>
   <div class='ocr_carea' id='block_1_27' title="bbox 302 2572 1904 2654">
    <p class='ocr_par' dir='ltr' id='par_1_27' title="bbox 302 2572 1904 2654">
     <span class='ocr_line' id='line_1_27' title="bbox 302 2572 1904 2654; baseline -0.009 -15"><span class='ocrx_word' id='word_1_188' title='bbox 302 2583 528 2640; x_wconf 78' lang='grc' dir='ltr'>ἑαυτὸν</span> <span class='ocrx_word' id='word_1_189' title='bbox 549 2582 955 2654; x_wconf 42' lang='lat' dir='ltr'><strong>tamencum.</strong></span> <span class='ocrx_word' id='word_1_190' title='bbox 989 2579 1189 2650; x_wconf 87' lang='grc' dir='ltr'>καίπερ</span> <span class='ocrx_word' id='word_1_191' title='bbox 1216 2577 1291 2632; x_wconf 83' lang='grc' dir='ltr'>ὣν</span> <span class='ocrx_word' id='word_1_192' title='bbox 1317 2575 1571 2639; x_wconf 72' lang='grc' dir='ltr'>ἐκλεκτὸς</span> <span class='ocrx_word' id='word_1_193' title='bbox 1598 2572 1753 2637; x_wconf 79' lang='grc' dir='ltr'>Θεοῦ,</span> <span class='ocrx_word' id='word_1_194' title='bbox 1773 2572 1904 2643; x_wconf 83' lang='grc' dir='ltr'>παρ’</span> 
     </span>
    </p>
   </div>
   <div class='ocr_carea' id='block_1_28' title="bbox 307 2664 1899 2747">
    <p class='ocr_par' dir='ltr' id='par_1_28' title="bbox 307 2664 1899 2747">
     <span class='ocr_line' id='line_1_28' title="bbox 307 2664 1899 2747; baseline -0.009 -15"><span class='ocrx_word' id='word_1_195' title='bbox 307 2676 494 2747; x_wconf 80' lang='grc' dir='ltr'>ἐαυτῷ</span> <span class='ocrx_word' id='word_1_196' title='bbox 524 2674 1094 2745; x_wconf 77' lang='grc' dir='ltr'>ἀποδεδοκιμασμένος</span> <span class='ocrx_word' id='word_1_197' title='bbox 1125 2672 1241 2743; x_wconf 76' lang='grc' dir='ltr'>ἤτω</span> <span class='ocrx_word' id='word_1_198' title='bbox 1266 2688 1280 2703; x_wconf 90' lang='grc'><strong>·</strong></span> <span class='ocrx_word' id='word_1_199' title='bbox 1338 2670 1435 2723; x_wconf 73' lang='grc' dir='ltr'><strong>καὶ</strong></span> <span class='ocrx_word' id='word_1_200' title='bbox 1467 2669 1543 2721; x_wconf 82' lang='grc' dir='ltr'>ὣν</span> <span class='ocrx_word' id='word_1_201' title='bbox 1573 2666 1787 2729; x_wconf 81' lang='grc' dir='ltr'>πιστὸς,</span> <span class='ocrx_word' id='word_1_202' title='bbox 1822 2664 1899 2727; x_wconf 79' lang='grc' dir='ltr'>ὡς</span> 
     </span>
    </p>
   </div>
   <div class='ocr_carea' id='block_1_29' title="bbox 306 2756 1905 2837">
    <p class='ocr_par' dir='ltr' id='par_1_29' title="bbox 306 2756 1905 2837">
     <span class='ocr_line' id='line_1_29' title="bbox 306 2756 1905 2837; baseline -0.009 -13"><span class='ocrx_word' id='word_1_203' title='bbox 306 2770 531 2834; x_wconf 78' lang='grc' dir='ltr'>ἀνάξιον</span> <span class='ocrx_word' id='word_1_204' title='bbox 580 2769 773 2821; x_wconf 76' lang='grc' dir='ltr'>ἑαυτὸν</span> <span class='ocrx_word' id='word_1_205' title='bbox 817 2765 1081 2837; x_wconf 81' lang='grc' dir='ltr'>ἡγείσθω.</span> <span class='ocrx_word' id='word_1_206' title='bbox 1124 2762 1386 2816; x_wconf 81' lang='grc' dir='ltr'>Τοιαῦται</span> <span class='ocrx_word' id='word_1_207' title='bbox 1437 2761 1547 2833; x_wconf 85' lang='grc' dir='ltr'>γὰρ</span> <span class='ocrx_word' id='word_1_208' title='bbox 1594 2759 1766 2830; x_wconf 73' lang='grc' dir='ltr'>ψυχαὶ</span> <span class='ocrx_word' id='word_1_209' title='bbox 1810 2756 1905 2810; x_wconf 87' lang='grc' dir='ltr'>εύ-</span> 
     </span>
    </p>
   </div>
   <div class='ocr_carea' id='block_1_30' title="bbox 306 2842 1907 2934">
    <p class='ocr_par' dir='ltr' id='par_1_30' title="bbox 306 2842 1907 2934">
     <span class='ocr_line' id='line_1_30' title="bbox 306 2842 1907 2934; baseline -0.008 -18"><span class='ocrx_word' id='word_1_210' title='bbox 306 2862 604 2934; x_wconf 83' lang='grc' dir='ltr'>αρεστοῦσι</span> <span class='ocrx_word' id='word_1_211' title='bbox 631 2858 775 2931; x_wconf 70' lang='grc' dir='ltr'>θεῷ.</span> <span class='ocrx_word' id='word_1_212' title='bbox 805 2860 900 2913; x_wconf 73' lang='grc' dir='ltr'><strong>καὶ</strong></span> <span class='ocrx_word' id='word_1_213' title='bbox 929 2855 1323 2923; x_wconf 77' lang='grc' dir='ltr'>ζωοποιοῦνται</span> <span class='ocrx_word' id='word_1_214' title='bbox 1354 2856 1413 2908; x_wconf 85' lang='grc' dir='ltr'><strong>ὲν</strong></span> <span class='ocrx_word' id='word_1_215' title='bbox 1437 2850 1677 2925; x_wconf 80' lang='grc' dir='ltr'>Χριστῷ,</span> <span class='ocrx_word' id='word_1_216' title='bbox 1767 2851 1801 2920; x_wconf 81' lang='grc' dir='ltr'><strong>ἡ</strong></span> <span class='ocrx_word' id='word_1_217' title='bbox 1822 2847 1907 2903; x_wconf 79' lang='grc' dir='ltr'>δό-</span> 
     </span>
    </p>
   </div>
   <div class='ocr_carea' id='block_1_31' title="bbox 309 2944 1595 3021">
    <p class='ocr_par' dir='ltr' id='par_1_31' title="bbox 309 2944 1595 3021">
     <span class='ocr_line' id='line_1_31' title="bbox 309 2944 1595 3021; baseline -0.008 -13"><span class='ocrx_word' id='word_1_218' title='bbox 309 2954 385 3021; x_wconf 78' lang='grc' dir='ltr'>ξα</span> <span class='ocrx_word' id='word_1_219' title='bbox 415 2954 511 3007; x_wconf 75' lang='grc' dir='ltr'><strong>καὶ</strong></span> <span class='ocrx_word' id='word_1_220' title='bbox 537 2952 600 3005; x_wconf 85' lang='grc' dir='ltr'>τὸ</span> <span class='ocrx_word' id='word_1_221' title='bbox 626 2950 828 3021; x_wconf 86' lang='grc' dir='ltr'>κράτος</span> <span class='ocrx_word' id='word_1_222' title='bbox 861 2952 942 3012; x_wconf 82' lang='grc' dir='ltr'><strong>είς</strong></span> <span class='ocrx_word' id='word_1_223' title='bbox 974 2950 1102 3011; x_wconf 82' lang='grc' dir='ltr'>τοὺς</span> <span class='ocrx_word' id='word_1_224' title='bbox 1126 2946 1354 3009; x_wconf 68' lang='grc' dir='ltr'>αἰῶνας.</span> <span class='ocrx_word' id='word_1_225' title='bbox 1399 2944 1595 3018; x_wconf 80' lang='grc' dir='ltr'>Ἀμήν.</span> 
     </span>
    </p>
   </div>
   <div class='ocr_carea' id='block_1_32' title="bbox 905 3061 1320 3118">
    <p class='ocr_par' dir='ltr' id='par_1_32' title="bbox 905 3061 1320 3118">
     <span class='ocr_line' id='line_1_32' title="bbox 905 3061 1320 3118; baseline -0.002 -1"><span class='ocrx_word' id='word_1_226' title='bbox 905 3062 1151 3118; x_wconf 77' lang='lat' dir='ltr'><strong>OMIAIA</strong></span> <span class='ocrx_word' id='word_1_227' title='bbox 1184 3061 1320 3116; x_wconf 86' lang='lat' dir='ltr'><strong>MB&#39;.</strong></span> 
     </span>
    </p>
   </div>
   <div class='ocr_carea' id='block_1_33' title="bbox 1989 550 3586 623">
    <p class='ocr_par' dir='ltr' id='par_1_33' title="bbox 1989 550 3586 623">
     <span class='ocr_line' id='line_1_33' title="bbox 1989 550 3586 623; baseline -0.001 -15"><span class='ocrx_word' id='word_1_228' title='bbox 1989 562 2167 609; x_wconf 90' lang='lat' dir='ltr'><strong>totum</strong></span> <span class='ocrx_word' id='word_1_229' title='bbox 2201 552 2391 623; x_wconf 65' lang='lat' dir='ltr'><strong>gratias</strong></span> <span class='ocrx_word' id='word_1_230' title='bbox 2424 567 2484 606; x_wconf 92' lang='lat' dir='ltr'><strong>se</strong></span> <span class='ocrx_word' id='word_1_231' title='bbox 2519 552 2702 623; x_wconf 90' lang='lat' dir='ltr'><strong>ipsum</strong></span> <span class='ocrx_word' id='word_1_232' title='bbox 2736 550 2916 605; x_wconf 92' lang='lat' dir='ltr'><strong>tradat</strong></span> <span class='ocrx_word' id='word_1_233' title='bbox 2949 568 2965 605; x_wconf 89' lang='lat'><strong>:</strong></span> <span class='ocrx_word' id='word_1_234' title='bbox 3000 550 3223 620; x_wconf 91' lang='lat' dir='ltr'><strong>hocque</strong></span> <span class='ocrx_word' id='word_1_235' title='bbox 3255 559 3417 621; x_wconf 91' lang='lat' dir='ltr'><strong>pacto</strong></span> <span class='ocrx_word' id='word_1_236' title='bbox 3454 566 3586 621; x_wconf 80' lang='lat' dir='ltr'><strong>pro-</strong></span> 
     </span>
    </p>
   </div>
   <div class='ocr_carea' id='block_1_34' title="bbox 1990 645 3587 717">
    <p class='ocr_par' dir='ltr' id='par_1_34' title="bbox 1990 645 3587 717">
     <span class='ocr_line' id='line_1_34' title="bbox 1990 645 3587 717; baseline 0 -15"><span class='ocrx_word' id='word_1_237' title='bbox 1990 648 2118 702; x_wconf 86' lang='lat' dir='ltr'><strong>bata</strong></span> <span class='ocrx_word' id='word_1_238' title='bbox 2161 656 2409 717; x_wconf 91' lang='lat' dir='ltr'><strong>tempore</strong></span> <span class='ocrx_word' id='word_1_239' title='bbox 2449 653 2507 700; x_wconf 90' lang='lat' dir='ltr'><strong>et</strong></span> <span class='ocrx_word' id='word_1_240' title='bbox 2542 645 2959 717; x_wconf 74' lang='lat' dir='ltr'><strong>opportunitate</strong></span> <span class='ocrx_word' id='word_1_241' title='bbox 3000 645 3207 710; x_wconf 87' lang='lat' dir='ltr'><strong>anima,</strong></span> <span class='ocrx_word' id='word_1_242' title='bbox 3239 645 3587 717; x_wconf 89' lang='lat' dir='ltr'><strong>gratiamque</strong></span> 
     </span>
    </p>
   </div>
   <div class='ocr_carea' id='block_1_35' title="bbox 1992 738 3588 810">
    <p class='ocr_par' dir='ltr' id='par_1_35' title="bbox 1992 738 3588 810">
     <span class='ocr_line' id='line_1_35' title="bbox 1992 738 3588 810; baseline -0.001 -15"><span class='ocrx_word' id='word_1_243' title='bbox 1992 742 2047 795; x_wconf 92' lang='lat' dir='ltr'><strong>in</strong></span> <span class='ocrx_word' id='word_1_244' title='bbox 2080 741 2229 797; x_wconf 90' lang='lat' dir='ltr'><strong>nulla</strong></span> <span class='ocrx_word' id='word_1_245' title='bbox 2261 753 2489 810; x_wconf 86' lang='lat' dir='ltr'><strong>prorsus</strong></span> <span class='ocrx_word' id='word_1_246' title='bbox 2512 755 2571 793; x_wconf 88' lang='lat' dir='ltr'><strong>re</strong></span> <span class='ocrx_word' id='word_1_247' title='bbox 2596 739 2951 803; x_wconf 78' lang='lat' dir='ltr'><strong>contristaris,</strong></span> <span class='ocrx_word' id='word_1_248' title='bbox 2973 754 3080 793; x_wconf 91' lang='lat' dir='ltr'><strong>nec</strong></span> <span class='ocrx_word' id='word_1_249' title='bbox 3105 738 3215 792; x_wconf 89' lang='lat' dir='ltr'><strong>ulla</strong></span> <span class='ocrx_word' id='word_1_250' title='bbox 3244 739 3588 794; x_wconf 80' lang='lat' dir='ltr'><strong>contumelia</strong></span> 
     </span>
    </p>
   </div>
   <div class='ocr_carea' id='block_1_36' title="bbox 1991 826 3585 898">
    <p class='ocr_par' dir='ltr' id='par_1_36' title="bbox 1991 826 3585 898">
     <span class='ocr_line' id='line_1_36' title="bbox 1991 826 3585 898; baseline -0.001 -14"><span class='ocrx_word' id='word_1_251' title='bbox 1991 829 2272 894; x_wconf 74' lang='lat' dir='ltr'><strong>afﬁciens,</strong></span> <span class='ocrx_word' id='word_1_252' title='bbox 2306 843 2338 882; x_wconf 91' lang='lat' dir='ltr'><strong>a</strong></span> <span class='ocrx_word' id='word_1_253' title='bbox 2372 827 2592 882; x_wconf 90' lang='lat' dir='ltr'><strong>modico</strong></span> <span class='ocrx_word' id='word_1_254' title='bbox 2625 836 2848 898; x_wconf 86' lang='lat' dir='ltr'><strong>sumpto</strong></span> <span class='ocrx_word' id='word_1_255' title='bbox 2884 826 3045 882; x_wconf 89' lang='lat' dir='ltr'><strong>initio</strong></span> <span class='ocrx_word' id='word_1_256' title='bbox 3080 826 3349 883; x_wconf 76' lang='lat' dir='ltr'><strong>auxilium</strong></span> <span class='ocrx_word' id='word_1_257' title='bbox 3385 842 3585 896; x_wconf 82' lang='lat' dir='ltr'><strong>conse-</strong></span> 
     </span>
    </p>
   </div>
   <div class='ocr_carea' id='block_1_37' title="bbox 1992 919 3579 993">
    <p class='ocr_par' dir='ltr' id='par_1_37' title="bbox 1992 919 3579 993">
     <span class='ocr_line' id='line_1_37' title="bbox 1992 919 3579 993; baseline -0.001 -18"><span class='ocrx_word' id='word_1_258' title='bbox 1992 922 2202 993; x_wconf 88' lang='lat' dir='ltr'><strong>quitur.</strong></span> <span class='ocrx_word' id='word_1_259' title='bbox 2239 920 2361 991; x_wconf 86' lang='lat' dir='ltr'><strong>lpsa</strong></span> <span class='ocrx_word' id='word_1_260' title='bbox 2386 934 2607 991; x_wconf 90' lang='lat' dir='ltr'><strong>quoque</strong></span> <span class='ocrx_word' id='word_1_261' title='bbox 2636 920 2809 991; x_wconf 85' lang='lat' dir='ltr'><strong>gratia</strong></span> <span class='ocrx_word' id='word_1_262' title='bbox 2838 928 3060 990; x_wconf 83' lang='lat' dir='ltr'><strong>pastum</strong></span> <span class='ocrx_word' id='word_1_263' title='bbox 3090 919 3147 973; x_wconf 91' lang='lat' dir='ltr'><strong>in</strong></span> <span class='ocrx_word' id='word_1_264' title='bbox 3172 920 3357 974; x_wconf 89' lang='lat' dir='ltr'><strong>anima</strong></span> <span class='ocrx_word' id='word_1_265' title='bbox 3386 920 3579 984; x_wconf 89' lang='lat' dir='ltr'><strong>sumit,</strong></span> 
     </span>
    </p>
   </div>
   <div class='ocr_carea' id='block_1_38' title="bbox 1993 1012 3588 1086">
    <p class='ocr_par' dir='ltr' id='par_1_38' title="bbox 1993 1012 3588 1086">
     <span class='ocr_line' id='line_1_38' title="bbox 1993 1012 3588 1086; baseline -0.001 -16"><span class='ocrx_word' id='word_1_266' title='bbox 1993 1024 2050 1070; x_wconf 92' lang='lat' dir='ltr'><strong>et</strong></span> <span class='ocrx_word' id='word_1_267' title='bbox 2079 1016 2147 1069; x_wconf 91' lang='lat' dir='ltr'><strong>ad</strong></span> <span class='ocrx_word' id='word_1_268' title='bbox 2179 1012 2636 1086; x_wconf 77' lang='lat' dir='ltr'><strong>profundissimas</strong></span> <span class='ocrx_word' id='word_1_269' title='bbox 2676 1029 2854 1084; x_wconf 87' lang='lat' dir='ltr'><strong>usque</strong></span> <span class='ocrx_word' id='word_1_270' title='bbox 2893 1014 3014 1084; x_wconf 83' lang='lat' dir='ltr'><strong>ejus</strong></span> <span class='ocrx_word' id='word_1_271' title='bbox 3055 1023 3243 1083; x_wconf 89' lang='lat' dir='ltr'><strong>partes</strong></span> <span class='ocrx_word' id='word_1_272' title='bbox 3285 1021 3341 1068; x_wconf 86' lang='lat' dir='ltr'><strong>et</strong></span> <span class='ocrx_word' id='word_1_273' title='bbox 3374 1015 3588 1084; x_wconf 87' lang='lat' dir='ltr'><strong>cogita-</strong></span> 
     </span>
    </p>
   </div>
   <div class='ocr_carea' id='block_1_39' title="bbox 1996 1105 3588 1170">
    <p class='ocr_par' dir='ltr' id='par_1_39' title="bbox 1996 1105 3588 1170">
     <span class='ocr_line' id='line_1_39' title="bbox 1996 1105 3588 1170; baseline -0.001 -8"><span class='ocrx_word' id='word_1_274' title='bbox 1996 1108 2176 1163; x_wconf 88' lang='lat' dir='ltr'><strong>tiones</strong></span> <span class='ocrx_word' id='word_1_275' title='bbox 2220 1107 2434 1162; x_wconf 86' lang='lat' dir='ltr'><strong>radices</strong></span> <span class='ocrx_word' id='word_1_276' title='bbox 2476 1105 2668 1170; x_wconf 89' lang='lat' dir='ltr'><strong>mittit,</strong></span> <span class='ocrx_word' id='word_1_277' title='bbox 2702 1122 2827 1160; x_wconf 87' lang='lat' dir='ltr'><strong>cum</strong></span> <span class='ocrx_word' id='word_1_278' title='bbox 2873 1106 2930 1161; x_wconf 88' lang='lat' dir='ltr'><strong>in</strong></span> <span class='ocrx_word' id='word_1_279' title='bbox 2968 1105 3158 1159; x_wconf 89' lang='lat' dir='ltr'><strong>multis</strong></span> <span class='ocrx_word' id='word_1_280' title='bbox 3202 1105 3588 1161; x_wconf 87' lang='lat' dir='ltr'><strong>occasionibus</strong></span> 
     </span>
    </p>
   </div>
   <div class='ocr_carea' id='block_1_40' title="bbox 1995 1196 3587 1272">
    <p class='ocr_par' dir='ltr' id='par_1_40' title="bbox 1995 1196 3587 1272">
     <span class='ocr_line' id='line_1_40' title="bbox 1995 1196 3587 1272; baseline -0.002 -17"><span class='ocrx_word' id='word_1_281' title='bbox 1995 1200 2225 1272; x_wconf 85' lang='lat' dir='ltr'><strong>probata</strong></span> <span class='ocrx_word' id='word_1_282' title='bbox 2272 1199 2376 1265; x_wconf 91' lang='lat' dir='ltr'><strong>sit,</strong></span> <span class='ocrx_word' id='word_1_283' title='bbox 2411 1208 2466 1253; x_wconf 92' lang='lat' dir='ltr'><strong>ct</strong></span> <span class='ocrx_word' id='word_1_284' title='bbox 2510 1198 2868 1254; x_wconf 85' lang='lat' dir='ltr'><strong>consentiens</strong></span> <span class='ocrx_word' id='word_1_285' title='bbox 2914 1198 3103 1268; x_wconf 64' lang='lat' dir='ltr'><strong>gratiae</strong></span> <span class='ocrx_word' id='word_1_286' title='bbox 3152 1196 3370 1261; x_wconf 85' lang='lat' dir='ltr'><strong>anima,</strong></span> <span class='ocrx_word' id='word_1_287' title='bbox 3407 1198 3587 1253; x_wconf 89' lang='lat' dir='ltr'><strong>donec</strong></span> 
     </span>
    </p>
   </div>
   <div class='ocr_carea' id='block_1_41' title="bbox 2000 1289 3588 1362">
    <p class='ocr_par' dir='ltr' id='par_1_41' title="bbox 2000 1289 3588 1362">
     <span class='ocr_line' id='line_1_41' title="bbox 2000 1289 3588 1362; baseline -0.001 -15"><span class='ocrx_word' id='word_1_288' title='bbox 2000 1301 2113 1347; x_wconf 90' lang='lat' dir='ltr'><strong>tota</strong></span> <span class='ocrx_word' id='word_1_289' title='bbox 2146 1292 2328 1347; x_wconf 89' lang='lat' dir='ltr'><strong>anima</strong></span> <span class='ocrx_word' id='word_1_290' title='bbox 2361 1291 2621 1362; x_wconf 83' lang='lat' dir='ltr'><strong>absorpta</strong></span> <span class='ocrx_word' id='word_1_291' title='bbox 2653 1298 2738 1345; x_wconf 88' lang='lat' dir='ltr'><strong>est</strong></span> <span class='ocrx_word' id='word_1_292' title='bbox 2772 1306 2800 1344; x_wconf 88' lang='lat' dir='ltr'><strong>a</strong></span> <span class='ocrx_word' id='word_1_293' title='bbox 2838 1290 3050 1345; x_wconf 57' lang='lat' dir='ltr'><strong>caelesti</strong></span> <span class='ocrx_word' id='word_1_294' title='bbox 3095 1289 3304 1361; x_wconf 87' lang='lat' dir='ltr'><strong>gratia,</strong></span> <span class='ocrx_word' id='word_1_295' title='bbox 3337 1301 3588 1361; x_wconf 84' lang='lat' dir='ltr'><strong>postmo-</strong></span> 
     </span>
    </p>
   </div>
   <div class='ocr_carea' id='block_1_42' title="bbox 2000 1384 2838 1455">
    <p class='ocr_par' dir='ltr' id='par_1_42' title="bbox 2000 1384 2838 1455">
     <span class='ocr_line' id='line_1_42' title="bbox 2000 1384 2838 1455; baseline -0.005 -15"><span class='ocrx_word' id='word_1_296' title='bbox 2000 1384 2129 1440; x_wconf 78' lang='lat' dir='ltr'><strong>dum</strong></span> <span class='ocrx_word' id='word_1_297' title='bbox 2158 1386 2213 1439; x_wconf 90' lang='lat' dir='ltr'><strong>in</strong></span> <span class='ocrx_word' id='word_1_298' title='bbox 2246 1386 2366 1455; x_wconf 88' lang='lat' dir='ltr'><strong>ipso</strong></span> <span class='ocrx_word' id='word_1_299' title='bbox 2394 1399 2523 1438; x_wconf 86' lang='lat' dir='ltr'><strong>vase</strong></span> <span class='ocrx_word' id='word_1_300' title='bbox 2553 1392 2838 1455; x_wconf 87' lang='lat' dir='ltr'><strong>regnante.</strong></span> 
     </span>
    </p>
   </div>
   <div class='ocr_carea' id='block_1_43' title="bbox 2067 1473 3591 1547">
    <p class='ocr_par' dir='ltr' id='par_1_43' title="bbox 2067 1473 3591 1547">
     <span class='ocr_line' id='line_1_43' title="bbox 2067 1473 3591 1547; baseline 0 -16"><span class='ocrx_word' id='word_1_301' title='bbox 2067 1477 2158 1531; x_wconf 89' lang='lat' dir='ltr'><strong>lll.</strong></span> <span class='ocrx_word' id='word_1_302' title='bbox 2187 1475 2343 1545; x_wconf 88' lang='lat' dir='ltr'><strong>Quod</strong></span> <span class='ocrx_word' id='word_1_303' title='bbox 2379 1477 2425 1530; x_wconf 90' lang='lat' dir='ltr'><strong>si</strong></span> <span class='ocrx_word' id='word_1_304' title='bbox 2462 1492 2592 1531; x_wconf 90' lang='lat' dir='ltr'><strong>vero</strong></span> <span class='ocrx_word' id='word_1_305' title='bbox 2621 1479 2747 1547; x_wconf 85' lang='lat' dir='ltr'><strong>quis</strong></span> <span class='ocrx_word' id='word_1_306' title='bbox 2772 1490 2881 1530; x_wconf 93' lang='lat' dir='ltr'><strong>non</strong></span> <span class='ocrx_word' id='word_1_307' title='bbox 2918 1473 3198 1530; x_wconf 82' lang='lat' dir='ltr'><strong>studuerit</strong></span> <span class='ocrx_word' id='word_1_308' title='bbox 3226 1490 3455 1531; x_wconf 73' lang='lat' dir='ltr'><strong>summa:</strong></span> <span class='ocrx_word' id='word_1_309' title='bbox 3488 1476 3591 1531; x_wconf 89' lang='lat' dir='ltr'><strong>hu-</strong></span> 
     </span>
    </p>
   </div>
   <div class='ocr_carea' id='block_1_44' title="bbox 1998 1565 3589 1634">
    <p class='ocr_par' dir='ltr' id='par_1_44' title="bbox 1998 1565 3589 1634">
     <span class='ocr_line' id='line_1_44' title="bbox 1998 1565 3589 1634; baseline 0 -12"><span class='ocrx_word' id='word_1_310' title='bbox 1998 1567 2250 1634; x_wconf 89' lang='lat' dir='ltr'><strong>militati,</strong></span> <span class='ocrx_word' id='word_1_311' title='bbox 2278 1567 2516 1622; x_wconf 88' lang='lat' dir='ltr'><strong>traditur</strong></span> <span class='ocrx_word' id='word_1_312' title='bbox 2548 1570 2654 1621; x_wconf 89' lang='lat' dir='ltr'><strong>istc</strong></span> <span class='ocrx_word' id='word_1_313' title='bbox 2690 1565 2936 1631; x_wconf 64' lang='lat' dir='ltr'><strong>Satanae,</strong></span> <span class='ocrx_word' id='word_1_314' title='bbox 2966 1573 3023 1621; x_wconf 87' lang='lat' dir='ltr'><strong>et</strong></span> <span class='ocrx_word' id='word_1_315' title='bbox 3053 1566 3368 1622; x_wconf 88' lang='lat' dir='ltr'><strong>denudatus</strong></span> <span class='ocrx_word' id='word_1_316' title='bbox 3401 1567 3589 1622; x_wconf 81' lang='lat' dir='ltr'><strong>divina</strong></span> 
     </span>
    </p>
   </div>
   <div class='ocr_carea' id='block_1_45' title="bbox 1999 1656 3589 1730">
    <p class='ocr_par' dir='ltr' id='par_1_45' title="bbox 1999 1656 3589 1730">
     <span class='ocr_line' id='line_1_45' title="bbox 1999 1656 3589 1730; baseline -0.001 -16"><span class='ocrx_word' id='word_1_317' title='bbox 1999 1659 2104 1714; x_wconf 84' lang='lat' dir='ltr'><strong>sibi</strong></span> <span class='ocrx_word' id='word_1_318' title='bbox 2133 1659 2330 1714; x_wconf 89' lang='lat' dir='ltr'><strong>collata</strong></span> <span class='ocrx_word' id='word_1_319' title='bbox 2361 1658 2557 1729; x_wconf 85' lang='lat' dir='ltr'><strong>gratia,</strong></span> <span class='ocrx_word' id='word_1_320' title='bbox 2587 1667 2834 1713; x_wconf 84' lang='lat' dir='ltr'><strong>tentatur</strong></span> <span class='ocrx_word' id='word_1_321' title='bbox 2863 1656 3253 1730; x_wconf 71' lang='lat' dir='ltr'><strong>afﬂictionibus</strong></span> <span class='ocrx_word' id='word_1_322' title='bbox 3284 1657 3504 1725; x_wconf 89' lang='lat' dir='ltr'><strong>multis;</strong></span> <span class='ocrx_word' id='word_1_323' title='bbox 3533 1667 3589 1714; x_wconf 90' lang='lat' dir='ltr'><strong>et</strong></span> 
     </span>
    </p>
   </div>
   <div class='ocr_carea' id='block_1_46' title="bbox 2003 1747 3588 1821">
    <p class='ocr_par' dir='ltr' id='par_1_46' title="bbox 2003 1747 3588 1821">
     <span class='ocr_line' id='line_1_46' title="bbox 2003 1747 3588 1821; baseline -0.003 -15"><span class='ocrx_word' id='word_1_324' title='bbox 2003 1761 2119 1807; x_wconf 89' lang='lat' dir='ltr'><strong>tum</strong></span> <span class='ocrx_word' id='word_1_325' title='bbox 2159 1750 2543 1806; x_wconf 84' lang='lat' dir='ltr'><strong>manifestatur</strong></span> <span class='ocrx_word' id='word_1_326' title='bbox 2578 1750 2699 1821; x_wconf 85' lang='lat' dir='ltr'><strong>ejus</strong></span> <span class='ocrx_word' id='word_1_327' title='bbox 2739 1747 3098 1816; x_wconf 77' lang='lat' dir='ltr'><strong>existimatio,</strong></span> <span class='ocrx_word' id='word_1_328' title='bbox 3125 1748 3274 1820; x_wconf 89' lang='lat' dir='ltr'><strong>quod</strong></span> <span class='ocrx_word' id='word_1_329' title='bbox 3312 1750 3496 1804; x_wconf 90' lang='lat' dir='ltr'><strong>nudus</strong></span> <span class='ocrx_word' id='word_1_330' title='bbox 3530 1758 3588 1806; x_wconf 78' lang='lat' dir='ltr'><strong>et</strong></span> 
     </span>
    </p>
   </div>
   <div class='ocr_carea' id='block_1_47' title="bbox 2000 1842 3587 1915">
    <p class='ocr_par' dir='ltr' id='par_1_47' title="bbox 2000 1842 3587 1915">
     <span class='ocr_line' id='line_1_47' title="bbox 2000 1842 3587 1915; baseline -0.001 -14"><span class='ocrx_word' id='word_1_331' title='bbox 2000 1860 2349 1901; x_wconf 72' lang='lat' dir='ltr'><strong>:erumnosus</strong></span> <span class='ocrx_word' id='word_1_332' title='bbox 2381 1844 2472 1899; x_wconf 91' lang='lat' dir='ltr'><strong>sit.</strong></span> <span class='ocrx_word' id='word_1_333' title='bbox 2502 1842 2677 1900; x_wconf 79' lang='lat' dir='ltr'><strong>Debet</strong></span> <span class='ocrx_word' id='word_1_334' title='bbox 2702 1859 2854 1914; x_wconf 75' lang='lat' dir='ltr'><strong>ergo,</strong></span> <span class='ocrx_word' id='word_1_335' title='bbox 2887 1843 2980 1912; x_wconf 87' lang='lat' dir='ltr'><strong>qui</strong></span> <span class='ocrx_word' id='word_1_336' title='bbox 3016 1843 3262 1913; x_wconf 87' lang='lat' dir='ltr'><strong>locuples</strong></span> <span class='ocrx_word' id='word_1_337' title='bbox 3296 1853 3383 1899; x_wconf 89' lang='lat' dir='ltr'><strong>est</strong></span> <span class='ocrx_word' id='word_1_338' title='bbox 3408 1851 3547 1915; x_wconf 79' lang='lat' dir='ltr'><strong>grati</strong></span> <span class='ocrx_word' id='word_1_339' title='bbox 3567 1864 3587 1899; x_wconf 82' lang='grc' dir='ltr'><strong>ι</strong></span> 
     </span>
    </p>
   </div>
   <div class='ocr_carea' id='block_1_48' title="bbox 2001 1935 3589 2002">
    <p class='ocr_par' dir='ltr' id='par_1_48' title="bbox 2001 1935 3589 2002">
     <span class='ocr_line' id='line_1_48' title="bbox 2001 1935 3589 2002; baseline 0 -11"><span class='ocrx_word' id='word_1_340' title='bbox 2001 1936 2221 2002; x_wconf 89' lang='lat' dir='ltr'><strong>divina,</strong></span> <span class='ocrx_word' id='word_1_341' title='bbox 2258 1936 2312 1992; x_wconf 89' lang='lat' dir='ltr'><strong>in</strong></span> <span class='ocrx_word' id='word_1_342' title='bbox 2356 1937 2528 1991; x_wconf 90' lang='lat' dir='ltr'><strong>multa</strong></span> <span class='ocrx_word' id='word_1_343' title='bbox 2576 1935 2889 1991; x_wconf 86' lang='lat' dir='ltr'><strong>humilitate</strong></span> <span class='ocrx_word' id='word_1_344' title='bbox 2926 1946 2982 1992; x_wconf 81' lang='lat' dir='ltr'><strong>et</strong></span> <span class='ocrx_word' id='word_1_345' title='bbox 3025 1935 3359 1993; x_wconf 88' lang='lat' dir='ltr'><strong>contritione</strong></span> <span class='ocrx_word' id='word_1_346' title='bbox 3399 1936 3589 1992; x_wconf 78' lang='lat' dir='ltr'><strong>cordis</strong></span> 
     </span>
    </p>
   </div>
   <div class='ocr_carea' id='block_1_49' title="bbox 2002 2027 3589 2098">
    <p class='ocr_par' dir='ltr' id='par_1_49' title="bbox 2002 2027 3589 2098">
     <span class='ocr_line' id='line_1_49' title="bbox 2002 2027 3589 2098; baseline 0.001 -17"><span class='ocrx_word' id='word_1_347' title='bbox 2002 2027 2248 2095; x_wconf 89' lang='lat' dir='ltr'><strong>versari,</strong></span> <span class='ocrx_word' id='word_1_348' title='bbox 2301 2037 2359 2083; x_wconf 88' lang='lat' dir='ltr'><strong>ct</strong></span> <span class='ocrx_word' id='word_1_349' title='bbox 2405 2027 2559 2083; x_wconf 89' lang='lat' dir='ltr'><strong>velut</strong></span> <span class='ocrx_word' id='word_1_350' title='bbox 2609 2043 2909 2098; x_wconf 78' lang='lat' dir='ltr'><strong>pauperem</strong></span> <span class='ocrx_word' id='word_1_351' title='bbox 2969 2043 3036 2083; x_wconf 89' lang='lat' dir='ltr'><strong>ac</strong></span> <span class='ocrx_word' id='word_1_352' title='bbox 3091 2028 3233 2083; x_wconf 84' lang='lat' dir='ltr'><strong>nihil</strong></span> <span class='ocrx_word' id='word_1_353' title='bbox 3294 2028 3589 2084; x_wconf 84' lang='lat' dir='ltr'><strong>habentem</strong></span> 
     </span>
    </p>
   </div>
   <div class='ocr_carea' id='block_1_50' title="bbox 2006 2120 3595 2192">
    <p class='ocr_par' dir='ltr' id='par_1_50' title="bbox 2006 2120 3595 2192">
     <span class='ocr_line' id='line_1_50' title="bbox 2006 2120 3595 2192; baseline 0 -17"><span class='ocrx_word' id='word_1_354' title='bbox 2006 2122 2169 2192; x_wconf 78' lang='lat'><strong>136</strong></span> <span class='ocrx_word' id='word_1_355' title='bbox 2224 2137 2283 2177; x_wconf 90' lang='lat' dir='ltr'><strong>se</strong></span> <span class='ocrx_word' id='word_1_356' title='bbox 2346 2120 2526 2192; x_wconf 91' lang='lat' dir='ltr'><strong>ipsum</strong></span> <span class='ocrx_word' id='word_1_357' title='bbox 2581 2120 2932 2187; x_wconf 73' lang='lat' dir='ltr'><strong>existimare;</strong></span> <span class='ocrx_word' id='word_1_358' title='bbox 2998 2121 3242 2177; x_wconf 89' lang='lat' dir='ltr'><strong>alienum</strong></span> <span class='ocrx_word' id='word_1_359' title='bbox 3301 2129 3387 2177; x_wconf 92' lang='lat' dir='ltr'><strong>est</strong></span> <span class='ocrx_word' id='word_1_360' title='bbox 3445 2122 3595 2192; x_wconf 87' lang='lat' dir='ltr'><strong>quod</strong></span> 
     </span>
    </p>
   </div>
   <div class='ocr_carea' id='block_1_51' title="bbox 2004 2213 3599 2284">
    <p class='ocr_par' dir='ltr' id='par_1_51' title="bbox 2004 2213 3599 2284">
     <span class='ocr_line' id='line_1_51' title="bbox 2004 2213 3599 2284; baseline 0.001 -16"><span class='ocrx_word' id='word_1_361' title='bbox 2004 2214 2194 2279; x_wconf 85' lang='lat' dir='ltr'><strong>habet,</strong></span> <span class='ocrx_word' id='word_1_362' title='bbox 2227 2214 2479 2284; x_wconf 88' lang='lat' dir='ltr'><strong>aliusque</strong></span> <span class='ocrx_word' id='word_1_363' title='bbox 2518 2213 2627 2268; x_wconf 90' lang='lat' dir='ltr'><strong>sibi</strong></span> <span class='ocrx_word' id='word_1_364' title='bbox 2669 2213 2844 2278; x_wconf 88' lang='lat' dir='ltr'><strong>dedit,</strong></span> <span class='ocrx_word' id='word_1_365' title='bbox 2884 2220 2940 2268; x_wconf 88' lang='lat' dir='ltr'><strong>et</strong></span> <span class='ocrx_word' id='word_1_366' title='bbox 2976 2214 3199 2283; x_wconf 90' lang='lat' dir='ltr'><strong>quando</strong></span> <span class='ocrx_word' id='word_1_367' title='bbox 3237 2214 3376 2279; x_wconf 87' lang='lat' dir='ltr'><strong>vult,</strong></span> <span class='ocrx_word' id='word_1_368' title='bbox 3414 2214 3599 2273; x_wconf 79' lang='lat' dir='ltr'><strong>aufert</strong></span> 
     </span>
    </p>
   </div>
   <div class='ocr_carea' id='block_1_52' title="bbox 2005 2304 3597 2376">
    <p class='ocr_par' dir='ltr' id='par_1_52' title="bbox 2005 2304 3597 2376">
     <span class='ocr_line' id='line_1_52' title="bbox 2005 2304 3597 2376; baseline 0.001 -17"><span class='ocrx_word' id='word_1_369' title='bbox 2005 2305 2165 2360; x_wconf 92' lang='lat' dir='ltr'><strong>illud.</strong></span> <span class='ocrx_word' id='word_1_370' title='bbox 2193 2305 2298 2372; x_wconf 87' lang='lat' dir='ltr'><strong>Qui</strong></span> <span class='ocrx_word' id='word_1_371' title='bbox 2335 2306 2440 2361; x_wconf 92' lang='lat' dir='ltr'><strong>hoc</strong></span> <span class='ocrx_word' id='word_1_372' title='bbox 2475 2315 2638 2376; x_wconf 89' lang='lat' dir='ltr'><strong>pacto</strong></span> <span class='ocrx_word' id='word_1_373' title='bbox 2673 2320 2732 2361; x_wconf 90' lang='lat' dir='ltr'><strong>se</strong></span> <span class='ocrx_word' id='word_1_374' title='bbox 2770 2304 2948 2375; x_wconf 91' lang='lat' dir='ltr'><strong>ipsum</strong></span> <span class='ocrx_word' id='word_1_375' title='bbox 2984 2304 3271 2369; x_wconf 87' lang='lat' dir='ltr'><strong>humiliat,</strong></span> <span class='ocrx_word' id='word_1_376' title='bbox 3299 2313 3409 2362; x_wconf 87' lang='lat' dir='ltr'><strong>tam</strong></span> <span class='ocrx_word' id='word_1_377' title='bbox 3448 2305 3597 2376; x_wconf 86' lang='lat' dir='ltr'><strong>apud</strong></span> 
     </span>
    </p>
   </div>
   <div class='ocr_carea' id='block_1_53' title="bbox 2001 2395 3597 2465">
    <p class='ocr_par' dir='ltr' id='par_1_53' title="bbox 2001 2395 3597 2465">
     <span class='ocr_line' id='line_1_53' title="bbox 2001 2395 3597 2465; baseline -0.001 -15"><span class='ocrx_word' id='word_1_378' title='bbox 2001 2396 2177 2450; x_wconf 90' lang='lat' dir='ltr'><strong>Deum</strong></span> <span class='ocrx_word' id='word_1_379' title='bbox 2217 2410 2383 2465; x_wconf 87' lang='lat' dir='ltr'><strong>quam</strong></span> <span class='ocrx_word' id='word_1_380' title='bbox 2431 2395 2705 2455; x_wconf 88' lang='lat' dir='ltr'><strong>homines.</strong></span> <span class='ocrx_word' id='word_1_381' title='bbox 2742 2403 2926 2464; x_wconf 89' lang='lat' dir='ltr'><strong>potest</strong></span> <span class='ocrx_word' id='word_1_382' title='bbox 2966 2409 3296 2449; x_wconf 84' lang='lat' dir='ltr'><strong>conservare</strong></span> <span class='ocrx_word' id='word_1_383' title='bbox 3339 2395 3597 2449; x_wconf 91' lang='lat' dir='ltr'><strong>collatam</strong></span> 
     </span>
    </p>
   </div>
   <div class='ocr_carea' id='block_1_54' title="bbox 2001 2482 3594 2558">
    <p class='ocr_par' dir='ltr' id='par_1_54' title="bbox 2001 2482 3594 2558">
     <span class='ocr_line' id='line_1_54' title="bbox 2001 2482 3594 2558; baseline 0.001 -17"><span class='ocrx_word' id='word_1_384' title='bbox 2001 2487 2108 2541; x_wconf 89' lang='lat' dir='ltr'><strong>sibi</strong></span> <span class='ocrx_word' id='word_1_385' title='bbox 2139 2486 2392 2558; x_wconf 81' lang='lat' dir='ltr'><strong>gratiam,</strong></span> <span class='ocrx_word' id='word_1_386' title='bbox 2416 2495 2478 2540; x_wconf 90' lang='lat' dir='ltr'><strong>ut</strong></span> <span class='ocrx_word' id='word_1_387' title='bbox 2502 2487 2683 2556; x_wconf 86' lang='lat' dir='ltr'><strong>inquit</strong></span> <span class='ocrx_word' id='word_1_388' title='bbox 2712 2504 2724 2541; x_wconf 90' lang='lat'>:</span> <span class='ocrx_word' id='word_1_389' title='bbox 2754 2486 2859 2553; x_wconf 83' lang='lat' dir='ltr'><strong>Qui</strong></span> <span class='ocrx_word' id='word_1_390' title='bbox 2881 2503 2935 2540; x_wconf 83' lang='lat' dir='ltr'><strong>se</strong></span> <span class='ocrx_word' id='word_1_391' title='bbox 2956 2486 3226 2551; x_wconf 85' lang='lat' dir='ltr'><strong>humiliat,</strong></span> <span class='ocrx_word' id='word_1_392' title='bbox 3250 2482 3594 2545; x_wconf 74' lang='lat' dir='ltr'><strong>excitabitur.</strong></span> 
     </span>
    </p>
   </div>
   <div class='ocr_carea' id='block_1_55' title="bbox 2003 2579 3599 2650">
    <p class='ocr_par' dir='ltr' id='par_1_55' title="bbox 2003 2579 3599 2650">
     <span class='ocr_line' id='line_1_55' title="bbox 2003 2579 3599 2650; baseline -0.001 -15"><span class='ocrx_word' id='word_1_393' title='bbox 2003 2579 2073 2635; x_wconf 88' lang='lat' dir='ltr'><strong>Et</strong></span> <span class='ocrx_word' id='word_1_394' title='bbox 2115 2579 2367 2649; x_wconf 83' lang='lat' dir='ltr'><strong>quamvis</strong></span> <span class='ocrx_word' id='word_1_395' title='bbox 2414 2580 2489 2635; x_wconf 89' lang='lat' dir='ltr'><strong>sit</strong></span> <span class='ocrx_word' id='word_1_396' title='bbox 2536 2580 2751 2636; x_wconf 86' lang='lat' dir='ltr'><strong>electus</strong></span> <span class='ocrx_word' id='word_1_397' title='bbox 2796 2580 2924 2646; x_wconf 90' lang='lat' dir='ltr'><strong>Dei,</strong></span> <span class='ocrx_word' id='word_1_398' title='bbox 2964 2579 3111 2650; x_wconf 90' lang='lat' dir='ltr'><strong>apud</strong></span> <span class='ocrx_word' id='word_1_399' title='bbox 3162 2594 3222 2634; x_wconf 90' lang='lat' dir='ltr'><strong>se</strong></span> <span class='ocrx_word' id='word_1_400' title='bbox 3268 2579 3599 2649; x_wconf 86' lang='lat' dir='ltr'><strong>reprobatus</strong></span> 
     </span>
    </p>
   </div>
   <div class='ocr_carea' id='block_1_56' title="bbox 2003 2672 3597 2743">
    <p class='ocr_par' dir='ltr' id='par_1_56' title="bbox 2003 2672 3597 2743">
     <span class='ocr_line' id='line_1_56' title="bbox 2003 2672 3597 2743; baseline -0.003 -14"><span class='ocrx_word' id='word_1_401' title='bbox 2003 2682 2125 2729; x_wconf 89' lang='lat' dir='ltr'><strong>esto</strong></span> <span class='ocrx_word' id='word_1_402' title='bbox 2157 2695 2169 2728; x_wconf 88' lang='lat'><strong>:</strong></span> <span class='ocrx_word' id='word_1_403' title='bbox 2198 2673 2449 2742; x_wconf 88' lang='lat' dir='ltr'><strong>quamvis</strong></span> <span class='ocrx_word' id='word_1_404' title='bbox 2482 2674 2555 2728; x_wconf 92' lang='lat' dir='ltr'><strong>sit</strong></span> <span class='ocrx_word' id='word_1_405' title='bbox 2584 2672 2785 2739; x_wconf 81' lang='lat' dir='ltr'><strong>ﬁdelis,</strong></span> <span class='ocrx_word' id='word_1_406' title='bbox 2818 2673 2971 2728; x_wconf 84' lang='lat' dir='ltr'><strong>velut</strong></span> <span class='ocrx_word' id='word_1_407' title='bbox 3004 2672 3291 2743; x_wconf 86' lang='lat' dir='ltr'><strong>indignum</strong></span> <span class='ocrx_word' id='word_1_408' title='bbox 3323 2688 3380 2727; x_wconf 87' lang='lat' dir='ltr'><strong>se</strong></span> <span class='ocrx_word' id='word_1_409' title='bbox 3412 2672 3597 2742; x_wconf 88' lang='lat' dir='ltr'><strong>ipsum</strong></span> 
     </span>
    </p>
   </div>
   <div class='ocr_carea' id='block_1_57' title="bbox 2005 2765 3600 2838">
    <p class='ocr_par' dir='ltr' id='par_1_57' title="bbox 2005 2765 3600 2838">
     <span class='ocr_line' id='line_1_57' title="bbox 2005 2765 3600 2838; baseline -0.001 -18"><span class='ocrx_word' id='word_1_410' title='bbox 2005 2775 2249 2836; x_wconf 88' lang='lat' dir='ltr'><strong>reputet.</strong></span> <span class='ocrx_word' id='word_1_411' title='bbox 2299 2766 2587 2838; x_wconf 84' lang='lat' dir='ltr'><strong>Ejusmodi</strong></span> <span class='ocrx_word' id='word_1_412' title='bbox 2631 2766 2780 2821; x_wconf 90' lang='lat' dir='ltr'><strong>enim</strong></span> <span class='ocrx_word' id='word_1_413' title='bbox 2834 2765 3032 2822; x_wconf 71' lang='lat' dir='ltr'><strong>anima:</strong></span> <span class='ocrx_word' id='word_1_414' title='bbox 3084 2766 3197 2820; x_wconf 90' lang='lat' dir='ltr'><strong>Deo</strong></span> <span class='ocrx_word' id='word_1_415' title='bbox 3248 2780 3600 2835; x_wconf 87' lang='lat' dir='ltr'><strong>summopere</strong></span> 
     </span>
    </p>
   </div>
   <div class='ocr_carea' id='block_1_58' title="bbox 2003 2856 3601 2928">
    <p class='ocr_par' dir='ltr' id='par_1_58' title="bbox 2003 2856 3601 2928">
     <span class='ocr_line' id='line_1_58' title="bbox 2003 2856 3601 2928; baseline 0.001 -17"><span class='ocrx_word' id='word_1_416' title='bbox 2003 2857 2244 2927; x_wconf 80' lang='lat' dir='ltr'><strong>placent,</strong></span> <span class='ocrx_word' id='word_1_417' title='bbox 2274 2864 2332 2911; x_wconf 92' lang='lat' dir='ltr'><strong>et</strong></span> <span class='ocrx_word' id='word_1_418' title='bbox 2361 2856 2719 2912; x_wconf 83' lang='lat' dir='ltr'><strong>viviﬁcantur</strong></span> <span class='ocrx_word' id='word_1_419' title='bbox 2744 2872 2844 2927; x_wconf 89' lang='lat' dir='ltr'><strong>per</strong></span> <span class='ocrx_word' id='word_1_420' title='bbox 2869 2856 3176 2913; x_wconf 86' lang='lat' dir='ltr'><strong>Christum.</strong></span> <span class='ocrx_word' id='word_1_421' title='bbox 3203 2856 3307 2913; x_wconf 89' lang='lat' dir='ltr'><strong>Cui</strong></span> <span class='ocrx_word' id='word_1_422' title='bbox 3338 2858 3513 2928; x_wconf 80' lang='lat' dir='ltr'><strong>gloria</strong></span> <span class='ocrx_word' id='word_1_423' title='bbox 3541 2867 3601 2913; x_wconf 90' lang='lat' dir='ltr'><strong>et</strong></span> 
     </span>
    </p>
   </div>
   <div class='ocr_carea' id='block_1_59' title="bbox 2006 2949 2814 3020">
    <p class='ocr_par' dir='ltr' id='par_1_59' title="bbox 2006 2949 2814 3020">
     <span class='ocr_line' id='line_1_59' title="bbox 2006 2949 2814 3020; baseline 0 -15"><span class='ocrx_word' id='word_1_424' title='bbox 2006 2949 2255 3020; x_wconf 87' lang='lat' dir='ltr'><strong>potentia</strong></span> <span class='ocrx_word' id='word_1_425' title='bbox 2281 2950 2339 3005; x_wconf 92' lang='lat' dir='ltr'><strong>in</strong></span> <span class='ocrx_word' id='word_1_426' title='bbox 2366 2950 2588 3007; x_wconf 70' lang='lat' dir='ltr'><strong>saecula.</strong></span> <span class='ocrx_word' id='word_1_427' title='bbox 2613 2950 2814 3006; x_wconf 88' lang='lat' dir='ltr'><strong>Amen.</strong></span> 
     </span>
    </p>
   </div>
   <div class='ocr_carea' id='block_1_60' title="bbox 2562 3064 3051 3123">
    <p class='ocr_par' dir='ltr' id='par_1_60' title="bbox 2562 3064 3051 3123">
     <span class='ocr_line' id='line_1_60' title="bbox 2562 3064 3051 3123; baseline -0.002 -2"><span class='ocrx_word' id='word_1_428' title='bbox 2562 3064 2849 3123; x_wconf 79' lang='lat' dir='ltr'><strong>HOMILIA</strong></span> <span class='ocrx_word' id='word_1_429' title='bbox 2887 3065 3051 3121; x_wconf 79' lang='lat' dir='ltr'><strong>XLII.</strong></span> 
     </span>
    </p>
   </div>
   <div class='ocr_carea' id='block_1_61' title="bbox 306 3146 1904 3237">
    <p class='ocr_par' dir='ltr' id='par_1_61' title="bbox 306 3146 1904 3237">
     <span class='ocr_line' id='line_1_61' title="bbox 306 3146 1904 3237; baseline -0.009 -20"><span class='ocrx_word' id='word_1_430' title='bbox 306 3161 413 3228; x_wconf 75' lang='grc' dir='ltr'><strong>Μὴ</strong></span> <span class='ocrx_word' id='word_1_431' title='bbox 465 3161 540 3215; x_wconf 82' lang='grc' dir='ltr'>τὰ</span> <span class='ocrx_word' id='word_1_432' title='bbox 575 3159 832 3237; x_wconf 50' lang='grc' dir='ltr'><strong>ἐξωθεῖνι</strong></span> <span class='ocrx_word' id='word_1_433' title='bbox 857 3154 1020 3211; x_wconf 66' lang='grc' dir='ltr'><em>ἀλλὰ</em></span> <span class='ocrx_word' id='word_1_434' title='bbox 1047 3154 1394 3237; x_wconf 30' lang='grc' dir='ltr'><strong>τὰῆἕνᾷορεν</strong></span> <span class='ocrx_word' id='word_1_435' title='bbox 1419 3150 1663 3237; x_wconf 49' lang='grc' dir='ltr'>προάγει</span> <span class='ocrx_word' id='word_1_436' title='bbox 1689 3146 1904 3237; x_wconf 40' lang='grc' dir='ltr'><strong>ἣιβλά-</strong></span> 
     </span>
    </p>
   </div>
   <div class='ocr_carea' id='block_1_62' title="bbox 2013 3146 3605 3237">
    <p class='ocr_par' dir='ltr' id='par_1_62' title="bbox 2013 3151 3605 3237">
     <span class='ocr_line' id='line_1_62' title="bbox 2013 3151 3605 3237; baseline -0.004 -25"><span class='ocrx_word' id='word_1_437' title='bbox 2013 3156 2130 3237; x_wconf 87' lang='lat' dir='ltr'><strong>No_n</strong></span> <span class='ocrx_word' id='word_1_438' title='bbox 2194 3166 2437 3237; x_wconf 74' lang='lat' dir='ltr'><strong>externa,</strong></span> <span class='ocrx_word' id='word_1_439' title='bbox 2468 3155 2830 3237; x_wconf 36' lang='lat' dir='ltr'><strong>sed‘inlterrra</strong></span> <span class='ocrx_word' id='word_1_440' title='bbox 2890 3164 3195 3237; x_wconf 75' lang='lat' dir='ltr'><strong>promovent</strong></span> <span class='ocrx_word' id='word_1_441' title='bbox 3253 3163 3348 3208; x_wconf 87' lang='lat' dir='ltr'><strong>aut</strong></span> <span class='ocrx_word' id='word_1_442' title='bbox 3405 3151 3605 3236; x_wconf 65' lang='grc' dir='ltr'>ιιιςάμηι</span> 
     </span>
    </p>
   </div>
   <div class='ocr_carea' id='block_1_63' title="bbox 386 3223 1907 3296">
    <p class='ocr_par' dir='ltr' id='par_1_63' title="bbox 386 3223 1907 3296">
     <span class='ocr_line' id='line_1_63' title="bbox 386 3223 1907 3296; baseline -0.007 -10"><span class='ocrx_word' id='word_1_443' title='bbox 386 3223 515 3286; x_wconf 72' lang='grc' dir='ltr'>ἐττει</span> <span class='ocrx_word' id='word_1_444' title='bbox 567 3223 683 3284; x_wconf 64' lang='grc' dir='ltr'>τόν.</span> <span class='ocrx_word' id='word_1_445' title='bbox 720 3230 1070 3296; x_wconf 77' lang='grc' dir='ltr'>ἄνθρωπον,</span> <span class='ocrx_word' id='word_1_446' title='bbox 1118 3224 1356 3296; x_wconf 75' lang='grc' dir='ltr'>δηλαδὴ</span> <span class='ocrx_word' id='word_1_447' title='bbox 1400 3225 1468 3277; x_wconf 81' lang='grc' dir='ltr'>τὸ</span> <span class='ocrx_word' id='word_1_448' title='bbox 1511 3223 1624 3292; x_wconf 79' lang='grc' dir='ltr'>τῆς</span> <span class='ocrx_word' id='word_1_449' title='bbox 1662 3225 1907 3293; x_wconf 75' lang='grc' dir='ltr'>χάριτος</span> 
     </span>
    </p>
   </div>
   <div class='ocr_carea' id='block_1_64' title="bbox 388 3295 1556 3372">
    <p class='ocr_par' dir='ltr' id='par_1_64' title="bbox 388 3295 1556 3372">
     <span class='ocr_line' id='line_1_64' title="bbox 388 3295 1556 3372; baseline -0.006 -15"><span class='ocrx_word' id='word_1_450' title='bbox 388 3302 649 3372; x_wconf 80' lang='grc' dir='ltr'>Πνεῦμα,</span> <span class='ocrx_word' id='word_1_451' title='bbox 682 3300 720 3367; x_wconf 80' lang='grc' dir='ltr'><strong>ἢ</strong></span> <span class='ocrx_word' id='word_1_452' title='bbox 755 3295 1082 3367; x_wconf 26' lang='grc' dir='ltr'>τὸίπνεῦμα</span> <span class='ocrx_word' id='word_1_453' title='bbox 1108 3295 1220 3365; x_wconf 84' lang='grc' dir='ltr'>τῆς</span> <span class='ocrx_word' id='word_1_454' title='bbox 1243 3295 1556 3364; x_wconf 74' lang='grc' dir='ltr'>πονηρίας.</span> 
     </span>
    </p>
   </div>
   <div class='ocr_carea' id='block_1_65' title="bbox 384 3404 1908 3487">
    <p class='ocr_par' dir='ltr' id='par_1_65' title="bbox 384 3404 1908 3487">
     <span class='ocr_line' id='line_1_65' title="bbox 384 3404 1908 3487; baseline -0.006 -16"><span class='ocrx_word' id='word_1_455' title='bbox 384 3419 464 3472; x_wconf 82' lang='lat' dir='ltr'><strong>A&#39;.</strong></span> <span class='ocrx_word' id='word_1_456' title='bbox 502 3417 715 3487; x_wconf 79' lang='grc' dir='ltr'>Ὥσπερ</span> <span class='ocrx_word' id='word_1_457' title='bbox 746 3415 843 3468; x_wconf 68' lang='lat' dir='ltr'><strong>saw</strong></span> <span class='ocrx_word' id='word_1_458' title='bbox 938 3413 1095 3475; x_wconf 81' lang='grc' dir='ltr'>πόλις</span> <span class='ocrx_word' id='word_1_459' title='bbox 1130 3410 1376 3481; x_wconf 87' lang='grc' dir='ltr'>μεγάλη,</span> <span class='ocrx_word' id='word_1_460' title='bbox 1411 3410 1617 3481; x_wconf 80' lang='grc' dir='ltr'>ἔρημος</span> <span class='ocrx_word' id='word_1_461' title='bbox 1642 3409 1700 3464; x_wconf 82' lang='grc' dir='ltr'><strong>δὲ</strong></span> <span class='ocrx_word' id='word_1_462' title='bbox 1797 3408 1908 3463; x_wconf 88' lang='grc' dir='ltr'><strong>τῶν</strong></span> 
     </span>
    </p>
   </div>
   <div class='ocr_carea' id='block_1_66' title="bbox 307 3501 1909 3582">
    <p class='ocr_par' dir='ltr' id='par_1_66' title="bbox 307 3501 1909 3582">
     <span class='ocr_line' id='line_1_66' title="bbox 307 3501 1909 3582; baseline -0.009 -15"><span class='ocrx_word' id='word_1_463' title='bbox 307 3510 545 3582; x_wconf 78' lang='grc' dir='ltr'>τειχέων</span> <span class='ocrx_word' id='word_1_464' title='bbox 573 3507 998 3578; x_wconf 80' lang='grc' dir='ltr'>διαλελυμένων,</span> <span class='ocrx_word' id='word_1_465' title='bbox 1033 3504 1130 3558; x_wconf 69' lang='grc' dir='ltr'>καὶ</span> <span class='ocrx_word' id='word_1_466' title='bbox 1152 3502 1258 3556; x_wconf 83' lang='grc' dir='ltr'><strong>ύπὺ</strong></span> <span class='ocrx_word' id='word_1_467' title='bbox 1283 3501 1495 3575; x_wconf 78' lang='grc' dir='ltr'>ἐχθρῶν</span> <span class='ocrx_word' id='word_1_468' title='bbox 1521 3502 1726 3574; x_wconf 76' lang='grc' dir='ltr'>ληφθῇ.</span> <span class='ocrx_word' id='word_1_469' title='bbox 1755 3501 1909 3555; x_wconf 76' lang='grc' dir='ltr'>οὐδὲν</span> 
     </span>
    </p>
   </div>
   <div class='ocr_carea' id='block_1_67' title="bbox 308 3591 1908 3672">
    <p class='ocr_par' dir='ltr' id='par_1_67' title="bbox 308 3591 1908 3672">
     <span class='ocr_line' id='line_1_67' title="bbox 308 3591 1908 3672; baseline -0.006 -16"><span class='ocrx_word' id='word_1_470' title='bbox 308 3604 414 3672; x_wconf 70' lang='grc' dir='ltr'>τῆς</span> <span class='ocrx_word' id='word_1_471' title='bbox 461 3600 882 3671; x_wconf 85' lang='grc' dir='ltr'>μεγαλειότητος</span> <span class='ocrx_word' id='word_1_472' title='bbox 928 3598 1123 3668; x_wconf 74' lang='grc' dir='ltr'>ὄφελος</span> <span class='ocrx_word' id='word_1_473' title='bbox 1147 3615 1163 3631; x_wconf 76' lang='grc'><em>’</em></span> <span class='ocrx_word' id='word_1_474' title='bbox 1220 3596 1484 3668; x_wconf 79' lang='grc' dir='ltr'>ζητητέον</span> <span class='ocrx_word' id='word_1_475' title='bbox 1513 3591 1606 3650; x_wconf 79' lang='grc' dir='ltr'><strong>οὖν</strong></span> <span class='ocrx_word' id='word_1_476' title='bbox 1637 3596 1732 3649; x_wconf 80' lang='grc' dir='ltr'><strong>καὶ</strong></span> <span class='ocrx_word' id='word_1_477' title='bbox 1773 3592 1908 3667; x_wconf 81' lang='lat' dir='ltr'><strong>[alii</strong></span> 
     </span>
    </p>
   </div>
   <div class='ocr_carea' id='block_1_68' title="bbox 310 3686 1909 3767">
    <p class='ocr_par' dir='ltr' id='par_1_68' title="bbox 310 3686 1909 3767">
     <span class='ocr_line' id='line_1_68' title="bbox 310 3686 1909 3767; baseline -0.008 -16"><span class='ocrx_word' id='word_1_478' title='bbox 310 3694 501 3767; x_wconf 75' lang='grc' dir='ltr'>κατὰ]</span> <span class='ocrx_word' id='word_1_479' title='bbox 539 3696 598 3748; x_wconf 76' lang='grc' dir='ltr'>τὸ</span> <span class='ocrx_word' id='word_1_480' title='bbox 628 3693 882 3765; x_wconf 77' lang='grc' dir='ltr'>μέγεθος,</span> <span class='ocrx_word' id='word_1_481' title='bbox 922 3692 1009 3746; x_wconf 72' lang='grc' dir='ltr'>ἵνα</span> <span class='ocrx_word' id='word_1_482' title='bbox 1040 3691 1141 3764; x_wconf 68' lang='grc' dir='ltr'><strong>ἔχῃ</strong></span> <span class='ocrx_word' id='word_1_483' title='bbox 1174 3690 1270 3744; x_wconf 83' lang='grc' dir='ltr'><strong>καὶ</strong></span> <span class='ocrx_word' id='word_1_484' title='bbox 1295 3688 1452 3759; x_wconf 83' lang='grc' dir='ltr'>τείχη</span> <span class='ocrx_word' id='word_1_485' title='bbox 1476 3687 1650 3759; x_wconf 74' lang='grc' dir='ltr'>ὀχυρὰ</span> <span class='ocrx_word' id='word_1_486' title='bbox 1681 3686 1819 3755; x_wconf 84' lang='grc' dir='ltr'>πρὸς</span> <span class='ocrx_word' id='word_1_487' title='bbox 1848 3686 1909 3738; x_wconf 85' lang='grc' dir='ltr'><strong>τὸ</strong></span> 
     </span>
    </p>
   </div>
   <div class='ocr_carea' id='block_1_69' title="bbox 315 3776 1909 3857">
    <p class='ocr_par' dir='ltr' id='par_1_69' title="bbox 315 3776 1909 3857">
     <span class='ocr_line' id='line_1_69' title="bbox 315 3776 1909 3857; baseline -0.007 -18"><span class='ocrx_word' id='word_1_488' title='bbox 315 3787 399 3857; x_wconf 81' lang='grc' dir='ltr'>μὴ</span> <span class='ocrx_word' id='word_1_489' title='bbox 453 3788 579 3847; x_wconf 71' lang='grc' dir='ltr'>τοὺς</span> <span class='ocrx_word' id='word_1_490' title='bbox 631 3783 863 3853; x_wconf 72' lang='grc' dir='ltr'>ἐχθροὺς</span> <span class='ocrx_word' id='word_1_491' title='bbox 912 3782 1142 3834; x_wconf 73' lang='grc' dir='ltr'>εἰσιέναι</span> <span class='ocrx_word' id='word_1_492' title='bbox 1175 3795 1190 3811; x_wconf 76' lang='grc' dir='ltr'><strong>ο</strong></span> <span class='ocrx_word' id='word_1_493' title='bbox 1243 3776 1390 3832; x_wconf 74' lang='grc' dir='ltr'>οὕτω</span> <span class='ocrx_word' id='word_1_494' title='bbox 1422 3777 1485 3849; x_wconf 83' lang='grc' dir='ltr'>δὴ</span> <span class='ocrx_word' id='word_1_495' title='bbox 1521 3777 1618 3831; x_wconf 75' lang='grc' dir='ltr'>καὶ</span> <span class='ocrx_word' id='word_1_496' title='bbox 1648 3776 1820 3847; x_wconf 72' lang='grc' dir='ltr'>ψυχαὶ</span> <span class='ocrx_word' id='word_1_497' title='bbox 1851 3776 1909 3828; x_wconf 83' lang='grc' dir='ltr'><strong>αί</strong></span> 
     </span>
    </p>
   </div>
   <div class='ocr_carea' id='block_1_70' title="bbox 310 3869 1908 3947">
    <p class='ocr_par' dir='ltr' id='par_1_70' title="bbox 310 3869 1908 3947">
     <span class='ocr_line' id='line_1_70' title="bbox 310 3869 1908 3947; baseline -0.006 -16"><span class='ocrx_word' id='word_1_498' title='bbox 310 3876 732 3947; x_wconf 80' lang='grc' dir='ltr'>κεκοσμημέναι</span> <span class='ocrx_word' id='word_1_499' title='bbox 767 3874 967 3944; x_wconf 88' lang='grc' dir='ltr'>γνώσει</span> <span class='ocrx_word' id='word_1_500' title='bbox 1004 3874 1098 3927; x_wconf 81' lang='grc' dir='ltr'>καὶ</span> <span class='ocrx_word' id='word_1_501' title='bbox 1133 3873 1372 3938; x_wconf 80' lang='grc' dir='ltr'>συνέσει,</span> <span class='ocrx_word' id='word_1_502' title='bbox 1408 3870 1503 3925; x_wconf 75' lang='grc' dir='ltr'><strong>καὶ</strong></span> <span class='ocrx_word' id='word_1_503' title='bbox 1533 3870 1612 3941; x_wconf 84' lang='grc' dir='ltr'>νῷ</span> <span class='ocrx_word' id='word_1_504' title='bbox 1638 3869 1908 3940; x_wconf 78' lang='grc' dir='ltr'>όξυτάτῳ,</span> 
     </span>
    </p>
   </div>
   <div class='ocr_carea' id='block_1_71' title="bbox 308 3961 1910 4039">
    <p class='ocr_par' dir='ltr' id='par_1_71' title="bbox 308 3961 1910 4039">
     <span class='ocr_line' id='line_1_71' title="bbox 308 3961 1910 4039; baseline -0.006 -16"><span class='ocrx_word' id='word_1_505' title='bbox 308 3969 396 4032; x_wconf 78' lang='grc' dir='ltr'>ὡς</span> <span class='ocrx_word' id='word_1_506' title='bbox 450 3969 635 4032; x_wconf 88' lang='grc' dir='ltr'>πόλεις</span> <span class='ocrx_word' id='word_1_507' title='bbox 683 3968 792 4020; x_wconf 83' lang='grc' dir='ltr'>εἰσὶ</span> <span class='ocrx_word' id='word_1_508' title='bbox 847 3966 1109 4039; x_wconf 82' lang='grc' dir='ltr'>μεγάλαι.</span> <span class='ocrx_word' id='word_1_509' title='bbox 1150 3964 1313 4019; x_wconf 78' lang='grc' dir='ltr'>Ἀλλά</span> <span class='ocrx_word' id='word_1_510' title='bbox 1350 3963 1638 4034; x_wconf 77' lang='grc' dir='ltr'>ζητητέον,</span> <span class='ocrx_word' id='word_1_511' title='bbox 1678 3964 1728 4015; x_wconf 84' lang='grc' dir='ltr'><strong>εί</strong></span> <span class='ocrx_word' id='word_1_512' title='bbox 1761 3961 1910 4032; x_wconf 82' lang='grc' dir='ltr'>ὠχύ-</span> 
     </span>
    </p>
   </div>
   <div class='ocr_carea' id='block_1_72' title="bbox 312 4054 1911 4135">
    <p class='ocr_par' dir='ltr' id='par_1_72' title="bbox 312 4054 1911 4135">
     <span class='ocr_line' id='line_1_72' title="bbox 312 4054 1911 4135; baseline -0.007 -18"><span class='ocrx_word' id='word_1_513' title='bbox 312 4080 523 4135; x_wconf 82' lang='grc' dir='ltr'>ρωνται</span> <span class='ocrx_word' id='word_1_514' title='bbox 555 4065 622 4135; x_wconf 76' lang='grc' dir='ltr'>τῇ</span> <span class='ocrx_word' id='word_1_515' title='bbox 647 4062 877 4132; x_wconf 83' lang='grc' dir='ltr'>δυνάμει</span> <span class='ocrx_word' id='word_1_516' title='bbox 905 4059 1001 4113; x_wconf 90' lang='grc' dir='ltr'><strong>τοῦ</strong></span> <span class='ocrx_word' id='word_1_517' title='bbox 1029 4060 1370 4128; x_wconf 63' lang='grc' dir='ltr'>Ππιεύματος,</span> <span class='ocrx_word' id='word_1_518' title='bbox 1402 4058 1616 4128; x_wconf 87' lang='grc' dir='ltr'>μήποτε</span> <span class='ocrx_word' id='word_1_519' title='bbox 1646 4055 1698 4107; x_wconf 82' lang='grc' dir='ltr'>οἱ</span> <span class='ocrx_word' id='word_1_520' title='bbox 1721 4054 1911 4125; x_wconf 77' lang='grc' dir='ltr'>ἐχθροὶ</span> 
     </span>
    </p>
   </div>
   <div class='ocr_carea' id='block_1_73' title="bbox 313 4146 1912 4226">
    <p class='ocr_par' dir='ltr' id='par_1_73' title="bbox 313 4146 1912 4226">
     <span class='ocr_line' id='line_1_73' title="bbox 313 4146 1912 4226; baseline -0.006 -16"><span class='ocrx_word' id='word_1_521' title='bbox 313 4156 649 4219; x_wconf 80' lang='grc' dir='ltr'>εἰσελθόντες</span> <span class='ocrx_word' id='word_1_522' title='bbox 678 4153 1045 4226; x_wconf 83' lang='grc' dir='ltr'>ἐρημώσωσιν</span> <span class='ocrx_word' id='word_1_523' title='bbox 1072 4151 1264 4216; x_wconf 79' lang='grc' dir='ltr'>αὐτάς.</span> <span class='ocrx_word' id='word_1_524' title='bbox 1301 4151 1366 4203; x_wconf 78' lang='lat' dir='ltr'><strong>Oi</strong></span> <span class='ocrx_word' id='word_1_525' title='bbox 1394 4149 1502 4220; x_wconf 82' lang='grc' dir='ltr'><strong>γάρ</strong></span> <span class='ocrx_word' id='word_1_526' title='bbox 1530 4146 1686 4218; x_wconf 75' lang='grc' dir='ltr'>σοφοὶ</span> <span class='ocrx_word' id='word_1_527' title='bbox 1708 4147 1802 4201; x_wconf 91' lang='grc' dir='ltr'><strong>τοῦ</strong></span> <span class='ocrx_word' id='word_1_528' title='bbox 1826 4147 1912 4201; x_wconf 82' lang='grc' dir='ltr'>κό-</span> 
     </span>
    </p>
   </div>
   <div class='ocr_carea' id='block_1_74' title="bbox 314 4241 1910 4319">
    <p class='ocr_par' dir='ltr' id='par_1_74' title="bbox 314 4241 1910 4319">
     <span class='ocr_line' id='line_1_74' title="bbox 314 4241 1910 4319; baseline -0.005 -16"><span class='ocrx_word' id='word_1_529' title='bbox 314 4267 483 4319; x_wconf 84' lang='grc' dir='ltr'>σμου,</span> <span class='ocrx_word' id='word_1_530' title='bbox 524 4248 930 4319; x_wconf 78' lang='grc' dir='ltr'>’Δριστοτέλης,</span> <span class='ocrx_word' id='word_1_531' title='bbox 964 4246 998 4317; x_wconf 79' lang='grc' dir='ltr'>ἦ</span> <span class='ocrx_word' id='word_1_532' title='bbox 1033 4246 1282 4313; x_wconf 83' lang='grc' dir='ltr'>Πλάτων,</span> <span class='ocrx_word' id='word_1_533' title='bbox 1316 4244 1349 4315; x_wconf 88' lang='grc' dir='ltr'>ἢ</span> <span class='ocrx_word' id='word_1_534' title='bbox 1383 4243 1682 4315; x_wconf 82' lang='grc' dir='ltr'>Σωκράτης</span> <span class='ocrx_word' id='word_1_535' title='bbox 1705 4283 1719 4308; x_wconf 95' lang='grc'><strong>,</strong></span> <span class='ocrx_word' id='word_1_536' title='bbox 1774 4241 1910 4313; x_wconf 85' lang='grc' dir='ltr'>φρό-</span> 
     </span>
    </p>
   </div>
   <div class='ocr_carea' id='block_1_75' title="bbox 312 4333 1911 4413">
    <p class='ocr_par' dir='ltr' id='par_1_75' title="bbox 312 4333 1911 4413">
     <span class='ocr_line' id='line_1_75' title="bbox 312 4333 1911 4413; baseline -0.008 -15"><span class='ocrx_word' id='word_1_537' title='bbox 312 4361 467 4413; x_wconf 83' lang='grc' dir='ltr'>νιμοι</span> <span class='ocrx_word' id='word_1_538' title='bbox 495 4343 647 4404; x_wconf 73' lang='grc' dir='ltr'>ὄντες</span> <span class='ocrx_word' id='word_1_539' title='bbox 693 4344 751 4395; x_wconf 80' lang='grc' dir='ltr'>ὲν</span> <span class='ocrx_word' id='word_1_540' title='bbox 782 4341 1007 4408; x_wconf 81' lang='grc' dir='ltr'>γνώσει,</span> <span class='ocrx_word' id='word_1_541' title='bbox 1044 4336 1234 4413; x_wconf 80' lang='grc' dir='ltr'>ὥσπερ</span> <span class='ocrx_word' id='word_1_542' title='bbox 1268 4336 1455 4400; x_wconf 86' lang='grc' dir='ltr'>πόλεις</span> <span class='ocrx_word' id='word_1_543' title='bbox 1488 4334 1724 4405; x_wconf 85' lang='grc' dir='ltr'>μεγάλαι</span> <span class='ocrx_word' id='word_1_544' title='bbox 1750 4333 1911 4401; x_wconf 71' lang='grc' dir='ltr'>ἐτύγ-</span> 
     </span>
    </p>
   </div>
   <div class='ocr_carea' id='block_1_76' title="bbox 312 4423 1909 4508">
    <p class='ocr_par' dir='ltr' id='par_1_76' title="bbox 312 4423 1909 4508">
     <span class='ocr_line' id='line_1_76' title="bbox 312 4423 1909 4508; baseline -0.004 -21"><span class='ocrx_word' id='word_1_545' title='bbox 312 4452 504 4508; x_wconf 88' lang='grc' dir='ltr'>χανον,</span> <span class='ocrx_word' id='word_1_546' title='bbox 539 4434 657 4489; x_wconf 80' lang='grc' dir='ltr'>ἀλλ’</span> <span class='ocrx_word' id='word_1_547' title='bbox 687 4433 884 4504; x_wconf 79' lang='grc' dir='ltr'>ἔρημοι</span> <span class='ocrx_word' id='word_1_548' title='bbox 910 4428 1051 4503; x_wconf 80' lang='grc' dir='ltr'>ἦσαν</span> <span class='ocrx_word' id='word_1_549' title='bbox 1075 4430 1182 4485; x_wconf 81' lang='grc' dir='ltr'><strong>ὑπὸ</strong></span> <span class='ocrx_word' id='word_1_550' title='bbox 1203 4428 1439 4503; x_wconf 76' lang='grc' dir='ltr'>ἐχθρῶν,</span> <span class='ocrx_word' id='word_1_551' title='bbox 1465 4427 1552 4482; x_wconf 86' lang='grc' dir='ltr'><strong>διά</strong></span> <span class='ocrx_word' id='word_1_552' title='bbox 1580 4427 1643 4481; x_wconf 77' lang='grc' dir='ltr'>τὸ</span> <span class='ocrx_word' id='word_1_553' title='bbox 1672 4427 1746 4499; x_wconf 86' lang='grc' dir='ltr'>μὴ</span> <span class='ocrx_word' id='word_1_554' title='bbox 1771 4423 1909 4480; x_wconf 79' lang='grc' dir='ltr'>εἶναι</span> 
     </span>
    </p>
   </div>
   <div class='ocr_carea' id='block_1_77' title="bbox 312 4525 1814 4602">
    <p class='ocr_par' dir='ltr' id='par_1_77' title="bbox 312 4525 1814 4602">
     <span class='ocr_line' id='line_1_77' title="bbox 312 4525 1814 4602; baseline 0.005 -23"><span class='ocrx_word' id='word_1_555' title='bbox 312 4527 544 4597; x_wconf 77' lang='grc' dir='ltr'>Πνεῦμα</span> <span class='ocrx_word' id='word_1_556' title='bbox 572 4525 708 4580; x_wconf 83' lang='grc' dir='ltr'>Θεοῦ</span> <span class='ocrx_word' id='word_1_557' title='bbox 741 4528 798 4579; x_wconf 84' lang='grc' dir='ltr'>ὲν</span> <span class='ocrx_word' id='word_1_558' title='bbox 822 4525 1028 4587; x_wconf 74' lang='grc' dir='ltr'>αὐτοῖς.</span> <span class='ocrx_word' id='word_1_559' title='bbox 1756 4576 1814 4602; x_wconf 58' lang='grc' dir='ltr'>η,</span> 
     </span>
    </p>
   </div>
   <div class='ocr_carea' id='block_1_78' title="bbox 393 4611 1909 4685">
    <p class='ocr_par' dir='ltr' id='par_1_78' title="bbox 393 4611 1909 4685">
     <span class='ocr_line' id='line_1_78' title="bbox 393 4611 1909 4685; baseline -0.007 -12"><span class='ocrx_word' id='word_1_560' title='bbox 393 4620 467 4675; x_wconf 85' lang='lat' dir='ltr'><strong>D&#39;.</strong></span> <span class='ocrx_word' id='word_1_561' title='bbox 523 4620 680 4673; x_wconf 86' lang='grc' dir='ltr'>Ὅσοι</span> <span class='ocrx_word' id='word_1_562' title='bbox 729 4616 787 4671; x_wconf 77' lang='grc' dir='ltr'>δέ</span> <span class='ocrx_word' id='word_1_563' title='bbox 836 4618 973 4670; x_wconf 85' lang='grc' dir='ltr'>είσιν</span> <span class='ocrx_word' id='word_1_564' title='bbox 1025 4615 1235 4669; x_wconf 73' lang='grc' dir='ltr'>ἰδιῶται</span> <span class='ocrx_word' id='word_1_565' title='bbox 1284 4614 1501 4685; x_wconf 79' lang='grc' dir='ltr'>μέτοχοι</span> <span class='ocrx_word' id='word_1_566' title='bbox 1534 4611 1633 4681; x_wconf 79' lang='grc' dir='ltr'>τῆς</span> <span class='ocrx_word' id='word_1_567' title='bbox 1664 4612 1909 4683; x_wconf 82' lang='grc' dir='ltr'>χάριτος,</span> 
     </span>
    </p>
   </div>
   <div class='ocr_carea' id='block_1_79' title="bbox 312 4704 1913 4786">
    <p class='ocr_par' dir='ltr' id='par_1_79' title="bbox 312 4704 1913 4786">
     <span class='ocr_line' id='line_1_79' title="bbox 312 4704 1913 4786; baseline -0.009 -17"><span class='ocrx_word' id='word_1_568' title='bbox 312 4715 509 4786; x_wconf 80' lang='grc' dir='ltr'>ὥσπερ</span> <span class='ocrx_word' id='word_1_569' title='bbox 555 4712 743 4776; x_wconf 89' lang='grc' dir='ltr'>πόλεις</span> <span class='ocrx_word' id='word_1_570' title='bbox 788 4708 988 4781; x_wconf 86' lang='grc' dir='ltr'>μικραί</span> <span class='ocrx_word' id='word_1_571' title='bbox 1019 4711 1159 4762; x_wconf 76' lang='grc' dir='ltr'>εἰσιν</span> <span class='ocrx_word' id='word_1_572' title='bbox 1188 4706 1555 4779; x_wconf 84' lang='grc' dir='ltr'>ὠχυρωμέναι</span> <span class='ocrx_word' id='word_1_573' title='bbox 1587 4707 1655 4777; x_wconf 78' lang='grc' dir='ltr'>τῇ</span> <span class='ocrx_word' id='word_1_574' title='bbox 1683 4704 1913 4774; x_wconf 79' lang='grc' dir='ltr'>δυνάμει</span> 
     </span>
    </p>
   </div>
   <div class='ocr_carea' id='block_1_80' title="bbox 313 4795 1915 4875">
    <p class='ocr_par' dir='ltr' id='par_1_80' title="bbox 313 4795 1915 4875">
     <span class='ocr_line' id='line_1_80' title="bbox 313 4795 1915 4875; baseline -0.007 -16"><span class='ocrx_word' id='word_1_575' title='bbox 313 4806 417 4860; x_wconf 73' lang='grc' dir='ltr'>’τοῦ</span> <span class='ocrx_word' id='word_1_576' title='bbox 464 4800 721 4875; x_wconf 85' lang='grc' dir='ltr'>σταυροῦ.</span> <span class='ocrx_word' id='word_1_577' title='bbox 763 4802 1128 4856; x_wconf 80' lang='grc' dir='ltr'>Ἐκπίπτουσι</span> <span class='ocrx_word' id='word_1_578' title='bbox 1174 4799 1233 4853; x_wconf 80' lang='grc' dir='ltr'>δὲ</span> <span class='ocrx_word' id='word_1_579' title='bbox 1280 4799 1382 4869; x_wconf 83' lang='grc' dir='ltr'>τῆς</span> <span class='ocrx_word' id='word_1_580' title='bbox 1421 4799 1647 4869; x_wconf 87' lang='grc' dir='ltr'>χάριτος</span> <span class='ocrx_word' id='word_1_581' title='bbox 1681 4795 1791 4852; x_wconf 76' lang='grc' dir='ltr'><strong>ἀπὸ</strong></span> <span class='ocrx_word' id='word_1_582' title='bbox 1820 4796 1915 4848; x_wconf 79' lang='grc' dir='ltr'><strong>δύο</strong></span> 
     </span>
    </p>
   </div>
   <div class='ocr_carea' id='block_1_81' title="bbox 316 4887 1916 4969">
    <p class='ocr_par' dir='ltr' id='par_1_81' title="bbox 316 4887 1916 4969">
     <span class='ocr_line' id='line_1_81' title="bbox 316 4887 1916 4969; baseline -0.008 -16"><span class='ocrx_word' id='word_1_583' title='bbox 316 4898 691 4969; x_wconf 70' lang='grc' dir='ltr'>πραγμάτων,</span> <span class='ocrx_word' id='word_1_584' title='bbox 728 4896 825 4949; x_wconf 76' lang='grc' dir='ltr'>καὶ</span> <span class='ocrx_word' id='word_1_585' title='bbox 858 4892 1225 4947; x_wconf 85' lang='grc' dir='ltr'>ἀπόλλυνται·</span> <span class='ocrx_word' id='word_1_586' title='bbox 1265 4891 1300 4963; x_wconf 76' lang='grc' dir='ltr'>ἢ</span> <span class='ocrx_word' id='word_1_587' title='bbox 1334 4892 1416 4944; x_wconf 86' lang='grc' dir='ltr'>ὃτι</span> <span class='ocrx_word' id='word_1_588' title='bbox 1450 4889 1551 4954; x_wconf 85' lang='grc' dir='ltr'>τὰς</span> <span class='ocrx_word' id='word_1_589' title='bbox 1579 4887 1916 4960; x_wconf 74' lang='grc' dir='ltr'>ὲπιφερομέο</span> 
     </span>
    </p>
   </div>
   <div class='ocr_carea' id='block_1_82' title="bbox 318 4979 1918 5061">
    <p class='ocr_par' dir='ltr' id='par_1_82' title="bbox 318 4979 1918 5061">
     <span class='ocr_line' id='line_1_82' title="bbox 318 4979 1918 5061; baseline -0.009 -15"><span class='ocrx_word' id='word_1_590' title='bbox 318 5008 424 5055; x_wconf 86' lang='grc' dir='ltr'><strong>νας</strong></span> <span class='ocrx_word' id='word_1_591' title='bbox 453 4992 660 5061; x_wconf 69' lang='grc' dir='ltr'>θλίψεις</span> <span class='ocrx_word' id='word_1_592' title='bbox 689 4989 790 5059; x_wconf 85' lang='grc' dir='ltr'><strong>οὐχ</strong></span> <span class='ocrx_word' id='word_1_593' title='bbox 824 4986 1190 5057; x_wconf 82' lang='grc' dir='ltr'>ὑπομένουσιν</span> <span class='ocrx_word' id='word_1_594' title='bbox 1210 5001 1224 5016; x_wconf 87' lang='grc'><strong>·</strong></span> <span class='ocrx_word' id='word_1_595' title='bbox 1364 4982 1447 5036; x_wconf 85' lang='grc' dir='ltr'>ὅτι</span> <span class='ocrx_word' id='word_1_596' title='bbox 1484 4983 1566 5046; x_wconf 89' lang='grc' dir='ltr'><strong>εἰς</strong></span> <span class='ocrx_word' id='word_1_597' title='bbox 1593 4982 1693 5046; x_wconf 84' lang='grc' dir='ltr'>τὰς</span> <span class='ocrx_word' id='word_1_598' title='bbox 1721 4979 1918 5052; x_wconf 80' lang='grc' dir='ltr'>ἡδονάς</span> 
     </span>
    </p>
   </div>
   <div class='ocr_carea' id='block_1_83' title="bbox 318 5073 1917 5160">
    <p class='ocr_par' dir='ltr' id='par_1_83' title="bbox 318 5073 1917 5160">
     <span class='ocr_line' id='line_1_83' title="bbox 318 5073 1917 5160; baseline -0.011 -18"><span class='ocrx_word' id='word_1_599' title='bbox 318 5086 423 5149; x_wconf 71' lang='grc' dir='ltr'><strong>τῆς</strong></span> <span class='ocrx_word' id='word_1_600' title='bbox 456 5084 735 5160; x_wconf 73' lang='grc' dir='ltr'>ἁμαρτίας</span> <span class='ocrx_word' id='word_1_601' title='bbox 777 5080 1151 5151; x_wconf 71' lang='grc' dir='ltr'>ἐνηδυνθεῖσαι</span> <span class='ocrx_word' id='word_1_602' title='bbox 1183 5077 1487 5147; x_wconf 82' lang='grc' dir='ltr'>ἀπέμειναν</span> <span class='ocrx_word' id='word_1_603' title='bbox 1534 5074 1664 5148; x_wconf 84' lang='lat' dir='ltr'><strong>[alii</strong></span> <span class='ocrx_word' id='word_1_604' title='bbox 1694 5073 1917 5145; x_wconf 81' lang='grc' dir='ltr'>ὲνηδυν-</span> 
     </span>
    </p>
   </div>
   <div class='ocr_carea' id='block_1_84' title="bbox 320 5166 1920 5257">
    <p class='ocr_par' dir='ltr' id='par_1_84' title="bbox 320 5166 1920 5257">
     <span class='ocr_line' id='line_1_84' title="bbox 320 5166 1920 5257; baseline -0.008 -27"><span class='ocrx_word' id='word_1_605' title='bbox 320 5176 483 5246; x_wconf 80' lang='grc' dir='ltr'>θῆναι</span> <span class='ocrx_word' id='word_1_606' title='bbox 516 5172 897 5246; x_wconf 74' lang='grc' dir='ltr'>ὑπέμειναν]ο</span> <span class='ocrx_word' id='word_1_607' title='bbox 952 5172 1011 5225; x_wconf 82' lang='grc' dir='ltr'><strong>ού</strong></span> <span class='ocrx_word' id='word_1_608' title='bbox 1058 5170 1315 5224; x_wconf 86' lang='grc' dir='ltr'>δύνανται</span> <span class='ocrx_word' id='word_1_609' title='bbox 1350 5168 1460 5257; x_wconf 83' lang='grc' dir='ltr'><strong>γάρ</strong></span> <span class='ocrx_word' id='word_1_610' title='bbox 1505 5169 1555 5221; x_wconf 76' lang='lat' dir='ltr'><strong>oi</strong></span> <span class='ocrx_word' id='word_1_611' title='bbox 1591 5166 1920 5227; x_wconf 73' lang='grc' dir='ltr'>διοδεύοντες</span> 
     </span>
    </p>
   </div>
   <div class='ocr_carea' id='block_1_85' title="bbox 325 5255 1921 5339">
    <p class='ocr_par' dir='ltr' id='par_1_85' title="bbox 325 5255 1921 5339">
     <span class='ocr_line' id='line_1_85' title="bbox 325 5255 1921 5339; baseline -0.011 -14"><span class='ocrx_word' id='word_1_612' title='bbox 325 5267 460 5325; x_wconf 80' lang='grc' dir='ltr'>ἄνευ</span> <span class='ocrx_word' id='word_1_613' title='bbox 509 5264 837 5339; x_wconf 84' lang='grc' dir='ltr'>πειρασμῶν</span> <span class='ocrx_word' id='word_1_614' title='bbox 880 5264 1128 5317; x_wconf 87' lang='grc' dir='ltr'>διελθεῖν.</span> <span class='ocrx_word' id='word_1_615' title='bbox 1165 5262 1377 5331; x_wconf 82' lang='grc' dir='ltr'>Ὥσπερ</span> <span class='ocrx_word' id='word_1_616' title='bbox 1410 5255 1467 5314; x_wconf 76' lang='grc' dir='ltr'>δὲ</span> <span class='ocrx_word' id='word_1_617' title='bbox 1508 5261 1567 5313; x_wconf 80' lang='grc' dir='ltr'>ὲν</span> <span class='ocrx_word' id='word_1_618' title='bbox 1605 5258 1683 5329; x_wconf 84' lang='grc' dir='ltr'>τῷ</span> <span class='ocrx_word' id='word_1_619' title='bbox 1714 5255 1921 5326; x_wconf 82' lang='grc' dir='ltr'>τοκετῷ</span> 
     </span>
    </p>
   </div>
   <div class='ocr_carea' id='block_1_86' title="bbox 323 5348 1919 5432">
    <p class='ocr_par' dir='ltr' id='par_1_86' title="bbox 323 5348 1919 5432">
     <span class='ocr_line' id='line_1_86' title="bbox 323 5348 1919 5432; baseline -0.007 -21"><span class='ocrx_word' id='word_1_620' title='bbox 323 5361 366 5428; x_wconf 86' lang='grc' dir='ltr'><strong>ή</strong></span> <span class='ocrx_word' id='word_1_621' title='bbox 392 5361 680 5432; x_wconf 79' lang='grc' dir='ltr'>προσαῐτις</span> <span class='ocrx_word' id='word_1_622' title='bbox 712 5357 808 5410; x_wconf 71' lang='grc' dir='ltr'><strong>καὶ</strong></span> <span class='ocrx_word' id='word_1_623' title='bbox 836 5357 868 5427; x_wconf 80' lang='grc' dir='ltr'>ἡ</span> <span class='ocrx_word' id='word_1_624' title='bbox 896 5354 1108 5425; x_wconf 76' lang='grc' dir='ltr'>βασιλὶς</span> <span class='ocrx_word' id='word_1_625' title='bbox 1139 5353 1239 5416; x_wconf 81' lang='grc' dir='ltr'>τὰς</span> <span class='ocrx_word' id='word_1_626' title='bbox 1267 5351 1438 5413; x_wconf 82' lang='grc' dir='ltr'>αύτὰς</span> <span class='ocrx_word' id='word_1_627' title='bbox 1463 5350 1659 5412; x_wconf 80' lang='grc' dir='ltr'>ὠδίνας</span> <span class='ocrx_word' id='word_1_628' title='bbox 1680 5348 1919 5419; x_wconf 79' lang='grc' dir='ltr'>ἔχουσιν,</span> 
     </span>
    </p>
   </div>
   <div class='ocr_carea' id='block_1_87' title="bbox 325 5440 1922 5523">
    <p class='ocr_par' dir='ltr' id='par_1_87' title="bbox 325 5440 1922 5523">
     <span class='ocr_line' id='line_1_87' title="bbox 325 5440 1922 5523; baseline -0.009 -16"><span class='ocrx_word' id='word_1_629' title='bbox 325 5452 533 5521; x_wconf 81' lang='grc' dir='ltr'>ὁμοίως</span> <span class='ocrx_word' id='word_1_630' title='bbox 562 5452 656 5504; x_wconf 74' lang='grc' dir='ltr'>καὶ</span> <span class='ocrx_word' id='word_1_631' title='bbox 677 5450 710 5523; x_wconf 73' lang='grc' dir='ltr'>ἡ</span> <span class='ocrx_word' id='word_1_632' title='bbox 734 5450 804 5519; x_wconf 82' lang='grc' dir='ltr'>γῆ</span> <span class='ocrx_word' id='word_1_633' title='bbox 834 5447 930 5500; x_wconf 89' lang='grc' dir='ltr'><strong>τοῦ</strong></span> <span class='ocrx_word' id='word_1_634' title='bbox 958 5443 1217 5501; x_wconf 82' lang='grc' dir='ltr'>πλουσίου</span> <span class='ocrx_word' id='word_1_635' title='bbox 1238 5444 1334 5497; x_wconf 73' lang='grc' dir='ltr'><strong>καὶ</strong></span> <span class='ocrx_word' id='word_1_636' title='bbox 1358 5442 1449 5497; x_wconf 91' lang='grc' dir='ltr'><strong>τοῦ</strong></span> <span class='ocrx_word' id='word_1_637' title='bbox 1475 5441 1729 5512; x_wconf 79' lang='grc' dir='ltr'>πένητος,</span> <span class='ocrx_word' id='word_1_638' title='bbox 1772 5441 1822 5493; x_wconf 75' lang='grc' dir='ltr'>εἰ</span> <span class='ocrx_word' id='word_1_639' title='bbox 1846 5440 1922 5510; x_wconf 83' lang='grc' dir='ltr'>μὴ</span> 
     </span>
    </p>
   </div>
   <div class='ocr_carea' id='block_1_88' title="bbox 329 5533 1923 5615">
    <p class='ocr_par' dir='ltr' id='par_1_88' title="bbox 329 5533 1923 5615">
     <span class='ocr_line' id='line_1_88' title="bbox 329 5533 1923 5615; baseline -0.007 -18"><span class='ocrx_word' id='word_1_640' title='bbox 329 5542 431 5615; x_wconf 76' lang='grc' dir='ltr'>τὴν</span> <span class='ocrx_word' id='word_1_641' title='bbox 455 5540 831 5615; x_wconf 73' lang='grc' dir='ltr'>δέουσανλάῦῃ</span> <span class='ocrx_word' id='word_1_642' title='bbox 847 5536 1200 5612; x_wconf 82' lang='grc' dir='ltr'>[ἀρδείαν],ού</span> <span class='ocrx_word' id='word_1_643' title='bbox 1223 5536 1449 5589; x_wconf 90' lang='grc' dir='ltr'>δύναται</span> <span class='ocrx_word' id='word_1_644' title='bbox 1472 5536 1720 5606; x_wconf 71' lang='grc' dir='ltr'>καρποὺς</span> <span class='ocrx_word' id='word_1_645' title='bbox 1738 5533 1923 5599; x_wconf 79' lang='grc' dir='ltr'>ἀξίους</span> 
     </span>
    </p>
   </div>
   <div class='ocr_carea' id='block_1_89' title="bbox 329 5627 1923 5705">
    <p class='ocr_par' dir='ltr' id='par_1_89' title="bbox 329 5627 1923 5705">
     <span class='ocr_line' id='line_1_89' title="bbox 329 5627 1923 5705; baseline -0.014 -13"><span class='ocrx_word' id='word_1_646' title='bbox 329 5638 580 5705; x_wconf 73' lang='grc' dir='ltr'>ἐνεγκεῖν</span> <span class='ocrx_word' id='word_1_647' title='bbox 606 5651 619 5665; x_wconf 89' lang='grc'><strong>·</strong></span> <span class='ocrx_word' id='word_1_648' title='bbox 675 5632 819 5686; x_wconf 85' lang='grc' dir='ltr'>οῦτω</span> <span class='ocrx_word' id='word_1_649' title='bbox 863 5633 957 5685; x_wconf 74' lang='grc' dir='ltr'><strong>καὶ</strong></span> <span class='ocrx_word' id='word_1_650' title='bbox 1002 5636 1061 5685; x_wconf 79' lang='grc' dir='ltr'>ἐν</span> <span class='ocrx_word' id='word_1_651' title='bbox 1104 5633 1168 5701; x_wconf 77' lang='grc' dir='ltr'>τῇ</span> <span class='ocrx_word' id='word_1_652' title='bbox 1213 5630 1448 5701; x_wconf 76' lang='grc' dir='ltr'>ἐργασίᾳ</span> <span class='ocrx_word' id='word_1_653' title='bbox 1492 5629 1589 5699; x_wconf 79' lang='grc' dir='ltr'>τῆς</span> <span class='ocrx_word' id='word_1_654' title='bbox 1626 5628 1825 5698; x_wconf 70' lang='grc' dir='ltr'>ψυχῆς,</span> <span class='ocrx_word' id='word_1_655' title='bbox 1862 5627 1923 5680; x_wconf 72' lang='grc' dir='ltr'>οὐ</span> 
     </span>
    </p>
   </div>
   <div class='ocr_carea' id='block_1_90' title="bbox 331 5719 1924 5802">
    <p class='ocr_par' dir='ltr' id='par_1_90' title="bbox 331 5719 1924 5802">
     <span class='ocr_line' id='line_1_90' title="bbox 331 5719 1924 5802; baseline -0.009 -17"><span class='ocrx_word' id='word_1_656' title='bbox 331 5731 522 5802; x_wconf 73' lang='grc' dir='ltr'>σοφὸς,</span> <span class='ocrx_word' id='word_1_657' title='bbox 555 5729 615 5783; x_wconf 87' lang='grc' dir='ltr'><strong>ού</strong></span> <span class='ocrx_word' id='word_1_658' title='bbox 643 5727 899 5789; x_wconf 82' lang='grc' dir='ltr'>πλούσιος</span> <span class='ocrx_word' id='word_1_659' title='bbox 927 5724 985 5777; x_wconf 80' lang='grc' dir='ltr'><strong>ἐν</strong></span> <span class='ocrx_word' id='word_1_660' title='bbox 1011 5725 1076 5794; x_wconf 83' lang='grc' dir='ltr'>τῇ</span> <span class='ocrx_word' id='word_1_661' title='bbox 1103 5723 1289 5793; x_wconf 85' lang='grc' dir='ltr'>χάριτι</span> <span class='ocrx_word' id='word_1_662' title='bbox 1319 5720 1631 5792; x_wconf 79' lang='grc' dir='ltr'>βασιλεύει,</span> <span class='ocrx_word' id='word_1_663' title='bbox 1670 5721 1719 5773; x_wconf 86' lang='grc' dir='ltr'>εἰ</span> <span class='ocrx_word' id='word_1_664' title='bbox 1753 5719 1828 5791; x_wconf 80' lang='grc' dir='ltr'>μὴ</span> <span class='ocrx_word' id='word_1_665' title='bbox 1857 5720 1924 5772; x_wconf 80' lang='grc' dir='ltr'>δι’</span> 
     </span>
    </p>
   </div>
   <div class='ocr_carea' id='block_1_91' title="bbox 330 5813 1924 5896">
    <p class='ocr_par' dir='ltr' id='par_1_91' title="bbox 330 5813 1924 5896">
     <span class='ocr_line' id='line_1_91' title="bbox 330 5813 1924 5896; baseline -0.008 -17"><span class='ocrx_word' id='word_1_666' title='bbox 330 5823 636 5896; x_wconf 78' lang='grc' dir='ltr'>ὑπομονῆς,</span> <span class='ocrx_word' id='word_1_667' title='bbox 664 5821 759 5875; x_wconf 75' lang='grc' dir='ltr'><strong>καὶ</strong></span> <span class='ocrx_word' id='word_1_668' title='bbox 782 5816 1037 5889; x_wconf 82' lang='grc' dir='ltr'>θλίψεων,</span> <span class='ocrx_word' id='word_1_669' title='bbox 1068 5815 1163 5870; x_wconf 68' lang='grc' dir='ltr'>καὶ</span> <span class='ocrx_word' id='word_1_670' title='bbox 1191 5815 1454 5886; x_wconf 80' lang='grc' dir='ltr'>καμάτων</span> <span class='ocrx_word' id='word_1_671' title='bbox 1482 5813 1693 5872; x_wconf 78' lang='grc' dir='ltr'>πολλῶν</span> <span class='ocrx_word' id='word_1_672' title='bbox 1713 5830 1726 5845; x_wconf 84' lang='grc'><em>’</em></span> <span class='ocrx_word' id='word_1_673' title='bbox 1760 5816 1787 5869; x_wconf 83' lang='grc' dir='ltr'>ὁ</span> <span class='ocrx_word' id='word_1_674' title='bbox 1813 5813 1924 5887; x_wconf 86' lang='grc' dir='ltr'>γὰρ</span> 
     </span>
    </p>
   </div>
   <div class='ocr_carea' id='block_1_92' title="bbox 662 5909 1399 5977">
    <p class='ocr_par' dir='ltr' id='par_1_92' title="bbox 662 5909 1399 5977">
     <span class='ocr_line' id='line_1_92' title="bbox 662 5909 1399 5977; baseline -0.007 0"><span class='ocrx_word' id='word_1_675' title='bbox 662 5914 932 5977; x_wconf 51' lang='lat' dir='ltr'><strong>Pyrno!“</strong></span> <span class='ocrx_word' id='word_1_676' title='bbox 978 5911 1093 5973; x_wconf 76' lang='lat' dir='ltr'><strong>Gn.</strong></span> <span class='ocrx_word' id='word_1_677' title='bbox 1134 5909 1399 5975; x_wconf 79' lang='lat' dir='ltr'><strong>XXXIV.</strong></span> 
     </span>
    </p>
   </div>
   <div class='ocr_carea' id='block_1_93' title="bbox 2084 3224 3606 3299">
    <p class='ocr_par' dir='ltr' id='par_1_93' title="bbox 2084 3224 3606 3299">
     <span class='ocr_line' id='line_1_93' title="bbox 2084 3224 3606 3299; baseline -0.003 -15"><span class='ocrx_word' id='word_1_678' title='bbox 2084 3230 2382 3297; x_wconf 80' lang='lat' dir='ltr'><strong>hominem,</strong></span> <span class='ocrx_word' id='word_1_679' title='bbox 2435 3229 2595 3284; x_wconf 72' lang='lat' dir='ltr'><strong>veluti</strong></span> <span class='ocrx_word' id='word_1_680' title='bbox 2653 3224 2898 3299; x_wconf 67' lang='lat' dir='ltr'><strong>Spiritus</strong></span> <span class='ocrx_word' id='word_1_681' title='bbox 2935 3226 3162 3299; x_wconf 65' lang='lat' dir='ltr'><strong>gratiae,</strong></span> <span class='ocrx_word' id='word_1_682' title='bbox 3217 3235 3312 3281; x_wconf 84' lang='lat' dir='ltr'><strong>aut</strong></span> <span class='ocrx_word' id='word_1_683' title='bbox 3385 3224 3606 3295; x_wconf 70' lang='lat' dir='ltr'><strong>spiritus</strong></span> 
     </span>
    </p>
   </div>
   <div class='ocr_carea' id='block_1_94' title="bbox 2087 3301 2352 3371">
    <p class='ocr_par' dir='ltr' id='par_1_94' title="bbox 2087 3301 2352 3371">
     <span class='ocr_line' id='line_1_94' title="bbox 2087 3301 2352 3371; baseline 0 -17"><span class='ocrx_word' id='word_1_684' title='bbox 2087 3301 2352 3371; x_wconf 70' lang='lat' dir='ltr'><strong>nequitiae.</strong></span> 
     </span>
    </p>
   </div>
   <div class='ocr_carea' id='block_1_95' title="bbox 2080 3410 3609 3484">
    <p class='ocr_par' dir='ltr' id='par_1_95' title="bbox 2080 3410 3609 3484">
     <span class='ocr_line' id='line_1_95' title="bbox 2080 3410 3609 3484; baseline -0.001 -15"><span class='ocrx_word' id='word_1_685' title='bbox 2080 3412 2123 3470; x_wconf 78' lang='lat' dir='ltr'><strong>l.</strong></span> <span class='ocrx_word' id='word_1_686' title='bbox 2152 3412 2629 3480; x_wconf 76' lang='lat' dir='ltr'><strong>Quemadmodum</strong></span> <span class='ocrx_word' id='word_1_687' title='bbox 2656 3412 2701 3467; x_wconf 91' lang='lat' dir='ltr'><strong>si</strong></span> <span class='ocrx_word' id='word_1_688' title='bbox 2729 3412 2897 3468; x_wconf 80' lang='lat' dir='ltr'><strong>fuerit</strong></span> <span class='ocrx_word' id='word_1_689' title='bbox 2924 3412 3058 3467; x_wconf 88' lang='lat' dir='ltr'><strong>urbs</strong></span> <span class='ocrx_word' id='word_1_690' title='bbox 3080 3413 3295 3484; x_wconf 88' lang='lat' dir='ltr'><strong>ingens,</strong></span> <span class='ocrx_word' id='word_1_691' title='bbox 3323 3427 3499 3482; x_wconf 89' lang='lat' dir='ltr'><strong>eaque</strong></span> <span class='ocrx_word' id='word_1_692' title='bbox 3533 3410 3609 3468; x_wconf 85' lang='lat' dir='ltr'><strong>sit</strong></span> 
     </span>
    </p>
   </div>
   <div class='ocr_carea' id='block_1_96' title="bbox 2011 3504 3610 3575">
    <p class='ocr_par' dir='ltr' id='par_1_96' title="bbox 2011 3504 3610 3575">
     <span class='ocr_line' id='line_1_96' title="bbox 2011 3504 3610 3575; baseline 0.001 -14"><span class='ocrx_word' id='word_1_693' title='bbox 2011 3505 2252 3573; x_wconf 88' lang='lat' dir='ltr'><strong>deserta,</strong></span> <span class='ocrx_word' id='word_1_694' title='bbox 2272 3506 2446 3560; x_wconf 89' lang='lat' dir='ltr'><strong>muris</strong></span> <span class='ocrx_word' id='word_1_695' title='bbox 2466 3505 2725 3560; x_wconf 86' lang='lat' dir='ltr'><strong>videlicet</strong></span> <span class='ocrx_word' id='word_1_696' title='bbox 2747 3504 3055 3570; x_wconf 82' lang='lat' dir='ltr'><strong>dissolutis,</strong></span> <span class='ocrx_word' id='word_1_697' title='bbox 3074 3515 3241 3575; x_wconf 88' lang='lat' dir='ltr'><strong>atque</strong></span> <span class='ocrx_word' id='word_1_698' title='bbox 3262 3506 3331 3560; x_wconf 89' lang='lat' dir='ltr'><strong>ab</strong></span> <span class='ocrx_word' id='word_1_699' title='bbox 3351 3506 3610 3563; x_wconf 85' lang='lat' dir='ltr'><strong>hostibus</strong></span> 
     </span>
    </p>
   </div>
   <div class='ocr_carea' id='block_1_97' title="bbox 2012 3598 3606 3670">
    <p class='ocr_par' dir='ltr' id='par_1_97' title="bbox 2012 3598 3606 3670">
     <span class='ocr_line' id='line_1_97' title="bbox 2012 3598 3606 3670; baseline 0 -16"><span class='ocrx_word' id='word_1_700' title='bbox 2012 3608 2203 3669; x_wconf 89' lang='lat' dir='ltr'><strong>capta,</strong></span> <span class='ocrx_word' id='word_1_701' title='bbox 2236 3600 2387 3653; x_wconf 89' lang='lat' dir='ltr'><strong>nulla</strong></span> <span class='ocrx_word' id='word_1_702' title='bbox 2418 3598 2819 3670; x_wconf 87' lang='lat' dir='ltr'><strong>magnitudinis</strong></span> <span class='ocrx_word' id='word_1_703' title='bbox 2847 3608 2931 3653; x_wconf 92' lang='lat' dir='ltr'><strong>est</strong></span> <span class='ocrx_word' id='word_1_704' title='bbox 2964 3599 3207 3655; x_wconf 82' lang='lat' dir='ltr'><strong>utilitas:</strong></span> <span class='ocrx_word' id='word_1_705' title='bbox 3237 3600 3606 3669; x_wconf 76' lang='lat' dir='ltr'><strong>expetendum</strong></span> 
     </span>
    </p>
   </div>
   <div class='ocr_carea' id='block_1_98' title="bbox 2012 3690 3610 3763">
    <p class='ocr_par' dir='ltr' id='par_1_98' title="bbox 2012 3690 3610 3763">
     <span class='ocr_line' id='line_1_98' title="bbox 2012 3690 3610 3763; baseline 0.001 -17"><span class='ocrx_word' id='word_1_706' title='bbox 2012 3707 2144 3763; x_wconf 88' lang='lat' dir='ltr'><strong>ergo</strong></span> <span class='ocrx_word' id='word_1_707' title='bbox 2183 3699 2268 3746; x_wconf 84' lang='lat' dir='ltr'><strong>est</strong></span> <span class='ocrx_word' id='word_1_708' title='bbox 2308 3700 2511 3762; x_wconf 66' lang='lat' dir='ltr'><strong>praeter</strong></span> <span class='ocrx_word' id='word_1_709' title='bbox 2549 3690 3012 3760; x_wconf 81' lang='lat' dir='ltr'><strong>magnitudinem,</strong></span> <span class='ocrx_word' id='word_1_710' title='bbox 3047 3699 3109 3745; x_wconf 93' lang='lat' dir='ltr'><strong>ut</strong></span> <span class='ocrx_word' id='word_1_711' title='bbox 3147 3692 3347 3746; x_wconf 89' lang='lat' dir='ltr'><strong>habeat</strong></span> <span class='ocrx_word' id='word_1_712' title='bbox 3387 3706 3610 3761; x_wconf 84' lang='lat' dir='ltr'><strong>quoque</strong></span> 
     </span>
    </p>
   </div>
   <div class='ocr_carea' id='block_1_99' title="bbox 2012 3779 3610 3853">
    <p class='ocr_par' dir='ltr' id='par_1_99' title="bbox 2012 3779 3610 3853">
     <span class='ocr_line' id='line_1_99' title="bbox 2012 3779 3610 3853; baseline 0.001 -17"><span class='ocrx_word' id='word_1_713' title='bbox 2012 3794 2202 3836; x_wconf 88' lang='lat' dir='ltr'><strong>muros</strong></span> <span class='ocrx_word' id='word_1_714' title='bbox 2229 3779 2439 3845; x_wconf 84' lang='lat' dir='ltr'><strong>ﬁrmos,</strong></span> <span class='ocrx_word' id='word_1_715' title='bbox 2469 3795 2537 3835; x_wconf 92' lang='lat' dir='ltr'><strong>ne</strong></span> <span class='ocrx_word' id='word_1_716' title='bbox 2564 3780 2754 3834; x_wconf 89' lang='lat' dir='ltr'><strong>hostes</strong></span> <span class='ocrx_word' id='word_1_717' title='bbox 2782 3780 3045 3834; x_wconf 85' lang='lat' dir='ltr'><strong>invadant</strong></span> <span class='ocrx_word' id='word_1_718' title='bbox 3071 3797 3085 3834; x_wconf 88' lang='lat'><strong>:</strong></span> <span class='ocrx_word' id='word_1_719' title='bbox 3116 3782 3197 3835; x_wconf 88' lang='lat' dir='ltr'><strong>sic</strong></span> <span class='ocrx_word' id='word_1_720' title='bbox 3227 3796 3359 3836; x_wconf 87' lang='lat' dir='ltr'><strong>sane</strong></span> <span class='ocrx_word' id='word_1_721' title='bbox 3387 3797 3610 3853; x_wconf 88' lang='lat' dir='ltr'><strong>quoque</strong></span> 
     </span>
    </p>
   </div>
   <div class='ocr_carea' id='block_1_100' title="bbox 2013 3871 3610 3946">
    <p class='ocr_par' dir='ltr' id='par_1_100' title="bbox 2013 3871 3610 3946">
     <span class='ocr_line' id='line_1_100' title="bbox 2013 3871 3610 3946; baseline 0.003 -21"><span class='ocrx_word' id='word_1_722' title='bbox 2013 3871 2231 3937; x_wconf 72' lang='lat' dir='ltr'><strong>animae,</strong></span> <span class='ocrx_word' id='word_1_723' title='bbox 2263 3878 2543 3925; x_wconf 70' lang='lat' dir='ltr'><strong>exornata:</strong></span> <span class='ocrx_word' id='word_1_724' title='bbox 2584 3871 2815 3925; x_wconf 88' lang='lat' dir='ltr'><strong>scientia</strong></span> <span class='ocrx_word' id='word_1_725' title='bbox 2855 3880 2911 3926; x_wconf 84' lang='lat' dir='ltr'><strong>et</strong></span> <span class='ocrx_word' id='word_1_726' title='bbox 2950 3872 3254 3937; x_wconf 83' lang='lat' dir='ltr'><strong>inteliectu,</strong></span> <span class='ocrx_word' id='word_1_727' title='bbox 3288 3881 3344 3927; x_wconf 92' lang='lat' dir='ltr'><strong>et</strong></span> <span class='ocrx_word' id='word_1_728' title='bbox 3386 3874 3610 3946; x_wconf 89' lang='lat' dir='ltr'><strong>ingenio</strong></span> 
     </span>
    </p>
   </div>
   <div class='ocr_carea' id='block_1_101' title="bbox 2013 3964 3612 4036">
    <p class='ocr_par' dir='ltr' id='par_1_101' title="bbox 2013 3964 3612 4036">
     <span class='ocr_line' id='line_1_101' title="bbox 2013 3964 3612 4036; baseline 0.002 -17"><span class='ocrx_word' id='word_1_729' title='bbox 2013 3964 2354 4031; x_wconf 87' lang='lat' dir='ltr'><strong>acutissimo,</strong></span> <span class='ocrx_word' id='word_1_730' title='bbox 2378 3964 2531 4019; x_wconf 90' lang='lat' dir='ltr'><strong>velut</strong></span> <span class='ocrx_word' id='word_1_731' title='bbox 2557 3980 2768 4035; x_wconf 61' lang='lat' dir='ltr'><strong>magna:</strong></span> <span class='ocrx_word' id='word_1_732' title='bbox 2793 3975 2922 4019; x_wconf 91' lang='lat' dir='ltr'><strong>sunt</strong></span> <span class='ocrx_word' id='word_1_733' title='bbox 2951 3965 3135 4020; x_wconf 90' lang='lat' dir='ltr'><strong>urbes.</strong></span> <span class='ocrx_word' id='word_1_734' title='bbox 3162 3965 3433 4021; x_wconf 67' lang='lat' dir='ltr'><strong>Cicterum</strong></span> <span class='ocrx_word' id='word_1_735' title='bbox 3462 3983 3612 4036; x_wconf 51' lang='lat' dir='ltr'><strong>qua»</strong></span> 
     </span>
    </p>
   </div>
   <div class='ocr_carea' id='block_1_102' title="bbox 2014 4055 3611 4129">
    <p class='ocr_par' dir='ltr' id='par_1_102' title="bbox 2014 4055 3611 4129">
     <span class='ocr_line' id='line_1_102' title="bbox 2014 4055 3611 4129; baseline 0.002 -18"><span class='ocrx_word' id='word_1_736' title='bbox 2014 4056 2269 4123; x_wconf 91' lang='lat' dir='ltr'><strong>rendum,</strong></span> <span class='ocrx_word' id='word_1_737' title='bbox 2290 4072 2359 4111; x_wconf 90' lang='lat' dir='ltr'><strong>an</strong></span> <span class='ocrx_word' id='word_1_738' title='bbox 2387 4055 2615 4111; x_wconf 68' lang='lat' dir='ltr'><strong>munitae</strong></span> <span class='ocrx_word' id='word_1_739' title='bbox 2644 4057 2755 4111; x_wconf 89' lang='lat' dir='ltr'><strong>sint</strong></span> <span class='ocrx_word' id='word_1_740' title='bbox 2778 4056 2983 4111; x_wconf 88' lang='lat' dir='ltr'><strong>virtute</strong></span> <span class='ocrx_word' id='word_1_741' title='bbox 3011 4056 3273 4127; x_wconf 89' lang='lat' dir='ltr'><strong>Spiritus,</strong></span> <span class='ocrx_word' id='word_1_742' title='bbox 3294 4074 3363 4113; x_wconf 91' lang='lat' dir='ltr'><strong>ne</strong></span> <span class='ocrx_word' id='word_1_743' title='bbox 3387 4058 3611 4129; x_wconf 85' lang='lat' dir='ltr'><strong>quando</strong></span> 
     </span>
    </p>
   </div>
   <div class='ocr_carea' id='block_1_103' title="bbox 2015 4148 3608 4220">
    <p class='ocr_par' dir='ltr' id='par_1_103' title="bbox 2015 4148 3608 4220">
     <span class='ocr_line' id='line_1_103' title="bbox 2015 4148 3608 4220; baseline 0.001 -16"><span class='ocrx_word' id='word_1_744' title='bbox 2015 4148 2201 4205; x_wconf 87' lang='lat' dir='ltr'><strong>hostes</strong></span> <span class='ocrx_word' id='word_1_745' title='bbox 2254 4149 2531 4205; x_wconf 88' lang='lat' dir='ltr'><strong>irruentes</strong></span> <span class='ocrx_word' id='word_1_746' title='bbox 2584 4149 2906 4205; x_wconf 89' lang='lat' dir='ltr'><strong>desolentur</strong></span> <span class='ocrx_word' id='word_1_747' title='bbox 2956 4165 3070 4206; x_wconf 87' lang='lat' dir='ltr'><strong>eas.</strong></span> <span class='ocrx_word' id='word_1_748' title='bbox 3126 4150 3413 4220; x_wconf 88' lang='lat' dir='ltr'><strong>Sapientes</strong></span> <span class='ocrx_word' id='word_1_749' title='bbox 3458 4153 3608 4206; x_wconf 87' lang='lat' dir='ltr'><strong>enim</strong></span> 
     </span>
    </p>
   </div>
   <div class='ocr_carea' id='block_1_104' title="bbox 2013 4242 3609 4316">
    <p class='ocr_par' dir='ltr' id='par_1_104' title="bbox 2013 4242 3609 4316">
     <span class='ocr_line' id='line_1_104' title="bbox 2013 4242 3609 4316; baseline 0.001 -19"><span class='ocrx_word' id='word_1_750' title='bbox 2013 4243 2181 4316; x_wconf 88' lang='lat' dir='ltr'><strong>hujus</strong></span> <span class='ocrx_word' id='word_1_751' title='bbox 2230 4242 2423 4298; x_wconf 91' lang='lat' dir='ltr'><strong>mundi</strong></span> <span class='ocrx_word' id='word_1_752' title='bbox 2473 4242 2822 4310; x_wconf 83' lang='lat' dir='ltr'><strong>Aristoteles,</strong></span> <span class='ocrx_word' id='word_1_753' title='bbox 2860 4243 3013 4297; x_wconf 85' lang='lat' dir='ltr'><strong>Plato</strong></span> <span class='ocrx_word' id='word_1_754' title='bbox 3058 4243 3144 4297; x_wconf 84' lang='lat' dir='ltr'><strong>vel</strong></span> <span class='ocrx_word' id='word_1_755' title='bbox 3196 4242 3473 4309; x_wconf 87' lang='lat' dir='ltr'><strong>Socrates,</strong></span> <span class='ocrx_word' id='word_1_756' title='bbox 3512 4244 3609 4314; x_wconf 91' lang='lat' dir='ltr'><strong>qui</strong></span> 
     </span>
    </p>
   </div>
   <div class='ocr_carea' id='block_1_105' title="bbox 2014 4335 3610 4407">
    <p class='ocr_par' dir='ltr' id='par_1_105' title="bbox 2014 4335 3610 4407">
     <span class='ocr_line' id='line_1_105' title="bbox 2014 4335 3610 4407; baseline 0.001 -16"><span class='ocrx_word' id='word_1_757' title='bbox 2014 4351 2204 4391; x_wconf 90' lang='lat' dir='ltr'><strong>rerum</strong></span> <span class='ocrx_word' id='word_1_758' title='bbox 2249 4335 2503 4391; x_wconf 88' lang='lat' dir='ltr'><strong>notitiam</strong></span> <span class='ocrx_word' id='word_1_759' title='bbox 2546 4335 2840 4400; x_wconf 89' lang='lat' dir='ltr'><strong>callebant,</strong></span> <span class='ocrx_word' id='word_1_760' title='bbox 2870 4335 3045 4391; x_wconf 90' lang='lat' dir='ltr'><strong>instar</strong></span> <span class='ocrx_word' id='word_1_761' title='bbox 3084 4350 3407 4407; x_wconf 77' lang='lat' dir='ltr'><strong>magnarum</strong></span> <span class='ocrx_word' id='word_1_762' title='bbox 3449 4347 3610 4392; x_wconf 89' lang='lat' dir='ltr'><strong>erant</strong></span> 
     </span>
    </p>
   </div>
   <div class='ocr_carea' id='block_1_106' title="bbox 2015 4426 3610 4502">
    <p class='ocr_par' dir='ltr' id='par_1_106' title="bbox 2015 4426 3610 4502">
     <span class='ocr_line' id='line_1_106' title="bbox 2015 4426 3610 4502; baseline 0.004 -22"><span class='ocrx_word' id='word_1_763' title='bbox 2015 4426 2272 4492; x_wconf 87' lang='lat' dir='ltr'><strong>urbium;</strong></span> <span class='ocrx_word' id='word_1_764' title='bbox 2303 4442 2495 4481; x_wconf 90' lang='lat' dir='ltr'><strong>verum</strong></span> <span class='ocrx_word' id='word_1_765' title='bbox 2530 4426 2727 4480; x_wconf 84' lang='lat' dir='ltr'><strong>vastati</strong></span> <span class='ocrx_word' id='word_1_766' title='bbox 2760 4436 2920 4482; x_wconf 90' lang='lat' dir='ltr'><strong>erant</strong></span> <span class='ocrx_word' id='word_1_767' title='bbox 2950 4427 3019 4481; x_wconf 91' lang='lat' dir='ltr'><strong>ab</strong></span> <span class='ocrx_word' id='word_1_768' title='bbox 3055 4427 3328 4496; x_wconf 90' lang='lat' dir='ltr'><strong>hostibus,</strong></span> <span class='ocrx_word' id='word_1_769' title='bbox 3361 4445 3429 4485; x_wconf 92' lang='lat' dir='ltr'><strong>eo</strong></span> <span class='ocrx_word' id='word_1_770' title='bbox 3461 4431 3610 4502; x_wconf 88' lang='lat' dir='ltr'><strong>quod</strong></span> 
     </span>
    </p>
   </div>
   <div class='ocr_carea' id='block_1_107' title="bbox 1938 4516 2960 4589">
    <p class='ocr_par' dir='ltr' id='par_1_107' title="bbox 1938 4516 2960 4589">
     <span class='ocr_line' id='line_1_107' title="bbox 1938 4516 2960 4589; baseline 0 -14"><span class='ocrx_word' id='word_1_771' title='bbox 1938 4520 1986 4580; x_wconf 78' lang='grc' dir='ltr'><strong>Β</strong></span> <span class='ocrx_word' id='word_1_772' title='bbox 2012 4534 2122 4575; x_wconf 86' lang='lat' dir='ltr'><strong>non</strong></span> <span class='ocrx_word' id='word_1_773' title='bbox 2155 4525 2302 4573; x_wconf 87' lang='lat' dir='ltr'><strong>esset</strong></span> <span class='ocrx_word' id='word_1_774' title='bbox 2326 4516 2568 4589; x_wconf 86' lang='lat' dir='ltr'><strong>Spiritus</strong></span> <span class='ocrx_word' id='word_1_775' title='bbox 2595 4518 2690 4571; x_wconf 86' lang='lat' dir='ltr'><strong>Dci</strong></span> <span class='ocrx_word' id='word_1_776' title='bbox 2722 4519 2777 4572; x_wconf 91' lang='lat' dir='ltr'><strong>in</strong></span> <span class='ocrx_word' id='word_1_777' title='bbox 2806 4517 2960 4589; x_wconf 82' lang='lat' dir='ltr'><strong>ipsis.</strong></span> 
     </span>
    </p>
   </div>
   <div class='ocr_carea' id='block_1_108' title="bbox 2082 4609 3609 4686">
    <p class='ocr_par' dir='ltr' id='par_1_108' title="bbox 2082 4609 3609 4686">
     <span class='ocr_line' id='line_1_108' title="bbox 2082 4609 3609 4686; baseline 0.005 -21"><span class='ocrx_word' id='word_1_778' title='bbox 2082 4610 2148 4665; x_wconf 91' lang='lat' dir='ltr'><strong>ll.</strong></span> <span class='ocrx_word' id='word_1_779' title='bbox 2202 4609 2531 4680; x_wconf 85' lang='lat' dir='ltr'><strong>Quicunque</strong></span> <span class='ocrx_word' id='word_1_780' title='bbox 2581 4626 2715 4664; x_wconf 88' lang='lat' dir='ltr'><strong>vero</strong></span> <span class='ocrx_word' id='word_1_781' title='bbox 2768 4626 2835 4665; x_wconf 77' lang='lat' dir='ltr'><strong>ex</strong></span> <span class='ocrx_word' id='word_1_782' title='bbox 2891 4611 3079 4667; x_wconf 90' lang='lat' dir='ltr'><strong>idiotis</strong></span> <span class='ocrx_word' id='word_1_783' title='bbox 3129 4614 3429 4686; x_wconf 88' lang='lat' dir='ltr'><strong>participes</strong></span> <span class='ocrx_word' id='word_1_784' title='bbox 3479 4623 3609 4673; x_wconf 68' lang='lat' dir='ltr'><strong>sunt</strong></span> 
     </span>
    </p>
   </div>
   <div class='ocr_carea' id='block_1_109' title="bbox 2013 4702 3608 4775">
    <p class='ocr_par' dir='ltr' id='par_1_109' title="bbox 2013 4702 3608 4775">
     <span class='ocr_line' id='line_1_109' title="bbox 2013 4702 3608 4775; baseline 0.003 -20"><span class='ocrx_word' id='word_1_785' title='bbox 2013 4703 2231 4775; x_wconf 65' lang='lat' dir='ltr'><strong>gratiae,</strong></span> <span class='ocrx_word' id='word_1_786' title='bbox 2279 4703 2432 4756; x_wconf 89' lang='lat' dir='ltr'><strong>velut</strong></span> <span class='ocrx_word' id='word_1_787' title='bbox 2479 4702 2648 4757; x_wconf 86' lang='lat' dir='ltr'><strong>urbes</strong></span> <span class='ocrx_word' id='word_1_788' title='bbox 2694 4718 2880 4772; x_wconf 69' lang='lat' dir='ltr'><strong>parvae</strong></span> <span class='ocrx_word' id='word_1_789' title='bbox 2928 4712 3087 4769; x_wconf 88' lang='lat' dir='ltr'><strong>sunt,</strong></span> <span class='ocrx_word' id='word_1_790' title='bbox 3130 4706 3358 4761; x_wconf 66' lang='lat' dir='ltr'><strong>munitae</strong></span> <span class='ocrx_word' id='word_1_791' title='bbox 3405 4705 3608 4767; x_wconf 88' lang='lat' dir='ltr'><strong>virtute</strong></span> 
     </span>
    </p>
   </div>
   <div class='ocr_carea' id='block_1_110' title="bbox 2015 4794 3611 4868">
    <p class='ocr_par' dir='ltr' id='par_1_110' title="bbox 2015 4794 3611 4868">
     <span class='ocr_line' id='line_1_110' title="bbox 2015 4794 3611 4868; baseline 0.003 -19"><span class='ocrx_word' id='word_1_792' title='bbox 2015 4796 2217 4850; x_wconf 79' lang='lat' dir='ltr'><strong>crucis.</strong></span> <span class='ocrx_word' id='word_1_793' title='bbox 2250 4794 2531 4851; x_wconf 81' lang='lat' dir='ltr'><strong>Excidunt</strong></span> <span class='ocrx_word' id='word_1_794' title='bbox 2554 4810 2688 4849; x_wconf 89' lang='lat' dir='ltr'><strong>vero</strong></span> <span class='ocrx_word' id='word_1_795' title='bbox 2722 4811 2752 4849; x_wconf 93' lang='lat' dir='ltr'><strong>a</strong></span> <span class='ocrx_word' id='word_1_796' title='bbox 2788 4797 2966 4866; x_wconf 80' lang='lat' dir='ltr'><strong>gratia</strong></span> <span class='ocrx_word' id='word_1_797' title='bbox 3001 4797 3207 4868; x_wconf 91' lang='lat' dir='ltr'><strong>duplici</strong></span> <span class='ocrx_word' id='word_1_798' title='bbox 3241 4798 3309 4852; x_wconf 92' lang='lat' dir='ltr'><strong>de</strong></span> <span class='ocrx_word' id='word_1_799' title='bbox 3342 4813 3527 4862; x_wconf 84' lang='lat' dir='ltr'><strong>causa,</strong></span> <span class='ocrx_word' id='word_1_800' title='bbox 3552 4808 3611 4854; x_wconf 90' lang='lat' dir='ltr'><strong>et</strong></span> 
     </span>
    </p>
   </div>
   <div class='ocr_carea' id='block_1_111' title="bbox 2017 4886 3609 4957">
    <p class='ocr_par' dir='ltr' id='par_1_111' title="bbox 2017 4886 3609 4957">
     <span class='ocr_line' id='line_1_111' title="bbox 2017 4886 3609 4957; baseline 0.003 -17"><span class='ocrx_word' id='word_1_801' title='bbox 2017 4894 2275 4957; x_wconf 88' lang='lat' dir='ltr'><strong>pereunt,</strong></span> <span class='ocrx_word' id='word_1_802' title='bbox 2298 4894 2394 4942; x_wconf 91' lang='lat' dir='ltr'><strong>aut</strong></span> <span class='ocrx_word' id='word_1_803' title='bbox 2416 4886 2565 4956; x_wconf 92' lang='lat' dir='ltr'><strong>quod</strong></span> <span class='ocrx_word' id='word_1_804' title='bbox 2591 4886 2770 4943; x_wconf 88' lang='lat' dir='ltr'><strong>illatas</strong></span> <span class='ocrx_word' id='word_1_805' title='bbox 2794 4887 3121 4942; x_wconf 87' lang='lat' dir='ltr'><strong>alllictiones</strong></span> <span class='ocrx_word' id='word_1_806' title='bbox 3145 4904 3253 4943; x_wconf 91' lang='lat' dir='ltr'><strong>non</strong></span> <span class='ocrx_word' id='word_1_807' title='bbox 3279 4890 3609 4955; x_wconf 88' lang='lat' dir='ltr'><strong>sustineant,</strong></span> 
     </span>
    </p>
   </div>
   <div class='ocr_carea' id='block_1_112' title="bbox 2019 4981 3613 5055">
    <p class='ocr_par' dir='ltr' id='par_1_112' title="bbox 2019 4981 3613 5055">
     <span class='ocr_line' id='line_1_112' title="bbox 2019 4981 3613 5055; baseline 0.001 -17"><span class='ocrx_word' id='word_1_808' title='bbox 2019 4990 2114 5038; x_wconf 85' lang='lat' dir='ltr'><strong>aut</strong></span> <span class='ocrx_word' id='word_1_809' title='bbox 2146 4981 2293 5052; x_wconf 91' lang='lat' dir='ltr'><strong>quod</strong></span> <span class='ocrx_word' id='word_1_810' title='bbox 2329 4981 2709 5053; x_wconf 89' lang='lat' dir='ltr'><strong>voluptatibus</strong></span> <span class='ocrx_word' id='word_1_811' title='bbox 2744 4982 2955 5055; x_wconf 88' lang='lat' dir='ltr'><strong>peccati</strong></span> <span class='ocrx_word' id='word_1_812' title='bbox 2992 4998 3050 5037; x_wconf 87' lang='lat' dir='ltr'><strong>se</strong></span> <span class='ocrx_word' id='word_1_813' title='bbox 3086 4982 3309 5038; x_wconf 89' lang='lat' dir='ltr'><strong>deliniri</strong></span> <span class='ocrx_word' id='word_1_814' title='bbox 3342 4986 3613 5055; x_wconf 84' lang='lat' dir='ltr'><strong>permise-</strong></span> 
     </span>
    </p>
   </div>
   <div class='ocr_carea' id='block_1_113' title="bbox 2020 5076 3613 5150">
    <p class='ocr_par' dir='ltr' id='par_1_113' title="bbox 2020 5076 3613 5150">
     <span class='ocr_line' id='line_1_113' title="bbox 2020 5076 3613 5150; baseline 0.004 -20"><span class='ocrx_word' id='word_1_815' title='bbox 2020 5077 2154 5130; x_wconf 89' lang='lat' dir='ltr'><strong>rint.</strong></span> <span class='ocrx_word' id='word_1_816' title='bbox 2196 5076 2317 5131; x_wconf 85' lang='lat' dir='ltr'><strong>Non</strong></span> <span class='ocrx_word' id='word_1_817' title='bbox 2359 5076 2509 5131; x_wconf 89' lang='lat' dir='ltr'><strong>enim</strong></span> <span class='ocrx_word' id='word_1_818' title='bbox 2558 5086 2795 5146; x_wconf 88' lang='lat' dir='ltr'><strong>possunt</strong></span> <span class='ocrx_word' id='word_1_819' title='bbox 2839 5077 2933 5146; x_wconf 90' lang='lat' dir='ltr'><strong>qui</strong></span> <span class='ocrx_word' id='word_1_820' title='bbox 2985 5085 3361 5145; x_wconf 89' lang='lat' dir='ltr'><strong>transmeant,</strong></span> <span class='ocrx_word' id='word_1_821' title='bbox 3404 5079 3613 5150; x_wconf 79' lang='lat' dir='ltr'><strong>absque</strong></span> 
     </span>
    </p>
   </div>
   <div class='ocr_carea' id='block_1_114' title="bbox 2022 5166 3613 5241">
    <p class='ocr_par' dir='ltr' id='par_1_114' title="bbox 2022 5166 3613 5241">
     <span class='ocr_line' id='line_1_114' title="bbox 2022 5166 3613 5241; baseline 0.001 -16"><span class='ocrx_word' id='word_1_822' title='bbox 2022 5168 2424 5226; x_wconf 83' lang='lat' dir='ltr'><strong>tentationibus</strong></span> <span class='ocrx_word' id='word_1_823' title='bbox 2479 5176 2797 5239; x_wconf 89' lang='lat' dir='ltr'><strong>penetrare.</strong></span> <span class='ocrx_word' id='word_1_824' title='bbox 2848 5166 3323 5235; x_wconf 85' lang='lat' dir='ltr'><strong>Quemadmodum</strong></span> <span class='ocrx_word' id='word_1_825' title='bbox 3374 5184 3508 5241; x_wconf 84' lang='lat' dir='ltr'><strong>ergo</strong></span> <span class='ocrx_word' id='word_1_826' title='bbox 3556 5172 3613 5226; x_wconf 90' lang='lat' dir='ltr'><strong>in</strong></span> 
     </span>
    </p>
   </div>
   <div class='ocr_carea' id='block_1_115' title="bbox 2022 5260 3616 5333">
    <p class='ocr_par' dir='ltr' id='par_1_115' title="bbox 2022 5260 3616 5333">
     <span class='ocr_line' id='line_1_115' title="bbox 2022 5260 3616 5333; baseline 0.002 -18"><span class='ocrx_word' id='word_1_827' title='bbox 2022 5271 2219 5331; x_wconf 89' lang='lat' dir='ltr'><strong>partu,</strong></span> <span class='ocrx_word' id='word_1_828' title='bbox 2250 5260 2585 5333; x_wconf 88' lang='lat' dir='ltr'><strong>paupercula</strong></span> <span class='ocrx_word' id='word_1_829' title='bbox 2621 5268 2677 5314; x_wconf 92' lang='lat' dir='ltr'><strong>et</strong></span> <span class='ocrx_word' id='word_1_830' title='bbox 2710 5260 2898 5330; x_wconf 88' lang='lat' dir='ltr'><strong>regina</strong></span> <span class='ocrx_word' id='word_1_831' title='bbox 2933 5262 3156 5316; x_wconf 74' lang='lat' dir='ltr'><strong>eosdem</strong></span> <span class='ocrx_word' id='word_1_832' title='bbox 3192 5261 3413 5317; x_wconf 90' lang='lat' dir='ltr'><strong>dolores</strong></span> <span class='ocrx_word' id='word_1_833' title='bbox 3447 5265 3616 5319; x_wconf 85' lang='lat' dir='ltr'><strong>susti-</strong></span> 
     </span>
    </p>
   </div>
   <div class='ocr_carea' id='block_1_116' title="bbox 2023 5352 3615 5424">
    <p class='ocr_par' dir='ltr' id='par_1_116' title="bbox 2023 5352 3615 5424">
     <span class='ocr_line' id='line_1_116' title="bbox 2023 5352 3615 5424; baseline 0.001 -15"><span class='ocrx_word' id='word_1_834' title='bbox 2023 5363 2181 5419; x_wconf 83' lang='lat' dir='ltr'><strong>nent,</strong></span> <span class='ocrx_word' id='word_1_835' title='bbox 2216 5353 2409 5408; x_wconf 85' lang='lat' dir='ltr'><strong>itidem</strong></span> <span class='ocrx_word' id='word_1_836' title='bbox 2443 5368 2664 5422; x_wconf 86' lang='lat' dir='ltr'><strong>quoque</strong></span> <span class='ocrx_word' id='word_1_837' title='bbox 2697 5361 2844 5407; x_wconf 85' lang='lat' dir='ltr'><strong>terra</strong></span> <span class='ocrx_word' id='word_1_838' title='bbox 2880 5352 3070 5409; x_wconf 87' lang='lat' dir='ltr'><strong>divitis</strong></span> <span class='ocrx_word' id='word_1_839' title='bbox 3105 5361 3160 5407; x_wconf 88' lang='lat' dir='ltr'><strong>et</strong></span> <span class='ocrx_word' id='word_1_840' title='bbox 3194 5355 3473 5424; x_wconf 85' lang='lat' dir='ltr'><strong>pauperis,</strong></span> <span class='ocrx_word' id='word_1_841' title='bbox 3507 5356 3615 5410; x_wconf 83' lang='lat' dir='ltr'><strong>nisi</strong></span> 
     </span>
    </p>
   </div>
   <div class='ocr_carea' id='block_1_117' title="bbox 2024 5444 3629 5515">
    <p class='ocr_par' dir='ltr' id='par_1_117' title="bbox 2024 5444 3629 5515">
     <span class='ocr_line' id='line_1_117' title="bbox 2024 5444 3629 5515; baseline 0.003 -17"><span class='ocrx_word' id='word_1_842' title='bbox 2024 5445 2447 5499; x_wconf 87' lang='lat' dir='ltr'><strong>convenientem</strong></span> <span class='ocrx_word' id='word_1_843' title='bbox 2477 5445 2755 5513; x_wconf 89' lang='lat' dir='ltr'><strong>acceperit</strong></span> <span class='ocrx_word' id='word_1_844' title='bbox 2780 5444 3036 5509; x_wconf 89' lang='lat' dir='ltr'><strong>imbrem,</strong></span> <span class='ocrx_word' id='word_1_845' title='bbox 3062 5461 3169 5501; x_wconf 91' lang='lat' dir='ltr'><strong>non</strong></span> <span class='ocrx_word' id='word_1_846' title='bbox 3199 5454 3379 5515; x_wconf 90' lang='lat' dir='ltr'><strong>potest</strong></span> <span class='ocrx_word' id='word_1_847' title='bbox 3404 5446 3629 5503; x_wconf 82' lang='lat' dir='ltr'><strong>fructus</strong></span> 
     </span>
    </p>
   </div>
   <div class='ocr_carea' id='block_1_118' title="bbox 2026 5532 3614 5607">
    <p class='ocr_par' dir='ltr' id='par_1_118' title="bbox 2026 5532 3614 5607">
     <span class='ocr_line' id='line_1_118' title="bbox 2026 5532 3614 5607; baseline 0.001 -17"><span class='ocrx_word' id='word_1_848' title='bbox 2026 5536 2222 5607; x_wconf 85' lang='lat' dir='ltr'><strong>dignos</strong></span> <span class='ocrx_word' id='word_1_849' title='bbox 2247 5532 2555 5606; x_wconf 90' lang='lat' dir='ltr'><strong>producere</strong></span> <span class='ocrx_word' id='word_1_850' title='bbox 2582 5553 2592 5587; x_wconf 92' lang='lat'>:</span> <span class='ocrx_word' id='word_1_851' title='bbox 2619 5533 2699 5587; x_wconf 92' lang='lat' dir='ltr'><strong>sic</strong></span> <span class='ocrx_word' id='word_1_852' title='bbox 2720 5550 2941 5605; x_wconf 86' lang='lat' dir='ltr'><strong>quoque</strong></span> <span class='ocrx_word' id='word_1_853' title='bbox 2966 5536 3020 5589; x_wconf 89' lang='lat' dir='ltr'><strong>in</strong></span> <span class='ocrx_word' id='word_1_854' title='bbox 3048 5534 3369 5605; x_wconf 87' lang='lat' dir='ltr'><strong>operatione</strong></span> <span class='ocrx_word' id='word_1_855' title='bbox 3396 5537 3614 5604; x_wconf 67' lang='lat' dir='ltr'><strong>animae,</strong></span> 
     </span>
    </p>
   </div>
   <div class='ocr_carea' id='block_1_119' title="bbox 2027 5626 3615 5698">
    <p class='ocr_par' dir='ltr' id='par_1_119' title="bbox 2027 5626 3615 5698">
     <span class='ocr_line' id='line_1_119' title="bbox 2027 5626 3615 5698; baseline 0 -15"><span class='ocrx_word' id='word_1_856' title='bbox 2027 5645 2139 5684; x_wconf 90' lang='lat' dir='ltr'><strong>non</strong></span> <span class='ocrx_word' id='word_1_857' title='bbox 2169 5626 2409 5697; x_wconf 90' lang='lat' dir='ltr'><strong>sapiens,</strong></span> <span class='ocrx_word' id='word_1_858' title='bbox 2436 5641 2547 5680; x_wconf 90' lang='lat' dir='ltr'><strong>non</strong></span> <span class='ocrx_word' id='word_1_859' title='bbox 2573 5626 2819 5696; x_wconf 89' lang='lat' dir='ltr'><strong>locuples</strong></span> <span class='ocrx_word' id='word_1_860' title='bbox 2844 5627 2897 5681; x_wconf 92' lang='lat' dir='ltr'><strong>in</strong></span> <span class='ocrx_word' id='word_1_861' title='bbox 2922 5627 3094 5698; x_wconf 89' lang='lat' dir='ltr'><strong>gratia</strong></span> <span class='ocrx_word' id='word_1_862' title='bbox 3126 5643 3354 5697; x_wconf 86' lang='lat' dir='ltr'><strong>regnum</strong></span> <span class='ocrx_word' id='word_1_863' title='bbox 3382 5628 3615 5695; x_wconf 85' lang='lat' dir='ltr'><strong>obtinet,</strong></span> 
     </span>
    </p>
   </div>
   <div class='ocr_carea' id='block_1_120' title="bbox 2028 5719 3618 5793">
    <p class='ocr_par' dir='ltr' id='par_1_120' title="bbox 2028 5719 3618 5793">
     <span class='ocr_line' id='line_1_120' title="bbox 2028 5719 3618 5793; baseline 0.001 -16"><span class='ocrx_word' id='word_1_864' title='bbox 2028 5722 2134 5777; x_wconf 88' lang='lat' dir='ltr'><strong>nisi</strong></span> <span class='ocrx_word' id='word_1_865' title='bbox 2164 5737 2261 5793; x_wconf 86' lang='lat' dir='ltr'><strong>per</strong></span> <span class='ocrx_word' id='word_1_866' title='bbox 2286 5719 2659 5786; x_wconf 90' lang='lat' dir='ltr'><strong>tolerantiam,</strong></span> <span class='ocrx_word' id='word_1_867' title='bbox 2692 5719 3018 5776; x_wconf 83' lang='lat' dir='ltr'><strong>alilictiones</strong></span> <span class='ocrx_word' id='word_1_868' title='bbox 3048 5729 3103 5775; x_wconf 90' lang='lat' dir='ltr'><strong>et</strong></span> <span class='ocrx_word' id='word_1_869' title='bbox 3132 5720 3350 5776; x_wconf 86' lang='lat' dir='ltr'><strong>labores</strong></span> <span class='ocrx_word' id='word_1_870' title='bbox 3381 5722 3618 5791; x_wconf 86' lang='lat' dir='ltr'><strong>multos;</strong></span> 
     </span>
    </p>
   </div>
   <div class='ocr_carea' id='block_1_121' title="bbox 2027 5810 3623 5887">
    <p class='ocr_par' dir='ltr' id='par_1_121' title="bbox 2027 5810 3623 5887">
     <span class='ocr_line' id='line_1_121' title="bbox 2027 5810 3623 5887; baseline 0.003 -16"><span class='ocrx_word' id='word_1_871' title='bbox 2027 5812 2469 5872; x_wconf 81' lang='lat' dir='ltr'><strong>Christianorum</strong></span> <span class='ocrx_word' id='word_1_872' title='bbox 2498 5810 2649 5872; x_wconf 85' lang='lat' dir='ltr'><strong>enim</strong></span> <span class='ocrx_word' id='word_1_873' title='bbox 2675 5810 2791 5869; x_wconf 85' lang='lat' dir='ltr'><strong>vita</strong></span> <span class='ocrx_word' id='word_1_874' title='bbox 2820 5812 3091 5887; x_wconf 85' lang='lat' dir='ltr'><strong>ejusmodi</strong></span> <span class='ocrx_word' id='word_1_875' title='bbox 3122 5828 3244 5870; x_wconf 88' lang='lat' dir='ltr'><strong>esse</strong></span> <span class='ocrx_word' id='word_1_876' title='bbox 3275 5813 3457 5873; x_wconf 78' lang='lat' dir='ltr'><strong>debet.</strong></span> <span class='ocrx_word' id='word_1_877' title='bbox 3491 5815 3623 5876; x_wconf 82' lang='lat' dir='ltr'><strong>Pcr-</strong></span> 
     </span>
    </p>
   </div>
   <div class='ocr_carea' id='block_1_122' title="bbox 3108 5905 3184 5970">
    <p class='ocr_par' dir='ltr' id='par_1_122' title="bbox 3108 5905 3184 5970">
     <span class='ocr_line' id='line_1_122' title="bbox 3108 5905 3184 5970; baseline 0 0"><span class='ocrx_word' id='word_1_878' title='bbox 3108 5905 3184 5970; x_wconf 79' lang='lat'><strong>25</strong></span> 
     </span>
    </p>
   </div>
  </div>
