3980 6424
500 383 601 447 τ’ῖὶ

1742 369 1800 430 S.
1843 365 2164 429 MACARII
2200 362 2521 427 EGYPTII

3619 360 3708 429 7'12

500 501 629 556 inde
670 512 734 552 ac
771 492 877 549 mel
916 492 1077 547 dulce
1117 488 1263 560 quod
1302 495 1405 552 est,
1439 483 1575 539 nihil
1618 483 1853 554 suscipit
1888 480 2080 543 amari,

2210 480 2529 553 ίριστιανῶν
2556 478 2668 550 βίος
2690 476 2896 547 ὀφείλει
2920 475 3162 540 τοιοῦτος
3181 468 3337 531 εἶναι.
3353 474 3552 548 Ὥσπερ
3567 479 3621 531 τὸ
3638 480 3714 549 μέ-

500 606 607 647 nec
652 584 908 643 venenati
964 582 1097 653 quid
1151 578 1424 645 admittit;
1472 576 1553 631 sic
1600 574 1688 629 isti
1739 586 2082 644 quaecunque

502 680 811 744 evenerint,
849 678 963 734 sive
1014 676 1178 737 bona,
1216 673 1329 728 Sive
1380 670 1546 734 mala,
1586 666 1809 738 benigni
1840 673 1989 728 sunt,
2023 672 2086 719 ut

505 773 684 843 inquit
720 770 986 826 Dominus
1031 785 1045 821 :
1086 766 1266 823 Estote
1307 762 1535 833 benigni,
1558 760 1690 814 sicut
1728 757 1886 813 Pater
1920 764 2087 811 vester

505 866 744 920 cmlestis.
775 862 925 929 Quod
954 863 1093 915 enim
1127 858 1269 914 laedit
1297 866 1344 911 et
1370 855 1612 927 inquinat
1635 853 1917 917 hominem,
1940 852 2085 904 intus

508 968 601 1011 est.
638 957 777 1010 Nam
824 955 887 1007 de
929 952 1082 1007 corde
1124 959 1313 1005 exeunt
1360 948 1698 1019 cogitationes
1746 942 1906 998 maia:
1927 941 1993 1007 “,
2026 949 2089 996 ut

505 1047 775 1104 Dominus
824 1046 922 1111 ait,
959 1042 1219 1115 quoniam
1269 1056 1392 1111 qua:
1442 1038 1733 1109 inquinant
1780 1036 2085 1101 hominem,

510 1140 726 1195 interna
756 1144 904 1193 sunt.

581 1416 670 1470 lll.
692 1415 846 1469 Intus
874 1428 1005 1483 ergo
1033 1420 1117 1466 est
1140 1410 1193 1464 in
1222 1409 1404 1463 anima
1427 1422 1627 1478 repens
1652 1414 1707 1461 et
1728 1404 2089 1477 progrediens

512 1508 739 1579 spiritus
787 1504 1042 1570 malitiae,
1077 1501 1342 1557 rationale
1392 1499 1779 1571 impulsivum,
1811 1496 1957 1567 quod
2006 1503 2091 1552 est

510 1600 761 1653 velamen
806 1596 1181 1657 tenebrarum,
1209 1600 1367 1647 vetus
1408 1590 1666 1645 nimirum
1706 1589 1893 1653 homo,
1926 1601 2091 1657 quem

511 1696 732 1760 oportet
771 1702 866 1743 eos
914 1686 1009 1756 qui
1051 1684 1119 1739 ad
1158 1684 1453 1739 Dominum
1494 1680 1837 1751 confugiunt,
1866 1694 2090 1742 exuere,

512 1786 679 1847 atque
718 1776 950 1830 induere
988 1774 1267 1828 caelestem
1309 1781 1365 1826 et
1404 1777 1610 1825 novum
1653 1767 1965 1826 hominem,
1999 1767 2092 1837 qui

2186 572 2239 625 λι
2278 572 2452 640 γλυκὺ
2494 570 2763 639 τυγχάνον
2788 608 2804 635 ,
2856 566 3009 621 οὐδὲν
3052 565 3357 637 δπιδέχεται
3388 565 3491 620 τῶν
3517 569 3717 639 πικρῶν,

2186 660 2220 732 ἢ
2267 661 2376 715 τῶν
2410 660 2635 714 ίοϐόλων
2669 655 2993 729 μεταλαϐεῖν
3022 671 3039 688 '
3095 654 3269 719 οῦτως
3300 656 3454 709 αὐτοὶ
3486 657 3606 710 πᾶσι
3629 660 3721 721 τοῖς

2188 749 2580 823 ἐπερχομένοις
2602 792 2616 815 ,
2666 748 2777 802 εἴτε
2807 747 3033 816 ἀγαθοῖς
3065 749 3175 801 εῖτε
3206 747 3493 817 πονηροῖς,
3533 748 3726 817 χρηστοὶ

2188 844 2569 915 τυγχάνουσιν,
2601 841 2677 905 ὥς
2706 857 2871 911 φησιν
2900 842 2928 894 ό
2948 838 3175 909 Κύριος,
3207 839 3462 893 Γίνεσθε
3486 839 3727 908 χρηστοί,

2187 935 2270 1003 ὡς
2316 936 2350 989 ό
2388 932 2591 1001 Πατὴρ
2627 931 2799 1002 ὑμῶν
2845 935 2879 987 ό
2913 930 3224 1000 οὐράνιοςο
3259 929 3324 983 τὸ
3353 929 3465 999 τὰρ
3482 928 3731 994 ,βλάπτον

2189 1026 2289 1081 καί
2310 1026 2557 1097 patir-or
2584 1024 2693 1079 τὸν
2711 1024 3047 1092 ἄνθρωπον,
3073 1021 3322 1076 ἔνδοθέν
3349 1022 3536 1075 ἐστιν’
3562 1022 3623 1075 ἐκ
3647 1022 3737 1090 γὰρ

2189 1115 2303 1185 τῆς
2335 1116 2584 1183 καρδίας
2628 1114 3061 1183 ἐκπορεύονται
3093 1111 3470 1182 διαλογισμοί
3497 1111 3734 1179 πονηροί,

2191 1205 2377 1270 καθὼς
2399 1209 2429 1261 ό
2452 1207 2657 1278 Κύριος
2680 1205 2853 1275 λέγει,
2874 1205 2958 1260 δτι
2978 1206 3047 1259 τά
3067 1203 3351 1259 κοινοῦντα
3372 1202 3464 1257 τὸν
3482 1202 3738 1274 ἄνθρωπον

2192 1298 2405 1353 ἔνδοθέν
2430 1300 2602 1355 ἔστιν.

2262 1392 2339 1445 I".
2358 1390 2608 1444 Ἐνδοθεν
2635 1385 2729 1445 οῦν
2757 1391 2904 1444 ἐστιν
2932 1388 2991 1441 ἐν
3015 1390 3084 1459 τῇ
3110 1386 3257 1458 ψυχῇ
3284 1385 3455 1458 ἕρπον
3475 1384 3568 1440 καὶ
3582 1384 3745 1456 προῖδν

2191 1483 2415 1553 πνεῦμα
2448 1482 2715 1553 πονηρίας
2735 1521 2752 1547 ,
2800 1479 3112 1550 λογιστικὸν
3146 1478 3462 1549 κινητικὸν,
3495 1480 3625 1547 ὅπερ
3651 1478 3746 1529 ἐστὶ

2192 1576 2254 1629 τὸ
2302 1576 2565 1645 κάλυμμα
2613 1572 2709 1627 τοῦ
2752 1573 3010 1637 σκότους,
3048 1573 3079 1625 ό
3107 1570 3339 1634 παλαιὸς
3368 1571 3673 1642 ἄνθρωπος,
3700 1569 3747 1622 δν

2194 1668 2277 1722 δεῖ
2325 1667 2452 1730 τοὺς
2501 1664 2581 1737 τῷ
2616 1664 2736 1736 Θεῷ
2772 1662 3221 1735 προσφεύγοντας
3248 1662 3638 1723 ἀποδύσασθαι,
3673 1661 3751 1713 καὶ

2201 1756 2530 1811 ἐνδύσασθαι
2558 1756 2647 1810 τὸν
2678 1754 3003 1826 ἐπουράνιον
3030 1754 3127 1808 καὶ
3150 1753 3338 1807 καινὸν
3361 1751 3640 1824 ἄνθρωπον
3663 1790 3677 1816 ,
3706 1750 3752 1812 ὃς

513 1840 606 1925 est
631 1869 908 1924 Christus.
937 1866 1088 1921 Nihil
1120 1878 1254 1935 ergo
1286 1877 1501 1928 eorum,
1528 1875 1651 1930 qua:
1680 1867 1908 1915 externa
1941 1868 2091 1923 sunt,

2210 1851 2317 1903 ἐστι
2341 1849 2599 1921 Χριστός.
2621 1847 2787 1902 Οὐδὲν
2808 1846 2902 1901 οῦν
2928 1846 3038 1899 τῶν
3064 1843 3265 1912 ἔξωθεν
3287 1843 3545 1915 βλάπτειν
3561 1842 3753 1895 δύναται

512 1960 716 2015 laedere
744 1965 927 2030 potest
952 1956 1255 2019 hominem,
1286 1953 1391 2009 nisi
1423 1953 1517 2023 qui
1547 1952 1704 2017 vivit,
1731 1958 2012 2021 operatur,
2039 1957 2097 2004 et

515 2051 729 2106 habitat
784 2050 840 2104 in
901 2048 1066 2105 corde
1120 2046 1349 2116 spiritus
1398 2043 1775 2100 tenebrarum.
1828 2042 2096 2110 Quocirca

517 2141 899 2213 unusquisque
934 2139 989 2194 in
1025 2136 1454 2209 cogitationibus
1482 2135 1597 2191 suis
1626 2134 1791 2190 debet
1818 2144 2097 2190 certamen

517 2235 679 2300 inire,
713 2243 776 2288 ut
813 2233 1097 2288 illucescat
1134 2230 1292 2287 cordi
1333 2231 1453 2301 ejus
1489 2227 1760 2283 Christus.
1790 2225 1893 2284 Cui
1927 2226 2097 2298 gloria

517 2327 575 2381 in
605 2326 825 2382 saecula.
851 2326 1045 2380 Amen.

966 2436 1124 2507 137
1158 2436 1446 2491 HOMILIA
1473 2434 1657 2490 XLIII.

518 2527 597 2583 De
621 2543 900 2599 progressu
925 2527 1025 2599 viri
1070 2524 1383 2599 Christiani,
1411 2527 1559 2599 cujus
1587 2534 1701 2599 tota
1732 2523 1808 2577 vis
1858 2538 1922 2576 ex
1951 2523 2103 2578 corde

801 2597 1081 2668 dependet,
1106 2606 1163 2649 ut
1192 2597 1276 2651 hic
1306 2597 1453 2650 varie
1472 2595 1812 2649 describitur.

590 2839 634 2893 Ι.
663 2834 1135 2905 Quemadmodum
1162 2835 1231 2889 ab
1289 2833 1405 2907 igni
1443 2832 1825 2890 accenduntur
1867 2832 2110 2887 lucerna:

519 2929 707 2983 multae
733 2934 789 2980 et
814 2923 1095 2995 lampades
1116 2923 1408 2989 ardentes;
1440 2931 1653 2979 cuncta:
1674 2938 1807 2979 vero
1828 2922 2109 2992 lampades

520 3028 576 3073 et
593 3019 833 3073 lucernae
854 3016 922 3071 ab
946 3032 1053 3070 una
1076 3024 1274 3070 natura
1300 3014 1680 3070 accenduntur
1698 3024 1753 3069 et
1780 3013 2107 3084 splendent:

523 3112 606 3167 sic
640 3124 862 3179 quoque
904 3098 1206 3163 Christiani
1241 3108 1310 3163 ab
1344 3123 1451 3163 una
1496 3117 1691 3162 natura
1733 3106 2111 3161 accenduntur

2200 1942 2293 1997 τὸν
2323 1941 2640 2015 ἄνθρωπον,
2691 1941 2739 1994 εί
2772 1940 2847 2011 μὴ
2876 1938 2939 1993 τὸ
2962 1938 3072 2004 ζῶν
3103 1938 3199 1993 καὶ
3222 1937 3575 2007 ἐνεργητικὸν
3602 1935 3659 1988 τὸ
3684 1935 3754 1987 ὲν-

2203 2032 2390 2089 οικοῦν
2422 2034 2483 2088 ὲν
2512 2036 2579 2104 τῇ
2611 2032 2811 2104 καρδίᾳ
2844 2030 3065 2099 πνεῦμα
3096 2029 3324 2093 σκότους
3346 2044 3363 2062 ο
3403 2029 3544 2083 ὥστε
3572 2027 3657 2081 οῦν
3680 2026 3755 2079 τὸν

2206 2126 2396 2195 ἀγῶνα
2428 2125 2657 2187 ἕκαστος
2686 2125 2747 2177 ὲν
2776 2126 2888 2187 τοῖς
2914 2123 3196 2193 λογισμοῖς
3228 2120 3439 2192 ὀφείλει
3468 2119 3755 2190 κεκτῆσθαι,

2205 2219 2294 2275 ἵνα
2324 2219 2608 2292 ἐπιλάμψῃ
2638 2222 2708 2290 τῇ
2736 2218 2937 2291 καρδίᾳ
2961 2216 3126 2271 αὑτοῦ
3152 2218 3180 2271 ό
3201 2216 3463 2287 Χριστός.
3496 2208 3564 2283 Ὦ
3594 2215 3626 2284 ἡ
3653 2212 3759 2279 δόξα

2206 2312 2285 2375 είς
2320 2310 2447 2373 τοὺς
2472 2310 2697 2373 αίῶνας.
2734 2310 2929 2382 Ἀμήν.

2770 2422 3015 2477 OMIMA
3076 2422 3209 2479 ΜΓ.

2208 2516 2349 2586 Περί
2405 2513 2516 2586 τῆς
2570 2504 2885 2586 προκοπῆς
2943 2514 3063 2586 τοῦ,
3103 2517 3470 2586 Χριστιανοῦ
3539 2513 3761 2586 ἀνδρὸς.

2280 2583 2357 2655 ἧς
2416 2582 2701 2656 adquiri,
2732 2585 2988 2656 δύναμις
3041 2584 3110 2640 ἐκ
3145 2582 3285 2656 ’τῆς
3348 2587 3602 2656 καρδίας
3644 2585 3764 2656 ἀξιο-

2282 2652 2622 2724 κρεμαμέγη
2679 2652 2896 2722 ἐστίν,
2948 2652 3154 2725 ὥσπερ
3204 2652 3497 2725 ποικίλως
3538 2652 3763 2712 ἐνταῦθα

2245 2790 2251 2796 ε
2282 2725 2692 2795 διαγράφεται.

2290 2837 2373 2891 A'.
2405 2836 2617 2905 Ὠσπερ
2641 2837 2750 2889 ἀπὸ
2775 2836 2871 2891 τοῦ
2904 2839 3079 2909 πυρὸς
3103 2839 3366 2896 ἀπτονται
3400 2840 3587 2913 λύχνοι
3610 2839 3766 2895 πολλοὶ

2218 2925 2313 2979 καὶ
2344 2924 2627 2995 λαμπάδες
2654 2924 2943 2991 καιόμεναι
2965 2965 2981 2989 ,
3012 2930 3185 2983 πᾶσαι
3209 2928 3267 2984 δὲ
3296 2931 3352 2984 ai
3383 2930 3665 3001 λαμπάδες
3691 2929 3768 2983 καὶ

2217 3015 2267 3068 oi
2285 3015 2467 3086 λύχνοι
2492 3016 2601 3071 ἀπὸ
2624 3016 2753 3085 μιᾶς
2776 3016 2993 3084 φύσεως
3013 3017 3341 3074 ἀνάπτονται
3360 3021 3463 3076 καλ⁸
3493 3022 3765 3093 φαίνουσιν

2218 3105 2392 3170 οὕτως
2426 3107 2519 3160 καὶ
2544 3107 2593 3160 oi
2620 3107 2943 3178 Χριστιανοὶ
2969 3109 3079 3163 ἀπὸ
3118 3111 3249 3180 μιᾶς
3280 3110 3507 3179 φύσεως
3535 3113 3771 3166 ἀνάπτον·

524 3213 581 3257 et
622 3203 830 3267 lucent,
873 3200 1018 3272 ignis
1052 3199 1318 3255 nimirum
1352 3199 1550 3263 divini,
1590 3197 1717 3253 Filii
1751 3198 1848 3253 Dei
1883 3215 1898 3251 :
1926 3206 1983 3252 et
2013 3197 2106 3251 ha—

2211 3216 2323 3264 ται,
2356 3198 2451 3252 καὶ
2471 3196 2744 3267 φαίνουσι,
2773 3198 2867 3251 τοῦ
2903 3200 3077 3273 πυρὸς
3103 3200 3196 3255 τοῦ
3216 3202 3389 3269 θείου,
3422 3203 3519 3258 τοῦ
3545 3202 3668 3256 Υίοῦ
3693 3198 3771 3253 τοῦ

526 3293 659 3345 hent
682 3289 963 3360 lampades
982 3288 1241 3344 ardentes
1266 3288 1321 3342 in
1352 3287 1616 3343 cordibus
1652 3287 1789 3353 suis,
1816 3286 2109 3355 lucentque

527 3381 582 3433 in
627 3386 925 3449 conspectu
970 3378 1113 3449 ejus,
1164 3377 1253 3432 vel
1295 3377 1479 3433 adhuc
1514 3377 1569 3431 in
1636 3384 1783 3432 terra
1824 3375 2107 3446 degentes,

527 3470 670 3524 sicut
699 3476 756 3525 et
814 3469 951 3540 ipse.
1006 3468 1190 3540 Inquit
1242 3468 1434 3523 enim:
1486 3468 1781 3536 Propterea
1838 3467 1987 3520 unxit
2062 3473 2111 3518 te

527 3561 690 3622 Deus,
726 3560 861 3615 Deus
892 3570 1011 3615 tuus
1065 3560 1180 3615 oleo
1232 3561 1434 3616 lwtitia:
1464 3562 1529 3615 ".
1568 3559 1780 3615 Idcirco
1809 3558 2113 3628 appellatus

478 3697 485 3704 .
528 3664 613 3709 est
635 3654 910 3719 Christus,
939 3662 1000 3708 ut
1030 3669 1098 3709 eo
1128 3654 1247 3722 ipso
1283 3654 1427 3720 oleo,
1450 3669 1561 3723 quo
1595 3653 1710 3723 ipse
1758 3660 1842 3708 est
1889 3660 2110 3715 unctus,

528 3764 631 3803 nos
655 3763 875 3817 quoque
921 3747 1071 3802 uncti
1104 3747 1299 3802 ﬁamus
1345 3746 1573 3814 Christi,
1624 3745 1898 3818 ejusdem,
1932 3755 1994 3800 ut
2038 3743 2112 3798 ita

532 3837 731 3899 dicam,
772 3835 1114 3900 substantia),
1150 3842 1207 3890 et
1245 3834 1410 3890 unius
1443 3834 1715 3905 corporis.
1757 3833 1941 3903 Inquit
1983 3847 2112 3886 rur-

534 3942 652 3983 sum
696 3942 709 3978 :
753 3924 856 3990 Qui
894 3924 1217 3993 sanctiﬁcat,
1265 3932 1315 3978 et
1335 3926 1427 3996 qui
1464 3924 1867 3993 sanctiﬁcantur
1920 3937 1985 3977 ea:
2008 3936 2113 3975 uno

533 4034 710 4073 omnes
732 4017 799 4072 “.

602 4191 672 4245 1-1.
710 4190 933 4247 Similes
962 4189 1131 4261 igitur
1159 4197 1291 4244 sunt
1326 4188 1622 4244 Christiani
1654 4204 1719 4243 ex
1753 4188 1935 4259 aliqua
1960 4195 2113 4259 parte

532 4284 779 4337 lucernis
801 4282 1137 4337 habentibus
1169 4280 1352 4335 oleum
1398 4282 1453 4334 in
1487 4296 1568 4344 se,
1612 4281 1718 4335 hoc
1771 4290 1855 4335 est
1904 4280 2117 4336 fructus

531 4373 779 4443 justitiae,
803 4381 859 4427 et
883 4371 987 4426 nisi
1022 4371 1603 4426 accendaturlucerna
1633 4372 1688 4426 in
1723 4372 1806 4427 eis
1834 4388 1864 4426 a
1890 4371 2116 4427 lucerna

536 4464 743 4525 divina,
792 4460 929 4516 nihil
965 4471 1110 4517 sunt.
1152 4460 1418 4517 Dominus
1441 4470 1560 4518 erat
1619 4462 1845 4518 lucerna
1893 4462 2115 4529 ardens,

2212 3290 2371 3351 Θεοῦ.
2406 3292 2499 3344 καὶ⁸
2537 3291 2721 3362 ἔχουσι
2748 3293 2847 3358 τὰς
2882 3294 3176 3363 λαμπάδας
3222 3295 3533 3364 καιομένας
3573 3296 3649 3358 εἰς
3687 3293 3772 3354 τὰς

2213 3383 2440 3454 καρδίας
2466 3383 2682 3465 αὐτῶν,
2722 3386 2819 3440 καὶ
2845 3386 3101 3454 φαίνουσι
3131 3389 3478 3441 κατενώπιον
3528 3383 3685 3441 αὐτοῦ
3725 3384 3773 3436 ἐν

2211 3478 2283 3545 γῇ
2316 3474 2489 3540 ὄντες,
2517 3476 2702 3539 καθὼς
2728 3477 2826 3531 καὶ
2857 3477 3039 3542 αὐτός.
3070 3478 3234 3547 Λέγει
3258 3479 3417 3548 κγάρ,
3474 3480 3579 3534 Διὰ
3621 3478 3773 3533 τοῦτο

2212 3563 2421 3633 ἐχρισέ
2452 3578 2527 3617 σε
2562 3565 2596 3617 ό
2632 3565 2774 3629 Θεό(
2813 3579 2931 3619 σου
2963 3564 3173 3619 ἔλαιον
3204 3564 3645 3633 ἀγαλλιάσεως.
3693 3560 3775 3615 Διά

2213 3657 2373 3711 τοῦτο
2423 3656 2657 3728 Χριστὸς
2698 3656 2974 3727 ἐπεκλήθη
3001 3699 3016 3721 ,
3054 3657 3143 3710 ῖνα
3175 3655 3255 3725 τῷ
3296 3656 3455 3723 αὐτῷ
3506 3655 3699 3725 ἐλαίῳ,
3739 3644 3776 3719 ᾧ

2215 3749 2375 3813 αὐτὸς
2406 3748 2655 3820 ἐχρίσθη,
2688 3751 2783 3805 καὶ⁵
2817 3751 2981 3820 ἡμεῖς
3006 3747 3322 3820 χρισθέντες
3340 3748 3633 3820 γενώμεθα
3662 3747 3777 3815 Χρι-

2217 3839 2356 3903 στοὶ,
2386 3839 2488 3907 τῆς
2508 3838 2700 3908 αὐτῆς,
2720 3840 2796 3902 ὼς
2809 3839 3005 3903 εἰπεῖν,
3034 3836 3224 3900 οὐσίας
3253 3837 3351 3890 καὶ
3380 3837 3506 3900 ἐνὸς
3530 3836 3775 3906 σώματος.

2218 3931 2384 3998 Λέγει
2414 3930 2601 3995 πάλιν,
2639 3930 2713 3983 '0
2738 3946 2804 3985 τε
2823 3928 3097 3999 ἁγιάζων,
3126 3927 3226 3983 καί
3262 3928 3317 3982 οι
3341 3925 3703 3997 ἁγιαζόμενοι
3721 3921 3777 3985 ἐξ

2217 4019 2357 4087 ἐνὸς
2393 4018 2639 4083 πάντες.

2292 4196 2367 4252 B'.
2425 4196 2702 4252 Ἐοίκασιν
2756 4190 2852 4251 οῦν
2906 4195 2957 4250 oi
3021 4195 3346 4267 Χριστιανοὶ
3403 4193 3467 4249 ὲν
3518 4193 3601 4248 ἐνὶ
3648 4190 3781 4263 μέρει

2220 4288 2469 4359 λυχνίαις
2499 4288 2757 4360 ἐχούσαις
2787 4287 2847 4341 τὸ
2873 4287 3055 4343 ἔλαιον
3072 4288 3131 4341 ἑν
3161 4287 3373 4352 αὑταῖς,
3406 4286 3655 4341 τούτεστι
3678 4283 3782 4341 τοὺς

2221 4382 2469 4453 καρποὺς
2503 4382 2602 4453 τῆς
2630 4381 2999 4454 δικαιοσύνης.
3044 4380 3171 4435 Ἐὰν
3198 4378 3256 4433 δὲ
3324 4378 3398 4450 μὴ
3436 4379 3585 4451 ἀφθῇ
3615 4377 3781 4446 λύχνος

2221 4472 2287 4524 ὲκ
2317 4468 2413 4524 τοῦ
2443 4470 2640 4541 λύχνου
2668 4472 2769 4542 τῆς
2798 4470 3055 4541 θεότητος
3094 4472 3152 4524 ὲν
3186 4471 3372 4532 αὐτοῖς
3393 4509 3409 4534 ,
3443 4470 3599 4525 οὐδέν
3622 4470 3744 4522 είσιν
3766 4479 3778 4493 ⁸

537 4570 763 4628 propter
797 4557 1063 4626 Spiritum
1091 4555 1395 4613 divinitatis
1424 4566 1737 4613 manentem
1769 4534 2106 4612 substa'ntia-

2219 4563 2248 4617 ὁ
2281 4562 2485 4633 Κύριος
2503 4534 2573 4634 ἣν
2596 4562 2625 4617 ὁ
2649 4534 2841 4634 λύχνος
2871 4564 2899 4617 ό
2922 4534 3231 4634 καιόμενος,
3257 4562 3345 4617 διὰ
3371 4561 3432 4615 τὸ
3461 4561 3681 4631 Πνεῦμα
3703 4556 3784 4626 τῆς

537 4652 665 4705 liter
694 4650 749 4704 in
775 4648 913 4719 ipso,
948 4657 1003 4702 et
1027 4648 1419 4703 ascendentem
1471 4650 1591 4720 ejus
1620 4664 1717 4703 cor
1738 4664 1840 4718 pro
1874 4648 2117 4701 humana

540 4753 751 4798 natura.
782 4740 1015 4795 Perinde
1045 4755 1175 4793 vero
1209 4754 1273 4793 ac
1307 4740 1352 4794 si
1378 4740 1447 4794 sit
1470 4740 1808 4810 marsupium
1839 4738 2115 4809 putidum,

538 4836 760 4905 plenum
787 4831 1095 4903 margaritis
1129 4847 1142 4883 :
1180 4830 1261 4887 sic
1311 4847 1532 4901 quoque
1587 4830 1911 4897 Christiani,
1936 4830 2117 4899 quoad

539 4934 829 4980 externum
863 4922 1167 4988 hominem,
1204 4922 1445 4976 humiles
1492 4921 1699 4977 debent
1735 4937 1878 4987 esse,
1910 4930 1967 4975 et
1991 4920 2119 4975 vilis

538 5017 893 5082 conditionis,
924 5016 1073 5071 intus
1102 5030 1236 5070 vero
1290 5014 1345 5068 in
1405 5014 1659 5069 interiori
1715 5014 1937 5068 homine
1973 5013 2121 5067 obti—

539 5117 674 5164 nent
703 5109 999 5179 pretiosam
1077 5108 1450 5180 margaritam.
1497 5107 1757 5161 Nonnulli
1820 5121 1952 5161 vero
1998 5114 2127 5161 sunt

540 5200 813 5275 sepulcris
879 5200 1149 5255 dealbatis
1201 5200 1430 5263 similes,
1470 5198 1714 5254 exterius
1760 5197 1982 5267 quidem
2026 5197 2125 5253 de-

541 5291 675 5360 picti
724 5300 780 5346 et
800 5291 959 5345 valde
988 5290 1262 5360 splendidi
1289 5291 1357 5356 ",
1392 5290 1544 5345 intus
1570 5305 1699 5343 vero
1743 5289 1889 5359 pleni
1916 5290 2123 5345 ossium

544 5388 890 5436 mortuorum
925 5420 939 5446 ,
988 5381 1182 5435 fetoris
1232 5382 1391 5435 multi
1436 5391 1493 5436 et
1534 5382 1830 5451 spirituum
1896 5382 2127 5436 immun-

546 5472 778 5537 dorum;
831 5472 1034 5526 mortui
1066 5481 1196 5525 sunt
1229 5487 1259 5526 a
1312 5474 1460 5527 Deo:
1492 5482 1656 5543 atque
1699 5474 1847 5528 omni
1884 5475 2125 5544 turpitu-

548 5561 598 5616 di
630 5580 697 5631 re,
728 5565 990 5619 sordibus
1010 5576 1065 5618 et
1089 5564 1335 5618 tenebris
1361 5565 1662 5619 adversarii
1692 5564 1893 5620 induti.

621 5806 668 5838 “
691 5807 826 5865 Luc.
849 5829 924 5881 vi,
952 5813 1049 5880 56;
1083 5814 1275 5869 Matth.
1299 5831 1387 5881 xv,
1416 5816 1505 5870 ll.
1584 5816 1627 5848 "
1654 5814 1799 5871 Psal.
1831 5830 1953 5881 ην,
1979 5814 2031 5872 8.

2129 5816 2173 5848 ⁸⁸
2209 5816 2377 5873 Hebr.
2404 5834 2463 5877 ιι.
2488 5818 2541 5871 ‘2.

2226 4655 2484 4725 θεότητος
2514 4656 2575 4709 τὸ
2610 4656 2770 4727 μένον
2815 4655 3090 4719 οὐσιωδῶς
3127 4656 3186 4709 ὲν
3218 4654 3370 4726 αὐτῷ
3397 4695 3413 4722 ,
3446 4656 3545 4708 καὶ
3589 4653 3784 4707 ὲκκαῖον

2227 4745 2392 4799 αὐτοῦ
2419 4746 2517 4817 τὴν
2550 4746 2778 4818 καρδίαν
2800 4746 2946 4800 κατὰ
2972 4747 3035 4799 τὸ
3056 4746 3655 4817 ἀνθρώπινον.-Ὦσπερ
3694 4741 3785 4810 γὰρ

2226 4835 2322 4889 ἐὰν
2416 4833 2699 4905 βαλάντιον
2731 4836 2938 4904 σαπρὸν
2967 4836 3400 4907 πεπληρωμένον
3426 4831 3784 4906 μαργαριτῶν,

2228 4923 2371 4980 οὕτω
2403 4926 2500 4980 καὶ
2522 4928 2572 4980 oi
2604 4927 2922 4999 Χριστιανοὶ
2938 4924 3015 4997 τῷ
3041 4927 3238 4993 ἔξωθεν
3267 4924 3544 4997 ἀνθρώπῳ
3566 4919 3788 4977 ταπεινοὶ

2226 5017 2534 5085 ὀφείλοντες
2570 5013 2709 5073 εἷναι
2741 5019 2836 5071 καὶ
2859 5018 3347 5089 εὐκαταφρόνητοι,
3382 5017 3593 5072 ἔνδοθεν
3620 5016 3694 5076 είς
3715 5011 3788 5063 τὸν

2225 5106 2334 5160 ἔσω
2373 5106 2663 5177 ἄνθρωπον
2707 5106 2892 5178 ἔχουσι
2940 5109 3032 5163 τὸν
3084 5108 3384 5178 πολύτιμον
3439 5105 3784 5179 μαργαρίτην-

2230 5198 2530 5269 ’Ἑτεροιδέ
2550 5201 2656 5252 είσι
2690 5202 2883 5269 τάφοις
2948 5202 3360 5270 κεκονιαμένοις
3388 5202 3642 5260 ἐοικότες,
3672 5196 3787 5260 ἔξω·

2229 5288 2321 5343 Θεν
2350 5288 2450 5360 μὲν
2476 5284 2933 5362 ὲζωγραφήμένοι
2979 5295 3074 5345 καὶ
3104 5292 3484 5365 περικαλλεῖς,
3516 5289 3709 5344 ἔσωθεν
3738 5284 3784 5337 δὲ

2226 5381 2489 5452 γέμοντες
2525 5382 2726 5435 ὀστέων
2765 5384 2999 5455 νεκρῶν,
3032 5385 3127 5441 καὶ
3157 5386 3422 5449 δυσωδίας
3452 5382 3671 5451 πολλῆς,
3705 5376 3785 5428 καὶ

2226 5470 2553 5540 πνευμάτων
2575 5469 2922 5542 ἀκαθάρτων.
2947 5473 3153 5545 Νεκροί
3185 5474 3325 5528 εἰσιν
3357 5473 3464 5527 ἀπὸ
3487 5469 3621 5524 θεοῦ
3645 5511 3658 5534 ,
3704 5465 3784 5519 καὶ

2227 5563 2409 5615 πᾶσαν
2438 5561 2701 5632 αἰσχύνην
2733 5565 2847 5624 καὶ.
2874 5568 3168 5638 ῥυπαρίαν,
3233 5566 3332 5620 καὶ
3382 5566 3441 5621 τὸ
3472 5564 3659 5625 σκότος
3701 5554 3781 5611 τοῦ

2232 5656 2613 5727 ἀντικειμένου
2647 5656 3005 5729 ἐνδεδυμένοι.

2655 5820 2698 5853 ⁸*
2719 5818 2908 5873 Matt-it.
2938 5833 3084 5877 nm,
3124 5816 3214 5869 27.
