3980 6430
371 394 483 461 ’173

1570 387 1938 450 HOMILLE.
1970 409 2035 419 -
2059 383 2251 446 HOM.
2290 384 2510 447 XLIII.

3544 389 3652 454 774

444 510 519 563 Γ¹.
571 507 634 562 '0
657 506 983 571 Ἀπόστολος
1015 505 1186 576 λέγει,
1219 508 1301 561 ὅτι
1342 506 1405 560 '0
1431 505 1684 573 νήπιος,
1709 505 1824 571 ἕως
1854 504 1955 558 ὅτε

2130 500 2216 556 lli.
2249 502 2550 572 Apostolus
2582 501 2693 558 ait:
2751 500 2913 569 Puer,
2966 502 3203 574 quandiu
3248 502 3503 575 parvulus
3548 519 3649 578 est,

366 599 587 684 μικρός
623 598 797 652 ἐστιν
821 640 837 665 ,
886 598 1008 673 ὑπὸ
1049 597 1414 667 ἐπιτρόπους
1466 595 1565 649 καὶ
1603 596 1962 665 οἰκονόμους

369 688 482 741 τῶν
511 687 766 757 πονηρῶν
797 688 1127 758 πνευμάτων
1163 687 1312 741 ἐστὶν
1333 726 1349 753 ,
1386 686 1546 741 ἆτινα
1578 685 1867 756 πνεύματα
1900 687 1961 739 οὺ

370 775 591 828 θέλουσι
620 775 711 828 τὸν
745 778 937 847 νήπιον
968 776 1204 847 αὐξῆσαι
1228 794 1242 808 ·
1267 772 1353 830 ἵνα
1391 777 1468 848 μὴ
1505 775 1795 846 γενόμενος
1822 776 1962 849 ἀνὴρ

372 869 603 932 τέλειος,
636 868 870 939 ἄρξηται
906 868 1192 939 ἐπιζητεῖν
1239 869 1308 924 τὰ
1347 873 1489 923 κατά
1520 868 1613 921 τὸν
1638 862 1788 931 οἶκον
1811 908 1826 935 ,
1869 871 1964 923 καὶ

374 961 614 1014 ἐκδικεῖν
670 960 771 1032 τήν
840 963 1161 1036 κυριότητα.
1222 961 1283 1017 '0
1341 962 1671 1035 Χριστιανὸς
1727 963 1988 1047 πάντοτεἱ

370 1053 576 1120 ὀφείλει
609 1052 707 1123 τήν
735 1054 960 1125 μνήμην
989 1054 1082 1108 τοῦ
1105 1053 1242 1108 Θεοῦ
1265 1054 1410 1125 ἔχειν
1429 1070 1444 1086 ο
1485 1054 1800 1124 γέγραπται
1831 1052 1961 1125 γάρ,

368 1145 739 1214 Ἀγαπήσεις
762 1147 985 1213 Κύριον
1024 1146 1135 1201 τὸν
1182 1147 1333 1202 Θεόν
1379 1162 1496 1200 σου
1544 1144 1615 1210 ἐξ
1658 1143 1809 1212 ὅλης
1853 1141 1965 1211 τῆς

368 1231 625 1298 καρδίας
660 1248 800 1299 σου,
833 1232 921 1287 ἴνα
962 1236 1037 1307 μὴ
1076 1235 1236 1305 μόνον
1260 1272 1276 1300 ,
1310 1235 1402 1288 ὅτε
1438 1233 1747 1305 εἰσέρχεται
1784 1234 1866 1299 είς
1902 1232 1965 1287 τὸ

369 1324 685 1395 εῦκτήριον,
708 1327 897 1398 ἀγαπᾷ
925 1326 1017 1381 τὸν
1050 1329 1258 1399 Κύριον
1277 1368 1293 1394 ,
1324 1326 1463 1383 ἀλλά
1493 1328 1589 1381 καὶ
1620 1327 1962 1399 περιπατῶν,

370 1414 471 1467 καὶ
500 1415 707 1485 ὁμιλῶν
727 1457 743 1483 ,
778 1417 873 1471 καὶ
900 1418 1098 1472 ἐσθίων
1124 1418 1224 1491 ἔχῃ
1260 1420 1361 1489 τὴν
1398 1420 1621 1491 μνήμην
1655 1418 1751 1472 τοῦ
1785 1416 1921 1471 Θεοῦ
1944 1458 1961 1485 ,

368 1505 471 1557 καὶ
490 1506 589 1576 τὴν
616 1507 862 1578 ἀγάπην,
894 1510 992 1563 καὶ⁵
1015 1509 1115 1581 τήν
1146 1510 1401 1582 στοργήν.
1437 1510 1601 1580 Λέγει
1631 1510 1964 1582 γάρ,”οπου

369 1600 411 1649 ό
434 1596 583 1664 νοῦς
608 1613 751 1663 σου,
778 1598 910 1653 ἐκεῖ
930 1599 1032 1655 καί
1072 1604 1106 1655 ὁ
1151 1600 1461 1669 θησαυρός
1492 1615 1634 1655 σου.
1676 1601 1771 1665 El;
1797 1598 1826 1652 6
1857 1600 1965 1672 γὰρ

368 1690 610 1760 πρᾶγμα
640 1690 673 1760 ή
698 1690 898 1762 καρδία
923 1690 1068 1756 τινὸς
1094 1691 1329 1761 δέδεται,
1367 1691 1464 1746 καὶ
1492 1692 1626 1747 ὅπου
1648 1693 1683 1762 ή
1700 1691 1979 1761 ἐπιθυμία·

368 1781 523 1834 ἕλκει
551 1781 736 1849 αὑτὸν,
761 1782 938 1837 ἐκεῖνό
966 1785 1117 1837 ἐστιν
1144 1783 1312 1837 αὑτοῦ
1346 1785 1374 1838 6
1400 1783 1541 1849 θεός.
1561 1782 1691 1838 Ἐἀν
1717 1782 1961 1854 ἐπιθυμῇ

368 1871 411 1942 ὴ
443 1871 638 1945 καρδία
671 1873 904 1926 πάντοτε
929 1871 1025 1926 τοῦ
1051 1873 1213 1940 Θεοῦ,
1244 1874 1409 1938 αὑτός
1455 1876 1576 1929 ἐστι
1610 1874 1815 1944 Κύριος
1860 1874 1960 1945 τῆς
1993 1862 2038 1920 Β

369 1942 604 2031 καρδίας
646 1963 810 2018 αὐτοῦ
841 1981 855 1995 ·
889 1965 919 2017 6
966 1965 1024 2018 δὲ
1071 1965 1482 2037 ἀποταξάμενός
1535 1984 1643 2033 τις,
1669 1942 1965 2037 γενόμενος

368 2056 660 2125 ἀκτήμων,
696 2056 791 2109 καὶ
822 2056 1039 2124 ἄπολις,
1074 2060 1171 2112 καὶ
1199 2058 1512 2128 νηστεύων,
1546 2050 1702 2123 οὗτος
1744 2059 1825 2122 εἰς
1870 2057 1964 2112 τὸν

366 2146 568 2199 ἑαυτοῦ
618 2147 909 2218 ἄνθρωπον
958 2150 1146 2221 ἀκμὴν
1175 2151 1425 2214 δέδεται,
1455 2151 1489 2222 ἢ
1521 2151 1601 2215 εἰς
1624 2151 1692 2205 τά
1720 2150 1963 2221 κοσμικά

368 2238 697 2309 πράγματα,
739 2239 771 2310 ἢ
802 2242 882 2304 είς
918 2241 1118 2309 οἰκίαν,
1146 2242 1179 2314 ἦ
1211 2244 1292 2306 είς
1319 2243 1544 2315 φίλτρον
1571 2242 1798 2313 γονέων,
1824 2243 1960 2298 ὅπου

364 2330 529 2401 ἐδέθη
570 2330 736 2385 αὑτοῦ
792 2333 825 2404 ἡ
865 2334 1102 2403 καρδία,
1154 2335 1250 2389 καὶ
1294 2336 1324 2389 6
1355 2333 1482 2399 νοῦς
1515 2334 1909 2407 ᾐχμαλωτίσθη
1943 2374 1959 2401 ,

364 2422 551 2476 ὲκεϊνο
580 2422 744 2477 αὐτοῦ
772 2424 889 2477 ἐστι
920 2424 1039 2489 θεός
1065 2442 1080 2458 ’
1113 2426 1211 2480 καὶ
1236 2426 1587 2497 εὑρίσκεται,
1617 2426 1706 2480 διά
1728 2426 1830 2496 μὲν
1858 2427 1963 2498 τῆς

365 2512 639 2577 πλατείας
663 2514 833 2587 θύρας
857 2515 1092 2583 ἐξελθὼν
1114 2516 1209 2571 τοῦ
1239 2517 1481 2589 κόσμου,
1515 2517 1604 2573 διὰ
1631 2518 1690 2572 δὲ
1721 2517 1821 2587 τῆς
1848 2536 1958 2572 πα-

372 2604 615 2677 ραθύρου
671 2607 930 2662 εἰσελθὼν
983 2610 1078 2663 καὶ
1128 2608 1388 2679 ἐμπεσὼν
1438 2611 1523 2672 είς
1578 2608 1673 2663 τὸν
1730 2609 1956 2680 κόσμον.

370 2697 587 2767 Ὠσπερ
617 2696 686 2751 τὰ
716 2696 968 2768 φρύγανα
999 2698 1436 2772 ὲπιρῤιπτόμενα
1468 2701 1548 2763 είς
1577 2699 1639 2753 τὸ
1688 2697 1799 2771 πῦρ
1826 2738 1841 2760 ,
1895 2699 1956 2752 οὐ

364 2788 628 2843 δύνανται
658 2789 981 2860 ἀντιστῆναι
1005 2792 1072 2861 τῇ
1103 2789 1334 2858 δυνάμει
1363 2789 1458 2844 τοῦ
1490 2790 1689 2860 πυρὸς,
1723 2788 1839 2844 ἀλλ’
1863 2782 1958 2842 εὖ·

367 2880 514 2945 θέως
542 2882 933 2936 κατακαίονται
957 2899 972 2914 ⁸
1001 2883 1176 2946 οὕτως
1206 2884 1302 2936 καὶ
1339 2884 1389 2936 οἱ
1423 2882 1677 2954 δαίμονες
1705 2882 1959 2946 θέλοντες

371 2972 637 3044 πολεμεῖν
664 2972 937 3045 ἀνθρώπῳ
966 2974 1289 3046 Πνεῦματος
1334 2974 1624 3045 ήξιωμένῳ
1650 3015 1666 3041 ,
1709 2974 1959 3029 καίονται

368 3066 473 3117 καὶ
511 3065 1000 3119 καταναλίσκονται
1054 3066 1160 3119 ὑπὸ
1209 3066 1309 3138 τῆς
1347 3066 1499 3131 θείας
1525 3067 1811 3138 δυνάμεως
1862 3066 1958 3120 τοῦ

2062 592 2157 645 sub
2207 593 2467 647 tutoribus
2497 601 2547 647 et
2592 594 2926 650 curatoribus
2954 594 2998 626 “
3049 594 3347 664 spirituum
3409 597 3650 655 immun-

2062 683 2259 738 dorum
2295 684 2425 755 agit,
2455 684 2550 753 qui
2600 684 2830 755 spiritus
2856 686 3055 740 nolunt
3082 701 3316 756 puerum
3366 691 3647 751 crescere;

2064 791 2135 832 ne
2164 776 2262 831 ubi
2295 776 2351 830 in
2382 776 2560 830 virum
2582 776 2890 848 perfectum
2921 778 3180 842 evaserit,
3234 778 3465 851 incipiat
3497 797 3648 852 qua:-

2062 882 2207 933 rere,
2235 883 2358 938 qua:
2395 865 2463 922 ad
2491 866 2753 923 familiam
2797 868 3101 938 pertinent,
3140 877 3197 926 et
3222 869 3504 926 vindicare
3552 871 3651 926 do-

2061 959 2318 1015 minium.
2355 959 2703 1016 Christianus
2741 962 2896 1016 nullo
2921 976 3033 1017 non
3057 970 3304 1033 tempore
3333 962 3501 1018 debet
3534 962 3650 1019 n'ie—

2062 1052 2296 1107 moriam
2357 1052 2455 1108 Dei
2515 1052 2742 1109 habere.
2786 1052 3066 1124 Scriptum
3115 1054 3263 1110 enim
3293 1062 3416 1109 est:
3448 1055 3648 1127 Diliges

2063 1144 2351 1199 Dominum
2378 1144 2547 1200 Deum
2565 1154 2717 1199 tuum
2735 1163 2797 1201 ea:
2821 1156 2928 1201 toto
2954 1148 3109 1201 corde
3132 1155 3223 1202 tuo
3249 1148 3324 1201 “z
3350 1164 3419 1205 ne
3469 1149 3650 1204 solum

2064 1235 2288 1306 quando
2340 1235 2648 1308 ingreditur
2695 1238 3025 1302 oratorium,
3077 1239 3270 1310 diligat
3328 1239 3648 1305 Dominum,

2064 1322 2163 1378 sed
2214 1323 2382 1379 etiam
2430 1325 2738 1391 ambulans,
2793 1328 3137 1398 colloquens,
3158 1337 3213 1383 et
3251 1330 3569 1397 comedens,
3595 1330 3652 1385 in

2065 1416 2331 1470 memoria
2378 1417 2552 1473 Deum
2596 1418 2825 1480 habeat.
2856 1418 3068 1489 diligat,
3116 1428 3173 1475 et
3222 1436 3410 1477 amore
3463 1438 3653 1491 prose-

2065 1516 2288 1577 quatur.
2312 1506 2497 1579 lnquit
2516 1510 2699 1565 enim:
2737 1509 2833 1566 Ubi
2868 1528 3013 1566 mens
3039 1520 3154 1577 tua,
3186 1512 3257 1566 ibi
3305 1530 3511 1583 quoque
3540 1515 3652 1567 the-
3727 1562 3731 1566 .

2065 1616 2256 1655 taurus
2279 1608 2398 1655 tuus
2425 1602 2492 1657 "°.
2525 1602 2606 1657 Ad
2628 1618 3015 1673 quamcunque
3033 1603 3179 1659 enim
3206 1619 3321 1659 rem
3344 1620 3441 1659 cor
3471 1604 3652 1658 alicu-

2062 1691 2152 1762 jus
2175 1692 2449 1763 alligatur,
2473 1700 2528 1747 et
2553 1709 2664 1764 quo
2693 1708 2822 1748 eum
2852 1693 3023 1749 trahit
3057 1694 3285 1765 cupido,
3314 1694 3405 1750 illa
3432 1709 3521 1750 res
3564 1702 3651 1749 est

2068 1785 2187 1856 ejus
2220 1783 2378 1866 deus.
2413 1784 2470 1840 Si
2508 1784 2787 1841 desideret
2815 1801 2911 1841 cor
2945 1785 3154 1856 ubique
3191 1786 3507 1851 Dominum,
3532 1786 3650 1857 ipse

2064 1886 2149 1933 est
2186 1876 2454 1932 Dominus
2492 1878 2676 1933 cordis
2706 1879 2844 1950 ejus.
2877 1877 3162 1948 Quispiam
3182 1893 3336 1943 vero,
3366 1877 3463 1948 qui
3485 1878 3651 1934 abre-

2064 1969 2360 2035 nuntiavit,
2407 1970 2776 2041 omnibusque
2822 1970 2937 2026 suis
2988 1970 3342 2025 facultatibus
3392 1978 3449 2026 et
3513 1970 3651 2026 urbe

2063 2060 2294 2125 relictis,
2321 2061 2532 2132 jejunlo
2567 2060 2661 2117 dat
2696 2076 2946 2132 operam,
2975 2061 3079 2118 iste
3112 2061 3199 2117 sui
3239 2061 3414 2132 ipsius
3432 2060 3649 2116 homini

2062 2152 2246 2207 adhuc
2268 2152 2524 2223 alligatus
2559 2151 2752 2218 haeret,
2787 2162 2884 2208 aut
2915 2153 3082 2209 rebus
3105 2153 3422 2217 mundanis,
3448 2162 3545 2208 aut
3572 2152 3653 2207 fa-

2061 2242 2395 2308 miliaribus,
2424 2254 2519 2298 aut
2542 2245 2718 2299 amori
2754 2253 3045 2315 parentum
3077 2262 3090 2299 :
3124 2245 3221 2300 ubi
3255 2245 3538 2316 alligatum
3563 2253 3652 2300 est

2061 2335 2181 2405 ejus
2204 2349 2321 2401 cor,
2354 2342 2411 2389 et
2437 2351 2595 2391 mens
2635 2339 2757 2408 ejus
2786 2336 3082 2407 captivata,
3113 2336 3169 2391 id
3200 2336 3382 2406 ipsum
3413 2346 3500 2392 est
3526 2337 3651 2407 ejus

2061 2425 2235 2481 deus:
2276 2434 2333 2484 et
2360 2426 2797 2497 deprehenditur
2850 2428 3075 2499 quidem
3113 2443 3214 2499 per
3244 2427 3485 2497 amplam
3519 2443 3653 2498 por-

2063 2528 2172 2574 tam
2210 2536 2241 2575 e
2269 2519 2476 2575 mundo
2522 2520 2851 2585 excessisse,
2881 2536 2983 2591 per
3033 2518 3293 2575 ostiolum
3334 2529 3518 2575 autem
3566 2520 3651 2575 in-

2060 2618 2283 2683 greSsus
2316 2612 2371 2665 in
2404 2611 2674 2667 mundum
2724 2612 3009 2668 incidisse.
3034 2612 3512 2680 Quemadmodum
3540 2627 3652 2667 sar-

2060 2713 2247 2760 menta
2271 2704 2325 2759 in
2350 2705 2528 2775 ignem
2554 2706 2797 2777 projecta
2816 2714 3101 2775 nequeunt
3124 2704 3386 2759 resistere
3409 2704 3460 2758 vi
3484 2703 3649 2775 ignis,

2060 2794 2155 2851 sed
2183 2794 2475 2850 confestim
2518 2795 2955 2860 comburuntur;
2993 2794 3073 2849 sic
3093 2809 3316 2864 quoque
3347 2793 3648 2857 daemones,

2061 2885 2156 2955 qui
2184 2886 2390 2940 bellum
2430 2887 2624 2940 volunt
2657 2885 2864 2941 inferre
2903 2885 3115 2940 homini
3152 2885 3419 2956 Spiritum
3450 2900 3653 2942 conse«

2062 2987 2213 3045 cuto,
2239 2979 2643 3033 comburuntur
2666 2987 2719 3033 et
2737 2989 3142 3034 consumuntur
3170 2993 3200 3033 a
3225 2977 3415 3033 divina
3442 2978 3651 3033 virtute.

2062 3070 2223 3141 ignis,
2247 3070 2411 3125 modo
2438 3071 2603 3125 homo
2628 3080 2895 3142 perpetuo
2921 3071 3157 3125 Domino
3180 3070 3483 3131 adhaereat.
3510 3071 3649 3124 fidu-

366 3159 567 3229 πυρδς,
604 3161 766 3233 μόνον
804 3161 891 3214 ἵνα
938 3162 966 3214 6
1015 3161 1300 3233 ἅνθρωπος
1326 3163 1557 3217 πάντοτε
1612 3161 1958 3235 προσκολλώ-

2066 3162 2319 3233 ciamque
2340 3172 2397 3218 et
2415 3178 2570 3233 spem
2598 3164 2651 3217 in
2676 3178 2802 3218 eum
2827 3157 3079 3217 collocet.
3103 3161 3174 3218 Et
3200 3162 3423 3233 si138
3443 3162 3651 3217 fuerint

370 3266 539 3319 μενος
639 3250 719 3320 τῷ
741 3251 954 3322 Κυρίῳ,
991 3252 1084 3305 καὶ
1113 3250 1213 3320 τὴν
1256 3250 1584 3323 πεποίθησιν
1617 3251 1713 3305 καὶ
1738 3251 1839 3323 τήν
1867 3250 1956 3304 ὲλο

365 3342 505 3395 οπίδα
551 3341 686 3414 πρὸς
721 3342 881 3396 αὐτὸν
917 3343 1080 3415 ἔχων.
1131 3343 1244 3396 Καὶ
1303 3343 1400 3397 ἐὰν
1437 3338 1571 3397 ὦσιν
1606 3344 1658 3396 οί
1702 3344 1958 3415 δαίμονες

371 3434 588 3505 ἰσχυροὶ
618 3434 695 3498 ὡς
746 3434 848 3507 ὅρη
889 3434 1111 3507 ίσχυρά,
1160 3436 1267 3490 61:6
1312 3439 1413 3507 τῆς
1463 3437 1634 3507 εὐχῆς
1685 3436 1956 3501 καίονται,

368 3524 628 3595 καθάπερ
657 3529 685 3580 6
713 3526 880 3599 κηρὸς
901 3527 1007 3582 ὑπὸ
1040 3529 1233 3599 πυρός.
1265 3529 1459 3597 Μέγας
1475 3528 1531 3581 δὲ
1562 3531 1620 3581 ὲν
1647 3528 1728 3599 τῷ
1751 3527 1957 3599 μεταξὺ

370 3620 555 3672 κεῖται
580 3618 730 3686 ἀγὼν
763 3620 856 3672 καὶ
881 3619 1117 3691 πόλεμος
1147 3622 1213 3692 τῇ
1243 3620 1391 3691 ψυχῇ
1417 3619 1553 3688 πρὸς
1580 3620 1799 3683 αὐτούς.
1849 3621 1955 3675 Πο-

364 3710 538 3780 ταμοί
572 3713 679 3764 εἰσι
706 3711 1019 3783 δρακόντων
1069 3713 1210 3775 ἐκεῖ,
1240 3711 1338 3766 καὶ
1384 3713 1632 3781 στόματα
1674 3711 1907 3766 λεόντων
1938 3727 1953 3741 ⁸

366 3802 488 3873 πῦρ
532 3805 650 3858 ἐστι
701 3804 1036 3874 φλεγόμενον
1098 3805 1180 3868 είς
1252 3805 1355 3876 τὴν
1409 3804 1610 3876 ψυχήν.
1678 3804 1887 3876 Ὥσπερ
1930 3806 1959 3859 6

364 3897 576 3961 τέλειος
602 3899 896 3963 κακοποιὸς
930 3897 1148 3969 μεθύων
1171 3899 1251 3961 είς
1283 3898 1345 3953 τὸ
1370 3897 1591 3969 πνεῦμα
1619 3897 1718 3967 τῆς
1748 3896 1956 3967 πλάνης

363 3989 404 4060 ἢ
432 3989 746 4059 φονεύων,ἢ
775 3990 1065 4061 μοιχεύων,
1091 3989 1386 4061 ἀκόρεστος
1403 3992 1549 4044 ἐστιν
1572 3991 1650 4052 εἰς
1671 3988 1733 4042 τὸ
1761 3988 1953 4042 κακόν·

362 4078 543 4143 οὕτως
570 4081 663 4134 καὶ
683 4082 731 4134 οί
752 4081 1066 4151 Χριστιανοὶ
1094 4079 1514 4151 βεϐαπτισμένοι
1546 4080 1626 4142 είς
1654 4079 1715 4131 τὸ
1736 4078 1958 4150 Πνεῦμα

363 4172 431 4226 τὸ
453 4171 627 4243 ἅγιον,
663 4173 881 4244 ἄπειροι
914 4174 1154 4243 γίνονται
1197 4172 1292 4226 τοῦ
1341 4171 1537 4229 κακοῦ.
1574 4172 1711 4226 Οἰδὲ
1743 4171 1961 4243 ἔχοντες

370 4265 558 4335 χάριν,
591 4265 688 4318 καί¹
741 4266 822 4319 ἔτι
858 4266 1190 4337 μεμιγμένοι
1232 4268 1297 4337 τῇ
1335 4265 1603 4337 ἁμαρτίᾳ,
1655 4256 1804 4318 οῦτοι
1852 4263 1959 4318 ὑπὸ

368 4354 538 4424 φόϐον
566 4355 672 4409 είσὶ
698 4396 713 4422 ,
746 4356 841 4409 καί¹
870 4355 959 4411 διά
990 4355 1220 4426 φοϐερὸν
1250 4356 1413 4409 τόπον
1440 4355 1709 4409 ὁδεύουσι.

445 4446 518 4502 Δ⁹.
538 4448 807 4520 Καθάπερ
825 4447 934 4518 γάρ
963 4449 1013 4501 oi
1044 4448 1277 4521 ἔμποροι
1302 4447 1559 4510 πλέοντες
1589 4447 1694 4501 κᾶν
1716 4444 1955 4516 εὕρωσιν

2064 3255 2342 3312 daemones
2356 3255 2546 3321 fortes,
2574 3256 2770 3312 robore
2793 3255 3077 3311 montibus
3097 3254 3242 3309 haud
3262 3255 3564 3317 absimiles,
3579 3254 3649 3309 ab

2062 3350 2314 3405 oratione
2339 3349 2788 3414 .pomburuntur,
2823 3350 2975 3404 velut
3017 3364 3145 3405 cera
3189 3348 3261 3403 ab
3292 3348 3425 3420 igni.
3452 3348 3651 3418 Ingens

2061 3457 2194 3497 vero
2222 3442 2432 3496 interea
2468 3440 2763 3495 intercedit
2811 3449 3091 3503 certamen
3120 3456 3185 3495 ac
3217 3440 3421 3495 bellum
3451 3440 3651 3493 anima:

2061 3534 2329 3589 adversus
2352 3534 2599 3589 eosdem.
2625 3533 2801 3587 Fluvii
2829 3532 3134 3587 draconum
3163 3544 3295 3587 sunt
3323 3533 3457 3594 illic,
3482 3541 3649 3602 atque

2061 3640 2159 3681 ora
2186 3626 2443 3690 leonum;
2478 3624 2621 3695 ignis
2652 3624 2961 3678 accendens
2990 3623 3252 3677 animam.
3279 3622 3650 3689 Quemadmo-

2062 3714 2194 3769 dum
2218 3730 2348 3784 ergo
2374 3713 2657 3784 perfectus
2697 3713 2753 3767 in
2782 3713 2925 3767 malo
2952 3711 3373 3775 committendo,
3406 3711 3649 3765 inebria-

2062 3817 2152 3862 tus
2173 3805 2374 3876 spiritu
2404 3805 2630 3869 erroris,
2652 3805 2955 3859 homicidio
2986 3812 3082 3858 aut
3105 3804 3378 3858 adulterio
3402 3803 3644 3870 deditus,

2062 3898 2367 3953 exsaturari
2414 3897 2622 3953 malitia
2666 3896 2901 3966 nequit:
2934 3898 3013 3952 sic
3055 3911 3277 3966 quoque
3323 3895 3644 3959 Christiani,

2064 3991 2323 4059 baptizati
2348 3990 2403 4045 in
2425 3990 2691 4059 Spiritum
2725 4000 2999 4053 sanctum,
3024 3988 3191 4043 rudes
3220 3988 3464 4042 evadunt
3486 3989 3649 4042 vitio-

2063 4099 2206 4138 rum.
2231 4082 2334 4151 Qui
2369 4098 2503 4137 vero
2527 4080 2811 4137 consecuti
2840 4081 3074 4151 gratiam
3105 4079 3289 4134 adhuc
3310 4078 3648 4148 permiscen-

2063 4182 2152 4229 tur
2178 4183 2424 4244 peccato,
2460 4173 2517 4226 lii
2558 4172 2661 4226 sub
2697 4180 2845 4225 metu
2885 4178 3035 4235 sunt,
3083 4177 3141 4225 et
3190 4184 3289 4239 per
3322 4168 3646 4223 formidabi-

2060 4265 2168 4321 lem
2197 4264 2381 4321 locum
2413 4264 2517 4319 iter
2554 4263 2791 4321 faciunt.

2130 4442 2221 4498 ιν.
2250 4442 2726 4509 Quemadmodum
2755 4441 2903 4497 enim
2951 4449 3288 4496 mercatores
3321 4439 3450 4494 dum
3490 4440 3644 4493 navi—

371 4536 504 4591 ἴδιον
534 4536 733 4608 ἄνεμον
774 4538 870 4591 καὶ
918 4537 1265 4607 γαληνιῶσαν
1306 4538 1406 4609 τὴν
1437 4536 1733 4603 θάλασσαν,
1789 4537 1956 4607 μήπω

2062 4544 2210 4606 gant,
2262 4535 2391 4589 licet
2428 4533 2574 4587 nacti
2635 4534 2746 4587 sint
2786 4532 3092 4587 secundum
3141 4541 3367 4586 ventum
3413 4543 3469 4586 et
3499 4542 3645 4585 tran-

362 4629 425 4684 δὲ
474 4630 756 4700 φθάσωσιν
801 4632 881 4695 είς
932 4630 1024 4684 τὸν
1058 4628 1275 4700 λιμένα,
1334 4629 1422 4683 ἀεὶ
1476 4629 1581 4682 ὑπὸ
1630 4628 1796 4698 φόϐον
1825 4627 1954 4691 εἰσὶ,

368 4722 569 4793 μήπως
597 4721 754 4792 άφνω
780 4722 1025 4775 ἐναντίου
1053 4720 1364 4793 κινηθέντος
1390 4719 1594 4787 ἀνέμου
1620 4718 1953 4790 κλυδωνισθῇ

364 4816 402 4886 ἠ
434 4815 701 4883 θάλασσα,
740 4816 835 4869 καὶ
862 4813 1187 4885 κινδυνεύσῃ
1209 4812 1272 4866 τὸ
1306 4812 1491 4866 πλοῖον
1520 4830 1535 4845 ο
1583 4811 1727 4865 οὕτω
1782 4814 1878 4865 καὶ⁵
1906 4815 1954 4865 oi

360 4908 711 4978 Χριστιανοὶ,
745 4908 795 4960 εί
824 4907 921 4960 καὶ
951 4905 1168 4977 ἔχουσιν
1188 4907 1247 4958 ὲν
1292 4905 1476 4970 αὐτοῖς
1530 4906 1705 4959 αἶσιον
1751 4906 1954 4976 ἄνεμον

359 4999 460 5052 τοῦ
511 4998 670 5066 άγίου
717 4996 1037 5067 Πνεύματος
1092 4984 1348 5059 πνέοντα,
1379 4996 1494 5050 ἀλλ’
1528 4995 1612 5049 ἔτι
1636 4996 1741 5050 ὑπὸ
1788 4996 1952 5066 φόϐον

365 5091 495 5156 εἰσὶ,
532 5091 731 5161 μήπως
761 5092 791 5147 6
819 5091 1020 5161 ἄνεμος
1052 5089 1152 5160 τῆς
1192 5088 1440 5152 ἐναντίας
1473 5088 1754 5159 δυνάμεως
1785 5088 1949 5142 πνεύ·

364 5200 434 5255 σῃ
460 5182 705 5238 ἐπελθὼν
731 5226 747 5251 ,
780 5184 877 5238 καὶ
905 5184 1154 5255 ταραχήν
1181 5199 1304 5237 τινα
1345 5185 1440 5236 καὶ
1471 5182 1719 5236 κλύδωνα
1752 5184 1946 5254 κινήσῃ

361 5276 487 5338 ταῖς
516 5276 718 5345 ψυχαῖς
743 5276 945 5329 αὐτῶν.
982 5275 1227 5345 Σπουδῆς
1258 5273 1353 5328 οῦν
1382 5274 1583 5345 πολλῆς
1625 5274 1819 5347 χρεία,
1867 5275 1954 5329 ίνα

366 5367 665 5440 φθάσωμεν
695 5370 777 5433 είς
804 5368 894 5423 τὸν
925 5369 1119 5439 λιμένα
1147 5368 1245 5438 τῆς
1279 5366 1696 5431 καταπαύσεως,
1743 5369 1823 5432 είς
1859 5368 1950 5422 τδν

363 5459 571 5517 τέλειον
604 5460 830 5532 κόσμον,
863 5461 944 5527 είς
963 5461 1061 5532 τήν
1094 5459 1322 5516 αἰωνίαν
1365 5456 1511 5529 ζωὴν
1551 5458 1644 5511 καὶ
1691 5460 1902 5530 τρυφὴν
1932 5500 1947 5526 ,

365 5550 447 5613 είς
470 5548 571 5623 τὴν
600 5551 757 5606 πόλιν
786 5553 895 5607 τῶν
925 5553 1119 5621 ἁγίων,
1155 5553 1235 5616 εἰς
1266 5549 1364 5623 τὴν
1396 5551 1719 5622 ἐπουράνιον
1754 5550 1951 5619 Ἰερου-

365 5642 574 5714 σαλὴμ,
598 5645 678 5707 είς
708 5643 807 5717 τήν
833 5644 1163 5716 Ἐκκλησίαν
1184 5641 1293 5699 τῶν
1314 5641 1697 5714 πρωτοτόκων.
1742 5640 1867 5695 Ἐὰν
1891 5639 1948 5694 δὲ

2055 4628 2289 4699 quillum
2315 4643 2487 4691 mare,
2506 4642 2609 4682 nec
2632 4627 2763 4681 dum
2789 4624 3224 4695 pervenerintad
3250 4634 3493 4694 portum,
3514 4640 3645 4679 con-

2057 4722 2214 4777 tinuo
2242 4720 2344 4776 sub
2368 4729 2516 4775 metu
2548 4728 2699 4783 sunt,
2725 4734 2794 4773 ne
2828 4717 3127 4787 derepente
3179 4716 3461 4771 contrario
3496 4716 3646 4770 exci-

2056 4822 2168 4869 tato
2197 4821 2363 4867 vento
2402 4810 2666 4866 ﬂuctibus
2702 4824 2855 4864 mare
2884 4808 3144 4877 agitetur,
3188 4817 3245 4862 et
3282 4808 3436 4861 navis
3469 4806 3524 4859 in
3550 4822 3643 4875 pe-

2053 4906 2288 4962 riculum
2316 4904 2524 4960 incidat
2543 4922 2557 4957 :
2576 4903 2656 4958 sic
2677 4917 2897 4973 quoque
2916 4898 3385 4961 Cliristiani,licet
3402 4898 3644 4952 habeant

2056 4998 2113 5053 in
2148 5014 2206 5053 se
2237 5010 2563 5067 prosperum
2602 5002 2828 5048 ventum
2874 4992 3049 5047 sancti
3102 4991 3342 5060 Spiritus
3391 4988 3639 5049 flantem,

2054 5088 2421 5145 nihilominus
2453 5094 2728 5151 metuunt,
2770 5099 2841 5138 ne
2874 5081 3174 5153 aliquando
3200 5090 3399 5136 ventus
3423 5089 3641 5135 contra-

2054 5182 2150 5235 ria:
2198 5177 2488 5250 potestatis
2526 5176 2697 5245 spiret
2748 5184 2804 5230 et
2858 5174 3122 5244 insurgat,
3151 5181 3207 5228 et
3256 5180 3639 5243 tempestatem

2054 5271 2348 5345 quamdam
2379 5285 2443 5325 ac
2466 5268 2668 5323 fluctus
2693 5268 2895 5323 excitet
2927 5267 3129 5321 animis
3159 5281 3374 5320 eorum.
3399 5263 3643 5334 Diligen-

2057 5366 2131 5419 tia
2154 5377 2287 5433 crgo
2327 5375 2538 5416 summa
2593 5375 2756 5429 opus,
2796 5369 2857 5412 ut
2907 5359 3292 5429 perveniamus
3321 5357 3389 5412 ad
3421 5365 3641 5428 portum

2057 5455 2288 5526 requiei,
2320 5455 2386 5508 ad
2419 5451 2688 5507 mundum
2724 5452 3055 5523 perfectum,
3091 5451 3157 5506 ad
3190 5452 3358 5506 vitam
3396 5458 3452 5504 et
3498 5447 3639 5503 deli-

2053 5547 2167 5599 cias
2194 5553 2451 5605 aeternas,
2481 5539 2549 5594 ad
2579 5540 2859 5598 civitatem
2893 5551 3232 5604 sanctorum,
3264 5554 3329 5594 ac
3358 5539 3639 5594 coalestem

2052 5634 2440 5699 Jerusalem“,
2489 5633 2556 5688 ad
2605 5633 2905 5691 Ecclesiam
2951 5631 3468 5706 primogenitorum.
3520 5629 3637 5686 Nisi

440 5825 485 5860 ⁸⁸
511 5825 629 5884 Gal.
662 5842 736 5896 tv,
766 5829 817 5883 l.
896 5828 941 5861 "
965 5828 1126 5883 Deut.
1149 5842 1223 5894 γι,
1249 5826 1301 5880 5.
1361 5825 1425 5908 "°
1457 5823 1650 5880 Matth.
1681 5823 1862 5889 Vt,‘2l.
1940 5821 1983 5853 τί
2028 5816 2197 5874 llebr.
2235 5830 2328 5881 xu,
2360 5813 2451 5883 22,
2482 5812 2571 5869 23.
