3980 6424
460 426 566 490 775

1708 416 1768 476 S.
1809 409 2128 473 MACARII
2166 407 2487 471 IEGYPTII

3584 408 3675 473 776

459 552 595 594 vero
621 536 747 607 quis
789 534 992 606 gradus
1028 534 1150 599 illas
1208 530 1513 595 transierit,
1556 542 1907 596 summopere
1936 541 2050 581 me-

2160 526 2231 598 μὴ
2260 526 2444 597 διέλθῃ
2468 541 2551 589 τις
2582 524 2651 579 τά
2683 524 2861 596 μέτρα
2907 522 3122 587 ἐκεῖνα,
3151 521 3256 575 ὑπὸ
3288 521 3444 591 φόϐον
3468 521 3575 575 ἐστὶ
3601 541 3682 577 που

459 626 586 687 tuit.
621 640 691 677 ne
722 622 865 677 forte
900 621 1110 676 interea
1146 621 1359 690 lapsum
1394 614 1688 688 quemdam
1723 613 2043 670 adversaria

459 724 703 785 potestas
740 713 1023 767 moliatur.

530 806 596 859 V.
626 805 865 861 Perinde
908 820 1043 859 vero
1078 819 1141 858 ac
1191 803 1389 859 mulier
1429 819 1552 874 qua:
1586 803 1859 873 concepit,
1894 803 2044 859 intus

460 898 628 951 habet
666 897 931 952 infantem
966 911 1125 951 suum
1158 897 1210 949 in
1244 896 1508 959 tenebris,
1544 905 1605 950 ut
1637 896 1711 951 ita
1754 895 1955 961 dicam,
1988 904 2046 950 et

461 989 633 1043 denso
664 989 787 1042 loco
818 1006 828 1040 :
886 989 933 1042 si
981 1000 1115 1042 vero
1161 987 1513 1057 postmodum
1546 988 1828 1059 contingat
1855 987 2043 1059 egredi

460 1093 695 1148 puerum
728 1086 975 1147 tempore
1018 1077 1226 1143 debito,
1261 1079 1511 1132 intuetur
1566 1094 1763 1133 novam
1830 1087 2048 1134 creatu-

460 1185 600 1236 ram,
628 1184 791 1239 quam
822 1183 1103 1239 nunquam
1134 1169 1369 1235 viderat,
1417 1170 1565 1235 cmii,
1613 1180 1773 1225 terrae
1796 1180 1853 1226 et
1886 1170 2042 1234 solis,

460 1270 517 1313 et
546 1260 707 1314 amici
741 1268 905 1329 atque
941 1260 1158 1329 cognati
1215 1258 1479 1315 continuo
1530 1260 1691 1315 hilari
1742 1261 1897 1315 vultu
1953 1276 2047 1315 ex-

463 1351 676 1421 cipiunt
720 1366 848 1405 eum
890 1351 945 1405 in
997 1352 1154 1405 ulnas
1186 1368 1199 1405 :
1232 1350 1379 1421 quod
1425 1352 1470 1407 si
1512 1366 1646 1405 vero
1692 1352 1973 1423 contingat
2017 1366 2048 1406 a

462 1443 787 1499 confusione
816 1442 1053 1514 quadam
1086 1444 1274 1500 divelli
1300 1445 1449 1501 intus
1478 1444 1764 1510 infantem,
1793 1460 2049 1499 necessa-

463 1536 547 1589 rio
584 1544 855 1605 superest,
891 1544 952 1589 ut
1001 1536 1069 1591 ad
1117 1537 1223 1591 hoc
1266 1537 1553 1592 constituti
1590 1537 1787 1593 medici
1824 1536 2049 1592 cultello

465 1636 728 1693 utantur,
781 1627 965 1697 itaque
1028 1627 1464 1697 deprehenditur
1525 1638 1713 1697 postea
1779 1627 1958 1683 infans
2016 1643 2047 1683 a

460 1728 639 1774 morte
672 1720 725 1774 in
750 1730 981 1775 mortem
1010 1735 1261 1791 pergere,
1295 1736 1323 1774 a
1364 1720 1610 1775 tenebris
1644 1720 1699 1775 in
1747 1720 2044 1775 tenebras:

465 1814 546 1866 sic
596 1812 784 1880 accipe
839 1825 1061 1880 quoque
1132 1812 1186 1864 in
1250 1826 1309 1865 re
1372 1811 1668 1881 spirituali.
1723 1812 2048 1881 Quicunque

466 1909 828 1969 susceperunt
868 1914 1057 1955 semen
1114 1900 1438 1965 divinitatis,
1477 1902 1533 1955 hi
1587 1902 1849 1957 invisibili
1883 1903 2046 1957 modo

465 1991 723 2045 obtinent
758 1988 917 2053 illud,
941 1997 999 2044 et
1030 1997 1255 2059 propter
1285 1990 1601 2046 inhabitans
1626 1991 1729 2045 sibi
1760 1998 2046 2061 peccatum

467 2081 523 2134 iu
556 2080 920 2135 tenebricosis
952 2090 1008 2135 et
1034 2081 1294 2137 timendis
1322 2082 1457 2137 locis
1488 2082 1788 2137 occultant.
1820 2082 1875 2137 Si
1914 2098 2048 2153 ergo

468 2173 717 2226 muniant
746 2187 803 2226 se
838 2172 1008 2241 ipsos,
1039 2180 1096 2227 et
1124 2183 1451 2229 conservent
1503 2190 1710 2239 semen,
1743 2175 1832 2230 isti
1861 2174 2049 2231 debito

468 2272 715 2332 tempore
741 2262 1055 2332 producunt
1087 2264 1143 2318 in
1178 2265 1375 2332 lucem,
1427 2272 1483 2320 et
1516 2266 1736 2321 tandem
1782 2268 1837 2321 in
1871 2267 2051 2322 disso-

469 2357 679 2409 lutione
727 2358 996 2426 corporis,
1035 2358 1211 2429 angeli
1265 2368 1321 2414 et
1357 2374 1549 2414 omnes
1608 2359 1833 2428 superni
1894 2359 2049 2414 chori

468 2449 594 2502 lzcto
627 2449 780 2502 vultu
818 2450 1106 2519 excipiunt
1154 2451 1296 2505 illos.
1344 2450 1399 2505 Si
1430 2466 1563 2506 vero
1615 2452 1739 2521 quis
1781 2451 2051 2521 susceptis

469 2539 639 2593 armis
669 2538 875 2597 Christi
911 2540 979 2594 ad
1015 2540 1220 2596 bellum
1255 2541 1470 2595 fortiter
1506 2540 1831 2611 gerendum,
1863 2556 2055 2595 socor-

469 2630 559 2683 dia
590 2629 874 2695 dililuerit,
905 2629 1178 2701 ejusmodi
1206 2630 1299 2700 qui
1329 2638 1434 2695 est,
1466 2644 1629 2699 quam
1677 2629 1915 2699 primum
1949 2637 2057 2681 tra-

469 2722 620 2775 ditur
652 2721 927 2787 hostibus,
958 2731 1015 2778 et
1044 2722 1101 2777 in
1131 2722 1495 2777 dissolutione
1538 2721 1789 2790 corporis
1831 2736 1860 2774 a
1901 2730 2056 2774 tene-

470 2811 607 2875 bris,
641 2828 762 2882 quae
787 2828 935 2868 nunc
963 2811 1443 2883 comprehendunt
1472 2811 1647 2874 illum,
1680 2810 1735 2864 in
1771 2810 1905 2865 alias
1935 2824 2055 2864 mo-

469 2903 725 2958 lestiores
746 2904 1005 2959 tenebras
1042 2913 1099 2958 et
1138 2904 1193 2957 in
1227 2903 1512 2959 interitum
1540 2903 1734 2972 pergit.

544 2994 629 3049 Vi.
660 2995 897 3050 Perinde
931 3009 1064 3049 vero
1093 3009 1156 3049 ac
1184 2995 1229 3049 si
1271 2996 1343 3049 sit
1372 2995 1585 3058 hortus,
1617 2994 1913 3049 arboribus
1938 2993 2058 3049 fru-

471 3083 683 3140 ctiferis
705 3094 761 3140 et
788 3086 912 3141 aliis
940 3085 1312 3157 fragrantibus
1350 3086 1553 3157 plantis
1576 3087 1842 3150 consitus,
1893 3093 2058 3155 atque

2145 615 2265 682 λὺν,
2316 617 2515 687 μήπως
2556 616 2615 670 έν
2647 614 2725 685 τῷ
2763 614 2966 686 μεταξὺ
3023 612 3231 668 πτῶσίν
3275 630 3395 668 τινα
3434 614 3467 684 ἡ
3502 614 3684 685 πονηρά

2145 709 2375 781 δύναμις
2407 708 2737 780 ἐργάσηται.

2217 800 2295 857 Ε’.
2326 801 2539 873 Ὠσπερ
2562 801 2620 854 δὲ
2646 800 2787 871 γυνὴ
2814 797 3155 853 συλλαϐοῦσα
3190 796 3339 862 ἐντὸς
3368 797 3478 868 ἔχει
3500 797 3557 851 τδ
3579 798 3687 869 βρέ-

2148 910 2249 962 φος
2280 892 2456 964 αὐτῆς
2486 894 2545 946 ὲν
2570 892 2775 955 σκότει,
2809 892 2884 956 ώς
2915 892 3112 955 είπεῖν,
3149 890 3247 943 καὶ
3293 888 3479 943 ὑλώδει
3517 890 3655 959 τόπῳ
3676 906 3689 921 ·

2149 983 2246 1037 ἐὰν
2296 984 2354 1037 δὲ
2406 982 2587 1055 συμϐῇ
2642 983 2827 1036 λοιπὸν
2873 981 3111 1048 ἐξελθεῖν
3139 981 3201 1034 τὸ
3228 978 3435 1033 παιδίον
3469 980 3524 1033 ἒν
3546 980 3694 1033 δέοντι

2149 1075 2348 1147 καιρῷ,
2384 1075 2572 1146 βλέπει
2604 1074 2784 1128 κτίσιν
2812 1073 3153 1145 καινοτέραν,
3181 1074 3247 1142 ἢν
3279 1072 3527 1126 οὐδέποτε
3555 1066 3693 1133 εἶδεν.

2147 1166 2403 1241 ούρανοῦ,
2436 1168 2531 1222 καὶ
2562 1166 2692 1235 γῆς,
2719 1166 2816 1219 καὶ
2849 1165 3006 1234 ἡλίου
3034 1182 3050 1199 ’
3083 1165 3177 1218 καὶ
3202 1164 3363 1227 εὐθὺς
3390 1166 3438 1217 οἱ
3462 1164 3595 1233 φίλοι
3615 1165 3698 1216 καὶ

2152 1260 2438 1329 συγγενεῖς
2468 1256 2640 1329 ἱλαρῷ
2670 1257 2749 1328 τῷ
2772 1256 3053 1331 προσώπῳ
3076 1257 3323 1328 δέχονται
3351 1256 3481 1310 αύτδ
3510 1257 3583 1317 είς
3618 1256 3701 1318 τὰς

2150 1351 2397 1422 ἀγκάλας
2431 1367 2445 1383 .
2475 1350 2573 1404 ἐὰν
2605 1349 2661 1403 δὲ
2694 1348 2875 1421 συμϐῇ
2906 1349 3012 1402 ὑπὸ
3046 1349 3269 1414 ἀταξίας
3293 1348 3437 1412 τινος
3482 1347 3703 1419 σπασθῆν-

2150 1462 2240 1500 ναι
2274 1444 2424 1497 ἔνδον
2448 1442 2509 1496 τὸ
2534 1443 2750 1497 παιδίον
2778 1482 2791 1508 ,
2823 1442 3036 1513 ἀνάγκη
3065 1443 3254 1495 λοιπὸν
3295 1442 3421 1505 τοὺς
3450 1443 3525 1502 είς
3562 1440 3702 1494 τοῦτο

2150 1534 2518 1607 τεταγμένους
2551 1535 2769 1605 ίατροῦς
2799 1532 2945 1604 ξίφει
2990 1532 3301 1604 χρήσασθαι
3348 1550 3363 1565 ο
3406 1534 3498 1586 καὶ
3541 1531 3702 1586 λοιπὸν

2151 1626 2471 1697 εὑρίσκεται
2494 1626 2556 1679 τὸ
2586 1626 2801 1680 παιδίον
2831 1624 2938 1679 ἀπὸ
2968 1624 3203 1679 θανάτου
3234 1627 3312 1687 είς
3354 1623 3577 1678 θάνατον
3612 1641 3703 1693 χω·

2155 1717 2280 1788 ροῦν
2304 1759 2321 1785 ,
2350 1721 2443 1771 καὶ
2476 1719 2584 1772 ἀπὸ
2617 1718 2845 1782 σκότους
2884 1719 2963 1781 είς
2998 1718 3189 1781 σκότος
3212 1734 3227 1749 ·
3276 1716 3449 1780 οὕτως
3493 1714 3706 1769 ἀνάλαϐε

2150 1813 2246 1866 καὶ
2268 1814 2347 1876 εἰς
2369 1814 2429 1866 τὸ
2461 1812 2851 1884 πνευματικόν.
2875 1812 3030 1865 Ὅσοι
3062 1810 3392 1875 ὑπεδέξαντο
3418 1810 3507 1862 τὸν
3529 1808 3706 1878 σπόρον

2148 1905 2249 1977 τῆς
2276 1904 2552 1977 θεότητος,
2575 1898 2721 1960 οῦτοι
2755 1905 3007 1975 ἀοράτως
3032 1905 3251 1975 ἔχουσιν
3279 1902 3468 1968 αὑτὸν,
3506 1901 3595 1955 καὶ
3632 1900 3707 1953 διὰ

2149 1995 2248 2069 τὴν
2281 1997 2530 2052 σύνοικον
2561 1997 2839 2069 ἁμαρτίαν
2882 1999 2939 2051 έν
2981 1998 3278 2060 σκοτεινοῖς
3329 1996 3425 2050 καὶ
3479 1994 3706 2063 φοϐεροῖς

2148 2090 2333 2153 τόποις
2357 2087 2713 2161 κρύπτουσιν.
2743 2089 2871 2145 Ἐἀν
2894 2084 2988 2144 οῦν
3012 2089 3421 2158 άσφαλίσωνται
3462 2085 3669 2147 ἑαυτοὺς
3690 2122 3706 2150 ,

2150 2179 2246 2234 καὶ
2285 2180 2568 2251 τηρήσωσι
2618 2180 2680 2233 τὸ
2708 2180 2955 2250 σπέρμα,
3002 2174 3147 2233 οῦτοι
3196 2177 3274 2247 τῷ
3328 2176 3503 2229 δέοντι
3550 2173 3709 2242 καιρῷ

2151 2268 2563 2336 ἀναγεννῶντες
2600 2270 2679 2332 είς
2713 2268 2773 2321 τὸ
2806 2269 3064 2339 φανερὸν,
3104 2270 3199 2321 καὶ
3227 2266 3416 2321 λοιπὸν
3440 2268 3497 2319 έν
3522 2267 3585 2335 τῇ
3611 2265 3711 2318 δια-

2151 2358 2302 2412 λύσει
2324 2358 2416 2412 τοῦ
2442 2359 2691 2429 σώματος
2711 2362 2758 2415 οἱ
2777 2360 2998 2429 ἀγγελοι
3026 2361 3121 2416 καὶ
3144 2359 3343 2421 πάντες
3367 2360 3415 2411 oi
3445 2358 3550 2412 ἀνω
3578 2352 3712 2425 χοριὶ

2154 2450 2358 2521 ἱλαροῖς
2409 2450 2724 2520 προσώποις
2775 2451 3167 2523 προσδέχονται
3229 2449 3451 2513 αὐτούς.
3499 2447 3621 2501 Ἐὰν
3662 2443 3711 2497 δὲ

2154 2543 2554 2613 ὑποδεξάμενος
2574 2544 2643 2596 τὰ
2660 2544 2800 2598 ὅπλα
2822 2544 2916 2598 τοῦ
2943 2544 3181 2614 Χριστοῦ
3216 2545 3297 2607 εἰς
3324 2543 3387 2597 τὸ
3428 2538 3711 2609 πολεμῆσαι

2154 2633 2417 2703 ἀνδρείως
2451 2634 2705 2705 χαυνωθῇ
2728 2674 2744 2697 ,
2796 2634 2999 2697 εὐθέως
3048 2636 3075 2687 ὁ
3105 2632 3346 2695 τοιοῦτος
3382 2628 3711 2702 παραδίδοται

2155 2725 2269 2786 τοῖς
2297 2723 2536 2793 ἐχθροῖς,
2574 2724 2669 2777 καὶ
2706 2726 2764 2777 έν
2804 2726 2870 2795 τῇ
2925 2723 3169 2777 διαλύσει
3215 2723 3309 2777 τοῦ
3350 2722 3596 2791 σώματος
3622 2715 3715 2772 ἀπὸ

2158 2816 2384 2879 σκότους
2421 2814 2515 2866 τοῦ
2558 2815 2654 2869 νῦν
2711 2816 3060 2887 περιέχοντος
3098 2816 3261 2869 αὑτὸν
3310 2817 3394 2881 είς
3427 2814 3551 2871 ἀλλο
3575 2815 3715 2887 χαλε·

2158 2904 2305 2960 πώτε
2316 2924 2406 2977 ρον
2437 2908 2629 2971 σκότος
2652 2910 2821 2979 χωρεῖ
2847 2908 2939 2961 καὶ
2963 2907 3262 2961 ἀπώλειαν.

2231 2999 2324 3067 ς’.
2349 2999 2564 3070 Ὠσπερ
2585 2998 2640 3052 δὲ
2671 3000 2764 3053 ὲάν
2854 2999 3180 3069 παράδεισος
3212 3000 3351 3069 ἔχων
3381 2999 3568 3070 δένδρα
3597 3014 3719 3067 καρ-

2160 3090 2393 3161 ποφόρα,
2452 3092 2547 3144 καὶ
2593 3090 2727 3145 ἀλλα
2786 3092 2926 3160 φυτά
2957 3090 3150 3160 εὐώδη,
3188 3091 3281 3143 καὶ
3308 3090 3448 3153 ὅλως
3560 3088 3718 3150 καλῶς

470 3193 573 3246 per
616 3177 799 3231 omnia
850 3177 991 3231 bene
1046 3177 1300 3233 excultus
1347 3185 1404 3233 et
1445 3184 1767 3238 exornatus,
1813 3178 2057 3233 munitus

2162 3183 2523 3255 εἰργασμένος
2562 3185 2656 3237 καὶ
2701 3182 3201 3254 πεφιλοκαλημένος
3224 3223 3239 3246 ,
3299 3182 3402 3256 ἔχῃ
3431 3183 3487 3236 δὲ
3518 3183 3605 3235 καὶ
3640 3199 3717 3253 μι-

472 3283 692 3337 quoque
730 3283 831 3338 pro
860 3269 1027 3334 vallo,
1048 3268 1247 3339 exiguo
1277 3269 1487 3339 pariete
1509 3278 1870 3325 conservante
1892 3286 2052 3338 eum;

474 3361 761 3429 contingat
795 3375 929 3414 vero
962 3358 1190 3415 ﬂuvium
1230 3360 1480 3431 rapidum
1514 3360 1625 3415 illic
1654 3369 2054 3426 transcurrere,

473 3450 606 3506 licet
632 3451 907 3505 modicum
944 3467 1099 3521 aqua:
1133 3452 1323 3507 allidat
1354 3452 1573 3522 parieti,
1603 3455 1909 3522 corrumpit
1934 3450 2059 3508 fon-

475 3544 818 3610 damentum,
867 3553 1194 3615 sumptaque
1250 3545 1547 3601 eductione
1623 3547 1888 3616 paulatim
1941 3546 2058 3601 dis-

475 3637 674 3703 solvit,
734 3647 899 3707 atque
960 3638 1181 3693 irruens
1237 3639 1481 3711 aﬂ‘ringit
1526 3649 1582 3695 et
1628 3640 1895 3711 exstirpat
1940 3656 2061 3695 om-

475 3740 576 3780 nes
624 3726 855 3795 plantas,
882 3736 937 3780 et
968 3726 1281 3782 universam
1328 3731 1598 3783 culturam
1626 3729 1792 3793 delet,
1843 3738 1899 3785 et
1947 3738 2059 3784 ste-

474 3815 633 3869 rilem
663 3816 844 3869 reddit
868 3833 881 3868 :
903 3815 983 3870 sic
1005 3831 1224 3886 quoque
1246 3831 1303 3872 se
1327 3816 1494 3872 habet
1515 3834 1611 3873 cor
1634 3817 1875 3873 hominis
1898 3836 1910 3872 :
1935 3834 2062 3888 pos-

476 3904 621 3958 sidet
673 3905 1034 3974 cogitationes
1078 3906 1377 3973 honestas;
1429 3912 1874 3979 appropinquant
1929 3927 2060 3965 vero

477 3992 631 4046 cordi
664 4004 934 4063 perpetuo
990 4004 1045 4048 et
1099 3995 1252 4049 ﬂuvii
1308 3999 1591 4064 vitiorum,
1627 4000 1877 4054 volentes
1923 4000 2059 4055 illud

476 4082 739 4153 dejicere,
775 4094 940 4155 atque
969 4086 1024 4140 in
1059 4101 1213 4141 suam
1256 4099 1466 4157 partem
1503 4091 1842 4160 protrahere.
1871 4092 2061 4161 Itaque

478 4175 524 4230 si
560 4177 720 4247 139
749 4178 967 4232 animus
997 4180 1283 4247 paululum
1324 4181 1463 4236 levis
1492 4182 1687 4247 factus,
1718 4183 1975 4238 illabatur
2006 4183 2061 4239 in

480 4267 725 4336 impuras
780 4269 1177 4339 cogitationes,
1232 4287 1361 4327 ecce
1418 4282 1752 4343 acceperunt
1800 4274 2059 4343 pabulum

479 4358 709 4427 spiritus
741 4361 967 4427 erroris,
998 4372 1053 4417 et
1084 4361 1313 4433 ingressi
1349 4374 1669 4418 everterunt
1716 4366 1862 4421 illius
1895 4382 2061 4421 orna-

480 4458 686 4516 menta,
716 4453 1110 4523 exstinctisque
1156 4454 1316 4511 bonis
1365 4457 1793 4527 cogitationibus
1820 4458 2060 4513 animam

480 4544 858 4598 devastarunt.

556 4635 666 4689 Vll.
689 4636 1161 4701 Quemadmodum
1196 4655 1331 4694 vero
1370 4641 1564 4696 oculus
1614 4642 1861 4697 omnium
1892 4659 2068 4698 mem-

481 4728 711 4782 brorum
743 4736 827 4783 est
858 4730 1144 4793 minimus,
1176 4741 1231 4785 et
1278 4732 1391 4801 ipsa
1425 4734 1653 4803 pupilla,
1698 4752 1819 4804 qum
1848 4744 1931 4790 est
1955 4737 2071 4791 exi-

480 4836 605 4888 gua,
644 4828 729 4875 est
776 4838 871 4877 vas
903 4822 1097 4895 ingens
1136 4841 1150 4877 :
1197 4824 1446 4879 intuetur
1472 4827 1617 4879 enim
1654 4844 1764 4880 uno
1791 4836 2071 4883 momento

482 4912 710 4978 cwlum,
741 4923 908 4979 astra,
941 4915 1138 4981 solem,
1181 4915 1391 4981 lunam,
1418 4917 1626 4980 urbes,
1658 4929 1714 4973 et
1742 4918 1877 4973 alias
1914 4934 2069 4973 crea-

482 5012 675 5057 turas:
712 5005 907 5060 eodem
958 5023 1179 5077 quoque
1234 5007 1419 5072 modo,
1477 5024 1600 5077 qua:
1652 5010 2074 5079 conspiciuntur

480 5110 597 5149 uno
628 5096 934 5167 eodemque
963 5110 1265 5165 momento,
1296 5100 1350 5153 in
1384 5100 1474 5154 illa
1504 5116 1668 5169 parva
1698 5101 1902 5170 pupilla
1927 5102 2072 5155 oculi

482 5184 797 5240 formantur
824 5198 878 5242 et
906 5189 1243 5259 eliinguntur
1266 5209 1279 5243 :
1301 5190 1380 5244 sic
1400 5206 1620 5260 quoque
1647 5206 1705 5243 se
1727 5205 1884 5244 mens
1909 5191 2077 5245 habet

485 5277 541 5330 in
573 5279 777 5333 corde:
814 5281 1104 5351 ipsumque
1132 5299 1227 5337 cor
1256 5294 1341 5338 est
1362 5299 1457 5336 vas
1484 5284 1761 5353 quoddam
1790 5283 2071 5354 exiguum,

485 5371 678 5441 ibique
708 5384 838 5428 sunt
872 5374 1163 5440 dracones,
1191 5376 1263 5430 ibi
1305 5377 1513 5441 leones,
1548 5376 1622 5430 ibi
1657 5393 1946 5431 venenosae
1973 5378 2073 5431 be-

487 5464 625 5529 stize,
651 5466 728 5520 ibi
764 5468 947 5521 cuncti
975 5469 1238 5522 vitiorum
1269 5469 1509 5523 thesauri
1538 5488 1549 5522 :
1573 5469 1647 5523 ibi
1678 5484 1898 5539 quoque
1919 5485 2076 5538 aspe—

488 5570 564 5609 rae
586 5566 643 5611 et
673 5558 967 5614 salebrosa:
999 5561 1120 5621 vim,
1153 5560 1227 5614 ibi
1264 5560 1601 5630 praecipitia:
1651 5560 1842 5614 itidem
1897 5575 1927 5613 e
1985 5560 2073 5614 di-

487 5658 672 5710 verso,
720 5646 794 5701 ibi
831 5658 915 5703 est
948 5650 1113 5715 Deus,
1165 5650 1239 5705 ibi
1284 5666 1504 5719 quoque
1538 5649 1736 5719 angeli,
1773 5648 1847 5703 ibi
1880 5649 1988 5703 vita
2020 5658 2076 5703 et

490 5746 746 5803 regnum,
775 5738 850 5792 ibi
882 5740 1066 5795 lumen
1096 5750 1149 5795 et
1176 5740 1432 5810 apostoli,
1468 5741 1539 5795 ibi
1576 5741 1819 5795 thesauri
1844 5741 2032 5811 gratiae
2058 5759 2071 5794 :

492 5821 570 5878 ibi
602 5836 731 5881 suut
780 5832 983 5885 omnia.
1010 5830 1479 5897 Quemadmodum
1535 5832 1682 5887 enim
1730 5841 1815 5886 est
1871 5832 2073 5886 nebula

2162 3275 2294 3346 κρὸν
2339 3276 2518 3345 τεῖχος
2562 3275 2683 3328 ἀντ)⁵
2734 3274 2983 3346 θριγγίου
3020 3274 3292 3344 φυλάσσον
3320 3275 3524 3328 αὐτόν·
3558 3270 3718 3342 συμϐῇ

2161 3365 2215 3419 δὲ
2245 3366 2363 3418 ἐκεῖ
2394 3366 2639 3434 ποταμὸν
2672 3365 2993 3437 ὁρμητιαῖον
3044 3365 3382 3436 διέρχεσθαι,
3442 3368 3490 3420 εἰ
3529 3366 3616 3419 καὶ
3645 3381 3722 3433 μι-

2160 3458 2293 3528 κρὸν
2320 3458 2416 3511 τοῦ
2451 3457 2645 3523 ῦδατος
2681 3458 3049 3531 προσκρούσει
3078 3457 3156 3531 τῷ
3185 3459 3355 3531 τοίχῳ
3379 3500 3394 3525 ,
3427 3458 3721 3529 ὑποφθείρει

2159 3548 2252 3603 τὸν
2281 3549 2556 3620 θεμέλιον,
2600 3549 2870 3619 λαμϐάνει
2939 3550 3185 3620 ἀγωγὴν,
3232 3551 3325 3604 καὶ
3358 3552 3501 3605 κατά
3548 3548 3721 3620 μικρὸν

2159 3638 2278 3693 λύει
2303 3640 2394 3693 τὸν
2421 3639 2693 3710 θεμέλιον,
2715 3640 2811 3694 καὶ
2838 3640 3095 3695 είσελθὼν
3127 3640 3450 3713 διαρρήσσει
3479 3641 3569 3694 καὶ
3590 3641 3723 3709 ἔκρι-

2162 3729 2247 3795 ζοῖ
2278 3730 2455 3785 πάντα
2473 3730 2543 3785 τά
2572 3731 2735 3800 φυτὰ,
2769 3731 2862 3785 καὶ
2890 3731 3019 3803 ὅλην
3056 3732 3153 3803 τὴν
3179 3733 3448 3802 ἐργασίαν
3474 3730 3719 3800 ἀφανίζει,

2162 3821 2257 3873 καὶ
2288 3821 2539 3893 ἄκαρπον
2591 3823 2779 3873 ποιεῖ·
2814 3820 2991 3885 οὕτως
3046 3822 3165 3875 ἐστὶ
3199 3822 3292 3875 καὶ
3321 3824 3356 3894 ἠ
3415 3821 3605 3893 καρδία
3644 3815 3722 3870 τοῦ

2161 3910 2638 3984 ἀνθρώπου.¹Ἐχει
2658 3916 2785 3977 τοὺς
2814 3914 3111 3984 λογισμοὺς
3129 3914 3252 3978 τοὺς
3269 3915 3489 3981 καλοὺς,
3519 3908 3724 3981 πλησιά-

2163 4003 2317 4067 ζουσι
2347 4004 2405 4057 δὲ
2434 4006 2666 4059 πάντοτε
2697 4004 2791 4058 καὶ
2811 4006 2861 4057 oi
2888 4005 3124 4074 ποταμοὶ
3144 4007 3243 4075 τῆς
3270 4006 3470 4069 κακίας
3505 4007 3569 4074 τῇ
3604 4015 3724 4067 καρ-

2160 4094 2271 4166 δίᾳ,
2299 4094 2548 4159 θέλοντες
2579 4095 2750 4167 αὐτὴν
2780 4095 3107 4151 καταϐαλεῖν
3129 4098 3223 4150 καὶ
3251 4097 3410 4167 ῥίψαι
3438 4098 3515 4161 είς
3536 4095 3594 4148 τὸ
3612 4094 3724 4147 ἴδιον

2166 4184 2354 4255 μέρος,
2401 4185 2587 4240 λοιπὸν
2616 4182 2771 4262 ὲάνῇ
2807 4187 3005 4259 μικρὸν
3035 4186 3236 4257 κοῦφος
3271 4188 3302 4240 ό
3334 4189 3482 4253 νοῦς,
3519 4189 3607 4243 καὶ
3633 4185 3723 4258 ἤεῃ

2163 4276 2277 4339 τοῖς
2311 4275 2645 4347 ἀκαθάρτοις
2691 4277 2974 4348 λογισμοῖς
3000 4321 3015 4344 ,
3069 4279 3179 4333 ἰδοῦ
3228 4278 3425 4333 ἔλαϐον
3475 4279 3636 4348 νομὴν
3667 4278 3723 4327 τὰ

2165 4364 2451 4435 πνεύματα
2467 4366 2565 4436 τῆς
2586 4366 2818 4437 πλάνης,
2850 4369 2944 4422 καὶ
2976 4368 3228 4438 εἰσῆλθον
3257 4371 3351 4423 καὶ
3372 4368 3722 4439 κατέστρεψαν

2162 4455 2233 4508 τὰ
2272 4458 2388 4510 ἐκεῖ
2422 4458 2616 4529 κάλλη,
2665 4460 2938 4529 ἠφάνισαν
2969 4460 3096 4523 τοὺς
3143 4461 3384 4529 ἀγαθοὺς
3432 4459 3720 4531 λογισμοὺς,

2092 4554 2135 4609 ι)
2165 4544 2260 4597 καὶ
2282 4545 2389 4616 ὴρή
2400 4564 2590 4616 μωσαν
2608 4548 2707 4618 τὴν
2730 4548 2931 4619 ψυχήν.

2242 4639 2318 4692 Z'.
2354 4638 2561 4709 Ὥσπερ
2589 4639 2739 4693 εστὶν
2770 4642 2799 4693 ὁ
2838 4640 3115 4709 ὀφθαλμὸς
3147 4641 3342 4712 μικρὸς
3384 4642 3514 4713 παρ’
3543 4640 3633 4694 ὅλα
3666 4636 3722 4687 τὰ

2174 4728 2334 4798 μέλη,
2381 4730 2478 4783 καὶ
2526 4730 2737 4801 αὑτὴή
2792 4731 2927 4801 κόρη
2993 4734 3166 4803 μικρά
3224 4730 3381 4798 οὖσα,
3442 4732 3582 4802 μέγα
3621 4730 3721 4781 ἐστὶ

2174 4819 2371 4881 σκεῦος
2398 4835 2415 4850 ο
2447 4819 2633 4890 βλέπει
2653 4820 2762 4891 γὰρ
2792 4821 2884 4888 ὑφ’
2914 4820 2994 4882 ἓν,
3031 4821 3279 4891 οὐρανὸν,
3315 4824 3539 4893 ἀστέρα,
3570 4820 3721 4890 ἥλιον.

2175 4912 2426 4981 σελήνην,
2484 4914 2670 4977 πόλεις
2728 4916 2823 4966 καὶ
2872 4914 3008 4967 ἀλλα
3060 4916 3366 4985 κτίσματα·
3409 4917 3606 4985 ὁμοίως
3643 4909 3725 4963 καὶ

2174 5004 2313 5057 αὐτὰ
2358 5005 2430 5058 τά
2458 5005 2715 5075 ὁρώμενα
2743 5006 2849 5058 ὑπὸ
2902 5006 2965 5059 τὸ
3012 5005 3091 5069 ἓν,
3128 5009 3195 5077 τῇ
3254 5008 3431 5077 μικρᾷ
3469 5007 3601 5075 κόρῃ
3641 4999 3723 5053 τοῦ

2174 5096 2455 5168 ὀφθαλμοῦ
2480 5097 2863 5169 ὲμμορφοῦται
2887 5099 2984 5152 καὶ
3003 5099 3409 5163 ἑνεικονίζεταιο
3434 5098 3601 5157 οὕτως
3623 5092 3725 5145 ἐστὶ

2176 5189 2270 5240 καὶ
2285 5189 2313 5239 ό
2341 5187 2463 5249 νοῦς
2480 5190 2559 5251 εἰς
2576 5188 2675 5258 τὴν
2693 5188 2943 5258 καρδίαν.
2972 5188 3081 5243 Καὶ
3101 5188 3285 5260 αὑτὴὴ
3318 5190 3527 5260 καρδία,
3549 5182 3722 5256 μικρόν

2175 5296 2227 5332 τι
2242 5278 2433 5341 σκεῦός
2452 5280 2586 5341 ἐστι,
2614 5281 2712 5333 καὶ
2735 5281 2853 5334 ἐκεῖ
2870 5280 2919 5332 oi
2940 5280 3258 5351 δράκοντες,
3280 5281 3371 5333 κει.)⁸
3392 5282 3508 5332 ἐκεῖ
3526 5278 3571 5330 oi
3594 5274 3722 5325 λέονυ

2174 5387 2285 5435 τες,
2311 5372 2430 5423 ἐκεῖ
2441 5372 2507 5423 τά
2527 5372 2707 5425 Ξοϐόλα
2731 5370 2916 5441 θηρία,
2941 5373 3035 5425 καὶ
3050 5371 3162 5425 ὅλοι
3185 5372 3234 5423 οἱ
3256 5369 3518 5441 θησαυροὶ
3531 5370 3620 5435 τῆς
3640 5380 3721 5415 κα·

2177 5463 2319 5526 κίας·
2340 5462 2435 5516 καὶ
2457 5465 2573 5515 ἐκεῖ
2600 5466 2653 5516 αἱ
2676 5466 2929 5533 τραχεῖαι
2961 5465 3058 5517 καὶ
3084 5462 3363 5532 ἀνώμαλοι
3388 5461 3512 5525 ὁδοὶ,
3540 5457 3647 5510 ἐκεῖ
3674 5450 3719 5503 αἱ

2178 5557 2460 5626 φάραγγες
2480 5571 2494 5586 ⁸
2523 5558 2723 5625 ὁμοίως
2754 5556 2916 5610 πάλιν
2943 5557 3061 5608 ἐκεῖ
3084 5558 3111 5608 ό
3137 5555 3290 5619 Θεὸς,
3316 5555 3431 5608 ἐκεῖ
3456 5552 3544 5604 καὶ
3572 5548 3616 5601 oi
3637 5544 3720 5609 ἀγ·

2177 5649 2347 5716 γελοι,
2377 5650 2495 5702 ἐκεῖ
2518 5649 2551 5719 ἡ
2578 5648 2691 5718 ζωὴ
2723 5650 2817 5701 καὶ
2846 5650 2880 5718 ἡ
2915 5647 3182 5717 βασιλεία,
3208 5650 3325 5700 ἐκεῖ
3343 5648 3401 5699 τὸ
3435 5642 3546 5713 φῶς
3567 5638 3651 5690 καὶ
3676 5631 3717 5684 oi

2178 5739 2489 5802 ἀπόστολοι,
2526 5740 2642 5793 ἐκεῖ
2693 5741 2743 5792 oi
2797 5739 3061 5810 θησαυρώ⁵
3102 5740 3203 5810 τῆς
3253 5741 3500 5811 χάριτος,
3534 5727 3640 5786 ἐκεῖ
3664 5723 3719 5775 τὰ

2180 5833 2357 5886 πάντα
2388 5832 2557 5886 ἐστίν.
2587 5831 2800 5903 Ὥσπερ
2829 5832 3119 5904 γάρέστιν
3147 5831 3343 5901 ὀμίχλη
3394 5830 3468 5890 εἰς
3493 5825 3610 5879 ὅλνν
3634 5813 3716 5867 τὶν
