3980 6430
383 350 494 419 777

1584 356 1955 418 IIOMILL‘E.
1983 382 2051 392 -
2085 356 2273 419 IIOM.
2313 358 2533 423 XLIII.

3560 365 3667 429 778

385 460 723 532 οἰκουμένην
744 459 1096 535 ἐπικειμένη,
1132 462 1229 517 καὶ
1255 461 1541 535 ἅνθρωπος
1568 462 1856 535 ἄνθρωπον
1876 464 1974 534 οὐχ

2105 482 2248 537 ιιιιθι-
2300 469 2614 524 universam
2670 474 2868 525 terram
2900 477 3147 536 extensa,
3181 476 3240 525 et
3284 468 3449 524 homo
3489 470 3671 525 homi-

385 554 491 625 ὁρᾷ
514 569 531 586 ο
573 552 749 618 οὕτως
784 555 903 609 ἐστὶ
953 555 1136 609 καὶτὸ
1165 555 1372 623 ζσκότος
1415 554 1508 609 τοῦ
1552 556 1747 618 αἰῶνος
1785 555 1977 609 τούτου

388 646 739 717 ἐπικείμενον
773 649 925 721 πάσῃ
952 651 1018 721 τῇ
1059 650 1237 703 κτίσει
1270 650 1363 703 καὶ
1394 650 1544 721 πάσῃ
1578 649 1739 718 φύσει
1769 650 1982 720 ἀνθρώ.

389 755 495 792 που
533 739 641 792 ἀπὺ
666 739 766 810 τῆς
807 741 1176 812 παραϐάσεως
1206 756 1220 769 ·
1270 741 1392 795 ὅθεν
1439 741 1887 813 ἐπισκιαζόμενοι
1917 744 1982 796 ἐκ

388 827 487 881 τοῦ
533 829 728 882 σκότου
773 831 832 882 ἐν
879 831 1036 885 νυκτί
1091 832 1221 894 είσι,
1256 834 1351 884 καὶ
1389 834 1447 883 ἐν
1499 833 1753 904 φοϐεροῖς
1796 833 1983 897 τόποις

389 913 574 987 ἔχουσι
622 917 724 988 τὴν
776 918 1096 991 διαγωγήν⁸
1148 923 1243 974 καὶ
1289 921 1479 994 ὥσπερ
1515 923 1729 979 καπνοῦ
1776 923 1984 993 πλῆθός

391 1010 543 1064 ἐστιν
572 1012 630 1063 ἐν
665 1012 800 1085 οἴκῳ
828 1013 929 1077 ἐνὶ,
981 1012 1156 1078 οὕτως
1201 1016 1317 1067 ἐστὶ
1344 1018 1438 1070 καὶ
1481 1017 1516 1087 ἡ
1557 1017 1800 1089 ἁμαρτία
1846 1016 1985 1088 μετὰ

391 1100 507 1154 τῶν
551 1103 818 1172 ῥυπαρῶν
863 1104 1144 1176 λογισμῶν
1194 1108 1386 1177 αὐτῆς,
1444 1108 1856 1180 ἐγκαθεζομένη
1890 1109 1985 1164 καὶ⁵

393 1192 716 1265 ἐφέρπουσα
765 1196 846 1258 είς
890 1197 1020 1259 τοὺς
1072 1197 1369 1269 λογισμοὺς
1417 1199 1517 1269 τῆς
1576 1198 1830 1270 καρδίας,
1892 1199 1986 1253 καὶ

392 1285 625 1356 ἄπειρον
655 1286 860 1359 πλῆθος
892 1289 1187 1359 δαιμόνων.

466 1378 769 1450 Η’.Ὢσπερ
787 1379 845 1432 δὲ
870 1381 929 1434 ἐν
947 1384 1057 1445 τοῖς
1080 1382 1453 1452 φαινομένοις,
1476 1401 1716 1456 πολεμου
1751 1402 1988 1457 συγκρο-

394 1469 688 1538 τουμένου,
720 1471 821 1524 οὐκ
864 1472 1197 1544 ἀπέρχονται
1226 1475 1275 1527 οί
1313 1477 1469 1546 σοφοὶ
1524 1477 1618 1531 καὶ
1661 1478 1989 1549 μεγιστᾶνες

396 1560 537 1625 ἐκεῖ,
596 1561 731 1614 ἀλλά
785 1562 1111 1633 φοϐούμενοι
1171 1564 1261 1618 τὸν
1313 1566 1543 1621 θάνατον
1607 1569 1944 1639 ἀπομένουσι
1973 1584 1989 1601 ⁸

394 1650 584 1705 λοιπὸν
633 1653 1031 1723 προϐάλλονται
1098 1657 1149 1709 οἱ
1195 1656 1448 1729 τίρωνες,
1489 1660 1584 1712 καὶ
1617 1661 1668 1713 οί
1732 1660 1985 1731 πένητες,

398 1746 496 1797 καὶ
521 1747 569 1798 οί
599 1745 828 1812 ἰδιῶται,
872 1750 965 1802 καὶ
1006 1750 1299 1821 συμϐαίνει
1328 1753 1412 1806 ὅτι
1465 1752 1623 1823 νίκην
1656 1752 1984 1824 ἐργάζονται

2083 572 2210 611 nem
2237 575 2347 613 non
2381 560 2563 625 videt;
2600 560 2680 616 sic
2713 577 2933 633 quoque
2996 570 3126 617 sunt
3182 561 3423 616 tenebrae
3482 562 3667 615 saeculi

2084 648 2248 719 hujus
2288 665 2543 720 expansa:
2577 666 2744 720 super
2775 666 2995 707 omnem
3023 659 3330 706 creaturam
3361 662 3417 706 et
3448 650 3666 704 univer-

2083 754 2200 795 sam
2239 748 2495 793 naturam
2513 740 2812 795 humanam
2838 757 2869 795 a
2896 750 3144 812 tempore
3174 741 3665 812 transgressionis;

2086 828 2232 884 unde
2268 829 2514 884 tenebris
2542 830 2706 885 oﬁ‘usi
2751 841 2880 886 sunt
2922 832 2978 885 in
3010 842 3195 898 nocte,
3235 832 3372 886 etin
3411 832 3671 887 formida-

2086 922 2292 977 bilibus
2321 922 2456 977 locis
2478 922 2646 977 vitam
2675 933 2863 994 agunt.
2888 925 2956 979 Et
2989 924 3453 996 quemadmodum
3476 942 3672 996 magna

2086 1012 2224 1069 fumi
2265 1013 2421 1083 copia
2444 1023 2528 1069 est
2555 1016 2611 1068 in
2644 1014 2810 1069 domo
2844 1017 3143 1086 quapiam;
3180 1017 3261 1072 sic
3288 1032 3510 1087 quoque
3545 1032 3675 1086 pec-

2087 1114 2271 1160 catum
2306 1120 2430 1160 cum
2459 1105 2714 1162 obscenis
2762 1106 3190 1179 cogitationibus
3230 1110 3347 1163 suis
3382 1107 3584 1162 insidet
3619 1116 3675 1161 et

2088 1198 2263 1267 serpit
2293 1197 2346 1251 in
2383 1197 2744 1269 cogitationes
2787 1198 2994 1266 cordis,
3026 1210 3083 1257 et
3126 1198 3338 1257 inﬁnita
3376 1197 3674 1253 multitudo

2089 1291 2421 1346 daemonum.

2163 1381 2299 1437 VIII.
2332 1381 2488 1437 Sicut
2535 1398 2667 1437 vero
2721 1381 2775 1436 in
2829 1382 2998 1437 rebus
3033 1380 3322 1440 oculorum
3364 1385 3504 1443 aciei
3538 1388 3675 1441 sub-

2085 1474 2267 1547 jectis,
2295 1475 2439 1529 bello
2482 1475 2711 1541 indicto,
2758 1492 2866 1530 non
2917 1475 3347 1548 proﬁciscuntur
3398 1478 3676 1548 sapientes

2090 1574 2187 1620 aut
2235 1572 2518 1635 magnates
2558 1581 2648 1630 eo,
2690 1566 2810 1630 sed,
2847 1575 3079 1621 mortem
3110 1568 3495 1634 formidantes,
3527 1570 3676 1625 domi

2092 1664 2422 1724 remanent;
2465 1673 2597 1728 ergo
2634 1657 2991 1726 proferuntur
3040 1660 3268 1726 tirones,
3301 1678 3573 1733 pauperes
3622 1671 3680 1718 et

2094 1745 2280 1800 idiotas
2304 1789 2318 1812 ,
2358 1755 2415 1801 et
2462 1746 2685 1811 accidit,
2720 1757 2778 1800 ut
2809 1749 3040 1804 victoria
3071 1762 3381 1821 comparata
3412 1752 3683 1808 adversus

397 1839 544 1891 κατὰ
588 1838 697 1891 τῶν
733 1840 1035 1910 πολεμίων,
1081 1844 1178 1897 καὶ
1220 1844 1512 1900 διώκουσιν
1542 1846 1740 1910 αὐτοὺς
1775 1848 1838 1899 ἐκ
1881 1846 1989 1900 τῶν

2105 1839 2299 1902 hostes,
2331 1846 2740 1909 persequantur
2760 1855 2856 1895 eos
2878 1848 3031 1897 extra
3066 1843 3272 1900 limites
3301 1860 3495 1913 usque,
3515 1854 3682 1915 atque

400 1928 591 1997 ὁρίων,
626 1932 720 1983 καὶ
752 1931 821 1985 τὰ
864 1930 1111 1987 ἐπινίκια
1141 1934 1239 1987 καὶ
1291 1936 1415 1999 τοὺς
1453 1935 1752 2005 στεφάνους
1784 1935 1993 2007 λαμϐά-

395 2040 582 2076 νουσιν
609 2024 716 2077 ἀπὸ
745 2023 838 2078 τοῦ
866 2024 1151 2096 βασιλέως,
1199 2029 1290 2082 καὶ
1320 2028 1573 2099 ἔρχονται
1600 2031 1680 2092 εἰς
1703 2029 1992 2099 προκοπὰς

395 2115 497 2169 καὶ
542 2118 1151 2190 ἀξιώματα,’κᾶκεῖνοι
1200 2124 1248 2176 οἱ
1283 2123 1510 2193 μεγάλοι
1549 2124 1729 2178 ὀπίσω
1775 2123 1986 2178 τούτων

397 2208 769 2279 εὑρίσκονταιο
786 2210 961 2275 οὕτως
984 2213 1101 2267 ἐστὶ
1120 2214 1214 2268 καὶ
1231 2215 1291 2268 τὸ
1312 2216 1477 2287 μέρος
1502 2215 1563 2270 τὸ
1592 2215 1986 2285 πνευματικόν.

400 2302 465 2353 Oi
494 2301 699 2355 ἰδιῶται
724 2304 1015 2369 ἀκούοντες
1054 2306 1113 2371 ἐξ
1148 2307 1323 2379 ἀρχῆς
1346 2308 1439 2362 τὸν
1476 2308 1660 2377 λόγον,
1702 2307 1992 2379 φιλαλὴθει

394 2391 649 2464 λογισμῷ
693 2396 755 2448 τὸ
786 2396 948 2468 ἔργον
1004 2396 1170 2452 αὐτοῦ
1227 2399 1465 2464 ποιοῦσι,
1513 2401 1610 2453 καὶ
1642 2400 1986 2470 λαμϐάνουσι

400 2483 553 2554 παρὰ
579 2483 715 2537 Θεοῦ
764 2485 864 2556 τὴν
914 2486 1076 2557 χάριν
1111 2487 1206 2542 τοῦ
1256 2488 1585 2559 Πνεύματος
1612 2506 1626 2519 ·
1667 2490 1718 2542 οἱ
1749 2489 1806 2542 δὲ
1835 2489 1992 2559 σοφοὶ

398 2574 499 2626 καὶ
529 2574 741 2639 λεπτῶς
776 2574 1069 2643 ζητοῦντες
1092 2577 1183 2630 τὸν
1208 2577 1388 2647 λόγον,
1423 2572 1570 2632 οῦτοι
1604 2578 1866 2648 φεύγουσι
1898 2579 1992 2632 τὸν

402 2663 663 2734 πόλεμον,
701 2664 795 2718 καὶ
835 2666 896 2718 ού
936 2669 1338 2738 προκόπτουσι,
1381 2670 1475 2723 καί
1506 2669 1683 2723 ὀπίσω
1714 2669 1994 2740 εὑρίσκον-

401 2770 495 2809 ται
524 2755 633 2808 τῶν
664 2755 1092 2827 πολεμησάντων
1124 2759 1219 2812 καὶ
1249 2760 1617 2828 νικησάντων,

476 2848 554 2902 6'.
598 2848 811 2919 Ὥσπερ
834 2849 893 2901 δὲ
920 2852 968 2902 οἱ
1004 2849 1198 2921 ἄνεμοι
1238 2852 1486 2922 σφοδρῶς
1520 2853 1774 2918 πνέοντες
1814 2856 1995 2910 πάντα

400 2938 475 2991 τά
500 2939 778 3007 κτίσματα
812 2940 882 2994 τὰ
916 2932 1022 2995 ὕπὸ
1050 2942 1159 2996 τῶν
1198 2942 1449 3014 οὐρανῶν
1482 2944 1717 3012 κινοῦσι,
1740 2947 1833 3001 καὶ
1855 2942 1990 3019 ἦχον

401 3026 576 3081 πολὺν
626 3027 1024 3084 ἀποτελοῦσιν’
1078 3028 1253 3096 οὕτως
1297 3036 1330 3104 ἡ
1377 3031 1607 3105 δύναμις
1660 3036 1755 3089 τοῦ
1795 3037 1994 3107 ἐχθροῦ

2090 1931 2336 1987 victoriae
2392 1932 2634 2002 prmmiis
2685 1947 2751 1987 ac
2813 1935 3034 1989 coronis
3068 1949 3098 1989 a
3130 1952 3259 2009 rege
3309 1941 3570 2007 acceptis,
3612 1940 3682 1993 ad

2092 2024 2392 2095 dignitates
2421 2033 2477 2079 et
2506 2024 2782 2080 honorum
2829 2027 3034 2098 gradus
3083 2036 3553 2098 promoveantur;
3603 2030 3682 2085 illi

2092 2129 2227 2169 vero
2256 2114 2437 2185 magni
2470 2114 2631 2186 longe
2670 2116 2739 2171 ab
2768 2118 2967 2171 horum
3001 2126 3155 2189 tergo
3184 2119 3572 2188 reperiuntur:
3603 2120 3685 2175 sic

2094 2220 2314 2277 quoque
2344 2221 2403 2261 se
2447 2221 2536 2262 res
2582 2206 2749 2262 habet
2777 2209 3102 2278 spiritualis.
3128 2209 3317 2264 Rudes
3346 2225 3409 2266 ac
3458 2211 3683 2280 plebeii,

2094 2301 2383 2358 audientes
2400 2301 2558 2356 initio
2579 2304 2807 2358 verbum
2825 2302 3096 2367 veritatis,
3124 2305 3328 2359 amanti
3354 2304 3686 2374 cogitatione

2093 2409 2235 2464 opus
2279 2396 2399 2465 ejus
2448 2394 2765 2464 perﬁciunt,
2797 2403 2852 2448 et
2884 2394 3166 2464 accipiunt
3216 2412 3245 2449 a
3294 2396 3406 2450 Deo
3453 2397 3687 2467 gratiam

2094 2484 2374 2556 Spiritus;
2423 2488 2702 2556 sapientes
2745 2503 2898 2551 vero,
2929 2496 2985 2541 et
3015 2486 3108 2556 qui
3152 2487 3515 2541 subtilitatem
3564 2504 3688 2542 ver-

2093 2578 2295 2633 borum
2317 2579 2629 2647 requirunt,
2652 2577 2707 2631 hi
2733 2576 2954 2647 fugiunt
2974 2576 3202 2641 bellum,
3232 2591 3335 2630 nec
3364 2576 3685 2646 proﬁciunt,

2095 2670 2191 2726 sed
2218 2670 2559 2741 posteriores
2589 2669 2950 2723 inveniuntur
2995 2667 3063 2722 iis
3108 2668 3204 2737 qui
3240 2667 3387 2722 bello
3417 2678 3571 2739 gesto
3602 2670 3689 2723 vi-

2096 2763 2329 2817 ctoriam
2360 2767 2735 2831 reportarunt.

2172 2851 2267 2906 IX.
2292 2848 2770 2919 Quemadmodum
2788 2864 2921 2904 vero
2946 2848 3095 2903 venti
3118 2846 3477 2901 vehementer
3496 2844 3693 2899 ﬂantes

2096 2957 2292 2999 omnes
2314 2950 2601 2998 creaturas
2654 2955 2777 3010 qua:
2812 2946 2941 2994 sunt
2967 2938 3071 2993 sub
3106 2938 3283 3002 caelis,
3315 2943 3689 2998 commovent,

2097 3045 2265 3106 atque
2308 3049 2506 3090 sonum
2539 3032 2818 3104 ingentem
2864 3031 3073 3097 edunt;
3107 3030 3463 3100 siopotentia
3516 3028 3694 3083 hostis

405 3120 597 3190 κρούει
630 3122 725 3177 καὶ
766 3120 922 3194 φέρει
956 3125 1084 3187 τοὺς
1131 3125 1452 3196 λογισμοὺς,
1508 3128 1603 3181 καὶ
1653 3129 1870 3185 σαλεύει
1926 3132 1994 3183 τὰ

2105 3128 2302 3201 pulsat,
2328 3126 2437 3182 fert
2466 3125 2854 3198 cogitationes,
2889 3132 3055 3193 atque
3084 3122 3253 3193 agitat
3283 3122 3553 3192 profunda
3578 3137 3698 3175 eor-

406 3213 551 3285 βάθη
588 3214 687 3283 τῆς
725 3214 955 3287 καρδίας
983 3216 1121 3286 πρὸς
1174 3217 1235 3271 τὸ
1268 3217 1466 3272 ἐαυτοῦ
1496 3219 1733 3292 θέλημα,
1774 3224 1870 3276 καὶ
1915 3225 1996 3288 είς

404 3307 510 3378 τὴν
562 3309 841 3364 διακονίαν
902 3311 1071 3365 αὐτοῦ
1130 3312 1420 3385 σκορπίζει
1493 3317 1623 3381 τοὺς
1677 3316 1995 3389 λογισμούς.

407 3397 624 3469 Ὠσπερ
656 3398 794 3453 εἰσὶν
827 3400 875 3453 οἱ
907 3399 1142 3454 τελῶναι
1185 3402 1545 3475 καθεζόμενοι
1570 3406 1651 3469 είς
1680 3406 1779 3470 τὰς
1806 3410 2000 3472 στενὰς

405 3490 587 3554 ὀδοὺς,
619 3490 713 3543 καὶ
744 3492 1069 3562 κατέχοντες
1098 3494 1225 3559 τοὺς
1277 3496 1581 3566 παριόντας
1611 3498 1708 3552 καὶ
1738 3499 2003 3555 διασείον-

408 3599 505 3644 τες
531 3623 545 3644 ,
580 3580 750 3646 οὕτως
780 3584 873 3637 καὶ
899 3585 949 3637 οἱ
969 3585 1227 3657 δαίμονες
1249 3588 1573 3658 ἐπιτηροῦσι
1598 3590 1692 3643 καὶ
1710 3592 2002 3661 κατέχουσι

407 3676 513 3738 τὰς
542 3673 743 3746 ψυχὰς,
777 3675 875 3730 καὶ
897 3679 955 3729 ἐν
978 3676 1055 3747 τῷ
1087 3676 1409 3748 ὲξέρχεσθαι
1441 3680 1613 3745 αὑτὰς
1648 3684 1724 3735 ἐκ
1762 3682 1859 3736 τοῦ
1891 3683 2000 3737 σώ-

414 3783 609 3837 ματος,
645 3768 739 3821 ἐὰν
782 3768 858 3840 μὴ
889 3768 1115 3833 τελείως
1165 3769 1596 3841 καθαρισθῶσιν,
1645 3774 1746 3828 οὐκ
1776 3775 2001 3848 ἐπιτρέ-

409 3874 606 3911 πονται
654 3859 899 3913 ἀνελθεῖν
938 3861 1019 3923 είς
1074 3858 1174 3923 τὰς
1232 3860 1404 3930 μονὰς
1438 3860 1536 3916 τοῦ
1583 3862 1840 3936 ούρανοῦ,
1908 3867 2002 3920 καὶ

407 3952 730 4021 ἀπαντῆσαι
768 3953 848 4025 τῷ
877 3952 1125 4025 Δεσπότῃ
1175 3953 1391 4007 αὐτῶνο
1436 3956 1845 4027 καταφέρονται
1894 3959 2004 4031 γὰρ

408 4045 522 4097 ὑπὸ
558 4045 669 4099 τῶν
719 4047 923 4117 ἀερίων
980 4046 1276 4117 δαιμόνων.
1317 4048 1380 4100 υἱ
1426 4048 1484 4102 δὲ
1540 4050 1883 4121 ὑπάρχοντες
1943 4053 2002 4104 ἐν

414 4139 607 4209 σαρκὶ,
669 4138 750 4192 ἔτι
805 4138 894 4192 διὰ
955 4122 1119 4192 πόνου
1182 4138 1277 4192 καὶ
1325 4139 1538 4209 ἀγῶνος
1587 4140 1784 4194 πολλοῦ
1815 4141 1915 4212 τὴν
1946 4141 2005 4206 ἐξ

410 4231 583 4300 ὕψους
613 4233 765 4301 παρὰ
789 4231 997 4303 Κυρίου
1029 4233 1326 4303 κτήσονται
1386 4234 1551 4303 χάριν
1573 4249 1589 4265 ο
1620 4233 1825 4305 δηλαδὴ
1856 4227 2005 4288 οῦτοι

412 4325 559 4397 μετὰ
596 4324 704 4378 τῶν
754 4324 822 4378 δι’
879 4325 1139 4395 ἐναρέτου
1182 4326 1663 4396 ἀναπαυσαμένων
1702 4327 2003 4396 πολιτείας,

412 4418 554 4487 πρὸς
584 4417 675 4470 τὸν
700 4415 909 4486 Κύριον
932 4418 1348 4484 ἀπελεύσονται,
1398 4419 1580 4481 καθὼς
1610 4419 2003 4499 ἐπηγγείλατο,

2102 3220 2189 3276 dis
2213 3233 2313 3289 pro
2348 3234 2450 3274 suo
2474 3217 2646 3290 ipsius
2680 3217 2881 3282 lubitu,
2925 3224 2981 3271 et
3018 3216 3072 3270 in
3102 3213 3471 3269 ministerium
3497 3214 3581 3267 sui
3608 3214 3695 3267 di-

2101 3306 2314 3379 Spergit
2345 3308 2733 3379 cogitationes.
2773 3306 2929 3361 Sicut
2966 3300 3249 3374 publicani
3298 3304 3489 3359 sedent
3542 3304 3697 3373 juxta

2101 3405 2220 3459 vias
2252 3415 2532 3474 angustas,
2563 3413 2616 3458 et
2642 3403 2885 3458 retinent
2913 3411 3077 3472 atque
3114 3402 3443 3456 concutiunt
3466 3409 3697 3470 przeter—

2103 3506 2301 3553 euntes
2326 3499 2439 3553 :sic
2478 3512 2701 3567 quoque
2728 3496 3009 3551 daemones
3033 3494 3338 3550 observant
3364 3500 3421 3548 et
3439 3491 3700 3547 detinent

2104 3594 2338 3659 animas,
2374 3601 2432 3649 et
2461 3593 2590 3648 dum
2639 3592 2919 3647 decedunt
2955 3606 3035 3645 eae
3075 3605 3106 3645 e
3142 3605 3399 3659 corpore,
3433 3589 3541 3644 nisi
3569 3605 3699 3657 per-

2104 3686 2247 3741 fecte
2276 3684 2484 3740 fuerint
2518 3695 2853 3755 expurgatae,
2887 3698 2998 3736 non
3029 3682 3361 3752 permittunt
3385 3681 3467 3735 cis
3500 3696 3696 3735 ascen-

2105 3777 2239 3833 dere
2269 3775 2337 3830 ad
2369 3776 2683 3831 mansiones
2708 3774 2855 3838 eteli,
2882 3782 2938 3828 et
2975 3787 3271 3828 occurrere
3294 3772 3529 3826 Domino
3560 3789 3694 3827 suo:

2105 3879 2433 3927 evertuntur
2484 3870 2632 3925 enim
2683 3869 2752 3923 ab
2798 3866 2968 3922 aeriis
3009 3865 3375 3921 daemonibus.
3429 3864 3533 3931 Qui
3569 3881 3702 3920 vero

2106 3972 2400 4019 versantur
2433 3964 2488 4017 in
2522 3977 2709 4027 carne,
2750 3959 3122 4015 nihilominus
3170 3971 3387 4013 summo
3419 3956 3607 4011 labore
3638 3972 3703 4010 ac

2107 4056 2411 4113 certamine
2443 4070 2738 4125 supernam
2774 4070 2803 4109 a
2833 4053 3067 4107 Domino
3113 4059 3526 4120 consequentur
3580 4066 3702 4120 ειπερ

2108 4145 2280 4199 tiam:
2314 4158 2515 4213 nempe
2548 4142 2607 4196 hi
2644 4157 2770 4196 cum
2805 4141 2933 4207 illis,
2960 4141 3055 4210 qui
3086 4154 3186 4209 per
3216 4140 3505 4194 honestam
3541 4138 3703 4206 quie-

2109 4242 2310 4290 verunt
2351 4233 2852 4297 eonversationem,
2892 4232 2958 4288 ad
3008 4232 3301 4287 Dominum
3348 4228 3704 4300 proﬁcisceno

2111 4336 2220 4392 tur,
2255 4334 2314 4381 ut
2346 4327 2625 4396 pollicitus
2661 4334 2779 4380 est:
2820 4325 2916 4379 Ubi
2947 4342 3065 4378 sum
3096 4341 3209 4394 ego,
3246 4322 3359 4377 illic
3388 4330 3436 4375 et
3463 4322 3703 4375 minister

2111 4438 2257 4476 meus
2290 4422 2477 4487 erit";
2512 4429 2568 4474 et
2599 4436 2698 4490 per
2726 4419 2943 4473 inﬁnita
2986 4418 3183 4473 saecula
3225 4417 3535 4487 rcgnabunt
3574 4430 3701 4469 cum

414 4510 606 4566 Ὅπου
622 4510 737 4580 εἶμί
766 4510 902 4582 ἐγὼ,
935 4511 1067 4565 ἐκεῖ
1082 4512 1180 4565 καὶ
1214 4515 1246 4566 ό
1266 4511 1547 4578 διάκονος
1577 4515 1609 4566 ό
1633 4513 1780 4582 ἐμὸς
1808 4512 1995 4566 ἔσται·

2113 4513 2274 4568 Patre
2304 4521 2360 4568 et
2396 4512 2556 4575 Filio,
2590 4522 2643 4567 et
2675 4510 2884 4580 Spiritu
2919 4518 3134 4575 sancto,
3174 4524 3325 4566 nunc
3367 4517 3424 4565 et
3462 4522 3701 4578 semper,

413 4605 516 4658 καὶ
558 4607 637 4668 είς
665 4605 793 4668 τοὺς
842 4605 1187 4675 ἀπεράντους
1241 4606 1448 4670 αίῶνας
1510 4606 2006 4677 συμϐασιλεύσουσι

409 4696 495 4764 τῷ
524 4697 719 4768 Πατρὶ,
751 4698 844 4750 καὶ
884 4697 1014 4768 Υἰῷ,
1043 4699 1137 4753 καὶ
1163 4698 1305 4770 ἁγίῳ
1332 4699 1634 4769 Πνεύματι,
1662 4696 1759 4752 νῦν
1790 4698 1885 4753 καὶ
1914 4699 2006 4753 ἀεὶ

409 4790 510 4846 καὶ
546 4792 626 4854 είς
655 4789 780 4852 τοὺς
809 4789 1015 4854 αίῶνας
1036 4790 1146 4845 τῶν
1180 4788 1413 4844 αίὼνων.
1454 4791 1648 4863 Ἀμήν.

987 4905 1233 4959 ΟΜῘΛΙΑ
1301 4906 1434 4959 MA'.

411 4996 605 5052 Ilo/ar
653 4998 724 5050 ἐν
766 4995 1058 5066 ἀνθρώπῳ
1102 4996 1439 5064 Χριστιανῷ
1489 4999 1841 5066 μεταϐολὴν
1900 5001 2001 5056 καὶ

484 5067 873 5140 ἀνακαίνιοῖιν
902 5067 1287 5136 ἀπεργάζεται
1322 5072 1355 5122 ό
1402 5071 1678 5137 Χριστὸς,
1713 5073 1747 5124 ό
1780 5070 1855 5124 τὰ
1892 5071 2005 5140 τῆς

484 5140 697 5206 ψυχῆς
729 5138 889 5207 πάθη
916 5140 1015 5193 καί
1043 5140 1274 5206 νόσους
1304 5142 1705 5208 θεραπεύσας.

485 5251 565 5307 Α’.
612 5253 671 5306 '0
694 5253 1137 5327 προσερχόμενος
1174 5252 1252 5323 τῷ
1274 5252 1416 5323 Θεῷ,
1452 5254 1548 5308 καὶ
1582 5254 1824 5326 Χριστοῦ
1857 5256 2003 5327 πάρ-

415 5343 569 5415 εδρος
628 5347 687 5398 ἐν
759 5345 991 5417 ἀληθείᾳ
1026 5345 1172 5399 θέλει
1222 5340 1390 5412 εἶναι,
1450 5345 1649 5400 τούτου
1698 5346 1859 5421 χάριν
1912 5350 2006 5404 τοῦ

416 5433 628 5491 σκοποῦ
668 5436 879 5506 ὀφείλει
910 5435 1316 5509 προσέρχεσθαι
1360 5436 1456 5490 τοῦ
1486 5438 1794 5510 ἀλλαγῆναι
1821 5441 2006 5509 αὐτὸν,

418 5530 516 5583 καὶ
550 5528 963 5600 μεταϐληθῆναι
1006 5528 1116 5584 ἀπο
1155 5530 1256 5599 τῆς
1310 5528 1587 5602 προτέρας
1620 5533 2009 5596 καταστάσεως

422 5620 524 5676 καὶ
574 5623 949 5694 ἀναστροφῆς,
989 5622 1095 5677 καὶς
1133 5621 1295 5677 καλὸν
1330 5624 1425 5678 καὶ
1480 5621 1667 5681 καινὸν
1720 5625 2008 5697 ἄνθρωπον

518 5802 565 5835 ⁷⁵
592 5804 750 5861 Joan.
777 5819 869 5870 xu,
898 5804 988 5859 ‘26.
1030 5874 1033 5875 ν

2107 4612 2164 4660 et
2195 4603 2251 4658 in
2282 4602 2481 4658 saecula
2520 4602 2875 4657 saeculorum.
2901 4601 3098 4658 Amen.

2577 4902 2736 4977 ιω
2764 4900 3052 4959 llOMlLIA
3081 4900 3266 4959 XLIV.

2113 4999 2385 5066 Quantam
2422 4998 2477 5051 in
2504 4996 2724 5066 homine,
2752 4994 3069 5066 Christiano
3097 4992 3443 5066 mutationem
3472 5001 3523 5066 et
3559 5009 3709 5047 reno-

2186 5073 2452 5135 vationem
2491 5067 2654 5136 faciat
2693 5065 2953 5131 Christus,
2979 5064 3071 5134 qui
3098 5064 3293 5117 animus
3317 5064 3612 5134 aﬂ'ecliones
3645 5082 3708 5118 ac

2188 5143 2395 5196 morbos
2421 5138 2654 5192 sanavit.

2191 5255 2231 5310 1.
2269 5253 2375 5321 Qui
2425 5250 2639 5307 accedit
2681 5250 2750 5304 ad
2777 5250 2971 5313 Deum.
3008 5258 3064 5305 et
3104 5248 3308 5305 Christi
3345 5264 3588 5303 assessor
3622 5266 3707 5305 re-

2115 5363 2242 5403 vera
2279 5361 2401 5402 esse
2448 5343 2749 5408 desiderat,
2798 5342 2964 5414 hujus
3016 5341 3167 5411 scopi
3215 5341 3388 5411 gratia
3441 5342 3709 5396 accedere

2113 5438 2299 5500 debet,
2326 5446 2388 5492 ut
2412 5442 2769 5491 convertatur
2793 5433 2930 5503 ipse,
2959 5442 3016 5487 et
3043 5440 3444 5487 transmutetur
3472 5447 3503 5485 a
3534 5433 3708 5502 priori

2114 5538 2261 5587 statu
2289 5538 2342 5585 et
2370 5525 2809 5587 conversatione,
2844 5540 2909 5580 ac
2934 5524 3141 5578 bonum
3195 5531 3250 5577 et
3300 5538 3503 5578 novum
3538 5523 3710 5578 homi-

2116 5638 2244 5683 nem
2285 5621 2650 5685 demonstret,
2685 5619 2778 5689 qui
2808 5617 2946 5674 nihil
2976 5616 3184 5672 veteris
3219 5615 3463 5679 hominis
3492 5624 3705 5689 gesret:
