3980 6436
528 414 638 481 783

1786 417 1845 479 S.
1889 417 2207 478 MACARII
2248 417 2568 479 .‘EGYPTII
3627 422 3711 493 78‘

530 534 602 590 ad
635 532 917 607 civitatem
950 532 1104 603 regni
1134 533 1339 602 poterit
1377 531 1687 602 pervenire.
1736 532 2091 597 Quemadmo-

2206 533 2275 587 δι’
2299 525 2362 586 οὗ
2388 532 2737 604 εὖθυδρόμως
2768 520 2862 586 καὶ
2894 532 3072 603 ὀρθῶς
3107 532 3188 597 εἰς
3222 533 3311 587 τὸν
3344 532 3627 607 ἐπουράνιον
3646 542 3712 595 λι-

528 627 663 684 dum
691 637 872 681 autem
897 626 991 696 qui
1016 635 1147 680 sunt
1175 625 1231 679 in
1260 625 1410 690 navi,
1456 640 1488 680 e
1534 623 1671 679 mari
1703 638 1810 677 non
1835 623 2091 677 hauriunt

2209 625 2347 696 μένα
2379 625 2477 695 τῆς
2509 624 2889 690 ἀναπαύσεως,
2933 628 3013 688 είς
3044 626 3144 696 τήν
3177 626 3329 680 πόλιν
3352 628 3446 698 τῆς
3486 630 3715 699 βασιλείας

526 732 631 774 nec
654 718 874 777 bibunt,
900 731 1003 772 nec
1042 733 1110 771 ex
1138 732 1205 771 eo
1234 704 1562 771 vestimenta
1613 723 1708 769 aut
1752 715 1957 769 victum
2009 729 2104 769 ac-

524 811 765 881 cipiunt,
796 810 891 866 sed
913 809 1137 864 aliunde
1160 808 1216 863 in
1245 824 1441 863 navem
1476 808 1806 877 important:
1857 807 1938 861 sic
1959 820 2100 876 quo-

525 918 633 972 que
653 900 850 956 animae
872 900 1315 957 Christianorum
1345 915 1454 954 non
1488 916 1553 954 ex
1592 899 1696 953 hoc
1726 898 1946 960 swculo,
2004 896 2100 952 sed

524 992 844 1063 supernitus
873 1008 904 1048 e
950 993 1091 1048 caelo
1129 992 1313 1047 cibum
1352 991 1629 1046 cmlestem
1674 998 1730 1044 et
1782 988 2101 1044 indumenta

524 1083 831 1153 spiritualla
861 1084 1176 1153 accipiunt:
1209 1091 1375 1154 atque
1400 1083 1525 1137 inde
1553 1082 1803 1137 viventes
1824 1122 1839 1145 ,
1888 1082 1942 1136 in
1976 1081 2100 1136 navi

522 1176 656 1232 boni
670 1188 727 1233 et
741 1178 946 1233 viviﬁci
969 1178 1208 1249 Spiritus
1227 1178 1529 1244 ambulant,
1547 1184 1602 1232 et
1622 1175 2101 1246 transgrediuntur

524 1270 868 1326 adversarias
892 1271 1204 1341 principum
1226 1282 1281 1327 et
1298 1279 1628 1341 potestatum
1658 1283 1853 1339 pravas
1875 1267 2101 1324 faculta-

522 1372 627 1420 tes.
649 1364 718 1419 Et
742 1362 1207 1435 quemadmodum
1232 1378 1300 1420 et
1325 1364 1486 1419 unica
1516 1374 1714 1418 natura
1746 1362 1880 1433 ligni
1905 1378 2099 1417 omnes

518 1472 690 1512 naves
710 1464 1126 1520 construuntur,
1140 1472 1374 1537 quarum
1391 1454 1660 1510 beneficio
1680 1454 1934 1509 homines
1949 1468 2099 1507 ama-

429 1596 435 1602 .
524 1558 648 1601 rum
672 1559 902 1617 possunt
932 1557 1269 1609 transmeare
1293 1562 1443 1601 mare
1469 1563 1482 1599 :
1519 1545 1599 1600 sic
1619 1559 1685 1599 ex
1711 1544 1871 1598 unica
1893 1542 2098 1597 divini-

2203 717 2491 783 δυνήσεται
2548 715 2907 785 καταντῆσαι.
2945 716 3158 787 Ὠσπερ
3218 716 3277 771 δὲ
3309 719 3355 770 οί
3400 717 3454 771 ὲν
3482 716 3549 790 τῷ
3576 722 3715 794 πλοίῳ

2203 808 2270 861 ὲκ
2294 808 2394 878 τῆς
2426 806 2708 879 θαλάσσης
2736 808 2836 861 οὐκ
2858 808 3116 875 ἀρύονται
3136 809 3228 861 καὶ
3256 808 3509 877 πίνουσιν,
3540 808 3645 866 οὔτε
3670 815 3716 882 ἐξ

2204 898 2374 967 αὐτῆς
2416 898 2487 951 τά
2532 898 2805 969 ἐνδύματα
2842 901 2937 954 καὶ
2990 900 3089 963 τὰς
3147 900 3354 972 τροφάς
3383 900 3597 972 ἔχουσιν,
3623 905 3717 959 ἀλλ’

2202 989 2401 1054 ἔξωθεν
2436 991 2498 1049 ὲν
2519 990 2596 1060 τῷ
2645 991 2815 1062 πλοίῳ
2842 991 3253 1063 ὲπικομίζονται
3278 1008 3292 1022 ·
3316 991 3481 1056 οὓτως
3504 995 3554 1047 al
3579 995 3721 1065 ψυχαὶ

2200 1079 2311 1134 τῶν
2342 1078 2708 1151 Χριστιανῶν,
2760 1080 2861 1134 οὐκ
2908 1082 2972 1135 ὲκ
3011 1081 3103 1135 τοῦ
3172 1082 3368 1146 αἰῶνος
3406 1082 3602 1149 τούτου,
3624 1082 3718 1141 ἀλλ’

2200 1169 2409 1224 ἀνωθεν
2445 1168 2506 1236 ἐξ
2566 1171 2800 1243 οὐρανοῦ
2827 1173 3032 1244 τροφὴν
3074 1173 3323 1243 οὐράνιον
3377 1174 3467 1227 καὶ
3492 1174 3722 1245 ἐνδύματα

2202 1264 2549 1333 πνευματικᾶ
2580 1264 2941 1335 λαμϐάνουσι,
2985 1265 3241 1321 κάκεῖθεν
3266 1265 3437 1331 ζῶσαι
3470 1267 3524 1319 ὲν
3564 1270 3620 1336 τῇ
3649 1267 3724 1339 νητ

2197 1354 2295 1408 τοῦ
2356 1354 2564 1424 ἀγαθοῦ
2630 1357 2727 1410 καὶ
2786 1357 3051 1421 ζωοποιοῦ
3123 1356 3439 1429 Πνεύματος
3497 1359 3723 1429 ἑμϐᾶσαι,

2198 1445 2572 1519 παρέρχονται
2624 1446 2725 1510 τάς
2746 1447 2991 1513 ἐναντίας
3028 1448 3139 1503 τῶν
3173 1450 3358 1522 ἀρχῶν
3379 1451 3470 1503 καὶ
3501 1448 3723 1514 ἐξουσιῶν

2198 1540 2446 1610 πονηράς
2469 1539 2753 1610 δυνάμεις.
2772 1540 2884 1593 Καὶ
2911 1540 3098 1612 ῶσπερ
3127 1543 3191 1595 ἐκ
3216 1543 3345 1613 μιᾶς
3371 1542 3574 1611 φύσεως
3591 1540 3721 1606 ξύλου

522 1646 631 1692 tate
656 1638 798 1694 lucis
820 1638 1061 1695 coalestis
1076 1637 1420 1693 diversorum
1444 1635 1629 1707 gratia:
1649 1633 2091 1703 donorumgunius

2196 1630 2379 1685 πάντα
2412 1630 2483 1684 τὰ
2513 1631 2675 1686 πλοῖα
2701 1632 3224 1701 κατασκευάζονται,
3266 1634 3335 1687 δι’
3367 1626 3441 1689 ὧν
3468 1633 3723 1705 παρελθεῖν

522 1728 681 1802 142
722 1729 983 1799 Spiritus,
1008 1744 1200 1784 omnes
1218 1725 1655 1784 Christianorum
1686 1723 1883 1779 animae
1904 1737 2091 1779 corro-

2195 1724 2245 1776 οί
2299 1723 2576 1795 ἄνθρωποι
2630 1725 2733 1795 τὴν
2790 1728 2994 1797 πικράν
3058 1725 3378 1797 δυνήσονται
3449 1726 3695 1780 θάλασσαν

518 1820 727 1875 borata:
763 1821 1077 1875 universam
1101 1820 1463 1890 supervolant
1487 1815 1815 1887 nequitiam.

2198 1813 2371 1879 οὕτως
2396 1814 2462 1868 ὲκ
2490 1817 2621 1886 μιᾶς
2662 1815 2915 1888 θεότητος
2945 1818 3121 1887 φωτὸς
3141 1818 3397 1889 οὐρανίου
3423 1819 3526 1873 τῶν
3566 1817 3725 1886 διαφό-

521 1931 631 1983 ρων
668 1912 1032 1982 χαρισμάτων
1075 1912 1171 1965 τοῦ
1229 1912 1347 1975 ἑνὸς
1396 1910 1736 1985 Πνεύματος,
1790 1909 1962 1963 πᾶσαι
2023 1905 2134 1961 τῶν
2170 1907 2515 1978 Χριστιανῶν
2572 1910 2631 1963 αί
2665 1909 2839 1981 ψυχαὶ
2880 1910 3283 1983 δυναμούμεναι
3309 1912 3407 1983 τὴν
3433 1912 3555 1982 ὅλην
3598 1928 3729 1983 περι-

521 2005 774 2058 ίπτανται
812 2003 1105 2074 πονηρίαν.

586 2095 703 2151 νιι.
739 2096 944 2152 Verum
975 2113 1100 2153 cum
1146 2096 1304 2152 navis
1330 2104 1387 2152 et
1428 2095 1796 2169 gubernatore
1829 2093 2091 2165 indigeat,

2274 2093 2349 2148 Ζ’.
2401 2092 2557 2146 Ἐπεὶ
2612 2093 2670 2149 δὲ
2708 2093 2771 2147 τὸ
2806 2092 2992 2147 πλοῖον
3026 2093 3121 2148 καὶ
3162 2094 3499 2167 κυϐερνήτου
3523 2094 3730 2166 χρῄζει,

516 2198 574 2241 et
599 2195 902 2259 temperato
933 2196 989 2243 et
1011 2204 1228 2245 amoeno
1251 2199 1439 2255 vento,
1476 2188 1543 2244 ad
1567 2188 1802 2244 feliciter
1833 2187 2091 2258 navigan-

2198 2185 2300 2240 καὶ
2336 2186 2609 2259 εὐκράτου
2664 2186 2758 2241 καὶ
2783 2186 2941 2258 ἡδέος
2975 2187 3181 2258 ἀνέμου
3225 2189 3363 2256 πρὸς
3402 2188 3462 2241 τὸ
3504 2185 3728 2241 διαπλεῦ-

515 2279 682 2344 dum;
713 2281 833 2343 haec
856 2281 1043 2347 omnia
1066 2286 1152 2336 est
1188 2281 1305 2352 ipse
1336 2280 1601 2337 Dominus
1621 2279 1676 2333 in
1722 2279 1903 2334 anima
1945 2278 2091 2334 ﬁdeli

2196 2293 2286 2330 σαι
2308 2276 2510 2342 καλῶς,
2537 2276 2710 2337 ταῦτα
2737 2276 2917 2330 πάντα
2947 2274 3108 2339 αὐτός
3132 2278 3281 2329 ἐστιν
3318 2277 3346 2329 ό
3367 2276 3566 2347 Κύριος
3589 2276 3640 2327 ὲν
3665 2275 3719 2343 τῇ

515 2372 740 2443 degens,
776 2380 833 2427 et
862 2371 1109 2442 perferre
1142 2386 1263 2427 eam
1294 2370 1504 2427 faciens
1550 2370 1811 2437 molestas
1884 2379 2091 2440 tempe-

2195 2369 2361 2443 πιστῇ
2412 2366 2557 2438 ψυχῇ
2594 2367 2901 2437 γινόμενος,
2939 2368 3033 2421 καλ⁹
3078 2366 3354 2439 διαπερῶν
3412 2369 3574 2438 αὐτὴν
3624 2368 3732 2429 τοὺς

514 2472 685 2525 states
706 2472 764 2519 et
794 2462 1007 2519 feroces
1029 2463 1249 2519 malitiae
1268 2462 1490 2529 fluctus,
1516 2470 1684 2533 atque
1709 2461 1947 2532 impetus
1971 2463 2091 2525 vio-

2195 2457 2405 2519 δεινοὺς
2438 2456 2736 2527 χειμῶνας,
2760 2457 2856 2510 καὶ
2883 2457 2952 2510 τά
2980 2456 3147 2527 ἄγρια
3167 2457 3265 2526 τῆς
3290 2458 3554 2529 πονηρίας
3584 2456 3730 2525 κύμα-

511 2552 790 2609 lentorum
842 2553 1049 2623 peccati
1100 2563 1432 2615 ventorum;
1476 2560 1534 2609 et
1574 2550 1796 2623 quidem
1853 2551 2091 2617 fortiter,

2195 2564 2285 2611 τα,
2323 2548 2419 2601 καὶ
2464 2547 2564 2610 τάς
2611 2547 2932 2616 καταιγίδας
2959 2548 3067 2601 τῶν
3098 2546 3287 2618 βιαίων
3335 2548 3439 2617 τῆς
3490 2546 3734 2618 ἁμαρτίας

515 2644 800 2701 ferventer
825 2661 888 2701 ac
918 2647 1075 2712 scite,
1112 2654 1174 2701 ut
1198 2646 1315 2716 ipse
1360 2645 1535 2709 novit,
1574 2645 1844 2700 dissoluto
1896 2658 2089 2699 eorum

510 2748 674 2791 aestu.
706 2737 929 2808 Absque
962 2737 1173 2793 cmlesti
1217 2738 1363 2793 enim
1410 2738 1797 2808 gubernatore,
1843 2735 2088 2803 Christo,

512 2843 623 2882 non
682 2836 865 2897 potest
907 2827 1179 2898 quispiam
1242 2826 1494 2897 trajicere
1551 2841 1873 2897 perversum
1939 2841 2091 2880 mare

512 2926 853 2988 potestatum
879 2919 1335 2982 tenebrarum,ac
1355 2918 1711 2972 molestarum
1726 2916 2089 2971 tentationum

510 3009 745 3064 alllatus.
775 3009 1075 3064 Ascendunt
1107 3009 1279 3074 enim,
1312 3008 1512 3078 inquit,
1544 3024 1707 3079 usque
1734 3008 1804 3061 ad
1830 3007 2005 3073 caelos,
2040 3016 2091 3061 et

2195 3004 2480 3077 δυνάμεων
2527 3008 2621 3061 τοῦ
2674 3011 2933 3075 σκότους,
2981 3010 3077 3063 καὶ
3121 3010 3230 3063 τῶν
3297 3010 3513 3082 πικρῶν
3566 3025 3733 3083 πειρατ

511 3100 830 3154 descendunt
864 3116 1028 3171 usque
1072 3100 1142 3154 ad
1175 3100 1387 3171 abyssos
1409 3100 1480 3154 θ’.
1515 3098 1746 3155 Omnem
1787 3114 1954 3169 porro
1992 3114 2091 3170 gu-

2195 3094 2347 3165 σμῶν
2361 3095 2429 3148 τά
2448 3099 2891 3169 καταφυσὴματα
2910 3114 2925 3127 ’
2968 3099 3383 3154 Ἀναϐαίνουσι
3412 3101 3540 3169 γὰρ,
3572 3100 3731 3171 φησιν,

510 3190 782 3247 bernandi
807 3191 1119 3259 scientiam,
1151 3192 1281 3247 item
1305 3191 1580 3247 bellorum
1611 3206 1676 3248 ac
1724 3192 2088 3247 tentationum

2195 3185 2299 3252 ἕως
2354 3185 2475 3240 τῶν
2518 3188 2815 3256 οὐρανῶν,
2858 3190 2958 3250 καί
2995 3194 3467 3247 καταϐαίνουσιν
3505 3193 3610 3259 ἕως
3635 3188 3736 3244 τῶν

498 3286 686 3347 ‘novit,
738 3299 904 3355 super
958 3283 1171 3340 feroces
1210 3283 1411 3339 ﬂuctus
1458 3281 1741 3339 incedens.
1774 3281 1892 3353 Ipse
1926 3284 2087 3347 enim,

2195 3278 2500 3333 ἀϐύσσων.
2547 3280 2736 3335 Πᾶσαν
2792 3282 2848 3335 δὲ
2894 3283 3293 3355 κυϐερνητικὴν
3324 3286 3626 3355 ἐπιστήμην
3656 3281 3735 3336 καὶ

508 3375 712 3446 inquit,
766 3382 1020 3443 tentatus,
1068 3383 1235 3448 potest
1280 3376 1346 3430 iis
1386 3375 1477 3447 qui
1526 3381 1820 3441 tentantur,
1872 3390 2089 3429 succur-

2195 3369 2444 3441 πολέμων
2497 3372 2592 3425 καὶ
2639 3375 2961 3445 πειρασμῶν
3018 3358 3326 3441 ἐπίσταται,
3370 3377 3620 3449 ὑπεράνω
3645 3374 3736 3427 τῶν

509 3469 721 3535 rere".
2111 3462 2157 3526 C
2189 3461 2400 3534 ἀγρίων
2463 3464 2727 3535 κυμάτων
2774 3465 3114 3520 ἐπιϐαίνων·
3167 3469 3358 3532 Αὐτὸς
3416 3469 3548 3536 γὰρ,
3602 3464 3737 3537 φησὶ,

2189 3556 2536 3623 πειρασθείς
2610 3557 2863 3612 δύναται
2938 3556 3378 3627 πειραζομένοις
3427 3558 3732 3625 βοηθῆσαι.

2193 2638 2415 2708 ἀνέμων
2444 2677 2461 2704 ,
2504 2639 2747 2703 δυνατῶς
2791 2640 2886 2693 καὶ
2926 2640 3188 2710 ὲμπύρως
3225 2640 3321 2694 καὶ
3362 2640 3732 2710 ἐπιστημόνοκ,

2190 2731 2268 2792 ὡς
2314 2729 2477 2795 αὐτὸς
2528 2730 2837 2798 ἐπίσταται,
2876 2731 3108 2785 διαλύων
3157 2733 3248 2786 τδν
3287 2732 3530 2785 κλύδωνα
3556 2731 3730 2785 αὐτῶν.

2196 2820 2360 2874 Ἀνευ
2414 2822 2525 2894 γάρ
2565 2821 2659 2876 τοῦ
2722 2823 3046 2895 ἐπουρανίου
3107 2823 3445 2896 κυϐερνήτου
3492 2820 3729 2895 Χριστοῦ.

2192 2911 2456 2968 ἀδύνατόν
2486 2930 2593 2967 τινι
2619 2915 2913 2988 παρελθεῖν
2933 2917 3031 2987 τὴν
3075 2918 3320 2989 πονηρὰν
3351 2918 3617 2973 θάλασσαν
3644 2914 3735 2969 τῶν

575 3643 714 3702 Vill.
759 3646 989 3718 Oportet
1021 3662 1152 3719 ergo
1181 3646 1427 3703 converti
1459 3661 1525 3703 ac
1554 3647 1912 3721 transmutari
1961 3646 2084 3701 ani-

2260 3643 2346 3699 H'.
2372 3646 2463 3698 Δεῖ
2515 3646 2696 3699 τοίνυν
2751 3645 3052 3717 ἀλλαγῆναι
3096 3650 3192 3701 καὶ
3225 3648 3629 3719 μεταϐληθῆναι
3650 3644 3735 3707 τὰς

505 3754 627 3794 mas
654 3748 873 3794 nostras
902 3754 932 3793 a
962 3738 1216 3809 praesenti
1247 3747 1394 3794 statu
1432 3739 1487 3793 in
1524 3739 1755 3793 alterum
1782 3744 2082 3801 statum,et

2195 3734 2365 3806 ψυχάς
2387 3738 2545 3808 ήμῶν
2570 3737 2678 3791 ἀπὸ
2707 3736 2807 3807 τῆς
2844 3737 2940 3790 νῦν
2985 3741 3377 3803 καταστάσεως
3433 3742 3512 3803 είς
3564 3739 3735 3804 ἑτέραν

504 3828 749 3884 divinam
783 3837 1070 3896 naturam,
1121 3839 1178 3885 et
1216 3827 1332 3884 fieri
1359 3844 1532 3885 novos
1576 3844 1608 3885 e
1644 3828 1945 3893 veteribus,
1974 3828 2080 3883 hoc

2195 3829 2544 3894 κατάστασιν,
2580 3831 2675 3883 καὶ
2723 3830 2886 3899 φύσιν
2910 3831 3082 3896 θείαν,
3115 3831 3207 3883 καὶ
3250 3832 3507 3900 γενέσθαι
3540 3828 3737 3888 καινοὺς

508 3930 613 3983 est,
648 3919 844 3985 bonos,
876 3920 1147 3992 benignos
1172 3936 1238 3975 ac
1274 3920 1483 3985 fideles,
1510 3935 1578 3975 ex
1607 3920 1823 3975 acerbis
1852 3928 1909 3974 et
1956 3918 2083 3973 inﬁ-

2195 3921 2251 3973 ὲκ
2283 3921 2548 3986 παλαιῶν,
2604 3922 2881 3975 τουτέστιν
2920 3924 3157 3991 ἀγαθοὺς
3187 3923 3283 3977 καὶ
3333 3925 3604 3996 χρηστοὺς
3657 3919 3737 3974 καὶ

503 4012 719 4068 delibus
746 4052 761 4078 ,
786 4021 842 4067 et
861 4012 941 4067 sic
968 4012 1197 4067 idoneos
1225 4011 1434 4067 cmlesti
1460 4026 1629 4081 regno
1651 4010 1769 4065 ﬁeri
1798 4017 1855 4064 et
1877 4008 2080 4065 consti-

2195 4013 2439 4076 πιστοὺς,
2464 4013 2527 4066 ἐκ
2549 4012 2763 4084 πικρῶν
2793 4014 2888 4067 καὶ
2904 4015 3168 4068 ἀπίστωνο
3187 4015 3282 4067 καὶ
3297 4014 3443 4068 οὕτω
3457 4014 3739 4085 χρησίμους

506 4105 609 4167 tui.
637 4105 840 4160 Beatus
862 4105 1010 4160 enim
1044 4105 1248 4160 Paulus
1279 4103 1347 4158 de
1379 4103 1740 4159 conversione
1768 4111 1825 4156 et
1861 4116 2077 4156 assum-

502 4196 691 4267 ptione
715 4212 956 4265 sna,qua
983 4196 1422 4265 comprehensus
1450 4202 1536 4249 est
1554 4209 1585 4247 a
1610 4191 2078 4257 Domino,scribit

502 4280 654 4342 haec:
714 4287 818 4341 Sed
869 4298 1058 4353 sector,
1088 4289 1133 4341 si
1166 4287 1325 4340 etiam
1358 4285 1775 4356 apprehendem,
1818 4293 2076 4353 quatenus

502 4388 553 4445 et
586 4388 945 4450 apprehensus
979 4397 1098 4435 sum
1148 4397 1181 4433 a
1211 4378 1418 4435 Christo
1441 4377 1509 4431 ⁸⁸.
1554 4376 1676 4445 Quo
1714 4376 1883 4446 igitur
1914 4385 2075 4446 pacto

501 4471 991 4541 comprehenditur
1033 4488 1065 4526 a
1116 4470 1268 4526 Deo?
1325 4468 1798 4536 Quemadmodum
1836 4467 1985 4521 enim
2027 4466 2075 4521 si

500 4562 748 4639 captivos
764 4561 1051 4641 quosdam,
1072 4578 1210 4645 quos
1230 4569 1508 4633 rapuerat,
1534 4569 1799 4633 tyrannus
1815 4560 2073 4625 abducat,

2195 4561 2406 4614 Βάνεται
2434 4561 2538 4615 ὑπὸ
2562 4561 2658 4615 τοῦ
2692 4562 2826 4617 Θεοῦ
2847 4581 2863 4631 ;
2883 4565 3095 4638 Ὠσπερ
3122 4565 3229 4637 γὰρ
3264 4567 3363 4621 ἐὰν
3379 4562 3738 4637 αἰχμαλωσίαν

499 4652 762 4723 deinecps
789 4652 906 4722 ipse
929 4653 1428 4722 comprehendatur
1448 4668 1479 4708 a
1502 4667 1633 4707 vero
1648 4667 1806 4723 rege:
1838 4653 1911 4706 ita
1930 4666 2071 4721 quo-

2195 4656 2304 4709 ιινά
2344 4655 2613 4728 τύραννος
2668 4655 2924 4727 ἀρπάσας
2988 4656 3199 4728 ἀπάγῃ,
3258 4652 3377 4710 εἶτα
3433 4651 3737 4724 καταληφθῇ

498 4758 608 4812 que
643 4743 849 4798 Paulus
879 4782 894 4806 ,
922 4758 1047 4797 cum
1081 4758 1111 4797 a
1143 4742 1431 4815 tyrannico
1463 4742 1660 4813 spiritu
1695 4743 1906 4814 peccati
1952 4749 2071 4796 ton-

2195 4746 2287 4800 ἄπο
2315 4746 2408 4800 τοῦ
2440 4747 2696 4819 ἀληθινοῦ
2738 4746 3040 4819 βασιλέως’
3086 4748 3229 4802 οὕτω
3272 4750 3370 4801 καὶ
3401 4749 3631 4810 Παῦλος,
3658 4746 3736 4797 ὅτε

497 4845 783 4904 queretur,
824 4834 1125 4891 Ecclesiam
1155 4835 1591 4905 persequebatur
1630 4844 1688 4891 et
1720 4835 2074 4890 devastabat:

2195 4837 2291 4890 5πὺ
2323 4837 2418 4891 τοῦ
2442 4838 2767 4909 τυραννικοῦ
2801 4840 3115 4910 πνεύματος
3140 4840 3239 4910 τῆς
3277 4840 3556 4911 ἁμαρτίας
3592 4841 3739 4903 ἐνηρ-

495 4941 688 4981 verum
716 4942 841 4982 cum
876 4942 987 4982 non
1022 4927 1152 4983 odio
1182 4927 1302 4989 Dei,
1330 4926 1428 4982 sed
1462 4942 1563 4997 per
1585 4926 1946 4998 ignorantiam
1970 4927 2077 4983 hoc

2195 4929 2356 4996 γεῖτο,
2382 4927 2483 4997 τὴν
2529 4929 2860 4999 Ἐκκλησίαν
2904 4930 3095 4983 ἐδίωκε
3138 4932 3234 4983 καὶ
3260 4930 3572 4982 ὲσκὺλευεν.
3617 4922 3738 4977 Ἀλλ’

494 5027 701 5093 ageret,
756 5028 1015 5089 tanquam
1062 5034 1165 5089 pro
1207 5018 1443 5073 veritate
1488 5017 1782 5082 dimicans,
1827 5031 1938 5070 non
1988 5025 2076 5071 est

2195 5018 2309 5072 inet
2340 5019 2414 5089 μὴ
2467 5018 2615 5092 ζήλῳ
2659 5019 2794 5073 Θεοῦ
2848 5020 2993 5075 κατὰ
3032 5021 3255 5090 ἄγνοιαν
3283 5021 3482 5086 ὲποίει,
3511 5021 3586 5082 ὡς
3616 5017 3739 5084 ὑπὲρ

496 5112 780 5181 neglectus
802 5154 816 5176 ,
846 5111 944 5167 sed
977 5110 1344 5181 apprehendit
1365 5125 1494 5165 eum
1542 5122 1857 5178 areanoque
1889 5108 2074 5177 splen-

2195 5111 2442 5184 ὶληθείας
2476 5111 2900 5184 ἀγωνιζόμενος,
2949 5116 3013 5167 οὔ
3045 5112 3370 5185 παρωράθη,
3424 5113 3562 5166 άλλά
3620 5125 3736 5163 κατ-

494 5200 631 5255 dore
660 5200 1014 5255 circumfudit
1050 5201 1337 5265 Dominus,
1379 5198 1625 5255 caelestis
1672 5207 1730 5251 et
1756 5212 1921 5251 verus
1950 5211 2069 5261 rex,

2195 5201 2373 5256 ἔλαϐεν
2396 5204 2563 5257 αὑτὸν
2589 5206 2617 5257 ό
2638 5205 2864 5276 Κύριος,
2893 5205 3239 5276 περιλάμψας
3257 5207 3516 5277 ἀρρήτως
3544 5206 3571 5254 ὁ
3591 5205 3737 5254 ἐπου-

490 5306 733 5369 eumque
750 5306 885 5346 voce
902 5307 998 5346 sua
1017 5292 1293 5362 dignatus,
1310 5292 1365 5345 in
1384 5291 1579 5346 faciem
1596 5289 1891 5361 percussit,
1904 5298 2069 5359 atque

2195 5296 2359 5357 nimo:
2397 5298 2492 5351 καὶ
2539 5297 2792 5368 ἀληθινὸς
2863 5298 3135 5367 βασιλεὺς,
3208 5300 3390 5367 φωνῆς
3438 5299 3538 5366 τῆς
3584 5288 3732 5347 αὐτοῦ

493 5392 556 5438 ut
586 5398 806 5439 servum
864 5383 1141 5437 liberavit.
1201 5383 1341 5438 Vide
1388 5382 1607 5438 Domini
1659 5382 1965 5437 bonitatem
2012 5389 2070 5437 et

2195 5383 2363 5437 ποῦτον
2384 5385 2647 5451 ἀξιώσας,
2671 5390 2765 5440 καὶ
2791 5390 3028 5460 ῥαπίσας
3052 5390 3127 5452 ὼς
3150 5388 3334 5442 δοῦλον
3352 5388 3727 5457 ἠλευθέρωσεν.

490 5473 934 5537 conversionem,
990 5487 1103 5541 quo
1139 5480 1303 5542 pacto
1358 5472 1533 5542 possit
1584 5482 1798 5527 mutare
1854 5471 2066 5527 animas

2195 5475 2283 5530 ῐιδε
2316 5478 2589 5545 Δεσπότου
2616 5480 2928 5552 ἁγαθότητα
2969 5483 3064 5535 καὶ
3092 5480 3412 5551 μεταϐολὴν,
3441 5480 3555 5540 πῶς
3586 5473 3731 5527 δύνα-

492 5567 631 5620 vitio
654 5566 1041 5637 agglutinatas,
1083 5573 1138 5619 et
1190 5565 1404 5619 feroces
1441 5564 1686 5630 eﬁ'ectas,
1743 5573 1909 5633 atque
1949 5579 2067 5617 mo-

2195 5584 2263 5619 :at
2295 5569 2624 5637 μεταϐαλεῖν
2657 5570 2836 5642 ψυχὰς
2869 5573 2967 5635 τὰς
2996 5574 3063 5642 τῇ
3099 5571 3266 5643 κακίᾳ
3308 5567 3722 5639 συμπλακείσας,

492 5666 680 5715 mento
710 5658 858 5711 hora:
884 5658 938 5717 in
972 5671 1128 5712 suam
1148 5656 1322 5726 ipsius
1340 5655 1646 5711 bonitatem
1665 5664 1719 5711 et
1746 5670 1934 5725 pacem
1959 5662 2069 5707 tra-

2195 5658 2273 5711 ια).
2303 5660 2501 5728 ἀγρίας
2526 5663 3008 5727 ἀποκαταστάσας,
3048 5664 3142 5717 καὶ
3182 5664 3325 5733 ῥοπῇ
3357 5661 3502 5730 ὥρας
3536 5660 3612 5720 είς
3635 5654 3723 5724 τὴν

492 5745 735 5814 ducere!
2173 5749 2368 5803 ἑαυτοῦ
2406 5751 2737 5822 ἀγαθότητα,
2764 5754 2860 5808 καὶ
2896 5756 3117 5827 εἰρήνην
3163 5754 3526 5825 μετενεγκεῖν.

558 5860 603 5908 ει
636 5861 778 5918 Psal.
811 5878 935 5931 cvn,
978 5864 1066 5919 26.
1142 5867 1186 5898 ⁸²
1221 5864 1387 5941 llebr.
1414 5882 1471 5939 ιι,
1507 5865 1589 5920 l8.
1667 5866 1711 5898 "
1752 5866 1987 5953 Philipp.
2031 5883 2113 5935 nr,
2144 5869 2228 5933 1'2.

2194 4104 2522 4174 γενομένους
2536 4106 2616 4169 είς
2630 4105 2727 4176 τὴν
2742 4106 3067 4177 ἐπουράνιον
3088 4105 3365 4176 βασιλείαν
3377 4103 3738 4172 ἀποκαταστῆ-

2186 4214 2296 4251 ναι.
2331 4196 2440 4250 Καὶ
2461 4197 2570 4267 γάρ
2598 4198 2625 4250 ὁ
2656 4199 2922 4270 μακάριος
2950 4199 3160 4262 Παῦλος
3183 4200 3430 4270 περὶτῆς
3458 4195 3739 4270 μεταϐολῆς

2187 4284 2353 4341 αὑτοῦ
2390 4286 2486 4339 καὶ
2519 4288 2897 4359 καταλήψεως,
2942 4285 3010 4361 ἧς
3046 4288 3360 4361 κατελήφθη
3393 4290 3500 4343 ὑπὸ
3529 4288 3735 4357 Κυρίου,

2183 4377 2387 4449 γράφει
2408 4378 2581 4432 ταῦτα
2605 4396 2621 4411 ·
2650 4380 2843 4434 Διώκω
2875 4381 2964 4442 δὲ,
2997 4384 3049 4436 εί
3078 4381 3413 4447 καταλάϐω,
3460 4382 3553 4451 ἐφ’
3585 4374 3630 4448 ᾧ
3655 4375 3738 4431 καί

2183 4467 2574 4538 multing
2615 4471 2735 4526 ὑπὸ
2774 4473 3054 4541 Χριστοῦ.
3099 4474 3222 4536 Πῶς
3250 4476 3303 4526 τί
3337 4473 3443 4545 ἀρα
3471 4472 3738 4539 καταλαμ-
