3980 6458
299 424 410 494 ’185

1517 429 1878 494 liOMlLLE.
1899 412 2175 494 -έΗοΜ,
2218 408 2391 491 xui.

3479 430 3587 492 786

373 544 419 597 Θ
438 584 452 597 .
483 541 672 597 Πάντα
700 540 808 614 γάρ
837 541 1038 597 δυνατά
1075 543 1226 616 παρὰ
1259 543 1399 616 Θεῷ,
1446 545 1637 618 ὥσπερ
1670 547 1763 600 ἐπὶ
1791 546 1886 600 τοῦ

2059 541 2153 600 1X.
2184 518 2394 600 Omnia
2423 541 2571 598 enim
2599 540 2751 613 apud
2786 542 2959 597 Deum
2990 549 3122 597 sunt
3158 541 3445 611 possibilia
3476 587 3489 607 ,
3531 550 3592 596 nt

302 637 509 711 λῃστοῦ
535 638 749 707 γέγονε,
784 639 924 708 ῥοπῇ
947 634 1096 706 ὥρας
1118 636 1207 690 διά
1241 637 1338 705 τῆς
1369 637 1608 702 πίστεως
1632 639 1893 709 μετεῦλήι

307 728 401 799 θη,
433 727 526 781 καὶ
556 728 638 789 είς
663 726 996 797 παράδεισον
1018 725 1391 795 ἀποκατέστη.
1418 722 1517 780 Διὰ
1543 727 1702 780 τοῦτο
1728 722 1894 796 ἦλθεν

305 817 340 870 ό
362 814 587 886 Κύριος,
622 815 708 867 ἵνα
735 813 834 877 τὰς
862 814 1043 884 ψυχάς
1063 813 1225 884 ἡμῶν
1247 814 1454 886 ἀλλάξῃ
1475 815 1571 867 καὶ
1601 816 1891 886 άνακτίσῃ,

306 908 406 961 καὶ
438 908 642 979 ποιήσῃ
671 906 861 970 αὑτάς,
889 905 1071 969 καθὼς
1104 906 1438 977 γέγραπται,
1472 908 1638 973 θείας
1689 924 1897 961 κοινω-

306 1000 459 1065 νοὺς
481 1001 741 1069 φύσεως,
765 998 857 1051 καὶ
883 996 1065 1051 δοῦναι
1092 999 1173 1060 είς
1198 999 1298 1070 τὴν
1319 997 1500 1069 ψυχὴν
1544 998 1703 1069 ἡμῶν
1736 1000 1898 1051 ἐπουο

310 1096 499 1166 ράνιον
542 1093 742 1163 ψυχὴν,
796 1093 1051 1145 τουτέστι
1106 1092 1333 1163 Πνεῦμα
1377 1091 1630 1162 θεότητος
1665 1090 1898 1162 ὁδηγοῦν

310 1187 465 1256 ἡμᾶς
501 1188 581 1250 είς
625 1188 806 1239 πᾶσαν
843 1185 1069 1255 ἀρετὴν,
1114 1184 1263 1245 ὅπως
1302 1183 1449 1255 ζωὴν
1482 1180 1703 1236 αίώνιον
1736 1182 1901 1251 ζῆσαι

312 1278 657 1350 δυνηθῶμεν.
691 1276 792 1345 Εἴη
840 1277 1019 1332 τοίνυν
1050 1272 1111 1342 ἐξ
1151 1277 1281 1345 ὅλης
1330 1275 1561 1346 καρδίας
1606 1275 1902 1330 πιστεῦσαι

310 1370 468 1439 ἡμᾶς
523 1368 644 1432 ταῖς
698 1367 1116 1438 άνεκδιηγήτοις
1168 1364 1335 1420 αὐτοῦ
1386 1364 1767 1433 ἐπαγγελίαις,
1818 1367 1902 1418 ὃτι

315 1459 530 1530 ἀληθής
563 1460 712 1512 ἐστιν
745 1460 774 1511 ό
809 1457 1305 1527 ἐπαγγειλάμενος.
1337 1457 1459 1528 Χρὴ
1497 1452 1590 1510 οὖν
1616 1456 1904 1527 ἀγαπῆσαι

314 1551 412 1606 τὸν
437 1552 664 1623 Κύριον,
696 1551 794 1604 καὶ
822 1550 1123 1604 σπουδάσαι
1153 1549 1423 1613 παντοίως
1445 1549 1505 1602 ἐν
1539 1548 1744 1612 πάσαις
1776 1550 1906 1615 άρε-

319 1649 467 1712 ταῖς,
522 1645 618 1699 καὶ
668 1646 890 1716 αἰτῆσαι
942 1644 1216 1714 ἐπιμόνως
1256 1644 1353 1697 καὶ
1400 1642 1717 1714 ἐνδελεχῶς,
1763 1641 1907 1696 ὥστε

314 1735 578 1800 δέξασθαι
602 1736 703 1807 τὴν
724 1734 1066 1803 ἐπαγγελίαν
1092 1734 1189 1788 τοῦ
1224 1736 1549 1805 Πνεύματος
1582 1732 1751 1788 αὐτοῦ
1787 1733 1907 1787 ὀλο-

314 1826 543 1896 κλήρως
586 1825 682 1879 καὶ
728 1825 972 1891 τελείως,
1004 1825 1094 1878 ἵνα
1157 1822 1576 1893 ξωοποιηθῶσιν
1628 1823 1685 1878 αί
1734 1823 1908 1896 ψυχαὶ

2000 638 2055 691 in
2101 637 2319 691 latrone
2350 625 2603 705 contigit,
2646 635 3056 712 qui’mOmento
3092 636 3242 690 horae
3289 651 3387 705 per
3430 636 3593 690 [idem

1996 740 2302 784 conversus
2325 736 2433 789 est,
2461 736 2517 781 et
2538 728 2593 781 in
2620 726 2939 796 paradisum
2972 727 3293 781 translatus.
3328 728 3591 797 l'mpter-

1996 837 2061 875 ea
2100 820 2253 874 venit
2314 818 2604 885 Dominus,
2637 827 2699 872 ut
2725 820 2938 873 animas
2970 829 3190 874 nostras
3246 829 3597 873 converteret

1999 923 2165 985 alque
2192 911 2554 977 reformaret;
2608 925 2673 965 ac
2718 910 2885 964 faciat
2916 925 3031 971 eas,
3074 919 3136 963 ut
3167 910 3433 979 scriptum
3487 920 3593 973 est,

2001 1006 2193 1063 divina:
2240 1014 2505 1069 consortes
2536 1012 2746 1060 natura;
2770 1005 2841 1070 “,
2893 1013 2949 1059 et
2981 1004 3226 1059 Conferat
3272 1007 3326 1059 in
3359 1006 3596 1059 animam

2001 1110 2251 1157 nostram
2279 1101 2559 1155 ccelestcm
2593 1098 2856 1162 animam,
2894 1097 3001 1151 hoc
3044 1103 3151 1161 est,
3210 1096 3475 1165 Spiritum
3509 1097 3603 1150 di-

2001 1194 2215 1258 vinum,
2253 1192 2621 1247 deducentem
2674 1205 2780 1244 nos
2818 1190 2874 1242 in
2927 1203 3147 1242 omnem
3201 1189 3484 1251 virtutem,
3540 1197 3601 1241 nt

2001 1288 2171 1343 vitam
2197 1294 2467 1340 aeternam
2511 1283 2698 1337 vivere
2741 1280 3040 1353 possimus.
3101 1279 3335 1350 Oportet
3365 1295 3497 1351 ergo
3532 1296 3601 1334 ex

2004 1388 2128 1435 toto.
2144 1377 2309 1433 corde
2332 1392 2435 1431 nos
2461 1374 2691 1430 credere
2719 1372 3187 1427 inenarrabilibus
3217 1373 3339 1442 ejus
3363 1372 3603 1442 promis-

2001 1471 2273 1535 sionibus,
2310 1470 2438 1540 quia
2468 1483 2636 1523 verax
2664 1474 2771 1532 est,
2804 1466 2900 1536 qui
2937 1464 3215 1535 promisit.
3253 1464 3604 1535 Qnapmpter

2006 1560 2167 1617 decet
2195 1558 2423 1628 diligere
2451 1556 2768 1620 Dominum,
2802 1564 2967 1624 atque
2997 1553 3337 1608 contendere
3367 1554 3598 1607 omnino

2007 1653 2062 1708 in
2081 1650 2340 1707 omnibus
2361 1648 2683 1712 virtutibus,
2698 1654 2754 1702 et
2771 1646 2991 1700 assidue
3009 1655 3201 1716 petere
3219 1645 3426 1714 absque
3450 1643 3602 1698 omni

2008 1742 2446 1804 intermissione,
2479 1749 2541 1795 ut
2571 1754 2984 1809 consequamur
3018 1737 3445 1807 promissionem
3474 1735 3601 1803 Spi-

2011 1832 2155 1889 ritus
2178 1833 2299 1903 ejus
2324 1832 2536 1901 integre
2567 1844 2631 1884 ac
2662 1829 2929 1899 perfecte,
2952 1842 3063 1898 quo
3092 1826 3450 1881 viviﬁcentur
3480 1826 3601 1879 ani-

314 1919 505 1990 ήμῶν,
530 1919 606 1984 ὡς
632 1917 713 1984 ἔτι
742 1920 801 1972 ἐν
830 1919 996 1988 σαρκί
1032 1918 1225 1989 ἐσμεν.
1277 1916 1404 1970 Ἐάν
1458 1918 1533 1989 μὴ
1584 1916 1694 1989 γάρ
1720 1918 1779 1971 ἐν
1834 1916 1911 1989 τῷ

2020 1943 2117 1983 mae
2150 1935 2371 1987 nostrze,
2391 1924 2596 1995 quippe
2629 1924 2724 1993 qui
2764 1923 2947 1977 adhuc
2970 1920 3027 1975 in
3048 1937 3215 1976 carne
3245 1936 3458 1975 sumus.
3484 1918 3603 1974 Nisi

206 2072 207 2075 η
314 2011 511 2083 κόσμῳ
564 2009 741 2081 τούτῳ
785 2007 1006 2078 δέξηται
1052 2009 1086 2080 ἡ
1140 2008 1290 2080 ψυχὴ
1345 2006 1436 2063 τδν
1490 2009 1764 2080 άγιασμδν
1808 2004 1905 2060 τοῦ

314 2104 640 2174 Πνεύματος
692 2101 780 2156 διά
835 2101 1038 2171 πολλῆς
1086 2100 1323 2165 πίστεως
1380 2100 1476 2155 καὶ
1505 2100 1765 2171 δεήσεως,
1809 2099 1906 2153 καὶ

312 2197 578 2259 κοινωνὸς
628 2195 783 2259 θείας
837 2194 1055 2264 φύσεως
1101 2194 1358 2265 γένηται,
1396 2193 1772 2264 άνακραθεϊσα
1837 2194 1904 2263 τῇ

312 2291 523 2362 χάριτι.
555 2290 622 2343 δι’
651 2283 719 2360 ἦς
746 2291 927 2342 πᾶσαν
967 2287 1188 2358 ἐντολὴν
1232 2287 1482 2358 άμώμως
1518 2289 1613 2341 καὶ
1647 2286 1907 2356 καθαρῶς

311 2382 590 2437 ἐπιτελεῖν
614 2382 926 2454 δυνήσεται,
982 2379 1255 2451 νάποίητός
1304 2382 1452 2433 ἐστιν
1487 2380 1569 2443 εἰς
1600 2378 1701 2449 τὴν
1748 2377 1904 2447 βασι-

310 2471 470 2527 λείαν
492 2472 600 2526 τῶν
629 2472 897 2544 οὐρανῶν.
935 2472 1115 2543 Ὅπερ
1136 2472 1247 2541 γάρ
1292 2488 1376 2535 τις
1421 2470 1675 2524 ἐντεῦθεν
1703 2472 1907 2539 ἀγαθὸν

312 2564 612 2632 ἐκτήσατο,
656 2562 815 2616 τοῦτο
873 2561 1007 2615 αὐτὸ
1057 2563 1116 2615 ἐν
1164 2560 1352 2634 ἐκείνῃ
1402 2561 1469 2631 τῇ
1522 2560 1710 2632 ἡμέρα
1750 2559 1905 2613 ἔσται

311 2656 486 2712 αὑτοῦ
512 2656 624 2726 ζωὴ
654 2656 743 2709 διὰ
792 2655 887 2709 τοῦ
944 2654 1184 2727 Πατρδς,
1238 2654 1336 2708 καὶ
1390 2654 1485 2707 τοῦ
1527 2653 1659 2707 Υίοῦ
1688 2652 1905 2708 καὶτοῦ

312 2748 478 2820 άγίου
510 2747 848 2820 Πυεύματος,
887 2749 967 2811 εἰς
992 2747 1121 2810 τοὺς
1148 2744 1373 2811 αἰῶνας.
1413 2745 1608 2816 Ἀμήν.

904 2862 1145 2918 ΟΜΙΛΙΑ
1182 2858 1317 2916 ΜΕ’.

314 2957 581 3027 Οὐδεμία
627 2954 829 3027 τέχνη,
871 2958 942 3027 οὐ
981 2954 1246 3027 πλοῦτος
1267 2954 1485 3027 τούτου
1515 2951 1624 3008 τοῦ
1651 2954 1905 3027 κόσμου,

390 3030 443 3081 εδ
468 3022 555 3095 id?
596 3022 757 3092 μόιὴ
783 3026 821 3094 ἡ
848 3025 955 3079 τοῦ
985 3025 1244 3091 Χριστοῦ
1278 3023 1595 3095 ἐπιφάνεια
1626 3022 1907 3095 θεραπεῡ·

394 3092 500 3152 adt
534 3092 640 3149 τὸν
667 3092 987 3163 ἄνθρωπον
1017 3096 1290 3160 δύναται,
1326 3092 1400 3153 οὗ
1429 3099 1727 3164 μεγίστην
1756 3093 1909 3160 πρὸς

388 3170 498 3223 τὸν
532 3167 681 3221 Θεὸν
712 3167 1076 3237 συγγένειαν
1102 3167 1257 3235 αὕτη
1309 3167 1349 3235 ἡ
1397 3167 1601 3237 ὁμιλία
1654 3165 1912 3234 ἀποφαί-

388 3255 578 3293 νεῖαι.
910 3290 911 3293 η

394 3351 474 3404 A'.
517 3350 577 3401 '0
621 3348 713 3403 τὸν
765 3350 975 3421 μονήρη
1016 3348 1132 3420 βίον
1170 3349 1595 3420 ἐπιλεξάμενος,
1638 3349 1822 3403 πάντα
1847 3347 1917 3401 τὰ

314 3445 385 3498 ἐν
415 3441 490 3513 τῷ
532 3441 725 3512 κόσμῳ
752 3441 927 3513 τούτῳ
958 3442 1305 3512 στρεφόμενα
1335 3444 1640 3513 πράγματα
1660 3440 1919 3511 ἀλλότρια

314 3532 524 3589 ἑαυτοῦ
554 3534 647 3587 καὶ
692 3532 819 3599 ξένα
858 3532 1110 3603 ἡγεῖσθαι
1156 3532 1385 3601 ὀφείλει.
1434 3533 1494 3585 '0
1526 3533 1634 3603 γάρ
1686 3532 1743 3598 ἐξ
1780 3532 1917 3601 ἁλη-

316 3627 477 3687 θείας
511 3623 861 3695 μεταδιώκων
888 3623 980 3677 τὸν
1021 3623 1255 3694 σταυρὸν
1276 3623 1370 3676 τοῦ
1417 3621 1680 3694 Χριστοῦ,
1740 3623 1919 3677 πάντα

315 3715 725 3788 ἀρνησάμενος,
751 3714 832 3768 ἔτι
867 3714 925 3768 δὲ
956 3713 1054 3786 τὴν
1092 3712 1289 3768 ἑαυτοῦ
1320 3712 1521 3783 ψυχὴν,
1549 3710 1915 3781 προσηλωμέο

315 3828 415 3866 νον
458 3810 549 3863 τὸν
592 3808 717 3862 νοῦν
770 3808 851 3870 είς
905 3807 1005 3877 τὴν
1053 3808 1274 3876 ἀγάπην
1320 3804 1415 3859 τοῦ
1476 3802 1717 3872 Χριστοῦ
1770 3802 1919 3873 ἔχειν

315 3902 553 3971 ὀφείλει⁸
591 3900 875 3971 προτιμῶν
908 3898 1109 3969 δηλαδὴ
1141 3897 1235 3950 τὸν
1268 3897 1474 3968 Κύριον
1504 3898 1729 3966 γονέων,
1764 3895 1921 3949 ἀδελ-

318 3995 464 4065 φῶν,
507 3993 788 4063 γυναικὸς,
837 3991 1068 4057 τέκνων,
1114 3989 1459 4058 συγγενείας,
1505 3988 1699 4058 φίλων,
1743 3988 1919 4059 ὑπαρ-

317 4089 547 4160 χόντων.
619 4087 792 4139 Τοῦτο
842 4085 952 4155 γάρ
1017 4085 1047 4137 ὁ
1093 4084 1299 4154 Κύριος
1346 4082 1672 4152 ἀπεφήνατο
1724 4066 1917 4145 εἰπὼν,

318 4181 453 4247 Πᾶς
481 4180 651 4246 ὅστις
667 4182 781 4233 οὐκ
801 4176 1002 4247 ἀφῆκε
1036 4177 1281 4245 πατέρα,
1314 4175 1352 4243 ἢ
1382 4173 1634 4244 μητέρα,
1674 4174 1712 4243 ἣ
1739 4172 1921 4235 ἀδελ-

317 4275 500 4345 φοὺς,
547 4274 587 4342 ἢ
626 4271 905 4342 γυναῖκα,
939 4271 978 4340 ἢ
1016 4270 1222 4335 τέκνα,
1277 4268 1314 4338 ἣ
1365 4267 1627 4337 ἀγροὺς,
1663 4266 1765 4321 καί
1809 4266 1923 4321 οὐκ

316 4366 655 4422 ἀκολουθεῖ
695 4382 821 4435 μοι,
878 4366 991 4417 οὐκ
1030 4362 1165 4417 ἐστι
1207 4379 1329 4431 μου
1384 4359 1577 4426 ἄξιος.
1622 4359 1713 4413 Ἐν
1748 4357 1925 4411 οὐδειή¹

319 4461 438 4529 γάρ
482 4459 657 4530 ἑτέρῳ
706 4455 1024 4526 εὑρίσκεται
1058 4449 1303 4522 σωτηρία
1340 4453 1453 4519 τοῖς
1482 4448 1800 4521 ἀνθρώποις
1830 4447 1925 4501 καὶ

316 4551 656 4613 ἀνάπαυσις,
688 4548 765 4611 ὡς
802 4547 1142 4617 ἠκούσαμεν.
1170 4545 1343 4600 ¹Πόσοι
1376 4544 1493 4615 γάρ
1527 4542 1771 4613 βασιλεῖς
1826 4542 1926 4596 άν-

2014 2017 2164 2072 enim
2188 2016 2245 2070 in
2273 2015 2379 2069 hoc
2410 2013 2617 2069 saeculo
2652 2020 2951 2068 consecuta
2984 2011 3155 2066 fuerit
3183 2012 3364 2065 anima
3395 2010 3604 2065 sancti-

2016 2106 2326 2164 ﬁcationem
2362 2105 2604 2177 Spiritus
2628 2120 2842 2159 summa
2869 2103 2976 2157 ﬁde
3001 2112 3167 2174 atque
3187 2101 3605 2167 obsecratione,

2014 2208 2071 2254 et
2102 2197 2377 2270 particeps
2408 2198 2611 2252 divinm
2662 2204 2876 2251 naturae
2909 2195 3052 2251 facta
3105 2195 3297 2261 fuerit,
3326 2194 3602 2265 permixta

2013 2292 2224 2362 gratiae,
2256 2291 2414 2360 cujus
2442 2288 2715 2344 beneﬁcio
2738 2303 2901 2343 omne
2937 2287 3260 2342 mandatum
3285 2287 3494 2357 absque
3520 2302 3610 2341 re-

2013 2383 2384 2453 prehensione
2422 2391 2478 2436 et
2506 2397 2641 2451 pure
2681 2380 2947 2451 perficere
2981 2380 3208 2450 poterit,
3244 2395 3354 2433 non
3382 2387 3608 2449 estapta

2014 2474 2081 2528 ad
2111 2488 2339 2544 regnum
2366 2474 2657 2527 caelorum.
2683 2471 2960 2542 Quidquid
2986 2472 3134 2527 enim
3170 2471 3301 2525 boni
3329 2470 3460 2541 quis
3493 2471 3608 2540 jam

2015 2564 2145 2618 hinc
2162 2564 2490 2629 obtinuerit,
2510 2564 2617 2619 hoc
2644 2564 2821 2634 ipsum
2854 2565 2910 2618 in
2949 2565 3040 2619 illa
3077 2565 3167 2619 die
3194 2563 3303 2618 erit
3324 2564 3447 2634 ejus
3469 2563 3607 2629 vita.

2012 2670 2114 2726 per
2150 2655 2390 2721 Patrem,
2422 2664 2479 2710 et
2511 2654 2734 2721 Filium,
2785 2664 2843 2711 et
2892 2655 3165 2725 Spiritum
3212 2666 3487 2718 sanctum,
3544 2654 3604 2709 in

2016 2748 2237 2803 saecula.
2266 2746 2464 2803 Amen.
3546 2764 3547 2767 η

2470 2861 2626 2933 ιω
2673 2860 2959 2917 HOMlLlA
2991 2861 3154 2917 XLV.

2016 2952 2182 3009 Nulla
2240 2971 2332 3009 ars
2394 2962 2486 3025 aut
2558 2954 2754 3007 divitia:
2815 2954 2972 3025 hujus
3040 2954 3243 3017 mundi,
3316 2953 3408 3006 sed
3464 2952 3611 3009 solus

2087 3025 2283 3081 Christi
2346 3024 2603 3078 adventus
2641 3040 2850 3096 sanare
2882 3024 3167 3078 hominem
3214 3033 3403 3094 potest,
3461 3027 3612 3096 cujus

2084 3098 2379 3219 maﬁimam
2439 3112 2559 3150 cum
2630 3093 2741 3148 Deo
2796 3096 3165 3166 cognationem
3216 3093 3328 3149 lucc
3389 3093 3610 3150 homilia

2088 3182 2188 3221 eam
2214 3176 2341 3221 tcat.

2156 3184 2341 3237 pucat.

2088 3359 2133 3414 Ι.
2172 3357 2277 3425 Qui
2308 3356 2613 3413 solitariam
2638 3356 2809 3412 vitam
2862 3356 3052 3428 elegit,
3090 3355 3352 3411 universa
3392 3370 3514 3425 quae
3556 3353 3615 3409 in

2004 3450 2127 3506 hoc
2174 3450 2379 3505 szeculo
2435 3458 2759 3515 versantur,
2807 3464 2837 3503 a
2883 3464 2942 3504 se
2997 3440 3176 3502 aliena
3216 3456 3382 3517 atque
3448 3461 3616 3516 pere-

2010 3542 2184 3610 grina
2224 3540 2546 3594 existimare
2604 3538 2795 3592 debet.
2832 3536 2936 3604 Qui
2965 3538 3115 3591 enim
3150 3552 3280 3591 vere
3323 3536 3618 3607 prosequi—

2006 3642 2115 3687 .tur
2151 3647 2374 3687 crucem
2422 3631 2656 3695 Christi,
2717 3630 2978 3684 omnibus
3028 3630 3336 3699 abnegatis,
3382 3630 3470 3683 vel
3518 3645 3619 3685 sua

2030 3723 2207 3793 ipsius
2257 3723 2463 3787 anima,
2510 3722 2672 3775 ﬁxam
2726 3731 2966 3776 mentem
3014 3720 3067 3774 in
3123 3734 3365 3773 amorem
3411 3718 3619 3773 Christi

2023 3813 2232 3869 habere
2272 3813 2465 3877 debet,
2496 3819 2844 3881 anteponens
2882 3811 3142 3865 videlicet
3170 3809 3466 3864 Dominum
3518 3823 3620 3877 ρας

2024 3901 2298 3968 rentibus,
2332 3900 2620 3965 fratribus,
2653 3900 2829 3961 uxori,
2863 3899 3078 3963 liberis,
3110 3899 3377 3969 cognatis,
3402 3897 3619 3963 amicis,

2025 3993 2404 4050 facultatibus.
2453 3991 2569 4047 Hoc
2617 3991 2767 4047 enim
2820 3992 3091 4046 Dominus
3135 3991 3343 4056 innuit,
3389 3990 3619 4044 dicens:

2026 4084 2337 4157 Quicunque
2397 4102 2502 4139 non
2568 4085 2828 4139 dimiserit
2901 4092 3146 4155 patrem,
3218 4091 3310 4136 aut
3373 4091 3621 4147 matrem,

2026 4186 2121 4233 aut
2146 4178 2363 4248 fratres,
2392 4187 2486 4231 aut
2518 4194 2763 4242 uxorem,
2789 4186 2881 4231 aut
2905 4176 3113 4242 liberos,
3146 4184 3240 4230 aut
3266 4193 3446 4246 agros,
3470 4184 3519 4229 et
3541 4190 3626 4229 me

2029 4278 2241 4324 secutus
2281 4286 2386 4323 non
2414 4269 2595 4340 fuerit,
2619 4284 2723 4322 non
2758 4278 2832 4322 est
2857 4284 2936 4321 me
2958 4267 3171 4337 dignus.
3201 4266 3261 4320 In
3297 4267 3450 4321 nullo
3472 4266 3622 4321 enim

2028 4360 2138 4414 alio
2208 4359 2492 4414 invenitur
2555 4359 2705 4417 salus
2766 4357 3057 4412 hominum
3133 4366 3191 4411 et
3240 4357 3497 4426 requies,
3565 4364 3626 4410 ut

2026 4451 2366 4506 audivimus.
2413 4451 2559 4517 Quot
2595 4450 2745 4505 enim
2783 4465 2942 4521 reges
2974 4449 3324 4505 emicuerunt
3361 4465 3391 4505 e
3420 4465 3622 4515 genere

2026 4542 2179 4607 Adae,
2221 4543 2318 4612 qui
2360 4542 2508 4597 naCti
2556 4542 2866 4597 dominium
2920 4543 3195 4598 universa:
3246 4552 3427 4607 terra},
3485 4544 3628 4598 altos

323 4644 610 4712 εφάνησαν
660 4642 727 4693 ἐκ
769 4640 865 4693 τοῦ
891 4639 1083 4707 γένους
1126 4636 1331 4707 Ἀδὰμ,
1371 4633 1699 4705 κρατοῦντες
1742 4633 1911 4702 πάσης

2038 4636 2148 4691 sibi
2177 4635 2472 4691 sumebant
2511 4634 2744 4704 Spiritus
2786 4644 3013 4705 propter
3046 4636 3251 4707 regiam
3284 4636 3623 4705 potentiam!

315 4735 424 4802 τῆς
443 4737 566 4802 γῆς.
596 4732 743 4802 μέγα
767 4729 1091 4800 φρονοῦντες
1114 4728 1208 4781 ἐπὶ
1224 4730 1291 4798 τῇ
1314 4726 1570 4796 βασιλικῇ
1593 4723 1916 4794 δυναστείᾳι

317 4827 649 4882 καὶτούτων
676 4825 850 4887 οὐδεὶς
871 4822 960 4878 διά
974 4823 1074 4892 τῆς
1100 4821 1361 4893 τοιαύτης
1390 4820 1712 4889 ίκανότητος
1733 4818 1920 4887 ῐσχυσε

317 4921 590 4989 γνωρίσαι
630 4919 731 4990 τὴν
766 4920 829 4971 ἐκ
866 4917 969 4987 τῆς
1022 4915 1392 4985 παραϐάσεως
1436 4911 1535 4965 τοῦ
1571 4910 1791 4983 πρώτου
1819 4912 1919 4963 άν-

318 5012 548 5089 Θρὼπου
582 5008 1007 5064 ἐπεισελθοῦσαν
1047 5010 1115 5077 τῇ
1163 5006 1309 5076 ψυχῇ
1347 5004 1573 5070 κακίαν,
1610 5002 1709 5057 καὶ
1734 5001 1920 5054 σκοτί-

319 5121 498 5159 σασαν
531 5103 724 5175 αὐτὴν,
763 5102 900 5173 πρὸς
926 5100 990 5154 τὸ
1021 5099 1099 5169 μὴ
1134 5097 1433 5166 ἐπιγνῶναι
1465 5097 1568 5167 τὴν
1593 5094 1919 5166 μεταϐολὴν,

315 5196 405 5249 ὅτι
446 5194 663 5266 πρῶτον
699 5190 1022 5262 καθαρεύων
1057 5193 1087 5245 ό
1130 5189 1256 5253 νοῦς
1309 5187 1469 5259 ἐώρα.
1494 5186 1607 5241 τὸν.
1639 5186 1921 5257 Δεσπότην

316 5286 490 5340 αὐτοῦ
546 5287 605 5338 ἐν
654 5282 925 5353 ἀξιώματι
970 5281 1067 5346 ὢν,
1113 5280 1210 5335 καὶ
1244 5279 1343 5333 νῦν
1366 5279 1655 5333 ἐνδέδυται
1690 5277 1782 5332 διὰ
1822 5277 1921 5347 τὴν

320 5377 604 5430 ἔκπτωσιν
637 5376 923 5446 αἰσχύνην,
950 5373 1341 5443 τυφλωθεντων
1365 5372 1477 5426 τῶν
1498 5370 1801 5440 ὀφθαλμῶν
1825 5369 1923 5437 τῆς

318 5468 553 5540 καρδίας
573 5467 669 5521 τοῦ
699 5467 774 5538 μὴ
806 5466 1028 5537 βλέπειν
1047 5466 1266 5533 ἐκείνην
1297 5464 1396 5535 τὴν
1413 5462 1594 5529 δόξαν,
1627 5462 1694 5535 ἢν
1720 5461 1916 5515 ἕδλεπε

321 5562 433 5632 πρὸ
456 5562 555 5630 τῆς
590 5562 873 5631 παρακοῆς
904 5561 934 5612 ὸ
965 5560 1149 5631 πατὴρ
1176 5560 1338 5630 ἡμῶν
1370 5558 1561 5629 Ἀδάμ.

395 5654 472 5709 B'.
519 5653 801 5723 Ἐγένοντο
827 5653 887 5707 δὲ
922 5655 1015 5706 καὶ
1050 5652 1298 5724 διάφοροι
1328 5652 1483 5720 σοφοὶ
1514 5649 1656 5704 κατὰ
1682 5650 1907 5720 κόσμον·

319 5745 399 5809 ὧν
427 5751 476 5805 οί
510 5749 608 5821 μέν
647 5748 737 5804 διὰ
764 5748 1082 5819 φιλοσοφίας
1121 5747 1322 5819 ἀρετὴν
1354 5744 1697 5813 ἐπεδείξαντο
1722 5762 1737 5775 ο
1769 5747 1818 5799 οἱ
1851 5744 1907 5799 δὲ

400 5904 449 5947 *⁵
476 5904 523 5969 ιι
553 5904 697 5961 Petr.
730 5921 766 5972 ι,
803 5906 853 5961 4.
928 5904 973 5938 ⁸⁵
1000 5902 1136 5971 Luc,
1173 5920 1281 5972 xxv,
1307 5903 1407 5965 9.6;
1442 5901 1630 5958 Matth.
1666 5918 1718 5970 ιι,
1761 5900 1849 5955 '57.

2025 4725 2225 4780 horum
2260 4734 2443 4780 tamen
2482 4724 2670 4779 nullus
2696 4725 2896 4785 exhac
2918 4741 3105 4780 rerum
3136 4726 3301 4796 copia
3326 4727 3507 4795 potuit
3534 4740 3627 4779 co-

2024 4838 2313 4895 gnoscere,
2349 4821 2616 4876 malitiam
2648 4837 2680 4875 e
2714 4824 3159 4893 transgressione
3188 4822 3352 4891 primi
3378 4821 3627 4875 hominis

2023 4917 2432 4988 ingredientem
2473 4916 2529 4971 in
2562 4916 2824 4981 animam,
2873 4924 2930 4971 et
2975 4915 3438 4970 obtenebrautem
3480 4929 3625 4977 eam,

2023 5026 2095 5067 ne
2123 5017 2446 5082 agnosceret
2478 5008 2865 5074 mutationem,
2894 5008 3044 5078 quod
3071 5024 3271 5078 nempe
3296 5022 3454 5062 mens
3489 5022 3625 5076 pura

2024 5104 2181 5173 prius
2206 5102 2409 5158 viderit
2430 5102 2725 5157 Dominum
2778 5116 2941 5157 suum
2988 5101 3049 5156 in
3105 5099 3374 5170 dignitate
3422 5099 3624 5153 Consti-

2024 5202 2184 5261 tuta;
2218 5209 2369 5249 nunc
2402 5207 2537 5247 vero
2567 5191 2762 5246 induta
2788 5192 3105 5261 sitprOpter
3135 5191 3355 5260 lapsum
3387 5190 3623 5259 pudore.

2022 5286 2315 5342 excaecatis
2342 5284 2520 5341 oculis
2552 5282 2760 5351 cordis,
2798 5299 2869 5339 ne
2898 5284 3249 5361 conspiciant.
3281 5283 3517 5353 gloriam
3558 5281 3621 5335 il-

2020 5382 2129 5437 lam
2188 5397 2355 5451 quam
2415 5380 2707 5451 spectabat
2759 5389 2890 5436 ante
2954 5378 3395 5435 inobedieutiam
3465 5386 3625 5445 pater

2023 5483 2215 5528 noster
2249 5470 2447 5527 Adam.

2092 5652 2160 5707 ll.
2203 5650 2475 5707 Caeterum
2501 5648 2783 5719 sapientes
2804 5646 2860 5702 in
2886 5645 3095 5702 mundo
3120 5644 3277 5716 fuere
3300 5642 3627 5701 diversimo-

2023 5744 2101 5812 di,
2120 5758 2355 5815 quorum
2380 5740 2626 5797 nonnulli
2655 5737 3021 5811 philosophia:
3053 5733 3325 5792 beneﬁcio
3354 5734 3620 5791 virtutem
