3980 6420
472 370 577 433 787

1726 358 1789 420 s.
1826 341 2527 419 MACARII—IEGYPTII'
3605 366 3690 430 τοι

472 479 878 537 ostendebant:
931 477 1028 534 alii
1076 488 1239 539 vero,
1269 471 1344 529 ob
1372 466 1705 541 saphistiees
1732 466 2061 523 exercitium

2173 465 2264 538 τὴν
2296 464 2619 537 σοφιστικὴν
2644 463 3051 537 ἑξασκὴσαντες
3080 464 3587 544 ἑθαυμαστώθησαν·
3620 481 3696 533 ἀλ.

471 570 827 627 admirationi
860 578 994 625 sunt
1032 565 1211 624 habiti
1240 581 1255 617 :
1282 562 1378 618 alii
1413 559 1750 616 rhetoricam
1788 556 2065 612 docebant

471 662 801 733 gravitatem
848 678 863 715 :
912 660 1007 715 alii
1050 652 1396 729 grammatici
1439 660 1497 707 et
1554 658 1731 721 poeta:
1781 647 1913 703 facti
1964 663 2064 719 pro

474 753 731 808 instituto
745 748 1065 806 scribebant
1084 746 1373 802 historias.
1397 743 1571 797 Porro
1586 739 1817 795 fuerunt
1841 753 2064 809 quoque

474 842 613 897 varii
676 841 939 905 artiﬁces,
993 836 1115 909 qui,
1170 850 1294 906 qua:
1348 840 1479 889 sunt
1534 830 1593 886 in
1655 828 1886 893 mundo,
1915 836 2065 883 artes

474 941 864 990 exercuerunt.
907 931 1157 999 Quorum
1218 924 1473 981 nonnulli
1516 919 1744 992 quidem
1784 920 1841 974 in
1898 918 2065 989 lignis

478 1037 765 1083 tornantes
790 1039 993 1096 genera
1033 1020 1219 1077 avium
1265 1027 1322 1074 et
1371 1014 1631 1086 piscium,
1686 1021 1744 1068 et
1798 1011 2067 1082 imagines

478 1122 792 1183 hominum,
832 1118 889 1172 in
924 1116 1033 1171 illis
1060 1128 1219 1170 suam
1260 1107 1590 1165 industriam
1629 1112 2067 1163 commonstrare

479 1214 925 1271 contenderunt:
958 1207 1213 1265 nonnulli
1250 1218 1385 1260 vero
1435 1202 1492 1257 in
1520 1215 1629 1256 tere
1671 1196 2067 1254 similitudines

479 1318 786 1362 statuarum
822 1303 1173 1370 aliorumque
1202 1293 1573 1368 quorumdam
1604 1291 1857 1361 sculpere
1882 1288 2067 1345 conati

479 1408 634 1455 sunt:
690 1396 784 1452 alii
831 1394 1066 1450 aedilicia
1109 1388 1353 1461 ingentia
1400 1401 1465 1441 ac
1497 1383 1787 1457 splendida
1826 1380 2068 1437 fabrica-

479 1498 712 1546 verunt:
793 1487 890 1543 alii
956 1495 1165 1542 terram
1229 1480 1502 1537 fodientes
1576 1476 1843 1540 referunt,
1920 1471 2070 1545 quod

479 1579 880 1649 corrumpitur,
909 1589 1104 1631 aurum
1139 1582 1198 1629 et
1216 1581 1543 1643 argentum:
1577 1566 1669 1621 alii
1689 1564 1903 1636 lapides
1940 1578 2070 1634 pre-

480 1671 688 1725 tiosos:
766 1667 860 1723 alii
934 1680 1068 1720 vero
1139 1660 1389 1732 corporis
1468 1655 1741 1727 elegantia
1828 1651 2071 1725 praediti,

481 1775 607 1815 cum
678 1758 750 1813 ob
812 1762 1163 1811 venustatem
1232 1750 1423 1806 vultus
1491 1747 1578 1804 sui
1640 1744 2070 1811 extollerentur,

2164 558 2247 613 λοι
2305 558 2407 631 τὴν
2458 558 2756 631 ῥητορικὴν
2817 558 3173 629 ,ἐπεδείξαντο
3232 560 3527 635 δεινότηταο
3574 568 3698 625 ἄλλοι

2163 652 2551 724 γραμματικοὶ
2582 652 2677 706 καὶ
2704 652 2930 721 ποιηταὶ
2976 653 3285 722 γενόμενοι,
3314 655 3409 719 τὰς
3434 658 3564 712 κατὰ
3601 678 3702 714 συν-

2166 742 2341 815 θήκην
2385 743 2628 813 ἱστορίας
2657 744 2987 815 εγράψαντο.
3031 743 3192 799 Ἀλλά
3238 746 3330 800 καὶ
3364 751 3584 818 τεχνῖται
3611 752 3703 805 διά-

2166 853 2324 908 φοροι
2368 836 2628 906 γεγόνασι
2670 835 2772 899 τὰς
2819 836 2965 892 κατὰ
2993 837 3085 890 τὸν
3114 839 3317 909 κόσμον
3347 840 3704 913 ὲξασκήσαντες

2165 930 2361 1000 τέχνας
2384 944 2399 959 ⁸
2430 920 2507 982 ὧν
2538 928 2589 981 oi
2626 928 2725 998 μὲν
2752 930 2811 983 ὲν
2854 932 2968 993 τοῖς
3007 930 3183 995 ξύλοις
3212 932 3575 1004 τορνεύσαντες
3598 936 3705 1007 γένη

2166 1020 2389 1093 ὀρνέων,
2424 1020 2521 1075 καλ⁵
2549 1020 2769 1091 ἰχθύων,
2797 1021 2893 1075 καὶ
2926 1022 3140 1087 εἰκόνας
3167 1022 3487 1095 ἀνθρώπων,
3516 1028 3569 1079 ἂν
3592 1027 3707 1081 ὲκεί-

2166 1129 2280 1177 νοις
2311 1112 2409 1185 τὴν
2439 1113 2647 1167 ἑαυτῶν
2692 1114 2895 1185 ἀρετὴν
2924 1114 3187 1181 ἐπιδεῖξαι
3211 1116 3560 1173 ἐσπούδασαν⁸
3586 1117 3711 1172 ἄλλοι

2166 1202 2224 1257 δὲ
2288 1202 2376 1257 διὰ
2414 1203 2619 1274 χαλκοῦ
2670 1205 2991 1276 ὁμοιώματα
3046 1207 3379 1278 ἀνδριάντων
3426 1207 3520 1262 καὶ
3564 1209 3712 1263 ἄλλων

2167 1292 2334 1347 τινῶν
2372 1296 2743 1369 ἐπεχείρησαν
2786 1298 3221 1353 κατασκευάσαι·
3272 1298 3419 1353 ἄλλοι
3465 1300 3714 1371 οἰκοδομὰς

2173 1387 2439 1459 μεγίστας
2464 1386 2561 1442 καὶ
2584 1386 2934 1457 περικαλλεῐς
2960 1386 3204 1443 ἔκτισαν·
3233 1389 3411 1462 ἕτεροι
3438 1390 3493 1445 δὲ
3520 1392 3610 1461 τὴν
3632 1392 3716 1461 γῆν

2170 1478 2520 1551 ὀρύσσοντες,
2545 1479 2881 1552 ἀναφέρουσι
2904 1480 2995 1536 τὸν
3017 1479 3376 1554 φθειρόμενον
3395 1484 3619 1554 ἄργυρον
3644 1486 3719 1538 καὶ

2171 1571 2395 1643 χρυσόνο
2442 1570 2595 1627 ἄλλοι
2654 1571 2711 1625 δὲ
2768 1571 2949 1636 λίθους
2977 1573 3193 1645 τιμίους
3228 1590 3245 1607 ο
3280 1574 3432 1630 άλλοι
3473 1575 3527 1629 δὲ
3575 1576 3721 1646 κάλλη

2175 1662 2446 1733 σωμάτων
2470 1661 2709 1733 ἔχοντες,
2758 1662 2851 1716 ἐπὶ
2885 1667 2953 1735 τῇ
2986 1663 3284 1736 ώραιότητι
3313 1666 3423 1720 τῶν
3452 1665 3722 1736 προσώπων

2175 1752 2552 1825 ιπαιρόμενοι,
2599 1752 2802 1824 μᾶλλον
2834 1753 3231 1825 ὲδελεάσθησαν
3268 1756 3374 1811 ὑπὸ
3400 1756 3492 1812 τοῦ
3520 1758 3723 1818 Σατανᾶ,

482 1850 658 1920 magis
694 1847 864 1903 illecti
920 1853 1051 1901 sunt
1099 1860 1130 1899 a
1188 1842 1415 1905 Satana,
1467 1847 1636 1909 atque
1681 1838 1739 1892 in
1781 1845 2069 1907 peccatum

2174 1844 2269 1898 καὶ
2292 1821 2674 1915 ετίςγάμαρτίαν
2710 1844 2929 1902 ιπεσον.
2972 1847 3087 1901 Καὶ
3112 1821 3263 1902 οὗτοι
3290 1850 3490 1913 πάντες
3511 1850 3557 1902 οἱ
3585 1852 3726 1920 προρ-

482 1942 644 2012 lapsi.
682 1942 748 1995 Et
784 1940 843 1995 hi
893 1952 1087 1994 omnes
1145 1934 1395 2007 praedicti
1448 1931 1693 1988 artifices
1740 1929 1949 1985 detenti
2001 1927 2071 1982 ab

2175 1936 2435 2008 ῥηθέντες
2471 1938 2733 2008 τεχνῖται,
2785 1937 3142 2011 κατεχόμενοι
3184 1941 3292 1995 ὑπὸ
3342 1940 3439 1995 τοῦ
3482 1940 3618 1995 ἔνδον
3660 1943 3726 1994 οἱ·

485 2028 638 2084 intus
715 2026 1005 2081 habitante
1055 2028 1338 2090 serpente,
1407 2027 1465 2072 et
1513 2031 1626 2071 non
1676 2024 2071 2086 cognoscentes

2175 2027 2402 2092 κοῦντος
2437 2027 2639 2098 δφεως,
2670 2029 2767 2084 καὶ
2795 2029 2873 2101 μὴ
2907 2030 3137 2099 γνόντες
3169 2030 3271 2105 τὴν
3308 2032 3553 2088 σύνοικον
3574 2034 3727 2095 αὐτοῖς

485 2133 675 2175 secum
707 2115 957 2171 habitare
984 2120 1296 2182 peccatum,
1323 2106 1526 2179 captivi
1550 2122 1615 2162 ac
1629 2104 1775 2161 servi
1798 2120 2071 2176 perversa:

2175 2120 2476 2190 ἁμαρτίαν,
2513 2121 2852 2193 αἰχμάλωτοι
2897 2123 2993 2179 καὶ
3041 2104 3235 2179 δοῦλοι
3257 2124 3363 2195 τῆς
3398 2127 3628 2197 πονηρᾶς
3652 2123 3728 2176 δυ-

486 2207 778 2278 potestatis
811 2204 943 2260 facti
967 2212 1119 2268 sunt,
1151 2201 1294 2257 nihil
1317 2197 1491 2272 adjuti
1526 2213 1558 2252 a
1601 2195 1832 2251 scientia
1865 2203 1919 2251 et
1953 2205 2071 2251 arte

2175 2213 2393 2282 νάμεως
2421 2215 2705 2282 γεγόνασι.
2741 2213 2912 2286 μηδὲν
2959 2214 3339 2287 ὠφεληθέντες
3378 2217 3487 2272 ἀπὸ
3632 2219 3728 2270 ὲπι-

484 2315 608 2356 sua.
2177 2306 2394 2376 στήμης
2420 2305 2514 2359 καὶ
2543 2306 2740 2378 τέχνης
2782 2306 2985 2363 αὐτῶν.

555 2404 646 2460 ΠΙ.
675 2404 885 2460 Similis
912 2412 997 2459 est
1025 2416 1157 2473 ergo
1190 2399 1454 2466 mundus,
1483 2399 1635 2455 omni
1663 2398 1929 2454 varietate
1956 2396 2071 2468 ple-

2248 2397 2322 2453 I".
2362 2398 2583 2453 Ἔοικεν
2620 2395 2716 2454 οὖν
2761 2402 2790 2455 ό
2822 2400 3049 2471 κόσμος,
3082 2401 3112 2454 δ
3142 2400 3325 2474 πάσης
3364 2401 3625 2465 ποικιλίας
3657 2418 3731 2454 πε-

484 2513 610 2563 nus,
638 2495 849 2551 homini
875 2493 1037 2549 diviti
1086 2492 1395 2563 possidenti
1445 2491 1640 2546 domos
1676 2489 1993 2561 splendidas
2018 2497 2071 2544 et

2177 2491 2559 2563 πληρωμένος,
2617 2492 2894 2565 ἀνθρώπῳ
2948 2492 3192 2566 πλουσίῳ
3222 2496 3549 2568 κεκτημένῳ
3574 2495 3730 2560 οίκους

485 2605 731 2661 magnas,
752 2603 950 2643 aurum
979 2596 1034 2642 et
1051 2595 1366 2658 argentum,
1386 2599 1452 2639 ac
1468 2583 1848 2655 possessiones
1870 2582 2071 2647 varias,

2176 2583 2465 2656 λαμπροὺς
2491 2586 2587 2643 καὶ
2619 2585 2915 2657 μεγάλους,
2939 2588 3142 2659 χρυσόν
3169 2607 3230 2643 τε
3258 2592 3354 2645 καὶ
3374 2591 3629 2663 ἄργυρον,
3653 2592 3730 2644 καὶ

487 2695 756 2751 omneque
782 2679 1149 2734 ministerium
1171 2675 1530 2731 invidendum
1552 2691 1566 2728 :
1592 2689 1786 2730 verum
1802 2689 1928 2729 cum
1949 2690 2071 2744 gra-

2178 2675 2406 2745 κτήσεις
2452 2675 2748 2747 διαφόρους
2769 2719 2788 2745 ,
2820 2678 2917 2733 καὶ
2951 2682 3134 2735 πᾶσαν
3172 2680 3479 2752 ὑπηρεσίαν
3508 2680 3727 2752 ἄφθονον·

486 2772 630 2826 viter
662 2771 869 2825 morbis
908 2778 1071 2839 atque
1099 2766 1492 2823 aﬂlictionibus
1524 2764 1909 2831 distineretur,
1941 2765 2071 2819 asti-

2178 2765 2391 2837 ἁθρόως
2431 2766 2487 2820 δὲ
2512 2768 2831 2839 συσχεθέντι
2861 2770 3039 2836 νόσοις
3081 2771 3178 2825 καὶ
3210 2772 3413 2827 πάθεσι
3446 2774 3590 2827 πᾶσα
3615 2789 3731 2841 παρ-

490 2872 677 2918 terunt
700 2862 749 2916 ei
782 2862 968 2917 cuncti
999 2860 1215 2931 cognati
1251 2874 1377 2914 cum
1407 2856 1671 2912 omnibus
1714 2856 1915 2927 opibus
1965 2870 2071 2909 non

2179 2858 2411 2928 έστηκεν
2436 2860 2472 2929 ἠ
2501 2859 2815 2929 συγγένεια,
2849 2862 2987 2931 μετὰ
3028 2863 3234 2927 παντὸς
3261 2864 3359 2918 τοῦ
3392 2864 3638 2926 πλούτου.
3670 2862 3730 2933 μὴ

487 2955 735 3009 valentes
761 2968 887 3007 eum
920 2968 987 3008 ex
1034 2951 1355 3006 inﬁrmitate
1405 2947 1691 3019 expedire.
1741 2946 1901 3001 Nulla
1944 2960 2071 3016 ergo

2178 2951 2458 3024 δυναμένη
2506 2953 2671 3008 αὐτὸν
2710 2954 2991 3022 ἐξελέσθαι
3036 2959 3137 3026 τῆς
3184 2957 3489 3021 ἀσθενείας.
3526 2954 3733 3027 Οὐδεμία

488 3046 773 3117 diligentia
802 3060 1018 3107 eorum,
1055 3043 1152 3113 qui
1185 3051 1315 3097 sunt
1346 3042 1403 3096 in
1432 3039 1658 3104 steculo,
1699 3054 1808 3094 non
1851 3038 2071 3103 fratres,

2176 3042 2363 3097 τοίνυν
2408 3044 2617 3114 σπουδὴ
2655 3044 2765 3098 τῶν
2815 3047 2957 3100 κατὰ
3002 3046 3096 3100 τὸν
3137 3046 3272 3117 βίον,
3301 3048 3409 3101 οὐκ
3439 3046 3732 3114 άδελφοὶ,οὐ

490 3154 603 3193 non
637 3137 865 3196 divitize.
900 3152 1011 3190 non
1037 3134 1329 3197 fortitudo,
1368 3149 1472 3187 nec
1500 3132 1628 3198 alia,
1659 3148 1783 3201 qua:
1812 3131 2071 3202 praedicta

2180 3133 2433 3226 πλοῦτος,
2466 3135 2567 3189 οὐκ
2593 3134 2807 3203 ἀνδρία,
2830 3134 2948 3190 οὔτ’
2975 3137 3133 3202 ἄλλα,
3171 3137 3272 3192 ὅσα
3302 3138 3639 3212 προείρηται,
3653 3136 3734 3217 τὴν

491 3240 641 3293 sunt,
676 3230 983 3284 demersam
1020 3244 1050 3282 a
1080 3234 1306 3297 peccato
1345 3226 1612 3289 animam,
1676 3233 1733 3279 et
1774 3242 1898 3295 qua:
1934 3240 2071 3295 pure

2181 3223 2626 3297 βεδαπτισμένην
2652 3227 2758 3280 ὑπὸ
2790 3228 2888 3297 τῆς
2926 3228 3203 3299 ἁμαρτίας
3235 3228 3444 3301 ψυχὴν,
3472 3230 3566 3283 καὶ
3593 3212 3737 3280 καθα-

490 3320 811 3390 prospicere
859 3318 1074 3388 nequit,
1129 3317 1377 3386 eripiunt
1420 3331 1451 3371 e
1491 3324 1719 3385 peccato
1764 3315 1905 3379 ;scd
1958 3315 2071 3369 sola

2182 3316 2291 3387 ρῶς
2316 3316 2604 3387 διαϐλέψαι
2638 3316 2715 3388 μὴ
2757 3318 3084 3390 δυναμένην,
3115 3319 3419 3391 ἐξαιρεῖται
3456 3320 3550 3389 τῆς
3579 3320 3736 3388 ἁμαρ-

488 3411 700 3467 Christi
732 3411 1003 3481 apparitio
1035 3424 1345 3479 expurgare
1382 3416 1567 3479 potest
1594 3408 1834 3462 animam
1862 3417 1920 3461 et
1949 3422 2076 3461 cor-

491 3513 616 3575 pus.
643 3498 727 3553 Ab
756 3498 904 3552 omni
937 3498 1106 3568 igitur
1128 3498 1294 3567 hujus
1329 3496 1459 3551 vita:
1492 3510 1624 3550 cura
1669 3495 1912 3559 liberati,
1974 3511 2073 3550 va-

489 3606 679 3645 cemus
711 3590 963 3655 Domino,
999 3590 1302 3644 clamantes
1331 3588 1399 3643 ad
1445 3603 1574 3643 eum
1622 3596 1792 3643 noctu
1844 3587 2074 3656 diuque.

494 3680 655 3754 1M
685 3680 922 3736 Mundus
950 3681 1099 3736 enim
1126 3680 1217 3735 hic
1248 3679 1601 3750 conspicuus,
1645 3689 1703 3735 et
1727 3695 1850 3749 qua:
1878 3688 1965 3733 est
2018 3677 2076 3733 in

488 3787 558 3825 eo
592 3772 831 3842 requies,
869 3784 1077 3843 quanto
1107 3772 1283 3844 magis
1313 3786 1517 3843 corpus
1551 3770 1815 3826 videntur
1858 3769 2073 3836 fovere,

490 3872 643 3922 tanto
674 3864 1057 3919 vehementius
1073 3864 1271 3919 anima:
1290 3862 1616 3918 aﬂ‘eetiones
1644 3860 1886 3927 irritant,
1909 3868 2076 3931 atque

489 3964 693 4029 augent
720 3957 841 4028 ejus
875 3956 1252 4012 aﬂlictionem.

557 4140 651 4195 IV.
683 4138 919 4206 Quidam
956 4153 1090 4192 vero
1119 4136 1207 4191 vir
1229 4136 1500 4207 prudens,
1556 4151 1682 4191 cum
1732 4135 2078 4191 desideraret

489 4247 678 4285 curam
706 4246 897 4301 gerere
926 4230 1011 4284 sui
1036 4228 1230 4293 studii,
1271 4227 1560 4283 contendit
1613 4228 1855 4297 experiri
1890 4228 2076 4283 omnia

490 4338 614 4393 qua:
639 4324 939 4376 volvuntur
970 4321 1027 4375 in
1054 4321 1158 4375 hoc
1200 4319 1428 4385 mundo,
1457 4320 1503 4375 si
1539 4319 1683 4374 forte
1714 4320 2076 4375 emolumenti

491 4415 626 4483 quid
662 4414 911 4468 invenire
950 4413 1144 4483 possit.
1164 4412 1412 4467 Accessit
1441 4411 1511 4466 ad
1532 4426 1713 4482 reges,
1735 4420 1993 4481 potentes
2017 4421 2076 4467 et

2175 3409 2317 3476 τίας,
2357 3410 2407 3462 εί
2448 3410 2522 3481 μὴ
2551 3410 2686 3481 μόνη
2713 3412 2749 3481 ή
2786 3411 2881 3465 τοῦ
2905 3412 3143 3483 Χριστοῦ
3185 3414 3482 3482 ἐπιφάνεια
3535 3409 3736 3481 καθαρί-

2180 3511 2273 3549 σαι
2335 3494 2562 3551 δύναται
2633 3496 2815 3569 ψυχὴν
2888 3499 2984 3552 καὶ
3032 3499 3213 3570 σῶμα.
3242 3502 3437 3573 Πάσης
3468 3497 3735 3555 οὖνάπιλ-

2177 3587 2440 3657 λαγέντες
2476 3588 2579 3659 τῆς
2607 3590 2751 3643 κατὰ
2788 3590 2882 3645 τὸν
2904 3590 3025 3662 βίον
3076 3591 3371 3664 μερίμνης,
3421 3593 3738 3663 σχολάσωμεν

2176 3681 2255 3752 τῷ
2286 3682 2497 3753 Κυρίῳ,
2531 3682 2765 3754 βοῶντες
2809 3684 2947 3754 πρὸς
2983 3686 3146 3739 αὐτὸν
3174 3686 3374 3750 νυκτὸς
3400 3688 3495 3741 καὶ
3531 3686 3736 3757 ἡμέρας.

2188 3774 2252 3830 '0
2291 3778 2401 3847 γὰρ
2450 3778 2779 3847 φαινόμενος
2816 3771 2974 3841 οὗτος
3030 3778 3235 3848 κόσμος
3294 3779 3394 3831 καὶ
3430 3780 3465 3850 ἡ
3508 3780 3564 3832 ὲν
3615 3772 3739 3842 αὐτῷ

2178 3868 2503 3932 ἀνάπαυσις,
2538 3870 2649 3939 δσῳ
2688 3866 2750 3922 τὸ
2777 3868 2937 3940 σῶμα
2964 3868 3184 3923 δοκοῦσι
3211 3868 3467 3934 θάλπειν,
3515 3867 3740 3923 τοσοῦτον

2176 3957 2279 4028 τῆς
2310 3957 2492 4028 ψυχῆς
2536 3958 2605 4011 τὰ
2646 3957 2794 4031 πάθη
2824 3959 3213 4033 παροξύνουσι,
3245 3959 3346 4015 καὶ
3378 3961 3625 4027 αὔξουσιν
3656 3957 3739 4013 αὺ-

2176 4050 2280 4120 τῆς
2306 4050 2408 4121 τὴν
2450 4051 2725 4108 κάκωσιν.

2251 4139 2328 4197 Δ’.
2369 4142 2533 4214 Ἀνὴρ
2560 4143 2618 4197 δέ
2650 4160 2735 4209 τις
2762 4143 3029 4216 φρόνιμος
3065 4144 3423 4216 ἐπιθυμήσας
3451 4143 3741 4214 ἐπιμέλειαν

2177 4232 2513 4303 ποιήσασθαι
2545 4233 2649 4303 τῆς
2681 4234 2944 4305 σπουδῆς,
2976 4234 3310 4290 ἐσπούδασεν
3354 4230 3742 4306 ἀποπειρασθῆ-

2177 4341 2267 4377 ναι
2314 4324 2535 4379 πάντων
2573 4324 2686 4378 τῶν
2732 4323 3074 4395 κυλιομένων
3119 4326 3180 4379 έν
3230 4325 3308 4396 τῷ
3353 4325 3509 4381 αίῶνι
3556 4322 3739 4391 τούτῳ,

2177 4417 2350 4481 εῑπως
2378 4416 2562 4489 εὑρεῖν
2586 4416 2856 4486 ὠφέλειαν
2882 4417 3107 4489 δυνηθῇ.
3154 4418 3436 4487 Προσῆλθε
3470 4415 3761 4489 βασιλεῦσι,

491 4508 792 4578 principes,
825 4522 929 4561 nec
979 4505 1190 4561 invenit
1236 4504 1508 4560 medelam
1546 4505 1868 4569 salutarem,
1908 4520 2071 4575 quam

2181 4508 2492 4572 δυνάσταις,
2526 4508 2778 4580 ἄρχουσι,
2812 4508 2908 4563 καὶ
2932 4509 3036 4580 οὐχ
3061 4504 3223 4581 εὗρεν
3252 4510 3394 4581 ῐαμα
3418 4507 3739 4579 σωτηριῶδες

490 4599 620 4654 inde
653 4599 850 4653 animae
882 4598 1143 4655 afferret:
1190 4607 1248 4653 et
1287 4612 1413 4653 cum
1443 4598 1530 4655 his
1562 4597 1658 4651 diu
1688 4606 2072 4661 conversatus,

488 4692 627 4752 nihil
644 4691 1004 4748 emolumenti
1028 4690 1295 4762 percepit.
1316 4689 1468 4746 Abiit
1493 4689 1679 4743 denuo
1701 4689 1769 4744 ad
1797 4688 2076 4759 sapientes

489 4785 683 4842 mundi
714 4793 770 4840 et
795 4792 1068 4849 oratores,
1099 4799 1241 4853 quos
1266 4782 1465 4837 eodem
1491 4798 1715 4853 quoque
1750 4784 1914 4839 modo
1940 4783 2075 4839 reli-

488 4879 628 4948 quit,
661 4878 876 4932 nullum
904 4877 1121 4932 lucrum
1137 4875 1415 4930 referens:
1442 4876 1664 4934 transiit
1684 4891 1783 4946 per
1809 4875 2073 4945 pictores,

486 4979 543 5027 et
576 4987 673 5025 eos
703 4971 795 5039 qui
824 4977 1110 5025 aurumet
1160 4976 1452 5038 argentum
1505 4982 1538 5022 e
1604 4976 1752 5025 terra
1799 4968 2073 5031 referunt,

487 5075 652 5133 atque
673 5078 773 5134 per
795 5078 991 5118 omnes
1032 5061 1297 5125 artiﬁces,
1359 5077 1465 5117 nec
1507 5063 1675 5118 ullam
1724 5064 2075 5119 curationem

491 5158 671 5226 potuit
705 5156 820 5211 suis
856 5156 1107 5210 invenire
1131 5155 1477 5211 vulneribus.
1528 5156 1777 5212 Tandem
1809 5158 2076 5213 recedens

489 5249 556 5301 ab
591 5247 697 5308 his.
730 5248 1047 5317 inquirebat
1068 5248 1171 5303 sibi
1204 5249 1399 5315 Deum,
1431 5250 1527 5319 qui
1561 5260 1719 5307 sanat
1751 5250 2074 5305 affectiones

488 5349 543 5393 et
566 5340 792 5395 morbos
823 5340 1049 5397 animae:
1084 5357 1211 5397 cum
1229 5358 1362 5397 vero
1386 5358 1444 5397 se
1466 5344 1646 5413 ipsum
1669 5343 2071 5407 consideraret,

488 5439 543 5483 et
575 5431 691 5485 haec
734 5431 1118 5495 meditaretur,
1164 5432 1511 5502 deprehensa
1540 5442 1626 5489 est
1664 5449 1823 5490 mens
1867 5435 2012 5505 ejus,
2042 5450 2074 5488 a

489 5522 691 5589 quibus
720 5523 888 5577 rebus
908 5533 1072 5579 antea
1103 5533 1371 5595 occupata
1396 5525 1577 5596 palam
1609 5534 1935 5591 recesserat,
1953 5543 2071 5583 cas-

489 5612 615 5668 dem
643 5614 850 5670 odisse.

564 5783 627 5840 γ.
653 5784 1128 5853 Quemadmodum
1146 5804 1281 5845 vero
1305 5788 1501 5846 mulier
1522 5790 1772 5862 quadam
1794 5790 1852 5847 in
1867 5791 2071 5849 mundo

2177 4600 2393 4654 εκετθεν
2431 4602 2499 4674 τῇ
2535 4600 2685 4673 ψυχῇ
2730 4602 3116 4670 προσενέγκαιο
3160 4599 3257 4655 καὶ
3296 4601 3509 4665 τούτοις
3535 4596 3738 4656 ἐπιπολὺ

2179 4691 2588 4765 συνδιατρίψας,
2627 4692 2782 4747 οὐδὲν
2828 4691 3059 4763 ὤνησεν.
3114 4692 3388 4764 ’Δπῆλθεν
3436 4690 3590 4755 αὖθις
3621 4689 3737 4763 πρὸς

2175 4782 2305 4845 τοὺς
2338 4782 2537 4850 σοφοὺς
2569 4780 2665 4836 τοῦ
2699 4781 2911 4852 κόσμου
2940 4783 3038 4837 καὶ
3072 4783 3330 4853 ῥήτορας*
3363 4783 3442 4853 τῷ
3469 4781 3614 4851 αὐτῷ
3639 4777 3743 4849 τρό-

2178 4889 2267 4943 πῳ
2295 4870 2560 4929 κατέλιπε
2605 4871 2913 4937 κάκείνους,
2943 4871 3110 4943 μηδὲν
3152 4872 3345 4942 κέρδος
3383 4870 3739 4940 ἀπενεγκάμε-

2176 4979 2288 5025 νος.
2323 4963 2518 5033 Διῆλθε
2547 4962 2639 5018 διὰ
2663 4963 2773 5017 τῶν
2802 4963 3135 5032 ζωγράφων,
3168 4968 3262 5019 καὶ
3289 4964 3398 5019 τῶν
3430 4964 3524 5018 τὸν
3561 4958 3739 5033 χρυσὸν

2177 5055 2541 5127 καὶλᾶργυρον
2573 5056 2682 5110 ἀπὸ
2721 5056 2827 5126 γῆς
2881 5056 3288 5129 ἀναφερόντων,
3322 5056 3415 5110 διὰ
3443 5058 3651 5113 πάντων
3688 5066 3739 5107 τε

2175 5146 2285 5202 τῶν
2320 5148 2605 5218 τεχνιτῶν,
2653 5150 2750 5202 καὶ
2798 5147 3056 5219 οὐδεμίαν
3089 5148 3389 5220 θεραπείαν
3422 5150 3607 5219 ίσχυσε
3644 5144 3737 5204 τοῖς

2180 5240 2333 5305 ιδίοις
2387 5243 2642 5313 ὲφευρεῖν
2678 5241 2981 5312 τραύμασι,
3030 5240 3196 5304 Τέλος
3228 5242 3585 5312 ἀναχωρήσας
3628 5233 3735 5288 τού-

2174 5351 2303 5401 των,
2342 5335 2599 5407 ἑπεζήτει
2624 5334 2805 5405 ἑαυτῷ
2840 5333 2976 5388 θεὸν
3010 5331 3239 5404 ἰώμενον
3266 5332 3335 5386 τὰ
3370 5331 3513 5400 πάθη
3540 5330 3626 5383 καὶ
3651 5323 3737 5386 τὰς

2174 5425 2363 5489 νόσους
2395 5426 2496 5496 τῆς
2526 5426 2739 5496 ψυχῆς,
2778 5426 2859 5489 ώς
2896 5424 2961 5480 δὶ
3006 5425 3377 5478 ἐπεσκέπτετο
3415 5421 3621 5483 ἑαυτὸν,
3654 5415 3734 5469 καὶ

2174 5518 2346 5572 ταῦτα
2373 5519 2724 5587 διελογίζετο,
2762 5517 2963 5591 εὑρέθη
3009 5516 3186 5581 ὁνοῦς
3229 5515 3396 5572 αὐτοῦ
3444 5519 3501 5569 ὲν
3526 5511 3733 5568 ἐκείνοις

2177 5610 2515 5682 ῥεμϐόμενος
2551 5613 2668 5676 τοῖς
2713 5610 3059 5682 πράγμασιν,
3085 5603 3163 5665 ὧν
3197 5607 3447 5680 φανερῶς
3482 5602 3734 5674 ἀνεχώρηο

2177 5717 2259 5763 σε,
2292 5702 2530 5770 μισήσας
2558 5702 2719 5757 αὐτὰ.

2246 5793 2322 5848 Εό
2355 5794 2569 5867 Ὥσπερ
2599 5794 2655 5848 δὲ
2708 5796 2843 5868 γυνή
2897 5814 2983 5861 τις
3044 5796 3102 5853 ἓν
3157 5794 3348 5867 κόσμῳ
3378 5788 3616 5857 πλουσία,
3649 5782 3728 5837 καὶ
