3980 6422
175 390 297 456 789

1381 374 1751 453 HOMILLE,
1782 408 1854 426 -·
1884 386 2277 475 ΗΟΜεΧΙΝς

3346 384 3458 448 ⁸790

180 503 453 573 χρήματα
486 499 659 557 πολλὰ
682 502 775 557 καὶ
798 494 947 556 οἶκον
979 502 1233 574 λαμπρὸν
1268 503 1492 574 ἔχουσα,
1522 502 1768 556 λείπεται

1893 501 2139 573 ocuples,
2200 500 2289 555 vel
2327 498 2538 570 amplas
2584 497 2810 555 divitias
2856 510 2922 552 ac
2980 493 3209 549 domum
3245 493 3465 564 ωειςηί-

180 593 561 663 προστασίας·
590 595 686 648 καὶ
725 596 773 648 οἱ
806 594 1167 667 ἐπερχόμενοι
1214 597 1309 650 ἐπὶ
1354 596 1417 649 τὸ
1446 594 1646 666 βλάψαι
1670 594 1774 663 αύ-

182 685 314 755 τὴν,
361 686 455 737 καὶ
498 686 599 749 τὰς
634 688 879 757 οἰκήσεις
919 687 1230 758 ἐρημῶσαι,
1281 686 1503 741 πολλοίο
1546 685 1773 756 κάκείνη

189 776 273 847 μὴ
310 778 555 847 φέρουσα
584 780 683 849 τὴν
715 779 895 852 ὓϐριν,
929 781 1276 852 περιέρχεται
1321 779 1563 851 ζητοῦσα
1605 778 1776 849 ἄνδρα

186 865 485 935 δυνάστην,
511 869 694 922 ἱκανόν
725 887 784 923 τε
818 871 911 923 καὶ
947 871 1382 941 πεπαιδευμένον
1415 871 1473 922 ἐν
1500 871 1656 923 πᾶσι·
1682 868 1777 921 καὶ

187 955 325 1008 ὅταν
375 956 547 1011 πολλὰ
605 960 994 1032 ἀγωνισαμένη
1062 960 1201 1032 λάϐῃ
1265 960 1506 1014 τοιοῦτον
1567 959 1774 1031 ἀνδρα,

191 1048 525 1117 ἀγαλλιᾶται
577 1050 663 1103 ἐπ’
698 1051 869 1123 αὐτῷ,
903 1052 997 1106 καὶ
1036 1053 1150 1124 ἔχει
1190 1052 1350 1107 αὐτὸν
1395 1052 1516 1106 ἀντὶ
1561 1052 1778 1122 τείχους

192 1140 447 1212 ἰσχυροῦ·
481 1144 573 1196 τὸν
604 1145 767 1198 αὐτὸν
798 1149 997 1216 τρόπον
1041 1148 1073 1217 ή
1107 1146 1255 1217 ψυχὴ
1301 1146 1439 1217 μετὰ
1466 1147 1565 1216 τὴν
1597 1142 1778 1214 παρά-

193 1231 380 1298 6ασιν,
412 1236 643 1288 ἐπιπολὺ
675 1236 917 1292 θλιόεῖσα
947 1240 1052 1292 ὑπὸ
1076 1240 1174 1310 τῆς
1198 1238 1444 1301 ἐναντίας
1471 1238 1773 1307 δυνάμεως,

193 1324 292 1376 καὶ
327 1327 408 1389 είς
441 1326 685 1397 μεγάλην
718 1329 952 1400 ἐρημίαν
986 1330 1328 1402 ἐμπεσοῦσα,
1361 1330 1458 1383 καλ⁵
1490 1330 1655 1400 χήρα,
1680 1328 1776 1381 καὶ

198 1418 565 1487 μεμονωμένη
602 1419 709 1472 ἀπὸ
736 1420 829 1474 τοῦ
858 1422 1181 1492 ἐπουρανίου
1209 1423 1401 1491 ἀνδρὸς
1429 1422 1516 1476 διά
1547 1423 1645 1491 τὴν
1671 1437 1779 1474 πα-

196 1509 434 1580 ράϐασιν
479 1511 580 1582 τῆς
633 1513 854 1585 ἐντολῆς
901 1515 1330 1584 καταλειφθεῖσα
1381 1515 1477 1569 καὶ
1524 1514 1778 1584 παίγνιον

194 1602 401 1668 πάσαις
437 1606 557 1668 ταῖς
592 1607 996 1676 ἀντικειμέναις
1037 1607 1299 1678 δυνάμεσι
1338 1608 1639 1678 γενομένῳ
1693 1608 1779 1674 ἐξ·

195 1694 439 1763 ἔστησαν
482 1696 589 1766 γὰρ
615 1697 785 1767 αὐτὴν
817 1698 926 1753 τῶν
965 1698 1107 1752 [δίων
1137 1698 1368 1769 φρενῶν,
1399 1699 1778 1769 θαμϐήσαντες

1876 597 2034 651 licam
2065 594 2372 666 possidens,
2411 592 2736 649 destituitur
2789 589 2995 645 auxilio
3022 596 3080 642 et
3108 586 3453 657 patrocinio;

1873 696 1929 743 et
1957 687 2051 758 qui
2088 687 2142 741 in
2171 701 2291 741 eam
2322 686 2617 755 insurgunt
2645 692 2707 738 ut
2733 697 2854 737 eam
2882 681 3102 743 laedant,
3129 687 3185 732 et
3223 677 3455 731 aediﬁcia

1876 778 2187 842 devastent,
2213 793 2324 831 non
2342 785 2471 831 sunt
2499 775 2696 846 pauci;
2727 775 2819 830 illa
2844 787 2956 827 non
2976 771 3165 826 ferens
3197 766 3457 839 injuriam

1876 871 2218 935 obambulat,
2268 882 2525 939 quaerens
2579 867 2763 921 virum
2821 871 3128 935 potentem.
3170 860 3457 920 idoneum,

1875 973 1933 1019 et
1982 964 2040 1019 in
2110 962 2369 1018 omnibus
2436 959 2757 1022 eruditum;
2809 966 2866 1012 et
2910 956 3005 1011 ubi
3068 960 3193 1024 post
3253 951 3458 1004 multos

1877 1054 2099 1110 labores
2152 1052 2459 1108 exantlatos
2511 1059 2672 1105 nacta
2720 1048 2889 1103 fuerit
2938 1044 3207 1117 ejusmooi
3253 1044 3456 1099 virum,

1878 1146 2121 1202 exsultat
2172 1129 2399 1215 propter
2456 1158 2605 1203 eum,
2654 1148 2712 1195 et
2759 1139 2927 1193 habet
2974 1152 3101 1192 eum
3150 1150 3251 1205 pro
3298 1148 3459 1186 muro

1876 1239 2096 1294 valido:
2142 1236 2341 1292 eodem
2380 1234 2543 1289 modo
2571 1234 2777 1298 anima,
2808 1241 2934 1301 post
2965 1226 3457 1298 transgressionem

1876 1332 2237 1388 vehementer
2270 1328 2339 1383 ab
2379 1325 2696 1382 adversaria
2745 1330 3016 1393 potestate
3045 1318 3265 1381 amicta,
3306 1324 3363 1369 et
3404 1316 3461 1368 in

1877 1441 2130 1498 magnam
2164 1421 2518 1479 solitudinem
2575 1421 2786 1491 illapsa,
2835 1426 2891 1473 et
2920 1416 3087 1471 vidua
3138 1422 3195 1468 et
3240 1413 3459 1465 deserta

1877 1537 1908 1578 a
1956 1518 2166 1577 caelesti
2212 1516 2427 1587 Sponso
2459 1523 2685 1585 propter
2715 1507 3214 1580 transgressionem
3246 1491 3460 1573 peccati

1879 1612 2170 1674 derelicta,
2186 1624 2250 1665 ac
2274 1608 2517 1663 ludibrio
2538 1604 2801 1660 omnibus
2821 1598 3153 1657 adversariis
3173 1593 3458 1666 potestati-

1878 1710 1986 1765 bus
2015 1707 2262 1778 cxposita
2297 1704 2640 1776 (everterunt
2682 1700 2831 1754 enim
2878 1697 3026 1751 illam
3058 1710 3091 1749 a
3121 1708 3222 1747 sua
3251 1696 3460 1751 mente,

194 1786 456 1891 ἀπὸθτῆς
485 1789 739 1857 οὐρανίου
769 1791 1030 1855 διανοίας,
1083 1791 1224 1845 ὥστε
1269 1792 1344 1863 μὴ
1388 1793 1522 1863 όρᾷν
1558 1792 1629 1845 τὰ
1686 1790 1780 1846 ὑπ’

1892 1813 2043 1871 atque
2068 1796 2433 1853 deturbarunt
2456 1793 2525 1847 ab
2553 1791 2836 1846 intellectu
2866 1784 3098 1849 caelesti,
3130 1797 3199 1837 ne
3237 1778 3463 1847 conSpi-

195 1875 381 1929 αὐτῶν
408 1877 490 1940 είς
521 1878 692 1949 αὐτὴν
725 1880 1005 1950 γινόμενα,
1048 1882 1182 1937 ἀλλά
1206 1884 1468 1952 νομίζειν,
1504 1881 1779 1946 ὃτι¹οὖτως

196 1966 261 2032 ἐξ
313 1967 489 2038 ἀρχῆς
526 1968 841 2038 γεγένηται.
888 1966 1024 2026 Εἶτα
1070 1972 1136 2026 δι’
1164 1972 1336 2042 ἀκοῆς
1385 1973 1635 2044 μαθοῦσα
1681 1975 1818 2043 τὴν·

200 2060 439 2131 μόνωσιν
465 2062 634 2131 αὐτῆς
665 2062 756 2116 καὶ
792 2064 1046 2135 ἐρημίαν,
1090 2065 1396 2132 στενάξασα
1426 2066 1657 2121 ἐνώπιον
1682 2066 1782 2137 τῆς

198 2154 613 2226 φιλανθρωπίας
657 2155 753 2210 τοῦ
799 2156 959 2223 Θεοῦ,
1003 2152 1135 2226 εὗρε
1160 2158 1304 2229 ζωὴν
1346 2160 1438 2213 καὶ
1485 2157 1779 2229 σωτηρίαν.

196 2248 300 2299 Διά
329 2247 419 2313 τί;
464 2249 683 2319 Ἐπειδὴ
721 2250 952 2319 ἀνῆλθεν
986 2252 1066 2313 εἰς
1102 2251 1200 2321 τὴν
1237 2251 1558 2319 συγγένειαν
1588 2250 1781 2318 αὐτῆς.

197 2339 445 2407 Οὐδεμία
482 2342 592 2411 γὰρ
628 2340 762 2412 άλλη
799 2359 885 2404 τις
936 2343 1209 2406 οίκείωσίς
1247 2344 1362 2395 ἐστι
1416 2343 1510 2395 καὶ
1547 2340 1784 2409 ὠφέλεια

196 2431 451 2501 τοιαύτη,
496 2433 545 2484 εἰ
592 2432 668 2503 μὴ
702 2433 880 2503 ψυχῆς
923 2434 1062 2504 πρὸς
1115 2434 1269 2499 Θεὸν,
1312 2435 1406 2487 καὶ
1456 2432 1592 2486 Θεοῦ
1648 2433 1785 2502 πρὸς

198 2526 394 2595 αὐτήν.
442 2525 696 2595 Ἐποίησε
733 2526 840 2599 γὰρ
888 2527 917 2579 ὁ
960 2527 1094 2590 Θεὸς
1131 2526 1335 2597 ὀρνέων
1370 2526 1501 2596 γένη
1530 2525 1781 2595 διάφορα’

194 2619 272 2672 τὰ
305 2619 404 2688 μὲν
438 2619 579 2671 ὥστε
621 2618 885 2687 φωλεύειν
920 2621 978 2671 ἐν
1009 2622 1077 2691 τῇ
1107 2622 1203 2690 γῇ,
1236 2619 1492 2673 κάκεῖθεν
1524 2618 1785 2688 ἔχειντὴν

196 2708 494 2781 διατροφὴν
536 2709 631 2763 καὶ
680 2709 781 2781 τὴν
836 2709 1141 2763 ἀνάπαυσιν
1165 2724 1179 2739 ⁸
1221 2709 1290 2764 τά
1330 2708 1385 2761 δὲ
1433 2708 1786 2779 ᾠκονόμησεν

200 2800 309 2855 ὑπὸ
353 2800 423 2854 τὰ
465 2800 633 2853 ὕδατα
675 2799 958 2870 φωλεύειν,
995 2798 1249 2853 κάκεῖθεν
1274 2799 1419 2870 ἔχειν
1453 2799 1554 2868 τὴν
1596 2797 1742 2868 ζωήν
1766 2813 1783 2829 ο

199 2894 605 2965 ἐδημιούργησε
654 2894 877 2950 καὶδύο
924 2895 1203 2966 κόσμους,
1252 2896 1342 2948 τὸν
1388 2894 1488 2964 μὲν
1516 2895 1629 2949 ἀνω
1674 2896 1788 2958 τοῖς

198 2984 596 3054 λειτουργικοῖς
636 2984 934 3053 πνεύμασι,
999 2985 1093 3038 καὶ
1151 2985 1250 3053 τὴν
1306 2984 1584 3037 πολιτείαν
1642 2982 1787 3053 ἔχειν

200 3078 322 3128 ἐκεῖ
346 3076 647 3141 διετάξατοο
679 3078 770 3130 τὸν
794 3078 850 3130 δὲ
881 3077 1031 3131 κάτω
1058 3078 1171 3140 τοῖς
1198 3076 1529 3146 ἀνθρώποις,
1565 3076 1671 3130 ὑπὸ
1696 3074 1788 3129 τὸν

1883 1870 2014 1955 ciat,
2047 1904 2171 1958 qua:
2192 1887 2261 1941 ab
2294 1885 2406 1939 illis
2440 1885 2495 1937 in
2515 1896 2638 1937 eam
2673 1878 3118 1937 committuntur,
3165 1870 3262 1927 sed
3304 1877 3464 1939 putet

1880 1986 1960 2042 sic
1982 1985 2051 2039 ab
2097 1982 2256 2038 initio
2288 1974 2638 2049 contigisse);
2664 1970 3016 2044 postmodum
3042 1967 3135 2023 ubi
3162 1982 3231 2021 ex
3271 1963 3465 2018 auditu

1881 2075 2131 2148 percepit
2148 2071 2502 2128 solitudinem
2514 2082 2691 2132 suam,
2711 2065 2993 2135 deplorata
3011 2059 3350 2115 desolatione
3367 2069 3468 2109 sua

1882 2171 1941 2224 in
1971 2173 2269 2235 conspectu
2293 2156 2678 2216 humanissimi
2710 2156 2807 2210 Dei
2839 2152 3051 2208 invenit
3098 2150 3265 2205 vitam
3289 2153 3346 2200 et
3374 2159 3467 2200 sa-

1882 2262 2076 2317 lutem.
2098 2253 2478 2326 Quapropter?
2493 2251 2632 2317 Quia
2648 2262 2869 2303 reversa
2883 2255 2969 2302 est
2992 2243 3058 2297 ad
3077 2240 3468 2312 cogitationem

1887 2367 2065 2407 suam.
2098 2347 2260 2404 Nulla
2293 2344 2441 2399 enim
2476 2350 2561 2396 est
2590 2340 2715 2394 talis
2749 2336 3096 2393 familiaritas
3134 2341 3300 2401 atque
3348 2328 3469 2398 opi-

1888 2441 2104 2505 tulatio,
2152 2455 2216 2494 ac
2270 2445 2355 2492 est
2403 2436 2601 2489 animae
2649 2447 2778 2502 erga
2833 2430 3027 2491 Deum,
3082 2435 3136 2479 et
3191 2421 3289 2478 Dei
3338 2434 3470 2489 erga

1886 2536 2147 2589 animam.
2197 2527 2461 2585 Condidit
2505 2526 2655 2581 enim
2702 2523 2849 2577 Deus
2898 2520 3082 2575 avium
3142 2527 3344 2587 genera
3386 2512 3471 2566 di-

1885 2641 2082 2683 versa:
2113 2621 2377 2693 quasdam
2404 2628 2464 2672 ut
2488 2616 2649 2671 nidos
2676 2619 3011 2681 componant
3043 2611 3099 2662 in
3141 2616 3305 2669 terra,
3334 2612 3391 2659 et
3412 2603 3470 2657 in

1885 2731 1950 2771 ea
1979 2692 2216 2768 habeant
2236 2718 2452 2780 pastum
2480 2721 2544 2760 ac
2565 2705 2848 2773 requiem:
2878 2698 3142 2770 quasdam
3174 2708 3306 2748 vero
3321 2692 3473 2746 ordio

1886 2803 2059 2866 navit.
2086 2809 2149 2856 ut
2177 2801 2279 2856 sub
2308 2798 2467 2869 aquis
2498 2795 2803 2859 nidiﬁcent,
2865 2791 3105 2859 indeque
3147 2788 3317 2841 vitam
3368 2784 3472 2837 ha-

1888 2895 2051 2949 beant
2075 2909 2089 2945 :
2122 2887 2413 2945 fabricavit
2429 2898 2650 2956 quoque
2672 2881 2950 2951 duplicem
2974 2876 3274 2939 mundum;
3300 2886 3472 2926 unum

1886 2985 2253 3056 superiorem,
2283 2975 2772 3035 administratoriis
2793 2971 3103 3041 spiritibus,
3119 2978 3181 3023 ut
3206 2967 3318 3021 illic
3336 2980 3473 3020 con-

1888 3084 2200 3139 versentur,
2213 3069 2502 3128 constituit
2520 3086 2535 3134 ;
2558 3068 2794 3121 alterum
2812 3064 3130 3119 inferiorem
3152 3056 3475 3113 hominibus

198 3168 343 3237 ἀέρα
369 3166 560 3220 τοῦτον
590 3183 602 3196 ’
637 3167 819 3221 ἔκτισε
854 3169 910 3223 δὲ
940 3169 1035 3222 καὶ
1068 3169 1297 3239 οὐρανὸν
1341 3170 1436 3222 καὶ
1469 3170 1605 3238 γῆν,
1636 3169 1788 3239 ἥλιον

1892 3170 1994 3227 sub
2038 3169 2144 3223 hoc
2191 3180 2340 3220 aere.
2393 3162 2613 3219 Creavit
2658 3172 2879 3230 quoque
2930 3156 3131 3209 caelum
3161 3160 3217 3205 et
3248 3158 3476 3213 terram,

200 3264 300 3315 καί
331 3262 581 3331 σελήνην,
612 3260 800 3327 ὕδατα,
837 3261 1030 3332 δένδρα
1070 3262 1429 3332 καρποφόρα,
1465 3260 1599 3329 γένη
1632 3260 1787 3323 ζώων

204 3349 498 3404 παντοίων
539 3349 652 3403 ἀλλ’
683 3350 739 3403 ἐν
788 3350 963 3403 οὐδενὶ
1002 3351 1180 3403 αὐτῶν
1210 3353 1238 3404 ό
1261 3350 1397 3415 Θεὸς
1435 3351 1790 3403 ἐπαναπαύε-

202 3459 316 3495 ται.
354 3442 510 3495 Πᾶσα
541 3443 573 3511 ὴ
602 3440 777 3504 κτίσις
808 3441 898 3494 ὐπ’
929 3441 1095 3496 αὐτοῦ
1127 3443 1487 3512 κεκράτηται,
1525 3442 1619 3495 καὶ
1640 3442 1789 3511 ὅμως

206 3534 309 3588 οὐκ
347 3533 550 3602 ἔπηξεν
590 3536 647 3588 ἐν
679 3533 862 3597 αὐτοῖς
894 3533 1104 3605 θρόνον,
1134 3533 1259 3586 οὔτε
1297 3535 1581 3594 κοινωνίας
1615 3533 1791 3602 ἡρμό-

210 3644 362 3692 σατο,
394 3628 442 3680 εί
465 3626 541 3697 μὴ
568 3628 626 3679 ὲν
655 3621 929 3696 ἀνθρώπῳ
960 3625 1120 3695 μόνον
1144 3624 1426 3692 εὐδόκησε,
1455 3624 1792 3692 κοινωνήσας

210 3717 380 3788 αὐτῷ.
411 3717 506 3771 καὶ
539 3716 1094 3786 ἐπαναπαυσάμενος.
1132 3714 1298 3785 Ὁρᾷς
1328 3708 1431 3767 ὦδε
1472 3715 1794 3782 συγγένειαν

209 3807 351 3861 Θεοῦ
376 3807 512 3877 πρὸς
540 3806 851 3879 ἄνθρωπον,
874 3806 969 3861 καὶ
1004 3804 1294 3877 ἀνθρώπου
1323 3805 1465 3875 πρὸς
1504 3806 1637 3858 Θεόν
1661 3821 1677 3872 ;
1730 3805 1795 3859 Ἦ

208 3894 306 3954 οὖν
337 3899 532 3968 συνετὴ
561 3900 656 3952 καὶ
681 3898 921 3969 φρονίμη
952 3897 1099 3967 ψυχὴ
1124 3895 1486 3966 περιελθοῦσα
1519 3896 1697 3949 πάντα
1726 3895 1797 3948 τὰ

210 3993 699 4064 δημιουργήματα,
736 3992 836 4060 οὐχ
882 3986 1041 4063 εὗρεν
1067 3990 1375 4044 ἀνάπαυσιν
1404 3990 1595 4061 ἑαυτῇ,
1635 3991 1683 4042 εί
1721 3989 1796 4060 μὴ

214 4086 378 4156 μόνον
423 4087 481 4138 ἐν
513 4085 722 4156 Κυρίῳ
752 4085 847 4137 καὶ
890 4086 919 4137 ὁ
948 4082 1154 4154 Κύριος
1180 4084 1237 4136 ἐν
1273 4082 1451 4137 οὐδενὶ
1479 4082 1794 4154 εὐδόκησεν,

210 4178 267 4233 si
296 4175 374 4250 μὴ
404 4177 566 4250 μόνον
597 4178 656 4231 ἐν
684 4177 982 4251 ἀνθρώπῳ.

290 4361 380 4426 ς’.
433 4358 532 4413 “Av
580 4357 893 4430 ἐκπετάσῃς
950 4357 1080 4422 τοὺς
1129 4357 1446 4429 ὀφθαλμοὺς
1508 4359 1647 4430 πρὸς
1708 4359 1801 4412 τὸν

212 4451 391 4523 ἣλιον,
430 4450 707 4521 εὑρίσκεις
729 4451 788 4503 ἐν
817 4451 1030 4523 οὐρανῷ
1076 4451 1167 4504 τὸν
1193 4451 1394 4504 κύκλον
1428 4452 1594 4506 αὐτοῦ
1615 4468 1630 4484 ο
1657 4453 1717 4506 τὸ
1743 4452 1798 4505 δὲ

215 4542 337 4613 φῶς
365 4542 586 4606 καὶτὰς
619 4543 846 4605 ἀκτῖνας
891 4543 986 4595 ἐπὶ
1028 4542 1135 4613 γῆν
1170 4543 1442 4613 ῥεπούσας
1484 4544 1579 4596 καὶ
1620 4546 1800 4599 πᾶσαν

215 4632 317 4701 τὴν
361 4630 592 4702 δύναμιν
635 4630 731 4685 τοῦ
774 4631 976 4699 φωτὸς,
1026 4632 1123 4685 καὶ
1169 4632 1271 4701 τὴν
1305 4632 1626 4703 λαμπηδόνα
1666 4634 1803 4702 πρὸς

216 4723 684 4794 γῆνςφερομὲνην·
714 4723 886 4787 οὕτως
924 4726 1018 4778 καὶ
1050 4724 1085 4777 ’ὁ
1127 4724 1331 4792 Κύριος
1368 4725 1434 4777 ἐκ
1483 4724 1675 4789 δεξιῶν
1706 4727 1802 4780 τοῦ

222 4817 435 4887 Πατρὸς
486 4817 742 4887 ὑπεράνω
776 4817 959 4887 πάσης
1006 4817 1182 4887 ἀρχῆς
1218 4818 1309 4871 καὶ
1355 4817 1607 4884 ἐξουσίας
1671 4818 1804 4872 κάθα-

215 4921 368 4975 ηται·
404 4905 497 4960 τὸν
547 4908 606 4961 δὲ
642 4906 927 4978 ὀφθαλμὸν
968 4908 1136 4961 αὐτοῦ
1177 4909 1259 4972 είς
1283 4910 1380 4972 τὰς
1434 4909 1661 4980 καρδίας
1692 4910 1803 4964 τῶν

218 4998 314 5050 ἐπὶ
371 4998 475 5067 γῆς
519 4996 824 5068 ἀνθρώπων
852 4997 968 5067 ἔχει
1005 5000 1325 5070 τεταμένον,
1357 5000 1506 5064 ὅπως
1534 5000 1661 5064 τοὺς
1691 5002 1802 5055 άπ-

218 5089 608 5160 εκδεχομὲνους
640 5089 740 5159 τὴν
786 5090 915 5161 παρ’
960 5087 1124 5142 αὐτοῦ
1180 5088 1457 5160 βοήθειαν,
1510 5090 1802 5162 ἀνενέγκῃ,

220 5180 349 5233 ἔνθα
391 5182 553 5241 αὐτὸς
583 5181 841 5251 ὑπάρχει,
877 5180 1064 5251 ἐπειδὴ
1097 5182 1265 5250 λέγει,
1293 5183 1487 5237 Ὅπου
1511 5184 1626 5253 ἐγώ
1663 5187 1799 5255 ειμι,

218 5268 345 5323 ἐκεῖ
386 5270 489 5323 καὶ
538 5272 571 5324 ό
614 5270 897 5336 διάκονος
932 5273 966 5323 ό
1008 5271 1160 5338 ἐμὸς
1212 5270 1404 5324 ἔσται.
1444 5273 1551 5324 Καὶ
1581 5272 1746 5324 πάλιν
1776 5274 1804 5325 ὁ

221 5361 453 5425 Παῦλοςο
483 5363 604 5415 Ὅτι
635 5361 956 5431 συνήγειρε
982 5361 1079 5414 καὶ
1102 5364 1508 5417 συνεκάθισεν
1535 5363 1606 5416 ἐν
1634 5360 1805 5431 δεξιᾷ

220 5451 410 5505 αὐτοῦ
444 5452 513 5505 ἐν
545 5451 672 5517 τοῖς
718 5452 1119 5519 ἐπουρανίοις.
1169 5453 1309 5505 Πολύ
1359 5452 1417 5506 δέ
1467 5454 1638 5522 ἀλογα
1687 5454 1802 5517 ζῶα

222 5540 572 5612 συνετώτερά
621 5543 758 5593 εἰσιν
790 5542 967 5610 ἡμῶν.
1023 5543 1133 5594 Καὶ
1183 5542 1294 5611 γὰρ
1335 5542 1568 5597 ἕκαστον
1621 5542 1803 5595 αὐτῶν

221 5632 560 5690 συνήνωνται
589 5633 654 5703 τῇ
689 5632 795 5705 ίδίᾳ
826 5632 1008 5703 φύσει,
1034 5633 1104 5686 τὰ
1146 5631 1316 5703 ἄγρια
1344 5634 1481 5705 πρὸς
1510 5633 1580 5688 τὰ
1609 5631 1798 5705 ἄγρια,

294 5832 341 5866 ⁸⁸
366 5829 524 5891 Joan.
553 5846 652 5899 xu,
684 5831 777 5901 26,
852 5832 895 5866 ⁸⁷
922 5832 1126 5905 Ephcs.
1153 5850 1212 5905 ιι,
1241 5834 1295 5903 5,
1323 5834 1376 5891 6.

1891 3262 2066 3319 solem
2098 3274 2163 3315 ac
2192 3258 2402 3320 lunam,
2433 3268 2626 3324 aquas,
2659 3251 2889 3305 arbores
2916 3244 3251 3303 fructiferas,
3296 3248 3354 3295 et
3376 3254 3474 3294 va-

1893 3354 2105 3408 riorum
2142 3348 2462 3405 animalium
2496 3358 2734 3415 genera:
2776 3340 2834 3393 in
2878 3338 3035 3392 nullo
3063 3344 3247 3388 tamen
3277 3331 3478 3385 horum

1896 3442 2197 3514 requiescit
2217 3441 2383 3494 Deus.
2414 3436 2680 3493 Uuiversa
2704 3440 2959 3487 creatura
2994 3428 3098 3483 sub
3123 3427 3242 3496 ejus
3265 3431 3352 3479 est
3373 3423 3479 3477 im-

1894 3524 2091 3605 perio;
2121 3546 2225 3585 nec
2254 3539 2440 3584 tamen
2469 3522 2780 3580 construxit
2799 3522 2853 3575 in
2886 3520 2966 3575 eis
2994 3520 3278 3579 thronum,
3297 3527 3480 3582 neque

1899 3628 2223 3684 societatem
2252 3621 2397 3684 iniit,
2438 3617 2548 3679 nisi
2582 3617 2639 3669 in
2664 3613 2889 3669 homine
2929 3609 3049 3665 solo
3086 3606 3479 3676 complacitum

1897 3725 1948 3779 ei
1994 3730 2099 3785 est,
2151 3734 2217 3773 ac
2264 3715 2586 3771 societatem
2630 3724 2757 3764 cum
2800 3722 2867 3762 eo
2906 3702 3200 3765 contraxit,
3243 3706 3299 3755 et
3326 3697 3384 3752 in
3412 3712 3484 3752 eo

1898 3813 2223 3887 requiescit;
2246 3807 2485 3865 Videsne
2502 3804 2595 3857 hic
2624 3800 3008 3871 cognationem
3056 3792 3154 3849 Dei
3201 3805 3329 3847 cum
3375 3789 3481 3846 ho-

1898 3882 2068 3973 mine,
2096 3915 2152 3962 et
2187 3900 2430 3958 hominis
2450 3910 2576 3952 cum
2603 3892 2758 3949 Deo?
2787 3892 2964 3960 Sagax
2982 3902 3113 3957 ergo
3149 3895 3207 3941 et
3237 3882 3488 3956 prudens

1900 4003 2085 4059 anima
2111 3993 2495 4069 pertransiens
2538 3995 2767 4046 cunctas
2792 3991 3101 4043 creaturas,
3134 3995 3246 4034 non
3270 3976 3489 4041 invenit

1901 4092 2147 4162 requiem
2205 4086 2309 4142 sibi
2364 4084 2493 4155 ipsi,
2556 4079 2665 4135 nisi
2719 4078 2897 4132 solum
2952 4075 3009 4127 in
3068 4072 3332 4125 Domino:
3380 4082 3487 4123 nee

1901 4184 2136 4241 Domino
2168 4179 2225 4237 in
2276 4177 2387 4235 ullo
2436 4170 2827 4244 complacitum
2883 4174 2988 4229 est,
3036 4162 3143 4217 nisi
3193 4160 3373 4215 solum
3426 4158 3485 4220 in

1902 4278 2148 4332 homine.

1975 4370 2061 4426 Vl.
2095 4369 2151 4425 Si
2176 4365 2458 4437 expandas
2485 4364 2677 4419 oculos
2705 4360 2774 4415 ad
2806 4353 3233 4425 solem,reperis
3266 4352 3321 4405 in
3344 4350 3485 4405 cmlo

1906 4461 2175 4518 circulum
2213 4460 2364 4529 ejus:
2422 4458 2611 4512 lumen
2657 4462 2843 4508 autem
2886 4459 2945 4505 et
2987 4448 3171 4503 radios
3201 4446 3257 4498 in
3282 4453 3487 4499 terram

1906 4568 2154 4625 vergere,
2187 4560 2353 4619 atque
2379 4562 2601 4603 omnem
2632 4544 2744 4601 vim
2780 4542 3008 4597 luminis
3043 4550 3115 4595 et»
3136 4536 3487 4608 splendorem

1903 4645 1973 4699 ad
2008 4618 2223 4697 terram
2254 4618 2459 4693 deferri
2490 4651 2503 4688 :
2539 4635 2620 4689 sic
2664 4645 2884 4703 quoque
2920 4627 3185 4684 Dominus
3214 4642 3244 4677 a
3279 4618 3495 4678 dextris

1908 4734 2065 4808 145
2116 4731 2297 4786 Patris
2329 4743 2497 4798 super
2540 4738 2761 4780 omnem
2802 4719 3175 4791 principatum
3233 4725 3291 4768 et
3329 4720 3486 4783 pote-

1906 4839 2105 4885 statem
2170 4825 2359 4889 sedet;
2436 4820 2660 4876 oculum
2728 4824 2912 4869 autem
2987 4824 3151 4865 suum
3208 4807 3264 4860 in
3320 4801 3489 4858 corda

1904 4919 2194 4976 hominum
2248 4916 2303 4970 in
2369 4923 2512 4968 terra
2574 4907 2883 4963 viventium
2938 4901 3107 4956 habet
3152 4906 3491 4955 extentum,

1909 5021 1970 5066 ut
2019 5026 2116 5065 eos
2172 5008 2266 5079 qui
2321 5005 2630 5075 suscipiant
2682 5000 2751 5054 ab
2794 5013 2862 5053 eo
2919 4994 3212 5057 auxilium,
3263 4986 3490 5045 extollat

1906 5121 1995 5170 eo,
2056 5104 2150 5158 ubi
2191 5103 2309 5171 ipse
2356 5107 2463 5153 est.
2512 5094 2783 5160 Quoniam
2828 5088 3035 5159 inquit:
3089 5084 3185 5140 Ubi
3222 5097 3340 5136 sum
3372 5095 3487 5149 ego,

1906 5198 2017 5252 illic
2040 5209 2245 5267 quoque
2276 5192 2513 5246 minister
2536 5203 2678 5241 meus
2709 5184 2807 5238 erit
2827 5184 2892 5235 “.
2916 5181 2985 5235 Ει
3012 5180 3213 5232 iterum
3247 5172 3448 5229 Paulus
3472 5188 3486 5224 :

1906 5264 2081 5343 Simul
2112 5264 2460 5345 resuscitavit,
2510 5284 2557 5331 et
2590 5272 2749 5329 simul
2772 5273 2950 5326 sedere
2983 5269 3102 5340 fecit
3125 5266 3193 5320 ad
3219 5264 3490 5317 dexteram

1908 5396 2064 5435 suam
2104 5379 2243 5430 inter
2292 5371 2520 5427 caelestes
2568 5367 2637 5422 ⁸⁷.
2704 5367 2908 5422 Verum
2961 5358 3218 5416 animalia
3274 5354 3489 5410 ratione

1913 5473 2199 5534 destituta,
2247 5474 2377 5522 sunt
2442 5466 2604 5534 longe
2664 5455 3094 5527 iutelligentiora
3146 5464 3311 5520 quam
3362 5460 3487 5500 nos.

1911 5559 2357 5630 Unumquodque
2384 5554 2532 5610 enim
2572 5553 2793 5605 horum.
2824 5546 3016 5603 unitur
3062 5541 3152 5605 i-is,
3203 5552 3327 5609 qua:
3359 5542 3491 5590 sunt

1909 5656 2155 5731 ejusdem
2190 5662 2421 5717 naturae,
2446 5645 2681 5719 agrestia
2719 5638 3051 5714 agrestibus,
3090 5643 3151 5690 et
3192 5644 3327 5688 oves
3373 5640 3489 5684 sua:
