  <div class='ocr_page' id='page_1' title='image "/cluster/home/n/w/nwhite01/storage/ocr_20150623/34/coo.31924054869312/407.png"; bbox 0 0 3980 6424; ppageno 0'>
   <div class='ocr_carea' id='block_1_1' title="bbox 566 357 666 425">
    <p class='ocr_par' dir='ltr' id='par_1_1' title="bbox 566 357 666 425">
     <span class='ocr_line' id='line_1_1' title="bbox 566 357 666 425; baseline 0.02 -2"><span class='ocrx_word' id='word_1_1' title='bbox 566 357 666 425; x_wconf 80' lang='grc'><strong>791</strong></span> 
     </span>
    </p>
   </div>
   <div class='ocr_carea' id='block_1_2' title="bbox 1803 357 3786 425">
    <p class='ocr_par' dir='ltr' id='par_1_2' title="bbox 1803 357 3786 425">
     <span class='ocr_line' id='line_1_2' title="bbox 1803 357 3786 425; baseline 0.001 -2"><span class='ocrx_word' id='word_1_2' title='bbox 1803 362 1862 424; x_wconf 92' lang='lat' dir='ltr'><strong>S.</strong></span> <span class='ocrx_word' id='word_1_3' title='bbox 1902 357 2222 423; x_wconf 83' lang='lat' dir='ltr'><strong>MACARII</strong></span> <span class='ocrx_word' id='word_1_4' title='bbox 2261 359 2585 421; x_wconf 62' lang='lat' dir='ltr'><strong>IEGYPTII</strong></span> <span class='ocrx_word' id='word_1_5' title='bbox 3700 362 3786 425; x_wconf 69' lang='grc' dir='ltr'><strong>’ῖθῖ</strong></span> 
     </span>
    </p>
   </div>
   <div class='ocr_carea' id='block_1_3' title="bbox 568 466 2158 542">
    <p class='ocr_par' dir='ltr' id='par_1_3' title="bbox 568 470 2151 542">
     <span class='ocr_line' id='line_1_3' title="bbox 568 470 2151 542; baseline 0 -20"><span class='ocrx_word' id='word_1_6' title='bbox 568 471 795 542; x_wconf 74' lang='grc' dir='ltr'>ειιεείοἰ.</span> <span class='ocrx_word' id='word_1_7' title='bbox 821 471 904 525; x_wconf 84' lang='lat' dir='ltr'><strong>Tu</strong></span> <span class='ocrx_word' id='word_1_8' title='bbox 943 484 1074 527; x_wconf 88' lang='lat' dir='ltr'><strong>vero</strong></span> <span class='ocrx_word' id='word_1_9' title='bbox 1114 487 1223 527; x_wconf 90' lang='lat' dir='ltr'><strong>non</strong></span> <span class='ocrx_word' id='word_1_10' title='bbox 1250 472 1548 529; x_wconf 85' lang='lat' dir='ltr'><strong>reverteris</strong></span> <span class='ocrx_word' id='word_1_11' title='bbox 1591 470 1660 527; x_wconf 87' lang='lat' dir='ltr'><strong>ad</strong></span> <span class='ocrx_word' id='word_1_12' title='bbox 1702 471 1980 527; x_wconf 69' lang='lat' dir='ltr'><strong>caelestem</strong></span> <span class='ocrx_word' id='word_1_13' title='bbox 2003 479 2151 525; x_wconf 91' lang='lat' dir='ltr'><strong>tuam</strong></span> 
     </span>
    </p>
   </div>
   <div class='ocr_carea' id='block_1_4' title="bbox 2261 466 3786 542">
    <p class='ocr_par' dir='ltr' id='par_1_4' title="bbox 2261 466 3786 540">
     <span class='ocr_line' id='line_1_4' title="bbox 2261 466 3786 540; baseline 0.004 -19"><span class='ocrx_word' id='word_1_14' title='bbox 2261 469 2350 521; x_wconf 76' lang='grc' dir='ltr'>καὶ</span> <span class='ocrx_word' id='word_1_15' title='bbox 2384 470 2455 521; x_wconf 81' lang='grc' dir='ltr'><strong>τά</strong></span> <span class='ocrx_word' id='word_1_16' title='bbox 2506 467 2755 539; x_wconf 75' lang='grc' dir='ltr'>πρόϐατα</span> <span class='ocrx_word' id='word_1_17' title='bbox 2789 466 2929 540; x_wconf 79' lang='grc' dir='ltr'>πρὸς</span> <span class='ocrx_word' id='word_1_18' title='bbox 2968 467 3030 522; x_wconf 81' lang='grc' dir='ltr'>τὺ</span> <span class='ocrx_word' id='word_1_19' title='bbox 3084 466 3217 525; x_wconf 84' lang='grc' dir='ltr'>ῐδιον</span> <span class='ocrx_word' id='word_1_20' title='bbox 3264 467 3437 538; x_wconf 78' lang='grc' dir='ltr'>γένος’</span> <span class='ocrx_word' id='word_1_21' title='bbox 3484 466 3575 521; x_wconf 64' lang='grc' dir='ltr'><strong>καὶ</strong></span> <span class='ocrx_word' id='word_1_22' title='bbox 3621 470 3676 524; x_wconf 76' lang='grc' dir='ltr'><strong>σὺ</strong></span> <span class='ocrx_word' id='word_1_23' title='bbox 3707 474 3786 527; x_wconf 77' lang='grc' dir='ltr'><strong>οὐκ</strong></span> 
     </span>
    </p>
   </div>
   <div class='ocr_carea' id='block_1_5' title="bbox 567 563 2155 635">
    <p class='ocr_par' dir='ltr' id='par_1_5' title="bbox 567 563 2155 635">
     <span class='ocr_line' id='line_1_5' title="bbox 567 563 2155 635; baseline -0.002 -16"><span class='ocrx_word' id='word_1_24' title='bbox 567 565 973 635; x_wconf 86' lang='lat' dir='ltr'><strong>cognationem,</strong></span> <span class='ocrx_word' id='word_1_25' title='bbox 999 579 1122 635; x_wconf 58' lang='lat' dir='ltr'><strong>quae</strong></span> <span class='ocrx_word' id='word_1_26' title='bbox 1141 574 1225 620; x_wconf 89' lang='lat' dir='ltr'><strong>est</strong></span> <span class='ocrx_word' id='word_1_27' title='bbox 1256 567 1558 627; x_wconf 86' lang='lat' dir='ltr'><strong>Dominus;</strong></span> <span class='ocrx_word' id='word_1_28' title='bbox 1593 565 1689 621; x_wconf 82' lang='lat' dir='ltr'><strong>sed</strong></span> <span class='ocrx_word' id='word_1_29' title='bbox 1728 563 2155 634; x_wconf 72' lang='lat' dir='ltr'><strong>cogitationibus</strong></span> 
     </span>
    </p>
   </div>
   <div class='ocr_carea' id='block_1_6' title="bbox 570 655 2152 727">
    <p class='ocr_par' dir='ltr' id='par_1_6' title="bbox 570 655 2152 727">
     <span class='ocr_line' id='line_1_6' title="bbox 570 655 2152 727; baseline 0.001 -18"><span class='ocrx_word' id='word_1_30' title='bbox 570 660 681 711; x_wconf 85' lang='lat' dir='ltr'><strong>tuis</strong></span> <span class='ocrx_word' id='word_1_31' title='bbox 729 656 898 711; x_wconf 89' lang='lat' dir='ltr'><strong>tradis</strong></span> <span class='ocrx_word' id='word_1_32' title='bbox 949 666 999 711; x_wconf 90' lang='lat' dir='ltr'><strong>te</strong></span> <span class='ocrx_word' id='word_1_33' title='bbox 1045 665 1102 712; x_wconf 92' lang='lat' dir='ltr'><strong>et</strong></span> <span class='ocrx_word' id='word_1_34' title='bbox 1154 658 1442 714; x_wconf 87' lang='lat' dir='ltr'><strong>assentiris</strong></span> <span class='ocrx_word' id='word_1_35' title='bbox 1492 657 1924 727; x_wconf 73' lang='lat' dir='ltr'><strong>cogitationibus</strong></span> <span class='ocrx_word' id='word_1_36' title='bbox 1948 655 2152 725; x_wconf 79' lang='lat' dir='ltr'><strong>pravis,</strong></span> 
     </span>
    </p>
   </div>
   <div class='ocr_carea' id='block_1_7' title="bbox 569 743 2155 816">
    <p class='ocr_par' dir='ltr' id='par_1_7' title="bbox 569 743 2155 816">
     <span class='ocr_line' id='line_1_7' title="bbox 569 743 2155 816; baseline 0.003 -22"><span class='ocrx_word' id='word_1_37' title='bbox 569 743 790 809; x_wconf 67' lang='lat' dir='ltr'><strong>ailjutor</strong></span> <span class='ocrx_word' id='word_1_38' title='bbox 812 745 1024 812; x_wconf 81' lang='lat' dir='ltr'><strong>peccati</strong></span> <span class='ocrx_word' id='word_1_39' title='bbox 1057 745 1258 807; x_wconf 85' lang='lat' dir='ltr'><strong>factus,</strong></span> <span class='ocrx_word' id='word_1_40' title='bbox 1284 746 1513 816; x_wconf 91' lang='lat' dir='ltr'><strong>ejusque</strong></span> <span class='ocrx_word' id='word_1_41' title='bbox 1539 761 1643 815; x_wconf 88' lang='lat' dir='ltr'><strong>ope</strong></span> <span class='ocrx_word' id='word_1_42' title='bbox 1679 746 1778 799; x_wconf 87' lang='lat' dir='ltr'><strong>tibi</strong></span> <span class='ocrx_word' id='word_1_43' title='bbox 1812 745 1914 815; x_wconf 87' lang='lat' dir='ltr'><strong>ipsi</strong></span> <span class='ocrx_word' id='word_1_44' title='bbox 1951 744 2155 799; x_wconf 86' lang='lat' dir='ltr'><strong>bellum</strong></span> 
     </span>
    </p>
   </div>
   <div class='ocr_carea' id='block_1_8' title="bbox 574 833 2157 905">
    <p class='ocr_par' dir='ltr' id='par_1_8' title="bbox 574 833 2157 905">
     <span class='ocr_line' id='line_1_8' title="bbox 574 833 2157 905; baseline 0.003 -21"><span class='ocrx_word' id='word_1_45' title='bbox 574 833 764 895; x_wconf 71' lang='lat' dir='ltr'><strong>infers,</strong></span> <span class='ocrx_word' id='word_1_46' title='bbox 800 845 967 901; x_wconf 86' lang='lat' dir='ltr'><strong>atque</strong></span> <span class='ocrx_word' id='word_1_47' title='bbox 1003 834 1143 889; x_wconf 90' lang='lat' dir='ltr'><strong>adeo</strong></span> <span class='ocrx_word' id='word_1_48' title='bbox 1178 851 1360 889; x_wconf 87' lang='lat' dir='ltr'><strong>escam</strong></span> <span class='ocrx_word' id='word_1_49' title='bbox 1411 835 1586 889; x_wconf 82' lang='lat' dir='ltr'><strong>hostis</strong></span> <span class='ocrx_word' id='word_1_50' title='bbox 1643 845 1695 889; x_wconf 89' lang='lat' dir='ltr'><strong>te</strong></span> <span class='ocrx_word' id='word_1_51' title='bbox 1743 836 1923 905; x_wconf 88' lang='lat' dir='ltr'><strong>ipsum</strong></span> <span class='ocrx_word' id='word_1_52' title='bbox 1952 834 2157 889; x_wconf 84' lang='lat' dir='ltr'><strong>consti-</strong></span> 
     </span>
    </p>
   </div>
   <div class='ocr_carea' id='block_1_9' title="bbox 571 923 2157 996">
    <p class='ocr_par' dir='ltr' id='par_1_9' title="bbox 571 923 2157 996">
     <span class='ocr_line' id='line_1_9' title="bbox 571 923 2157 996; baseline 0.002 -20"><span class='ocrx_word' id='word_1_53' title='bbox 571 923 704 983; x_wconf 82' lang='lat' dir='ltr'><strong>tuis,</strong></span> <span class='ocrx_word' id='word_1_54' title='bbox 744 925 976 993; x_wconf 85' lang='lat' dir='ltr'><strong>perinde</strong></span> <span class='ocrx_word' id='word_1_55' title='bbox 1007 941 1071 981; x_wconf 90' lang='lat' dir='ltr'><strong>ac</strong></span> <span class='ocrx_word' id='word_1_56' title='bbox 1100 927 1144 981; x_wconf 90' lang='lat' dir='ltr'><strong>si</strong></span> <span class='ocrx_word' id='word_1_57' title='bbox 1172 926 1288 981; x_wconf 89' lang='lat' dir='ltr'><strong>avis</strong></span> <span class='ocrx_word' id='word_1_58' title='bbox 1313 926 1381 980; x_wconf 90' lang='lat' dir='ltr'><strong>ab</strong></span> <span class='ocrx_word' id='word_1_59' title='bbox 1403 926 1587 996; x_wconf 87' lang='lat' dir='ltr'><strong>aquila</strong></span> <span class='ocrx_word' id='word_1_60' title='bbox 1615 926 2013 995; x_wconf 80' lang='lat' dir='ltr'><strong>comprehensa</strong></span> <span class='ocrx_word' id='word_1_61' title='bbox 2057 925 2157 979; x_wconf 85' lang='lat' dir='ltr'><strong>ab-</strong></span> 
     </span>
    </p>
   </div>
   <div class='ocr_carea' id='block_1_10' title="bbox 574 1016 2157 1090">
    <p class='ocr_par' dir='ltr' id='par_1_10' title="bbox 574 1016 2157 1090">
     <span class='ocr_line' id='line_1_10' title="bbox 574 1016 2157 1090; baseline 0.002 -21"><span class='ocrx_word' id='word_1_62' title='bbox 574 1026 825 1070; x_wconf 84' lang='lat' dir='ltr'><strong>sumatur</strong></span> <span class='ocrx_word' id='word_1_63' title='bbox 856 1026 954 1071; x_wconf 90' lang='lat' dir='ltr'><strong>aut</strong></span> <span class='ocrx_word' id='word_1_64' title='bbox 970 1018 1093 1073; x_wconf 87' lang='lat' dir='ltr'><strong>ovis</strong></span> <span class='ocrx_word' id='word_1_65' title='bbox 1115 1034 1145 1072; x_wconf 90' lang='lat' dir='ltr'><strong>a</strong></span> <span class='ocrx_word' id='word_1_66' title='bbox 1173 1019 1326 1088; x_wconf 91' lang='lat' dir='ltr'><strong>lupo,</strong></span> <span class='ocrx_word' id='word_1_67' title='bbox 1347 1028 1443 1073; x_wconf 85' lang='lat' dir='ltr'><strong>aut</strong></span> <span class='ocrx_word' id='word_1_68' title='bbox 1468 1034 1607 1090; x_wconf 88' lang='lat' dir='ltr'><strong>puer</strong></span> <span class='ocrx_word' id='word_1_69' title='bbox 1624 1018 1882 1089; x_wconf 88' lang='lat' dir='ltr'><strong>ignorans</strong></span> <span class='ocrx_word' id='word_1_70' title='bbox 1894 1016 2157 1073; x_wconf 78' lang='lat' dir='ltr'><strong>extendat</strong></span> 
     </span>
    </p>
   </div>
   <div class='ocr_carea' id='block_1_11' title="bbox 572 1108 2155 1180">
    <p class='ocr_par' dir='ltr' id='par_1_11' title="bbox 572 1108 2155 1180">
     <span class='ocr_line' id='line_1_11' title="bbox 572 1108 2155 1180; baseline 0.001 -21"><span class='ocrx_word' id='word_1_71' title='bbox 572 1122 795 1161; x_wconf 82' lang='lat' dir='ltr'><strong>manum</strong></span> <span class='ocrx_word' id='word_1_72' title='bbox 820 1124 975 1163; x_wconf 87' lang='lat' dir='ltr'><strong>suam</strong></span> <span class='ocrx_word' id='word_1_73' title='bbox 999 1110 1066 1163; x_wconf 90' lang='lat' dir='ltr'><strong>ad</strong></span> <span class='ocrx_word' id='word_1_74' title='bbox 1099 1119 1435 1180; x_wconf 86' lang='lat' dir='ltr'><strong>serpentem,</strong></span> <span class='ocrx_word' id='word_1_75' title='bbox 1484 1124 1514 1163; x_wconf 89' lang='lat' dir='ltr'><strong>a</strong></span> <span class='ocrx_word' id='word_1_76' title='bbox 1547 1124 1660 1179; x_wconf 89' lang='lat' dir='ltr'><strong>quo</strong></span> <span class='ocrx_word' id='word_1_77' title='bbox 1709 1124 1908 1165; x_wconf 82' lang='lat' dir='ltr'><strong>exesus</strong></span> <span class='ocrx_word' id='word_1_78' title='bbox 1937 1108 2155 1164; x_wconf 79' lang='lat' dir='ltr'><strong>inﬂam-</strong></span> 
     </span>
    </p>
   </div>
   <div class='ocr_carea' id='block_1_12' title="bbox 571 1198 2158 1272">
    <p class='ocr_par' dir='ltr' id='par_1_12' title="bbox 571 1198 2158 1272">
     <span class='ocr_line' id='line_1_12' title="bbox 571 1198 2158 1272; baseline 0.003 -21"><span class='ocrx_word' id='word_1_79' title='bbox 571 1210 774 1253; x_wconf 89' lang='lat' dir='ltr'><strong>metur.</strong></span> <span class='ocrx_word' id='word_1_80' title='bbox 814 1200 1228 1255; x_wconf 84' lang='lat' dir='ltr'><strong>Similitudines</strong></span> <span class='ocrx_word' id='word_1_81' title='bbox 1257 1202 1407 1256; x_wconf 89' lang='lat' dir='ltr'><strong>enim</strong></span> <span class='ocrx_word' id='word_1_82' title='bbox 1447 1200 1599 1255; x_wconf 85' lang='lat' dir='ltr'><strong>velut</strong></span> <span class='ocrx_word' id='word_1_83' title='bbox 1650 1198 1888 1272; x_wconf 77' lang='lat' dir='ltr'><strong>efﬁgiem</strong></span> <span class='ocrx_word' id='word_1_84' title='bbox 1956 1208 2158 1272; x_wconf 90' lang='lat' dir='ltr'><strong>gerunt</strong></span> 
     </span>
    </p>
   </div>
   <div class='ocr_carea' id='block_1_13' title="bbox 570 1290 1181 1359">
    <p class='ocr_par' dir='ltr' id='par_1_13' title="bbox 570 1290 1181 1359">
     <span class='ocr_line' id='line_1_13' title="bbox 570 1290 1181 1359; baseline 0.005 -16"><span class='ocrx_word' id='word_1_85' title='bbox 570 1304 757 1344; x_wconf 90' lang='lat' dir='ltr'><strong>rerum</strong></span> <span class='ocrx_word' id='word_1_86' title='bbox 786 1290 1181 1359; x_wconf 82' lang='lat' dir='ltr'><strong>spiritualium.</strong></span> 
     </span>
    </p>
   </div>
   <div class='ocr_carea' id='block_1_14' title="bbox 639 1489 2157 1564">
    <p class='ocr_par' dir='ltr' id='par_1_14' title="bbox 639 1489 2157 1564">
     <span class='ocr_line' id='line_1_14' title="bbox 639 1489 2157 1564; baseline -0.001 -16"><span class='ocrx_word' id='word_1_87' title='bbox 639 1493 750 1548; x_wconf 82' lang='lat' dir='ltr'><strong>Vll.</strong></span> <span class='ocrx_word' id='word_1_88' title='bbox 780 1492 1257 1559; x_wconf 86' lang='lat' dir='ltr'><strong>Quemadmodum</strong></span> <span class='ocrx_word' id='word_1_89' title='bbox 1282 1509 1417 1549; x_wconf 90' lang='lat' dir='ltr'><strong>vero</strong></span> <span class='ocrx_word' id='word_1_90' title='bbox 1449 1492 1606 1564; x_wconf 86' lang='lat' dir='ltr'><strong>virgo</strong></span> <span class='ocrx_word' id='word_1_91' title='bbox 1643 1491 1801 1547; x_wconf 84' lang='lat' dir='ltr'><strong>dives</strong></span> <span class='ocrx_word' id='word_1_92' title='bbox 1822 1489 2157 1561; x_wconf 85' lang='lat' dir='ltr'><strong>desponsata</strong></span> 
     </span>
    </p>
   </div>
   <div class='ocr_carea' id='block_1_15' title="bbox 567 1584 2155 1655">
    <p class='ocr_par' dir='ltr' id='par_1_15' title="bbox 567 1584 2155 1655">
     <span class='ocr_line' id='line_1_15' title="bbox 567 1584 2155 1655; baseline 0 -18"><span class='ocrx_word' id='word_1_93' title='bbox 567 1584 709 1647; x_wconf 84' lang='lat' dir='ltr'><strong>viro,</strong></span> <span class='ocrx_word' id='word_1_94' title='bbox 737 1601 1082 1655; x_wconf 56' lang='lat' dir='ltr'><strong>quascunque</strong></span> <span class='ocrx_word' id='word_1_95' title='bbox 1131 1586 1412 1655; x_wconf 87' lang='lat' dir='ltr'><strong>acceperit</strong></span> <span class='ocrx_word' id='word_1_96' title='bbox 1443 1585 1602 1650; x_wconf 65' lang='lat' dir='ltr'><strong>fdona</strong></span> <span class='ocrx_word' id='word_1_97' title='bbox 1642 1592 1768 1639; x_wconf 84' lang='lat' dir='ltr'><strong>ante</strong></span> <span class='ocrx_word' id='word_1_98' title='bbox 1801 1584 2155 1653; x_wconf 86' lang='lat' dir='ltr'><strong>conjunctio-</strong></span> 
     </span>
    </p>
   </div>
   <div class='ocr_carea' id='block_1_16' title="bbox 567 1676 2157 1741">
    <p class='ocr_par' dir='ltr' id='par_1_16' title="bbox 567 1676 2157 1741">
     <span class='ocr_line' id='line_1_16' title="bbox 567 1676 2157 1741; baseline 0.001 -13"><span class='ocrx_word' id='word_1_99' title='bbox 567 1690 717 1740; x_wconf 88' lang='lat' dir='ltr'><strong>uem,</strong></span> <span class='ocrx_word' id='word_1_100' title='bbox 754 1676 871 1731; x_wconf 86' lang='lat' dir='ltr'><strong>sive</strong></span> <span class='ocrx_word' id='word_1_101' title='bbox 904 1686 1251 1741; x_wconf 85' lang='lat' dir='ltr'><strong>ornamenta,</strong></span> <span class='ocrx_word' id='word_1_102' title='bbox 1288 1676 1405 1730; x_wconf 84' lang='lat' dir='ltr'><strong>sive</strong></span> <span class='ocrx_word' id='word_1_103' title='bbox 1450 1676 1865 1735; x_wconf 88' lang='lat' dir='ltr'><strong>vestimentum,</strong></span> <span class='ocrx_word' id='word_1_104' title='bbox 1897 1676 2014 1729; x_wconf 83' lang='lat' dir='ltr'><strong>sive</strong></span> <span class='ocrx_word' id='word_1_105' title='bbox 2059 1690 2157 1729; x_wconf 86' lang='lat' dir='ltr'><strong>su-</strong></span> 
     </span>
    </p>
   </div>
   <div class='ocr_carea' id='block_1_17' title="bbox 2258 558 3788 632">
    <p class='ocr_par' dir='ltr' id='par_1_17' title="bbox 2258 558 3788 632">
     <span class='ocr_line' id='line_1_17' title="bbox 2258 558 3788 632; baseline 0.002 -21"><span class='ocrx_word' id='word_1_106' title='bbox 2258 558 2538 630; x_wconf 76' lang='grc' dir='ltr'>ὲπανέρχῃ</span> <span class='ocrx_word' id='word_1_107' title='bbox 2590 558 2727 626; x_wconf 73' lang='grc' dir='ltr'>πρὸς</span> <span class='ocrx_word' id='word_1_108' title='bbox 2782 558 2881 628; x_wconf 77' lang='grc' dir='ltr'>τὴν</span> <span class='ocrx_word' id='word_1_109' title='bbox 2914 558 3163 630; x_wconf 78' lang='grc' dir='ltr'>οὐράνιόν</span> <span class='ocrx_word' id='word_1_110' title='bbox 3196 577 3290 612; x_wconf 89' lang='grc' dir='ltr'><strong>σου</strong></span> <span class='ocrx_word' id='word_1_111' title='bbox 3333 559 3654 628; x_wconf 78' lang='grc' dir='ltr'>συγγένειαν,</span> <span class='ocrx_word' id='word_1_112' title='bbox 3692 563 3788 632; x_wconf 70' lang='grc' dir='ltr'>ἥτις</span> 
     </span>
    </p>
   </div>
   <div class='ocr_carea' id='block_1_18' title="bbox 2258 647 3790 720">
    <p class='ocr_par' dir='ltr' id='par_1_18' title="bbox 2258 647 3790 720">
     <span class='ocr_line' id='line_1_18' title="bbox 2258 647 3790 720; baseline 0.003 -19"><span class='ocrx_word' id='word_1_113' title='bbox 2258 650 2409 702; x_wconf 68' lang='grc' dir='ltr'>ἐστὶν</span> <span class='ocrx_word' id='word_1_114' title='bbox 2438 652 2465 702; x_wconf 76' lang='grc' dir='ltr'>ὁ</span> <span class='ocrx_word' id='word_1_115' title='bbox 2489 647 2715 720; x_wconf 82' lang='grc' dir='ltr'>Κύριος·</span> <span class='ocrx_word' id='word_1_116' title='bbox 2741 650 2879 707; x_wconf 89' lang='grc' dir='ltr'><strong>άλλά</strong></span> <span class='ocrx_word' id='word_1_117' title='bbox 2912 650 3267 713; x_wconf 84' lang='grc' dir='ltr'>συνεπιδιδοῖς</span> <span class='ocrx_word' id='word_1_118' title='bbox 3301 650 3391 703; x_wconf 81' lang='grc' dir='ltr'><strong>καὶ</strong></span> <span class='ocrx_word' id='word_1_119' title='bbox 3430 650 3681 714; x_wconf 83' lang='grc' dir='ltr'>συννεύεις</span> <span class='ocrx_word' id='word_1_120' title='bbox 3701 657 3790 717; x_wconf 76' lang='grc' dir='ltr'>τοῖς</span> 
     </span>
    </p>
   </div>
   <div class='ocr_carea' id='block_1_19' title="bbox 2257 737 3791 810">
    <p class='ocr_par' dir='ltr' id='par_1_19' title="bbox 2257 737 3791 810">
     <span class='ocr_line' id='line_1_19' title="bbox 2257 737 3791 810; baseline 0.001 -19"><span class='ocrx_word' id='word_1_121' title='bbox 2257 739 2539 809; x_wconf 79' lang='grc' dir='ltr'><strong>λογισμοῖς</strong></span> <span class='ocrx_word' id='word_1_122' title='bbox 2574 757 2668 793; x_wconf 88' lang='grc' dir='ltr'><strong>σου</strong></span> <span class='ocrx_word' id='word_1_123' title='bbox 2718 740 2799 803; x_wconf 87' lang='grc' dir='ltr'><strong>είς</strong></span> <span class='ocrx_word' id='word_1_124' title='bbox 2836 741 2961 803; x_wconf 74' lang='grc' dir='ltr'>τοὺς</span> <span class='ocrx_word' id='word_1_125' title='bbox 2999 739 3294 810; x_wconf 80' lang='grc' dir='ltr'>λογισμοὺς</span> <span class='ocrx_word' id='word_1_126' title='bbox 3323 737 3422 808; x_wconf 80' lang='grc' dir='ltr'>τῆς</span> <span class='ocrx_word' id='word_1_127' title='bbox 3467 741 3669 803; x_wconf 87' lang='grc' dir='ltr'>κακίας,</span> <span class='ocrx_word' id='word_1_128' title='bbox 3696 740 3791 808; x_wconf 77' lang='grc' dir='ltr'><strong>βοη-</strong></span> 
     </span>
    </p>
   </div>
   <div class='ocr_carea' id='block_1_20' title="bbox 2261 830 3792 901">
    <p class='ocr_par' dir='ltr' id='par_1_20' title="bbox 2261 830 3792 901">
     <span class='ocr_line' id='line_1_20' title="bbox 2261 830 3792 901; baseline -0.001 -18"><span class='ocrx_word' id='word_1_129' title='bbox 2261 831 2354 895; x_wconf 84' lang='grc' dir='ltr'><strong>θὸς</strong></span> <span class='ocrx_word' id='word_1_130' title='bbox 2410 831 2511 900; x_wconf 81' lang='grc' dir='ltr'>τῆς</span> <span class='ocrx_word' id='word_1_131' title='bbox 2563 831 2839 901; x_wconf 81' lang='grc' dir='ltr'>ἁμαρτίας</span> <span class='ocrx_word' id='word_1_132' title='bbox 2872 831 3186 900; x_wconf 83' lang='grc' dir='ltr'>γενόμενος,</span> <span class='ocrx_word' id='word_1_133' title='bbox 3234 830 3326 884; x_wconf 81' lang='grc' dir='ltr'>καὶ</span> <span class='ocrx_word' id='word_1_134' title='bbox 3368 831 3464 883; x_wconf 75' lang='grc' dir='ltr'><strong>σὺν</strong></span> <span class='ocrx_word' id='word_1_135' title='bbox 3499 831 3626 899; x_wconf 79' lang='grc' dir='ltr'>αὐτῇ</span> <span class='ocrx_word' id='word_1_136' title='bbox 3653 831 3792 899; x_wconf 78' lang='grc' dir='ltr'>ἑαυτῷ</span> 
     </span>
    </p>
   </div>
   <div class='ocr_carea' id='block_1_21' title="bbox 2257 918 3793 992">
    <p class='ocr_par' dir='ltr' id='par_1_21' title="bbox 2257 918 3793 992">
     <span class='ocr_line' id='line_1_21' title="bbox 2257 918 3793 992; baseline 0.001 -20"><span class='ocrx_word' id='word_1_137' title='bbox 2257 921 2529 991; x_wconf 84' lang='grc' dir='ltr'>πολεμῶν,</span> <span class='ocrx_word' id='word_1_138' title='bbox 2566 922 2661 975; x_wconf 78' lang='grc' dir='ltr'>καὶ</span> <span class='ocrx_word' id='word_1_139' title='bbox 2692 918 2835 976; x_wconf 78' lang='grc' dir='ltr'>οὕτω</span> <span class='ocrx_word' id='word_1_140' title='bbox 2881 920 3227 992; x_wconf 81' lang='grc' dir='ltr'>κατάὸρωμα</span> <span class='ocrx_word' id='word_1_141' title='bbox 3279 921 3369 973; x_wconf 88' lang='grc' dir='ltr'><strong>τοῦ</strong></span> <span class='ocrx_word' id='word_1_142' title='bbox 3425 920 3612 990; x_wconf 79' lang='grc' dir='ltr'>ἐχθροῦ</span> <span class='ocrx_word' id='word_1_143' title='bbox 3658 919 3793 973; x_wconf 80' lang='grc' dir='ltr'>ποιῶν</span> 
     </span>
    </p>
   </div>
   <div class='ocr_carea' id='block_1_22' title="bbox 2256 1010 3793 1083">
    <p class='ocr_par' dir='ltr' id='par_1_22' title="bbox 2256 1010 3793 1083">
     <span class='ocr_line' id='line_1_22' title="bbox 2256 1010 3793 1083; baseline 0 -18"><span class='ocrx_word' id='word_1_144' title='bbox 2256 1013 2469 1065; x_wconf 74' lang='grc' dir='ltr'>ἑαυτόνο</span> <span class='ocrx_word' id='word_1_145' title='bbox 2496 1010 2687 1083; x_wconf 80' lang='grc' dir='ltr'>ὥσπερ</span> <span class='ocrx_word' id='word_1_146' title='bbox 2719 1012 2784 1066; x_wconf 78' lang='grc' dir='ltr'><strong>ἂν</strong></span> <span class='ocrx_word' id='word_1_147' title='bbox 2816 1012 3003 1083; x_wconf 76' lang='grc' dir='ltr'>ὄρνεον</span> <span class='ocrx_word' id='word_1_148' title='bbox 3032 1014 3139 1066; x_wconf 74' lang='grc' dir='ltr'>ὑπὸ</span> <span class='ocrx_word' id='word_1_149' title='bbox 3172 1012 3331 1066; x_wconf 80' lang='grc' dir='ltr'>ἀετοῦ</span> <span class='ocrx_word' id='word_1_150' title='bbox 3371 1012 3658 1082; x_wconf 77' lang='grc' dir='ltr'>συλληφθὲν</span> <span class='ocrx_word' id='word_1_151' title='bbox 3689 1031 3793 1066; x_wconf 81' lang='grc' dir='ltr'>κατ-</span> 
     </span>
    </p>
   </div>
   <div class='ocr_carea' id='block_1_23' title="bbox 2256 1103 3795 1177">
    <p class='ocr_par' dir='ltr' id='par_1_23' title="bbox 2256 1103 3795 1177">
     <span class='ocr_line' id='line_1_23' title="bbox 2256 1103 3795 1177; baseline -0.002 -19"><span class='ocrx_word' id='word_1_152' title='bbox 2256 1104 2528 1177; x_wconf 79' lang='grc' dir='ltr'>αναλωθῇ,</span> <span class='ocrx_word' id='word_1_153' title='bbox 2553 1103 2587 1175; x_wconf 79' lang='grc' dir='ltr'>ἢ</span> <span class='ocrx_word' id='word_1_154' title='bbox 2616 1105 2887 1176; x_wconf 79' lang='grc' dir='ltr'>πρόὸατον</span> <span class='ocrx_word' id='word_1_155' title='bbox 2920 1105 3025 1159; x_wconf 72' lang='grc' dir='ltr'>ὑπὸ</span> <span class='ocrx_word' id='word_1_156' title='bbox 3067 1105 3235 1159; x_wconf 87' lang='grc' dir='ltr'>λύκου</span> <span class='ocrx_word' id='word_1_157' title='bbox 3262 1146 3277 1170; x_wconf 93' lang='grc'><strong>,</strong></span> <span class='ocrx_word' id='word_1_158' title='bbox 3308 1104 3341 1174; x_wconf 80' lang='grc' dir='ltr'>ἢ</span> <span class='ocrx_word' id='word_1_159' title='bbox 3373 1105 3581 1159; x_wconf 77' lang='grc' dir='ltr'><strong>παιδίον</strong></span> <span class='ocrx_word' id='word_1_160' title='bbox 3608 1104 3795 1172; x_wconf 77' lang='grc' dir='ltr'>ἀγνοοῖν</span> 
     </span>
    </p>
   </div>
   <div class='ocr_carea' id='block_1_24' title="bbox 2256 1194 3796 1266">
    <p class='ocr_par' dir='ltr' id='par_1_24' title="bbox 2256 1194 3796 1266">
     <span class='ocr_line' id='line_1_24' title="bbox 2256 1194 3796 1266; baseline 0 -19"><span class='ocrx_word' id='word_1_161' title='bbox 2256 1195 2471 1265; x_wconf 81' lang='grc' dir='ltr'>ὲκτείνῃ</span> <span class='ocrx_word' id='word_1_162' title='bbox 2498 1196 2598 1265; x_wconf 82' lang='grc' dir='ltr'>τὴν</span> <span class='ocrx_word' id='word_1_163' title='bbox 2624 1197 2783 1266; x_wconf 81' lang='grc' dir='ltr'>χεῖρα</span> <span class='ocrx_word' id='word_1_164' title='bbox 2811 1195 2978 1249; x_wconf 83' lang='grc' dir='ltr'>αὑτοῦ</span> <span class='ocrx_word' id='word_1_165' title='bbox 3028 1195 3165 1266; x_wconf 87' lang='grc' dir='ltr'>πρὸς</span> <span class='ocrx_word' id='word_1_166' title='bbox 3203 1194 3348 1263; x_wconf 80' lang='grc' dir='ltr'>ὅφιν,</span> <span class='ocrx_word' id='word_1_167' title='bbox 3396 1195 3492 1248; x_wconf 75' lang='grc' dir='ltr'><strong>καί</strong></span> <span class='ocrx_word' id='word_1_168' title='bbox 3516 1194 3702 1264; x_wconf 78' lang='grc' dir='ltr'>βρωθὲν</span> <span class='ocrx_word' id='word_1_169' title='bbox 3728 1196 3796 1247; x_wconf 80' lang='grc' dir='ltr'><strong>ὑπ’</strong></span> 
     </span>
    </p>
   </div>
   <div class='ocr_carea' id='block_1_25' title="bbox 2257 1287 3797 1359">
    <p class='ocr_par' dir='ltr' id='par_1_25' title="bbox 2257 1287 3797 1359">
     <span class='ocr_line' id='line_1_25' title="bbox 2257 1287 3797 1359; baseline -0.001 -18"><span class='ocrx_word' id='word_1_170' title='bbox 2257 1288 2425 1342; x_wconf 86' lang='grc' dir='ltr'>αὑτοῦ</span> <span class='ocrx_word' id='word_1_171' title='bbox 2455 1288 2745 1359; x_wconf 79' lang='grc' dir='ltr'>άποκαυθῇ</span> <span class='ocrx_word' id='word_1_172' title='bbox 2780 1306 2794 1321; x_wconf 88' lang='grc'><strong>·</strong></span> <span class='ocrx_word' id='word_1_173' title='bbox 2832 1289 2891 1342; x_wconf 80' lang='grc' dir='ltr'>αἱ</span> <span class='ocrx_word' id='word_1_174' title='bbox 2934 1288 3043 1358; x_wconf 90' lang='grc' dir='ltr'><strong>γάρ</strong></span> <span class='ocrx_word' id='word_1_175' title='bbox 3087 1288 3396 1359; x_wconf 74' lang='grc' dir='ltr'>παραδολαὶ</span> <span class='ocrx_word' id='word_1_176' title='bbox 3443 1287 3623 1357; x_wconf 84' lang='grc' dir='ltr'>ὥσπερ</span> <span class='ocrx_word' id='word_1_177' title='bbox 3663 1289 3797 1358; x_wconf 73' lang='grc' dir='ltr'>πρόσ-</span> 
     </span>
    </p>
   </div>
   <div class='ocr_carea' id='block_1_26' title="bbox 2257 1377 3469 1449">
    <p class='ocr_par' dir='ltr' id='par_1_26' title="bbox 2257 1377 3469 1449">
     <span class='ocr_line' id='line_1_26' title="bbox 2257 1377 3469 1449; baseline -0.001 -16"><span class='ocrx_word' id='word_1_178' title='bbox 2257 1395 2385 1433; x_wconf 89' lang='grc' dir='ltr'><strong>ωπα</strong></span> <span class='ocrx_word' id='word_1_179' title='bbox 2420 1378 2637 1449; x_wconf 80' lang='grc' dir='ltr'>ἔχουσιν</span> <span class='ocrx_word' id='word_1_180' title='bbox 2669 1379 2749 1442; x_wconf 89' lang='grc' dir='ltr'><strong>είς</strong></span> <span class='ocrx_word' id='word_1_181' title='bbox 2776 1378 2839 1432; x_wconf 84' lang='grc' dir='ltr'>τὸ</span> <span class='ocrx_word' id='word_1_182' title='bbox 2870 1379 3244 1448; x_wconf 81' lang='grc' dir='ltr'>πνευματικὸν</span> <span class='ocrx_word' id='word_1_183' title='bbox 3286 1377 3469 1448; x_wconf 75' lang='grc' dir='ltr'>ἔργον.</span> 
     </span>
    </p>
   </div>
   <div class='ocr_carea' id='block_1_27' title="bbox 2328 1468 3795 1540">
    <p class='ocr_par' dir='ltr' id='par_1_27' title="bbox 2328 1468 3795 1540">
     <span class='ocr_line' id='line_1_27' title="bbox 2328 1468 3795 1540; baseline -0.002 -17"><span class='ocrx_word' id='word_1_184' title='bbox 2328 1470 2404 1525; x_wconf 83' lang='grc' dir='ltr'><strong>Ζ’.</strong></span> <span class='ocrx_word' id='word_1_185' title='bbox 2452 1469 2669 1540; x_wconf 82' lang='grc' dir='ltr'>Ὠσπερ</span> <span class='ocrx_word' id='word_1_186' title='bbox 2698 1468 2755 1523; x_wconf 79' lang='grc' dir='ltr'>δὲ</span> <span class='ocrx_word' id='word_1_187' title='bbox 2804 1468 3073 1538; x_wconf 80' lang='grc' dir='ltr'><strong>παρθένος</strong></span> <span class='ocrx_word' id='word_1_188' title='bbox 3113 1469 3345 1523; x_wconf 88' lang='grc' dir='ltr'>πλουσία</span> <span class='ocrx_word' id='word_1_189' title='bbox 3392 1470 3795 1539; x_wconf 79' lang='grc' dir='ltr'>μεμνηστευμένη</span> 
     </span>
    </p>
   </div>
   <div class='ocr_carea' id='block_1_28' title="bbox 2261 1558 3796 1633">
    <p class='ocr_par' dir='ltr' id='par_1_28' title="bbox 2261 1558 3796 1633">
     <span class='ocr_line' id='line_1_28' title="bbox 2261 1558 3796 1633; baseline -0.002 -18"><span class='ocrx_word' id='word_1_190' title='bbox 2261 1559 2437 1631; x_wconf 76' lang='grc' dir='ltr'>ἀνδρὶ,</span> <span class='ocrx_word' id='word_1_191' title='bbox 2471 1561 2572 1615; x_wconf 84' lang='grc' dir='ltr'>ὅσα</span> <span class='ocrx_word' id='word_1_192' title='bbox 2614 1561 2682 1615; x_wconf 79' lang='grc' dir='ltr'><strong>ἂν</strong></span> <span class='ocrx_word' id='word_1_193' title='bbox 2715 1561 2934 1631; x_wconf 75' lang='grc' dir='ltr'><strong>δέξηται</strong></span> <span class='ocrx_word' id='word_1_194' title='bbox 2964 1558 3112 1633; x_wconf 82' lang='grc' dir='ltr'>δῶρα</span> <span class='ocrx_word' id='word_1_195' title='bbox 3148 1562 3253 1632; x_wconf 87' lang='grc' dir='ltr'><strong>πρὸ</strong></span> <span class='ocrx_word' id='word_1_196' title='bbox 3280 1561 3381 1631; x_wconf 81' lang='grc' dir='ltr'><strong>τῆς</strong></span> <span class='ocrx_word' id='word_1_197' title='bbox 3408 1562 3694 1627; x_wconf 75' lang='grc' dir='ltr'><strong>κοινωνίας,</strong></span> <span class='ocrx_word' id='word_1_198' title='bbox 3715 1563 3796 1613; x_wconf 75' lang='grc' dir='ltr'>εἴτε</span> 
     </span>
    </p>
   </div>
   <div class='ocr_carea' id='block_1_29' title="bbox 2266 1653 3799 1726">
    <p class='ocr_par' dir='ltr' id='par_1_29' title="bbox 2266 1653 3799 1726">
     <span class='ocr_line' id='line_1_29' title="bbox 2266 1653 3799 1726; baseline -0.001 -20"><span class='ocrx_word' id='word_1_199' title='bbox 2266 1653 2491 1725; x_wconf 80' lang='grc' dir='ltr'>κόσμια,</span> <span class='ocrx_word' id='word_1_200' title='bbox 2531 1655 2642 1708; x_wconf 73' lang='grc' dir='ltr'>εἴτε</span> <span class='ocrx_word' id='word_1_201' title='bbox 2695 1656 3017 1725; x_wconf 65' lang='grc' dir='ltr'>ἱματισμὸν,</span> <span class='ocrx_word' id='word_1_202' title='bbox 3050 1655 3161 1709; x_wconf 74' lang='grc' dir='ltr'>εἴτε</span> <span class='ocrx_word' id='word_1_203' title='bbox 3205 1654 3375 1726; x_wconf 84' lang='grc' dir='ltr'>σκεύη</span> <span class='ocrx_word' id='word_1_204' title='bbox 3426 1654 3698 1725; x_wconf 75' lang='grc' dir='ltr'><strong>πολύτιμα,</strong></span> <span class='ocrx_word' id='word_1_205' title='bbox 3727 1654 3799 1706; x_wconf 79' lang='grc' dir='ltr'>οὐκ</span> 
     </span>
    </p>
   </div>
   <div class='ocr_carea' id='block_1_30' title="bbox 568 1740 2158 1838">
    <p class='ocr_par' dir='ltr' id='par_1_30' title="bbox 568 1740 2157 1838">
     <span class='ocr_line' id='line_1_30' title="bbox 568 1740 2157 1838; baseline 0 -17"><span class='ocrx_word' id='word_1_206' title='bbox 568 1769 900 1838; x_wconf 81' lang='lat' dir='ltr'><strong>pellectilem</strong></span> <span class='ocrx_word' id='word_1_207' title='bbox 931 1768 1253 1838; x_wconf 87' lang='lat' dir='ltr'><strong>pretiosam,</strong></span> <span class='ocrx_word' id='word_1_208' title='bbox 1283 1782 1394 1822; x_wconf 93' lang='lat' dir='ltr'><strong>non</strong></span> <span class='ocrx_word' id='word_1_209' title='bbox 1428 1767 1668 1837; x_wconf 89' lang='lat' dir='ltr'><strong>quiescit</strong></span> <span class='ocrx_word' id='word_1_210' title='bbox 1697 1767 1752 1821; x_wconf 91' lang='lat' dir='ltr'><strong>in</strong></span> <span class='ocrx_word' id='word_1_211' title='bbox 1807 1765 1937 1832; x_wconf 82' lang='lat' dir='ltr'><strong>illis,</strong></span> <span class='ocrx_word' id='word_1_212' title='bbox 1978 1765 2157 1821; x_wconf 89' lang='lat' dir='ltr'><strong>donec</strong></span> 
     </span>
    </p>
   </div>
   <div class='ocr_carea' id='block_1_31' title="bbox 2261 1740 3799 1838">
    <p class='ocr_par' dir='ltr' id='par_1_31' title="bbox 2261 1740 3799 1819">
     <span class='ocr_line' id='line_1_31' title="bbox 2261 1740 3799 1819; baseline -0.001 -20"><span class='ocrx_word' id='word_1_213' title='bbox 2261 1746 2674 1801; x_wconf 69' lang='grc' dir='ltr'>ἔπαναπαύεται</span> <span class='ocrx_word' id='word_1_214' title='bbox 2730 1748 2963 1812; x_wconf 84' lang='grc' dir='ltr'>τούτοις,</span> <span class='ocrx_word' id='word_1_215' title='bbox 3002 1748 3108 1812; x_wconf 71' lang='grc' dir='ltr'>ἕως</span> <span class='ocrx_word' id='word_1_216' title='bbox 3155 1740 3218 1801; x_wconf 78' lang='grc' dir='ltr'><strong>οῦ</strong></span> <span class='ocrx_word' id='word_1_217' title='bbox 3266 1749 3295 1800; x_wconf 98' lang='lat'><strong>6</strong></span> <span class='ocrx_word' id='word_1_218' title='bbox 3342 1746 3533 1818; x_wconf 85' lang='grc' dir='ltr'>καιρὸς</span> <span class='ocrx_word' id='word_1_219' title='bbox 3584 1744 3700 1819; x_wconf 75' lang='grc' dir='ltr'>ἔλθῃ</span> <span class='ocrx_word' id='word_1_220' title='bbox 3729 1741 3799 1798; x_wconf 81' lang='grc' dir='ltr'><strong>τοῦ</strong></span> 
     </span>
    </p>
   </div>
   <div class='ocr_carea' id='block_1_32' title="bbox 568 1859 2160 1931">
    <p class='ocr_par' dir='ltr' id='par_1_32' title="bbox 568 1859 2160 1931">
     <span class='ocr_line' id='line_1_32' title="bbox 568 1859 2160 1931; baseline 0.001 -18"><span class='ocrx_word' id='word_1_221' title='bbox 568 1869 789 1929; x_wconf 89' lang='lat' dir='ltr'><strong>tempus</strong></span> <span class='ocrx_word' id='word_1_222' title='bbox 824 1864 1142 1929; x_wconf 86' lang='lat' dir='ltr'><strong>nuptiarum</strong></span> <span class='ocrx_word' id='word_1_223' title='bbox 1187 1860 1496 1925; x_wconf 87' lang='lat' dir='ltr'><strong>advenerit,</strong></span> <span class='ocrx_word' id='word_1_224' title='bbox 1529 1869 1587 1914; x_wconf 89' lang='lat' dir='ltr'><strong>et</strong></span> <span class='ocrx_word' id='word_1_225' title='bbox 1625 1859 2015 1931; x_wconf 89' lang='lat' dir='ltr'><strong>conjunctione</strong></span> <span class='ocrx_word' id='word_1_226' title='bbox 2058 1874 2160 1929; x_wconf 82' lang='lat' dir='ltr'><strong>po-</strong></span> 
     </span>
    </p>
   </div>
   <div class='ocr_carea' id='block_1_33' title="bbox 571 1948 2159 2020">
    <p class='ocr_par' dir='ltr' id='par_1_33' title="bbox 571 1948 2159 2020">
     <span class='ocr_line' id='line_1_33' title="bbox 571 1948 2159 2020; baseline 0.001 -18"><span class='ocrx_word' id='word_1_227' title='bbox 571 1949 669 2002; x_wconf 86' lang='lat' dir='ltr'><strong>tita</strong></span> <span class='ocrx_word' id='word_1_228' title='bbox 702 1949 909 2002; x_wconf 90' lang='lat' dir='ltr'><strong>fuerit:</strong></span> <span class='ocrx_word' id='word_1_229' title='bbox 958 1948 1039 2002; x_wconf 88' lang='lat' dir='ltr'><strong>sic</strong></span> <span class='ocrx_word' id='word_1_230' title='bbox 1080 1964 1302 2018; x_wconf 89' lang='lat' dir='ltr'><strong>quoque</strong></span> <span class='ocrx_word' id='word_1_231' title='bbox 1339 1950 1525 2004; x_wconf 90' lang='lat' dir='ltr'><strong>anima</strong></span> <span class='ocrx_word' id='word_1_232' title='bbox 1560 1956 1748 2019; x_wconf 87' lang='lat' dir='ltr'><strong>aptata</strong></span> <span class='ocrx_word' id='word_1_233' title='bbox 1797 1950 1854 2004; x_wconf 90' lang='lat' dir='ltr'><strong>in</strong></span> <span class='ocrx_word' id='word_1_234' title='bbox 1899 1964 2159 2020; x_wconf 89' lang='lat' dir='ltr'><strong>sponsam</strong></span> 
     </span>
    </p>
   </div>
   <div class='ocr_carea' id='block_1_34' title="bbox 569 2034 2160 2106">
    <p class='ocr_par' dir='ltr' id='par_1_34' title="bbox 569 2034 2160 2106">
     <span class='ocr_line' id='line_1_34' title="bbox 569 2034 2160 2106; baseline 0.001 -15"><span class='ocrx_word' id='word_1_235' title='bbox 569 2036 781 2091; x_wconf 67' lang='lat' dir='ltr'><strong>caelesti</strong></span> <span class='ocrx_word' id='word_1_236' title='bbox 818 2034 1053 2104; x_wconf 89' lang='lat' dir='ltr'><strong>Sponso,</strong></span> <span class='ocrx_word' id='word_1_237' title='bbox 1080 2036 1279 2106; x_wconf 83' lang='lat' dir='ltr'><strong>accipit</strong></span> <span class='ocrx_word' id='word_1_238' title='bbox 1314 2036 1683 2091; x_wconf 84' lang='lat' dir='ltr'><strong>arrhabonem</strong></span> <span class='ocrx_word' id='word_1_239' title='bbox 1720 2052 1751 2091; x_wconf 90' lang='lat' dir='ltr'><strong>e</strong></span> <span class='ocrx_word' id='word_1_240' title='bbox 1776 2036 2010 2105; x_wconf 81' lang='lat' dir='ltr'><strong>Spiritu,</strong></span> <span class='ocrx_word' id='word_1_241' title='bbox 2042 2037 2160 2093; x_wconf 88' lang='lat' dir='ltr'><strong>sive</strong></span> 
     </span>
    </p>
   </div>
   <div class='ocr_carea' id='block_1_35' title="bbox 570 2128 2159 2203">
    <p class='ocr_par' dir='ltr' id='par_1_35' title="bbox 570 2128 2159 2203">
     <span class='ocr_line' id='line_1_35' title="bbox 570 2128 2159 2203; baseline 0.004 -20"><span class='ocrx_word' id='word_1_242' title='bbox 570 2128 715 2184; x_wconf 86' lang='lat' dir='ltr'><strong>dona</strong></span> <span class='ocrx_word' id='word_1_243' title='bbox 755 2132 1128 2195; x_wconf 87' lang='lat' dir='ltr'><strong>sanationum,</strong></span> <span class='ocrx_word' id='word_1_244' title='bbox 1171 2133 1286 2187; x_wconf 83' lang='lat' dir='ltr'><strong>sive</strong></span> <span class='ocrx_word' id='word_1_245' title='bbox 1312 2132 1664 2203; x_wconf 85' lang='lat' dir='ltr'><strong>cognitionis,</strong></span> <span class='ocrx_word' id='word_1_246' title='bbox 1696 2133 1813 2188; x_wconf 90' lang='lat' dir='ltr'><strong>sive</strong></span> <span class='ocrx_word' id='word_1_247' title='bbox 1863 2133 2159 2189; x_wconf 85' lang='lat' dir='ltr'><strong>revelatio-</strong></span> 
     </span>
    </p>
   </div>
   <div class='ocr_carea' id='block_1_36' title="bbox 569 2222 2160 2294">
    <p class='ocr_par' dir='ltr' id='par_1_36' title="bbox 569 2222 2160 2294">
     <span class='ocr_line' id='line_1_36' title="bbox 569 2222 2160 2294; baseline 0.003 -19"><span class='ocrx_word' id='word_1_248' title='bbox 569 2222 659 2276; x_wconf 85' lang='lat' dir='ltr'><strong>nis</strong></span> <span class='ocrx_word' id='word_1_249' title='bbox 700 2244 713 2275; x_wconf 74' lang='grc' dir='ltr'><strong>ι</strong></span> <span class='ocrx_word' id='word_1_250' title='bbox 747 2222 841 2277; x_wconf 90' lang='lat' dir='ltr'><strong>sed</strong></span> <span class='ocrx_word' id='word_1_251' title='bbox 866 2238 975 2277; x_wconf 87' lang='lat' dir='ltr'><strong>non</strong></span> <span class='ocrx_word' id='word_1_252' title='bbox 1014 2224 1363 2294; x_wconf 88' lang='lat' dir='ltr'><strong>conquiescit</strong></span> <span class='ocrx_word' id='word_1_253' title='bbox 1388 2224 1443 2278; x_wconf 95' lang='lat' dir='ltr'><strong>in</strong></span> <span class='ocrx_word' id='word_1_254' title='bbox 1475 2224 1606 2289; x_wconf 91' lang='lat' dir='ltr'><strong>illis,</strong></span> <span class='ocrx_word' id='word_1_255' title='bbox 1641 2224 1820 2280; x_wconf 90' lang='lat' dir='ltr'><strong>donec</strong></span> <span class='ocrx_word' id='word_1_256' title='bbox 1848 2240 2160 2294; x_wconf 81' lang='lat' dir='ltr'><strong>consequa-</strong></span> 
     </span>
    </p>
   </div>
   <div class='ocr_carea' id='block_1_37' title="bbox 573 2311 2160 2382">
    <p class='ocr_par' dir='ltr' id='par_1_37' title="bbox 573 2311 2160 2382">
     <span class='ocr_line' id='line_1_37' title="bbox 573 2311 2160 2382; baseline 0.004 -19"><span class='ocrx_word' id='word_1_257' title='bbox 573 2319 663 2363; x_wconf 92' lang='lat' dir='ltr'><strong>tur</strong></span> <span class='ocrx_word' id='word_1_258' title='bbox 693 2311 911 2379; x_wconf 88' lang='lat' dir='ltr'><strong>plenam</strong></span> <span class='ocrx_word' id='word_1_259' title='bbox 948 2313 1295 2375; x_wconf 84' lang='lat' dir='ltr'><strong>societatem,</strong></span> <span class='ocrx_word' id='word_1_260' title='bbox 1338 2311 1445 2367; x_wconf 82' lang='lat' dir='ltr'><strong>hoc</strong></span> <span class='ocrx_word' id='word_1_261' title='bbox 1494 2320 1582 2366; x_wconf 88' lang='lat' dir='ltr'><strong>est</strong></span> <span class='ocrx_word' id='word_1_262' title='bbox 1624 2311 2004 2376; x_wconf 84' lang='lat' dir='ltr'><strong>dilectionem,</strong></span> <span class='ocrx_word' id='word_1_263' title='bbox 2038 2328 2160 2382; x_wconf 66' lang='lat' dir='ltr'><strong>quae</strong></span> 
     </span>
    </p>
   </div>
   <div class='ocr_carea' id='block_1_38' title="bbox 568 2398 2159 2468">
    <p class='ocr_par' dir='ltr' id='par_1_38' title="bbox 568 2398 2159 2468">
     <span class='ocr_line' id='line_1_38' title="bbox 568 2398 2159 2468; baseline 0.001 -19"><span class='ocrx_word' id='word_1_264' title='bbox 568 2412 697 2450; x_wconf 89' lang='lat' dir='ltr'><strong>cum</strong></span> <span class='ocrx_word' id='word_1_265' title='bbox 731 2413 837 2452; x_wconf 90' lang='lat' dir='ltr'><strong>nec</strong></span> <span class='ocrx_word' id='word_1_266' title='bbox 868 2408 1137 2463; x_wconf 90' lang='lat' dir='ltr'><strong>mutetur,</strong></span> <span class='ocrx_word' id='word_1_267' title='bbox 1176 2415 1280 2455; x_wconf 92' lang='lat' dir='ltr'><strong>nec</strong></span> <span class='ocrx_word' id='word_1_268' title='bbox 1319 2398 1561 2463; x_wconf 81' lang='lat' dir='ltr'><strong>excidat,</strong></span> <span class='ocrx_word' id='word_1_269' title='bbox 1592 2399 1776 2454; x_wconf 91' lang='lat' dir='ltr'><strong>omnis</strong></span> <span class='ocrx_word' id='word_1_270' title='bbox 1807 2399 2080 2468; x_wconf 89' lang='lat' dir='ltr'><strong>passionis</strong></span> <span class='ocrx_word' id='word_1_271' title='bbox 2104 2404 2159 2453; x_wconf 87' lang='lat' dir='ltr'><strong>et</strong></span> 
     </span>
    </p>
   </div>
   <div class='ocr_carea' id='block_1_39' title="bbox 569 2485 2159 2556">
    <p class='ocr_par' dir='ltr' id='par_1_39' title="bbox 569 2485 2159 2556">
     <span class='ocr_line' id='line_1_39' title="bbox 569 2485 2159 2556; baseline 0.001 -17"><span class='ocrx_word' id='word_1_272' title='bbox 569 2486 955 2540; x_wconf 87' lang='lat' dir='ltr'><strong>concussionis</strong></span> <span class='ocrx_word' id='word_1_273' title='bbox 1007 2495 1263 2556; x_wconf 79' lang='lat' dir='ltr'><strong>expertes</strong></span> <span class='ocrx_word' id='word_1_274' title='bbox 1294 2486 1588 2541; x_wconf 84' lang='lat' dir='ltr'><strong>constituit</strong></span> <span class='ocrx_word' id='word_1_275' title='bbox 1617 2486 1761 2551; x_wconf 83' lang='lat' dir='ltr'><strong>illos,</strong></span> <span class='ocrx_word' id='word_1_276' title='bbox 1789 2487 1883 2555; x_wconf 90' lang='lat' dir='ltr'><strong>qui</strong></span> <span class='ocrx_word' id='word_1_277' title='bbox 1913 2502 2034 2541; x_wconf 89' lang='lat' dir='ltr'><strong>eam</strong></span> <span class='ocrx_word' id='word_1_278' title='bbox 2060 2485 2159 2540; x_wconf 82' lang='lat' dir='ltr'><strong>de-</strong></span> 
     </span>
    </p>
   </div>
   <div class='ocr_carea' id='block_1_40' title="bbox 568 2578 2161 2649">
    <p class='ocr_par' dir='ltr' id='par_1_40' title="bbox 568 2578 2161 2649">
     <span class='ocr_line' id='line_1_40' title="bbox 568 2578 2161 2649; baseline -0.001 -16"><span class='ocrx_word' id='word_1_279' title='bbox 568 2578 840 2633; x_wconf 87' lang='lat' dir='ltr'><strong>sidcrant.</strong></span> <span class='ocrx_word' id='word_1_280' title='bbox 871 2579 979 2633; x_wconf 85' lang='lat' dir='ltr'><strong>Aut</strong></span> <span class='ocrx_word' id='word_1_281' title='bbox 1008 2579 1481 2649; x_wconf 81' lang='lat' dir='ltr'><strong>quemadmodum</strong></span> <span class='ocrx_word' id='word_1_282' title='bbox 1517 2578 1698 2634; x_wconf 84' lang='lat' dir='ltr'><strong>infans</strong></span> <span class='ocrx_word' id='word_1_283' title='bbox 1737 2580 1972 2634; x_wconf 88' lang='lat' dir='ltr'><strong>amictus</strong></span> <span class='ocrx_word' id='word_1_284' title='bbox 2015 2594 2161 2632; x_wconf 91' lang='lat' dir='ltr'><strong>mar-</strong></span> 
     </span>
    </p>
   </div>
   <div class='ocr_carea' id='block_1_41' title="bbox 567 2669 2159 2742">
    <p class='ocr_par' dir='ltr' id='par_1_41' title="bbox 567 2669 2159 2742">
     <span class='ocr_line' id='line_1_41' title="bbox 567 2669 2159 2742; baseline 0.001 -19"><span class='ocrx_word' id='word_1_285' title='bbox 567 2670 767 2740; x_wconf 90' lang='lat' dir='ltr'><strong>garitis</strong></span> <span class='ocrx_word' id='word_1_286' title='bbox 793 2679 851 2725; x_wconf 89' lang='lat' dir='ltr'><strong>et</strong></span> <span class='ocrx_word' id='word_1_287' title='bbox 878 2670 1218 2727; x_wconf 88' lang='lat' dir='ltr'><strong>indumentis</strong></span> <span class='ocrx_word' id='word_1_288' title='bbox 1262 2670 1545 2742; x_wconf 86' lang='lat' dir='ltr'><strong>pretiosis,</strong></span> <span class='ocrx_word' id='word_1_289' title='bbox 1576 2670 1671 2725; x_wconf 91' lang='lat' dir='ltr'><strong>ubi</strong></span> <span class='ocrx_word' id='word_1_290' title='bbox 1705 2670 1986 2735; x_wconf 90' lang='lat' dir='ltr'><strong>esurierit,</strong></span> <span class='ocrx_word' id='word_1_291' title='bbox 2018 2669 2159 2725; x_wconf 89' lang='lat' dir='ltr'><strong>nihil</strong></span> 
     </span>
    </p>
   </div>
   <div class='ocr_carea' id='block_1_42' title="bbox 565 2761 2159 2833">
    <p class='ocr_par' dir='ltr' id='par_1_42' title="bbox 565 2761 2159 2833">
     <span class='ocr_line' id='line_1_42' title="bbox 565 2761 2159 2833; baseline -0.001 -17"><span class='ocrx_word' id='word_1_292' title='bbox 565 2764 804 2817; x_wconf 71' lang='lat' dir='ltr'><strong>aestimat</strong></span> <span class='ocrx_word' id='word_1_293' title='bbox 832 2778 956 2832; x_wconf 67' lang='lat' dir='ltr'><strong>quin</strong></span> <span class='ocrx_word' id='word_1_294' title='bbox 994 2772 1195 2833; x_wconf 77' lang='lat' dir='ltr'><strong>gestat,</strong></span> <span class='ocrx_word' id='word_1_295' title='bbox 1250 2764 1346 2819; x_wconf 88' lang='lat' dir='ltr'><strong>sed</strong></span> <span class='ocrx_word' id='word_1_296' title='bbox 1390 2778 1455 2819; x_wconf 90' lang='lat' dir='ltr'><strong>ea</strong></span> <span class='ocrx_word' id='word_1_297' title='bbox 1496 2761 1743 2833; x_wconf 79' lang='lat' dir='ltr'><strong>negligit,</strong></span> <span class='ocrx_word' id='word_1_298' title='bbox 1771 2775 1991 2816; x_wconf 87' lang='lat' dir='ltr'><strong>omnem</strong></span> <span class='ocrx_word' id='word_1_299' title='bbox 2025 2776 2159 2815; x_wconf 82' lang='lat' dir='ltr'><strong>vero</strong></span> 
     </span>
    </p>
   </div>
   <div class='ocr_carea' id='block_1_43' title="bbox 568 2856 2159 2925">
    <p class='ocr_par' dir='ltr' id='par_1_43' title="bbox 568 2856 2159 2925">
     <span class='ocr_line' id='line_1_43' title="bbox 568 2856 2159 2925; baseline 0.001 -16"><span class='ocrx_word' id='word_1_300' title='bbox 568 2872 759 2909; x_wconf 89' lang='lat' dir='ltr'><strong>curam</strong></span> <span class='ocrx_word' id='word_1_301' title='bbox 810 2857 979 2911; x_wconf 84' lang='lat' dir='ltr'><strong>habet</strong></span> <span class='ocrx_word' id='word_1_302' title='bbox 1023 2858 1079 2911; x_wconf 90' lang='lat' dir='ltr'><strong>in</strong></span> <span class='ocrx_word' id='word_1_303' title='bbox 1124 2856 1367 2911; x_wconf 89' lang='lat' dir='ltr'><strong>mamilla</strong></span> <span class='ocrx_word' id='word_1_304' title='bbox 1406 2856 1677 2919; x_wconf 89' lang='lat' dir='ltr'><strong>alimenti,</strong></span> <span class='ocrx_word' id='word_1_305' title='bbox 1700 2871 1811 2925; x_wconf 90' lang='lat' dir='ltr'><strong>quo</strong></span> <span class='ocrx_word' id='word_1_306' title='bbox 1864 2862 2027 2925; x_wconf 88' lang='lat' dir='ltr'><strong>pacto</strong></span> <span class='ocrx_word' id='word_1_307' title='bbox 2075 2856 2159 2910; x_wconf 92' lang='lat' dir='ltr'><strong>lae</strong></span> 
     </span>
    </p>
   </div>
   <div class='ocr_carea' id='block_1_44' title="bbox 565 2945 2159 3017">
    <p class='ocr_par' dir='ltr' id='par_1_44' title="bbox 565 2945 2159 3017">
     <span class='ocr_line' id='line_1_44' title="bbox 565 2945 2159 3017; baseline 0.001 -16"><span class='ocrx_word' id='word_1_308' title='bbox 565 2947 807 3015; x_wconf 89' lang='lat' dir='ltr'><strong>accipiat</strong></span> <span class='ocrx_word' id='word_1_309' title='bbox 833 2964 847 3000; x_wconf 90' lang='lat'><strong>:</strong></span> <span class='ocrx_word' id='word_1_310' title='bbox 870 2947 1016 3001; x_wconf 90' lang='lat' dir='ltr'><strong>idem</strong></span> <span class='ocrx_word' id='word_1_311' title='bbox 1041 2962 1270 3017; x_wconf 91' lang='lat' dir='ltr'><strong>quoque</strong></span> <span class='ocrx_word' id='word_1_312' title='bbox 1295 2955 1487 3017; x_wconf 90' lang='lat' dir='ltr'><strong>putato</strong></span> <span class='ocrx_word' id='word_1_313' title='bbox 1527 2946 1665 3001; x_wconf 90' lang='lat' dir='ltr'><strong>mihi</strong></span> <span class='ocrx_word' id='word_1_314' title='bbox 1693 2946 1748 2999; x_wconf 90' lang='lat' dir='ltr'><strong>in</strong></span> <span class='ocrx_word' id='word_1_315' title='bbox 1772 2945 2159 3017; x_wconf 89' lang='lat' dir='ltr'><strong>spiritualibus</strong></span> 
     </span>
    </p>
   </div>
   <div class='ocr_carea' id='block_1_45' title="bbox 566 3036 1787 3109">
    <p class='ocr_par' dir='ltr' id='par_1_45' title="bbox 566 3036 1787 3109">
     <span class='ocr_line' id='line_1_45' title="bbox 566 3036 1787 3109; baseline -0.003 -15"><span class='ocrx_word' id='word_1_316' title='bbox 566 3039 731 3094; x_wconf 88' lang='lat' dir='ltr'><strong>donis</strong></span> <span class='ocrx_word' id='word_1_317' title='bbox 760 3040 878 3094; x_wconf 88' lang='lat' dir='ltr'><strong>Dei.</strong></span> <span class='ocrx_word' id='word_1_318' title='bbox 914 3038 1017 3095; x_wconf 87' lang='lat' dir='ltr'><strong>Cui</strong></span> <span class='ocrx_word' id='word_1_319' title='bbox 1048 3039 1223 3109; x_wconf 88' lang='lat' dir='ltr'><strong>gloria</strong></span> <span class='ocrx_word' id='word_1_320' title='bbox 1256 3038 1312 3093; x_wconf 91' lang='lat' dir='ltr'><strong>in</strong></span> <span class='ocrx_word' id='word_1_321' title='bbox 1333 3038 1555 3093; x_wconf 59' lang='lat' dir='ltr'><strong>sacula.</strong></span> <span class='ocrx_word' id='word_1_322' title='bbox 1588 3036 1787 3092; x_wconf 83' lang='lat' dir='ltr'><strong>Amen.</strong></span> 
     </span>
    </p>
   </div>
   <div class='ocr_carea' id='block_1_46' title="bbox 1106 3162 1618 3219">
    <p class='ocr_par' dir='ltr' id='par_1_46' title="bbox 1106 3162 1618 3219">
     <span class='ocr_line' id='line_1_46' title="bbox 1106 3162 1618 3219; baseline 0.002 -1"><span class='ocrx_word' id='word_1_323' title='bbox 1106 3163 1393 3219; x_wconf 77' lang='lat' dir='ltr'><strong>HOMILIA</strong></span> <span class='ocrx_word' id='word_1_324' title='bbox 1430 3162 1618 3219; x_wconf 83' lang='lat' dir='ltr'><strong>XLVI.</strong></span> 
     </span>
    </p>
   </div>
   <div class='ocr_carea' id='block_1_47' title="bbox 568 3251 2161 3322">
    <p class='ocr_par' dir='ltr' id='par_1_47' title="bbox 568 3251 2161 3322">
     <span class='ocr_line' id='line_1_47' title="bbox 568 3251 2161 3322; baseline 0.001 -15"><span class='ocrx_word' id='word_1_325' title='bbox 568 3251 648 3307; x_wconf 85' lang='lat' dir='ltr'><strong>De</strong></span> <span class='ocrx_word' id='word_1_326' title='bbox 706 3253 1001 3322; x_wconf 72' lang='lat' dir='ltr'><strong>diﬁ&#39;erentia</strong></span> <span class='ocrx_word' id='word_1_327' title='bbox 1058 3254 1200 3306; x_wconf 83' lang='lat' dir='ltr'><strong>inter</strong></span> <span class='ocrx_word' id='word_1_328' title='bbox 1254 3252 1476 3306; x_wconf 81' lang='lat' dir='ltr'><strong>Verbum</strong></span> <span class='ocrx_word' id='word_1_329' title='bbox 1539 3252 1637 3307; x_wconf 88' lang='lat' dir='ltr'><strong>Dei</strong></span> <span class='ocrx_word' id='word_1_330' title='bbox 1680 3260 1731 3306; x_wconf 85' lang='lat' dir='ltr'><strong>et</strong></span> <span class='ocrx_word' id='word_1_331' title='bbox 1772 3252 1914 3322; x_wconf 70' lang='lat' dir='ltr'><strong>inter</strong></span> <span class='ocrx_word' id='word_1_332' title='bbox 1948 3255 2161 3309; x_wconf 77' lang='lat' dir='ltr'><strong>verbum</strong></span> 
     </span>
    </p>
   </div>
   <div class='ocr_carea' id='block_1_48' title="bbox 642 3319 2160 3396">
    <p class='ocr_par' dir='ltr' id='par_1_48' title="bbox 642 3319 2160 3396">
     <span class='ocr_line' id='line_1_48' title="bbox 642 3319 2160 3396; baseline 0.002 -19"><span class='ocrx_word' id='word_1_333' title='bbox 642 3319 827 3377; x_wconf 60' lang='lat' dir='ltr'><strong>mundi</strong></span> <span class='ocrx_word' id='word_1_334' title='bbox 861 3332 951 3378; x_wconf 87' lang='lat' dir='ltr'><strong>:et</strong></span> <span class='ocrx_word' id='word_1_335' title='bbox 1000 3326 1140 3377; x_wconf 83' lang='lat' dir='ltr'><strong>inter</strong></span> <span class='ocrx_word' id='word_1_336' title='bbox 1190 3322 1332 3392; x_wconf 76' lang='lat' dir='ltr'><strong>ﬁlios</strong></span> <span class='ocrx_word' id='word_1_337' title='bbox 1380 3322 1477 3378; x_wconf 81' lang='lat' dir='ltr'><strong>Dei</strong></span> <span class='ocrx_word' id='word_1_338' title='bbox 1526 3331 1575 3378; x_wconf 86' lang='lat' dir='ltr'><strong>et</strong></span> <span class='ocrx_word' id='word_1_339' title='bbox 1615 3324 1756 3377; x_wconf 81' lang='lat' dir='ltr'><strong>inter</strong></span> <span class='ocrx_word' id='word_1_340' title='bbox 1813 3319 1953 3391; x_wconf 80' lang='lat' dir='ltr'><strong>ﬁlios</strong></span> <span class='ocrx_word' id='word_1_341' title='bbox 1999 3327 2160 3396; x_wconf 86' lang='lat' dir='ltr'><strong>hujus</strong></span> 
     </span>
    </p>
   </div>
   <div class='ocr_carea' id='block_1_49' title="bbox 644 3395 852 3449">
    <p class='ocr_par' dir='ltr' id='par_1_49' title="bbox 644 3395 852 3449">
     <span class='ocr_line' id='line_1_49' title="bbox 644 3395 852 3449; baseline -0.005 0"><span class='ocrx_word' id='word_1_342' title='bbox 644 3395 852 3449; x_wconf 83' lang='lat' dir='ltr'><strong>mundi.</strong></span> 
     </span>
    </p>
   </div>
   <div class='ocr_carea' id='block_1_50' title="bbox 640 3504 2159 3577">
    <p class='ocr_par' dir='ltr' id='par_1_50' title="bbox 640 3504 2159 3577">
     <span class='ocr_line' id='line_1_50' title="bbox 640 3504 2159 3577; baseline 0.001 -15"><span class='ocrx_word' id='word_1_343' title='bbox 640 3504 683 3562; x_wconf 92' lang='grc' dir='ltr'>Ι.</span> <span class='ocrx_word' id='word_1_344' title='bbox 718 3506 961 3561; x_wconf 82' lang='lat' dir='ltr'><strong>Verbum</strong></span> <span class='ocrx_word' id='word_1_345' title='bbox 1017 3507 1137 3575; x_wconf 86' lang='lat' dir='ltr'><strong>Dei,</strong></span> <span class='ocrx_word' id='word_1_346' title='bbox 1191 3509 1338 3565; x_wconf 87' lang='lat' dir='ltr'><strong>Deus</strong></span> <span class='ocrx_word' id='word_1_347' title='bbox 1384 3516 1514 3576; x_wconf 88' lang='lat' dir='ltr'><strong>est,</strong></span> <span class='ocrx_word' id='word_1_348' title='bbox 1562 3517 1620 3565; x_wconf 91' lang='lat' dir='ltr'><strong>et</strong></span> <span class='ocrx_word' id='word_1_349' title='bbox 1669 3510 1901 3566; x_wconf 87' lang='lat' dir='ltr'><strong>verbum</strong></span> <span class='ocrx_word' id='word_1_350' title='bbox 1935 3510 2159 3577; x_wconf 92' lang='lat' dir='ltr'><strong>mundi,</strong></span> 
     </span>
    </p>
   </div>
   <div class='ocr_carea' id='block_1_51' title="bbox 571 3599 2161 3671">
    <p class='ocr_par' dir='ltr' id='par_1_51' title="bbox 571 3599 2161 3671">
     <span class='ocr_line' id='line_1_51' title="bbox 571 3599 2161 3671; baseline 0.003 -18"><span class='ocrx_word' id='word_1_351' title='bbox 571 3599 817 3654; x_wconf 85' lang='lat' dir='ltr'><strong>mundus</strong></span> <span class='ocrx_word' id='word_1_352' title='bbox 841 3610 948 3654; x_wconf 81' lang='lat' dir='ltr'><strong>est.</strong></span> <span class='ocrx_word' id='word_1_353' title='bbox 972 3600 1226 3671; x_wconf 81' lang='lat' dir='ltr'><strong>Magnum</strong></span> <span class='ocrx_word' id='word_1_354' title='bbox 1251 3617 1385 3657; x_wconf 86' lang='lat' dir='ltr'><strong>vero</strong></span> <span class='ocrx_word' id='word_1_355' title='bbox 1407 3602 1705 3658; x_wconf 86' lang='lat' dir='ltr'><strong>discrimen</strong></span> <span class='ocrx_word' id='word_1_356' title='bbox 1731 3611 1789 3659; x_wconf 91' lang='lat' dir='ltr'><strong>et</strong></span> <span class='ocrx_word' id='word_1_357' title='bbox 1810 3603 2161 3659; x_wconf 89' lang='lat' dir='ltr'><strong>intervallum</strong></span> 
     </span>
    </p>
   </div>
   <div class='ocr_carea' id='block_1_52' title="bbox 567 3690 2161 3758">
    <p class='ocr_par' dir='ltr' id='par_1_52' title="bbox 567 3690 2161 3758">
     <span class='ocr_line' id='line_1_52' title="bbox 567 3690 2161 3758; baseline 0.001 -12"><span class='ocrx_word' id='word_1_358' title='bbox 567 3702 654 3746; x_wconf 84' lang='lat' dir='ltr'><strong>est</strong></span> <span class='ocrx_word' id='word_1_359' title='bbox 706 3693 850 3746; x_wconf 81' lang='lat' dir='ltr'><strong>inter</strong></span> <span class='ocrx_word' id='word_1_360' title='bbox 910 3690 1145 3747; x_wconf 82' lang='lat' dir='ltr'><strong>Verbum</strong></span> <span class='ocrx_word' id='word_1_361' title='bbox 1202 3694 1301 3748; x_wconf 91' lang='lat' dir='ltr'><strong>Dei</strong></span> <span class='ocrx_word' id='word_1_362' title='bbox 1346 3703 1403 3749; x_wconf 89' lang='lat' dir='ltr'><strong>et</strong></span> <span class='ocrx_word' id='word_1_363' title='bbox 1461 3694 1609 3749; x_wconf 89' lang='lat' dir='ltr'><strong>inter</strong></span> <span class='ocrx_word' id='word_1_364' title='bbox 1646 3694 1878 3748; x_wconf 83' lang='lat' dir='ltr'><strong>verbum</strong></span> <span class='ocrx_word' id='word_1_365' title='bbox 1930 3694 2161 3758; x_wconf 90' lang='lat' dir='ltr'><strong>mundi,</strong></span> 
     </span>
    </p>
   </div>
   <div class='ocr_carea' id='block_1_53' title="bbox 567 3782 2163 3856">
    <p class='ocr_par' dir='ltr' id='par_1_53' title="bbox 567 3782 2163 3856">
     <span class='ocr_line' id='line_1_53' title="bbox 567 3782 2163 3856; baseline 0.002 -19"><span class='ocrx_word' id='word_1_366' title='bbox 567 3792 735 3852; x_wconf 87' lang='lat' dir='ltr'><strong>atque</strong></span> <span class='ocrx_word' id='word_1_367' title='bbox 764 3783 910 3837; x_wconf 89' lang='lat' dir='ltr'><strong>inter</strong></span> <span class='ocrx_word' id='word_1_368' title='bbox 935 3782 1078 3839; x_wconf 79' lang='lat' dir='ltr'><strong>filios</strong></span> <span class='ocrx_word' id='word_1_369' title='bbox 1099 3784 1196 3839; x_wconf 85' lang='lat' dir='ltr'><strong>Dei</strong></span> <span class='ocrx_word' id='word_1_370' title='bbox 1226 3794 1283 3839; x_wconf 85' lang='lat' dir='ltr'><strong>et</strong></span> <span class='ocrx_word' id='word_1_371' title='bbox 1340 3784 1485 3840; x_wconf 89' lang='lat' dir='ltr'><strong>inter</strong></span> <span class='ocrx_word' id='word_1_372' title='bbox 1510 3786 1655 3841; x_wconf 83' lang='lat' dir='ltr'><strong>ﬁlios</strong></span> <span class='ocrx_word' id='word_1_373' title='bbox 1683 3786 1897 3851; x_wconf 84' lang='lat' dir='ltr'><strong>mundi.</strong></span> <span class='ocrx_word' id='word_1_374' title='bbox 1922 3786 2163 3856; x_wconf 85' lang='lat' dir='ltr'><strong>Utraque</strong></span> 
     </span>
    </p>
   </div>
   <div class='ocr_carea' id='block_1_54' title="bbox 564 3874 2165 3946">
    <p class='ocr_par' dir='ltr' id='par_1_54' title="bbox 564 3874 2165 3946">
     <span class='ocr_line' id='line_1_54' title="bbox 564 3874 2165 3946; baseline 0.004 -18"><span class='ocrx_word' id='word_1_375' title='bbox 564 3874 716 3928; x_wconf 85' lang='lat' dir='ltr'><strong>enim</strong></span> <span class='ocrx_word' id='word_1_376' title='bbox 744 3875 927 3944; x_wconf 90' lang='lat' dir='ltr'><strong>proles</strong></span> <span class='ocrx_word' id='word_1_377' title='bbox 979 3889 1209 3930; x_wconf 88' lang='lat' dir='ltr'><strong>suorum</strong></span> <span class='ocrx_word' id='word_1_378' title='bbox 1258 3877 1459 3931; x_wconf 91' lang='lat' dir='ltr'><strong>similis</strong></span> <span class='ocrx_word' id='word_1_379' title='bbox 1495 3885 1584 3932; x_wconf 91' lang='lat' dir='ltr'><strong>est</strong></span> <span class='ocrx_word' id='word_1_380' title='bbox 1632 3885 1954 3946; x_wconf 89' lang='lat' dir='ltr'><strong>parentum.</strong></span> <span class='ocrx_word' id='word_1_381' title='bbox 1980 3875 2037 3931; x_wconf 89' lang='lat' dir='ltr'><strong>Si</strong></span> <span class='ocrx_word' id='word_1_382' title='bbox 2069 3893 2165 3934; x_wconf 83' lang='lat' dir='ltr'><strong>v0-</strong></span> 
     </span>
    </p>
   </div>
   <div class='ocr_carea' id='block_1_55' title="bbox 569 3966 2164 4041">
    <p class='ocr_par' dir='ltr' id='par_1_55' title="bbox 569 3966 2164 4041">
     <span class='ocr_line' id='line_1_55' title="bbox 569 3966 2164 4041; baseline 0.001 -18"><span class='ocrx_word' id='word_1_383' title='bbox 569 3966 741 4023; x_wconf 86' lang='lat' dir='ltr'><strong>luerit</strong></span> <span class='ocrx_word' id='word_1_384' title='bbox 761 3983 893 4039; x_wconf 87' lang='lat' dir='ltr'><strong>ergo</strong></span> <span class='ocrx_word' id='word_1_385' title='bbox 925 3984 1167 4039; x_wconf 78' lang='lat' dir='ltr'><strong>propago</strong></span> <span class='ocrx_word' id='word_1_386' title='bbox 1209 3970 1436 4041; x_wconf 89' lang='lat' dir='ltr'><strong>spiritus</strong></span> <span class='ocrx_word' id='word_1_387' title='bbox 1452 3969 1674 4025; x_wconf 86' lang='lat' dir='ltr'><strong>tradere</strong></span> <span class='ocrx_word' id='word_1_388' title='bbox 1703 3986 1762 4025; x_wconf 92' lang='lat' dir='ltr'><strong>se</strong></span> <span class='ocrx_word' id='word_1_389' title='bbox 1791 3970 1966 4040; x_wconf 86' lang='lat' dir='ltr'><strong>ipsam</strong></span> <span class='ocrx_word' id='word_1_390' title='bbox 1994 3970 2164 4025; x_wconf 88' lang='lat' dir='ltr'><strong>verbo</strong></span> 
     </span>
    </p>
   </div>
   <div class='ocr_carea' id='block_1_56' title="bbox 570 4060 2164 4133">
    <p class='ocr_par' dir='ltr' id='par_1_56' title="bbox 570 4060 2164 4133">
     <span class='ocr_line' id='line_1_56' title="bbox 570 4060 2164 4133; baseline 0.002 -20"><span class='ocrx_word' id='word_1_391' title='bbox 570 4060 788 4124; x_wconf 90' lang='lat' dir='ltr'><strong>mundi,</strong></span> <span class='ocrx_word' id='word_1_392' title='bbox 855 4076 920 4114; x_wconf 87' lang='lat' dir='ltr'><strong>ae</strong></span> <span class='ocrx_word' id='word_1_393' title='bbox 979 4061 1149 4116; x_wconf 87' lang='lat' dir='ltr'><strong>rebus</strong></span> <span class='ocrx_word' id='word_1_394' title='bbox 1203 4063 1466 4128; x_wconf 88' lang='lat' dir='ltr'><strong>terrenis,</strong></span> <span class='ocrx_word' id='word_1_395' title='bbox 1516 4074 1685 4131; x_wconf 89' lang='lat' dir='ltr'><strong>atque</strong></span> <span class='ocrx_word' id='word_1_396' title='bbox 1730 4062 1922 4133; x_wconf 78' lang='lat' dir='ltr'><strong>gloria:</strong></span> <span class='ocrx_word' id='word_1_397' title='bbox 1976 4063 2164 4127; x_wconf 64' lang='lat' dir='ltr'><strong>saaculi</strong></span> 
     </span>
    </p>
   </div>
   <div class='ocr_carea' id='block_1_57' title="bbox 569 4152 2162 4224">
    <p class='ocr_par' dir='ltr' id='par_1_57' title="bbox 569 4152 2162 4224">
     <span class='ocr_line' id='line_1_57' title="bbox 569 4152 2162 4224; baseline 0.004 -18"><span class='ocrx_word' id='word_1_398' title='bbox 569 4153 756 4223; x_wconf 84' lang='lat' dir='ltr'><strong>hujus,</strong></span> <span class='ocrx_word' id='word_1_399' title='bbox 811 4152 1179 4207; x_wconf 85' lang='lat' dir='ltr'><strong>mortificatur</strong></span> <span class='ocrx_word' id='word_1_400' title='bbox 1208 4162 1268 4208; x_wconf 86' lang='lat' dir='ltr'><strong>et</strong></span> <span class='ocrx_word' id='word_1_401' title='bbox 1318 4155 1484 4223; x_wconf 92' lang='lat' dir='ltr'><strong>perit,</strong></span> <span class='ocrx_word' id='word_1_402' title='bbox 1524 4154 1735 4223; x_wconf 90' lang='lat' dir='ltr'><strong>quippe</strong></span> <span class='ocrx_word' id='word_1_403' title='bbox 1792 4169 1916 4224; x_wconf 64' lang='lat' dir='ltr'><strong>quae</strong></span> <span class='ocrx_word' id='word_1_404' title='bbox 1973 4172 2162 4212; x_wconf 88' lang='lat' dir='ltr'><strong>veram</strong></span> 
     </span>
    </p>
   </div>
   <div class='ocr_carea' id='block_1_58' title="bbox 570 4244 2161 4315">
    <p class='ocr_par' dir='ltr' id='par_1_58' title="bbox 570 4244 2161 4315">
     <span class='ocr_line' id='line_1_58' title="bbox 570 4244 2161 4315; baseline 0.003 -16"><span class='ocrx_word' id='word_1_405' title='bbox 570 4246 821 4315; x_wconf 90' lang='lat' dir='ltr'><strong>requiem</strong></span> <span class='ocrx_word' id='word_1_406' title='bbox 868 4244 995 4299; x_wconf 62' lang='lat' dir='ltr'><strong>vitae</strong></span> <span class='ocrx_word' id='word_1_407' title='bbox 1034 4245 1301 4314; x_wconf 88' lang='lat' dir='ltr'><strong>consequi</strong></span> <span class='ocrx_word' id='word_1_408' title='bbox 1354 4260 1465 4299; x_wconf 94' lang='lat' dir='ltr'><strong>non</strong></span> <span class='ocrx_word' id='word_1_409' title='bbox 1515 4246 1711 4315; x_wconf 92' lang='lat' dir='ltr'><strong>possit.</strong></span> <span class='ocrx_word' id='word_1_410' title='bbox 1744 4245 1986 4314; x_wconf 80' lang='lat' dir='ltr'><strong>Requies</strong></span> <span class='ocrx_word' id='word_1_411' title='bbox 2010 4249 2161 4302; x_wconf 90' lang='lat' dir='ltr'><strong>enim</strong></span> 
     </span>
    </p>
   </div>
   <div class='ocr_carea' id='block_1_59' title="bbox 571 4337 2159 4408">
    <p class='ocr_par' dir='ltr' id='par_1_59' title="bbox 571 4337 2159 4408">
     <span class='ocr_line' id='line_1_59' title="bbox 571 4337 2159 4408; baseline 0.001 -18"><span class='ocrx_word' id='word_1_412' title='bbox 571 4338 699 4407; x_wconf 86' lang='lat' dir='ltr'><strong>ejus</strong></span> <span class='ocrx_word' id='word_1_413' title='bbox 732 4337 845 4390; x_wconf 92' lang='lat' dir='ltr'><strong>illic</strong></span> <span class='ocrx_word' id='word_1_414' title='bbox 877 4346 982 4402; x_wconf 88' lang='lat' dir='ltr'><strong>est,</strong></span> <span class='ocrx_word' id='word_1_415' title='bbox 1018 4337 1165 4392; x_wconf 88' lang='lat' dir='ltr'><strong>unde</strong></span> <span class='ocrx_word' id='word_1_416' title='bbox 1208 4349 1473 4408; x_wconf 82' lang='lat' dir='ltr'><strong>prOgnata</strong></span> <span class='ocrx_word' id='word_1_417' title='bbox 1498 4346 1601 4392; x_wconf 87' lang='lat' dir='ltr'><strong>est.</strong></span> <span class='ocrx_word' id='word_1_418' title='bbox 1642 4338 1957 4394; x_wconf 82' lang='lat' dir='ltr'><strong>Sufi&#39;ocatur</strong></span> <span class='ocrx_word' id='word_1_419' title='bbox 1987 4341 2159 4406; x_wconf 90' lang='lat' dir='ltr'><strong>enim,</strong></span> 
     </span>
    </p>
   </div>
   <div class='ocr_carea' id='block_1_60' title="bbox 572 4429 2158 4497">
    <p class='ocr_par' dir='ltr' id='par_1_60' title="bbox 572 4429 2158 4497">
     <span class='ocr_line' id='line_1_60' title="bbox 572 4429 2158 4497; baseline 0.003 -16"><span class='ocrx_word' id='word_1_420' title='bbox 572 4438 635 4482; x_wconf 88' lang='lat' dir='ltr'><strong>ut</strong></span> <span class='ocrx_word' id='word_1_421' title='bbox 674 4429 1155 4497; x_wconf 88' lang='lat' dir='ltr'><strong>inquitDominus,</strong></span> <span class='ocrx_word' id='word_1_422' title='bbox 1194 4440 1253 4485; x_wconf 89' lang='lat' dir='ltr'><strong>et</strong></span> <span class='ocrx_word' id='word_1_423' title='bbox 1287 4430 1671 4497; x_wconf 79' lang='lat' dir='ltr'><strong>infructuosus</strong></span> <span class='ocrx_word' id='word_1_424' title='bbox 1688 4431 1943 4487; x_wconf 87' lang='lat' dir='ltr'><strong>redditur</strong></span> <span class='ocrx_word' id='word_1_425' title='bbox 1976 4433 2158 4488; x_wconf 82' lang='lat' dir='ltr'><strong>Verbo</strong></span> 
     </span>
    </p>
   </div>
   <div class='ocr_carea' id='block_1_61' title="bbox 2180 3166 2227 3230">
    <p class='ocr_par' dir='ltr' id='par_1_61' title="bbox 2180 3166 2227 3230">
     <span class='ocr_line' id='line_1_61' title="bbox 2180 3166 2227 3230; baseline 0 0"><span class='ocrx_word' id='word_1_426' title='bbox 2180 3166 2227 3230; x_wconf 86' lang='lat' dir='ltr'><strong><em>C</em></strong></span> 
     </span>
    </p>
   </div>
   <div class='ocr_carea' id='block_1_62' title="bbox 2266 1838 3800 1915">
    <p class='ocr_par' dir='ltr' id='par_1_62' title="bbox 2266 1838 3800 1915">
     <span class='ocr_line' id='line_1_62' title="bbox 2266 1838 3800 1915; baseline -0.003 -24"><span class='ocrx_word' id='word_1_427' title='bbox 2266 1840 2473 1907; x_wconf 78' lang='grc' dir='ltr'>γάμου,</span> <span class='ocrx_word' id='word_1_428' title='bbox 2519 1840 2615 1892; x_wconf 70' lang='grc' dir='ltr'><strong>καὶ</strong></span> <span class='ocrx_word' id='word_1_429' title='bbox 2652 1838 2791 1915; x_wconf 81' lang='grc' dir='ltr'>τύχῃ</span> <span class='ocrx_word' id='word_1_430' title='bbox 2826 1838 2929 1908; x_wconf 82' lang='grc' dir='ltr'>τῆς</span> <span class='ocrx_word' id='word_1_431' title='bbox 2970 1840 3279 1903; x_wconf 80' lang='grc' dir='ltr'>κοινωνίας⁶</span> <span class='ocrx_word' id='word_1_432' title='bbox 3312 1839 3486 1903; x_wconf 75' lang='grc' dir='ltr'>οὕτως</span> <span class='ocrx_word' id='word_1_433' title='bbox 3512 1838 3800 1910; x_wconf 76' lang='grc' dir='ltr'>ἀρμοσθείσι</span> 
     </span>
    </p>
   </div>
   <div class='ocr_carea' id='block_1_63' title="bbox 2266 1930 3799 2004">
    <p class='ocr_par' dir='ltr' id='par_1_63' title="bbox 2266 1930 3799 2004">
     <span class='ocr_line' id='line_1_63' title="bbox 2266 1930 3799 2004; baseline -0.002 -20"><span class='ocrx_word' id='word_1_434' title='bbox 2266 1932 2347 1993; x_wconf 86' lang='grc' dir='ltr'><strong>είς</strong></span> <span class='ocrx_word' id='word_1_435' title='bbox 2376 1932 2594 2003; x_wconf 79' lang='grc' dir='ltr'>νύμφην</span> <span class='ocrx_word' id='word_1_436' title='bbox 2628 1933 2661 2002; x_wconf 81' lang='grc' dir='ltr'>ὴ</span> <span class='ocrx_word' id='word_1_437' title='bbox 2696 1932 2842 2004; x_wconf 79' lang='grc' dir='ltr'>ψυχὴ</span> <span class='ocrx_word' id='word_1_438' title='bbox 2876 1931 2955 2003; x_wconf 85' lang='grc' dir='ltr'><strong>τῷ</strong></span> <span class='ocrx_word' id='word_1_439' title='bbox 2981 1933 3292 2003; x_wconf 72' lang='grc' dir='ltr'>ἐπουρανίῳ</span> <span class='ocrx_word' id='word_1_440' title='bbox 3317 1932 3558 2002; x_wconf 77' lang='grc' dir='ltr'>νυμφίῳ,</span> <span class='ocrx_word' id='word_1_441' title='bbox 3583 1930 3799 2002; x_wconf 76' lang='grc' dir='ltr'>λαμϐάνει</span> 
     </span>
    </p>
   </div>
   <div class='ocr_carea' id='block_1_64' title="bbox 2266 2021 3800 2097">
    <p class='ocr_par' dir='ltr' id='par_1_64' title="bbox 2266 2021 3800 2097">
     <span class='ocr_line' id='line_1_64' title="bbox 2266 2021 3800 2097; baseline -0.004 -19"><span class='ocrx_word' id='word_1_442' title='bbox 2266 2024 2567 2097; x_wconf 69' lang='grc' dir='ltr'>ἀρραϐῶνα</span> <span class='ocrx_word' id='word_1_443' title='bbox 2607 2027 2671 2078; x_wconf 80' lang='grc' dir='ltr'>ὲκ</span> <span class='ocrx_word' id='word_1_444' title='bbox 2699 2023 2793 2077; x_wconf 91' lang='grc' dir='ltr'><strong>τοῦ</strong></span> <span class='ocrx_word' id='word_1_445' title='bbox 2826 2022 3165 2093; x_wconf 85' lang='grc' dir='ltr'>ῐῐνεύματος,</span> <span class='ocrx_word' id='word_1_446' title='bbox 3201 2024 3310 2077; x_wconf 74' lang='grc' dir='ltr'>εἴτε</span> <span class='ocrx_word' id='word_1_447' title='bbox 3340 2024 3647 2095; x_wconf 78' lang='grc' dir='ltr'>χαρίσματα</span> <span class='ocrx_word' id='word_1_448' title='bbox 3675 2021 3800 2089; x_wconf 76' lang='grc' dir='ltr'>ἰαμά-</span> 
     </span>
    </p>
   </div>
   <div class='ocr_carea' id='block_1_65' title="bbox 2266 2111 3800 2184">
    <p class='ocr_par' dir='ltr' id='par_1_65' title="bbox 2266 2111 3800 2184">
     <span class='ocr_line' id='line_1_65' title="bbox 2266 2111 3800 2184; baseline -0.005 -14"><span class='ocrx_word' id='word_1_449' title='bbox 2266 2135 2395 2181; x_wconf 88' lang='grc' dir='ltr'>των,</span> <span class='ocrx_word' id='word_1_450' title='bbox 2449 2118 2561 2171; x_wconf 73' lang='grc' dir='ltr'>εἴτε</span> <span class='ocrx_word' id='word_1_451' title='bbox 2590 2115 2867 2183; x_wconf 86' lang='grc' dir='ltr'>γνώσεως,</span> <span class='ocrx_word' id='word_1_452' title='bbox 2920 2115 3031 2168; x_wconf 78' lang='grc' dir='ltr'>εἴτε</span> <span class='ocrx_word' id='word_1_453' title='bbox 3091 2113 3513 2184; x_wconf 76' lang='grc' dir='ltr'>ἀποκαλύψεως·</span> <span class='ocrx_word' id='word_1_454' title='bbox 3574 2112 3677 2167; x_wconf 79' lang='grc' dir='ltr'>ἀλλ’</span> <span class='ocrx_word' id='word_1_455' title='bbox 3726 2111 3800 2164; x_wconf 70' lang='grc' dir='ltr'><strong>οὐκ</strong></span> 
     </span>
    </p>
   </div>
   <div class='ocr_carea' id='block_1_66' title="bbox 2267 2203 3800 2279">
    <p class='ocr_par' dir='ltr' id='par_1_66' title="bbox 2267 2203 3800 2279">
     <span class='ocr_line' id='line_1_66' title="bbox 2267 2203 3800 2279; baseline -0.007 -15"><span class='ocrx_word' id='word_1_456' title='bbox 2267 2208 2680 2264; x_wconf 84' lang='grc' dir='ltr'>ὲπαναπαύεται</span> <span class='ocrx_word' id='word_1_457' title='bbox 2722 2208 2991 2270; x_wconf 73' lang='grc' dir='ltr'>ἐκείνοις,</span> <span class='ocrx_word' id='word_1_458' title='bbox 3046 2208 3154 2271; x_wconf 73' lang='grc' dir='ltr'>ἕως</span> <span class='ocrx_word' id='word_1_459' title='bbox 3200 2206 3267 2261; x_wconf 82' lang='grc' dir='ltr'><strong>ἂν</strong></span> <span class='ocrx_word' id='word_1_460' title='bbox 3318 2205 3461 2279; x_wconf 77' lang='grc' dir='ltr'>τύχῃ</span> <span class='ocrx_word' id='word_1_461' title='bbox 3496 2206 3589 2274; x_wconf 84' lang='grc' dir='ltr'>τῆς</span> <span class='ocrx_word' id='word_1_462' title='bbox 3633 2203 3800 2264; x_wconf 83' lang='grc' dir='ltr'>τελείας</span> 
     </span>
    </p>
   </div>
   <div class='ocr_carea' id='block_1_67' title="bbox 2267 2289 3802 2370">
    <p class='ocr_par' dir='ltr' id='par_1_67' title="bbox 2267 2289 3802 2370">
     <span class='ocr_line' id='line_1_67' title="bbox 2267 2289 3802 2370; baseline -0.006 -16"><span class='ocrx_word' id='word_1_463' title='bbox 2267 2300 2575 2366; x_wconf 77' lang='grc' dir='ltr'>κοινωνίας,</span> <span class='ocrx_word' id='word_1_464' title='bbox 2600 2301 2847 2353; x_wconf 83' lang='grc' dir='ltr'>τουτέστι</span> <span class='ocrx_word' id='word_1_465' title='bbox 2874 2300 2971 2369; x_wconf 80' lang='grc' dir='ltr'>τῆς</span> <span class='ocrx_word' id='word_1_466' title='bbox 2999 2298 3241 2370; x_wconf 79' lang='grc' dir='ltr'>ἀγάπης,</span> <span class='ocrx_word' id='word_1_467' title='bbox 3271 2298 3397 2370; x_wconf 71' lang='grc' dir='ltr'>ἣτις</span> <span class='ocrx_word' id='word_1_468' title='bbox 3426 2298 3678 2369; x_wconf 79' lang='grc' dir='ltr'>ἄτρεπτος</span> <span class='ocrx_word' id='word_1_469' title='bbox 3699 2289 3802 2348; x_wconf 74' lang='grc' dir='ltr'>οὖσι</span> 
     </span>
    </p>
   </div>
   <div class='ocr_carea' id='block_1_68' title="bbox 2267 2386 3802 2460">
    <p class='ocr_par' dir='ltr' id='par_1_68' title="bbox 2267 2386 3802 2460">
     <span class='ocr_line' id='line_1_68' title="bbox 2267 2386 3802 2460; baseline -0.007 -13"><span class='ocrx_word' id='word_1_470' title='bbox 2267 2394 2361 2447; x_wconf 74' lang='grc' dir='ltr'><strong>καὶ</strong></span> <span class='ocrx_word' id='word_1_471' title='bbox 2424 2394 2714 2460; x_wconf 80' lang='grc' dir='ltr'>άπτωτος,</span> <span class='ocrx_word' id='word_1_472' title='bbox 2766 2390 2999 2455; x_wconf 80' lang='grc' dir='ltr'>ἀπαθεῖς</span> <span class='ocrx_word' id='word_1_473' title='bbox 3043 2392 3136 2445; x_wconf 78' lang='grc' dir='ltr'>καὶ</span> <span class='ocrx_word' id='word_1_474' title='bbox 3183 2390 3520 2453; x_wconf 83' lang='grc' dir='ltr'>άσαλεύτους</span> <span class='ocrx_word' id='word_1_475' title='bbox 3560 2386 3802 2458; x_wconf 69' lang='grc' dir='ltr'>ἐργάζεται</span> 
     </span>
    </p>
   </div>
   <div class='ocr_carea' id='block_1_69' title="bbox 2264 2475 3802 2555">
    <p class='ocr_par' dir='ltr' id='par_1_69' title="bbox 2264 2475 3802 2555">
     <span class='ocr_line' id='line_1_69' title="bbox 2264 2475 3802 2555; baseline -0.008 -17"><span class='ocrx_word' id='word_1_476' title='bbox 2264 2484 2393 2548; x_wconf 73' lang='grc' dir='ltr'>τοὺς</span> <span class='ocrx_word' id='word_1_477' title='bbox 2451 2484 2620 2555; x_wconf 78' lang='grc' dir='ltr'>αὐτὴν</span> <span class='ocrx_word' id='word_1_478' title='bbox 2655 2484 3019 2554; x_wconf 83' lang='grc' dir='ltr'>ποθήσαντας.</span> <span class='ocrx_word' id='word_1_479' title='bbox 3053 2482 3124 2535; x_wconf 86' lang='grc' dir='ltr'>Ἢ</span> <span class='ocrx_word' id='word_1_480' title='bbox 3156 2481 3347 2551; x_wconf 82' lang='grc' dir='ltr'>ὥσπερ</span> <span class='ocrx_word' id='word_1_481' title='bbox 3390 2480 3588 2550; x_wconf 66' lang='grc' dir='ltr'>βρέφος</span> <span class='ocrx_word' id='word_1_482' title='bbox 3627 2475 3802 2547; x_wconf 76' lang='grc' dir='ltr'>περιϐε-</span> 
     </span>
    </p>
   </div>
   <div class='ocr_carea' id='block_1_70' title="bbox 2266 2569 3801 2647">
    <p class='ocr_par' dir='ltr' id='par_1_70' title="bbox 2266 2569 3801 2647">
     <span class='ocr_line' id='line_1_70' title="bbox 2266 2569 3801 2647; baseline -0.008 -18"><span class='ocrx_word' id='word_1_483' title='bbox 2266 2576 2537 2647; x_wconf 77' lang='grc' dir='ltr'>ϐλημένον</span> <span class='ocrx_word' id='word_1_484' title='bbox 2593 2576 2942 2647; x_wconf 82' lang='grc' dir='ltr'>μαργαρίτας</span> <span class='ocrx_word' id='word_1_485' title='bbox 2999 2574 3095 2628; x_wconf 75' lang='grc' dir='ltr'>καὶ</span> <span class='ocrx_word' id='word_1_486' title='bbox 3145 2573 3424 2643; x_wconf 73' lang='grc' dir='ltr'>ἐνδύματα</span> <span class='ocrx_word' id='word_1_487' title='bbox 3472 2570 3619 2639; x_wconf 88' lang='grc' dir='ltr'>τίμια</span> <span class='ocrx_word' id='word_1_488' title='bbox 3646 2608 3659 2630; x_wconf 89' lang='grc'><strong>,</strong></span> <span class='ocrx_word' id='word_1_489' title='bbox 3704 2569 3801 2619; x_wconf 73' lang='grc' dir='ltr'>ὅταν</span> 
     </span>
    </p>
   </div>
   <div class='ocr_carea' id='block_1_71' title="bbox 2268 2664 3800 2741">
    <p class='ocr_par' dir='ltr' id='par_1_71' title="bbox 2268 2664 3800 2741">
     <span class='ocr_line' id='line_1_71' title="bbox 2268 2664 3800 2741; baseline -0.006 -18"><span class='ocrx_word' id='word_1_490' title='bbox 2268 2669 2529 2741; x_wconf 79' lang='grc' dir='ltr'>πεινάσῃ,</span> <span class='ocrx_word' id='word_1_491' title='bbox 2552 2668 2629 2732; x_wconf 83' lang='grc' dir='ltr'><strong>ὡς</strong></span> <span class='ocrx_word' id='word_1_492' title='bbox 2655 2668 2808 2722; x_wconf 81' lang='grc' dir='ltr'>οὐδὲν</span> <span class='ocrx_word' id='word_1_493' title='bbox 2836 2667 3111 2737; x_wconf 78' lang='grc' dir='ltr'>λογίζεται</span> <span class='ocrx_word' id='word_1_494' title='bbox 3142 2666 3177 2720; x_wconf 77' lang='grc' dir='ltr'><strong>ά</strong></span> <span class='ocrx_word' id='word_1_495' title='bbox 3206 2667 3388 2737; x_wconf 82' lang='grc' dir='ltr'>φορεῖ,</span> <span class='ocrx_word' id='word_1_496' title='bbox 3413 2664 3546 2718; x_wconf 79' lang='grc' dir='ltr'>ἀλλὰ</span> <span class='ocrx_word' id='word_1_497' title='bbox 3571 2676 3800 2729; x_wconf 57' lang='grc' dir='ltr'>κατατρυ-</span> 
     </span>
    </p>
   </div>
   <div class='ocr_carea' id='block_1_72' title="bbox 2260 2756 3803 2832">
    <p class='ocr_par' dir='ltr' id='par_1_72' title="bbox 2260 2756 3803 2832">
     <span class='ocr_line' id='line_1_72' title="bbox 2260 2756 3803 2832; baseline -0.007 -16"><span class='ocrx_word' id='word_1_498' title='bbox 2260 2766 2347 2817; x_wconf 90' lang='grc' dir='ltr'>.νεί</span> <span class='ocrx_word' id='word_1_499' title='bbox 2390 2762 2590 2826; x_wconf 84' lang='grc' dir='ltr'>αὐτῶν,</span> <span class='ocrx_word' id='word_1_500' title='bbox 2622 2761 2750 2832; x_wconf 83' lang='grc' dir='ltr'>ὅλην</span> <span class='ocrx_word' id='word_1_501' title='bbox 2782 2760 2968 2831; x_wconf 77' lang='grc' dir='ltr'>δὲτὴν</span> <span class='ocrx_word' id='word_1_502' title='bbox 3018 2760 3289 2831; x_wconf 83' lang='grc' dir='ltr'>μέριμναν</span> <span class='ocrx_word' id='word_1_503' title='bbox 3332 2758 3449 2828; x_wconf 72' lang='grc' dir='ltr'>ἔχει</span> <span class='ocrx_word' id='word_1_504' title='bbox 3493 2760 3569 2819; x_wconf 87' lang='grc' dir='ltr'><strong>είς</strong></span> <span class='ocrx_word' id='word_1_505' title='bbox 3610 2756 3689 2808; x_wconf 69' lang='grc' dir='ltr'>τὸν</span> <span class='ocrx_word' id='word_1_506' title='bbox 3726 2768 3803 2822; x_wconf 83' lang='grc' dir='ltr'>μα-</span> 
     </span>
    </p>
   </div>
   <div class='ocr_carea' id='block_1_73' title="bbox 2271 2845 3802 2925">
    <p class='ocr_par' dir='ltr' id='par_1_73' title="bbox 2271 2845 3802 2925">
     <span class='ocr_line' id='line_1_73' title="bbox 2271 2845 3802 2925; baseline -0.01 -17"><span class='ocrx_word' id='word_1_507' title='bbox 2271 2855 2395 2908; x_wconf 78' lang='grc' dir='ltr'>στὸν</span> <span class='ocrx_word' id='word_1_508' title='bbox 2429 2855 2527 2925; x_wconf 82' lang='grc' dir='ltr'>τῆς</span> <span class='ocrx_word' id='word_1_509' title='bbox 2556 2853 2786 2925; x_wconf 77' lang='grc' dir='ltr'>τροφῆς,</span> <span class='ocrx_word' id='word_1_510' title='bbox 2840 2852 2959 2916; x_wconf 83' lang='grc' dir='ltr'><strong>πῶς</strong></span> <span class='ocrx_word' id='word_1_511' title='bbox 3002 2851 3063 2904; x_wconf 78' lang='grc' dir='ltr'><strong>τδ</strong></span> <span class='ocrx_word' id='word_1_512' title='bbox 3111 2851 3252 2919; x_wconf 82' lang='grc' dir='ltr'>γάλα</span> <span class='ocrx_word' id='word_1_513' title='bbox 3299 2850 3467 2924; x_wconf 66' lang='grc' dir='ltr'>λάὸπ</span> <span class='ocrx_word' id='word_1_514' title='bbox 3505 2849 3561 2903; x_wconf 77' lang='grc' dir='ltr'>τὸ</span> <span class='ocrx_word' id='word_1_515' title='bbox 3599 2845 3710 2899; x_wconf 87' lang='grc' dir='ltr'>αύτό</span> <span class='ocrx_word' id='word_1_516' title='bbox 3737 2859 3802 2913; x_wconf 81' lang='grc' dir='ltr'><strong>μοι</strong></span> 
     </span>
    </p>
   </div>
   <div class='ocr_carea' id='block_1_74' title="bbox 2264 2931 3801 3013">
    <p class='ocr_par' dir='ltr' id='par_1_74' title="bbox 2264 2931 3801 3013">
     <span class='ocr_line' id='line_1_74' title="bbox 2264 2931 3801 3013; baseline -0.009 -14"><span class='ocrx_word' id='word_1_517' title='bbox 2264 2946 2480 3013; x_wconf 73' lang='grc' dir='ltr'>λογίζου</span> <span class='ocrx_word' id='word_1_518' title='bbox 2518 2945 2623 2998; x_wconf 87' lang='grc' dir='ltr'><strong>κάν</strong></span> <span class='ocrx_word' id='word_1_519' title='bbox 2657 2945 2773 3006; x_wconf 84' lang='grc' dir='ltr'>τοῖς</span> <span class='ocrx_word' id='word_1_520' title='bbox 2804 2944 3199 3013; x_wconf 81' lang='grc' dir='ltr'>πνευματικοῖς</span> <span class='ocrx_word' id='word_1_521' title='bbox 3225 2940 3533 3013; x_wconf 86' lang='grc' dir='ltr'>χαρίσμασι</span> <span class='ocrx_word' id='word_1_522' title='bbox 3570 2936 3655 2992; x_wconf 89' lang='grc' dir='ltr'><strong>τοῦ</strong></span> <span class='ocrx_word' id='word_1_523' title='bbox 3679 2931 3801 2989; x_wconf 82' lang='grc' dir='ltr'>Θεοῦ·</span> 
     </span>
    </p>
   </div>
   <div class='ocr_carea' id='block_1_75' title="bbox 2262 3030 3316 3108">
    <p class='ocr_par' dir='ltr' id='par_1_75' title="bbox 2262 3030 3316 3108">
     <span class='ocr_line' id='line_1_75' title="bbox 2262 3030 3316 3108; baseline -0.009 -11"><span class='ocrx_word' id='word_1_524' title='bbox 2262 3030 2307 3106; x_wconf 78' lang='grc' dir='ltr'>ᾧ</span> <span class='ocrx_word' id='word_1_525' title='bbox 2345 3040 2378 3108; x_wconf 79' lang='grc' dir='ltr'>ἡ</span> <span class='ocrx_word' id='word_1_526' title='bbox 2420 3036 2549 3104; x_wconf 78' lang='grc' dir='ltr'>δόξα</span> <span class='ocrx_word' id='word_1_527' title='bbox 2571 3037 2650 3101; x_wconf 86' lang='grc' dir='ltr'><strong>είς</strong></span> <span class='ocrx_word' id='word_1_528' title='bbox 2697 3035 2825 3098; x_wconf 81' lang='grc' dir='ltr'>τοὺς</span> <span class='ocrx_word' id='word_1_529' title='bbox 2858 3034 3081 3099; x_wconf 74' lang='grc' dir='ltr'>αἰῶνας.</span> <span class='ocrx_word' id='word_1_530' title='bbox 3117 3034 3316 3105; x_wconf 79' lang='grc' dir='ltr'>Ἀμήν.</span> 
     </span>
    </p>
   </div>
   <div class='ocr_carea' id='block_1_76' title="bbox 2830 3166 3271 3236">
    <p class='ocr_par' dir='ltr' id='par_1_76' title="bbox 2830 3166 3271 3236">
     <span class='ocr_line' id='line_1_76' title="bbox 2830 3166 3271 3236; baseline 0.002 -13"><span class='ocrx_word' id='word_1_531' title='bbox 2830 3166 3075 3223; x_wconf 73' lang='grc' dir='ltr'><strong>ΟΜῐΛΙΛ</strong></span> <span class='ocrx_word' id='word_1_532' title='bbox 3120 3169 3271 3236; x_wconf 68' lang='lat' dir='ltr'><strong>MG&#39;.</strong></span> 
     </span>
    </p>
   </div>
   <div class='ocr_carea' id='block_1_77' title="bbox 2263 3249 3803 3331">
    <p class='ocr_par' dir='ltr' id='par_1_77' title="bbox 2263 3249 3803 3331">
     <span class='ocr_line' id='line_1_77' title="bbox 2263 3249 3803 3331; baseline -0.008 -15"><span class='ocrx_word' id='word_1_533' title='bbox 2263 3262 2399 3331; x_wconf 69' lang='grc' dir='ltr'>Περὶ</span> <span class='ocrx_word' id='word_1_534' title='bbox 2433 3261 2544 3328; x_wconf 83' lang='grc' dir='ltr'>τῆς</span> <span class='ocrx_word' id='word_1_535' title='bbox 2588 3259 2881 3331; x_wconf 73' lang='grc' dir='ltr'>διαφορᾶς</span> <span class='ocrx_word' id='word_1_536' title='bbox 2918 3259 3027 3314; x_wconf 77' lang='grc' dir='ltr'><strong>τοῦ</strong></span> <span class='ocrx_word' id='word_1_537' title='bbox 3056 3277 3121 3313; x_wconf 83' lang='grc' dir='ltr'><strong>τε</strong></span> <span class='ocrx_word' id='word_1_538' title='bbox 3153 3261 3353 3329; x_wconf 78' lang='grc' dir='ltr'>Λόγου</span> <span class='ocrx_word' id='word_1_539' title='bbox 3383 3258 3507 3331; x_wconf 61' lang='grc' dir='ltr'><strong>⁸τοῦ</strong></span> <span class='ocrx_word' id='word_1_540' title='bbox 3547 3254 3703 3331; x_wconf 80' lang='grc' dir='ltr'>Θεοῦ,</span> <span class='ocrx_word' id='word_1_541' title='bbox 3731 3249 3803 3330; x_wconf 52' lang='grc' dir='ltr'><strong>καί</strong></span> 
     </span>
    </p>
   </div>
   <div class='ocr_carea' id='block_1_78' title="bbox 2336 3328 3805 3400">
    <p class='ocr_par' dir='ltr' id='par_1_78' title="bbox 2336 3328 3805 3400">
     <span class='ocr_line' id='line_1_78' title="bbox 2336 3328 3805 3400; baseline -0.009 -13"><span class='ocrx_word' id='word_1_542' title='bbox 2336 3328 2444 3387; x_wconf 72' lang='grc' dir='ltr'><strong>τοῦ</strong></span> <span class='ocrx_word' id='word_1_543' title='bbox 2474 3334 2662 3400; x_wconf 76' lang='grc' dir='ltr'>λόγου</span> <span class='ocrx_word' id='word_1_544' title='bbox 2696 3328 2813 3400; x_wconf 76' lang='grc' dir='ltr'><strong>τοῦ</strong></span> <span class='ocrx_word' id='word_1_545' title='bbox 2871 3330 3127 3398; x_wconf 80' lang='grc' dir='ltr'>κόσμου,</span> <span class='ocrx_word' id='word_1_546' title='bbox 3176 3331 3274 3383; x_wconf 77' lang='grc' dir='ltr'>καὶ</span> <span class='ocrx_word' id='word_1_547' title='bbox 3329 3328 3455 3383; x_wconf 81' lang='grc' dir='ltr'><strong>τῶν</strong></span> <span class='ocrx_word' id='word_1_548' title='bbox 3498 3328 3703 3400; x_wconf 70' lang='grc' dir='ltr'>τέκνων</span> <span class='ocrx_word' id='word_1_549' title='bbox 3727 3328 3805 3375; x_wconf 70' lang='grc' dir='ltr'><em>τοὺ</em></span> 
     </span>
    </p>
   </div>
   <div class='ocr_carea' id='block_1_79' title="bbox 2338 3398 3752 3466">
    <p class='ocr_par' dir='ltr' id='par_1_79' title="bbox 2338 3398 3752 3466">
     <span class='ocr_line' id='line_1_79' title="bbox 2338 3398 3752 3466; baseline -0.008 -9"><span class='ocrx_word' id='word_1_550' title='bbox 2338 3403 2512 3466; x_wconf 85' lang='grc' dir='ltr'>Θεοῦ,</span> <span class='ocrx_word' id='word_1_551' title='bbox 2547 3398 2645 3455; x_wconf 69' lang='grc' dir='ltr'>καὶ</span> <span class='ocrx_word' id='word_1_552' title='bbox 2698 3398 2818 3454; x_wconf 82' lang='grc' dir='ltr'><strong>τῶν</strong></span> <span class='ocrx_word' id='word_1_553' title='bbox 2854 3400 3087 3453; x_wconf 74' lang='grc' dir='ltr'>τέκνων</span> <span class='ocrx_word' id='word_1_554' title='bbox 3130 3401 3351 3454; x_wconf 85' lang='grc' dir='ltr'>τούτου</span> <span class='ocrx_word' id='word_1_555' title='bbox 3395 3401 3501 3453; x_wconf 84' lang='grc' dir='ltr'><strong>τοῦ</strong></span> <span class='ocrx_word' id='word_1_556' title='bbox 3532 3399 3752 3465; x_wconf 82' lang='grc' dir='ltr'>κόσμου.</span> 
     </span>
    </p>
   </div>
   <div class='ocr_carea' id='block_1_80' title="bbox 2335 3506 3802 3578">
    <p class='ocr_par' dir='ltr' id='par_1_80' title="bbox 2335 3506 3802 3578">
     <span class='ocr_line' id='line_1_80' title="bbox 2335 3506 3802 3578; baseline -0.005 -10"><span class='ocrx_word' id='word_1_557' title='bbox 2335 3517 2415 3569; x_wconf 81' lang='grc' dir='ltr'><strong>Δ⁶.</strong></span> <span class='ocrx_word' id='word_1_558' title='bbox 2458 3514 2516 3567; x_wconf 90' lang='grc' dir='ltr'><strong>Ὀ</strong></span> <span class='ocrx_word' id='word_1_559' title='bbox 2540 3512 2635 3567; x_wconf 89' lang='grc' dir='ltr'><strong>τοῦ</strong></span> <span class='ocrx_word' id='word_1_560' title='bbox 2678 3511 2817 3565; x_wconf 87' lang='grc' dir='ltr'>Θεοῦ</span> <span class='ocrx_word' id='word_1_561' title='bbox 2868 3511 3078 3578; x_wconf 84' lang='grc' dir='ltr'>Λόγος,</span> <span class='ocrx_word' id='word_1_562' title='bbox 3109 3511 3241 3575; x_wconf 89' lang='grc' dir='ltr'>Θεός</span> <span class='ocrx_word' id='word_1_563' title='bbox 3283 3511 3424 3565; x_wconf 73' lang='grc' dir='ltr'>ἐστι.</span> <span class='ocrx_word' id='word_1_564' title='bbox 3484 3510 3589 3565; x_wconf 72' lang='grc' dir='ltr'>Καὶ</span> <span class='ocrx_word' id='word_1_565' title='bbox 3627 3508 3652 3560; x_wconf 89' lang='lat'><strong>6</strong></span> <span class='ocrx_word' id='word_1_566' title='bbox 3684 3506 3802 3571; x_wconf 78' lang='grc' dir='ltr'>λόγος</span> 
     </span>
    </p>
   </div>
   <div class='ocr_carea' id='block_1_81' title="bbox 2262 3600 3805 3673">
    <p class='ocr_par' dir='ltr' id='par_1_81' title="bbox 2262 3600 3805 3673">
     <span class='ocr_line' id='line_1_81' title="bbox 2262 3600 3805 3673; baseline -0.011 -13"><span class='ocrx_word' id='word_1_567' title='bbox 2262 3605 2358 3660; x_wconf 83' lang='grc' dir='ltr'><strong>τοῦ</strong></span> <span class='ocrx_word' id='word_1_568' title='bbox 2392 3604 2622 3673; x_wconf 85' lang='grc' dir='ltr'>κόσμου,</span> <span class='ocrx_word' id='word_1_569' title='bbox 2667 3602 2873 3672; x_wconf 86' lang='grc' dir='ltr'>κόσμος</span> <span class='ocrx_word' id='word_1_570' title='bbox 2905 3600 3045 3655; x_wconf 76' lang='grc' dir='ltr'>ἐστί.</span> <span class='ocrx_word' id='word_1_571' title='bbox 3078 3600 3258 3671; x_wconf 84' lang='grc' dir='ltr'>Πολλὴ</span> <span class='ocrx_word' id='word_1_572' title='bbox 3282 3600 3340 3654; x_wconf 76' lang='grc' dir='ltr'>δὲ</span> <span class='ocrx_word' id='word_1_573' title='bbox 3367 3600 3598 3671; x_wconf 79' lang='grc' dir='ltr'>διαφορά</span> <span class='ocrx_word' id='word_1_574' title='bbox 3626 3600 3704 3651; x_wconf 80' lang='grc' dir='ltr'>καὶ</span> <span class='ocrx_word' id='word_1_575' title='bbox 3733 3608 3805 3665; x_wconf 77' lang='grc' dir='ltr'>με·</span> 
     </span>
    </p>
   </div>
   <div class='ocr_carea' id='block_1_82' title="bbox 2264 3688 3807 3768">
    <p class='ocr_par' dir='ltr' id='par_1_82' title="bbox 2264 3688 3807 3768">
     <span class='ocr_line' id='line_1_82' title="bbox 2264 3688 3807 3768; baseline -0.006 -17"><span class='ocrx_word' id='word_1_576' title='bbox 2264 3700 2428 3768; x_wconf 88' lang='grc' dir='ltr'>σότης</span> <span class='ocrx_word' id='word_1_577' title='bbox 2456 3698 2715 3768; x_wconf 85' lang='grc' dir='ltr'>τυγχάνει</span> <span class='ocrx_word' id='word_1_578' title='bbox 2739 3736 2755 3764; x_wconf 93' lang='grc'><strong>,</strong></span> <span class='ocrx_word' id='word_1_579' title='bbox 2789 3696 2884 3750; x_wconf 90' lang='grc' dir='ltr'><strong>τοῦ</strong></span> <span class='ocrx_word' id='word_1_580' title='bbox 2914 3713 2974 3749; x_wconf 90' lang='grc' dir='ltr'><strong>τε</strong></span> <span class='ocrx_word' id='word_1_581' title='bbox 3005 3697 3178 3767; x_wconf 61' lang='grc' dir='ltr'>Λόγου</span> <span class='ocrx_word' id='word_1_582' title='bbox 3213 3696 3308 3752; x_wconf 90' lang='grc' dir='ltr'><strong>τοῦ</strong></span> <span class='ocrx_word' id='word_1_583' title='bbox 3355 3697 3491 3753; x_wconf 88' lang='grc' dir='ltr'>Θεοῦ</span> <span class='ocrx_word' id='word_1_584' title='bbox 3523 3697 3613 3751; x_wconf 78' lang='grc' dir='ltr'><strong>καὶ</strong></span> <span class='ocrx_word' id='word_1_585' title='bbox 3644 3692 3723 3747; x_wconf 85' lang='grc' dir='ltr'><strong>τοῦ</strong></span> <span class='ocrx_word' id='word_1_586' title='bbox 3744 3688 3807 3742; x_wconf 80' lang='grc' dir='ltr'><strong>λό-</strong></span> 
     </span>
    </p>
   </div>
   <div class='ocr_carea' id='block_1_83' title="bbox 2264 3780 3803 3860">
    <p class='ocr_par' dir='ltr' id='par_1_83' title="bbox 2264 3780 3803 3860">
     <span class='ocr_line' id='line_1_83' title="bbox 2264 3780 3803 3860; baseline -0.003 -17"><span class='ocrx_word' id='word_1_587' title='bbox 2264 3805 2367 3859; x_wconf 87' lang='grc' dir='ltr'><strong>γου</strong></span> <span class='ocrx_word' id='word_1_588' title='bbox 2392 3788 2489 3843; x_wconf 88' lang='grc' dir='ltr'><strong>τοῦ</strong></span> <span class='ocrx_word' id='word_1_589' title='bbox 2516 3790 2723 3860; x_wconf 83' lang='grc' dir='ltr'>κόσμου</span> <span class='ocrx_word' id='word_1_590' title='bbox 2765 3832 2781 3858; x_wconf 92' lang='grc'><strong>,</strong></span> <span class='ocrx_word' id='word_1_591' title='bbox 2830 3791 2928 3845; x_wconf 73' lang='grc' dir='ltr'><strong>καὶ</strong></span> <span class='ocrx_word' id='word_1_592' title='bbox 2970 3790 3081 3842; x_wconf 86' lang='grc' dir='ltr'><strong>τῶν</strong></span> <span class='ocrx_word' id='word_1_593' title='bbox 3105 3791 3311 3844; x_wconf 84' lang='grc' dir='ltr'>τέκνων</span> <span class='ocrx_word' id='word_1_594' title='bbox 3339 3790 3435 3845; x_wconf 89' lang='grc' dir='ltr'><strong>τοῦ</strong></span> <span class='ocrx_word' id='word_1_595' title='bbox 3468 3788 3597 3843; x_wconf 83' lang='grc' dir='ltr'>Θεοῦ</span> <span class='ocrx_word' id='word_1_596' title='bbox 3630 3780 3803 3839; x_wconf 70' lang='grc' dir='ltr'>καὶτῶν</span> 
     </span>
    </p>
   </div>
   <div class='ocr_carea' id='block_1_84' title="bbox 2262 3874 3805 3953">
    <p class='ocr_par' dir='ltr' id='par_1_84' title="bbox 2262 3874 3805 3953">
     <span class='ocr_line' id='line_1_84' title="bbox 2262 3874 3805 3953; baseline -0.005 -18"><span class='ocrx_word' id='word_1_597' title='bbox 2262 3879 2473 3935; x_wconf 87' lang='grc' dir='ltr'>τέκνων</span> <span class='ocrx_word' id='word_1_598' title='bbox 2533 3880 2629 3935; x_wconf 90' lang='grc' dir='ltr'><strong>τοῦ</strong></span> <span class='ocrx_word' id='word_1_599' title='bbox 2680 3880 2911 3950; x_wconf 89' lang='grc' dir='ltr'>κόσμου.</span> <span class='ocrx_word' id='word_1_600' title='bbox 2968 3881 3243 3934; x_wconf 78' lang='grc' dir='ltr'>Ἕκαστον</span> <span class='ocrx_word' id='word_1_601' title='bbox 3294 3881 3411 3953; x_wconf 83' lang='grc' dir='ltr'>γὰρ</span> <span class='ocrx_word' id='word_1_602' title='bbox 3458 3880 3691 3948; x_wconf 81' lang='grc' dir='ltr'>γέννημα</span> <span class='ocrx_word' id='word_1_603' title='bbox 3722 3874 3805 3929; x_wconf 77' lang='grc' dir='ltr'>τοῖς</span> 
     </span>
    </p>
   </div>
   <div class='ocr_carea' id='block_1_85' title="bbox 2269 3967 3801 4043">
    <p class='ocr_par' dir='ltr' id='par_1_85' title="bbox 2269 3967 3801 4043">
     <span class='ocr_line' id='line_1_85' title="bbox 2269 3967 3801 4043; baseline -0.008 -17"><span class='ocrx_word' id='word_1_604' title='bbox 2269 3971 2420 4034; x_wconf 78' lang='grc' dir='ltr'>ἰδίοις</span> <span class='ocrx_word' id='word_1_605' title='bbox 2450 3970 2595 4025; x_wconf 76' lang='grc' dir='ltr'>ἔοικε</span> <span class='ocrx_word' id='word_1_606' title='bbox 2624 3972 2900 4041; x_wconf 84' lang='grc' dir='ltr'>γονεῦσιν.</span> <span class='ocrx_word' id='word_1_607' title='bbox 2935 3972 2999 4025; x_wconf 80' lang='lat' dir='ltr'><strong>El</strong></span> <span class='ocrx_word' id='word_1_608' title='bbox 3019 3968 3114 4025; x_wconf 72' lang='grc' dir='ltr'><strong>οὖν</strong></span> <span class='ocrx_word' id='word_1_609' title='bbox 3139 3972 3360 4043; x_wconf 78' lang='grc' dir='ltr'>θελήσει</span> <span class='ocrx_word' id='word_1_610' title='bbox 3389 3972 3453 4026; x_wconf 77' lang='grc' dir='ltr'>τὸ</span> <span class='ocrx_word' id='word_1_611' title='bbox 3483 3970 3575 4025; x_wconf 91' lang='grc' dir='ltr'><strong>τοῦ</strong></span> <span class='ocrx_word' id='word_1_612' title='bbox 3601 3967 3801 4033; x_wconf 81' lang='grc' dir='ltr'>Πνεύμα-</span> 
     </span>
    </p>
   </div>
   <div class='ocr_carea' id='block_1_86' title="bbox 2242 4049 3803 4133">
    <p class='ocr_par' dir='ltr' id='par_1_86' title="bbox 2242 4049 3803 4133">
     <span class='ocr_line' id='line_1_86' title="bbox 2242 4049 3803 4133; baseline -0.013 -7"><span class='ocrx_word' id='word_1_613' title='bbox 2242 4080 2358 4126; x_wconf 31' lang='grc' dir='ltr'>ντος</span> <span class='ocrx_word' id='word_1_614' title='bbox 2405 4062 2654 4133; x_wconf 77' lang='grc' dir='ltr'>γέννημα</span> <span class='ocrx_word' id='word_1_615' title='bbox 2704 4063 2985 4117; x_wconf 69' lang='grc' dir='ltr'>ἐπιδοῦναι</span> <span class='ocrx_word' id='word_1_616' title='bbox 3034 4063 3226 4117; x_wconf 75' lang='grc' dir='ltr'>ἑαυτὸν</span> <span class='ocrx_word' id='word_1_617' title='bbox 3275 4064 3359 4127; x_wconf 83' lang='grc' dir='ltr'><strong>είς</strong></span> <span class='ocrx_word' id='word_1_618' title='bbox 3426 4063 3516 4117; x_wconf 83' lang='grc' dir='ltr'><strong>τὸν</strong></span> <span class='ocrx_word' id='word_1_619' title='bbox 3562 4061 3701 4129; x_wconf 85' lang='grc' dir='ltr'>λόγον</span> <span class='ocrx_word' id='word_1_620' title='bbox 3736 4049 3803 4107; x_wconf 74' lang='grc' dir='ltr'><strong>τοῦ</strong></span> 
     </span>
    </p>
   </div>
   <div class='ocr_carea' id='block_1_87' title="bbox 2264 4145 3804 4226">
    <p class='ocr_par' dir='ltr' id='par_1_87' title="bbox 2264 4145 3804 4226">
     <span class='ocr_line' id='line_1_87' title="bbox 2264 4145 3804 4226; baseline -0.007 -18"><span class='ocrx_word' id='word_1_621' title='bbox 2264 4154 2495 4225; x_wconf 81' lang='grc' dir='ltr'>κόσμου,</span> <span class='ocrx_word' id='word_1_622' title='bbox 2531 4155 2627 4208; x_wconf 75' lang='grc' dir='ltr'>καὶ</span> <span class='ocrx_word' id='word_1_623' title='bbox 2655 4154 2727 4207; x_wconf 84' lang='grc' dir='ltr'>τὰ</span> <span class='ocrx_word' id='word_1_624' title='bbox 2763 4155 3069 4225; x_wconf 82' lang='grc' dir='ltr'>πράγματα</span> <span class='ocrx_word' id='word_1_625' title='bbox 3106 4157 3206 4225; x_wconf 82' lang='grc' dir='ltr'><strong>τῆς</strong></span> <span class='ocrx_word' id='word_1_626' title='bbox 3251 4157 3380 4226; x_wconf 81' lang='grc' dir='ltr'>γῆς,</span> <span class='ocrx_word' id='word_1_627' title='bbox 3420 4155 3516 4209; x_wconf 80' lang='grc' dir='ltr'>καὶ</span> <span class='ocrx_word' id='word_1_628' title='bbox 3560 4153 3651 4222; x_wconf 82' lang='grc' dir='ltr'>τὴν</span> <span class='ocrx_word' id='word_1_629' title='bbox 3684 4145 3804 4210; x_wconf 75' lang='grc' dir='ltr'>δόξαν</span> 
     </span>
    </p>
   </div>
   <div class='ocr_carea' id='block_1_88' title="bbox 2262 4237 3802 4310">
    <p class='ocr_par' dir='ltr' id='par_1_88' title="bbox 2262 4237 3802 4310">
     <span class='ocr_line' id='line_1_88' title="bbox 2262 4237 3802 4310; baseline -0.005 -10"><span class='ocrx_word' id='word_1_630' title='bbox 2262 4245 2357 4300; x_wconf 88' lang='grc' dir='ltr'><strong>τοῦ</strong></span> <span class='ocrx_word' id='word_1_631' title='bbox 2392 4246 2592 4310; x_wconf 88' lang='grc' dir='ltr'>αίῶνος</span> <span class='ocrx_word' id='word_1_632' title='bbox 2619 4248 2836 4309; x_wconf 87' lang='grc' dir='ltr'>τούτου,</span> <span class='ocrx_word' id='word_1_633' title='bbox 2866 4246 3193 4302; x_wconf 88' lang='grc' dir='ltr'>θανατοῦται</span> <span class='ocrx_word' id='word_1_634' title='bbox 3228 4247 3325 4302; x_wconf 66' lang='grc' dir='ltr'><strong>καί¹</strong></span> <span class='ocrx_word' id='word_1_635' title='bbox 3356 4247 3667 4308; x_wconf 88' lang='grc' dir='ltr'>ἀπόλλυται,</span> <span class='ocrx_word' id='word_1_636' title='bbox 3702 4237 3802 4293; x_wconf 82' lang='grc' dir='ltr'><strong>ἀνά-</strong></span> 
     </span>
    </p>
   </div>
   <div class='ocr_carea' id='block_1_89' title="bbox 2264 4328 3804 4415">
    <p class='ocr_par' dir='ltr' id='par_1_89' title="bbox 2264 4328 3804 4415">
     <span class='ocr_line' id='line_1_89' title="bbox 2264 4328 3804 4415; baseline 0.001 -22"><span class='ocrx_word' id='word_1_637' title='bbox 2264 4354 2469 4393; x_wconf 87' lang='grc' dir='ltr'>παυσιν</span> <span class='ocrx_word' id='word_1_638' title='bbox 2497 4337 2763 4410; x_wconf 78' lang='grc' dir='ltr'>ἀληθινὴν</span> <span class='ocrx_word' id='word_1_639' title='bbox 2795 4337 3154 4415; x_wconf 14' lang='grc' dir='ltr'>ζωῆςνεῷεω</span> <span class='ocrx_word' id='word_1_640' title='bbox 3189 4338 3264 4410; x_wconf 83' lang='grc' dir='ltr'>μὴ</span> <span class='ocrx_word' id='word_1_641' title='bbox 3298 4338 3613 4409; x_wconf 84' lang='grc' dir='ltr'>δυνάμενον.</span> <span class='ocrx_word' id='word_1_642' title='bbox 3652 4331 3708 4385; x_wconf 80' lang='grc' dir='ltr'><strong>Ἦ</strong></span> <span class='ocrx_word' id='word_1_643' title='bbox 3725 4328 3804 4394; x_wconf 75' lang='grc' dir='ltr'><strong>γὰρ</strong></span> 
     </span>
    </p>
   </div>
   <div class='ocr_carea' id='block_1_90' title="bbox 2263 4421 3801 4496">
    <p class='ocr_par' dir='ltr' id='par_1_90' title="bbox 2263 4421 3801 4496">
     <span class='ocr_line' id='line_1_90' title="bbox 2263 4421 3801 4496; baseline 0.001 -13"><span class='ocrx_word' id='word_1_644' title='bbox 2263 4431 2576 4493; x_wconf 85' lang='grc' dir='ltr'>ἀνάπαυσις</span> <span class='ocrx_word' id='word_1_645' title='bbox 2634 4430 2805 4484; x_wconf 81' lang='grc' dir='ltr'>αὐτοῦ</span> <span class='ocrx_word' id='word_1_646' title='bbox 2861 4432 2980 4485; x_wconf 77' lang='grc' dir='ltr'>ἐκεῖ</span> <span class='ocrx_word' id='word_1_647' title='bbox 3028 4433 3199 4496; x_wconf 72' lang='grc' dir='ltr'>ἐστιν,</span> <span class='ocrx_word' id='word_1_648' title='bbox 3246 4430 3372 4485; x_wconf 82' lang='grc' dir='ltr'>ὅθεν</span> <span class='ocrx_word' id='word_1_649' title='bbox 3430 4431 3523 4484; x_wconf 75' lang='grc' dir='ltr'><strong>καὶ</strong></span> <span class='ocrx_word' id='word_1_650' title='bbox 3565 4421 3801 4494; x_wconf 70' lang='grc' dir='ltr'>ἐγεννήθη·</span> 
     </span>
    </p>
   </div>
   <div class='ocr_carea' id='block_1_91' title="bbox 570 4517 2158 4594">
    <p class='ocr_par' dir='ltr' id='par_1_91' title="bbox 570 4517 2158 4591">
     <span class='ocr_line' id='line_1_91' title="bbox 570 4517 2158 4591; baseline 0.003 -20"><span class='ocrx_word' id='word_1_651' title='bbox 570 4518 785 4580; x_wconf 76' lang='lat' dir='ltr'><strong>divino,</strong></span> <span class='ocrx_word' id='word_1_652' title='bbox 824 4517 921 4588; x_wconf 88' lang='lat' dir='ltr'><strong>qui</strong></span> <span class='ocrx_word' id='word_1_653' title='bbox 968 4519 1330 4577; x_wconf 68' lang='lat' dir='ltr'><strong>saecularibus</strong></span> <span class='ocrx_word' id='word_1_654' title='bbox 1367 4520 1518 4576; x_wconf 88' lang='lat' dir='ltr'><strong>curis</strong></span> <span class='ocrx_word' id='word_1_655' title='bbox 1563 4532 1868 4591; x_wconf 91' lang='lat' dir='ltr'><strong>occupatus</strong></span> <span class='ocrx_word' id='word_1_656' title='bbox 1922 4522 2158 4579; x_wconf 86' lang='lat' dir='ltr'><strong>terrenis</strong></span> 
     </span>
    </p>
   </div>
   <div class='ocr_carea' id='block_1_92' title="bbox 2261 4517 3804 4594">
    <p class='ocr_par' dir='ltr' id='par_1_92' title="bbox 2263 4518 3804 4594">
     <span class='ocr_line' id='line_1_92' title="bbox 2263 4518 3804 4594; baseline -0.005 -21"><span class='ocrx_word' id='word_1_657' title='bbox 2263 4522 2639 4591; x_wconf 85' lang='grc' dir='ltr'>Συμπνίγεται</span> <span class='ocrx_word' id='word_1_658' title='bbox 2676 4521 2810 4592; x_wconf 82' lang='grc' dir='ltr'>γὰρ,</span> <span class='ocrx_word' id='word_1_659' title='bbox 2836 4520 2914 4585; x_wconf 84' lang='grc' dir='ltr'>ὥς</span> <span class='ocrx_word' id='word_1_660' title='bbox 2946 4539 3115 4593; x_wconf 78' lang='grc' dir='ltr'>φησιν</span> <span class='ocrx_word' id='word_1_661' title='bbox 3153 4524 3183 4575; x_wconf 90' lang='lat'><strong>6</strong></span> <span class='ocrx_word' id='word_1_662' title='bbox 3223 4520 3458 4594; x_wconf 77' lang='grc' dir='ltr'>Κύριος,</span> <span class='ocrx_word' id='word_1_663' title='bbox 3485 4519 3578 4575; x_wconf 75' lang='grc' dir='ltr'><strong>καὶ</strong></span> <span class='ocrx_word' id='word_1_664' title='bbox 3602 4518 3804 4583; x_wconf 77' lang='grc' dir='ltr'>ἄκαρπος</span> 
     </span>
    </p>
   </div>
   <div class='ocr_carea' id='block_1_93' title="bbox 574 4608 2159 4684">
    <p class='ocr_par' dir='ltr' id='par_1_93' title="bbox 574 4608 2159 4684">
     <span class='ocr_line' id='line_1_93' title="bbox 574 4608 2159 4684; baseline 0.006 -21"><span class='ocrx_word' id='word_1_665' title='bbox 574 4608 791 4679; x_wconf 86' lang='lat' dir='ltr'><strong>laqueis</strong></span> <span class='ocrx_word' id='word_1_666' title='bbox 836 4610 1099 4681; x_wconf 86' lang='lat' dir='ltr'><strong>illigatur.</strong></span> <span class='ocrx_word' id='word_1_667' title='bbox 1145 4612 1435 4678; x_wconf 86' lang='lat' dir='ltr'><strong>Similiter,</strong></span> <span class='ocrx_word' id='word_1_668' title='bbox 1475 4614 1573 4684; x_wconf 86' lang='lat' dir='ltr'><strong>qui</strong></span> <span class='ocrx_word' id='word_1_669' title='bbox 1617 4615 1824 4669; x_wconf 88' lang='lat' dir='ltr'><strong>carnali</strong></span> <span class='ocrx_word' id='word_1_670' title='bbox 1855 4615 2159 4673; x_wconf 88' lang='lat' dir='ltr'><strong>intentione</strong></span> 
     </span>
    </p>
   </div>
   <div class='ocr_carea' id='block_1_94' title="bbox 571 4700 2159 4770">
    <p class='ocr_par' dir='ltr' id='par_1_94' title="bbox 571 4700 2159 4770">
     <span class='ocr_line' id='line_1_94' title="bbox 571 4700 2159 4770; baseline 0.006 -16"><span class='ocrx_word' id='word_1_671' title='bbox 571 4700 874 4767; x_wconf 86' lang='lat' dir='ltr'><strong>detinetur,</strong></span> <span class='ocrx_word' id='word_1_672' title='bbox 904 4701 1009 4756; x_wconf 86' lang='lat' dir='ltr'><strong>hoc</strong></span> <span class='ocrx_word' id='word_1_673' title='bbox 1030 4710 1117 4757; x_wconf 90' lang='lat' dir='ltr'><strong>est</strong></span> <span class='ocrx_word' id='word_1_674' title='bbox 1138 4702 1305 4759; x_wconf 89' lang='lat' dir='ltr'><strong>homo</strong></span> <span class='ocrx_word' id='word_1_675' title='bbox 1328 4704 1663 4770; x_wconf 87' lang='lat' dir='ltr'><strong>mundanus,</strong></span> <span class='ocrx_word' id='word_1_676' title='bbox 1692 4706 1738 4761; x_wconf 88' lang='lat' dir='ltr'><strong>si</strong></span> <span class='ocrx_word' id='word_1_677' title='bbox 1763 4707 1895 4765; x_wconf 81' lang='lat' dir='ltr'><strong>velit</strong></span> <span class='ocrx_word' id='word_1_678' title='bbox 1919 4708 2159 4763; x_wconf 84' lang='lat' dir='ltr'><strong>Verbum</strong></span> 
     </span>
    </p>
   </div>
   <div class='ocr_carea' id='block_1_95' title="bbox 572 4790 2161 4870">
    <p class='ocr_par' dir='ltr' id='par_1_95' title="bbox 572 4790 2161 4870">
     <span class='ocr_line' id='line_1_95' title="bbox 572 4790 2161 4870; baseline 0.007 -25"><span class='ocrx_word' id='word_1_679' title='bbox 572 4790 670 4846; x_wconf 91' lang='lat' dir='ltr'><strong>Dei</strong></span> <span class='ocrx_word' id='word_1_680' title='bbox 731 4791 948 4858; x_wconf 87' lang='lat' dir='ltr'><strong>audire,</strong></span> <span class='ocrx_word' id='word_1_681' title='bbox 991 4793 1321 4861; x_wconf 80' lang='lat' dir='ltr'><strong>suffocatur,</strong></span> <span class='ocrx_word' id='word_1_682' title='bbox 1358 4804 1414 4852; x_wconf 90' lang='lat' dir='ltr'><strong>et</strong></span> <span class='ocrx_word' id='word_1_683' title='bbox 1446 4798 1600 4852; x_wconf 91' lang='lat' dir='ltr'><strong>velut</strong></span> <span class='ocrx_word' id='word_1_684' title='bbox 1632 4798 1911 4868; x_wconf 91' lang='lat' dir='ltr'><strong>quispiam</strong></span> <span class='ocrx_word' id='word_1_685' title='bbox 1960 4816 2161 4870; x_wconf 83' lang='lat' dir='ltr'><strong>expers</strong></span> 
     </span>
    </p>
   </div>
   <div class='ocr_carea' id='block_1_96' title="bbox 573 4883 2160 4947">
    <p class='ocr_par' dir='ltr' id='par_1_96' title="bbox 573 4883 2160 4947">
     <span class='ocr_line' id='line_1_96' title="bbox 573 4883 2160 4947; baseline 0.006 -10"><span class='ocrx_word' id='word_1_686' title='bbox 573 4883 805 4940; x_wconf 88' lang='lat' dir='ltr'><strong>rationis</strong></span> <span class='ocrx_word' id='word_1_687' title='bbox 857 4887 1245 4943; x_wconf 83' lang='lat' dir='ltr'><strong>constituitur.</strong></span> <span class='ocrx_word' id='word_1_688' title='bbox 1293 4888 1603 4945; x_wconf 84' lang='lat' dir='ltr'><strong>Assuefacti</strong></span> <span class='ocrx_word' id='word_1_689' title='bbox 1665 4890 1813 4945; x_wconf 90' lang='lat' dir='ltr'><strong>enim</strong></span> <span class='ocrx_word' id='word_1_690' title='bbox 1896 4891 2160 4947; x_wconf 88' lang='lat' dir='ltr'><strong>vitiorum</strong></span> 
     </span>
    </p>
   </div>
   <div class='ocr_carea' id='block_1_97' title="bbox 573 4977 2157 5055">
    <p class='ocr_par' dir='ltr' id='par_1_97' title="bbox 573 4977 2157 5055">
     <span class='ocr_line' id='line_1_97' title="bbox 573 4977 2157 5055; baseline 0.007 -25"><span class='ocrx_word' id='word_1_691' title='bbox 573 4977 871 5043; x_wconf 88' lang='lat' dir='ltr'><strong>illecebris,</strong></span> <span class='ocrx_word' id='word_1_692' title='bbox 916 4979 1012 5035; x_wconf 91' lang='lat' dir='ltr'><strong>ubi</strong></span> <span class='ocrx_word' id='word_1_693' title='bbox 1048 4979 1118 5034; x_wconf 87' lang='lat' dir='ltr'><strong>de</strong></span> <span class='ocrx_word' id='word_1_694' title='bbox 1164 4981 1286 5036; x_wconf 90' lang='lat' dir='ltr'><strong>.Deo</strong></span> <span class='ocrx_word' id='word_1_695' title='bbox 1348 4982 1481 5051; x_wconf 91' lang='lat' dir='ltr'><strong>quid</strong></span> <span class='ocrx_word' id='word_1_696' title='bbox 1547 4982 1848 5051; x_wconf 86' lang='lat' dir='ltr'><strong>audierint,</strong></span> <span class='ocrx_word' id='word_1_697' title='bbox 1898 4995 2157 5055; x_wconf 87' lang='lat' dir='ltr'><strong>tanquam</strong></span> 
     </span>
    </p>
   </div>
   <div class='ocr_carea' id='block_1_98' title="bbox 573 5069 2159 5142">
    <p class='ocr_par' dir='ltr' id='par_1_98' title="bbox 573 5069 2159 5142">
     <span class='ocr_line' id='line_1_98' title="bbox 573 5069 2159 5142; baseline 0.008 -20"><span class='ocrx_word' id='word_1_698' title='bbox 573 5069 759 5125; x_wconf 88' lang='lat' dir='ltr'><strong>minus</strong></span> <span class='ocrx_word' id='word_1_699' title='bbox 816 5072 975 5126; x_wconf 86' lang='lat' dir='ltr'><strong>suavi</strong></span> <span class='ocrx_word' id='word_1_700' title='bbox 1029 5087 1291 5129; x_wconf 87' lang='lat' dir='ltr'><strong>sermone</strong></span> <span class='ocrx_word' id='word_1_701' title='bbox 1345 5075 1577 5142; x_wconf 89' lang='lat' dir='ltr'><strong>turbati,</strong></span> <span class='ocrx_word' id='word_1_702' title='bbox 1622 5076 1792 5131; x_wconf 88' lang='lat' dir='ltr'><strong>animi</strong></span> <span class='ocrx_word' id='word_1_703' title='bbox 1830 5076 1992 5137; x_wconf 61' lang='lat' dir='ltr'><strong>tadio</strong></span> <span class='ocrx_word' id='word_1_704' title='bbox 2041 5077 2159 5135; x_wconf 75' lang='lat' dir='ltr'><strong>atii-</strong></span> 
     </span>
    </p>
   </div>
   <div class='ocr_carea' id='block_1_99' title="bbox 574 5160 821 5214">
    <p class='ocr_par' dir='ltr' id='par_1_99' title="bbox 574 5160 821 5214">
     <span class='ocr_line' id='line_1_99' title="bbox 574 5160 821 5214; baseline 0.004 -1"><span class='ocrx_word' id='word_1_705' title='bbox 574 5160 821 5214; x_wconf 87' lang='lat' dir='ltr'><strong>ciuntur.</strong></span> 
     </span>
    </p>
   </div>
   <div class='ocr_carea' id='block_1_100' title="bbox 650 5331 2156 5405">
    <p class='ocr_par' dir='ltr' id='par_1_100' title="bbox 650 5331 2156 5405">
     <span class='ocr_line' id='line_1_100' title="bbox 650 5331 2156 5405; baseline 0.005 -18"><span class='ocrx_word' id='word_1_706' title='bbox 650 5331 897 5403; x_wconf 68' lang='grc'><strong>14611.</strong></span> <span class='ocrx_word' id='word_1_707' title='bbox 923 5332 1014 5389; x_wconf 85' lang='lat' dir='ltr'><strong>Ait</strong></span> <span class='ocrx_word' id='word_1_708' title='bbox 1040 5350 1263 5405; x_wconf 90' lang='lat' dir='ltr'><strong>quoque</strong></span> <span class='ocrx_word' id='word_1_709' title='bbox 1312 5335 1551 5393; x_wconf 86' lang='lat' dir='ltr'><strong>Paulus:</strong></span> <span class='ocrx_word' id='word_1_710' title='bbox 1577 5336 1840 5393; x_wconf 81' lang='lat' dir='ltr'><strong>Animalis</strong></span> <span class='ocrx_word' id='word_1_711' title='bbox 1871 5342 2023 5392; x_wconf 78' lang='lat' dir='ltr'><strong>homo</strong></span> <span class='ocrx_word' id='word_1_712' title='bbox 2051 5356 2156 5399; x_wconf 83' lang='lat' dir='ltr'><strong>non</strong></span> 
     </span>
    </p>
   </div>
   <div class='ocr_carea' id='block_1_101' title="bbox 575 5422 2155 5495">
    <p class='ocr_par' dir='ltr' id='par_1_101' title="bbox 575 5422 2155 5495">
     <span class='ocr_line' id='line_1_101' title="bbox 575 5422 2155 5495; baseline 0.008 -23"><span class='ocrx_word' id='word_1_713' title='bbox 575 5422 795 5491; x_wconf 74' lang='lat' dir='ltr'><strong>percipit</strong></span> <span class='ocrx_word' id='word_1_714' title='bbox 816 5438 877 5475; x_wconf 87' lang='lat' dir='ltr'><strong>ea</strong></span> <span class='ocrx_word' id='word_1_715' title='bbox 919 5439 1038 5494; x_wconf 85' lang='lat' dir='ltr'><strong>qua:</strong></span> <span class='ocrx_word' id='word_1_716' title='bbox 1054 5432 1180 5478; x_wconf 88' lang='lat' dir='ltr'><strong>sunt</strong></span> <span class='ocrx_word' id='word_1_717' title='bbox 1204 5424 1462 5495; x_wconf 72' lang='lat' dir='ltr'><strong>Spiritus,</strong></span> <span class='ocrx_word' id='word_1_718' title='bbox 1484 5426 1715 5482; x_wconf 72' lang='lat' dir='ltr'><strong>stultitia</strong></span> <span class='ocrx_word' id='word_1_719' title='bbox 1731 5430 1869 5482; x_wconf 83' lang='lat' dir='ltr'><strong>enim</strong></span> <span class='ocrx_word' id='word_1_720' title='bbox 1889 5438 1963 5483; x_wconf 77' lang='lat' dir='ltr'><strong>est</strong></span> <span class='ocrx_word' id='word_1_721' title='bbox 1988 5429 2071 5484; x_wconf 84' lang='lat' dir='ltr'><strong>illi</strong></span> <span class='ocrx_word' id='word_1_722' title='bbox 2088 5432 2155 5485; x_wconf 74' lang='lat'><strong>“.</strong></span> 
     </span>
    </p>
   </div>
   <div class='ocr_carea' id='block_1_102' title="bbox 576 5504 2152 5591">
    <p class='ocr_par' dir='ltr' id='par_1_102' title="bbox 576 5504 2152 5591">
     <span class='ocr_line' id='line_1_102' title="bbox 576 5504 2152 5591; baseline 0.006 -23"><span class='ocrx_word' id='word_1_723' title='bbox 576 5513 645 5569; x_wconf 81' lang='lat' dir='ltr'><strong>Et</strong></span> <span class='ocrx_word' id='word_1_724' title='bbox 671 5515 940 5585; x_wconf 86' lang='lat' dir='ltr'><strong>propheta</strong></span> <span class='ocrx_word' id='word_1_725' title='bbox 995 5516 1175 5586; x_wconf 88' lang='lat' dir='ltr'><strong>inquit</strong></span> <span class='ocrx_word' id='word_1_726' title='bbox 1219 5533 1236 5573; x_wconf 91' lang='lat'><strong>:</strong></span> <span class='ocrx_word' id='word_1_727' title='bbox 1283 5517 1477 5574; x_wconf 86' lang='lat' dir='ltr'><strong>Factus</strong></span> <span class='ocrx_word' id='word_1_728' title='bbox 1544 5528 1622 5575; x_wconf 80' lang='lat' dir='ltr'><strong>est</strong></span> <span class='ocrx_word' id='word_1_729' title='bbox 1650 5504 1761 5575; x_wconf 78' lang='lat' dir='ltr'><strong>illis</strong></span> <span class='ocrx_word' id='word_1_730' title='bbox 1822 5539 1995 5578; x_wconf 84' lang='lat' dir='ltr'><strong>sermo</strong></span> <span class='ocrx_word' id='word_1_731' title='bbox 2036 5524 2152 5591; x_wconf 77' lang='lat' dir='ltr'><strong>Dei,</strong></span> 
     </span>
    </p>
   </div>
   <div class='ocr_carea' id='block_1_103' title="bbox 577 5608 2156 5690">
    <p class='ocr_par' dir='ltr' id='par_1_103' title="bbox 577 5608 2156 5690">
     <span class='ocr_line' id='line_1_103' title="bbox 577 5608 2156 5690; baseline 0.009 -31"><span class='ocrx_word' id='word_1_732' title='bbox 577 5608 732 5675; x_wconf 77' lang='lat' dir='ltr'><strong>quasi</strong></span> <span class='ocrx_word' id='word_1_733' title='bbox 760 5608 1003 5664; x_wconf 75' lang='lat' dir='ltr'><strong>vomitus.</strong></span> <span class='ocrx_word' id='word_1_734' title='bbox 1029 5608 1215 5678; x_wconf 80' lang='lat' dir='ltr'><strong>Vides,</strong></span> <span class='ocrx_word' id='word_1_735' title='bbox 1250 5611 1439 5668; x_wconf 88' lang='lat' dir='ltr'><strong>vivere</strong></span> <span class='ocrx_word' id='word_1_736' title='bbox 1466 5614 1599 5671; x_wconf 79' lang='lat' dir='ltr'><strong>alibi</strong></span> <span class='ocrx_word' id='word_1_737' title='bbox 1622 5630 1731 5671; x_wconf 93' lang='lat' dir='ltr'><strong>non</strong></span> <span class='ocrx_word' id='word_1_738' title='bbox 1760 5616 1952 5685; x_wconf 86' lang='lat' dir='ltr'><strong>licere,</strong></span> <span class='ocrx_word' id='word_1_739' title='bbox 1991 5633 2156 5690; x_wconf 83' lang='lat' dir='ltr'><strong>quam</strong></span> 
     </span>
    </p>
   </div>
   <div class='ocr_carea' id='block_1_104' title="bbox 652 5801 1096 5875">
    <p class='ocr_par' dir='ltr' id='par_1_104' title="bbox 652 5801 1096 5875">
     <span class='ocr_line' id='line_1_104' title="bbox 652 5801 1096 5875; baseline 0.007 -14"><span class='ocrx_word' id='word_1_740' title='bbox 652 5801 738 5861; x_wconf 83' lang='lat' dir='ltr'><strong>“l</strong></span> <span class='ocrx_word' id='word_1_741' title='bbox 768 5803 899 5862; x_wconf 88' lang='lat' dir='ltr'><strong>Cor.</strong></span> <span class='ocrx_word' id='word_1_742' title='bbox 920 5823 982 5875; x_wconf 83' lang='grc' dir='ltr'><strong>ιι,</strong></span> <span class='ocrx_word' id='word_1_743' title='bbox 1008 5807 1096 5864; x_wconf 68' lang='grc' dir='ltr'>ιιι.</span> 
     </span>
    </p>
   </div>
   <div class='ocr_carea' id='block_1_105' title="bbox 2257 4613 3805 4685">
    <p class='ocr_par' dir='ltr' id='par_1_105' title="bbox 2257 4613 3805 4685">
     <span class='ocr_line' id='line_1_105' title="bbox 2257 4613 3805 4685; baseline -0.001 -18"><span class='ocrx_word' id='word_1_744' title='bbox 2257 4614 2470 4682; x_wconf 86' lang='grc' dir='ltr'>γίνεται</span> <span class='ocrx_word' id='word_1_745' title='bbox 2512 4615 2625 4670; x_wconf 76' lang='grc' dir='ltr'><strong>ἀπὸ</strong></span> <span class='ocrx_word' id='word_1_746' title='bbox 2649 4613 2747 4669; x_wconf 89' lang='grc' dir='ltr'><strong>τοῦ</strong></span> <span class='ocrx_word' id='word_1_747' title='bbox 2789 4614 2965 4680; x_wconf 82' lang='grc' dir='ltr'>Λόγου</span> <span class='ocrx_word' id='word_1_748' title='bbox 2995 4615 3088 4681; x_wconf 83' lang='grc' dir='ltr'><strong>τοῦ</strong></span> <span class='ocrx_word' id='word_1_749' title='bbox 3120 4614 3259 4669; x_wconf 85' lang='grc' dir='ltr'>Θεοῦ</span> <span class='ocrx_word' id='word_1_750' title='bbox 3296 4616 3325 4668; x_wconf 93' lang='lat'><strong>6</strong></span> <span class='ocrx_word' id='word_1_751' title='bbox 3368 4613 3642 4685; x_wconf 83' lang='grc' dir='ltr'>βιωτικαῖς</span> <span class='ocrx_word' id='word_1_752' title='bbox 3682 4616 3805 4674; x_wconf 74' lang='grc' dir='ltr'><strong>φρον-</strong></span> 
     </span>
    </p>
   </div>
   <div class='ocr_carea' id='block_1_106' title="bbox 2254 4700 3802 4778">
    <p class='ocr_par' dir='ltr' id='par_1_106' title="bbox 2254 4700 3802 4778">
     <span class='ocr_line' id='line_1_106' title="bbox 2254 4700 3802 4778; baseline -0.001 -18"><span class='ocrx_word' id='word_1_753' title='bbox 2254 4706 2365 4761; x_wconf 85' lang='grc' dir='ltr'>τίσι</span> <span class='ocrx_word' id='word_1_754' title='bbox 2400 4706 2783 4777; x_wconf 81' lang='grc' dir='ltr'>συνεχόμενος,</span> <span class='ocrx_word' id='word_1_755' title='bbox 2812 4706 2910 4761; x_wconf 74' lang='grc' dir='ltr'>καὶ</span> <span class='ocrx_word' id='word_1_756' title='bbox 2963 4709 3183 4778; x_wconf 81' lang='grc' dir='ltr'>γητνοις</span> <span class='ocrx_word' id='word_1_757' title='bbox 3204 4706 3433 4777; x_wconf 81' lang='grc' dir='ltr'>δεσμοῖς</span> <span class='ocrx_word' id='word_1_758' title='bbox 3466 4700 3802 4775; x_wconf 76' lang='grc' dir='ltr'>δεσμούμενος·</span> 
     </span>
    </p>
   </div>
   <div class='ocr_carea' id='block_1_107' title="bbox 2270 4798 3800 4873">
    <p class='ocr_par' dir='ltr' id='par_1_107' title="bbox 2270 4798 3800 4873">
     <span class='ocr_line' id='line_1_107' title="bbox 2270 4798 3800 4873; baseline -0.015 -13"><span class='ocrx_word' id='word_1_759' title='bbox 2270 4798 2546 4863; x_wconf 76' lang='grc' dir='ltr'>Ὡσαύτως</span> <span class='ocrx_word' id='word_1_760' title='bbox 2586 4802 2614 4853; x_wconf 90' lang='lat'><strong>6</strong></span> <span class='ocrx_word' id='word_1_761' title='bbox 2653 4802 2893 4871; x_wconf 77' lang='grc' dir='ltr'>σαρκικῇ</span> <span class='ocrx_word' id='word_1_762' title='bbox 2930 4802 3251 4873; x_wconf 81' lang='grc' dir='ltr'>προαιρέσει</span> <span class='ocrx_word' id='word_1_763' title='bbox 3275 4799 3649 4869; x_wconf 86' lang='grc' dir='ltr'>κατεχόμενος,</span> <span class='ocrx_word' id='word_1_764' title='bbox 3676 4802 3800 4842; x_wconf 80' lang='grc' dir='ltr'>τουτ-</span> 
     </span>
    </p>
   </div>
   <div class='ocr_carea' id='block_1_108' title="bbox 2256 4874 3801 4962">
    <p class='ocr_par' dir='ltr' id='par_1_108' title="bbox 2256 4874 3801 4962">
     <span class='ocr_line' id='line_1_108' title="bbox 2256 4874 3801 4962; baseline -0.005 -21"><span class='ocrx_word' id='word_1_765' title='bbox 2256 4890 2405 4942; x_wconf 86' lang='grc' dir='ltr'>έστιν</span> <span class='ocrx_word' id='word_1_766' title='bbox 2446 4874 2734 4961; x_wconf 73' lang='grc' dir='ltr'>ἄνθρωπος</span> <span class='ocrx_word' id='word_1_767' title='bbox 2764 4890 2842 4944; x_wconf 83' lang='grc' dir='ltr'>ὣν</span> <span class='ocrx_word' id='word_1_768' title='bbox 2890 4891 3120 4962; x_wconf 85' lang='grc' dir='ltr'>κόσμου,</span> <span class='ocrx_word' id='word_1_769' title='bbox 3163 4891 3258 4945; x_wconf 68' lang='grc' dir='ltr'>εὰν</span> <span class='ocrx_word' id='word_1_770' title='bbox 3292 4890 3499 4961; x_wconf 78' lang='grc' dir='ltr'>θελήσῃ</span> <span class='ocrx_word' id='word_1_771' title='bbox 3537 4884 3626 4939; x_wconf 85' lang='grc' dir='ltr'><strong>τοῦ</strong></span> <span class='ocrx_word' id='word_1_772' title='bbox 3654 4878 3801 4943; x_wconf 71' lang='grc' dir='ltr'>Λόγου</span> 
     </span>
    </p>
   </div>
   <div class='ocr_carea' id='block_1_109' title="bbox 2230 4969 3801 5052">
    <p class='ocr_par' dir='ltr' id='par_1_109' title="bbox 2230 4969 3801 5052">
     <span class='ocr_line' id='line_1_109' title="bbox 2230 4969 3801 5052; baseline 0.001 -19"><span class='ocrx_word' id='word_1_773' title='bbox 2230 4978 2498 5033; x_wconf 80' lang='grc' dir='ltr'>,ἀκοῦσαι</span> <span class='ocrx_word' id='word_1_774' title='bbox 2545 4981 2640 5034; x_wconf 84' lang='grc' dir='ltr'><strong>τοῦ</strong></span> <span class='ocrx_word' id='word_1_775' title='bbox 2682 4980 2843 5046; x_wconf 85' lang='grc' dir='ltr'>Θεοῦ,</span> <span class='ocrx_word' id='word_1_776' title='bbox 2877 4982 3269 5052; x_wconf 84' lang='grc' dir='ltr'>συμπνίγεται,</span> <span class='ocrx_word' id='word_1_777' title='bbox 3304 4982 3398 5034; x_wconf 71' lang='grc' dir='ltr'>καὶ</span> <span class='ocrx_word' id='word_1_778' title='bbox 3431 4979 3614 5049; x_wconf 79' lang='grc' dir='ltr'>ὥσπερ</span> <span class='ocrx_word' id='word_1_779' title='bbox 3655 4969 3801 5035; x_wconf 73' lang='grc' dir='ltr'><strong>ἀλάτ¹“</strong></span> 
     </span>
    </p>
   </div>
   <div class='ocr_carea' id='block_1_110' title="bbox 2266 5058 3801 5145">
    <p class='ocr_par' dir='ltr' id='par_1_110' title="bbox 2266 5058 3801 5145">
     <span class='ocr_line' id='line_1_110' title="bbox 2266 5058 3801 5145; baseline -0.003 -19"><span class='ocrx_word' id='word_1_780' title='bbox 2266 5071 2391 5135; x_wconf 85' lang='grc' dir='ltr'>στός</span> <span class='ocrx_word' id='word_1_781' title='bbox 2414 5088 2499 5135; x_wconf 89' lang='grc' dir='ltr'><strong>τις</strong></span> <span class='ocrx_word' id='word_1_782' title='bbox 2525 5071 2874 5137; x_wconf 84' lang='grc' dir='ltr'>καθίσταται·</span> <span class='ocrx_word' id='word_1_783' title='bbox 2909 5072 3219 5137; x_wconf 77' lang='grc' dir='ltr'>ἐθισθέντες</span> <span class='ocrx_word' id='word_1_784' title='bbox 3240 5073 3347 5145; x_wconf 82' lang='grc' dir='ltr'>γὰρ</span> <span class='ocrx_word' id='word_1_785' title='bbox 3370 5073 3491 5134; x_wconf 86' lang='grc' dir='ltr'>ταῖς</span> <span class='ocrx_word' id='word_1_786' title='bbox 3518 5069 3611 5136; x_wconf 83' lang='grc' dir='ltr'>τῆς</span> <span class='ocrx_word' id='word_1_787' title='bbox 3645 5058 3801 5117; x_wconf 65' lang='grc' dir='ltr'><strong>ιιιπιὶιίεις</strong></span> 
     </span>
    </p>
   </div>
   <div class='ocr_carea' id='block_1_111' title="bbox 2269 5146 3805 5233">
    <p class='ocr_par' dir='ltr' id='par_1_111' title="bbox 2269 5146 3805 5233">
     <span class='ocr_line' id='line_1_111' title="bbox 2269 5146 3805 5233; baseline -0.002 -20"><span class='ocrx_word' id='word_1_788' title='bbox 2269 5160 2529 5224; x_wconf 74' lang='grc' dir='ltr'>ἀπάταις,</span> <span class='ocrx_word' id='word_1_789' title='bbox 2579 5161 2782 5216; x_wconf 88' lang='grc' dir='ltr'>ὁπόταν</span> <span class='ocrx_word' id='word_1_790' title='bbox 2825 5162 2957 5233; x_wconf 75' lang='grc' dir='ltr'>περὶ</span> <span class='ocrx_word' id='word_1_791' title='bbox 2999 5162 3137 5216; x_wconf 88' lang='grc' dir='ltr'>Θεοῦ</span> <span class='ocrx_word' id='word_1_792' title='bbox 3190 5161 3535 5222; x_wconf 87' lang='grc' dir='ltr'>ἀκούσωσιν,</span> <span class='ocrx_word' id='word_1_793' title='bbox 3572 5156 3642 5219; x_wconf 85' lang='grc' dir='ltr'>ὡς</span> <span class='ocrx_word' id='word_1_794' title='bbox 3684 5146 3805 5219; x_wconf 76' lang='grc' dir='ltr'>ἀηδεῖ</span> 
     </span>
    </p>
   </div>
   <div class='ocr_carea' id='block_1_112' title="bbox 2266 5252 3631 5324">
    <p class='ocr_par' dir='ltr' id='par_1_112' title="bbox 2266 5252 3631 5324">
     <span class='ocr_line' id='line_1_112' title="bbox 2266 5252 3631 5324; baseline -0.004 -17"><span class='ocrx_word' id='word_1_795' title='bbox 2266 5252 2456 5322; x_wconf 75' lang='grc' dir='ltr'>ὁμιλίᾳ</span> <span class='ocrx_word' id='word_1_796' title='bbox 2486 5253 2961 5324; x_wconf 88' lang='grc' dir='ltr'>περιοχλούμενοι,</span> <span class='ocrx_word' id='word_1_797' title='bbox 2996 5254 3090 5307; x_wconf 81' lang='grc' dir='ltr'><strong>τὸν</strong></span> <span class='ocrx_word' id='word_1_798' title='bbox 3136 5253 3265 5308; x_wconf 94' lang='grc' dir='ltr'>νοῦν</span> <span class='ocrx_word' id='word_1_799' title='bbox 3310 5252 3631 5322; x_wconf 75' lang='grc' dir='ltr'>ἀηδίζονται.</span> 
     </span>
    </p>
   </div>
   <div class='ocr_carea' id='block_1_113' title="bbox 2332 5339 3802 5425">
    <p class='ocr_par' dir='ltr' id='par_1_113' title="bbox 2332 5339 3802 5425">
     <span class='ocr_line' id='line_1_113' title="bbox 2332 5339 3802 5425; baseline -0.007 -27"><span class='ocrx_word' id='word_1_800' title='bbox 2332 5342 2409 5398; x_wconf 87' lang='lat' dir='ltr'><strong>B&#39;.</strong></span> <span class='ocrx_word' id='word_1_801' title='bbox 2446 5345 2584 5414; x_wconf 79' lang='grc' dir='ltr'><strong>Φησὶ</strong></span> <span class='ocrx_word' id='word_1_802' title='bbox 2609 5345 2666 5398; x_wconf 86' lang='grc' dir='ltr'>δὲ</span> <span class='ocrx_word' id='word_1_803' title='bbox 2692 5348 2789 5399; x_wconf 69' lang='grc' dir='ltr'><strong>καὶ</strong></span> <span class='ocrx_word' id='word_1_804' title='bbox 2817 5349 2846 5399; x_wconf 89' lang='lat'><strong>6</strong></span> <span class='ocrx_word' id='word_1_805' title='bbox 2874 5345 3111 5412; x_wconf 85' lang='grc' dir='ltr'>Παῦλος,</span> <span class='ocrx_word' id='word_1_806' title='bbox 3158 5347 3424 5415; x_wconf 80' lang='grc' dir='ltr'>Ψυχικὸς</span> <span class='ocrx_word' id='word_1_807' title='bbox 3450 5342 3519 5397; x_wconf 83' lang='grc' dir='ltr'>δὲ</span> <span class='ocrx_word' id='word_1_808' title='bbox 3543 5339 3802 5425; x_wconf 65' lang='grc' dir='ltr'><strong>ἄνθρωπος</strong></span> 
     </span>
    </p>
   </div>
   <div class='ocr_carea' id='block_1_114' title="bbox 2259 5426 3801 5508">
    <p class='ocr_par' dir='ltr' id='par_1_114' title="bbox 2259 5426 3801 5508">
     <span class='ocr_line' id='line_1_114' title="bbox 2259 5426 3801 5508; baseline -0.006 -17"><span class='ocrx_word' id='word_1_809' title='bbox 2259 5440 2332 5492; x_wconf 85' lang='grc' dir='ltr'>οὺ</span> <span class='ocrx_word' id='word_1_810' title='bbox 2358 5437 2596 5506; x_wconf 84' lang='grc' dir='ltr'>δέχεται</span> <span class='ocrx_word' id='word_1_811' title='bbox 2616 5437 2688 5493; x_wconf 83' lang='grc' dir='ltr'>τὰ</span> <span class='ocrx_word' id='word_1_812' title='bbox 2717 5439 2825 5493; x_wconf 84' lang='grc' dir='ltr'><strong>τοῦ</strong></span> <span class='ocrx_word' id='word_1_813' title='bbox 2884 5440 3255 5508; x_wconf 81' lang='grc' dir='ltr'>Πνεὺματος·</span> <span class='ocrx_word' id='word_1_814' title='bbox 3287 5436 3478 5505; x_wconf 83' lang='grc' dir='ltr'>μωρία</span> <span class='ocrx_word' id='word_1_815' title='bbox 3527 5432 3635 5500; x_wconf 78' lang='grc' dir='ltr'>γὰρ</span> <span class='ocrx_word' id='word_1_816' title='bbox 3676 5426 3801 5480; x_wconf 78' lang='grc' dir='ltr'><strong>αὺτφ</strong></span> 
     </span>
    </p>
   </div>
   <div class='ocr_carea' id='block_1_115' title="bbox 2256 5512 3799 5612">
    <p class='ocr_par' dir='ltr' id='par_1_115' title="bbox 2256 5512 3799 5612">
     <span class='ocr_line' id='line_1_115' title="bbox 2256 5512 3799 5612; baseline 0.018 -29"><span class='ocrx_word' id='word_1_817' title='bbox 2256 5529 2410 5584; x_wconf 82' lang='grc' dir='ltr'>ἐστι’</span> <span class='ocrx_word' id='word_1_818' title='bbox 2444 5531 2541 5586; x_wconf 75' lang='grc' dir='ltr'>καὶ</span> <span class='ocrx_word' id='word_1_819' title='bbox 2568 5533 2599 5585; x_wconf 89' lang='lat'><strong>6</strong></span> <span class='ocrx_word' id='word_1_820' title='bbox 2630 5533 2919 5603; x_wconf 78' lang='grc' dir='ltr'>προφήτης</span> <span class='ocrx_word' id='word_1_821' title='bbox 2951 5532 3121 5601; x_wconf 74' lang='grc' dir='ltr'>λέγει,</span> <span class='ocrx_word' id='word_1_822' title='bbox 3165 5529 3434 5599; x_wconf 75' lang='grc' dir='ltr'><strong>Ἐγένετο</strong></span> <span class='ocrx_word' id='word_1_823' title='bbox 3464 5518 3700 5612; x_wconf 50' lang='grc' dir='ltr'><strong>αὐτοῖςλὸ</strong></span> <span class='ocrx_word' id='word_1_824' title='bbox 3718 5512 3799 5612; x_wconf 59' lang='grc' dir='ltr'><strong>λόξ</strong></span> 
     </span>
    </p>
   </div>
   <div class='ocr_carea' id='block_1_116' title="bbox 2263 5610 3796 5695">
    <p class='ocr_par' dir='ltr' id='par_1_116' title="bbox 2263 5610 3796 5695">
     <span class='ocr_line' id='line_1_116' title="bbox 2263 5610 3796 5695; baseline -0.021 -4"><span class='ocrx_word' id='word_1_825' title='bbox 2263 5639 2369 5693; x_wconf 72' lang='grc' dir='ltr'><strong>τος</strong></span> <span class='ocrx_word' id='word_1_826' title='bbox 2392 5622 2501 5680; x_wconf 78' lang='grc' dir='ltr'><strong>τοῦ</strong></span> <span class='ocrx_word' id='word_1_827' title='bbox 2547 5623 2699 5680; x_wconf 83' lang='grc' dir='ltr'>Θεοῦ</span> <span class='ocrx_word' id='word_1_828' title='bbox 2746 5624 2829 5693; x_wconf 87' lang='grc' dir='ltr'>ὡς</span> <span class='ocrx_word' id='word_1_829' title='bbox 2855 5625 3089 5695; x_wconf 75' lang='grc' dir='ltr'>ἔμετος.</span> <span class='ocrx_word' id='word_1_830' title='bbox 3134 5622 3328 5695; x_wconf 80' lang='grc' dir='ltr'>Ὁρᾷς,</span> <span class='ocrx_word' id='word_1_831' title='bbox 3366 5620 3446 5674; x_wconf 80' lang='grc' dir='ltr'>ὅτι</span> <span class='ocrx_word' id='word_1_832' title='bbox 3487 5618 3582 5688; x_wconf 74' lang='grc' dir='ltr'><strong>ζῇν</strong></span> <span class='ocrx_word' id='word_1_833' title='bbox 3608 5610 3796 5675; x_wconf 74' lang='grc' dir='ltr'>ἀλλαχοῦ</span> 
     </span>
    </p>
   </div>
  </div>
