3980 6426
224 379 329 441 7.93

1400 366 1762 428 ΗΟΜΙιΙίΕ.
1802 389 1870 401 -
1910 366 2094 428 HOM.
2134 364 2335 427 XLVI-

3344 356 3453 424 791

222 489 327 541 οὒκ
364 483 675 552 ἐνδέχεται,
715 479 763 533 εί
819 478 894 548 μὴ
933 476 1052 530 καθ’
1098 474 1157 528 ὃν
1211 474 1437 536 ἕκαστος
1473 470 1792 542 γεγέννηται

1913 489 1983 539 :a,
2016 488 2125 543 qua
2151 473 2388 542 quisque
2411 478 2573 524 natus
2599 476 2704 532 est,
2732 467 2957 521 ratione.
2983 464 3124 531 Quin
3165 466 3326 521 etiam
3349 467 3454 521 ali-

224 579 404 645 λόγον.
442 574 554 627 Καὶ
586 570 786 641 ἐτέρως
829 568 886 620 δὲ
923 564 1214 619 ἀκουστέον
1260 563 1388 632 περὶ
1418 563 1630 615 τούτου.
1671 560 1793 613 Ἐὰν

225 664 399 733 emta;
429 661 621 715 ἑαυτὸν
669 660 748 720 είς
790 654 1089 726 μεταϐολὴν
1135 653 1306 705 ἐλθεῖν
1342 653 1375 703 ὁ
1413 650 1673 719 σαρκικδς
1704 649 1796 702 ἄν·

226 755 469 823 θρωπος,
495 746 831 815 ἀποθνήσκει
855 743 1118 811 πρότερον
1157 737 1387 800 ἐκεῖθεν,
1418 739 1508 789 καὶ
1553 736 1797 805 ἄκαρπος

224 844 441 910 γίνεται
487 836 593 891 ἀπὸ
643 837 739 903 τῆς
775 832 1043 901 προτέρας
1089 827 1303 895 ἐκείνης
1343 826 1401 877 ἐν
1454 828 1519 895 τῇ
1566 824 1798 894 πονηρίᾳ.

226 933 397 996 ζωῆς.
426 930 635 996 Ὥσπερ
661 924 716 976 δὲ
750 923 803 975 εί
825 939 907 985 τις
930 920 1069 989 νόσῳ
1098 919 1131 988 ἢ
1162 915 1380 987 πυρετῷ
1411 917 1717 982 κατέχεται,
1751 916 1798 966 εί

228 1023 331 1075 καὶ·
358 1021 420 1071 τὸ
456 1019 612 1086 σῶμα
658 1015 750 1067 ἐπὶ
793 1014 892 1083 τῆς
922 1011 1109 1077 κλίνης
1139 1008 1414 1079 ἔρριπται,
1446 1005 1608 1075 μηδὲν
1639 1004 1799 1055 δυνά-

230 1128 397 1182 μενον
424 1105 820 1177 διαπράξασθαι
848 1102 953 1156 τῶν
988 1100 1088 1169 τῆς
1120 1099 1221 1169 γῆς
1256 1097 1430 1166 ἔργων
1451 1133 1467 1157 ,
1502 1095 1596 1148 καὶ
1623 1095 1651 1146 ὁ
1678 1092 1799 1153 νοῦς

228 1203 330 1268 οὐχ
387 1197 667 1267 ἡσυχάζει,
719 1191 1133 1262 περισπώμενος
1183 1188 1278 1240 καὶ
1340 1185 1619 1255 μεριμνῶν
1673 1183 1800 1251 περὶ

229 1291 516 1360 ἐργασίας,
548 1286 750 1340 καὶτὸν
787 1282 965 1351 ίατρὸν
999 1280 1261 1348 ἐπιζητεῖ,
1292 1276 1632 1330 ἀποστέλλων
1666 1273 1801 1345 πρὸς

230 1383 399 1437 αὑτὸν
430 1381 556 1442 τοὺς
601 1378 785 1445 φίλους
840 1372 1025 1426 αὐτοῦ·
1076 1371 1168 1425 τὸν
1215 1368 1374 1422 αὑτὸν
1402 1369 1603 1438 τρόπον
1639 1366 1796 1434 καὶή

228 1472 382 1543 ψυχὴ
410 1472 515 1524 ἀπὸ
544 1470 642 1539 τῆς
670 1465 1033 1535 παραϐάσεως
1066 1461 1166 1529 τῆς
1199 1459 1436 1528 ἐντολῆς,
1465 1459 1523 1509 ἐν
1551 1456 1801 1526 ἀσθενείᾳ

229 1564 345 1615 τῶν
376 1559 562 1613 παθῶν
592 1557 868 1624 γεγονυῖα,
908 1553 1001 1605 καὶ
1048 1551 1236 1613 ἄτονος
1262 1550 1597 1611 καταστᾶσα,
1635 1562 1802 1617 προσ-

231 1651 502 1721 ερχομένη
559 1647 636 1715 τῷ
672 1646 878 1715 Κυρίῳ,
914 1643 1008 1696 καὶ⁵
1052 1641 1399 1707 πιστεύουσα,
1443 1640 1542 1710 τῆς
1585 1637 1803 1708 ἀντιλή-

230 1744 383 1812 ψεως
413 1738 577 1793 αὑτοῦ
608 1736 879 1807 τυγχάνει,
912 1734 1005 1787 καὶ
1032 1732 1379 1802 ἀρνησαμένη
1409 1732 1506 1798 τὴν
1536 1729 1803 1799 προτέραν

233 1797 505 1898 κακίστην
540 1797 784 1897 ζωὴν,ἐί
813 1797 907 1877 καὶ
938 1825 995 1877 ἐν
1024 1797 1089 1893 τῇ
1117 1797 1323 1892 παλαιᾷ
1359 1797 1609 1889 ἀσθενείᾲ
1640 1797 1807 1872 κατὰ·
1836 1797 1878 1852 Β

235 1937 443 1982 κειται,
484 1918 560 1988 μὴ
587 1916 857 1985 δυναμένη
907 1912 977 1966 τὰ
1020 1913 1158 1982 ἔργα
1184 1914 1283 1983 τῆς
1312 1911 1456 1980 ζωῆς
1488 1911 1547 1963 ἐν
1582 1908 1807 1978 ἀληθείᾳ

234 2002 662 2080 διαπράξασθαι,
712 2006 828 2062 ἀλλ’
860 2006 1007 2077 ὅμως
1049 2004 1108 2056 τὸ
1168 2002 1504 2073 μεριμνῆσαι
1548 2002 1676 2069 περὶ
1711 2000 1808 2069 τῆς

236 2104 388 2172 ζωῆς
420 2100 693 2172 ἐμπόνως,
718 2100 778 2152 τὸ
805 2096 1063 2167 δεηθῆναι
1095 2094 1189 2147 τοῦ
1233 2094 1465 2166 Κυρίου,
1495 2091 1556 2146 τὸ
1578 2090 1811 2163 ζητῆσαι

236 2195 332 2246 τὸν
365 2190 616 2261 ἀληθινὸν
656 2188 836 2260 ίατρδν
865 2187 977 2257 ἔχει
1016 2185 1108 2238 καὶ
1135 2184 1403 2239 δύναται..

310 2285 389 2337 Γ’.
418 2283 528 2335 Καὶ
556 2282 654 2351 οὐχ
695 2280 773 2342 ὥς
816 2279 960 2342 τινές
991 2294 1120 2346 φασι
1157 2272 1659 2333 κακοδιδασκαλίαις
1708 2270 1812 2324 ύπ-

236 2372 525 2442 ἀγόμενοι,
573 2372 653 2423 ὅτι
708 2368 962 2433 καθάπαξ
984 2366 1250 2420 ἀπέθανεν
1292 2368 1320 2418 ὁ
1369 2365 1686 2435 ἄνθρωπος,
1722 2363 1814 2416 καὶ

239 2465 382 2525 ὅλως
407 2462 468 2514 ού
502 2459 725 2514 δύναταί
761 2477 810 2512 τι
842 2457 1042 2525 ἀγαθὸν
1067 2454 1451 2522 διαπράξαθαι.
1486 2453 1598 2507 Καὶ
1623 2452 1729 2520 γὰρ
1754 2451 1814 2503 τὸ

242 2555 446 2625 βρέφος
476 2552 581 2605 κᾶν
612 2550 773 2621 μηδὲν
808 2547 968 2619 ἰσχύῃ
997 2544 1440 2616 διαπράττεσθαι,
1465 2542 1498 2613 ἢ
1522 2543 1635 2603 τοῖς
1665 2539 1815 2601 ἰδίοις

240 2644 405 2697 ποσὶν
440 2643 610 2696 ἐλθεῖν
654 2640 788 2710 πρὸς
827 2640 925 2709 τὴν
980 2636 1190 2707 μητέρα
1240 2634 1495 2703 ἀδυνατῇ,
1543 2631 1690 2700 ὅμως
1716 2644 1815 2681 κυ-

240 2734 457 2795 λίεται,
494 2732 589 2785 καὶ
626 2731 742 2801 βοᾷ,
781 2729 873 2782 καὶ
918 2727 1092 2781 κλαίει
1136 2722 1425 2794 ἐπιζητοῦν
1455 2722 1553 2793 τὴν
1587 2718 1813 2789 μητέρα.

243 2822 360 2877 Καὶ
392 2824 451 2874 ἐν
494 2821 666 2889 τούτῳ
722 2816 1212 2887 σπλαγχνίζεταιή
1256 2814 1458 2884 μήτηρ,
1504 2811 1598 2862 καὶ
1636 2807 1816 2879 χαίρει

244 2912 631 2983 ἐπιζητοῦντος
660 2910 826 2980 αὐτὴν
855 2906 948 2960 τοῦ
1010 2906 1201 2976 νηπίου
1243 2907 1300 2957 ἐν
1348 2903 1494 2971 πόνῳ
1524 2901 1617 2954 καὶ
1650 2916 1818 2969 κραυ-

244 3008 346 3077 γῇ,
379 3004 470 3057 καὶ
508 3000 894 3062 ἀδυνατοῦντος
938 2998 1032 3051 τοῦ
1085 2996 1316 3067 βρέφους
1356 2994 1528 3067 ἐλθεῖν
1558 2992 1692 3062 πρὸς
1719 2990 1820 3043 αύ-

242 3098 376 3167 τὴν,
406 3095 552 3164 ὅμως
575 3091 663 3145 διὰ
693 3091 788 3160 τὴν
815 3088 1014 3159 πολλὴν
1045 3087 1138 3140 τοῦ
1170 3086 1379 3141 παιδίου
1432 3082 1687 3157 ζήτησιν,
1720 3082 1818 3135 αύ-

244 3190 316 3255 τὴ
358 3188 393 3255 ἡ
428 3186 607 3255 μήτηρ
636 3182 933 3251 ἀπέρχεται
975 3179 1109 3248 πρὸς
1153 3176 1304 3241 αὐτὸ,
1342 3176 1444 3227 ὑπὸ
1468 3174 1567 3243 τῆς
1599 3176 1726 3243 περὶ
1752 3173 1811 3226 τὸ

248 3278 454 3348 βρέφος
495 3275 717 3343 ἀγάπης
762 3270 1294 3341 αίχμαλωτιζομένη,
1326 3268 1420 3321 καὶ
1452 3266 1818 3335 ἀναλαμϐάνει

248 3369 353 3423 καὶ
396 3365 723 3436 περιθάλπει
750 3404 765 3429 ,
807 3364 901 3416 καὶ
933 3362 1254 3433 τροφοφορεῖ
1293 3360 1353 3411 ἐν
1395 3358 1561 3427 πολλῇ
1595 3359 1815 3427 στοργῇ.

250 3461 427 3514 Τοῦτο
449 3460 542 3512 καὶ
562 3460 597 3511 »ὁ
626 3455 1004 3525 φιλάνθρωπος
1032 3452 1163 3514 Θεὸς
1190 3451 1335 3503 ποιεῖ
1370 3449 1462 3501 ἐπὶ
1490 3450 1556 3517 τῇ
1590 3463 1821 3514 προσερο

248 3551 460 3622 χομένῃ
492 3549 586 3602 καὶ
629 3546 791 3600 αὑτὸν
815 3544 1143 3612 ἐπιποθούσῃ
1168 3542 1337 3611 ψυχῇ.
1384 3538 1560 3608 Πολλῇ
1591 3538 1648 3590 δὲ
1680 3537 1820 3606 μᾶλ-

247 3644 345 3696 λον
391 3642 550 3703 αὐτὸς
584 3639 771 3709 ἀγάπῃ
798 3637 1093 3707 φερόμενος
1118 3633 1402 3700 ἐνδιαθέτῳ
1422 3631 1514 3683 καὶ
1552 3628 1655 3697 ibi;
1683 3642 1820 3697 χρη-

253 3735 475 3802 στότητι
531 3731 788 3785 κολλᾶται
835 3732 901 3799 τῇ
956 3725 1165 3795 διανοίᾳ
1212 3724 1399 3792 αύτῆς,
1432 3720 1523 3773 καὶ
1575 3717 1819 3785 γίγνεται

256 3826 378 3892 μετ’
422 3822 590 3891 αὐτῆς
621 3818 813 3885 εὶς-ἐν
843 3815 1115 3883 πνεῦμα,
1149 3810 1289 3865 κατά
1332 3810 1423 3862 τὸν
1468 3804 1820 3860 ἀποστολικὸν

249 3915 433 3981 λόγον.
467 3914 578 3983 Τῆς
625 3911 735 3979 γάρ
767 3908 949 3978 ψυχῆς
980 3903 1324 3972 κολλωμένης
1356 3899 1436 3969 τῷ
1467 3897 1679 3967 Κυρίῳ,
1727 3895 1821 3949 καὶ

247 4006 351 4061 τοῦ
411 4005 614 4076 Κυρίου
663 4002 958 4068 ἐλεοῦντος,
1000 3998 1093 4054 καὶ
1137 3996 1480 4065 ἀγαπῶντος,
1527 3991 1818 4063 ἐρχομένου

249 4113 315 4150 τε
363 4098 499 4168 πρὸς
527 4096 720 4166 αὐτὴν,
756 4095 852 4148 καὶ
890 4090 1229 4160 κολλωμένου
1264 4085 1423 4156 αὐτῇ,
1453 4083 1548 4137 καὶ
1576 4083 1674 4152 τῆς
1703 4082 1822 4135 δια-

251 4187 404 4249 νοίας
441 4187 624 4239 λοιπὸν
676 4182 1097 4254 παραμενούσης
1138 4177 1492 4237 ἀδιαλείπτως
1526 4176 1594 4244 τῇ
1640 4172 1822 4243 χάριτι

252 4281 352 4336 τοῦ
385 4280 611 4350 Κυρίου,
645 4279 724 4339 εἰς
752 4278 811 4328 ἓν
834 4274 1069 4343 πνεῦμα,
1095 4270 1186 4326 καὶ
1213 4272 1291 4332 είς
1322 4268 1449 4338 μίαν
1479 4267 1698 4335 κρᾶσιν,
1729 4263 1823 4316 καὶ

1900 575 1984 621 ter
2018 565 2087 621 de
2115 566 2220 619 hoc
2269 572 2354 618 est
2398 560 2752 617 audiendum.
2789 559 2845 613 Si
2880 558 3056 612 tradat
3087 573 3144 613 se
3175 558 3351 627 ipsum
3384 559 3453 613 ad

1896 654 2333 724 consequendam
2360 652 2716 707 mutationem
2748 648 2983 703 carnalis
3007 649 3192 709 homo,
3222 648 3455 702 moritur

1897 745 2049 814 prius
2074 745 2205 807 illic,
2230 751 2285 797 et
2312 742 2685 794 infructuosus
2712 739 2945 793 efﬁcitur
2969 738 3138 807 priori
3173 738 3271 799 illi,
3290 752 3456 806 quam

1900 836 1956 890 in
1992 834 2258 904 pravitate
2282 831 2539 893 traduxit,
2564 829 2693 882 vita.
2726 827 3189 894 Quemadmodum
3231 842 3359 893 ergo
3406 826 3453 879 si

1897 925 2022 994 quis
2051 921 2243 977 morbo
2263 928 2357 974 aut
2380 918 2519 972 febri
2545 915 3022 978 detineatur,licet
3052 915 3103 967 in
3134 913 3316 967 cubile
3337 927 3458 965 cor-

1897 1029 2001 1081 pus
2027 1014 2329 1081 projectum
2378 1010 2470 1071 sit,
2507 1023 2615 1062 non
2649 1008 2836 1060 valens
2874 1005 3137 1075 perficere
3176 1020 3314 1073 Opus
3354 1003 3458 1056 ali-

1880 1103 2048 1173 quod
2098 1112 2375 1157 terrenum
2401 1142 2416 1164 ,
2450 1114 2559 1153 non
2591 1107 2770 1151 tamen
2814 1095 3047 1165 quiescit
3079 1095 3294 1148 animus
3314 1134 3330 1158 ,
3361 1091 3458 1146 sed

1899 1195 2197 1249 distractus
2218 1200 2274 1246 et
2301 1206 2523 1255 curans,
2544 1204 2665 1258 quae
2685 1196 2813 1243 sunt
2841 1186 3169 1256 peragenda,
3185 1184 3457 1239 medicum

1900 1285 2152 1355 requirit,
2175 1282 2355 1337 missis
2383 1281 2449 1335 ad
2487 1295 2611 1334 eum
2636 1279 2829 1333 amicis
2854 1278 2968 1331 suis
2991 1293 3003 1327 :
3023 1275 3216 1330 eodem
3240 1287 3460 1344 quoque

1901 1378 2062 1432 modo
2085 1378 2264 1431 anima
2290 1373 2775 1443 transgressionem
2824 1368 3087 1432 mandati,
3137 1367 3193 1419 in
3227 1366 3461 1419 infirmi-

1901 1476 2066 1524 tatem
2099 1466 2449 1522 affectionum
2480 1462 2721 1523 redacta,
2764 1467 2820 1513 et
2872 1456 3183 1526 languidior
3226 1454 3459 1518 reddita,

1901 1558 1994 1611 ubi
2024 1555 2318 1611 accesserit
2349 1552 2416 1606 ad
2437 1550 2728 1605 Dominum
2756 1556 2813 1602 et
2842 1545 3160 1608 crediderit,
3195 1542 3461 1596 auxilium

1902 1649 1970 1703 ab
2024 1662 2091 1702 eo
2141 1643 2543 1712 consequitur:
2583 1649 2639 1695 et
2688 1641 2963 1707 abnegans
3008 1636 3245 1705 priorem
3284 1632 3463 1721 pessic

1906 1753 2050 1792 mam
2073 1736 2260 1799 vitam,
2300 1734 2431 1789 licet
2459 1732 2684 1800 antiqua
2726 1727 3043 1798 aegritudine
3073 1724 3385 1787 decumhat,
3408 1728 3466 1777 et

1906 1834 2145 1899 nequeat
2187 1842 2355 1897 opera
2406 1825 2535 1879 vitai
2584 1838 2713 1877 vere
2762 1834 3065 1891 peragere;
3106 1815 3465 1872 nihilominus

1908 1935 2120 1983 curare,
2148 1933 2268 1989 quae
2298 1916 2365 1971 ad
2398 1917 2563 1970 vitam
2594 1913 2886 1981 pertinent,
2929 1908 3120 1963 sedqu
3183 1903 3465 1975 deprecari

1908 2009 2218 2072 Dominum,
2262 2014 2320 2062 et
2354 2006 2632 2075 inquirere
2661 2015 2850 2057 verum
2881 1999 3178 2061 medicum,
3208 2006 3260 2051 et
3303 1995 3468 2049 habet

1909 2107 1965 2155 et
1985 2106 2185 2170 potest.

1979 2274 2068 2330 ill.
2094 2275 2159 2329 Et
2191 2287 2323 2337 non,
2358 2279 2421 2325 ut
2465 2268 2620 2323 aiunt
2668 2266 2889 2336 quidam
2928 2280 3185 2335 perversa
3223 2263 3471 2320 doctrina

1912 2364 2143 2428 seducti,
2163 2377 2387 2433 prorsus
2418 2368 2664 2414 mortuus
2692 2367 2775 2413 est
2810 2356 2995 2421 homo,
3026 2364 3086 2410 ut
3109 2356 3333 2410 omnino
3361 2370 3470 2408 non

1914 2458 2084 2529 possit
2108 2455 2403 2526 quidquam
2458 2451 2587 2506 boni
2623 2463 2903 2519 peragere.
2932 2447 3147 2500 Etenim
3184 2445 3381 2509 infans,
3406 2446 3473 2498 liv

1913 2558 2002 2604 cet
2028 2547 2165 2601 nihil
2198 2544 2368 2615 possit
2394 2541 2679 2612 perﬁcere,
2709 2547 2803 2592 aut
2824 2537 3061 2606 propriis
3106 2535 3340 2605 pedibus
3378 2549 3477 2588 ac.

1915 2632 2107 2688 cedere
2142 2631 2209 2684 ad
2253 2639 2481 2684 matrem
2526 2634 2784 2694 nequeat,
2829 2623 3189 2677 nihilominus
3216 2622 3474 2688 volvitur,

1916 2727 2112 2783 clamat
2134 2733 2189 2779 et
2209 2725 2408 2794 plorat,
2431 2721 2713 2790 inquirens
2732 2727 2960 2772 matrem
2984 2732 2998 2770 :
3029 2732 3155 2785 erga
3178 2732 3301 2769 eum
3324 2731 3477 2770 sum-

1916 2832 2004 2871 ma
2050 2814 2283 2870 aﬂicitur
2331 2808 2716 2867 misericordia
2759 2816 2955 2872 mater,
2984 2815 3039 2863 et
3060 2807 3256 2876 gaudet
3284 2806 3351 2860 de
3392 2807 3479 2859 in-

1917 2908 2085 2972 fante,
2114 2912 2390 2975 quazrente
2420 2918 2477 2957 se
2505 2916 2629 2956 cum
2658 2899 2845 2953 labore
2877 2905 2932 2951 et
2972 2897 3207 2952 clamore
3231 2911 3247 2959 ;
3273 2901 3329 2948 et
3354 2910 3480 2948 cum

1917 3013 2029 3055 non
2058 2996 2230 3068 possit
2275 2994 2454 3048 infans
2484 2990 2551 3046 ad
2589 3004 2708 3045 eam
2757 2986 3071 3057 pervenire,
3122 2984 3482 3038 nihilominus

1842 3112 1887 3174 ρ
1920 3089 1990 3144 ob
2020 3089 2245 3144 multam
2271 3084 2430 3156 pueri
2452 3077 2888 3152 inquisitionem,
2915 3076 3031 3146 ipsa
3055 3084 3229 3129 mater
3267 3074 3383 3127 abit
3415 3074 3483 3128 ad

1919 3182 2095 3246 illum,
2125 3194 2312 3234 amore
2345 3175 2499 3247 pueri
2530 3182 2710 3243 capta,
2748 3181 2803 3225 et
2830 3166 3200 3238 amplectitur,
3247 3166 3484 3219 circum-

1919 3272 2094 3334 fovet,
2132 3278 2295 3340 atque
2350 3268 2669 3323 alimentum
2713 3259 2927 3331 profert
2952 3270 3161 3311 summa
3195 3269 3317 3307 cum
3349 3253 3488 3307 dile-

1924 3366 2111 3422 ctione
2144 3379 2159 3415 :
2198 3363 2303 3415 hoc
2334 3360 2511 3429 ipsum
2542 3354 2815 3423 benignus
2846 3362 3063 3420 quoque
3094 3346 3239 3402 Deus
3262 3345 3391 3400 facit
3430 3344 3485 3401 in

1919 3456 2099 3511 anima
2128 3453 2194 3507 ad
2215 3467 2340 3506 eum
2366 3446 2680 3507 accedente,
2708 3452 2763 3496 et
2783 3442 2902 3511 ejus
2917 3437 3191 3493 desiderio
3215 3436 3436 3493 detenta
3470 3453 3484 3491 :

1921 3545 2082 3614 longe
2122 3558 2257 3595 vero
2306 3540 2498 3609 majori
2557 3535 2671 3605 ipse
2717 3530 2819 3586 sibi
2874 3529 3035 3583 insita
3083 3527 3399 3590 dilectione,
3433 3534 3491 3582 et

1920 3613 2141 3705 propria
2178 3628 2521 3698 benignitate
2570 3624 2784 3683 doctus,
2818 3616 3142 3672 adhaerescit
3184 3613 3489 3669 intellectui

1928 3725 2069 3794 ejus,
2102 3730 2157 3777 et
2189 3718 2371 3775 evadit
2417 3731 2540 3772 cum
2588 3714 2679 3767 illa
2705 3713 2757 3763 in
2800 3726 2963 3761 unum
2994 3705 3490 3774 spiritum",juxta

1900 3806 2230 3870 sermonem
2273 3808 2653 3879 apostolicum.
2699 3801 2757 3855 Si
2807 3798 2953 3853 enim
2986 3798 3260 3852 adhaereat
3310 3795 3490 3851 anima

1921 3905 2172 3967 Domino,
2199 3912 2253 3957 et
2277 3900 2540 3955 Dominus
2559 3893 2931 3949 misericordia
2952 3900 3004 3945 et
3020 3889 3282 3944 charitate
3310 3896 3497 3946 motus

1930 3995 2155 4051 accedat
2194 3992 2261 4047 ad
2302 4006 2443 4055 eam,
2483 3996 2540 4044 et
2574 3989 2833 4057 jungatur
2876 3985 2947 4048 ei,
2984 3991 3145 4051 atque
3176 3977 3492 4033 intellectus

1912 4084 2147 4142 tandem
2180 4087 2499 4153 permaneat
2546 4077 2919 4133 indesinenter
2955 4074 3007 4127 ln
3045 4070 3218 4139 gratia
3254 4066 3487 4131 Domini.

1924 4177 1978 4232 in
2027 4192 2197 4231 unum
2247 4174 2525 4244 spiritum,
2556 4178 2613 4225 et
2670 4168 2726 4222 in
2762 4181 2931 4221 unum
2983 4166 3488 4231 temperamentum.

1924 4278 1980 4325 et
2028 4268 2083 4322 in
2119 4283 2288 4321 unum
2329 4264 2670 4320 intellectum
2732 4257 2975 4314 evadunt
3013 4254 3191 4309 anima
3218 4258 3273 4305 et
3304 4247 3493 4303 Domi-

254 4377 339 4435 είς
376 4342 501 4441 μίαν
541 4370 778 4423 διάνοιαν
827 4342 1102 4434 γίγνονται
1134 4363 1168 4429 ἡ
1201 4357 1346 4431 ψυχὴ
1396 4358 1490 4411 καὶ
1533 4359 1562 4409 δ
1597 4354 1817 4424 Κύριος·

1926 4374 2030 4413 nus
2062 4375 2075 4410 :
2111 4366 2273 4426 atque
2298 4368 2496 4422 corpus
2527 4351 2645 4418 ejus
2675 4348 2728 4402 in
2771 4356 2971 4402 terram
2992 4342 3300 4413 projicitur,
3336 4350 3492 4391 mens

377 4425 441 4513 τὸ
474 4460 632 4529 σῶμα
661 4425 1171 4525 αύτῆςυέρρίπτεταί
1198 4425 1256 4504 ἐν
1389 4451 1482 4519 γῇ,
1519 4447 1612 4499 καὶ
1639 4448 1673 4515 ἠ
1710 4444 1817 4498 διά-

1930 4462 2058 4501 vero
2087 4425 2199 4500 tota
2228 4445 2388 4514 plane
2435 4442 2489 4496 in
2542 4437 2750 4495 caelesti
2781 4435 3080 4492 Jerusalem
3114 4438 3385 4489 versatur,
3424 4425 3491 4483 ad

257 4570 382 4607 νοια
418 4552 583 4620 αὐτῆς
614 4550 709 4618 ὅλη
755 4549 812 4613 ἐξ
841 4546 964 4600 ὅλου
1010 4547 1075 4614 τῇ
1123 4540 1426 4610 ἐπουρανίῳ
1469 4535 1824 4608 Ἰερουσαλὴμ

259 4640 620 4703 πολιτεύεται,
661 4638 765 4699 ἕως
809 4634 992 4704 τρίτου
1035 4629 1262 4699 οὐρανοῦ
1312 4627 1643 4698 ἀνερχομένη
1670 4664 1685 4689 ,
1733 4624 1828 4676 καὶ

259 4729 576 4797 κολλωμένη
604 4726 681 4795 τῷ
712 4724 921 4795 Κυρίῳ,
956 4722 1113 4775 κάκεῖ
1142 4715 1461 4772 διακονοῦσα
1494 4714 1661 4783 αὐτῷ.

337 4825 406 4875 Δ¹.
447 4819 555 4872 Καὶ
596 4816 759 4879 αύτδς
788 4818 847 4867 ἐν
876 4812 953 4882 τῷ
998 4812 1172 4896 θρόνῳ
1218 4809 1316 4878 τῆς
1361 4803 1751 4876 μεγαλωσύνης
1777 4805 1835 4856 ἐν

262 4909 485 4978 ὑψηλοῖς
500 4906 880 4973 καθεζόμενος,
900 4906 956 4956 ἐν
966 4906 1031 4973 τῇ
1058 4893 1357 4969 ἐπουρανίῳ
1374 4897 1543 4959 πόλει,
1562 4895 1679 4957 ὅλος
1704 4893 1837 4961 πρὸς

259 4999 433 5069 αὐτὴν
478 4999 534 5050 ἐν
553 4997 630 5066 τῷ
658 4994 863 5063 σώματι
884 4994 1050 5061 αὐτῆς
1086 4994 1220 5044 ἐστι.
1262 4989 1373 5058 Τὴν
1406 4986 1505 5057 μὲν
1542 4985 1646 5053 γὰρ
1671 4984 1838 5051 αὐτῆς

261 5091 446 5142 εἰκόνα
455 5088 697 5140 τέθεικεν
707 5087 817 5140 ἄνω
833 5085 891 5136 ἐν
901 5086 966 5153 τῇ
981 5080 1285 5151 ἐπουρανίῳ
1297 5078 1446 5130 πόλει
1457 5076 1563 5129 τῶν
1574 5074 1742 5142 ἀγίων
1755 5073 1844 5125 ’ῐε-

269 5179 571 5249 ρουσαλήμο
597 5178 694 5239 τὴν
717 5177 771 5230 δὲ
807 5177 940 5229 ίδίαν
964 5173 1147 5226 εἰκόνα
1175 5170 1268 5223 τοῦ
1294 5170 1531 5240 ἀρρήτου
1554 5166 1727 5235 φωτὸς
1747 5165 1845 5232 τῆς

267 5271 518 5339 θεότητος
538 5267 701 5321 αὐτοῦ
729 5266 968 5319 τέθεικεν
992 5266 1048 5316 ἐν
1086 5261 1162 5332 τῷ
1190 5260 1400 5328 σώματι
1445 5257 1637 5325 αὐτῆς.
1670 5253 1841 5315 Αὐτὸς

266 5357 408 5427 αὐτῇ
429 5357 666 5410 διακονεῖ
679 5356 734 5406 ἐν
749 5357 814 5424 τῇ
840 5352 933 5404 τοῦ
966 5350 1209 5419 σώματος
1236 5347 1418 5399 πόλει·
1436 5346 1665 5411 κάκείνη
1693 5340 1839 5410 αὐτῷ

265 5448 506 5501 διακονεῖ
557 5447 617 5497 ἐν
658 5446 725 5515 τῇ
754 5440 1057 5511 ἐπουρανίῳ
1095 5438 1266 5491 πόλει.
1301 5435 1448 5504 Αὐτὴ
1482 5433 1641 5486 αὐτὸν
1673 5430 1840 5500 ἐκλη-

272 5537 574 5610 ρονόμησεν
619 5536 676 5587 ἐν
731 5534 997 5601 οὐρανοῖς,
1044 5530 1137 5583 καὶ
1187 5525 1348 5591 αὐτὸς
1406 5521 1839 5593 ἐκληρονόμησεν

339 5719 383 5750 ⁸³
408 5716 429 5771 ι
448 5714 581 5773 Cor.
618 5726 693 5775 vt,
724 5710 808 5763 i7.

1927 4538 2150 4591 tertium
2185 4536 2385 4589 caelum
2419 4546 2591 4599 usque
2637 4526 2959 4589 ascendens,
2988 4531 3153 4592 atque
3200 4520 3492 4591 conjuncta

1928 4627 2184 4688 Domino,
2222 4623 2335 4677 illic
2361 4620 2637 4675 ministrat
2664 4616 2739 4670 el.

2003 4801 2089 4855 iV.
2122 4800 2241 4868 ipse
2270 4813 2400 4851 vero
2433 4796 2486 4850 in
2520 4794 2718 4847 throno
2758 4784 3175 4859 magniﬁcentia:
3203 4783 3258 4837 in
3305 4778 3489 4835 excel-

1908 4884 2262 4944 sis'sedens.
2291 4886 2344 4939 in
2373 4880 2579 4938 caelesti
2618 4880 2858 4939 civitate,
2895 4876 3116 4945 penitus
3156 4886 3282 4925 cum
3308 4870 3396 4922 illa
3435 4868 3490 4921 in

1940 4994 2174 5048 corpore
2207 4978 2324 5045 ejus
2353 4982 2432 5029 est
2466 4990 2481 5026 :
2506 4971 2775 5039 siquidem
2806 4968 2923 5037 ejus
2953 4963 3239 5033 imaginem
3262 4960 3495 5014 colloca-

1940 5070 2019 5121 vit
2044 5047 2261 5120 sursum
2280 5064 2333 5116 in
2357 5061 2563 5117 caelesti
2588 5059 2809 5113 civitate
2833 5061 3143 5108 sanctorum
3167 5047 3491 5110 Jerusalem;

1944 5155 2218 5225 propriam
2248 5167 2377 5205 vero
2425 5149 2711 5217 imaginem
2750 5143 2971 5199 luminis
2997 5138 3177 5194 arcani
3205 5146 3368 5205 atque
3408 5134 3495 5187 di-

1945 5221 2191 5295 vinitatis
2232 5253 2344 5292 sua:
2377 5234 2665 5289 collocavit
2708 5233 2762 5286 in
2790 5244 3017 5299 corpore
3061 5227 3178 5296 ejus
3207 5241 3220 5276 :
3250 5226 3362 5293 ipse
3397 5221 3498 5292 mi-

1944 5337 2139 5391 nistrat
2168 5333 2218 5387 ei
2250 5331 2302 5385 in
2334 5329 2552 5385 civitate
2577 5325 2857 5394 corporis:
2881 5322 2968 5375 illa
2993 5333 3126 5373 vero
3149 5318 3199 5372 ei
3224 5315 3497 5369 ministrat

1945 5428 2001 5481 in
2026 5424 2233 5480 cmlesti
2273 5421 2512 5475 civitate.
2543 5416 2666 5470 Haec
2700 5415 2846 5467 illius
2880 5410 3251 5466 hzereditatem
3282 5405 3394 5458 adit
3438 5402 3492 5454 in

1946 5518 2125 5574 cmlo:
2164 5513 2253 5567 ille
2289 5526 2417 5567 vero
2466 5506 2640 5562 cernit
2674 5506 2792 5576 ejus
2834 5501 3207 5557 haereditatem
3234 5497 3289 5550 in
3325 5502 3494 5551 terra.
