3980 6412
556 336 666 402 7‘35

1865 346 1926 406 S.
1967 348 2287 410 MACARII
2322 349 2644 414 EGYPTII

3710 375 3807 439 796

555 445 823 502 Dominus
860 445 1007 501 enim
1038 446 1333 506 hmreditas
1359 453 1419 506 ﬁt
1456 452 1673 518 animae,
1708 462 1765 509 et
1789 456 1973 514 anima
2018 458 2103 513 lue

2234 460 2407 531 αὐτὴν
2434 461 2529 516 tut
2565 463 2691 533 γῆς.
2736 463 2797 519 ’0
2831 464 3038 539 Κύριος
3063 470 3174 545 γὰρ
3202 475 3539 551 κληρονομία
3570 482 3811 553 γίγνεται

555 535 763 591 reditas
796 534 858 590 lit
891 536 1132 593 Domini.
1180 538 1237 595 Si
1274 543 1478 597 etenim
1516 552 1864 613 peccatorum
1893 546 1951 601 in
1983 555 2135 605 tene-

556 627 673 683 bris
711 627 989 699 agentium
1021 631 1333 689 intellectus
1376 642 1433 690 et
1482 652 1637 692 mens
1692 645 1802 693 tam
1858 642 2049 709 procul
2102 658 2134 698 a

555 733 790 789 corpore
823 720 1017 777 abesse
1042 732 1241 792 potest,
1286 741 1349 781 ac
1390 728 1607 799 longius
1651 734 2015 803 peregrinari,
2053 744 2136 790 at-

554 825 664 879 que
722 811 778 863 in
841 814 1169 869 remotiores
1215 817 1467 887 regiones
1527 821 1799 888 proficisci
1853 834 2133 882 momento

553 901 705 955 horae
728 903 892 967 valet,
918 912 975 957 et
1000 920 1378 974 saepenumero
1403 910 1597 966 relicto
1621 912 1677 967 in
1698 923 1841 969 terra
1874 931 2130 987 corpore,

552 1006 709 1047 mens
760 994 816 1047 in
866 995 971 1049 alia
1024 998 1248 1066 regione
1278 1014 1401 1053 eum
1445 1001 1651 1058 dilecto
1702 1005 1789 1059 vel
1830 1007 2001 1062 amica
2032 1023 2131 1064 sua

552 1082 721 1153 degit,
770 1091 827 1138 et
871 1084 983 1139 illic
1034 1102 1093 1140 se
1145 1088 1323 1159 ipsum
1362 1094 1520 1160 quasi
1546 1093 1714 1148 vitam
1760 1096 1960 1167 degere
1999 1114 2133 1154 con-

552 1172 754 1241 spicit:
794 1173 838 1228 si
871 1175 1040 1245 igitur
1072 1177 1229 1249 147
1279 1184 1583 1250 peccatoris
1628 1185 1809 1241 anima
1862 1196 1948 1241 est
1991 1190 2129 1245 adeo

551 1264 770 1318 subtilis
795 1274 851 1320 et
880 1268 1139 1334 volatilis,
1175 1278 1235 1324 ut
1281 1287 1437 1328 mens
1470 1276 1592 1346 ejus
1615 1291 1724 1331 non
1769 1278 2130 1347 prohibeatur

548 1368 579 1407 ιι
617 1356 808 1422 procul
837 1356 1049 1413 dissitis
1090 1360 1266 1427 locis;
1315 1365 1488 1419 multo
1530 1368 1702 1438 magis
1727 1369 1928 1436 anima,
1961 1385 1992 1425 ι
2018 1387 2127 1441 qua

546 1447 824 1502 sublatum
870 1459 958 1504 est
1010 1454 1261 1509 velamen
1324 1458 1675 1513 tenebrarum
1709 1460 1915 1516 virtute
1951 1464 2127 1518 sancti

547 1536 807 1606 Spiritus,
837 1548 892 1595 et
921 1542 1214 1599 illuminati
1238 1556 1365 1602 sunt
1390 1550 1791 1607 intellectuales
1819 1555 1938 1624 ejus
1979 1555 2125 1610 oculi

542 1627 752 1684 lumine
806 1633 1039 1700 caelesti,
1071 1644 1128 1690 et
1182 1654 1305 1707 quae
1349 1640 1583 1698 liberata
1621 1652 1707 1698 est
1758 1647 2000 1713 perfecte
2055 1647 2125 1702 ab

543 1719 934 1778 afﬂictionibus
965 1725 1242 1792 obscenis,
1278 1738 1341 1784 ut
1393 1733 1597 1789 munda
1636 1735 1907 1793 beneﬁcio
1934 1741 2122 1810 gratia:

2234 550 2334 619 τῆς
2375 552 2557 623 ψυχῆς
2581 594 2597 621 ,
2632 556 2728 609 και
2767 558 2802 627 ή
2848 558 2993 630 ψυχὴ
3038 562 3373 639 κληρονομία
3428 550 3680 641 frmat
3722 578 3810 631 τοῦ

2234 642 2465 713 Κυρίου.
2513 645 2576 698 Εί
2604 646 2715 715 γὰρ
2740 647 2851 703 τῶν
2880 651 2939 705 ιν
2968 652 3148 709 σκότει
3180 657 3579 734 άμαρτωλῶνὴ
3608 664 3812 721 διάνοια

2233 736 2331 787 καὶ
2383 737 2413 789 ό
2458 736 2586 801 νοῦς
2625 740 2881 796 τοσοῦτον
2915 744 3105 817 πόρρω
3135 750 3230 803 τοῦ
3264 753 3518 821 σώματος
3550 750 3687 811 εἶναι
3725 759 3813 811 δύ-

2233 840 2413 888 ναται,
2449 828 2543 881 καὶ
2588 831 2809 901 μακρὰν
2855 836 3181 908 ἀποδημεῖν,
3221 842 3314 894 καὶ
3338 845 3420 907 είς
3466 847 3809 917 μακροτέρας

2233 914 2499 985 πατρίδας
2532 917 2788 974 ἀπελθεῖν
2818 923 2960 996 ῥοπῇ
3004 928 3153 997 ὥρας
3183 930 3375 1001 ίσχύει,
3424 934 3521 987 καὶ
3553 914 3813 1000 πολλάκις

2231 1004 2568 1075 ἑρῤιμμένου
2597 1010 2656 1063 ὲν
2682 1014 2747 1084 τῇ
2772 1017 2841 1085 τῇ
2865 1014 2959 1069 τοῦ
2985 1017 3257 1089 σώματος,
3274 1023 3308 1093 ἡ
3326 1022 3536 1079 διάνοια
3560 1028 3620 1079 ἐν
3649 1028 3811 1098 ἑτέρα

2230 1095 2451 1167 πατρίδι
2492 1099 2630 1171 πρὸς
2659 1102 2752 1156 τὸν
2775 1103 3078 1177 ἀγαπητὸν,
3122 1111 3155 1184 ἢ
3196 1114 3295 1184 τὴν
3323 1117 3617 1190 ἀγαπητὴν
3643 1095 3809 1175 αὐτοῦ

2229 1186 2512 1256 τυγχάνει,
2546 1192 2710 1246 κάκεῖ
2744 1195 2937 1250 ἑαυτὸν
2973 1198 3050 1263 ὡς
3079 1201 3435 1277 διαιτώμενον
3479 1186 3729 1283 καθορᾷ·
3761 1214 3809 1265 εἰ

2228 1273 2375 1349 οῦνή
2402 1279 2495 1334 τοῦ
2523 1282 2851 1353 ἁμαρτωλοῦ
2898 1290 3045 1363 ψυχὴ
3071 1293 3215 1350 οὕτω
3254 1273 3470 1371 ἐλαφρά
3504 1319 3562 1355 τε
3718 1305 3810 1360 εὗ-

2229 1389 2450 1442 πτερος,
2476 1373 2616 1429 ὥστε
2648 1376 2743 1431 τδν
2790 1381 2915 1435 νοῦν
2963 1385 3131 1440 αὐτοῦ
3176 1387 3252 1459 μὴ
3286 1390 3668 1462 ἐμποδίζεσθαι
3695 1398 3809 1452 ἀπὸ

2226 1464 2337 1517 τῶν
2379 1466 2663 1539 πόρρωθεν
2712 1471 2894 1526 τόπων
2918 1515 2933 1540 ,
2978 1478 3162 1550 πολλῷ
3217 1482 3421 1552 μᾶλλον
3461 1486 3701 1560 ἡψυχὴ,
3738 1485 3810 1563 ἧς

2228 1554 2373 1627 ἤρθη
2396 1558 2455 1611 τὸ
2475 1560 2742 1631 κάλυμμα
2764 1564 2862 1617 τοῦ
2898 1571 3124 1635 σκότους
3149 1572 3255 1626 ὑπὸ
3276 1575 3375 1645 τῆς
3394 1554 3677 1649 δυνάμεῶς
3706 1554 3808 1636 τόδ

2228 1646 2548 1717 Πνεύματος
2591 1652 2684 1705 τοῦ
2740 1653 2923 1722 ἁγίου,
2971 1660 3068 1713 καὶ
3112 1662 3491 1735 ἐφωτίσθησαν
3526 1646 3573 1722 οί
3619 1672 3810 1742 νεκροὶ

2226 1738 2497 1808 ὀφθαλμοὶ
2530 1742 2700 1813 αὐτῆς
2727 1745 2816 1799 διὰ
2843 1748 2937 1801 τοῦ
2972 1751 3296 1823 ἐπουρανίου
3331 1759 3527 1826 φωτῆς,
3554 1760 3648 1813 καὶ
3675 1738 3809 1816 ἐλυ-

547 1813 778 1878 reddita,
808 1823 921 1869 tota
963 1817 1018 1870 in
1052 1817 1259 1887 Spiritu
1296 1822 1353 1876 in
1390 1826 1546 1879 caelis
1574 1827 1849 1884 ministrat
1869 1831 2111 1899 Domino,

2226 1832 2409 1903 τρὼθη
2454 1835 2676 1901 τελείως
2712 1838 2823 1891 ἀπὸ
2878 1841 2989 1896 τῶν
3039 1813 3229 1899 παθῶν
3261 1813 3361 1919 τῆς
3408 1813 3651 1922 ἀτιμίας,
3706 1855 3810 1909 καὶ

544 1910 602 1955 et
622 1912 732 1957 tota
758 1903 811 1957 in
849 1921 1081 1976 corpore
1116 1912 1287 1965 servit
1310 1913 1425 1969 illi:
1456 1927 1512 1972 et
1541 1918 1595 1971 in
1630 1926 1842 1974 tantum
1868 1923 2125 1979 extendi-

544 2000 635 2047 tur
672 1995 974 2062 intellectu,
1001 2008 1063 2054 ut
1091 2000 1207 2070 ipsa
1230 2003 1303 2057 sit
1339 2005 1544 2075 ubivis,
1572 2018 1630 2065 et
1660 2011 1775 2078 ubi,
1797 2023 1856 2070 et
1901 2017 2122 2085 quando

542 2082 789 2152 libuerit,
816 2083 1038 2144 Christo
1069 2091 1371 2150 ministret.

607 2346 672 2401 ν.
698 2347 813 2404 Hoc
860 2349 997 2407 dicit
1036 2354 1372 2425 Apostolus:
1411 2360 1477 2417 Ut
1503 2363 1728 2421 valeatis
1762 2373 1968 2443 assequi
1997 2389 2117 2429 cum

524 2439 775 2497 omnibus
830 2447 1048 2511 sanctis,
1084 2465 1203 2515 qua
1227 2452 1295 2504 sit
1337 2451 1586 2521 latitudo,
1635 2468 1685 2512 et
1728 2439 2019 2533 longitude,
2065 2476 2117 2523 et

534 2530 891 2599 profunditas,
925 2543 974 2588 et
1002 2538 1324 2607 sublimitas,
1348 2561 1760 2621 cagnoscereque
1776 2530 2119 2623 prteeminen-

534 2623 640 2671 tem
668 2623 980 2691 cognitionis
1002 2627 1334 2685 dilectionem
1363 2633 1582 2704 Christi,
1616 2650 1675 2695 ut
1711 2643 2042 2715 impleamini
2055 2651 2112 2705 in

532 2722 741 2762 omnem
758 2711 1140 2781 plenitudinem
1172 2719 1268 2775 Dei
1287 2725 1353 2778 ”.
1375 2723 1758 2801 Contem'plare
1779 2711 1976 2793 arcana
1993 2756 2111 2811 my-

530 2802 699 2855 steria
733 2806 950 2872 animae,
996 2826 1025 2864 a
1056 2828 1163 2882 qua
1203 2817 1385 2873 aufert
1422 2821 1689 2881 Dominus
1725 2825 2108 2889 incumbentes

530 2893 807 2958 tenebras,
842 2908 898 2953 et
942 2903 1150 2958 revelat
1178 2922 1321 2973 cam,
1359 2918 1417 2964 et
1451 2915 1730 2971 revelatur
1756 2918 1806 2973 ei
1843 2936 1989 2990 ;qua
2019 2939 2107 2978 ra—

528 2984 678 3040 tione
724 2987 915 3045 dilatet
958 3002 1013 3048 et
1045 2999 1305 3054 extendat
1346 3004 1695 3071 prudentiam
1751 2984 1953 3067 mentis
1985 3015 2105 3084 ejus

526 3074 581 3129 in
614 3077 953 3148 latitudines,
982 3085 1379 3159 longitudines,
1411 3096 1816 3165 profunditates
1842 3112 1899 3157 et
1931 3074 2104 3161 subli-

524 3169 747 3226 mitates
791 3175 1062 3235 universae
1100 3182 1335 3241 visibilis
1377 3195 1433 3241 et
1476 3190 1768 3249 invisibilis
1812 3207 2099 3255 creaturae.
2131 3175 2174 3233 θ

524 3260 777 3333 Magnum
814 3284 966 3340 ergo,
995 3280 1052 3327 et
1106 3274 1354 3333 divinum
1402 3297 1563 3352 opus,
1596 3292 1653 3339 et
1694 3287 2101 3358 admirandum,

523 3369 720 3411 revera
763 3369 849 3413 est
893 3362 1095 3421 anima.
1123 3367 1261 3424 Cum
1299 3373 1447 3428 enim
1481 3389 1695 3434 crearet
1734 3380 1904 3447 illam,
1938 3385 2104 3440 talem

522 3446 769 3503 condidit
798 3451 941 3509 Deus
987 3472 1130 3525 eam,
1164 3468 1225 3515 ut
1250 3461 1305 3516 in
1343 3473 1543 3522 natura
1580 3470 1706 3540 ejus
1731 3472 1938 3528 nullum
1963 3476 2107 3534 inse-

519 3545 669 3592 reret
705 3540 924 3608 vitium,
958 3547 1052 3601 sed
1104 3551 1172 3604 ad
1215 3551 1509 3625 imaginem
1560 3560 1824 3618 virtutum
1862 3565 2103 3636 Spiritus

518 3630 769 3687 condidit
803 3634 950 3691 illam
990 3653 1003 3690 :
1038 3643 1222 3710 posuit
1255 3645 1309 3700 in
1345 3664 1409 3703 ea
1473 3650 1623 3722 leges
1671 3630 1959 3725 virtutum,
1987 3659 2102 3715 dis-

521 3723 850 3792 cretionem,
877 3729 1187 3800 scientiam,
1220 3739 1593 3807 prudentiam,
1633 3744 1817 3813 ﬁdem,
1847 3749 2101 3806 dilectio-

516 3827 665 3880 nem,
737 3827 903 3889 atque
961 3834 1188 3883 ceteras
1238 3830 1475 3890 virtutes
1505 3835 1575 3891 ad
1628 3837 1925 3910 imaginem
1977 3842 2102 3915 Spi-

515 3904 676 3961 ritus.

587 3997 675 4053 Vl.
707 3998 903 4059 Adhuc
954 4007 1103 4062 enim
1147 4011 1235 4066 vel
1292 4031 1440 4072 nunc
1480 4018 1536 4074 in
1576 4021 1827 4090 scientia,
1855 4030 2097 4098 pruden-

512 4088 610 4155 tia,
642 4092 940 4153 dilectione
982 4109 1037 4154 et
1076 4101 1183 4158 fide
1218 4111 1514 4176 reperitur,
1542 4123 1598 4168 et
1621 4088 2003 4177 manifestatur
2040 4125 2092 4181 ei

511 4176 818 4237 Dominus:
852 4185 1053 4241 locavit
1108 4190 1164 4246 in
1210 4209 1274 4249 ea
1325 4197 1685 4269 intellectum,
1710 4209 2093 4282 cogitationes,

510 4269 851 4328 voluntatem
886 4291 950 4331 ac
976 4289 1216 4337 mentem
1256 4284 1454 4343 ducem
1485 4294 1824 4365 praacipuum
1853 4305 2094 4361 :consti-

511 4358 620 4412 tuit
662 4376 882 4432 quoque
909 4367 964 4421 in
993 4385 1057 4425 ea
1094 4376 1458 4446 multiplicem
1483 4358 2040 4451 aliam-subtilitatem
2072 4414 2087 4463 ;

510 4448 644 4505 fecit
692 4452 839 4509 illam
878 4458 1039 4517 facile
1087 4467 1370 4535 mobilem,
1415 4475 1714 4546 volatilem,
1742 4490 1798 4537 et
1844 4448 2088 4545 indefes:

509 4561 647 4602 sam.
668 4548 905 4609 Donavit
935 4556 1036 4617 illi.
1060 4568 1121 4613 ut
1158 4562 1212 4616 in
1257 4578 1535 4625 momento
1563 4572 1643 4628 ire
1660 4583 1717 4629 et
1746 4578 1927 4635 redire
1958 4598 2089 4652 pos-

510 4638 603 4704 sit,
636 4649 693 4696 et
723 4652 907 4701 mente
930 4648 1248 4709 ministrare
1274 4656 1348 4721 ei,
1373 4670 1538 4722 prout
1563 4663 1803 4734 Spiritus
1828 4638 2087 4741 voluerit,

506 4741 673 4802 atque
724 4744 786 4790 ut
834 4738 1061 4795 omnino
1116 4742 1318 4811 dicam,
1368 4754 1577 4809 creavit
1614 4755 1764 4813 illam
1796 4761 1980 4828 talem,
2029 4738 2089 4819 ut

506 4822 622 4894 ipsa
652 4825 726 4881 sit
753 4842 957 4898 sponsa
994 4840 1051 4887 et
1073 4835 1223 4891 socia
1251 4839 1393 4909 ejus,
1436 4851 1497 4896 ut
1526 4845 1642 4915 ipse
1674 4864 1799 4904 cum
1834 4850 1926 4907 illa
1959 4822 2090 4909 cou-

504 4922 865 4986 temperctur,
927 4932 983 4978 et
1038 4942 1183 4983 unus
1224 4929 1466 5001 Spiritus
1505 4952 1631 4992 cum
1655 4955 1723 4994 eo
1755 4941 1869 5007 ﬁat,
1907 4952 1968 4998 ut
1999 4946 2087 5001 in-

2226 1924 2444 1995 καθαρά
2471 1926 2558 1979 διὰ
2592 1927 2687 1998 τῆς
2734 1930 2957 1999 χάριτος
3000 1938 3394 2010 κατειργάσθη,
3426 1939 3520 2012 ὅλη
3548 1942 3607 1995 ὲν
3629 1943 3808 2014 ούρα-

2223 2018 2335 2078 νοῖς
2375 2016 2434 2068 ὲν
2472 2019 2745 2088 πνεύματι
2777 2023 3017 2077 διακονεῖ
3043 2024 3123 2095 τῷ
3158 2028 3365 2099 Κυρίῳ,
3398 2030 3490 2084 καὶ
3511 2030 3605 2102 ὅλη
3635 2033 3694 2086 ἐν
3719 2033 3807 2107 τῷ

2224 2108 2441 2177 σώματι
2483 2111 2725 2167 διακονεῖ
2758 2116 2929 2188 αὐτῷ’
2962 2119 3060 2173 καὶ
3091 2123 3345 2179 τοσοῦτον
3374 2125 3695 2183 πλατύνεται
3720 2132 3805 2202 τῷ

2221 2203 2555 2272 φρονήματι,
2583 2205 2723 2259 ὥστε
2766 2211 3044 2283 πανταχοῦ
3093 2215 3264 2288 αὐτὴν
3320 2214 3481 2273 εῖναι*
3523 2222 3616 2274 καὶ
3658 2223 3803 2278 ὅπου

2220 2289 2495 2361 βούλεται,
2529 2298 2624 2351 καὶ
2661 2298 2789 2352 ἔνθα
2816 2300 3067 2370 βούλεται
3095 2305 3363 2363 διακονεῖν
3386 2312 3462 2382 τῷ
3481 2313 3727 2387 Χριστῷ.

2288 2383 2368 2436 E'.
2387 2383 2559 2439 Τοῦτό
2581 2405 2746 2459 φησιν
2762 2392 3123 2462 όἈπόστολος
3139 2398 3296 2454 ’Ἵνα
3310 2383 3682 2474 ἐξισχύσητε.
3699 2425 3806 2462 κα-

2216 2476 2501 2530 ταλαϐεῖν
2523 2479 2646 2532 σὺν
2662 2481 2813 2537 πᾶσι
2844 2484 2971 2552 τοῖς
3001 2488 3215 2560 ἁγίοις,
3249 2494 3307 2546 τί
3327 2495 3394 2549 τὸ
3423 2497 3670 2565 πλάτος,
3695 2500 3803 2554 καὶ

2210 2560 2431 2631 μῆκος,
2462 2568 2561 2621 καὶ
2588 2568 2766 2637 ὕψος,
2795 2573 3118 2645 καὶβὰθος,
3152 2581 3377 2650 γνῶναί
3398 2603 3460 2639 τε
3481 2587 3597 2656 τὴν
3615 2560 3800 2658 direp-

2213 2650 2568 2710 6άλλουσαν
2609 2659 2722 2726 τῆς
2754 2661 3032 2732 γνώσεως
3080 2669 3326 2739 ἀγάπην
3357 2674 3463 2730 τοῦ
3506 2650 3795 2747 Ξέριστογῦ,

2210 2740 2310 2795 ἵνα
2341 2747 2698 2817 πληρωθῆτε
2730 2755 2818 2819 εὶς
2850 2754 2976 2810 πᾶν
3016 2760 3081 2812 τὸ
3128 2763 3418 2834 πλήρωμα
3458 2740 3566 2822 τοῦ

2208 2832 2497 2904 Θεὼρησον
2517 2838 2732 2910 ἄρῤητα
2758 2847 3035 2918 μυστήρια
3061 2832 3349 2926 ψυχῆς,
3374 2860 3646 2931 περιαίρει
3674 2864 3793 2917 Κύ-

2184 2942 2326 3007 -ριος
2357 2928 2417 2980 τὸ
2448 2930 2801 3003 ἐπικείμενον
2819 2940 3030 3008 σκότος,
3067 2946 3159 2997 καὶ
3182 2928 3793 3026 ἀποκαλύπτει-αὐτὴν,

2208 3018 2301 3071 καὶ
2332 3021 2780 3081 ἀποκαλύπτεται
2832 3031 2970 3103 αὐτῇ
2994 3050 3009 3065 ο
3042 3035 3159 3101 πῶς
3202 3039 3460 3097 πλατύνει
3501 3047 3595 3099 καὶ
3626 3049 3793 3104 τείνει

2206 3114 2274 3164 τὰ
2306 3116 2633 3183 φρονήματα
2690 3118 2785 3173 τοῦ
2825 3122 2943 3187 νοὸς
2987 3128 3183 3199 αὐτῆς,
3222 3133 3303 3192 είς
3346 3133 3417 3188 τὰ
3458 3137 3657 3210 πλάτη,
3693 3146 3793 3196 καὶ

2210 3203 2381 3274 μήκη,
2418 3206 2512 3260 καὶ
2542 3206 2701 3280 βάθη,
2729 3214 2824 3267 καὶ
2863 3215 2973 3288 ὕψη
3006 3221 3188 3293 πάσης
3235 3226 3439 3297 ὁρατῆς
3478 3232 3574 3284 καὶ
3621 3203 3793 3305 ἀορά-

2206 3316 2300 3352 του
2351 3302 2605 3370 κτίσεως.
2637 3308 2801 3377 Μέγα
2840 3312 3019 3368 τοίνυν
3047 3319 3144 3373 καὶ
3172 3319 3316 3375 θεῖον
3343 3323 3501 3397 ἔργον
3539 3330 3631 3382 καὶ
3658 3302 3790 3383 θαυ-

2208 3390 2410 3459 μαστὸν
2444 3393 2613 3459 ὅντως
2644 3398 2794 3452 ἐστὶν
2823 3401 2857 3471 ἡ
2890 3401 3063 3477 ψυχή.
3097 3408 3184 3462 Ἑν
3208 3409 3316 3483 γὰρ
3338 3390 3428 3484 τῶ
3451 3414 3788 3489 δημιουργῆ-

2208 3501 2301 3537 σαι
2327 3485 2517 3557 αὐτὴν,
2560 3489 2821 3563 τοιαύτην
2868 3497 3126 3567 ἐποίησεν
3172 3504 3199 3556 ό
3233 3504 3367 3570 Θεὸς
3404 3485 3593 3579 αὐτην,
3626 3485 3785 3575 έν

2202 3578 2267 3647 τῇ
2300 3577 2462 3646 φύσει
2496 3579 2667 3651 αὐτῆς
2698 3582 2775 3654 μὴ
2824 3587 3060 3643 ἐνθεῖναι
3109 3594 3328 3661 κακίαν,
3358 3597 3495 3653 ἀλλὰ
3518 3577 3659 3655 κατά
3686 3603 3785 3673 τὴν

2203 3668 2389 3721 εἰκόνα
2440 3670 2549 3725 τῶν
2580 3673 2795 3745 ἀρετῶν
2826 3678 2921 3731 τοῦ
2961 3682 3278 3754 Πνεύματος
3311 3689 3565 3762 ἐποίησεν
3588 3694 3780 3765 αὐτήν.

2206 3760 2443 3831 Ἕθηκεν
2472 3766 2553 3829 είς
2595 3766 2767 3837 αὐτὴν
2801 3768 3000 3841 νόμους
3041 3775 3275 3846 ἀρετῶν,
3320 3760 3612 3854 διάκρισιν,
3640 3760 3786 3855 γνῶ.

2202 3866 2308 3912 σιν,
2340 3854 2627 3924 φρόνησιν,
2655 3858 2861 3927 πίστιν,
2889 3863 3133 3938 ἀγάπην,
3172 3871 3269 3925 καὶ
3298 3873 3395 3937 τὰς
3422 3873 3618 3942 λοιπὰς
3651 3880 3783 3951 ἀρε-

2198 3946 2297 4007 τάς
2324 3947 2467 4002 κατὰ
2500 3949 2601 4019 τὴν
2626 3953 2814 4011 είκόνα
2832 3957 2927 4012 τοῦ
2956 3959 3294 4031 Πνεύματος.

2273 4033 2608 4112 ς¹.“Ετιγάρ
2624 4044 2717 4097 καὶ
2738 4046 2901 4101 νῦνὲν
2926 4052 2991 4120 τῇ
3009 4067 3075 4119 γν
3091 4052 3244 4119 ώσει,
3263 4056 3359 4112 καὶ
3377 4062 3662 4132 φρονήσει,
3688 4067 3780 4120 καὶ

2197 4126 2388 4197 ἀγάπῃ
2415 4168 2432 4195 ,
2462 4132 2559 4185 καὶ
2586 4134 2769 4191 πίστει
2805 4139 3121 4208 εὑρίσκεται
3154 4146 3248 4200 καὶ
3274 4126 3605 4223 φανεροῦται
3638 4126 3775 4229 αὐτῇ

2196 4216 2225 4268 ὁ
2246 4215 2449 4288 Κύριος
2470 4235 2486 4251 ·
2524 4220 2723 4292 ἔθηκεν
2752 4227 2832 4290 είς
2860 4228 3032 4301 αὐτὴν
3057 4215 3316 4302 διάνοιαν,
3350 4215 3667 4311 λογισμοὺς,
3693 4215 3779 4297 0e:

2196 4307 2370 4379 λημα,
2402 4310 2528 4365 νοῦν
2555 4315 2803 4386 ἡγεμόνα
2823 4333 2838 4348 °
2869 4321 3205 4392 ἑνεθρόνισεν
3240 4327 3300 4381 ιν
3333 4329 3472 4402 αὐτῇ
3501 4307 3597 4388 καὶ
3610 4307 3776 4406 ἄλλην

2195 4399 2398 4471 πολλὴν
2419 4403 2746 4477 λεπτότητα.
2765 4408 3049 4483 Ἐποίησεν
3065 4416 3235 4487 αὐτὴν
3258 4399 3565 4492 εὐκίνητον,
3578 4399 3775 4480 εὔπτε-

2121 4534 2166 4589 D
2199 4508 2311 4561 ρον,
2335 4494 2562 4549 ἄκοπον·
2582 4497 2873 4584 ἐχαρίσατο
2904 4504 3041 4577 αὐτῇ
3070 4506 3132 4561 τὸ
3160 4510 3217 4562 ὲν
3239 4511 3378 4583 ῥοπῇ
3403 4513 3657 4584 ἔρχεσθαι
3681 4519 3775 4571 καὶ

2192 4583 2549 4654 ἀπέρχεσθαι,
2566 4589 2661 4641 καὶ
2681 4592 2795 4654 τοῖς
2816 4595 3129 4665 φρονήμασι
3147 4597 3417 4656 διακονεῖν
3444 4583 3617 4678 αύτῷ,
3642 4608 3775 4663 ἔνθα

2186 4674 2246 4726 τὸ
2281 4675 2507 4747 Πνεῦμα
2530 4677 2813 4749 βούλεται,
2840 4686 2938 4739 καὶ
2965 4687 3298 4757 ἁπαξαπλῶς
3324 4694 3539 4752 ἔκτισεν
3567 4674 3579 4678 ⁷
3601 4701 3777 4772 αὐτὴν

2186 4765 2464 4839 τοιαύτην,
2498 4769 2639 4824 ὥστε
2670 4773 2927 4842 γενέσθαι
2956 4779 3035 4843 είς
3068 4781 3288 4855 νύμφην
3313 4786 3412 4840 καὶ
3449 4765 3774 4862 κοινωνικήν

2185 4856 2378 4926 αὑτοῦ,
2445 4860 2540 4915 τοῦ
2590 4863 2755 4919 αὑτὸν
2806 4869 2928 4937 μετ’
2979 4871 3151 4943 αὐτῆς
3206 4878 3531 4948 κεκρᾶσθαι,
3569 4882 3668 4936 καὶ
3714 4856 3775 4937 έν

2186 4947 2411 5019 Πνεῦμα
2438 4952 2559 5021 μετ’
2574 4955 2740 5010 αὐτοῦ
2772 4952 2935 5026 εἶναι,
2966 4963 3152 5029 καθώς
3180 4947 3369 5037 φησιν,
3388 4968 3444 5031 _'0
3463 4973 3773 5042 κολλώμε-

502 5007 662 5074 quit:
692 5008 794 5071 Qui
822 5013 1054 5071 adhteret
1089 5018 1335 5082 Domino,
1370 5042 1506 5080 unus
1534 5030 1753 5099 spiritus
1784 5043 1860 5088 est
1892 5036 1959 5091 ⁹¹.
1981 5036 2085 5095 Cui

503 5098 671 5133 arma.
713 5103 764 5133 ς..
796 5109 989 5133 mm..-
1028 5115 1291 5133 ,μηιηη
1338 5132 1341 5133 ν
1426 5120 1441 5133 .

2215 5007 2360 5106 ξενος
2392 5007 2471 5109 τῶ
2509 5048 2727 5114 Κυρίῳ,
2773 5049 2847 5105 ἓν
2874 5007 3330 5124 ιίνεῦμάνέἑέιν.
3355 5008 3436 5132 ,Ὦ
3462 5063 3496 5133 ὴ
3514 5007 3772 5130 δόξα,ζῗς

500 5098 675 5167 gloria
712 5103 769 5157 in
795 5109 994 5164 saecula
1025 5115 1375 5171 saeculorum.
1411 5120 1607 5176 Amen.

1025 5218 1310 5282 HOMlLlA
1350 5228 1562 5287 XLVII.

619 5304 933 5382 Explicatio.
962 5312 1249 5404 allegorica
1300 5326 1657 5391 quorumdam
1700 5330 1794 5384 sub
1847 5330 1957 5404 lege

1137 5389 1423 5458 factorum.

564 5484 607 5539 l.
643 5485 829 5544 Gloria
879 5491 1065 5561 Mosis,
1109 5514 1273 5568 quam
1327 5505 1554 5574 gerebat
1588 5510 1643 5565 in
1693 5511 1859 5581 facie,
1911 5523 2073 5587 typus

2179 5130 2306 5194 τοὺς
2329 5133 2533 5200 αἰῶνας
2553 5138 2663 5193 τῶν
2685 5139 2923 5200 αἰώνων.
2972 5146 3168 5217 Ἀμήν.

2771 5255 3017 5310 ΟΜΙΛΙΑ
3043 5260 3174 5313 ΜΖ’.

2196 5329 2580 5411 Ἄλληγορικὴ
2620 5343 3007 5470 παράφραῗς
3026 5348 3146 5427 τῶν
3171 5350 3290 5407 ὑπὸ
3315 5354 3506 5424 νόμον
3518 5373 3766 5429 γεγενη-

2869 5434 2907 5470 u
2944 5435 3083 5470 νων.

2863 5434 3083 5486 μενων.

2252 5525 2333 5581 A'.
2370 5526 2436 5580 Ἦ
2465 5528 2591 5595 δόξα
2610 5530 2857 5595 Μωσέως
2886 5530 2955 5600 ἢν
2979 5528 3124 5601 εῖχεν
3149 5536 3209 5591 ὲν
3238 5536 3318 5608 τῷ
3339 5539 3635 5614 προσώπῳ,
3662 5546 3762 5595 τύ-

495 5586 615 5631 erat
636 5594 782 5636 vera:
830 5584 1034 5655 gloriae.
1070 5589 1544 5657 Quemadmodum
1594 5604 1744 5660 enim
1796 5606 1910 5663 illic
1935 5584 2071 5666 ili—tis

2215 5632 2280 5681 :0;
2324 5614 2393 5689 ἦν
2442 5584 2554 5688 τῆς.
2584 5584 2854 5694 ἀληθινῆς
2891 5584 3088 5698 δόξητὲ⁷
3112 5628 3208 5682 Ὃν
3244 5584 3355 5700 γάρ
3380 5584 3762 5701 ⁵ῖιρότιοῖνὲιιεί

566 5726 829 5799 "Ephcs.
860 5751 939 5808 ιιι,
973 5739 1057 5797 l9.
1136 5743 1233 5819 "'l
1265 5745 1391 5805 Cor.
1419 5765 1492 5819 vt,
1536 5753 1622 5810 l7.
