3980 6422
269 350 379 413 797

1378 336 1751 411 lIOMILI/E.
1790 371 1859 384 -·
1899 346 2090 408 HOM-
2132 345 2373 407 XLVII.

3459 347 3565 413 793

270 461 524 517 ἀτενίσαι
547 462 627 526 είς
641 461 705 516 τὺ
722 459 1019 534 πρόσωπον
1050 459 1295 523 Μωσέως
1321 459 1424 513 οὐκ
1452 460 1640 531 ἴσχυον
1664 461 1714 513 oi
1737 460 1871 513 Ἰου-

1977 454 2151 510 oculis
2184 452 2388 509 intueri
2420 451 2636 508 vultum
2671 453 2839 510 Mosis
2890 468 3003 509 non
3051 455 3313 511 valebant
3356 455 3567 517 Judaei.

268 555 438 617 δαῖοι,
472 554 618 611 οὓτω
652 554 749 610 νῦν
782 554 1006 626 ἐκείνην
1025 553 1127 626 τὴν
1157 554 1318 621 δόξαν
1344 552 1442 607 τοῦ
1468 554 1645 622 φωτὸς
1664 555 1724 609 ἐν
1747 556 1868 617 ταῖς

267 648 473 718 ψυχαῖς
521 647 765 719 δέχονται
806 648 858 701 οῖ
912 646 1259 718 Χριστιανοὶ,
1302 645 1400 699 καὶ
1438 645 1501 699 τὸ
1559 645 1748 708 σκότος
1790 646 1867 716 μὴ

269 740 443 810 φέρον
472 740 575 812 τὴν
606 740 782 811 αὐγὴν
832 736 930 793 τοῦ
967 738 1147 810 φωτὸς
1194 738 1638 810 ἐκτυφλούμενον
1688 757 1867 809 φυγα-

267 833 508 887 δεύεται.
546 831 779 887 Ἐκεῖνοι
804 833 883 899 δέ,
911 832 994 887 ὃτι
1019 832 1151 897 λαὸς
1176 830 1324 885 Θεοῦ
1344 829 1506 905 ἦσαν,
1539 832 1604 885 ἐκ
1634 832 1733 901 τῆς
1767 849 1867 885 πε-

274 926 509 999 ριτομῆς
537 927 858 996 ἐφαίνοντο’
906 926 1144 981 ἐνταῦθα
1184 927 1244 982 δὲ
1294 929 1324 981 ὁ
1362 927 1491 991 λαὸς
1531 926 1626 980 τοῦ
1648 924 1801 993 [Θεοῦ
1839 927 1869 980 ὁ

272 1021 610 1089 περιούσιος,
661 1019 724 1073 τὸ
766 1022 995 1091 σημεῖον
1038 1021 1139 1092 τῆς
1184 1021 1492 1093 περιτομῆς
1548 1019 1761 1074 ἔνδοθεν
1797 1020 1866 1091 τῇ

273 1109 477 1181 καρδίᾳ
522 1109 691 1164 αὑτοῦ
726 1110 1072 1181 ὑποδέχεται.
1110 1111 1379 1182 Μάχαιρα
1405 1109 1518 1182 γὰρ
1543 1109 1868 1181 ἐπουράνιος

272 1204 537 1275 ἐκτέμνει
557 1204 619 1258 τὸ
644 1204 906 1276 περισσὸν
935 1204 1032 1258 τοῦ
1061 1203 1179 1269 νοῦ,
1210 1190 1461 1260 τουτέστι
1492 1204 1589 1276 τὴν
1617 1204 1867 1276 ἀκάθαρρ

276 1313 373 1350 τον
430 1296 802 1369 ἀκροϐυστίαν
842 1301 941 1370 τῆς
970 1299 1269 1370 ἁμαρτίας.
1314 1299 1453 1368 Παρ’
1482 1298 1717 1375 ἐκείνοις
1767 1298 1867 1369 βά-

276 1406 495 1460 πτισμα
525 1389 626 1460 τὴν
657 1389 836 1461 σάρκα
854 1390 1084 1461 ἁγιάζον
1100 1408 1115 1423 ο
1138 1392 1273 1463 παρ’
1295 1382 1430 1463 ἡμῖν
1449 1389 1509 1444 δέ
1526 1392 1646 1444 ἐστι
1675 1389 1870 1461 βάπτι-

278 1497 397 1550 σμα
431 1480 588 1549 ἀγίου
628 1481 950 1553 Ηνεύματος
995 1482 1092 1536 καὶΙ
1133 1481 1308 1555 πυρός
1330 1498 1343 1513 ·
1380 1480 1541 1536 τοῦτο
1588 1482 1699 1553 γὰρ
1732 1482 1867 1554 ἐκή-

279 1570 443 1641 ρυξεν
482 1571 757 1643 Ἰωάννης,
794 1574 987 1642 Αὐτὸς
1045 1574 1206 1646 ὑμᾶς
1254 1574 1550 1641 ,βαπτίσει
1592 1575 1664 1629 ἐν
1720 1575 1868 1645 ἁγίῳ

275 1664 577 1733 Πνεύματι
594 1664 694 1718 καὶ
729 1666 895 1734 πυρί.

353 1757 432 1810 Β¹.
467 1758 617 1810 Ἐκεῖ
639 1758 813 1828 σκηνὴ
846 1757 1095 1829 ἐσωτέρα
1120 1758 1218 1813 καὶ
1237 1758 1508 1830 ἐξωτέρα,
1540 1758 1635 1811 καὶ
1666 1757 1746 1822 εἰς
1771 1758 1869 1828 μὲν

284 1850 380 1922 τὴν
411 1850 659 1922 πρώτην,
684 1852 773 1905 διὰ
813 1851 1017 1917 παντὸς
1048 1852 1305 1924 εἰσῄεσαν
1336 1853 1387 1905 ot
1430 1853 1616 1924 ἱερεῖς,
1641 1851 1739 1915 τὰς
1774 1851 1869 1904 λα-

276 1943 468 2013 τρείας
489 1943 865 2009 ἐπιτελοῦντες
885 1960 900 1975 ’
943 1945 1025 2007 είς
1048 1943 1116 1998 ⁸δέ
1151 1944 1249 2016 τὴν
1272 1944 1555 2016 δευτέραν,
1584 1942 1736 2009 ἅπαξ
1771 1942 1867 1998 τοῦ

278 2034 532 2089 ἐνιαυτοῦ
593 2036 753 2106 μόνος
772 2037 802 2090 ό
825 2037 1122 2108 ἀρχιερεὺς
1154 2039 1251 2091 σὺν
1280 2037 1509 2110 αἵματι,
1544 2037 1721 2093 τοῦτο
1756 2036 1869 2107 δη-

274 2126 542 2193 λοῦντος
592 2125 700 2181 τοῦ
737 2127 912 2198 ἁγίου
968 2128 1337 2198 Πνεύματος,
1396 2127 1574 2198 μήπω
1610 2144 1870 2199 πεφανε-

268 2218 505 2287 ρῶσθαι
523 2217 639 2287 τὴν
670 2217 792 2273 τῶν
813 2219 1000 2291 ἁγίων
1033 2219 1198 2277 ὀδόν.
1247 2220 1514 2275 Ἐνταῦθα
1548 2221 1605 2275 δὲ
1647 2223 1696 2275 οἱ
1732 2237 1869 2275 κατ-

278 2313 595 2384 αξιούμενοι
615 2313 1052 2385 είσέρχονταιείς
1066 2313 1166 2385 τὴν
1196 2313 1610 2385 ἀχειροποίητον
1641 2311 1866 2383 σκηνὴν,

278 2408 417 2459 ὅπου
442 2404 747 2477 πρόδρομος
763 2405 908 2475 ὺπέρ
938 2404 1097 2477 ἡμῶν
1127 2405 1346 2476 εἰσῆλθε
1371 2405 1629 2476 Χριστός.
1655 2405 1869 2474 Γέγρα-

282 2515 418 2553 πται
440 2500 499 2552 ὲν
526 2498 603 2569 τῷ
622 2498 796 2571 νόμῳ,
826 2500 936 2554 τὸν
961 2498 1119 2569 ἱερέα
1137 2498 1346 2554 λαϐεῖν
1360 2500 1472 2554 δύο
1494 2500 1867 2568 περιστερὰς,

280 2594 383 2648 καί
420 2592 601 2651 θῦσαι
622 2591 741 2663 μὲν
770 2592 889 2661 τὴν
914 2593 1085 2663 μίαν,
1109 2594 1395 2662 ραντίσαι
1427 2590 1497 2645 δὲ
1528 2590 1643 2659 τὴν
1672 2588 1873 2652 ζῶσαν

278 2687 402 2743 ἀπὸ
454 2686 563 2743 τοῦ
608 2687 860 2756 αἳματος
899 2686 1187 2756 ,ἐκείνης,
1239 2686 1339 2741 καὶ
1392 2684 1728 2749 ἀπολῦσαι,
1768 2682 1870 2737 καὶ

279 2782 573 2835 ἵπτασθαι
627 2779 977 2849 ἐλευθέραν.
1025 2779 1102 2834 Τὸ
1151 2778 1209 2833 δέ
1252 2778 1542 2850 γενόμενον
1597 2776 1767 2840 τύπος
1804 2771 1872 2848 ἦν

280 2873 379 2927 καὶ
432 2874 561 2926 σκιά
585 2874 685 2944 τῆς
719 2871 980 2942 ἀληθείας
1003 2888 1017 2903 ·
1065 2870 1160 2925 καὶ
1196 2870 1305 2942 γὰρ
1340 2870 1369 2923 ό
1416 2868 1653 2941 Χριστὸς
1681 2867 1870 2937 ἐτύθη,

281 2966 380 3019 καὶ
435 2965 496 3018 τὸ
545 2957 687 3036 αἷμα
741 2962 909 3049 abte}?
970 2963 1232 3034 ῥαντίσαν
1288 2962 1436 3034 ἡμᾶς
1491 2962 1873 3032 πτεροφυῆσαι

280 3056 562 3125 ἐποίησεν.
587 3055 795 3110 Ἔδωκε
830 3055 937 3124 γὰρ
961 3056 1093 3127 ⁴ἡμῖν
1118 3055 1399 3126 πτέρυγας
1432 3053 1588 3123 ἁγίου
1622 3051 1875 3123 Πνεύμα-

279 3164 399 3212 τος,
434 3146 575 3218 πρὸς
619 3146 682 3200 τὸ
711 3144 973 3201 ἵπτασθαι
1024 3145 1322 3209 ἀκωλύτως
1356 3146 1437 3210 είς
1483 3145 1575 3199 τὸν
1609 3144 1747 3216 ἀέρα
1775 3143 1873 3216 τῆς
1899 3164 1942 3224 c

283 3240 561 3312 θεότητος.

360 3357 437 3413 I".
454 3357 719 3421 Ἐκείνοις
737 3355 903 3428 νόμος
930 3354 1089 3428 ἐδόθη
1112 3355 1171 3411 ἐν
1199 3354 1365 3421 πλαξὶ
1386 3356 1777 3427 γεγραμμένος
1804 3353 1878 3408 λιο

287 3450 485 3517 θίναις,
516 3452 651 3521 ημῖν
681 3451 739 3505 δέ
764 3449 921 3521 νόμοι
973 3448 1340 3521 πνευματικοὶ
1368 3449 1562 3514 πλαξὶν
1597 3448 1876 3520 ἐγγραφό-

288 3559 441 3613 μενοι
476 3541 707 3613 καρδίας
736 3541 1040 3614 σαρκίναις
1070 3541 1222 3611 λέγει
1243 3541 1374 3612 γάρ,
1413 3540 1628 3608 Διδοὺς
1649 3541 1877 3610 νόμους

278 3652 401 3703 μου
427 3635 498 3688 ὲν
519 3634 795 3704 καρδίαις
819 3633 1044 3701 αὐτῶν,
1074 3633 1177 3689 καὶ
1209 3634 1311 3688 ἐπὶ
1339 3633 1446 3701 τὰς
1466 3634 1739 3699 διανοίας
1764 3635 1873 3689 αὐ·-

284 3726 408 3779 τῶν
435 3726 744 3797 ἐπιγράψω
764 3728 1008 3795 αὐτούς.
1038 3728 1286 3782 Κάκεῖνα
1322 3726 1420 3797 μὲν
1459 3727 1639 3781 πάντα
1667 3742 1876 3796 καταρ-

282 3818 532 3890 γούμενα
566 3821 662 3875 καὶ
690 3820 1005 3893 πρόσκαιρα
1034 3836 1048 3852 ⁸
1091 3821 1188 3874 νῦν
1213 3820 1270 3874 δὲ
1305 3820 1487 3875 πάντα
1511 3820 1572 3885 ἐξ
1611 3819 1874 3891 ἀληθείας

284 3912 367 3975 είς
393 3911 485 3966 τὸν
516 3910 624 3966 ἔσω
639 3912 925 3983 ἄνθρωπον
951 3911 1349 3983 ἐπιτελούμενα
1370 3928 1383 3943 ·
1417 3911 1651 3983 διαθήκη
1683 3927 1743 3963 τε
1764 3911 1874 3981 γάρ

284 4004 513 4070 ἔσωθεν,
565 4004 662 4060 καὶ
708 4005 1067 4071 ἁπαξαπλῶς,
1099 4007 1256 4061 Ὅσα
1309 4005 1563 4073 ἐκείνοις
1618 4005 1870 4073 συνέϐη,

284 4095 552 4163 τυπικῶς
591 4096 860 4167 ἐγίγνετο
883 4115 897 4129 ο
935 4097 1164 4167 ἐγράφη
1225 4097 1295 4151 δὲ
1345 4097 1498 4167 πρὸς
1547 4097 1876 4151 νουθεσίαν

285 4189 604 4258 ἡμετέραν.
636 4189 729 4260 Τῷ
759 4192 868 4262 γὰρ
894 4190 1150 4261 Ἀϐραὰμ
1181 4192 1441 4260 προεῖπεν
1462 4192 1490 4244 ὁ
1511 4188 1644 4254 Θεδς
1668 4188 1730 4243 τὸ
1755 4189 1875 4243 ἐσό-

298 4298 480 4350 μενον,
518 4282 602 4334 ὄτι
632 4281 933 4349 Πάροικον
961 4281 1135 4336 ἐσται
1155 4282 1223 4336 τὸ
1252 4281 1491 4350 σπέρμα
1524 4296 1643 4335 σου
1689 4281 1761 4334 ἐν
1794 4280 1873 4350 γῇ

286 4372 402 4425 οὐκ
434 4372 574 4441 ἰδίᾳ,
603 4372 701 4427 καὶ
741 4371 1113 4436 κακώσουσι,
1139 4372 1241 4427 καὶ
1277 4370 1705 4428 δουλώσουσιν
1723 4370 1872 4427 αὐτὸ

286 4462 397 4530 ἐτη
432 4464 808 4532 τετρακόσια.
832 4464 1005 4517 Τοῦτο
1031 4464 1276 4535 ἐπλήρου
1308 4464 1410 4535 τὴν
1447 4463 1548 4537 τῇς
1588 4464 1749 4527 σκιᾶς
1792 4464 1871 4516 εἰ·

287 4556 447 4612 κόνα.
479 4557 749 4628 Πάροικος
775 4556 882 4641 γάρ
914 4557 1128 4623 ἐγένετο
1148 4532 1480 4621 όγλαὸςβιαὶ
1492 4532 1874 4627 κατεδουλώθη
1907 4532 1950 4588 D

291 4645 399 4700 ὑπὸ
416 4647 517 4701 τῶν
527 4647 860 4717 Αἰγυπτίων,
874 4648 969 4702 καὶ
983 4647 1236 4719 ἐκακώθη
1255 4648 1313 4701 ἐν
1329 4648 1486 4718 πηλῷ
1501 4649 1596 4703 καὶ
1610 4649 1880 4721 πλινθεέᾳ.

296 4741 531 4810 Ἔστησε
579 4740 691 4812 γὰρ
718 4743 903 4805 αὐτοῖς
922 4740 1122 4812 Φαραὼ
1152 4741 1586 4811 ἐργοεπιστάτας
1608 4743 1703 4796 καὶ
1725 4744 1883 4814 ἐργοο

288 4834 547 4898 διώκτας,
568 4835 657 4889 ἵνα
677 4836 949 4905 ποιήσωσι
968 4837 1039 4890 τὰ
1072 4836 1212 4908 ἔργα
1240 4834 1409 4890 αὐτοῦ
1438 4836 1579 4907 μετά
1607 4836 1877 4906 ἀνάγκης,

291 4926 386 4977 καὶ
416 4926 502 4979 ὅτε
550 4926 838 4992 ἐστέναξαν
895 4927 946 4981 οἱ
986 4928 1093 4987 υἱοὶ
1136 4929 1354 5000 Ἰσραὴλ
1391 4930 1501 4983 ἀπὸ
1541 4930 1652 4984 τῶν
1698 4929 1879 5002 ἔργων

292 5016 431 5085 πρὸς
457 5017 548 5070 τὸν
569 5018 723 5083 Θεὸν,
746 5019 868 5073 τότε
891 5020 1237 5091 ἐπεσκέψατο
1261 5021 1461 5086 αὐτοὺς
1488 5021 1579 5076 διὰ
1607 5022 1875 5086 Μωσέωςο

290 5109 389 5161 καὶ
416 5111 640 5175 πολλαῖς
669 5112 910 5183 πληγαῖς
965 5113 1217 5181 πατάξας
1264 5114 1393 5178 τοὺς
1433 5114 1794 5183 Αἰγυπτίους,
1821 5116 1880 5168 ἐν

292 5201 375 5271 τῷ
405 5203 535 5272 μηνὶ
565 5203 674 5258 τῶν
704 5202 906 5270 ἀνθῶν,
933 5205 1022 5259 ὅτε
1054 5206 1273 5277 πρῶτον
1301 5206 1646 5276 ἐπιφαίνεται
1676 5206 1738 5261 τὸ
1760 5207 1881 5279 ἠδι-

297 5310 420 5347 στον
453 5294 575 5366 ἔαρ,
604 5296 706 5366 τῆς
756 5298 1117 5369 στυγνότητος
1159 5297 1255 5352 τοῦ
1296 5299 1564 5371 χειμῶνος
1602 5314 1880 5369 παρερχο-

299 5384 489 5455 μένης,
522 5386 707 5454 ἐξάγει
734 5388 934 5451 αὑτοὺς
956 5390 1015 5456 ἐξ
1046 5389 1349 5458 Αἰγύπτου.

366 5473 442 5530 Δ’.
467 5471 602 5530 Εἶπε
629 5477 685 5529 δὲ
706 5479 736 5531 ό
758 5478 890 5542 Θεδς
905 5478 984 5549 τῷ
1004 5480 1249 5547 Μωῦσεῖ,
1291 5477 1447 5548 ἄρνα
1471 5479 1685 5534 λαϐεῖν
1719 5481 1876 5551 dum-

292 5582 433 5636 μον,
469 5567 566 5622 καὶ
600 5569 859 5640 σφάξαι,
914 5570 1016 5625 καὶ
1044 5574 1115 5626 τὸ
1160 5567 1304 5642 αἷμα
1323 5571 1512 5627 αὑτοῦ
1549 5571 1757 5641 χρίσαι
1778 5573 1878 5628 ἐπὶ

306 5818 396 5874 ιι.

1973 544 2172 600 eodem
2226 544 2393 599 modo
2433 560 2584 600 nunc
2630 545 2783 601 illam
2824 546 3058 619 gloriam
3106 549 3249 604 lucis
3282 548 3337 603 in
3370 549 3574 607 anim‘is

1975 638 2260 708 recipiunt
2315 637 2617 694 Christiani
2664 655 2682 693 :
2722 655 2786 695 ac
2844 641 3088 697 tenebrae
3149 657 3260 698 non
3328 642 3571 698 ferentes

1973 730 2326 801 splendorem
2369 732 2532 797 lucis,
2580 742 2865 789 occmcatze
2903 733 3187 806 fugantur.
3240 735 3415 791 Porro
3458 736 3565 799 illi,

1973 822 2121 891 quod
2144 831 2331 879 essent
2359 823 2599 893 populus
2616 824 2736 890 Dei,
2762 840 2828 881 ex
2860 825 3286 882 circumcisione
3306 842 3572 901 agnosce-

1974 914 2227 971 bantur:
2290 915 2458 970 modo
2508 931 2643 972 vero
2692 918 2932 987 populus
2976 918 3075 973 Dei
3114 919 3437 988 peculiaris,
3486 919 3567 973 si-

1974 1023 2145 1080 gnum
2192 1008 2634 1064 circumcisionis
2679 1008 2831 1063 intus
2882 1008 2939 1062 in
2976 1008 3141 1064 corde
3176 1024 3275 1063 suo
3299 1010 3565 1079 suscepit.

1972 1099 2201 1155 Gladius
2233 1100 2385 1156 enim
2419 1100 2662 1157 ccelestis
2696 1108 2949 1170 amputat
2971 1100 3373 1156 abundantiam
3404 1116 3567 1156 men-

1976 1192 2071 1258 tis,
2113 1193 2223 1249 hoc
2254 1200 2362 1259 est,
2403 1192 2683 1264 impurum
2732 1193 3068 1263 praeputium
3117 1193 3355 1264 peccati.
3403 1193 3567 1263 Apud

1975 1283 2102 1339 illos
2131 1293 2251 1339 erat
2288 1283 2565 1354 baptisma
2601 1297 2825 1337 carnem
2855 1282 3209 1339 sanctiﬁcaus
3238 1302 3251 1337 :
3291 1282 3435 1353 apud
3464 1297 3567 1337 nos

1973 1390 2107 1431 vero
2147 1375 2421 1446 baptisma
2457 1376 2633 1429 sancti
2677 1373 2919 1444 Spiritus
2948 1382 3005 1428 et
3045 1373 3209 1443 ignis.
3251 1373 3368 1428 Hoc
3414 1372 3566 1427 enim

1976 1466 2294 1535 praedicavit
2320 1465 2561 1522 Joannes
2596 1481 2611 1520 :
2648 1464 2769 1537 Ipse
2811 1481 2899 1520 vos
2940 1464 3231 1535 baptizabit
3277 1465 3335 1519 in
3378 1471 3565 1519 sancto

1975 1554 2181 1629 Spiritu
2202 1564 2252 1610 et
2281 1557 2477 1628 igni".

2019 1761 2115 1820 .ll.
2143 1759 2224 1815 Ibi
2258 1758 2670 1814 tabernaculum
2708 1756 2944 1812 interius
2997 1764 3055 1811 et
3088 1754 3363 1818 exterius;
3393 1760 3558 1823 atque

1972 1851 2027 1906 in
2062 1851 2220 1922 prius
2243 1864 2462 1919 semper
2504 1848 2957 1920 ingrediebantur
2980 1845 3318 1909 sacerdotes,
3348 1846 3560 1900 cultum

1974 1942 2138 2015 148
2157 1942 2407 1997 divinum
2432 1950 2761 2012 peragentes
2789 1957 2801 1991 :
2838 1940 2893 1994 in
2934 1937 3236 1994 secundum
3262 1946 3446 1992 autem
3472 1953 3563 1992 se-

1970 2035 2076 2089 mel
2110 2035 2163 2089 in
2206 2048 2351 2088 anno
2379 2031 2530 2086 solus
2559 2029 2809 2101 pontifex
2852 2044 2978 2084 cum
3012 2028 3279 2099 sanguine
3305 2044 3319 2080 :
3349 2026 3459 2081 Hoc
3483 2026 3562 2081 si-

1969 2126 2256 2199 gniﬁcante
2285 2133 2470 2178 sancto
2494 2121 2721 2194 Spiritu,
2745 2121 2979 2175 nondum
3012 2119 3416 2189 manifestatam
3451 2130 3562 2170 esse

1968 2226 2278 2271 sanctorum
2303 2217 2443 2269 viam
2466 2215 2534 2267 ’³.
2570 2213 2672 2267 Hic
2692 2226 2846 2276 vero,
2867 2211 2963 2281 qui
2990 2216 3337 2271 meruerunt,
3372 2208 3561 2278 ingre-

1970 2308 2201 2364 diuntur
2252 2306 2308 2362 in
2354 2322 2466 2362 non
2519 2304 2894 2360 manulactum
2938 2302 3360 2365 tabernaculum
3387 2340 3402 2362 ,
3442 2313 3554 2369 quo

1969 2415 2278 2473 praecursor
2300 2414 2400 2469 pro
2423 2397 2586 2453 nobis
2606 2395 2823 2452 introiit
2851 2394 3133 2451 Christus.
3171 2392 3445 2461 Scriptum
3475 2399 3561 2445 est

1972 2492 2029 2547 in
2056 2491 2175 2562 lege
2202 2508 2215 2543 :
2240 2489 2305 2546 Ut
2327 2489 2575 2544 sacerdos
2603 2489 2829 2560 accipiat
2857 2487 2996 2541 duas
3026 2484 3321 2550 columbas,
3345 2490 3395 2537 et
3421 2481 3561 2535 alte-

1972 2600 2089 2637 ram
2139 2583 2350 2651 quidem
2391 2589 2622 2645 mactet,
2654 2586 2902 2651 aspergat
2941 2595 3065 2633 vero
3099 2579 3271 2631 vivam
3300 2575 3561 2645 sanguine

1973 2674 2107 2743 ejus,
2125 2682 2175 2726 et
2203 2671 2437 2726 dimittat
2470 2671 2691 2725 liberam
2713 2667 2939 2723 evolare.
2965 2668 3170 2722 Verum
3196 2664 3343 2735 quod
3370 2662 3559 2731 ﬁebat,

1974 2774 2138 2836 typus
2188 2771 2309 2819 erat
2369 2770 2428 2818 et
2474 2761 2666 2816 umbra
2720 2758 2992 2815 veritatis.
3031 2757 3247 2812 Etenim
3302 2754 3559 2811 Christus

1975 2855 2293 2911 immolatus
2316 2862 2421 2920 cst,
2460 2862 2514 2909 et
2539 2851 2764 2923 sanguis
2793 2852 2916 2923 ejus
2951 2866 3053 2905 nos
3088 2862 3387 2919 aspcrgens
3427 2846 3560 2900 fecit

1977 2957 2041 3004 ut
2076 2955 2444 3005 nascerentur
2491 2946 2652 3001 nobis
2683 2945 2804 2999 alae.
2862 2941 3024 2997 Dedit
3060 2941 3208 2994 enim
3254 2939 3417 2994 nobis
3444 2938 3559 2993 alas

1976 3041 2216 3112 Spiritus
2244 3040 2420 3095 sancti
2453 3039 2521 3094 ad
2544 3038 2840 3094 velandum
2868 3037 2987 3093 sine
3018 3034 3132 3089 ullo
3159 3032 3560 3103 impedimento

1977 3129 2035 3185 in
2062 3144 2248 3185 aerem
2282 3128 2554 3184 divinum.

1978 3389 1993 3423 τ
2054 3386 2150 3443 lll.
2178 3387 2293 3444 Illis
2318 3387 2444 3443 data
2479 3395 2565 3443 est
2590 3387 2700 3451 lex,
2732 3387 2789 3441 in
2820 3385 3025 3441 tabulis
3054 3386 3258 3457 scripta
3288 3384 3561 3456 lapideis;

1976 3479 2139 3533 nobis
2163 3493 2299 3533 vero
2320 3478 2470 3547 leges
2494 3476 2813 3547 spirituales
2834 3476 3035 3530 tabulis
3065 3476 3247 3529 cordis
3282 3475 3567 3543 inscripta:

1975 3569 2212 3625 carneis.
2242 3569 2429 3639 lnquit
2470 3568 2620 3622 enim
2655 3584 2669 3620 :
2703 3566 2852 3620 Dans
2890 3566 3028 3636 leges
3068 3581 3213 3619 meas
3240 3566 3295 3618 in
3322 3565 3566 3619 cordibus

1974 3659 2215 3723 illorum,
2252 3666 2301 3712 et
2335 3660 2392 3713 in
2425 3657 2686 3711 mentibus
2731 3673 2915 3710 eorum
2959 3655 3245 3709 inscribam
3278 3670 3368 3707 eas
3386 3655 3451 3707 “.
3497 3653 3567 3707 Et

1975 3746 2069 3801 illa
2087 3745 2310 3817 quidem
2330 3744 2513 3799 omnia
2533 3743 2900 3799 abolebantur
2917 3751 2974 3797 et
2993 3750 3343 3811 temporanea
3367 3750 3561 3797 erant:

1978 3853 2131 3893 nunc
2178 3844 2363 3891 autem
2407 3845 2606 3889 cuncta
2632 3848 2766 3888 vere
2805 3832 2861 3887 in
2894 3831 3148 3886 interiori
3186 3832 3411 3885 homine
3436 3845 3565 3900 per-

1976 3929 2271 3985 ﬁciuntur:
2301 3934 2693 3984 testamentum
2725 3924 2874 3981 enim
2899 3924 3065 3979 etiam
3098 3931 3182 3978 est
3204 3921 3563 3986 intrinsecus,

1974 4031 2142 4093 atque
2172 4028 2235 4077 ut
2276 4020 2521 4076 breviter
2564 4019 2744 4074 dicam
2771 4036 2784 4072 :
2810 4016 3149 4088 Qua'cunque
3189 4016 3566 4086 contingebant

1974 4111 2105 4177 illis,
2135 4112 2193 4165 in
2241 4110 2419 4182 ﬁgura
2462 4109 2661 4179 ﬁebant
2706 4126 2724 4164 :
2761 4110 2962 4180 scripta
3001 4124 3124 4163 vero
3178 4114 3300 4161 sunt
3351 4118 3568 4175 propter

1976 4203 2401 4258 admonitionem
2460 4202 2726 4258 nostri".
2791 4200 3028 4257 Abrahm
3089 4199 3236 4255 cnim
3309 4198 3567 4269 praedixit

1974 4284 2121 4350 Deus
2146 4293 2417 4357 futurum,
2454 4308 2653 4365 nempe
2689 4292 2922 4349 :Semen
2964 4299 3116 4345 tuum
3157 4293 3254 4345 erit
3298 4289 3479 4345 incola
3507 4292 3567 4344 in

1975 4394 2120 4440 terra
2171 4403 2276 4441 non
2321 4403 2445 4452 sua,
2471 4396 2521 4440 et
2570 4386 2813 4458 afﬂigent
2852 4386 3010 4449 illud,
3054 4402 3117 4439 ac
3161 4386 3218 4439 in
3259 4386 3564 4439 servitutem

1980 4478 2218 4549 redigant
2257 4478 2672 4549 quadringentos
2710 4479 2959 4533 annos".
2988 4477 3106 4533 Hoc
3137 4478 3401 4550 implebat
3444 4462 3567 4533 um-

1981 4567 2097 4623 bra:
2123 4569 2440 4639 imaginem.
2477 4568 2763 4639 Siquidem
2803 4570 2983 4625 incola
3013 4570 3118 4627 luit
3142 4572 3403 4641 populus,
3426 4580 3483 4626 et
3506 4571 3563 4625 in

1978 4661 2307 4717 servitutem
2348 4660 2418 4715 ab
2449 4661 2725 4733 Egyptiis
2758 4661 3041 4729 redactus,
3069 4674 3235 4734 atque
3266 4663 3321 4718 in
3353 4663 3473 4718 luto
3502 4670 3561 4717 et

1979 4754 2151 4809 latere
2180 4751 2497 4807 afﬂictus".
2515 4753 2860 4808 Praaliciebat
2878 4755 3026 4808 enim
3050 4753 3159 4808 illis
3188 4754 3400 4808 Pharao
3426 4768 3565 4823 pra:-

1978 4843 2152 4901 l‘ectos
2181 4850 2238 4899 et
2267 4843 2646 4899 stimulatores
2677 4844 2882 4914 operis,
2915 4852 2978 4898 ut
3010 4844 3346 4914 perlicerent
3393 4859 3563 4914 opera

1977 4952 2076 4993 sua
2107 4936 2439 4992 necessitate
2458 4936 2696 5007 quadam
2729 4936 2927 4992 coacti.
2957 4935 3205 5005 Cumque
3237 4935 3564 5007 ingemisce-

1978 5034 2102 5081 rent
2126 5026 2223 5079 lilii
2244 5026 2413 5082 Israel
2445 5026 2516 5081 ab
2546 5026 2813 5096 operibus
2842 5026 2957 5081 suis
2979 5026 3045 5081 ad
3076 5027 3272 5090 Deum,
3294 5033 3408 5079 tum
3425 5025 3561 5080 visi-

1979 5116 2131 5171 tabat
2167 5132 2264 5172 eos
2292 5132 2393 5187 per
2438 5117 2685 5184 Mosam;
2718 5131 2783 5173 ac
2833 5117 3024 5172 multis
3074 5116 3251 5188 plagis
3293 5115 3564 5189 Egyptiis

1977 5209 2285 5280 percussis,
2332 5224 2522 5264 mense
2555 5207 2777 5272 ﬂorum,
2804 5208 3026 5279 quando
3057 5208 3299 5277 primum
3334 5218 3566 5279 apparet

1977 5298 2418 5354 ammnissimum
2474 5313 2592 5363 ver,
2645 5298 2870 5354 tristitia
2917 5297 3120 5354 hiemis
3171 5305 3560 5367 praetereunte,

1981 5390 2170 5447 educit
2200 5406 2301 5446 eos
2326 5407 2393 5446 ex
2418 5390 2674 5462 Egypto.

2059 5483 2149 5540 IV.
2180 5483 2327 5537 Dixit
2361 5492 2546 5538 autem
2588 5484 2733 5540 Deus
2762 5484 2897 5539 Mosi
2938 5503 2953 5539 :
2993 5485 3059 5541 Ut
3088 5502 3285 5557 agnum
3309 5480 3564 5555 acciperet

1988 5572 2415 5641 immaculatum,
2443 5583 2493 5629 et
2516 5574 2839 5643 immolaret,
2858 5584 2908 5630 et
2926 5578 3185 5648 sanguine
3207 5578 3319 5648 ejus
3345 5582 3567 5648 ungeret

371 5748 619 5831 "Mauh-
651 5751 730 5823 ίιι,
760 5754 846 5810 H-
922 5753 968 5787 ’³
987 5750 1159 5810 Hebr.
1200 5770 1274 5838 ix,
1299 5755 1357 5812 8.
1428 5754 1713 5824 ’Ἶρι-ειη,
1739 5768 1872 5825 xxxv,

1986 5794 1999 5811 .
2077 5755 2165 5814 ⁸³1
2190 5754 2316 5816 Cor.
2340 5771 2395 5825 κ,
2423 5754 2533 5840 11.
2588 5756 2634 5790 ⁸⁸
2658 5755 2795 5839 Gen.
2830 5773 2919 5825 xv,
2958 5756 3044 5813 l5.
3121 5756 3167 5792 ⁹⁷
3195 5756 3370 5814 Exod.
3402 5774 3440 5827 ι,
3477 5757 3568 5824 Η,
