3980 6450
492 363 601 429 799

1730 355 1793 415 s.
1832 324 2152 413 manu
2192 350 2513 411 zBGYPTlI

3632 358 3727 423 800

496 474 684 530 limina
703 482 750 528 et
774 473 930 545 fores.
950 488 1014 526 ne
1042 474 1131 542 qui
1149 470 1394 543 perdebat
1424 467 1772 540 primogenita
1796 465 2073 537 Egyptia-

2185 462 2290 517 τῶν
2320 462 2535 532 φλιῶν,
2572 462 2667 516 καί
2702 460 2824 516 τῶν
2844 462 3065 531 θυρῶν,
3089 463 3191 518 ἵνα
3222 464 3305 534 μὴ
3341 468 3377 521 ὁ
3407 465 3728 537 ὀλοθρεύων

496 582 639 624 rum.
667 573 903 634 tangeret
931 564 1097 617 eos".
1128 560 1516 631 Conspiciebat
1555 557 1701 613 enim
1738 556 1938 611 missus
1965 572 2067 611 an-

494 656 649 724 gelus
702 655 917 724 signum
986 651 1271 722 sanguinis
1327 650 1564 709 eminus,
1634 656 1692 702 et
1751 645 2065 700 recedebat.

495 746 915 817 Ingrediebatur
954 760 1086 799 vero
1140 744 1333 798 domos
1378 757 1489 796 non
1533 739 1795 810 signatas,
1821 748 1878 792 et
1905 751 2068 792 omne

498 834 921 904 primogenitum
947 834 1332 888 interficiebat.
1392 831 1663 886 Pra'terea
1699 841 1917 896 quoque
1956 826 2067 895 {er-

496 933 727 977 meutum
776 939 840 976 ea:
862 940 1171 994 quacunque
1202 923 1354 975 domo
1370 921 1534 991 jussit
1565 920 1839 981 aboleri,et
1866 924 2071 971 macta-

497 1026 610 1069 tum
648 1032 846 1085 agnum
890 1031 1009 1067 cum
1068 1014 1266 1083 azymis
1298 1020 1347 1063 et
1393 1010 1608 1065 lactucis
1656 1008 1943 1079 agrestibus
1985 1022 2073 1060 co-

497 1106 702 1159 medere
731 1106 989 1173 prxecepit
1009 1106 1076 1158 ὀ.
1118 1103 1187 1157 Et
1215 1101 1435 1171 quidem
1470 1100 1804 1155 manducare
1829 1114 1925 1153 eos
1948 1099 2069 1169 jus-

498 1192 587 1255 sit,
627 1192 1018 1245 circumcinctos
1058 1190 1289 1253 renibus,
1330 1198 1377 1241 et
1416 1188 1626 1259 pedibus
1661 1185 1918 1241 sandaliis
1958 1183 2072 1238 cal-

496 1290 688 1342 ceatos,
716 1278 926 1333 baculos
968 1277 1209 1332 manibus
1241 1286 1497 1331 tenentes.
1533 1276 1601 1331 Et
1636 1275 1710 1329 ita
1745 1290 1871 1329 cum
1920 1273 2069 1329 omni

502 1368 853 1422 festinatione
897 1368 964 1422 ad
1006 1383 1293 1438 vesperam
1341 1367 1506 1422 edere
1529 1365 1687 1437 jubet
1719 1365 1928 1419 Pascha
1962 1364 2071 1418 Do-

497 1460 652 1518 mini.
689 1475 792 1514 nec
819 1460 931 1514 ullo
962 1459 1127 1514 modo
1154 1474 1281 1516 ossa
1317 1473 1501 1515 coram
1520 1456 1661 1513 t‘acie
1687 1456 1906 1512 Domini
1934 1470 2072 1510 con-

496 1551 753 1620 iringere.

568 1643 627 1695 V.
657 1642 859 1697 Verum
895 1640 1085 1695 eduxit
1107 1655 1203 1695 eos
1228 1656 1353 1695 cum
1380 1648 1608 1710 argento
1627 1646 1682 1693 et
1711 1654 1848 1693 auro
1867 1638 1907 1703 ¹,
1943 1652 2070 1692 cum

460 1740 463 1743 ’
489 1735 754 1805 jussisset
806 1742 1000 1788 mutuo
1047 1732 1298 1802 accipere
1347 1731 1651 1801 quemlibet
1690 1746 1720 1783 a
1758 1728 1938 1783 vicino
1968 1742 2070 1783 suo

495 1823 750 1895 Egyptio
792 1839 916 1879 vasa
957 1838 1123 1876 aurea
1154 1829 1209 1875 et
1239 1830 1519 1891 argentea.
1560 1818 1779 1890 Egressi
1807 1825 1936 1872 sunt
1974 1833 2074 1871 au-
2108 1812 2149 1867 Β

496 1925 607 1971 tem
648 1931 715 1970 ex
754 1913 1008 1984 Egypto,
1043 1928 1167 1967 cum
1222 1911 1460 1984 Egyptii
1512 1911 1813 1982 sepelirent
1865 1910 2075 1980 primo-

498 2005 700 2077 genita.
738 2003 808 2057 Et
850 2003 957 2056 illis
986 2000 1206 2071 quidem
1236 2000 1589 2054 oboriebatur
1617 1997 1897 2070 gaudium,
1930 1998 2076 2067 quod

499 2095 718 2151 liberati
756 2099 939 2147 essent
973 2108 1003 2146 a
1054 2091 1303 2160 squalida
1335 2090 1601 2145 servitute
1641 2109 1653 2144 :
1689 2089 1774 2144 his
1804 2105 1937 2143 vero
1993 2089 2080 2143 lu-

502 2196 627 2240 ctus
644 2194 699 2241 et
727 2185 979 2255 planctus
1004 2192 1227 2252 propter
1246 2182 1525 2236 interitum
1551 2182 1876 2237 liberorum.
1899 2181 2078 2248 Quare

501 2277 682 2346 inquit
727 2275 948 2329 Moses:
982 2274 1105 2328 Ilaec
1143 2283 1219 2326 est
1272 2287 1396 2337 nox,
1440 2272 1495 2324 in
1543 2287 1647 2341 qua
1693 2269 1953 2341 pollicitus
2005 2279 2077 2326 est

500 2368 641 2422 Deus
668 2383 723 2421 se
757 2372 1149 2436 redempturam
1188 2381 1301 2418 nos.
1342 2363 1465 2419 Haec
1507 2372 1691 2418 autem
1739 2362 1923 2417 omnia
1964 2378 2078 2437 my-

500 2457 730 2513 sterium
755 2465 884 2510 sunt
917 2455 1112 2509 anima:
1144 2470 1240 2524 per
1266 2452 1559 2507 adventum
1612 2451 1817 2507 Christi
1858 2452 2078 2507 redem.

499 2557 627 2617 ptte.
658 2545 822 2601 Israel
854 2543 1305 2613 interpretatione
1348 2542 1598 2596 redditur
1635 2544 1844 2597 animus
1900 2543 2079 2597 t‘idens

502 2640 693 2691 Deum.
734 2636 1023 2691 Liberatur
1054 2648 1188 2705 ergo
1221 2647 1251 2688 ιι
1291 2631 1559 2690 servitute
1592 2632 1969 2699 tenebrarum,
2005 2634 2075 2689 ab

498 2728 771 2798 Egypliis
796 2725 1104 2798 spiritibus.

576 2835 737 2906 149
789 2834 873 2891 γι.
935 2834 1226 2905 Postquam
1282 2833 1428 2888 enim
1499 2848 1596 2903 per
1650 2831 2076 2887 inobedientiam

502 2938 753 2982 mortuus
803 2935 888 2980 est
939 2926 1104 2979 homo
1153 2925 1301 2996 gravi
1338 2933 1514 2979 morte
1549 2925 1771 2987 animus,
1806 2933 1862 2979 et
1907 2924 2079 2979 male-

504 3018 802 3075 dictiouem
847 3032 1013 3088 super
1054 3016 1495 3072 maledictionem
1527 3016 1808 3086 suscepit:
1845 3014 2081 3070 Tribulos

506 3118 556 3162 et
599 3107 780 3177 spinas
828 3107 1075 3177 producet
1125 3106 1215 3158 tibi
1258 3115 1400 3159 terra
1449 3107 1492 3158 ³.
1542 3104 1609 3158 Et
1658 3104 1858 3158 iterum
1889 3121 1901 3158 :
1931 3104 2080 3159 Cales

508 3208 731 3261 terram,
769 3206 817 3250 et
846 3214 949 3251 non
983 3197 1159 3261 addet,
1197 3206 1255 3250 ut
1291 3197 1382 3249 tibi
1425 3195 1655 3267 prwbeat
1697 3196 1896 3266 [ructus
1918 3213 2082 3251 suos:

507 3296 805 3343 creverunt
836 3296 893 3342 et
923 3296 1124 3341 exortae
1154 3296 1284 3341 sunt
1311 3287 1366 3340 in
1391 3297 1541 3341 terra
1562 3287 1745 3341 cordis
1774 3287 1893 3357 ejus
1918 3288 2087 3356 spina:

509 3390 566 3437 et
596 3379 807 3436 tribuli.
840 3378 1201 3434 Abstulerunt
1228 3378 1350 3448 ejus
1377 3377 1604 3447 gloriam
1640 3377 1847 3432 inimici
1879 3377 2005 3433 dolo
2031 3387 2089 3433 et

514 3470 750 3536 techuis,
799 3478 855 3525 et
903 3470 1205 3523 induerunt
1253 3484 1379 3523 eum
1422 3468 1655 3538 pudore.
1704 3469 1961 3523 Ablatum
2003 3477 2088 3525 est

511 3564 695 3618 lumen
729 3563 876 3633 ejus,
908 3570 964 3617 et
996 3560 1221 3615 indutus
1252 3569 1337 3634 est
1364 3559 1606 3615 tenebris
1639 3577 1655 3615 :
1688 3560 2089 3616 interfecerunt

511 3656 751 3712 animam
791 3655 931 3724 ejus,
969 3652 1264 3731 dissipatis
1314 3667 1379 3709 ac
1421 3651 1612 3707 divisis
1665 3652 2089 3722 cogitationibus

510 3748 650 3817 ejus,
685 3755 743 3801 et
786 3744 1163 3800 distraxerunt
1190 3760 1221 3799 e
1269 3743 1491 3798 sublimi
1540 3751 1782 3797 mentem
1823 3744 1971 3813 ejus;
2006 3742 2089 3796 fa-

510 3848 744 3906 ctusque
774 3845 855 3892 est
888 3836 1053 3891 Israel
1097 3836 1262 3890 homo
1291 3850 1485 3890 servus
1514 3836 1632 3890 veri
1667 3834 1990 3889 Pharaonis.
2020 3833 2091 3889 Et

512 3928 879 4001 praefecerunt
912 3927 1202 4000 praefectos
1229 3936 1285 3982 et
1324 3927 1699 3983 stimulatores
1730 3928 1934 3999 operis,
1969 3928 2088 3998 spi-

512 4024 656 4079 ritus
678 4021 920 4087 malitiar,
953 4030 1213 4091 cogentes
1238 4035 1388 4087 eum,
1419 4020 1551 4075 velit
1579 4021 1806 4085 nolitve,
1837 4018 2092 4074 commit-

513 4123 626 4172 tere
677 4128 844 4185 prava
896 4128 995 4167 sua
1042 4127 1231 4182 opera,
1265 4121 1320 4167 et
1368 4113 1838 4169 constructionem
1882 4111 1986 4166 luti
2025 4125 2091 4167 ac

511 4205 701 4263 lateris
728 4204 1025 4272 complere.
1057 4202 1159 4269 Qui
1191 4203 1356 4257 etiam
1386 4212 1637 4259 arcentes
1659 4218 1785 4257 eum
1825 4219 1857 4259 a
1877 4202 2089 4260 caelesti

512 4297 800 4366 sapientia,
832 4295 1185 4351 abduxerunt
1226 4294 1295 4349 ad
1323 4310 1530 4361 crassa,
1562 4304 1783 4350 terrena
1814 4310 1880 4351 ac
1910 4296 2089 4351 lutosa

512 4403 680 4458 opera
709 4402 895 4458 prava,
929 4387 999 4445 ad
1046 4403 1350 4452 sermones,
1382 4387 1450 4441 ad
1500 4386 1886 4443 meditationes
1928 4395 1986 4441 et
2021 4386 2089 4441 ad

2170 557 2241 608 τὰ
2265 555 2609 622 πρωτότοκα
2637 552 2757 608 τῶν
2777 556 3119 624 Αἰγυπτίων
3139 558 3274 626 θίγῃ
3300 558 3526 613 αὐτῶν.
3564 560 3732 633 Ἐὡρα

2168 648 2277 715 γὰρ
2312 648 2340 698 ό
2368 646 2696 709 ἀποσταλεὶς
2740 645 2973 715 ἄγγελος
3024 646 3087 700 τὸ
3136 651 3360 718 σημεῖον
3392 650 3490 702 τοῦ
3518 651 3733 721 αἰματος

2169 736 2488 807 πόρρωθεν,
2521 737 2616 791 καὶ
2654 737 2939 806 ἀφίστατο.
2985 738 3261 810 Ἐπεισῄει
3291 740 3348 793 δὲ
3383 744 3508 803 ταῖς
3543 744 3614 811 μὴ
3658 761 3735 797 σε·

2172 828 2585 899 σημειωμέναις
2622 829 2845 894 οίκίαις,
2881 828 2979 883 καὶ
3012 832 3121 883 πᾶν
3162 832 3509 901 πρωτότοκον
3538 833 3733 904 ἀνῄρει.

2174 917 2295 970 Ἔτι
2317 917 2373 971 δὲ
2396 918 2494 971 καί
2514 916 2702 987 ζύμην
2721 920 2792 973 ἐκ
2814 921 3042 987 παντὸς
3057 923 3227 975 οτκου
3247 923 3581 977 ἐκέλευσεν
3600 924 3738 994 ἀρα-

2170 1007 2474 1075 νισθῆναι,
2501 1009 2598 1062 καὶ
2620 1010 2686 1063 τὸ
2704 1010 3083 1080 σφαζόμενον
3101 1012 3312 1080 ἀρνίον
3334 1014 3495 1083 μετὰ
3518 1014 3738 1084 ἀζύμων

2170 1099 2269 1152 καί
2311 1100 2602 1167 πικρίδων
2642 1100 2871 1156 ἐσθίειν
2910 1103 3243 1172 προσέταξεν
3272 1119 3287 1137 ⁸
3326 1105 3536 1159 ἐσθίειν
3564 1106 3620 1159 δὲ
3651 1108 3740 1159 αὐ.

2170 1194 2296 1257 τοὺς
2348 1194 2779 1264 περιζωμένους
2837 1200 2945 1265 τὰς
2979 1200 3235 1267 ὀσφύας,
3265 1201 3369 1254 καί
3396 1201 3742 1271 ὑποδεδεμὰ

2171 1300 2319 1351 νους
2335 1284 2407 1338 ἐν
2436 1285 2563 1352 τοῖς
2591 1286 2831 1355 naviga
2858 1288 3232 1359 ὑποδήματα,
3263 1291 3360 1344 καί
3393 1290 3504 1357 τὰς
3532 1293 3739 1359 ,βακτη-

2164 1378 2308 1446 ρίας
2339 1377 2596 1445 ἔχοντας
2627 1378 2699 1432 ἐν
2719 1378 2850 1446 ταῖς
2874 1381 3053 1449 χερσί
3078 1398 3091 1411 ·
3117 1383 3211 1435 καὶ
3243 1381 3389 1435 οὕτω
3425 1384 3566 1452 μετά
3580 1385 3740 1453 πάσης

2175 1468 2414 1539 σπουδῆς
2446 1468 2649 1522 ὲσθίειν
2679 1471 2814 1540 πρὸς
2843 1472 3081 1541 ἑσπέραν
3102 1473 3314 1526 κελεύει
3338 1472 3404 1526 τὺ
3431 1475 3617 1543 πάσχα
3642 1476 3741 1528 Κυ-

2173 1559 2327 1631 ρίου,
2364 1562 2458 1613 καὶ
2493 1562 2631 1631 μήτε
2678 1561 2870 1615 ὀστοῦν
2922 1563 3031 1615 ἀπὸ
3066 1563 3159 1617 τοῦ
3203 1564 3410 1635 Κυρίου
3445 1564 3738 1635 συντρίψαι.

2247 1649 2609 1720 Ε’.⁹Εξήγαγε
2655 1650 2712 1704 δὲ
2764 1651 2961 1714 αὐτοὺς
3010 1654 3067 1705 ἐν
3107 1653 3357 1722 ἀργυρίῳ
3397 1653 3498 1707 καὶ
3531 1655 3741 1724 χρυσίῳ,

2177 1737 2437 1803 κελεύσας
2477 1740 2787 1812 χρήσασθαι
2837 1742 3071 1796 ἕκαστον
3112 1744 3263 1812 παρά
3305 1744 3553 1811 γείτονος
3594 1744 3742 1799 αὐτοῦ

2177 1823 2455 1892 Αἰγύπτου
2488 1827 2657 1897 σκεύη
2710 1830 2890 1900 χρυσᾶ
2929 1831 3023 1883 καὶ
3057 1831 3297 1903 ἀργυρᾶ.
3340 1833 3666 1903 Ἐξήρχοντο
3694 1834 3743 1887 δὲ

2178 1916 2238 1984 ἐξ
2269 1918 2572 1985 Αἰγύπτου,
2604 1919 2715 1973 τῶν
2744 1921 3058 1989 Αίγυπτίων
3106 1922 3427 1978 θαπτόντων
3455 1926 3523 1980 τὰ
3553 1926 3745 1995 πρωτό-

2175 2025 2330 2063 τοκα.
2361 2010 2471 2064 Καὶ
2504 2013 2616 2074 τοῖς
2668 2012 2767 2081 μὲν
2796 2007 2865 2084 ἦν
2898 2016 3041 2084 χαρά
3082 2015 3174 2067 ἐπὶ
3215 2018 3282 2085 τῇ
3332 2016 3624 2088 ἀπαλλαγῇ
3659 2018 3744 2087 τῆς
3771 2075 3779 2081 ,

2177 2100 2467 2170 αὐχμηρᾶς
2501 2101 2749 2166 δουλείας
2770 2119 2785 2133 ο
2816 2107 2930 2167 τοῖς
2962 2104 3019 2157 δὲ
3050 2104 3247 2169 πένθος
3275 2107 3375 2161 καὶ
3408 2108 3634 2172 κοπετὺς
3664 2108 3744 2161 ἐπὶ

2176 2194 2240 2262 τῇ
2266 2190 2375 2244 τῶν
2398 2192 2603 2246 τέκνων
2630 2194 2896 2267 ἀπωλείᾳ.
2930 2196 3022 2248 Διό
3052 2213 3216 2266 φησιν
3240 2199 3269 2250 ό
3295 2198 3569 2267 Μωῦσῆς,
3596 2199 3741 2267 Αὐτὴ

2175 2282 2214 2338 ἢ
2236 2282 2350 2346 νὺξ
2391 2281 2463 2335 ἐν
2512 2278 2551 2355 ᾖ
2598 2285 2992 2356 ἐπηγγείλατο
3044 2290 3077 2341 ό
3137 2288 3281 2353 Θεὸς
3334 2289 3745 2355 λυτρώσασθαι

2177 2372 2357 2443 ἡμᾶς.
2389 2374 2574 2430 Ταῦτα
2624 2378 2681 2431 δὲ
2712 2380 2890 2435 πάντα
2923 2380 3220 2451 μυστήριόν
3263 2381 3385 2432 ἐστι
3430 2380 3630 2450 ψυχῆς,
3657 2370 3745 2448 τῆς

2178 2466 2237 2519 ἐν
2261 2469 2325 2537 τῇ
2363 2468 2635 2538 παρουσίᾳ
2680 2467 2773 2521 τοῦ
2800 2469 3039 2540 Χριστοῦ
3088 2469 3506 2540 λυτρωθείσηςο
3552 2468 3745 2540 Ἰσραὴλ

2179 2557 2285 2627 γὰρ
2309 2558 2671 2628 ἑρμηνεύεται
2694 2559 2841 2625 νοῦς
2862 2558 3015 2630 ὀρῶν
3040 2559 3145 2614 τὸν
3163 2560 3330 2618 Θεόν.
3352 2558 3746 2632 Ἐλευθεροῦται

2180 2647 2272 2704 οὖν
2299 2652 2407 2703 ἀπὸ
2442 2652 2537 2721 τῆς
2579 2650 2821 2716 δουλείας
2862 2650 2955 2707 τοῦ
2988 2650 3253 2719 σκότους,
3289 2651 3404 2706 ἀπὸ
3447 2651 3557 2705 τῶν
3598 2652 3746 2719 Δίγυ-

2181 2740 2353 2793 πτίων
2394 2742 2742 2809 πνευμάτων.

2253 2832 2345 2900 ς’.
2382 2829 2599 2901 Ἐπειδὴ
2626 2831 2735 2903 γὰρ
2761 2833 2817 2883 ὲν
2838 2834 2901 2903 τῇ
2937 2834 3191 2905 παρακοῇ
3220 2831 3500 2887 ἀπέθανεν
3522 2832 3550 2884 ό
3569 2829 3749 2900 ἀνθρω-

2181 2935 2281 2981 πος
2308 2918 2521 2991 θανάτῳ
2547 2918 2704 2991 δεινῷ
2747 2920 2848 2991 τῆς
2880 2921 3078 2993 ψυχῆς,
3115 2924 3208 2977 καὶ
3244 2924 3499 2994 κατάραν
3533 2923 3622 2974 ἐπὶ
3662 2937 3746 2974 κα·

2182 3012 2327 3081 τάΡᾷ
2366 3010 2617 3076 ἐδέξατο*
2676 3012 2995 3081 Τριϐόλους
3048 3015 3146 3069 καί
3175 3014 3453 3082 ἀκάνθας
3484 3010 3750 3069 ἀνατελεῐ

2183 3116 2283 3155 σοι
2300 3102 2339 3170 ἡ
2366 3101 2464 3171 γῆ·
2485 3104 2580 3156 καὶ
2599 3099 2776 3170 αὖθις,
2800 3102 3056 3173 Ἐργάσῃ
3074 3104 3188 3172 τὴν
3202 3104 3339 3175 γῆν,
3368 3105 3467 3159 καὶ
3489 3106 3560 3159 οὐ
3583 3116 3745 3171 προσ-

2188 3192 2360 3259 θήσει
2408 3193 2621 3250 δοῦναι
2647 3211 2745 3249 σοι
2776 3195 2917 3262 τοὺς
2950 3194 3218 3264 καρποὺς
3256 3196 3455 3266 αὐτῆς
3482 3213 3497 3228 ·
3532 3194 3747 3264 ἀνεφύηο

2191 3300 2291 3337 σαν
2349 3286 2446 3339 καὶ
2511 3286 2793 3340 ἀνέτειλαν
2849 3289 2908 3340 ὲν
2939 3291 3003 3359 τῇ
3046 3291 3115 3359 γῇ
3168 3289 3267 3359 τῆς
3319 3288 3551 3359 καρδίας
3597 3282 3743 3339 αὐτοῦ

2188 3375 2420 3430 ἄκανθαι
2469 3379 2564 3431 καὶ
2620 3379 2879 3449 τρίόολοι.
2914 3373 3101 3450 Ἦραν
3147 3378 3308 3433 αὐτοῦ
3352 3379 3457 3451 τὴν
3508 3378 3655 3443 δόξαν
3702 3374 3744 3426 οἱ

2188 3469 2378 3540 ὲλίθροῖι
2402 3469 2491 3523 διὰ
2520 3469 2618 3540 τῆς
2645 3471 2881 3541 ἀπάτης,
2907 3472 3005 3525 καὶ
3031 3472 3284 3525 ἐνέδυσαν
3302 3468 3741 3539 αὐτὸναίσχύνην.

2193 3561 2376 3631 Ἤρθη
2404 3559 2466 3614 τὸ
2498 3559 2618 3629 φῶς
2646 3559 2835 3625 αὐτοῦ,
2880 3562 2975 3615 καὶ
3019 3561 3242 3632 ἐνεδόθη
3266 3560 3327 3614 τὸ
3370 3562 3562 3625 σκότος
3583 3576 3595 3590 ·
3632 3556 3743 3626 ἐφό-

2192 3669 2390 3705 νευσαν
2422 3651 2518 3722 τὴν
2556 3650 2735 3723 ψυχὴν
2764 3653 2952 3717 αὐτοῦ,
2980 3655 3076 3705 καὶ
3104 3652 3482 3718 διεσκέδασαν,
3511 3652 3603 3704 καὶ
3627 3648 3742 3702 διεί-

2188 3743 2280 3797 λον
2310 3744 2436 3806 τοὺς
2469 3744 2766 3814 λογισμοὺς
2802 3743 2996 3811 αὑτοῦ,
3028 3744 3129 3798 καὶ
3168 3744 3525 3798 κατέσπασαν
3546 3736 3742 3796 ἀπὸτοῦ

2191 3834 2361 3903 ὕψους
2392 3834 2483 3887 τὸν
2512 3833 2638 3889 νοῦν
2660 3834 2850 3899 αὐτοῦ,
2883 3836 2980 3888 καὶ
3011 3836 3228 3904 ἐγένετο
3260 3838 3289 3890 ό
3315 3834 3534 3910 Ἰσραὴλ
3559 3833 3743 3903 ἄνθρω-

2191 3941 2294 3988 πος
2332 3924 2517 3989 δοῦλος
2574 3924 2669 3979 τοῦ
2719 3926 2979 3996 ἀληθινοῦ
3028 3926 3251 3999 Φαραώ.
3300 3929 3417 3982 Καὶ
3469 3928 3743 3994 ἐπέστησεν

2191 4017 2339 4088 αὐτῷ
2367 4020 2495 4081 τοὺς
2511 4019 2943 4089 ἑργοεπιστάτας
2984 4019 3082 4073 καὶ
3108 4019 3496 4091 ὲργοδιὼκτας,
3517 4018 3583 4071 τὰ
3598 4012 3743 4069 πνεύ·

2195 4111 2343 4179 ματά
2384 4109 2487 4179 τῆς
2516 4109 2783 4181 πονηρίας
2812 4108 3194 4178 ἀναγκάζοντα
3239 4112 3403 4165 αὐτὸν
3455 4110 3638 4164 ἑκόντα
3662 4104 3742 4159 καὶ

2191 4201 2394 4255 ἄκοντα
2422 4203 2598 4255 ποιεῖν
2621 4202 2691 4255 τὰ
2717 4201 2928 4273 πονηρά
2958 4201 3123 4255 αὐτοῦ
3148 4201 3305 4273 ἔργα,
3330 4203 3427 4256 καὶ
3450 4202 3548 4272 τὴν
3576 4197 3743 4252 σύντε-

2192 4293 2274 4359 ξιν
2298 4293 2608 4361 ἐκπληροῦν
2639 4291 2733 4347 τοῦ
2767 4292 2939 4362 πηλοῦ
2966 4293 3063 4348 καὶ
3104 4296 3206 4365 τῆς
3233 4294 3533 4355 πλινθείας.
3560 4290 3619 4344 Oi
3659 4285 3740 4341 καὶ

2191 4386 2542 4455 χωρήσαντες
2596 4385 2760 4438 αὐτὸν
2786 4383 2883 4438 τοῦ
2913 4384 3168 4455 οὐρανίου
3231 4387 3594 4457 φρονήματος,
3627 4395 3741 4434 κατ-

513 4477 873 4547 cogitationes
904 4494 1091 4535 vanas.
1122 4478 1230 4536 Ubi
1281 4479 1429 4536 enim
1466 4479 1671 4536 excidit
1713 4494 1746 4534 e
1778 4494 1877 4536 sua
1919 4478 2082 4534 subli-

2196 4479 2404 4547 ήγαγον
2433 4478 2529 4529 ἐπὶ
2547 4476 2617 4531 τὰ
2643 4476 2805 4531 ὑλικά
2832 4476 2929 4531 καὶ
2952 4478 3118 4548 γήϊνα
3139 4478 3234 4532 καὶ
3261 4477 3482 4549 πηλώδη
3508 4476 3635 4546 ἔργα
3661 4484 3741 4523 πο-

514 4567 704 4622 unitate
734 4567 937 4633 anima,
972 4569 1166 4626 incidit
1198 4570 1254 4624 in
1294 4585 1525 4640 regnum
1560 4570 1770 4625 homini
1808 4570 2088 4635 infestum,

512 4673 570 4718 et
608 4664 662 4717 in
707 4663 984 4734 principes
1031 4663 1304 4729 crudeles,
1350 4664 1743 4733 compellean
1790 4678 1912 4719 eam
1963 4677 2095 4720 cono

515 4764 732 4810 struere
760 4754 893 4825 ipsis
927 4753 1048 4809 vitii
1076 4755 1399 4826 peccatique
1431 4755 1704 4810 civitates.

592 5031 699 5085 Vll.
750 5031 807 5086 Si
859 5046 989 5085 vero
1032 5031 1353 5102 ingemiscat
1384 5031 1614 5111 lanima,
1669 5040 1726 5085 et
1775 5032 1974 5088 clamet
2020 5029 2090 5084 ad

519 5122 714 5186 Deum,
735 5123 937 5178 emittit
955 5125 1003 5178 ei
1026 5123 1366 5193 spiritualem
1386 5124 1611 5188 Mosem,
1636 5124 1730 5193 qui
1753 5123 1949 5177 liberet
1969 5138 2091 5177 eam

518 5230 550 5270 a
585 5216 851 5270 servitute
873 5214 1248 5286 [Egyptiorum
1279 5238 1292 5271 ε
1322 5232 1516 5271 verum
1540 5217 1779 5286 primum
1803 5215 2025 5278 clamat,
2046 5222 2103 5269 et

520 5306 761 5376 suspiria
788 5307 958 5372 ducit,
991 5317 1047 5361 et
1079 5317 1191 5362 tum
1223 5307 1620 5378 redemptionis
1665 5306 1882 5361 initium
1910 5319 2104 5360 conse-

521 5398 733 5466 quitur.
762 5398 886 5464 lpso
910 5414 1128 5468 quoque
1159 5415 1347 5454 mense
1376 5399 1685 5454 recentium
1726 5398 1923 5453 ﬂorum
1965 5396 2105 5451 libe-

524 5497 696 5554 ratur,
729 5499 977 5559 tempore
1005 5490 1263 5544 nimirum
1285 5490 1455 5554 veris,
1485 5489 1706 5559 quando
1732 5498 1877 5544 terra
1908 5489 2104 5543 animat

522 5582 777 5636 emittere
803 5588 986 5651 potest
1016 5582 1279 5652 pulchros
1308 5592 1365 5637 et
1389 5581 1617 5637 ﬂoridos
1642 5596 1823 5637 ramos
1851 5579 2102 5653 justitiaa,

602 5774 650 5811 ”
676 5774 849 5833 Exod.
883 5779 1052 5841 xn.5.
1094 5781 1148 5841 Ἰ,
1184 5779 1270 5837 11.
1348 5780 1392 5814 ⁹⁹
1420 5778 1581 5846 ibid.,
1622 5778 1707 5846 12,
1744 5776 1828 5833 15.

2195 4570 2358 4639 νηρά,
2385 4568 2481 4622 καὶ
2510 4569 2723 4637 λόγους,
2746 4571 2840 4624 καὶ
2864 4570 3244 4641 ἐνθυμήματα,
3261 4570 3355 4624 καὶ
3388 4561 3741 4634 διαλογισμθὺς

2196 4660 2483 4729 ματαίους.
2520 4660 2862 4715 Ἐκπεσοῦσα
2888 4660 2998 4733 γὰρ
3022 4661 3116 4715 τοῦ
3173 4661 3305 4714 ίδίου
3333 4660 3496 4731 ὕψους
3540 4658 3573 4725 ἡ
3615 4648 3740 4723 ψυχὴ

2196 4747 2323 4823 εὗρε
2365 4752 2647 4823 βασιλείαν
2673 4751 3082 4823 μισάνθρωπον,
3108 4752 3201 4805 καὶ
3229 4750 3495 4822 ἄρχοντας
3518 4742 3736 4815 πικροὺς.

2198 4845 2327 4907 τοὺς
2359 4832 2882 4912 καταναγκάζοντας
2920 4843 3093 4913 αὐτὴν
3122 4843 3424 4914 οἰκοδομεῖν
3453 4840 3627 4898 αὐτοῖς
3657 4829 3738 4892 τὰς

2201 4934 2301 5004 τῆς
2334 4935 2534 4999 κακίας
2560 4936 2745 4999 πόλεις
2771 4936 3079 5005 ἁμαρτιῶν.

2271 5029 2346 5084 Z'.
2392 5030 2519 5083 Ἐὰν
2545 5031 2603 5085 δὲ
2632 5030 2865 5103 στενάξῃ
2894 5032 2926 5102 ἡ
2957 5030 3124 5101 ψυχὴ,
3172 5030 3267 5084 καὶ
3307 5029 3476 5100 βοὴσῃ
3515 5020 3641 5092 πρὸς
3663 5014 3740 5067 τὸν

2196 5120 2364 5186 Θεὸν,
2401 5120 2783 5186 ἐξαποστέλλει
2835 5122 2975 5192 αὐτῇ
3010 5122 3101 5175 τὸν
3138 5120 3503 5190 πνευματικὸν
3542 5105 3741 5168 Μωσέαν

2204 5212 2295 5266 τὸν
2329 5213 2695 5283 λυτρούμενον
2723 5213 2894 5283 αὐτὴν
2940 5214 3007 5267 ἐκ
3034 5212 3131 5283 τῆς
3178 5210 3420 5272 δουλείας
3465 5205 3569 5259 τῶν
3594 5200 3738 5283 Am"

2206 5304 2408 5356 πτίωψ
2434 5282 2588 5358 ἀλλά
2615 5302 2832 5374 πρῶτον
2852 5282 2959 5373 βοᾷ
2984 5305 3079 5355 καὶ
3106 5302 3372 5366 στενάζει,
3404 5298 3493 5353 καὶ
3518 5293 3630 5382 τότε
3655 5282 3740 5382 τῆξ

2206 5393 2639 5464 ἀπολυτρώσεως
2674 5393 2775 5463 τὴν
2799 5395 2975 5464 ἀρχὴν
2999 5393 3285 5462 λαμϐάνει,
3316 5390 3424 5444 Καὶ
3444 5380 3571 5452 αὑτὴ
3598 5382 3650 5430 ὲν

2150 5566 2162 5576 ι
2210 5488 2343 5557 μηνὶ
2370 5462 2479 5539 τῶν
2508 5487 2646 5539 νέων
2698 5462 2877 5540 ἀνθῶν
2905 5484 3249 5558 λυτρουμένη
3296 5482 3431 5537 κατὰ
3458 5462 3737 5576 τδνᾳῖςαιρὺν

2178 5578 2301 5651 ’τοῦ
2338 5578 2518 5649 ἔαρος,
2553 5577 2716 5647 ἡνίκα
2749 5578 2785 5649 ὴ
2829 5576 2903 5649 γῆ
2939 5577 3038 5649 τῆς
3067 5576 3245 5649 ψυχῆς
3264 5573 3505 5644 νέξανθετν
3541 5562 3733 5620 δύναται

1912 5774 2109 5847 ’ibid.,
2134 5775 2223 5843 55,
2257 5774 2345 5831 56.
2431 5774 2451 5806 ’
2488 5772 2622 5830 Gen.
2651 5788 2732 5840 ιιι,
2765 5771 2852 5829 18.
