3980 6424
249 364 355 429 2:01

1425 360 1791 425 HOMILI/E.
1817 386 1882 398 ·--
1912 360 2095 425 Ηοη.
2138 362 2368 424 XLVII.

3414 372 3520 431 8012

245 488 378 549 τοὺς
403 486 605 549 καλοὺς
640 485 734 540 καὶ
764 484 1034 557 ἀνθηροὺς
1064 484 1290 547 κλάδους
1318 483 1419 552 τῆς
1460 476 1830 549 δικαιοσύνης,

1963 490 2087 542 :ravi
2135 488 2318 542 hieme
2385 487 2707 558 ignorantiae
2760 488 3149 550 tenebrarum,
3198 497 3253 541 et
3305 503 3519 546 summa

248 578 360 629 τῶν
393 575 607 646 πικρῶν
652 577 936 647 χειμώνων
980 575 1298 629 διελθόντων
1328 574 1430 643 τῆς
1474 574 1695 641 ἀγνοίας
1739 570 1839 623 τοῦ

256 671 509 734 σκότους,
542 668 639 720 καὶ
656 669 755 737 τῆς
791 668 991 737 πολλῆς
1018 665 1327 737 πωρώσεως
1360 665 1461 732 τῆς
1497 666 1561 715 ὲκ
1597 662 1708 716 τῶν
1754 663 1841 715 αί-

252 760 434 830 σχρῶν
464 758 711 831 πράξεων
766 761 857 812 καὶ
890 758 1194 829 ἁμαρτιῶν.
1232 757 1527 811 Κελεύειδὲ
1549 757 1670 809 τότε
1708 757 1846 825 ἀφα-

250 852 506 921 νισθῆναι
540 852 599 916 ἐξ
634 852 869 919 ἑκάστης
908 850 1087 911 οἰκίας
1129 851 1311 901 πᾶσαν
1364 847 1543 918 ζύμην
1580 847 1841 910 παλαιὰν,

252 943 353 1005 τὰς
384 943 635 1013 πράξεις,
673 943 766 995 καὶ¹
799 944 867 994 τὰ
899 942 1222 1011 φρονήματα
1242 939 1337 992 τοῦ
1368 938 1599 991 παλαιοῦ
1631 938 1844 1009 ἀνθρώ-

258 1050 352 1101 ρου
383 1033 477 1085 τοῦ
504 1032 1273 1103 φθειρομένου,διαλογισμοὺς
1298 1031 1594 1099 πονηροὺς,
1623 1029 1718 1081 καὶ
1748 1029 1838 1081 ὲν·-

260 1123 525 1191 θυμήσεις
565 1124 837 1192 ῥυπαρὰς,
870 1122 992 1174 ὅσον
1020 1121 1274 1185 δυνατὸν,
1302 1119 1739 1189 ἀπορῤίψασθαι.

332 1212 419 1264 ll'.
456 1212 735 1281 Σφαγῆναι
767 1212 845 1262 δεῖ
865 1212 924 1263 τὸ
952 1212 1158 1281 ἀρνίον,
1185 1213 1275 1264 καὶ
1297 1211 1543 1277 τυθῆναι,
1564 1213 1657 1263 καὶ
1683 1212 1743 1263 τὸ
1765 1208 1845 1264 αἷ-

262 1319 341 1371 μα
366 1301 529 1355 αὑτοῦ
563 1302 848 1372 χρισθῆναι
870 1304 962 1354 ἐπὶ
990 1303 1097 1355 τῶν
1130 1302 1332 1374 θυρῶν.
1386 1303 1622 1372 Χριστὸς
1653 1302 1760 1373 γάρ
1788 1303 1848 1355 τὸ

258 1391 514 1461 ἀληθινὸν
546 1392 640 1444 καὶ
664 1391 890 1460 ἀγαθὸν]
913 1394 1003 1445 καὶ
1033 1393 1263 1462 ἄμωμον
1285 1392 1470 1460 ἀρνίον
1493 1392 1727 1461 ἐσφάγη,
1752 1392 1849 1445 καὶ

258 1484 321 1535 τὸ
356 1478 497 1553 αἷμα
530 1482 697 1537 αὐτοῦ
722 1483 946 1553 ἐχρίσθη
982 1484 1075 1535 ἐπὶ
1117 1485 1226 1535 τῶν
1262 1483 1432 1552 φλιῶν
1466 1484 1565 1552 τῆς
1596 1483 1845 1554 καρδίας,

260 1576 407 1637 ὅπως
442 1575 667 1642 γένηται
692 1574 751 1627 τὸ
779 1574 1013 1643 ἐκχυθὲν
1044 1574 1138 1626 ἐπὶ
1163 1573 1259 1626 τοῦ
1290 1573 1526 1644 σταυροῦ
1571 1568 1713 1644 αἷμα
1750 1574 1846 1627 τοῦ

262 1666 525 1734 Χριστοῦ,
561 1668 626 1736 τῇ
656 1665 753 1735 μὲν
787 1665 933 1735 ψυχῇ
975 1667 1055 1727 είς
1104 1664 1249 1734 ζωὴν
1284 1666 1379 1717 καὶ
1429 1664 1806 1735 ἀπολύτρωσιν
1828 1680 1844 1697 ο

263 1763 378 1821 τοῖς
409 1758 467 1811 δὲ
496 1759 818 1826 Αἰγυπτίοις
845 1756 1096 1826 δαίμοσιν
1132 1757 1211 1818 εἰς
1241 1756 1438 1820 πένθος
1469 1759 1564 1809 καὶ
1593 1756 1844 1810 θάνατον·

263 1812 481 1921 ἀληθῶς
514 1812 620 1919 γάρ
677 1812 870 1911 πένθος
908 1812 1091 1911 αιύτοῖς
1120 1812 1269 1915 ἐστι,
1295 1812 1439 1919 χαρά
1465 1849 1521 1902 δὲ
1554 1850 1646 1902 καὶ
1671 1849 1844 1917 ἀγαλ-
1881 1812 1923 1869 Β

264 1941 444 2003 λίασις
474 1945 537 2012 τῇ
571 1942 715 2011 ψυχῇ
763 1941 823 1994 τὸ
859 1939 955 1993 τοῦ
1006 1940 1240 2010 ἀμώμου
1274 1942 1463 2011 ἀρνίου
1519 1936 1679 2011 αἷμα.
1719 1936 1850 1993 Εἶτα

271 2034 409 2101 μετά
431 2033 492 2084 τὸ
518 2033 724 2102 χρίσμα
767 2031 980 2085 κελεύει
1010 2032 1146 2102 πρὸς
1181 2032 1419 2103 ἑσπέραν
1448 2034 1644 2100 φαγεῖν
1669 2031 1729 2084 τδ
1753 2032 1853 2102 ἀρ-

271 2126 409 2187 νίον,
437 2126 531 2177 καὶ
556 2125 626 2176 τὰ
657 2123 843 2194 ἄζυμα
893 2125 1032 2193 μετὰ
1060 2126 1348 2195 πικρίδων,
1382 2124 1851 2195 περιεζωσμένους

265 2216 364 2279 τὰς
399 2215 595 2280 ζώνας,
620 2217 714 2269 καὶ
747 2217 1087 2288 ὑποδήματα,
1114 2218 1208 2270 καὶ
1237 2216 1458 2286 ἔχοντας
1488 2218 1584 2278 τὰς
1646 2216 1849 2286 βακτη-

272 2308 397 2378 ρίας
432 2307 490 2359 ἐν
522 2309 639 2370 ταῖς
673 2306 879 2378 χερσίν.
930 2307 1057 2359 Ἐἀν
1091 2309 1200 2378 γὰρ
1236 2307 1309 2377 μὴ
1344 2307 1611 2377 πρότερον
1630 2306 1857 2375 γένηται

266 2399 474 2470 ἡψυχὴ
504 2400 991 2471 παρεσκευασμένη
1024 2400 1359 2469 πανταχόθεν
1384 2400 1451 2452 δι’
1499 2400 1679 2469 ἔργων
1716 2400 1857 2465 ἀγα-

268 2491 400 2555 θῶν,
429 2493 551 2544 ὅσον
574 2492 720 2544 ἐστὶν
743 2494 800 2545 ὲν
830 2493 990 2563 αὐτῇ,
1022 2495 1083 2545 οὐ
1124 2493 1327 2545 δίδοται
1355 2493 1489 2561 αὐτῇ
1525 2494 1719 2559 φαγεῖν
1751 2491 1858 2544 ἀπὸ

276 2584 375 2635 τοῦ
407 2584 619 2655 ἀρνίου.
652 2584 717 2638 Εἰ
750 2584 806 2636 δὲ
839 2586 934 2636 καὶ
972 2584 1034 2637 τὸ
1066 2584 1251 2654 ἀρνίον
1295 2584 1414 2652 ἡδὺ,
1450 2584 1548 2636 καὶ
1576 2584 1644 2636 τὰ
1676 2584 1860 2653 ἄζυμα

280 2674 448 2739 καλὰ,
482 2675 598 2728 ἀλλ’
630 2677 686 2729 ai
721 2676 971 2745 πικρίδες
1006 2678 1199 2745 πικραὶ
1249 2676 1343 2727 καὶ
1374 2677 1651 2745 τραχεῖαι.
1706 2675 1861 2727 Μετά

274 2767 511 2835 θλίψεως
540 2768 648 2838 γὰρ
686 2767 910 2836 πολλῆς,
946 2772 1039 2821 καὶ
1073 2768 1298 2836 πικρίας
1330 2767 1502 2819 ἐσθίει
1524 2768 1555 2836 ἡ
1579 2767 1725 2836 ψυχὴ
1752 2766 1861 2819 ἀπὸ

268 2858 367 2910 τοῦ
396 2859 581 2927 ἀρνίου
622 2861 717 2912 καὶ
744 2860 853 2913 τῶν
885 2860 1136 2930 χρηστῶν
1166 2859 1413 2929 ἀζύμων,
1456 2858 1748 2930 θλιϐούσης
1767 2860 1863 2912 αύ-

272 2953 375 3022 τὴν
409 2956 505 3019 τῆς
532 2952 796 3022 συνούσης
828 2953 964 3022 αὐτῇ
999 2950 1297 3021 ἁμαρτίας.

343 3043 423 3100 8'.
458 3045 566 3097 Kal.
605 3045 740 3112 πρὸς
786 3043 1026 3113 ἑσπέραν
1066 3044 1228 3111 φησιν
1276 3041 1489 3095 ἐδεσθαι
1543 3042 1705 3096 αύτό’
1740 3043 1771 3113 ἡ
1808 3042 1865 3094 δὲ

1945 580 2311 635 excaecatione
2368 594 2438 634 ex
2489 579 2745 634 obscenis
2800 580 3110 634 actionibus
3171 590 3228 635 et
3281 586 3522 650 peccatis

1945 678 2228 740 prognata,
2264 671 2560 740 praeterita.
2603 671 2773 725 Porro
2800 672 3047 741 praecipit
3075 681 3187 725 tum
3220 673 3427 727 aboleri
3454 690 3522 727 ex

1946 775 2275 830 unaquaque
2306 760 2471 814 domo
2505 776 2667 815 omne
2704 760 3035 815 fermentum
3081 760 3390 829 antiquum,
3434 775 3524 814 ac-

1948 852 2125 906 tiones
2171 852 2463 917 nimirum,
2510 861 2566 906 et
2610 853 2841 907 consilia
2888 853 3090 919 veteris
3140 853 3380 906 hominis
3426 852 3522 921 qui

1947 946 2344 1015 corrumpitur,
2379 961 2443 999 ac
2473 960 2761 1015 perversas
2790 946 3150 1015 cogitationes
3187 955 3242 999 et
3287 945 3521 1000 medita-

1947 1036 2128 1091 tiones
2156 1036 2427 1101 sordidas,
2454 1036 2634 1107 quoad
2678 1036 2794 1090 fieri
2823 1045 3022 1106 potest,
3051 1037 3309 1107 abjicere.

2016 1211 2155 1266 VIII.
2180 1212 2401 1268 Mactari
2426 1222 2641 1284 oportet
2669 1231 2866 1285 agnum
2896 1225 2952 1271 et
2979 1216 3270 1281 immolari,
3295 1218 3524 1288 ejusque

1950 1302 2270 1371 sanguinem
2318 1302 2533 1359 illinere
2589 1305 2821 1360 foribus.
2864 1305 3116 1361 Christus
3168 1308 3316 1362 enim
3358 1324 3525 1362 verus

1950 1394 2128 1449 bonus
2152 1404 2207 1450 et
2239 1396 2622 1453 immaculatus
2667 1414 2838 1469 agnus
2875 1408 3141 1454 mactatus
3173 1411 3277 1465 εει,
3313 1410 3369 1455 ει
3400 1417 3525 1457 san-

1950 1485 2115 1553 guine
2158 1486 2279 1554 ejus
2322 1496 2487 1541 uncta
2532 1488 2721 1541 limina
2766 1488 2969 1553 cordis,
3004 1498 3064 1544 ut
3095 1489 3189 1544 ﬁat
3227 1490 3437 1545 eﬂusus
3467 1491 3525 1544 in

1951 1590 2115 1629 cruce
2160 1576 2380 1645 sanguis
2423 1576 2649 1642 Christi,
2696 1578 2891 1633 animae
2918 1579 3140 1648 quidem
3179 1579 3291 1634 vita
3332 1590 3389 1633 et
3435 1596 3526 1635 re-

1951 1666 2193 1736 demptio
2213 1684 2227 1732 ;
2250 1666 2518 1738 Egyptiis
2538 1684 2669 1723 vero
2699 1668 3038 1725 daemonibus
3069 1672 3248 1726 luctus
3268 1678 3324 1725 et
3350 1686 3521 1726 mors.

1952 1757 2092 1813 Vere
2120 1760 2268 1813 enim
2311 1761 2494 1816 luctus
2530 1762 2637 1817 illis
2667 1771 2777 1827 est;
2810 1764 3068 1832 gaudium
3108 1773 3293 1819 autem
3336 1774 3392 1820 et
3433 1780 3528 1819 ex-

1952 1850 2177 1904 sultatio
2225 1850 2456 1917 animas,
2507 1851 2842 1907 immaculati
2904 1854 3053 1908 illius
3105 1855 3230 1925 agni
3285 1855 3525 1926 sanguis.

1953 1940 2161 1995 Deinde
2208 1952 2331 2010 post
2372 1943 2690 1998 unctionem
2727 1945 2884 2015 jubet
2922 1945 2990 1998 ad
3030 1961 3314 2013 vesperam
3345 1960 3533 1999 come‘

1952 2031 2083 2087 dere
2128 2049 2355 2103 agnum,
2405 2043 2462 2089 et
2507 2050 2695 2106 azyma
2742 2051 2867 2091 cum
2910 2036 3144 2092 lactucis
3188 2036 3531 2107 agrestibus,

1953 2120 2379 2177 circumcinctos
2416 2125 2662 2189 renibus,
2708 2128 2980 2181 calceatus
3023 2126 3304 2191 sandaliis,
3348 2134 3405 2181 et
3450 2134 3533 2180 tc-

1954 2219 2150 2265 nentes
2200 2210 2424 2267 baculos
2473 2213 2529 2267 in
2574 2214 2847 2268 manibus.
2898 2214 3013 2269 Nisi
3066 2216 3214 2269 enim
3262 2217 3416 2284 prius
3462 2218 3535 2270 sit

1956 2300 2137 2355 anima
2186 2312 2489 2372 praeparata
2553 2304 2916 2374 undequaque
2970 2320 3070 2374 per
3130 2305 3274 2359 bona
3332 2321 3531 2375 opera,

1957 2400 2221 2460 quantum
2262 2394 2315 2447 in
2349 2395 2465 2463 ipsa
2494 2403 2597 2458 est,
2628 2411 2737 2450 non
2769 2397 3093 2452 conceditur
3123 2398 3219 2461 illi,
3249 2406 3310 2451 ut
3348 2413 3533 2453 come~

1957 2486 2048 2541 dat
2095 2486 2161 2541 de
2210 2501 2369 2556 agno.
2419 2488 2486 2541 Et
2532 2488 2663 2542 licet
2712 2488 2897 2542 suavis
2943 2489 3018 2542 sit
3050 2504 3224 2559 agnus
3260 2497 3317 2543 et
3347 2505 3535 2560 azyma

1958 2578 2123 2641 bona,
2159 2592 2359 2631 amara:
2388 2585 2568 2631 tamen
2597 2585 2654 2631 et
2688 2593 2897 2646 asperae
2943 2587 3072 2632 sunt
3107 2578 3349 2632 lactucae.
3394 2577 3535 2632 Cum

1959 2668 2251 2725 aﬂlictione
2300 2683 2429 2738 ergo
2476 2683 2688 2723 summa
2731 2678 2787 2723 et
2820 2669 3069 2723 molestia
3100 2669 3214 2723 edit
3258 2669 3437 2723 anima
3468 2669 3537 2723 de

1960 2776 2097 2830 agno
2126 2770 2180 2814 ct
2210 2761 2370 2815 bonis
2400 2761 2625 2831 azymis.
2658 2760 2929 2831 aﬂligente
2957 2775 3077 2815 eam
3103 2760 3248 2831 quod
3276 2760 3422 2814 illam
3454 2760 3533 2814 in-

1961 2849 2192 2916 habitat,
2228 2858 2477 2937 peccato.

2032 3045 2124 3100 IX.
2158 3046 2225 3100 Et
2248 3046 2312 3100 ad
2334 3060 2619 3116 vesperam
2640 3044 2797 3116 jubet
2826 3045 2989 3100 edere
3012 3043 3187 3097 illum.
3214 3040 3537 3112 Vespertina

276 3137 413 3205 πρὸς
444 3137 683 3204 ἑσπέραν
735 3134 854 3203 ὥρα
887 3135 1028 3203 μέση
1060 3133 1241 3201 φωτὸς
1281 3133 1378 3186 καὶ
1410 3140 1635 3195 σκότους
1686 3134 1854 3187 ἐστίν.

1964 3148 2145 3192 autem
2181 3137 2317 3191 hora
2347 3137 2526 3191 media
2556 3137 2699 3189 inter
2723 3136 2900 3190 lucem
2936 3144 2991 3189 et
3030 3133 3286 3189 tenebras
3311 3140 3415 3187 est.
3447 3130 3539 3186 Sic

278 3225 434 3278 Οὕτω
468 3225 564 3277 καὶ
593 3224 793 3295 ἡψυχὴ
832 3224 969 3293 πρὸς
998 3223 1173 3295 ταύτῃ
1202 3219 1336 3275 οὖσα
1358 3226 1423 3292 τῇ
1456 3223 1857 3294 ἀπολυτρώσει,

282 3318 422 3387 μέση
453 3316 657 3383 γίνεται
696 3316 871 3384 φωτὸς
908 3315 1002 3368 καὶ
1030 3315 1279 3380 σκότους,
1306 3315 1552 3386 ἑστώσης
1573 3319 1670 3385 τῆς
1698 3316 1860 3369 δυνά-

284 3426 431 3476 μεως
473 3406 567 3459 τοῦ
622 3408 780 3471 Θεοῦ,
822 3408 918 3460 καὶ⁵
950 3409 1024 3478 μὴ
1068 3407 1247 3477 ἐώσης
1279 3409 1340 3461 τὸ
1390 3408 1582 3470 σκότος
1614 3408 1862 3460 ἐπελθεῖν

280 3499 345 3565 τῇ
382 3495 560 3564 ψυχῇ,
598 3497 691 3547 καὶ
719 3499 1003 3549 καταπιεῖν
1041 3497 1247 3567 αὑτήνο
1288 3499 1382 3551 καὶ
1419 3498 1476 3549 ὃν
1503 3498 1702 3568 τρόπον
1739 3495 1863 3549 εἷπε

280 3586 548 3654 Μωῦσῆς,
578 3586 733 3652 Αὕτη
772 3587 809 3654 ἡ
867 3586 984 3651 νὺξ
1019 3586 1129 3654 τῆς
1179 3589 1539 3657 ἐπαγγελίας
1574 3588 1706 3643 ἐστὶ
1755 3588 1862 3641 τοῦ

285 3680 468 3733 Θεοῦ·
500 3680 672 3742 οὕτως
707 3682 800 3733 καί¹
828 3683 856 3734 ό
894 3682 1152 3751 Χριστὸς,
1192 3681 1438 3743 δοθέντος
1467 3682 1616 3751 αὐτῷ
1656 3682 1863 3751 βιϐλίου

285 3772 344 3823 ὲν
371 3773 437 3839 τῇ
474 3774 784 3842 συναγωγῇ,
826 3773 899 3835 ὼς
934 3774 1267 3843 γέγραπται,
1293 3775 1555 3828 ἐκάλεσεν
1587 3774 1867 3827 ἐνιαυτὸν

285 3864 509 3929 Κυρίου
538 3863 755 3916 dexter
792 3863 897 3917 καὶ
932 3864 1159 3933 ἡμέραν
1190 3864 1679 3932 ἀπολυτρώσεως.
1722 3865 1867 3916 Ἐκεῖ

281 3955 381 4019 νὺξ
428 3956 867 4021 ἀνταποδόσεως,
895 3957 1130 4010 ἐνταῦθα
1174 3958 1356 4027 ἡμέρα
1401 3955 1862 4027 ἀπολυτρώσεωςο

280 4047 507 4109 εἰκότως
528 4063 540 4076 ·
596 4048 772 4101 πάντα
796 4048 903 4118 γὰρ
947 4050 1135 4101 ἐκεῖνα
1184 4048 1355 4111 τύπος
1380 4043 1448 4117 ἦν
1479 4049 1572 4100 καὶ
1608 4048 1736 4101 σκιά
1765 4048 1865 4115 τῆς

280 4138 567 4208 ἀληθείας,
605 4139 699 4191 καὶ
726 4140 1003 4208 μυστικῶς
1028 4138 1451 4208 προτυπούμενα
1484 4140 1581 4209 τὴν
1605 4138 1865 4209 ἀληθινὴν

282 4230 559 4299 σωτηρίαν
592 4230 914 4301 ὑπέγραφον
942 4232 1040 4301 τῆς
1077 4231 1254 4302 ψυχῆς
1286 4232 1384 4299 τῆς
1412 4230 1865 4300 ὲγκεκλεισμένης

278 4319 361 4390 τῷ
384 4320 583 4387 σκότει,
614 4321 707 4373 καί⁵
730 4322 1125 4392 πεπεδημένης
1180 4322 1436 4392 κρυπτῶς
1464 4323 1519 4375 ὲν
1551 4321 1736 4392 λάκκῳ
1764 4339 1866 4375 κα-

283 4412 535 4482 τωτάτω,
562 4410 658 4464 καὶ
684 4412 1250 4481 ἑναποκεκλεισμένης
1278 4411 1475 4473 πύλαις
1497 4412 1744 4481 χαλκαῖς,
1771 4411 1865 4463 καὶ

282 4503 361 4573 μὴ
395 4502 696 4573 δυναμένης
741 4502 867 4557 ἄνευ
909 4503 1007 4573 τῆς
1059 4502 1150 4555 τοῦ
1173 4502 1407 4573 Χριστοῦ
1438 4502 1865 4571 ἀπολυτρώσεως
1897 4504 1941 4559 D

278 4593 736 4664 ὲλευθερωθῆναι.

352 4682 411 4736 ι’.
456 4683 669 4751 Ἑξάγει
698 4679 789 4738 οῦν
808 4684 907 4755 τὴν
951 4685 1129 4755 ψυχὴν
1152 4684 1211 4749 ἐξ
1238 4683 1513 4752 Αἰγύπτου
1549 4684 1640 4738 καὶ
1672 4685 1768 4755 τῆς
1795 4688 1856 4737 ὲν

289 4772 432 4841 αὐτῇ
466 4773 735 4837 δουλείας,
773 4775 881 4827 τῶν
936 4776 1297 4846 πρωτοτόκων
1334 4773 1506 4843 αὐτῆς
1540 4774 1866 4844 ἀναιρουμέ-

283 4882 395 4916 νων
430 4866 487 4917 ὲν
535 4869 601 4936 τῇ
640 4866 825 4937 ἐξόδῳ.
859 4867 997 4933 Ἤδη
1029 4868 1137 4935 γὰρ
1171 4866 1335 4937 μέρος
1378 4882 1431 4918 τι
1462 4866 1559 4934 τῆς
1588 4865 1867 4935 δυνάμεως

275 4955 374 5006 τοῦ
406 4955 657 5025 ἀληθινοῦ
692 4956 892 5027 Φαραὼ
946 4957 1306 5010 καταπίπτει.
1359 4956 1560 5018 Πένθος
1597 4956 1709 5027 ἕχει
1742 4958 1867 5016 τοὺς

276 5044 631 5108 Αἰγυπτίους.
678 5046 1011 5108 Στενάζουσι
1036 5047 1143 5114 γὰρ
1174 5044 1502 5115 λυπούμενοι
1542 5046 1635 5099 ἐπὶ
1660 5048 1724 5113 τῇ
1763 5062 1869 5097 σω-

276 5133 447 5203 τηρίᾳ
474 5135 566 5186 τοῦ
592 5136 963 5205 αἰχμαλώτου.
994 5136 1227 5188 Κελεύει
1255 5136 1561 5207 χρήσασθαι
1589 5136 1742 5207 παρὰ
1761 5136 1870 5189 τῶν

279 5228 592 5295 Αἰγυπτίων
620 5228 790 5298 σκεύη
827 5230 1006 5297 χρυσᾶ
1046 5230 1141 5281 καὶ
1185 5229 1434 5298 ἀργυρᾶ,
1468 5229 1563 5281 καὶ
1606 5228 1869 5291 λαϐόντας

280 5318 542 5384 ἐξελθεῖν.
598 5310 1003 5389 Ἃπολαμϐἀνει
1040 5320 1146 5389 γὰρ
1177 5319 1396 5383 ἐξιοῦσα
1428 5317 1518 5369 τοῦ
1551 5319 1774 5381 σκότους
1824 5320 1856 5387 ἡ

277 5409 426 5477 ψυχὴ
454 5408 522 5461 τά
547 5409 766 5479 ἀργυρᾶ
797 5410 888 5460 καὶ
920 5413 1095 5479 χρυσᾶ
1124 5408 1313 5477 σκεύη,
1348 5409 1512 5478 ῆγουν
1542 5410 1668 5470 τοὺς
1695 5410 1857 5471 ἰδίους

278 5500 518 5566 ἀγαθοὺς
547 5501 843 5569 λογισμοὺς
876 5499 1305 5569 πεπυρωμένους
1352 5499 1759 5565 ἐπταπλασίως,
1798 5503 1857 5554 ὲν

276 5586 359 5656 οἷς
394 5590 718 5645 διακονεῖται
756 5594 848 5643 καὶ
874 5591 1284 5647 ὲπαναπαύεται
1319 5592 1345 5642 ό
1374 5588 1528 5652 Θεός.
1568 5590 1855 5663 Ἐσκόρπι-

349 5777 373 5807 ⁸
413 5777 555 5831 huc.
590 5792 663 5837 IV,
698 5776 784 5829 18.

613 5877 692 5935 ΡΑ
710 5890 882 5931 ruma
937 5873 1049 5931 Cn.
1118 5872 1222 5930 ΧΧ
1240 5871 1406 5934 XIV.

1961 3246 2179 3299 quoque
2225 3230 2406 3284 anima
2436 3232 2493 3284 in
2523 3229 2641 3299 ipsa
2670 3230 2965 3284 constituta
2996 3227 3394 3296 redemptione,
3423 3239 3539 3278 me-

1961 3322 2051 3375 dia
2077 3331 2159 3376 cst
2201 3322 2345 3376 inter
2387 3323 2566 3377 lucem
2600 3330 2656 3376 et
2692 3320 2965 3384 tenebras,
3001 3320 3291 3373 assistente
3331 3317 3539 3371 virtute

1962 3412 2171 3477 divina,
2198 3428 2301 3467 nec
2331 3414 2684 3482 permittente
2716 3414 2970 3467 tenebras
3003 3411 3287 3481 insurgere
3320 3410 3374 3462 in
3418 3412 3539 3463 ani-

1962 3518 2131 3569 mam,
2163 3512 2220 3557 et
2240 3504 2539 3557 absorbere
2569 3504 2740 3557 illam.
2771 3504 2839 3557 Et
2868 3500 3329 3571 quemadmodum
3362 3499 3540 3553 Moses

1963 3596 2100 3648 dixit
2139 3614 2151 3648 :
2196 3596 2320 3647 Haec
2370 3603 2443 3649 est
2493 3609 2597 3647 ηοω
2643 3594 3000 3663 promissionis
3035 3590 3152 3655 Dei,
3208 3590 3287 3643 sic
3320 3604 3541 3658 quoque

1961 3684 2234 3749 Christus,
2284 3684 2472 3738 oblato
2507 3683 2613 3737 sibi
2666 3684 2809 3737 libro
2856 3682 2911 3736 in
2961 3682 3264 3751 Synagoga,
3306 3689 3365 3733 ut
3398 3680 3540 3733 scri-

1964 3786 2118 3846 ptum
2158 3783 2263 3839 est,
2307 3774 2602 3844 appellavit
2649 3790 2848 3827 annum
2886 3772 3095 3825 Domini
3145 3771 3538 3841 acceptabilem,

1969 3868 2127 3938 150
2156 3877 2205 3921 et
2238 3868 2374 3921 diem
2409 3867 2782 3936 redemptionis
2814 3865 2853 3918 ³.
2882 3865 2959 3918 lbi
3003 3880 3109 3917 nox
3138 3862 3539 3927 retributionis,

1967 3960 2058 4013 hic
2084 3960 2203 4013 dies
2242 3957 2672 4026 redemptionis;
2710 3964 2766 4011 et
2799 3958 3017 4011 merito.
3045 3956 3239 4009 Omnia
3273 3954 3418 4009 enim
3451 3954 3543 4009 illa

1967 4064 2127 4122 typus
2158 4060 2315 4105 erant
2340 4060 2396 4105 et
2420 4050 2616 4103 umbra
2641 4049 2910 4111 veritatis,
2944 4055 2999 4102 et
3035 4048 3261 4117 mystice
3295 4047 3546 4117 praeﬁgu-

1967 4153 2081 4195 rata
2113 4156 2299 4196 veram
2335 4140 2726 4196 describebant
2768 4139 3001 4193 salutem
3048 4138 3272 4191 inclusze
3304 4137 3545 4191 tenebris

1966 4234 2182 4297 animae,
2216 4241 2382 4303 atque
2413 4232 2736 4302 compeditae
2773 4232 2912 4286 clam
2964 4231 3018 4285 in
3069 4229 3190 4283 lacu
3236 4230 3445 4291 intimo,
3490 4237 3546 4282 et

1966 4325 2116 4379 intus
2148 4325 2375 4379 inclusae
2402 4324 2577 4394 portis
2607 4323 2794 4387 aeneis,
2831 4330 2888 4376 et
2918 4336 3039 4391 quae
3068 4336 3176 4375 non
3213 4320 3386 4390 possit
3415 4318 3544 4374 abs-

1967 4430 2074 4484 que
2102 4414 2309 4470 Christi
2349 4414 2729 4483 redemptionc
2758 4412 3004 4466 liberari.

2036 4686 2103 4740 Χ.
2128 4686 2330 4741 Educit
2356 4684 2521 4756 igitur
2541 4685 2781 4738 animam
2808 4698 2874 4737 ex
2900 4682 3150 4752 Egypto,
3177 4689 3253 4745 et,
3277 4695 3383 4750 qua
3406 4678 3461 4732 in
3479 4692 3544 4732 ea

1966 4778 2341 4846 premebatur,
2372 4777 2660 4837 servitute,
2689 4773 3069 4844 primogenitis
3095 4772 3214 4841 ejus
3240 4768 3545 4823 interfectis

1966 4869 2022 4923 in
2052 4884 2300 4938 egressu.
2332 4867 2451 4922 Jam
2490 4866 2638 4920 enim
2680 4881 2805 4935 pars
2847 4864 3095 4934 quaedam
3140 4860 3397 4931 potentiae
3425 4858 3543 4912 veri

1969 4959 2272 5014 Pharaonis
2306 4959 2516 5013 interit.
2550 4956 2755 5011 Luctus
2788 4962 3020 5025 occupat
3060 4952 3361 5023 IEgyptios.
3389 4950 3546 5021 Inge-

1969 5047 2210 5100 tniscunt
2254 5047 2402 5100 enim
2444 5046 2749 5100 contristati
2787 5046 2854 5099 de
2909 5046 3083 5098 salute
3127 5041 3349 5111 captivi.
3378 5041 3543 5095 Jubet

1969 5146 2161 5191 mutuo
2190 5137 2442 5205 accipere
2464 5137 2531 5189 ab
2552 5135 2820 5207 Egyptiis
2838 5151 2965 5189 vasa
2986 5149 3151 5187 aurea
3175 5143 3230 5186 et
3251 5138 3537 5201 argentea;

1968 5240 2023 5285 et
2056 5230 2122 5284 iis
2155 5231 2398 5298 acceptis
2427 5228 2635 5298 egredi.
2682 5228 2895 5295 Accipit
2933 5227 3103 5291 enim,
3143 5222 3429 5294 egrediens
3473 5235 3541 5274 ex

1970 5320 2213 5374 tenebris
2254 5321 2456 5382 anima,
2488 5326 2742 5388 argentea
2784 5326 2841 5370 et
2884 5332 3047 5370 aurea
3084 5331 3233 5373 vasa,
3261 5313 3538 5376 videlicet,

1967 5427 2093 5464 suas
2124 5410 2322 5479 probas
2353 5409 2712 5479 cogitationes
2755 5409 3006 5476 septuplo
3043 5406 3385 5463 fervidiores,
3414 5402 3541 5471 qui-

1965 5502 2070 5556 bus
2100 5501 2440 5556 ministratur
2470 5501 2602 5563 Deo,
2627 5509 2681 5553 et
2707 5501 2763 5553 in
2787 5501 2987 5569 quibus
3013 5500 3155 5552 Deus
3175 5496 3536 5565 conquiescit.

1965 5596 2348 5663 Disperserant
2369 5594 2538 5657 enim,
2584 5594 2677 5663 qui
2721 5594 2876 5664 prius
2918 5591 3085 5646 vicini
3130 5591 3181 5645 ei
3214 5597 3391 5655 erant,
3427 5587 3540 5641 da:-

3113 5874 3191 5933 ‘26
