3980 6436
483 389 588 452 803

1752 384 1813 443 s.
1854 381 2175 443 MACARII
2212 379 2527 441 lEGYPTll
3623 382 3714 447 go;

482 510 705 559 mones,
743 505 800 549 et
840 503 1175 565 occuparant
1218 509 1285 549 ac
1325 492 1656 563 dissiparant
1696 492 2059 561 cogitationes

2164 504 2261 540 σαν
2281 488 2391 558 γάρ
2416 488 2466 539 οἱ
2510 484 2950 555 γειτονεύσαντες
2982 483 3120 556 αὐτῇ
3160 483 3429 554 δαίμονες,
3459 487 3552 543 καὶ
3600 508 3716 545 κατ-

479 587 618 657 ejus.
654 586 820 641 Beata
864 587 1066 649 anima,
1100 601 1222 656 quae
1254 585 1533 656 redempta
1578 592 1663 638 est
1709 597 1742 638 e
1780 581 2057 637 tenebris!

477 677 547 729 Et
575 690 656 729 vae
700 675 916 734 animae,
948 689 1070 744 quae
1113 689 1219 729 non
1267 675 1467 729 clamat
1515 688 1619 728 nec
1651 670 1964 742 ingemiscit
1992 669 2060 724 ad

474 781 625 830 eum,
656 766 751 835 qui
797 774 980 835 potest
1025 781 1143 820 eam
1195 766 1431 820 liberare
1478 779 1510 819 a
1557 763 1806 819 molestis
1851 763 1962 818 illis
2002 770 2060 817 et

476 856 693 911 acerbis
720 872 951 926 operum
980 856 1358 912 exactoribus!

548 1033 640 1088 XI.
674 1033 897 1088 Abeunt
940 1033 1036 1088 ﬁlii
1070 1032 1234 1088 Israel
1269 1031 1545 1088 celebrato
1570 1032 1798 1089 Pascha.
1837 1033 2062 1089 Proﬁcit

480 1129 681 1191 anima,
711 1141 831 1195 quae
859 1129 1072 1195 accepit
1096 1126 1262 1179 vitam
1298 1126 1474 1180 sancti
1503 1124 1764 1195 Spiritus,
1796 1124 2058 1195 degusta-

480 1215 561 1269 vit
588 1229 808 1285 agnum,
836 1216 1067 1284 ejusque
1095 1215 1362 1284 sanguine
1396 1225 1563 1270 uncta
1592 1225 1701 1281 est,
1737 1222 1793 1270 et
1819 1215 2061 1271 comedit

484 1321 675 1361 verum
720 1320 938 1376 panem,
985 1306 1226 1361 Verbum
1254 1307 1461 1361 vivum.
1505 1307 1774 1363 Columna
1826 1308 1969 1378 ignis
2003 1318 2062 1363 et

480 1394 733 1449 columna
781 1395 946 1451 nubis
989 1396 1113 1452 illos
1146 1398 1408 1468 praecedit
1438 1398 1757 1455 custodiens
1783 1399 1805 1432 ⁸
1839 1417 1853 1453 :
1887 1400 2060 1470 Spiri-

480 1502 572 1545 tus
601 1500 827 1547 sanctus
863 1491 1106 1547 suil‘ulsit
1148 1492 1269 1557 hos,
1298 1492 1491 1549 l‘ovens
1515 1503 1573 1549 et
1604 1493 1850 1565 dirigens
1884 1495 1938 1549 in
1970 1496 2059 1550 in-

481 1581 779 1652 telligentia
806 1583 1066 1638 animam.
1093 1584 1307 1640 Pharao
1333 1592 1391 1639 et
1408 1584 1647 1657 Egyptii
1676 1586 2057 1641 animadversa

478 1674 667 1745 populi
699 1675 987 1731 lsraelitici
1012 1675 1137 1747 fuga
1156 1716 1170 1741 ,
1198 1692 1368 1746 seque
1403 1678 1631 1733 servitio
1652 1692 1845 1733 eorum
1874 1679 2058 1749 priva-

479 1773 617 1831 tum,
638 1772 695 1819 et
728 1775 852 1835 post
874 1767 1366 1837 primogenitorum
1396 1766 1834 1823 interfectionem
1863 1784 2056 1838 perse-

476 1855 571 1925 qui
603 1856 757 1910 illum
788 1872 954 1911 ausus
973 1861 1088 1911 lest.
1117 1856 1466 1912 Festinanter
1493 1873 1625 1929 ergo
1656 1858 1915 1913 curribus
1947 1858 2061 1914 suis

473 1947 718 2017 junctis,
762 1962 886 2001 cum
938 1948 1089 2002 omni
1139 1948 1343 2018 populo
1383 1949 1452 2003 ad
1500 1964 1596 2004 eos
1647 1948 2059 2006 interﬁciendos

483 2037 869 2106 impellebatur
899 2054 914 2091 :
934 2038 1269 2110 jamjamque
1314 2038 1565 2095 futurum
1611 2054 1735 2095 cum
1779 2049 1953 2107 esset,
1999 2049 2060 2095 ut

481 2128 909 2198 permisceretur
935 2130 1038 2195 eis,
1070 2130 1383 2187 intercessit
1407 2133 1585 2188 nubes
1611 2133 1668 2187 in
1705 2133 1910 2199 medio,
1938 2148 2061 2205 quae

485 2220 586 2274 bos
607 2219 830 2289 quidem
864 2221 1108 2276 tenebris
1130 2222 1360 2278 obrutos
1389 2223 1754 2294 impediebat;
1786 2225 1909 2280 illos
1926 2242 2059 2281 vero

478 2310 601 2366 luce
622 2311 935 2367 ducebatet
959 2315 1341 2370 conservabat.
1378 2317 1446 2371 Et
1477 2332 1547 2372 ne
1579 2317 1866 2373 historiam
1889 2328 2058 2373 totam

478 2403 738 2458 evolvens
780 2403 1079 2473 producam
1123 2406 1344 2477 longius
1377 2423 1709 2473 sermonem,
1738 2425 1894 2466 sume
1924 2410 2060 2465 mihi

479 2508 578 2563 per
607 2493 793 2548 omnia
822 2494 1245 2551 similitudinem
1274 2497 1343 2551 ad
1370 2513 1459 2552 res
1487 2498 1825 2567 spirituales.

549 2681 667 2735 Xll.
688 2681 863 2749 Quam
882 2681 1125 2750 primum
1149 2684 1295 2738 enim
1326 2684 1507 2740 anima
1532 2684 1816 2758 [Egyptios
1846 2688 2059 2760 effugit,

478 2770 748 2827 accedens
775 2772 961 2827 divina
990 2775 1235 2842 potentia
1276 2775 1604 2844 opitulatur,
1631 2777 1915 2834 deducens
1939 2795 2061 2834 eam

480 2863 548 2917 ad
591 2864 902 2918 veritatem.
944 2864 1049 2919 Ubi
1090 2881 1222 2919 vero
1266 2867 1587 2937 cognoverit
1631 2869 1936 2937 spiritualis
1969 2871 2061 2926 'rlle

480 2953 711 3019 Pharao,
745 2970 842 3008 rex
873 2956 1225 3010 tenebrarum
1258 2958 1491 3027 peccati,
1523 2958 1760 3016 deﬁcere
1789 2976 1819 3015 a
1860 2976 1919 3016 se
1945 2963 2063 3016 ani-

481 3061 646 3110 mam,
692 3055 749 3101 et
793 3046 1036 3117 eﬂ‘ugere
1090 3051 1244 3120 regni
1297 3051 1383 3104 sui
1429 3051 1811 3121 cogitationes,
1858 3053 2062 3123 quibus

481 3138 612 3193 olim
667 3139 1016 3194 detinebatur
1055 3140 1162 3212 (ha;
1200 3142 1347 3196 enim
1382 3154 1512 3197 sunt
1555 3144 1673 3214 ejus
1714 3144 2056 3217 facultates);
2085 3168 2128 3229 ρ

483 3229 816 3284 existimavit
846 3246 909 3286 ac
949 3246 1101 3300 spem
1146 3231 1251 3286 sibi
1292 3231 1425 3288 fecit
1451 3233 1735 3289 horribilis
1767 3235 1881 3300 ille,
1909 3236 2058 3291 illam

484 3334 829 3375 reversuram
877 3322 946 3375 ad
1008 3337 1090 3377 se.
1160 3322 1265 3378 Ubi
1310 3338 1443 3377 vero
1491 3323 1761 3380 intellexit
1820 3325 2057 3379 animam

483 3410 706 3465 omnino
733 3412 936 3468 evitare
962 3427 1118 3467 suam
1154 3414 1520 3484 tyrannidem,
1549 3416 1697 3471 caede
1724 3417 2061 3488 primogeni-

488 3512 665 3558 torum
692 3514 748 3559 et
774 3504 922 3559 furto
954 3506 1351 3577 c03itationum
1389 3508 1766 3578 impudentius
1797 3510 2056 3574 accurrit,

484 3595 693 3650 veritus
739 3611 808 3650 ne
853 3597 1032 3651 forsan
1083 3597 1263 3653 anima
1292 3614 1519 3667 prorsus
1549 3598 1869 3670 eﬂ‘ugiente,
1897 3615 2059 3655 nemo

486 3685 811 3754 reperiatur,
843 3686 940 3756 qui
971 3688 1309 3743 voluntatem
1342 3698 1398 3743 et
1443 3704 1584 3759 opus
1616 3706 1779 3745 suum
1813 3691 2057 3761 impleat.

484 3774 841 3846 Persequitur
878 3792 1011 3849 ergo
1051 3793 1174 3833 eam
1211 3778 1629 3848 aﬂlictionibus,
1663 3782 2062 3838 tentationibus

482 3880 548 3921 ac
574 3864 735 3922 bellis
778 3867 1172 3927 invisibilibus.
1203 3868 1306 3926 Hic
1332 3872 1619 3941 probatur,
1668 3873 1760 3929 hic
1794 3882 2057 3941 tentatur,

482 3956 573 4013 hic
597 3967 823 4029 apparet
850 3974 1024 4025 amor,
1053 3976 1164 4029 quo
1189 3976 1338 4028 eum,
1366 3963 1459 4032 qui
1486 3964 1676 4019 eduxit
1703 3980 1770 4019 ex
1802 3963 2058 4038 IEgypto,

483 4050 885 4119 complectitur,
935 4052 1207 4121 siquidem
1260 4054 1516 4121 traditur,
1558 4063 1618 4109 ut
1682 4057 1969 4127 probetur,
2004 4067 2062 4114 et

486 4142 649 4196 variis
678 4142 863 4197 modis
882 4151 1141 4198 tentetur.

558 4403 697 4460 Xlll.
730 4406 892 4461 Videt
920 4407 1068 4462 enim
1115 4407 1428 4465 facultatem
1460 4411 1635 4468 hostis
1670 4414 1944 4471 volentem
1983 4418 2061 4471 ir-

2181 581 2345 652 έσχον
2366 579 2462 633 καὶ
2483 578 2843 632 διεσκέδασαν
2872 576 2967 629 τοὺ
2983 576 3276 647 λογισμοὺς
3304 579 3498 649 αὐτῆς,
3536 582 3715 636 Mam.

2164 670 2256 742 ρία
2286 672 2320 740 ἡ
2358 670 2503 740 ψυχὴ
2544 671 2577 739 ἡ
2601 666 2941 735 λυτρωθεῖσα
2975 668 3038 721 ἐκ
3062 667 3157 721 τοῦ
3187 668 3408 731 σκότους
3428 687 3443 702 ο
3496 672 3587 723 καὶ
3610 673 3719 726 οὐαὶ

2161 763 2309 834 ψυχῇ
2341 765 2407 833 τῇ
2445 762 2521 833 μὴ
2550 761 2751 832 βοώσῃ,
2784 760 2881 813 καὶ
2922 760 3256 832 στεναςούσῃ
3283 761 3423 832 πρὸς
3468 763 3555 815 τὸν
3580 764 3721 819 δυνά.

2166 871 2334 926 μενον
2366 853 2635 925 ῥύσασθαι
2660 852 2830 923 αὐτὴν
2852 852 2963 907 ἀπὸ
2981 853 3093 907 τῶν
3123 853 3374 925 χαλεπῶν
3406 856 3619 908 ἐκείνων
3639 861 3721 909 καὶ

2163 944 2378 1015 πικρῶν
2410 942 2814 1014 ἐργοδιωκτῶν.

2234 1038 2340 1091 IA’.
2365 1036 2721 1105 Ἀπαίρουσιν
2739 1033 2848 1087 υίοὶ
2863 1033 3081 1106 Ἰσραὴλ
3104 1034 3165 1087 τὸ
3188 1034 3381 1104 Πάσχα
3401 1036 3721 1105 ποιήσαντες.

2164 1128 2480 1200 Προκόπτει
2513 1128 2546 1197 ἡ
2570 1126 2739 1197 ψυχὴ,
2765 1125 3011 1179 λαϐοῦσα
3048 1126 3195 1197 ζωὴν
3221 1125 3534 1195 Πνεύματος
3562 1126 3720 1193 ἀγίου,

2162 1220 2256 1273 καὶ
2282 1217 2710 1287 ἀπογευσαμένη
2741 1216 2834 1270 τοῦ
2860 1217 3072 1285 ἀρνίου,
3105 1216 3201 1269 καὶ
3230 1214 3515 1286 χρισθείσα
3555 1216 3633 1286 τῷ
3652 1216 3725 1268 ait

2165 1328 2293 1381 ματι
2342 1309 2530 1375 αὐτοῦ,
2565 1309 2659 1363 καὶ
2700 1309 2956 1377 φαγοῦσα
2987 1308 3081 1361 τὸν
3120 1306 3376 1375 ἀληθινὸν
3418 1307 3598 1376 ἄρτον,
3649 1306 3726 1359 τὸν

2166 1400 2347 1465 ζῶντα
2370 1402 2565 1470 Λόγον.
2592 1399 2795 1461 Στύλος
2815 1398 2987 1470 πυρὸς
3014 1399 3110 1452 καὶ
3134 1398 3327 1461 στύλος
3354 1399 3581 1468 νεφέλης
3603 1398 3726 1451 ἐκεί-

2160 1510 2267 1547 νων
2291 1496 2613 1565 προηγεῖται
2643 1490 2929 1561 φυλάττων
2954 1508 2969 1521 ·
2997 1491 3059 1544 τὸ
3082 1490 3312 1561 Πνεῦμα
3344 1492 3406 1544 τὸ
3439 1491 3590 1559 ἆγιον
3609 1491 3724 1543 ὑπο-

2166 1584 2413 1655 στηρίζει
2444 1583 2689 1649 τούτους,
2747 1581 2953 1637 θάλπον
2985 1582 3079 1635 καὶ
3112 1583 3340 1653 ὁδηγοῦν
3389 1583 3449 1635 ἐν
3498 1582 3724 1651 αἰσθήσει

2163 1678 2259 1749 τὴν
2295 1676 2493 1747 ψυχήν.
2531 1675 2703 1739 Γνοὺς
2738 1674 2941 1745 Φαραὼ
2976 1675 3070 1728 καὶ
3110 1676 3162 1728 οί
3195 1675 3489 1744 Αἰγύπτιοι
3531 1676 3622 1745 τὴν
3644 1673 3725 1728 τοῦ

2162 1768 2293 1823 λαοῦ
2343 1768 2548 1839 φυγὴν,
2572 1768 2668 1821 καὶ
2692 1766 2791 1839 τὴν
2821 1768 2885 1820 ἐκ
2915 1767 3019 1831 τῆς
3051 1767 3297 1830 δουλείας
3339 1765 3522 1822 αὐτῶν
3554 1767 3726 1836 στέρη-

2164 1881 2270 1928 σιν,
2298 1863 2392 1917 καὶ
2423 1861 2561 1933 μετά
2582 1860 2682 1932 τὴν
2698 1860 2807 1914 τῶν
2827 1859 3190 1930 πρωτοτόκων
3206 1858 3397 1929 ἀναίρε
3406 1875 3508 1918 σιν,
3534 1857 3727 1910 διώκειν

2163 1956 2459 2027 ἐθάρσησε.
2492 1953 2705 2026 Σπουδῇ
2738 1954 2847 2024 γὰρ
2872 1951 3068 2016 ζεύξας
3088 1951 3158 2005 τὰ
3180 1950 3407 2022 ἅρματα
3436 1947 3611 2009 αὐτοῦ,
3646 1947 3725 2001 κ;ὶ

2167 2046 2310 2117 μετά
2333 2045 2537 2108 παντὸς
2558 2043 2653 2098 τοῦ
2686 2043 2817 2096 λαοῦ
2854 2044 2940 2095 ἐπ’
2968 2042 3167 2105 αὐτοὺς
3215 2040 3432 2094 ἀνελεῖν
3461 2038 3725 2109 ἠπείγετοσ

2163 2139 2263 2210 ἤδη
2307 2138 2597 2209 μέλλοντος
2642 2134 3048 2207 ἀναμίγνυσθαι
3074 2134 3281 2197 αὐτοῖς,
3322 2133 3508 2186 ἵστατο
3548 2129 3723 2199 νεφέλη

2162 2231 2221 2283 ἐν
2253 2230 2424 2301 μέσῳ,
2479 2231 2593 2293 τοῖς
2639 2227 2741 2299 μέν
2772 2227 3139 2299 ἐμποδίζουσα
3183 2226 3277 2280 καὶ⁵
3309 2224 3725 2289 ἐπισκοτίζουσα,

2162 2321 2292 2385 τοὺς
2317 2320 2376 2373 δέ
2403 2318 2819 2388 φωταγωγοῦσά
2864 2335 2927 2371 τε
2957 2318 3054 2371 καὶ
3103 2316 3472 2387 φυλάττουσα.
3513 2316 3615 2369 Καὶ
3654 2314 3727 2367 ἴνα

2166 2412 2242 2482 μὴ
2274 2412 2374 2481 τὴν
2400 2411 2640 2480 ίστορίαν
2663 2410 2885 2464 ἀπασαν
2910 2408 3225 2475 ἀνελίττων,
3273 2408 3503 2480 μηκύνω
3527 2406 3613 2459 τὸν
3654 2403 3729 2456 λό-

2162 2517 2280 2569 γον,
2317 2500 2451 2555 λάϐε
2476 2518 2566 2572 μοι
2593 2502 2651 2555 ἐν
2681 2502 2816 2555 πᾶσι
2840 2501 2940 2572 τὴν
2967 2500 3288 2572 παραϐολὴν
3317 2499 3454 2571 πρὸς
3478 2499 3546 2552 τά
3577 2513 3723 2550 πνευ-

2166 2595 2397 2664 ματικά.

2233 2683 2336 2739 ΙΒ’.
2372 2684 2546 2738 Ὅταν
2597 2680 2708 2753 γὰρ
2733 2682 2950 2754 πρῶτον
2998 2683 3032 2737 ἡ
3058 2682 3203 2753 ψυχὴ
3251 2684 3383 2746 τοὺς
3424 2677 3726 2749 Αἰγυπτίους

2161 2775 2445 2847 ἀποφύγῃ,
2478 2775 2851 2844 προσελθοῦσα
2896 2773 3056 2846 ήτοῦ
3111 2772 3247 2828 Θεοῦ
3283 2773 3514 2845 δύναμις
3565 2769 3726 2841 βοηθεῖ

2163 2863 2437 2935 ὁδηγοῦσα
2460 2864 2631 2934 αὐτὴν
2658 2864 2752 2918 ἐπὶ
2787 2864 2887 2935 τὴν
2921 2864 3200 2935 ἀλήθειαν.
3232 2863 3405 2927 Γνοὺς
3448 2863 3504 2916 δὲ
3526 2860 3554 2913 ό
3581 2876 3724 2914 πνευ-

2166 2958 2392 3027 ματικὸς
2413 2954 2634 3027 Φαραὼ,
2662 2957 2692 3009 ὁ
2717 2955 2971 3027 βασιλεὺς
3018 2954 3113 3009 τοῦ
3164 2955 3397 3017 σκότους
3429 2954 3529 3022 τῆς
3572 2952 3725 3021 ἀμαρ-

2162 3050 2301 3115 τίας,
2350 3050 2432 3102 ὅτι
2490 3049 2784 3119 ἀφίσταται
2824 3047 3049 3119 αὑτοῦὴ
3102 3048 3271 3118 ψυχὴ,
3307 3048 3405 3101 καὶ
3447 3040 3722 3113 ἀποφεύγει

2162 3144 2259 3213 τῆς
2294 3140 2571 3211 βασιλείας
2590 3139 2755 3193 αὐτοῦ
2786 3139 2915 3203 τοὺς
2950 3138 3247 3209 λογισμοὺς
3315 3137 3484 3192 πάλαι
3516 3148 3721 3202 κατεχο-

2164 3234 2391 3304 μένουςο
2421 3232 2595 3286 ταῦτα
2649 3231 2757 3302 γὰρ
2800 3230 2966 3284 αὑτοῦ
3003 3230 3073 3283 τά
3102 3230 3455 3301 ὑπάρχοντα·
3503 3224 3720 3281 ὑπέλαϐε

2158 3324 2253 3376 καὶ
2281 3323 2511 3393 ἤλπισεν
2538 3322 2568 3373 ό
2614 3320 2806 3384 δεινὸς,
2865 3320 3035 3374 πάλιν
3068 3320 3241 3390 αὐτὴν
3288 3317 3568 3372 ἐπανιέναι
3602 3310 3722 3381 πρὸς

2160 3413 2343 3468 αὐτόν.
2378 3412 2581 3467 Μαθὼν
2608 3411 2685 3476 δέ,
2718 3411 2800 3463 ὅτι
2836 3413 3153 3465 παντάπασι
3197 3409 3394 3480 φεύγει
3434 3407 3530 3480 τὴν
3567 3419 3719 3460 κατα-

2159 3503 2477 3557 δυναστείαν
2511 3502 2679 3555 αὐτοῦ
2710 3503 2743 3573 ἡ
2774 3501 2943 3573 ψυχὴ,
2996 3503 3094 3572 τῆς
3125 3503 3344 3571 σφαγῆς
3384 3500 3490 3555 τῶν
3536 3511 3721 3568 πρωτο-

2158 3596 2337 3649 τόκων
2370 3596 2463 3649 καὶ
2488 3596 2696 3665 κλοπῆς
2724 3596 2833 3647 τῶν
2857 3594 3134 3664 λογισμῶν
3156 3594 3538 3663 ἀναιδέστερον
3573 3602 3720 3657 προσο

2162 3687 2382 3759 έδραμε,
2438 3686 2699 3757 φοϐηθεὶς
2745 3688 2955 3758 μήποτε
3004 3687 3103 3756 τῆς
3152 3685 3338 3756 ψυχῆς
3398 3680 3717 3753 ἐκφυγούτης

2160 3776 2462 3842 παντελῶς,
2513 3776 2686 3839 οὐδεὶς
2736 3776 2958 3847 εὑρεθῇ,
3012 3776 3042 3828 ό
3072 3773 3133 3829 τὸ
3182 3775 3399 3846 θέλημα
3442 3770 3597 3828 αὑτοῦ
3638 3767 3720 3821 καὶ

2160 3869 2221 3921 τὸ
2249 3867 2409 3941 ἔργον
2442 3866 2753 3939 ἐκπληρῶν.
2782 3865 3126 3921 Καταδιώκει
3160 3867 3334 3937 αὐτὴν
3380 3867 3467 3921 διὰ
3510 3862 3717 3931 θλίψεων

2162 3961 2256 4014 καὶ
2313 3959 2652 4031 πειρασμῶν,
2702 3959 2797 4013 καὶ
2842 3959 3098 4030 πολέμων
3143 3960 3420 4030 ἀοράτων.
3478 3951 3718 4010 Ἐνταῦθα

2161 4049 2538 4121 δοκιμάζεται,
2580 4049 2813 4103 ἐνταῦθα
2856 4050 3197 4121 πειράζεται,
3226 4051 3461 4105 ἐνταῦθα
3494 4048 3716 4119 φαίνεται

2162 4145 2196 4211 ἡ
2242 4143 2381 4213 πρὸς
2426 4145 2515 4196 τὸν
2559 4142 2823 4209 ἐξάγοντα
2874 4144 3045 4214 αὐτὴν
3095 4141 3157 4208 ἐξ
3205 4144 3487 4212 Αἰγύπτου
3511 4140 3716 4208 ἀγάπη⁶

2163 4235 2512 4306 παραδίδοται
2541 4235 2650 4305 γὰρ
2670 4233 3067 4306 δοκιμασθῆναι
3091 4235 3185 4288 καὶ
3206 4234 3568 4306 πειρασθῆναι
3599 4246 3712 4281 mv-

2162 4326 2435 4390 τοδαπῶς.

2235 4418 2334 4473 ΙΓ’.
2367 4418 2576 4491 Θεωρεῖ
2602 4420 2714 4492 γὰρ
2744 4421 2846 4491 τὴν
2870 4421 3102 4491 δύναμιν
3127 4419 3223 4474 τοῦ
3254 4418 3451 4493 ἐχθροῦ
3480 4410 3710 4489 βουλομέ-

487 4512 648 4551 ruere
673 4506 730 4552 et
754 4498 1089 4565 interﬁcere,
1114 4516 1217 4556 nec
1243 4510 1422 4557 tamen
1451 4518 1635 4573 posse;
1667 4505 1882 4561 medius
1905 4508 2052 4562 enim

2164 4527 2255 4578 νην
2297 4509 2569 4576 ἐπελθεῖν,
2601 4512 2696 4564 καὶ
2725 4511 3035 4565 θανατῶσαι
3089 4512 3181 4565 καὶ
3229 4512 3304 4582 μὴ
3352 4508 3713 4580 ἐξισχύουσαν⁶

486 4588 630 4641 inter
659 4602 779 4641 eam
808 4598 864 4642 et
897 4587 1183 4659 Egyptios
1213 4591 1442 4660 spiritus
1473 4594 1727 4650 consistit
1770 4596 2056 4653 Dominus.

484 4678 705 4747 Spectat
744 4687 928 4733 autem
971 4683 1039 4736 ab
1084 4682 1332 4737 interiori
1363 4692 1516 4754 parte
1545 4701 1695 4741 mare
1728 4688 2057 4743 amaritudi-

482 4769 571 4822 nis
613 4778 669 4823 et
699 4768 1010 4824 aillictionis
1038 4774 1135 4825 aut
1158 4771 1595 4842 desperationis;
1630 4785 1688 4831 et
1732 4792 1836 4832 nec
1865 4777 1920 4831 in
1958 4793 2059 4847 po-

482 4861 713 4915 steriora
739 4862 1037 4933 quidquam
1080 4862 1296 4919 eﬂicere
1343 4875 1559 4936 potest;
1591 4868 1793 4939 quippe
1823 4885 1944 4939 quae
1976 4871 2060 4925 vi-

481 4952 609 5007 deat
663 4953 815 5023 151
871 4955 1059 5013 hostes
1120 4966 1434 5027 promptos;
1502 4975 1604 5015 nec
1661 4961 1717 5015 in
1779 4963 2059 5017 anteriora

483 5045 771 5111 secedere;
817 5056 997 5102 metus
1039 5050 1187 5103 enim
1236 5051 1448 5116 mortis,
1479 5061 1537 5106 et
1566 5067 1760 5122 graves
1807 5068 1872 5108 ac
1894 5054 2061 5108 variae

483 5134 827 5203 alIlictiones,
856 5139 1061 5208 quibus
1085 5141 1482 5207 circumdatur,
1512 5152 1743 5199 mortem
1770 5146 1841 5201 ob
1870 5147 2065 5201 oculos

482 5227 530 5278 ci
580 5236 811 5295 ponunt.
870 5230 1134 5300 Desperat
1195 5248 1325 5303 ergo
1369 5234 1437 5287 de
1493 5249 1553 5288 se
1616 5236 1775 5303 ipsa,
1834 5248 2059 5292 senten-

484 5319 611 5370 tiam
646 5320 839 5372 mortis
869 5320 925 5373 in
965 5337 1023 5375 se
1059 5322 1287 5389 habens,
1319 5326 1525 5390 anima,
1558 5336 1782 5396 propter
1814 5330 2062 5384 circum-

481 5406 718 5463 dantem'
746 5410 890 5463 illam
924 5413 1191 5467 malorum
1231 5417 1664 5473 multitudinem.
1698 5421 1767 5476 Et
1800 5423 1891 5477 ubi
1922 5439 2056 5477 con-

484 5502 719 5567 spexerit
751 5501 891 5555 Deus
913 5513 1061 5557 metu
1091 5506 1281 5560 mortis
1307 5509 1505 5562 collabi
1529 5513 1791 5577 animam,
1820 5515 2061 5569 hostem-

486 5605 589 5656 que
635 5591 701 5645 ad
759 5608 881 5647 eam
933 5595 1332 5652 absorbendam
1386 5604 1891 5673 promptissimum,
1944 5618 2059 5660 tum

556 5773 573 5801 δ
609 5746 777 5827 ιεωλι.
951 5779 1030 5841 ιδ,
1065 5782 1154 5835 eo.

2168 4603 2333 4669 μέσος
2360 4601 2469 4674 γὰρ
2502 4604 2672 4673 αὐτῆς
2707 4604 2801 4656 καὶ
2821 4603 2929 4656 τῶν
2945 4588 3258 4671 Αίγυπτίων
3275 4602 3553 4672 πνεύματα
3578 4597 3710 4663 ἐστηο

2164 4708 2257 4746 κεν
2289 4695 2512 4765 Κύριος.
2548 4694 2839 4765 Θεωρεῖδέ
2878 4695 2973 4748 καὶ
2998 4695 3307 4766 ἔμπροσθεν
3339 4695 3603 4749 θάλασσαν
3633 4703 3710 4737 πι-

2164 4785 2325 4855 κρίας
2362 4786 2457 4838 καὶ
2494 4785 2745 4856 θλίψεως,
2779 4786 2814 4857 ἢ
2860 4786 3243 4856 ἀπογνώσεως,
3280 4788 3375 4840 καὶ
3403 4784 3520 4837 οὔτε
3553 4783 3623 4841 είς
3652 4775 3709 4828 τὰ

2160 4875 2339 4929 ὀπίσω
2370 4875 2569 4929 ἀνύσαι
2608 4877 2805 4947 ἰσχύει,
2846 4878 3033 4949 ὁρῶσα
3061 4879 3308 4947 ἑτοίμους
3336 4879 3457 4939 τοὺς
3485 4871 3707 4944 ἐχθροὺς,

2159 4966 2282 5019 οὔτε
2313 4969 2393 5030 εἰς
2421 4967 2491 5021 τὰ
2524 4968 2834 5040 ἔμπροσθεν
2861 4972 3145 5041 χωρῆσαι·
3171 4969 3342 5023 δειλία
3366 4969 3471 5039 γὰρ
3499 4963 3705 5019 θανάτου

2160 5062 2255 5111 καὶ
2294 5059 2501 5130 θλίψεις
2529 5060 2699 5115 δειναὶ⁵
2727 5062 2822 5115 καὶ
2865 5063 3110 5115 ποικίλαι
3160 5064 3523 5133 περιέχουσαι,
3568 5056 3709 5110 θάνα-

2157 5167 2248 5204 τον
2272 5152 2402 5222 ὁρᾷν
2418 5151 2683 5205 ποιοῦσιν.
2708 5153 3026 5207 Ἀπευδοκεῖ
3048 5151 3142 5209 οὗν
3162 5156 3359 5225 ἑαυτὴν
3375 5155 3432 5207 τὸ
3447 5150 3706 5218 ἀπόκριμα

2157 5243 2251 5295 τοῦ
2276 5243 2509 5297 θανάτου
2546 5246 2601 5297 ἐν
2631 5247 2797 5316 ἐαυτῇ
2823 5246 3022 5317 ἔχουσα
3053 5249 3087 5318 ἠ
3125 5248 3292 5319 ψυχὴ,
3346 5248 3431 5300 διὰ
3466 5246 3550 5298 τὸν
3571 5256 3707 5308 περι·

2163 5335 2516 5389 κυκλώσαντα
2535 5338 2706 5404 αὐτὴν
2719 5340 2827 5392 τῶν
2868 5341 3120 5410 πονηρῶν
3146 5342 3333 5411 ἐσμόν.
3359 5339 3464 5395 Καὶ
3515 5328 3706 5388 ἐπειδὰν

2166 5428 2254 5501 ἴδῃ
2284 5430 2311 5481 ό
2345 5429 2480 5492 Θεὸς
2516 5431 2691 5502 δειλίᾳ
2716 5431 2951 5485 θανάτου
2976 5435 3379 5505 περιπεσοῦσαν
3407 5431 3501 5502 τὴν
3524 5423 3702 5499 ψυχήν

2167 5520 2261 5570 καὶ
2316 5520 2407 5571 τὸν
2446 5520 2638 5592 ἐχθρὸν
2682 5527 2974 5577 καταπιεῖν
3026 5526 3195 5596 αὐτὴν
3240 5526 3464 5596 ἑτοίμως
3515 5520 3700 5588 ἔχοντα,

2168 5609 2289 5662 τότε
2343 5611 2401 5663 δέ
2443 5612 2626 5666 δίδωσι
2678 5615 2883 5685 μικρὰν
2923 5616 3194 5687 βοήθειαν,
3248 5610 3593 5688 μακροθυμῶν
3626 5603 3701 5656 ἐπὶ
