3980 6426
254 403 371 464 805
1435 388 1803 451 HOMILIIE.
1830 409 1877 418 -

1986 382 2114 440 ΟΜ.
2156 378 2363 438 XLVH
2375 422 2389 436 .
3429 380 3534 441 803

257 516 366 584 τὴν
403 508 607 583 ψυχὴν,
638 508 733 564 καὶ
753 506 1065 578 δοκιμάζων
1094 504 1279 569 αὑτὸν,
1306 504 1355 558 εί
1383 506 1450 574 τῇ
1476 503 1659 556 πίστει
1684 500 1845 568 Eon;-
1875 548 1877 557 .

1986 491 2154 547 nebet
2183 487 2409 559 quidem
2438 485 2697 556 exiguum
2724 482 3011 545 auxilium,
3044 477 3377 550 longanimis
3402 492 3530 549 erga

259 573 382 671 κεν,
415 573 601 673 ἐι
641 573 1006 671 άγάπηνντὴν
1037 598 1173 669 πρὸς
1206 598 1371 652 αὑτὸν
1402 573 1539 666 ἔχει.
1577 594 1848 664 Τοιαύτην

1984 585 2211 647 nimam,
2259 588 2316 636 et
2362 578 2604 649 probans
2649 592 2793 641 eam,
2843 591 2913 630 an
2958 575 3013 629 in
3065 573 3171 629 [ide
3204 581 3332 636 stet,
3364 580 3421 625 et
3465 587 3535 625 an

258 700 372 767 γὰρ
417 699 446 750 ὁ
479 696 612 758 Θεὸς
662 695 813 748 ἔθετο
840 694 940 762 τὴν
976 692 1113 755 όδὸν,
1137 691 1236 762 τήν
1266 690 1584 757 άπάγουσαν
1623 687 1704 747 είς
1749 684 1849 752 τὴν

262 790 415 857 ζωὴν
442 789 582 857 μετὰ
608 786 843 851 θλίψεως
876 780 1015 838 εἶναι
1041 784 1137 836 καὶ
1170 779 1556 851 στενοχωρίας,
1590 777 1685 831 καὶ
1713 776 1852 829 δοκι-

267 881 475 951 μασίας
526 878 751 948 πολλῆς,
802 878 896 931 καὶ
960 872 1282 946 πειρασμῶν
1335 872 1704 942 πικροτάτων.
1763 868 1854 922 ἵνα

263 967 521 1022 ἐντεῦθεν
566 968 883 1038 καταντήσῃ
934 965 1122 1020 λοιπὸν
1162 966 1196 1036 ή
1225 962 1374 1034 ψυχὴ
1404 962 1494 1015 διά
1539 961 1636 1031 τὴν
1678 960 1853 1030 ὑπερ-

267 1060 576 1115 ϐάλλουσαν
621 1058 802 1128 θλίψιν
832 1057 1048 1110 καὶτὸν
1096 1056 1227 1127 παρ’
1276 1054 1572 1123 ὀφθαλμοῖς
1602 1052 1853 1106 θάνατον.

267 1148 657 1216 Τοτηνικαῦτα
712 1146 859 1217 χειρὶ⁵
881 1145 1120 1218 κραταιᾷ
1152 1144 1247 1197 καὶ
1276 1142 1467 1213 ὑψηλῷ
1499 1141 1745 1212 βραχίονι
1768 1139 1858 1193 διὰ

267 1242 368 1297 τοῦ
422 1242 578 1309 ἁγίου
617 1240 935 1310 Πνεύματος
972 1239 1072 1308 τῆς
1122 1236 1477 1307 ἑπιλάμψεως
1532 1236 1724 1306 ρήσσει
1758 1234 1858 1305 τὴν

269 1332 505 1401 δύναμιν
559 1330 653 1384 τοῦ
695 1330 943 1393 σκότους,
1002 1329 1099 1382 καὶ
1134 1328 1413 1398 διέρχεται
1462 1327 1494 1396 ἡ
1537 1325 1688 1396 ψυχὴ
1731 1325 1858 1388 τοὺς

272 1423 544 1492 φοϐεροὺς
573 1422 774 1484 τόπους
812 1419 1155 1488 ἐκφυγοῦσα,
1192 1419 1288 1473 καὶ
1336 1418 1720 1488 διαπεράσασα
1759 1417 1861 1487 τὴν

276 1515 560 1570 θάλασσαν
582 1514 679 1568 τοῦ
712 1513 965 1577 σκότους,
988 1514 1082 1567 καὶ
1110 1512 1204 1566 τοῦ
1231 1512 1533 1582 παμφάγου
1565 1511 1757 1583 πυρός.

348 1608 447 1659 IA'.
474 1605 657 1659 Ταῦτα
682 1604 956 1674 μυστήριά
973 1606 1091 1657 ἐστι
1109 1602 1289 1673 ψυχῆς
1316 1602 1530 1673 άληθῶς
1564 1601 1864 1671 γιγνόμενα

278 1702 340 1755 ὲν
361 1699 632 1769 ἀνθρώπῳ
653 1696 1011 1760 σπουδάζοντι
1040 1696 1218 1749 ἐλθεῖν
1240 1696 1381 1768 πρὸς
1402 1698 1502 1767 τήν
1530 1695 1865 1763 ἐπαγγελίαν

277 1794 381 1863 τῆς
408 1791 579 1861 ζωῆς,
607 1791 704 1843 καὶ
731 1789 1081 1860 λυτρουμένῳ
1108 1790 1172 1841 ὲκ
1197 1788 1300 1859 τῆς
1331 1788 1612 1859 βασιλείας
1639 1787 1734 1841 τοῦ
1770 1788 1866 1840 θα-

278 1885 463 1950 νάτου,
496 1883 591 1935 καὶ
632 1881 963 1951 λαμϐάνοντι
1012 1880 1312 1952 ἀρραϐῶνα
1362 1882 1513 1951 παρὰ
1558 1878 1718 1945 Θεοῦ,
1770 1878 1867 1932 καί⁵

283 1974 567 2044 μετέχοντι
598 1971 738 2025 Πνεύ
748 1989 917 2042 ματος
973 1972 1155 2040 άγίου.
1188 1966 1319 2024 Εἶτα
1349 1971 1608 2042 ρυσθεϊσα
1651 1972 1685 2041 ή
1717 1968 1867 2040 ψυχὴ

280 2067 349 2119 ὲκ
376 2064 485 2119 τῶν
514 2064 727 2135 ἐχθρῶν
754 2064 944 2133 αὐτῆς,
971 2064 1072 2117 καὶ
1125 2062 1225 2134 τήν
1255 2062 1459 2134 πικρὰν
1496 2060 1775 2116 θάλασσαν
1798 2062 1866 2131 τῇ

279 2156 510 2227 δύναμει
551 2155 647 2209 τοῦ
678 2155 813 2209 Θεοῦ
842 2154 1146 2221 διελθοῦσα,
1201 2157 1297 2207 καὶ
1326 2153 1507 2224 ὁρῶσα
1540 2153 1667 2217 τοὺς
1710 2152 1870 2206 πολε-

286 2248 446 2320 μίους
471 2248 875 2319 ἀπολλυμένους
901 2248 1009 2319 πρὸ
1027 2247 1343 2318 ὀφθαλμῶν,
1366 2241 1449 2307 οἷς
1473 2247 1535 2300 τὸ
1563 2246 1694 2318 πρὶν
1721 2245 1871 2300 ὲδού-

283 2341 461 2407 λευεν,
484 2340 807 2409 άγαλλιᾶται
838 2341 986 2411 χαρᾷ
1015 2338 1389 2409 ἀνεκλαλήτῳ,
1414 2339 1512 2392 καὶ
1540 2338 1870 2408 δεδοξασμέ-

283 2444 377 2499 νη,
410 2429 879 2499 παρακαλουμένη
914 2429 1021 2482 ὑπὸ
1044 2427 1137 2482 τοῦ
1175 2428 1332 2491 Θεοῦ,
1364 2428 1460 2481 καὶ
1481 2428 1872 2498 ἀναπαυομένη

284 2519 347 2571 ὲν
375 2520 584 2590 Κυρίῳ.
621 2520 755 2573 Τότε
785 2520 847 2572 τὸ
870 2520 1088 2588 πνεῦμα
1125 2521 1263 2590 ὅπερ
1297 2518 1481 2584 ἔλαϐε,
1513 2519 1699 2572 καινὸν
1722 2516 1876 2592 ᾆσμα

284 2610 367 2681 τῷ
405 2610 526 2680 Θεῷ
555 2611 691 2692 ᾅδει,
717 2611 804 2665 διὰ
831 2611 927 2664 τοῦ
950 2611 1257 2682 τυμπάνου,
1286 2612 1457 2682 ἧγουν
1474 2611 1571 2665 τοῦ
1597 2610 1873 2681 σώματος,

289 2703 389 2756 καὶ
419 2704 530 2755 τῶν
552 2702 652 2771 τῆς
703 2703 956 2774 κιθάρας,
990 2705 1114 2774 ἦτοι
1167 2704 1366 2774 ψυχῆς,
1400 2703 1637 2771 λογικῶν
1667 2704 1876 2774 χορδῶν

288 2792 387 2846 καὶ
446 2792 794 2845 λεπτοτάτων
826 2792 1131 2862 λογισμῶν,
1184 2792 1402 2846 καὶτοῦ
1459 2792 1738 2864 πλήκτρου
1776 2796 1877 2864 τῆς

293 2882 447 2945 θείας
473 2883 717 2955 χάριτος,
774 2884 871 2936 καὶ
916 2883 1233 2954 ἀναπέμπει
1273 2884 1460 2946 ali/ou;
1500 2884 1580 2954 τῷ
1626 2883 1878 2955 ζωοποιῷ

291 2976 537 3047 Χριστῷ.
575 2977 664 3040 Ὧς
697 2978 807 3048 γάρ
835 2977 925 3030 διὰ
955 2975 1049 3030 τοῦ
1084 2975 1249 3030 αὐλοῦ
1272 2976 1334 3030 τὸ
1356 2978 1577 3048 πνεῦμα
1599 2976 1881 3048 διερχόμε-

200 3081 220 3099 ο
292 3083 384 3119 νον
405 3066 579 3129 λαλεῖ,
606 3065 748 3119 οὕτω
792 3067 880 3120 διὰ
908 3067 1016 3121 τῶν
1050 3066 1222 3134 ἁγίων
1264 3066 1361 3121 καὶ
1413 3068 1879 3137 πνευματοφόρων

1952 675 2304 732 dilectionem
2345 686 2477 742 erga
2522 685 2652 725 eum
2700 669 2923 724 habeat.
2973 666 3161 721 Talem
3199 666 3348 719 enim
3392 664 3539 717 Deus

1953 767 2244 824 constituit
2287 763 2460 829 viam,
2506 762 2874 818 deducentem
2919 760 2986 815 ad
3019 759 3211 824 vitam,
3250 756 3449 825 degere
3483 752 3542 808 in

1953 859 2269 923 amictione,
2303 856 2361 911 in
2392 854 2665 926 angustia,
2702 854 2759 908 in
2799 852 3125 922 probatione
3170 848 3364 911 multa,
3398 853 3456 900 et
3484 844 3544 899 iu

1957 948 2356 1005 tentationibus
2384 944 2775 1009 acerbissimis,
2811 952 2871 998 ut
2902 942 3031 997 inde
3064 949 3254 1012 postea
3284 943 3543 993 occurrat

1956 1043 2140 1099 anima
2168 1056 2266 1111 per
2310 1042 2589 1110 ingentem
2625 1036 2997 1099 alllictionem,
3032 1041 3090 1089 et
3132 1040 3367 1087 mortem
3416 1038 3547 1084 ante

1958 1133 2150 1188 oculos
2196 1132 2431 1201 positam
2458 1147 2471 1183 :
2497 1139 2629 1183 tunc
2659 1143 2825 1181 manu
2854 1126 3035 1181 vaiida
3069 1135 3123 1180 et
3154 1123 3373 1179 excelso
3416 1122 3546 1177 bra-

1959 1225 2089 1281 chio
2141 1224 2317 1280 sancti
2369 1222 2609 1292 Spiritus
2658 1219 3061 1275 illuminatione
3115 1217 3381 1286 dirumpit
3434 1215 3550 1270 vim

1962 1317 2337 1379 tenebrarum,
2361 1322 2419 1369 et
2439 1312 2638 1368 transit
2665 1311 2845 1366 anima
2870 1308 3147 1364 horrenda
3170 1309 3290 1363 loca
3310 1306 3546 1371 evitans,

1963 1420 2127 1482 atque
2161 1409 2443 1482 trajiciens
2483 1421 2636 1462 mare
2679 1405 3030 1461 tenebrarum
3075 1410 3133 1457 et
3180 1402 3321 1473 ignis
3364 1399 3551 1455 omnia

1963 1503 2301 1558 devorantis.

2035 1595 2177 1652 XIV.
2210 1595 2337 1651 Haec
2380 1604 2510 1650 sunt
2539 1591 2803 1665 mysteria
2842 1588 3065 1652 animae,
3096 1602 3219 1657 quae
3250 1600 3381 1640 vere
3411 1584 3552 1638 ﬁunt

1966 1688 2025 1744 in
2060 1687 2306 1753 homine,
2336 1688 2433 1757 qui
2463 1685 2748 1743 contendit
2788 1684 3078 1755 pervenire
3120 1679 3188 1735 ad
3220 1677 3552 1748 promissam

1967 1781 2171 1847 vitam,
2220 1790 2277 1835 et
2326 1779 2421 1850 qui
2466 1779 2736 1834 liberatus
2783 1792 2815 1831 e
2864 1789 3035 1845 regno
3080 1772 3309 1836 mortis,
3354 1768 3555 1838 accipit

1971 1872 2337 1929 arrhabonem
2364 1888 2395 1926 a
2420 1872 2556 1934 Deo,
2582 1870 2857 1941 particeps
2887 1866 3127 1937 Spiritus
3150 1863 3323 1919 sancti
3353 1861 3553 1915 factus.

1970 1965 2243 2035 Deinceps
2284 1964 2519 2018 liberata
2550 1962 2620 2017 ah
2664 1960 2917 2015 hostibus
2964 1957 3081 2012 suis
3122 1955 3327 2021 anima,
3356 1952 3557 2009 acerbo

1971 2058 2110 2113 mari
2145 2057 2351 2113 virtute
2377 2055 2567 2111 divina
2602 2055 2852 2126 trajecto,
2901 2051 2997 2106 ubi
3040 2049 3314 2119 conspicit
3347 2048 3556 2111 hostes,

1970 2149 2176 2221 quibus
2219 2154 2380 2203 antea
2428 2145 2801 2209 inserviebat,
2848 2151 2976 2198 ante
3009 2142 3199 2196 oculos
3239 2139 3515 2195 interiisse
3539 2175 3558 2203 ,

1971 2240 2209 2297 exsultat
2241 2238 2443 2310 gaudio
2480 2237 2771 2301 inell'abili,
2811 2244 2868 2291 et
2894 2233 3196 2306 gloriﬁcata
3228 2231 3563 2288 consolatio-

1972 2349 2100 2388 nem
2136 2348 2167 2387 a
2211 2332 2325 2388 Deo
2372 2330 2594 2402 accipit,
2627 2337 2685 2385 et
2719 2329 2774 2383 in
2802 2326 3035 2383 Domino
3066 2324 3385 2396 requiescit.
3420 2322 3562 2377 Tum

1976 2425 2234 2497 Spiritus,
2269 2439 2434 2494 quem
2460 2423 2695 2493 accepit,
2722 2422 2835 2476 Deo
2858 2420 3134 2475 canticum
3160 2418 3309 2474 canit
3332 2432 3560 2480 novum,

1974 2527 2259 2591 tympano,
2305 2533 2502 2587 nempe
2533 2516 2803 2588 corporis,
2833 2523 2890 2570 et
2932 2514 3179 2579 citharae,
3212 2513 3328 2569 sive
3367 2513 3567 2567 anima:

1976 2612 2201 2668 chordis
2248 2610 2644 2675 rationalibus,
2683 2624 2748 2664 ac
2793 2607 3170 2664 subtilissimis
3216 2603 3565 2677 cogitationi-

1976 2704 2105 2769 bus,
2141 2712 2200 2758 et
2244 2704 2456 2773 plectro
2484 2701 2685 2755 divinae
2712 2700 2929 2771 gratias;
2964 2698 3241 2769 mittitque
3268 2696 3459 2752 laudes
3496 2695 3568 2749 ad

1975 2794 2259 2850 Christum
2275 2793 2575 2849 vivificum.
2593 2790 3065 2859 Quemadmodum
3082 2790 3231 2846 enim
3254 2804 3352 2859 per
3375 2788 3567 2843 tibiam

1978 2887 2207 2957 spiritus
2236 2887 2531 2948 transiens,
2581 2900 2778 2940 sonum
2823 2884 2976 2949 edit,
3021 2884 3096 2938 ita
3137 2898 3236 2953 per
3266 2890 3485 2937 sanctos
3514 2888 3571 2934 et

1978 2979 2178 3048 spiritu
2212 2979 2473 3049 praeditos
2507 2977 2758 3031 homines
2800 2974 3041 3046 Spiritus
3090 2981 3314 3030 sanctus
3365 2972 3566 3043 psallit,

1981 3079 2039 3125 et
2067 3079 2325 3140 precatur
2356 3071 2527 3125 Deum
2559 3070 2614 3124 in
2646 3068 2885 3139 puritate
2935 3067 3140 3122 cordis.
3177 3065 3360 3121 Gloria
3389 3066 3454 3118 sit
3500 3065 3567 3129 ei,

291 3156 600 3227 ἀνθρώπων
652 3158 714 3211 τὸ
766 3158 994 3229 Πνεῦμα
1023 3158 1085 3211 τὸ
1134 3158 1292 3226 ἆγιόν
1341 3161 1487 3213 ἐστιν
1523 3159 1749 3230 ὑμνοῦν,
1781 3160 1877 3213 καὶ

1984 3165 2072 3235 qui
2099 3164 2319 3217 redemit
2348 3164 2583 3218 animum
2608 3178 2635 3215 e
2667 3164 2915 3216 servitute
2940 3161 3262 3223 Pharaonis,
3291 3158 3573 3211 thronum-

293 3249 517 3319 ψάλλον,
545 3250 642 3304 καὶ
661 3251 1101 3322 προσευχόμενον
1146 3253 1224 3322 τῷ
1254 3251 1372 3322 Θεῷ
1403 3254 1459 3304 ὲν
1485 3250 1703 3323 καθαρᾷ
1744 3268 1884 3323 καρ-

294 3340 405 3411 δίᾳ.
441 3342 599 3406 Δόξα
632 3341 714 3407 τῷ
734 3343 1060 3413 ῥυσαμένῳ
1092 3343 1209 3411 τὴν
1254 3345 1468 3412 ψυχὴν
1505 3342 1576 3397 ἐκ
1608 3343 1720 3411 τῆς
1747 3343 1885 3398 δου-

1986 3272 2085 3325 que
2118 3273 2274 3310 suum
2305 3272 2423 3309 eam
2467 3256 2769 3321 constituit,
2818 3253 3177 3318 domicilium,
3225 3248 3480 3320 templum
3524 3256 3575 3301 et

1986 3364 2236 3415 sponsam
2281 3365 2505 3419 puram;
2551 3354 2712 3419 atque
2754 3347 3051 3400 introduxit
3096 3361 3215 3398 eam
3261 3345 3317 3397 in
3352 3358 3575 3412 regnum

297 3433 470 3499 λείας
498 3432 727 3502 Φαραὼ,
746 3435 1075 3502 καὶθρόνον
1100 3433 1259 3488 τδιον
1285 3432 1756 3500 καταστήσαντι,
1785 3434 1877 3489 καί

1988 3438 2109 3492 vita:
2137 3447 2372 3503 σείει-ηαξ,
2396 3437 2479 3492 vel
2510 3438 2678 3491 adhuc
2717 3439 2771 3491 in
2806 3438 2900 3491 hoc
2927 3435 3120 3491 saeculo
3149 3436 3502 3489 exsistentem.

301 3523 496 3590 οἶκον,
519 3526 619 3581 καί
656 3527 833 3589 ναὸν,
881 3526 981 3580 καί
1010 3527 1257 3594 νύμφην
1301 3529 1588 3595 καθαρὰν,
1634 3527 1734 3582 καί
1796 3530 2180 3600 εἰσαγαγόντι
2222 3529 2418 3597 αὐτὴν
2433 3532 2520 3595 εὶς
2572 3529 2902 3593 ,βασιλείαν
2963 3526 3113 3595 ζωῆς
3183 3528 3448 3589 αἰωνίου,
3489 3526 3578 3580 ἔτι

301 3616 502 3675 οὖσαν
532 3618 603 3671 ἐν
628 3616 710 3681 τῷ
744 3620 949 3687 κόσμῳ
969 3620 1179 3679 τούτῳ.

374 3712 477 3765 IE'.
520 3710 609 3763 Ἐν
642 3709 722 3780 τῷ
778 3711 927 3780 νόμῳ
982 3708 1099 3772 ζῶα
1136 3708 1312 3775 άλογα
1360 3706 1762 3778 προσεφέροντο
1806 3710 1887 3774 είς

305 3803 521 3868 θυσίαν,
552 3805 647 3857 καὶ
692 3804 742 3855 εί
797 3802 872 3873 μὴ
922 3799 1241 3871 ὲσφάζοντο,
1285 3801 1382 3853 οὐγ
1416 3796 1556 3872 ἦσαν
1588 3801 1776 3854 δεκταὶ
1830 3803 1888 3855 αἱ

307 3896 614 3969 προσφοραί
634 3911 649 3926 ο
683 3895 783 3949 καὶ
808 3894 903 3948 νῦν
932 3894 1029 3948 ὲάν
1062 3893 1137 3965 μὴ
1181 3895 1363 3964 σφαγῇ
1412 3895 1447 3960 ή
1494 3893 1758 3963 ἁμαρτία,
1787 3895 1889 3948 οὐκ

306 3988 424 4041 ἔστι
445 3990 609 4059 δεκτὴ
638 3990 671 4059 ή
705 3987 994 4057 προσφορᾶ
1042 3985 1120 4057 τῷ
1143 3986 1263 4057 Θεῷ
1285 3987 1380 4040 καὶ
1399 3986 1653 4056 ἀληθινή.
1685 3981 1890 4041 Ἦλθεν

307 4083 336 4134 ό
361 4080 490 4143 λαὸς
516 4082 594 4144 εἰς
626 4078 838 4151 Μεράν,
862 4080 994 4131 ὅπου
1026 4072 1097 4149 ἦν
1131 4078 1284 4149 πηγὴ
1338 4078 1537 4149 πικρὸν
1582 4077 1730 4149 ὕδωρ
1757 4078 1891 4149 βρύ-

308 4189 463 4235 ουσα,
501 4173 593 4225 καὶ
618 4172 891 4244 ἄχρηστον
910 4170 1047 4241 πρὸς
1070 4172 1249 4225 πόσιν.
1295 4170 1523 4225 Κελεύει
1548 4167 1643 4225 οὖν
1689 4175 1717 4225 ὁ
1760 4171 1892 4234 Θεὸς

309 4260 512 4315 Μωσέα
533 4260 919 4331 άποκνήσαντα
937 4259 1091 4325 ξύλον
1119 4260 1275 4333 ῥίψαι
1305 4262 1384 4325 εἰς
1417 4259 1479 4314 τὸ
1509 4261 1704 4332 πικρὸν
1725 4260 1889 4333 ὕδωρ,

311 4353 408 4405 καὶ
452 4351 816 4423 ἐμϐληθέντος
860 4350 1033 4416 οὕτως
1097 4352 1191 4405 τοῦ
1247 4353 1431 4420 ξύλου,
1489 4354 1798 4425 ὲγλυκάνθη
1830 4353 1893 4407 τὸ

2062 3708 2178 3764 XV.
2214 3709 2273 3764 ln
2296 3709 2415 3779 lege
2445 3708 2705 3764 animalia
2734 3708 2947 3763 ratione
2976 3707 3234 3763 destituta
3268 3707 3580 3765 oﬂ'crehan-

1995 3810 2085 3856 tur
2106 3801 2162 3855 in
2180 3800 2536 3865 sacriﬁcium,
2556 3816 2698 3870 quae,
2722 3799 2831 3855 nisi
2857 3809 3251 3862 mactarentur,
3283 3816 3393 3855 non
3419 3810 3582 3857 erant

1994 3901 2160 3964 gratae
2186 3892 2515 3947 oblationes.
2554 3892 2711 3946 Nunc
2741 3907 2961 3961 quoque
2996 3891 3101 3946 nisi
3142 3900 3414 3947 mactetur
3448 3908 3581 3963 pec--

1996 3994 2203 4051 catum,
2249 4000 2361 4039 non
2406 3994 2492 4040 est
2523 3992 2675 4056 grata
2704 3983 2909 4039 oblatio
2936 3982 3081 4053 apud
3113 3984 3307 4051 Deum,
3339 3994 3395 4039 et
3426 4001 3579 4039 vera.

1996 4077 2158 4133 Venit
2190 4076 2426 4148 populus
2455 4076 2511 4130 in
2559 4076 2745 4130 Maran
2778 4076 2822 4142 ⁵,
2859 4074 2951 4129 ubi
2997 4086 3119 4130 erat
3164 4074 3309 4139 fons,
3341 4091 3581 4130 amaram

1992 4183 2192 4239 aquam
2234 4184 2266 4223 e
2299 4168 2633 4239 scaturigine
2662 4168 2908 4232 mittens,
2943 4182 3175 4237 eamque
3222 4168 3472 4222 inutilem
3516 4170 3583 4224 ad

1993 4259 2317 4316 bibendum.
2338 4259 2505 4315 Jubet
2529 4275 2662 4329 ergo
2686 4259 2835 4315 Deus
2862 4259 3049 4314 Mosen
3080 4268 3229 4315 metu
3270 4269 3585 4330 correptum

1993 4352 2202 4422 lignum
2231 4350 2503 4422 projicere
2536 4350 2590 4404 in
2626 4364 2827 4419 aquam
2858 4365 3132 4415 amaram;
3165 4349 3269 4405 hoc
3311 4360 3473 4420 pacto
3503 4349 3589 4405 in-

312 4440 457 4512 ὖδωρ
477 4456 490 4469 ·
523 4442 617 4494 καὶ
654 4441 991 4512 μεταϐληθὲν
1027 4444 1091 4495 ὲκ
1112 4442 1213 4513 τῆς
1238 4444 1595 4513 πικρότητος,
1623 4445 1877 4514 χρήσιμοι

1988 4442 2139 4510 jeclo
2166 4442 2313 4512 ligno
2358 4441 2537 4497 dulcis
2566 4440 2763 4497 ellecta
2796 4452 2881 4495 est
2919 4456 3085 4511 aqua,
3115 4450 3171 4497 et
3199 4450 3405 4497 mutata
3435 4458 3590 4496 ama-

312 4533 407 4586 καὶ
460 4532 688 4603 πότιμον
741 4533 959 4600 ἐγένετο
982 4531 1061 4603 τῷ
1090 4531 1205 4603 λαῷ
1257 4532 1351 4586 τοῦ
1397 4532 1555 4589 Θεοῦ.
1594 4533 1698 4585 Τὸν
1731 4531 1877 4585 αὑτὸη

2001 4534 2265 4601 ritudine,
2300 4534 2453 4590 utilis
2485 4542 2543 4588 et
2575 4532 2834 4602 potabilis
2866 4532 3081 4588 reddita
3114 4542 3199 4589 est
3230 4534 3435 4603 populo
3468 4534 3585 4587 Dei.

311 4624 513 4693 τρόπον
542 4623 637 4676 καὶ
665 4624 699 4694 ή
727 4622 873 4694 ψυχὴ
925 4623 1262 4694 πεπίκραται
1317 4622 1585 4675 ὲκπιοῦσα
1615 4622 1714 4674 τὸν
1749 4616 1892 4673 οἶνον

313 4713 406 4768 τοῦ
436 4715 635 4785 ὄφεως,
681 4715 776 4767 καὶ
816 4714 1145 4783 ὁμοιωθεῖσα
1172 4716 1240 4785 τῇ
1280 4714 1454 4785 πικρᾷ
1495 4712 1663 4767 αὑτοῦ
1712 4711 1894 4781 φύσει,

315 4805 411 4859 καὶ
464 4806 786 4879 ἁμαρτωλὸς
837 4806 1127 4877 γενομένη.
1182 4806 1274 4858 Διὸ
1306 4804 1567 4876 ἐμϐάλλει
1615 4804 1802 4867 ὁΘεὺς
1837 4804 1898 4856 τὸ

315 4897 471 4964 ξύλον
487 4900 583 4970 τῆς
606 4899 752 4969 ζωῆς
785 4900 863 4963 είς
889 4899 1061 4969 αὐτὴν
1095 4899 1193 4970 τήν
1218 4900 1425 4970 πικράν
1446 4895 1630 4968 πηγὴν
1649 4897 1747 4967 τῆς
1761 4913 1897 4967 καρ-

315 4989 457 5053 δίας,
494 4990 589 5043 καὶ
621 4990 975 5059 γλυκαίνεται
1034 4993 1097 5044 ὲκ
1124 4991 1223 5061 τῆς
1252 4991 1582 5061 πικρότητος
1626 4988 1897 5059 μεταϐαλ-

314 5080 540 5152 λομένη,
556 5084 649 5136 καὶ
672 5082 1093 5153 συγκιρνωμένη
1110 5083 1187 5153 τῷ
1205 5081 1482 5153 Πνεύματι
1505 5081 1599 5134 τοῦ
1620 5078 1860 5152 Χριστοῦ
1876 5094 1891 5110 '

317 5174 603 5236 καὶοῦτως
653 5173 954 5247 εὔχρηστος
1008 5175 1298 5246 γενομένη,
1357 5176 1435 5235 είς
1474 5174 1751 5228 διακονίαν
1802 5171 1897 5226 τοῦ

318 5273 589 5324 Δεσπότου
618 5273 787 5342 αὐτῆς
805 5273 1083 5343 προχωρεῖ
1100 5286 1114 5299 ’
1141 5272 1353 5339 γίνεται
1381 5270 1489 5342 γάρ
1510 5270 1730 5340 πνεῦμα
1763 5286 1897 5339 σαρ-

320 5363 576 5435 κοφόρον.
620 5364 757 5430 Δόξα
775 5364 854 5435 τῷ
878 5363 1268 5435 μεταϐάλλοντι
1291 5363 1392 5431 τὴν
1412 5362 1717 5431 πικρότητα
1743 5362 1774 5430 ή
1784 5361 1900 5429 μῶν

320 5457 400 5519 είς
425 5455 525 5526 τήν
574 5455 816 5525 ήδύτητα
875 5457 971 5509 καὶ
1032 5454 1378 5528 χρηστότητα
1427 5452 1521 5505 τοῦ
1563 5452 1898 5524 Πνεύματος.

322 5547 456 5600 Οὐαὶ
485 5548 699 5618 ἐκείνῳ,
756 5549 812 5599 ὲν
836 5542 880 5616 ᾧ
909 5548 1009 5601 οὐκ
1055 5546 1261 5618 ἐϐλήθη
1308 5546 1370 5599 τὸ
1402 5545 1556 5611 ξύλον
1590 5545 1687 5615 τῆς
1722 5544 1899 5611 ζωῆς’

318 5638 382 5696 οὐ
411 5640 633 5695 δύναται
665 5642 966 5715 μεταϐολήν
982 5659 1102 5697 τινα
1127 5640 1432 5713 κτήσασθαι
1458 5641 1689 5712 ἀγαθήν.

394 5793 415 5824 ⁸
444 5792 618 5847 Exod.
646 5809 733 5857 xv,
770 5792 858 5847 25.

2000 4626 2207 4683 Eodem
2241 4626 2404 4681 modo
2432 4640 2653 4695 quoque
2692 4624 2895 4689 anima,
2929 4634 3094 4694 epoto
3125 4626 3253 4681 vino
3289 4626 3585 4695 serpentis,

2002 4720 2425 4776 amaritudinem
2449 4720 2742 4783 contraxit,
2775 4718 3028 4789 factaque
3051 4726 3135 4774 est
3159 4718 3357 4774 similis
3388 4733 3591 4772 amarze

2002 4814 2125 4885 ejus
2168 4822 2402 4878 naturae,
2445 4828 2510 4868 ac
2556 4810 2836 4881 peccatrix
2876 4812 3071 4866 evasit.
3103 4808 3449 4878 Quapropter
3488 4808 3592 4862 im-

2007 4905 2178 4959 mittit
2206 4905 2351 4960 Deus
2376 4904 2587 4974 lignum
2628 4903 2753 4958 vitae
2798 4904 2853 4957 in
2886 4902 3065 4972 ipsum
3093 4917 3342 4956 amarum
3380 4900 3592 4955 fontem

1998 4998 2201 5063 cordis,
2226 4998 2320 5068 qui
2354 4996 2641 5057 dulcescit,
2671 4997 2741 5051 ab
2770 4994 3138 5051 amaritudine
3171 5000 3589 5056 transmutatus,

2000 5098 2057 5144 et
2082 5090 2352 5145 admistus
2379 5090 2610 5159 Spiritui
2641 5088 2845 5146 Christi
2879 5106 2892 5142 :
2918 5096 3084 5158 atque
3116 5087 3221 5140 hoc
3255 5096 3415 5155 pacto
3442 5085 3591 5139 utilis

2003 5180 2237 5236 cﬂ'cctus
2290 5181 2345 5235 in
2396 5178 2723 5249 obsequium
2767 5178 2985 5234 Domini
3018 5178 3103 5233 sui
3154 5176 3303 5232 cedit
3349 5194 3361 5229 :
3407 5176 3591 5229 evadit

2002 5274 2150 5328 enim
2177 5272 2415 5344 Spiritus
2441 5288 2661 5328 carnem
2692 5281 2930 5342 gestans.
2963 5270 3149 5326 Gloria
3177 5270 3248 5324 sit
3272 5270 3323 5323 ei
3348 5268 3443 5338 qui
3470 5283 3592 5321 mu—

2009 5372 2088 5418 tat
2114 5364 2535 5418 amaritudinem
2570 5372 2815 5419 nostram
2850 5363 2907 5418 in
2936 5362 3261 5418 suavitatem
3290 5369 3347 5416 et
3368 5360 3593 5415 bonita~

2011 5464 2117 5511 tem
2148 5455 2406 5526 Spiritus.
2440 5456 2532 5511 Vze
2562 5456 2660 5519 illi,
2694 5456 2749 5511 in
2780 5472 2943 5526 quem
2990 5472 3101 5511 non
3138 5455 3371 5511 missum
3401 5461 3488 5509 est
3524 5454 3594 5509 li-

2002 5562 2168 5619 gnum
2198 5548 2357 5602 vine!
2405 5564 2514 5601 non
2551 5556 2731 5618 potest
2762 5548 2909 5603 enim
2940 5547 3178 5619 aliquam
3226 5547 3424 5604 bonam
3467 5560 3593 5600 mu-

2007 5639 2266 5693 tationem
2298 5640 2583 5708 consequi.
