3980 6424
512 366 615 427 807

1764 369 1824 427 S.
1867 368 2187 430 MACARII
2230 371 2550 435 lEGYPTII
3655 388 3745 452 808

583 478 719 534 XVI.
760 476 918 547 Virga
964 476 1128 533 Mosis
1171 476 1447 547 duplicem
1499 474 1727 546 gerebat
1774 476 2080 547 imaginem.

2266 483 2383 547 ις’.
2433 483 2496 535 Ἡ
2534 482 2728 552 ῥάϐδος
2758 484 3039 551 Μωῡσέως
3062 487 3155 542 δύο
3184 489 3372 561 ἔφερεν
3395 493 3613 560 εἰκόνας.
3641 500 3748 562 Τοῖς

510 569 774 625 Hostibus
809 571 959 625 velut
987 584 1215 640 serpens
1255 570 1603 634 occurrebat,
1638 569 1897 625 mordens
1928 579 1984 626 et
2013 572 2098 626 in-

513 658 808 723 terﬁciens,
848 660 1004 730 152
1039 660 1305 716 Israelitis
1341 675 1473 714 vero
1521 668 1641 714 erat
1689 660 1939 727 baculus,
1985 678 2097 732 quo

509 751 898 806 fulciebantur.
925 753 1016 807 Sic
1032 767 1252 822 quoque
1274 768 1464 806 verum
1489 752 1697 822 lignum
1720 754 1923 817 crucis,
1947 755 2094 824 quod

508 851 594 896 est
621 841 899 906 Christus,
949 843 1190 897 hostium
1220 843 1443 912 quidem
1473 850 1558 896 est
1599 857 1769 907 mors,
1796 842 2095 911 spirituum

506 948 707 1002 nempe
732 935 983 1000 malitiaa;
1009 934 1315 987 animarum
1340 948 1471 987 vero
1500 941 1815 987 nostrarum
1840 934 2091 997 baculus,

508 1023 666 1077 sedes
698 1033 835 1091 tuta,
882 1032 938 1079 et
984 1026 1118 1087 vita,
1170 1026 1224 1078 in
1256 1039 1363 1093 qua
1410 1023 1831 1093 conquiescunt.
1880 1023 2095 1095 Figurae

505 1114 655 1167 enim
686 1122 742 1169 et
775 1115 984 1169 umbrae
1016 1115 1171 1185 prius
1202 1115 1444 1179 fuerunt,
1473 1128 1635 1183 quam
1671 1129 1816 1168 verte
1842 1113 1928 1170 lue
1968 1130 2090 1180 res,

505 1209 780 1278 siquidem
814 1209 1074 1278 antiquus
1108 1210 1290 1263 cultus
1327 1208 1615 1279 praesentis
1664 1209 1850 1264 cultus
1896 1210 2092 1265 umbra

506 1309 562 1355 et
585 1302 766 1371 imago
792 1309 896 1356 est.
921 1301 1054 1355 Item
1078 1300 1447 1366 circumcisio,
1474 1300 1911 1366 tabernaculum,
1940 1317 2088 1367 arca,

504 1408 665 1455 urna,
692 1408 913 1456 manna,
939 1392 1329 1459 sacerdotium,
1356 1393 1642 1448 incensum
1672 1401 1727 1447 et
1756 1393 2087 1460 ablutioues,

503 1493 579 1550 et,
632 1493 694 1538 ut
744 1484 1059 1539 summatim
1113 1484 1315 1548 dicam,
1376 1500 1719 1554 quaecunque
1773 1485 1978 1539 ﬁebant
2032 1485 2089 1539 in

503 1577 802 1632 Israelitico
837 1577 1065 1647 populo,
1110 1577 1167 1631 in
1197 1578 1316 1648 lege
1346 1578 1535 1642 Mosis,
1567 1586 1663 1631 aut
1694 1578 2089 1647 prophetarum

503 1669 866 1739 temporibus,
896 1678 1123 1739 propter
1145 1670 1383 1723 animam
1409 1671 1580 1739 ipsam
1615 1669 1758 1725 facta
1785 1678 1934 1736 sunt,
1966 1685 2090 1740 qua:

502 1762 807 1816 secundum
842 1761 1137 1831 imaginem
1170 1761 1268 1815 Dei
1292 1760 1534 1824 condita,
1567 1767 1731 1828 atque
1765 1759 1869 1814 sub
1894 1761 2085 1832 jugum

2204 576 2305 645 μὲν
2324 575 2434 646 γὰρ
2460 576 2675 647 ἐχθροῖς
2688 577 2764 641 ὼς
2778 578 2868 646 δφι
2880 597 2903 642 ς
2918 581 3158 652 ἀπήντα,
3177 584 3382 639 δάκνων
3399 588 3491 641 καὶ
3503 590 3718 662 ἀναιρῶν
3731 613 3744 627 ·

2198 668 2312 729 τοῖς
2347 667 2711 736 Ἰσραηλίταις
2730 668 2786 721 δὲ
2818 667 3113 740 βακτηρία,
3136 675 3221 741 ἐφ’
3238 675 3303 745 ἣν
3329 676 3741 749 ὲπεστηρίζοντπ.

2199 755 2356 809 Οὕτω
2389 757 2485 810 καὶ
2522 757 2583 810 τὸ
2642 759 2900 830 ἀληθινὸν
2930 760 3087 824 ξύλον
3144 763 3238 816 τοῦ
3289 768 3542 837 σταυροῦ,
3570 770 3596 822 ὅ
3643 773 3742 827 ἐστι

2197 849 2455 919 Χριστὸς,
2503 850 2614 904 τῶν
2647 851 2746 921 μὲν
2775 852 2989 924 ἐχθρῶν
3035 856 3152 908 ἐστι
3208 857 3453 921 θάνατος,
3485 861 3588 914 τῶν
3608 882 3747 916 πνευ-

2199 942 2387 1009 μάτων
2411 942 2509 1012 τῆς
2541 944 2812 1012 πονηρίας
2833 963 2847 975 ·
2877 944 2987 997 τῶν
3016 944 3075 998 δὲ
3114 946 3301 1016 ψυχῶν
3331 950 3485 1019 ήμῶν
3513 951 3751 1025 βακτηρία

2196 1033 2292 1086 καὶ
2312 1032 2565 1103 ἓδρασμα
2596 1034 2839 1103 ἀσφαλὲς
2887 1040 2981 1090 καὶ
3011 1038 3146 1108 ζωὴ,
3168 1041 3252 1107 ἐφ’
3292 1042 3358 1111 ἢν
3405 1043 3753 1097 ἐπαναπαύον-

2194 1141 2302 1180 ται.
2328 1124 2504 1178 Τύποι
2525 1126 2636 1196 γὰρ
2665 1128 2759 1180 καὶ
2782 1130 2943 1188 ,σκιαὶ
2970 1130 3030 1183 τὸ
3050 1133 3177 1201 πρὶν
3201 1132 3476 1200 ἐγίγνοντο
3494 1135 3598 1186 τῶν
3626 1137 3741 1205 ἀλη-

2195 1212 2359 1266 θινῶν
2385 1213 2590 1268 τούτων
2625 1218 2999 1286 πραγμάτων·
3043 1219 3169 1272 σκιὰ
3192 1221 3297 1290 γάρ
3324 1222 3461 1285 ἐστι,
3484 1221 3573 1274 καὶ
3600 1222 3741 1275 εἰκὼν

2192 1303 2226 1373 ἡ
2258 1303 2469 1356 παλαιὰ
2494 1304 2718 1376 λατρεία
2750 1307 2847 1377 τῆς
2869 1306 2963 1361 νῦν
2989 1307 3263 1378 λατρείας.
3291 1311 3454 1378 Καὶή
3480 1309 3740 1380 περιτομὴ,

2193 1388 2288 1442 καὶ
2321 1391 2355 1461 ἡ
2387 1391 2583 1463 σκηνὴ,
2612 1393 2709 1447 καὶ
2742 1395 2774 1464 ἡ
2806 1394 3061 1460 κιϐωτὸς,
3098 1399 3194 1451 καὶ
3217 1400 3250 1467 ἡ
3285 1398 3542 1469 στάμνος,
3588 1399 3675 1451 καὶ
3700 1401 3750 1451 τὸ

2197 1480 2396 1553 μάννα,
2446 1485 2542 1537 καὶ
2592 1485 2855 1556 ίερατεία,
2895 1488 2990 1540 καὶ
3025 1489 3087 1541 τὸ
3121 1488 3398 1559 θυμίαμα,
3438 1490 3531 1543 καὶ
3585 1490 3648 1543 τὰ
3675 1490 3753 1560 βα-

2192 1575 2493 1647 πτίσματα,
2526 1578 2622 1631 καὶ
2650 1578 2990 1645 ἁπαξαπλῶς
3022 1582 3202 1634 πάντα
3223 1583 3324 1635 ὅσα
3356 1582 3576 1651 γέγονεν
3605 1583 3658 1634 ὲν
3680 1583 3745 1652 τῷ

2205 1666 2444 1738 Ἰσραὴλ,
2473 1668 2568 1721 καὶ
2592 1669 2651 1720 ὲν
2677 1668 2757 1738 τῷ
2787 1670 2937 1740 νόμῳ
2962 1671 3209 1734 Μωσέως
3228 1709 3242 1734 ,
3270 1671 3302 1741 ἢ
3350 1673 3408 1723 ἐν
3431 1674 3542 1734 τοῖς
3564 1673 3752 1742 προφή-

2191 1774 2332 1821 ταις,
2357 1756 2445 1811 διὰ
2475 1757 2573 1829 τὴν
2602 1757 2779 1829 ψυχὴν
2807 1760 3015 1830 ταύτην
3040 1762 3255 1829 γέγονε,
3284 1761 3387 1832 τὴν
3439 1761 3558 1815 κατ’
3593 1762 3751 1815 είκόνα

501 1854 807 1920 servitutis,
843 1862 900 1907 et
937 1852 1040 1907 sub
1072 1866 1302 1922 regnum
1333 1851 1690 1906 molestarum
1735 1851 2080 1907 tenebrarum

2192 1846 2326 1899 Θεοῦ
2345 1849 2746 1919 γεγενημένην,
2775 1850 2870 1903 καλ⁵
2895 1851 3170 1905 πεσοῦσαν
3198 1853 3306 1905 ὑπὸ
3331 1853 3497 1921 ζυγὸν
3514 1852 3751 1919 δουλείας,

503 1941 653 2012 lapsa
686 1951 792 1997 est.

574 2034 737 2089 XVII.
767 2033 903 2089 Cum
935 2033 1038 2089 bac
1068 2036 1217 2090 enim
1252 2037 1427 2093 voluit
1469 2038 1614 2095 Deus
1654 2040 2086 2105 communicare,

500 2126 644 2181 hanc
667 2126 874 2195 aptavit
897 2127 1002 2181 sibi
1033 2126 1089 2181 in
1121 2144 1379 2199 sponsam
1404 2133 1572 2203 regis,
1604 2133 1747 2187 hanc
1773 2145 2037 2203 eXpurgat
2058 2148 2089 2187 a

501 2217 793 2283 sordibus,
829 2226 884 2273 et
928 2218 1118 2273 abluta
1166 2208 1452 2291 nigredine
1497 2233 1554 2279 et
1606 2225 1947 2295 turpitudine
1989 2240 2088 2279 sua

504 2309 851 2379 splendidam
904 2309 1121 2388 reddit,
1170 2326 1202 2365 e
1258 2314 1682 2370 mortificatione
1726 2315 2000 2379 vivificat,
2055 2331 2087 2370 e

498 2401 833 2456 contritione
863 2410 1042 2465 curat,
1072 2411 1128 2457 et
1176 2413 1353 2473 pacat,
1386 2407 1693 2462 inimicitiis
1736 2408 1856 2477 ejus
1896 2408 2085 2462 conci-

497 2493 665 2547 liatis.
695 2491 961 2547 Creatura
982 2493 1129 2547 enim
1157 2509 1282 2549 cum
1305 2495 1398 2561 sit,
1425 2495 1481 2551 in
1514 2512 1768 2566 sponsam
1802 2496 1914 2552 tilio
1941 2497 2085 2567 regis

494 2593 681 2653 aptata
715 2592 825 2649 est,
859 2585 1114 2655 Deusque
1157 2586 1381 2657 propria
1419 2588 1625 2644 virtute
1673 2588 1904 2658 suscipit
1936 2604 2081 2655 eam,

494 2676 761 2745 paulatim
795 2677 1046 2731 eamdem
1095 2677 1429 2743 immutans,
1476 2680 1654 2735 donec
1701 2681 1917 2735 auxerit
1962 2696 2082 2736 eam

494 2782 598 2822 suo
624 2768 799 2839 ipsius
831 2768 1193 2824 incremento.
1240 2770 1502 2826 Extendit
1547 2772 1695 2827 enim
1738 2781 1796 2828 et
1828 2772 2084 2842 producit

490 2874 616 2913 eam
645 2860 714 2914 ad
742 2858 1018 2915 inﬁnitum
1050 2871 1106 2916 et
1136 2862 1465 2918 immensum
1500 2873 1877 2934 augmentum,
1906 2864 2081 2920 donec

493 2950 927 3007 incontaminata
956 2961 1011 3007 et
1046 2954 1210 3024 digna
1242 2970 1309 3009 eo
1350 2970 1550 3025 sponsa
1587 2957 1802 3011 evadat.
1834 2957 2079 3011 Primum

494 3040 643 3094 enim
687 3040 860 3111 gignit
908 3057 1029 3096 eam
1076 3043 1220 3111 apud
1266 3044 1658 3113 semetipsum,
1706 3054 1875 3115 atque
1920 3053 2081 3116 auget

494 3144 595 3198 per
628 3145 687 3184 se
713 3130 915 3199 ipsum,
946 3130 1123 3186 donec
1153 3142 1524 3202 consequatur
1550 3134 1818 3205 integram
1858 3150 2081 3189 mensu-

490 3236 611 3275 ram
648 3221 961 3276 dilectionis
1004 3224 1144 3293 ejus.
1191 3224 1313 3293 Ipse
1359 3225 1508 3279 enim
1549 3240 1674 3279 cum
1727 3226 1799 3280 sit
1845 3241 2079 3295 sponsus

494 3311 805 3381 perfectus,
858 3312 1090 3366 assumit
1140 3328 1264 3367 eam
1325 3328 1580 3383 sponsam
1637 3314 1973 3383 perfectam,
2022 3315 2077 3369 in

494 3410 760 3466 sanctam,
808 3419 1065 3457 arcanam
1117 3412 1174 3459 et
1223 3405 1562 3474 impollutam
1614 3406 1936 3462 societatem
1976 3423 2081 3461 nu-

493 3494 763 3563 ptiarum,
795 3503 1023 3564 tumque
1067 3504 1261 3565 regnat
1289 3496 1453 3551 simul
1485 3512 1609 3551 cum
1651 3512 1719 3554 eo
1761 3498 1819 3553 in
1863 3496 2076 3553 infinita

493 3585 712 3641 saecula.
757 3588 954 3641 Amen.

999 3700 1284 3756 HOMILIA
1326 3701 1555 3758 XLVIII.

884 3792 957 3847 De
995 3792 1225 3863 perfecta
1259 3793 1364 3863 ﬁde
1404 3795 1459 3849 in
1496 3795 1685 3850 Deum.

561 3908 601 3962 I.
634 3907 902 3963 Dominus
935 3907 992 3961 in
1038 3908 1336 3980 Evangelio
1363 3925 1493 3966 suos
1527 3910 1830 3983 discipulos
1852 3911 1919 3968 ad
1950 3928 2077 3983 per-

486 4000 687 4053 fectam
733 3998 899 4053 ﬁdem
941 3998 1216 4055 deducere
1260 4002 1472 4067 volens,
1506 4003 1645 4058 dixit
1679 4021 1691 4058 :
1726 4004 1829 4070 Qui
1860 4008 1915 4060 in
1962 4022 2074 4060 mo-

487 4091 603 4143 dico
636 4089 865 4159 inﬁdelis
892 4100 989 4153 est,
1032 4100 1079 4144 et
1120 4093 1177 4145 in
1204 4092 1371 4145 multo
1400 4093 1627 4161 inﬁdelis
1670 4104 1766 4151 est.
1794 4096 1866 4151 Et
1892 4099 1983 4167 qui
2019 4100 2075 4152 in

486 4182 705 4235 minimo
743 4181 915 4249 ﬁdelis
944 4190 1040 4247 est,
1068 4192 1117 4235 et
1150 4185 1202 4236 in
1236 4183 1405 4237 multo
1430 4184 1604 4252 ﬁdelis
1643 4194 1721 4239 est
1749 4186 1790 4239 “.
1822 4186 1965 4253 Quid
1992 4198 2076 4244 est

484 4272 787 4337 modicum,
813 4281 869 4327 et
890 4273 1023 4343 quid
1051 4282 1135 4329 est
1160 4276 1434 4330 multum?
1462 4276 1759 4341 Modicum,
1789 4288 1917 4332 sunt
1948 4296 2077 4349 pro-

484 4363 778 4418 missiones
810 4364 994 4419 saeculi
1029 4366 1212 4436 hujus,
1250 4382 1373 4437 quae
1405 4370 1662 4437 promisit
1707 4384 1765 4424 se
1799 4373 2075 4441 praestitu-

486 4468 611 4507 rum
634 4455 990 4512 credentibus
1018 4457 1092 4525 ei,
1118 4459 1272 4514 velut
1296 4461 1527 4527 victum,
1560 4462 1822 4518 vestitum
1851 4474 1907 4520 et
1940 4467 2068 4520 reli-

2195 1939 2290 1993 καὶ
2322 1940 2428 1993 ὑπὸ
2462 1939 2741 2009 βασιλείαν
2763 1942 2989 2006 σκότους
3016 1944 3267 2013 πικρίας.

2264 2032 2364 2085 ΙΖ’.
2389 2032 2574 2104 Ταύτῃ
2604 2028 2713 2103 γὰρ
2745 2033 3013 2104 ἠθέλησεν
3034 2037 3061 2089 ὁ
3092 2035 3225 2099 Θεὸς
3278 2038 3621 2108 κοινωνῆσαι,
3666 2037 3747 2092 καὶ

2190 2122 2395 2193 ταύτην
2413 2124 2699 2194 ἡρμόσατο
2748 2125 2934 2196 ἐαυτῷ
2966 2128 3047 2191 είς
3087 2126 3311 2198 νύμφην
3348 2128 3630 2199 βασιλέως,
3674 2131 3751 2183 καὶ

2190 2214 2397 2285 ταύτην
2423 2215 2710 2287 καθαρίζει
2741 2217 2849 2270 ἀπὸ
2873 2218 2969 2271 τοῦ
2999 2219 3175 2289 ῥύπου
3206 2220 3303 2273 καὶ
3329 2220 3604 2275 ἐκπλύνων
3626 2222 3750 2290 λαμ-

2190 2305 2388 2377 πρύνει
2415 2306 2523 2359 ἀπδ
2571 2306 2672 2376 τῆς
2705 2307 2967 2376 μελανίας
2999 2307 3096 2361 καὶ
3140 2309 3241 2379 τῆς
3283 2310 3632 2383 αἰσχρότητπ
3669 2312 3751 2365 αὑ-

2194 2397 2315 2466 τῆς,
2356 2398 2450 2452 καὶ¹
2477 2396 2738 2461 ζωοποιεῖ
2769 2401 2833 2451 ἐκ
2857 2399 2960 2469 τῆς
3012 2398 3360 2470 νεκρὼσεως,
3388 2403 3481 2456 καὶ
3517 2404 3653 2456 ίᾶται
3696 2404 3751 2456 ὲκ

2186 2486 2286 2554 τῆς
2305 2486 2663 2557 συντρίψεως,
2682 2488 2778 2541 καὶ
2806 2488 3076 2559 εἰρηνεύει
3094 2479 3268 2561 αὐτῆς
3293 2492 3395 2562 τὴν
3416 2492 3609 2565 ἔχθραν
3633 2512 3747 2547 κατ-

2186 2574 2492 2630 αλλάσσων.
2548 2578 2770 2647 Κτίσμα
2814 2578 2924 2648 γὰρ
2950 2575 3085 2633 οὖσα
3115 2582 3195 2645 είς
3221 2582 3443 2656 νύμφην
3468 2585 3542 2655 τῷ
3560 2585 3651 2655 υἱῷ
3669 2584 3749 2637 τοῦ

2189 2668 2455 2739 βασιλέως
2482 2670 2758 2740 ἡρμόσθη,
2779 2672 2874 2725 καὶ
2899 2674 2964 2743 τῇ
2996 2673 3104 2743 ίδίᾳ
3130 2674 3301 2729 αὐτοῦ
3332 2677 3561 2748 δυνάμει
3585 2680 3611 2731 ὁ
3636 2678 3749 2740 Θεὸς

2189 2756 2554 2828 παραδέχεται
2583 2758 2755 2830 αὐτὴν
2788 2760 2932 2837 κατὰ
2955 2763 3151 2832 μικρὸν
3185 2768 3747 2838 συμμεταϐαλλόμενος

2185 2847 2377 2919 αὐτὴν,
2402 2848 2508 2913 ἕως
2531 2849 2744 2923 αὐξήσῃ
2766 2852 2937 2922 αὐτὴν
2955 2854 3022 2923 τῇ
3057 2853 3160 2924 ἰδίᾳ
3188 2855 3444 2927 αὐξήσει.
3465 2858 3631 2912 Τείνει
3658 2859 3749 2926 γὰρ

2186 2942 2357 3014 αὐτὴν
2399 2943 2494 2996 καὶ
2546 2942 2779 3012 μηκύνει
2839 2946 2919 3007 είς
2968 2946 3277 3017 ἀπέραντον
3332 2951 3428 3002 καὶ
3472 2950 3753 3021 ἀμέτρητον

2183 3031 2434 3104 αὔξησιν,
2454 3032 2559 3096 ἕως
2589 3033 2654 3086 ἂν
2682 3034 2913 3104 ἄμωμος
2928 3036 3025 3088 καὶ
3051 3036 3179 3100 ἀξία
3208 3037 3379 3091 αὐτοῦ
3406 3038 3587 3109 νύμφη
3612 3040 3752 3107 γένη·

2183 3140 2292 3176 ται.
2329 3123 2555 3195 Πρῶτον
2583 3124 2692 3195 γὰρ
2718 3127 2884 3196 γεννᾷ
2913 3124 3085 3196 αὐτὴν
3109 3127 3167 3179 έν
3198 3127 3405 3199 ἑαυτῷ,
3438 3130 3529 3182 καὶ
3561 3129 3754 3195 αὐξάνει

2182 3215 2250 3268 δι’
2296 3216 2512 3280 ἑαυτοῦ,
2541 3216 2647 3279 ἕως
2679 3216 2928 3288 ἀπολάϐῃ
2958 3218 3020 3270 τὸ
3044 3217 3252 3271 τέλειον
3284 3221 3490 3291 μέτρον
3517 3220 3613 3289 τῆς
3634 3219 3754 3286 ἀγά-

2184 3321 2293 3376 πης
2318 3306 2505 3361 αὐτοῦ.
2550 3307 2721 3370 Αὐτὸς
2747 3308 2855 3378 γὰρ
2898 3306 2975 3361 ὢν
3010 3308 3217 3371 τέλειος
3238 3312 3495 3381 νυμφίος,
3519 3309 3755 3380 λαμϐάνει

2181 3398 2354 3469 αὐτὴν
2379 3398 2591 3451 τελείαν
2624 3398 2843 3470 νύμφην
2896 3401 2977 3463 είς
3007 3400 3107 3470 τὴν
3140 3399 3306 3467 ἁγίαν
3348 3403 3443 3455 καὶ
3489 3398 3749 3470 μυστικὴν,

2182 3488 2277 3542 κα)⁸
2301 3490 2572 3561 ἄχραντον
2635 3492 2922 3545 κοινωνίαν
2949 3490 3044 3544 τοῦ
3078 3493 3281 3562 γάμου,
3347 3493 3444 3547 καὶ
3470 3494 3589 3547 τότε
3628 3509 3748 3559 συμ-

2181 3582 2455 3636 ϐασιλεύει
2500 3583 2650 3654 αὐτῷ
2679 3586 2759 3647 είς
2789 3585 2916 3648 τοὺς
2941 3585 3287 3657 ἀπεράντους
3323 3586 3545 3651 αἰῶνας.
3578 3586 3747 3656 Ἀμήν.

2782 3701 3025 3755 ΟΜΙΛΙΑ
3055 3700 3198 3759 MH'.

2392 3791 2533 3862 Περὶ
2560 3792 2672 3862 τῆς
2700 3794 2939 3860 τελείας
2975 3795 3235 3860 πίστεως
3264 3796 3358 3862 εἰς
3387 3798 3554 3851 Θεόν.

2250 3906 2330 3959 Α’.
2368 3905 2427 3958 Ὀ
2460 3906 2665 3976 Κύριος
2695 3909 2753 3960 ὲν
2790 3906 2867 3976 τῷ
2926 3907 3249 3977 Εὑαγγελίῳ
3287 3910 3415 3973 τοὺς
3442 3906 3627 3963 ἑαυτοῦ
3656 3922 3749 3977 μα-

2180 3996 2347 4068 θητὰς
2366 4000 2445 4060 εἰς
2482 3998 2695 4053 τελείαν
2723 4000 2903 4052 πίστιν
2927 3999 3155 4068 ἀγαγεῖν
3179 4000 3525 4072 βουλόμενος,
3554 4000 3745 4066 ἔλεγεν⁸

2188 4088 2244 4141 '0
2271 4089 2341 4143 ἐν
2366 4089 2548 4158 ὀλίγῳ
2579 4089 2853 4157 ἄπιστος,
2882 4092 2981 4145 καί
3008 4092 3080 4146 ἐν
3097 4092 3314 4158 πολλῷ
3341 4094 3592 4158 ἄπιστός
3605 4092 3744 4144 ἐστι·

2177 4181 2276 4236 καὶ
2312 4182 2440 4235 ὀὲν
2490 4183 2672 4250 ὀλίγῳ
2730 4183 2968 4249 πιστὸς,
3023 4183 3221 4237 καὶέν
3274 4182 3489 4249 πολλῷ
3555 4181 3746 4244 πιστός

2177 4271 2329 4325 ἐστι.
2377 4272 2442 4325 Τί
2469 4273 2586 4324 ἐστι
2605 4272 2666 4324 τὸ
2699 4271 2901 4340 ὀλίγον,
2921 4272 3019 4325 ml.
3047 4273 3101 4325 τί
3130 4274 3245 4326 ἐστι
3274 4274 3338 4326 τὸ
3384 4273 3550 4339 πολύ;
3579 4270 3634 4324 τὸ
3656 4268 3746 4321 ὀλίο

2178 4381 2276 4433 γον
2326 4364 2395 4418 τὰ
2428 4364 2828 4435 ὲπαγγέλματά
2860 4367 2976 4417 ἐστι
3010 4365 3103 4417 τοῦ
3165 4365 3366 4429 αἰῶνος
3388 4365 3595 4429 τούτου,
3623 4362 3744 4427 ἅπερ

2179 4456 2451 4527 ὑπέσχετο
2478 4461 2783 4529 παρασχεῖν
2817 4459 2931 4519 τοῖς
2949 4458 3296 4509 πιστεύουσιν
3311 4458 3482 4527 αὐτῷ,
3512 4452 3617 4509 οἷον
3641 4468 3742 4521 τρο.

485 4562 652 4617 quam
701 4551 952 4620 corporis
1009 4555 1441 4623 recreationem,
1485 4566 1582 4611 aut
1631 4559 1961 4627 sanitatem,
2008 4570 2065 4615 et

2187 4549 2296 4618 ρὰς,
2324 4548 2615 4619 ἐνδύματα,
2653 4549 2746 4604 καὶ
2774 4549 2874 4620 τὴν
2903 4547 3094 4619 λοιπὴν
3117 4546 3211 4600 τοῦ
3255 4547 3506 4617 σώματος
3526 4545 3741 4599 ἀνάπαυ-

483 4642 685 4698 similia
706 4682 721 4706 ,
751 4645 1097 4714 praecipiens,
1121 4649 1348 4704 omnino
1387 4666 1495 4705 non
1529 4652 1829 4707 sollicitum
1857 4669 1978 4709 esse
2001 4655 2068 4709 de

482 4734 572 4789 his
603 4736 645 4799 ⁷,
679 4736 774 4791 sed
804 4753 902 4806 per
934 4738 1190 4793 fiduciam
1240 4741 1294 4795 in
1329 4757 1455 4796 eum
1490 4759 1735 4813 sperare,
1775 4747 1923 4815 quod
1958 4748 2069 4802 D0-

485 4827 667 4883 minus
695 4830 948 4898 provisor
979 4846 1192 4895 eorum,
1220 4833 1313 4902 qui
1342 4834 1409 4887 ad
1434 4850 1561 4888 eum
1591 4836 1937 4908 confugiunt,
1972 4854 2069 4908 per

483 4921 668 4974 omnia
703 4920 923 4975 futurus
967 4922 1057 4976 sit.
1092 4921 1320 4976 Multum
1354 4933 1561 4989 autem,
1600 4935 1728 4979 sunt
1765 4928 1955 4981 aeterni
1985 4938 2070 4981 at-

483 5030 591 5083 que
639 5014 1078 5083 incorruptibilis
1124 5016 1311 5070 saeculi
1358 5016 1525 5081 dona,
1561 5033 1683 5086 quae
1728 5019 1982 5087 promisit
2011 5035 2069 5075 se

484 5107 812 5161 collaturum
847 5108 1206 5163 credentibus
1238 5109 1291 5161 in
1333 5124 1480 5173 eum,
1520 5119 1576 5165 et
1624 5111 1691 5164 iis
1720 5111 1815 5180 qui
1861 5111 2071 5182 absque

485 5198 595 5252 ulla
628 5197 1037 5253 intermissione
1065 5199 1133 5253 de
1174 5200 1239 5253 iis
1285 5208 1417 5255 sunt
1461 5201 1704 5265 solliciti,
1738 5210 1793 5256 et
1838 5213 2072 5270 poscunt

483 5290 551 5344 ab
571 5305 658 5353 eo,
679 5289 808 5358 quia
838 5289 919 5343 sic
946 5297 1225 5360 prmcepit.
1262 5290 1353 5344 Vos
1385 5301 1584 5357 autem,
1611 5291 1824 5362 inquit,
1849 5296 2068 5363 qurcrite

483 5382 714 5450 primum
748 5396 967 5450 regnum
1004 5379 1117 5443 Dei,
1145 5390 1192 5433 et
1223 5381 1485 5445 iustitiam
1513 5385 1647 5453 ejus,
1673 5392 1721 5436 et
1751 5384 1859 5438 [uec
1888 5386 2065 5437 omnia

484 5472 801 5541 adﬁcientur
834 5470 971 5523 vobis
996 5470 1017 5502 ⁸
1053 5488 1064 5523 :
1108 5480 1166 5525 ut
1198 5487 1266 5526 ex
1310 5472 1395 5527 his
1430 5472 1662 5537 modicis
1701 5482 1755 5527 et
1796 5484 2061 5543 tempora-

483 5562 603 5616 neis
643 5562 877 5631 quisque
916 5561 1206 5630 probetur,
1241 5577 1309 5617 an
1338 5563 1527 5617 credat
1563 5563 1695 5628 Deo,
1739 5564 1886 5633 quod
1934 5580 2063 5633 pro-

485 5652 697 5706 miserit
742 5668 800 5706 se
844 5653 1191 5723 largiturum,
1228 5655 1390 5709 modo
1424 5669 1524 5709 nos
1568 5654 1635 5709 dc
1684 5656 1887 5708 talibus
1926 5655 2063 5709 nihil

556 5786 575 5816 ‘
603 5785 733 5839 Luc.
772 5802 876 5851 xw,
933 5788 1014 5841 10.
1094 5790 1111 5820 ⁷
1144 5790 1333 5844 Matth.
1379 5807 1451 5854 VI,
1488 5791 1575 5845 51.
1654 5792 1674 5821 ⁸
1707 5791 1840 5845 ibid.
1878 5794 1966 5846 53.

2177 4658 2285 4707 σιν,
2336 4640 2369 4711 ἢ
2409 4641 2642 4710 ὑγίειαν,
2692 4642 2786 4695 καὶ
2822 4641 3070 4697 τοιαῦτα.
3108 4640 3425 4711 Προστάξας
3488 4638 3560 4710 μὴ
3607 4650 3740 4707 μερι-

2177 4734 2316 4805 μνᾷν
2344 4733 2480 4797 ὅλως
2511 4734 2639 4805 περὶ
2665 4735 2894 4799 τούτων,
2941 4734 3079 4788 ἀλλὰ
3104 4738 3171 4807 τῇ
3201 4738 3281 4799 εἰς
3312 4734 3474 4791 αὑτὸν
3504 4728 3740 4795 πεποιθή-

2176 4841 2256 4877 σει
2282 4824 2545 4891 ἐλπίζειν,
2582 4828 2663 4879 ὅτι
2692 4827 2896 4899 Κύριος
2920 4830 3226 4899 προνοητὴς
3242 4828 3350 4882 τῶν
3371 4830 3450 4891 είς
3470 4824 3625 4879 αὐτὸν
3650 4835 3737 4874 xa-

2173 4918 2556 4986 ταφευγόντων
2608 4919 2748 4972 κατὰ
2780 4920 2957 4973 πάντα
2977 4920 3207 4989 γίνεται.
3234 4920 3307 4974 Τὸ
3336 4920 3391 4987 δὲ
3420 4918 3553 4971 πολὺ
3577 4913 3637 4967 τὰ
3657 4907 3737 4962 τοῦ

2176 5010 2399 5065 αἰωνίου
2432 5010 2527 5063 καὶ⁴
2554 5010 2839 5081 ἀφθάρτου
2863 5012 3060 5073 αἰῶνος
3084 5009 3385 5082 δωρήματά
3418 5011 3579 5070 ἐστιν,
3612 5004 3739 5065 ἆπερ

2176 5104 2444 5175 ὑπέσχετο
2491 5105 2798 5174 παρασχεῖν
2848 5106 2962 5164 τοῖς
3022 5102 3372 5155 πιστεύουσιν
3425 5096 3605 5169 αὐτῷ,
3657 5089 3739 5143 καὶ

2180 5195 2539 5257 ἀδιαλείπτως
2582 5197 2714 5267 περὶ
2753 5195 2977 5248 ἐκείνων
3022 5193 3355 5265 μεριμνῶσι,
3404 5192 3498 5245 καὶ
3518 5183 3739 5243 αίτοῦσιν

2178 5291 2362 5355 αὐτὸν,
2388 5292 2470 5344 ὅτι
2496 5289 2670 5353 οὕτως
2704 5290 3012 5344 ἐνετείλατο
3032 5308 3048 5323 ’
3090 5290 3287 5359 Ὑμεῖς
3307 5288 3394 5352 δὲ,
3427 5286 3574 5356 φησὶ,
3602 5274 3737 5344 πρῶ·

2175 5402 2283 5437 τον
2311 5382 2529 5451 ζητεῖτε
2566 5386 2681 5451 τὴν
2712 5384 3044 5447 ,βασιλείαν
3068 5383 3176 5437 τοῦ
3209 5381 3376 5448 Θεοῦ,
3403 5378 3499 5432 καὶ
3524 5373 3632 5442 τὴν
3657 5369 3732 5422 δι’

2174 5476 2511 5542 καιοσύνην
2530 5475 2739 5538 αὐτοῦ,
2772 5476 2867 5527 καὶ
2902 5473 3090 5529 ταῦτα
3130 5474 3326 5527 πάντα
3348 5463 3730 5539 προστεθήσε-

2173 5580 2266 5616 ται
2296 5564 2466 5632 ὑμῖν·
2509 5565 2656 5627 ὅπως
2686 5565 2750 5615 ἐκ
2790 5565 2898 5617 τῶν
2927 5564 3123 5628 ὀλίγων
3146 5564 3352 5617 τούτων
3376 5562 3468 5614 καὶ
3500 5547 3729 5626 προσκαί-

2174 5675 2284 5727 ρων
2333 5657 2639 5728 δοκιμασθῇ
2693 5656 2944 5723 ἕκαστος,
2987 5658 3035 5710 εί
3094 5656 3335 5711 πιστεύει
3375 5652 3451 5724 τῷ
3500 5644 3628 5716 Θεῷ,
3660 5642 3729 5692 δτι
