3980 6430
265 374 368 434 809

1444 361 1899 424 IIOMILIIE.“
1925 361 2123 421 HOM.‘
2148 363 2410 425 XLVIII.

3443 374 3546 437 810

259 482 635 555 ἐπηγγείλατο
670 483 994 553 παρασχεῖν,
1043 479 1202 550 ἡμῶν
1260 478 1587 549 ἀμερίμνων
1637 474 1857 547 περὶτὰ

1981 476 2135 532 imus
2159 480 2409 545 solliciti;
2438 480 2530 535 sed
2564 482 2829 536 duntaxat
2858 482 2926 537 de
2965 483 3168 539 futuris
3200 484 3364 540 rebus
3387 494 3547 541 teter-

256 573 487 628 τοιαῦτα
513 573 706 636 ὄντων,
738 572 831 624 καὶ
878 572 1039 640 μόνον
1073 570 1203 640 περὶ
1232 568 1340 622 τῶν
1375 568 1685 639 μελλόντων
1716 570 1852 621 ulm-

259 666 385 717 νίων
418 666 522 731 τὴν
555 662 813 732 φροντίδα
839 662 1094 732 ἐχόντων.

332 755 407 809 B'.
436 756 552 808 Καὶ
572 756 692 808 τότε
726 756 960 823 φανερόν
990 756 1160 817 ἐστιν,
1197 753 1279 806 ὅτι
1318 752 1563 806 πιστεύει
1589 752 1718 823 περὶ
1744 750 1853 804 τῶν

261 848 581 915 ἀφθάρτων,
616 846 709 898 καὶ
736 845 906 908 ὅντως
932 843 1087 913 ζητεῖ
1108 843 1178 897 τὰ
1205 844 1398 897 αἰώνια
1412 844 1616 910 ἀγαθὰ,
1645 844 1694 895 εἰ
1726 843 1855 912 περὶ

264 939 370 990 τῶν
401 937 712 1007 εἰρημένων
763 937 889 1005 ὑγιῆ
917 936 1016 1008 τὴν
1061 936 1245 990 πίστιν
1280 934 1578 999 ἀποσώζει.
1618 933 1856 1003 ὐφείλει

264 1030 368 1097 γὰρ
390 1028 624 1090 ἕκαστος
651 1027 760 1080 τῶν
777 1027 1167 1080 ὑπακουόντων
1196 1026 1274 1096 τῷ
1290 1028 1387 1098 τῆς
1409 1026 1667 1095 ἀληθείας
1688 1025 1854 1095 λόγῳ,

264 1119 587 1189 δοκιμάζειν
640 1120 855 1181 ἑαυτὸν,
904 1121 1000 1173 καλ⁸
1026 1119 1362 1191 ἀνακρίνειν,
1397 1120 1519 1189 ἦτοι
1555 1118 1661 1171 ὑπὸ
1690 1136 1859 1171 πνευ-

270 1210 517 1281 ματικῶν
579 1210 790 1280 ἀνδρῶν
843 1212 1237 1281 ἀνακρίνεσθαι
1293 1211 1389 1265 καὶ⁸
1435 1210 1856 1281 δοκιμάζεσθαι,

268 1301 383 1363 πῶς
418 1301 734 1365 ἐπίστευσε,
764 1303 859 1354 καὶ
884 1303 1084 1355 ἔδωκεν
1114 1303 1308 1356 ἑαυτὸν
1333 1302 1412 1373 τῷ
1441 1302 1592 1372 Θεῷ’
1617 1303 1665 1355 εἰ
1686 1302 1859 1363 ὅντως

268 1394 324 1444 ὲν
351 1391 584 1463 ἀληθείᾳ
620 1393 763 1446 κατὰ
784 1393 877 1446 τὸν
905 1393 1068 1463 λόγον
1101 1393 1292 1458 αὐτοῦ,
1330 1393 1364 1464 ἢ
1414 1394 1591 1464 οἰήσει
1637 1389 1861 1445 δικαιώ-

271 1501 404 1547 σεως
456 1484 557 1538 καὶ
598 1485 855 1549 πίστεως,
886 1487 946 1539 ὲν
1002 1486 1181 1557 ἑαυτῷ
1234 1486 1522 1539 πιστεύειν
1578 1484 1855 1556 νομίζων·

270 1574 501 1638 ἕκαστος
525 1574 634 1644 γὰρ
660 1577 708 1629 εί
758 1576 816 1628 ὲν
850 1576 928 1645 τῷ
957 1577 1125 1644 ὀλίγω
1178 1578 1370 1642 πιστός
1405 1579 1543 1642 ἐστι,
1598 1576 1861 1648 περὶτῶν

270 1668 627 1736 προσκαίρων
664 1667 827 1734 λέγω,
876 1669 1258 1739 δοκιμάζεται,
1310 1670 1407 1723 καὶ
1449 1670 1755 1740 ἐλέγχεται.
1788 1669 1864 1724 Τὸ

270 1756 321 1809 δὲ
348 1757 484 1821 πῶς,
521 1758 708 1812 ἄκουε·
733 1762 1054 1815 Πιστεύειν
1082 1761 1281 1831 λέγεις
1323 1762 1647 1827 βασιλείας
1681 1764 1863 1829 οὐρα-

1958 569 2044 624 nis
2073 586 2263 626 curam
2300 574 2686 643 suscipiamus.

2030 747 2096 802 lI.
2133 748 2201 803 Et
2230 760 2364 804 tunc
2395 752 2746 808 manifestum
2786 765 2869 809 est
2923 756 3078 810 illum
3107 755 3336 810 credere
3366 754 3433 809 de
3462 755 3549 809 in-

1959 840 2437 908 corruptibilibus,
2469 851 2525 897 et
2569 860 2760 898 revera
2801 861 3047 915 quzerere
3076 854 3282 899 aeterna
3309 846 3473 909 bona,
3503 845 3548 899 si

1960 930 2028 984 de
2049 932 2162 1001 jam
2195 932 2357 987 dictis
2400 950 2589 989 sanam
2634 936 2798 991 ﬁdem
2840 945 3152 992 conservat.
3188 938 3358 992 Debet
3400 936 3551 991 enim

1959 1026 2194 1097 quisque
2238 1042 2453 1091 eorum,
2496 1027 2591 1097 qui
2638 1028 3027 1099 obtemperant
3068 1030 3319 1084 veritatis
3355 1029 3547 1095 verbo,

1960 1118 2198 1189 probare
2226 1134 2284 1175 se
2314 1120 2513 1189 ipsum.
2555 1134 2620 1174 ac
2647 1120 2948 1185 discutere,
2984 1121 3070 1175 vel
3098 1137 3129 1175 a
3164 1121 3551 1191 spiritualibus

1959 1211 2095 1267 viris
2120 1211 2413 1282 dijudicari
2438 1221 2601 1283 atque
2628 1213 2872 1283 probari,
2909 1230 3017 1284 qua
3051 1214 3264 1270 ratione
3296 1216 3552 1270 credidc-
3636 1228 3641 1231 ‘

1962 1303 2056 1367 rit,
2083 1311 2139 1358 et
2164 1304 2276 1358 Deo
2307 1319 2364 1359 se
2400 1303 2579 1374 ipsum
2612 1304 2904 1359 tradiderit
2931 1322 2944 1358 :
2971 1321 3040 1359 an
3073 1320 3268 1361 revera
3309 1307 3365 1360 in
3402 1307 3553 1360 veri-

1964 1405 2073 1451 tate
2104 1398 2259 1467 juxta
2289 1397 2517 1451 verbum
2558 1398 2697 1467 ejus,
2732 1413 2800 1451 an
2842 1397 3103 1467 opinione
3141 1398 3555 1469 justilicationis

1968 1487 2124 1558 153
2148 1499 2203 1544 et
2228 1490 2375 1555 ﬁdei,
2400 1507 2563 1561 quam
2601 1491 2771 1547 habet
2792 1492 2936 1561 apud
2973 1507 3052 1556 se,
3078 1507 3136 1546 se
3172 1492 3399 1547 credere
3433 1491 3554 1547 exi-

1965 1581 2169 1636 stimet.
2201 1581 2444 1649 Quilibet
2482 1583 2631 1638 enim
2678 1600 2745 1639 an
2791 1584 2845 1638 in
2891 1584 3109 1639 modico
3156 1584 3333 1640 ﬁdelis
3363 1585 3456 1648 sit,
3487 1584 3555 1639 de

1968 1672 2342 1741 temporaneis
2389 1673 2620 1742 loquor.
2685 1674 2952 1743 probatur
3001 1684 3057 1729 et
3109 1676 3377 1745 arguitur.
3436 1676 3556 1741 Quo

1968 1768 2129 1828 pacto
2177 1769 2389 1823 autem,
2439 1762 2566 1815 audi
2601 1779 2614 1815 :
2646 1762 2807 1817 Aisne
2860 1772 2909 1816 te
2954 1765 3162 1817 credere
3205 1781 3365 1834 regno
3401 1765 3558 1817 ιςσείο-

271 1847 391 1900 νῶν
418 1851 877 1914 καταξιοῦσθαι,
903 1854 1000 1906 καὶ
1028 1827 1175 1920 υίὸς⁷
1192 1853 1340 1908 Θεοῦ
1367 1853 1679 1923 γεννηθεὶς
1713 1827 1861 1906 ἀνω-

1981 1870 2085 1907 rum
2125 1854 2343 1925 dignum
2390 1854 2597 1916 haberi,
2643 1864 2690 1907 et
2722 1854 2917 1908 Filium
2960 1856 3055 1908 Dei
3101 1864 3285 1909 natum
3336 1856 3559 1925 desuper

273 1945 373 1993 θεν
390 1941 700 2007 γενέσθαι,
740 1942 839 1995 καί
876 1946 1380 2013 συγκληρονόμος
1435 1945 1544 1999 τοῦ
1579 1942 1859 2011 Χριστοῦ,

272 2033 367 2086 καὶ
412 2036 503 2098 εις
561 2033 782 2099 αἰῶνας
810 2034 996 2100 ὅλους
1021 2037 1501 2104 συμϐασιλεύειν
1542 2034 1722 2099 αὐτῷ,
1764 2032 1864 2087 καὶ

272 2123 503 2192 τρυφᾷν
524 2125 597 2177 ἐν
616 2125 761 2194 φωτὶ
792 2126 1052 2195 cippum,
1078 2127 1147 2179 ἐν
1184 2127 1545 2194 ἀπεράντως
1578 2127 1679 2180 καὶ
1722 2127 1866 2181 ἁνα-

265 2217 579 2286 ριθμήτοις
612 2217 848 2285 αἰῶσιν,
882 2221 962 2283 ὡς
982 2222 1015 2273 ὀ
1043 2222 1227 2285 Θεός;
1255 2220 1483 2283 Πάντως
1521 2222 1666 2289 ἐρεῖς
1686 2236 1700 2250 ο
1729 2218 1861 2271 Ναί.

273 2310 369 2362 Διά
402 2311 616 2381 ταύτην
647 2310 755 2382 γὰρ
786 2312 887 2382 τὴν
911 2312 1093 2366 αἰτίαν
1112 2313 1480 2383 ἀναχωρήσας
1509 2312 1604 2366 τοῦ
1632 2310 1865 2381 κόσμου,

272 2403 507 2471 ἐμαυτὸν
544 2403 624 2475 τῷ
654 2404 843 2476 Κυρίῳ
867 2405 1097 2458 δέδωκα.

338 2494 411 2547 Γ¹.
445 2496 763 2564 Δοκίμασον
776 2497 957 2550 τοίνυν
982 2495 1229 2559 σεαυτὸν,
1258 2497 1330 2569 μή
1350 2496 1479 2549 ποτέ
1513 2514 1571 2550 σε
1607 2497 1868 2567 μέριμναι

273 2588 453 2655 γὴῖναι
486 2589 818 2658 κατέχουσιν
848 2588 950 2653 ἔτι,
985 2590 1080 2642 καὶ
1118 2590 1339 2659 φροντὶς
1398 2588 1568 2658 πολλὴ
1605 2589 1735 2656 περὶ
1761 2588 1868 2658 τῆς

271 2678 363 2731 τοῦ
390 2679 650 2749 σώματος
706 2681 916 2751 τροφῆς
972 2681 1066 2734 καὶ
1098 2680 1385 2745 ἐνδύσεως,
1416 2681 1511 2734 καὶ
1547 2680 1647 2749 τῆς
1676 2680 1871 2749 λοιπῆς

273 2770 595 2842 ἐπιμελείας
611 2772 705 2825 καὶ
733 2772 1116 2838 ἀναπαύσεως,
1141 2772 1217 2837 ὡς
1234 2776 1298 2843 τῇ
1326 2776 1390 2843 σῇ
1410 2774 1873 2845 δυνάμειξπεριγι-

272 2862 557 2931 γιιόμενος,
576 2865 671 2917 καὶ
683 2864 1077 2934 προνοούμενος
1098 2846 1313 2927 ἑαυτοῦ,
1340 2865 1776 2937 ἂιπροσετὰχθης
1798 2868 1870 2937 μὴ

276 2957 551 3026 μεριμνᾷν
573 2956 707 3019 ὅλως
737 2958 862 3026 περὶ
876 2955 1121 3009 σεαυτοῦ.
1146 2958 1205 3008 Ei
1227 2957 1336 3026 γὰρ
1362 2959 1639 3020 πιστεύεις
1652 2958 1719 3010 τὰ
1743 2956 1875 3011 ἀθά-

274 3061 422 3109 νατα,
439 3045 766 3109 καὶαίώνια,
787 3046 883 3099 καὶ
907 3047 1206 3118 παράμονα
1236 3046 1331 3099 καὶ
1348 3047 1555 3115 ἄφθονα
1584 3047 1872 3118 λήψεσθαι,

1966 1959 2096 2007 esse,
2143 1954 2191 1996 et
2234 1944 2551 1998 colueredem
2580 1943 2795 2005 Christi,
2831 1952 2988 2015 atque
3019 1962 3112 2015 per
3142 1954 3327 1998 cuncta
3362 1945 3559 1998 swcula

1967 2041 2015 2087 te
2061 2042 2408 2104 regnaturum
2454 2051 2572 2087 cum
2607 2052 2687 2099 eo,
2722 2045 2769 2088 et
2812 2037 3103 2106 [ruiturum
3148 2037 3347 2090 deliciis
3377 2038 3431 2089 in
3475 2036 3559 2089 lu-

1968 2128 2110 2180 mine
2139 2143 2357 2191 arcano,
2399 2143 2493 2197 per
2532 2127 2747 2195 inﬁnita
2791 2136 2839 2180 et
2884 2129 3300 2183 innumerabilia
3342 2130 3558 2192 swcula,

1970 2219 2415 2289 quemadmodum
2449 2228 2498 2272 et
2535 2220 2710 2273 Deus?
2754 2220 2957 2290 Utique
3000 2220 3153 2275 dices
3189 2239 3202 2275 :
3235 2220 3370 2275 Imo.
3426 2222 3563 2275 Pro-

1970 2319 2091 2381 pter
2124 2311 2269 2365 hanc
2300 2312 2447 2365 enim
2496 2327 2721 2365 causam
2773 2312 3057 2383 digressus
3094 2328 3126 2368 c
3174 2315 3415 2381 mundo,
3476 2330 3563 2367 me

1971 2403 2149 2473 ipsum
2184 2403 2419 2457 Domino
2456 2403 2665 2457 dedidi.

2040 2496 2131 2552 IlI.
2165 2496 2428 2550 Examina
2475 2512 2609 2566 ergo
2658 2506 2710 2551 te
2753 2498 2954 2566 ipsum,
2988 2513 3123 2552 num
3162 2497 3305 2552 forte
3338 2507 3388 2552 te
3420 2498 3565 2552 (leti-

1970 2594 2139 2641 neant
2173 2586 2354 2640 adhuc
2410 2601 2557 2640 cura:
2609 2594 2863 2651 terrenze,
2932 2595 2985 2641 et
3033 2588 3349 2642 sollicitudo
3389 2589 3562 2641 multa

1972 2675 2041 2728 de
2072 2674 2323 2744 corporis
2351 2674 2501 2728 victu
2533 2684 2587 2729 et
2617 2677 2845 2742 amictu,
2876 2692 2981 2731 nec
3005 2692 3113 2731 non
3135 2677 3347 2746 reliqua
3383 2677 3563 2731 studia

1973 2775 2029 2821 et
2071 2768 2379 2831 recreatio;
2416 2767 2571 2836 quasi
2620 2776 2710 2821 tua
2758 2768 3021 2822 facultate
3066 2778 3355 2838 promptus
3388 2770 3462 2822 sis
3502 2783 3565 2822 ac

1975 2857 2266 2927 provideas
2294 2856 2390 2909 tibi
2438 2857 2562 2926 ipsi,
2606 2874 2727 2926 qua}
2761 2858 3017 2912 mandata
3049 2860 3145 2913 tibi
3177 2867 3328 2924 sunt,
3352 2874 3420 2911 ne
3444 2875 3566 2911 01H-

1976 2950 2111 3003 nino
2159 2949 2234 3003 sis
2281 2949 2550 3003 sollicitus
2595 2949 2663 3003 de
2712 2959 2762 3004 te
2804 2950 2944 3020 ipso.
2978 2950 3034 3005 Si
3082 2952 3229 3005 cnim
3279 2951 3460 3005 credis
3515 2959 3566 3005 tc

1980 3039 2332 3102 immortalia,
2374 3051 2579 3094 aeterna
2637 3051 2693 3094 et
2727 3043 3104 3110 permanentia
3147 3051 3313 3112 atque
3361 3042 3565 3095 invidia

275 3134 419 3206 πόσῳ
449 3136 662 3208 μᾶλλον
683 3135 857 3190 ταῦτα
887 3137 955 3191 τὰ
978 3137 1367 3207 παρερχόμενα
1390 3137 1485 3189 κα)⁸
1515 3140 1701 3206 γήϊνα,
1730 3136 1871 3206 ἅπερ

1981 3133 2223 3189 carentia
2275 3142 2705 3188 consecuturum
2758 3150 2901 3198 esse,
2948 3144 3157 3204 quanto
3230 3136 3403 3206 magis
3452 3135 3571 3188 bare

274 3222 301 3273 ὁ
324 3222 451 3288 Θεὸς
484 3224 695 3278 δέδωκε
732 3225 826 3278 καὶ
873 3226 1124 3279 ἀσεϐέσιν
1148 3226 1482 3297 ἀνθρώποις,
1510 3230 1603 3281 καὶ
1633 3227 1862 3299 θηρίοις,

276 3316 362 3368 καὶ
385 3319 687 3381 πετεινοῖς,
716 3319 777 3370 οὐ
810 3318 1087 3381 πιστεύεις
1124 3319 1507 3389 παρασχέσθαι
1532 3337 1611 3372 σοι
1636 3320 1729 3371 τὸν
1762 3318 1875 3372 Κύ-

278 3407 624 3479 ριον,ὥσπερ
656 3409 749 3461 καὶ
774 3411 1098 3473 ἐνετείλατο,
1150 3412 1221 3482 μὴ
1263 3398 1536 3482 μεριμνᾷν
1561 3414 1698 3476 ὅλως
1746 3411 1875 3482 περὶ

277 3494 472 3550 τούτων
515 3497 707 3565 εἰπὼν,
768 3499 863 3565 Μὴ
900 3500 1311 3570 μεριμνήσητε
1367 3502 1420 3555 τί
1447 3502 1697 3571 φάγητε.
1745 3501 1784 3570 ’ἢ
1820 3503 1877 3555 τί

280 3588 468 3653 πίητε,
499 3588 543 3657 ἢ
594 3591 652 3642 τί
673 3590 1150 3657 περιϐάλλησθε·
1202 3593 1390 3646 ταῦτα
1436 3594 1546 3662 γὰρ
1580 3592 1780 3646 πάντα
1806 3592 1878 3645 τὰ

284 3682 425 3750 ἐι)ιή
453 3680 764 3749 ἐπιζτιτεῖ;
783 3685 831 3734 εί
866 3683 919 3734 δὲ
946 3685 1074 3754 περ).
1101 3684 1275 3739 ταῦτα
1304 3684 1384 3736 ἔτι
1422 3685 1691 3755 μέριμναν
1710 3685 1873 3755 ἔχεις,

286 3775 374 3827 καὶ
404 3777 515 3828 οὐκ
545 3775 939 3839 ὲνεπίστευσας
986 3776 1107 3829 ὅλον
1144 3776 1371 3830 σεαυτὸν
1402 3776 1477 3844 τῷ
1510 3776 1655 3847 λόγῳ
1684 3776 1872 3839 αὐτοῦ,

284 3866 466 3934 γνῶθι,
505 3868 589 3920 ὅτι
622 3869 691 3919 τὰ
718 3867 911 3920 αἰώνια
954 3867 1155 3936 ἀγαθὰ,
1185 3867 1331 3937 ἆπερ
1364 3868 1511 3921 ἐστὶν
1545 3870 1577 3938 ἡ
1632 3867 1877 3938 βασιλεία

286 3961 389 4015 τῶν
421 3964 701 4035 οὐρανῶν,
729 3964 913 4035 ἀκμὴν
945 3967 1048 4017 ούκ
1073 3966 1405 4029 ἐπίστευσας
1426 3966 1635 4027 λαϐεῖν,
1665 3967 1759 4019 καὶ
1793 3983 1874 4019 vo-

291 4055 458 4122 μίξεις
517 4058 816 4120 πιστεύειν,
874 4058 953 4109 ἔτι
1005 4061 1061 4110 ἐν
1096 4060 1207 4121 τοῖς
1243 4061 1459 4129 μικροῖς
1501 4062 1595 4112 καὶ
1622 4058 1879 4128 φθαρτοῖς

290 4147 519 4212 ἄπιστος
564 4150 983 4221 εὑρισκόμενοςο
1018 4153 1113 4205 καὶ
1141 4152 1321 4215 πάλιν,
1354 4152 1581 4220 Ὥσπερ
1621 4154 1684 4205 τὸ
1710 4152 1882 4221 σῶμα

290 4240 634 4307 τιμιώτερόν
654 4241 784 4294 ἐστι
815 4243 922 4295 τοῦ
944 4242 1301 4312 ἐνδύματος,
1330 4243 1484 4296 οὕτω
1514 4243 1613 4295 καὶ
1649 4245 1683 4310 ἠ
1707 4242 1879 4312 ψυχὴ

290 4330 601 4399 τιμιωτέρα
627 4331 756 4383 ἐστὶ
788 4332 897 4385 τοῦ
930 4333 1226 4401 σώματος.
1279 4333 1592 4397 Πιστεύεις
1646 4334 1879 4397 τοίνυν,

292 4420 379 4473 ὅτι
410 4424 444 4490 ἡ
477 4423 655 4491 ψυχή
678 4439 796 4477 σου
837 4424 956 4478 ὑπὸ
986 4425 1247 4491 Χριστοῦ
1280 4425 1449 4478 ἴασιν
1477 4424 1735 4493 δέχεται,
1763 4423 1883 4478 ἀπὸ

1980 3226 2190 3281 caduca
2222 3234 2278 3280 et
2336 3236 2573 3292 terrena,
2638 3242 2759 3295 quae
2808 3228 2953 3281 Deus
2987 3228 3223 3282 contulit
3254 3228 3337 3281 vel
3387 3227 3572 3295 impiis

1978 3318 2321 3383 hominibus,
2364 3318 2559 3373 bestiis
2602 3334 2666 3372 ac
2714 3319 3061 3383 volucribus,
3115 3319 3344 3373 credere
3402 3318 3572 3371 debes

1979 3411 2273 3464 Dominum
2322 3410 2424 3463 tibi
2476 3410 2827 3480 largiturum,
2891 3418 2953 3464 ut
2999 3426 3221 3481 quoque
3285 3410 3568 3480 praecepit,

1978 3515 2207 3569 prorsus
2259 3515 2370 3553 non
2422 3499 2490 3555 de
2550 3499 2637 3553 his
2692 3499 2991 3553 sollicitum
3047 3516 3191 3564 esse,
3225 3498 3446 3553 dicens:
3498 3498 3575 3551 Ne

1977 3592 2193 3645 solliciti
2235 3592 2349 3644 sitis
2382 3591 2507 3661 quid
2558 3591 2908 3654 manducetis,
2953 3599 3047 3643 aut
3073 3591 3197 3661 quid
3218 3591 3429 3656 bibatis,
3480 3599 3574 3643 aut

1980 3700 2081 3753 quo
2113 3683 2452 3753 operiamini.
2489 3682 2613 3735 Ilwc
2641 3684 2779 3735 enim
2804 3684 2981 3735 omnia
3015 3692 3191 3751 gentes
3220 3684 3577 3753 inquirunt"?

1983 3775 2076 3830 Sin
2108 3775 2176 3829 de
2201 3775 2289 3829 his
2319 3775 2501 3828 adhuc
2531 3790 2721 3827 curam
2755 3775 2923 3843 geris,
2956 3789 3059 3827 nec
3095 3774 3277 3828 credis
3316 3784 3366 3827 te
3394 3774 3574 3842 ipsum

1984 3874 2157 3919 totum
2193 3866 2365 3920 verbo
2412 3865 2583 3929 illius,
2642 3865 2801 3927 scito,
2840 3872 2913 3929 te,
2946 3864 3092 3934 quod
3144 3873 3350 3918 mterna
3405 3864 3573 3927 bona,

1982 3971 2105 4024 quae
2136 3964 2265 4010 sunt
2288 3970 2519 4025 regnum
2555 3955 2847 4019 caelorum,
2879 3963 3278 4009 consecuturus
3310 3956 3407 4020 sis,
3437 3970 3579 4007 non-

1982 4047 2113 4099 dum
2146 4046 2396 4109 credere,
2432 4047 2686 4115 quamvis
2726 4056 2884 4115 putes
2919 4056 2970 4098 te
2993 4045 3244 4110 credere,
3275 4047 3362 4099 vel
3395 4045 3579 4100 adhuc

1985 4138 2041 4192 in
2069 4139 2284 4209 exiguis
2310 4148 2365 4193 et
2411 4138 2877 4208 corruptibilibus
2912 4137 3235 4193 incredulus
3265 4138 3580 4207 deprehen-

1986 4247 2099 4286 sus.
2129 4232 2197 4285 Et
2229 4232 2431 4285 iterum
2474 4248 2489 4284 :
2532 4231 2680 4285 Sicut
2714 4248 2903 4301 corpus
2948 4230 3065 4300 plus
3110 4241 3183 4283 est
3229 4248 3391 4301 quam
3427 4234 3581 4284 vesti-

1986 4330 2244 4388 mentum,
2281 4324 2356 4376 sic
2380 4323 2563 4377 anima
2618 4322 2736 4393 plus
2761 4332 2834 4375 est
2870 4340 3029 4393 quam
3060 4340 3251 4393 corpus
3288 4324 3352 4376 ¹⁰.
3388 4324 3582 4378 Credis

1986 4434 2138 4489 ergo,
2169 4420 2409 4471 animam
2442 4425 2588 4470 tuam
2616 4432 2711 4487 per
2754 4416 3019 4471 Christum
3050 4416 3309 4470 medelam
3339 4421 3581 4488 consequi

294 4508 408 4563 τῶν
444 4514 705 4567 αἰωνίων
735 4514 834 4566 καὶ
877 4516 1299 4581 ἀθεραπεύτων
1356 4514 1518 4583 παρὰ
1551 4513 1871 4581 ἀνθρώποις

1992 4530 2022 4565 ιι
2059 4512 2326 4581 perpetuis
2354 4517 2403 4563 et
2428 4509 2807 4563 incurabilibus
2832 4510 2975 4580 apud
3000 4511 3234 4564 homines
3257 4510 3581 4576 vulneribus,

293 4606 663 4674 τραυμάτων,
684 4607 803 4659 τῶν
832 4608 1038 4661 παθῶν
1059 4607 1170 4675 τῆς
1188 4608 1451 4677 ἀτιμίας,
1472 4606 1547 4659 δι’
1567 4606 1647 4673 ἣν
1661 4607 1757 4658 καὶ
1776 4602 1871 4675 ἦλ-

1989 4602 2353 4673 ignominiosis
2412 4602 2667 4655 nimirum
2728 4602 3107 4671 affectionibus,
3160 4613 3583 4674 proptertquam

298 4696 399 4745 θεν
426 4697 689 4751 ἐνταῦθα
710 4701 743 4752 ό
772 4700 991 4768 Κύριος
1015 4700 1115 4752 ἵνα
1135 4700 1251 4753 νῦν
1280 4699 1387 4765 τὰς
1416 4698 1622 4767 ψυχὰς
1648 4696 1769 4751 τῶν
1791 4711 1871 4750 πι·

1991 4713 2194 4768 quoque
2222 4698 2322 4750 huc
2350 4697 2487 4749 venit
2526 4696 2804 4761 Dominus,
2842 4705 2899 4750 ut
2939 4714 3077 4750 nunc
3108 4698 3318 4750 animas
3346 4697 3585 4764 ﬁdelium

298 4786 459 4839 στῶν
495 4790 838 4858 θεραπεύσῃ
868 4791 935 4843 ἐκ
968 4789 1089 4844 τῶν
1112 4791 1374 4845 ἀνιάτων
1401 4791 1630 4855 παθῶν,
1661 4791 1759 4841 καὶ
1782 4806 1871 4842 κα-

1988 4798 2135 4859 curet
2165 4808 2195 4843 ιι
2225 4805 2328 4841 non
2376 4787 2696 4841 curabilibus
2730 4788 3111 4859 aﬂ'ectionibus,
3158 4797 3207 4842 et
3254 4798 3497 4859 repurget
3550 4807 3583 4842 α

299 4879 513 4947 θαρίσῃ
549 4879 617 4932 ἐκ
643 4879 751 4932 τοῦ
792 4882 1001 4949 ῥύπου
1045 4880 1155 4950 τῆς
1189 4882 1419 4951 λέπρας
1448 4880 1560 4949 τῆς
1594 4880 1826 4946 κακίας,
1858 4885 1891 4936 ό

295 4968 480 5037 μόνος
499 4972 789 5039 ἀληθινὸς
813 4976 1014 5042 ἰατρὸς
1045 4975 1144 5029 καὶ
1170 4977 1576 5047 θεραπευτής;
1618 5009 1623 5014 -

371 5062 443 5116 Δ¹.
506 5064 703 5134 Ἐρεῖς,
758 5066 1006 5133 Πάντως
1052 5070 1334 5125 πιστεύω,
1381 5072 1483 5137 Εἰς
1542 5072 1721 5128 τοῦτο
1776 5070 1887 5141 γὰρ

304 5146 553 5221 ἕστηκα,
608 5158 707 5211 καὶ
738 5160 966 5227 ταύτην
1011 5160 1131 5228 ἔχω
1159 5162 1275 5229 τὴν
1293 5164 1684 5229 προσδοκίαν.
1712 5162 1886 5215 Γνῶθι

306 5242 503 5311 τοίνυν,
539 5250 839 5321 ἐρευνήσας
872 5251 1127 5316 σεαυτὸν,
1164 5253 1238 5322 μή
1279 5254 1412 5306 ποτέ
1455 5272 1516 5307 σε
1554 5258 1622 5308 τὰ
1649 5252 1888 5325 σαρκικά

310 5334 454 5416 Ῥάθη
485 5338 621 5409 πρὸς
653 5341 867 5411 ἰατροὺς
902 5345 1125 5413 γηῖνους
1177 5346 1466 5416 ἀποφέρει,
1522 5347 1597 5409 ὡς
1629 5344 1888 5415 Χριστοῦ,

309 5413 352 5486 ᾧ
375 5424 723 5495 ὲπίστιυσας,
746 5433 821 5503 μὴ
849 5434 1150 5504 δυναμένου
1174 5454 1233 5489 σε
1256 5436 1613 5506 θεραπεῦσαι.
1651 5438 1756 5489 Ἴδε
1774 5436 1893 5499 πῶς

315 5522 533 5575 σεαυτὸν
560 5526 894 5595 ἀπατᾷς,ὅτι
921 5527 1163 5598 νομίζεις
1199 5529 1498 5597 πιστεύειν,
1528 5529 1757 5600 μηδέπω
1802 5546 1893 5581 πι-

316 5612 536 5680 στεύων,
567 5617 642 5681 ὼς
683 5618 763 5671 δεῖ
788 5618 848 5683 ἐξ
897 5620 1177 5690 ἀληθείας.
1225 5624 1286 5676 Et
1310 5624 1418 5693 γὰρ
1456 5623 1525 5677 τὰ
1569 5621 1766 5677 αἰώνια
1800 5624 1892 5677 καὶ

384 5789 407 5821 ’
442 5794 635 5850 Matth.
666 5814 733 5861 γι,
762 5797 851 5851 52.
937 5802 977 5828 ¹⁰
1006 5801 1146 5855 ibid.
1181 5803 1266 5857 25.

1992 4884 2231 4937 sordibus
2269 4881 2425 4951 lepra:
2482 4882 2748 4952 nequitiaz,
2775 4883 2865 4951 qui
2899 4881 3043 4935 solus
3077 4897 3231 4934 verus
3272 4881 3500 4933 medicus
3536 4889 3583 4933 et

1992 4988 2208 5030 curator
2236 4984 2334 5027 est.

2065 5069 2153 5124 IV.
2184 5068 2379 5122 Dices:
2414 5066 2601 5135 Utique
2649 5065 2821 5119 credo.
2867 5064 2927 5119 In
2955 5065 3049 5118 hoc
3082 5064 3221 5117 enim
3260 5064 3505 5127 consisto,
3540 5070 3587 5116 et

1994 5162 2135 5214 hanc
2171 5160 2317 5229 foveo
2362 5174 2508 5226 spem
2538 5174 2601 5209 ac
2626 5156 2902 5224 ﬁduciam.
2933 5155 3283 5225 Quapropter
3318 5170 3587 5224 cognosce

1993 5268 2058 5306 ac
2086 5259 2337 5307 scrutare
2368 5258 2418 5303 te
2456 5250 2657 5318 ipsum,
2694 5264 2825 5301 num
2860 5248 3157 5317 aliquando
3188 5247 3364 5301 morbi
3389 5261 3586 5315 corpo-
3626 5314 3631 5319 ε

1994 5345 2075 5400 rei
2108 5344 2176 5398 ad
2202 5343 2445 5396 medicos
2479 5349 2733 5395 terrenos
2766 5352 2817 5396 te
2843 5341 3146 5405 deducant,
3178 5340 3409 5411 perinde
3441 5354 3505 5393 ac
3534 5339 3579 5393 si

1993 5437 2267 5502 Christus,
2304 5435 2392 5490 cui
2445 5435 2754 5500 credidisti,
2801 5444 3040 5504 nequeat
3073 5444 3123 5489 te
3184 5447 3399 5488 curare.
3450 5431 3587 5487 Vide

1994 5545 2106 5600 quo
2126 5536 2288 5598 pacto
2313 5535 2367 5581 te
2392 5526 2573 5596 ipsum
2608 5525 2870 5596 decipias,
2909 5526 3037 5594 quia
3063 5534 3225 5595 putas
3253 5533 3305 5578 te
3334 5522 3584 5581 credere,

1996 5621 2091 5691 qui
2138 5618 2407 5684 nondum,
2470 5627 2529 5673 ut
2584 5625 2826 5687 oportet,
2888 5632 3015 5671 vere
3084 5615 3285 5671 credis.
3338 5614 3393 5670 Si
3437 5615 3585 5669 enim
