3980 6460
461 349 559 404 δΙΙ

1718 348 1776 410 S.
1814 348 2136 408 MACABII
2178 344 2502 407 IEGYPTII

3622 352 3715 415 812

452 467 655 510 aeterna
695 465 752 512 et
786 456 1113 514 incurabilia
1144 459 1471 515 immortalis
1504 458 1699 515 anima:
1739 459 1969 514 vulnera
1995 467 2048 513 et

2154 457 2507 527 ἀθεράπευτα
2529 454 2629 525 τῆς
2652 454 2927 510 ἀθανάτου
2944 453 3125 525 ψυχῆς
3140 455 3454 528 τραύματα,
3470 459 3562 514 καὶ
3582 464 3715 536 πάθη

456 547 780 604 affectiones
828 551 1056 622 yitiosas
1100 551 1437 607 credidisses
1491 566 1522 605 a
1585 550 1807 605 Christo
1836 547 2045 613 curari,

456 640 717 696 crederes
763 657 988 713 quoque
1035 659 1163 699 eum
1212 659 1373 714 posse
1418 657 1617 697 curare
1664 650 2050 711 temporaneas

458 734 708 802 corporis
730 735 1052 792 affectiones
1077 745 1133 791 et
1160 738 1405 802 morbos,
1427 745 1593 805 atque
1608 735 1677 790 ad
1708 750 1837 790 eum
1867 733 2047 790 solum

460 824 787 896 confugeres
819 828 1071 898 neglecta
1114 828 1457 883 medicorum
1497 826 1772 882 industria
1803 834 1860 881 et
1889 840 2046 880 cura.

460 914 564 982 Qui
596 917 743 971 enim
794 918 1033 973 animam
1081 918 1352 983 condidit,
1400 919 1519 989 ipse
1575 933 1797 989 quoque
1848 931 2051 986 corpus

462 1009 709 1063 creavit:
743 1017 800 1064 et
833 1011 927 1079 qui
964 1012 1110 1066 illam
1134 1011 1503 1065 immortalem
1538 1019 1715 1074 sanat,
1741 1009 1888 1064 idem
1909 1023 2050 1079 quo-

462 1112 571 1168 que
603 1114 808 1171 corpus
845 1118 876 1156 a
915 1101 1288 1173 temporaneis
1318 1100 1711 1157 affectionibus
1740 1109 1798 1157 et
1833 1098 2045 1155 morbis

462 1205 659 1246 curare
687 1203 888 1261 potest.

533 1280 598 1334 V.
641 1282 839 1337 Verqu
870 1283 1058 1353 utique
1092 1284 1212 1339 haec
1236 1283 1372 1339 mihi
1411 1282 1596 1339 dices:
1628 1282 1710 1338 Ad
1741 1282 2051 1336 medendum

462 1375 672 1444 corpori
701 1377 951 1430 concessit
988 1376 1127 1431 Deus
1171 1386 1285 1431 tum
1317 1377 1505 1432 herbas
1535 1384 1712 1441 terra,
1741 1383 1853 1428 tum
1886 1376 2053 1445 phar-

463 1483 640 1532 maca,
670 1475 828 1538 atque
890 1468 1216 1523 medicorum
1260 1471 1429 1540 officia
1479 1468 1549 1522 ad
1574 1468 1806 1539 corporis
1844 1468 2052 1522 morbos

461 1563 821 1631 praeparavit,
863 1563 1167 1633 disponens,
1203 1572 1260 1617 ut
1315 1579 1506 1635 corpus
1540 1577 1567 1615 e
1607 1569 1753 1616 terra
1781 1570 2052 1631 sumptum

461 1653 622 1707 variis
652 1670 679 1707 e
709 1662 854 1709 terra
884 1658 1013 1710 ortis
1034 1656 1301 1727 speciebus
1324 1664 1558 1710 curetur.
1601 1655 1880 1712 Conﬁteor
1917 1668 2053 1723 quo-

460 1762 569 1816 que
613 1763 716 1818 ego
744 1747 862 1803 haec
887 1747 960 1804 ita
997 1764 1055 1803 se
1090 1748 1324 1815 habere;
1357 1763 1552 1803 verum
1606 1745 1851 1811 attende,
1884 1756 1940 1801 et
1970 1745 2053 1799 in-

462 1839 675 1910 telliges
722 1840 972 1906 modum,
1009 1841 1216 1911 quibus
1264 1840 1381 1895 haec
1426 1839 1555 1895 data
1604 1838 1734 1902 sint,
1768 1845 1824 1893 et
1848 1836 2053 1908 quibus
2084 1826 2125 1880 Β

460 1929 577 1985 lucc
598 1933 936 1988 concesserit
958 1933 1103 1988 Deus
1138 1947 1351 1987 summa
1382 1939 1438 1986 et
1466 1930 1679 1985 inﬁnita
1711 1929 2053 1984 humanitate

459 2035 523 2073 ac
592 2020 933 2092 benignitate
981 2021 1202 2077 ductus.
1259 2020 1398 2077 Cum
1448 2020 1747 2076 excidisset
1796 2019 1964 2074 homo
2021 2034 2054 2073 a

460 2111 739 2175 mandato,
781 2112 928 2181 quod
976 2122 1288 2184 acceperat,
1325 2119 1382 2167 et
1416 2111 1627 2183 judicio
1654 2110 1749 2166 ira!
1775 2110 2052 2166 obnoxius

458 2200 643 2256 factus
666 2212 832 2265 esset,
873 2212 929 2259 et
962 2205 1115 2261 velut
1154 2205 1209 2259 in
1246 2203 1624 2275 captivitatem
1654 2211 1711 2258 et
1740 2201 2050 2267 infamiam,

462 2289 623 2362 ῙξῑάΙ
636 2301 691 2346 et
709 2293 761 2346 in
782 2294 1066 2365 cujusdam
1085 2295 1291 2350 mctalli
1310 2294 1603 2359 officinam,
1619 2309 1652 2348 a
1668 2292 1881 2348 deliciis
1895 2309 2049 2363 para-

457 2385 563 2440 disi
588 2386 642 2440 in
681 2387 830 2443 hunc
852 2390 1121 2444 mundum
1147 2390 1571 2455 exterminatus,
1596 2396 1654 2445 et
1680 2387 1783 2444 sub
1810 2396 2053 2458 potesta-

460 2487 566 2534 tem
594 2481 947 2537 tenebrarum
979 2482 1256 2548 redactus,
1288 2481 1534 2536 inﬁdelis
1562 2495 1758 2536 errore
1803 2478 2052 2533 affectio-

457 2586 589 2625 num
613 2571 864 2628 redditus
886 2582 1054 2637 esset,
1076 2575 1295 2630 tandem
1320 2575 1374 2629 in
1399 2575 1718 2631 affectiones
1742 2584 1799 2631 et
1828 2572 2052 2629 morbos

456 2662 642 2718 carnis
680 2664 896 2730 incidit,
929 2667 1023 2736 qui
1052 2667 1207 2737 prius
1233 2668 1413 2723 omnis
1446 2668 1761 2724 affectionis
1783 2677 1841 2723 et
1870 2665 2052 2722 morbi

455 2766 577 2811 erat
627 2771 845 2826 expers.
880 2759 1038 2814 Patet
1065 2774 1197 2830 ergo
1236 2774 1431 2815 omnes
1457 2775 1679 2830 quoque
1715 2776 1783 2815 ex
1832 2775 1901 2815 eo
1923 2774 2051 2829 pro-

456 2846 674 2916 genitos
707 2848 764 2904 in
797 2849 1019 2905 easdem
1049 2850 1375 2907 affectiones
1408 2849 1664 2921 delapsos
1691 2866 1836 2906 esse.

530 3044 616 3099 VI.
641 3044 932 3103 Concessit
962 3062 1095 3118 ergo
1133 3047 1251 3102 haec
1281 3048 1430 3102 Deus
1458 3046 1696 3102 inﬁrmis
1721 3056 1779 3103 et
1808 3046 2048 3102 inﬁdeli-

460 3136 585 3201 bus,
608 3138 803 3194 nolens
834 3138 1062 3193 omnino
1091 3139 1273 3208 perire
1293 3139 1592 3193 obnoxium
1617 3138 1861 3208 peccatis
1876 3153 2050 3209 genus

461 3226 787 3295 humanum,
825 3245 927 3301 pro
978 3245 1192 3284 summa
1220 3246 1321 3286 sua
1366 3232 1685 3286 clementia.
1743 3230 1852 3285 Sed
1899 3229 2053 3285 dedit

461 3325 532 3379 ad
565 3323 1012 3392 refocillandum,
1032 3327 1360 3393 sanandum,
1393 3334 1450 3381 et
1483 3326 1792 3381 curandum
1826 3340 2050 3395 corpus,

461 3416 759 3486 pharmaca
815 3418 983 3489 hujus
1042 3418 1236 3472 mundi
1284 3417 1607 3473 hominibus
1668 3427 1727 3472 et
1772 3418 2053 3471 extraneis

458 3509 720 3566 omnibus
758 3529 770 3564 :
806 3511 1011 3581 quibus
1034 3510 1204 3566 etiam
1235 3525 1332 3565 eos
1366 3510 1449 3564 uti
1478 3508 1752 3580 permisit,
1787 3509 1882 3579 qui
1914 3524 2054 3564 non-

459 3602 594 3656 dum
627 3603 740 3657 Deo
792 3618 852 3657 se
900 3611 1045 3658 totos
1095 3602 1433 3659 concredere
1481 3611 1737 3672 possunt.
1771 3602 1854 3657 Tu
1893 3617 2049 3667 vero,

459 3695 555 3765 qui
584 3696 890 3749 solitariam
925 3696 1042 3765 agis
1076 3696 1269 3760 vitam,
1302 3695 1398 3765 qui
1457 3695 1741 3750 accessisti
1795 3693 1862 3748 ad
1892 3693 2052 3749 Chri-

458 3796 628 3852 stum,
660 3788 755 3858 qui
811 3787 984 3842 Filius
1011 3787 1108 3842 Dei
1131 3802 1254 3842 esse
1285 3786 1592 3850 desideras,
1632 3785 1726 3857 qui
1757 3785 1997 3856 desuper
2020 3802 2052 3842 e

460 3877 669 3949 Spiritu
691 3878 843 3934 nasci
870 3877 1106 3948 expetis,
1142 3878 1236 3949 qui
1274 3878 1630 3934 sublimiores
1649 3884 1706 3931 et
1727 3876 2048 3947 ampliores,

458 3984 626 4041 quam
650 3970 862 4039 primus
890 3968 1079 4035 homo,
1114 3968 1296 4023 omnis
1328 3968 1641 4024 affectionis
1664 3982 1885 4037 expers,
1922 3983 2052 4037 pro-

457 4058 754 4113 missiones
799 4056 1085 4125 accepisti,
1122 4055 1496 4127 gratissimum
1537 4055 1799 4110 nimirum
1830 4057 2049 4111 Domini

459 4146 780 4212 adventum,
816 4145 915 4217 qui
967 4146 1296 4216 peregrinus
1329 4145 1494 4216 hujus
1526 4145 1721 4200 mundi
1753 4161 1815 4201 es
1848 4146 2046 4211 factus,

457 4239 632 4308 magis
661 4252 860 4292 novam
884 4237 1181 4305 quamdam
1215 4243 1272 4290 et
1293 4234 1641 4305 peregrinam
1670 4234 1856 4302 ﬁdem,
1883 4236 2049 4290 intel-

456 4328 662 4384 lectum
712 4336 769 4381 et
841 4325 1211 4382 conversandi
1265 4326 1538 4380 rationem
1603 4333 1806 4395 praeter
1856 4341 2051 4383 omnes

455 4419 625 4490 hujus
650 4418 843 4474 mundi
876 4418 1131 4473 homines
1160 4416 1415 4472 obtinere
1444 4416 1635 4471 debes.
1665 4416 1851 4473 Gloria
1875 4418 2046 4485 Patri,

455 4521 511 4565 et
563 4510 726 4572 Filio,
750 4518 807 4564 et
837 4508 1069 4579 Spiritui
1104 4516 1317 4572 sancto,
1352 4507 1409 4561 in
1438 4506 1636 4562 sarcula
1666 4508 1864 4563 Amen.

991 4728 1279 4786 HOMILIA
1318 4729 1507 4786 XLIX.

450 4821 571 4877 Non
618 4823 760 4895 satis
789 4832 865 4877 est
919 4822 1313 4895 hujussazculi
1366 4823 1581 4895 delicias
1623 4825 1916 4895 reliquisse,
1944 4826 2045 4877 nisi

559 4895 677 4965 quis
705 4894 926 4949 alterius
948 4893 1129 4949 saeculi
1156 4894 1532 4949 beatitudinem
1563 4893 1934 4967 consequatur.

528 5071 586 5128 Si
616 5073 744 5143 quis
772 5088 1030 5144 egressus
1055 5089 1087 5128 e
1112 5072 1377 5143 propriis,
1405 5072 1541 5128 huic
1589 5072 1797 5129 mundo
1830 5088 2037 5129 renun-

453 5168 575 5231 tiet,
630 5177 686 5223 et
710 5168 929 5225 deliciis
970 5170 1137 5242 hujus
1182 5170 1391 5236 saeculi,
1418 5180 1534 5225 tum
1572 5171 2035 5240 possessionibus,

451 5270 569 5315 tum
622 5270 802 5331 patre,
835 5271 950 5316 tum
1010 5271 1209 5328 matre,
1234 5262 1455 5318 Domini
1505 5264 1703 5333 gratia,
1744 5266 1954 5321 relictis
1982 5277 2039 5321 et

453 5353 678 5418 amotis,
715 5370 773 5408 se
803 5355 985 5424 ipsum
1015 5356 1410 5428 cruciﬁgendo,
1444 5359 1789 5428 peregrinus,
1829 5376 2040 5431 pauper

450 5455 509 5500 et
534 5460 743 5516 egenus
770 5446 900 5514 ﬁat;
937 5463 1040 5517 pro
1084 5449 1272 5519 quiete
1315 5459 1499 5505 autem
1528 5450 1694 5521 hujus
1737 5454 1921 5509 saeculi
1953 5469 2040 5509 re-

453 5535 639 5602 quiem
688 5537 933 5593 divinam
964 5538 1019 5593 in
1078 5554 1137 5594 se
1198 5541 1318 5610 ipso
1363 5557 1475 5596 non
1537 5543 1820 5611 inveniat;
1854 5556 1911 5601 et
1938 5561 2040 5615 pro

454 5624 672 5681 deliciis
708 5631 1102 5698 temporaneis,
1135 5630 1365 5686 delicias
1390 5632 1630 5703 Spiritus
1655 5636 1710 5689 in
1748 5652 1846 5691 sua
1873 5637 2047 5707 ipsius

454 5715 639 5770 anima
694 5735 803 5773 non
853 5722 1088 5786 sentiat;
1124 5729 1183 5791 et
1219 5738 1317 5793 pro
1364 5726 1822 5794 corruptibilibus
1877 5728 2047 5783 vesti-

457 5804 673 5865 mentis.
734 5809 1061 5867 vestimenta
1116 5796 1318 5867 divina:
1380 5814 1523 5869 lucis
1568 5831 1681 5871 non
1733 5816 1928 5873 induat
1987 5817 2043 5874 in

2148 550 2348 614 κακίας
2367 550 2697 613 ἐπίστευσας
2735 549 2841 602 ὑπὸ
2880 547 3116 619 Χριστοῦ
3146 550 3575 622 θεραπευθῆναι,
3611 558 3719 610 ὲπί-

2150 659 2337 706 στευες
2370 641 2435 695 ἂν
2454 639 2602 710 αὑτῷ
2627 638 2839 709 δυνατῷ
2860 638 2974 692 ὄντι
2995 640 3347 711 θεραπεύεινς
3366 644 3464 696 καὶ
3483 645 3551 697 τὰ
3567 647 3721 715 πρόσ-

2148 751 2316 803 καιρα
2365 731 2459 785 τοῦ
2500 730 2753 801 σώματος
2795 729 2945 801 πάθη
2985 731 3082 785 καὶ
3107 732 3417 803 νοσήματα,
3460 734 3556 787 καὶ
3598 738 3722 807 πρὸς

2150 826 2315 880 αὑτὸν
2344 825 2411 879 ἂν
2441 823 2601 895 μόνον
2640 824 2980 893 κατέφευγες
3017 823 3304 895 ὑπερορῶν
3338 826 3597 897 ἰατρικῶν
3619 831 3726 883 ἑπι-

2149 919 2522 991 τηδευμάτων,
2557 918 2650 972 καὶ
2678 916 3007 988 θεραπειῶν,
3054 916 3112 970 Ὀ
3152 918 3261 989 γὰρ
3280 918 3384 990 τὴν
3412 920 3588 991 ψυχὴν
3622 925 3727 976 κτι.

2154 1029 2272 1077 σας,
2296 1012 2457 1075 αὐτὸς
2480 1012 2573 1064 καὶ
2602 1010 2663 1064 τὸ
2694 1009 2854 1081 σῶμα
2882 1008 3155 1079 πεποίηκε
3176 1026 3190 1041 ο
3222 1011 3320 1063 καὶ
3350 1011 3381 1064 6
3409 1013 3624 1083 ἐκείνην
3638 1016 3727 1084 τὴν

2151 1103 2420 1159 ἀθάνατον
2445 1100 2698 1173 ἰώμενος,
2744 1100 2911 1163 αὐτὸς
2952 1102 3012 1155 τὸ
3052 1100 3214 1172 σῶμα
3237 1102 3468 1157 δύναται
3498 1105 3604 1158 ἀπὺ
3631 1106 3727 1159 τῶν

2154 1195 2506 1266 προσκαίρων
2544 1193 2732 1247 παθῶν
2761 1194 2859 1248 καὶ
2898 1194 3223 1266 νοσημάτων
3255 1192 3613 1265 θεραπεῦσαι.

2223 1290 2303 1344 Ε’.
2356 1289 2518 1342 Ἀλλά
2569 1287 2787 1351 πάντως
2832 1288 2977 1357 ὲρεῖς
3033 1303 3124 1356 μοι
3157 1286 3330 1339 ταῦτα
3354 1302 3367 1317 ·
3406 1284 3492 1351 Τῷ
3520 1285 3730 1355 σώματι

2152 1385 2379 1439 ἔδωκεν
2400 1386 2432 1439 ό
2451 1382 2597 1449 Θεὸς
2623 1384 2711 1447 είς
2739 1382 3081 1449 θεραπείαν,
3112 1379 3221 1446 τάς
3254 1397 3323 1434 τε
3345 1378 3616 1446 βοτάνας
3633 1378 3728 1448 τῆς

2153 1477 2289 1548 γῆς,
2322 1476 2423 1531 καί
2464 1475 2537 1529 τὰ
2553 1474 2857 1544 φάρμακα,
2894 1473 2995 1526 καί
3025 1471 3248 1541 ἰατρῶν
3275 1472 3727 1541 ἐπιτηδεύματα,

2153 1569 2305 1638 πρός
2327 1569 2396 1623 τὰ
2425 1566 2532 1622 τοῦ
2564 1566 2841 1635 σώματος
2862 1563 3021 1633 πάθη
3046 1565 3506 1633 προευτρέπισε,
3538 1564 3604 1617 τὸ
3620 1563 3727 1618 ἀπὸ

2154 1663 2268 1735 τῆς
2285 1661 2358 1717 ὃν
2377 1660 2549 1730 σῶμα
2578 1657 3013 1724 θεραπεύεσθαι
3041 1655 3487 1726 οἰκονομήσας,
3518 1656 3587 1709 ἐκ
3623 1654 3728 1708 τῶν·

2154 1755 2268 1823 τῆς
2313 1751 2426 1823 τῆς
2471 1750 2770 1820 διαφόρων
2809 1746 3004 1802 εἰδῶν.
3071 1745 3341 1817 Σύμφημι
3393 1742 3551 1814 κάγὼ
3574 1742 3730 1797 ταῦτα

2154 1847 2328 1910 οὕτως
2355 1845 2499 1915 ἔχειν
2522 1860 2536 1873 ·
2556 1842 2692 1897 ἀλλά
2722 1840 2983 1912 πρόσεχε,
3035 1838 3132 1892 καὶ
3161 1838 3353 1909 γνώσῃ
3380 1836 3473 1890 τὸν
3525 1834 3728 1906 τρόπον,

2154 1940 2266 1995 τίσι
2324 1936 2501 1992 ταῦτα
2550 1936 2784 2001 δέδοται,
2847 1934 2944 1987 καὶ
2969 1932 3113 1986 τίσιν
3134 1928 3551 2001 ᾠκονόμησενό
3592 1924 3728 1989 Θεὸς,

2154 2028 2298 2083 κατά
2320 2027 2522 2097 πολλὴν
2544 2026 2638 2079 καὶ
2666 2025 2896 2094 ἄπειρον
2928 2021 3346 2092 φιλανθρωπίαν
3368 2018 3467 2073 καὶ
3515 2015 3733 2089 χρηστό-

2152 2137 2313 2192 τητα.
2351 2115 2632 2174 Ἐκπεσὼν
2670 2117 2699 2169 6
2729 2117 3017 2186 ἄνθρωπος
3043 2112 3153 2167 ἀπὸ
3182 2111 3286 2182 τῆς
3316 2108 3544 2179 ἐντολῆς
3572 2102 3636 2177 ἧς
3659 2107 3730 2159 εἰ·

2152 2212 2341 2284 λήφει,
2380 2213 2477 2266 καὶ
2503 2210 2611 2264 ὑπὸ
2639 2209 2739 2276 τὴν
2785 2208 3065 2277 ἀπόφασιν
3094 2205 3269 2276 ὀργῆς
3323 2200 3595 2272 γεγονὼς,
3646 2196 3730 2251 καὶ

2153 2304 2343 2374 ὥσπερ
2375 2303 2457 2365 εἰς
2512 2297 2893 2371 αἰχμαλωσίαν
2947 2296 3043 2351 καὶ
3100 2294 3353 2364 ἀτιμίαν,
3406 2291 3441 2360 ἢ
3484 2286 3728 2361 μετάλλου

2150 2395 2297 2459 τινὸς
2322 2395 2608 2466 ἐργασίαν,
2636 2393 2701 2444 ὲκ
2722 2391 2821 2460 τῆς
2845 2389 3058 2461 τρυφῆς
3081 2387 3175 2440 τοῦ
3199 2384 3539 2457 παραδείσου
3561 2384 3636 2441 εἰς
3648 2379 3727 2431 τὸν

2151 2486 2356 2556 κόσμον
2382 2482 2570 2537 τοῦτον
2602 2478 2923 2551 ὲξορισθείς,
2968 2478 3062 2532 καὶ
3096 2477 3201 2531 ὑπὸ
3233 2475 3337 2546 τὴν
3368 2470 3617 2539 ἐξουσίαν
3644 2468 3726 2521 τοῦ

2154 2580 2378 2641 σκότους
2402 2574 2664 2645 γεγονὼς,
2695 2572 2793 2626 καὶ
2822 2572 3049 2634 ἄπιστος
3083 2570 3190 2623 τῶν
3220 2567 3414 2622 παθῶν
3440 2560 3723 2623 κακαστὰς,

2152 2670 2260 2724 ὑπὸ
2294 2669 2364 2723 τά
2399 2667 2549 2737 πάθη
2579 2664 2790 2730 λοιπὸν,
2822 2665 2920 2718 καὶ
2947 2663 3018 2718 τά
3068 2662 3363 2732 νοσήματα
3409 2657 3511 2727 τῆς
3543 2651 3724 2724 σαρκὸς

2152 2764 2467 2824 πέπτωκεν,
2498 2761 2527 2813 6
2558 2759 2689 2831 πρὶν
2716 2757 3066 2829 ἀπαθὴς,καὶ
3107 2755 3321 2817 ἄνοσος.
3354 2750 3522 2822 Δῆλον
3545 2747 3600 2802 δὲ
3650 2744 3724 2797 ὅτι

2151 2857 2247 2911 καὶ
2275 2855 2473 2917 πάντες
2511 2853 2561 2906 οἰ
2587 2851 2649 2917 ἐξ
2680 2849 2848 2906 αὐτοῦ
2877 2848 3234 2921 γεννηθέντες
3269 2847 3386 2910 τοῖς
3421 2841 3603 2903 αὐτοῖς
3631 2836 3725 2890 πά-

2153 2950 2302 3003 θεσιν
2324 2942 2814 3000 ὑποπεπτώκασιν.

2188 3043 2283 3108 ς’.
2347 3038 2680 3109 ᾮκονόμησε
2727 3034 2907 3089 τοίνυν
2951 3031 3127 3087 ταῦτα
3175 3032 3290 3093 τοῖς
3347 3025 3597 3084 ἀσθενέσι
3641 3019 3724 3075 καὶ

2152 3132 2403 3190 ἀπίστοις
2439 3132 2467 3182 6
2487 3129 2643 3192 Θεὸς,
2685 3128 2761 3197 μὴ
2794 3126 3083 3197 βουληθεὶς
3122 3122 3408 3185 παντελῶς
3438 3114 3725 3187 έξολοθρεῦ-

2156 3241 2246 3277 σαι
2290 3222 2352 3274 τὸ
2386 3219 2714 3292 ἁμαρτωλὸν
2765 3218 2874 3273 τῶν
2909 3216 3216 3290 ἀνθρώπων
3240 3214 3406 3284 γένος
3426 3213 3517 3266 διὰ
3544 3205 3727 3272 πολλὴν

2152 3316 2524 3388 χρηστότητα.
2558 3312 2698 3367 Ἀλλ’
2724 3312 2926 3366 ἔδωκεν
2950 3312 3032 3374 εἰς
3060 3308 3429 3381 ψυχαγωγίαν
3462 3305 3554 3359 καὶ
3581 3302 3726 3369 θερα-

2156 3408 2319 3461 πείαν
2351 3409 2448 3460 καί
2480 3407 2802 3475 ἐπιμέλειαν
2828 3404 2924 3458 τοῦ
2955 3404 3212 3475 σώματος
3237 3401 3310 3455 τά
3339 3401 3604 3473 φάρμακα
3628 3393 3727 3453 τοῖς

2152 3500 2249 3555 τοῦ
2267 3501 2475 3571 κόσμου
2508 3499 2845 3571 ἀνθρώποις,
2874 3498 2971 3551 καὶ
3001 3499 3117 3560 τοῖς
3133 3495 3240 3561 ἔξω
3263 3498 3407 3551 πᾶσι
3428 3512 3442 3525 ο
3473 3487 3726 3546 κάκείνοις

2156 3594 2505 3664 συνεχώρησε
2536 3592 2763 3653 τούτους
2802 3589 3040 3660 χρᾶσθαι
3061 3591 3193 3653 τοὺς
3234 3588 3313 3659 τῷ
3360 3586 3481 3657 Θεῷ
3521 3579 3725 3653 μηδέπω

2154 3686 2489 3756 δυναμένους
2541 3686 2600 3751 ἐξ
2653 3685 2776 3738 ὅλου
2814 3684 3045 3746 ἑαυτοὺς
3072 3682 3460 3753 ἐμπιστεύειν.
3512 3676 3581 3729 Σὺ
3610 3672 3661 3725 δὲ
3699 3668 3724 3720 ὁ

2158 3777 2428 3847 μονάζων,
2458 3778 2487 3829 6
2519 3773 2941 3847 προσεληλυθὼς
2961 3774 3040 3845 τῷ
3068 3774 3316 3845 Χριστῷ,
3350 3769 3573 3829 καίυίὸς
3605 3757 3722 3815 Θεοῧ

2157 3869 2484 3940 βουλόμενος
2532 3864 2695 3935 εἶναι,
2742 3870 2837 3923 καὶ
2869 3868 3077 3923 ἀνωθεν
3109 3870 3174 3921 ὲκ
3203 3868 3526 3937 Πνεύματος
3550 3870 3724 3926 γεννη-

2154 3962 2335 4033 θῆναι,
2378 3962 2475 4016 καὶ
2518 3962 2799 4031 ἁνωτέρας
2838 3961 2934 4015 καὶ
2982 3960 3204 4030 μείζους
3251 3960 3354 4014 τοῦ
3403 3955 3612 4027 πρώτου
3640 3946 3723 4001 καὶ

2154 4053 2404 4118 ἀπαθοῦς
2468 4053 2759 4125 ἀνθρώπου
2812 4051 3147 4121 ἐπαγγελίας
3195 4050 3581 4121 ἐκδεχόμενος,
3638 4034 3721 4125 τὴν

2152 4146 2405 4203 εὐδοκίαν
2433 4146 2532 4216 τῆς
2588 4144 2686 4199 τοῦ
2716 4145 2925 4216 Κυρίου
2976 4143 3295 4214 ἐπιδημίας,
3329 4140 3430 4195 καί
3473 4136 3615 4203 ξένος
3639 4124 3719 4180 τοῦ

2153 4241 2362 4311 κόσμου
2392 4238 2657 4309 γεγονὼς,
2689 4238 3017 4308 καινοτέραν
3039 4236 3162 4290 τινά
3202 4236 3297 4290 καὶ
3336 4234 3496 4301 ξένην
3533 4224 3715 4311 πίστινέ

2153 4332 2250 4386 καὶ
2279 4333 2510 4395 ἔννοιαν,
2566 4332 2662 4384 καὶ
2694 4328 2976 4383 πολιτείαν
3040 4328 3194 4398 παρά
3250 4327 3468 4386 πάντας
3491 4321 3613 4378 τοὺς
3637 4326 3717 4365 του

2153 4422 2364 4491 κόσμου
2420 4420 2746 4493 ἀνθρώπους
2776 4419 3076 4489 κεκτῆσθαι
3105 4418 3366 4488 ὀφείλεις.
3400 4412 3534 4476 Δόξα
3564 4398 3716 4471 Πατρὶ

2070 4512 2248 4584 Dxa).
2298 4510 2435 4580 Υἰῷ,
2495 4511 2591 4565 καὶ
2654 4510 2798 4581 ἁγίῳ
2840 4508 3145 4580 Πνεύματι,
3207 4509 3291 4572 εἰς
3343 4506 3469 4566 τοὺς
3512 4496 3711 4554 αἰῶνας.

2166 4601 2355 4671 Ἀμήν.

2737 4733 2980 4787 ΟΜῙΛΙΛ
3014 4733 3152 4787 MO’.

2145 4830 2266 4883 Οὐκ
2312 4825 2578 4893 ἐπαρκεῖ,
2631 4823 2737 4893 τῆς
2786 4823 3022 4893 τρυφῆς
3079 4823 3299 4877 τούτου
3364 4818 3472 4875 τοῦ
3500 4815 3711 4893 κοξοςιίριξ

2222 4883 2670 4965 (inusti-armat,
2688 4883 2831 4948 ’ἐὰιῗ
2844 4883 2928 4964 μῆ
2955 4883 3045 4961 τίς
3075 4894 3189 4962 τὴν
3210 4893 3514 4963 μακαρίαν
3536 4883 3711 4937 ἄλλου

2221 4968 2328 5022 τοῦ
2354 4968 2585 5036 κόσμου
2610 4966 2789 5035 λάϐῃ.

2220 5082 2299 5133 A'.
2342 5081 2469 5134 Ἐάν
2494 5097 2578 5143 τις
2608 5077 2841 5144 ἐξελθὼν
2867 5077 2978 5131 τῶν
3001 5077 3168 5142 ἰδίων,
3192 5074 3286 5129 καί
3319 5066 3708 5134 ἀποταξάμενος

2148 5172 2226 5243 τῷ
2249 5173 2441 5244 κόσμῳ
2477 5170 2678 5243 τούτῳ,
2710 5171 2807 5224 καὶ
2830 5172 2931 5240 τῆς
2958 5169 3169 5241 τρυφῆς
3199 5166 3292 5220 τοῦ
3315 5168 3521 5234 κόσμου
3546 5148 3703 5244 ἀπαλ-

2148 5242 2475 5334 λαγεὶς,καὶ
2504 5242 2822 5336 κτημάτων,
2850 5263 2945 5315 καὶ
2980 5261 3208 5333 πατρὸς,
3240 5261 3334 5313 καὶ
3366 5250 3582 5330 μητρὸς,
3604 5242 3705 5336 ἓνες

2148 5327 2244 5411 κεν
2272 5327 2365 5410 τόδ
2397 5327 2629 5427 Κυρίου,
2688 5356 2782 5409 καὶ
2836 5354 3029 5408 ἑαυτὸν
3062 5327 3403 5422 σταυρώσας,
3454 5343 3594 5411 ξένος
3620 5327 3702 5385 καί

2147 5450 2339 5520 πένης,
2368 5450 2464 5503 καὶ
2491 5450 2679 5520 ἐνδεὴς
2716 5451 2963 5519 γένηται,
2996 5448 3121 5499 ἀντὶ
3153 5446 3209 5498 δὲ
3243 5445 3345 5515 τῆς
3373 5431 3701 5520 ἀναπαύσεως

2149 5542 2243 5596 τοῦ
2276 5518 2492 5611 κόσμου
2550 5518 2859 5596 ἀνάπαυσιν
2892 5540 3106 5611 θεῖκὴν,
3155 5541 3212 5593 ἐν
3253 5518 3427 5606 ἑαυτῷ
3464 5528 3534 5601 μὴ
3558 5518 3693 5587 εῧρίῐν

2149 5637 2242 5686 καὶ
2268 5635 2390 5688 ἀντί
2410 5635 2510 5704 τῆς
2534 5634 2871 5705 προσκαίρου
2893 5634 3129 5704 τρυφῆς,
3168 5632 3374 5703 τρυφὴν
3407 5616 3695 5708 Πνεύματρς

2146 5729 2227 5787 εἰς
2259 5725 2361 5798 τὴν
2399 5726 2594 5781 ἑαυτοῦ
2626 5726 2805 5797 ψυχὴν
2854 5727 2929 5797 μὴ
2984 5726 3261 5796 αἴσθηται,
3316 5723 3406 5777 καὶ
3446 5709 3693 5798 ἀντίβτω.ν

2151 5817 2410 5889 φθαρτῶν
2456 5820 2795 5891 ἐνδυμάτων,
2832 5817 3105 5889 ἐνδύματα
3147 5817 3325 5888 φωτὸς
3366 5809 3596 5875 θεότητος
3622 5801 3686 5860 μη
