3980 6470
358 364 463 430 8Ῐ3

1528 367 1899 428 HOMILUE.
1935 366 2211 428 *HOM.
2253 369 2462 431 XLIX.

3523 370 3630 435 8M

357 478 727 548 ἀμφιάσηται,
781 477 862 539 είς
900 477 991 530 τδν
1035 474 1144 530 ἔσω
1193 476 1504 548 ἄνθρωπον,
1545 477 1642 532 καὶ
1676 478 1798 532 ἀντὶ
1841 476 1942 544 τῆς

2049 475 2303 530 interiori
2344 477 2598 542 homine;
2627 485 2684 532 et
2716 492 2817 548 pro
2847 477 3021 548 priori
3049 486 3106 533 et
3130 478 3339 534 carnali
3368 481 3630 536 societate

358 561 629 642 π’ροτέρου
656 571 752 623 καὶ
781 569 1056 640 σαρκικῆς
1079 568 1364 631 κοινωνίας
1389 569 1619 640 ταύτης,
1652 568 1942 623 κοινωνίαν

357 661 452 716 τοῦ
485 661 812 733 ἐπουρανίου
853 662 911 715 ὲν
943 664 1009 732 τῇ
1051 661 1246 715 ἑαυτοῦ
1305 660 1449 732 ψυχῇ
1482 663 1540 714 ὲν
1595 658 1942 732 πληροφορίᾳ

363 756 438 824 μὴ
468 753 605 823 γνῷ,
638 754 732 807 καὶ
753 752 876 806 ἀντὶ
898 753 999 821 τῆς
1031 752 1368 822 φαινομένης
1403 751 1500 806 τοῦ
1524 752 1732 822 κόσμου
1749 751 1940 804 τούτου

358 847 560 916 χαρᾶς,
585 847 764 916 χαρὰν
817 842 1138 913 Πνεύματος
1167 842 1316 896 ἔνδον
1353 842 1430 914 μὴ
1469 844 1594 914 σχῇ,
1632 844 1729 896 καὶ
1760 843 1944 913 παρά-

358 936 556 1005 κλησιν
583 936 835 1007 οὐρανίου
866 934 1108 1006 χάριτος,
1157 935 1252 988 καὶ
1291 935 1588 1005 χορτασίαν
1615 933 1764 986 θείαν
1789 935 1847 987 ὲν
1874 935 1941 1004 τῇ

356 1029 503 1098 ψυχῇ
544 1027 620 1098 μὴ
649 1027 787 1098 λάϐῃ
812 1029 870 1081 ὲν
905 1026 985 1095 τῷ
1015 1025 1320 1098 ὲποφθῆναι
1347 1025 1498 1095 αύτῷ
1527 1024 1628 1097 τὴν
1659 1025 1820 1090 δόξαν
1847 1024 1941 1079 τοῦ

356 1119 590 1189 κυρίου,
614 1116 759 1171 κατὰ
785 1117 848 1170 τὸ
892 1115 1315 1188 γεγραμμένονο
1341 1116 1440 1170 καὶ
1468 1115 1804 1180 ἁπαξαπλῶς
1823 1115 1946 1168 ἀντὶ

357 1209 564 1279 ταύτης
595 1211 695 1280 τῆς
725 1209 1064 1279 προσκαίρου
1099 1207 1478 1272 ἀπολαύσεως,
1501 1207 1802 1261 ἀπόλαυσιν
1833 1207 1942 1277 ἀφ-

359 1303 560 1374 θαρτον
589 1301 954 1372 ἐπιθυμητὴν,
981 1304 1040 1354 ὲν
1067 1304 1134 1373 τῇ
1169 1300 1364 1354 ἑαυτοῦ
1393 1301 1540 1372 ψυχῇ
1571 1299 1646 1372 μὴ
1671 1301 1946 1371 κτήσηται

356 1393 452 1446 νῦν
473 1409 487 1423 ·
521 1384 675 1454 οὗτος
708 1393 932 1460 γέγονεν
971 1391 1106 1454 ἅλας
1140 1390 1351 1462 μωρόν·
1391 1381 1547 1454 οὗτος
1573 1391 1804 1455 ἐλεεινός
1830 1392 1946 1445 ἔστι

359 1485 510 1552 παρά
556 1483 768 1546 πάντας
815 1483 1175 1552 ἀνθρώπουςσ
1208 1474 1365 1546 οὗτος
1414 1481 1511 1536 καὶ
1552 1483 1661 1536 τῶν
1691 1484 1945 1538 ἐντεῦθεν

359 1572 652 1644 ἐστερήθη,
707 1572 802 1626 καὶ
825 1571 934 1626 τῶν
963 1571 1164 1624 θεῖκῶν
1189 1570 1289 1624 οὐκ
1316 1571 1594 1627 ἀπέλαυσε
1615 1589 1630 1602 ·
1669 1573 1946 1645 μυστήρια

358 1661 481 1714 θεῖα
507 1661 574 1714 δι’
596 1661 876 1731 ἐνεργείας
901 1661 996 1714 τοῦ
1026 1659 1166 1714 Πνεύ
1175 1677 1343 1730 ματος
1366 1661 1466 1714 οὐκ
1500 1661 1642 1731 ἔγνω
1663 1663 1721 1716 ὲν
1737 1662 1817 1735 τῷ
1836 1662 1944 1717 ἔσω

357 1752 526 1806 αὑτοῦ
548 1752 839 1823 ἀνθρώπῳ.

2040 565 2164 632 hac,
2223 567 2546 623 societatem
2595 569 2875 625 caelestem
2937 570 2992 624 in
3051 586 3149 625 sua
3205 572 3379 642 ipsius
3425 573 3628 639 anima,

2042 667 2193 714 certa
2223 658 2425 714 ﬁducia
2455 659 2641 719 nixus.
2663 677 2774 716 non
2798 671 3092 732 agnoscat;
3115 671 3171 717 et
3203 678 3303 732 pro
3332 665 3633 734 conspicuo

2044 748 2214 816 hujus
2247 748 2441 804 mundi
2483 750 2708 820 gaudio,
2744 752 3006 822 gaudium
3039 752 3278 823 Spiritus
3318 754 3470 809 intus
3521 771 3632 810 non

2044 837 2266 903 habeat,
2295 848 2352 894 et
2373 840 2809 895 consolationem
2842 843 3086 898 ccelestis
3121 844 3331 914 gratiae,
3369 853 3427 899 et
3462 845 3630 900 satie-

2045 938 2213 985 tatem
2243 929 2488 985 divinam
2545 932 2603 985 in
2662 933 2844 987 anima
2903 948 3014 988 non
3059 946 3453 1006 consequatur,
3500 937 3632 992 dum

2043 1032 2272 1092 apparet
2315 1023 2367 1077 ei
2413 1023 2586 1094 gloria
2629 1024 2873 1090 Domini,
2902 1035 2965 1080 ut
2994 1026 3262 1097 scriptum
3310 1037 3536 1097 est;et,
3574 1040 3636 1085 ut

2044 1114 2216 1168 semel
2249 1113 2450 1179 dicam,
2494 1129 2594 1183 pro
2633 1123 3020 1170 momentanea
3068 1117 3172 1171 hac
3196 1119 3501 1190 voluptate,
3539 1136 3637 1174 vo-

2044 1205 2311 1274 luptatem
2333 1205 2814 1276 incorruptibilem
2842 1207 3213 1265 desideratam
3246 1210 3304 1266 in
3331 1227 3433 1266 sua
3463 1214 3636 1282 ipsius

2044 1296 2232 1351 anima
2253 1312 2404 1351 nunc
2440 1311 2551 1350 non
2576 1296 2848 1363 obtineat,
2890 1299 2983 1354 hic
3010 1300 3188 1357 factus
3215 1311 3301 1358 est
3331 1304 3410 1358 sal
3441 1305 3638 1374 insipi-

2045 1385 2201 1449 dum,
2253 1387 2347 1441 hic
2391 1386 2763 1442 miserabilior
2818 1397 3085 1459 estquam
3115 1395 3302 1447 cuncti
3338 1394 3634 1450 homines:

2046 1478 2140 1533 hic
2161 1485 2218 1532 et
2240 1478 2602 1533 saecularibus
2632 1477 2881 1548 privatus
2913 1492 3094 1546 est,et
3121 1483 3330 1539 divinis
3362 1501 3471 1540 non
3494 1487 3635 1540 frui-

2048 1577 2168 1624 tur:
2209 1570 2472 1641 mysteria
2505 1570 2693 1625 divina
2747 1586 2845 1641 per
2891 1575 3269 1643 operationem
3309 1576 3551 1647 Spiritus
3580 1579 3634 1633 in

2047 1662 2273 1718 homine
2297 1662 2562 1718 interiore
2591 1679 2702 1717 non
2727 1665 3001 1734 cognovit.

430 1845 507 1898 B’.
546 1815 834 1899 Ara-tauro
851 1846 960 1917 γὰρ
982 1845 1132 1912 ξένος
1151 1848 1244 1900 τοῦ
1276 1848 1484 1919 κόσμου
1517 1847 1813 1920 γεγένηταί
1831 1864 1938 1913 τις,

2114 1839 2180 1894 Il.
2211 1840 2512 1910 Propterea
2538 1840 2686 1895 enim
2738 1840 2954 1897 alienus
2997 1842 3209 1897 mundo
3236 1843 3354 1898 ﬁeri
3392 1844 3518 1914 quis
3542 1860 3635 1900 so-

358 1938 446 1990 ἴνα
475 1939 554 2000 είς
583 1937 772 2009 ἔτερον
791 1937 1018 2009 κόσμον,
1056 1941 1150 1993 καὶ
1174 1940 1349 1994 αἰῶνα
1374 1941 1453 2012 τῷ
1479 1943 1793 2014 φρονήματι
1812 1957 1940 2012 μετ-

358 2035 489 2106 ἔλθῃ
518 2036 552 2103 ή
603 2033 752 2104 ψυχὴ
781 2035 969 2099 αὐτοῦ,
1011 2036 1154 2090 κατά
1199 2037 1294 2091 τὸν
1361 2039 1713 2092 Ἀπόστολονο
1754 2035 1942 2107 Ἠμῶν

357 2125 666 2195 τήμφησὶ,
718 2125 787 2180 τὸ
836 2115 1170 2196 πολίτευμα
1217 2129 1288 2184 ἐν
1331 2129 1612 2198 οὐρανοῖς
1659 2127 1936 2199 ὑπάρχει.

357 2219 470 2272 Καὶ
496 2218 679 2284 πάλιν,
702 2217 828 2271 Ἐπὶ
849 2216 964 2287 τῆς
977 2221 1469 2288 περιπατοῦντες,
1487 2222 1560 2275 οὐ
1578 2221 1729 2275 κατὰ
1743 2221 1942 2289 σάρκα

356 2310 822 2379 στρατευόμεθα.
849 2311 941 2362 Δεῖ
968 2309 1147 2363 τοίνυν
1179 2311 1271 2365 τόν
1302 2312 1717 2382 ἀποταξάμενον
1744 2311 1822 2384 τῷ
1849 2313 1942 2366 κό-

360 2418 484 2472 σμῳ
529 2404 722 2472 τούτῳ,
751 2401 986 2472 βεϐαίως
1025 2402 1336 2469 πιστεῦσαι,
1367 2403 1450 2457 ὅτι
1500 2403 1608 2475 χρὴ
1639 2405 1720 2468 είς
1750 2404 1939 2476 ἕτερον

356 2492 533 2546 αἰῶνα
567 2491 644 2563 τῷ
673 2493 986 2564 φρονήματι
1013 2493 1124 2546 ἀπὸ
1151 2495 1246 2547 τοῦ
1270 2493 1365 2549 νῦν
1395 2495 1484 2550 διὰ
1513 2495 1608 2549 τοῦ
1629 2496 1939 2568 πνεύματος

361 2585 686 2657 μεταϐῆναι,
711 2586 874 2639 κάκεῖ
894 2586 1274 2640 πολιτεύεσθαι
1301 2589 1395 2642 καὶ
1422 2589 1658 2658 τρυφᾷν,
1691 2589 1784 2642 καὶ
1804 2591 1939 2644 ἀπο-

355 2678 542 2732 λαύειν
571 2679 960 2749 πνευματικῶν
994 2679 1240 2748 ἀγαθῶν,
1266 2681 1360 2734 καὶ
1388 2680 1480 2732 τὸν
1514 2680 1622 2733 ἔσω
1649 2680 1938 2750 ἄνθρωπον

356 2773 424 2824 ὲκ
453 2771 764 2840 πνεύματος
789 2772 1136 2842 γεννηθῆναι,
1171 2771 1356 2835 καθὼς
1389 2774 1418 2825 ὁ
1439 2773 1643 2844 Κύριος
1666 2769 1818 2827 εἶπεν
1839 2791 1852 2805 ⁸
1883 2774 1937 2828 Ὀ

356 2863 664 2915 πιστεύων
690 2865 777 2928 εἱς
815 2862 941 2931 ἐμὲ,
986 2862 1394 2931 μεταϐέϐηκεν
1430 2864 1500 2917 ἐκ
1531 2865 1637 2918 τοῦ
1675 2866 1938 2919 θανάτου

351 2951 446 3016 εἰς
469 2950 586 3019 τὴν
608 2949 758 3018 ζωήν
779 2969 792 2982 ο
827 2950 1015 3019 ἐπειδή
1042 2952 1192 3004 ἐστιν
1225 2951 1386 3014 ἄλλος
1409 2951 1642 3016 θάνατος
1665 2956 1817 3024 παρά
1849 2955 1940 3007 τὸν

357 3040 709 3109 φαινόμενον,
757 3042 854 3094 καὶ
883 3039 1017 3111 άλλη
1067 3040 1182 3112 ζωὴ
1226 3041 1381 3113 παρά
1439 3043 1537 3114 τὴν
1566 3046 1936 3116 φαινομένην·

2043 1931 2142 1993 let,
2177 1928 2330 1984 utad
2381 1929 2552 1984 alium
2602 1930 2870 1985 mundum
2922 1941 2980 1987 et
3033 1933 3296 1987 sazculum
3349 1935 3636 1991 intellectu

2045 2031 2290 2078 transeat
2311 2023 2494 2078 anima
2524 2023 2666 2094 ejus,
2692 2023 2998 2079 secundum
3033 2025 3357 2095 Apostolum
3396 2046 3409 2082 :
3442 2028 3637 2084 Nostra

2043 2115 2206 2180 enim,
2241 2113 2443 2184 inquit,
2470 2115 2796 2168 conversatio
2825 2115 2882 2168 in
2909 2114 3048 2170 cretis
3074 2124 3150 2171 est
3177 2119 3242 2172 “.
3288 2119 3355 2173 Et
3380 2134 3635 2174 rursum:

2042 2204 2108 2260 In
2145 2221 2307 2259 carne
2339 2203 2698 2270 ambulantes,
2731 2221 2836 2258 non
2876 2207 3164 2260 secundum
3191 2225 3408 2262 carnem
3437 2209 3639 2264 milita-

2043 2315 2159 2352 mus
2191 2299 2258 2351 η.
2309 2295 2542 2367 Oportet
2594 2313 2727 2368 ergo
2776 2312 2925 2363 eum,
2960 2299 3056 2368 qui
3113 2300 3454 2354 renuntiavit
3509 2302 3640 2356 huic

2041 2387 2272 2453 mundo,
2329 2387 2563 2441 ﬁrmiter
2629 2388 2878 2452 credere,
2931 2389 3079 2459 quod
3121 2399 3377 2460 oporteat
3409 2394 3465 2446 in
3491 2392 3641 2448 aliud

2041 2481 2298 2534 saeculum
2317 2479 2502 2534 animo
2518 2479 2631 2550 jam
2649 2494 2797 2534 nunc
2817 2495 2915 2549 per
2934 2480 3194 2550 spiritum
3220 2483 3636 2542 transcendere.

2042 2573 2232 2642 ibique
2259 2571 2577 2626 conversari
2622 2587 2688 2627 ac
2707 2571 2993 2640 delectari,
3021 2584 3078 2629 et
3115 2575 3221 2627 frui
3252 2575 3640 2645 spiritualibus

2043 2665 2223 2730 bonis,
2254 2672 2311 2718 et
2356 2663 2678 2718 interiorem
2720 2664 3000 2721 hominem
3027 2682 3059 2721 e
3097 2667 3306 2737 Spiritu
3338 2671 3530 2737 nasci,
3579 2680 3642 2725 ut

2042 2755 2182 2809 dixit
2225 2755 2528 2820 Dominus;
2588 2754 2691 2818 Qui
2732 2757 2898 2811 credit
2938 2759 2994 2810 in
3028 2774 3132 2824 me,
3161 2769 3355 2814 transit
3413 2780 3445 2816 a
3475 2773 3643 2817 morte

2041 2847 2097 2900 in
2161 2847 2327 2899 vitam
2356 2844 2418 2898 ¹³.
2488 2845 2776 2915 Siquidem
2816 2855 2904 2901 est
2957 2847 3062 2902 alia
3104 2865 3253 2904 mors
3293 2860 3493 2921 praeter
3520 2870 3641 2908 eam

2040 2954 2164 3008 quae
2196 2938 2441 3004 videtur,
2473 2947 2529 2993 et
2570 2938 2676 2993 alia
2714 2939 2828 2994 vita
2866 2950 3065 3010 praeter
3095 2958 3216 2996 eam
3249 2959 3370 3012 qua
3397 2945 3640 3001 videtur.

2044 3035 2133 3089 Ait
2161 3035 2310 3090 enim
2336 3035 2620 3106 Scriptura
2645 3053 2658 3089 :
2689 3034 2820 3100 Qua:
2844 3037 2898 3089 in
2927 3036 3126 3091 deliciis
3157 3049 3252 3103 est,
3281 3040 3454 3092 vivens
3487 3038 3644 3108 155

355 3132 505 3202 λέγει
530 3133 637 3204 γὰρ
663 3134 694 3204 ή
725 3133 916 3205 Γραφὴ
962 3134 1042 3187 ὅτι
1105 3133 1166 3189 Ἠ
1205 3135 1604 3198 σπαταλῶσα,
1651 3135 1809 3197 ζῶσα
1850 3137 1938 3190 τέ-

2048 3137 2258 3182 mortua
2285 3137 2362 3182 est
2383 3128 2444 3182 “.
2465 3127 2598 3184 ltem
2624 3145 2637 3182 :
2680 3127 2806 3184 Sine
2837 3138 2893 3182 ut
2919 3133 3114 3185 mortui
3133 3132 3392 3202 sepeliant
3412 3141 3646 3186 mortuos

354 3229 606 3292 θνηκεν.
634 3226 767 3290 Καὶ,
800 3227 1009 3295 Ἅφετε
1040 3225 1182 3292 τοὺς
1222 3227 1478 3294 νεκροὺς
1505 3227 1755 3284 θάπτειν
1800 3230 1942 3295 τοὺς

353 3316 592 3372 ἑαυτῶν
613 3319 868 3386 νεκρούς
888 3338 900 3350 ·
929 3318 1020 3372 ὅτι
1050 3321 1163 3387 οὺχ
1185 3321 1241 3373 οἱ
1266 3320 1470 3387 νεκροὶ
1501 3321 1822 3376 αὶνέσουσί
1849 3338 1942 3387 σε,

353 3411 557 3476 Κύριε,
584 3409 722 3463 ἀλλ’
746 3409 914 3480 ἡμεῖς
944 3412 998 3464 oi
1028 3409 1237 3477 ζῶντες
1270 3411 1691 3483 εὐλογήσομέν
1714 3429 1807 3469 σε.

429 3501 504 3553 l".
539 3501 752 3573 ’Ὠσπερ
786 3503 896 3573 γὰρ
941 3505 970 3556 ὁ
1014 3504 1166 3574 ἥλιος
1209 3502 1499 3567 ἀνατείλας
1534 3506 1627 3558 ἐπὶ
1669 3506 1772 3577 τὴν
1822 3508 1945 3578 γῆν,

354 3594 480 3658 ὅλος
509 3597 567 3648 ὲν
598 3597 664 3667 τῇ
707 3598 777 3666 γῇ
807 3598 982 3650 ἐστιν·
1015 3596 1153 3650 ἐπάν
1190 3595 1248 3649 δὲ
1280 3596 1414 3666 πρὸς
1447 3596 1661 3666 δυσμὰς
1698 3599 1946 3669 γένηται,

357 3689 544 3751 πάσας
591 3687 757 3742 αὑτοῦ
789 3689 890 3752 τὰς
921 3689 1146 3752 ἀκτῖνας
1185 3689 1430 3756 συνάγει,
1469 3690 1841 3760 πορευόμενος
1891 3693 1949 3742 ὲν

353 3778 439 3849 τῷ
470 3779 662 3832 ἑαυτοῦ
698 3780 833 3850 οἴκῳ
855 3795 870 3810 '
919 3778 1090 3842 οὓτως
1136 3780 1231 3832 καὶ
1265 3779 1432 3849 ψυχὴ,
1457 3781 1490 3848 ἡ
1525 3779 1600 3850 μὴ
1643 3781 1849 3834 ἄνωθεν
1885 3783 1950 3835 ὲκ

354 3873 454 3926 τοῦ
499 3873 820 3943 Πνεύματος
871 3871 1324 3943 ἀναγεννηθεῖσα,
1365 3872 1462 3940 ὅλη
1504 3874 1564 3924 ὲν
1599 3875 1666 3944 τῇ
1708 3876 1779 3944 γῇ
1832 3877 1950 3927 ἐστι

355 3968 472 4029 τοῖς
498 3965 782 4036 λογισμοῖς
821 3967 994 4035 αὐτῆς
1026 3967 1120 4018 καὶ
1149 3964 1228 4034 τῷ
1261 3966 1574 4036 φρονήματι
1602 3967 1696 4018 ἐπὶ
1723 3969 1826 4036 γῆς
1853 3967 1950 4021 ἐκ-

356 4058 669 4130 τεινομένη,
716 4060 821 4122 ἕως
866 4059 976 4112 τῶν
1006 4060 1260 4129 περάτων
1295 4058 1465 4128 αὐτῆς
1487 4074 1499 4087 ·
1534 4058 1674 4114 ἐπὰν
1719 4060 1778 4114 δὲ
1813 4077 1950 4114 κατ-

359 4151 567 4224 αξιωθῇ
594 4153 694 4223 τὴν
719 4153 1042 4222 ἐπουράνιον
1070 4151 1256 4206 λαϐεῖν
1283 4150 1378 4203 τοῦ
1403 4152 1722 4222 Πνεύματος
1755 4153 1952 4223 γι-Ξννη⁴

361 4263 450 4298 σιν
509 4246 604 4298 καὶ
647 4245 954 4310 κοινωνίαν,
1013 4246 1216 4307 πάντας
1262 4245 1433 4312 αὐτῆς
1482 4244 1608 4307 τοὺς
1654 4244 1949 4316 λογισμοὺς

363 4337 694 4404 συνάγουσα,
727 4338 822 4390 καὶ
859 4337 976 4407 μεθ’
1006 4337 1204 4407 ἑαυτῆς
1235 4335 1456 4406 ἔχουσα,
1481 4337 1788 4408 εἰσέρχεται
1811 4339 1950 4409 πρὸς

360 4432 456 4483 τὸν
476 4429 680 4501 Κύριον
709 4431 790 4494 είς
811 4431 872 4483 τὸ
901 4429 960 4494 ἐξ
985 4429 1215 4499 ούρανοῦ
1245 4429 1661 4502 ἀχειροποίητον
1693 4447 1949 4500 κατοικη-

2049 3235 2172 3274 suos
2204 3219 2268 3272 ’⁸.
2312 3217 2451 3284 Quia
2491 3235 2596 3273 non
2624 3221 2821 3275 mortui
2855 3219 3150 3276 laudabunt
3190 3230 3260 3288 te,
3295 3223 3536 3288 Domine,
3557 3224 3646 3278 sed

2053 3327 2146 3364 nos
2175 3310 2266 3381 qui
2289 3311 2510 3365 vivimus
2529 3311 2594 3365 ⁸⁸.

2122 3509 2213 3562 lll.
2242 3509 2722 3575 Quemadmodum
2768 3512 2916 3566 enim
2967 3513 3048 3567 sol
3078 3521 3305 3568 exortus
3346 3530 3514 3584 super
3538 3522 3647 3568 ter-

2053 3615 2192 3665 ram,
2239 3609 2390 3655 totus
2453 3601 2509 3655 in
2553 3610 2700 3656 terra
2750 3612 2871 3668 est;
2922 3603 3016 3657 ubi
3049 3613 3232 3659 autem
3278 3605 3346 3658 ad
3393 3621 3646 3660 occasum

2045 3691 2250 3761 vergit,
2312 3707 2507 3746 omnes
2547 3692 2733 3747 radios
2789 3708 2920 3748 suos
2969 3695 3200 3765 colligit,
3253 3698 3561 3766 procedens
3593 3699 3645 3751 in

2053 3782 2280 3836 domum
2319 3797 2475 3836 suam
2510 3801 2523 3836 :
2565 3783 2646 3837 sic
2696 3799 2917 3854 quoque
2947 3784 3152 3851 anima,
3187 3801 3310 3854 quae
3351 3785 3590 3856 desuper
3617 3803 3650 3841 e

2054 3876 2265 3948 Spiritu
2322 3887 2509 3932 renata
2558 3895 2669 3933 non
2706 3878 2894 3945 fuerit,
2929 3889 3042 3935 tota
3069 3890 3153 3936 cst
3189 3882 3246 3936 in
3275 3890 3420 3936 terra
3445 3885 3650 3953 cogita-

2055 3969 2300 4023 tionibus
2328 3978 2384 4024 et
2435 3969 2894 4025 meditationibus
2944 3975 3082 4037 suis,
3112 3987 3280 4043 super
3313 3982 3516 4028 terram
3550 3992 3649 4029 ex-

2055 4069 2211 4116 tensa
2243 4076 2418 4131 usque
2469 4061 2537 4115 ad
2595 4063 2718 4133 ejus
2771 4063 3020 4118 limites:
3071 4064 3167 4119 ubi
3224 4075 3410 4120 autem
3486 4066 3650 4136 digna

2056 4148 2293 4204 habetur
2324 4148 2604 4204 caelestem
2656 4149 2924 4218 consequi
2969 4149 3210 4220 Spiritus
3237 4153 3649 4221 generationem

2054 4247 2110 4294 et
2132 4240 2600 4301 communionem,
2621 4250 2850 4296 cunctas
2879 4257 3007 4296 suas
3033 4241 3397 4313 cogitationes
3421 4243 3648 4313 colligit,

2053 4346 2260 4400 easque
2287 4346 2474 4386 secum
2515 4332 2750 4395 habens,
2793 4333 3107 4403 ingreditur
3139 4335 3206 4388 ad
3241 4336 3558 4400 Dominum,
3594 4336 3650 4390 in

2056 4420 2400 4476 domicilium
2451 4421 2676 4476 caeleste
2723 4439 2835 4476 non
2897 4423 3294 4490 manufactum,
3346 4441 3650 4497 omnesque

361 4526 572 4594 τήριον,
606 4523 702 4577 καὶ
732 4523 933 4586 πάντες
982 4524 1033 4575 οἱ
1067 4522 1322 4592 λογισμοὶ
1355 4523 1528 4592 αὐτῆς
1553 4523 1816 4593 οὐράνιοι,
1852 4523 1943 4576 καὶ

2055 4511 2419 4582 cogitationes
2439 4511 2583 4581 ejus,
2610 4512 2885 4576 caelestes,
2908 4529 3057 4583 pura:
3081 4525 3136 4569 et
3159 4525 3362 4572 sancta:
3385 4518 3648 4586 evadunt,

363 4593 620 4686 καθαροὶ,
669 4615 763 4668 καὶ
812 4615 958 4683 ἅγιοι
1004 4615 1304 4683 γίγνονται,
1336 4613 1646 4688 χωροῦντες
1686 4617 1768 4678 είς
1811 4615 1943 4687 ἀέρα

2051 4607 2353 4674 migrantes
2385 4602 2441 4655 in
2482 4617 2666 4657 aerem
2707 4604 2979 4660 divinum.
3013 4606 3209 4662 Anima
3241 4610 3388 4664 enim
3417 4611 3648 4666 liberata
3700 4593 3712 4603 ”

364 4708 572 4762 θεῖκόν.
609 4708 898 4761 Ῥυσθείσα
940 4709 1047 4777 γὰρ
1081 4709 1112 4777 ή
1145 4707 1291 4778 ψυχὴ
1340 4708 1404 4759 ὲκ
1442 4711 1542 4779 τῆς
1579 4708 1830 4779 φυλακῆς
1858 4709 1943 4762 τοῦ

2052 4712 2083 4751 e
2115 4710 2340 4752 carcere
2391 4693 2748 4749 tenebrarum
2799 4696 3042 4766 improbi
3092 4699 3361 4769 principis
3418 4702 3648 4769 spiritus

367 4797 595 4860 σκότους
629 4796 724 4850 τοῦ
763 4797 1002 4868 πονηροῦ
1049 4799 1310 4869 ἄρχοντος
1356 4797 1450 4851 τοῦ
1503 4799 1813 4868 πνεύματος
1863 4799 1943 4852 τοί

2057 4795 2267 4860 saeculi,
2300 4795 2510 4865 reperit
2556 4794 2918 4865 cogitationes
2959 4809 3129 4863 puras
3153 4803 3211 4847 et
3253 4793 3493 4860 divinas,
3517 4795 3645 4863 quia

366 4888 600 4958 κόσμου,
623 4890 868 4960 εὑρίσκει
890 4891 1187 4960 λογισμοὺς
1215 4890 1493 4962 καθαροὺς
1525 4893 1621 4944 καὶ
1646 4891 1845 4957 θείους,
1875 4894 1943 4945 ὅτι

2060 4888 2269 4958 placuit
2311 4888 2424 4944 Deo
2486 4889 2768 4944 hominem
2820 4896 3031 4941 natura:
3080 4887 3282 4941 divinae
3320 4887 3646 4958 participem

365 4981 659 5051 εὐδόκησεν
682 4983 710 5034 ὀ
732 4981 865 5044 Θεὸς
887 4981 977 5033 τὸν
999 4980 1286 5051 ἄνθρωπον
1313 4981 1538 5051 ποιῆσαι
1563 4981 1712 5044 θείας
1739 4981 1958 5050 φύσεως
2058 4980 2263 5036 facere.

366 5075 644 5129 κοινωνόν.

442 5167 514 5218 Δ’.
553 5165 616 5216 Εἰ
655 5157 747 5216 οὖν
794 5163 1174 5233 ἀναχωρήσεις
1239 5163 1457 5218 πάντων
1500 5163 1608 5218 τῶν
1644 5166 1703 5218 ὲν
1747 5164 1824 5235 τῷ
1859 5165 1943 5236 βίω.

2132 5159 2221 5213 lV.
2282 5156 2337 5212 Si
2401 5157 2568 5223 igitur
2615 5158 2912 5212 recesseris
2947 5172 2976 5209 a
3010 5156 3247 5222 cunctis,
3287 5173 3409 5227 quae
3437 5165 3565 5211 sunt
3593 5157 3648 5210 in

367 5259 734 5329 πραγμάτων,
763 5258 860 5312 καὶ
886 5260 1319 5326 προσκαρτερεῖς
1344 5261 1411 5330 τῇ
1440 5259 1570 5329 εὐχῇ
1605 5275 1720 5324 σου,
1754 5259 1943 5328 μᾶλλοι

2059 5252 2173 5305 vita
2195 5294 2209 5317 ,
2249 5249 2446 5313 rebus,
2478 5258 2534 5302 ct
2587 5247 2640 5301 in
2675 5249 2928 5303 oratione
2971 5248 3432 5318 perseveraveris,
3466 5249 3652 5318 potius

367 5351 461 5403 τὸν
523 5350 768 5420 κάματον
818 5350 1008 5405 τοῦτον
1055 5351 1415 5414 ἀναπαύσεως
1483 5352 1678 5422 μεστὸν
1738 5354 1943 5424 ἡγήσῃ·

2065 5343 2216 5396 hunc
2246 5341 2490 5395 laborem
2509 5340 2715 5409 quietis
2746 5341 2968 5409 plenum
2996 5339 3362 5404 arbitrabere,
3393 5348 3449 5394 et
3475 5338 3652 5392 modi-

371 5444 465 5496 καὶ
492 5444 593 5512 τὴν
642 5443 832 5513 ὀλίγην
875 5443 1074 5513 θλίψιν,
1127 5443 1221 5497 καὶ
1269 5445 1359 5496 τὸν
1425 5443 1589 5496 πόνον
1638 5445 1816 5514 χαρᾶς
1862 5445 1943 5498 καί

2064 5450 2183 5490 cam
2223 5432 2576 5489 aitlictionem
2610 5443 2667 5489 et
2707 5434 2978 5497 laborem,
3009 5433 3210 5502 gaudio
3243 5441 3299 5489 et
3323 5433 3650 5489 remissione

371 5533 608 5597 ἀνέσεως
632 5534 919 5589 ἀνάπλεων
945 5535 1188 5606 νομίσεις
1213 5535 1496 5604 μεγίστης.
1526 5536 1589 5588 Εἰ
1627 5535 1737 5606 γὰρ
1772 5537 1866 5591 καὶ
1895 5537 1943 5592 τί

2063 5530 2334 5600 repletum
2371 5527 2717 5582 existimabis
2757 5527 3016 5583 maxima.
3051 5527 3108 5583 Si
3142 5527 3348 5582 etenim
3371 5535 3653 5594 etcorpus

373 5623 538 5694 σῶμά
559 5642 654 5679 σου
688 5625 784 5678 καὶ
812 5628 844 5697 ή
876 5627 1023 5698 ψυχή
1055 5643 1149 5680 σου
1177 5627 1657 5700 καταδεδαπάνητο
1687 5629 1826 5684 κατὰ
1850 5630 1943 5684 πᾶ-

2059 5638 2116 5683 ct
2156 5627 2341 5681 anima
2392 5632 2484 5679 tua
2539 5629 3002 5678 consumerentur
3060 5620 3290 5690 singulis
3352 5618 3508 5673 horis
3553 5629 3651 5689 per

377 5741 482 5863 r”
519 5741 755 5812 Philipp.
784 5758 862 5805 ιιι,
888 5744 976 5797 20.
1086 5745 1127 5776 ¹¹
1151 5743 1192 5798 ll
1233 5744 1357 5799 Cor.
1383 5762 1432 5806 κ,
1461 5745 1511 5799 ’5.
1614 5747 1657 5778 ¹³
1682 5747 1839 5802 .Ioan.
1869 5764 1922 5812 ν,

419 5834 464 5863 ι.

2152 5745 2196 5776 ¹³
2231 5745 2250 5799 l
2295 5743 2434 5798 Tim.
2483 5759 2532 5806 γ,
2580 5743 2629 5797 5.
2750 5744 2788 5773 ’τί
2817 5741 2946 5796 Luc.
2977 5756 3048 5803 ις,
3086 5741 3174 5794 GU.

419 5834 464 5863 lo

1614 5747 1657 5778 ¹³
1682 5747 1839 5802 Joan.
1869 5764 1922 5812 ν,

2152 5745 2196 5776 ¹³
2231 5745 2250 5799 l
2295 5743 2434 5798 Tim.
2483 5759 2532 5806 γ,
2580 5743 2629 5797 5.
2750 5744 2788 5773 ’τι
2817 5741 2946 5796 Luc.
2977 5756 3048 5803 ις,
3086 5741 3174 5794 Gl).
3268 5740 3311 5772 ιθ
3350 5738 3490 5794 l’sal.
3528 5756 3647 5804 ων,
