3980 6452
332 369 433 432 817

1559 373 1928 434 ΗΟΜΙΙᾸᾹΞ.
1957 397 2029 410 --
2061 375 2246 436 ΙΙΟΜ.
2288 378 2354 437 L.

3486 377 3592 442 8l8

333 483 444 534 θεῖν
473 478 628 532 ύετδν
659 479 750 533 ἐπὶ
775 479 874 550 τῆς
899 479 1022 550 γῆς.
1047 480 1157 535 Kal
1183 479 1342 536 πάλιν
1373 479 1514 546 εἶπε,
1551 485 1647 536 καὶ
1683 483 1900 553 ἠνοίγη-

2015 484 2212 540 [terum
2245 487 2464 542 locutus
2491 495 2596 552 est,
2629 496 2685 542 et
2715 497 2918 558 apertae
2948 500 3078 546 sunt
3098 503 3272 562 portae
3299 495 3588 561 cartorum,

332 588 428 624 σαν
460 573 516 624 al
546 571 715 624 πύλαι
747 571 854 625 τῶν
895 572 1162 643 οὐρανῶν,
1193 573 1291 626 καὶ
1339 573 1610 642 κατῆλθεν
1653 576 1682 628 6
1721 575 1906 636 ύετόςο

329 663 531 731 ὁμοίως
556 662 655 715 καὶ
682 662 928 733 Μωῦσῆε
948 663 1110 734 ἔθηκε
1135 664 1350 736 ῥάϐδον,
1389 666 1485 717 καὶ
1516 665 1737 733 ἐγένετο
1757 667 1906 735 ὄφις·

333 760 421 808 καὶ
459 757 622 808 πάλιν
655 752 798 822 εἷπε,
828 757 920 809 καὶ
949 758 1166 824 ἐγένετο
1199 757 1414 827 ῥάϐδος.
1447 760 1556 812 Kal
1586 759 1777 812 ἐλαϐεν
1801 759 1908 812 ἀπὸ

332 849 564 916 καμίνου
608 851 835 917 τέφραν,
877 850 971 902 καὶ
1004 851 1318 920 ἐσκόρπισε,
1349 851 1445 904 καὶ
1491 851 1707 919 ἐγένετο
1735 851 1867 920 ἕλκη
1891 867 1906 881 ο

333 942 426 991 καὶ
458 939 620 992 πάλιν
654 940 902 1004 ἐπέταξε,
933 941 1026 992 καὶ
1056 940 1269 1008 ἐγένετο
1304 941 1551 1003 σκνίπες,
1585 941 1680 994 καὶ
1714 940 1913 1012 βάτρα-

332 1049 436 1100 χοι.
466 1028 612 1099 1'Apa
653 1029 829 1084 ταῦτα
871 1031 1033 1100 φύσις
1082 1031 1384 1104 ἀνθρώπων
1429 1036 1604 1087 ποιεῖν
1647 1033 1909 1104 ὴδύνατο;

333 1116 468 1172 Εἷπε
523 1123 588 1189 τῇ
636 1119 900 1189 θαλάσσῃ,
946 1121 1038 1172 καὶ
1070 1121 1333 1193 ἐμερίσθη
1362 1139 1376 1154 ·
1407 1122 1486 1193 τῷ
1529 1123 1780 1193 ποταμῷ,
1817 1124 1911 1178 καὶ

336 1210 640 1281 μετεὸλήθη
667 1213 747 1274 εἰς
779 1207 938 1279 αἷμα.
982 1212 1144 1266 Ἀλλὰ
1169 1214 1350 1283 δῆλον,
1379 1215 1460 1268 ὄτι
1496 1216 1724 1285 οὐρανία
1752 1216 1913 1269 δύνα-

336 1318 429 1372 μις
461 1301 597 1371 ᾤκει
629 1303 686 1356 ἐν
710 1301 786 1372 τῷ
813 1302 888 1372 νῷ
913 1303 1100 1370 αὐτοῦ,
1136 1305 1232 1356 καὶ
1258 1304 1347 1359 διὰ
1374 1304 1618 1370 Μωσέως
1644 1305 1818 1359 ἐποίει
1842 1305 1913 1360 τὰ

336 1396 543 1463 σημεῖα
580 1391 773 1446 ταῦτα.

403 1487 480 1538 B'.
524 1483 583 1537 '0
615 1485 781 1538 Aa6l6
812 1484 925 1547 πῶς
955 1485 1084 1539 ἄνευ
1115 1485 1278 1539 ὅπλου
1304 1487 1536 1557 ἠδύνατο
1569 1488 1706 1558 μετὰ
1732 1489 1912 1542 τοιού-

332 1592 426 1628 του
456 1576 711 1644 γίγαντος
734 1575 1030 1644 συμϐαλεῖν
1058 1579 1137 1640 είς
1168 1577 1434 1649 πόλεμον;
1469 1579 1578 1634 Καὶ
1604 1582 1692 1633 ὅτε
1721 1580 1911 1652 ἔρριψε

333 1667 426 1720 τὸν
451 1667 597 1720 λίθον
625 1667 764 1719 κατὰ
793 1667 884 1720 τοῦ
910 1666 1231 1736 ἀλλοφύλου,
1265 1668 1352 1724 διὰ
1393 1671 1490 1740 τῆς
1517 1671 1697 1741 χειρὸς
1726 1673 1910 1740 Δαὸὶδ,

335 1761 459 1831 χεὶρ
484 1760 618 1813 Θεοῦ
643 1761 841 1830 ὼδήγει
864 1762 954 1814 τὸν
980 1760 1147 1825 λίθον,
1176 1763 1270 1816 καὶ
1305 1763 1441 1835 αὐτὴ
1472 1766 1505 1835 ἡ
1544 1765 1662 1818 θεία
1683 1765 1912 1835 δύναμις

335 1854 654 1905 ἀπέκτεινεν
685 1852 846 1904 αὐτὸν
873 1855 1146 1923 ποιήσασα
1169 1853 1268 1925 τὴν
1306 1856 1483 1927 νίκην.
1511 1857 1584 1910 Οὐ
1607 1858 1714 1928 γὰρ
1747 1859 1911 1912 Δαὸὶδ

2009 592 2072 631 ac
2108 577 2395 633 descendit
2419 579 2626 648 pluvia.
2661 579 2928 637 Similiter
2965 598 3188 653 quoque
3215 585 3392 642 Moses
3425 603 3594 657 pone-

2009 666 2104 720 bat
2138 668 2347 738 virgam
2373 671 2440 732 “,
2463 679 2518 724 et
2560 671 2726 726 ﬁebat
2767 687 3030 743 serpens;
3067 685 3123 730 et
3156 692 3349 732 rursus
3375 679 3594 735 locutus

2007 767 2112 821 est,
2139 767 2194 810 ct
2230 757 2394 813 ﬁebat
2437 760 2614 830 virga.
2651 762 2720 816 Et
2764 764 2979 833 accepit
3008 781 3039 818 a
3073 768 3290 821 camino
3323 768 3590 834 cinerem,

2009 857 2066 903 et
2094 849 2374 918 dispersit,
2402 860 2458 905 et
2487 853 2941 921 producebantur
2977 858 3162 912 ulcera
3197 859 3265 924 ³³,
3303 866 3360 912 et
3391 860 3590 914 iterum

2009 941 2304 1008 percussit,
2349 950 2405 994 et
2441 941 2642 995 ﬁebant
2672 943 2923 1012 ciniphes
2969 953 3026 1000 et
3081 963 3248 1000 ranae.
3286 946 3426 1001 Num
3476 948 3592 1003 haec

2009 1040 2208 1084 natura
2244 1031 2484 1086 humana
2534 1031 2717 1087 facere
2771 1037 2996 1104 potuit?
3028 1037 3273 1094 Locutus
3303 1051 3388 1095 est
3429 1041 3590 1106 mari,

2010 1131 2067 1176 et
2095 1123 2334 1176 divisum
2357 1131 2441 1177 est
2461 1125 2506 1154 “
2533 1141 2546 1176 :
2593 1123 2782 1190 lluvio,
2812 1137 2868 1180 et
2899 1137 3143 1185 mutatus
3175 1140 3259 1185 est
3288 1131 3340 1184 in
3376 1131 3596 1201 sangui-

2010 1224 2158 1264 nem.
2187 1211 2390 1265 Verum
2451 1220 2622 1281 patet,
2675 1215 2822 1283 quod
2857 1217 3101 1272 caelestis
3145 1220 3326 1274 virtus
3379 1220 3597 1274 habita-

2010 1301 2156 1355 verit
2198 1302 2256 1355 in
2311 1302 2433 1372 ejus
2484 1303 2688 1370 animo,
2718 1305 2788 1374 {et
2843 1321 2944 1375 per
2991 1306 3178 1362 Mosen
3210 1309 3451 1364 ediderit
3480 1309 3596 1366 haec

2012 1407 2188 1460 sngna.

2079 1482 2146 1539 ll.
2179 1481 2350 1537 David
2378 1497 2490 1553 quo
2516 1493 2681 1552 pacto
2729 1485 2912 1555 potuit
2936 1486 3147 1556 absque
3178 1490 3349 1544 armis
3385 1491 3440 1545 in
3479 1492 3600 1546 bel-n

2010 1573 2124 1627 lum
2154 1575 2416 1643 congredi
2452 1589 2578 1629 cum
2627 1575 2719 1628 tali
2751 1575 3008 1646 gigante?
3032 1578 3101 1633 Et
3132 1595 3257 1634 cum
3306 1583 3596 1652 projiceret

2012 1664 2250 1734 lapidem
2289 1666 2345 1718 in
2377 1666 2742 1736 alienigenam
2775 1683 2872 1721 sua
2903 1684 3066 1723 manu
3102 1671 3272 1725 David
3298 1673 3364 1738 ",
3401 1688 3594 1729 manus

2014 1758 2112 1812 Dei
2140 1757 2412 1827 dirigebat
2438 1757 2704 1826 lapidem.
2759 1759 2877 1828 ipsa
2925 1775 3148 1830 quoque
3208 1763 3384 1817 virtus
3407 1764 3593 1820 divina

2017 1850 2293 1905 interfecit
2321 1849 2500 1914 illum,
2520 1864 2718 1916 parans
2751 1849 3064 1906 victoriam.
3101 1853 3219 1906 Non
3243 1855 3389 1908 enim
3422 1856 3590 1911 David

332 1944 560 2015 ἠδύνατο
588 1944 818 2014 ἀσθενὴς
850 1943 924 1998 ῶν
947 1947 1026 2014 τῷ
1060 1947 1293 2016 σώματι.
1337 1949 1544 2019 Ἰησοῦς
1570 1953 1598 2003 6
1635 1952 1728 2005 τοῦ
1757 1954 1907 2026 Ναυῆ

2017 1943 2124 1997 ιιοο
2177 1949 2414 2011 poterat,
2451 1940 2546 2009 qui
2585 1948 2710 1994 erat
2752 1941 3049 1996 imbecillis
3103 1958 3355 2013 corpore.
3411 1946 3591 2009 Jesus.

334 2039 422 2090 ὅτε
455 2036 696 2105 ἀπῆλθεν
723 2038 803 2099 είς
835 2037 1044 2106 Ἰεριχὼ
1078 2041 1476 2114 περιεκαθέσθη
1523 2043 1663 2097 ἑπτὰ
1694 2047 1907 2118 ἡμέρας

2017 2034 2160 2087 tilius
2193 2032 2341 2086 Nave
2369 2032 2434 2095 ²⁶,
2463 2047 2587 2086 cum
2624 2032 2869 2086 venisset
2915 2032 3158 2098 Jericho,
3212 2034 3354 2089 sedit
3385 2045 3594 2104 septem

340 2129 504 2200 μηδὲν
552 2129 850 2198 δυνάμενος
899 2129 1121 2199 ποιῆσαι
1147 2133 1212 2202 τῇ
1249 2133 1352 2203 ίδίᾳ
1378 2133 1557 2202 φύσει,
1591 2135 1706 2189 ἀλλ’
1744 2137 1832 2190 ὅτε
1883 2140 1907 2192 6

2015 2129 2156 2193 dies,
2191 2127 2330 2181 nihil
2364 2127 2582 2182 ellicere
2604 2128 2792 2181 valens
2823 2143 2921 2181 sua
2956 2127 3134 2197 ipsius
3162 2136 3390 2183 natura:
3423 2137 3480 2184 at
3501 2130 3592 2184 ubi

336 2223 466 2285 Θεὸς
501 2222 776 2284 ἐκέλευσε,
808 2221 876 2274 τὰ
915 2221 1064 2291 τείχη
1107 2223 1200 2292 ἀφ’
1234 2225 1443 2278 ἑαυτῶν
1469 2228 1759 2283 κατέπεσε.
1801 2231 1907 2283 Kal

2015 2222 2176 2292 jussit
2204 2221 2369 2284 Deus,
2403 2219 2552 2272 muri
2594 2234 2692 2273 sua
2728 2228 2926 2288 sponte
2977 2228 3332 2273 corruerunt.
3375 2221 3593 2276 Etcum

336 2315 421 2366 ὅτε
451 2313 701 2382 εἰσῆλθεν
739 2314 819 2374 είς
855 2311 953 2382 τὴν
985 2312 1089 2381 γῆν
1117 2313 1217 2381 τῆς
1251 2317 1602 2384 ἐπαγγελίας,
1632 2318 1781 2386 λέγει
1809 2321 1910 2372 αὑ-

333 2407 410 2478 τῷ
438 2409 466 2460 ὁ
496 2407 716 2477 Κύριος,
751 2407 999 2462 Ἀπελθε
1034 2410 1118 2474 είς
1152 2409 1419 2475 πόλεμον
1439 2424 1458 2442 ο
1490 2411 1762 2481 ἀπεκρίθη
1805 2414 1912 2481 ’1η-

335 2497 479 2561 σοῦς,
526 2496 613 2565 Ζῇ
648 2498 883 2565 Κύριος,
933 2500 1006 2551 οὺ
1038 2497 1124 2567 μὴ
1169 2498 1408 2554 ἀπέλθω
1437 2500 1584 2554 ἄνευ
1618 2503 1756 2556 σοῦ.
1803 2504 1911 2557 Kal

331 2591 414 2653 τίς
473 2590 621 2644 ἐστιν
669 2591 698 2642 6
749 2591 1011 2656 ἐπιτάξας
1067 2590 1144 2661 τῷ
1196 2592 1330 2662 ήλίῳ
1377 2593 1565 2662 στῆναι
1615 2595 1782 2659 ἄλλας
1819 2597 1910 2650 δύο

332 2680 482 2751 ὧρας
535 2683 594 2734 ἐν
633 2684 699 2752 τῇ
757 2683 997 2753 συμϐολῇ
1033 2683 1127 2736 τοῦ
1165 2684 1422 2753 πολέμου,
1473 2688 1504 2757 ἠ
1541 2686 1702 2754 φύσις
1742 2687 1907 2740 αὑτοῦ

335 2773 492 2844 μόνη,
527 2774 559 2842 ἢ
593 2776 625 2844 ἡ
673 2775 908 2828 συνοῦσα
950 2776 1096 2845 αὐτῷ
1125 2777 1376 2846 δύναμις;
1409 2780 1501 2831 καὶ
1535 2779 1775 2849 Μωῦσῆς
1820 2782 1908 2834 ὅτε

331 2866 593 2918 συνέϐαλε
652 2866 730 2936 τῷ
771 2867 1036 2938 Ἀμαλὴκ,
1096 2869 1145 2921 εί
1204 2869 1302 2937 μὲν
1345 2868 1574 2933 ἐξέτεινε
1643 2871 1743 2934 τὰς
1793 2875 1908 2942 χεῖ-

332 2976 432 3029 ρας
454 2960 534 3022 είς
557 2959 648 3011 τὸν
679 2959 926 3025 οὐρανὸν,
959 2959 1098 3029 πρὸς
1124 2960 1213 3013 τὸν
1235 2961 1387 3023 Θεὸν,
1413 2962 1604 3016 ἐπάτει
1630 2964 1719 3017 τὸν
1741 2965 1910 3034 Ἀμα-

329 3050 467 3119 λήκ·
515 3052 564 3103 εί
614 3050 670 3103 δὲ
717 3049 896 3104 ἔκλινε
953 3051 1051 3115 τὰς
1115 3054 1320 3124 χεῖρας,
1369 3054 1398 3106 6
1451 3055 1697 3126 Ἀμαλὴκ
1748 3073 1906 3127 περι-

330 3142 558 3212 εγίνετο.

399 3235 474 3288 l".
519 3234 590 3288 Σὺ
623 3233 680 3286 δὲ
709 3234 924 3287 ἀκούων
946 3235 1118 3289 ταῦτα
1138 3237 1420 3306 γινόμενα,
1457 3238 1530 3308 μὴ
1567 3240 1784 3310 μακράν
1812 3257 1904 3293 σου

329 3323 541 3393 ἀπέλθῃ
568 3324 595 3375 6
621 3324 743 3386 νοῦς
763 3340 778 3356 ο
818 3323 932 3377 ἀλλ’
961 3326 1146 3395 ἐπειδὴ
1170 3327 1354 3380 ἐκεῖνα
1377 3327 1543 3390 τύπος
1571 3324 1637 3398 ἦν
1661 3329 1755 3381 καὶ
1780 3330 1908 3383 σκιὰ

326 3415 435 3467 τῶν
463 3413 732 3484 ἀληθινῶν
754 3417 1114 3485 πραγμάτων,
1139 3417 1372 3472 ἀνὰλαϐε
1394 3420 1473 3481 είς
1499 3420 1690 3471 ἑαυτὸν
1713 3420 1904 3476 ταῦτα.

330 3506 460 3560 Ὅτε
491 3507 599 3577 γὰρ
627 3509 868 3571 ἐκτενεῖς
894 3509 993 3571 τὰς
1016 3513 1203 3578 χεῖρας
1235 3510 1330 3563 τοῦ
1359 3512 1477 3574 νοός
1508 3527 1623 3576 σου,
1659 3513 1754 3564 καὶ
1781 3514 1907 3575 τοὺς

326 3599 622 3667 λογισμοὺς
662 3600 741 3661 εἰς
777 3599 868 3651 τὸν
903 3600 1151 3668 οὐρανὸν,
1178 3601 1272 3653 καὶ
1299 3601 1544 3672 θελήσεις
1570 3604 1908 3674 προσκολλη-

329 3687 488 3755 θῆναι
515 3688 591 3756 τῷ
627 3689 834 3758 Κυρίῳ,
861 3691 1168 3760 κατώτερος
1196 3691 1305 3743 τῶν
1328 3692 1601 3761 λογισμῶν
1629 3711 1724 3745 σου
1759 3695 1908 3762 γίνε-

326 3795 417 3830 ται
439 3779 469 3829 6
499 3779 760 3842 Σατανᾶς.
796 3780 905 3832 Καὶ
935 3778 1120 3850 ὥσπερ
1144 3781 1222 3840 είς
1264 3780 1472 3851 Ἱεριχὼ
1499 3782 1569 3834 τὰ
1593 3783 1747 3854 τείχη
1780 3784 1907 3836 ἔπε-

332 3888 424 3924 σον
458 3871 545 3924 διὰ
572 3873 853 3944 δυνάμεως
893 3873 1048 3937 Θεοῦ,
1076 3874 1220 3937 οὓτω
1257 3877 1350 3929 καὶ
1386 3877 1479 3930 νῦν
1506 3879 1576 3931 τὰ
1617 3879 1771 3948 τείχη
1806 3880 1907 3949 τῆς

327 3963 530 4026 κακίας
568 3967 637 4016 τὰ
667 3965 947 4020 κωλύοντά
976 3983 1067 4019 σου
1097 3968 1188 4020 τὸν
1213 3969 1354 4033 νοῦν,
1397 3969 1489 4022 καὶ
1518 3972 1574 4022 al
1599 3970 1783 4033 πόλεις
1812 3972 1904 4024 τοῦ

328 4056 568 4119 Σατανᾶ,
602 4058 695 4110 καὶ
736 4059 783 4111 οί
820 4058 1000 4127 ἐχθροί
1036 4076 1129 4111 σου
1160 4059 1596 4130 ἐξολοθρεύονται
1623 4061 1712 4114 διὰ
1750 4063 1909 4116 δυνά-

330 4163 477 4217 μεως
507 4147 641 4199 Θεοῦ
673 4165 689 4179 ·
715 4147 886 4212 οὕτως
915 4151 972 4200 ἐν
1002 4153 1066 4220 τῇ
1095 4153 1222 4221 σκιᾷ
1247 4151 1383 4204 Θεοῦ
1408 4152 1639 4221 δύναμις
1671 4156 1907 4208 ἀδιαλεί-

327 4253 477 4300 πτως
513 4238 678 4308 συνῆν
706 4242 816 4302 τοῖς
843 4239 1092 4304 δικαίοις,
1117 4243 1342 4296 ποιοῦσα
1373 4243 1652 4314 θαυμάσια
1677 4249 1904 4318 φανερά·

327 4329 425 4382 καὶ
457 4328 659 4382 ἔσωθεν
691 4330 747 4382 δέ
791 4333 848 4383 ἐν
878 4333 1060 4396 αὐτοῖς
1086 4332 1217 4403 ᾤκει
1248 4336 1279 4404 ἡ
1313 4334 1432 4387 θεία
1463 4337 1639 4407 χάρις.
1677 4339 1908 4408 Ὁμοίως

326 4420 423 4472 καὶ
475 4421 556 4484 εἰς
598 4422 726 4484 τοὺς
773 4424 1053 4493 προφήτας
1112 4427 1355 4496 ἐνήργει,
1410 4428 1505 4481 καὶ
1554 4429 1789 4498 διηκόνει
1847 4431 1906 4483 τὸ

2014 2313 2397 2383 ingrederetur
2419 2321 2619 2366 terram
2641 2312 3044 2382 promissionis,
3064 2311 3200 2365 dicit
3222 2313 3271 2366 ei
3297 2313 3558 2368 Dominus
3579 2333 3592 2368 :

2013 2409 2353 2477 Proﬁciscere
2373 2409 2428 2461 in
2452 2407 2681 2472 bellum;
2709 2406 2997 2476 respondit
3029 2406 3220 2470 Jesus;
3253 2405 3385 2459 Vivit
3408 2405 3595 2461 Domi-

2013 2503 2146 2556 nus!
2174 2518 2279 2555 non
2311 2501 2589 2572 procedam
2618 2501 2731 2553 sine
2759 2509 2808 2552 te
2831 2501 2897 2552 ’⁷.
2924 2499 2993 2553 Ει
3023 2498 3149 2568 quis
3178 2508 3284 2561 est,
3313 2497 3407 2567 qui
3436 2513 3593 2550 man-

2013 2593 2164 2648 davit
2201 2593 2327 2657 soli,
2369 2601 2429 2645 ut
2458 2592 2788 2646 subsisteret
2821 2590 2959 2644 duas
2989 2589 3125 2644 alias
3159 2589 3326 2642 horas
3370 2590 3422 2642 in
3457 2605 3592 2643 con-

2012 2684 2173 2743 llictu'
2197 2687 2370 2741 belli?
2399 2686 2480 2739 An
2531 2685 2644 2739 sola
2703 2683 2876 2754 ipsius
2902 2691 3118 2747 natura,
3152 2698 3219 2736 an
3247 2697 3369 2750 qua:
3400 2680 3477 2734 illi
3502 2697 3591 2736 as-

2012 2779 2240 2833 sistebat
2262 2777 2510 2845 potentia
2533 2774 2613 2826 ’3?
2635 2775 2811 2828 Moses
2844 2788 3084 2843 quoque,
3102 2788 3224 2826 cum
3250 2786 3444 2825 manus
3458 2784 3593 2824 con-

2011 2879 2224 2925 sereret
2280 2885 2404 2923 cum
2440 2867 2761 2930 Amalecho,
2793 2865 3014 2936 quando
3039 2864 3369 2918 extendebat
3397 2879 3594 2918 manus

2013 2962 2068 3016 in
2100 2961 2300 3014 coelum
2329 2959 2396 3013 ad
2419 2961 2614 3024 Deum,
2649 2957 3015 3014 conculcabat
3044 2955 3345 3010 Amalech:
3371 2953 3594 3024 quando

2011 3064 2195 3109 autem
2231 3051 2536 3107 declinaret
2575 3066 2793 3117 manus,
2813 3049 3075 3104 Amalech
3097 3047 3350 3118 superior
3381 3053 3520 3100 erat.

2081 3233 2173 3286 Ill.
2211 3232 2292 3286 Tu
2339 3247 2473 3286 vero
2520 3230 2741 3300 quando
2783 3231 2901 3286 haec
2956 3238 3148 3284 auditu
3201 3228 3465 3298 percipis,
3526 3241 3595 3280 ne

2009 3323 2254 3393 procul-a
2277 3332 2327 3377 te
2355 3325 2612 3392 procedat
2634 3337 2789 3377 mens
2807 3331 2926 3388 tua;
2955 3336 3146 3375 verum
3171 3320 3300 3390 quia
3324 3319 3414 3373 illa
3437 3327 3595 3390 typus

2007 3423 2166 3468 erant
2193 3423 2249 3468 et
2268 3415 2460 3468 umbra
2486 3429 2742 3468 verarum
2765 3429 2975 3478 rerum,
3003 3411 3362 3467 accommoda
3399 3412 3594 3464 eadem

2009 3505 2108 3560 tibi
2157 3506 2281 3575 ipsi.
2329 3506 2783 3575 Quandocunque
2839 3506 2987 3560 enim
3035 3503 3351 3558 ostenderis
3401 3516 3596 3555 manus

2008 3599 2176 3653 animi
2210 3600 2288 3654 tui
2324 3609 2380 3654 et
2412 3601 2780 3670 cogitationes
2808 3599 2864 3651 in
2905 3599 3127 3658 caelum,
3158 3609 3322 3665 atque
3353 3595 3595 3649 volueris

2009 3689 2336 3758 agglutinari
2371 3692 2627 3757 Domino,
2678 3690 2911 3744 inferior
2944 3689 3370 3757 cogitationibus
3403 3688 3510 3740 tuis
3536 3686 3595 3740 lit

2010 3779 2257 3833 Satanas.
2283 3777 2832 3849 thuemadmodum
2853 3780 3074 3833 Jericho
3099 3783 3240 3831 muri
3263 3784 3592 3831 corruerunt

2007 3871 2218 3924 virtute
2253 3871 2438 3924 divina
2468 3873 2534 3936 ’9,
2596 3872 2678 3925 sic
2734 3886 2956 3939 quoque
2991 3886 3140 3923 nunc
3181 3869 3324 3922 muri
3374 3869 3593 3921 malitia}

2008 3963 2320 4032 impediunt
2371 3972 2612 4017 mentem
2653 3972 2824 4026 tuam,
2859 3971 3023 4030 atque
3071 3962 3236 4015 urbes
3294 3961 3509 4013 Satanae
3537 3967 3593 4012 et

2011 4059 2221 4113 inimici
2250 4059 2329 4113 tui
2359 4057 2663 4127 perdentnr
2693 4059 2899 4110 virtute
2941 4056 3146 4108 divina.
3190 4054 3269 4107 Ad
3308 4053 3456 4105 hunc
3477 4067 3594 4106 mo-

2010 4155 2142 4208 dum
2204 4152 2260 4206 in
2307 4153 2500 4205 umbra
2553 4151 2688 4220 legis
2738 4150 2915 4203 virtus
2959 4147 3146 4202 divina
3211 4145 3591 4200 indesinenter

2009 4247 2198 4300 aderat
2223 4245 2408 4316 justis,
2435 4244 2605 4298 edens
2632 4241 2919 4296 manifesta
2939 4241 3220 4295 miracula.
3245 4239 3422 4307 Atque
3445 4239 3590 4291 intus

2010 4341 2065 4393 in
2101 4337 2235 4406 ipsis
2261 4336 2545 4390 habitabat
2586 4335 2774 4387 divina
2811 4333 3004 4402 gratia.
3057 4331 3248 4384 [tidem
3281 4343 3500 4398 quoque
3536 4328 3590 4380 in

2010 4429 2297 4501 prophetis
2329 4428 2687 4496 operabatur,
2744 4435 2910 4493 atque
2960 4422 3346 4491 suppeditabat
3395 4419 3593 4473 animis

326 4512 555 4581 Πνεῦμα
585 4514 641 4566 ἐν
667 4515 788 4577 ταῖς
824 4514 1023 4584 ψυχαῖς
1055 4516 1236 4570 αὐτῶν
1265 4519 1356 4570 τοῦ
1394 4521 1775 4590 προφητεύειν,
1813 4525 1906 4575 καὶ

2015 4538 2200 4577 eorum
2223 4521 2490 4590 Spiritum
2516 4517 2902 4588 prophetandi,
2929 4525 2985 4569 et
3006 4515 3266 4584 loquendi
3298 4523 3353 4567 et
3374 4511 3590 4566 dicendi

326 4603 532 4668 λαλεῖν,
555 4605 642 4658 ὅτε
673 4606 831 4676 χρεία
861 4602 928 4677 ἦν
956 4608 1256 4677 πράγματα
1283 4611 1492 4678 μεγάλα
1525 4614 1698 4665 εἰπεῖν
1722 4613 1798 4684 τῷ
1825 4615 1908 4668 κό-

329 4713 473 4766 σμῳ.
535 4698 609 4750 Ού
673 4699 780 4768 γὰρ
845 4701 1076 4753 πάντοτε
1148 4702 1389 4768 ἐλάλουν,
1451 4704 1566 4757 ἀλλ’
1613 4706 1694 4758 ὅτι
1746 4707 1906 4776 ἤθελε

326 4787 389 4841 τὸ
450 4787 509 4842 ἐν
569 4790 756 4854 αὐτοῖς
815 4791 1074 4863 Πνεῦμα·
1125 4793 1264 4864 πλὴν
1318 4796 1350 4864 ἡ
1403 4795 1634 4866 δύναμις
1673 4797 1907 4851 πάντοτε

327 4878 518 4948 συνῆν.

397 4984 472 5039 Δ¹.
527 4985 590 5038 Εἰ
651 4980 744 5040 οῦν
801 4988 881 5052 είς
930 4988 1028 5060 τὴν
1075 4990 1232 5044 σκιὰν
1287 4990 1538 5045 τοσοῦτον
1583 4991 1812 5064 ἐξεχύθη
1844 4994 1905 5047 τὸ

326 5073 554 5144 Πνεῦμα
587 5077 648 5129 τὸ
681 5077 856 5145 ἅγιον,
892 5080 1042 5151 πόσῳ
1073 5081 1271 5151 μᾶλλον
1294 5083 1374 5144 είς
1407 5083 1508 5154 τὴν
1543 5084 1748 5155 Καινὴν
1781 5088 1906 5138 Δια-

327 5162 524 5234 θήκην,
577 5168 657 5231 είς
689 5168 780 5222 τὸν
814 5171 1066 5240 σταυρὸν,
1099 5171 1178 5235 είς
1215 5173 1313 5244 τὴν
1363 5173 1571 5226 ἐλευσιν
1620 5174 1715 5227 τοῦ
1768 5175 1905 5245 Χρι-

329 5257 479 5324 στοῦ,
502 5258 635 5311 ὅπου
670 5260 888 5328 ἐγένετο
917 5265 948 5334 ἡ
986 5263 1205 5333 ἔκχυσις
1234 5265 1328 5318 καὶ
1355 5267 1388 5335 ἡ
1421 5266 1558 5338 μέθη
1597 5266 1689 5319 τοῦ
1732 5266 1904 5319 Πνεύ-

331 5365 532 5416 ματος;
579 5350 803 5420 Ἐκχεῶ
861 5355 992 5423 γὰρ,
1045 5357 1198 5425 φησὶ,
1253 5357 1370 5410 ἀπὸ
1416 5358 1520 5411 τοῦ
1558 5359 1906 5427 Πνεύματός

323 5458 440 5508 μου
480 5442 580 5496 ἐπὶ
617 5445 823 5499 πᾶσαν
855 5450 1072 5516 σάρκα.
1114 5450 1283 5502 Τοῦτό
1316 5451 1465 5503 ἐστιν
1502 5451 1530 5503 ὂ
1563 5440 1716 5504 εἶπεν
1741 5452 1905 5514 αὐτὸς

325 5532 616 5605 ὁὶΚύριος,
661 5537 745 5590 ὅτι
773 5541 912 5594 Μεθ’
947 5540 1113 5611 ὑμῶν
1139 5542 1353 5612 ἔσομαι
1397 5544 1508 5610 ἕως
1543 5543 1656 5613 τῆς
1692 5560 1908 5598 συντε-

401 5715 445 5746 “
491 5715 663 5770 Exod.
720 5733 833 5779 vni.
867 5719 951 5773 10.
1056 5721 1102 5752 ³³
1136 5721 1291 5784 ibid.,
1347 5720 1432 5776 l7.

1529 5721 1575 5752 ’δ
1613 5719 1786 5774 Exod.
1853 5731 1960 5778 le.
2015 5720 2100 5778 lli.
2165 5717 2256 5772 2|.

2011 4613 2218 4666 mundo
2290 4626 2378 4664 res
2431 4611 2721 4679 ingentes,
2807 4609 3136 4662 necessitate
3202 4607 3253 4659 id
3311 4612 3588 4674 poscente.

2009 4707 2128 4759 Non
2161 4703 2308 4758 enim
2341 4717 2560 4770 semper
2611 4700 3003 4769 loquebantur,
3047 4698 3142 4753 sed
3181 4697 3402 4766 quando
3438 4693 3591 4762 157

2007 4798 2250 4859 volebat,
2288 4794 2383 4864 qui
2430 4793 2484 4846 in
2529 4792 2662 4861 ipsis
2715 4801 2854 4856 erat,
2898 4790 3175 4860 Spiritus:
3234 4785 3595 4841 nihilominus

2011 4887 2244 4942 facultas
2277 4899 2495 4953 seraper
2527 4883 2740 4937 aderat.

2086 4992 2174 5048 1V.
2217 4980 2279 5044 Si
2315 4989 2483 5059 igitur
2530 4987 2586 5039 in
2639 4986 2889 5039 umbram
2942 4991 3226 5050 tantopere
3265 4988 3350 5036 est
3383 4979 3594 5034 ell'usns

2015 5083 2256 5153 Spiritus
2281 5091 2521 5141 sanctus,
2544 5089 2749 5146 quanto
2769 5077 2940 5146 magis
2960 5077 3014 5128 in
3036 5073 3246 5128 Novum
3275 5073 3594 5126 Testamen-

2014 5188 2151 5243 tum,
2179 5179 2235 5231 in
2270 5189 2511 5238 crucem,
2543 5174 2597 5228 in
2623 5174 2918 5227 adventum
2946 5166 3173 5233 Christi,
3207 5168 3427 5238 quando
3449 5167 3591 5221 facta

2014 5277 2099 5325 est
2127 5268 2325 5322 effusio
2378 5272 2435 5319 et
2490 5263 2731 5318 ebrietas
2776 5261 3052 5331 Spiritus?
3087 5261 3371 5331 Effundam
3428 5258 3588 5322 enim,

2017 5360 2213 5430 inquit,
2251 5359 2315 5412 de
2348 5356 2552 5427 Spiritu
2574 5371 2688 5408 meo
2723 5371 2880 5425 super
2915 5370 3124 5407 omnem
3147 5369 3363 5407 carnem
3392 5351 3456 5402 ³ο.
3477 5347 3591 5403 Hoc

2010 5463 2094 5510 est
2138 5453 2286 5523 quod
2321 5453 2556 5521 ipsemet
2579 5450 2844 5503 Dominus
2866 5451 3022 5514 dixit,
3055 5464 3250 5517 nempe
3280 5467 3292 5500 :
3322 5445 3591 5500 Vobiscum

2013 5561 2103 5598 ero
2161 5559 2324 5612 usque
2357 5541 2426 5596 ad
2470 5541 2973 5595 consumittationem
3000 5538 3196 5594 saeculi.
3237 5535 3417 5594 Omnis
3450 5535 3589 5588 enim

2375 5717 2479 5769 "l
2533 5715 2668 5783 Reg.
2735 5734 2864 5785 xvu,
2905 5717 2993 5772 47.
3120 5714 3305 5772 "Jos.
3361 5729 3434 5779 vt,
3493 5713 3585 5768 27).

329 5787 372 5818 ’⁷
400 5785 512 5839 .Ios.
545 5803 599 5851 Χ,
632 5789 716 5842 15.
793 5787 838 5819 ’³
867 5787 1039 5844 Exod.
1070 5807 1196 5854 xvn,
1235 5793 1318 5845 ll.
1341 5793 1385 5831 ὀ
1413 5791 1526 5846 Jos.
1549 5807 1623 5855 v1,
1658 5791 1748 5844 ΞΟ.
1815 5789 1907 5844 ’³⁰λ

2049 5805 2103 5855 ιι,
2138 5789 2348 5854 ·16.17;
2374 5787 2490 5844 Jocl
2523 5803 2583 5853 ιι,
2609 5787 2700 5842 20.
