3980 6452
460 335 569 402 829

1736 346 1795 409 S.
1839 347 2155 409 MACARII
2198 350 2311 409 {EG
2322 350 2519 411 YPTII

3609 361 3702 427 820

465 451 552 514 qui
614 448 826 515 quierit.
871 448 1068 502 invenit
1121 449 1185 503 ³¹.
1216 448 1273 504 Si
1304 450 1519 517 etenim,
1568 451 1770 521 inquit,
1803 470 1912 519 vos,
1957 456 2046 525 qui

2153 458 2317 523 λείας
2346 457 2454 510 τοῦ
2484 458 2699 523 αἰῶνος
2718 472 2731 485 ·
2760 457 2878 524 πᾶς
2904 459 3007 529 γὰρ
3046 462 3079 514 ό
3106 459 3291 529 ζητῶν
3330 466 3609 533 εὑρίσκει.
3643 477 3706 526 Et

464 538 587 589 estis
614 537 763 601 ntali,
787 542 950 591 nostis
984 539 1118 593 bona
1151 542 1288 594 dona
1313 542 1443 595 dare
1463 540 1591 607 ﬁliis
1616 545 1819 608 vestris,
1841 557 2040 614 quanto

466 630 635 696 magis
665 627 829 682 Pater
860 639 1026 683 vester
1046 630 1264 684 cretestis
1297 631 1442 684 dabit
1470 629 1726 701 Spiritum
1749 635 2042 703 petentibus

468 738 587 774 eum
608 740 721 775 cum
745 724 937 777 virtute
959 736 1007 777 et
1027 742 1235 779 summa
1270 725 1397 793 ﬁdei
1423 728 1735 781 certitudine
1767 728 1812 759 ³²
1843 745 2043 785 secun-

471 812 601 865 dum
657 813 1017 883 Apostolum?
1069 815 1339 871 Caeterum
1389 817 1492 871 ista
1542 819 1727 883 modo,
1770 828 2039 891 tempore,

470 902 658 957 labore
686 920 921 970 summo,
943 904 1204 974 patientia
1230 916 1394 975 atque
1423 907 1720 963 dilectione
1750 911 1870 981 ejus
1888 926 2040 966 com-

474 1006 761 1062 parantur,
783 996 913 1051 dum
946 1008 1273 1053 exercentur
1295 1015 1499 1071 organa
1534 1003 1730 1058 anima:
1756 1006 2039 1072 sensitiva,

476 1098 535 1140 ut
558 1087 767 1141 dictum
818 1098 922 1154 est,
957 1100 1013 1146 et
1047 1092 1192 1146 bono
1225 1103 1278 1147 et
1325 1095 1490 1161 malo,
1524 1096 1805 1164 videlicet,
1830 1101 2043 1156 machi-

474 1183 583 1245 nis,
630 1184 845 1238 insidiis
881 1194 937 1240 et
981 1187 1383 1256 multiplicibus
1417 1191 1850 1249 circumstantiis
1877 1204 2043 1266 atque

473 1275 895 1345 deceptionibus
915 1278 1136 1333 malitias
1159 1297 1171 1331 :
1200 1279 1388 1335 itidem
1412 1298 1633 1352 quoque
1663 1284 1900 1340 diversis
1928 1304 2045 1359 gra-

477 1364 564 1419 tiae
616 1366 796 1431 donis,
852 1368 1020 1422 variis
1064 1369 1304 1436 auxiliis,
1370 1390 1401 1426 a
1450 1373 1656 1428 virtute
1692 1383 1748 1430 et
1804 1375 2043 1433 efﬁcacia

476 1454 715 1523 Spiritus
752 1456 1033 1525 profectis.
1084 1459 1186 1525 Qui
1234 1462 1381 1516 enim
1428 1466 1711 1535 cognoscit
1758 1468 2045 1523 cicatrices

475 1550 719 1613 malitiae,
763 1548 1150 1606 affectionibus
1193 1552 1547 1623 inquinantes
1581 1557 1900 1614 interiorem
1940 1561 2041 1615 bo-

474 1643 706 1709 minem;
774 1653 830 1696 et
873 1657 982 1696 non
1032 1644 1297 1713 perspicit
1349 1645 1404 1701 in
1457 1662 1517 1703 se
1560 1650 1828 1705 auxilium
1868 1653 2043 1709 sancti

473 1728 712 1800 Spiritus
729 1732 996 1799 veritatis,
1014 1735 1461 1791 corroborantem
1488 1738 1859 1796 infirmitatem
1887 1759 2042 1798 suam

2146 549 2281 619 γὰρ,
2316 552 2503 619 φησὶν,
2532 551 2701 620 ὑμεῖς
2745 554 2995 620 πονηροί
3033 554 3223 621 ὄντες,
3265 557 3471 611 οῑδατε
3496 559 3709 630 δόματα

2141 638 2332 707 ἀγαθὰ
2359 634 2593 694 διδόναι
2632 640 2758 707 τοῖς
2792 641 3028 708 τέκνοις
3058 644 3247 711 ὑμῶν,
3278 649 3457 713 πόσῳ
3486 650 3710 718 μᾶλλον

2140 726 2344 795 Πατὴρ
2377 726 2545 797 ὑμῶν
2572 732 2605 782 ό
2633 729 2912 798 οὐράνιος
2934 729 3112 786 δώσει
3140 734 3383 804 Πνεῦμα
3410 736 3580 806 ἅγιον
3598 742 3710 808 τοῖς

2140 818 2417 872 αἰτοῦσιν
2444 819 2652 885 αὑτὸν,
2679 819 2932 891 δυνάμει
2966 822 3066 876 καί
3101 828 3481 895 πληροφορίᾳ
3520 833 3708 902 πολλῇ

2143 908 2289 962 κατὰ
2340 908 2432 962 τὸν
2470 910 2826 976 Ἀπόστολον;
2857 912 2939 966 Τὰ
2990 908 3084 968 οὖν
3113 915 3339 969 τοιαῦτα
3379 920 3475 971 καὶ
3519 920 3708 992 μέτρῳ,

2143 999 2240 1053 καὶ
2276 1000 2444 1069 πόνῳ,
2473 1001 2567 1053 καὶ
2596 1001 2753 1072 κόπῳ
2780 1002 2980 1073 πολλῷ,
3011 1004 3105 1057 καὶ
3135 1005 3408 1077 ὑπομονῇ,
3447 1008 3542 1060 καὶ
3573 1012 3712 1083 φιλίᾳ

2142 1096 2208 1164 τῇ
2240 1094 2378 1165 πρὸς
2405 1094 2569 1148 αὐτὸν
2592 1094 2926 1166 εὑρίσκεται,
2954 1096 3524 1165 γυμναζομένωνκτῶν
3543 1102 3715 1171 αἰσθη-

2144 1181 2351 1251 τηρίων
2387 1180 2488 1252 τῆς
2511 1182 2716 1253 ψυχῆς,
2749 1185 2895 1236 κατὰ.
2920 1185 2982 1236 τὸ
3015 1184 3324 1254 εἰρημένον,
3354 1185 3447 1239 διὰ
3473 1188 3643 1240 καλοῦ
3659 1206 3713 1243 τε

2146 1275 2241 1327 καὶ
2270 1273 2464 1341 κακοῦ,
2501 1274 2698 1345 δηλαδὴ
2730 1274 2819 1329 διά
2846 1292 2907 1328 τε
2933 1276 3040 1329 τῶν
3078 1277 3339 1346 μηχανῶν
3373 1278 3468 1331 καὶ
3506 1280 3713 1332 ἐπιδουι

2145 1363 2274 1427 λῶν,
2310 1365 2405 1419 καὶ
2442 1365 2797 1436 πολυτρόπων
2827 1368 3223 1437 περιστάσεων,
3244 1369 3342 1421 καὶ
3368 1369 3601 1439 ἐνεδρῶν
3624 1373 3714 1440 τῆς

2145 1456 2344 1521 κακίας
2360 1475 2375 1489 °
2400 1458 2601 1528 ὁμοίως
2625 1459 2681 1512 δὲ
2704 1459 2799 1512 καὶ
2820 1458 2911 1512 διὰ
2934 1460 3043 1512 τῶν
3068 1460 3344 1532 διαφόρων
3371 1463 3714 1532 χαρισμάτων

2146 1554 2240 1604 καὶ
2296 1550 2560 1604 ποικίλων
2609 1551 2951 1621 ἀντιλήψεων
2988 1552 3089 1622 τῆς
3126 1553 3417 1624 ἐνεργείας
3450 1554 3544 1607 καὶ
3570 1554 3713 1607 δυνά-

2149 1659 2298 1713 μεως
2328 1641 2423 1696 τοῦ
2454 1642 2793 1714 Πνεύματος.
2833 1644 2894 1696 Ὀ
2926 1644 3036 1715 γὰρ
3062 1645 3347 1717 γνωρίζων
3370 1644 3470 1714 τὴν
3496 1644 3713 1713 ἐπουλὴν

2147 1733 2249 1803 τῆς
2295 1734 2493 1797 κακίας
2530 1734 2619 1788 διὰ
2646 1735 2755 1789 τῶν
2788 1734 2978 1788 παθῶν
3015 1735 3340 1804 μιαίνουσαν
3374 1736 3467 1788 τὸν
3501 1735 3605 1787 ἔσω
3632 1734 3714 1788 ἄν·

472 1830 638 1891 atqne
678 1833 1035 1880 renovantem
1071 1829 1309 1882 animam
1346 1828 1401 1882 in
1440 1829 1811 1885 exsultatione
1838 1832 2039 1898 cordis,

2153 1802 2388 1893 θρωπον,
2428 1824 2526 1878 καὶ
2556 1826 2631 1895 μὴ
2665 1802 3045 1893 ἐπιγινώσκων
3090 1826 3149 1879 ἐν
3196 1824 3348 1893 αὐτῷ
3377 1826 3479 1893 τὴν
3513 1823 3714 1891 ἀντίλη-

472 1916 742 1984 ejusmodi
797 1916 891 1986 qui
920 1926 1025 1982 est,
1068 1917 1187 1973 sine
1238 1918 1573 1974 discretione
1621 1920 1874 1988 graditur
1932 1936 2042 1977 non

473 2008 818 2077 perspiciens
881 2009 1269 2064 multiformem
1325 2011 1791 2081 dispensationem
1856 2015 2045 2084 gratia:

473 2099 738 2169 pacisque
789 2100 1008 2155 divinae.
1059 2100 1128 2155 Et
1172 2116 1204 2156 e
1253 2101 1495 2168 diverso,
1544 2103 1641 2173 qui
1692 2103 1979 2174 adjuvatur
2012 2121 2045 2161 a

473 2192 726 2255 Domino,
754 2201 810 2248 et
840 2193 1018 2248 afﬂuit
1046 2194 1234 2249 laetitla
1280 2195 1576 2266 Spirituali,
1624 2212 1689 2253 ac
1728 2197 1891 2253 donis
1928 2214 2044 2254 cm-

470 2281 705 2335 lestibus
733 2323 747 2347 ,
799 2283 842 2336 si
884 2284 1163 2338 existimet
1195 2301 1253 2340 se
1295 2301 1404 2340 non
1458 2287 1695 2356 amplius
1745 2288 2043 2343 obnoxium

471 2381 722 2440 peccato,
754 2373 1035 2443 decipitur
1061 2376 1296 2442 occulte,
1325 2378 1529 2447 quippe
1563 2379 1658 2449 qui
1704 2395 1810 2434 non
1847 2379 2047 2437 habeat

472 2465 784 2519 facultatem
817 2466 1171 2523 discernendi
1221 2470 1585 2526 subtilitatem
1644 2473 1889 2539 malitiae,
1942 2491 2045 2531 nec

471 2561 743 2632 intelligat
768 2563 1029 2631 paulatim
1060 2563 1180 2617 ﬁeri
1226 2564 1624 2621 incrementum
1650 2566 1918 2636 pueritia,
1962 2577 2047 2623 at-

470 2672 579 2725 que
633 2655 1026 2726 perfectionem
1082 2654 1138 2710 in
1188 2654 1413 2713 Christo
1459 2673 1634 2712 :nam
1687 2673 1786 2727 per
1840 2658 2050 2714 submi-

470 2748 853 2803 nistrationem
926 2746 1165 2817 Spiritus
1230 2749 1407 2803 sancti
1470 2757 1528 2803 et
1599 2748 1810 2816 divini,
1886 2751 2047 2805 simul

473 2838 611 2894 ﬁdes
672 2848 834 2894 aucta
899 2839 954 2894 in
1017 2841 1417 2895 incrementum
1476 2840 1703 2908 tendit,
1773 2851 1830 2897 et
1886 2857 2050 2898 omne

470 2933 756 2987 munimen
812 2948 1105 3002 pravarum
1164 2933 1558 3004 cogitationum
1602 2948 1671 2989 ex
1736 2942 1893 3003 parte
1954 2936 2052 2989 de—

472 3028 707 3080 struitur
762 3042 935 3096 usque
975 3026 1042 3081 ad
1088 3028 1356 3097 integram
1403 3027 1769 3083 eversionem.
1805 3027 2050 3084 Scrutari

2143 1916 2236 1985 ψιν
2260 1915 2355 1968 τοῦ
2380 1916 2537 1985 ἁγίου
2568 1916 2885 1985 Πνεύματος
2907 1918 3007 1985 τῆς
3027 1917 3288 1986 ἀληθείας
3323 1917 3712 1987 ἐνδυναμοῦσαν

2145 2008 2311 2062 αὐτοῦ
2359 2009 2459 2078 τὴν
2496 2008 2783 2063 ἀσθένειαν
2825 2010 2919 2063 καὶ
2957 2007 3292 2063 ἀνανεοῦσαν
3328 2007 3431 2078 τὴν
3459 2008 3631 2078 ψυχὴν
3661 2008 3712 2059 ἐν

2145 2102 2463 2171 ἀγαλλιάσει
2521 2102 2771 2174 καρδίας,
2825 2104 2854 2156 ὀ
2898 2100 3138 2165 τοιοῦτος
3177 2102 3235 2155 ἐν
3262 2101 3583 2173 ἀδιακρισίᾳ
3626 2117 3713 2153 πο·

2149 2195 2388 2266 ρεύεται,
2423 2194 2498 2266 μὴ
2526 2195 2810 2267 γνωρίζων
2837 2212 2901 2263 γε
2932 2196 3039 2265 μὴν
3067 2195 3166 2263 τὴν
3194 2194 3538 2265 πολύτροπον
3582 2193 3713 2245 οίκο-

2147 2288 2342 2359 νομίαν
2366 2289 2466 2357 τῆς
2492 2289 2585 2341 τοῦ
2620 2287 2755 2341 Θεοῦ
2780 2287 2998 2358 χάριτος
3033 2287 3127 2339 καὶ
3150 2287 3401 2357 εἰρήνης.
3434 2284 3545 2338 Καὶ
3568 2283 3713 2336 πάλιν

2147 2381 2205 2437 δέ
2236 2384 2265 2435 ὁ
2293 2378 2658 2451 βοηθούμενος
2689 2380 2793 2433 ὑπὸ
2820 2378 2915 2431 τοῦ
2948 2364 3177 2449 Κυρίου,
3215 2379 3313 2432 καὶ
3339 2375 3713 2449 εὑρισκόμενος

2151 2476 2208 2527 ἐν
2261 2472 2566 2543 εὐφροσύνῃ
2599 2473 2943 2542 πνευματικῇ
2992 2472 3086 2523 καὶ
3136 2470 3441 2540 χαρίσμασι
3493 2469 3713 2535 ἐπουρα-

2148 2566 2304 2631 νίοις,
2330 2564 2427 2618 ἐὰν
2460 2565 2657 2635 νομίσῃ
2692 2564 2891 2633 μηκέτι
2923 2562 3241 2618 ἀνακεῖσθαι
3281 2562 3390 2616 ὑπὸ
3420 2560 3517 2630 τῆς
3548 2559 3712 2628 ἀμαρ-

2149 2659 2293 2725 τίας,
2350 2660 2629 2712 ἀπατᾶται
2657 2657 3043 2727 κλεπτόμενος,
3090 2657 3165 2726 μὴ
3206 2654 3506 2725 διακρίνων
3536 2649 3708 2703 λεπτός

2148 2766 2289 2821 τητα
2319 2751 2421 2820 τῆς
2458 2749 2687 2811 κακίας·
2742 2748 2838 2802 καὶ
2880 2748 2955 2819 μὴ
3002 2746 3197 2800 συνιὼν
3238 2746 3338 2816 τὴν
3382 2743 3523 2799 κατὰ
3566 2740 3709 2811 μέρος

2150 2843 2449 2914 γενομένην
2486 2843 2587 2911 τῆς
2615 2842 2938 2912 νηπιότητος
2963 2839 3192 2909 αὒξησιν
3214 2841 3311 2893 καὶ
3336 2837 3644 2904 τελειότητα
3662 2831 3711 2883 ἐν

2150 2936 2391 3006 Χριστῷ.
2423 2936 2522 2989 Διά
2541 2935 2649 3005 γὰρ
2677 2937 2777 3006 τῆς
2814 2933 3174 3005 ἐπιχορηγίας
3201 2930 3295 2985 τοῦ
3325 2929 3482 2997 ἁγίου
3505 2924 3597 2979 καὶ
3618 2923 3711 2975 θεῖ-

2152 3030 2251 3084 κοῦ
2284 3032 2599 3100 Πνεύματος
2624 3028 2780 3101 [ὁμοῦ
2810 3044 2870 3081 τε
2898 3028 2991 3082 καὶ
3013 3029 3046 3098 ἡ
3068 3026 3250 3089 πίστις
3279 3018 3617 3090 αὐξανομένη
3645 3014 3713 3075 εἰς

474 3117 646 3187 igitur
672 3118 839 3173 debet
863 3122 1094 3188 quisque
1124 3128 1396 3185 nostrum,
1425 3121 1468 3175 si
1506 3121 1779 3176 invenerit
1812 3121 1867 3175 in
1902 3121 2050 3177 fictili

2157 3119 2439 3191 προκοπὴν
2470 3119 2710 3189 ἔρχεται,
2743 3118 2836 3171 καὶ
2870 3120 2979 3170 πᾶν
3011 3115 3274 3186 ὀχύρωμα
3305 3108 3563 3182 πονηρῶν
3584 3106 3715 3196 λογι-

476 3209 585 3264 hoc
609 3218 873 3279 apparatu
904 3210 1243 3275 thesaurum,
1267 3211 1312 3265 si
1344 3211 1587 3266 induerit
1610 3227 1911 3281 purpuram
1944 3213 2056 3282 spi-

476 3298 639 3364 ritus,
667 3300 712 3353 si
755 3298 957 3353 viderit
996 3315 1201 3370 regem,
1228 3307 1285 3354 et
1317 3300 1592 3370 quieverit
1626 3301 1937 3371 proximum
1978 3301 2056 3355 illi

478 3388 688 3455 factus,
720 3388 767 3443 si
811 3388 1028 3443 tandem
1072 3389 1128 3444 in
1170 3390 1379 3445 alienas
1419 3389 1614 3445 domos
1651 3404 1711 3445 se
1770 3389 2053 3449 direxerit.

478 3477 615 3532 Nam
663 3477 845 3532 anima
893 3478 1060 3535 habet
1105 3488 1290 3549 partes
1335 3480 1563 3545 multas,
1606 3490 1664 3536 et
1711 3480 2056 3536 altitudinem

478 3585 755 3640 magnam.
787 3579 843 3625 et
878 3570 1101 3625 demum
1142 3582 1427 3642 peccatum
1471 3573 1775 3644 ingressum
1816 3574 2060 3645 possedit

480 3660 628 3714 illius
660 3660 947 3721 universas
978 3670 1162 3731 partes
1194 3671 1251 3717 et
1280 3663 1467 3719 cordis
1498 3664 1822 3735 penetralia.
1851 3665 2058 3720 Deinde

482 3749 797 3820 inquirente
825 3751 1069 3818 homine,
1096 3754 1248 3808 venit
1274 3754 1448 3824 gratia
1478 3754 1545 3809 ad
1576 3770 1725 3821 eum,
1749 3764 1806 3810 et
1828 3766 2060 3826 occupat

481 3839 620 3894 duas
648 3841 843 3896 anima:
869 3852 1050 3910 partes
1072 3844 1375 3913 aequaliter.
1396 3844 1500 3911 Qui
1527 3845 1695 3915 igitur
1719 3846 1929 3901 inscius
1952 3855 2056 3913 est,

483 3932 751 3989 invitatus
796 3952 825 3988 a
877 3934 1086 4005 gratia,
1132 3936 1434 3991 arbitratur
1475 3938 1705 4008 gratiam
1755 3939 2057 4009 ingressam

481 4040 676 4081 omnes
703 4028 901 4082 animae
932 4037 1116 4096 partes
1149 4029 1422 4095 obtinere,
1447 4036 1503 4085 et
1535 4040 1820 4100 peccatum
1857 4032 2060 4086 radici-

483 4125 574 4172 tus
598 4117 780 4172 evelli.
805 4117 974 4188 Major
999 4126 1181 4173 autem
1209 4133 1336 4189 pars
1358 4135 1387 4173 a
1406 4131 1632 4189 peccato
1654 4121 1989 4191 possidetur,
2005 4130 2062 4175 et

483 4224 593 4262 una
634 4224 761 4279 pars
800 4225 829 4263 a
871 4210 1079 4279 gratia;
1117 4218 1174 4264 et
1206 4211 1481 4281 decipitur
1514 4212 1607 4266 ille
1640 4223 1696 4268 et
1728 4213 1923 4268 nescit.
1958 4214 2063 4268 Per

482 4300 641 4371 plura
698 4310 884 4356 autem
944 4302 1126 4357 adhuc
1182 4302 1251 4358 de
1310 4303 1397 4358 his
1453 4303 1721 4358 habentes
1770 4305 2057 4359 attentioni

481 4400 677 4447 vestrae
718 4392 1053 4448 sinceritatis
1090 4393 1418 4465 patefacere,
1455 4410 1554 4465 per
1591 4410 1764 4464 pauca
1809 4395 2062 4450 dedimus

2160 3211 2315 3282 σμῶν
2372 3212 2511 3264 κατὰ
2551 3210 2715 3280 μέρος
2772 3209 2941 3279 χωρεῖ
2984 3209 3064 3271 είς
3104 3205 3430 3275 καθαίρεσιν
3476 3193 3713 3260 παντελῆ.

2172 3303 2430 3374 Ἐρευνᾷν
2456 3301 2548 3356 οὖν
2593 3302 2796 3369 ὀφείλει
2826 3299 3057 3361 ἕκαστος
3084 3296 3262 3369 ἡμῶν,
3291 3297 3347 3349 εί
3384 3288 3538 3363 εὗρεν
3573 3290 3625 3341 ἐν
3651 3282 3716 3353 τῷ

2157 3392 2462 3464 ὀστρακίνῳ
2489 3391 2661 3459 τούτῳ
2685 3389 2867 3443 σκεύει
2886 3389 2903 3420 ⁸
2933 3389 3024 3443 τὸν
3051 3386 3347 3459 θησαυρὸν,
3383 3385 3433 3437 εί
3456 3377 3717 3436 ἐνεδύσατο

2158 3484 2256 3555 τὴν
2304 3484 2589 3553 πορφύραν
2634 3482 2729 3535 τοῦ
2766 3481 3095 3551 πνεύματος,
3138 3480 3187 3532 εί
3224 3473 3337 3531 εἶδε
3372 3476 3462 3529 τὸν
3496 3467 3714 3543 βασιλέα,

2160 3577 2254 3628 καὶ
2297 3574 2578 3643 ἐινεπαύθη
2618 3576 2639 3605 ⁸
2690 3574 2990 3641 ἐγγύτατος
3046 3570 3213 3625 αὐτοῦ
3256 3570 3570 3637 γενόμενος,
3621 3558 3716 3610 εἴτε

2160 3664 2344 3737 ἀκμὴν
2398 3666 2479 3729 εἰς
2530 3666 2654 3728 τοὺς
2701 3665 3001 3731 ἐξωτάτους
3038 3663 3219 3725 οἴκους
3257 3659 3524 3714 διακινείο
3568 3649 3716 3721 ἡγὰρ

2159 3758 2305 3829 ψυχὴ
2327 3756 2440 3829 ἔχει
2463 3757 2600 3826 μέλη
2625 3757 2817 3821 πολλὰ,
2846 3758 2942 3811 καὶ
2977 3755 3139 3826 βάθος
3174 3754 3333 3819 πολὺ,
3367 3752 3461 3806 καὶ
3492 3744 3660 3800 λοιπὸν
3688 3739 3716 3807 ἡ

2162 3852 2406 3922 ἁμαρτία
2444 3849 2834 3902 ἐπεισελθοῦσα
2869 3848 3134 3917 κατέσχεν
3164 3847 3336 3915 αὐτῆς
3364 3845 3461 3898 ὅλα
3502 3839 3569 3892 τὰ

2162 3945 2256 3996 καὶ
2297 3944 2393 4005 τὰς
2433 3942 2603 4011 νομὰς
2646 3941 2745 4011 τῆς
2772 3940 3017 4011 καρδίας.
3048 3933 3183 3994 Εἶτα
3218 3933 3599 4007 ἐπιζητοῦντος
3636 3940 3716 3976 του

2162 4035 2450 4107 ἀνθρώπου
2481 4034 2701 4106 ἔρχεται
2750 4036 2783 4103 ἡ
2819 4035 2978 4105 χάρις
3007 4034 3144 4102 πρὸς
3172 4030 3358 4096 αὐτὸν,
3394 4029 3485 4082 καὶ
3522 4020 3716 4087 κατέχει

2161 4129 2253 4183 δύο
2296 4128 2432 4200 μέλη
2473 4128 2574 4198 τῆς
2608 4129 2781 4198 ψυχῆς
2810 4127 2959 4190 ἴσως.
3003 4125 3061 4179 '0
3089 4120 3182 4178 οὖν
3218 4125 3463 4193 ἄπειρος,
3491 4125 3717 4200 παρακαέ

2162 4199 2426 4291 λούμενος
2462 4219 2567 4273 ὑπὸ
2607 4220 2706 4288 τῆς
2750 4219 2992 4289 χάριτος,
3036 4216 3265 4287 νομίζει,
3309 4215 3391 4269 ὃτι
3430 4207 3642 4264 ἐλθοῦσα
3687 4199 3712 4266 ἡ

2163 4314 2323 4383 χάρις
2360 4312 2457 4365 ὅλα
2497 4310 2565 4364 τὰ
2600 4309 2735 4380 μέλη
2768 4308 2867 4378 τῆς
2891 4308 3065 4379 ψυχῆς
3098 4306 3353 4375 κατέσχε,
3395 4302 3488 4358 καὶ
3528 4293 3714 4365 ὲξερβι’

2164 4404 2310 4477 ζὼθη
2336 4404 2356 4435 ³
2382 4405 2415 4475 ή
2450 4401 2717 4473 ἁμαρτία.
2740 4401 2814 4455 Τὸ
2852 4400 3100 4453 πλεῖστον
3132 4398 3190 4451 δέ
3229 4398 3393 4469 μέρος
3433 4393 3528 4462 τῆς
3556 4390 3713 4477 ἀμαρς

478 4484 643 4539 vobis
682 4486 1015 4555 principium
1057 4495 1117 4541 ut
1154 4487 1590 4556 intelligentibus
1629 4487 1969 4553 hominibus,
2000 4497 2050 4543 ut

2166 4468 2621 4567 τίαξκροίτείτα-ι,
2654 4494 2748 4547 καὶ
2786 4493 2843 4545 ἓν
2888 4492 3053 4563 μέρος
3093 4491 3197 4543 ὑπὸ
3231 4468 3333 4558 τῆς
3365 4488 3608 4558 χάριτος’
3636 4468 3713 4567 κα)

480 4590 803 4636 exercentes
822 4592 877 4636 et
897 4583 1227 4638 meditantes
1246 4598 1557 4638 sermonum
1579 4584 1859 4647 virtutem,
1894 4586 2053 4639 intel-

481 4675 803 4746 ligentiores
842 4674 986 4729 ﬁalis
1014 4676 1067 4729 in
1096 4676 1349 4739 Domino,
1372 4687 1429 4731 et
1458 4676 1619 4746 158
1647 4676 2053 4747 simplicitatem

481 4765 668 4821 cordis
688 4766 859 4820 vestri
889 4767 1136 4835 augeatis
1158 4766 1213 4821 in
1242 4767 1361 4838 ejus
1385 4768 1580 4837 gratia,
1604 4776 1661 4821 et
1686 4768 1890 4823 virtute
1911 4770 2056 4824 veri-

481 4856 631 4923 tatis,
662 4864 721 4911 ut
750 4872 875 4911 cum
908 4857 1060 4912 omni
1092 4858 1387 4913 securitate
1414 4865 1611 4913 vestrae
1643 4860 1805 4914 saluti
1840 4860 2057 4915 incum—

480 4950 702 5016 bentes,
737 4957 794 5005 et
839 4948 1057 5005 liberati
1104 4949 1175 5004 ab
1218 4950 1367 5004 onmi
1411 4950 1727 5006 curiositate
1770 4959 1826 5007 et
1865 4951 2058 5008 fraude

479 5040 785 5096 adversarii
818 5041 965 5112 digni
1002 5040 1316 5095 habeamini
1352 5040 1558 5096 innoxii
1593 5051 1650 5097 et
1680 5041 1868 5096 invicti
1901 5042 2057 5098 iuve-

484 5134 592 5188 niri
629 5134 686 5187 in
718 5135 807 5188 die
834 5136 1028 5203 judicii
1062 5135 1280 5190 Domini
1321 5134 1493 5189 nostri
1526 5135 1655 5190 Jesu
1688 5133 1929 5202 Christi;
1967 5134 2056 5190 cui

479 5230 655 5298 gloria
682 5240 740 5286 ct
767 5239 1007 5301 potestas
1026 5247 1149 5287 cum
1178 5233 1341 5287 Patre
1368 5241 1423 5286 et
1452 5231 1669 5286 viviﬁco
1700 5232 1820 5302 ejus
1851 5231 2057 5301 Spiritu

555 5436 598 5470 ³¹
633 5434 823 5490 Matth.
852 5449 1043 5499 xxvm,
1069 5433 1159 5488 20.
1238 5434 1281 5466 ³²
1320 5432 1510 5488 Matth.
1545 5448 1637 5497 vn,
1671 5431 1756 5486 li.

2167 4559 2564 4641 ὑποκλέπτεται
2587 4586 2681 4638 καὶ
2709 4585 2810 4637 οὐκ
2840 4559 2971 4636 οἷδεξ
2997 4583 3093 4636 Διὰ
3123 4580 3388 4634 πλειόνων
3412 4577 3466 4630 δὲ
3500 4572 3575 4625 ἔτι
3605 4559 3711 4631 περὶ

2163 4678 2368 4731 τούτων
2397 4676 2612 4747 ἔχοντες
2640 4674 2940 4729 ἐπιστεῖλαι
2968 4676 3035 4743 τῇ
3058 4671 3294 4727 διαθέσει
3333 4670 3431 4737 τῆς
3464 4658 3707 4747 ὑμετέρξις

2162 4745 2533 4838 είλικρινείας,
2575 4768 2639 4822 δι’
2667 4766 2863 4836 ὀλίγων
2897 4765 3179 4834 ἐδώκαμεν
3208 4764 3337 4833 ὑμῖν
3371 4752 3611 4852 ἀφορμὴν
3639 4745 3704 4852 (Et;

2163 4864 2403 4925 συνετοῖς
2447 4860 2725 4931 ἀνδράσιν,
2781 4858 2868 4911 ἵνα
2917 4856 3277 4927 ἐργασάμενοι
3317 4854 3409 4906 καὶ
3442 4848 3699 4931 ἐξερευνηο

2163 4970 2358 5017 σαντες
2386 4952 2483 5024 τὴν
2504 4953 2610 5006 τῶν
2640 4951 2812 5020 λόγων
2837 4948 3084 5019 δύναμιν,
3124 4944 3473 5014 συνετώτεροι
3494 4926 3699 5031 γένησίξε

2160 5049 2218 5101 ὲν
2244 5046 2453 5117 Κυρίῳ,
2492 5047 2587 5100 καὶ
2619 5045 2719 5115 τὴν
2749 5042 3025 5113 ἁπλότητα
3051 5040 3151 5109 τῆς
3188 5037 3411 5109 καρδίας
3446 5026 3588 5117 ὑμῶγ
3617 5026 3702 5117 ρ’

2164 5111 2357 5209 ξάνητε
2379 5111 2435 5191 ἐν
2463 5140 2527 5209 τῇ
2550 5111 2716 5190 αὐτοῦ
2741 5111 2952 5206 χάριτι,
2972 5133 3068 5185 καὶ
3088 5129 3310 5199 δυνάμει
3336 5127 3433 5196 τῆς
3454 5111 3701 5207 ἀληθείας,

2165 5232 2251 5284 ἵνα
2286 5227 2425 5301 μετὰ
2456 5229 2638 5299 πάσης
2673 5225 2974 5297 ἀσφαλείας
3005 5222 3352 5295 ἀντεχόμενοι
3392 5215 3484 5286 τῆς
3526 5210 3704 5263 ἑαυτων

1757 5612 1989 5668 νΑῐίιᾹΞ
2026 5610 2436 5668 LECTIONES.

558 5778 577 5809 ¹
612 5776 744 5832 Cod.
787 5773 976 5832 σκεύη.
1080 5775 1098 5806 ’
1128 5774 1241 5835 ἴση
1299 5771 1509 5837 ἁνεπάη
1565 5780 1662 5826 aut
1691 5770 1957 5841 ἁνεπαύη.

2038 5771 2058 5804 ³
2089 5768 2223 5826 Cod.
2256 5766 2572 5840 ἐξεριζώθη.
