3980 6424
446 335 550 402 823

1700 339 1760 399 S.
1802 340 2001 399 MACA
2011 336 2124 398 RII
2167 337 2279 398 ABG
2289 338 2487 398 YPTII
3599 335 3689 397 824

443 447 768 503 einundavit
811 448 1136 505 interiorem
1168 451 1486 508 hominem?
1514 466 1626 518 non
1646 434 1805 506 enim
1831 453 2030 520 qualis-

2142 452 2203 504 ού
2237 455 2346 518 γάρ
2378 453 2410 521 ἡ
2451 450 2632 521 ἀποχὴ
2667 449 2776 502 τῶν
2808 447 2995 502 κακῶν
3041 447 3190 500 ἐστιν
3217 447 3250 518 ἡ
3282 445 3556 516 κάθαρσις,
3592 438 3691 502 ἀλλ’

443 554 662 607 cunque
696 539 1032 594 abstinentia
1079 558 1110 596 a
1145 543 1326 609 malis,
1357 542 1453 598 sed
1478 558 1601 613 qua:
1636 541 1862 596 intimos
1905 556 2038 596 con-

444 629 692 682 scientiae
743 629 900 684 sinus
932 632 1086 686 omni
1127 632 1546 702 inquinamento
1593 647 1718 687 cum
1749 631 2037 703 diligentia

443 729 734 791 expurgat.
763 723 1012 791 perfecta
1038 723 1262 777 demum
1295 722 1620 778 emundatio
1647 731 1750 777 est.
1781 722 1924 793 Ergo
1948 721 2036 776 in-

443 813 674 879 gredere
700 814 778 867 sis
813 815 954 869 heus
987 824 1066 880 tu,
1116 816 1169 870 in
1196 816 1314 870 laxa
1345 817 1567 885 penitus
1599 814 1883 870 conclavia
1928 815 2037 870 late

445 902 596 956 intus
649 911 962 974 vagantium
1007 907 1406 978 cogitationum
1462 915 1718 968 tuarum,
1767 905 1836 960 ad
1882 914 2031 962 tuam

444 996 717 1064 captivam
743 1007 798 1051 et
822 1015 1037 1054 servam
1068 1001 1281 1071 peccati
1316 1009 1588 1064 mentem;
1625 1007 1680 1054 et
1705 999 1831 1054 vidc
1855 999 1910 1054 in
1945 1000 2031 1054 in-

448 1088 582 1142 timo
611 1088 730 1157 ejus
763 1090 953 1154 fundo,
986 1091 1090 1146 sub
1137 1091 1300 1144 turba
1328 1090 1685 1145 bullientium
1735 1091 2031 1162 cogitatio-

444 1193 602 1244 num,
630 1181 683 1233 in
713 1181 866 1248 ipsis,
903 1196 1027 1249 qua:
1067 1182 1266 1235 animae
1305 1180 1609 1250 penetralia
1631 1179 1913 1244 dicuntur,
1947 1197 2035 1236 oc-

449 1270 777 1326 cultissimis
809 1271 1165 1327 conscientiae
1210 1271 1546 1336 recessibus,
1579 1280 1886 1340 reptantem
1944 1274 2033 1327 ni-

441 1361 840 1432 dulantemque
880 1379 1136 1434 anguem,
1184 1363 1280 1433 qui
1319 1372 1371 1418 te
1405 1361 1632 1428 occidit,
1675 1378 1892 1418 veneno
1931 1379 2035 1419 suo

441 1451 669 1507 insectis
697 1454 964 1509 vitalibus
992 1454 1195 1509 animae
1221 1463 1328 1509 tua:
1354 1453 1610 1525 partibus
1643 1469 1710 1509 ac
1745 1455 2031 1510 membris.

2144 543 2178 612 ἡ
2209 541 2349 595 κατά
2379 540 2684 611 συνείδησιν
2710 539 2892 593 τελεία
2935 537 3225 608 κάθαρσις.
3270 537 3487 591 Εῖσελθε
3513 539 3629 610 γὰρ,
3654 533 3694 594 ὦ

2142 626 2318 697 οὗτος,
2351 634 2438 687 διὰ
2471 636 2570 704 τῆς
2600 633 2709 686 τῶν
2733 631 3011 702 λογισμῶν
3034 647 3126 683 σου
3155 630 3454 693 ἐπιτάσεως
3476 631 3601 694 πρὸς
3617 633 3695 683 τὸν

2144 725 2512 797 αἰχμάλωτον,
2551 726 2644 778 καὶ
2673 724 2860 778 δοῦλον
2888 724 2988 792 τῆς
3016 719 3294 792 ἁμαρτίας
3321 719 3444 774 νοῦν
3483 738 3590 781 σου,
3615 722 3697 774 καὶ

2147 817 2223 869 ῐδε
2248 817 2342 869 τὸν
2381 815 2696 887 κατώτερον
2724 814 2821 868 τοῦ
2848 814 2940 867 νοῦ
2985 813 3079 866 καὶ
3110 811 3404 882 βαθύτερον
3435 812 3540 864 τῶν
3567 811 3698 879 λογι-

2147 906 2322 977 σμῶν,
2355 909 2435 972 εἰς
2464 907 2533 961 τὰ
2567 907 2838 978 λεγόμενα
2887 907 3111 975 ταμιεῖα
3152 905 3250 973 τῆς
3294 904 3472 974 ψυχῆς
3505 921 3590 957 σου
3621 904 3699 958 τὸν

2141 1000 2381 1072 ἐρποντα
2426 1001 2521 1054 καὶ
2570 1000 2960 1070 ἐμφωλεύοντα
3001 999 3144 1070 ὅφιν,
3177 999 3266 1052 τὸν
3296 997 3621 1065 φονεύσαντά
3647 1015 3696 1050 σε

2137 1092 2226 1146 διὰ
2251 1093 2358 1146 τῶν
2387 1094 2761 1164 καιριωτέρων
2783 1094 2884 1164 τῆς
2909 1093 3088 1164 ψυχῆς
3112 1109 3206 1145 σου
3237 1091 3417 1162 μελῶν
3434 1108 3448 1122 ·
3483 1089 3698 1153 ἀϐυσσος

2139 1184 2249 1254 γάρ
2285 1186 2436 1237 ἐστιν
2482 1185 2872 1255 ἀκατάληπτος
2919 1186 2952 1255 ἠ
3003 1184 3234 1255 καρδία’
3273 1183 3368 1236 καὶ
3399 1180 3492 1235 ἐὰν
3531 1181 3701 1234 τοῦτον

2138 1275 2430 1348 φονεύσῃς,
2459 1275 2735 1346 καύχησαι
2766 1275 2844 1346 τῷ
2871 1274 2991 1346 Θεῷ
3013 1276 3142 1346 περὶ
3164 1275 3566 1345 καθαρότητοςο
3592 1272 3702 1325 είδέ

2143 1368 2239 1440 μὴ,
2267 1368 2625 1432 ταπεινωθεὶς
2653 1369 2728 1433 ὡς
2765 1368 2950 1440 ἐνδεὴς
2973 1367 3071 1422 καὶ
3093 1366 3418 1439 ἁμαρτωλὸς
3448 1365 3586 1436 ὑπὲρ
3606 1365 3703 1417 τῶν

2141 1459 2388 1530 κρυφίων
2411 1478 2506 1514 σου
2526 1461 2778 1531 δεόμενος
2805 1460 2900 1514 τοῦ
2927 1459 3088 1514 Θεοῦ.

437 1545 686 1617 Abyssus
709 1549 859 1602 enim
886 1548 1396 1619 imperscrutabilis
1427 1563 1524 1604 cor
1552 1557 1658 1612 est,
1689 1547 1809 1602 etsi
1838 1548 2065 1618 quidem
2105 1551 2274 1607 istum
2308 1553 2680 1620 interfeceris,
2722 1563 2854 1610 tunc
2881 1569 3014 1609 sane
3065 1553 3206 1608 aude
3238 1551 3386 1623 apud
3414 1551 3581 1606 Deum
3603 1552 3704 1623 glo-

438 1637 570 1692 riari
616 1639 685 1693 de
727 1650 819 1694 tua
863 1641 1154 1710 puritate:
1206 1641 1294 1696 sin
1328 1641 1534 1705 minus,
1573 1639 1923 1707 humiliatus,

438 1728 534 1783 illo
553 1729 778 1799 procide
805 1746 991 1795 orans,
1031 1739 1086 1784 ut
1121 1740 1176 1786 te
1202 1731 1270 1786 ab
1295 1730 1530 1786 occultis
1557 1729 1665 1783 tuis
1689 1731 1940 1787 mundet.

1998 1651 2060 1697 ut
2097 1645 2353 1717 indigens
2417 1655 2476 1702 et
2511 1655 2804 1718 peccator.
2835 1645 3038 1701 accede
3081 1644 3150 1700 ad
3202 1645 3378 1700 Deum
3402 1686 3416 1710 ,
3446 1651 3504 1699 et
3534 1658 3702 1698 coram

508 1822 576 1876 ll.
613 1823 752 1878 Vera
778 1838 930 1878 mors
963 1823 1114 1878 intus
1142 1825 1195 1878 in
1233 1823 1404 1880 corde
1433 1821 1757 1878 abscondita
1782 1833 1889 1892 est,
1916 1841 2024 1895 qua

2201 1829 2278 1884 B'.
2335 1828 2394 1883 Ὀ
2424 1828 2680 1900 ἀληθινὸς
2711 1829 2940 1892 θάνατος
2969 1827 3184 1882 ἔνδοθεν
3217 1829 3276 1882 ἐν
3303 1829 3372 1899 τῇ
3404 1827 3599 1898 καρδία
3623 1826 3702 1880 x6-

438 1915 682 1969 exterior
706 1915 895 1980 homo,
926 1926 1207 1986 utcunque
1262 1917 1476 1986 spirare
1517 1918 1795 1984 videatur,
1836 1935 2032 1976 revera

438 2015 525 2061 est
555 2015 828 2062 mortuus.
867 2007 922 2062 Si
962 2009 1089 2077 quis
1115 2009 1284 2079 igitur
1319 2009 1377 2063 in
1408 2009 1505 2065 illo
1543 2027 1748 2066 arcano
1779 2012 1966 2067 cordis
2001 2029 2032 2068 a

439 2108 620 2152 morte
650 2099 717 2152 ad
752 2099 918 2154 vitam
955 2099 1176 2165 transit,
1208 2101 1254 2156 is
1296 2117 1428 2158 vere
1461 2102 1598 2156 vivit
1629 2103 1742 2158 vita
1776 2104 2030 2174 perenni,

439 2206 544 2244 nec
567 2191 808 2262 amplius
844 2193 1101 2248 moritur.
1131 2193 1249 2248 Etsi
1274 2195 1422 2249 enim
1452 2195 1643 2249 talium
1665 2212 1887 2266 quoque
1910 2211 2034 2251 cor-

437 2298 594 2351 pora,
618 2285 1004 2353 separantibus
1031 2302 1089 2340 se
1117 2295 1326 2342 statuto
1353 2296 1610 2358 tempore
1632 2288 1700 2342 ab
1726 2288 1796 2343 iis
1825 2289 2033 2343 anima-

437 2373 562 2436 bus,
599 2383 752 2429 certo
796 2379 976 2445 spatio
1009 2377 1302 2432 solvuntur
1323 2419 1336 2443 ,
1369 2379 1562 2433 eadem
1595 2388 1801 2444 tamen,
1838 2389 2032 2451 utpote

436 2467 800 2533 sanctilicata,
824 2479 1119 2538 resurgent
1147 2486 1274 2525 cum
1305 2470 1501 2541 gloria.
1531 2471 1835 2542 Propterea
1867 2488 2020 2528 som—

436 2573 570 2612 num
597 2576 860 2616 vocamus
891 2571 1130 2617 ιιιονιθιη
1163 2572 1510 2619 sanctorum.

2137 1939 2398 1992 κρυπται,
2434 1922 2531 1975 καὶ
2580 1923 2609 1976 6
2657 1922 2942 1993 ἄνθρωπος
2981 1920 3089 1974 ἔσω
3125 1921 3484 1992 νενέκρωται.
3528 1921 3592 1974 Et
3629 1935 3705 1982 τις

2135 2010 2230 2066 οὖν
2266 2013 2646 2083 μεταϐέϐηκεν
2678 2015 2742 2066 ἐκ
2777 2012 2869 2066 τοῦ
2898 2013 3131 2066 θανάτου
3159 2014 3239 2075 είς
3267 2013 3366 2084 τὴν
3390 2012 3533 2083 ζωὴν
3556 2014 3611 2066 ἐν
3636 2011 3704 2081 τῷ

2137 2104 2385 2176 κρυπτῷ,
2416 2098 2571 2168 οὗτος
2601 2105 2816 2177 ἀληθῶς
2856 2106 2936 2168 είς
2969 2105 3098 2168 τοὺς
3133 2103 3340 2168 αίῶνας
3385 2103 3474 2176 ζῇ,
3505 2105 3594 2158 καὶ
3617 2103 3705 2156 οὐκ

2135 2197 2504 2268 ἀποθνήσκει·
2541 2196 2657 2250 ἀλλ’
2704 2198 2752 2250 εἰ
2798 2197 2894 2251 καὶ
2940 2197 3008 2250 τά
3035 2195 3284 2267 «σώματα
3327 2196 3436 2250 τῶν
3468 2196 3704 2248 τοιούτων

2135 2289 2324 2343 λύεται
2351 2289 2487 2358 πρὸς
2520 2291 2714 2360 καιρόν
2741 2306 2884 2354 τινα,
2919 2289 3036 2343 ἀλλ’
3061 2286 3156 2342 οὖν
3188 2289 3502 2360 ήγιασμένα
3536 2287 3592 2340 τέ
3611 2287 3704 2340 εἱσι

2136 2368 2231 2435 καὶ
2263 2381 2571 2451 ἐγείρονται
2606 2384 2705 2436 σὺν
2735 2381 2890 2456 δόξῃ·
2925 2379 3006 2435 διδ
3035 2380 3129 2435 καὶ
3167 2379 3340 2435 ὕπνον
3369 2380 3594 2451 λέγομεν
3617 2377 3703 2449 τὴν

2136 2475 2304 2546 κοίμη
2313 2491 2397 2528 σιν
2429 2474 2540 2527 τῶν
2573 2474 2766 2544 ἁγίων.

511 2649 605 2704 lll.
635 2650 835 2706 Totum
866 2652 1174 2708 adversarii
1206 2663 1492 2708 certamen
1514 2655 1571 2709 in
1599 2670 1668 2710 eo
1689 2655 1944 2722 desudat,
1974 2665 2035 2712 ut

439 2750 608 2810 queat
661 2753 905 2798 mentem
966 2753 1216 2798 nostram
1271 2761 1303 2799 a
1361 2745 1458 2799 Dei
1529 2747 1917 2803 recordatione
1978 2755 2036 2802 et

435 2849 627 2887 amore
679 2835 1029 2901 abstrahere,
1071 2836 1365 2892 illecebras
1394 2838 1463 2892 ad
1502 2838 1558 2892 id
1590 2838 1865 2894 adhibens
1921 2847 2037 2894 ter-

435 2941 619 2993 renas,
669 2929 931 2998 omnique
970 2939 1088 2984 arte
1115 2941 1370 3001 satagens
1401 2930 1660 2986 allectum
1691 2948 2034 3002 sensumque

435 3027 686 3073 nostrum
718 3019 787 3074 ab
841 3036 929 3085 eo,
966 3021 1061 3091 qui
1119 3038 1265 3077 unus
1289 3039 1418 3078 vere
1462 3039 1641 3079 nonus
1691 3033 1799 3090 est,
1846 3024 1913 3079 ad
1945 3042 2030 3091 ea,

2140 3026 2376 3097 δοκήσει,
2425 3024 2540 3081 ἀλλ’
2569 3027 2670 3079 οὐκ
2711 3026 2881 3088 ὅντως
2910 3025 3071 3078 καλά.
3113 3025 3228 3078 Πᾶν
3259 3026 3372 3095 γὰρ
3403 3024 3432 3077 ὃ
3463 3024 3555 3076 ἐὰν
3589 3023 3702 3092 ποιῇ

436 3128 560 3181 quae
630 3113 744 3167 sola
795 3115 1082 3182 Opinione,
1131 3131 1244 3170 non
1293 3125 1482 3171 autem
1554 3118 1732 3173 solida
1771 3119 2030 3184 veritate,

2140 3116 2428 3187 ἄνθρωπος
2478 3116 2678 3180 καλὸν,
2741 3115 2964 3170 σπιλοῢν
3009 3117 3104 3171 καὶ
3139 3117 3377 3186 μιαίνειν
3409 3117 3438 3169 6
3488 3113 3705 3184 πονηρὸς

427 3202 582 3258 -Ιιοιιε
603 3213 753 3270 sunt,
789 3215 1064 3261 avertere.
1106 3206 1490 3277 Quodcunque
1525 3209 1678 3264 enim
1730 3211 1893 3265 homo
1929 3211 2030 3265 bo-

2143 3211 2411 3282 βούλεται,
2451 3211 2546 3264 καὶ
2564 3209 2661 3279 τὴν
2695 3209 2832 3262 ἰδίαν
2851 3207 3190 3278 ἐπεισπορὰν
3216 3207 3318 3276 τῆς
3355 3201 3701 3272 κενοδοξίαςῆ

2207 2656 2282 2709 I".
2325 2655 2488 2720 Ὀλος
2517 2657 2547 2711 6
2588 2655 2739 2724 ἀγὼν
2786 2655 2881 2710 τοῦ
2929 2657 3314 2728 ἀντικειμένου
3359 2647 3512 2720 οὗτός
3552 2657 3702 2719 ἐστιν,

2137 2745 2224 2800 ἴνα
2249 2747 2453 2819 δυνηθῇ
2481 2747 2574 2800 τὸν
2605 2747 2731 2800 νοῦν
2753 2747 2910 2817 ἡμῶν
2935 2748 3043 2801 ἀπὸ
3067 2748 3166 2816 τῆς
3189 2747 3330 2818 πρὸς
3349 2748 3479 2800 Θεὸν
3503 2747 3703 2819 μνήμης

2137 2840 2234 2894 καὶ
2277 2841 2500 2911 ἀγάπης
2549 2841 2845 2904 ἐκσπᾶσαι,
2893 2841 3224 2912 δελεάσμασι
3257 2841 3477 2912 ’γηῒνοις
3505 2837 3703 2910 χρώμε-

2137 2949 2249 2997 νος,
2285 2934 2380 2986 καὶ
2413 2932 2521 2986 ἀπὸ
2551 2932 2642 2985 τοῦ
2691 2932 2844 2996 ὄντος
2880 2931 3045 2985 καλοῦ
3093 2933 3495 3003 παρεκτρέπων
3523 2931 3609 2984 ἐπὶ
3645 2929 3704 2982 τά

437 3310 571 3349 num
611 3295 765 3362 facit,
804 3297 1054 3363 polluere
1103 3314 1167 3355 ac
1204 3301 1587 3356 contaminare
1619 3301 1907 3372 improbus
1940 3319 2032 3358 co-

436 3392 628 3449 natur,
661 3387 1011 3457 maximeque
1036 3388 1351 3455 contendit,
1383 3406 1510 3445 cum
1547 3407 1711 3461 quem
1743 3392 1896 3448 videt
1924 3393 2031 3464 legi

437 3476 800 3533 observanda:
823 3494 1048 3549 operam
1091 3481 1336 3547 dantem,
1370 3483 1523 3553 operi
1560 3483 1706 3538 bono
1739 3493 1835 3538 aut
1877 3500 2032 3539 vanae

2139 3303 2378 3372 ὀνήσεως
2423 3303 2491 3371 τῇ
2530 3300 2716 3370 ἐντολῇ
2773 3298 3075 3369 συμμίγειν
3121 3297 3490 3366 ἀγωνίζεται*
3531 3295 3612 3349 ἵνα
3641 3293 3704 3364 μὴ

2139 3393 2227 3446 διὰ
2257 3391 2390 3445 Θεὸν
2420 3392 2514 3445 καὶ
2546 3391 2706 3462 μόνον
2738 3392 2881 3445 κατὰ
2907 3389 3219 3463 προθυμίαν
3250 3389 3465 3461 ἀγαθὴν
3495 3389 3550 3441 τὸ
3577 3385 3704 3456 γινό-

2143 3501 2303 3554 μενον
2329 3483 2532 3552 ἀγαθὸν
2555 3484 2803 3554 γένηται.

436 3570 646 3639 gloriae,
678 3579 773 3625 aut
807 3572 1031 3628 tumidaa
1058 3574 1144 3628 sui
1183 3575 1556 3645 praesidentia:
1593 3576 1774 3631 labem
1802 3577 2160 3648 inspergere,
2192 3591 2264 3630 ne
2296 3575 2391 3630 Dei
2428 3577 2602 3632 solius
2664 3593 2852 3644 causa,
2882 3584 2940 3631 et
2996 3589 3064 3630 ex
3122 3573 3273 3628 bono
3339 3588 3574 3643 vereque
3597 3572 3704 3626 lau-

437 3664 604 3718 dabili
639 3666 942 3734 proposito,
980 3667 1128 3735 quod
1170 3669 1417 3722 exterius
1472 3668 1616 3724 bene
1668 3669 1740 3725 sit
1790 3670 2026 3724 interius
2065 3679 2306 3741 geratur.

509 3757 596 3812 IV.
635 3757 778 3825 Quid
805 3758 1008 3827 igitur?
1037 3775 1141 3814 nos
1175 3776 1458 3830 nunquam
1489 3779 1554 3817 ac
1578 3779 1850 3832 nusquam
1881 3762 2032 3818 soliti

439 3850 496 3904 in
528 3867 624 3904 eor
649 3860 904 3905 nostrum
939 3851 1177 3921 ingredi,
1215 3855 1496 3922 quomodo
1535 3855 1906 3926 incipiemus?
1932 3857 2036 3910 Per

433 3943 708 4013 jejunium
729 3951 787 3998 et
811 3945 1120 3999 orationem
1151 3945 1289 4000 foris
1314 3956 1525 4002 stantes
1543 3949 1849 4017 pulsemus,
1869 3957 2036 4017 prout

440 4035 708 4090 Dominus
729 4035 917 4106 jussit,
939 4036 1132 4091 dicens
1164 4054 1178 4091 :
1218 4037 1436 4091 l’ulsatc
1463 4047 1511 4091 et
1538 4041 1806 4109 aperietur
1827 4041 1968 4093 vobis
1993 4040 2032 4094 '.

442 4126 499 4180 Si
527 4127 677 4181 enim
697 4129 1172 4197 permanserimus
1199 4127 1253 4181 in
1281 4129 1453 4182 verbo
1471 4129 1691 4183 Domini
1711 4138 1766 4184 et
1787 4130 1842 4184 in
1869 4146 2032 4185 sensu

442 4218 637 4272 intime
677 4218 921 4274 demisso
949 4219 1328 4274 mendicitatis
1357 4229 1414 4272 et
1444 4221 1677 4275 vilitatis
1703 4231 1938 4286 nostrae;
1972 4239 2036 4278 ac

442 4311 607 4364 simul
636 4310 905 4365 exercitio
933 4320 1260 4364 cunctarum
1290 4326 1414 4379 qua:
1444 4326 1540 4379 per
1577 4312 1835 4366 mandata
1860 4316 2036 4383 impe-

443 4410 655 4465 rantur,
708 4402 999 4466 virtutum,
1040 4410 1205 4456 nocte
1247 4417 1312 4457 ac
1356 4401 1447 4456 die
1491 4406 2034 4471 perseveraverimus

441 4491 725 4562 pulsantes
783 4493 1130 4563 spiritualem
1176 4493 1393 4547 Domini
1421 4493 1646 4562 januam
1671 4535 1686 4562 ,
1721 4498 2030 4565 poterimus

440 4583 607 4653 potiri
639 4599 726 4650 eo,
751 4587 899 4654 quod
934 4586 1257 4655 quaerimus.
1300 4590 1406 4643 Per
1437 4590 1581 4644 hanc
1608 4589 1755 4644 enim
1798 4591 2025 4660 januam

2210 3763 2282 3814 Δ¹.
2322 3759 2389 3813 Τί
2421 3756 2550 3827 οὖν;
2583 3761 2744 3831 ἡμεῖς
2768 3763 2818 3815 οί
2845 3761 3090 3831 μηδόλως
3119 3763 3199 3828 εἰς
3225 3763 3327 3836 τὴν
3360 3761 3582 3834 καρδίαν
3611 3761 3702 3812 εἰσ·

2135 3853 2406 3918 ἐλθόντες,
2444 3855 2562 3917 πῶς
2589 3852 2928 3926 άρξώμεθας
2963 3854 3049 3907 διὰ
3080 3856 3338 3927 νηστείας
3377 3855 3470 3909 καὶ
3494 3869 3705 3924 σιροσιευ⁹

2136 3947 2236 4018 χῆς
2257 3945 2362 4012 ἔξω
2387 3945 2621 4009 ἑστῶτες
2645 3945 2937 4016 κρούομεν,
2963 3945 3147 4011 καθὼς
3167 3950 3194 4000 ὁ
3215 3947 3422 4019 Κύριος
3443 3946 3704 4000 ἐκέλευσεν

2136 4035 2342 4090 εἰπών·
2391 4037 2649 4106 Κρούετε
2688 4036 2784 4090 καὶ
2815 4036 3202 4107 ἀνοιγήσεται
3232 4038 3396 4108 ὑμῖν.
3445 4038 3565 4091 Ἐὰν
3609 4035 3703 4104 γὰρ

2137 4129 2489 4199 ἐμμείνωμεν
2506 4129 2582 4199 τῷ
2611 4127 2755 4200 λόγῳ
2767 4129 2861 4182 τοῦ
2880 4131 3108 4202 Κυρίου,
3127 4132 3221 4185 καὶ⁵
3249 4135 3319 4204 τῇ
3350 4131 3604 4202 πτωχείᾳ,
3624 4126 3702 4181 καὶ

2137 4221 2216 4291 τῷ
2244 4219 2488 4290 ταπεινῷ
2520 4224 2853 4290 φρονήματι,
2887 4221 2983 4276 καὶ
3019 4223 3223 4286 πάσαις
3271 4225 3392 4287 ταῖς
3428 4223 3533 4276 τῶν
3571 4223 3702 4273 ἐντο-

2137 4312 2244 4364 λῶν
2277 4312 2499 4381 ἀρεταῖς
2539 4311 2732 4374 νυκτὸς
2768 4312 2862 4365 καὶ
2908 4313 3124 4383 ἡμέρας
3169 4313 3463 4383 κρούοντες
3503 4313 3578 4373 εἰς
3618 4307 3701 4378 τὴν

2139 4402 2518 4474 πνευματικὴν
2551 4402 2643 4458 τοῦ
2675 4403 2881 4474 Κυρίου
2925 4403 3117 4476 Θύραν,
3155 4405 3498 4476 δυνησόμεθα
3538 4403 3699 4472 τυχεῖν

2137 4495 2232 4549 τοῦ
2267 4495 2626 4568 ζητουμένου.
2673 4497 2771 4550 Διὰ
2802 4499 3008 4569 ταύτης
3039 4501 3147 4569 γὰρ
3176 4499 3275 4568 τῆς
3303 4499 3469 4566 θύρας
3499 4497 3699 4551 δύναται

2141 4589 2581 4658 ἀπολυτρώσεως
2619 4591 2803 4660 τυχεῖν
2848 4591 2955 4653 πᾶς
2991 4594 3017 4643 6
3050 4590 3373 4660 βουλόμενος
3405 4590 3588 4658 φυγεῖν
3621 4583 3698 4638 τοῦ

439 4683 622 4745 potest
657 4676 1042 4732 liberationem
1076 4681 1294 4749 assequi
1341 4681 1662 4750 quicunque
1687 4682 1806 4735 vult
1836 4682 2025 4751 fugere

2140 4680 2383 4743 σκότους.
2415 4679 2672 4750 Εὑρίσκει
2717 4679 2827 4751 γὰρ
2871 4683 2986 4734 ἐκεῖ
3025 4683 3122 4751 τὴν
3156 4681 3466 4751 ἐλευθερίαν
3496 4680 3589 4747 τῆς
3610 4677 3699 4744 ψυ-

441 4787 471 4824 a
502 4770 826 4840 captivitate
864 4771 1243 4826 tenebrarum.
1276 4773 1496 4828 Invenit
1520 4774 1728 4842 quippe
1758 4773 1834 4827 ibi
1867 4775 2034 4828 liber-

443 4871 607 4918 tatem
636 4863 851 4928 animae,
878 4873 935 4918 et
963 4864 1163 4934 recipit
1193 4880 1470 4936 congruas
1502 4865 1606 4935 ipsi
1637 4866 2029 4936 cogitationes;

441 4968 505 5008 ac
531 4954 752 5009 tandem
780 4970 848 5008 eo
887 4971 1062 5025 usque
1093 4956 1444 5025 provehitur,
1473 4963 1534 5010 ut
1558 4950 1839 5026 possideat
1861 4959 2031 5014 coele-

443 5054 586 5101 stem
619 5063 805 5118 regem
829 5047 1137 5104 Christum.
1411 5078 1413 5080 -

515 5138 867 5215 160-162
881 5141 944 5196 ν.
960 5140 1191 5208 Quando
1210 5158 1369 5198 mens
1392 5143 1564 5200 oblita
1581 5143 1750 5199 fuerit
1773 5145 2032 5201 mentalis

439 5236 497 5282 et
519 5228 624 5299 pia:
642 5229 974 5296 atllictionis,
1003 5243 1134 5287 tunc
1170 5242 1226 5289 et
1243 5234 1626 5290 mandatorum
1645 5235 2031 5300 obliviscitur;

2137 4772 2260 4843 χῆς,
2313 4772 2410 4826 καὶ
2467 4772 2847 4842 ἀπολαμϐάνει
2899 4775 3025 4836 τοὺς
3077 4773 3372 4843 λογισμοὺς
3408 4771 3590 4840 αὐτῆς.
3620 4765 3699 4820 καὶ

2134 4866 2327 4933 κτᾶται
2353 4864 2444 4919 τὸν
2473 4865 2797 4937 ἐπουράνιον
2835 4865 3063 4936 βασιλέα
3093 4868 3347 4939 Χριστόν.

2205 5135 2462 5188 Ε’.Ὂταν
2477 5136 2506 5189 6
2530 5135 2655 5200 νοῦς
2681 5135 3004 5208 ἐπιλάθηται
3024 5137 3122 5206 τῆς
3148 5135 3340 5206 νοερᾶς
3359 5133 3451 5187 καὶ
3464 5124 3696 5187 εὐσεϐοῦς

2135 5226 2387 5296 θλίψεως,
2405 5226 2528 5280 τότε
2551 5228 2646 5281 καὶ
2673 5227 2782 5282 τῶν
2798 5227 3028 5282 ἐντολῶν
3042 5226 3336 5280 ἐπελάθετο
3357 5241 3370 5255 ο
3393 5225 3484 5278 καὶ
3512 5223 3623 5276 ὅθεν
3637 5216 3694 5270 ἂν

442 5321 665 5389 quando
693 5321 914 5376 videtur
949 5340 1199 5390 currere,
1239 5337 1391 5382 errat
1424 5343 1455 5381 a
1475 5328 1563 5382 via
1597 5327 1782 5397 plana,
1807 5337 1864 5383 et
1894 5327 2030 5382 obli-

2140 5319 2267 5391 δοκῇ
2307 5322 2543 5392 τρέχειν,
2579 5322 3027 5393 παρεκτρέπεται
3060 5321 3158 5392 τῆς
3181 5320 3350 5385 λείας,
3379 5320 3474 5370 καὶ
3505 5310 3697 5368 σκολιά-

443 5410 570 5478 quis
597 5427 800 5482 gyrans
823 5414 1038 5469 semitis
1074 5416 1322 5470 ambulat
1356 5433 1372 5470 :
1416 5427 1648 5487 propter
1685 5418 1835 5488 quod
1866 5418 1923 5472 in
1955 5417 2034 5472 fe-

447 5515 539 5554 ras
569 5501 814 5558 incurrit
843 5503 1068 5559 bestias.
1094 5507 1213 5561 Nisi
1241 5507 1389 5561 enim
1415 5507 1687 5562 orationis
1715 5516 1772 5563 et:
1792 5508 1911 5578 spei
1945 5507 2028 5561 la-

449 5590 642 5649 bortm
681 5595 1101 5667 excidissemus,
1155 5615 1268 5654 non
1328 5599 1520 5670 utique
1565 5599 2028 5670 peccavissemus.

511 5769 544 5801 "
586 5773 777 5827 Matth.
823 5792 910 5839 vn,
943 5777 999 5842 '7;
1033 5779 1160 5832 Luc.
1210 5797 1278 5843 ιλ,
1305 5782 1357 5834 ει.

2137 5410 2246 5475 ζων
2272 5411 2642 5468 πολιτεύεται.
2687 5413 2786 5466 Διὰ
2817 5412 2977 5466 τοῦτο
3011 5413 3247 5484 συναντᾷ
3273 5410 3496 5482 θηρίοις.
3524 5407 3580 5459 Εἰ
3598 5401 3691 5469 γὰρ

2144 5504 2219 5575 μὴ
2252 5504 2343 5558 τδν
2391 5507 2491 5576 ’τῆς
2539 5507 2704 5577 εὐχῆς
2753 5507 2848 5560 καὶ
2893 5506 3109 5569 ἐλπίδος
3142 5505 3308 5559 κόπον
3353 5499 3688 5564 ὲκκόπτομεν,

2140 5600 2241 5652 οὐκ
2282 5598 2349 5653 ἂν
2375 5597 2884 5672 ἐπλημμελήσαμεν
2903 5612 2918 5627 ο
2967 5600 3080 5662 τοῖς
3106 5596 3218 5668 γὰρ
3245 5595 3372 5665 περὶ
3398 5591 3565 5662 ψυχῆς
3590 5582 3688 5638 (tlt-
