3980 6424
309 362 416 417 82!)
1375 346 1606 408 LIBER
1646 344 1743 406 DE
1781 343 2153 405 CUSTODIA
2194 338 2491 399 CORDIS.
3486 332 3594 393 826

312 464 560 532 ὗομένοις
594 459 740 528 λέγει
767 459 798 529 ή
826 456 1017 529 Γραφή
1043 472 1056 487 °
1082 454 1305 522 Πιστὸς
1336 458 1369 509 ὀ
1390 456 1556 522 Θεὸς,
1582 456 1695 510 οὐκ
1728 454 1895 508 ἐάσει

2035 452 2100 506 lis
2119 464 2308 520 porro.
2333 446 2427 517 qui
2451 443 2640 500 animo
2664 441 3077 514 angustiautur,
3108 440 3244 495 dicit
3266 441 3553 510 Scriptura
3578 457 3595 493 :

311 552 469 622 ὑμᾶς
498 550 895 619 πειρασθῆναι
926 549 1079 619 ὑπὲρ
1115 551 1148 603 d
1180 548 1477 603 δύνασθε·
1513 546 1900 613 ἀπαιδεύτοις

2035 541 2198 596 ³ἱιίειίδ
2244 540 2405 601 Deus,
2448 538 2538 607 qui
2566 553 2671 589 non
2706 536 2939 606 patietur
2976 552 3065 589 vos
3110 535 3307 587 tentari
3337 551 3502 604 supra
3543 535 3597 586 id

312 647 380 700 δὲ
406 644 793 708 συναντήσαι
820 640 994 696 κακά.

2040 635 2140 687 uod
2171 634 2385 704 potestis
2412 633 2455 685 ³.
2480 629 2582 695 Qui
2608 636 2789 683 autem
2830 627 3083 682 indociles
3110 636 3255 692 sunt,
3303 628 3375 680 eis
3413 642 3597 679 occur-

2004 734 2124 779 rent
2165 724 2311 777 mala
2346 724 2386 776 ⁸.

2075 812 2164 867 Vl.
2202 811 2358 865 Sicut
2387 810 2693 865 exteriores
2724 809 2869 864 oculi
2921 808 3082 877 longe
3115 806 3463 876 prospiciunt
3484 821 3599 875 spi-

2005 920 2104 959 nas
2133 914 2190 959 et
2212 904 2559 974 prtecipitia;
2593 904 2673 957 sic
2707 912 2766 958 et
2804 903 2922 957 acri
2954 901 3283 971 providendi
3318 900 3597 969 perspica~

2006 999 2087 1053 cia
2123 998 2351 1067 prtedita
2386 1013 2542 1051 mens
2574 997 2683 1051 cito
2712 995 2983 1066 prospicit
3005 995 3333 1049 adversaria:
3364 1000 3605 1063 potesta—

2010 1092 2081 1145 tis
2118 1101 2266 1145 artes
2296 1090 2659 1159 insidiasque,
2690 1106 2753 1143 ac
2786 1098 2982 1143 contra
3007 1104 3103 1143 eas
3129 1086 3429 1157 praemunit
3479 1086 3603 1139 ani-

2006 1200 2176 1250 mam,
2215 1185 2377 1254 cujus
2416 1193 2501 1239 est
2523 1184 2740 1238 oculus.

2083 1277 2201 1331 Vll.
2218 1276 2605 1331 'Coutentione
2622 1277 2821 1340 multa,
2848 1286 2904 1331 et
2923 1275 3136 1338 labore,
3180 1289 3359 1343 eoque
3383 1273 3605 1327 occulto

2009 1378 2065 1423 et
2099 1369 2391 1435 invisibili,
2432 1378 2517 1424 est
2547 1385 2688 1439 opus
2726 1370 2783 1423 in
2823 1369 3169 1423 scrutatione
3205 1346 3605 1437 cogitationum

2010 1462 2304 1517 facienda:
2341 1472 2398 1517 et
2450 1463 2507 1517 in
2554 1463 2833 1518 hebetatis
2886 1464 3081 1516 anima:
3125 1470 3322 1514 nostra:
3368 1459 3606 1512 sensibus

386 826 477 890 (Γ.
515 823 725 892 Ὠσπερ
758 822 806 874 οἱ
850 820 955 885 ἔξω
996 819 1270 891 ὀφθαλμοὶ
1321 820 1577 891 βλέπουσι
1626 819 1902 890 μακρόθεν

312 915 412 979 τὰς
454 914 720 977 ἀκάνθας,
768 914 862 967 καὶ
897 914 1025 975 τοὺς
1056 912 1369 984 κρημνούςο
1409 913 1552 967 οῦτω
1582 913 1678 967 καὶ
1711 914 1739 965 ὁ
1768 930 1903 983 προ-

316 1009 605 1071 ϐλεπτικδς
634 1006 758 1071 νοῦς
782 1006 1079 1077 προόλέπει
1102 1007 1270 1076 ταχὺς
1298 1004 1374 1058 ὢν
1395 1010 1495 1077 τῆς
1520 1005 1905 1076 ἀντικειμένης

314 1102 597 1170 δυνάμεως
620 1102 717 1164 τὰς
748 1099 945 1170 τέχνας
971 1100 1063 1152 καὶ
1088 1098 1185 1161 τὰς
1210 1099 1529 1161 ἐπισκευὰς,
1553 1098 1650 1151 καλ⁸
1672 1097 1905 1167 ἀσφαλί-

318 1192 471 1257 ζεται
507 1192 604 1263 τὴν
634 1191 833 1261 ψυχὴν,
865 1191 940 1254 ὡς
966 1190 1243 1259 ὀφθαλμὸς
1275 1190 1350 1243 ὢν
1376 1191 1568 1261 αὐτῆς.

386 1284 460 1335 Ζ’.
510 1280 744 1346 Ἀγῶνος
772 1279 969 1333 πολλοῦ
1001 1280 1094 1332 καὶ
1130 1274 1293 1333 πόνου
1328 1276 1576 1350 κρυπτοῦ
1606 1280 1702 1333 καὶ
1732 1278 1904 1349 άορά-

315 1388 408 1423 του
427 1370 605 1441 χρεία,
630 1370 906 1439 λογισμῶν
926 1368 1150 1439 ἔρευναν
1168 1369 1457 1431 ποιεῖσθαι,
1480 1368 1656 1421 καὶτὰ
1673 1366 1906 1437 ὴσθενη-

319 1464 454 1516 κότα
525 1462 635 1530 τῆς
692 1460 902 1531 ψυχῆς
956 1459 1125 1529 ἡμῶν
1184 1458 1541 1527 αἰσθητήρια
1591 1456 1909 1529 γυμνάζειν

321 1556 473 1624 πρὸς
498 1555 801 1623 διάκρισιν
828 1556 1021 1608 καλοῦ
1063 1571 1127 1607 τε
1156 1554 1254 1607 καί
1288 1551 1514 1607 κακυῦ’
1548 1552 1630 1605 δεῖ
1678 1552 1907 1605 πάντοτε

322 1647 415 1699 καὶ
447 1645 830 1715 ἀναζωπυρεῖν
866 1643 953 1696 διὰ
986 1643 1083 1696 τοῦ
1128 1643 1245 1706 νοὸς
1278 1644 1415 1714 πρὸς
1463 1643 1597 1695 Θεὸν
1647 1641 1909 1706 ἐπείξεως

318 1740 384 1793 τά
416 1737 815 1808 ὲξησθενηκότα
841 1739 906 1807 τῇ
935 1736 1080 1807 ψυχῇ
1116 1738 1252 1807 μέλη
1274 1753 1290 1768 ο
1312 1734 1408 1789 τοῦ
1434 1734 1526 1788 νοῦ
1557 1734 1715 1805 ἡμῶν
1744 1750 1910 1803 προσ-

319 1830 655 1899 καλουμένου
686 1830 822 1900 μετὰ
860 1829 954 1883 τοῦ
1012 1828 1217 1899 Κυρίου
1256 1828 1508 1890 πάντοτε,
1561 1826 1647 1880 ἵνα
1679 1824 1906 1895 γένηται

318 1923 405 1986 εἰς
437 1919 508 1973 ἐν
534 1919 772 1988 πνεῦμα
817 1918 960 1971 κατὰ
1006 1917 1068 1969 τὸ
1116 1916 1295 1984 λόγιον
1334 1914 1573 1969 Παύλου.
1617 1911 1820 1965 Τοῦτον
1850 1911 1907 1963 δὲ

320 2012 412 2066 τὸν
452 2012 695 2083 κρυπτὸν
748 2011 935 2079 ἀγῶνα
983 2010 1078 2063 καὶ
1114 2007 1346 2078 μελέτην
1375 2006 1581 2078 Κυρίου
1625 2005 1720 2058 καὶ
1749 2003 1909 2056 πόνον

321 2106 516 2169 νυκτὸς
542 2104 637 2158 καὶ
666 2104 876 2175 ἡμέρας
899 2102 1045 2173 ἔχειν
1074 2103 1223 2172 ἡμᾶς
1252 2100 1359 2171 χρὴ
1392 2100 1473 2162 είς
1506 2100 1686 2152 πᾶσαν
1718 2096 1909 2164 ἐπιτή-

320 2198 503 2252 δευσιν
540 2197 783 2267 ἐντολῆς,
837 2196 947 2248 εἴτε
998 2193 1332 2265 εὐχομένων,
1383 2192 1491 2244 εἴτε
1538 2187 1909 2258 ἐσθιόντων,ἢ

323 2289 740 2352 διακονούντων,
793 2288 826 2359 ἢ
877 2285 1227 2356 πινόντων,ἢ
1278 2285 1464 2356 ἕτερόν
1496 2301 1549 2336 τι
1594 2280 1911 2343 ποιούντων,

324 2378 414 2431 ἴνα
438 2378 546 2431 πᾶν
576 2376 604 2429 ὃ
630 2376 838 2443 γίνεται
880 2375 1084 2443 ἀγαθὸν
1127 2374 1470 2445 ἐπιτήδευμα
1490 2375 1570 2435 είς
1599 2371 1757 2435 δόξαν
1779 2370 1912 2423 Θεοῦ

328 2473 579 2545 γένηται.
630 2471 945 2540 Ἀγιάζεται
977 2469 1087 2540 γὰρ
1135 2469 1229 2521 καὶ
1276 2469 1309 2539 ἡ
1357 2466 1467 2519 τῶν
1495 2466 1727 2519 ἐντολῶν
1762 2466 1911 2518 πᾶσα

328 2564 655 2620 ἀκολουθία’
709 2565 802 2617 καὶ
836 2562 1096 2633 καθαρῶς
1128 2561 1218 2630 ὑφ’
1250 2560 1406 2631 ὑμῶν
1434 2559 1787 2619 ἐπιτελεῖται,
1826 2558 1915 2610 διά

324 2658 426 2728 τῆς
469 2655 815 2710 ἀδιαλείπτου
865 2655 1088 2724 μνήμης
1133 2652 1227 2706 τοῦ
1272 2649 1432 2717 Θεοῦ,
1484 2650 1579 2704 καὶ
1624 2650 1791 2719 φόϐου
1820 2651 1916 2703 καὶ

325 2750 551 2819 ἀγάπης
574 2750 669 2819 τῆς
695 2747 833 2819 πρὸς
874 2746 1029 2811 Θεὸν,
1074 2746 1170 2799 καὶ
1198 2743 1461 2815 γινόμεθα
1492 2743 1649 2806 ἐκτὸς
1680 2740 1790 2795 ἀπὸ
1820 2740 1915 2794 τοῦ

330 2843 637 2913 μιαίνοντος
668 2842 766 2903 τὰς
794 2826 1017 2903 ἐντολὰς
1046 2839 1140 2892 τοῦ
1169 2837 1329 2892 Θεοῦ.

2014 1555 2263 1609 acuendis
2329 1555 2785 1625 exercitandisque
2841 1554 2910 1607 ad
2970 1553 3341 1606 discretionem
3390 1550 3512 1603 boni
3557 1556 3606 1600 et

2014 1647 2146 1701 ntali
2172 1647 2213 1700 ⁸.
2274 1645 2507 1716 Oportet
2564 1647 2793 1701 omnino
2844 1644 3214 1712 undecunque
3264 1640 3609 1697 exsuscitare

2014 1747 2214 1793 conatu
2248 1740 2455 1793 mentis
2505 1740 2573 1795 ad
2612 1740 2786 1794 Deum
2836 1754 2894 1793 se
2948 1736 3270 1798 incitantis,
3324 1732 3610 1787 debilitata

2015 1831 2212 1885 animae
2239 1831 2487 1885 membra
2526 1848 2540 1885 :
2583 1841 2765 1886 mente
2808 1840 2995 1885 nostra
3043 1844 3167 1881 cum
3208 1825 3425 1881 Domini
3458 1825 3613 1894 adju-

2020 1924 2165 1977 torio
2206 1939 2424 1993 semper
2465 1940 2568 1978 nos
2621 1931 2998 1994 provocante,
3041 1930 3103 1974 ut
3133 1936 3259 1975 cum
3301 1918 3395 1972 illo
3429 1917 3611 1971 coale-

2017 2029 2243 2069 scamus
2276 2016 2331 2068 in
2362 2033 2530 2070 unum
2582 2017 2831 2086 spiritum
2857 2016 2877 2045 ⁵
2912 2015 3068 2085 juxta
3113 2010 3399 2067 oraculum
3435 2007 3611 2063 Pauli.

2018 2106 2135 2160 Hoc
2167 2115 2354 2160 autem
2389 2116 2670 2161 cerlamen
2722 2107 3028 2169 occultum,
3088 2111 3146 2158 et
3195 2101 3615 2157 meditationem

2019 2197 2263 2263 Domini,
2296 2213 2360 2252 ac
2394 2198 2644 2253 laborem
2672 2199 2766 2253 diu
2801 2207 3079 2266 noctuque
3112 2210 3347 2250 necesse
3387 2206 3472 2247 ρει
3516 2207 3618 2246 nos

2020 2289 2225 2344 habere
2240 2290 2308 2344 ad
2342 2307 2563 2346 omnem
2594 2292 2901 2347 studiosam
2928 2289 3349 2346 exsecutionem
3372 2284 3618 2339 mandati

2019 2380 2427 2448 praescribentis
2456 2382 2737 2453 quidpiam
2775 2382 2891 2436 sive
2943 2380 3232 2436 orantibus
3281 2378 3397 2433 sive
3430 2390 3619 2429 come-

2020 2468 2303 2537 dentibus,
2336 2471 2452 2527 sive
2479 2473 2951 2538 ministrantibus,
2978 2471 3094 2525 sive
3120 2467 3467 2530 bibentibus,
3503 2464 3619 2518 sive

2025 2561 2174 2615 aliud
2200 2563 2423 2633 quidvis
2470 2565 2798 2634 agentibus,
2836 2574 2898 2618 ut
2948 2563 3324 2632 quodcunque
3372 2559 3433 2613 ﬁt
3479 2572 3621 2627 opus

2020 2654 2253 2716 bonum.
2282 2656 2338 2709 in
2373 2657 2470 2711 Dei
2494 2658 2726 2727 gloriam
2755 2656 2875 2711 ﬁat.
2910 2656 3299 2710 Sanctiﬁcatur
3325 2651 3474 2707 enim
3508 2659 3619 2704 tota

2028 2746 2203 2799 series
2246 2747 2660 2812 mandatorum,
2710 2756 2767 2802 et
2815 2762 2951 2816 pure
2991 2745 3345 2815 perfectoque
3386 2758 3416 2796 a
3460 2738 3623 2794 nobis

2030 2839 2373 2893 exsecutioni
2412 2841 2648 2894 traditur
2698 2856 2798 2910 per
2844 2838 3250 2893 indesinentem
3298 2834 3622 2888 memoriam

326 2939 426 2994 Dei
466 2953 673 3010 perque
715 2938 965 2992 timorem
1011 2942 1069 2991 et
1108 2935 1436 2990 charitatem
1479 2947 1609 3003 erga
1644 2932 1848 2993 Deum;
1897 2944 1996 3001 per
2030 2932 2147 2988 haec
2170 2934 2319 2989 enim
2347 2951 2450 2990 nos
2479 2935 2849 3007 disjungimus
2891 2933 3236 3001 scorsimque
3273 2932 3520 2985 locamus
3554 2924 3623 2979 ab

329 3049 417 3094 ιο,
444 3032 537 3099 qui
580 3030 776 3100 polluit
806 3027 1062 3082 mandata
1096 3026 1214 3081 Dei.

404 3128 485 3179 H’.
519 3124 630 3178 Καὶ
654 3123 772 3193 ,γὰρ
800 3125 827 3175 ὁ
862 3121 1211 3191 πατριάρχης
1246 3118 1501 3191 Ἀϐραὰμ
1531 3120 1595 3172 ἐκ
1614 3117 1724 3171 τῶν
1751 3118 1920 3186 ἀκρο-
1951 3119 1992 3176 C

332 3218 519 3273 θινίων
568 3216 645 3287 τῷ
695 3216 830 3284 ἱερεῖ
862 3213 961 3267 τοῦ
1006 3213 1141 3266 Θεοῦ
1174 3210 1513 3282 Μελχισεδὲκ
1554 3209 1919 3280 προσήνεγκε,

333 3312 429 3363 καὶ
457 3307 630 3370 οὕτως
663 3307 763 3377 τὴν
813 3304 1067 3373 εὐλογίαν
1117 3304 1344 3368 ἐδέξατο
1395 3302 1526 3373 παρ’
1561 3300 1748 3354 αὑτοῦ.
1781 3300 1847 3352 Τί
1881 3298 1925 3351 δ’

333 3400 463 3455 ἄλλο
492 3400 579 3452 διὰ
604 3397 810 3451 τούτων
840 3398 1139 3451 αἰνίττεται
1163 3398 1225 3449 τὸ
1258 3395 1502 3466 Πνεῦμα,
1523 3394 1638 3446 ἀλλ’
1663 3394 1695 3465 ἢ
1721 3390 1927 3461 ὑψηλο-

333 3494 503 3564 τέραν
535 3492 771 3563 Θεωρίαν
804 3491 1087 3561 ἐμφαίνων
1120 3508 1249 3555 που,
1286 3490 1354 3542 τά
1387 3490 1533 3557 ἄκρα
1562 3488 1656 3540 καὶ
1688 3487 1756 3539 τὰ
1794 3486 1929 3538 ὀστᾶ

334 3582 432 3637 τοῦ
462 3584 586 3636 ὅλου
616 3582 993 3653 συγκρίματος
1025 3581 1128 3651 τῆς
1162 3582 1379 3649 φύσεως
1411 3578 1601 3649 ήμῶν;
1627 3578 1926 3637 τουτέστιν,

338 3672 505 3725 αὑτὸν
535 3671 626 3724 τὸν
666 3671 813 3735 νοῦν,
873 3670 1043 3741 αὐτὴν
1092 3670 1191 3741 τὴν
1247 3669 1573 3740 συνείδησιν,
1607 3668 1778 3739 αὐτὴν
1830 3666 1929 3738 τὴν

336 3763 601 3827 διάθεσιν,
630 3763 795 3815 αὑτὸν
826 3763 917 3815 τὸν
957 3761 1242 3832 λογισμὸν,
1274 3761 1444 3829 αὐτὴν
1480 3760 1579 3831 τῆς
1622 3759 1802 3830 ψυχῆς
1832 3759 1931 3831 τὴν

339 3853 696 3926 ἀγαπητικὴν
736 3852 989 3922 δύναμιν,
1034 3854 1132 3923 τὴν
1184 3853 1442 3924 ἀπαρχὴν
1476 3851 1571 3905 τοῦ
1602 3852 1724 3905 ὅλου
1774 3851 1932 3921 ήμῶν

339 3946 634 4017 ἀνθρώπου
664 3945 739 4015 τῷ
781 3946 901 4015 Θεῷ
931 3945 1200 4016 πρότερον
1237 3946 1483 4015 κομίζειν
1521 3945 1631 3998 δεῖν
1677 3944 1932 4008 πάντοτε,

337 4041 442 4110 τὴν
475 4040 575 4110 τῆς
609 4038 835 4109 καρδίας
872 4039 1021 4109 ίερὰν
1047 4038 1237 4090 θυσίαν
1258 4054 1272 4069 ο
1300 4038 1369 4092 τά
1398 4036 1706 4107 ἀκροθίνια,
1746 4036 1841 4089 καὶ⁴
1869 4034 1937 4089 τὰ

340 4135 490 4201 ἄκρα
520 4132 629 4184 τῶν
662 4130 883 4198 ἀγαθῶν
922 4130 1203 4200 λογισμῶν
1248 4130 1330 4193 είς
1361 4129 1462 4200 τὴν
1509 4128 1681 4199 αὐτὴν
1714 4130 1937 4199 μνήμην

342 4225 441 4277 καὶ
478 4224 709 4295 μελέτην
749 4223 837 4276 διὰ
884 4224 1081 4286 παντὸς
1116 4221 1572 4294 ἀπασχολοῦντος.
1624 4221 1736 4275 Καὶ
1766 4221 1939 4283 οῦτως

340 4311 620 4383 δυνάμεθα
650 4311 921 4383 ὁσημέραι
953 4314 1052 4383 τὴν
1088 4311 1315 4383 αύξησιν
1356 4312 1453 4366 καὶ
1482 4310 1768 4383 προκοπὴν
1799 4310 1940 4382 λαμ-

344 4405 532 4459 ϐάνειν
584 4403 941 4475 βοηθούμενοι
995 4404 1100 4457 ὑπὸ
1138 4406 1237 4474 τῆς
1278 4404 1428 4469 θείας
1460 4405 1706 4474 χάριτος,
1745 4404 1840 4457 καὶ
1877 4402 1938 4456 τὸ

346 4496 569 4568 φορτίον
599 4498 698 4567 τῆς
725 4497 1074 4567 δικαιοσύνης
1102 4498 1210 4551 τῶν
1246 4497 1501 4563 ἐντολῶν,
1533 4497 1768 4566 ἐλαφρὸν
1803 4498 1937 4567 ἡμῖν

347 4592 816 4662 καταφανήσεται,
852 4590 1109 4661 καθαρῶς
1146 4591 1242 4644 καὶ
1289 4592 1538 4661 ὰμώμως
1575 4591 1779 4655 ταύτας
1819 4592 1938 4643 ἐπι-

345 4680 653 4745 τελοῦντες,
688 4680 1114 4751 συνεργούμενοι
1148 4680 1239 4733 ὑπ’
1271 4680 1439 4734 αὑτοῦ
1483 4680 1576 4733 τοῦ
1611 4681 1819 4751 Κυρίου
1849 4680 1939 4734 διὰ

344 4776 449 4842 τῆς
486 4774 620 4844 πρὸς
657 4773 819 4826 αὐτὸν
852 4774 1012 4843 ήμῶν
1062 4772 1318 4834 πίστεως.
1362 4773 1497 4843 Περὶ
1525 4773 1583 4826 δὲ
1618 4773 1716 4845 τῆς
1748 4791 1939 4841 φαινο-

354 4865 525 4935 μένης
555 4866 864 4934 ἀσκήσεως,
894 4866 985 4918 καὶ
1015 4868 1167 4917 ποῖον
1202 4864 1407 4932 ἀγαθὸν
1444 4864 1787 4936 ἐπιτήδευμα
1820 4868 1941 4936 μεῖ-

350 4960 445 5021 ζον
474 4959 568 5011 καὶ
611 4959 826 5029 πρῶτον
856 4961 1138 5027 τυγχάνει,
1175 4956 1336 5009 τοῦτο
1366 4955 1688 5025 γινώσκετε,
1724 4959 1944 5028 ἀγαπη-

353 5052 461 5115 τοὶ,
516 5051 598 5103 ὃτι
648 5049 895 5118 ἀλλήλων
930 5052 1103 5101 πᾶσαι
1149 5050 1203 5101 αἱ
1254 5049 1454 5118 ἀρεταὶ
1486 5050 1816 5119 κρέμανται,
1850 5050 1947 5102 καὶ

354 5141 602 5211 ἀλλήλων
626 5142 985 5205 συνδέδενται,
1013 5140 1107 5195 καὶ
1132 5140 1320 5210 ῶσπερ
1339 5140 1462 5212 ἱερά
1484 5158 1569 5204 τις
1598 5142 1946 5211 πνευματικὴ

358 5233 565 5301 ἅλυσις,
621 5235 719 5305 μία
766 5234 875 5288 ἀπὸ
928 5236 1057 5305 μιᾶς
1121 5234 1444 5305 ἤρτηταιοή
1499 5233 1631 5304 εὐχὴ
1682 5232 1793 5287 ἀπὸ
1848 5234 1946 5302 τῆς

358 5328 601 5397 ἀγάπης,
631 5329 663 5397 ή
705 5326 895 5397 ἀγάπη
946 5326 1053 5380 ἀπὸ
1083 5326 1183 5395 τῆς
1216 5326 1414 5395 χαρᾶς,
1448 5325 1480 5395 ή
1514 5324 1659 5394 χαρά
1707 5324 1815 5376 ἀπὸ
1845 5325 1946 5392 τῆς

360 5419 690 5489 πραότητος,
722 5420 756 5490 ἡ
788 5419 1029 5489 πραότης
1060 5419 1169 5473 ἀπὸ
1203 5419 1299 5488 τῆς
1337 5418 1745 5483 ταπεινώσεως,
1791 5420 1824 5487 ή
1854 5434 1950 5470 τα-

362 5509 616 5573 πείνωσις
629 5510 734 5563 ἀπὸ
749 5511 843 5581 τὴς
858 5511 1153 5573 διακονίας,
1167 5511 1200 5579 ή
1218 5509 1460 5561 διακονία
1475 5509 1582 5561 ἀπὸ
1594 5508 1945 5577 τῆςιέλπίδος,

362 5601 394 5671 ἡ
418 5602 570 5666 ἐλπὶς
590 5604 696 5655 ἀπὸ
708 5603 807 5671 τῆς,
832 5604 1137 5673 πίστεως,ἡ
1170 5603 1349 5666 πίστις
1368 5601 1475 5653 ἀπὸ
1497 5601 1596 5670 τῆς
1627 5600 1947 5669 ὑπακοῆς,ίῆ

436 5786 453 5812 ²
498 5784 512 5836 Ι
550 5783 676 5835 Cor.
708 5798 758 5843 κ,
802 5782 883 5833 15.
962 5779 1174 5851 {Dc-ut.
1202 5796 1350 5845 xxxi,
1388 5786 1475 5832 21'.

1968 4454 2017 4512 ο

1560 5785 1577 5806 ⁴
1606 5776 1773 5831 Hebr.
1807 5792 1860 5843 v,
1901 5778 1985 5831 H.

2098 3122 2236 3177 VIII.
2262 3122 2484 3177 Etenim
2521 3121 2839 3193 patriarcha
2869 3120 3153 3175 Abraham
3186 3134 3216 3171 e
3252 3114 3511 3183 primitiis
3537 3128 3627 3167 sa-

2027 3216 2239 3271 cerdoti
2290 3216 2385 3270 Dei
2422 3215 2830 3271 Melchisedech
2861 3213 3067 3268 obtulit
3091 3214 3147 3277 ⁶;
3183 3218 3240 3264 et
3282 3210 3362 3263 sic
3395 3206 3628 3261 benedi-

2028 3308 2269 3362 ctionem
2301 3308 2519 3377 accepit
2561 3308 2630 3362 ab
2662 3307 2821 3377 ipso;
2850 3304 2994 3372 Quid
3027 3319 3162 3359 vero
3197 3301 3347 3356 aliud
3380 3316 3478 3369 per
3511 3300 3630 3353 haec

2032 3400 2328 3454 adumbrat
2356 3399 2635 3469 Spiritus?
2674 3397 2985 3453 sublimiori
3018 3396 3280 3450 nimirum
3316 3392 3633 3471 intelligen-

2033 3494 2104 3547 tia
2134 3492 2447 3562 signiﬁcare
2475 3492 2613 3554 vult,
2641 3492 2836 3559 utique
2876 3505 3089 3543 summa
3121 3496 3178 3541 et
3218 3485 3434 3548 intima,
3462 3482 3633 3537 verti-

2031 3600 2151 3639 cem
2177 3594 2233 3639 et
2252 3600 2377 3639 ossa
2404 3586 2575 3639 totius
2603 3582 2980 3638 concrctionis
3026 3589 3237 3634 naturae
3259 3585 3497 3640 nostra;
3527 3576 3633 3628 hoc

2031 3686 2135 3740 est,
2191 3677 2366 3745 ipsam
2425 3686 2689 3733 mentem.
2756 3676 2930 3743 ipsam
2972 3670 3398 3730 conscientiam,
3455 3668 3631 3735 ipsam

2039 3766 2492 3837 dispositionem,
2526 3766 2702 3835 ipsam
2736 3764 3151 3835 cogitationem,
3196 3761 3366 3829 ipsam
3413 3757 3631 3812 amandi

2036 3861 2363 3931 potentiam,
2410 3868 2674 3929 tanquam
2720 3857 2999 3928 primitias
3037 3855 3206 3911 totius
3238 3852 3415 3907 nostri
3449 3850 3635 3905 homi-

2036 3954 2142 4017 nis,
2177 3953 2291 4008 Deo
2338 3960 2468 4006 ante
2500 3950 2687 4005 omnia
2726 3949 2933 4004 debere
2994 3963 3097 4001 nos
3137 3946 3357 4007 aﬂ‘erre,
3389 3953 3445 3998 et
3485 3943 3637 3996 velut

2038 4059 2249 4099 sacram
2279 4044 2464 4098 cordis
2495 4041 2671 4097 nostri
2705 4041 2909 4095 offerre
2937 4040 3240 4101 victimam,
3282 4036 3560 4107 primitias
3581 4045 3638 4090 et

2045 4137 2400 4192 summitales
2454 4136 2727 4191 bonarum
2779 4132 3203 4203 cogitationum,
3267 4128 3321 4181 in
3382 4125 3635 4181 eamdem

2043 4227 2142 4283 Dei
2204 4228 2531 4283 memoriam
2584 4235 2640 4282 et
2672 4225 3113 4285 meditationem,
3152 4219 3301 4274 omni
3333 4220 3438 4273 alia
3469 4232 3637 4271 occu-

2043 4320 2269 4389 patione
2303 4319 2570 4390 seposita,
2609 4318 2879 4373 vacantis.
2916 4316 2985 4369 Et
3014 4314 3093 4368 sic
3122 4327 3420 4382 possumus
3451 4309 3638 4379 quoti-

2046 4411 2138 4466 die
2165 4420 2524 4481 augmentum
2550 4419 2607 4465 et
2640 4409 2948 4479 profectum
2974 4405 3252 4474 accipere,
3294 4403 3467 4473 adjuti
3499 4419 3528 4456 a
3558 4402 3642 4455 di-

2047 4504 2178 4558 vina
2234 4504 2441 4573 gratia;
2500 4510 2557 4557 et
2612 4514 2757 4554 onus
2798 4497 3030 4570 iustitia:
3081 4495 3466 4550 mandatorum
3521 4494 3642 4547 leve

2046 4592 2212 4647 nobis
2246 4592 2558 4663 apparebit,
2594 4605 2732 4660 pure
2759 4599 2817 4644 et
2846 4585 3417 4657 irreprchensibiliter
3446 4599 3509 4638 ea
3543 4583 3645 4636 im-

2049 4684 2357 4756 plentibus,
2390 4691 2724 4753 cooperante
2778 4681 2845 4734 ad
2882 4679 2992 4734 hoc
3026 4679 3189 4733 nobis
3240 4678 3363 4746 ipso
3408 4676 3644 4729 Domino

2050 4794 2147 4847 per
2173 4786 2419 4831 nostram
2473 4776 2528 4829 in
2585 4774 2766 4843 ipsum
2803 4773 2987 4826 ﬁdem.
3039 4772 3116 4825 De
3166 4777 3465 4838 apparente
3514 4782 3646 4820 vero

2049 4870 2472 4926 exercitatione.
2513 4874 2569 4921 et
2603 4865 2881 4936 quodnam
2926 4864 3135 4917 bonum
3178 4860 3425 4915 studium
3469 4858 3648 4928 majus

2052 4965 2199 5018 inter
2225 4965 2413 5016 omnia
2440 4970 2496 5015 et
2519 4960 2761 5030 primum
2788 4958 2881 5021 sit,
2920 4955 3058 5009 illud
3102 4954 3321 5016 scitote,
3348 4952 3645 5005 dilectissi-

2053 5055 2151 5117 mi,
2176 5054 2387 5106 hmrere
2414 5049 2804 5117 committique
2832 5046 3069 5101 invicem
3100 5044 3339 5097 virtutes
3358 5056 3571 5101 omnes,
3594 5050 3648 5093 et

2052 5160 2196 5198 nexu
2233 5143 2478 5213 pendere
2505 5150 2699 5195 mutuo
2724 5139 3010 5194 devinctas
3044 5152 3208 5191 unam
3242 5134 3311 5190 ab
3337 5135 3534 5197 altera,
3571 5133 3650 5187 sic

2053 5237 2458 5292 constituentes
2528 5245 2742 5286 sacram
2827 5227 3122 5299 quamdam
3177 5236 3234 5283 et
3304 5225 3650 5296 spiritualem

2057 5338 2331 5387 catenam,
2387 5324 2440 5376 in
2497 5337 2603 5391 qua
2654 5321 2833 5375 oratio
2894 5308 3172 5383 cbarita'ti,
3227 5318 3469 5371 charitas
3521 5328 3653 5380 gau-

2058 5418 2173 5480 dio,
2204 5414 2464 5485 gaudium
2497 5411 2935 5473 mansuetudini,
2973 5410 3130 5480 163
3154 5404 3523 5462 mansuetudo
3557 5404 3656 5455 hn-

2060 5505 2302 5565 mililati,
2349 5502 2634 5556 humilitas
2671 5499 3092 5563 ministrationi,
3132 5494 3470 5551 ministratio
3509 5491 3653 5562 spei,

2059 5613 2186 5669 spes
2219 5596 2367 5661 ﬁdei,
2392 5594 2529 5650 ﬁdes
2564 5594 2914 5657 obedientiae,
2941 5590 3257 5646 obedientia
3281 5586 3653 5657 simplicitati,

2080 5777 2099 5807 ⁸
2144 5777 2160 5830 l
2190 5775 2315 5828 Cor.
2344 5791 2417 5837 γι,
2453 5774 2533 5826 17.
2612 5774 2631 5802 ⁶
2674 5772 2811 5827 Gen.
2841 5785 2950 5834 xw,
2980 5768 3066 5823 18.
