3980 6486
381 394 488 459 827

1663 388 1723 446 S.
1753 383 2074 446 MACARII
2112 383 2437 449 EGYPTII

3568 390 3672 453 828

380 504 673 574 subjuncta
699 503 1015 574 insertaque
1046 501 1418 559 connectitur.
1446 501 1600 558 Sicut
1623 518 1655 557 e
1685 500 1964 557 contrario

2084 500 2098 569 ᾗ
2133 499 2348 572 ὑπακοὴ
2371 500 2479 554 ἀπὸ
2497 498 2598 569 τῆς
2626 499 3163 573 ἀπλότητος.Ὠσπερ
3182 500 3293 556 καὶ
3313 500 3383 555 τδ
3402 504 3677 573 ἐναντίον,

379 594 516 647 vitia
536 608 759 663 quoque
797 594 940 649 inter
967 610 1088 649 sese
1123 595 1451 665 junguntur,
1489 601 1548 647 et
1584 609 1652 647 ex
1678 609 1790 647 uno
1814 593 1963 648 aliud

382 686 680 754 germinat;
702 695 833 754 puta
850 686 1036 740 odium
1055 686 1123 740 ab
1145 688 1246 751 ira,
1262 687 1342 740 ira
1365 702 1394 739 a
1412 686 1965 756 superbia,superbia

383 792 414 829 a
433 792 571 829 vana
591 777 940 846 gloriatione,
955 794 1093 831 vana
1116 779 1372 848 gloriatio
1390 778 1457 831 ab
1481 777 1824 841 inﬁdelitate,
1845 779 1968 832 inﬁ-

384 867 581 923 delitas
603 886 631 923 a
655 869 859 924 duritie
880 871 1084 935 cordis,
1103 872 1335 927 durities
1358 871 1540 925 cordis
1561 887 1590 925 a
1610 870 1965 942 negligentia,

384 962 717 1031 negligentia
750 977 782 1016 a
814 963 1096 1032 languore,
1130 963 1362 1032 languor
1391 979 1421 1015 a
1450 963 1836 1032 despicientia,
1865 962 1965 1019 de-

385 1054 673 1122 spicientia
708 1070 736 1107 a
760 1053 1001 1123 pigritia,
1034 1054 1252 1123 pigritia
1286 1068 1316 1106 a
1344 1054 1817 1122 pusillanimitate,
1862 1070 1967 1124 pu-

385 1146 732 1200 sillanimitas
759 1147 827 1199 ab
852 1161 1038 1199 amore
1064 1145 1383 1215 voluptatis,
1413 1147 1563 1201 etsic
1584 1147 1689 1201 alia
1724 1148 1968 1201 membra

387 1238 611 1291 malitia:
643 1252 907 1306 suspensa
938 1252 1186 1306 nexaque
1225 1237 1524 1291 trahuntur
1552 1239 1811 1293 invicem.
1842 1238 1968 1292 Pari

384 1331 640 1396 exemplo
660 1335 822 1391 atque
847 1328 901 1380 in
925 1336 1080 1395 parte
1104 1326 1320 1381 meliori
1347 1327 1582 1381 virtutes
1607 1343 1670 1381 ex
1690 1342 1748 1382 se
1778 1338 1969 1381 mutuo

386 1418 832 1489 pendent.Caput
848 1433 977 1472 vero
990 1418 1401 1473 virtutisomnis
1412 1427 1468 1472 et
1480 1433 1771 1487 supremus
1782 1428 1969 1473 vertex

386 1528 615 1581 operum
630 1511 988 1565 laudabilium
1004 1518 1089 1565 est
1103 1518 1361 1565 constans
1379 1511 1433 1563 in
1455 1512 1703 1565 oratione
1723 1526 1971 1581 perseve-

387 1603 584 1666 rantia,
605 1618 876 1672 perquam
891 1603 1132 1672 reliquas
1146 1603 1777 1672 quoquevirtutesaDeo
1795 1619 1896 1658 con
1906 1603 1971 1658 ti-

386 1712 496 1749 nua
510 1696 775 1764 petitione
799 1698 1119 1765 itupetratas
1138 1696 1372 1766 adipisci
1388 1696 1637 1764 quotidie
1651 1712 1965 1766 possumus.

457 1786 550 1841 1x.
590 1787 707 1841 Nisi
742 1788 1049 1851 humilitas,
1095 1794 1151 1841 et
1177 1787 1525 1856 simplicitas.
1562 1795 1620 1841 et
1659 1787 1969 1858 benignitas

388 1887 624 1933 exornet
645 1893 768 1941 nos,
801 1878 1027 1931 habitus
1053 1878 1326 1933 orationis
1355 1878 1492 1932 nihil
1523 1878 1686 1933 nobis
1702 1879 1966 1948 proderit.

389 1969 510 2024 Non
542 1970 721 2023 solum
774 1977 959 2024 autem
995 1969 1049 2023 id
1101 1969 1169 2023 de
1197 1971 1446 2025 oratione
1490 1970 1751 2035 dicimus,
1786 1971 1880 2025 sed
1915 1979 1972 2025 et

391 2060 460 2115 de
482 2061 678 2129 quavis
707 2061 815 2114 alia
844 2061 1199 2115 contentione
1226 2068 1284 2116 et
1312 2062 1520 2126 labore,
1559 2063 1675 2117 sive
1710 2062 1763 2116 in
1800 2063 1971 2133 virgi-

392 2152 587 2206 nitatis
642 2152 931 2216 custodia,
967 2153 1022 2206 in
1078 2154 1334 2223 precibus
1392 2154 1711 2219 recitandis,
1750 2154 1807 2209 in
1865 2154 1972 2209 alia

391 2242 639 2311 qualibet
671 2258 981 2297 aerumnosa
1022 2242 1308 2298 functione
1340 2244 1565 2299 virtutis
1593 2260 1755 2299 causa
1789 2261 1974 2300 susce-

391 2344 518 2403 pta;
541 2334 647 2388 nisi
676 2334 890 2389 fructus
911 2335 1221 2400 charitatis,
1257 2336 1431 2405 pacis,
1464 2337 1675 2407 gaudii,
1710 2352 1970 2392 mansue-

396 2425 627 2487 tudinis,
673 2425 1025 2489 humilitatis,
1056 2426 1450 2495 simplicitatis,
1500 2427 1970 2498 sinceritatisque,

394 2520 545 2585 ﬁdei,
578 2521 1009 2591 longanimitatis
1032 2521 1266 2576 candide
1303 2522 1357 2575 in
1385 2522 1545 2577 nobis
1567 2522 1701 2593 ipsis
1728 2523 1973 2591 reperia-

393 2630 538 2676 mus,
604 2612 661 2666 in
722 2628 924 2666 vanum
980 2622 1037 2667 et
1064 2628 1296 2667 vacuum
1336 2614 1509 2667 nostri
1546 2614 1766 2668 labores
1802 2613 1975 2668 susci-

393 2704 653 2773 piuntur;
687 2705 868 2758 omnis
922 2704 1072 2759 enim
1099 2706 1202 2759 ista
1240 2706 1565 2761 exercitatio
1595 2715 1655 2761 et
1692 2706 1974 2762 contentio

394 2806 623 2866 propter
653 2797 755 2850 hos
789 2795 1001 2851 fructus
1036 2798 1238 2866 suscipi
1289 2798 1475 2852 debet.
1511 2798 1693 2864 Quare
1723 2799 1809 2853 his
1859 2798 1974 2852 l'ru-

394 2890 575 2944 ctibus
601 2904 713 2960 n_on
757 2889 1207 2958 comparentibus
1240 2891 1383 2945 intra
1426 2905 1546 2952 nos,
1576 2890 1883 2945 frustranea
1921 2898 1977 2944 et

395 2982 553 3035 irrita
586 2980 679 3034 illa
720 2980 903 3035 omnis
938 2980 1045 3034 fuit
1079 2981 1353 3050 operatio,
1416 2980 1685 3051 adeoque,
1729 2981 1823 3051 qui
1858 2981 1975 3035 sine

398 3069 485 3124 his
518 3079 840 3139 operantur,
873 3070 1079 3124 similes
1125 3069 1178 3123 in
1220 3070 1308 3125 die
1334 3071 1528 3141 judicii
1559 3070 1977 3141 deprehenden-

2065 592 2149 659 ἐφ’
2181 592 2300 655 ἐνὸς
2323 591 2389 645 τά
2411 592 2556 645 κακά
2572 593 2870 647 ἐκδίδονταί
2888 611 2903 626 ·
2938 594 2999 648 τὸ
3023 597 3174 665 μῖσος
3202 595 3327 649 ἀπὸ
3351 594 3454 648 τοῦ
3475 596 3675 668 θυμοῦ,

2064 682 2093 733 ό
2114 681 2280 752 θυμὸς
2306 684 2413 736 ἀπὸ
2440 684 2841 754 ὑπερηφανίας,
2863 686 2896 753 ή
2924 686 3282 756 ὑπερηφανία
3306 687 3427 740 ἀπὸ
3453 688 3560 756 τῆς
3588 706 3681 741 κε-

2066 773 2323 840 νοδοξίας,
2354 777 2386 846 ή
2420 775 2695 840 κενοδοξία
2735 775 2843 829 ἀπὸ
2891 777 2993 845 τῆς
3029 778 3327 842 ἀπιστίας,
3383 780 3421 848 ή
3453 779 3680 833 ἀπιστία

2066 867 2175 918 ἀπὸ
2228 867 2330 933 τῆς
2381 867 2838 938 σκληροκαρδίας,
2875 871 2909 938 ή
2966 869 3395 941 σκληροκαρδία
3428 871 3546 923 ἀπὸ
3581 873 3681 940 τῆς

2068 959 2346 1027 ἀμελείας,
2370 961 2402 1027 ή
2436 960 2663 1029 ἀμέλεια
2692 962 2801 1013 ἀπὸ
2826 964 2926 1032 τῆς
2950 961 3309 1032 χαυνώσεως,
3336 964 3372 1033 ή
3406 964 3684 1033 χαύνωσις

2068 1052 2177 1105 ἀπὸ
2206 1054 2305 1119 τῆς
2351 1051 2665 1123 ὀλιγωρίας,
2706 1055 2740 1125 ή
2770 1052 3033 1125 ὀλιγωρία
3066 1054 3171 1108 ἀπὺ
3198 1055 3311 1124 τῆς
3346 1056 3616 1125 ἀκηδίας,
3651 1059 3683 1127 ή

2070 1143 2268 1212 ἀκηδία
2294 1144 2402 1196 ἀπὸ
2428 1143 2529 1213 τῆς
2557 1144 2945 1215 μικροψυχίας,
2978 1147 3011 1217 ή
3045 1146 3406 1217 μικροψυχία
3442 1147 3558 1200 ἀπὸ
3588 1148 3684 1219 τῆς

2070 1233 2402 1302 φιληδονίας,
2430 1234 2525 1288 καὶ
2555 1234 2625 1287 τά
2658 1234 2822 1289 λοιπά
2855 1236 2994 1307 μέρη
3036 1237 3134 1306 τῆς
3165 1238 3389 1300 κακίας
3430 1238 3684 1307 ἀλλήλων

2070 1323 2210 1376 εἰσὶν
2259 1324 2671 1395 ἐκκρεμάμενα.
2721 1324 2910 1390 Οὕτως
2953 1328 3011 1379 ἐν
3044 1326 3121 1396 τῷ
3167 1327 3379 1397 ἀγαθῷ
3433 1328 3600 1399 μέρει
3630 1329 3683 1380 al

2071 1415 2266 1486 ἀρεταί
2298 1416 2437 1469 εἰσιν
2461 1417 2870 1488 ἀπηρτημέναι.
2896 1420 3120 1489 Κεφαλὴ
3149 1421 3206 1473 δὲ
3245 1422 3447 1493 πάσης
3477 1423 3683 1493 ἀρετῆς

2071 1508 2166 1561 καὶ
2193 1508 2406 1579 κορυφὴ
2438 1508 2547 1562 τῶν
2597 1510 3041 1581 κατορθωμάτων
3073 1514 3222 1565 ἐστὶν
3261 1514 3300 1581 ή
3358 1515 3684 1584 προσευχῆς

2072 1601 2569 1672 προσκαρτέρησις,
2601 1600 2671 1654 δι’
2711 1596 2781 1673 ῆς
2826 1605 2920 1656 καὶ
2958 1603 3057 1667 τάς
3105 1602 3312 1668 λοιπὰς
3350 1606 3570 1673 ἀρετάς
3596 1606 3683 1658 διὰ

2071 1693 2171 1762 τῆς
2186 1694 2336 1764 παρά
2360 1693 2495 1747 Θεοῦ
2518 1695 2787 1765 αἰτήσεως
2801 1696 3068 1767 ὁσημέραι
3091 1696 3340 1751 κτᾶσθαι
3366 1697 3679 1767 δυνάμεθα.

2142 1786 2220 1838 Θ’.
2277 1783 2405 1837 Ἐάν
2460 1785 2535 1855 μὴ
2578 1786 2612 1855 ή
2646 1788 3137 1858 ταπεινοφροσύνη,
3183 1789 3288 1841 καὶ
3322 1791 3358 1858 η
3410 1789 3678 1856 ἁπλότης,

2073 1876 2169 1929 καὶ
2196 1878 2229 1947 ή
2260 1874 2555 1946 ἀγαθότης,
2599 1878 2995 1948 κατακοσμήσῃ
3035 1879 3203 1948 ήμᾶς,
3240 1878 3309 1931 τὸ
3348 1878 3550 1950 σχῆμα
3579 1880 3681 1949 τῆς

2071 1969 2236 2039 εὐχῆς
2263 1970 2411 2037 ἡμᾶς
2451 1968 2603 2022 οὐδὲν
2648 1968 2944 2039 ὠφελήσει.
2978 1971 3053 2024 Οὐ
3088 1971 3252 2041 μόνον
3302 1972 3366 2025 δὲ
3416 1971 3676 2042 περὶτῆς

2074 2061 2239 2130 εὐχῆς
2269 2060 2521 2131 λέγομεν,
2574 2060 2711 2117 ἀλλά
2759 2061 2853 2114 καὶ
2901 2064 3030 2133 περὶ
3067 2062 3277 2125 παντὸς
3311 2064 3599 2133 καμάτου,
3641 2062 3674 2133 ἢ

2073 2151 2261 2213 πόνου,
2293 2150 2325 2220 ἦ
2356 2151 2672 2222 παρθενίας,
2706 2152 2739 2223 ἢ
2770 2152 2954 2223 εὐχῆς,
2982 2152 3014 2223 ἢ
3045 2154 3379 2220 οίουδήποτε
3422 2154 3673 2225 καμάτου

2074 2242 2170 2296 καὶ
2208 2243 2468 2312 ἐργασίας
2501 2243 2700 2313 ἀρετῆς
2731 2242 2917 2296 ἕνεκεν
2944 2244 3380 2314 ἐπιτελουμένου
3400 2263 3414 2275 ·
3461 2243 3560 2298 ἐὰν
3602 2245 3675 2315 μή

2073 2334 2201 2396 τοὺς
2245 2336 2493 2403 καρποὺς
2541 2334 2642 2403 τῆς
2686 2335 2907 2403 ἀγάπης
2940 2319 3033 2388 καὶ
3080 2337 3316 2407 είρήνης
3363 2337 3465 2389 καὶ
3501 2337 3672 2406 χαρᾶς

2075 2427 2170 2480 καὶ
2207 2427 2513 2498 πραότητος
2556 2426 2650 2479 καὶ
2679 2428 3084 2500 ταπεινότητος,
3122 2428 3447 2500 ἀπλότητός
3484 2446 3547 2481 τε
3582 2427 3675 2482 καὶ

2075 2517 2425 2587 ἀφελότητος,
2468 2517 2703 2582 πίστεως
2735 2520 2829 2571 καὶ
2864 2519 3277 2591 μακροθυμίας,
3310 2521 3572 2589 ἀφθόνως
3614 2520 3672 2572 ἐν

2076 2611 2289 2672 ἑαυτοῖς
2347 2608 2694 2678 εὑρίσκομεν,
2758 2610 2882 2680 εἰκῆ
2950 2612 3043 2664 καὶ
3105 2611 3289 2682 μάτην
3320 2614 3373 2666 οἱ
3434 2614 3672 2683 κάματοι

2079 2703 2235 2773 ήμῶν
2265 2703 2557 2772 γεγόνασι·
2594 2704 2627 2773 ή
2660 2705 2811 2756 πᾶσα
2846 2704 2959 2772 γὰρ
2988 2704 3172 2774 ἐκείνη
3206 2705 3474 2774 ἐργασία,
3498 2705 3594 2757 καὶ
3624 2704 3669 2756 ot

2079 2796 2315 2866 κάματοι
2340 2796 2429 2849 διὰ
2458 2795 2583 2858 τοὺς
2614 2797 2863 2863 καρποὺς
2900 2795 3146 2864 γίνεσθαι
3194 2797 3508 2865 ὀφείλουσι.
3555 2795 3670 2848 Τῶν

2078 2889 2135 2942 δὲ
2169 2887 2398 2958 καρπῶν
2427 2888 2524 2956 τῆς
2544 2889 2763 2956 ἀγάπης
2785 2888 2879 2940 καὶ
2910 2889 3128 2958 εἰρήνης
3153 2888 3229 2958 μὴ
3254 2886 3670 2957 εὑρισκομένων

2080 2982 2139 3033 ἐν
2172 2982 2323 3050 ήμῖν,
2350 2979 2473 3048 εἰκῆ
2512 2981 2607 3032 καὶ
2651 2980 2826 3050 μάτην
2862 2981 2895 3049 ή
2925 2979 3019 3050 ὅλη
3070 2980 3310 3049 ἐργασία
3344 2981 3581 3049 γίνεται.
3612 2978 3671 3031 Ol

2083 3073 2192 3142 γάρ
2220 3070 2390 3141 χωρὶς
2429 3071 2635 3123 τούτων
2662 3070 3018 3141 ἐργαζόμενοι
3048 3072 3191 3124 κατά
3212 3072 3319 3135 τὰς
3362 3073 3529 3125 πέντε
3565 3087 3671 3140 μω-

399 3171 491 3215 tur
519 3161 687 3215 fatuis
740 3162 986 3229 quinque
1035 3162 1344 3233 virginibus
1377 3164 1421 3225 ",
1464 3178 1607 3232 quae,
1661 3164 1806 3233 quod
1851 3164 1980 3217 hinc

2089 3163 2186 3233 ράς
2216 3164 2518 3233 παρθένους
2545 3165 2601 3215 ἐν
2632 3163 2815 3234 ήμέρᾳ
2843 3164 3081 3234 κρίσεως
3108 3166 3556 3226 ἀποδείκνυνται,
3588 3160 3670 3215 αἴ-

401 3268 510 3306 nou
542 3261 917 3321 asportassent
944 3252 999 3306 in
1038 3254 1184 3306 vasis
1232 3253 1419 3307 cordis
1450 3252 1739 3320 spirituale
1772 3254 1978 3317 oleum,

398 3360 512 3413 quo
566 3344 721 3412 prius
766 3353 1084 3399 memorata:
1130 3344 1366 3419 virtutes
1398 3345 1781 3415 designantur,
1820 3346 1983 3403 fatuae

401 3437 698 3491 nominatae
715 3446 863 3500 sunt,
882 3446 937 3491 et
962 3437 1237 3506 spirituali
1272 3439 1425 3508 regni
1454 3439 1695 3493 thalamo
1723 3439 1982 3495 exclusae.

400 3528 696 3598 Laborque
736 3530 1090 3601 virginitatis,
1126 3539 1350 3600 propter
1384 3530 1662 3585 defectum
1690 3532 1981 3598 virtutum,

399 3632 459 3675 et
496 3621 863 3690 privationem
911 3621 1216 3677 manifesta:
1263 3621 1683 3677 inhabitatiohis
1724 3623 1982 3692 Spiritus,

400 3731 503 3786 pro
533 3716 710 3770 nihilo
733 3724 1022 3785 reputatus
1065 3724 1168 3769 est.
1212 3714 1367 3770 Sicut
1399 3716 1546 3770 enim
1574 3716 1629 3769 in
1654 3717 1870 3771 cultura
1901 3717 1987 3770 vi-

401 3824 520 3862 neae
553 3807 735 3862 omnis
777 3806 1051 3862 industria
1097 3816 1154 3861 et
1184 3807 1341 3861 labor
1371 3807 1439 3861 ad
1477 3808 1755 3864 fructuum
1799 3824 1987 3878 perce-

402 3899 649 3969 ptionem
675 3900 950 3963 refertur;
981 3915 1104 3968 quae
1134 3899 1179 3954 si
1210 3899 1431 3954 demum
1461 3899 1635 3965 fallat,
1658 3916 1768 3954 non
1792 3917 1986 3971 reper-

402 3991 477 4046 tis
516 3992 639 4045 uvis
674 3992 730 4044 in
765 3991 897 4054 vite,
940 3990 1311 4059 nequidquam
1347 3999 1405 4045 et
1446 3990 1567 4045 sine
1599 4006 1783 4061 operte
1807 3991 1987 4060 pretio

400 4083 752 4137 existimatur
779 4081 1081 4137 desudasse
1131 4081 1367 4147 vinitor;
1410 4082 1486 4137 ita
1518 4082 1622 4137 nisi
1665 4098 1764 4151 per
1794 4098 1988 4153 opera-

402 4174 619 4237 tionem,
672 4172 916 4243 Spiritus
968 4172 1142 4227 sancti
1188 4172 1403 4228 fructus
1459 4173 1763 4238 charitatis,
1810 4174 1985 4243 pacis,

402 4263 617 4334 gaudii,
656 4263 1005 4328 humilitatis,
1054 4263 1404 4332 aliorumque
1450 4272 1898 4317 enumeratorum
1920 4264 1989 4318 ab

408 4355 671 4423 Apostolo
721 4353 996 4407 donorum
1047 4353 1091 4417 ⁸,
1159 4352 1232 4406 'in
1302 4353 1453 4407 omni
1515 4352 1850 4407 certitudine
1926 4367 1991 4407 ac

403 4460 575 4501 sensu
601 4444 876 4514 spirituali
910 4445 964 4497 in
992 4444 1155 4499 nobis
1199 4444 1333 4515 ipsis
1366 4459 1751 4515 agnoscamus,
1786 4445 1989 4499 frustra

408 4537 824 4592 contentionem
870 4536 1230 4607 virginitatis,
1292 4537 1583 4603 orationis,
1650 4535 1987 4607 psalmodiae,

401 4627 601 4698 jejunii
646 4634 704 4680 et
732 4625 1040 4695 vigiliarum
1079 4626 1325 4681 laborem
1355 4627 1665 4697 suscepisse
1701 4628 1996 4683 convince-

409 4739 555 4778 mur.
618 4722 684 4777 lli
745 4721 952 4791 quippe
1003 4722 1226 4778 labores
1253 4723 1451 4778 anima:
1492 4738 1558 4779 ac
1598 4725 1872 4795 corporis,
1897 4740 1995 4795 spe

410 4813 785 4883 spiritualium
815 4815 1088 4883 ejusmodi
1131 4813 1413 4870 fructuum
1461 4818 1706 4871 exerceri
1744 4816 1992 4871 debent:

409 4906 653 4975 Spiritus
678 4920 811 4959 vero
841 4905 897 4958 in
927 4903 1236 4961 virtutibus
1274 4904 1653 4973 fructiﬁcatio,
1688 4907 1881 4962 fruitio
1913 4916 1999 4963 est

409 4997 720 5066 spiritualis
779 4997 835 5051 in
874 4998 1157 5067 voluptate
1211 4997 1565 5067 incorrupta,
1620 4997 1676 5052 in
1734 4999 1998 5054 cordibus

410 5090 676 5144 ﬁdelibus
727 5090 1052 5159 Operatione
1102 5088 1347 5159 Spiritus
1380 5090 1555 5144 sancti
1611 5090 1886 5145 animatis.
1938 5090 1999 5145 In

412 5179 588 5233 multa
646 5180 921 5247 siquidem
976 5180 1315 5235 discretione
1360 5180 1689 5250 prudentiae,
1729 5182 1998 5251 operatio,

416 5271 660 5335 labores,
691 5280 748 5324 et
766 5285 1025 5325 aarumnaa
1048 5280 1279 5335 naturae,
1302 5270 1690 5328 existimentur
1705 5288 1803 5341 per
1836 5272 1999 5327 ﬁdem

415 5374 475 5419 et
507 5380 662 5435 spem
692 5378 724 5416 a
759 5372 948 5416 sancto
980 5362 1193 5431 Spiritu
1226 5363 1312 5426 iis,
1337 5364 1432 5431 qui
1463 5363 1616 5435 digni
1646 5371 1799 5427 sunt,
1819 5362 2004 5418 eﬁica-

419 5454 557 5509 citer
614 5453 800 5510 inditi.
854 5454 1064 5508 Bonum
1118 5462 1206 5508 est
1238 5455 1541 5525 jejunium,
1592 5455 1734 5510 bona
1784 5455 2003 5524 vigilia;

420 5546 563 5602 bona
593 5548 719 5618 fuga
749 5547 940 5616 patriae
979 5554 1037 5601 et
1063 5547 1504 5602 conversationis
1533 5548 1789 5602 humanae
1822 5548 1877 5601 in
1914 5562 2007 5601 so-

422 5637 677 5694 litudine.
707 5638 815 5694 Sed
844 5639 961 5695 haec
984 5637 1085 5694 ﬁos
1113 5639 1231 5710 ipse
1261 5654 1326 5694 ac
1352 5639 1507 5709 vigor
1534 5647 1664 5695 sunt
1705 5655 2005 5695 conversa-

498 5818 516 5846 ⁷
555 5817 742 5871 Matth.
775 5834 901 5884 xxv,
928 5819 979 5873 8.
1058 5820 1078 5851 ⁸
1116 5819 1294 5874 Galat.
1326 5835 1378 5879 v,
1411 5818 1498 5871 ει.

2084 3273 2230 3318 τινες
2261 3256 2351 3307 διὰ
2377 3256 2437 3308 τὸ
2483 3255 2556 3326 μὴ
2590 3255 2839 3309 ἐντεῦθεν
2869 3257 3317 3326 ἀποκομίσασθαι
3351 3259 3413 3311 ἐν
3443 3258 3554 3318 τοῖς
3576 3255 3670 3318 τῆς

2085 3347 2311 3418 καρδίας
2356 3348 2599 3415 ἀγγείοις
2630 3350 2689 3401 τὸ
2734 3349 3101 3417 πνευματικὸν
3136 3349 3341 3417 ἔλαιον,
3388 3351 3526 3417 ὅπερ
3559 3346 3669 3399 ἐστὶ

2085 3441 2195 3493 τῶν
2253 3442 2671 3511 προειρημένων
2726 3441 2960 3512 ἀρετῶν,
3013 3445 3191 3515 μωραὶ
3242 3442 3661 3513 ὠνομάσθησαν,

2086 3533 2181 3586 καὶ
2206 3531 2300 3585 τοῦ
2334 3532 2708 3600 πνευματικοῦ
2749 3533 2850 3601 τῆς
2907 3534 3183 3603 βασιλείας
3229 3536 3526 3607 νυμφῶνος
3566 3534 3667 3585 ἀπ-

2086 3623 2468 3690 εκλείσθησαν.
2517 3623 2627 3676 Καὶ
2655 3624 2683 3676 ό
2710 3622 2810 3693 τῆς
2840 3624 3140 3694 παρθενίας
3170 3627 3426 3697 κάματος
3456 3623 3540 3677 διά
3566 3622 3665 3675 τῶν

2088 3716 2297 3785 ἀρετῶν
2325 3715 2561 3784 ἔλλειψιν
2605 3716 2698 3770 καὶ
2730 3715 2983 3786 στέρησιν
3014 3718 3111 3788 τῆς
3151 3719 3424 3790 ἐναργοῦς
3461 3715 3665 3784 ἐνοική-

2090 3825 2227 3870 σεως
2256 3808 2350 3860 τοῦ
2380 3808 2714 3879 Πνεύματος,
2740 3812 2818 3872 είς
2839 3810 2991 3863 οὐδὲν
3018 3810 3295 3882 ἐλογίσθη.
3327 3812 3538 3881 Ὥσπερ
3564 3807 3662 3877 γὰρ

2088 3903 2147 3954 ἐν
2179 3903 2244 3971 τῇ
2270 3901 2515 3972 γεωργίᾳ
2544 3900 2644 3971 τῆς
2681 3901 2927 3971 ἀμπέλου
2961 3904 3110 3955 πᾶσα
3138 3904 3434 3973 ἐπιμέλεια
3463 3902 3555 3955 καὶ
3581 3898 3664 3951 διὰ

2088 3992 2188 4060 τὴν
2226 3992 2335 4042 τῶν
2377 3991 2609 4060 καρπῶν
2642 3992 2941 4045 ἀπόλαυσιν
2975 3993 3205 4060 γίνεται,
3245 3993 3482 4064 καρπῶν
3510 3991 3563 4042 δὲ
3592 3987 3659 4057 μὴ

2090 4083 2496 4153 εὑρισκομένων
2538 4084 2598 4135 ἐν
2637 4084 2702 4153 τῆ
2747 4084 2976 4153 ἀμπέλῳ
3005 4085 3125 4153 εἰκῆ
3173 4085 3268 4136 καὶ
3310 4085 3492 4154 μάτην
3521 4080 3659 4133 πᾶσα

2091 4178 2394 4247 ἐμπόνησις
2426 4174 2523 4243 τῆς
2554 4174 2817 4243 ἐργασίας
2845 4174 3089 4241 γίνεται·
3133 4174 3307 4237 οὕτως
3337 4172 3433 4226 ἐάν
3470 4171 3542 4241 μὴ
3577 4166 3656 4219 διὰ

2090 4269 2190 4336 τῆς
2221 4268 2501 4338 ἐνεργείας
2546 4266 2642 4319 τοῦ
2693 4266 3008 4335 Πνεύματος
3041 4267 3289 4337 καρποὺς
3321 4266 3541 4333 ἀγάπης
3571 4258 3657 4313 καὶ

2093 4360 2315 4429 εἰρήνης
2338 4358 2433 4411 καὶ⁷
2460 4358 2634 4427 χαρᾶς
2663 4357 2758 4409 καὶ
2778 4355 3176 4418 ταπεινώσεως,
3209 4357 3303 4409 καὶ
3332 4355 3442 4408 τῶν
3469 4347 3659 4403 λοιπῶν

2095 4449 2245 4521 παρὰ
2278 4450 2359 4520 τῷ
2402 4448 2710 4518 Ἀποστόλῳ
2751 4448 3022 4518 ῥηθέντων
3060 4450 3116 4501 ἐν
3148 4446 3295 4519 πάσῃ
3330 4438 3657 4514 πληροφορίᾳ

2098 4545 2190 4597 καὶ
2242 4542 2495 4613 αἰσθήσει
2546 4542 2890 4611 πνευματικῇ
2942 4540 2999 4591 ἐν
3068 4540 3280 4601 ἑαυτοῖς
3336 4532 3654 4603 ἐπιγνῶμεν,

2094 4634 2217 4703 εἰκῆ
2245 4635 2273 4686 ό
2298 4632 2397 4702 τῆς
2428 4630 2727 4703 παρθενίας
2749 4631 3012 4699 κάματος,
3045 4633 3137 4684 καὶ
3164 4629 3349 4701 εὐχῆς,
3384 4631 3472 4681 καὶ
3489 4622 3653 4694 ψαλμ-

2096 4721 2283 4792 ῳδίας,
2328 4722 2583 4790 νηστείας
2626 4737 2685 4772 τε
2735 4720 2832 4773 καὶ
2864 4720 3173 4789 ἀγρυπνίας
3218 4722 3247 4773 ό
3288 4721 3445 4779 πόνος
3475 4715 3550 4775 είς
3576 4709 3657 4762 οὐ·

2097 4814 2184 4867 δὲν
2209 4813 2614 4866 ἀποδείκνυται.
2651 4804 2813 4865 Οὗτοι
2844 4811 2952 4879 γάρ
2980 4812 3029 4864 οἱ
3062 4812 3210 4864 πόνοι
3240 4810 3415 4881 ψυχῆς
3445 4806 3532 4860 καὶ
3562 4796 3654 4853 σώ-

2103 4923 2273 4974 ματος
2303 4905 2390 4958 ἐπ’
2421 4904 2596 4957 ἐλπίδι
2629 4901 3015 4972 πνευματικῶν
3046 4902 3272 4971 καρπῶν
3311 4892 3654 4953 ἐπιτελεῖσθαι

2095 4997 2400 5064 ὀφείλουσιν
2422 5012 2435 5026 υ
2463 4998 2494 5064 ή
2524 4995 2578 5047 δὲ
2601 4995 2694 5048 τοῦ
2718 4994 3036 5064 Πνεῦματος
3066 4995 3123 5047 ἐν
3151 4996 3269 5055 ταῖς
3298 4990 3510 5061 ἀρεταῖς
3533 4996 3652 5049 καρ-

2102 5087 2341 5157 ποφορία
2371 5084 2670 5147 ἀπόλαυσίς
2707 5086 2824 5137 ἐστι
2877 5082 3221 5154 πνευματική
3272 5084 3327 5135 ἐν
3362 5078 3512 5150 ἡδονῇ
3560 5073 3653 5136 ἀφ-

2100 5180 2305 5249 θάρτῳ,
2327 5180 2386 5230 ἐν
2414 5178 2667 5246 καρδίαις
2689 5177 2930 5241 πισταῖς,
2957 5176 3062 5227 ὑπὸ
3078 5174 3171 5227 τοῦ
3197 5172 3333 5257 ρνεύ
3342 5183 3496 5241 ματος
3516 5167 3649 5229 ἕνερ⁴

2099 5270 2395 5341 γουμὲναις
2416 5284 2430 5297 ·
2461 5269 2519 5320 ὲν
2546 5267 2712 5338 πολλῇ
2740 5268 2848 5338 γὰρ
2876 5268 3146 5338 διακρίσει
3172 5268 3431 5325 συνέσεως
3454 5263 3483 5328 ή
3507 5258 3653 5325 ἐργα-

2103 5362 2196 5416 σία
2228 5362 2322 5415 καὶ
2368 5360 2527 5421 πόνος
2563 5361 2657 5412 καὶ
2686 5360 2921 5427 κάματοι
2951 5359 3055 5429 τῆς
3097 5358 3312 5427 φύσεως
3340 5347 3648 5425 ἡγείσθωσαν

2103 5454 2192 5506 διὰ
2237 5452 2474 5514 πίστεως
2505 5451 2602 5504 καὶ
2634 5450 2849 5512 ἐλπίδος
2877 5449 2989 5503 ἀπὸ
3030 5449 3125 5503 τοῦ
3171 5449 3325 5517 ἁγίου
3365 5440 3648 5528 Πνεὺματθζῗ
3696 5514 3711 5528 ί

2104 5547 2217 5608 τοῖς
2258 5543 2430 5607 ἀξίοις
2475 5542 2880 5613 ἐνεργούμενοι.
2914 5541 3093 5594 Καλόν
3135 5542 3282 5593 ἐστιν
3307 5542 3340 5607 ή
3369 5529 3585 5603 νηστείαν
3616 5521 3642 5576 ἡ

2107 5637 2411 5709 ἀγρυπνία,
2449 5637 2482 5706 ή
2518 5634 2781 5702 ξενιτεία·
2837 5632 2974 5687 ἀλλά
3005 5632 3178 5687 ταῦτα
3220 5631 3368 5704 ἀκμή
3408 5614 3645 5679 πολιτείας
