3980 6464
254 366 364 429 829

1392 367 1620 429 LIBER
1659 370 1756 429 DE
1795 369 2167 431 CUSTODIA
2208 371 2507 434 CORDIS.

3465 384 3572 448 830

252 479 409 532 ἐστὶν
440 476 678 549 ἀγαθῆς
701 492 714 507 ·
763 475 901 550 πλὴν
948 479 982 548 ὴ
1010 477 1164 543 τάξις
1210 478 1320 534 τῶν
1364 482 1709 551 Χριστιανῶν
1735 484 1862 537 ὲσω-

1983 484 2153 539 tionis
2187 483 2367 540 home.
2397 486 2672 541 Caeterum
2707 487 2844 543 ordo
2862 489 3307 547 Christianorum
3334 493 3572 552 interior

249 571 390 641 τέρα
425 569 558 622 ἐστὶ
604 568 832 631 τούτων,
880 571 974 622 καὶ
1011 571 1112 623 οὐκ
1149 571 1357 639 ὀφείλει
1391 590 1474 636 τις
1525 574 1618 626 ἐπὶ
1659 573 1869 638 τούτοις

248 663 352 732 τὴν
400 660 750 731 πεποίθησιν
797 660 944 730 ἔχειν
993 663 1088 716 καὶ
1122 664 1328 734 μόνοις.
1363 665 1663 735 Συμϐαίνει
1690 666 1747 719 δὲ
1790 668 1873 720 ὅτι

249 753 359 807 είσί
408 770 575 816 τινες
627 754 849 823 χάριτος
900 755 1145 825 μέτοχοι·
1194 758 1351 827 καὶὴ
1405 760 1575 812 κακία
1607 758 1687 812 ἔτι
1736 756 1873 814 οὖσα

248 845 625 916 τεχνάζεται,
657 845 752 897 καὶ
775 850 1100 920 παραχωρεῖ
1128 848 1352 913 ἑκοῦσα,
1378 852 1475 905 καὶ
1507 852 1607 905 οὐκ
1635 853 1869 923 ἐνεργεῖ,

248 937 390 991 ἀλλὰ
423 938 590 990 ποιεῖ
625 936 841 1007 νομίσαι
869 938 963 991 τὸν
991 938 1302 1011 ἄνθρωπον,
1345 942 1427 995 δτι
1476 942 1815 1014 ἐκαθαρίσθη
1842 946 1871 998 6

249 1034 377 1095 νοῦς
403 1034 589 1086 αὑτοῦ
613 1050 627 1063 ’
660 1034 753 1087 καὶ
781 1033 968 1087 λοιπὸν
992 1033 1151 1104 φέρει
1178 1032 1349 1105 αὐτὴν
1374 1036 1574 1105 οίησιν,
1627 1037 1708 1090 ὃτι
1735 1037 1872 1105 Χριο

252 1124 481 1186 στιανὸς
521 1126 648 1194 είμι
680 1124 904 1190 τέλειος,
938 1124 1035 1177 καὶ
1069 1125 1207 1193 μετὰ
1236 1125 1431 1191 ταῦτα,
1468 1127 1595 1180 ὅταν
1616 1129 1814 1202 νομίσῃ
1842 1132 1871 1184 6

251 1211 585 1282 ἄνθρωπος,
626 1214 709 1267 ὅτι
755 1214 1070 1286 Ἐλεύθερός
1100 1218 1237 1284 εἰμι,
1266 1218 1360 1270 καὶ
1391 1218 1708 1290 άμεριμνεϊ,
1746 1220 1869 1274 τότε

249 1304 550 1375 λῃστρικῷ
604 1306 795 1377 τρόπῳ
826 1306 1047 1378 ἔρχεται
1090 1307 1245 1379 αύτῷ
1291 1309 1325 1377 ἡ
1365 1311 1535 1363 κακία
1566 1309 1869 1383 ἔγκρυμμα

252 1396 497 1449 ποιοῦσα
536 1438 553 1463 ,
604 1398 697 1450 καὶ
735 1397 991 1468 πειράζει
1026 1399 1212 1467 αὑτὸν,
1243 1400 1338 1454 καὶ
1368 1402 1669 1473 καταφέρει
1703 1404 1868 1458 αὑτὸν

251 1489 330 1551 εἰς
358 1489 432 1540 τὰ
468 1490 777 1541 κατώτατα
814 1490 913 1560 τῆς
943 1490 1068 1560 γῆς.
1103 1492 1165 1545 Et
1211 1492 1321 1564 γὰρ
1354 1492 1631 1564 ἄνθρωποι
1666 1495 1868 1550 πολλά·-

253 1598 340 1642 κις
362 1582 577 1652 λῃσταὶ¹
605 1582 758 1646 ὄντες
783 1583 815 1654 ἢ
848 1584 1179 1654 στρατιῶται
1203 1586 1347 1640 κατὰ
1375 1574 1653 1656 πολεμίων
1691 1588 1867 1643 οἴδασι

253 1671 654 1742 τεχνάζεσθαι,
700 1673 794 1727 καὶ
828 1675 1281 1741 ύποκαθέζονται,
1319 1676 1413 1730 καὶ
1465 1677 1715 1731 ποιοῦσιν
1760 1678 1867 1746 ἐγ-

256 1781 522 1834 κρυμμα,
561 1765 659 1817 καὶ
692 1765 1029 1835 λαμϐάνουσι
1059 1766 1127 1820 τὰ
1178 1767 1323 1821 νῶτα
1362 1767 1473 1821 τῶν
1506 1769 1739 1840 ἐχθρῶν,
1772 1771 1867 1824 καὶ

1977 586 2063 631 εει
2100 578 2188 632 his
2208 595 2223 643 ;
2246 588 2303 633 et
2341 595 2449 633 non
2477 580 2645 636 debet
2666 582 2793 652 quis
2827 582 2916 637 his
2946 584 3105 638 inniti
3136 585 3268 639 solis
3302 587 3370 640 ad
3400 589 3573 643 confi-

1973 670 2240 726 dentiam.
2281 670 2568 742 Contingit
2599 683 2785 729 autem
2824 690 2947 729 esse
2975 677 3243 745 quosdam
3272 680 3573 749 participes

1972 766 2189 834 gratiae;
2217 764 2273 818 in
2305 764 2511 834 quibus
2543 766 2775 831 malitia,
2808 782 2933 821 cum
2967 783 3160 822 revera
3203 770 3403 835 subsit,
3434 771 3572 827 insi-

1972 854 2130 910 diose
2171 857 2345 911 latere
2407 858 2626 928 satagit,
2686 859 2831 914 ultro
2880 876 3041 930 agere
3102 877 3329 918 cessans
3383 873 3440 919 et
3510 881 3571 921 se

1972 944 2341 1013 abscondens,
2373 946 2691 1018 ipsumque,
2720 950 2775 1004 in
2807 966 2919 1019 quo
2949 951 3186 1018 habitat,
3226 956 3397 1019 fallat,
3431 957 3573 1012 male

1970 1038 2346 1107 persuadens,
2400 1055 2523 1095 esse
2570 1057 2728 1096 suam
2785 1053 3028 1098 mentem
3077 1046 3187 1115 jam
3247 1058 3568 1118 purgatam;

1970 1132 2120 1186 unde
2144 1132 2200 1186 in
2237 1132 2611 1204 arrogantiam
2642 1133 2886 1200 inﬂatur,
2919 1137 3079 1191 aiens
3114 1156 3126 1191 :
3163 1139 3451 1196 Perfectus
3470 1159 3572 1213 ego

1973 1224 2329 1280 Christianus
2363 1240 2508 1289 sum,
2552 1235 2610 1280 at
2641 1226 2775 1281 dum
2814 1228 2985 1282 miser
3013 1230 3101 1285 isti
3144 1231 3359 1288 fiduciae
3402 1235 3570 1290 homo

1974 1318 2438 1391 laaindormit,
2466 1320 2703 1373 liberum
2727 1335 2786 1375 se
2805 1336 2956 1375 nunc
2985 1322 3210 1378 demum
3234 1325 3566 1393 praedicans,

1970 1411 2308 1482 opprimitur
2342 1410 2412 1464 ab
2443 1411 2697 1466 irruente
2729 1411 2786 1465 in
2813 1428 2963 1477 eum,
3000 1414 3279 1470 latronum
3326 1434 3499 1483 more,
3534 1434 3567 1473 e

1968 1503 2216 1569 latebris,
2253 1503 2349 1558 ubi
2381 1502 2733 1570 subsederat,
2764 1507 2995 1571 malitia,
3037 1523 3160 1577 quae
3194 1509 3331 1564 nihil
3381 1511 3567 1567 minus

1968 1595 2289 1665 opinantem
2320 1599 2627 1653 tentatione
2660 1599 2978 1654 vehementi
3001 1599 3282 1663 adoriens,
3314 1602 3490 1656 vincit
3511 1612 3568 1658 et

1969 1686 2235 1758 deprimit
2286 1690 2341 1745 in
2378 1700 2540 1746 terrae
2594 1691 2802 1746 infima.
2837 1690 2893 1747 Si
2939 1693 3088 1747 enim
3136 1694 3389 1750 homines
3422 1711 3566 1766 saepe

1970 1780 2373 1837 latrocinioaut
2388 1784 2599 1838 militiae
2614 1784 2810 1851 dediti,
2831 1796 3238 1856 stratagemate.
3257 1788 3336 1843 uti
3360 1789 3564 1854 sciunt,

258 1856 704 1927 περικυκλοῠσιν
755 1858 953 1922 αὐτοὺς
1004 1859 1237 1930 ἁθρόως,
1282 1859 1380 1915 καὶ
1441 1862 1861 1916 ἀποκτείνουσι·

1971 1874 2329 1932 subsidentes
2364 1876 2420 1930 in
2452 1877 2592 1932 locis
2626 1879 2881 1944 occultis,
2906 1890 2962 1934 et
2987 1897 3057 1935 ex
3088 1881 3305 1937 insidiis
3337 1895 3567 1953 repente

260 1949 444 2020 πολλῷ
479 1951 748 2021 μᾶλλονή
779 1951 948 2006 κακία
977 1951 1110 2005 οὖσα
1140 1954 1409 2008 τοσούτων
1431 1956 1685 2027 χιλιάδων
1708 1955 1868 2011 τοῦτο

256 2042 315 2093 τὸ
343 2042 513 2114 ἔργον
549 2045 776 2115 ἔχουσα,
809 2044 973 2108 τόσας
1006 2045 1322 2101 ἀπολέσασα
1353 2048 1551 2120 ψυχὰς,
1596 2045 1749 2123 οἶδεν]
1772 2047 1867 2106 οὖν

260 2134 575 2207 ἐγκρυμμα
626 2140 801 2191 ποιεῖν
855 2139 913 2191 ὲν
956 2141 1022 2211 τῇ
1075 2139 1295 2213 καρδίᾳ,
1331 2143 1472 2197 κατὰ
1510 2145 1738 2216 καιροὺς
1790 2148 1865 2218 μὴ

259 2227 533 2297 ἐνεργεῖν,
564 2230 656 2285 ἵνα
682 2230 882 2306 ἐνέγκῃ
913 2231 1012 2304 τὴν
1039 2231 1220 2305 ψυχὴν
1252 2235 1334 2298 είς
1377 2236 1553 2307 οἴησιν
1585 2238 1865 2311 τελειότη-

258 2335 387 2387 τοςις

325 2525 383 2581 ιν.
438 2524 500 2577 '0
552 2523 818 2595 Θεμέλιος
871 2524 967 2578 τοῦ
1013 2526 1447 2597 Χριστιανισμοῦ
1501 2523 1657 2595 οὗτός
1696 2530 1860 2598 ἐστιν,

258 2616 343 2670 ἵνα
384 2617 452 2671 ἂν
481 2619 702 2690 ποιήσῃ
736 2620 764 2671 6
808 2618 1097 2689 ἄνθρωπος
1128 2621 1498 2686 δικαιοσύνας,
1536 2624 1611 2695 μὴ
1652 2625 1862 2678 ἐπανα-

259 2709 407 2782 παύῃ
437 2712 496 2763 ὲν
526 2712 753 2776 αὐταῖς,
784 2713 879 2765 καὶ
909 2711 1007 2784 ἔχῃ
1039 2713 1232 2767 ἑαυτὸν
1277 2713 1474 2783 μέγαν,
1508 2715 1624 2769 ἀλλ’
1712 2735 1860 2772 πτω-

257 2804 349 2872 χὸς
373 2804 453 2875 τῷ
482 2804 804 2876 πνεύματι·
842 2807 937 2860 καὶ
971 2806 1067 2859 ἐὰν
1098 2806 1325 2878 γένηται
1364 2809 1590 2880 μέτοχος
1618 2812 1858 2882 χάριτος,

264 2895 335 2965 μὴ
364 2896 581 2967 νομίσῃ
613 2897 806 2950 ἑαυτὸν
849 2899 1239 2968 κατειληφέναι
1282 2916 1357 2965 τι,
1392 2901 1489 2955 καὶ
1518 2903 1673 2974 οἰηθῇ
1721 2900 1863 2959 εἷναί

259 3003 359 3051 τις,
396 2990 492 3042 καὶ
522 2989 772 3059 ἄρξηται
808 2989 1111 3044 διδάσκειν·
1145 2991 1261 3045 ἀλλ’
1298 2992 1385 3046 ἵνα
1413 2993 1489 3046 ὢν
1522 2994 1696 3066 καλῆς
1722 2994 1861 3061 ξενι-

259 3080 406 3145 τείας
438 3084 534 3136 καὶ
580 3082 877 3147 πολιτείας,
911 3084 1190 3155 νηστεύων
1226 3084 1384 3149 πολὺ,
1429 3086 1733 3154 ξενιτεύων,
1767 3092 1860 3159 εύ-

261 3175 507 3244 χόμενος,
561 3176 804 3247 μετέχων
833 3177 1077 3248 χάριτος,
1128 3178 1201 3249 μὴ
1247 3180 1524 3250 ἡγήσηται
1553 3181 1654 3251 τὴν
1683 3181 1860 3253 ψυχὴν
1892 3214 1905 3259 ε

261 3266 420 3320 αὐτοῦ
444 3268 650 3339 τιμίαν
669 3286 683 3300 ·
708 3269 846 3322 ἀλλὰ
874 3270 994 3323 τότε
1027 3270 1287 3340 μάλιστα.
1319 3273 1448 3326 ὅταν
1472 3275 1613 3344 ἁρχὴ
1643 3275 1861 3345 χάριτος

263 3359 503 3431 γένηται,
538 3362 639 3414 ἳνα
669 3361 767 3433 ἔχῃ
801 3362 896 3415 τὸν
924 3363 1107 3428 πόνον,
1140 3363 1238 3434 τὴν
1265 3363 1447 3433 δίψαν,
1481 3366 1567 3419 ἴνα
1596 3367 1671 3439 μὴ
1699 3385 1863 3421 κεκοο

267 3452 525 3517 ρεσμένος
567 3450 663 3523 ἔχῃ
709 3452 903 3505 ἑαυτὸν
950 3453 1221 3524 δίκαιονῆ
1256 3455 1512 3510 πλούσιον
1545 3459 1605 3511 ὲν
1643 3459 1859 3530 χάριτιο

262 3538 430 3615 diri
468 3542 699 3596 πενθῶν
752 3544 849 3596 καὶ
882 3543 1156 3615 δακρύων.
1189 3548 1300 3601 Καὶ
1339 3549 1399 3602 ὃν
1446 3552 1655 3621 τρόπον
1689 3551 1785 3605 ἐὰν
1824 3548 1858 3624 ᾖ

267 3632 464 3703 μήτηρ,
495 3636 609 3689 καὶ
648 3635 748 3708 ἔχῃ
784 3636 898 3690 υίὸν
928 3639 1193 3707 μονογενῆ
1241 3640 1338 3692 καὶ
1367 3642 1637 3715 παιδεύσῃ
1671 3644 1856 3709 αὐτὸν,

262 3722 349 3773 καὶ
383 3724 510 3777 ὅταν
553 3725 778 3795 γένηται
805 3726 966 3797 ἀνὴρ,
1000 3728 1181 3798 συμϐῇ
1222 3728 1372 3799 αὐτῷ
1407 3731 1728 3785 ἀποθανεῖν’
1763 3736 1860 3787 καὶ

263 3811 443 3870 λοιπὸν
485 3818 620 3871 ὅσοι
668 3818 736 3872 ἂν
778 3812 879 3873 ὦσι
930 3820 1422 3891 παραμυθούμενοι
1462 3823 1559 3895 τὴν
1618 3827 1856 3897 μητέρα,

267 3907 458 3973 μᾶλλον
483 3911 882 3982 ὲπτεγείρουσιν
916 3913 1054 3984 αὐτῇ
1086 3912 1146 3966 τδ
1175 3913 1392 3979 πένθος,
1427 3919 1524 3970 καὶ
1557 3918 1861 3989 ἀπαραμύ-

264 3997 417 4069 θητός
447 4003 611 4056 ἐστιν
632 4019 645 4033 ·
687 4003 827 4057 οὕτω
874 4005 981 4075 χρὴ
1012 4004 1223 4059 κλαίειν
1263 4006 1355 4061 τὸν
1400 4008 1730 4081 Χριστιανὸν
1759 4010 1859 4082 τὴν

264 4090 464 4146 πτῶσιν
489 4093 696 4157 αὑτοῦ,
723 4095 816 4147 καὶ
841 4095 1207 4160 ἀδιαλείπτως
1252 4097 1512 4170 δακρύειν
1532 4117 1547 4131 ·
1584 4103 1691 4173 πρὸ
1719 4104 1856 4157 πάν-

261 4195 364 4235 των
389 4185 446 4239 δὲ
479 4187 642 4257 ἔχειν
674 4188 1144 4258 συντετριμμένην
1165 4189 1265 4261 τὴν
1296 4192 1544 4263 καρδίαν.

1971 1967 2287 2022 coorientes
2320 1968 2377 2022 in
2404 1968 2649 2024 hostium
2682 1979 2857 2041 terga,
2890 1973 3127 2042 ipsoque
3158 1974 3568 2032 circumventos

1970 2062 2024 2116 vi
2052 2062 2236 2117 subita
2267 2064 2583 2129 trucidant,
2608 2074 2817 2135 quanto
2862 2066 3035 2137 magis
3070 2068 3302 2134 malitia,
3328 2086 3451 2139 quas
3488 2079 3569 2126 tot

1969 2153 2218 2209 millibus
2247 2169 2524 2210 annorum
2571 2157 2680 2212 hoc
2705 2173 2847 2228 opus
2906 2160 3177 2225 exercuit,
3222 2168 3303 2215 tot
3331 2161 3569 2231 perdens

1968 2247 2205 2313 animas,
2218 2258 2404 2303 notam
2420 2249 2643 2305 habebit
2657 2262 2831 2306 artem
2852 2251 3180 2307 insidiarum
3203 2254 3256 2308 in
3274 2255 3382 2310 imo
3399 2256 3568 2311 corde

1968 2340 2380 2407 struendarum,
2418 2352 2479 2397 ut
2530 2342 2826 2413 aliquando
2860 2354 3040 2400 cesset
3083 2345 3152 2400 ab
3187 2347 3421 2417 agendo,
3455 2364 3566 2419 quo

1966 2437 2329 2506 persuasione
2357 2438 2459 2493 ista
2490 2438 2701 2493 imbuat
2724 2439 3057 2503 animam,se
3082 2456 3203 2495 esse
3230 2440 3566 2510 perfectam?

2036 2527 2106 2582 Χ.
2143 2529 2585 2583 Fundamentum
2635 2530 3045 2585 Christianismi
3089 2532 3194 2586 hoc
3222 2541 3326 2597 est,
3359 2548 3428 2588 ne
3459 2533 3565 2588 ho-

1966 2632 2058 2671 mo
2089 2629 2215 2688 post
2266 2620 2613 2689 quantalibet
2643 2622 2786 2676 bona
2818 2638 3018 2690 opera,
3053 2622 3107 2675 in
3145 2622 3279 2693 ipsis
3331 2623 3564 2693 acquie-

1965 2720 2104 2777 scat,
2138 2722 2235 2766 aut
2271 2728 2330 2768 se
2380 2730 2638 2784 magnum
2687 2724 2878 2784 putet,
2922 2716 3018 2770 sed
3066 2725 3388 2785 perseveret
3440 2732 3564 2772 esse

1964 2819 2177 2875 pauper
2202 2806 2405 2875 spiritu
2435 2823 2448 2858 :
2474 2821 2539 2861 ac
2556 2822 2681 2861 cum
2710 2808 2903 2877 gratiae
2936 2808 3218 2877 particeps
3242 2808 3421 2863 factus
3450 2809 3566 2863 fue-

1966 2895 2061 2961 rit,
2095 2911 2166 2951 ne
2213 2897 2491 2952 existimet
2527 2913 2587 2953 se
2631 2899 2914 2969 quidpiam
2962 2899 3244 2969 adeptum,
3300 2909 3564 2971 putetque

1964 3002 2025 3043 se
2090 3003 2213 3043 esse
2269 2989 2535 3059 aliquem,
2598 2990 2937 3061 incipiatque
2993 2992 3315 3062 magistrum
3373 3008 3559 3063 agere.

1964 3082 2114 3137 Neve
2146 3098 2204 3137 se
2227 3084 2464 3153 aliquem
2495 3099 2662 3154 supra
2688 3085 2907 3155 vulgus,
2933 3085 3066 3155 quin
3092 3085 3281 3151 etiam,
3317 3101 3443 3140 eum
3470 3100 3563 3141 se-

1970 3176 2203 3230 cesserit
2238 3176 2293 3230 in
2344 3176 2705 3231 solitudinem
2737 3186 2795 3231 et
2825 3177 2965 3231 bene
2995 3177 3384 3241 ambulaverit,
3422 3178 3565 3233 mul—

1974 3276 2090 3322 tum
2108 3270 2389 3338 jejuuans,
2422 3270 2678 3324 exsilium
2706 3270 2897 3325 mundi
2924 3270 3144 3325 fortiter
3179 3272 3442 3335 tolerans,
3470 3271 3562 3341 pie

1969 3375 2157 3425 orans,
2188 3361 2379 3430 gratiae
2399 3361 2678 3416 donorum
2704 3376 2950 3431 compos,
2977 3362 3156 3417 nihilo
3176 3370 3359 3418 tamen
3388 3361 3563 3433 magis

1968 3454 2207 3508 animam
2236 3470 2391 3508 suam
2424 3455 2727 3524 pretiosam
2753 3454 2979 3509 habeat.
3010 3455 3127 3510 lmo
3155 3466 3272 3509 tum
3298 3455 3558 3519 maxime,

1967 3546 2191 3617 quando
2230 3548 2471 3616 primum
2501 3548 2675 3601 sentit
2720 3548 3013 3617 appulsum
3065 3548 3274 3617 gratiae,
3322 3547 3561 3601 sollicite

1964 3635 2212 3699 laboret;
2268 3634 2533 3704 sitimque
2588 3643 2858 3689 monstret
2913 3633 3196 3688 ulterioris
3238 3633 3559 3702 profectus;

1964 3727 2125 3782 valde
2150 3741 2355 3781 cavens
2375 3742 2467 3790 ne,
2490 3727 2650 3795 quasi
2676 3728 2787 3796 jam
2836 3726 3088 3789 satiatus,
3123 3739 3181 3779 se
3215 3725 3437 3778 abunde
3462 3725 3558 3794 ju-

1967 3828 2135 3885 stum,
2162 3827 2257 3874 aut
2309 3820 2645 3888 locupletem
2689 3819 2925 3884 habeat;
2978 3836 3008 3873 e
3037 3817 3322 3873 contrario
3370 3817 3560 3886 potius

1958 3911 2165 3983 lugeat,
2194 3920 2249 3965 et
2277 3912 2635 3981 lacrymetur.
2671 3911 2965 3977 Quomodo
2995 3910 3039 3965 si
3076 3918 3252 3964 mater
3278 3909 3559 3964 educave-

1958 4005 2032 4060 rit
2064 4021 2095 4060 a
2127 4020 2302 4075 puero
2324 4020 2457 4059 cura
2476 4019 2671 4075 magna
2706 4004 2935 4058 unicum
2960 4004 3157 4068 ﬁlium,
3181 4003 3297 4067 ubi,
3334 4018 3459 4057 cum
3488 4001 3557 4055 ad

1957 4098 2174 4153 virilem
2207 4098 2462 4167 pervenit
2498 4106 2741 4161 aetatem,
2773 4097 2915 4151 mori
2957 4113 3085 4152 eum
3118 4097 3422 4167 contingat,
3461 4095 3559 4165 qui

1959 4192 2235 4247 consolari
2258 4207 2379 4247 eam
2405 4191 2824 4263 aggrediuntur,
2859 4190 3140 4245 incentiva
3169 4191 3353 4245 luctus
3383 4189 3558 4258 magis

264 4282 506 4335 aceumul
527 4289 653 4348 ant;
717 4280 799 4336 sic
853 4281 987 4336 flere
1043 4281 1427 4338 indesinenter
1479 4283 1855 4342 Christianum
1893 4292 2116 4356 oportet
2154 4285 2370 4355 lapsum
2439 4299 2626 4350 suum,
2672 4292 2729 4339 et
2794 4289 2922 4338 ante
2969 4280 3156 4336 omnia
3206 4280 3411 4335 habere
3462 4296 3567 4336 cor

265 4372 596 4428 contritum.

332 4467 437 4520 lA'.
464 4468 688 4538 ’Ὠσπερ
715 4466 765 4519 εί
792 4460 941 4531 οἶκος
964 4466 1232 4537 βασιλέως
1262 4468 1402 4540 ἔχων
1424 4469 1635 4534 διαίτας
1662 4470 1865 4533 πολλὰς

2041 4470 2133 4525 XI.
2167 4469 2237 4525 Ut
2269 4468 2313 4523 si
2350 4468 2613 4537 palatium
2639 4468 2785 4537 regis
2809 4466 3117 4537 eujuspiam
3155 4467 3327 4521 multa
3354 4468 3563 4524 haheat:

270 4557 359 4610 καὶ
389 4560 561 4622 αὐλὰς
592 4558 904 4629 διαφόρους,
941 4559 1040 4612 καὶ
1081 4560 1330 4631 πρόθυρα
1373 4561 1565 4627 πολλὰ,
1599 4562 1694 4614 καὶ
1720 4565 1856 4616 ὲσω-

1967 4561 2240 4619 cubicula.
2278 4568 2333 4613 et
2363 4559 2535 4613 multa
2564 4557 2840 4613 vestibula
2887 4566 2943 4611 et
2992 4557 3154 4621 atria,
3193 4573 3258 4613 ac
3287 4558 3564 4613 interiora

269 4650 455 4721 τέρους
506 4652 710 4715 οἴκους,
764 4650 895 4704 ἔνθα
954 4653 1105 4722 μένει
1148 4654 1177 4706 6
1217 4652 1491 4723 βασιλεὺς,
1537 4655 1632 4707 καὶ
1661 4657 1694 4725 ή
1733 4672 1858 4726 πορ-

272 4744 435 4815 φύρα,
459 4747 557 4799 καὶ
588 4747 636 4798 οἱ
665 4744 932 4816 θησαυροὶ
962 4746 1283 4799 ἀπόκεινται
1302 4760 1316 4774 ⁸
1350 4746 1535 4799 λοιπὸν
1558 4748 1585 4800 6
1610 4748 1857 4819 εἰσερχό-

276 4850 431 4901 μενος
461 4840 544 4902 εἰς
568 4837 665 4901 τὰς
698 4837 970 4908 ὲξωτέρας
993 4837 1163 4897 αὐλὰς
1193 4838 1265 4908 μὴ
1290 4838 1508 4910 νομίσῃ,
1538 4840 1619 4893 ὅτι
1646 4841 1747 4911 ἤδη
1778 4843 1857 4904 εἰς

271 4927 393 4989 τοὺς
424 4929 733 4999 ἐσωτέρους
767 4928 950 4993 οἴκους
978 4925 1164 4999 ἦλθεν,
1195 4931 1328 4983 ὅπου
1362 4933 1393 5001 ἡ
1428 4931 1552 4996 δόξα
1577 4932 1669 4986 τοῦ
1700 4933 1855 5003 βασιο

272 5012 426 5082 λέως,
464 5020 561 5073 καὶ
591 5022 624 5091 ἡ
658 5020 933 5090 πορφύρα,
963 5023 1058 5074 καὶ
1079 5023 1125 5074 οἱ
1158 5022 1425 5094 θησαυροί
1445 5041 1462 5055 ’
1488 5024 1662 5089 οὕτως
1689 5026 1769 5089 είς
1797 5027 1858 5079 τὸ

275 5113 664 5181 πνευματικὸν,
716 5113 765 5164 οἱ
814 5112 1188 5182 νηστεύοντες,
1237 5115 1285 5166 οί
1346 5115 1773 5183 ἀγρυπνοῦντες,
1806 5116 1856 5168 οἱ

274 5197 563 5268 ψάλλοντες
589 5204 684 5257 καὶ
705 5204 1013 5274 εὐχόμενοι,
1048 5202 1122 5276 μὴ
1151 5204 1469 5274 νομίσωσιν,
1494 5207 1576 5260 ὅτι
1607 5207 1857 5275 εἰσῆλθον

275 5294 350 5355 εἰς
400 5296 500 5367 τὴν
546 5297 907 5362 κατάπαυσιν,
940 5297 1016 5360 ὡς
1059 5297 1116 5350 δὲ
1162 5298 1350 5367 ἀκμὴν
1383 5300 1463 5361 είς
1505 5300 1575 5353 τὰ
1606 5300 1854 5371 πρόθυρα

276 5384 368 5438 καὶ
395 5391 473 5451 εἰς
506 5391 605 5454 τὰς
626 5389 796 5452 αὐλὰς
825 5391 1182 5459 εἰσέρχονται,
1215 5389 1312 5460 οὐχ
1333 5391 1467 5443 ὅπου
1501 5393 1534 5462 ἡ
1572 5392 1851 5463 πορφύρα,

277 5478 367 5528 καὶ
391 5480 438 5532 οἱ
479 5481 764 5552 θησαυροί.
797 5484 911 5535 Ούκ
942 5482 1247 5549 ὀφείλουσιν
1277 5481 1369 5534 οὖν
1404 5481 1621 5551 ἀδελφοὶ
1654 5487 1718 5553 τῇ
1749 5484 1853 5549 ἔξω

279 5566 515 5644 πολιτείᾳ
544 5573 789 5643 θαρρεῖν,
814 5575 909 5625 καὶ
935 5573 1135 5641 λέγειν,
1169 5575 1252 5627 ὅτι
1280 5573 1411 5641 Elui
1440 5591 1525 5636 τις
1549 5591 1562 5603 ·
1597 5577 1645 5626 εί
1673 5576 1729 5626 δὲ
1758 5579 1852 5628 καὶ

277 5656 492 5727 χάριτος
530 5666 758 5735 μέτοχος
795 5664 1039 5733 γένηται,
1086 5665 1338 5735 οἰηθῆναι
1388 5666 1463 5728 ὡς
1503 5665 1848 5731 καταλαϐὼν,

281 5744 310 5812 ἢ
340 5754 620 5823 γενόμενος
650 5754 947 5824 ὲγγύτατος
972 5757 1065 5809 τοῦ
1089 5756 1354 5826 βασιλέως
1374 5774 1387 5788 ο
1424 5759 1606 5829 ἀκμὴν
1632 5759 1740 5829 γὰρ
1772 5762 1851 5822 είς

282 5843 398 5908 τνὺς
434 5848 727 5920 ὲξωτέρους
764 5848 943 5913 οἴκους
990 5849 1272 5921 διατρίϐει.
1312 5852 1424 5906 υύκ
1457 5852 1661 5922 ὀφείλει
1697 5855 1852 5922 ἐρευ-

1960 4648 2263 4711 conclavia,
2292 4646 2385 4700 ubi
2420 4646 2629 4700 residet
2660 4662 2778 4708 rex,
2813 4645 2905 4699 ubi
2937 4662 3188 4716 purpura
3214 4656 3275 4700 et
3301 4647 3552 4701 thesauri

1960 4749 2327 4812 reponuntur,
2355 4739 2557 4810 aliquis
2599 4740 2940 4793 exteriorum
2970 4748 3132 4794 tenus
3166 4742 3434 4794 atriorum
3467 4741 3559 4794 in-

1959 4834 2235 4906 grediens,
2264 4849 2332 4888 ne
2362 4840 2520 4902 putet
2574 4848 2633 4887 se
2660 4833 2772 4903 jam
2823 4831 2879 4885 in
2923 4832 3116 4886 intima
3143 4833 3298 4900 quasi
3332 4832 3551 4888 viscera

1960 4934 2239 4987 tantarum
2264 4925 2463 4981 aedium
2494 4933 2840 4995 penetrasse,
2861 4934 3026 4993 atque
3048 4924 3184 4978 adeo
3208 4933 3397 4980 tenere
3418 4940 3555 4995 apo.

1960 5020 2169 5081 thecas,
2207 5019 2263 5073 in
2306 5018 2512 5088 quibus
2548 5033 2678 5089 gaza
2726 5026 2781 5072 et
2807 5017 2981 5087 gloria
3028 5016 3189 5085 regis,
3219 5032 3467 5085 purpura
3493 5025 3561 5071 et,

1961 5110 2207 5166 thesauri
2246 5109 2641 5165 custodiuntur
2672 5125 2684 5159 :
2715 5108 2815 5171 sic,
2862 5108 2966 5162 ista
3000 5105 3235 5177 imagine
3286 5106 3353 5159 ad
3385 5107 3565 5177 spiri-r

1960 5204 2107 5257 tuale
2138 5202 2422 5273 negotium
2451 5200 2744 5260 translata,
2776 5214 2845 5253 ne
2875 5198 3431 5268 putentjejunantes,
3463 5197 3564 5251 vi-

1957 5294 2215 5364 gilantes,
2249 5293 2567 5364 psallentes,
2594 5299 2838 5354 orantes,
2877 5290 3197 5359 pervenisse
3243 5304 3301 5345 se
3333 5290 3442 5361 jam
3477 5289 3563 5343 ad‘,

1957 5388 2278 5443 fruitionem
2315 5385 2469 5456 pacis
2504 5398 2517 5436 ε
2558 5391 2751 5453 utpote
2798 5382 2890 5451 qui
2940 5382 3119 5437 adhuc
3183 5383 3237 5436 in
3272 5381 3563 5437 vestibula:

1957 5491 2169 5536 tantum
2202 5491 2259 5535 et
2295 5480 2474 5550 prima
2510 5476 2652 5530 atria
2698 5476 2931 5546 ingressi
2966 5484 3129 5537 sunt,
3176 5474 3423 5528 nondum
3454 5488 3551 5537 eo,

1958 5574 2051 5627 ubi
2082 5589 2348 5643 purpura,
2380 5572 2473 5625 ubi
2516 5570 2765 5626 thesauri
2792 5572 2999 5639 jacent.
3033 5568 3155 5621 Non
3212 5566 3418 5622 debent
3446 5567 3547 5637 igi-

1957 5676 2046 5720 tur
2076 5665 2275 5719 fratrcs
2328 5664 2592 5719 exteriori
2651 5662 3071 5717 conversatione
3134 5675 3196 5714 ac
3238 5659 3559 5729 \disciplinai

1955 5759 2054 5812 nili
2125 5772 2475 5828 magnopere,
2535 5771 2639 5810 nec
2697 5758 2762 5809 (le
2830 5770 2888 5809 se
2952 5764 3180 5824 propter
3259 5752 3408 5807 illam
3456 5753 3544 5807 di-

1954 5865 2080 5905 cere
2116 5868 2128 5903 :
2160 5850 2274 5921 Ego
2312 5865 2434 5905 sum
2490 5851 2725 5921 aliquis;
2778 5865 2900 5915 nec,
2953 5848 3117 5903 simul
3175 5864 3237 5904 ac
3268 5847 3561 5919 quispiam.
