3980 6446
438 359 542 426 831
1729 355 1788 416 S.
1831 356 2058 417 MACA]

2195 356 2516 419 JEGYPTII
3607 371 3700 434 8"?

439 477 673 548 gratiam
737 471 1105 543 adipiscitur,
1148 468 1494 540 pra-ﬁdentia
1557 467 1689 534 niti,
1720 469 1880 539 quasi
1925 470 2039 540 jam

2163 471 2241 540 ιᾷν
2289 471 2544 537 ἕκαστον,
2595 472 2646 525 εί
2692 464 2852 542 εὗρεν
2883 473 2942 526 ὲν
2969 474 3048 544 τῷ
3093 457 3397 547 ὀστρακίνῳ
3427 479 3601 534 σκεύει
3623 485 3704 537 τὶν

442 565 951 637 comprehenderit,
985 563 1210 633 autregi
1234 563 1306 616 sit
1331 562 1523 614 intime
1549 560 1840 626 admotus;
1874 561 2042 615 modo

2163 562 2440 632 λησαυρὸν.
2478 563 2510 635 ἢ
2547 563 2838 618 ἐνεδύσατο
2876 565 2976 637 τὴν
3003 569 3291 639 πορφύραν
3335 570 3431 623 τοῦ
3473 574 3706 645 Πνεῦμα-

442 659 592 712 enim
622 657 678 710 in
720 656 944 712 extimis
975 655 1246 710 duntaxat
1272 654 1457 707 adhuc
1489 653 1805 708 diversatur
1834 652 2040 707 aedium

2163 671 2254 720 τος,
2287 654 2318 726 ἦ
2358 647 2486 725 εὗρε
2530 656 2624 710 τὸν
2675 655 2919 724 βασιλέα,
2961 659 3055 712 καὶ
3093 661 3464 724 ἀνεπαύσατο,
3523 665 3584 718 Ἦ
3611 667 3709 738 γάρ

443 749 747 820 partibus:
786 762 891 802 nec
943 746 1205 801 convenit
1264 744 1502 800 scrutari
1565 759 2040 813 unumquemque,

2163 745 2289 816 [νυχὴ
2314 747 2536 818 τοιαύτη
2570 748 2748 800 ἐστίν·
2784 749 2897 819 ἔχει
2930 748 3092 819 βάθος
3119 769 3171 804 τι
3213 755 3310 806 καὶ
3346 755 3489 825 μέλη
3524 757 3682 812 πολλά

445 854 578 893 num
613 837 754 892 forte
784 838 1034 892 inveniat
1092 837 1147 890 in
1178 852 1306 890 vase
1358 835 1509 890 ﬁctili
1561 835 1908 900 thesaurum,
1946 845 2044 890 aut

2163 839 2241 889 ιαὶ
2271 836 2457 889 λοιπὸν
2498 839 2528 908 ἡ
2583 839 2829 909 ἁμαρτία
2869 842 3254 897 ἐπεισελθοῦσα
3300 846 3523 916 κατέχει
3560 849 3712 917 αὐτῆς,

447 932 658 1001 regiam
697 930 946 984 induerit
970 929 1212 997 Spiritus
1249 942 1573 997 purpuram.
1604 943 1673 980 an
1721 943 1905 998 regem
1958 929 2045 982 in-

2163 929 2240 982 ἱλα
2286 931 2356 983 τὰ
2410 931 2568 999 μέλη,
2621 934 2716 985 καὶ
2759 932 2829 986 τὰ
2882 935 3130 1003 νοήματα
3183 939 3280 1007 τῆς
3310 939 3562 1009 καρδίας.
3598 937 3714 993 Εἶτα

445 1023 688 1086 venerit,
723 1030 778 1076 et
797 1022 984 1090 quiete
1005 1021 1242 1073 fruatur.
1271 1019 1361 1073 Sic
1387 1019 1592 1088 quippe
1619 1028 1935 1089 comparata
1960 1027 2045 1074 est

2163 1023 2534 1094 ιπιζητοῦντος
2590 1025 2684 1078 τοῦ
2739 1026 3028 1098 ἀνθρώπου
3065 1029 3283 1098 ἔρχεται
3318 1032 3352 1100 ἠ
3387 1032 3546 1101 χάρις
3594 1034 3717 1104 πρὸς

448 1113 688 1167 hominis
717 1112 921 1175 anima,
958 1111 1124 1165 habet
1172 1109 1605 1179 profunditatem
1642 1111 1937 1180 quamdam
1983 1121 2044 1166 et

2163 1114 2327 1179 ιύτδν,
2385 1117 2478 1168 καὶ
2529 1117 2750 1187 κατέχει
2798 1118 2890 1172 δύο
2945 1119 3079 1190 μέλη
3134 1122 3231 1191 τῆς
3281 1122 3485 1192 ψυχῆς.
3535 1123 3593 1176 Ὃ
3635 1123 3718 1178 οὖν

448 1205 696 1258 membra
745 1204 893 1257 velut
928 1204 1188 1272 plurima.
1240 1202 1297 1256 ln
1330 1217 1452 1255 eam
1506 1217 1673 1271 porro
1721 1203 2043 1258 subintrans

2163 1209 2369 1274 ἱπειρος
2415 1208 2905 1280 παρακαλούμενος
2934 1213 2999 1282 τῇ
3049 1212 3252 1282 χάριτι,
3292 1213 3508 1283 νομίζει
3538 1216 3615 1268 ὅτι
3644 1216 3722 1268 ὲ).-

449 1305 767 1366 peccatum,
796 1306 994 1348 cuncta
1031 1295 1153 1363 ejus
1177 1303 1414 1363 occupat
1458 1294 1729 1358 membra,
1755 1303 1810 1349 et
1835 1295 2042 1365 cogita-

2163 1299 2314 1350 loDca.
2345 1303 2375 1367 ἠ
2415 1301 2574 1369 χάρις
2615 1301 2712 1352 ὅλα
2743 1301 2812 1353 τά
2845 1302 2980 1372 μέλη
3011 1305 3107 1373 τῆς
3137 1304 3315 1374 ψυχῆς
3352 1307 3605 1376 κατέσχε,
3636 1310 3719 1361 καὶ

450 1387 631 1441 tiones
659 1387 845 1440 cordis
872 1403 886 1450 ;
939 1385 1143 1440 deinde
1171 1401 1298 1440 cum
1342 1385 1509 1439 homo
1540 1385 1758 1454 quaarit,
1787 1386 1941 1439 venit
1973 1385 2040 1439 ad

2163 1388 2483 1460 ιξερριζώθη
2521 1392 2554 1460 η
2608 1391 2853 1462 ἁμαρτία
2877 1393 3048 1445 ὐότότε
3093 1393 3186 1446 οὖν
3259 1395 3514 1450 πλεῖστον
3571 1398 3718 1468 μέρος

451 1480 629 1548 ipsum
655 1477 849 1548 gratia,
877 1486 936 1531 et
959 1485 1196 1547 occupat
1236 1477 1347 1532 duo
1383 1477 1631 1532 membra
1689 1476 1904 1530 animae.
1939 1476 2044 1542 Qui

2163 1479 2250 1532 ὣπὸ
2293 1480 2392 1548 τῆς
2427 1479 2702 1550 ἁμαρτίας
2740 1483 3024 1550 κρατεῖται
3057 1484 3151 1534 καὶ
3183 1483 3242 1534 ἒν
3277 1484 3446 1554 μέρος
3489 1484 3591 1536 ὑπὸ
3631 1486 3719 1555 τῆς

449 1585 582 1640 ergo
617 1571 939 1640 inexpertus
981 1585 1188 1635 rerum,
1214 1570 1382 1624 sentit
1415 1570 1706 1640 appulsum
1733 1583 2044 1638 provocan-

2163 1570 2391 1640 (άριτος,
2433 1572 2528 1622 καὶ
2563 1570 2967 1624 ὑποκλέπτεται
3001 1574 3095 1625 καὶ
3131 1575 3232 1626 οὐκ
3258 1569 3404 1627 οἶδεν
3427 1590 3442 1605 ο
3478 1574 3590 1627 ἐστι
3623 1577 3720 1645 γὰρ

449 1665 520 1718 tis
563 1664 771 1734 gratiae,
816 1664 1084 1717 continuo
1115 1671 1293 1733 putet,
1323 1663 1470 1733 quod
1523 1662 1828 1718 adveniens
1863 1661 2042 1732 gratia

2163 1664 2175 1730 π
2208 1660 2369 1729 χάρις
2401 1658 2663 1721 πολλάκις
2693 1659 2998 1729 ἐνεργοῦσα
3029 1660 3420 1726 ἀδιαλείπτως,
3449 1662 3510 1716 ὃν
3541 1665 3722 1734 τρόπον

448 1773 644 1813 omnes
685 1757 881 1810 animae
915 1766 1102 1825 partes
1129 1757 1509 1826 occupaverit,
1536 1755 1811 1824 planeque
1839 1770 1904 1808 ac
1949 1770 2042 1808 ra-

2163 1757 2170 1804 ι
2200 1751 2477 1821 ὀφθαλμὸς
2509 1751 2568 1804 ἐν
2596 1751 2675 1821 τῷ
2722 1751 2937 1820 σώματι
2967 1753 3284 1823 πέπρακται
3307 1770 3322 1784 ο
3353 1755 3463 1822 ξκαὶ
3498 1755 3723 1826 ἁμαρτία

451 1851 663 1907 dicitus
688 1850 1058 1920 exstirpatum
1091 1851 1162 1904 sit
1201 1859 1523 1920 peccatum;
1556 1865 1681 1904 cum
1712 1859 1891 1904 tamen
1926 1851 2044 1919 ple-

2163 1845 2402 1898 σύνεστιν
2433 1844 2848 1898 ὑποκλέπτουσα
2882 1845 2975 1898 τὸν
3015 1846 3136 1899 νοῦν
3157 1862 3173 1878 '
3219 1848 3317 1900 καὶ
3347 1850 3376 1900 6
3410 1848 3723 1918 ἀδιάκριτος.

454 1958 626 2012 raque
680 1942 862 1996 adhuc
893 1942 1092 1996 animae
1127 1943 1377 1997 membra
1410 1958 1606 1997 revera
1635 1958 1665 1996 a
1694 1949 1920 2012 peccato
1951 1941 2050 1996 de-

2163 1941 2224 2002 ἶις
2257 1939 2360 2009 ἥδη
2386 1936 2733 2002 καταλαϐὼν,
2767 1938 2938 1991 οἴεταί
2972 1955 3025 1991 τι
3055 1940 3184 2011 περὶ
3213 1939 3384 1994 αὑτοῦ
3416 1941 3513 1993 καὶ
3546 1939 3726 2008 τυφοῦ-

457 2037 762 2100 tineantur,
803 2051 976 2088 unum
1018 2044 1230 2090 tantum
1269 2051 1335 2090 ex
1387 2034 1475 2090 his
1528 2034 1829 2104 quodpiam
1876 2032 2050 2104 gratia

2163 2048 2238 2084 ται
2273 2030 2346 2092 ὼς
2379 2028 2782 2100 ὲλευθερωθείς.
2825 2028 2937 2099 Ούχ
2966 2028 3142 2093 οὓτως
3175 2031 3285 2101 γάρ
3315 2033 3435 2084 ἐστι
3465 2031 3532 2083 τὰ
3565 2029 3728 2100 πράγ-

457 2127 814 2196 possidente;
853 2127 1136 2181 nesciente
1199 2127 1319 2196 ipso
1353 2125 1599 2189 homine,
1631 2133 1686 2178 et
1735 2125 1932 2194 supine
1979 2123 2053 2176 si—

2163 2139 2300 2192 ματα
2321 2137 2335 2150 ·
2369 2121 2552 2185 καθὼς
2573 2122 2682 2192 γὰρ
2716 2116 2890 2183 εἶπον,
2917 2121 3218 2193 ἐγκρυμμα
3247 2127 3399 2177 ποιεῖ
3425 2127 3453 2178 6
3481 2126 3725 2189 Σατανᾶς,

453 2228 621 2272 nente
639 2217 745 2271 sibi
780 2218 1010 2287 imponi.
1039 2218 1135 2272 Est
1157 2218 1304 2272 enim
1337 2217 1512 2286 gratia
1542 2216 1868 2284 plerumque
1895 2213 2052 2284 165

2163 2217 2231 2278 είς
2285 2213 2508 2284 καιροὺς
2559 2213 2634 2283 μὴ
2685 2213 2946 2282 ἐνεργῶν,
3007 2215 3094 2267 ἵνα
3142 2216 3347 2287 ποιήσῃ
3390 2217 3605 2285 νομίσαι
3646 2216 3726 2270 τὸν

456 2309 842 2365 indesinenter
896 2325 1154 2378 Operans,
1181 2309 1325 2362 sicut
1358 2308 1555 2362 oculus
1577 2307 1814 2384 ‘delixus
1844 2307 1899 2360 in
1927 2322 2051 2359 cor-

2163 2306 2464 2377 άνθρωπον,
2516 2305 2599 2358 ὅτι
2637 2305 2766 2375 Εἰμὶ
2799 2305 3039 2376 καθαρὶς
3080 2307 3173 2359 καὶ
3201 2305 3445 2366 τέλειοςο
3482 2307 3555 2376 μὴ
3587 2309 3613 2359 6
3639 2324 3725 2375 φυ-

454 2417 610 2470 pore.
633 2399 703 2456 Et
732 2410 1023 2471 peccatum
1058 2402 1253 2454 subest
1274 2407 1518 2454 mentem
1550 2399 1690 2452 clam
1718 2397 2048 2466 subripiens.

2163 2397 2328 2450 τεύων
2389 2396 2691 2466 ἀμπελῶνα
2752 2397 2956 2460 εὐθέως
3011 2397 3287 2467 λαμϐάνει
3344 2393 3649 2467 σταφυλὴν,
3697 2395 3725 2465 ἢ

455 2494 526 2548 Ει
557 2502 689 2547 tunc
713 2493 808 2562 qui
841 2493 1179 2549 discretione
1232 2501 1404 2556 caret,
1430 2499 1640 2545 temere
1673 2497 1968 2544 autumans
1989 2503 2048 2541 se

2163 2491 2392 2560 γεωργεῖ
2429 2484 2594 2552 οἶνον,
2633 2488 2726 2542 καὶ
2766 2489 2795 2540 6
2843 2488 3084 2558 σπείρων
3113 2487 3175 2540 τὸ
3210 2489 3442 2559 σπέρμα
3473 2490 3528 2540 ὲν
3560 2490 3621 2557 τῇ
3647 2489 3724 2555 τῇ.

454 2586 810 2656 perfectionis
870 2587 1087 2640 culmen
1140 2597 1355 2652 tenere,
1417 2584 1742 2640 intumescit
1788 2582 2052 2652 Opinione

2163 2584 2256 2653 ἤδη
2288 2581 2502 2651 ὲθέρισε
2545 2582 2638 2635 καὶ
2670 2580 2833 2633 ἔλαϐε
2867 2580 3136 2652 καρποὺς,
3183 2581 3282 2633 καὶ
3319 2580 3382 2633 τὸ
3411 2579 3726 2648 γεννώμενον

456 2677 567 2743 sui,
609 2677 770 2747 plene
793 2678 905 2749 jam
960 2693 1019 2732 se
1067 2678 1364 2732 liberatum
1395 2687 1616 2746 putans,
1648 2675 1796 2745 quod
1830 2689 1940 2727 non
1975 2673 2046 2726 ita

2163 2675 2370 2726 παιδίον
2403 2674 2606 2737 εὐθέως
2640 2673 2863 2727 δύναται
2911 2675 2992 2736 εἰς
3038 2674 3210 2743 ἄνδρα
3238 2673 3446 2728 τέλειον
3483 2672 3665 2736 ἐλθεῖν,
3697 2668 3724 2739 ἦ

454 2781 576 2836 est;
610 2769 688 2822 uti
721 2771 870 2823 enim
899 2769 1034 2834 dixi,
1074 2770 1262 2824 subest
1297 2769 1460 2823 dolus
1500 2769 1727 2822 latentis
1752 2767 1805 2819 in
1836 2765 2056 2819 insidiis

2163 2769 2592 2837 στρατευόμενος
2636 2767 2805 2839 τίρων
2836 2767 2936 2838 ἤδη
2965 2767 3181 2836 ἐγένετο
3203 2766 3605 2837 ἀξιωματικόςς
3636 2763 3726 2834 χρὴ

457 2861 706 2927 Satanae;
743 2861 1040 2931 aliquando
1086 2861 1224 2914 nihil
1259 2876 1318 2915 se
1355 2860 1650 2924 moventis,
1699 2868 1759 2914 ut
1793 2857 2054 2913 credatur

2163 2857 2264 2930 γὰρ
2293 2857 2455 2911 αὐτὸν
2484 2858 2700 2928 πρῶτον
2728 2861 3012 2924 κοπιάσαι,
3043 2859 3136 2911 καὶ
3165 2859 3482 2917 εἰσελθόντα
3515 2856 3726 2926 πόλεμον

455 2952 674 3018 abesse,
703 2968 767 3007 ac
791 2953 872 3007 sic
922 2952 1141 3006 noxiam
1191 2952 1450 3007 fiduciam
1490 2953 1780 3023 ingeneret
1819 2952 2053 3016 homini,

2163 2949 2346 3003 λαϐεῖν
2378 2949 2448 3002 τὰ
2472 2950 2767 3020 νικητήρια
2804 2951 2896 3002 καὶ
2928 2951 3370 3020 στεφανωθῆναι.

456 3045 595 3100 falso
643 3045 934 3099 arbitranti
993 3061 1194 3114 purum
1247 3061 1306 3100 se
1374 3062 1439 3100 ac
1490 3046 1798 3115 perfectum
1850 3060 1993 3100 esse.
2054 3043 2221 3114 Atqui
2262 3059 2441 3114 neque
2495 3043 2752 3112 plantans
2799 3043 3017 3097 vineam
3076 3044 3263 3099 statim
3323 3060 3394 3101 ex
3468 3058 3533 3099 ea
3588 3055 3725 3097 uvam

458 3146 734 3192 maturam
805 3143 902 3188 aut
948 3135 1138 3191 vinum
1185 3137 1350 3207 legit;
1402 3154 1580 3208 neque
1631 3137 1914 3192 seminans
1945 3137 2187 3190 triticum
2254 3137 2308 3191 in
2356 3145 2526 3202 terra,
2588 3138 2783 3190 eodem
2817 3145 3330 3208 tempore-segetes
3356 3139 3532 3202 metit,
3554 3146 3607 3192 et
3631 3136 3729 3190 fru‘

457 3240 581 3284 ctus
621 3231 798 3300 capit;
835 3246 1017 3301 neque
1051 3230 1216 3283 modo
1252 3238 1413 3283 natus
1457 3243 1597 3298 puer
1649 3228 1836 3282 subito
1867 3236 2047 3296 potest
2087 3227 2142 3280 in
2169 3227 2349 3281 virum
2373 3225 2694 3280 adolescere
2731 3243 2744 3278 :
2787 3241 2890 3281 nec
2962 3227 3175 3283 militiae
3207 3229 3386 3298 prima
3443 3229 3727 3284 rudimenta

457 3336 670 3392 ponens
703 3323 829 3388 tiro,
861 3324 972 3392 jam
1003 3320 1352 3391 praefecturis
1401 3318 1736 3374 militaribus
1768 3328 1930 3388 aptus
1955 3319 2213 3389 gerendis
2248 3327 2373 3374 est:
2411 3327 2634 3390 oportet
2683 3319 2834 3374 enim
2912 3319 3062 3374 hunc
3118 3322 3366 3390 primum
3433 3323 3586 3392 longa
3644 3330 3727 3388 pa-

459 3413 655 3471 tientia
713 3418 1029 3472 insuescere
1074 3413 1290 3480 labori;
1343 3421 1456 3466 tum
1485 3412 1628 3467 facta
1653 3430 1850 3486 pugnae
1888 3415 2044 3485 copia
2079 3413 2298 3468 fortiter
2359 3411 2417 3466 in
2474 3427 2669 3482 campo
2709 3420 2877 3476 stare,
2906 3413 3242 3483 vincereque
3286 3415 3502 3470 hostem
3549 3428 3609 3468 ac
3649 3427 3727 3466 co-

459 3507 674 3562 ronari.

529 3597 646 3652 XII.
688 3598 940 3652 Pulchrae
969 3597 1136 3669 igitur
1163 3607 1220 3654 et
1248 3599 1409 3653 bona:
1432 3613 1524 3654 res
1549 3607 1702 3665 sunt,
1729 3599 1917 3670 inopia
1951 3615 2040 3655 vo

2225 3598 2325 3653 lB'.
2364 3596 2544 3650 Καλὸν
2583 3596 2676 3650 οὖν
2724 3599 2875 3653 ἐστιν
2915 3601 2948 3670 ἠ
2985 3601 3346 3674 άκτημοσύνη
3379 3604 3472 3658 καὶ
3507 3605 3538 3674 ἡ
3571 3600 3724 3670 ψαλμ-

458 3690 700 3744 luntaria
725 3731 738 3756 ,
768 3692 1076 3760 psalinodia
1102 3732 1116 3756 ,
1149 3692 1425 3762 jejunium
1451 3733 1464 3755 ,
1509 3693 1713 3763 vigiliae
1733 3734 1746 3758 ,
1789 3703 1847 3748 et
1883 3695 2056 3763 gratia

2163 3689 2312 3759 ῳδία,
2344 3691 2439 3742 καὶ
2467 3690 2500 3759 ὴ
2529 3689 2754 3758 νηστεία
2805 3691 2899 3743 καὶ
2929 3692 2962 3761 ὴ
2997 3693 3298 3762 ἀγρυπνία,
3355 3697 3450 3748 καὶ
3477 3693 3537 3746 τὸ
3563 3691 3722 3746 λαϐεῖν

458 3782 668 3852 potiri;
719 3781 816 3836 sed
869 3797 1063 3852 parum
1117 3793 1352 3852 prosunt.
1398 3784 1489 3849 ei,
1533 3786 1627 3854 qui
1663 3784 1950 3849 nondum,
1999 3793 2058 3840 ut

2163 3780 2320 3850 χάριν
2363 3779 2498 3832 Θεοῦ
2521 3795 2534 3809 ·
2588 3782 2616 3832 6
2657 3780 2713 3832 δὲ
2757 3781 2941 3851 ἀκμὴν
2969 3781 3124 3835 οὔπω
3162 3783 3370 3855 ἤρξατο
3405 3785 3480 3848 ὼς
3511 3784 3587 3836 δεῖ
3606 3781 3722 3836 σκά-

458 3882 804 3944 oportuerat,
835 3873 1005 3942 erepit
1036 3872 1250 3938 fodere,
1279 3875 1375 3928 ubi
1409 3874 1830 3929 fundamentum
1867 3883 2056 3944 ponat.

2163 3889 2317 3926 πτειν
2357 3873 2452 3926 καὶ
2489 3872 2699 3926 τιθέναι
2733 3872 3004 3943 θεμέλιον.
3056 3877 3166 3929 Καὶ
3195 3879 3252 3930 ὲν
3283 3878 3539 3940 τοιούτοις
3570 3877 3596 3929 6
3619 3871 3722 3935 νοῦς

457 3964 572 4021 Nec
598 3981 656 4020 se
685 3965 866 4036 decipi
896 3981 1054 4020 mens
1101 3966 1157 4019 in
1192 3980 1261 4020 eo
1297 3967 1575 4035 patiatur,
1612 3975 1898 4035 utcunque
1931 3980 2058 4036 gra-

2163 3965 2238 4018 δεῖ
2265 3963 2632 4032 ἀνεπίληπτος
2656 3960 2795 4017 εἶναι
2829 3965 3058 4037 μέτοχος
3075 3969 3302 4039 χάριτος
3326 3986 3342 4002 ⁸
3372 3970 3554 4023 λοιπὸν
3574 3967 3723 4020 οίετσι

462 4056 551 4110 tite
571 4056 848 4126 particeps
870 4073 885 4121 ;
909 4065 1004 4110 aut
1026 4056 1153 4110 inde
1173 4057 1277 4111 sibi
1299 4058 1576 4122 aduletur,
1597 4059 1896 4127 pretiosam
1915 4055 2058 4110 testi-

2163 4055 2286 4124 περὶ
2315 4052 2503 4118 αὐτοῦ,
2541 4055 2636 4106 καὶ
2666 4053 2780 4124 ἔχει
2810 4056 2998 4125 τιμίαν
3043 4059 3144 4126 τὴν
3172 4059 3376 4132 ψυχήν.
3423 4056 3722 4125 Ἀπόϐλεψον

462 4163 622 4202 mans
674 4163 830 4202 suam
886 4150 1148 4202 animam.
1185 4147 1436 4223 .liespice
1487 4149 1788 4212 inlesum,
1833 4163 1864 4202 a
1909 4146 2058 4216 quali

2163 4147 2240 4210 εἰς
2270 4145 2363 4200 τὸν
2400 4144 2626 4216 Ἰησοῦν,
2663 4147 2772 4199 ἀπὸ
2800 4147 2960 4210 ποίας
2990 4147 3148 4216 δόξης
3177 4149 3308 4215 Υἱὸς
3335 4151 3466 4205 Θεοῦ
3497 4151 3585 4205 καὶ
3611 4147 3722 4209 Θείς

461 4241 634 4311 gloria
667 4241 764 4294 Dei
792 4240 985 4304 Filius,
1016 4241 1162 4294 Deus
1193 4239 1311 4310 ipse
1337 4281 1353 4306 ,
1388 4241 1444 4294 in
1481 4256 1620 4310 quas
1650 4241 1938 4310 passiones
1968 4253 2058 4293 us-

2163 4236 2258 4303 ὣν,
2291 4239 2371 4301 εἰς
2399 4241 2530 4291 ποῖα
2563 4237 2710 4310 πάθη
2747 4239 2844 4292 καὶ
2875 4240 3186 4312 σταύρωσιν
3226 4239 3381 4314 ἦλθε.
3413 4244 3510 4297 Διά
3542 4239 3719 4307 ταύτην

464 4347 573 4400 que
597 4331 665 4384 ad
697 4331 1118 4386 crucifixionem
1152 4330 1338 4386 venit?
1369 4333 1605 4401 Propter
1630 4333 1774 4386 hanc
1803 4347 1934 4402 ergo
1955 4330 2058 4385 hu-

2163 4329 2253 4384 οὖν
2294 4329 2392 4400 τὴν
2444 4330 2953 4403 ταπεινοφροσύνην
3001 4335 3339 4406 ὑπερυψώθη
3367 4340 3424 4390 ὲν
3465 4333 3606 4404 δεξιᾷ
3641 4327 3719 4382 τοῦ

2163 4421 2379 4490 Πατρὸς
2411 4419 2734 4484 καθεσθείςο
2783 4422 2879 4475 καὶ⁵
2914 4423 2943 4476 ό
2977 4422 3104 4493 ὄφις
3149 4425 3210 4490 ἐξ
3249 4428 3423 4498 ἀρχῆς
3451 4426 3717 4488 ὑπέσπειρε

2159 4511 2239 4582 τῷ
2283 4511 2450 4583 Ἀδὰμ
2478 4512 2710 4583 ὕψωμα,
2757 4513 2840 4568 ὅτι
2885 4515 2982 4580 Ὧς
3028 4517 3174 4584 Θεὸς
3217 4519 3385 4590 γίνῃ·
3419 4517 3508 4571 διὰ
3545 4513 3718 4578 ταύτης

2162 4609 2259 4678 τῆς
2309 4608 2764 4680 ὑψηλοφροσύνης
2810 4607 2953 4675 εἶδες
2999 4613 3094 4667 οὖν
3151 4617 3231 4679 εἰς
3279 4615 3468 4670 ὁποίαν
3520 4607 3716 4679 ἀτιμίαν

467 4419 759 4473 utilitatem
801 4420 1076 4474 exaltatus
1117 4428 1224 4485 est,
1262 4419 1317 4472 in
1345 4419 1576 4474 dextera
1615 4419 1798 4474 Patris
1839 4418 2057 4473 sedens.

463 4513 536 4566 At
561 4526 794 4580 serpens
818 4527 848 4564 a
877 4512 1157 4582 principio
1184 4510 1388 4566 insevit
1425 4511 1669 4578 Adamo,
1715 4511 2063 4567 exaltationis

461 4617 708 4659 amorem
736 4618 1037 4672 suggerens
1066 4621 1078 4656 :
1105 4603 1275 4658 Erilis
1305 4604 1437 4657 sicut
1463 4603 1554 4658 Dii
1580 4605 1624 4669 ’,
1658 4619 1758 4673 per
1779 4603 1938 4658 istam
1964 4619 2063 4658 au-

467 4708 579 4753 tem
605 4697 1012 4751 all'ectationem
1045 4698 1424 4762 sublimitatis,
1455 4697 1612 4752 vides
1637 4698 1694 4752 in
1717 4713 1880 4767 quam
1903 4697 2062 4767 igno-

462 4789 692 4844 miniam
743 4788 1038 4844 descendit
1085 4806 1262 4861 genus
1302 4791 1629 4844 humanum.
1683 4789 1826 4844 Sane
1875 4805 2062 4859 qner

463 4882 744 4938 hominem
802 4899 1105 4954 pauperem
1157 4883 1380 4953 spiritu,
1432 4898 1536 4937 nec
1590 4882 1835 4936 invenio.
1889 4882 1962 4938 Ut
2017 4883 2062 4937 si

461 4975 588 5044 quis
618 4975 833 5032 habens
862 4977 1180 5032 reconditos
1210 4977 1359 5032 domi
1391 4977 1699 5043 thesauros,
1731 4986 1912 5032 tamen
1941 4979 2052 5032 cir-
2091 4957 2136 5014 Ι)

463 5075 683 5120 cumeat
715 5067 1039 5123 mendicans
1062 5077 1119 5123 et
1149 5068 1220 5122 ab
1253 5068 1513 5123 omnibus
1544 5077 1739 5138 petens
1771 5085 1784 5122 :
1815 5068 1895 5123 sic
1924 5078 2052 5122 sunt

462 5154 765 5210 Christiani
793 5159 980 5227 gratia:
1024 5160 1370 5229 possessione
1419 5159 1563 5230 apud
1614 5159 1788 5214 Deum
1829 5159 2051 5225 divites,

465 5246 662 5301 humili
692 5247 777 5302 sui
811 5249 1175 5305 aastimatione
1204 5267 1492 5322 pauperes,
1517 5259 1573 5306 et
1601 5251 1758 5321 quasi
1791 5251 1930 5306 nihil
1953 5251 2054 5306 ha-

465 5338 680 5394 bentes.
731 5341 1015 5396 Debentur
1041 5345 1206 5398 alicui
1233 5354 1457 5400 centum
1497 5347 1619 5400 auri
1659 5345 1852 5410 librze;
1892 5343 1938 5398 si
1968 5344 2057 5400 ille

466 5433 713 5505 quinque
746 5436 987 5505 acceptis
1018 5437 1088 5491 sit
1111 5445 1427 5502 contentus,
1458 5453 1562 5490 nec
1588 5437 1734 5490 ultra
1755 5437 2058 5506 quidquam

466 5532 713 5593 quierat;
751 5542 820 5580 an
849 5536 972 5598 aget
998 5527 1315 5596 sapienter?
1343 5528 1505 5597 Pejus
1531 5528 1697 5583 etiam
1726 5528 1829 5583 sibi
1862 5543 2061 5584 consu-

468 5613 588 5670 lunt
618 5617 866 5686 quidam,
917 5620 1224 5685 habentes,
1263 5628 1322 5674 ut
1360 5620 1441 5674 sic
1480 5620 1694 5687 dicam,
1735 5615 1931 5676 decem
1959 5637 2060 5674 un-

542 5789 563 5819 ο
604 5787 740 5841 Gen.
783 5806 859 5856 ιιι,
895 5793 944 5846 5.

2163 4698 2403 4769 κατῆλθε
2423 4699 2484 4752 τὸ
2511 4699 2669 4768 γένος
2700 4700 2795 4754 τοῦ
2839 4701 3030 4774 Ἀδάμ.
3073 4704 3350 4776 Ἐπιζητῶ
3372 4705 3435 4776 δὴ
3463 4701 3716 4772 ἄνθρωπον

2167 4790 2388 4860 πτωχὸν
2414 4790 2494 4861 τῷ
2529 4792 2827 4862 πνεύματι,
2854 4795 2948 4846 καὶ
2991 4795 3090 4864 οὐχ
3137 4797 3379 4867 εὑρίσκω
3403 4813 3416 4826 ·
3445 4795 3620 4860 ὥσπερ
3646 4786 3716 4838 ἵνα

2163 4878 2197 4952 ᾖ
2221 4899 2303 4943 τις
2336 4880 2592 4945 πλούσιος
2615 4881 2753 4952 έχων
2776 4885 2835 4936 ὲν
2853 4884 2931 4955 τῷ
2952 4885 3086 4956 οἴκῳ
3105 4886 3270 4940 αὐτοῦ
3305 4884 3618 4958 θησαυροὺς,
3640 4874 3717 4927 καὶ

2162 4970 2196 5047 ᾗ
2232 4974 2604 5043 ἐπιδεόμενος,
2633 4977 2728 5028 καὶ
2767 4978 2984 5047 πτωχὸς
3026 4977 3123 5032 καὶ
3154 4980 3302 5050 παρὰ
3331 4980 3541 5033 πάντων
3576 4967 3713 5039 ζητῇο

2169 5067 2360 5130 Οὕτως
2395 5068 2505 5120 εἰσὶ
2554 5069 2872 5137 Χριστιανοὶ
2914 5070 3130 5140 ἔχοντες
3178 5073 3358 5143 χάριν,
3395 5067 3622 5122 πλούσιοι
3649 5060 3715 5118 εἰς

2161 5158 2313 5221 Θεὸν,
2349 5159 2554 5228 πτωχοί
2603 5161 2709 5211 εἰσι
2743 5160 2822 5230 τῷ
2872 5161 3162 5233 πνεύματι,
3204 5163 3280 5226 ὡς
3311 5163 3474 5234 μηδὲν
3496 5159 3712 5227 ἔχοντες·

2164 5250 2272 5302 εἰσὶ
2315 5250 2452 5320 πρὸς
2506 5250 2663 5318 λόγον
2710 5253 2906 5305 ἑκατὸν
2945 5252 3124 5324 λίτραι
3177 5254 3399 5324 χρυσίου
3430 5251 3492 5310 ﬁ,-
3536 5238 3712 5312 ὀφείλει

2166 5344 2512 5414 κτήσασθαι·
2548 5347 2577 5398 ό
2626 5345 2809 5401 λαϐὼν
2858 5348 3020 5402 πέντε
3067 5349 3254 5420 λίτρας
3305 5342 3576 5417 ἐκορέσθη.
3609 5327 3712 5387 Em

2163 5437 2224 5490 δέ
2251 5454 2396 5499 τινες
2423 5437 2562 5508 πρὸς
2594 5437 2752 5506 λόγον
2799 5439 2932 5492 δέκα
2961 5441 3185 5510 ούγκίας
3214 5442 3420 5511 ἔχοντες
3450 5434 3541 5503 τῆς
3570 5424 3707 5497 χάρι-

2164 5547 2280 5592 τος,
2311 5531 2406 5584 καὶ
2460 5531 2706 5585 ποιοῦσιν
2750 5533 2922 5595 αὐτάς
2978 5535 3195 5598 ἑκατὸν,
3241 5532 3584 5604 καυχώμενοι.
3614 5511 3706 5570 Καὶ

2164 5623 2273 5676 εἰσὶ
2309 5623 2574 5689 πολλάκις
2607 5625 2764 5680 πέντε
2801 5627 3031 5694 οῦγκίας
3073 5627 3289 5698 ἔχοντες
3313 5628 3406 5696 τῆς
3441 5611 3701 5692 ἁμαρτίας.
