3980 6438
196 388 288 450 833

194 501 278 554 xui
316 496 554 552 ποιοῦσιν
629 495 801 560 αὐτὰς
861 496 1162 566 ήμιούγκια

194 588 548 660 συμϐαίνει,ἣ
586 588 709 642 κατ’
736 587 983 656 ἄγνοιαν,
1017 589 1098 641 ὃτι
1149 591 1208 643 ἐν
1264 589 1401 661 αὑτῇ
1448 591 1513 660 τῇ
1572 591 1759 660 χάριτι

193 681 640 750 ὑποκλεπτόμενοι
687 679 788 733 οὐκ
836 680 1061 733 οἴδασιν.
1095 680 1167 732 ’Ἡ
1227 680 1372 733 κατὰ
1429 679 1756 747 κενοδοξίαν,

193 773 553 843 αἰσχυνόμενοι
598 773 773 825 εἰπεῖν
822 772 903 824 ὃτι
957 773 1172 840 ἐνεργεῖ
1197 772 1259 824 τὸ
1292 772 1492 826 κακόν·
1526 774 1625 843 ἤδη
1651 772 1761 843 γὰρ

194 861 540 933 κηρύττουσιν
581 855 723 913 εἶναι
772 861 1000 922 ἑαυτοὺς
1038 859 1296 922 τελείους.
1332 860 1406 914 Τὸ
1456 859 1512 913 δὲ
1553 860 1762 914 δίκαιον

192 954 266 1006 δεῖ
310 955 480 1005 ποιεῖν
529 953 622 1005 καὶ
673 951 854 1020 λέγειν
899 951 992 1004 τὸν
1041 951 1364 1023 ἄνθρωπονο
1399 951 1494 1004 καὶ
1547 951 1618 1005 τά
1665 953 1763 1022 τῆς

193 1045 400 1114 χάριτος
433 1040 732 1114 ὁμολογεῖν,
763 1043 857 1096 καὶ
885 1043 984 1114 τήν
1017 1043 1302 1114 ἐνέργειαν
1333 1043 1436 1116 τῆς
1461 1043 1762 1115 ἁμαρτίας.

196 1138 448 1191 Ψεύδεται
501 1136 610 1208 γὰρ
643 1139 670 1190 6
701 1135 943 1200 τοιοῦτος
990 1135 1245 1207 καθαρὰν
1275 1135 1449 1204 λέγων
1493 1136 1637 1207 ἔχειν
1665 1137 1767 1209 τὴν

196 1231 410 1304 καρδίαν
431 1248 442 1259 ·
477 1231 574 1299 οὐχ
603 1227 776 1292 οὕτως
798 1229 908 1299 γάρ
939 1229 1148 1282 ἐστιτὰ
1181 1231 1508 1299 πράγματα,
1536 1229 1611 1293 ὡς
1645 1229 1764 1299 ἅμα

196 1326 284 1396 τὴν
314 1323 471 1395 χάριν
521 1322 860 1393 ἐπιδημῆσαι
911 1323 1012 1392 ἤδη
1071 1323 1309 1393 καθαρὸν
1359 1322 1618 1391 γενέσθαι
1673 1324 1766 1376 τὸν

197 1417 499 1486 ἄνθρωπον·
542 1414 935 1485 παραδέδονται
993 1415 1103 1484 γὰρ
1158 1415 1272 1477 τοῖς
1334 1414 1616 1483 πολεμίοις
1671 1416 1768 1469 καὶ

197 1513 296 1573 τοῖς
340 1507 718 1578 πειρατηρίοις
752 1508 833 1570 είς
875 1505 1183 1578 γυμνασίαν
1249 1507 1345 1560 καὶ
1376 1506 1674 1570 παίδευσιν,
1708 1507 1767 1560 ὃν

197 1602 380 1672 τρόπον
430 1600 523 1652 καὶ
561 1601 589 1652 6
640 1597 760 1650 Ἰὼϐ
807 1595 886 1668 τῷ
931 1595 1243 1668 πειρασμῷ.
1288 1595 1550 1664 Συνεργεῖ
1575 1596 1683 1668 γὰρ
1706 1594 1769 1648 τὸ

200 1691 351 1744 κακδν
396 1690 475 1761 τῷ
518 1688 732 1758 ἀγαθῷ,
768 1688 1087 1761 προαιρέσει
1115 1689 1176 1742 οὺ
1209 1687 1348 1758 καλῇ
1374 1704 1388 1717 ·
1419 1687 1510 1740 τὸν
1543 1687 1599 1741 δὲ
1637 1689 1770 1758 Χρι-

200 1785 397 1837 στιανὸν
441 1783 526 1836 δεῖ
583 1783 746 1834 πέντε
805 1782 1034 1847 οὑγκεας
1081 1781 1180 1850 τῆς
1232 1779 1506 1850 ἁμαρτίας
1554 1778 1765 1850 ἔχοντα,

197 1875 392 1944 λέγειν,
440 1876 522 1929 ὅτι
566 1875 784 1927 Εἴκοσιν
811 1873 938 1944 ἔχω,
961 1873 1052 1926 καὶ
1080 1871 1509 1945 πεπληρωμένος
1531 1873 1649 1942 είμὶ
1673 1872 1767 1924 τοῦ

203 1969 376 2024 κακοῦ.
413 1969 527 2021 Καὶ
561 1969 754 2038 ἔχοντα
799 1969 936 2036 πρὸς
993 1966 1150 2033 λόγον
1189 1966 1419 2034 οὐγκίας
1463 1966 1635 2019 εἴκοσι
1674 1964 1768 2019 τοῦ

197 2060 406 2130 ἀγαθοῦ,
473 2061 688 2128 λέγειν,
736 2061 818 2112 ὅτι
875 2059 1226 2129 Ὴμιούγκιον
1267 2059 1395 2130 ἔχω.
1427 2060 1492 2112 Ei
1528 2059 1586 2112 δέ
1613 2058 1772 2112 τοῦτο

199 2155 322 2206 κατὰ
353 2151 663 2216 κενοδοξίαν
713 2151 1026 2221 αἰσχύνεται
1061 2153 1263 2216 εἰπεῖν,
1301 2151 1362 2206 τὸ
1406 2151 1612 2206 δίκαιον
1642 2150 1772 2220 γοῦν

199 2245 407 2298 εἰπάτω.
448 2244 880 2315 Ὁμολογησάτω
929 2245 1028 2313 μὲν
1082 2245 1176 2298 καὶ
1212 2244 1311 2316 τήν
1359 2245 1644 2316 ἐνέργειαν
1673 2244 1773 2314 τῆς

199 2339 438 2410 χάριτος·
508 2338 909 2408 ὁμολογησάτω
971 2338 1028 2391 δὲ
1092 2339 1186 2392 καὶ
1236 2338 1333 2410 τὴν
1387 2339 1663 2410 ἁμαρτίαν
1716 2341 1775 2392 ἐν

201 2430 362 2500 μέρει.
404 2429 610 2494 Καθὼς
666 2429 758 2484 οὖν
809 2433 1073 2502 προεῖπον
1120 2433 1251 2502 περὶ
1302 2434 1401 2503 τῆς
1451 2432 1652 2501 ψυχῆς,
1693 2432 1774 2485 ὅτι

199 2517 298 2587 ἔχει
354 2519 544 2590 βάθος,
615 2521 975 2590 ὑποδείγμασι
1037 2519 1301 2591 χρώμεθα
1374 2521 1776 2592 διαγράφοντας

201 2611 352 2683 αὐτῆς
396 2613 462 2666 τὰ
523 2611 685 2684 μέλη.
721 2614 931 2684 Ὥσπερ
971 2611 1057 2666 ἵνα
1179 2614 1352 2684 ἥλιος,
1399 2614 1496 2667 καὶ
1536 2609 1670 2667 ὦσιν
1716 2614 1776 2678 ἐξ

201 2703 348 2757 αὑτοῦ
392 2705 619 2766 ἀκτῖνες
645 2704 870 2758 πολλαί·
911 2704 943 2772 ἢ
981 2704 1068 2759 ἵνα
1171 2703 1387 2776 δένδρον
1419 2706 1645 2776 ὑψηλὸν,
1681 2709 1776 2759 καὶ

200 2795 284 2868 ἔχῃ
312 2797 542 2859 κλάδους
568 2811 579 2824 ·
620 2795 652 2866 ἦ
686 2796 770 2848 ἵνα
871 2795 1025 2857 πόλις
1055 2796 1289 2865 μεγάλη,
1328 2797 1423 2849 καὶ
1465 2797 1560 2865 ἔχη
1595 2795 1768 2863 γείτο-

200 2905 284 2951 νας
307 2889 500 2952 πολλάς
532 2904 547 2918 ·
584 2887 755 2950 οὕτως
787 2887 933 2939 ἐστὶν
962 2887 996 2958 ή
1031 2885 1196 2956 νοερὰ
1227 2886 1404 2953 οὐσία,
1438 2889 1472 2958 ἡ
1511 2887 1775 2950 ἀθάνατος

201 2980 350 3050 ψυχή,
376 2981 582 3042 κάλλος
613 2979 792 3048 τίμιον
821 2979 963 3049 ὑπὲρ
999 2979 1177 3033 πάντα
1202 2979 1269 3032 τὰ
1295 2979 1775 3050 δημιουργήματα,

200 3070 345 3123 εἰκὼν
392 3072 485 3124 καὶ
546 3071 797 3140 ὁμοίωμα
828 3070 984 3124 Θεοῦ.
1018 3070 1218 3124 Λοιπζν
1251 3070 1483 3124 ἐλθοῦσα
1515 3072 1545 3139 ή
1581 3071 1740 3141 χάρις
1761 3113 1776 3137 ,

1258 380 1492 442 LIBER
1531 383 1628 443 DE
1666 380 2042 442 CUSTODIA
2080 381 2376 442 GOBDIS.

1261 495 1420 549 τοῦτο
1466 497 1523 549 δὲ
1573 497 1758 558 αὐτοῖς

1882 495 1973 550 tias
2009 497 2232 566 gratiae;
2267 506 2324 553 et
2359 511 2454 552 eas
2497 512 2638 552 vano
2667 507 2880 554 tumore
2907 497 3254 570 gloriationis
3299 499 3450 558 falsae

1863 588 1920 641 in
1942 596 2164 642 centum
2183 588 2617 658 multiplicantes
2640 607 2653 642 :
2681 604 2712 645 e
2741 590 3021 645 contrario
3049 606 3183 646 vero
3202 592 3454 662 plerum-

1863 694 1971 749 que
2001 679 2256 733 nonnulli
2285 678 2557 736 habentes
2589 682 2834 751 quinque
2862 683 3056 738 uncias
3087 686 3325 754 peccati,
3358 703 3455 743 cas

1862 766 1922 819 in
1955 767 2321 822 scmiunciam
2375 779 2698 825 extenuant.
2734 770 2792 825 Id
2831 771 2965 841 ipsis
3001 775 3206 831 accidit
3237 776 3325 829 vel
3355 793 3458 846 per

1795 1841 1844 1900 B

3341 384 3450 450 83L

1865 858 2254 928 ignorantiam,
2291 860 2438 929 quod
2472 861 2740 931 quantula
2766 862 2878 917 sint
2905 863 3168 934 impertiti
3196 875 3458 923 mensura

1865 949 2055 1020 gratiae
2096 966 2165 1006 ex
2197 967 2330 1006 vero
2373 968 2485 1005 non
2521 963 2768 1019 norunt,
2806 950 2896 1010 vel
2941 971 3041 1025 per
3078 974 3232 1013 vanae
3267 957 3459 1029 gloriae

1866 1042 2191 1112 appetitum,
2235 1058 2346 1098 non
2386 1044 2726 1101 sustinentes
2759 1046 2942 1114 fateri,
2971 1065 3141 1118 quam
3172 1050 3228 1105 in
3264 1066 3322 1106 se
3357 1050 3458 1107 ei-

1866 1133 2182 1204 pcriuntur,
2211 1135 2591 1204 operationem
2627 1136 2780 1191 mali.
2815 1138 2936 1194 Jam
2971 1141 3121 1195 enim
3151 1143 3461 1211 praedicant

1866 1241 1925 1282 se
1958 1224 2251 1295 perfectos.
2280 1225 2510 1296 Oportet
2546 1237 2731 1284 autem
2773 1237 2830 1284 et
2865 1229 2982 1284 fieri
3014 1238 3070 1286 et
3114 1232 3224 1287 dici
3256 1234 3325 1288 ab
3358 1233 3460 1289 ho-

1867 1319 2016 1374 mine
2037 1319 2187 1390 quod
2218 1320 2427 1391 justum
2455 1328 2539 1376 est
2562 1338 2576 1388 ;
2598 1329 2655 1375 et
2677 1323 2866 1392 gratiae
2880 1338 3044 1394 quam
3063 1325 3284 1396 accipit,
3314 1315 3459 1383 dona

1868 1409 2154 1480 proﬁteri;
2184 1417 2240 1466 et
2273 1429 2383 1468 non
2415 1411 2787 1478 dissimulare,
2843 1432 3007 1486 quam
3041 1419 3211 1473 sentit
3243 1418 3301 1474 in
3335 1408 3466 1476 εεεὲ

1869 1504 2080 1572 peccati
2110 1504 2508 1573 operationem.
2542 1505 2804 1561 Mentitur
2845 1507 3050 1578 quippe
3089 1510 3212 1565 talis
3255 1526 3459 1581 purum

1869 1594 2024 1649 aiens
2059 1609 2118 1649 se
2164 1595 2372 1651 habere
2406 1612 2536 1662 cor;
2572 1596 2721 1652 haud
2769 1598 2915 1653 enim
2955 1599 3015 1654 in
3047 1599 3197 1656 hunc
3231 1602 3459 1657 modum

1871 1700 1930 1740 se
1984 1701 2073 1740 res
2127 1685 2371 1753 habent;
2435 1688 2595 1757 quasi
2654 1688 2723 1742 ad
2769 1689 3004 1758 primam
3056 1692 3245 1746 statim
3288 1692 3459 1749 adve-

1872 1779 2117 1834 nientem
2147 1779 2376 1850 gratiam
2411 1796 2587 1850 purus
2612 1781 2764 1836 omni
2789 1798 2858 1837 ex
2881 1791 3038 1853 parte
3068 1784 3235 1840 homo
3262 1785 3462 1842 redda-

1875 1878 2000 1924 tur:
2037 1869 2275 1924 traditur
2307 1869 2512 1941 quippe
2536 1871 2812 1940 hostibus,
2836 1873 3110 1929 ethorunt
3138 1877 3468 1932 tentationi-s

1873 1961 1979 2017 bus
2012 1962 2313 2032 exponitur
2355 1964 2425 2018 ad
2467 1951 2923 2020 exercitationem
2966 1975 3023 2022 et
3069 1966 3463 2038 disciplinam:

1873 2055 2155 2126 quomodo
2195 2055 2299 2111 Job
2335 2055 2636 2110 tentatione
2671 2056 2938 2126 probatus
2975 2065 3078 2112 est.
3121 2054 3468 2128 Cooperatur

1874 2151 2078 2221 quippe
2099 2160 2157 2204 et
2177 2150 2381 2204 malum
2416 2150 2585 2214 bono,
2613 2148 2924 2204 intentione
2953 2165 3067 2205 non
3107 2150 3272 2206 bona.
3305 2149 3471 2206 Chri-

1874 2244 2112 2298 stianum
2130 2258 2261 2296 vero
2276 2243 2536 2296 convenit
2553 2241 2798 2311 quinque
2816 2241 3008 2296 uncias
3029 2244 3241 2312 peccati
3260 2243 3472 2299 haben-

1877 2343 2007 2397 tem,
2037 2333 2224 2389 dicere
2248 2331 2594 2387 humiliando
2620 2346 2679 2386 se
2705 2351 2721 2386 -.
2749 2332 2943 2402 viginti
2968 2331 3160 2388 uncias
3185 2332 3382 2397 habeo,
3411 2343 3471 2389 et:

1877 2426 2074 2496 plenus
2102 2439 2223 2478 sum
2259 2423 2550 2494 iniquitate
2581 2439 2593 2476 :
2631 2423 2930 2478 habentem
2977 2429 3186 2488 autem,
3231 2426 3471 2493 exempli

1878 2532 2064 2578 causa,
2089 2517 2282 2571 uncias
2301 2516 2497 2586 viginti
2529 2516 2814 2580 bonitatis,
2847 2515 3034 2570 dicere
3062 2533 3076 2569 :
3107 2515 3202 2569 vix
3228 2515 3360 2570 boni
3382 2532 3472 2571 se-

1879 2609 2157 2664 munciam
2218 2609 2417 2665 habeo.
2471 2608 2529 2662 Si
2571 2617 2756 2663 autem
2797 2609 2904 2663 hoc
2948 2608 3154 2675 dicere,
3207 2609 3278 2664 ob
3317 2623 3474 2664 vana:

1877 2703 2065 2773 gloria:
2089 2702 2358 2767 studium,
2390 2701 2672 2756 erubescit
2698 2719 2712 2766 ;
2751 2701 2946 2756 saltem
2975 2701 3122 2771 quod
3145 2703 3356 2772 justum
3387 2711 3475 2758 est

1879 2795 2146 2866 proferat,
2185 2795 2536 2866 fateaturque
2563 2806 2679 2851 tum
2711 2795 2846 2865 quid
2876 2795 2931 2849 in
2958 2811 3016 2850 se
3052 2807 3312 2865 operetur
3344 2812 3472 2866 gra-

1882 2890 1956 2943 tia
1979 2927 1992 2950 ,
2029 2897 2141 2942 tum
2191 2889 2323 2959 quid
2353 2905 2422 2943 ex
2450 2896 2607 2958 parte
2641 2889 2814 2942 altera
2845 2896 3133 2958 peccatum
3187 2889 3471 2944 moliatur.

1881 2980 2000 3034 Jam
2030 2979 2178 3034 circa
2204 2980 2258 3034 id
2285 2979 2432 3050 quod
2460 2979 2573 3033 dixi
2599 2979 2668 3034 de
2694 2980 2897 3047 anima,
2935 2981 3116 3035 inesse
3138 2980 3216 3034 illi
3242 2981 3476 3050 profun-

1883 3071 2112 3126 ditatem
2135 3071 2492 3131 latebrosam,
2516 3070 3020 3139 cxcmplisutcmur
3041 3070 3480 3140 membraipsius

200 3162 268 3227 εἰς
306 3164 394 3216 δύο
431 3165 668 3226 ἀκτῖνας
707 3163 804 3231 τῆς
850 3162 1026 3233 ψυχῆς
1072 3162 1374 3231 ἐπιλάμπει
1398 3179 1409 3190 ’
1438 3163 1469 3230 ἢ
1502 3163 1608 3215 ἀπὸ
1655 3164 1776 3216 ὅλου

1885 3159 2282 3216 describentes.
2331 3157 2812 3225 Quemadmodum
2844 3158 2993 3212 enim
3037 3165 3100 3213 ut
3140 3157 3220 3212 sol
3266 3166 3370 3218 est,
3405 3157 3478 3211 ita

197 3256 280 3310 τοῦ
317 3257 544 3328 δένδρου
595 3256 674 3317 εἰς
727 3253 952 3318 κλάδους
998 3253 1130 3317 δύο,
1199 3255 1230 3324 ἢ
1293 3255 1401 3307 ἀπὸ
1451 3253 1631 3324 πάσης
1680 3255 1780 3326 τῆς

198 3351 386 3415 πόλεως
417 3355 493 3415 εἰς
542 3347 636 3401 δύο
665 3347 976 3415 γειτωνίας.
1019 3349 1143 3401 Ἔτι
1178 3347 1236 3400 δέ
1280 3348 1348 3400 τὰ
1377 3347 1602 3400 πλείονα
1639 3348 1778 3418 μέρη

198 3444 284 3514 τῆς
305 3444 476 3515 ψυχῆς
512 3441 820 3512 -κατὲχεται
851 3440 960 3493 ἀπὸ
989 3441 1088 3507 τῆς
1115 3439 1421 3510 ἁμαρτίας·
1450 3441 1544 3493 καὶ
1571 3439 1780 3508 νομίζει

201 3533 270 3586 ’ὁτι
300 3533 391 3605 ὅλη
419 3534 484 3586 δι’
510 3530 672 3592 ιόλου,
697 3528 792 3582 τοῦ
835 3527 1043 3597 ἀγαθοῦ
1077 3530 1280 3598 μέρους
1318 3529 1412 3582 καὶ
1441 3531 1538 3600 τῆς
1563 3530 1782 3600 χάριτος

210 3625 292 3677 καὶ
324 3625 420 3694 τῆς
443 3623 842 3695 λαμπρότητος
872 3621 1064 3689 γέγονε
1090 3638 1102 3651 ·
1141 3621 1273 3692 πρὸς
1321 3621 1479 3688 λόγον
1519 3622 1682 3676 πέντε
1712 3622 1786 3673 λί·

211 3733 329 3785 τρας
356 3718 586 3788 χρυσίου
615 3716 979 3784 κτησάμενος,
1008 3713 1156 3766 δοκεῖ
1186 3713 1334 3782 αὑτῷ
1364 3716 1445 3767 ὅτι
1474 3714 1667 3767 ἑκατὸν
1705 3714 1785 3766 λί-

211 3825 329 3878 τρας
355 3811 656 3880 ἐκτήσατο·
693 3807 768 3878 μή
797 3808 856 3860 τὸ
884 3806 1124 3876 ἔμϐρυον
1157 3807 1214 3859 ἐν
1241 3807 1307 3876 τῇ
1341 3807 1526 3876 μήτρα
1559 3807 1662 3877 ἤδη
1688 3807 1781 3873 γέ-

211 3917 350 3966 γονεν
381 3902 705 3972 άνθρωπος;
735 3899 768 3969 ἢ
804 3900 886 3953 ὅτι
919 3898 1032 3961 θεὶς
1063 3898 1159 3951 ἕνα
1188 3896 1334 3950 λίθον
1365 3896 1460 3950 τοῦ
1507 3897 1783 3968 θεμελίου,

211 3992 297 4063 ’ήδη
331 3993 615 4046 ἐτελείωσε
648 3991 708 4043 τὸ
740 3990 1116 4060 οἰκοδόμημα;
1148 3989 1181 4060 ἢ
1213 3991 1241 4043 6
1273 3989 1473 4058 σπόρος
1496 3990 1524 4041 ὁ
1553 3989 1786 4058 χωσθεὶς

210 4078 292 4131 ἐπὶ
322 4081 418 4151 τῆς
464 4081 598 4151 γῆς,
645 4079 747 4148 ήδη
799 4078 1018 4146 ἐγένετο
1078 4080 1312 4148 στάχυς;
1369 4079 1443 4148 μὴ
1471 4080 1499 4130 6
1528 4094 1791 4148 πραγμα-

211 4171 480 4241 τευόμενος
509 4172 633 4243 ἅμα
670 4167 765 4223 τοῦ
811 4169 1078 4241 ἄρξασθαι
1108 4171 1208 4239 τῆς
1240 4169 1649 4241 πραγματείας,
1684 4171 1787 4240 ’ήδη

210 4262 480 4334 ἐπλήρωσε
509 4264 615 4335 τὴν
643 4261 927 4332 ἀποθήκην
951 4278 966 4326 ;
993 4263 1086 4314 καὶ
1109 4263 1138 4314 6
1176 4261 1418 4332 μετέχων
1446 4263 1666 4332 χάριτος
1697 4280 1788 4332 μι-

211 4357 359 4424 κρᾶς,
409 4357 564 4428 παρὰ
621 4353 780 4407 τοῦτο
831 4354 1028 4422 γέγογε
1096 4354 1454 4424 lignum/6;;
1507 4354 1690 4424 ἀκμὴν
1740 4355 1791 4406 οί

210 4445 403 4514 πρῶτοι
450 4449 546 4499 καὶ
597 4445 648 4497 οἱ
701 4443 926 4514 μεγάλοι
951 4443 1123 4506 οὕτως
1144 4443 1252 4495 εἰσὶ
1283 4443 1420 4513 πρὸς
1450 4443 1789 4513 τελειότητα,

1885 3261 2016 3308 sunt
2048 3269 2116 3308 ex
2147 3255 2266 3322 ipso
2300 3251 2489 3322 plures
2521 3250 2700 3317 radii;
2737 3258 2799 3304 ut
2829 3250 2994 3305 arbor
3023 3250 3134 3304 alta
3173 3257 3291 3313 est,
3323 3248 3398 3302 ita
3425 3256 3482 3302 et

1886 3362 2070 3402 ramos
2101 3347 2305 3413 habet;
2341 3355 2399 3402 ut
2420 3347 2618 3402 civitas
2653 3362 2848 3418 magna
2879 3355 2964 3400 est
2993 3353 3050 3399 et
3079 3344 3289 3399 circum
3314 3342 3484 3397 habet

1890 3439 2050 3510 166
2085 3441 2251 3493 urbes
2281 3442 2522 3495 multas:
2558 3441 2638 3494 sic
2670 3450 2753 3494 est
2790 3439 3184 3493 intellectualis
3219 3436 3482 3493 substan-

1888 3531 1983 3594 tia,
2019 3531 2344 3586 immortalis
2389 3533 2594 3598 anima,
2635 3531 2992 3600 pulchritudo
3032 3530 3276 3599 pretiosa
3313 3545 3484 3598 super

1886 3637 2080 3676 omnes
2104 3630 2409 3686 creaturas,
2433 3622 2611 3692 imago
2633 3631 2689 3676 et
2711 3621 3070 3676 simulacrum
3091 3621 3185 3674 Dei
3208 3637 3223 3685 ;
3258 3619 3315 3672 in
3337 3619 3486 3673 hanc

1887 3712 2117 3767 veniens
2144 3711 2322 3781 gratia
2348 3713 2569 3766 duobus
2591 3713 2641 3766 ei
2673 3711 2849 3766 radiis
2872 3711 3120 3780 aﬂ'ulget,
3143 3718 3240 3764 aut
3263 3725 3332 3762 ex
3357 3710 3486 3762 uni-

1886 3819 2045 3858 versa
2072 3805 2295 3866 arbore,
2321 3803 2462 3858 duos
2487 3802 2762 3856 illuminat
2792 3817 2998 3866 ramos,
3029 3809 3126 3854 aut
3154 3799 3317 3854 binas
3344 3798 3486 3852 dun-

1889 3904 2036 3950 taxat
2065 3910 2131 3948 ex
2153 3894 2412 3949 universa
2441 3893 2725 3963 provincia
2755 3893 2922 3947 urbes
2962 3891 3272 3963 ingreditur
3297 3908 3309 3944 :
3335 3891 3484 3960 quod

1889 3986 2183 4056 allegorice
2213 3985 2487 4056 significat
2533 4000 2700 4040 unam
2737 3993 2946 4039 tantum
2999 3994 3056 4039 et
3094 3985 3324 4039 alteram
3361 3984 3486 4037 ani-

1890 4103 1992 4142 ma:
2022 4087 2328 4157 potentiam
2375 4087 2551 4158 gratia
2586 4086 2866 4156 contingi,
2917 4087 3099 4141 adhuc
3139 4101 3273 4140 vero
3316 4084 3489 4155 pluri-

1892 4200 2008 4238 mas
2052 4185 2172 4253 ejus
2199 4182 2355 4251 quasi
2404 4181 2656 4237 membro
2691 4191 2919 4251 peccato
2957 4180 3154 4235 teneri.
3192 4180 3488 4249 Utcunque

1891 4286 2140 4333 autumet
2179 4292 2238 4331 se
2283 4285 2452 4330 totam
2482 4292 2550 4332 ex
2582 4283 2700 4330 toto
2732 4275 2996 4330 transisse
3028 4274 3083 4328 in
3119 4281 3336 4343 partem
3365 4288 3488 4328 me-

1893 4369 2110 4432 liorem,
2154 4379 2210 4421 et
2262 4368 2318 4420 in
2363 4367 2602 4422 solidum
2643 4384 2675 4420 a
2705 4366 2881 4437 gratia
2921 4366 3218 4436 possideri,
3267 4374 3327 4419 et
3368 4365 3488 4435 ejus

1897 4461 2064 4515 radiis
2112 4459 2439 4528 splendere;
2475 4473 2771 4528 perperam
2807 4458 3100 4513 subductis
3148 4456 3484 4522 rationibus;

211 4535 276 4597 ὡς
307 4539 333 4589 6
363 4537 710 4607 ὸςρςςικιάλιος
769 4536 906 4606 πρὸς
937 4534 1215 4605 ἡγεμόναο
1245 4534 1278 4604 ἢ
1313 4534 1388 4596 ὡς
1430 4534 1566 4604 ρὐξ
1599 4536 1778 4604 μικρὸς

1905 4552 1980 4606 ita
2014 4559 2075 4604 ut
2094 4564 2220 4604 cum
2242 4549 2331 4603 vix
2355 4550 2605 4619 quiaque
2637 4548 2810 4602 libras
2831 4548 2951 4602 auri
2977 4563 3107 4602 vere
3133 4547 3355 4612 habeat,
3382 4546 3489 4601 sibi

211 4629 337 4698 πρὸς
381 4631 681 4700 Εὐφράτην
717 4628 986 4697 ποταμόν.
1027 4629 1087 4679 Ὀ
1140 4625 1279 4696 ἔχων
1331 4627 1589 4700 πρόθεσιν
1619 4629 1790 4680 ἀπελι

211 4716 314 4772 θεῖν
349 4723 425 4784 εἰς
460 4721 620 4774 πόλιν
655 4721 876 4789 μακρὰν
906 4717 1202 4789 τριάκοντα
1233 4717 1432 4786 μονῶν,
1457 4717 1550 4770 δύο
1577 4719 1609 4788 ἢ
1643 4723 1791 4788 τρεῖς

211 4812 296 4865 ἐὰν
335 4815 575 4885 ἀπέλθῃ,
610 4813 684 4884 μὴ
730 4813 928 4882 νομίσῃ
965 4814 1047 4865 ὅτι
1081 4811 1334 4880 εἰσῆλθεν
1366 4813 1446 4874 εἰς
1469 4811 1566 4881 τὴν
1602 4811 1753 4863 πόλιν
1775 4829 1789 4842 ·

211 4906 390 4978 ἐπειδὴ
432 4904 528 4960 οὖν
574 4908 607 4976 ἡ
656 4903 874 4958 ἐναντία
926 4905 1155 4974 δύναμις
1190 4905 1566 4974 προτρεπτική
1621 4904 1789 4966 ἐστιν,

210 4998 697 5069 οὐκάναγκαστική
725 5013 738 5028 °
773 4997 867 5050 καὶ
915 4996 1036 5050 θεία
1069 4997 1230 5066 χάρις
1264 4997 1640 5067 προτρεπτική
1677 4998 1793 5049 ἐστι

211 5091 292 5145 διὰ
321 5095 380 5147 τὸ
408 5092 759 5156 αὐτεξούσιον
787 5094 880 5145 καὶ
908 5091 1052 5144 λιτὸν
1081 5091 1179 5159 τῆς
1216 5091 1453 5159 φύσεως,
1485 5090 1669 5142 λοιπὸν
1702 5090 1796 5142 ἐὰν

212 5185 406 5254 ποιήσῃ
458 5184 606 5237 κακὰ
645 5184 672 5235 6
721 5181 1005 5253 ἄνθρωπος
1053 5181 1498 5250 προτρεπόμενος
1553 5180 1657 5232 ὑπὸ
1704 5179 1795 5232 τοῦ

213 5272 440 5338 Σατανᾶ,
495 5276 559 5328 οὑ
620 5275 867 5345 κρίνεται
926 5273 1041 5327 ἀντ’
1081 5271 1302 5327 αὑτοῦὀ
1361 5273 1640 5334 Σατανᾶς·
1679 5273 1794 5325 ἀλλ’

212 5363 365 5428 αὐτὸς
425 5367 455 5418 6
504 5366 793 5436 ἄνθρωπος
850 5364 1174 5434 τιμωρεῖται
1222 5361 1316 5415 καὶ
1371 5361 1684 5426 κολάζεται,
1719 5363 1793 5426 ὡς

215 5454 447 5526 ὑπήκοος
476 5456 718 5525 γεγονὼς
742 5456 840 5526 τῆς
871 5457 1069 5518 κακίας
1100 5454 1215 5524 ἰδίῳ
1237 5453 1520 5524 θελήματι.
1564 5456 1793 5525 Ὁμοίως

210 5549 300 5602 καὶ
348 5549 445 5604 ἐάν
483 5553 672 5622 τραπῇ
699 5553 727 5604 6
754 5549 1046 5620 ἄνθρωπος
1079 5551 1159 5611 είς
1204 5547 1265 5600 τὸ
1297 5546 1527 5615 ἀγαθὸν,
1564 5549 1660 5601 καὶ
1697 5566 1793 5601 πε-

214 5643 472 5710 ριγένοιτο
501 5643 665 5717 χάρις
686 5641 846 5709 Θεοῦ,
871 5645 974 5697 οὐκ
1022 5643 1320 5712 ἐπιγράφει
1347 5641 1406 5694 τὸ
1432 5640 1634 5710 ἀγαθὸν
1667 5642 1793 5694 ἑαυ-

210 5737 270 5803 τῇ
298 5738 329 5807 ή
357 5736 519 5807 χάρις
553 5774 571 5799 ,
604 5737 720 5792 ἀλλ’
753 5735 1069 5798 ξάποδίδωσι
1107 5735 1186 5807 τῷ
1216 5735 1489 5806 ἀνθρώπῳ
1513 5724 1606 5787 καὶ
1631 5734 1789 5799 δοξά-

213 5822 284 5884 ζει
319 5828 480 5881 uitri»
501 5844 514 5858 ·
545 5826 734 5897 ἐπειδὴ
763 5826 942 5898 ἐαυτῷ
982 5827 1190 5895 ἐγίνετο
1230 5827 1257 5879 6
1290 5828 1576 5897 ἅνθρωπος
1613 5826 1786 5890 αἴτιος

464 5921 745 5983 ΡΑτιιοι..
788 5920 906 5981 Gn.
950 5918 1221 5982 XXXIV.

1894 4651 2076 4695 tamen
2100 4638 2430 4709 persuadeat
2453 4656 2564 4693 non
2597 4638 2781 4692 minus
2807 4638 2965 4692 libris
2984 4646 3208 4692 centum
3233 4652 3290 4692 se
3315 4637 3492 4706 possi-

1893 4732 2046 4786 dere.
2075 4731 2158 4785 An
2187 4729 2334 4784 fetus
2366 4729 2550 4784 adhuc
2579 4728 2832 4783 informis
2883 4729 2940 4783 in
2968 4740 3151 4794 utero,
3187 4730 3354 4783 homo
3377 4729 3490 4797 jam

1895 4822 2173 4893 perfectus
2201 4823 2330 4877 est?
2365 4821 2562 4891 Anqui
2591 4837 2766 4875 unum
2799 4820 2853 4873 in
2887 4820 3308 4875 fundamentum
3345 4818 3489 4887 lapi-

1896 4916 2020 4971 dem
2071 4915 2205 4986 jecit
2231 4957 2246 4980 ,
2282 4917 2391 4986 jam
2446 4915 2682 4984 perfecit
2716 4913 3051 4968 aedificium?
3081 4923 3267 4967 utrum
3304 4927 3494 4966 semen

1898 5008 2052 5063 sulco
2083 5007 2378 5076 ingestum,
2416 5007 2528 5075 jam
2561 5005 2712 5074 spica
2742 5004 2867 5058 est?
2900 5003 3043 5058 Num
3069 5011 3364 5066 mercator,
3396 5003 3494 5071 qui

1896 5099 2060 5153 modo
2111 5098 2304 5168 incipit
2357 5098 2651 5166 negotiari,
2709 5095 2943 5165 replevit
2993 5095 3104 5164 jam
3155 5095 3498 5164 apothecas?

1896 5193 2013 5245 Non
2043 5205 2173 5244 sane
2207 5190 2402 5258 magis,
2429 5189 2524 5257 qui
2557 5188 2749 5257 primae
2783 5188 2974 5258 gratim
3003 5188 3285 5257 particeps
3308 5196 3392 5241 est
3419 5186 3499 5239 fu-

1899 5293 2041 5344 ctus.
2077 5285 2188 5352 jam
2218 5281 2571 5336 Christianus
2602 5287 2709 5333 cst.
2761 5278 2926 5347 Atqui
2953 5277 3128 5346 primi-
3150 5276 3252 5346 ipsi
3285 5291 3348 5330 ac
3380 5290 3498 5329 ma—

1904 5373 1994 5445 gni
2025 5374 2105 5428 sic
2135 5388 2193 5428 sc
2223 5373 2289 5426 ad
2322 5371 2720 5441 perfectionem
2762 5370 2973 5423 habent
2998 5409 3012 5428 .
3067 5376 3125 5422 ut
3155 5368 3405 5422 minister
3431 5365 3520 5420 ad‘

1900 5467 2341 5535 imperatorem,
2393 5471 2455 5514 ut
2494 5461 2709 5514 rivulus
2759 5460 2827 5514 ad
2877 5461 3198 5528 Euphraten
3248 5457 3500 5512 fluvium.

1907 5557 2129 5611 llabens
2158 5553 2503 5625 propositum
2541 5553 2593 5606 in
2628 5553 2822 5608 urbem
2844 5553 3011 5607 eundi
3042 5551 3262 5622 triginta
3284 5551 3503 5604 dierum

1906 5648 2110 5714 itinere
2141 5645 2434 5711 dissitam;
2473 5660 2541 5698 ne
2577 5645 2670 5699 ubi
2715 5643 2946 5698 biduum
2991 5651 3086 5696 aut
3119 5641 3364 5696 triduum
3402 5642 3504 5696 vise

1897 5736 2216 5807 peregerit,
2250 5736 2362 5805 jam
2396 5749 2454 5790 se
2503 5743 2660 5804 putet
2708 5735 3022 5805 ingressum
3071 5747 3192 5786 esse
3221 5733 3500 5787 civitatem

1899 5829 2066 5882 illam.
2095 5824 2365 5891 Quoniam
2397 5823 2564 5895 igitur
2588 5823 2900 5893 adversaria
2931 5829 3173 5893 potestas
3203 5821 3498 5890 instigare,

3102 5926 3168 5969 21'
