3980 6424
497 403 603 467 835

1748 399 1805 457 S.
1848 393 2167 457 MACARII
2211 390 2535 453 )EGYPTII
3636 397 3725 461 836

497 532 611 575 non
639 523 824 572 autem
863 513 1061 571 all‘erre
1090 512 1474 571 necessitatem
1496 518 1714 582 potest;
1742 509 1929 564 divina
1965 508 2093 561 item

2199 504 2292 556 τοῦ
2314 502 2523 569 ἀγαθοῦ
2547 519 2560 533 ι
2603 500 2778 571 αὐτῆς
2807 501 2917 573 γάρ
2947 502 3066 556 ἐστι
3095 502 3195 574 τῆς
3233 503 3439 572 φύσεως
3459 501 3625 571 οὗτοςο
3648 513 3728 564 καὶ

498 610 673 682 gratia
699 609 954 664 hortatur
973 648 987 673 ,
1019 614 1246 677 propter
1274 606 1360 661 sui
1395 613 1593 676 potens
1612 601 1906 656 arbitrium
1934 608 1989 655 et
2022 600 2089 652 li-

501 703 781 757 bertatem
826 700 1072 754 innatam
1114 708 1351 761 naturae;
1402 695 1587 765 itaque
1625 693 1670 748 si
1712 692 1854 746 mala
1898 689 2092 744 fecerit

501 790 670 845 homo
698 802 1001 859 persuasus
1028 801 1059 841 a
1086 784 1307 851 Satana,
1333 799 1443 839 non
1461 782 1742 854 iudicatur
1769 780 1891 834 vice
1918 778 2093 848 ipsius

503 874 754 940 Satanas,
782 872 881 927 sed
911 872 1029 942 ipse
1046 871 1213 925 homo
1240 871 1542 941 castigatur
1575 883 1639 923 ac
1667 867 1917 937 punitur,
1941 866 2091 935 quod

502 965 727 1020 malitiae
754 963 1025 1019 obediens
1052 961 1228 1017 factus
1253 962 1423 1016 fuerit
1442 977 1509 1015 ex
1538 959 1760 1030 propria
1781 961 2088 1014 voluntate.

504 1056 773 1113 Similiter
806 1054 854 1110 si
892 1062 1082 1123 vergat
1112 1054 1277 1107 homo
1310 1051 1378 1107 ad
1411 1052 1640 1116 bonum,
1665 1060 1721 1106 et
1748 1052 1935 1106 vincat
1954 1066 2092 1122 ‘gra-

506 1148 585 1204 tia
613 1148 747 1214 Dei;
778 1145 927 1201 haud
971 1145 1212 1200 ascribat
1242 1143 1344 1214 ipsi
1374 1143 1477 1198 sibi
1509 1143 1719 1198 bonum
1748 1140 1962 1213 gratia;
1994 1141 2090 1197 sed

504 1238 764 1296 attribuit
798 1235 1007 1292 homini
1040 1242 1097 1291 et
1127 1234 1399 1306 gloriﬁcat
1430 1234 1649 1305 ipsum;
1690 1232 1953 1304 quoniam
1986 1232 2090 1288 sibi

505 1332 674 1387 homo
703 1345 870 1385 causa
899 1328 1033 1385 boni
1062 1326 1242 1383 factus
1270 1335 1392 1393 est;
1430 1327 1558 1382 talis
1578 1326 1726 1382 enim
1758 1325 1851 1380 hic
1879 1334 1964 1382 est
1994 1341 2094 1379 na-

504 1435 642 1481 tura:
667 1441 682 1490 ;
711 1437 823 1477 non
856 1428 1043 1476 autem
1077 1428 1140 1474 ut
1170 1419 1404 1473 veniens
1433 1410 1507 1472 ad
1550 1417 1729 1487 ipsum
1755 1417 1929 1488 gratia
1962 1415 2092 1487 liget

500 1517 623 1587 ejus
644 1512 1011 1575 voluntatem,
1047 1508 1347 1564 inducente
1386 1507 1771 1563 necessitatem
1803 1507 2088 1577 potentia;

501 1622 567 1662 ac
594 1606 662 1662 de
684 1612 885 1660 caetero
910 1602 1189 1658 volentem
1207 1600 1488 1655 nolentem
1519 1600 1700 1670 ipsum
1732 1599 2092 1655 immobiliter

499 1698 681 1769 alligat
708 1697 889 1760 bono;
924 1693 1022 1750 sed
1064 1691 1159 1747 dat
1200 1692 1383 1747 locum
1422 1690 1602 1745 libero
1626 1689 1891 1753 arbitrio,
1923 1692 2091 1747 etiam

502 1804 624 1845 cum
662 1787 742 1842 illi
767 1798 1012 1856 prasens
1030 1782 1190 1837 adest
1216 1781 1403 1836 divina
1423 1781 1510 1837 vis
1534 1799 1547 1835 :
1571 1788 1633 1835 ut
1656 1781 2088 1846 demonstretur,

2193 596 2291 665 οὐχ
2318 589 2430 648 οἷον
2470 594 2746 665 ἐρχομένη
2783 595 2816 664 ή
2848 595 3008 663 χάρις
3042 594 3179 665 πρὸς
3208 595 3368 648 αὐτὸν
3394 597 3726 673 ἀναγκαστικῇ

2192 683 2419 753 δυνάμει
2467 683 2664 752 δεσμεῖ
2704 682 2871 736 αὑτοῦ
2898 683 2958 735 τὸ
2984 682 3218 754 θέλημα,
3249 685 3342 737 καὶ
3370 684 3542 738 λοιπὸν
3568 688 3730 743 ἑκόντα

2194 776 2289 829 καὶ
2317 775 2524 829 ἄκοντα
2558 778 2704 828 ποιεῖ
2734 775 2896 829 αὐτὸν
2926 776 3201 846 ἄτρεπτον
3249 776 3471 845 ἀγαθοῦ,
3498 778 3620 832 ἀλλὰ
3644 798 3731 834 πα-

2198 869 2437 938 ραχωρεῖ
2457 866 2535 936 τῷ
2567 864 2906 938 αὖτεξουσίῳ
2930 868 3026 921 καὶ
3054 868 3288 924 συνοῦσα
3315 871 3347 941 ἡ
3377 869 3491 923 θεία
3518 871 3730 941 δύναμις,

2196 959 2283 1013 ἵνα
2313 958 2607 1030 ἀποδειχθῇ
2646 961 2705 1013 τὸ
2740 959 2953 1031 θέλημα
2983 960 3078 1015 τοῦ
3106 961 3411 1032 ἀνθρώπου,
3440 965 3486 1016 εί
3513 966 3633 1035 τιμᾷ
3653 966 3732 1035 τὴν

2192 1046 2368 1118 ψυχὴν
2395 1047 2428 1118 ἢ
2458 1047 2518 1100 οὐ
2548 1050 2683 1120 τιμᾷ
2706 1066 2721 1080 ο
2745 1051 2795 1103 εί
2824 1054 3108 1122 συμφωνεῖ
3140 1052 3174 1123 ἢ
3207 1054 3266 1105 οὐ
3308 1057 3603 1121 συμφωνεῖ’
3629 1056 3732 1107 πολ·

2198 1139 2281 1192 λοὶ
2316 1139 2426 1210 γὰρ
2463 1140 2733 1211 ἐτίμησαν
2781 1142 2877 1195 καὶ
2921 1142 3332 1213 συνεφώνησαν.
3372 1145 3547 1198 ’Λλλοι
3586 1146 3636 1197 δὲ
3663 1146 3733 1211 ἐξ-

2194 1234 2530 1304 ετράπησαν.
2572 1233 2734 1303 Λέγει
2763 1234 2872 1305 γὰρ
2914 1236 2942 1287 ὁ
2990 1235 3732 1305 Ἀπόστολος,Ἐναρξάμενοι

2200 1323 2494 1393 πνεύματι
2527 1338 2542 1353 ⁸
2573 1323 2692 1377 νῦν
2750 1324 2929 1391 σαρκὶ
2988 1324 3312 1380 ὲπιτελεῖτε
3334 1342 3349 1357 ·
3385 1330 3447 1397 τῇ
3474 1327 3574 1397 γὰρ
3606 1327 3734 1396 φύσει

2178 1414 2357 1483 ,νόμος
2410 1414 2472 1466 οὑ
2522 1415 2721 1478 κεῖται,
2774 1413 2911 1467 ἀλλὰ
2946 1417 3011 1486 τῇ
3064 1415 3399 1487 αὐτεξουσίῳ
3454 1418 3735 1487 προαιρέσει

2193 1505 2471 1578 δυναμένῃ
2520 1506 2799 1576 τραπῆναι
2839 1507 2935 1559 ἐπὶ
2980 1507 3041 1560 τὸ
3079 1508 3287 1577 ἀγαθὸν
3329 1509 3424 1561 καὶ
3480 1508 3539 1561 τὸ
3573 1509 3733 1561 κακόν.

2192 1597 2284 1651 Διὸ
2321 1597 2469 1666 λέγει
2512 1598 2541 1650 ὁ
2595 1597 2833 1668 Κύριος·
2883 1599 3010 1667 Πῦρ
3054 1595 3248 1669 ἦλθον
3294 1599 3513 1665 ,βαλεῖν
3536 1599 3738 1666 suum

2193 1687 2328 1760 γῆν,
2365 1688 2463 1742 καί
2495 1688 2771 1757 ἠθέλησα
2809 1691 2861 1743 εί
2890 1689 3007 1758 ἤδη
3043 1691 3305 1761 ἀνήφθη.
3337 1691 3489 1744 Θέλει
3516 1694 3541 1744 ὁ
3567 1690 3738 1760 Κύριος

2194 1782 2499 1852 ἀναφθῆναι
2526 1781 2587 1835 τὸ
2616 1780 2867 1851 οὐράνιον
2924 1780 3035 1852 πῦρ
3067 1783 3144 1844 εἰς
3165 1783 3265 1845 τὰς
3291 1783 3515 1853 καρδίας
3538 1782 3637 1835 τῶν
3660 1782 3736 1835 ἀν-

503 1887 692 1936 utrum
727 1853 972 1933 hominis
1001 1874 1256 1930 voluntas
1297 1874 1538 1929 animam
1575 1873 1630 1928 in
1654 1872 1834 1944 pretio
1857 1874 2085 1936 habeat,

2199 1871 2458 1943 θρώπων,
2506 1871 2601 1925 καὶ
2651 1872 2701 1924 οἱ
2755 1871 2856 1942 μὲν
2907 1871 3179 1938 θέλουσιν,
3234 1874 3285 1926 oi
3323 1874 3380 1926 δὲ
3408 1874 3466 1926 οὐ
3499 1872 3737 1926 θέλουσινο

500 1982 689 2025 annon
757 1964 1000 2030 habeat;
1078 1962 1409 2029 consentiat,
1489 1978 1674 2018 annon
1741 1962 2089 2017 consentiat?

500 2059 659 2115 Multi
696 2056 845 2113 enim
876 2059 935 2111 in
966 2054 1145 2126 pretio
1174 2053 1510 2119 habuerunt,
1550 2062 1608 2109 et
1646 2061 2088 2119 consenserunt;

2195 1963 2397 2033 ὁμοίως
2419 1962 2582 2017 πάλιν
2613 1962 2797 2031 λέγει’
2826 1963 3095 2030 Ποσάκις
3116 1964 3394 2033 ἠθέλησα
3414 1965 3741 2031 ἐπισυναγα-

2190 2053 2317 2123 γεῖν
2343 2050 2503 2121 ὑμᾶς
2526 2094 2541 2118 ,
2572 2053 2649 2118 ὠς
2677 2052 2842 2121 ὄρνις
2890 2052 2962 2106 τὰ
2994 2054 3216 2123 ἑαυτῆς
3262 2056 3504 2122 νοσσία,
3536 2054 3625 2108 καί
3651 2055 3742 2106 οὐκ

502 2152 599 2207 alii
642 2149 827 2206 aversi
872 2148 1178 2210 abierunt;
1212 2136 1349 2201 dicit
1390 2146 1539 2201 enim
1577 2145 1873 2215 Apostolus
1912 2162 1925 2200 :
1962 2144 2094 2201 Cum

2199 2144 2568 2211 ἠθελήσατε;
2594 2145 2727 2215 ὁρᾷς
2769 2144 2853 2199 ὅτι
2884 2146 2911 2199 ὁ
2932 2146 3141 2216 Κύριος
3179 2147 3324 2200 θέλει
3343 2164 3359 2179 °
3388 2149 3479 2201 καὶ
3505 2146 3568 2201 ait
3595 2148 3638 2200 οἱ
3665 2146 3739 2199 ᾶν-

500 2239 697 2310 spiritu
749 2237 1015 2308 ceperitis,
1062 2250 1224 2288 carne
1273 2234 1714 2287 consummamini
1763 2234 1829 2287 ¹⁸.
1874 2233 2095 2289 Natura".

503 2330 710 2401 quippe
737 2329 826 2383 lex
856 2324 966 2383 non
994 2335 1079 2381 est
1108 2324 1310 2395 posita,
1344 2325 1441 2380 sed
1476 2324 1563 2379 sui
1592 2324 1832 2395 compoti
1865 2324 2098 2380 arbitrio

2195 2234 2405 2304 θρωποι
2449 2236 2510 2289 οὐ
2560 2234 2775 2289 θέλουσι
2818 2238 3187 2308 προσεγγίσαι
3214 2239 3296 2310 τῷ
3328 2240 3529 2311 Κυρίῳ,
3559 2238 3643 2293 καὶ
3664 2238 3741 2289 εὖ·

2198 2328 2314 2397 ρεῖν
2339 2326 2507 2390 ἔλεος.

502 2432 560 2481 et
587 2420 882 2486 electioni,
913 2436 1035 2490 quae
1061 2419 1203 2474 verti
1227 2418 1295 2473 ad
1324 2418 1531 2472 bonum
1590 2426 1648 2472 et
1704 2418 1910 2472 malum
1951 2426 2152 2489 potest.
2196 2418 2493 2490 Propterea
2547 2420 2682 2477 dicit
2724 2422 2991 2478 Dominus
3024 2440 3037 2476 ε
3074 2422 3259 2493 Ignem
3304 2424 3422 2477 veni
3468 2424 3656 2476 mittere
3696 2421 3743 2473 in

504 2527 705 2571 terram
729 2554 745 2579 ,
790 2521 841 2567 et
889 2512 1016 2583 quid
1052 2510 1190 2576 volo,
1243 2512 1347 2564 nisi
1391 2518 1450 2563 ut
1493 2510 1817 2565 accendatur
1847 2510 1930 2565 “?
1970 2511 2101 2566 Vult
2134 2512 2399 2567 Dominus
2428 2512 2655 2568 accendi
2688 2514 2971 2569 ccelestem
3017 2515 3201 2587 ignem
3266 2516 3326 2570 in
3363 2514 3610 2570 cordibus
3658 2513 3742 2567 ho-

502 2606 756 2670 minum;
807 2603 1006 2659 horum
1069 2617 1205 2658 vero
1240 2601 1467 2672 quidam
1536 2601 1770 2667 volunt,
1837 2600 2060 2672 quidam
2107 2601 2324 2657 nolunt.
2374 2602 2645 2659 Similiter
2684 2620 2880 2662 rursus
2913 2605 3098 2661 dicit:
3142 2605 3359 2673 Quoties
3384 2606 3520 2660 volui
3558 2622 3743 2675 congre-

502 2719 631 2773 gare
669 2717 759 2757 vos
809 2709 867 2755 ut
911 2698 1119 2771 gallina
1162 2704 1448 2769 congregat
1493 2696 1668 2768 pullos
1711 2714 1857 2763 suos,
1910 2707 1961 2751 et
2008 2696 2249 2752 noluistis
2283 2697 2371 2751 “‘2
2437 2698 2606 2755 Vides
2649 2700 2946 2756 Dominum
3008 2700 3170 2769 velle,
3231 2716 3426 2757 rursus
3457 2708 3629 2756 autem
3661 2698 3742 2752 ho-

500 2796 683 2851 mines
713 2794 860 2849 nolle
894 2791 1163 2847 accedere
1206 2791 1276 2845 ad
1316 2790 1614 2846 Dominum
1638 2831 1653 2857 ,
1685 2799 1744 2846 et
1775 2789 2215 2846 miscricordiam
2249 2790 2521 2847 nancisci.

571 2905 718 2963 Xlll.
756 2903 862 2972 Qui
908 2903 1029 2959 vult
1085 2901 1350 2958 accedere
1400 2900 1470 2956 ad
1526 2901 1822 2956 Dominum
1879 2910 1936 2957 et
1984 2902 2096 2957 vita

2271 2884 2372 2938 ll".
2415 2885 2475 2938 '0
2529 2883 2855 2958 βουλόμενος
2914 2885 3235 2958 προσελθεῖν
3291 2887 3371 2957 τῷ
3416 2887 3612 2958 Κυρίῳ,
3668 2883 3743 2937 καὶ

500 3008 709 3058 eterna
737 2999 941 3071 dignus
975 2996 1191 3062 haberi,
1228 3004 1286 3051 et
1320 2995 1700 3050 habitaculum
1745 2994 1841 3049 Dei
1873 2994 2014 3061 fieri,
2042 3005 2096 3051 et

2199 2976 2346 3047 ζωῆς
2405 2978 2630 3031 αἰωνίου
2711 2978 3159 3049 καταξιωθῆναι,
3210 2978 3310 3033 καὶ
3361 2978 3743 3046 κατοικητήριον

506 3093 722 3166 Spiritu
762 3066 954 3148 sancto
980 3088 1182 3161 dignus
1203 3087 1424 3155 haberi,
1454 3095 1515 3142 ut
1552 3085 1769 3141 fructus
1791 3086 1912 3158 ejus
1935 3087 2093 3159 juxta

2199 3066 2333 3121 Θεοῦ
2372 3068 2649 3136 γενέσθαι,
2686 3070 2781 3124 καὶ⁸
2804 3069 3126 3140 Πνεῦματος
3164 3070 3325 3138 ἁγίου
3357 3068 3743 3137 καταξιωθῆναι,

503 3158 764 3241 mandata
805 3181 1025 3238 Domini
1047 3158 1229 3251 vqueat
1262 3177 1833 3249 irreprehensibiliter
1866 3186 1924 3234 et
1942 3158 2091 3249 pure

2199 3160 2285 3214 ἵνα
2326 3162 2452 3224 τοὺς
2492 3161 2740 3233 καρποὺς
2771 3161 2938 3216 αὐτοῦ
2970 3161 3109 3216 κατὰ
3137 3163 3238 3225 τὰς
3284 3161 3502 3224 ἐντολὰς
3540 3158 3623 3213 τοῦ
3651 3159 3744 3211 Ku-

502 3277 709 3341 lacei'e,
733 3273 813 3330 sic
837 3271 1004 3328 debet
1038 3270 1305 3342 incipere.
1334 3270 1582 3326 Primum
1604 3269 1833 3325 credere
1855 3247 2090 3325 Domino

2199 3252 2315 3322 ρίου
2361 3251 2564 3324 δυνηθῇ
2613 3251 2864 3323 ἀμώμως
2917 3252 3012 3306 καὶ
3067 3251 3331 3324 καθαρῶς
3371 3254 3557 3316 ποιεῖν,
3601 3247 3744 3307 οὕτως

502 3365 741 3421 ﬁrmiter
763 3403 777 3427 ,
822 3369 880 3419 et
925 3360 1058 3416 dare
1086 3374 1154 3415 ex
1186 3365 1302 3414 toto
1342 3373 1402 3415 se
1431 3359 1615 3429 ipsum
1650 3358 1837 3415 verbis
1867 3357 2096 3413 manda-

2201 3342 2407 3412 ὀφείλει
2432 3343 2783 3415 ἐνάρξασθαι.
2808 3345 3033 3416 Πρῶτον
3070 3344 3363 3398 πιστεῦσαι
3394 3344 3467 3415 τῷ
3491 3341 3658 3411 Κυρίῳ
3679 3338 3745 3407 βε-

502 3466 688 3512 torum
722 3453 844 3525 ejus
867 3494 882 3519 ,
924 3460 984 3507 et
1013 3449 1339 3506 renuntiare
1382 3448 1591 3505 mundo
1634 3465 1735 3520 per
1763 3449 1948 3505 omnia
1971 3490 1987 3515 ,
2024 3450 2096 3505 ita

2203 3434 2395 3501 6alw;,
2452 3436 2549 3490 καὶ
2604 3436 2885 3491 ἐπιδοῦναι
2938 3436 2999 3503 ἐξ
3054 3437 3180 3491 ὅλου
3237 3437 3433 3491 ἑαυτὸν
3456 3437 3562 3498 τοῖς
3595 3433 3744 3500 λόγοις

503 3557 567 3605 ut
604 3547 660 3602 in
696 3546 852 3601 nullo
889 3558 1117 3616 prorsus
1154 3543 1540 3613 apparentium
1575 3558 1731 3598 mens
1762 3550 2097 3612 occupetur;

501 3649 561 3699 et
587 3638 885 3696 oblimare
907 3652 1126 3707 semper
1144 3651 1202 3691 se
1225 3635 1377 3689 omni
1405 3644 1605 3691 conatu
1633 3636 1701 3691 ad
1736 3650 2099 3707 perseveran-

502 3736 638 3791 tiam
668 3733 726 3788 in
742 3730 994 3787 oratione
1018 3744 1035 3795 ;
1065 3734 1122 3784 et
1142 3742 1253 3783 non
1275 3726 1592 3797 desperare,
1621 3737 1949 3798 ex5pectans
1973 3741 2100 3782 cum

504 3827 708 3884 ﬁducia
745 3824 967 3881 Domini
1011 3821 1414 3892 inspectionem
1465 3826 1522 3875 et
1556 3821 1822 3875 auxilium
1872 3819 2098 3889 ubique,

504 3930 735 3988 scopum
766 3930 879 3971 suae
911 3911 1115 3968 mentis
1142 3910 1199 3965 in
1242 3926 1309 3965 eo
1335 3908 1547 3965 habens
1578 3906 1819 3964 deﬁxum
1857 3923 2099 3979 semper.

501 4007 715 4064 Deinde
745 4021 944 4078 urgere
976 4018 1036 4060 se
1063 4017 1190 4059 cum
1219 4008 1422 4057 conatu
1453 4008 1508 4055 et
1551 3999 1906 4055 contentione
1939 3999 2101 4054 inde~

503 4102 755 4159 sinenter
811 4097 880 4153 ad
932 4111 1098 4151 omne
1147 4095 1395 4158 bonum,
1455 4100 1511 4148 et
1570 4092 1626 4147 in
1688 4090 2100 4148 exsecutionem

505 4191 755 4248 omnium
775 4187 875 4244 Dei
903 4185 1311 4248 mandatorum,
1350 4180 1705 4251 quantumvis
1729 4180 1904 4235 invito
1931 4179 2100 4235 corde

504 4290 736 4355 propter
758 4279 1036 4335 inhaerens
1071 4282 1401 4346 peccatum;
1438 4282 1572 4342 puta
1603 4287 1704 4341 per
1732 4269 1844 4325 vim
1874 4270 2101 4341 adigen-

506 4375 579 4429 do
609 4388 669 4429 se
693 4373 875 4442 ipsum
902 4368 969 4423 ad
1002 4364 1286 4422 humiliter
1315 4360 1667 4418 sentiendum
1704 4376 1890 4416 coram
1922 4361 2101 4417 omni-

505 4467 614 4523 bus
643 4464 799 4537 167
829 4460 1174 4524 hominibus,
1204 4465 1263 4513 et
1291 4472 1350 4512 se
1377 4455 1557 4527 ipsum
1584 4454 1800 4510 cunctis
1828 4454 2100 4510 minorem

506 4565 567 4614 et
598 4559 845 4628 pejorem
868 4549 1319 4615 existimandum,
1350 4562 1460 4603 non
1488 4544 1787 4617 quaerendo
1809 4544 2098 4611 honorem,

507 4658 605 4706 aut
631 4646 854 4703 laudem
875 4685 889 4712 ,
919 4650 1016 4697 aut
1057 4640 1286 4713 gloriam
1315 4639 1385 4694 ab
1409 4638 1522 4693 ullo
1542 4678 1558 4704 ,
1583 4637 1729 4692 sicut
1759 4636 1816 4690 in
1848 4637 2100 4707 Evange-
2133 4671 2176 4727 Β

506 4742 583 4797 lio
605 4740 877 4810 scriptum
910 4742 999 4791 est
1023 4774 1038 4800 ,
1074 4732 1170 4789 sed
1204 4731 1383 4787 solum
1428 4728 1724 4787 Dominum
1766 4742 1881 4797 prae
1923 4725 2104 4781 oculis

506 4831 766 4889 habendo
788 4842 1009 4899 semper
1040 4826 1324 4897 ipsiusque
1359 4822 1637 4888 mandata,
1670 4821 1832 4889 eique
1854 4819 1953 4874 soli
1979 4827 2098 4874 stu-

507 4922 691 4979 dendo
723 4921 942 4992 placere
975 4919 1042 4974 ¹⁹.
1074 4917 1134 4972 ln
1159 4912 1644 4970 mansuetudinem
1674 4926 1895 4981 quoque
1921 4926 1979 4965 se
2004 4924 2104 4979 per

507 5017 619 5070 vim
651 5014 901 5080 inclinet,
932 5011 1245 5067 reluctante
1274 5006 1440 5062 etiam
1474 5004 1665 5069 corde,
1711 5002 1855 5060 sicut
1882 5004 1959 5058 ait
1990 5004 2100 5058 Do-

508 5106 696 5162 minus
727 5122 742 5158 :
776 5103 972 5158 Discite
1000 5120 1032 5156 a
1065 5116 1167 5167 me,
1198 5099 1323 5170 quia
1353 5098 1496 5152 mitis
1518 5113 1636 5150 sum
1660 5104 1711 5150 et
1740 5093 1949 5149 Immitis
1976 5111 2096 5148 cor-

506 5198 571 5251 de
597 5236 612 5262 ,
664 5201 715 5248 et
752 5193 1026 5248 invenietis
1069 5191 1303 5261 requiem
1344 5188 1625 5243 animabus
1670 5186 1853 5241 vestris
1896 5183 1960 5237 ⁸⁵.
2008 5182 2097 5239 Si-

506 5289 715 5346 militer
741 5300 865 5342 esse
902 5282 1340 5346 misericordem,
1378 5280 1676 5352 benignum
1701 5320 1715 5346 ,
1763 5275 2101 5347 compatien-

506 5389 619 5436 tem
642 5418 658 5445 ,
688 5377 896 5433 bonum
922 5415 937 5439 ,
977 5380 1246 5443 quantum
1286 5379 1504 5441 potest,
1552 5385 1611 5426 se
1652 5370 1707 5423 vi
1738 5367 2065 5423 assuefaciat
2087 5409 2101 5433 ,

503 5472 659 5544 juxta
704 5469 759 5525 id
802 5467 950 5539 quod
994 5465 1133 5520 dicit
1177 5464 1494 5519 Dominus:
1535 5462 1718 5517 Estote
1752 5461 1873 5515 boni
1920 5470 1968 5514 et
2014 5460 2103 5513 be-

509 5566 682 5636 nigni,
709 5565 841 5618 sicut
867 5560 1031 5615 Pater
1056 5566 1221 5612 vester
1251 5555 1472 5612 caelestis
1503 5556 1797 5610 misericors
1828 5560 1902 5607 est
1941 5552 2004 5605 η.
2037 5551 2105 5606 Ει

2199 3526 2309 3581 τῶν
2346 3527 2576 3583 ἐντολῶν
2628 3528 2817 3594 αὐτοῦ,
2885 3530 2981 3583 καί⁸
3030 3529 3404 3593 ἀποτάξασθαι
3458 3527 3533 3597 τῷ
3586 3525 3743 3591 κόσμῳ

2202 3619 2346 3675 κατὰ
2381 3620 2581 3687 πάντα,
2630 3622 2717 3675 ἵνα
2773 3623 2832 3675 ἐν
2880 3621 3057 3674 οὐδενὶ
3082 3623 3222 3685 ὅλως
3252 3622 3361 3674 τῶν
3390 3612 3741 3690 φαινομένοινὸ

2201 3711 2325 3777 νοῦς
2353 3712 2669 3783 ἀσχολῆται.
2727 3712 2839 3766 Καὶ
2892 3714 2973 3776 είς
3018 3712 3119 3784 τὴν
3148 3712 3314 3784 εὐχὴν
3350 3712 3571 3765 πάντοτε
3601 3720 3742 3775 προσ-

2201 3805 2491 3877 καρτερεῖν
2526 3803 2711 3864 αὺτδν,
2740 3804 2834 3857 καὶ
2894 3803 2970 3874 μὴ
3012 3802 3427 3871 ἀπογινώςκειν
3485 3793 3743 3871 προσδεχὸ-

2206 3910 2367 3964 μενος
2396 3892 2492 3946 τοῦ
2528 3894 2736 3965 Κυρίου
2791 3894 2894 3966 τὴν
2938 3895 3228 3963 ἐπίσκεψιν
3260 3895 3356 3947 καὶ
3394 3893 3490 3964 τὴν
3532 3888 3744 3961 βοήθειαν

2202 3987 2456 4051 πάντοτε,
2492 3986 2583 4040 τὸν
2631 3988 2833 4041 σκοπὸν
2890 3986 2985 4041 τοῦ
3021 3986 3139 4049 νοὸς
3169 3986 3335 4040 αὑτοῦ
3362 3987 3440 4049 είς
3466 3983 3610 4037 τοῦτο
3631 3980 3743 4049 ἔχων

2200 4076 2291 4132 διὰ
2312 4078 2533 4142 παντός.
2571 4074 2703 4131 Εἶτα
2735 4077 3017 4148 βιάζεσθαι
3049 4078 3155 4150 χρὴ
3194 4079 3283 4131 ἀεὶ
3311 4080 3390 4142 είς
3421 4078 3527 4131 πᾶν
3554 4071 3743 4142 ἀγαθὸν.

2202 4170 2298 4224 καὶ
2342 4170 2423 4234 εἰς
2482 4169 2664 4235 πάσας
2715 4172 2816 4235 τὰς
2869 4170 3093 4234 ἐντολὰς
3142 4170 3238 4224 τοῦ
3289 4170 3514 4241 Κυρίου,
3555 4166 3647 4222 κᾶν
3684 4161 3743 4232 μὴ

2203 4262 2464 4332 θελούσης
2490 4264 2588 4333 τῆς
2616 4263 2849 4334 καρδίας
2885 4262 2974 4317 διὰ
3005 4263 3104 4334 τὴν
3131 4263 3396 4317 συνοῦσαν
3430 4263 3561 4331 αὐτῇ
3588 4260 3737 4327 ἁμαρ·

2201 4355 2354 4408 τίανο
2379 4352 2491 4409 οἷον
2528 4355 2813 4426 βιάζεσθαι
2868 4358 3061 4412 ἑαυτὸν
3101 4358 3182 4421 είς
3229 4357 3290 4411 τὸ
3347 4347 3743 4421 ταπεινοφρονεῖν

2204 4442 2435 4498 ἐνώπιον
2484 4446 2704 4500 πάντων
2753 4445 3083 4517 ἀνθρώπων,
3146 4446 3242 4499 καὶ
3308 4445 3497 4501 ἑαυτὸν
3550 4441 3735 4493 πάντων

2203 4537 2412 4591 ἐλάττω
2458 4538 2553 4591 καὶ
2586 4537 2810 4608 χείρονα
2868 4538 3145 4610 ἡγεῖσθαι,
3182 4537 3258 4608 μὴ
3314 4535 3492 4607 ζητῶν
3538 4523 3738 4601 τιμὴνῆ

2207 4627 2429 4682 ἔπαινον
2468 4629 2502 4699 ἢ
2530 4628 2688 4695 δόξαν
2712 4629 2865 4700 παρά
2914 4645 3080 4692 τινος,
3125 4628 3309 4692 καθὼς
3338 4630 3395 4681 ὲν
3438 4624 3515 4695 τῷ
3539 4623 3741 4685 Εὐαγγεο

2204 4721 2304 4791 λίῳ
2361 4720 2697 4789 γέγραπται,
2751 4720 2888 4774 ἀλλά
2938 4721 3099 4791 μόνον
3149 4720 3240 4774 τὸν
3286 4720 3485 4787 Κύριον
3539 4712 3619 4770 ἀεὶ
3660 4703 3742 4775 πρὸ

2206 4813 2506 4882 ὀφθαλμῶν
2539 4812 2707 4883 ἔχειν,
2729 4812 2825 4867 καὶ
2853 4812 2953 4877 τὰς
2985 4812 3206 4875 ἐντολὰς
3236 4809 3424 4876 αὐτοῦ,
3464 4802 3602 4873 αὑτῷ
3626 4798 3744 4870 μόνῳ

2208 4905 2533 4977 βουλόμενος
2557 4905 2776 4976 ἀρέσαι.
2800 4905 2896 4969 Εἰς
2923 4905 3022 4976 τὴν
3058 4904 3343 4977 πραότητα
3364 4899 3555 4970 ὁμοίως
3584 4886 3742 4946 ἑαυτὸν

2207 4998 2461 5068 βιαξέτω,
2496 5000 2591 5052 καὶ
2623 4999 2698 5070 μὴ
2732 4997 2997 5068 θελούσης
3027 4998 3127 5068 τῆς
3166 4996 3414 5067 καρδίας,
3448 4990 3521 5055 ὣς
3564 4977 3742 5055 φησινὸ

2207 5090 2410 5162 Κύριος
2434 5106 2449 5121 ·
2479 5089 2710 5145 Μάθετε
2730 5090 2833 5144 ἀπ’
2861 5089 3032 5159 ἐμοῦ,
3072 5088 3161 5142 ὅτι
3193 5085 3382 5156 πρᾶός
3413 5084 3526 5151 ειμι
3556 5074 3645 5132 καὶ
3664 5084 3744 5162 τῳ

2208 5160 2415 5251 math
2446 5182 2521 5253 τῇ
2551 5184 2789 5254 καρδίᾳ,
2832 5183 2932 5237 καί
2964 5182 3254 5252 εὑρήσετε
3282 5177 3615 5235 ἀνάπαυσιν
3638 5160 3743 5224 ταῖς

2202 5277 2434 5345 ’ψυχαῖς
2464 5276 2654 5349 ὑμῶν.
2705 5276 2940 5347 Ὁμοίως
2970 5278 3049 5339 εἰς
3075 5275 3137 5327 τὸ
3165 5269 3301 5327 εἶναι
3326 5269 3602 5339 ἐλεήμονα,
3630 5268 3744 5349 χρῃ-

2205 5340 2353 5433 etei},
2402 5340 2806 5440 εὔσπλαγχνον,
2864 5367 3090 5437 ἀγαθὸν,
3136 5367 3235 5436 ὅση
3293 5362 3531 5429 δύναμις,
3582 5340 3742 5440 causa?

2204 5460 2404 5526 ἐθίζειν
2453 5462 2592 5530 μετά
2634 5434 2783 5533 βίας,
2818 5434 2923 5525 ὥς*
2948 5476 3114 5530 φησιν
3164 5459 3193 5511 ὁ
3226 5434 3457 5525 -Κύριος
3480 5464 3494 5478 ·
3523 5434 3741 5533 Γίνεσθε

2202 5552 2414 5623 ἁγαθοὶ
2444 5526 2546 5606 real
2572 5526 2850 5622 χρηστοί,
2886 5526 3085 5618 κα-θῶς
3114 5552 3147 5606 ό
3178 5546 3380 5613 Πατὴρ
3413 5537 3570 5611 ὑμῶν
3605 5533 3635 5584 δ
3657 5526 3739 5623 of,”

510 5671 707 5711 rursus
736 5672 751 5711 :
789 5653 848 5710 Si
886 5652 1105 5724 diligitis
1130 5667 1231 5715 me,
1256 5649 1515 5704 mandata
1548 5665 1665 5703 mea
1701 5654 1908 5702 servate
1936 5647 1999 5699 ⁸⁸.
2037 5645 2096 5699 E-l

2199 5618 2411 5714 ptirtoc
2472 5618 2790 5717 οἰκτίρμων
2839 5618 3002 5701 ἐστι·
3045 5646 3147 5700 καὶ
3197 5643 3356 5700 πάλιν
3408 5634 3591 5708 φησιν·
3626 5618 3742 5678 ἐίν

585 5768 628 5801 ιο
664 5767 781 5822 Gal.
810 5782 900 5832 ιιι,
928 5766 983 5821 3.
1063 5766 1105 5799 ¹¹
1143 5764 1277 5820 Luc.
1312 5780 1417 5831 xu,
1455 5764 1543 5822 l9.
1623 5764 1666 5797 “
1705 5763 1898 5820 Matth.
1929 5779 2081 5831 χχιιι,

2199 5803 2204 5816 ν
2321 5764 2364 5797 ⁸³
2402 5763 2560 5823 Joan.
2589 5779 2645 5832 v,
2676 5764 2765 5820 Η.
2876 5765 2921 5798 ⁸⁸
2958 5763 3155 5821 Matth.
3196 5757 3383 5832 11,29.
3458 5753 3499 5785 "
3526 5746 3647 5803 Luc.
3674 5748 3735 5797 vs,

2321 5764 2364 5797 “
2402 5763 2560 5823 Joan.
2589 5779 2645 5834 v,
2676 5764 2765 5820 ll.

515 5837 611 5895 36.
681 5838 725 5870 “
765 5836 924 5893 Juan.
959 5851 1071 5905 xxv,
1121 5835 1211 5890 25.
