3980 6426
268 400 369 463 837

1356 399 1584 458 LIBER
1627 399 1723 458 DE
1757 399 2127 459 CUSTODIA
2165 400 2458 462 CORDIS.

3425 411 3532 471 898

264 506 535 577 ἀγαπᾶτέ
591 526 686 578 με,
742 509 845 574 τὰς
889 510 1145 575 ἐντολάς
1195 526 1310 579 μου
1365 507 1677 575 τηρήσετε.
1732 507 1836 559 Καὶ

1941 507 2145 564 iterum
2183 527 2196 562 :
2233 510 2344 564 Vim
2378 512 2518 566 vobis
2552 512 2731 580 facite,
2766 515 2981 569 violenti
3014 517 3162 573 enim
3192 519 3405 585 rapiunt
3441 535 3528 571 re-

264 601 458 655 πάλιν’
512 599 823 661 Βιάζεσθεο
878 603 1129 666 βιασταὶ
1187 603 1295 672 γὰρ
1344 599 1674 668 ἁρπάζουσι
1727 599 1840 665 τὴν

258 693 590 757 ,ϐασιλείαν
624 693 744 747 τῶν
796 693 1100 762 οὐρανῶν·
1160 696 1255 748 καὶ
1312 694 1373 747 τό
1395 710 1410 724 ο
1457 692 1841 762 Ἀγωνίζεσθε

262 784 561 839 εἰσελθεῖν
585 784 685 838 διὰ
718 785 825 853 τῆς
857 786 1083 854 στενῆς
1109 788 1331 853 πύλης.
1377 786 1490 837 Ἀεὶ
1517 784 1575 836 δὲ
1603 786 1705 851 τὴν
1743 781 1849 836 τού

263 873 472 942 Κυρίου
503 873 834 927 ταπείνωσιν
876 874 972 928 καὶ
1028 875 1304 928 πολιτείαν
1366 874 1461 927 καὶ
1492 872 1840 945 ἀναστροφὴν

263 965 433 1034 ἐχέτω
466 965 573 1035 πρὸ
602 964 914 1034 ὀφθαλμῶν,
947 965 1136 1037 ὥσπερ
1173 964 1543 1037 ὑπογραμμὸν
1578 966 1636 1017 ἐν
1691 966 1839 1036 πάσῃ

266 1058 454 1126 μνήμῃ
482 1056 849 1127 ἀληθαργήτῳ
870 1074 883 1087 ·
912 1059 1006 1111 καὶ
1044 1060 1143 1126 ὅση
1173 1058 1402 1127 δύναμις
1433 1057 1702 1127 βιαξέσθω
1721 1061 1840 1121 ταῖς

262 1148 449 1216 εὐχαῖς
487 1151 912 1220 προσκαρτερεῖ,
959 1148 1047 1201 διὰ
1096 1149 1296 1212 παντὸς
1330 1148 1585 1217 δεόμενος
1618 1147 1715 1200 καὶ
1752 1164 1841 1199 πι-

264 1238 470 1293 στεύων
491 1256 505 1269 ·
539 1240 626 1292 ἵνα
654 1240 827 1293 ἐλθὼν
864 1242 892 1293 ό
926 1240 1130 1311 Κύριος
1159 1242 1416 1311 ὲνοικήσῃ
1455 1242 1514 1292 ἐν
1564 1240 1717 1309 αὐτῷ
1746 1240 1841 1293 καὶ

263 1331 565 1404 καταρτίσῃ
591 1332 685 1384 καὶ
716 1332 1009 1403 δυναμώσῃ
1042 1332 1202 1385 αὑτὸν
1232 1333 1290 1384 ὲν
1322 1333 1441 1394 ταῖς
1465 1329 1706 1393 ἐντολαῖς
1735 1330 1841 1383 πά-

265 1438 385 1485 σαις
414 1423 603 1491 αὑτοῦ,
644 1425 737 1476 καὶ
769 1423 855 1477 ἶνα
902 1426 935 1494 ὴ
992 1424 1139 1493 ψυχὴ
1165 1422 1329 1477 αὑτοῦ
1362 1424 1587 1493 γένηται
1619 1424 1841 1494 οἰκητή-

268 1531 380 1585 ριον
422 1514 596 1585 Ἰησοῦ
625 1515 895 1584 Χριστοῦο
929 1516 1022 1567 καὶ
1054 1513 1227 1577 οὕτως
1253 1514 1289 1567 ἃ
1312 1512 1407 1566 νῦν
1441 1515 1578 1585 μετὰ
1604 1513 1725 1584 βίας
1750 1515 1842 1567 καὶ

268 1604 344 1675 μὴ
376 1603 631 1675 θελούσης
664 1605 763 1674 τῆς
801 1605 1032 1675 καρδίας
1068 1608 1233 1669 ποιεῖ,
1270 1604 1468 1669 ἐθίζειν
1517 1605 1708 1657 ἑαυτὸν
1755 1605 1843 1659 διὰ

267 1696 471 1758 παντὸς
509 1700 587 1760 είς
647 1697 708 1749 τὸ
759 1698 964 1765 ἀγαθὸν
1002 1695 1219 1749 καὶτοῦ
1271 1697 1478 1767 Κυρίου
1512 1697 1600 1751 ἀεὶ
1632 1714 1842 1768 μνημο-

266 1788 465 1854 νεύειν,
505 1790 599 1842 καὶ
630 1790 936 1860 προσδοκᾷν
957 1789 1118 1842 αὐτὸν
1168 1788 1257 1843 διὰ
1305 1791 1508 1853 παντὸς
1552 1791 1609 1841 ὲν
1671 1788 1838 1858 πολλῇ

266 1881 561 1949 ἁγαθότητι
611 1881 707 1934 καὶ
756 1882 967 1952 ἀγάπῃ.
1009 1880 1084 1934 Τό
1111 1898 1171 1934 τε
1204 1880 1426 1949 θεωρῶν
1457 1883 1486 1933 ὁ
1516 1880 1721 1952 Κύριος
1744 1880 1842 1951 τὴν

265 1972 518 2043 τοιαύτην
547 1972 712 2026 αὐτοῦ
740 1974 1061 2045 προαίρεσιν
1092 1974 1185 2027 καὶ
1211 1973 1311 2042 τὴν
1334 1972 1549 2044 ἀγαθὴν
1580 1973 1839 2042 σπουδὴν,

266 2065 383 2128 πῶς
411 2064 585 2135 βιάζει
624 2066 815 2119 ἑαυτὸν
860 2065 1093 2118 πάντοτε
1122 2066 1202 2128 εἰς
1227 2065 1325 2137 τὴν
1379 2066 1599 2137 μνήμην
1646 2064 1839 2129 αὑτοῦ,

267 2158 358 2210 καὶ
388 2159 467 2220 είς
501 2156 562 2210 τδ
594 2157 794 2225 ἀγαθὸν
851 2157 958 2222 ἀεὶ,
1001 2158 1098 2210 καὶ
1126 2159 1206 2220 είς
1265 2157 1366 2228 τὴν
1403 2159 1843 2229 ταπεινοφροσύ-

263 2266 381 2318 νην,
422 2249 515 2302 καὶ
547 2249 830 2322 πραότητα
867 2249 962 2302 καὶ
987 2249 1241 2321 ard-{mw
1292 2250 1382 2303 καὶ
1414 2324 1421 2328 -
1448 2250 1522 2323 μὴ
1582 2249 1844 2306 θέλουσαν

259 2342 362 2415 τὴν
412 2342 638 2411 καρδίαν
669 2344 847 2414 ἄγχει,
885 2344 979 2396 καὶ
1032 2344 1176 2411 ἄγει,
1211 2344 1310 2414 ὅση
1354 2344 1607 2414 δύναμις,
1651 2347 1842 2399 ἑαυτὸν

264 2435 407 2504 μετὰ
447 2434 589 2503 βίας,
624 2437 768 2488 ποιεῖ
819 2436 939 2504 μετ’
989 2435 1154 2489 αὑτοῦ
1189 2435 1252 2488 τὸ
1303 2435 1452 2499 ἔλεος
1501 2437 1669 2490 αὐτοῦ
1695 2454 1710 2469 °
1746 2440 1843 2493 καὶ

258 2528 551 2599 λυτροῦται
612 2528 775 2581 αὐτὸν
825 2528 935 2580 ἀπὸ
993 2528 1102 2581 τῶν
1155 2528 1364 2600 ἐχθρῶν
1401 2528 1586 2593 αὑτοῦ,
1616 2532 1712 2584 καὶ
1742 2531 1844 2601 τῆς

259 2618 577 2688 ὲνοικούσης
625 2619 933 2689 ἀμαρτίας;
971 2619 1288 2687 Πνεύματος
1342 2620 1498 2687 ἁγίου
1552 2621 1842 2689 ἐμπιπλῶν

261 2708 427 2761 αὐτὸν
456 2746 472 2771 ,
509 2709 602 2762 καὶ
642 2706 815 2771 οὕτως
860 2707 1048 2761 λοιπὸν
1099 2709 1227 2763 ἄνευ
1263 2709 1383 2779 βίας
1438 2710 1532 2762 καὶ
1592 2711 1839 2781 καμάτου

259 2802 446 2863 πάσας
505 2802 652 2853 ποιεῖ
689 2800 921 2854 πάντοτε
965 2801 1068 2864 τὰς
1136 2800 1359 2865 ἐντολὰς
1402 2801 1498 2854 τοῦ
1541 2803 1751 2873 Κυρίου
1781 2804 1840 2869 ἐξ

257 2889 555 2960 ἀληθείας·
607 2889 808 2959 μᾶλλον
836 2890 947 2943 δὲό
979 2891 1183 2961 Κύριος
1228 2894 1374 2944 ποιεί
1430 2894 1488 2945 ὲν
1541 2892 1694 2962 αὐτῷ
1740 2894 1842 2958 τὰς

260 2983 402 3046 ιδίας
430 2980 596 3036 αὑτοῦ
635 2980 876 3047 ἐντολὰς,
927 2984 1024 3035 καὶ
1077 2983 1203 3046 τοὺς
1241 2985 1490 3054 καρποὺς
1517 2984 1611 3037 τοῦ
1670 2984 1841 3038 Πνεύ-

262 3091 455 3145 ματος,
490 3075 578 3127 ὅτε
631 3077 973 3146 καρποφορεῖ
1025 3074 1299 3146 καθαρῶς.
1334 3075 1453 3146 Χρὴ
1487 3075 1544 3128 δὲ
1574 3076 1839 3148 πρότερον

258 3163 629 3236 προσελθόντα
651 3163 772 3218 τινὰ
794 3163 873 3234 τῷ
898 3164 1110 3236 Κυρίῳ,
1136 3164 1311 3227 οὔτως
1335 3163 1543 3234 βιάζειν
1559 3167 1652 3218 καὶ
1677 3165 1840 3218 αὐτὸν

256 3260 341 3321 εἰς
370 3257 433 3309 τὸ
468 3257 689 3325 ἀγαθὸν,
727 3259 819 3310 καὶ
851 3258 925 3328 μὴ
982 3257 1244 3329 θελούσης
1264 3258 1363 3328 τῆς
1400 3258 1647 3329 καρδίας,
1671 3272 1838 3330 προσ-

255 3350 503 3404 δοκῶντα
533 3350 621 3404 διὰ
653 3351 855 3414 παντὸς
908 3352 966 3403 ὲν
1013 3351 1195 3405 πίστει
1247 3351 1560 3423 ἅδιστάκτῳ
1586 3351 1647 3405 τὸ
1689 3352 1837 3417 ἕλεος

259 3443 451 3507 αὑτοῦ,
491 3443 586 3496 καὶ
636 3442 921 3511 βιάζεσθαι
979 3441 1173 3494 ἑαυτὸν
1201 3442 1281 3503 είς
1318 3440 1379 3493 τὸ
1408 3441 1699 3511 οἰκτείρειν
1738 3442 1835 3494 καὶ

257 3534 533 3604 ἐλεήμονα
580 3532 726 3603 ἔχειν
757 3532 1003 3602 καρδίαν,
1030 3530 1314 3601 βιάζεσθαι
1344 3531 1425 3592 είς
1465 3530 1525 3582 τὸ
1561 3548 1835 3599 καταφρο-

261 3626 498 3690 νεῖσθαι,
550 3626 634 3687 εἰς
688 3624 751 3676 τὸ
805 3621 1202 3693 μακροθυμεῖν,
1250 3620 1740 3691 ὲξουθενούμενον,
1798 3619 1831 3690 ἢ

255 3715 660 3786 ἁτιμαζόμενον
696 3715 769 3784 μὴ
812 3715 1143 3780 ἀγανακτεῖν
1164 3728 1178 3741 ·
1222 3712 1365 3765 κατὰ
1400 3711 1462 3764 τὸ
1499 3710 1793 3782 είρημὲνον
1817 3728 1831 3742 ο

254 3806 358 3873 Μὴ
384 3804 637 3870 ἑαυτοὺς
672 3802 1074 3869 ἐκδικοῦντες,
1109 3800 1404 3870 ἀγαπητοί
1415 3815 1432 3833 ο
1457 3799 1735 3870 βιάζεσθαί
1773 3817 1833 3852 τε

256 3896 452 3952 ἑαυτὸν
486 3896 567 3958 είς
594 3895 693 3964 τὴν
721 3895 908 3964 εὐχὴν,
936 3896 1101 3964 μήπω
1145 3891 1337 3961 ἔχοντα
1371 3891 1536 3960 εὐχὴν
1577 3892 1834 3961 Πνεύμα-

255 4004 372 4049 τος.
406 3987 515 4040 Καὶ
554 3984 727 4048 οὕτως
750 3988 777 4037 ὁ
820 3983 952 4046 Θεὸς
982 3982 1203 4054 θεωρῶν
1230 3982 1323 4034 τὸν
1365 3981 1542 4044 οὕτως
1565 3980 1834 4048 ἀγωνιζό-

261 4094 447 4148 μενον,
476 4076 570 4130 καὶ
622 4075 713 4147 βίᾳ
750 4076 940 4129 ἑαυτὸν
966 4077 1171 4144 ἄγοντα
1200 4075 1279 4136 είς
1303 4072 1361 4126 τὸ
1383 4073 1608 4140 ἀγαθὸν,
1640 4073 1734 4125 καὶ
1759 4072 1833 4145 μὴ

256 4169 523 4235 θελούσης
560 4168 659 4237 τῆς
691 4166 939 4236 καρδίας,
983 4166 1199 4218 δίδωσιν
1227 4163 1392 4233 εὐχὴν
1419 4162 1677 4234 ἀληθινὴν
1699 4165 1835 4233 Χρι-

257 4261 413 4326 στοῦ,
448 4260 630 4313 δίδωσι
671 4258 956 4326 σπλάγχνα
980 4255 1306 4326 οἰκτιρμῶν,
1334 4255 1677 4325 χρηστότητα
1702 4256 1833 4325 ἀλη-

256 4353 437 4423 θινὴν,
473 4352 566 4404 καὶ
615 4349 951 4415 ἁπαξαπλῶς
997 4349 1154 4417 τηρεῖ
1191 4346 1341 4415 αὐτῷ
1369 4346 1460 4399 τὸν
1493 4347 1704 4417 καρπὸν
1736 4345 1831 4400 τοῦ

254 4443 597 4511 Πνεύματος.
654 4442 714 4493 El
742 4440 798 4492 δέ
826 4456 908 4501 τις
940 4438 1100 4508 μόνον
1151 4440 1231 4499 είς
1254 4437 1354 4507 τὴν
1382 4436 1545 4507 εὐχὴν
1588 4437 1831 4507 βιάζεται

1940 618 2101 672 gnum
2146 601 2399 656 caelorum
2427 604 2489 656 ⁸⁷.
2528 604 2596 659 Et
2636 605 2769 660 illud
2805 625 2818 660 :
2853 606 3162 662 Contendite
3193 610 3398 662 intrare
3438 626 3531 679 per

1942 704 2226 765 angustam
2258 706 2468 765 portam
2491 698 2555 751 ¹⁸.
2582 697 2815 769 Semper
2840 709 3023 754 autem
3059 700 3276 755 Domini
3300 701 3529 755 humili-

1942 792 2133 851 tatem,
2167 788 2442 843 rationem
2474 788 2720 855 vivendi,
2754 798 2810 844 et
2834 792 3308 847 conversationem
3331 790 3531 850 habeat

1941 890 2054 943 prae
2097 876 2299 942 oculis,
2350 876 2432 930 uti
2487 878 2765 947 exemplar
2802 879 2856 933 in
2898 881 3165 935 memoria
3215 882 3365 935 omni
3406 882 3527 938 sine

1941 965 2241 1021 oblivione.
2272 966 2583 1024 Contendat
2620 970 2785 1024 etiam
2812 983 3082 1040 quantum
3124 973 3293 1028 habet
3323 975 3527 1030 virium

1942 1058 1998 1112 in
2025 1058 2244 1114 assidue
2269 1059 2501 1123 orando,
2525 1076 2798 1130 nusquam
2829 1078 2939 1117 non
2968 1073 3163 1133 petens
3186 1074 3242 1120 et-
3270 1067 3525 1132 credens,

1943 1154 2003 1201 ut
2036 1148 2222 1203 veniat
2260 1150 2524 1206 Dominus
2544 1160 2600 1206 et
2631 1152 2904 1208 inhabitet
2948 1156 3005 1209 in
3048 1156 3170 1225 ipso
3197 1197 3212 1224 ,
3259 1157 3527 1212 instruat-

1941 1254 2049 1309 que
2076 1256 2141 1295 ac
2170 1243 2493 1298 corroboret
2524 1244 2703 1313 ipsum
2736 1246 2792 1299 in
2824 1247 3042 1303 cunctis
3066 1249 3186 1318 ejus
3212 1250 3485 1305 mandatis
3509 1268 3523 1315 ;

1940 1339 1997 1384 et
2019 1340 2078 1386 ut
2098 1333 2217 1403 eius
2235 1333 2417 1388 anima
2446 1335 2519 1388 sit
2546 1335 2917 1390 habitaculum
2950 1338 3081 1392 Jesu
3106 1338 3333 1393 Christi.
3364 1341 3527 1395 Etsic

1940 1439 2063 1492 qua:
2101 1441 2249 1479 nunc
2287 1442 2385 1495 per
2423 1427 2533 1480 vim
2573 1436 2630 1482 et
2677 1428 2843 1482 corde
2876 1428 3047 1484 invito
3078 1430 3228 1496 facit,
3277 1432 3525 1485 assuefa-

1941 1515 2093 1570 cient
2118 1515 2297 1585 ipsum
2328 1514 2382 1570 in
2421 1532 2583 1572 omne
2607 1528 2824 1588 tempus
2851 1520 2919 1573 ad
2956 1520 3183 1586 bonum,
3209 1528 3265 1573 et
3290 1521 3357 1575 ad
3380 1537 3529 1576 sem-

1941 1620 2038 1674 per
2070 1607 2251 1661 vivam
2286 1607 2383 1662 Dei
2409 1610 2730 1664 memoriam
2764 1610 3095 1677 habendam,
3119 1624 3175 1667 et
3202 1623 3525 1682 exspectans

1942 1698 2073 1751 dum
2112 1714 2241 1753 eum
2280 1715 2498 1770 semper
2528 1700 2586 1754 in
2630 1702 2804 1756 multa
2847 1703 3093 1759 bonitate
3132 1712 3190 1759 et
3228 1705 3518 1759 charitatc.

1944 1788 2100 1843 Tunc
2136 1791 2499 1845 considerans
2522 1792 2788 1849 Dominus
2814 1794 2920 1849 tale
2946 1795 3119 1864 ipsius
3157 1796 3521 1865 pr0positum,

1943 1887 2001 1934 et
2034 1880 2242 1935 bonum
2278 1881 2522 1935 studium
2543 1921 2558 1946 ,
2591 1898 2703 1952 quo
2738 1881 2853 1938 vim
2882 1885 3047 1940 infert
3076 1886 3183 1940 sibi
3217 1887 3422 1957 jugiter
3454 1887 3523 1940 ad

1943 1972 2065 2042 ejus
2092 1971 2521 2039 recordandum,
2547 1982 2605 2028 et
2628 1974 2697 2029 ad
2722 1975 3172 2046 prosequendum
3193 1992 3408 2047 semper
3426 1978 3528 2032 bo-

1943 2078 2117 2130 num;
2152 2064 2394 2134 itemque
2446 2063 2512 2119 ad
2561 2065 2974 2133 humilitatem,
3020 2068 3524 2133 mansuetudinem,

1943 2154 2306 2224 charitatem;
2337 2164 2394 2212 et
2432 2160 2737 2228 quamlibet
2778 2162 3057 2215 reluctans
3098 2176 3195 2216 cor
3234 2160 3439 2231 subigit
3469 2161 3527 2215 in

1942 2242 2080 2311 haec,
2131 2256 2529 2316 promovetque
2556 2256 2825 2319 quantum
2877 2256 3060 2318 potest
3106 2265 3320 2304 summa
3353 2250 3404 2303 vi
3434 2267 3525 2305 se-

1942 2340 2161 2408 ipsum;
2198 2340 2329 2394 facit
2362 2356 2487 2395 cum
2528 2344 2647 2410 ipso
2674 2342 3111 2398 misericordiam
3149 2358 3305 2397 suam
3326 2384 3339 2408 ,
3374 2352 3429 2397 et
3459 2345 3525 2397 li-

1941 2427 2098 2483 berat
2127 2428 2304 2498 ipsum
2335 2430 2405 2485 ab
2432 2430 2675 2488 inimicis
2713 2432 2858 2499 suis;
2898 2442 2954 2488 et
2992 2434 3063 2488 ab’
3090 2432 3434 2488 inhabitante
3465 2434 3523 2487 in

1942 2518 2064 2589 ipso
2105 2527 2364 2589 peccato,
2402 2521 2623 2591 replens
2668 2523 2824 2577 illum
2860 2523 3066 2593 Spiritu
3107 2533 3331 2589 sancto,
3364 2523 3523 2594 cujus

1941 2626 2045 2681 ope
2078 2611 2147 2666 de
2185 2621 2387 2667 caetero
2432 2612 2568 2669 citra
2604 2613 2711 2667 vim
2742 2621 2799 2669 et
2828 2614 3074 2670 laborem
3106 2624 3305 2671 cuncta
3337 2614 3391 2673 in
3424 2630 3521 2669 ve-

1941 2703 2105 2758 ritate
2150 2703 2406 2757 mandata
2435 2702 2652 2759 Domini
2676 2707 3022 2775 exsequitur;
3069 2716 3167 2762 aut
3203 2708 3389 2777 potius
3418 2708 3522 2761 Do-

1940 2796 2123 2850 minus
2151 2795 2204 2848 in
2235 2796 2331 2850 illo
2354 2807 2551 2852 cuncta
2576 2797 2766 2867 implet
2789 2798 3013 2868 propria
3042 2799 3300 2853 mandata
3320 2807 3375 2851 et
3401 2798 3519 2851 fru-

1939 2894 2062 2941 ctus
2093 2886 2353 2957 Spiritus,
2388 2889 2610 2958 quando
2636 2889 2939 2945 fructificat
2973 2907 3132 2961 pure.
3157 2890 3389 2960 Oportet
3416 2907 3520 2945 au-

1940 2987 2049 3032 tem
2080 2979 2235 3048 prius
2273 2980 2627 3035 accedentem
2668 2983 2919 3051 quemvis
2952 2983 3021 3036 ad
3069 2982 3394 3048 Dominum,
3442 2983 3522 3039 sic

1937 3072 2050 3125 vim
2099 3071 2306 3127 inferre
2352 3072 2458 3127 sibi
2493 3076 2741 3144 urgendo
2785 3090 2844 3129 se
2878 3076 2947 3129 ad
2993 3075 3221 3139 bonum,
3258 3075 3313 3130 in
3341 3091 3522 3145 eoque

1938 3162 2242 3234 frangendo
2266 3164 2633 3220 resistentium
2660 3167 2865 3232 cordis,
2884 3175 3292 3237 exspectantem
3316 3167 3522 3236 ubique

1939 3268 2004 3308 ac
2034 3268 2273 3323 semper,
2302 3254 2410 3309 ﬁde
2451 3270 2614 3311 omne
2642 3255 2873 3310 dubium
2908 3257 3169 3326 pellente,
3198 3256 3521 3312 misericor-

1938 3344 2084 3399 diam
2111 3346 2231 3415 ejus
2263 3364 2277 3399 :
2313 3360 2511 3417 cogere
2537 3364 2759 3418 quoque
2818 3349 3062 3417 seipsum
3083 3349 3151 3404 ad
3177 3350 3523 3403 miserandos

1938 3437 2075 3491 alios
2096 3478 2112 3503 ,
2147 3452 2355 3507 corque
2385 3439 2441 3492 in
2469 3454 2663 3495 omnes
2695 3451 2919 3509 egentes
2964 3441 3273 3496 beneficum
3315 3441 3525 3496 haben-

1938 3528 2102 3594 dum;
2164 3529 2296 3583 item
2344 3530 2411 3583 ad
2468 3530 2857 3601 longanimiter
2907 3533 3252 3588 tolerandum
3301 3534 3524 3603 quidvis

1937 3619 2161 3686 durum,
2184 3630 2240 3675 et
2263 3621 2331 3676 ad
2360 3638 2473 3676 non
2499 3623 2894 3693 indignandum
2920 3639 3023 3679 nec
3038 3640 3179 3694 aegre
3205 3625 3520 3691 ferendum,

1936 3713 2158 3781 quando
2191 3713 2554 3783 vilipenditur
2580 3724 2636 3769 et
2670 3718 3081 3784 contemnitur;
3116 3719 3268 3787 juxta
3310 3717 3518 3772 dictum

1935 3802 2070 3856 illud
2111 3819 2124 3855 :
2168 3803 2288 3856 Non
2326 3806 2662 3875 vosmetipsos
2702 3808 3074 3877 defendentes,
3122 3811 3418 3864 charissimi
3453 3812 3517 3865 ‘9.

1934 3896 2057 3950 Vim
2088 3895 2255 3951 etiam
2286 3896 2393 3952 sibi
2431 3897 2613 3953 facere
2645 3898 2714 3952 ad
2744 3898 3016 3953 orandum
3042 3940 3057 3965 ,
3106 3900 3330 3970 quando
3373 3918 3517 3957 non-

1935 3987 2070 4043 dum
2117 3988 2333 4058 accepit
2366 3989 2573 4043 donum
2617 3990 2809 4044 orandi
2848 4006 2947 4060 per
2989 3992 3280 4062 Spiritum.
3314 3993 3520 4049 Videns

1934 4078 2082 4134 enim
2114 4080 2259 4135 Deus
2282 4079 2361 4135 sic
2382 4080 2805 4137 contendentem
2835 4098 3065 4154 seseque
3098 4087 3518 4155 compellentem

1934 4170 2002 4224 ad
2038 4170 2243 4226 bonum
2268 4213 2281 4238 ,
2318 4171 2493 4227 invito
2525 4174 2692 4228 etiam
2726 4174 2893 4229 corde
2918 4215 2932 4240 ,
2977 4175 3071 4231 dat
3103 4176 3181 4231 illi
3210 4178 3518 4233 orationem

1933 4259 2140 4316 Christi
2165 4279 2370 4329 veram,
2398 4264 2491 4319 dat
2512 4266 2726 4322 viscera
2757 4268 3170 4334 misericordiae,
3202 4270 3517 4340 benignita-

1935 4361 2044 4407 tem
2075 4370 2260 4409 veram
2298 4374 2311 4410 :
2353 4373 2462 4413 uno
2496 4359 2690 4424 verbo,
2734 4361 2949 4431 seponit
2981 4371 3035 4417 et
3072 4362 3290 4418 confert
3322 4363 3400 4419 illi
3428 4374 3517 4418 to-

1936 4452 2051 4498 tum
2075 4444 2311 4500 fructum
2342 4448 2601 4518 Spiritus.
2626 4450 2784 4515 Quod
2813 4451 2859 4505 si
2887 4452 3013 4521 quis
3041 4453 3385 4519 desiderans,
3404 4471 3516 4524 quo

251 4535 471 4598 ὲαυτὸν,
517 4533 591 4604 μὴ
619 4532 756 4601 ἔχων
778 4531 966 4601 εὐχὴν,
1002 4530 1090 4583 ἴνα
1129 4533 1229 4599 σχῇ
1264 4530 1432 4599 εὐχὴν
1470 4530 1712 4598 χάριτος,
1736 4531 1830 4582 καί

1937 4541 2119 4599 caret,
2153 4535 2420 4590 orationis
2452 4537 2659 4592 donum
2680 4579 2694 4602 ,
2725 4551 2787 4593 ut
2824 4539 2962 4595 illud
3002 4542 3298 4611 impetret,
3334 4545 3514 4600 solum

252 4629 337 4690 εἱς
382 4624 478 4695 τὴν
512 4621 1037 4692 ταπεινοφροσύνην,
1076 4622 1169 4673 καὶ
1227 4622 1449 4691 ἀγάπην
1488 4624 1582 4674 καὶ
1607 4620 1707 4684 τὰς
1730 4620 1832 4674 λοι.

252 4718 367 4780 erit;
393 4715 609 4777 ἐντολὰς
637 4714 730 4767 τοῦ
788 4714 992 4783 Κυρίου
1023 4710 1235 4774 ἑαυτὸν,
1265 4712 1325 4764 οὐ
1361 4712 1625 4781 βιάζεται,
1660 4711 1829 4764 ἐνίοτε

250 4810 458 4864 δίδοται
507 4805 654 4876 αὐτῷ
702 4806 837 4875 εὐχὴ
893 4806 1137 4875 χάριτος,
1177 4804 1269 4856 καὶ
1306 4804 1363 4856 ἐν
1390 4803 1698 4857 ἀναπαύσει
1732 4804 1829 4856 καὶ

248 4896 568 4967 εὐφροσύνῃ
613 4894 854 4965 μερικῶς
884 4893 1025 4946 κατὰ
1061 4893 1122 4944 τὸ
1166 4891 1379 4963 αἴτημα.
1412 4891 1602 4953 αὑτοῦ,
1634 4894 1744 4954 τοῖς
1771 4891 1828 4943 δὲ

246 4992 479 5063 τρόποις
509 4989 693 5057 ὅμοιός
719 4989 865 5040 ἐστιν
888 4980 933 5053 ᾧ
959 4982 1027 5055 ἦν
1060 4985 1323 5056 πρότερον
1344 4986 1549 5054 ὅμοιος.
1586 4986 1696 5038 Οὐκ
1717 4983 1831 5054 ἔχει

247 5084 364 5152 γὰρ
404 5081 706 5152 πραότητα,
766 5080 848 5132 ὅτι
903 5080 1003 5132 οὐκ
1034 5078 1299 5147 ἐζήτησεν
1339 5077 1613 5147 ὲμπόνως,
1650 5076 1743 5130 καὶ
1766 5076 1827 5128 οὐ

246 5171 693 5244 προηυτρέπισεν
728 5168 921 5222 ἑαυτὸν
952 5168 1097 5221 οὕτω
1153 5168 1427 5236 γενέσθαι.
1457 5168 1571 5220 Οὐκ
1598 5167 1711 5237 ἔχει
1738 5184 1829 5219 τα-

248 5261 708 5332 πεινοφροσύνην,
749 5260 937 5331 ἐπειδὴ
975 5260 1076 5312 οὐκ
1108 5260 1301 5331 ᾔτησε,
1330 5259 1423 5311 καὶ
1452 5258 1643 5313 ἑαυτὸν
1680 5257 1824 5311 ἐϐιά-

249 5370 384 5407 σατο
407 5354 487 5416 εἱς
514 5351 673 5405 τοῦτο
692 5369 705 5383 ·
738 5352 840 5405 οὐκ
872 5351 985 5421 ἔχει
1014 5351 1233 5420 ἀγάπην
1264 5350 1400 5418 πρὸς
1436 5350 1665 5413 πάντας,
1703 5350 1825 5403 ἐπεὶ

248 5445 385 5514 περὶ
435 5444 628 5497 τούτου
684 5443 957 5513 μέριμναν
986 5443 1089 5495 καὶ
1135 5440 1324 5509 ἀγῶνα
1356 5440 1456 5493 οὑκ
1486 5440 1641 5509 ἔσχεν
1671 5441 1729 5491 ἐν
1758 5443 1825 5510 τῇ

248 5538 463 5607 αἰτήσει
490 5537 589 5603 τῆς
618 5540 929 5607 προσευχῆς
948 5553 961 5567 ·
990 5537 1095 5607 χρὴ
1121 5536 1230 5606 γὰρ
1250 5535 1502 5595 ἕκαστον,
1529 5534 1718 5604 ὥσπερ
1749 5537 1829 5597 εἰς

246 5626 349 5697 τὴν
369 5626 534 5697 εὐχὴν
560 5626 803 5695 βιάζεται
832 5620 1022 5680 ἑαυτὸν
1054 5628 1144 5679 καὶ
1162 5626 1339 5696 ἄγχει,
1360 5626 1450 5679 καὶ
1473 5624 1547 5695 μὴ
1570 5624 1829 5695 θελούσης

1931 4626 2036 4680 sibi
2066 4627 2133 4680 ad
2162 4628 2436 4684 orandum
2473 4631 2585 4685 vim
2612 4632 2776 4700 facit,
2811 4650 2924 4689 non
2969 4634 3103 4692 item
3127 4639 3193 4692 ad
3228 4639 3514 4693 humiliter

1932 4714 2281 4770 sentiendum
2309 4717 2377 4771 dc
2408 4734 2489 4783 se,
2521 4735 2631 4774 non
2660 4721 2727 4776 ad
2756 4725 3124 4779 exercendam
3163 4727 3510 4794 ebaritatem,

1932 4813 2027 4859 aut
2062 4806 2129 4859 ad
2161 4808 2418 4863 mandata
2450 4811 2666 4865 Domini
2699 4823 2895 4869 caetera
2938 4816 3211 4885 implenda
3256 4817 3360 4871 sibi
3402 4819 3511 4873 vim

1930 4895 2078 4962 facit,
2102 4901 2386 4971 continget
2409 4902 2685 4959 interdum
2709 4906 2825 4959 dari
2852 4907 2982 4962 huic
2996 4909 3262 4965 orationis
3278 4911 3506 4977 donum,

1931 4989 2097 5044 etiam
2131 5006 2255 5046 cum
2285 4994 2473 5062 quiete
2502 5005 2559 5050 et
2595 4993 2786 5053 Itetitia
2818 5015 2886 5053 ex
2909 5010 3087 5069 parte,
3120 5010 3285 5070 prout
3315 5015 3508 5072 postu-

1930 5075 2094 5144 lavit;
2132 5080 2379 5136 moribus
2419 5092 2602 5138 autem
2628 5084 2826 5140 similis
2865 5095 2949 5141 est
2976 5087 3050 5153 ei,
3087 5088 3178 5142 cui
3211 5090 3363 5159 prius
3390 5101 3510 5146 erat

1931 5170 2153 5236 similis;
2192 5189 2302 5227 non
2331 5175 2477 5229 enim
2523 5176 2692 5231 habet
2723 5179 3203 5234 mansuetudinem
3225 5223 3239 5247 ,
3274 5198 3373 5252 pro
3399 5199 3509 5252 qua

1929 5262 2283 5331 adipiscenda
2320 5281 2429 5322 non
2463 5267 2768 5337 laboravit;
2800 5280 2855 5326 et
2893 5272 2961 5325 ad
3007 5288 3171 5342 quam
3212 5290 3333 5330 sese
3395 5292 3507 5330 non

1927 5352 2221 5422 disposuit.
2264 5356 2384 5411 Non
2421 5358 2590 5414 habet
2636 5361 3041 5428 humilitatem,
3087 5367 3348 5435 quoniam
3382 5382 3505 5421 eam

1924 5456 2028 5496 nec
2056 5444 2231 5511 petiit,
2269 5462 2374 5501 nec
2409 5449 2511 5503 sibi
2552 5451 2620 5505 ad
2647 5467 2765 5506 eam
2801 5456 3165 5510 exercendam
3203 5457 3313 5510 vim
3355 5457 3507 5512 adhi-

1926 5534 2065 5588 buit.
2100 5537 2260 5607 168
2287 5539 2404 5594 Non
2433 5541 2600 5599 habet
2620 5544 2944 5602 charitalem
2967 5547 3034 5602 ad
3051 5564 3261 5614 omnes,
3285 5550 3508 5619 quando

1926 5626 1994 5681 de
2024 5627 2124 5684 hac
2147 5644 2269 5686 esse
2299 5633 2590 5703 sollicitus,
2620 5653 2721 5707 pro
2744 5654 2918 5711 caque
2950 5640 3317 5700 contendere.-
3354 5641 3503 5713 flagi-

329 5816 370 5849 ιι
408 5814 605 5871 Malm,
647 5832 730 5885 χι,
782 5815 866 5871 12,
946 5815 997 5890 ’⁸.
1029 5814 1161 5870 Luc.
1212 5830 1342 5887 xm,
1392 5816 1481 5872 ει.
1563 5816 1601 5847 ¹⁹
1647 5815 1783 5869 Rom
1862 5832 1972 5885 xtl,
2016 5819 2098 5876 19.
