3980 6456
479 394 585 460 839

1736 398 1796 459 S.
1837 395 2158 455 MACARII
2202 397 2524 457 .IEGYPTII

3649 409 3745 473 840

478 522 602 567 tans
624 511 678 565 in
701 508 950 565 oratione
983 509 1087 564 sibi
1119 509 1370 572 coner-di,
1402 509 1536 562 tanti
1561 522 1671 562 non
1693 507 1869 562 duxit.
1896 509 2055 578 ()por.

2175 507 2277 575 τῆς
2300 508 2544 576 καρδίας·
2567 508 2736 570 οὕτως
2765 509 2844 572 είς
2862 509 2960 580 τὴν
2987 509 3226 581 ἀγάπην,
3253 511 3440 583 εἰςτὴν
3457 515 3746 587 πραότητα,

480 615 558 659 tet
583 604 730 658 enim
752 617 1230 671 unumquemque,
1255 601 1401 654 sicut
1423 600 1489 652 ad
1507 599 1814 653 orationem
1839 614 1896 652 se
1918 613 2074 651 com-

477 696 654 764 pellit,
686 703 742 748 ct
766 708 866 763 per
895 692 1007 747 vim
1053 700 1212 761 urget
1239 709 1252 756 ;
1292 689 1495 744 frustra
1547 687 1852 741 reluctante
1881 685 2070 748 corde,

475 788 550 841 ita
583 803 640 842 se
672 785 882 857 pariter
910 785 968 838 in
998 784 1352 847 charitatcm,
1385 781 1442 835 in
1475 778 1979 843 mansuetudinem,
2014 777 2071 832 in

479 894 702 935 omnem
750 879 1077 949 patientiam
1122 887 1180 931 et
1221 875 1730 946 longanimitatem,
1767 889 1894 929 cum
1941 889 2073 944 gau-

475 972 590 1038 dio,
615 971 927 1026 secundum
955 969 1103 1039 quod
1135 968 1402 1038 scriptum
1425 976 1528 1030 est,
1549 975 1744 1037 urgeat
1791 967 2066 1036 scipsum;

475 1068 722 1140 itemque
751 1065 820 1120 ad
857 1065 1084 1120 ferenda
1109 1063 1350 1118 libenter
1376 1060 1700 1132 opprobria,
1731 1070 1790 1115 et
1822 1059 2070 1130 pejorem

474 1173 534 1213 se
569 1157 788 1212 cunctis
811 1197 826 1221 ,
861 1155 1224 1225 inﬁmumque
1265 1153 1512 1208 omnium
1546 1151 1917 1222 reputandum
1953 1168 1967 1204 :
1999 1150 2069 1205 ad

474 1264 584 1304 non
616 1247 1010 1320 proferendum
1041 1247 1095 1301 in
1129 1246 1575 1311 conversatione,
1603 1244 1752 1316 quod
1795 1244 1931 1299 utile
1956 1260 2068 1298 non

471 1351 577 1407 est,
612 1341 707 1396 sed
743 1340 812 1395 ad
841 1339 1158 1394 meditanda
1189 1338 1359 1394 corde
1402 1353 1644 1408 semper,
1674 1346 1730 1392 et
1771 1352 1867 1392 ore
1896 1352 2068 1391 enun-

472 1435 658 1488 tianda
698 1433 919 1503 eloquia
962 1432 1205 1487 Domini.
1254 1431 1523 1487 Similiter
1563 1429 1630 1484 ad
1666 1444 1778 1484 non
1828 1429 2069 1484 irascen-

468 1528 621 1589 dum,
648 1527 804 1597 juxta
836 1525 984 1595 quod
1013 1525 1226 1580 dictum
1265 1532 1353 1580 est
1389 1541 1404 1578 :
1443 1520 1627 1580 Omnis
1662 1522 1990 1587 amaritudo,
2018 1532 2068 1575 et

468 1620 555 1672 ira
581 1659 595 1681 ,
631 1629 679 1672 et
719 1618 925 1672 clamor
950 1657 964 1682 ,
1010 1617 1240 1671 tollatur
1271 1635 1304 1670 a
1341 1616 1485 1670 vobis
1510 1655 1526 1681 ,
1569 1633 1688 1669 cum
1725 1617 1869 1670 omni
1915 1614 2067 1668 mali-

467 1709 543 1760 tia
583 1708 651 1760 ³ο.
686 1708 757 1762 Ut
801 1707 882 1762 sic
918 1706 1190 1762 Dominus
1228 1705 1348 1760 viso
1381 1706 1503 1775 ejus
1549 1705 1766 1770 studio,
1819 1705 1913 1760 det
1958 1703 2062 1773 ipsi

468 1801 585 1853 haec
618 1808 819 1854 cuncta
863 1797 1049 1853 facilia
1081 1797 1220 1852 citra
1266 1796 1516 1852 laborem
1543 1806 1600 1851 et
1626 1795 1738 1849 vim
1761 1836 1774 1860 ,
1823 1809 1946 1864 quze
1975 1810 2066 1849 an-

467 1896 555 1941 tea
604 1887 886 1942 laborioso
933 1896 1136 1942 conatu
1186 1893 1376 1941 tenere
1411 1885 1501 1940 vix
1540 1895 1792 1956 poterat,
1839 1893 2066 1955 propter

468 1976 785 2031 inhabitans
819 1977 877 2030 in
917 1991 986 2030 eo
1036 1983 1324 2044 peccatum
1359 1992 1373 2027 :
1421 1976 1495 2030 ita
1539 1984 1599 2030 ut
1647 1975 1750 2044 ipsi
1785 1976 1897 2046 jam
1930 1974 2064 2028 ﬁant

469 2069 574 2122 illa:
608 2083 802 2122 omnes
830 2067 1052 2122 virtutis
1080 2069 1508 2124 exercitationes
1540 2066 1698 2136 quasi
1733 2075 1955 2122 natura.
1985 2067 2062 2121 De

2176 600 2270 650 καὶ
2288 601 2364 660 εἰς
2389 601 2569 652 πᾶσαν
2587 601 2865 673 ὑπομονὴν
2888 605 2981 654 καὶ
3007 603 3392 674 μακροθυμίαν
3413 609 3550 674 μετὰ
3564 614 3746 681 χαρᾶς,

2177 687 2318 740 κατὰ
2345 686 2406 738 τὸ
2439 691 2829 760 γεγραμμένον
2850 707 2864 722 °
2892 691 3036 744 οῦτω
3069 691 3350 761 βιάζεσθαι
3379 696 3573 749 ἑαυτὸν
3600 701 3675 764 εἰς
3696 703 3751 754 τὸ

2177 779 2601 847 ὲξουθενεῖσθαι,
2638 783 2733 835 καὶ
2765 783 2933 853 χείρω
2962 786 3058 838 καὶ
3088 785 3311 855 ἔσχατον
3362 788 3561 842 ἑαυτὸν
3618 792 3750 860 λογί-

2176 873 2366 937 ζεσθαι
2401 873 2644 937 πάντων,
2684 873 2759 938 ὼς
2808 876 2870 927 τὸ
2896 876 2971 946 μὴ
2999 875 3057 928 ὃν
3080 878 3370 948 χρήσιμον,
3410 880 3486 950 μὴ
3514 882 3746 951 ὁμιλεῖν·

2172 963 2309 1017 ἀλλὰ
2341 965 2410 1018 τὰ
2464 965 2559 1018 τοῦ
2613 966 2820 1034 Κυρίου
2858 968 3090 1039 μελετᾷν
3142 969 3227 1022 ἀεὶ
3265 971 3422 1038 λόγια
3454 975 3549 1025 καὶ
3583 973 3750 1028 λαλεῖν

2175 1057 2408 1126 στόματι
2451 1057 2545 1109 καὶ
2592 1058 2826 1128 καρδίᾳο
2866 1058 3042 1123 οὕτως
3100 1060 3182 1123 είς
3201 1061 3262 1113 τὸ
3317 1063 3394 1131 μὴ
3453 1063 3746 1131 θυμοῦσθαι

2173 1147 2318 1202 κατὰ
2367 1148 2428 1202 τὺ
2475 1150 2770 1220 εἰρημένον
2796 1168 2811 1182 ο
2843 1149 3023 1206 Πᾶσα
3057 1153 3286 1219 πικρία,
3319 1153 3420 1206 καί
3457 1154 3624 1225 ὀργὴ,
3656 1159 3746 1210 κιιί

2171 1243 2404 1312 κραυγὴ
2460 1242 2695 1312 ἀρθήτω
2738 1244 2840 1313 ἀφ’
2899 1243 3085 1314 ὑμῶν,
3137 1244 3260 1298 σὺν
3320 1245 3494 1314 πάσῃ
3546 1250 3746 1315 κακίᾳ·

2172 1330 2292 1383 Ἵνα
2338 1330 2512 1395 οὕτως
2563 1335 2591 1386 ὁ
2637 1333 2844 1403 Κύριος
2900 1333 3024 1388 ἰδὼν
3068 1335 3236 1388 αὑτοῦ
3287 1336 3390 1408 τὴν
3443 1339 3747 1408 προαίρεσιν

2169 1423 2320 1497 δώσῃ
2368 1424 2520 1496 αὐτῷ
2576 1424 2751 1480 ταῦτα
2813 1428 2993 1480 πάντα
3045 1429 3269 1491 ἀκόπως
3316 1429 3413 1482 καὶ
3462 1430 3745 1497 ἁδιάστως,

2170 1514 2315 1586 ἅπερ
2343 1517 2474 1586 πρὶν
2509 1515 2652 1570 οὕτω
2685 1518 2824 1588 μετὰ
2856 1518 2976 1588 βίας
3011 1519 3244 1588 φυλάξαι
3272 1519 3528 1589 ἠδύνατο,
3559 1521 3642 1574 διὰ
3660 1522 3747 1591 τὴν

2168 1609 2428 1663 οἰκοῦσαν
2449 1611 2506 1662 ὲν
2534 1610 2685 1680 αύτῷ
2710 1611 2986 1681 ἁμαρτίαν
3008 1627 3021 1640 ·
3046 1612 3141 1664 καὶ
3169 1611 3383 1679 γίνεται
3413 1613 3564 1683 αὐτῷ
3592 1613 3746 1667 ταῦτα

2170 1701 2347 1755 πάντα
2388 1701 2487 1768 τῆς
2537 1702 2741 1772 ἀρετῆς
2794 1703 3200 1773 ἐπιτηδεύματα
3248 1704 3441 1776 ὥσπερ
3471 1705 3660 1772 φύσις·
3691 1708 3746 1758 τὸ

2168 1793 2355 1846 λοιπὸν
2383 1795 2491 1865 γὰρ
2518 1793 2688 1848 ἐλθὼν
2722 1797 2750 1848 ὁ
2783 1796 3006 1866 Κύριος,
3041 1795 3211 1849 ἐλθὼν
3238 1798 3332 1850 καὶ
3388 1799 3672 1869 γενόμενος
3693 1800 3746 1852 ἐν

2171 1884 2342 1955 αύτῷ,
2394 1889 2491 1939 καὶ
2536 1888 2698 1952 αὐτὸς
2735 1891 2882 1942 ποιεῖ
2924 1891 2981 1942 ὲν
3032 1891 3182 1960 αύτῷ
3215 1890 3313 1954 τὰς
3365 1891 3506 1954 ἰδίας
3543 1891 3746 1955 ἐντολὰς

2172 1977 2300 2030 ἄνευ
2355 1978 2643 2048 καμάτου’,
2705 1980 2930 2052 πληρῶν
2975 1981 3138 2035 αὑτὸν
3195 1983 3310 2044 τοῖς
3375 1984 3609 2052 καρποῖς
3658 1979 3743 2034 τοῦ

2172 2069 2510 2139 Πνεύματος.

467 2171 671 2217 caetero
701 2161 848 2216 enim
892 2161 1159 2216 Dominus
1183 2161 1240 2214 in
1268 2175 1395 2215 eum
1421 2160 1824 2222 adveniens,ct
1852 2160 1908 2214 in
1970 2160 2090 2228 ipso
2129 2177 2487 2230 permanens,
2530 2165 2610 2219 uti
2675 2175 2732 2221 et
2776 2167 2892 2235 ipse
2937 2165 2991 2222 in
3034 2183 3102 2223 eo
3127 2207 3140 2233 ,
3175 2167 3506 2238 exsequitur
3541 2167 3595 2222 in
3636 2165 3743 2236 ipso

466 2272 563 2310 sua
590 2257 765 2325 ipsius
783 2254 1066 2318 mandata,
1091 2253 1210 2310 sine
1235 2252 1487 2308 molestia
1511 2253 1632 2322 ejus
1657 2251 1804 2318 ulla;
1833 2251 2054 2321 replens
2089 2253 2272 2323 ipsum
2307 2254 2581 2311 fructibus
2611 2256 2872 2326 Spiritus.

536 2350 676 2404 XIV.
709 2349 765 2403 Si
801 2362 933 2403 vero
976 2347 1255 2417 quispiam
1283 2345 1352 2400 ad
1382 2345 1692 2400 orationem
1726 2344 2067 2399 fundendam

462 2443 567 2499 sibi
597 2442 710 2496 vim
748 2439 920 2494 infert
948 2480 961 2505 ,
994 2439 1174 2494 donec
1219 2438 1458 2508 aliquam
1495 2438 1726 2508 gratiam
1761 2453 1790 2491 a
1819 2439 1932 2494 Deo
1964 2440 2066 2494 im-

461 2543 661 2604 petret,
682 2533 738 2586 in
756 2533 873 2587 haec
905 2540 1114 2596 autem,
1145 2531 1361 2587 scilicet
1387 2530 1784 2595 humilitatem,
1820 2530 2066 2588 charita-

463 2641 613 2690 tcm,
647 2623 1175 2689 mansuetudinem,
1230 2630 1288 2676 et
1349 2622 1592 2692 reliquas
1648 2621 1888 2677 virtutes
1945 2624 2062 2693 pari

461 2727 663 2773 conatu
706 2732 815 2770 non
866 2715 1176 2778 incumbit,
1224 2715 1329 2770 sibi
1359 2715 1426 2770 ad
1475 2731 1569 2770 eas
1608 2714 1718 2768 vim
1767 2716 2052 2783 inferens,

459 2821 861 2876 nonnunquam
890 2806 995 2876 ipsi
1041 2822 1099 2861 se
1136 2805 1385 2876 indulget
1415 2806 1602 2860 divina
1633 2807 1807 2875 gratia
1843 2807 2054 2876 petenti

459 2907 515 2951 et
555 2896 771 2959 oranti;
814 2895 996 2949 bonus
1019 2895 1225 2964 quippe
1257 2903 1313 2948 ct
1344 2894 1589 2949 clemens
1615 2894 1762 2948 Deus
1794 2903 1900 2959 est,
1933 2910 2057 2964 pro-

458 3006 676 3060 nusque
705 2989 774 3042 ad
811 2987 1228 3042 concedendum
1261 2988 1636 3057 flagitantibus
1671 3004 1793 3056 qua:
1814 2988 2008 3042 volunt
2036 3005 2052 3053 ;

457 3083 552 3156 qui
590 3090 774 3136 tamen
823 3080 950 3134 talis
988 3096 1100 3134 non
1152 3078 1482 3148 przeparavit
1553 3079 1830 3148 seipsum,
1872 3094 2054 3148 neque

2238 2350 2337 2403 IA'.
2371 2349 2434 2402 Εἰ
2487 2349 2544 2403 δέ
2595 2367 2676 2414 τις
2708 2352 2787 2413 εἰς
2816 2351 2984 2421 εὐχὴν
3024 2351 3270 2422 βιάζεται
3311 2352 3528 2417 ἑαυτὸν,
3560 2353 3658 2416 ἕως
3684 2344 3737 2406 οὗ

2165 2432 2304 2508 λάϐῃ
2337 2453 2390 2488 τι
2419 2437 2668 2508 χάρισμα
2696 2437 2849 2508 παρὰ
2884 2439 2978 2492 τοῦ
3004 2440 3162 2508 Θεοῦ,
3188 2443 3269 2505 εἰς
3298 2443 3477 2496 ταῦτα
3503 2445 3561 2497 δὲ
3583 2446 3733 2515 ἤγουν

2162 2528 2244 2591 εἰς
2274 2529 2804 2602 ταπεινοφροσύνην,
2829 2533 2910 2595 εἰς
2936 2532 3181 2604 ἀγάπην,
3215 2535 3298 2598 εἰς
3323 2534 3626 2606 πραότητα,
3654 2537 3735 2586 καὶ

2161 2621 2241 2684 είς
2257 2621 2354 2684 τὰς
2376 2620 2570 2686 λοιπὰς
2592 2624 2815 2693 ἀρετάς,
2847 2624 3049 2694 ὁμοίως
3064 2627 3125 2679 οῦ
3143 2627 3398 2696 βιάζεται
3421 2628 3628 2690 ἑαυτὸν,
3651 2628 3734 2680 καὶ

2161 2711 2340 2782 ἄγχει,
2364 2713 2534 2768 ἐνίοτε
2565 2717 2772 2783 γίνεται
2800 2717 2935 2788 πρὸς
2968 2719 3130 2772 αὑτὸν
3156 2719 3276 2772 θεία
3299 2721 3464 2792 χάρις
3480 2720 3731 2782 αἰτοῦντος

2164 2804 2259 2857 καὶ
2293 2804 2583 2875 δεομένουο
2628 2808 2833 2876 ἀγαθὸς
2863 2809 2973 2882 γὰρ
3005 2810 3102 2864 καὶ
3143 2814 3384 2882 χρηστὸς
3417 2815 3444 2865 ὁ
3477 2814 3625 2877 Θεὸς,
3650 2813 3731 2864 καὶ

2161 2896 2274 2957 τοῖς
2303 2895 2548 2949 αἰτοῦσιν
2591 2899 2754 2952 αὐτὸν
2783 2899 2966 2954 δίδωσι
2987 2900 3057 2954 τὰ
3094 2902 3382 2972 αἰτήματα
3403 2920 3418 2934 ·
3451 2901 3526 2974 μὴ
3550 2918 3727 2974 προευ-

2161 2987 2429 3058 τρεπίσας
2459 2989 2517 3042 δὲ
2546 2991 2758 3057 ἑαυτὸν,
2792 2991 2888 3044 καὶ
2919 2992 2994 3063 μὴ
3025 2992 3211 3055 ἐθίσας
3250 2995 3336 3057 εἰς
3357 2995 3457 3056 τὰς
3492 3010 3727 3064 προειρη-

2166 3080 2332 3150 μένας
2356 3081 2580 3152 ὰρετὰς,
2622 3082 2653 3152 ἢ
2691 3083 2915 3137 ἁπόλλει
2950 3084 3050 3155 τὴν
3073 3083 3263 3155 χάριν,
3286 3086 3324 3156 ἦ
3353 3085 3614 3154 λαμϐάνει
3643 3082 3725 3136 καὶ

460 3173 758 3229 assuefecit
791 3171 857 3226 ad
900 3171 1056 3240 prius
1085 3180 1422 3225 memoratas
1444 3170 1680 3226 virtutes
1703 3211 1716 3234 ,
1747 3179 1844 3224 aut
1872 3169 2055 3240 perdit

2163 3172 2371 3237 πίπτει,
2405 3173 2438 3243 ἦ
2472 3175 2533 3227 οὐ
2569 3175 2869 3246 προκόπτει
2893 3173 3354 3246 ὑψηλοφρονήσας
3373 3191 3386 3205 ·
3416 3174 3598 3244 ἐπειδὴ
3619 3173 3723 3232 ταῖς

457 3267 716 3335 gratiam,
750 3273 847 3318 aut
897 3263 1102 3332 accipit
1143 3272 1199 3316 et
1239 3261 1412 3325 cadit,
1442 3271 1539 3315 aut
1573 3276 1686 3316 non
1723 3261 1964 3332 proficit,
1997 3261 2052 3316 in

454 3360 770 3431 superbiam
820 3358 1038 3419 elatus;
1081 3356 1341 3426 quoniam
1392 3355 1666 3410 mandatis
1713 3355 1929 3409 Domini
1961 3370 2064 3409 sc--

456 3450 638 3518 ipsum
680 3463 744 3500 ex
777 3445 1065 3516 proposito
1106 3459 1218 3498 non
1255 3443 1422 3497 tradit
1458 3452 1656 3498 totum.
1694 3443 1830 3498 Nam
1869 3445 2049 3499 domi-

454 3542 644 3595 cilium
685 3547 741 3593 ct
788 3538 1010 3607 requies
1052 3537 1295 3607 Spiritus
1338 3536 1622 3592 humilitas
1653 3544 1778 3601 est,
1811 3537 2052 3591 eharitas

452 3639 558 3696 est,
590 3627 955 3684 mansuetudo
979 3635 1084 3692 est,
1116 3635 1170 3681 ct
1199 3636 1410 3681 caeteras
1443 3627 1781 3697 prmscriplze
1810 3642 1840 3680 a
1870 3627 2052 3680 Domi-

451 3739 524 3778 no
567 3723 822 3776 virtutes.
873 3720 1086 3774 Debent
1135 3719 1302 3787 igitur
1347 3719 1444 3789 qui
1493 3719 1690 3782 volunt
1729 3718 1784 3772 in
1819 3719 2050 3772 veritate

451 3817 673 3886 placere
710 3815 824 3867 Deo
855 3819 910 3865 et
953 3811 1206 3880 accipere
1236 3809 1304 3864 ab
1340 3811 1459 3879 ipso
1484 3810 1763 3864 coalestem
1795 3808 2047 3878 gratiam,

450 3921 814 3976 crescercque
857 3919 921 3958 ac
955 3920 1011 3958 se
1037 3903 1303 3974 perficere
1346 3904 1402 3957 in
1435 3909 1626 3957 sancto
1653 3901 1889 3970 Spiritu,
1934 3901 2047 3968 pri-

449 4015 601 4054 mum
629 4013 825 4068 cogere
880 3997 1092 4065 scipsos
1145 3995 1211 4049 ad
1241 3994 1549 4050 exercenda
1589 3992 1766 4047 officia
1800 3993 2079 4056 omnium,

448 4087 744 4150 virtutum,
783 4081 1140 4153 quantumvis
1189 4083 1492 4137 reluctante
1545 4083 1751 4143 animo,
1791 4081 1931 4136 sicut
1966 4081 2049 4135 di-

448 4188 599 4231 ctum
649 4185 733 4229 est
768 4192 781 4228 :
817 4173 1108 4242 Propterea
1146 4172 1216 4223 ad
1260 4172 1441 4224 omnia
1485 4169 1742 4223 mandata
1783 4177 1876 4222 tua
1913 4169 2047 4221 diri-

447 4270 610 4339 gebar
639 4269 708 4320 “.
744 4266 834 4322 Uti
863 4265 1012 4319 enim
1041 4262 1240 4332 aliquis
1265 4264 1332 4317 ad
1353 4259 1819 4332 perseverandum
1847 4261 1900 4312 in
1925 4275 2050 4313 ora-

451 4365 598 4416 tione
631 4360 739 4414 sibi
762 4359 875 4412 vim
898 4357 1065 4412 infert
1095 4371 1325 4425 seseque
1349 4355 1515 4425 cogit,
1543 4369 1718 4423 usque
1745 4353 1874 4407 dum
1901 4361 2048 4407 recte

445 4454 556 4509 hoc
581 4467 811 4507 munere
839 4452 1100 4521 fungatur
1126 4466 1141 4514 ;
1180 4448 1253 4503 ita
1282 4447 1447 4503 debet
1480 4462 1538 4501 se
1574 4445 1784 4516 pariter
1809 4444 1876 4500 ad
1910 4461 2044 4499 cun-

448 4555 534 4601 cta
563 4546 788 4600 virtutis
813 4543 990 4597 officia
1017 4541 1372 4611 compellere.
1399 4540 1649 4616 urgendo
1679 4548 1735 4592 et
1767 4538 2036 4608 cogendo,

446 4639 629 4711 quoad
662 4655 730 4693 ex
768 4635 1175 4692 consuetudine
1199 4634 1405 4689 bonum
1440 4633 1693 4687 habitum
1722 4639 1879 4702 paret
1909 4647 1921 4682 :
1961 4629 2042 4684 sic

446 4734 596 4788 enim
619 4732 765 4803 quod
798 4734 1220 4800 perseveranter
1250 4725 1472 4796 petierit
1505 4741 1534 4778 a
1572 4723 1805 4778 Domino
1844 4737 2042 4777 conse-

447 4837 636 4893 cutus,
671 4826 832 4895 plena
857 4823 968 4896 jam
999 4830 1056 4877 et
1087 4837 1282 4876 secura
1312 4817 1485 4888 optati
1521 4815 1874 4886 possessione
1903 4830 2038 4883 gau-

447 4918 603 4972 debit
635 4935 649 4970 :
683 4923 967 4972 crescente
999 4913 1191 4983 utique
1218 4927 1283 4967 ac
1313 4911 1546 4965 ﬂorente
1578 4908 1634 4961 in
1667 4907 1787 4978 ipso
1821 4922 2036 4976 perma-

445 5018 664 5073 nenter,
678 5023 842 5078 quam
857 5006 1020 5060 anxie
1033 5004 1354 5076 postulavit,
1367 4993 1543 5074 g'ratia
1567 4998 1837 5068 Spiritus;
1862 4997 2039 5068 gratia

445 5115 568 5170 qum
592 5099 828 5153 donatur
866 5095 993 5167 ipsi,
1031 5111 1264 5167 quaeque
1293 5093 1595 5165 requiescit
1629 5093 1685 5146 in
1726 5091 2039 5146 humilitate

446 5190 655 5260 ipsius,
701 5197 758 5242 et
798 5189 855 5242 in
904 5188 1137 5257 reliquis
1169 5188 1506 5251 virtutibus,
1553 5192 1607 5240 et
1648 5185 1813 5239 docet
1860 5183 2037 5253 ipsum

442 5296 632 5336 veram
663 5278 1053 5343 humilitatem,
1081 5295 1266 5333 veram
1291 5279 1640 5341 charitatcm,
1669 5292 1857 5332 veram
1879 5291 2039 5329 man-

445 5371 822 5434 suetudinem,
863 5371 930 5425 ad
973 5386 1139 5440 quam
1167 5369 1563 5440 possidendam
1597 5384 1715 5424 sese
1743 5368 2035 5437 compulit,

445 5476 728 5533 quamque
764 5462 926 5516 anxie
961 5460 1234 5531 quassivit.
1278 5461 1348 5514 Et
1385 5460 1466 5514 sic
1511 5470 1706 5514 auctus
1749 5459 1805 5514 in
1856 5458 2045 5528 profe-

446 5563 620 5622 ctum,
659 5563 715 5610 et
742 5553 810 5608 ad
836 5553 1016 5624 ipsum
1044 5552 1407 5623 perfectionis
1437 5553 1493 5605 in
1537 5552 1648 5606 Deo
1673 5559 1895 5607 erectus
1926 5551 2046 5604 cul—

445 5660 592 5712 men,
642 5645 964 5702 haereditate
997 5645 1264 5702 caelorum
1310 5644 1466 5714 regni
1513 5643 1714 5714 dignus
1764 5650 2042 5699 censetur.

517 5820 565 5854 ¹⁶
603 5821 810 5893 Ephes.
853 5839 945 5891 tv,
989 5824 1078 5880 5'5.
1155 5825 1198 5858 ἰ
1233 5823 1384 5897 Psal.
1424 5838 1608 5892 cxvm,
1651 5823 1774 5878 HG.

2159 3265 2402 3328 ἐντολαῖς
2435 3265 2530 3319 τοῦ
2580 3267 2787 3338 Κυρίου
2819 3268 3010 3322 ἑαυτὸν
3043 3270 3108 3321 ὲκ
3153 3269 3540 3340 προαιρέσεως
3576 3265 3631 3318 ού
3658 3263 3722 3315 δί-

2157 3355 2309 3411 δωσι.
2349 3357 2422 3409 Τὸ
2454 3359 2563 3428 γάρ
2586 3361 3005 3429 κατοικητήριον
3057 3359 3088 3430 ἢ
3120 3360 3436 3424 ἀνάπαυσις
3463 3361 3552 3412 τοῦ
3576 3355 3721 3410 Πνεῦ-

2161 3461 2349 3514 ματος,
2389 3447 2422 3517 ἡ
2458 3449 2929 3519 ταπεινοφροσύνη
2969 3451 3106 3516 ἐστὶ,
3143 3452 3237 3505 καὶ
3271 3452 3309 3523 ἡ
3343 3451 3549 3520 ἀγάπη,
3585 3447 3718 3511 καὶῆ

2157 3535 2423 3605 πραότης,
2459 3537 2551 3590 καὶ
2583 3539 2637 3590 αἱ
2672 3539 2856 3590 λοιπαὶ
2901 3539 2996 3592 τοῦ
3043 3541 3250 3611 Κυρίου
3284 3541 3516 3595 ὲντολαί.
3559 3536 3715 3605 Ὀφεί-

2155 3628 2339 3681 λουσιν
2386 3627 2478 3682 οὖν
2516 3630 2832 3700 βουλόμενοι
2881 3631 2942 3695 ἐξ
2976 3632 3234 3701 ἀληθείας
3265 3634 3624 3704 εὐαρεστῆσαι
3651 3626 3714 3695 τῷ

2155 3719 2294 3788 θεῷ,
2325 3720 2423 3772 καὶ
2451 3719 2708 3784 δέξασθαι
2738 3723 2868 3791 παρ’
2891 3722 3056 3775 αὑτοῦ
3083 3724 3181 3794 τὴν
3208 3725 3530 3796 ἐπουράνιον
3557 3721 3709 3791 χάριν,

2155 3813 2249 3864 καὶ
2283 3811 2516 3882 αὐξῆσαι
2549 3814 2643 3866 καὶ
2669 3813 2956 3870 τελειῶσαι
2985 3818 3043 3869 ὲν
3075 3817 3152 3886 τῷ
3179 3817 3324 3888 ἁγίῳ
3346 3817 3613 3887 ΙΙνεύματι
3632 3811 3711 3865 καὶ

2155 3901 2438 3972 βιάζεσθαι
2469 3904 2687 3974 πρῶτον
2715 3905 2908 3958 ἑαυτὸν
2941 3907 3236 3974 φυλάσσειν
3264 3910 3450 3970 πάσας
3479 3908 3569 3969 τὰς
3603 3905 3712 3972 apt-

2150 3992 2273 4058 τὰς,
2305 3993 2402 4046 καὶ
2437 3993 2511 4062 μὴ
2546 3993 2808 4066 θελούσης
2837 3995 2936 4066 τῆς
2973 3997 3218 4065 καρδίας,
3251 3999 3397 4052 κατὰ
3427 3997 3485 4049 τὸ
3509 3990 3707 4062 εἰρημέ-

2151 4103 2238 4138 νον
2258 4102 2272 4115 ·
2296 4085 2398 4138 Διά
2418 4086 2594 4140 τοῦτο
2623 4087 2774 4154 πρὸς
2802 4086 3009 4152 πάσας
3039 4090 3146 4153 τὰς
3175 4089 3433 4154 ἐντολάς
3460 4102 3569 4142 σου
3595 4097 3706 4136 κατ-

2151 4179 2483 4247 ωρθούμην.
2535 4177 2622 4243 Ὧς
2670 4178 2779 4251 γάρ
2833 4197 2917 4244 τις
2962 4183 3042 4246 εἰς
3101 4183 3200 4251 τὴν
3237 4181 3569 4252 καρτέρησιν
3624 4173 3707 4239 τῆς

2150 4270 2318 4341 εὐχῆς
2350 4270 2595 4340 βιάζεται
2621 4273 2814 4326 ἑαυτὸν
2844 4274 2938 4326 καὶ
2976 4273 3136 4342 ἄγχει
3169 4273 3273 4336 ἕως
3309 4267 3373 4328 οῦ
3414 4266 3703 4340 κατορθώσῃ

2148 4362 2342 4417 τοῦτο’
2388 4364 2592 4434 ὁμοίως
2629 4365 2708 4428 εἰς
2752 4364 2932 4418 πάντα
2979 4367 3046 4420 τὰ
3091 4365 3191 4434 τῆς
3219 4365 3424 4436 ἀρετῆς
3455 4356 3702 4428 ἐπιτηδεύ-

2153 4472 2299 4525 ματα
2348 4454 2597 4526 βιάζεται
2646 4456 2834 4510 ἑαυτὸν
2881 4457 2977 4510 καὶ
3022 4459 3201 4527 ἄγχει,
3245 4455 3345 4510 καὶ
3402 4452 3562 4516 ὲθίζει
3603 4447 3700 4504 ἔθος

2146 4545 2380 4614 ἀγαθόν·
2409 4545 2506 4599 καὶ
2537 4545 2710 4609 οὕτως
2737 4545 3058 4616 αἰτούμενος
3091 4545 3182 4599 καὶ
3219 4545 3475 4614 δεόμενος
3499 4538 3584 4594 τοῦ
3613 4537 3698 4588 Ku-

2147 4637 2264 4708 ρίου
2297 4636 2614 4702 διαπαντὸς,
2643 4637 2738 4691 καὶ
2779 4636 2959 4707 τυχὼν
2999 4637 3096 4708 τῆς
3140 4637 3430 4706 αἰτήσεως,
3459 4631 3598 4697 αῦξει
3625 4621 3698 4676 καὶ

2145 4729 2297 4783 θαλεῖ
2332 4731 2390 4782 ὲν
2422 4729 2573 4800 αὐτῷ
2618 4731 2679 4783 τὸ
2723 4729 2973 4800 χάρισμα
3002 4729 3097 4783 τοῦ
3127 4729 3468 4798 Πνεύματος,
3490 4727 3546 4776 τὸ
3565 4719 3697 4790 χάρι-

2147 4837 2259 4889 σμα
2272 4821 2332 4872 τὸ
2345 4821 2606 4891 χαρισθὲν
2623 4821 2772 4889 αὐτῷ
2792 4821 3200 4889 ὲναπαυόμενον
3217 4822 3273 4873 ὲν
3295 4819 3360 4889 τῆ
3373 4823 3697 4878 summa???

2145 4911 2279 4983 σύνῃ
2311 4911 2498 4976 αὐτοῦ,
2527 4913 2620 4965 καὶ
2653 4914 2711 4963 ὲν
2738 4913 2859 4974 ταῖς
2880 4911 3094 4974 λοιπαῖς
3119 4913 3361 4981 ἀρεταῖς,
3386 4909 3473 4962 καὶ
3487 4904 3695 4958 διδάσκει

2146 5005 2308 5058 αὐτὸν
2333 5004 2590 5075 ἀληθινὴν
2611 5006 2849 5074 ἀγάπην,
2875 5005 3132 5075 ἀληθινὴν
3147 5005 3443 5075 πραότητα,
3472 4999 3533 5069 ἢν
3582 5007 3696 5060 προ·

2151 5095 2407 5149 εϐιάσατο
2434 5096 2526 5149 καὶ
2547 5095 2799 5166 ἐζήτησεο
2822 5097 2916 5149 καὶ
2943 5095 3116 5158 οὕτως
3137 5096 3378 5164 αὐξήσας
3407 5091 3494 5144 καὶ
3512 5086 3694 5140 τελειω-

2153 5185 2268 5249 θεὶς
2304 5188 2363 5239 ἐν
2392 5187 2510 5257 Θεῷ
2541 5187 2875 5257 κληρονόμος
2921 5188 3018 5259 τῆς
3045 5187 3324 5258 βασιλείας
3351 5184 3457 5236 τῶν
3480 5172 3692 5248 οὐρανῶν

2146 5280 2411 5346 ἀξιοῦται.
2451 5282 2504 5332 '0
2549 5281 2660 5351 γὰρ
2704 5282 2988 5346 ταπεινὸς
3033 5279 3321 5334 οὐδέποτε
3353 5278 3560 5329 πίπτει.
3599 5260 3687 5318 Ποῦ

2145 5373 2253 5443 γὰρ
2288 5375 2481 5425 πεσεῖν
2513 5372 2626 5443 ἔχει
2657 5373 2917 5426 ὑποκάτω
2947 5383 3168 5426 παντων
3197 5371 3304 5436 div;
3341 5366 3539 5438 μεγάλη
3564 5359 3687 5425 ὖέίιν

2148 5478 2230 5523 at;
2274 5461 2308 5530 ἡ
2352 5461 2682 5524 ταπείνωσις
2705 5479 2718 5493 ο
2751 5461 2845 5514 καὶ
2873 5461 3147 5532 τιμιότης,
3195 5460 3289 5513 καὶ
3325 5457 3529 5522 ἀξίωμα
3552 5450 3581 5517 ἠ
3605 5459 3682 5494 τοῖ’

2145 5551 2572 5621 πεινοφροσύνη.
2612 5551 2917 5620 Ἑοίσωμεν
2963 5547 3056 5606 οὖν
3086 5551 3182 5604 καὶ
3208 5551 3365 5620 ἡμεῖς
3385 5541 3581 5601 αὐτοὺς.
3607 5545 3682 5621 κζιι

2145 5640 2402 5711 ἄγξωμεν
2460 5644 2540 5706 εἰς
2584 5641 2684 5711 τὴν
2739 5642 3263 5713 ταπεινοφροσύνην,
3303 5637 3394 5692 καὶ
3431 5633 3500 5704 μὴ
3520 5620 3676 5681 θελούσ
