3980 6424
295 397 386 462 841
1216 405 1449 464 LlBER
1489 405 1585 464 DE
1629 403 2149 464 l‘EllFEC'PlON’E
2195 402 2273 462 IN
2315 402 2647 460 SPlRlTU.
3465 400 3568 459 812

299 531 393 584 σης
417 515 514 585 τῆς
543 511 764 584 καρδίας
796 511 975 584 ἡμῶν,
1004 513 1251 584 δεόμενοι
1303 520 1400 567 καὶ
1429 514 1871 585 παρακαλοῦντες

1993 515 2218 569 Humilis
2257 515 2406 569 enim
2453 527 2737 582 nunquam
2782 511 2963 574 cadit;
3009 527 3118 581 quo
3149 510 3296 565 enim
3345 511 3565 565 caderet

303 607 390 661 τὸν
415 606 544 660 Θεὸν
566 607 622 658 ὲν
653 605 832 658 πίστει
857 605 951 658 καλ⁵
977 605 1154 659 ἐλπίδι
1179 605 1273 660 καὶ
1303 607 1495 678 ἀγάπῃ
1517 607 1875 670 ἀδιαλείπτως

1990 607 2078 677 [ιυὶ
2112 607 2253 661 infra
2287 607 2473 660 omnia
2503 606 2624 660 est?
2649 603 2840 674 Magna
2865 605 3123 658 exaltatie
3150 604 3433 664 humilitas
3462 614 3562 666 est;

299 701 353 752 ὲν
379 701 443 770 τῇ
475 697 776 768 προσδοκίᾳ.
831 697 1028 770 ταύτῃ,
1065 699 1152 751 ἵνα
1194 699 1496 770 ἀποστείλῃ
1546 698 1605 751 τὸ
1650 698 1871 769 Πνεῦμα

1996 716 2232 755 summus
2268 699 2496 754 honoris
2519 713 2680 769 apex,
2714 699 2930 752 excelsa
2965 697 3221 766 dignitas,
3246 697 3331 750 sui
3362 696 3568 750 demis-

299 791 453 846 αὐτοῦ
478 793 556 856 εἰς
585 791 686 855 τάς
706 791 936 860 καρδίας
958 792 1118 862 ἡμῶν
1138 809 1150 821 ·
1185 791 1271 844 ἵνα
1290 791 1573 862 εὑξώμεθα
1588 793 1678 846 καὶ
1706 809 1871 862 προσ-

1993 792 2085 847 sio.
2131 790 2576 846 Assucfaciamus
2611 807 2742 862 ergo
2775 806 2902 854 nos,
2940 799 2994 843 et
3021 789 3071 842 vi
3115 791 3282 844 etiam
3319 790 3565 843 adhibita

297 882 616 952 κυνήσωμεν
661 883 720 935 ὲν
772 881 1050 953 Πνεῦματι
1108 883 1188 952 τῷ
1260 883 1469 954 Πατρί’
1500 885 1595 936 καὶ
1641 883 1775 936 αὐτὸ
1817 883 1869 936 τὲ

1992 898 2241 953 cogamus
2265 881 2332 935 ad
2359 881 2666 945 submisse,
2700 882 2920 935 nolente
2949 882 3113 934 etiam
3146 880 3311 935 corde
3351 889 3564 940 nostro,

300 972 516 1042 Πνεῦμα
549 971 773 1044 εὔξηται
805 973 862 1025 ἐν
887 974 1019 1043 ἡμῖν
1041 989 1053 1002 ·
1085 973 1171 1025 ἵνα
1203 975 1334 1026 αὐτὸ
1362 975 1422 1026 τὸ
1443 974 1668 1043 Πνεῦμα
1690 975 1872 1044 διδάξῃ

1995 976 2048 1029 le
2083 975 2243 1029 nobis
2277 973 2656 1038 sentiendum;
2701 976 2984 1042 Deumque
3021 988 3144 1026 cum
3190 972 3327 1035 ﬁde,
3372 989 3466 1042 spe
3505 989 3567 1027 ar:

261 1087 266 1098 ·
297 1067 437 1132 ἡμᾶς
482 1064 648 1135 εὐχὴν
695 1064 976 1136 ἀληθινὴν,
1009 1066 1534 1137 ταπεινοφροσύνην,
1569 1066 1833 1136 πραότητι

1995 1069 2249 1123 :haritate
2290 1067 2666 1122 indesinenter
2721 1067 3098 1132 obsecrantes,
3146 1067 3200 1121 in
3255 1066 3567 1136 longanima

295 1157 529 1226 ἀγάπην,
560 1156 598 1210 ἃ.
620 1155 717 1210 νῦν
748 1157 888 1229 μετά
916 1158 1037 1229 βίας
1064 1159 1124 1212 οὺ
1152 1159 1431 1230 δυνάμεθα
1448 1161 1643 1223 ποιεῖν,
1664 1159 1867 1228 σπλάγ-

1992 1158 2424 1230 3xspeetatione,
2471 1169 2531 1211 ut
2565 1158 2747 1212 mittat
2777 1158 3046 1226 Spiritum
3089 1173 3251 1212 suum
3300 1158 3355 1211 in
3403 1159 3564 1212 corda

295 1265 387 1318 χνα
421 1249 749 1319 οἰκτιρμῶν,
782 1249 1152 1321 χρηστότητα,
1185 1251 1281 1304 καὶ
1314 1251 1497 1313 πάσας
1524 1250 1625 1314 τὰς
1655 1251 1867 1314 ἐντολὰς

1990 1261 2188 1314 nostra,
2225 1258 2285 1305 ut
2308 1265 2531 1304 oremus
2558 1257 2616 1304 et
2641 1249 2939 1303 adoremus
2966 1249 3023 1302 in
3060 1248 3270 1318 Spiritu
3304 1249 3520 1304 Patrem
3549 1267 3562 1311 ;

292 1341 378 1394 τοῦ
415 1341 620 1413 Κυρίου
649 1342 837 1415 διδάξῃ
878 1344 1027 1414 ἡμᾶς
1073 1343 1301 1413 ποιῆσαι
1331 1343 1392 1408 ἐξ
1427 1343 1705 1414 ἀληθείας,
1738 1344 1864 1397 ἀπό-

1996 1353 2034 1398 2t
2068 1343 2184 1412 ipse
2219 1342 2460 1413 Spiritus
2494 1352 2614 1396 oret
2639 1341 2693 1394 in
2725 1340 2927 1406 nobis;
2957 1349 3018 1394 ut
3050 1341 3194 1396 idem
3234 1343 3351 1411 ipse
3395 1342 3568 1410 9ψὶνί-

293 1451 390 1498 νως
442 1435 537 1488 καὶ
592 1434 870 1500 ἀϐιάστως
897 1454 911 1468 ο
961 1437 1038 1501 ὡς
1089 1436 1220 1490 αὐτὸ
1247 1435 1307 1489 τὸ
1338 1437 1566 1505 Πνεῦμα
1596 1436 1705 1490 οἶδε
1733 1437 1865 1508 πλη-

1989 1445 2068 1490 tus
2118 1435 2314 1490 doceat
2371 1450 2472 1489 nos
2523 1434 2832 1489 orationem
2884 1449 3109 1498 veram,
3163 1433 3561 1490 humilitatem.

293 1523 416 1593 ροῦν
445 1524 598 1594 ἡμᾶς
627 1525 744 1589 τοῖς
780 1528 1017 1598 καρποῖς
1068 1524 1236 1578 αὐτοῦ
1260 1543 1272 1554 ⁸
1313 1527 1410 1578 καὶ
1443 1525 1616 1590 οὕτως
1647 1528 1755 1580 τῶν
1784 1529 1865 1580 ὲν-

1990 1529 2459 1582 mansuetudinem
2482 1568 2496 1590 ,
2528 1527 2855 1581 charitatem
2893 1542 2907 1578 :
2950 1541 3086 1594 quas
3116 1540 3286 1587 nunc,
3321 1524 3373 1577 vi
3398 1525 3562 1578 etiam

290 1613 452 1667 τολῶν
492 1614 588 1668 τοῦ
639 1617 845 1688 Κυρίου
891 1617 1286 1688 πληρωθεισῶν
1330 1617 1418 1688 ἐφ’
1447 1619 1579 1688 ἡμῖν
1642 1619 1731 1672 διὰ
1777 1619 1862 1672 τοῦ

1992 1618 2249 1680 tdhibita,
2283 1617 2443 1687 169
2468 1616 2558 1669 vix
2583 1617 2831 1669 valemus
2851 1630 3133 1680 exercere,
3157 1615 3370 1668 viscera
3401 1615 3564 1669 mise-

292 1705 605 1774 Πνεύματος
633 1707 824 1774 αὐτοῦ,
847 1707 944 1761 τοῦ
995 1709 1159 1779 μόνου
1191 1709 1552 1778 γινώσκοντος
1577 1710 1638 1763 τὸ
1662 1710 1864 1782 θέλημα

1993 1709 2266 1774 -icordia:,
2296 1708 2710 1779 benignitatem
2735 1748 2750 1771 ,
2789 1715 2846 1761 ct
2877 1722 3070 1761 omnes
3113 1707 3387 1760 mandatis
3429 1723 3565 1776 prae.-

287 1796 375 1848 τοῦ
409 1797 676 1867 Χριστοῦ,
712 1799 808 1854 καὶ
841 1798 1234 1870 καθαρίζοντος
1274 1802 1426 1871 ἡμᾶς
1455 1800 1564 1855 ἀπὸ
1613 1799 1708 1855 τοῦ
1749 1801 1859 1854 σπί-

1992 1803 2182 1872 :riptas
2209 1801 2428 1856 Domini
2451 1801 2624 1855 bonas
2656 1799 3028 1869 operationes,
3066 1799 3202 1852 citra
3235 1799 3476 1852 laborem
3502 1813 3564 1852 ac

288 1890 372 1940 λου
415 1865 519 1959 ei];
582 1891 882 1962 ἁμαρτίας,
931 1865 1123 1962 ὥσπερ
1153 1865 1372 1962 νύμιρας
1399 1893 1572 1956 καλὰς
1625 1891 1860 1960 καθαρὰς

1992 1893 2090 1948 vim
2123 1909 2414 1958 exercere;
2447 1908 2558 1962 quo
2587 1891 2753 1946 modo
2777 1892 2999 1945 divinus
3034 1891 3123 1944 ille
3152 1890 3389 1959 Spiritus
3412 1889 3564 1944 novit

289 1985 374 2038 καὶ
404 1984 674 2056 ἀμώμους
732 1987 1068 2059 παραστήσῃ
1106 1987 1186 2057 τῷ
1237 1987 1486 2059 Χριστῷ,
1519 1987 1861 2058 ἀναπαυομέ-

1987 1984 2211 2055 implere
2246 2001 2348 2040 nos
2379 1984 2540 2040 donis
2569 1984 2704 2039 suis.
2750 1983 2907 2040 Unde
2947 1985 3040 2037 ﬁet
3076 1992 3156 2047 ut,
3189 1981 3500 2050 adimpletis
3533 1997 3559 2035 a

285 2093 382 2128 νων
410 2079 573 2148 ἡμῶν
599 2080 658 2131 ὲν
685 2078 825 2149 Θεῷ,
851 2079 946 2132 καὶ
975 2079 1394 2150 ἀναπαυομένου
1421 2079 1514 2134 τοῦ
1547 2081 1784 2151 Χριστοῦ
1809 2082 1857 2135 ὲκ

1991 2078 2142 2134 nobis
2165 2078 2440 2132 mandatis
2468 2077 2563 2131 Dei
2600 2092 2699 2146 per
2723 2075 2995 2147 Spiritum
3029 2075 3222 2145 ipsius,
3245 2075 3335 2128 cui
3359 2073 3563 2144 optime

285 2168 408 2236 ἡμῖν
434 2171 513 2232 είς
564 2169 692 2233 τοὺς
732 2170 1072 2241 ἀπεράντους
1103 2169 1329 2235 αἰῶνας.
1357 2171 1496 2237 Δόξα
1517 2173 1629 2235 τοῖς
1656 2172 1857 2243 οίκτιρ·

1993 2172 2076 2228 mi
2108 2179 2394 2242 perspecta
2421 2179 2504 2225 est
2534 2170 2790 2223 voluntas
2812 2168 3041 2232 Christi,
3074 2168 3280 2237 quippe
3310 2182 3410 2222 nos
3436 2181 3565 2236 pur-

286 2260 397 2326 μοῖς
423 2260 617 2326 αὑτοῦ,
643 2261 734 2315 καὶ
759 2261 840 2332 τῷ
871 2262 1036 2327 ἐλέει,
1076 2264 1171 2317 καὶ
1203 2266 1270 2334 τῇ
1320 2263 1510 2334 ἀγάπῃ
1555 2264 1746 2327 αὐτοῦ,
1785 2265 1858 2317 ὅτι

1992 2275 2068 2337 gat
2107 2280 2137 2318 a
2184 2263 2348 2319 sorde
2391 2263 2635 2332 peccati;
2667 2261 2812 2315 idem
2855 2275 2956 2313 nos
2997 2261 3147 2313 velut
3183 2273 3410 2328 sponsas
3442 2258 3564 2326 pul-

282 2352 356 2413 εἰς
383 2352 655 2424 τοσαύτην
681 2353 851 2424 τιμὴν
876 2353 1186 2424 κατηξίωσε
1213 2354 1275 2406 τὸ
1309 2353 1658 2422 ἀνθρώπινον
1693 2355 1852 2424 γένος

1989 2357 2144 2410 ehras
2189 2371 2359 2424 puras
2397 2363 2453 2409 et
2479 2351 2996 2424 irrcprehensibiles
3018 2350 3278 2404 exhibeat
3306 2349 3561 2416 Christo;

284 2443 437 2502 ἰδίους
485 2445 759 2514 ἀδελφοὺς
800 2447 895 2499 καὶ
925 2447 1075 2510 υἱοὺς
1120 2447 1334 2516 Πατρὸς
1370 2447 1696 2517 ἐπουρανίου
1743 2465 1856 2501 κατ‹

1991 2447 2462 2518 acquieseentibus
2500 2445 2660 2500 nobis
2701 2444 2757 2498 in
2802 2444 2951 2505 Deo.
2996 2452 3054 2497 et
3091 2441 3313 2496 Christo
3343 2440 3563 2509 acquie-

280 2533 434 2596 ἀξιῶν
483 2537 587 2589 καὶ
640 2536 1085 2608 προσαγορεύων.
1138 2537 1277 2604 Δόξα
1327 2537 1406 2608 τῷ
1439 2538 1636 2608 Πατρὶ,
1682 2539 1776 2592 καὶ
1793 2540 1852 2608 τι]

1989 2519 2441 2602 scenteinnobis,
2471 2553 2645 2606 usque
2664 2538 2719 2590 in
2741 2537 2940 2592 sazcula
2969 2535 3346 2589 interminata.
3377 2531 3561 2585 Gloria

283 2626 408 2697 Υἱῷ,
456 2629 558 2680 καὶ
587 2628 665 2700 τῷ
723 2629 864 2700 ἀγίῳ
895 2630 1196 2700 Πνεύματι,
1227 2631 1307 2694 είς
1341 2630 1466 2694 τοὺς
1522 2631 1728 2694 αἰῶνας
1762 2631 1855 2685 τῶι

1989 2629 2435 2685 miserationibus
2485 2629 2643 2698 ejus,
2691 2636 2748 2682 et
2800 2627 3126 2696 benignitati
3187 2640 3251 2679 ac
3305 2623 3561 2678 charitati

279 2719 502 2774 αἰώνων.
556 2721 754 2792 Ἀμήν.
875 2743 879 2746 ·

1991 2721 2156 2791 ipsius
2179 2762 2194 2786 ,
2225 2720 2373 2790 quod
2413 2721 2470 2774 in
2498 2727 2714 2774 tantum
2748 2719 3020 2774 honorem
3063 2732 3262 2772 vocare
3306 2715 3563 2784 dignatus

277 2819 353 2866 est
375 2827 558 2881 genus
587 2812 913 2880 humanum,
939 2815 1196 2885 proprios
1217 2814 1418 2870 fratres
1439 2821 1495 2869 et
1521 2813 1664 2870 ﬁlios
1691 2814 1873 2871 Patris
1907 2815 2150 2870 caelestis
2180 2831 2283 2870 nos
2312 2825 2368 2869 et
2395 2829 2514 2869 esse
2569 2814 2827 2884 dignatus
2887 2823 2942 2868 et
2977 2812 3325 2882 appellitans.
3355 2809 3560 2872 Gloria.

280 2908 518 2976 inquam,
553 2907 702 2962 Patri
730 2915 788 2964 et
821 2908 960 2965 Filio
987 2919 1044 2966 et
1075 2909 1305 2980 Spiritui
1331 2917 1545 2976 sancto,
1576 2909 1633 2966 in
1663 2911 1865 2967 saecula
1905 2910 2258 2967 saeculorum.
2295 2910 2492 2966 Amen.

386 3310 1596 3487 ΜΑΚΑΡΙΟΥ
1731 3310 2177 3501 ΤΟΥ
2309 3305 3421 3486 ΜΕΓΑΛΟΥ

901 3588 1161 3677 ΠΕΡΙ
1235 3589 2023 3676 ΤΕΛΕΙΟΤΗΤΟΣ
2104 3591 2249 3676 ΕΝ
2327 3586 2920 3674 ΠΝΕΥΜΑΤΙ

1781 3775 2088 3830 ΛΟΓΟΣ.

1141 4094 1945 4254 MACARII
2082 4094 2698 4255 MAGNI

896 4387 1058 4492 DE
1174 4386 2070 4492 PERFECTIONE
2194 4387 2323 4488 IN
2429 4383 2945 4490 SPIRITU

1749 4597 2077 4657 LIBER.

343 4902 422 4961 A'.
484 4903 686 4976 Χάριτι
735 4901 834 4973 μὲν
879 4902 976 4958 καὶ
1019 4902 1201 4975 δωρεᾷ
1239 4901 1332 4957 τοῦ
1367 4902 1683 4972 Πνεῦματος
1734 4900 1854 4973 θείᾳ
1883 4910 1915 4972 ί

2035 4904 2078 4960 L
2109 4899 2298 4960 Gratia
2349 4899 2573 4970 quidem
2623 4913 2679 4960 et
2722 4905 3014 4977 largitione
3065 4902 3307 4973 Spiritus
3365 4903 3551 4961 divina

277 4996 508 5060 ἕκαστος
535 4994 696 5068 ἡμῶν
719 4995 820 5066 τὴν
845 4996 1118 5066 σωτηρίαν
1145 4995 1448 5066 πορίζεταιο
1480 4994 1662 5048 πίστει
1683 4992 1741 5048 δὲ
1766 4993 1849 5047 καΊ

1980 4996 2342 5065 unusquisque
2402 5003 2655 5050 nostrum
2717 4999 2952 5054 salutem
3021 4997 3386 5067 assequitur:
3447 4997 3552 5053 ﬁde

277 5087 507 5161 ἀγάπῃ,
563 5085 738 5155 ἀγῶνί
787 5103 849 5140 τε
906 5087 1281 5160 προαιρέσεως
1327 5085 1678 5152 αὑτεξουσίου
1704 5125 1718 5151 ,
1767 5084 1849 5138 rei

1977 5103 2095 5142 vero
2141 5095 2198 5142 et
2225 5086 2494 5143 charitate
2528 5103 2593 5142 ac
2629 5090 2986 5146 contentione
3039 5089 3213 5146 libera
3235 5089 3320 5144 sui
3353 5098 3549 5159 poten-

275 5179 484 5234 τελείου
532 5180 735 5251 μέτρου
778 5179 879 5251 τῆς
919 5179 1124 5252 ἀρετῆς
1169 5179 1456 5248 ἐφικέσθαι
1489 5178 1744 5234 δύναται’
1794 5177 1844 5230 ἵν

1978 5180 2034 5235 .is
2064 5178 2278 5235 arbitrii
2307 5179 2377 5233 ad
2429 5179 2691 5251 perfecta:
2739 5183 2962 5238 virtutis
2991 5198 3306 5238 mensuram
3339 5181 3550 5253 pertin-

279 5268 466 5341 ὥσπερ
519 5270 702 5341 χάριτι
729 5310 744 5336 ,
803 5267 950 5323 οὕτω
994 5272 1090 5324 καὶ
1133 5269 1452 5341 δικαιοσύνῃ
1497 5270 1598 5339 τῆς
1639 5268 1851 5325 αίωνίοι

1979 5286 2092 5342 gere
2121 5278 2338 5340 potest:
2373 5279 2436 5325 ut
2491 5272 2637 5328 sicut
2671 5274 2868 5344 gratia,
2927 5276 3002 5330 ita
3035 5275 3346 5346 etjustitia,
3388 5283 3551 5329 aeter-

279 5360 668 5434 κληρονομήσῃ
695 5359 869 5432 ζωῆς·
908 5362 986 5432 μὴ
1038 5360 1126 5415 διὰ
1168 5361 1336 5432 μόνης
1388 5361 1488 5430 τῆς
1515 5361 1666 5427 θείας
1695 5361 1851 5418 δυνά-

1975 5378 2049 5416 na:
2097 5361 2474 5418 hazreditatem
2530 5364 2711 5434 capiat
2754 5366 2879 5421 vita:
2946 5384 2959 5420 :
3006 5383 3185 5437 neque
3230 5381 3330 5436 per
3376 5367 3547 5422 solam

282 5451 424 5520 μεώς
453 5470 514 5506 τε
545 5454 639 5507 καὶ
667 5452 891 5524 χάριτος
915 5495 928 5519 ,
969 5454 1044 5524 μὴ
1075 5454 1168 5508 καὶ
1195 5451 1322 5516 τοὺς
1375 5451 1540 5516 ἰδίους
1591 5471 1854 5509 συνεισεν-

1978 5453 2210 5508 divinam
2241 5455 2506 5511 virtutem
2543 5465 2599 5511 et
2631 5458 2884 5526 gratiam,
2912 5458 3118 5528 absque
3153 5474 3219 5512 eo
3243 5459 3388 5526 quod
3425 5475 3550 5527 pro-

280 5541 457 5607 εγκὼν
507 5542 774 5615 ἱδρῶτας,
821 5543 921 5615 τῆς
965 5544 1158 5606 πλείας
1189 5543 1474 5615 προκοπῆς
1505 5543 1852 5616 ἀξιούμενοςε

1975 5543 2114 5613 prius
2139 5553 2194 5598 et
2236 5543 2352 5612 ipse
2409 5545 2657 5599 conferat
2710 5547 2960 5612 sudores,
3010 5548 3251 5617 perfecto
3297 5547 3547 5616 profectu

283 5634 422 5702 μήτε
453 5635 618 5691 πάλιν
653 5639 718 5693 ἐκ
753 5636 920 5707 μόνης
947 5637 1048 5708 τῆς
1076 5638 1284 5703 οἰκείας
1315 5637 1552 5708 σπουδῆς
1585 5639 1679 5692 καὶ
1703 5639 1855 5695 δυνά-

1974 5633 2164 5703 dignus
2196 5633 2418 5690 habitus
2456 5653 2469 5688 :
2499 5651 2679 5706 neque
2723 5653 2912 5692 rursus
2951 5639 3068 5692 solo
3099 5637 3322 5706 proprio
3339 5638 3546 5704 studio,

284 5739 457 5790 μεως,
514 5727 590 5798 μὴ
634 5728 727 5780 καὶ
764 5726 914 5791 θείας
943 5727 1149 5782 ἀνωθεν
1181 5727 1632 5799 συνεφαπτούσης
1659 5729 1856 5799 χειρὸς,

1975 5725 2172 5795 ibsque
2223 5743 2458 5797 superne
2489 5737 2820 5797 cooperante
2847 5729 3031 5784 divina
3090 5745 3249 5784 manu
3291 5729 3547 5799 perfectae

279 5813 368 5868 τοῦ
399 5815 611 5874 τελείου
641 5822 736 5890 τῆς
769 5819 1080 5891 ἐλευθερίας
1110 5821 1340 5892 μέτρου,
1380 5821 1470 5876 καὶ
1503 5821 1596 5892 τῆς
1624 5820 1851 5891 καθαρό-

1973 5818 2239 5877 libertatis
2275 5821 2484 5891 apicem
2515 5821 2866 5892 ctpuritatis,
2903 5824 3198 5894 attingens.
3262 5821 3375 5876 Nisi
3407 5824 3545 5878 enim
