3980 6452
398 374 503 436 843

1614 379 1675 438 S.
1714 377 2035 440 MACARII
2080 376 2398 439 EGYPTI]

3563 367 3657 434 8M

384 485 657 560 .Dominus
685 485 1023 554 aedificaverit
1058 487 1272 541 domum
1303 494 1352 540 et
1381 485 1690 541 custodierit
1716 489 1986 542 civitatem

2129 505 2259 560 ητος
2281 485 2504 559 ὲφικνού
2514 500 2691 556 μενοςο
2713 485 2856 539 Ἐὰν
2886 480 2997 552 γὰρ
3023 479 3110 550 μὴ
3137 481 3348 550 Κύριος
3372 480 3663 550 οίιιοδομή-

401 578 459 630 in
517 593 711 630 vanum
763 576 999 648 vigilavit
1063 578 1359 632 custodiens
1398 579 1479 644 ²¹;
1532 577 1734 638 frustra
1795 580 2002 650 pariter

407 667 548 725 fabri
580 667 981 738 architectique
1011 669 1356 724 laborarunt.

476 871 546 927 II.
587 871 978 944 Interrogatio.
1008 871 1137 938 Qua:
1204 873 1530 928 silvoluntas
1559 872 1677 940 Dei,
1715 875 1784 930 ad
1838 893 2001 948 quam

408 964 604 1019 scilicet
640 966 886 1020 hortatur
918 974 967 1019 et
997 974 1246 1036 provocat
1267 966 1548 1037 Apostolus
1575 984 2004 1040 unumquemque

411 1058 720 1112 contendere
739 1058 765 1110 ?

484 1172 794 1242 Responsio.
839 1172 1094 1230 Perfecta
1139 1172 1356 1244 peccati
1393 1175 1674 1246 purgatio,
1731 1185 1791 1232 et
1823 1191 2002 1247 apas-

417 1256 674 1311 siouibus
701 1256 1016 1327 ignominiae
1039 1257 1292 1322 libertas,
1317 1265 1375 1311 et
1403 1259 1605 1313 summi
1636 1259 1861 1314 virtutis
1889 1259 2007 1329 api—

417 1345 499 1398 cis
541 1345 983 1414 comprehensio.
1017 1343 1176 1410 Quod
1204 1355 1289 1401 est
1317 1347 1574 1417 purgatio
1600 1355 1658 1402 et
1689 1347 2006 1404 sanctifica-

422 1439 499 1492 tio
523 1439 866 1508 eordis,quae
904 1453 1003 1508 per
1025 1439 1400 1494 interventum
1431 1439 1661 1509 perfecti
1715 1449 1774 1494 et
1814 1439 1992 1495 divini

419 1525 660 1594 Spiritus
693 1526 747 1579 in
775 1524 974 1582 fiducia
1026 1527 1335 1581 certissima
1385 1524 1466 1580 fit.
1503 1525 1678 1592 Beati,
1708 1526 1856 1583 enim
1903 1527 2004 1592 ait,

418 1613 602 1666 mundi
633 1613 806 1678 corde,
877 1614 1128 1683 quoniam
1181 1614 1284 1682 ipsi
1316 1612 1487 1667 Deum
1513 1614 1759 1668 videbunt
1783 1615 1848 1669 ".
1894 1614 2002 1670 Et:

419 1698 622 1764 Estote,
659 1705 716 1753 et
754 1713 856 1754 nos
881 1705 939 1754 et
971 1714 1091 1764 vos,
1143 1699 1401 1769 perfecti,
1435 1700 1580 1756 sicut,
1624 1699 1789 1754 Pater
1830 1708 2006 1754 noster

2103 593 2187 648 σῃ
2234 575 2406 634 οἷκον
2429 617 2445 642 ,
2496 575 2596 632 καί
2640 573 2887 646 φυλάξῃ
2935 573 3140 632 πόλιν.
3172 575 3258 637 είς
3279 570 3476 640 μάτην
3499 570 3665 640 ὴτρύ-

2104 686 2346 738 πνησεν
2395 673 2428 724 ὁ
2472 666 2816 738 φυλάσσων
2838 707 2853 732 ,
2906 665 2936 717 ὁ
2984 662 3192 719 κοπιῶν
3235 664 3334 717 καὶ
3369 662 3666 732 οἰκοδομῶν,

2105 763 2185 826 εἰς
2220 762 2400 831 μάτην
2433 759 2660 830 ὁμοίως.

2174 869 2249 924 Β¹.
2309 868 2626 941 Ἐρώτησις.
2690 868 2752 922 Τί
2780 867 2849 921 τὸ
2878 865 3106 934 θέλημα
3131 865 3235 918 τοῦ
3263 863 3414 918 Θεοῦ
3435 905 3451 929 ,
3484 864 3623 932 πρὸς
3644 861 3672 917 ὓ

2105 963 2308 1032 δήπου
2347 960 2744 1030 προτρέπεται
2776 959 2876 1012 καὶ
2905 955 3243 1027 παρακαλεῖ
3268 958 3303 1010 ό
3333 955 3674 1022 Ἀπόστολος

2105 1056 2371 1110 ἕκαστον
2396 1051 2569 1123 ἡμῶν
2596 1049 2852 1121 φθάσαι,

2189 1168 2547 1236 Ἀπόκρισις.
2616 1163 2683 1217 Ἦ
2727 1161 2912 1216 τελεία
2952 1161 3054 1230 τῆς
3085 1158 3368 1231 ἁμαρτίας
3401 1157 3678 1228 κάθαρσις,

2107 1259 2202 1312 καὶ
2223 1256 2332 1310 τῶν
2353 1257 2450 1326 τῆς
2471 1253 2692 1326 ἀτιμίας
2707 1253 2896 1306 παθῶν
2917 1251 3219 1322 ἐλευθερία,
3239 1251 3336 1304 καὶ
3351 1251 3385 1318 ἡ
3403 1249 3500 1320 τῆς
3517 1249 3681 1320 ἄκρας

2105 1351 2311 1422 ἀρετῆς
2361 1347 2668 1418 ἀνάληψις·
2725 1346 2864 1416 ὅπερ
2910 1345 3058 1401 ἐστὶν
3101 1346 3130 1398 ὁ
3175 1341 3549 1413 καθαρισμδς,
3597 1341 3682 1393 καὶ

2106 1446 2136 1498 ὁ
2179 1439 2450 1512 ἁγιασμὸς
2497 1440 2596 1509 τῆς
2635 1437 2898 1509 καρδίας,
2946 1436 2976 1488 δ
3021 1434 3112 1488 διὰ
3150 1435 3249 1504 τῆς
3280 1432 3568 1504 μετουσίας
3595 1430 3680 1483 τοῦ

2106 1535 2314 1590 τελείου
2357 1532 2454 1588 καὶ
2498 1530 2685 1585 θεῖκοῦ
2716 1528 3038 1599 Πνεύματος
3075 1528 3134 1580 ὲν
3163 1523 3517 1597 πληροφορίᾳ
3543 1523 3683 1592 γενό-

2112 1642 2292 1697 μενος·
2323 1620 2615 1690 Μακάριοι
2635 1620 2767 1690 γὰρ,
2792 1618 2979 1689 φησὶν,
3007 1619 3062 1671 οί
3085 1614 3338 1686 καθαροὶ
3361 1613 3441 1682 τῇ
3463 1613 3682 1682 καρδίᾳ,

2108 1717 2198 1770 ὅτι
2241 1714 2415 1769 αὐτοὶ
2459 1711 2565 1766 τὸν
2605 1711 2754 1765 Θεὸν
2794 1708 3078 1778 ἅψονται·
3127 1706 3259 1759 καί·
3298 1705 3575 1763 Γίνεσθε.
3602 1702 3687 1755 καὶ

421 1789 641 1844 caelestis
667 1789 923 1860 perfectus
955 1800 1032 1846 est
1057 1793 1123 1843 ".
1151 1790 1219 1844 Et
1244 1807 1258 1843 :
1289 1789 1412 1845 Fiat
1440 1831 1458 1856 ,
1489 1790 1689 1861 inquit,
1720 1807 1809 1844 cor
1831 1807 2006 1846 meum

2127 1807 2269 1877 ῇμεῖς
2294 1805 2392 1858 καὶ
2414 1803 2594 1873 ὑμεῖς,
2623 1799 2862 1861 τέλειοι,
2891 1797 2973 1863 ὡς
2999 1798 3033 1851 ό
3055 1792 3261 1862 Πατὴρ
3279 1791 3452 1862 ἡμῶν
3476 1793 3509 1846 ό
3528 1789 3688 1883 οὐρά·

419 1882 830 1938 immaculatum
857 1884 914 1936 in
961 1881 1435 1954 justiﬁcationibus
1475 1884 1600 1948 tuis,
1632 1893 1691 1936 ut
1742 1900 1849 1938 non
1881 1897 2007 1938 con-

423 1973 619 2044 fundar
656 1974 722 2027 ’5.
748 1972 817 2026 Et
836 1987 1064 2027 rursus:
1089 1970 1230 2026 Tunc
1252 1987 1357 2024 non
1390 1971 1714 2040 confundar,
1744 1988 1864 2025 cum
1896 1986 2016 2041 per-

421 2076 642 2129 spexero
676 2059 738 2112 in
765 2059 1009 2113 omnibus
1077 2059 1349 2113 mandatis
1381 2061 1485 2113 tuis
1521 2059 1595 2113 ".
1620 2059 1826 2114 lterum
1873 2074 2014 2130 quo-

421 2167 529 2221 que
561 2151 628 2206 ad
654 2151 1100 2222 interrogantem.
1137 2151 1297 2221 170
1359 2149 1488 2216 Quis
1504 2152 1747 2207 ascendet
1769 2151 1839 2206 ad
1861 2168 2015 2206 mon-

423 2253 527 2302 tem
551 2243 804 2298 Domini?
833 2243 1132 2314 respondet
1159 2263 1170 2298 :
1198 2244 1455 2300 Innocens
1479 2244 1717 2300 manibus
1747 2251 1794 2298 et
1821 2243 2016 2302 mundo

423 2332 579 2389 corde
625 2332 716 2386 ’τε
764 2333 976 2404 peccati
1020 2333 1171 2404 quod
1226 2334 1314 2389 vel
1369 2332 1723 2401 operatione,
1777 2332 1865 2386 vel
1928 2329 2015 2385 in-

425 2430 585 2476 terno
609 2422 911 2478 voluntatis
983 2438 1208 2478 assensu
1270 2423 1656 2488 consciscitur,
1716 2421 2016 2497 perfectam

424 2529 526 2590 per
555 2513 662 2570 hoc
685 2514 1000 2585 signiﬁcans
1030 2515 1418 2575 abolitionem.

497 2734 587 2788 lll.
618 2733 733 2790 Sub
779 2746 1064 2806 aspectum
1118 2753 1228 2794 non
1251 2737 1538 2795 cadentes
1569 2739 1800 2795 affectus
1825 2751 1884 2796 et
1924 2756 2017 2798 oc-

427 2826 581 2883 culta
619 2827 817 2882 anima:
863 2829 1045 2884 sciens
1091 2828 1334 2899 Spiritus
1395 2841 1624 2886 sanctus
1647 2841 1842 2888 curam
1894 2846 2016 2888 esse

429 2916 696 2982 difﬁcilia,
756 2919 960 2990 quippe
1011 2936 1132 2990 qua:
1185 2921 1288 2990 ipsi
1347 2922 1522 2977 veluti
1590 2925 1812 2993 penitus
1841 2923 2016 2979 inhae-

430 3018 628 3076 reant;
673 3025 776 3079 per
846 3012 1108 3067 Davidem
1169 3013 1432 3078 ostendit,
1489 3015 1768 3084 quomodo
1825 3031 2016 3071 earum

2114 1915 2246 1964 νιος
2271 1895 2498 1960 τέλειός
2519 1892 2671 1947 ἐστι·
2704 1889 2818 1944 καί·
2847 1886 3189 1956 Γενηθήτω,
3216 1886 3406 1956 φησὶν,
3429 1885 3468 1953 ἡ
3489 1882 3688 1951 καρδία

2112 2007 2232 2057 μου
2261 1986 2499 2057 ἄμωμος
2527 1985 2600 2037 ἐν
2624 1981 2751 2049 τοῖς
2773 1978 3130 2050 δικαιώμασί
3156 1993 3297 2041 σου,
3331 1976 3493 2042 ὅπως
3517 1972 3590 2030 ἂν
3607 1973 3687 2042 μὴ

2115 2076 2444 2148 αῖσχυνθῶ·
2478 2076 2574 2129 καὶ
2604 2070 2782 2138 αὖθις·
2821 2073 2959 2127 Τότε
2989 2071 3062 2125 οὐ
3087 2069 3172 2140 μὴ
3195 2065 3507 2138 αῖσχυνθῶ
3531 2065 3597 2120 ἐν
3616 2061 3690 2132 τῷ

2112 2190 2191 2242 με
2230 2170 2581 2227 ἐπιϐλέπειν
2624 2167 2725 2221 ἐπὶ
2758 2164 2964 2230 πάσας
2997 2163 3106 2230 τὰς
3131 2159 3392 2226 ἐντολάς
3418 2173 3563 2214 σου·
3602 2155 3688 2210 καὶ

2117 2266 2254 2336 πρὸς
2298 2264 2389 2318 τὸν
2429 2260 2720 2332 ἐρωτῶντα
2757 2258 2814 2312 δὲ
2855 2256 3017 2311 πάλιν
3038 2271 3054 2288 ο
3095 2256 3192 2321 Τίς
3221 2251 3586 2318 ἀναϐήσεται
3611 2250 3685 2311 εις

2117 2360 2184 2412 τὸ
2214 2359 2351 2426 ὄρος
2379 2356 2486 2410 τοῦ
2510 2355 2766 2423 κυρίους
2811 2348 3034 2417 Ἀθῶος
3061 2347 3298 2419 χερσίν,
3328 2344 3686 2416 ἀποκρίνεται,

2118 2451 2218 2505 καί
2246 2447 2508 2515 καθαρὸς
2531 2443 2608 2515 τῇ
2636 2443 2853 2514 καρδίᾳ
2876 2459 2890 2474 ⁸
2943 2442 3046 2512 τῆς
3073 2440 3165 2495 διὰ
3189 2437 3445 2509 πράξεως
3471 2435 3563 2489 καὶ
3583 2433 3690 2486 δια-

2118 2541 2267 2604 νοίας
2325 2537 2598 2609 ἁμαρτίας
2673 2536 2774 2604 τὴν
2812 2533 3027 2590 τελείαν
3065 2529 3322 2587 ἑντεῦθεν
3348 2527 3524 2600 δηλῶν
3547 2522 3688 2581 ἀναίο

2122 2647 2292 2701 ρεσιν.

2188 2741 2262 2796 Γ’.
2303 2742 2386 2797 Τὰ
2422 2739 2604 2811 ἀφανῆ
2635 2738 2806 2808 πάθη,
2840 2737 2995 2808 φησὶ,
3033 2737 3128 2789 καὶ
3156 2733 3373 2805 κρύφια
3400 2731 3461 2786 τὸ
3487 2728 3687 2800 Πνεῦμα

2119 2835 2180 2890 τὸ
2203 2836 2361 2905 ἅγιον
2393 2833 2760 2903 ἐπιστάμενον
2786 2827 3211 2883 δυσαπάλλακτα
3237 2825 3395 2891 ὄντα,
3427 2824 3521 2878 καὶ
3545 2820 3689 2876 οίονεὶ

2117 2930 2183 3002 τῇ
2229 2927 2376 3000 ψυχῇ
2423 2924 2913 2998 κατερῤιζωμένα,
2961 2922 3050 2976 διὰ
3095 2920 3191 2975 τοῦ
3235 2919 3402 2974 Δασὶδ
3447 2917 3685 2975 δείκνυσι,

2119 3020 2238 3084 πῶς
2279 3020 2389 3091 ἄρα
2427 3018 2636 3072 τούτων
2680 3014 2936 3091 ποιητέον
2952 3012 3067 3087 τῆν
3097 3008 3407 3084 κ’ἇῦαρσινο
3459 3007 3556 3065 Ἕκ
3584 3007 3688 3060 τῶν
3726 3052 3732 3061 .

434 3099 872 3159 administranda
925 3101 1182 3170 purgatio
1213 3103 1305 3168 sit,
1348 3103 1622 3158 dicentem
1654 3123 1668 3158 :
1698 3105 1774 3160 Ab
1797 3108 2016 3163 occultis

2127 3109 2395 3177 κρυφίων
2427 3125 2548 3177 μου
2592 3104 3084 3185 γάρνχαθάρισόν
3111 3119 3218 3173 με,
3261 3101 3464 3172 φησίν·
3511 3098 3584 3160 ὡς
3612 3093 3690 3148 διὰ

437 3191 569 3253 meis
598 3191 798 3244 munda
820 3208 922 3256 me,
944 3191 1168 3246 Domine
1190 3194 1236 3226 ⁸⁸
1268 3211 1282 3248 :
1325 3209 1422 3263 per
1452 3211 1574 3265 quae
1595 3197 1761 3251 verba
1791 3198 1973 3254 innuit
2001 3241 2018 3268 ,

437 3295 604 3335 unam
639 3296 830 3336 earum
878 3283 1245 3338 sanandarum
1261 3283 1537 3341 efﬁcacem
1567 3300 1690 3342 esse
1725 3289 2016 3358 rationem,

439 3372 743 3440 perfectam
783 3387 907 3428 cum
963 3374 1134 3429 multa
1168 3390 1334 3446 prece
1355 3391 1419 3431 ac
1453 3375 1560 3432 fide
1602 3381 2020 3435 conversionem

442 3461 510 3515 ad
546 3463 763 3529 Deum;
817 3465 1209 3535 cooperatione
1269 3466 1548 3536 Spiritus;
1585 3468 1683 3524 sed
1738 3477 1921 3526 tamen
1967 3480 2023 3527 et

440 3553 603 3608 nobis
640 3554 697 3608 in
736 3555 880 3610 idem
920 3563 1036 3610 toto
1072 3566 1274 3612 conatu
1303 3558 1705 3626 annitentibus,
1769 3571 1826 3617 et
1871 3564 2022 3618 omni

442 3646 694 3701 custodia
726 3647 1075 3703 servantibus
1113 3664 1212 3705 cor
1241 3661 1517 3712 nostrum,

511 3760 603 3815 IV.
660 3760 840 3815 Etiam
894 3761 1092 3818 beatus
1137 3762 1300 3820 docet
1345 3764 1581 3836 Moyses,
1639 3783 1738 3836 per
1779 3767 2022 3838 symbola

442 3851 822 3918 subindicans,
867 3852 1016 3908 haud
1067 3854 1467 3926 indulgendum
1518 3856 1737 3912 duabus
1782 3874 2024 3928 propen-

443 3943 713 4010 sionibus,
743 3945 914 4001 altera
944 3946 998 4000 in
1021 3948 1250 4011 malum,
1272 3949 1443 4004 altera
1473 3949 1541 4004 ad
1571 3950 1777 4005 bonum
1804 3951 2026 4005 trahen-

444 4043 499 4088 te
525 4053 540 4102 ;
571 4035 666 4090 sed
726 4035 781 4090 in
820 4053 983 4092 unam
1044 4040 1492 4108 prosecutionem
1525 4041 1654 4096 boni
1697 4042 2025 4098 incumben-

445 4126 599 4180 dum.
631 4126 822 4196 Neque
853 4137 1110 4197 oportere
1145 4130 1286 4184 duos
1312 4131 1478 4186 simul
1532 4133 1746 4190 fructus
1791 4149 1977 4190 serere
2011 4177 2025 4202 ,

445 4218 640 4272 utilem
683 4226 740 4273 et
784 4219 1058 4286 noxium;
1089 4220 1184 4274 sed
1236 4223 1429 4276 utilem
1464 4239 1530 4277 ac
1563 4224 1770 4279 bonum
1825 4227 2024 4286 solum.

452 4308 519 4362 Ut
562 4309 670 4364 hoc
711 4311 1020 4380 exprimat,
1052 4311 1133 4371 sic
1193 4313 1428 4369 scribit:
1473 4314 1596 4368 Non
1627 4316 1821 4387 junges
1851 4318 2028 4374 eodem

438 4396 572 4467 fugo
597 4398 654 4449 in
702 4414 830 4452 area
857 4408 948 4453 tua
970 4401 1161 4456 diversi
1206 4405 1412 4471 generis
1467 4405 1748 4470 animalia,
1772 4417 1902 4476 puta
1938 4409 2028 4462 bo-

445 4504 561 4540 uem
608 4497 658 4542 et
699 4490 907 4544 asinum
931 4492 1063 4557 ;sed
1089 4494 1154 4547 iis
1182 4509 1300 4564 qua:
1331 4495 1437 4548 sint
1457 4495 1692 4566 ejusdem
1733 4500 1925 4568 speciei
1946 4501 2028 4552 in-

2130 3198 2332 3270 πολλῆς
2371 3199 2470 3267 τῆς
2515 3195 2754 3268 δεήσεως
2785 3213 2847 3249 τε
2892 3195 2986 3249 καὶ⁵
3027 3195 3283 3258 πίστεως,
3325 3191 3420 3246 καὶ
3449 3189 3544 3259 τῆς
3569 3185 3690 3256 πρὸς

2125 3289 2258 3344 Θεὸν
2307 3289 2520 3353 τελείας
2563 3287 2738 3360 ῥοπῆς
2763 3328 2779 3353 ,
2829 3289 2898 3358 τῇ
2935 3284 3226 3356 συνεργείᾳ
3247 3281 3347 3337 τοῦ
3375 3279 3688 3350 Πνεύματος,

2125 3380 2570 3452 κατεργασθῆναι
2625 3377 2941 3448 δυναμένων
2986 3375 3144 3446 ἡμῶν
3169 3392 3182 3406 ο
3241 3373 3387 3445 πλὴν
3436 3371 3568 3426 ἀλλὰ
3609 3366 3691 3422 καὶ

2123 3469 2280 3540 ἡμῶν
2325 3468 2464 3540 πρὸς
2505 3467 2682 3522 ταῦτα
2725 3465 3154 3530 ἀντιτεινόντων,
3189 3463 3288 3516 καὶ
3322 3462 3534 3533 φυλακῇ
3558 3456 3688 3526 πάσῃ

2123 3559 2435 3631 τηρούντων
2467 3557 2568 3629 τὴν
2595 3556 2803 3611 ἑαυτῶν
2831 3554 3082 3625 καρδίαν.

2195 3769 2268 3822 Δν.
2308 3764 2418 3820 Καὶ
2439 3766 2467 3819 ό
2500 3762 2766 3834 μακάριός
2798 3777 2932 3832 φησι
2958 3759 3221 3828 Μωῦσῆς,
3251 3758 3347 3813 διὰ
3372 3757 3552 3812 τύπων
3573 3753 3689 3807 ὐπο-

2125 3858 2342 3928 δεικνὺς
2368 3898 2382 3922 ,
2438 3855 2501 3908 τὸ
2549 3854 2625 3925 μὴ
2673 3854 2784 3908 δεῖν
2834 3851 3082 3922 γνώμαις
3126 3851 3294 3916 δυοῖν,
3333 3847 3503 3904 κακοῦ
3528 3863 3582 3899 τε
3609 3842 3690 3896 καὶ

2127 3946 2354 4015 ἀγαθοῦ,
2385 3944 2483 4016 τὴν
2509 3945 2708 4016 ψυχὴν,
2733 3943 2872 3997 ἀλλὰ
2889 3942 2967 4014 τῷ
2990 3941 3178 4012 ἀγαθῷ
3203 3941 3357 4013 μόνῳ
3379 3936 3686 3994 ἀκολουθεῖν,

2128 4041 2222 4094 καὶ
2271 4039 2331 4091 τὸ
2385 4039 2461 4108 μὴ
2505 4039 2705 4107 χρῆναι
2737 4037 2830 4090 δύο
2860 4037 3107 4106 καρποὺς
3138 4035 3438 4105 γεωργεῖν,
3475 4022 3687 4102 χρηστοῦ

2128 4131 2224 4185 καὶ
2241 4129 2504 4201 χείρονος,
2529 4128 2665 4182 ἀλλὰ
2689 4128 2904 4199 χρηστὰ
2927 4127 3083 4196 μόνα,
3113 4125 3256 4178 οὕτω
3277 4125 3465 4195 φησίν·
3489 4123 3567 4175 Οὐ
3584 4118 3690 4179 ζεύ-

2131 4223 2254 4288 ξεις
2296 4224 2368 4276 ἐν
2402 4220 2478 4290 τῇ
2517 4221 2645 4285 ἅλῳ
2674 4235 2793 4274 σου
2837 4215 3142 4288 ἀλλογενῆ
3174 4215 3286 4276 ζ’ὠα
3317 4216 3416 4269 ἐπὶ
3445 4213 3508 4266 τὸ
3537 4207 3686 4271 αὐτὸ,

2130 4315 2311 4371 οἱονεὶ
2343 4314 2506 4380 ,Βοῦν
2551 4313 2650 4367 καί
2691 4311 2868 4366 ὄνον·
2917 4308 3082 4364 ἀλλὰ
3114 4309 3186 4362 τὰ
3214 4305 3474 4377 ὁμογενῆ
3503 4301 3687 4364 ζεύξας

2131 4408 2430 4474 ἀλωήσεις
2460 4407 2566 4459 τὸν
2591 4406 2824 4474 ἀμητόν
2851 4418 2987 4456 σουο
3021 4401 3322 4460 τουτέστιν,
3355 4399 3442 4452 ἵνα
3468 4396 3541 4466 μὴ
3562 4395 3612 4446 ὲν
3629 4390 3684 4458 τῇ

2133 4497 2247 4568 ἅλῳ
2277 4498 2382 4567 τῆς
2411 4497 2640 4566 καρδίας
2667 4493 2824 4564 ἡμῶν
2857 4493 2950 4545 ἐπὶ
2978 4491 3038 4544 τὸ
3061 4489 3194 4543 αὐτὸ
3222 4489 3393 4559 ἀρετὴ
3426 4487 3517 4540 καὶ
3541 4479 3686 4536 κακία

445 4583 610 4634 vicem
635 4581 860 4650 junctis,
893 4585 1166 4639 triturabis
1195 4603 1413 4641 messem
1453 4597 1604 4642 tuam
1657 4591 1722 4643 ³⁵³.
1769 4589 1884 4645 Ηοο
1909 4600 2017 4659 est;

2135 4591 2235 4661 τὴν
2281 4590 2544 4657 ἐργασίαν
2591 4587 2718 4657 ἔχῃ,
2770 4584 2886 4638 ἀλλ’
2932 4584 2966 4653 ἡ
2996 4583 3166 4651 ἁρετὴ
3199 4581 3372 4652 μόνη·
3427 4580 3506 4632 Οὐ
3555 4588 3684 4629 συν-

445 4687 517 4728 ne
548 4673 603 4726 in
635 4688 763 4728 area
785 4673 970 4729 cordis
991 4677 1167 4731 nostri
1200 4678 1379 4734 virtus
1410 4688 1466 4733 et
1487 4681 1692 4735 malitia
1715 4681 1878 4736 simul
1897 4697 2022 4752 ope-

445 4768 660 4825 rentur,
693 4761 790 4816 sed
837 4761 1016 4817 virtus
1062 4764 1197 4830 [sola
1226 4804 1240 4817 .
1295 4765 1500 4820 lterum
1553 4769 1845 4837 praecipit:
1914 4768 2032 4822 Non

445 4854 650 4910 intexes
675 4851 828 4908 laneo
854 4871 1033 4922 panno
1069 4853 1238 4908 linum
1270 4872 1288 4909 :
1323 4871 1504 4925 neque
1535 4872 1728 4911 rursus
1782 4858 1838 4911 in
1893 4866 2033 4911 veste

448 4958 556 5013 qua
621 4947 791 4998 utaris
847 4945 988 5000 linea
1048 4945 1233 5012 lanam
1257 4946 1465 5001 3°.Non
1515 4963 1654 5002 seres
1680 4950 1734 5001 in
1770 4965 1899 5019 agro
1944 4957 2033 5002 tuo

452 5036 586 5090 duas
641 5037 818 5108 fruges
846 5039 1028 5093 simul.
1062 5038 1369 5093 Iumentum
1401 5047 1551 5095 tuum
1580 5056 1687 5093 non
1710 5041 1869 5110 facies
1891 5042 2032 5094 coire

454 5147 575 5188 cum
605 5130 825 5184 alterius
863 5133 1068 5202 generis
1130 5133 1527 5196 animantibus;
1576 5133 1667 5186 sed
1713 5133 2033 5202 Itomogenea

455 5222 782 5290 homogeneis
806 5223 1089 5292 conjunges
1120 5222 1183 5276 ³¹.
1237 5223 1342 5278 Per
1399 5239 1521 5290 qua:
1575 5223 1757 5277 omnia
1807 5223 2035 5293 mystice

455 5312 639 5366 innuit
671 5329 781 5367 non
824 5324 1081 5382 oportere
1117 5315 1314 5369 vitium
1357 5323 1412 5370 et
1436 5315 1717 5380 virtutem,
1750 5316 2034 5370 utdictum

2143 4681 2398 4751 υφανεῖς
2445 4679 2590 4748 ὲρέῳ
2634 4678 2839 4748 ίματίῳ
2886 4675 3134 4730 λινοῦν·
3174 4672 3327 4727 Οὐδὲ
3361 4671 3517 4726 πάλιν
3559 4661 3685 4727 λινῷ

2134 4775 2300 4842 ἔριον
2324 4790 2338 4804 '
2394 4775 2466 4826 οὐ
2512 4769 2872 4840 γεωρπνήσεις
2913 4768 2984 4821 ἐν
3025 4765 3101 4834 τῇ
3132 4765 3291 4835 χώρᾳ
3321 4763 3431 4831 τῆς
3456 4760 3563 4830 γῆς
3584 4770 3684 4810 σου

2135 4868 2245 4920 δύο
2286 4866 2557 4931 καρποὺς
2589 4863 2688 4916 ἐπὶ
2722 4863 2786 4914 τὸ
2813 4861 2962 4914 αὐτό
2979 4876 2996 4893 ο
3048 4861 3160 4912 οὐκ
3189 4854 3490 4919 ἐπιϐαλεῖς
3513 4853 3681 4916 ἑτερο·

2135 4956 2309 5026 τενὲς
2355 4953 2500 5015 {iber
2545 4957 2632 5017 εἰς
2675 4951 2867 5022 γονὴν
2907 4951 3118 5017 ἑτέρῳ·
3165 4949 3326 5003 ἀλλὰ
3354 4948 3426 5001 τὰ
3451 4935 3683 5013 ὁμογενῆ

2133 5045 2256 5110 τοῖς
2280 5041 2594 5113 ὀμογενέσι
2620 5040 2930 5105 συζεύξεις
2947 5056 2958 5070 '
2992 5039 3058 5092 δι’
3082 5032 3156 5092 ὧν
3179 5039 3397 5092 πάντων
3415 5034 3681 5089 αἰνίττεται

2137 5129 2441 5201 μυστικῶς,
2486 5129 2546 5180 τὸ
2581 5127 2656 5198 μὴ
2685 5127 2793 5179 δεῖν
2822 5127 3021 5180 κακίαν
3051 5127 3143 5178 καὶ
3167 5126 3384 5196 ἀρετὴν,
3415 5122 3592 5188 ὥσπερ
3618 5115 3683 5169 εἴ·

2137 5237 2329 5288 ρηται,
2378 5220 2436 5270 ὲν
2481 5219 2612 5288 ἡμῖν
2651 5216 3039 5287 γεωργεῖσθαιο
3077 5215 3212 5268 ἀλλὰ
3243 5211 3570 5284 μονοτρόπως
3598 5202 3680 5262 τὰς

2134 5312 2231 5381 τῆς
2275 5311 2475 5381 ἀρετῆς
2525 5311 2687 5378 γονὰς
2742 5307 3160 5362 ἀποτίκτεσοαι⁶
3216 5308 3310 5359 καὶ
3345 5303 3437 5358 τοῦ
3480 5301 3548 5372 μὴ
3578 5291 3681 5347 δυσὶ

450 5411 555 5467 est,
589 5405 642 5457 in
673 5404 838 5458 nobis
867 5403 965 5458 feri
996 5421 1010 5469 ;
1047 5404 1140 5459 sed
1193 5406 1356 5459 unius
1402 5406 1622 5459 virtutis
1681 5406 1864 5476 fruges
1926 5421 2016 5459 scr

2138 5402 2444 5471 πνεύμασι,
2495 5401 2571 5471 τῷ
2601 5401 2878 5471 Πνεύματι
2909 5399 3003 5452 τοῦ
3031 5398 3188 5463 Θεοῦ,
3221 5398 3313 5451 καὶ
3340 5395 3411 5467 τῷ
3437 5389 3679 5457 πνεύματι

455 5495 738 5564 excolique
800 5503 862 5548 ut
885 5495 1197 5564 germinent
1236 5495 1292 5549 in
1323 5495 1502 5550 nobis.
1558 5495 1749 5565 Neque
1812 5495 2032 5550 duobus

535 5669 578 5697 ”
622 5669 764 5723 Psal.
797 5687 976 5735 cxx“,
1018 5672 1069 5725 ί.
1168 5673 1214 5705 ’³
1237 5672 1426 5726 Matth.
1461 5690 1513 5731 ν,
1551 5673 1601 5725 3.

465 5736 507 5775 ³⁵
540 5738 852 5810 Γείιιεςγιιι,
883 5744 961 5796 l5.
1043 5745 1085 5775 ³⁸³
1119 5743 1279 5799 Deut.
1311 5759 1443 5811 xx",
1476 5743 1556 5798 10.
1638 5743 1680 5776 ³ο
1703 5743 1839 5804 ibid.
1879 5748 1962 5802 11.

1711 5673 1755 5705 ²’⁵
1783 5674 1914 5729 ibid.
1969 5676 2056 5730 48.

2137 5494 2231 5550 τοῦ
2277 5497 2482 5566 κόσμου
2524 5496 2704 5567 ψυχήν
2738 5511 2862 5549 τινα
2893 5495 3194 5549 κοινωνεῖν.
3243 5491 3344 5546 Διὰ
3372 5488 3537 5544 τοῦτο
3567 5480 3676 5550 γὰρ,

2170 5675 2216 5706 ’⁸
2243 5675 2382 5728 Psal.
2407 5689 2587 5741 cxvm,
2612 5673 2701 5729 80.
2734 5673 2780 5705 ’°
2805 5671 2940 5728 ibid.
2980 5673 3036 5728 6.
3146 5669 3188 5702 "
3219 5668 3359 5725 Psal.
3397 5656 3670 5728 “111,754-

2045 5746 2082 5776 3‘
2121 5745 2253 5801 Lev.
2283 5761 2395 5811 XIX,
2427 5745 2510 5800 19.
