3980 6430
276 371 379 433 845

1201 376 1431 434 LIBER
1472 374 1568 434 DE
1610 372 2132 433 PERFECTIONE
2173 372 2256 433 ΙΝ
2298 370 2628 431 SPIRITU-

3438 357 3546 422 846

278 486 430 553 φησι,
462 484 614 552 πρὸς
636 484 838 551 πάσας
867 485 972 551 τὰς
997 485 1251 553 ἐντολάς
1274 502 1390 541 σου
1411 487 1853 556 κατωρθούμηνο

1977 484 2275 559 :piritibus,
2330 481 2550 551 Spiritui
2573 479 2670 535 Dei
2701 489 2756 535 et
2802 475 3022 548 spiritui
3058 470 3273 536 mundi,
3304 470 3547 524 animam

279 576 482 630 πᾶσαν
505 575 651 631 ὁδὸν
668 576 877 630 ἄδικον
905 577 1192 655 ἐμίσησα.

345 747 423 802 E'.
480 744 595 801 Οὐκ
636 749 744 802 ἀπὸ
779 749 888 802 τῶν
924 750 1175 821 φανερῶν
1219 752 1632 823 ἁμαρτημάτων
1669 752 1848 823 μόνον,

278 830 389 889 οἷον
434 838 720 908 πορνείας,
765 840 956 907 φόνου,
999 843 1224 912 κλοπῆς,
1257 844 1716 913 γαστριμαργίας,
1748 859 1851 895 κα-

279 928 568 992 ταλαλιᾶς,
603 930 864 998 ψεύδους,
914 932 1275 1004 φιλαργυρίας
1302 950 1361 985 τε
1396 936 1489 985 καὶ
1517 933 1849 998 πλεονεξίας,

281 1021 373 1070 καὶ
404 1018 514 1071 τῶν
537 1020 795 1073 τοιούτων
823 1021 1075 1088 ἁγνεύειν
1101 1021 1205 1093 χρὴ
1234 1022 1331 1092 τὴν
1359 1022 1625 1092 παρθένον
1652 1022 1849 1092 ψυχὴν,

282 1110 374 1162 καὶ
420 1109 499 1180 τῷ
537 1111 656 1180 Θεῷ
701 1112 1039 1183 συναφοῆναι
1092 1115 1523 1187 προῃρημένηνο
1576 1114 1712 1168 ἀλλὰ
1761 1116 1855 1168 καὶ

281 1201 460 1271 πολλῷ
499 1202 661 1255 πλέον
715 1203 822 1256 ἀπὸ
863 1204 971 1257 τῶν
1015 1205 1279 1275 κρυφίων,
1314 1207 1501 1276 ὥσπερ
1530 1207 1851 1277 είρήκαμεν·

281 1296 576 1361 τουτέστιν,
609 1296 925 1365 ἐπιθυμίας,
954 1298 1281 1362 κενοδοξίας,
1308 1297 1851 1368 ἀνθρωπαρεσκείας,

282 1386 656 1456 ὑποκρίσεως,
704 1388 1016 1459 φιλαρχίας,
1048 1388 1221 1453 δόλου,
1256 1388 1606 1459 κακοηθείας,
1642 1389 1852 1459 μίσους,

282 1478 541 1540 ἀπιστίας
563 1520 574 1539 ,
617 1479 837 1547 φθόνου,
870 1480 1177 1549 φιλαυτίας,
1209 1481 1400 1549 τύφου,
1431 1482 1521 1533 καὶ
1546 1481 1654 1533 τῶν
1683 1482 1858 1534 ἄλλων

281 1566 389 1619 τῶν
431 1567 689 1620 τοιούτων
734 1569 953 1639 ὁμοίως.
1019 1566 1143 1622 Οἵδε
1185 1570 1326 1639 γὰρ,
1374 1572 1539 1640 φησὶν
1574 1572 1606 1640 ἡ
1643 1572 1855 1642 Γραφὴ,

279 1651 347 1702 τὰ
376 1652 584 1721 κρύφια
607 1651 775 1705 ταῦτα
804 1654 902 1723 τῆς
926 1654 1103 1723 ψυχῆς
1131 1654 1504 1724 ἁμαρτήματα
1532 1657 1590 1708 ἐν
1619 1656 1718 1727 ίσῳ
1747 1658 1860 1720 τοῖς

283 1742 439 1803 ἐκτὸς
489 1742 756 1799 τίθεσθαι.
814 1745 1019 1815 Κύριος
1066 1745 1173 1814 γάρ
1222 1762 1391 1814 φησι·
1430 1748 1862 1817 Διεσκάρπισεν

1956 578 2258 651 quamlibet
2319 574 2748 627 communicare.
2800 572 3127 642 Pmpterea,
3191 564 3341 619 enim
3408 562 3549 619 dicit

1956 684 2163 723 onmem
2214 665 2355 717 viam
2418 663 2716 731 iniquitatis
2774 662 2890 716 odio
2960 658 3116 713 habui
3142 656 3217 721 ³³,
3256 654 3326 709 ad
3369 651 3553 707 omnia

1958 761 2212 815 mandata
2259 766 2348 810 tua
2425 756 2706 824 dirigebar.

2030 850 2092 904 V.
2118 851 2237 904 Non
2267 849 2335 903 ab
2358 848 2602 902 exterius
2637 841 3035 914 apparentibus
3058 837 3301 911 peccatis
3340 835 3544 902 solum,

1955 949 2090 1012 puta
2122 940 2509 1003 fornicatione,
2532 934 2850 994 homicidio,
2874 932 3045 996 furto,
3062 930 3306 999 crapula,
3331 927 3538 983 calum-

1957 1036 2063 1089 niae
2114 1032 2315 1095 studio,
2373 1029 2683 1090 mendacio,
2731 1024 3036 1094 cupiditate
3095 1020 3363 1091 pecuniae,
3420 1031 3553 1072 ava-

1961 1123 2085 1177 ritia
2132 1131 2189 1176 et
2228 1120 2426 1175 talibus
2460 1126 2719 1187 praestare
2746 1128 2804 1169 se
2853 1126 3049 1181 puram
3106 1116 3325 1178 oportet
3376 1104 3552 1176 virgi—

1960 1229 2085 1269 nem
2115 1212 2375 1276 animam,
2408 1222 2463 1265 et
2484 1223 2605 1279 qua:
2635 1208 2748 1261 Deo
2774 1220 2833 1259 se
2857 1203 3193 1273 conjungere
3215 1199 3547 1264 decreverit;

1962 1306 2059 1360 sed
2119 1312 2175 1358 et
2230 1303 2402 1357 multo
2457 1301 2630 1368 magis
2654 1298 2723 1353 ab
2753 1296 3013 1360 occultis,
3045 1295 3126 1348 uti
3151 1293 3417 1358 diximus,
3442 1291 3551 1345 hoc

1962 1405 2065 1460 est,
2121 1411 2150 1450 a
2182 1395 2504 1464 cupiditate,
2544 1409 2575 1447 a
2632 1406 2785 1445 vanae
2817 1390 3007 1461 gloriae
3035 1387 3268 1451 ambitu,
3318 1401 3350 1439 a
3373 1382 3551 1438 nimio

1965 1485 2242 1541 desiderio
2273 1484 2591 1539 hominibus
2647 1479 2926 1551 placendi,
2969 1495 3001 1534 a
3055 1475 3429 1538 simulatione,
3476 1473 3547 1527 ab

1967 1576 2315 1631 all‘ectatione
2357 1573 2768 1635 dominationis,
2805 1587 2837 1625 a
2887 1570 3033 1635 dolo,
3082 1583 3115 1623 a
3161 1565 3503 1635 malignitate
3531 1603 3546 1626 ,

1967 1670 2037 1724 ab
2076 1668 2225 1732 odio,
2255 1667 2325 1722 ab
2362 1664 2707 1728 inﬁdelitate,
2743 1663 2812 1717 ab
2848 1661 3077 1723 invidia,
3136 1675 3167 1712 a
3217 1656 3303 1712 sui
3360 1668 3550 1710 amore

1971 1760 2355 1823 immoderato,
2406 1758 2473 1812 ab
2503 1754 2831 1826 arrogantia,
2865 1752 3245 1819 similibusque
3273 1747 3327 1803 id
3356 1760 3549 1821 genus.

284 1833 435 1887 ὀστᾶ
475 1835 1025 1904 ἀνθρωπαρέσκων·
1081 1838 1194 1902 καὶ,
1229 1836 1453 1904 Ἄνδρα
1483 1838 1744 1906 αἱμάτων
1772 1839 1869 1893 καὶ

1977 1851 2136 1906 Novit
2163 1848 2333 1913 enim,
2362 1847 2440 1902 ait
2493 1846 2797 1916 Scriptura,
2827 1844 3040 1898 occulta
3062 1842 3178 1895 hmo
3210 1840 3405 1894 animae
3419 1852 3551 1907 pec-

281 1921 489 1976 ὂόλιον
533 1923 949 1987 βδελύσσεται
999 1925 1249 1992 Κύριος·
1306 1923 1398 1978 τὸν
1442 1925 1591 1979 δόλον
1628 1925 1714 1977 ἐπ’
1746 1925 1867 1995 ίσης

280 2015 357 2085 τῷ
386 2017 529 2087 φόνῳ
557 2017 816 2071 δεικνύων
848 2018 951 2071 ὑπὸ
976 2017 1110 2070 Θεοῦ
1143 2018 1565 2088 βδελυσσόμενον
1589 2036 1603 2049 ·
1630 2018 1869 2074 καὶτῶν

280 2109 634 2161 λαλούντων
676 2107 931 2176 εἰρήνην
978 2108 1128 2178 μετὰ
1172 2107 1293 2163 τῶν
1333 2111 1603 2178 πλησίον
1643 2109 1862 2176 αὐτῶν,

280 2201 375 2253 καὶ
406 2200 472 2252 τὰ
499 2200 648 2269 ἑξῆς.
684 2201 791 2254 Καὶ
817 2201 998 2256 πάλιν·
1026 2202 1137 2256 Kal
1158 2203 1270 2273 γὰρ
1289 2204 1360 2256 ἐν
1378 2203 1591 2271 καρδίᾳ
1611 2204 1866 2271 ἀνομίας

279 2289 595 2357 ἐργάζεσθε
620 2292 691 2345 ἐν
715 2290 790 2359 τῇ
818 2292 930 2361 mil“
971 2294 1087 2357 καὶ,
1126 2294 1272 2348 Οὐαὶ
1298 2294 1459 2363 ὑμῖν,
1494 2294 1641 2348 ὅταν
1670 2293 1867 2358 καλῶς

279 2382 535 2435 εἴπωσιν
583 2382 741 2451 ὑμᾶς
798 2387 852 2437 οἱ
898 2384 1232 2451 ἄνθρωποι⁸
1302 2386 1612 2448 τουτέστιν,
1663 2384 1865 2438 ὁπόταν

281 2475 410 2542 ὑμῖν
446 2476 564 2526 ἐστι
599 2474 817 2545 θέλησις
863 2474 1015 2546 παρὰ
1054 2475 1358 2545 ἀνθρώπιον
1400 2476 1582 2538 καλῶς
1621 2476 1859 2542 ἀκούειν,

280 2563 376 2615 καὶ
425 2562 525 2631 τῆς
567 2563 724 2633 δόξης
769 2564 864 2616 καὶ
898 2564 1007 2617 τῶν
1036 2564 1275 2617 ἐπαίνων
1305 2566 1486 2619 αὐτῶν
1517 2566 1820 2636 ὲξήρτησθε
1845 2581 1859 2596 ·

280 2654 403 2705 ἐπεὶ
452 2653 572 2716 πῶς
616 2654 843 2707 δυνατὸν
883 2654 1357 2724 ἀγαθοεργοῦντας
1400 2657 1611 2709 ὲσάπαν
1644 2656 1859 2723 λαθείν;

278 2744 459 2804 ἄλλως
496 2760 554 2795 τε
601 2742 657 2795 δὲ
695 2743 785 2796 καὶ
820 2743 980 2805 αὐτὸς
1016 2747 1043 2797 ὁ
1070 2743 1296 2813 Κύριος,
1330 2744 1654 2813 Λαμψάτω,
1686 2746 1859 2813 λέγει,

278 2834 349 2888 τὸ
395 2833 520 2903 φῶς
569 2834 737 2903 ὑμῶν
786 2834 1128 2903 ἔμπροσθεν
1164 2834 1284 2887 τῶν
1310 2835 1657 2903 ἀνθρώπων.
1694 2838 1861 2908 Πλὴν,

278 2927 397 2980 ἀλλ’
435 2928 515 2988 εἰς
541 2925 698 2989 δόξαν
730 2925 991 2978 σπεύδετε
1018 2924 1114 2978 τοῦ
1144 2925 1281 2978 Θεοῦ
1299 2967 1313 2991 ,
1351 2928 1485 2996 φησὶ
1508 2967 1522 2989 ,
1574 2928 1634 2979 τὸ
1659 2929 1863 2996 ἀγαθὸν

282 3019 575 3085 πράττειν,
630 3018 725 3070 καὶ
774 3018 848 3087 μὴ
879 3016 970 3070 διὰ
998 3016 1157 3080 δόξαν
1192 3015 1346 3081 ίδίαν,
1383 3018 1506 3087 μηδ’
1533 3018 1608 3080 ὼς
1632 3018 1740 3071 τῶν
1764 3021 1862 3072 ἀν-

284 3108 574 3178 θρωπίνων
620 3108 859 3162 ἐπαίνων
903 3107 1182 3179 ἐρωτικῶς
1215 3107 1462 3178 ἔχοντες’
1502 3110 1599 3162 καὶ
1628 3110 1738 3181 γὰρ
1768 3112 1863 3165 καὶ

283 3201 548 3264 ἀπίστους
596 3198 876 3264 ἀπέδειξεν
923 3199 1091 3252 εἰπών
1114 3216 1126 3229 ·
1181 3199 1313 3266 Πῶς
1345 3198 1612 3255 δύνασθε
1652 3203 1864 3257 πίστιν
1892 3188 1935 3247 C

284 3294 483 3361 ἔχειν,
539 3291 728 3357 δόξαν
773 3291 932 3359 παρὰ
972 3290 1264 3358 ἀλλήλων
1295 3293 1733 3361 λαμϐάνοντες,
1771 3294 1871 3348 καὶ

286 3387 405 3453 τὴν
431 3386 620 3449 δόξαν
663 3385 778 3453 τὴν
811 3386 971 3454 παρὰ
1005 3384 1113 3439 τοῦ
1139 3389 1332 3454 μόνου
1359 3386 1507 3440 Θεοῦ
1532 3389 1603 3440 οὐ
1629 3386 1874 3454 ζητοῦν-

286 3494 422 3542 τες;
452 3478 594 3547 Ὅρα
624 3478 717 3529 καὶ
745 3477 834 3529 τὸν
866 3476 1214 3541 Ἀπόστολον,
1248 3477 1364 3539 πῶς
1388 3479 1481 3531 καὶ
1508 3477 1675 3531 αὑτοῦ
1709 3478 1873 3548 μέχρι

288 3569 386 3621 τοῦ
438 3571 632 3636 φαγεῖν
685 3568 779 3621 καὶ
821 3571 988 3632 πιεῖν,
1025 3569 1205 3621 πάντα
1236 3571 1314 3631 είς
1343 3569 1501 3635 δόξαν
1528 3569 1661 3622 Θεοῦ
1693 3569 1876 3621 ἐντέλ-

290 3661 445 3713 λεται
491 3663 663 3711 ποιεῖν
690 3674 703 3689 ο
758 3660 894 3713 Εἴτε
923 3661 1064 3729 γὰρ,
1096 3660 1292 3729 φησὶ),
1328 3661 1592 3724 ἐσθίετε,
1627 3662 1747 3715 εἴτε
1774 3662 1873 3714 πί-

291 3769 429 3804 νετε
447 3792 461 3813 ,
498 3751 618 3803 εἴτε
647 3769 701 3803 τι
730 3751 884 3805 ἄλλο
916 3751 1154 3815 ποιεῖτε,
1188 3754 1274 3817 εὶς
1299 3752 1488 3813 δόξαν
1516 3752 1667 3806 Θεοῦ
1688 3754 1874 3807 ποιεῖ-

292 3862 380 3897 τε.
441 3844 498 3895 ’0
548 3843 605 3894 δέ
652 3859 714 3910 γε
767 3842 908 3905 θεῖος
954 3842 1206 3912 Ἰωάννης
1255 3842 1333 3911 τῷ
1378 3844 1522 3912 φόνῳ
1569 3846 1877 3899 συντάττων

290 3936 359 3989 τὸ
388 3932 641 4005 μῖσο;,⁹0
665 3933 861 4003 μισῶν
890 3937 997 3988 τὸν
1023 3933 1291 4004 ἀδελφὸν
1314 3934 1522 4002 αὑτοῦ,
1554 3918 1738 4007 φησὶν,
1773 3938 1879 3992 ἀν-

294 4030 716 4095 θρωποκτόνος
743 4028 939 4083 ἐστίν.

378 4312 444 4381 1',"
452 4354 465 4367 .
519 4314 588 4369 ἸΙ
613 4314 812 4384 ἀγάπη
848 4313 1046 4368 πάντα
1076 4313 1273 4381 στέγει
1294 4351 1309 4375 ,
1347 4310 1542 4366 πάντα
1572 4310 1876 4378 ὑπομένει.

311 4406 388 4458 ἸΙ
404 4405 603 4473 ἀγάπη
637 4404 923 4458 οὐδέποτε
952 4405 1256 4457 ἐκπίπτει·
1289 4403 1370 4465 τὸ,
1402 4402 1690 4456 οὐδέποτε
1715 4401 1883 4455 ἐκπί-

1971 1953 2092 2000 cata
2121 1944 2240 2015 pari
2287 1943 2411 1997 loco
2464 1957 2593 1996 cum
2659 1939 2907 1996 externis
2960 1934 3226 1991 Dominus
3289 1941 3549 1991 censere,

1970 2037 2106 2092 dicit
2141 2035 2344 2105 quippe
2373 2052 2386 2087 :
2420 2033 2703 2103 Dissipavit
2725 2048 2844 2086 ossa
2865 2044 3068 2090 eorum,
3118 2023 3209 2091 qui
3261 2019 3555 2076 hominibus

1970 2130 2179 2201 placent
2215 2128 2280 2181 ³³.
2306 2128 2373 2182 Et
2403 2143 2417 2180 :
2456 2126 2633 2180 Virum
2668 2124 2991 2193 sanguinum
3042 2125 3090 2173 et
3122 2115 3364 2170 dolosam
3427 2110 3556 2164 cbo-

1970 2198 2262 2273 minabitur
2304 2217 2563 2271 Dominus
2607 2214 2673 2266 3‘.
2719 2212 2913 2266 Dolum
2960 2222 3115 2277 arque
3192 2219 3258 2259 ac
3317 2198 3556 2258 homici-

1968 2310 2118 2364 dium
2149 2309 2446 2364 oslendens
2501 2303 2897 2361 abominationi
2980 2300 3092 2355 Deo
3123 2311 3267 2353 esse.
3338 2291 3410 2351 Et
3465 2292 3559 2364 qui

1968 2402 2258 2473 loquuntur
2302 2415 2485 2469 pacem
2529 2414 2648 2451 cum
2674 2393 2995 2467 proximo",
3041 2397 3098 2446 et
3147 2402 3270 2459 qua:
3317 2400 3558 2455 sequun-

1967 2501 2077 2548 tur.
2130 2493 2200 2547 Et
2226 2505 2463 2545 rursus.:
2497 2487 2709 2551 Etenim
2773 2488 2829 2540 in
2856 2484 3009 2538 corde
3067 2479 3379 2550 iniquitates
3427 2490 3556 2546 ope-

1966 2583 2163 2637 ramini
2187 2622 2201 2647 ,
2252 2582 2306 2635 in
2336 2588 2501 2643 terra,
2533 2587 2641 2633 ctc.
2690 2577 2789 2630 Et:
2840 2575 2925 2629 Va:
2952 2572 3091 2627 vobis
3125 2586 3242 2623 cum
3281 2565 3561 2622 benedixe-

1966 2676 2077 2729 rint
2116 2674 2255 2728 vobis
2307 2673 2541 2727 homines
2559 2670 2624 2723 ³⁸.
2684 2669 2797 2723 Hoc
2831 2676 2914 2722 est
2946 2683 2961 2732 ;
2995 2679 3119 2719 cum
3156 2660 3441 2717 studueris
3489 2658 3561 2713 ab

1965 2758 2288 2820 hominibus
2344 2764 2487 2818 bene
2519 2761 2730 2823 audire,
2756 2768 2811 2814 et
2858 2759 2913 2811 in
2967 2756 3196 2828 gloriam
3252 2751 3560 2819 laudesque

1966 2858 2208 2928 ipsorum
2292 2853 2552 2909 ferimini.
2636 2851 2855 2906 Etenim
2933 2849 3028 2918 qui
3074 2852 3252 2917 potest
3302 2842 3462 2908 ﬁeri,
3500 2848 3563 2896 ut

1963 2947 2105 3001 bene
2148 2951 2442 3015 operantes
2486 2941 2717 2996 omnino
2767 2939 3003 2994 lateant?
3070 2934 3380 3008 prmsertim
3432 2946 3558 2988 cum

1964 3041 2079 3108 ipse
2125 3036 2390 3091 Dominus
2430 3034 2614 3089 dicat:
2647 3033 2843 3087 Luceat
2879 3031 2972 3085 lux
3010 3038 3182 3084 vestra
3238 3041 3418 3080 coram
3467 3024 3565 3078 ho-

1966 3129 2193 3184 minibus
2217 3129 2283 3182 3'.
2328 3128 2399 3183 At
2443 3127 2511 3183 de
2540 3135 2738 3181 caatero
2774 3124 3016 3189 studete,
3047 3123 3125 3177 ait
3154 3161 3168 3185 ,
3205 3120 3271 3175 ad
3292 3119 3391 3175 Dei
3444 3119 3566 3188 glo-

1972 3220 2107 3275 riam
2127 3219 2274 3289 quod
2300 3219 2507 3273 bonum
2538 3225 2624 3271 est
2653 3231 2836 3286 agerc,
2876 3230 2987 3269 non
3037 3222 3221 3268 autem
3244 3210 3313 3265 ad
3333 3220 3562 3281 captan-

1973 3313 2097 3367 dam
2133 3312 2286 3380 171
2324 3310 2482 3365 vobis
2538 3308 2757 3363 Iaudem
2810 3307 3086 3377 propriam
3119 3322 3133 3371 ;
3166 3317 3269 3359 nec
3298 3302 3566 3358 utvidea-

1974 3402 2109 3457 mini
2177 3402 2548 3455 humanarum
2624 3398 2851 3453 laudum
2912 3395 3165 3451 encouiia
3219 3393 3572 3464 impudenter

1975 3508 2180 3547 amare.
2212 3491 2349 3545 Nam
2378 3500 2434 3545 et
2456 3490 2707 3545 inﬁdeles
2760 3504 2882 3543 esse
2904 3487 3041 3542 tales
3070 3484 3313 3540 ostendit
3336 3484 3530 3539 dicens
3554 3501 3567 3538 :

1979 3581 2250 3648 Quomodo
2274 3582 2486 3651 potestis
2510 3579 2671 3647 ﬁdem
2706 3577 2921 3643 habere,
2983 3575 3214 3645 gloriam
3247 3573 3312 3626 ab
3350 3573 3573 3626 invicem

1979 3676 2308 3744 accipientes,
2338 3680 2386 3725 et
2412 3672 2663 3742 gloriam,
2690 3685 2808 3741 qua:
2827 3686 2859 3722 a
2886 3666 3000 3722 solo
3026 3666 3135 3719 Deo
3160 3673 3262 3730 est,
3282 3680 3387 3718 non
3416 3679 3570 3733 quaa-

1979 3773 2151 3817 rentes
2185 3762 2251 3814 ³⁸.
2286 3762 2425 3816 Vide
2490 3770 2547 3816 et
2611 3760 2964 3830 Apostolum,
3021 3758 3299 3827 quomodo
3387 3756 3572 3811 omnia

1981 3873 2153 3926 usque
2206 3855 2274 3909 ad
2308 3855 2486 3925 ipsum
2538 3853 2877 3909 manducare
2910 3858 2969 3907 et
2996 3852 3211 3916 bibere,
3243 3850 3298 3905 in
3341 3850 3573 3920 gloriam

1982 3949 2080 4004 Dei
2121 3948 2371 4019 praecipit
2425 3946 2732 4017 agere;ait
2760 3946 2908 4000 enim
2953 3962 2968 3998 :
3004 3942 3125 3999 Sive
3175 3942 3511 3997 manducatis
3556 3980 3573 4006 ,

1979 4044 2087 4096 sive
2137 4040 2329 4099 bibitis,
2361 4038 2469 4093 sive
2484 4037 2634 4091 aliud
2659 4037 2786 4107 quid
2818 4035 2998 4107 agitis,
3026 4034 3209 4089 omnia
3253 4033 3306 4085 in
3342 4030 3575 4102 gloriam

1983 4134 2080 4187 Dei
2107 4134 2266 4203 facite
2288 4133 2354 4185 ’9.
2385 4130 2454 4185 At
2482 4129 2704 4184 divinus
2721 4129 2960 4184 Joannes
2974 4123 3581 4191 homicidioaquuans

1982 4224 2192 4286 odium,
2211 4223 2300 4293 qui
2339 4221 2466 4285 odit,
2482 4220 2680 4289 inquit,
2706 4220 2925 4289 fratrem
2947 4233 3101 4270 suum
3119 4214 3379 4269 homicida
3401 4220 3477 4267 est
3498 4211 3571 4262 ⁸ο.

2053 4316 2143 4370 Vl.
2168 4314 2415 4370 Charitas
2434 4314 2611 4366 omnia
2629 4313 2830 4383 suffert,
2858 4310 3036 4365 omnia
3065 4309 3306 4362 sustinet.
3326 4305 3574 4362 Charitas

1986 4423 2262 4478 nunquam
2286 4405 2563 4459 excidit”.
2614 4403 2740 4458 Ηωο
2776 4402 2968 4465 verba,
3009 4416 3283 4471 nunquam
3326 4398 3521 4453 excidit
3557 4437 3572 4460 ,

300 4513 433 4551 πτει
452 4539 466 4562 ,
507 4499 665 4551 τοῦτο
693 4497 978 4568 δηλοῦντός
1005 4498 1155 4549 ἐστιν
1176 4512 1188 4526 ·
1225 4498 1416 4567 ὅτιπερ
1445 4498 1493 4549 οἱ
1518 4497 1623 4549 τῶν
1653 4494 1869 4565 εἰρημέ-

1988 4508 2116 4555 sunt
2146 4500 2285 4571 ejus,
2348 4497 2440 4565 qui
2470 4496 2782 4566 significare
2834 4494 3011 4548 velit:
3066 4509 3182 4557 eos,
3246 4492 3341 4563 qui
3409 4506 3577 4560 supra

300 4606 413 4640 νων
441 4588 794 4659 χαρισμάτων
825 4586 919 4639 τοῦ
947 4587 1264 4657 Πνεύματος
1295 4584 1667 4653 ἐπιτυχόντες,
1709 4586 1875 4653 μήπω

300 4678 366 4733 δε
415 4679 502 4732 διὰ
547 4682 644 4751 τῆς
694 4678 1073 4749 πληρεστάτης
1120 4678 1215 4731 καὶ
1246 4675 1499 4746 ἐνεργοῦς
1534 4675 1755 4745 ἀγάπης
1786 4672 1880 4727 τοῦ

304 4771 628 4840 Ῐινεύματος
675 4770 776 4839 τῆς
819 4771 993 4839 ἄκρας
1028 4769 1137 4822 τῶν
1167 4766 1354 4821 παθῶν
1386 4766 1697 4836 ἐλευθερίας
1724 4765 1887 4829 ἀξιω-

306 4864 514 4926 θέντες,
541 4863 752 4916 οὐδέπω
776 4863 868 4915 τοῦ
893 4862 1170 4930 ἀσφαλοῦς
1192 4860 1417 4930 ἥψαντοθ
1444 4860 1559 4912 ἀλλ’
1579 4860 1636 4912 ἐν
1660 4857 1891 4927 κινδύνῳ

306 4953 394 5006 ἔτι
422 4953 514 5006 καὶ
543 4953 691 5023 φόϐῳ
718 4953 788 5006 τὰ
815 4953 938 5007 καθ’
967 4953 1195 5015 ἑαυτοὺς
1219 4952 1440 5020 ἔστηκε,
1459 4950 1547 5004 διὰ
1566 4950 1634 5003 τὰ
1656 4966 1894 5018 πνευμα-

306 5044 441 5099 τικά
492 5045 590 5113 τῆς
637 5045 922 5117 πονηρίας.
979 5043 1153 5097 Τοῦτο
1187 5044 1296 5113 γὰρ
1337 5042 1399 5095 τὸ
1436 5041 1655 5112 μέτρον,
1695 5040 1892 5111 μηκέτι

192 5129 213 5143 ’
310 5135 419 5189 ὑπὸ
449 5136 652 5189 πτῶσιν
677 5136 769 5202 ὃν,
808 5136 943 5207 μηδὲ
973 5136 1144 5199 πάθος
1171 5134 1418 5199 ὑπέδειξε
1440 5134 1681 5187 τοιοῦτον
1708 5132 1889 5203 ὑπάρ-

309 5245 441 5297 χον,
476 5228 549 5291 ὡς
580 5229 833 5296 γλῶσσαν
860 5229 1106 5298 ἀγγέλων
1127 5267 1143 5293 ,
1177 5228 1270 5280 καὶ
1302 5228 1643 5297 προφητείαν
1663 5268 1676 5292 ,
1714 5226 1894 5279 πᾶσαν

311 5337 375 5373 τε
409 5320 504 5391 τὴν
528 5321 748 5389 γνῶσιν,
776 5321 869 5374 καὶ
890 5320 959 5374 τὰ
981 5320 1091 5373 τῶν
1120 5320 1365 5389 ἰαμάτων
1391 5318 1709 5391 χαρίσματα
1732 5317 1897 5391 μηδὲν

316 5407 482 5479 εἶναι,
518 5412 655 5483 πρὸς
682 5414 860 5465 ἐκεῖνο
890 5411 1372 5485 παραϐαλλόμενα.

392 5708 435 5740 ⁸¹
464 5708 605 5765 l’sai.
637 5723 821 5775 ςιιτιιι,
844 5708 966 5763 19.8.
1040 5708 1083 5740 ³³
1119 5707 1259 5764 l’sal.
1294 5724 1388 5776 ιιι,
1431 5711 1483 5761 6.
1561 5710 1605 5742 ³⁸
1636 5710 1777 5764 Psal.
1812 5726 1864 5769 ν,
1889 5712 1920 5764 7

408 5779 566 5835 Joan.
608 5796 661 5837 γ,
691 5779 780 5834 Η.
859 5779 901 5811 ³⁹
940 5779 961 5835 Ι
993 5779 1120 5834 Cor.
1154 5796 1207 5837 v,
1241 5781 1329 5835 ⁸51.
1409 5781 1448 5811 ³ο
1479 5781 1496 5835 l
1526 5781 1683 5837 Joan.
1711 5797 1789 5837 ιιι.
1832 5782 1913 5837 15.

1409 5781 1448 5811 ³ο
1479 5781 1496 5835 1
1526 5781 1683 5837 Joau.
1711 5797 1789 5848 ιιι,
1832 5782 1913 5837 15.

321 5779 369 5814 ³³
408 5779 566 5835 Joan.
608 5796 661 5847 γ,
691 5779 780 5834 Η.
859 5779 901 5811 ³⁹
930 5779 961 5851 ⁵Ι
993 5779 1120 5834 Cor.
1154 5796 1207 5846 v,
1241 5781 1329 5835 ⁸51.

1976 4598 2282 4646 memorata
2316 4589 2644 4642 charismata
2677 4586 2917 4655 Spiritus
2964 4584 3203 4640 assecuti
3250 4592 3401 4649 sunt,
3444 4596 3581 4635 nou-

1980 4682 2111 4736 tlum
2167 4689 2350 4735 autem
2386 4695 2485 4748 per
2514 4677 2887 4748 plenissimam
2917 4685 2973 4731 et
3004 4676 3280 4731 efﬁcacem
3334 4671 3577 4727 charita-

1993 4784 2106 4830 tem
2149 4772 2390 4843 Spiritus
2426 4787 2637 4826 summa
2669 4787 2698 4824 a
2757 4769 3111 4840 passionibus
3160 4766 3417 4820 libertate
3452 4771 3581 4819 sunt

1993 4865 2224 4937 dignati,
2258 4863 2505 4919 nondum
2540 4862 2900 4917 securitatem
2931 4860 3208 4929 attigisse:
3241 4855 3409 4911 scdin
3436 4855 3582 4925 peri-

1999 4960 2126 5015 culo
2156 4959 2339 5012 adhuc
2362 4965 2415 5011 et
2456 4957 2653 5011 timore
2698 4970 2789 5009 res
2832 4954 3077 5023 ipsorum
3135 4959 3303 5013 stare,
3354 4954 3582 5017 propter

2002 5051 2313 5121 Spiritualia
2341 5048 2621 5118 nequitiae.
2676 5047 2845 5100 Istam
2887 5044 3034 5099 enim
3074 5055 3390 5097 mensuram
3436 5037 3583 5092 haud

2001 5142 2182 5197 adhuc
2212 5140 2353 5195 infra
2391 5136 2687 5192 discrimen
2722 5138 2908 5206 lapsus
2936 5150 3001 5189 ex
3044 5130 3460 5203 perturbatione
3486 5139 3583 5182 ve-

2002 5233 2246 5289 hementi
2274 5273 2288 5298 ,
2332 5230 2690 5285 constitutam
2771 5242 2893 5285 esse
2938 5223 3178 5281 ostendit
3223 5236 3371 5276 :nec
3420 5219 3582 5272 talem

2002 5340 2145 5390 esse,
2210 5324 2299 5379 cui
2382 5323 2583 5392 linguae
2651 5318 3017 5393 angelorum,e
3045 5313 3358 5387 prophetia,
3406 5310 3585 5365 omnis

2006 5418 2256 5481 scicntia,
2300 5425 2357 5472 et
2406 5416 2754 5471 curationum
2787 5412 3059 5469 charisma
3084 5413 3420 5478 comparata,
3444 5402 3584 5457 nihil

2007 5510 2138 5566 sint.

1928 5751 1939 5763 .
2012 5711 2055 5742 ³⁸
2106 5710 2433 5772 Psal.xxvu,
2464 5707 2517 5761 5.
2578 5708 2621 5741 ³⁸
2656 5707 2789 5764 Luc.
2814 5703 3002 5773 v1,‘26.
3083 5702 3124 5735 ³⁷
3148 5696 3339 5757 Matth.
3378 5711 3451 5761 v1,
3499 5692 3585 5750 16.

1992 5781 2031 5814 ’σί
2066 5781 2085 5837 1
2123 5781 2246 5836 Cor.
2283 5796 2398 5846 xm,
2432 5782 2483 5847 7,
2512 5778 2597 5835 15.
