3980 6472
446 337 553 404 847
1692 345 1753 403 S.
1794 341 2115 401 MACARII
2160 342 2481 403 zEGYPTll
3609 346 3704 408 8i8

455 508 463 515 .
512 453 627 510 VII.
668 454 772 510 Per
809 456 915 510 hoc
969 456 1329 526 perfectionis
1364 454 1668 510 declaravit
1690 468 1940 522 scopum,
1972 459 2027 505 ut

2212 454 2283 505 Z'.
2320 453 2419 506 Διά
2442 452 2600 506 τοῦτο
2628 454 2727 523 τῆς
2752 454 3088 525 τελειότητος
3118 455 3362 527 ὑπέφηνε
3388 454 3475 509 τὸν
3500 460 3701 510 σκοπόν*

446 546 831 615 unusquisque
873 563 1111 618 egenum
1134 564 1192 603 se
1222 555 1498 601 tantarum
1531 544 1847 598 divitiarum
1880 558 2018 596 reco

2150 542 2230 594 ἵν’
2282 544 2514 609 ἕκαστος
2574 548 2813 615 πτωχεῖν
2866 547 3058 600 ἑαυτὸν
3111 548 3218 600 ἀπὸ
3268 547 3365 601 τοῦ
3408 547 3706 617 τηλικούτου

446 648 717 707 gnoscens
741 634 976 689 ferventi
1004 646 1059 690 et
1078 644 1497 705 perseveranter
1524 631 1895 689 contendente
1927 631 2009 701 spi

2146 635 2379 690 πλούτου
2411 636 2809 704 διαγινώσκων,
2844 638 3036 708 θερμῷ
3064 639 3142 708 τῷ
3172 638 3442 708 πνεύματι
3477 641 3569 693 καὶ
3596 658 3706 694 συν-

449 723 563 777 ritu
631 740 804 794 usque
877 727 946 781 ad
1009 727 1262 781 ultimum
1314 726 1580 791 festinet,
1634 734 1691 779 et
1761 723 2021 793 spirituah

2145 728 2283 797 τόνῳ
2312 727 2446 798 πρὸς
2471 729 2531 781 τὸ
2558 729 2784 799 ἔσχατον
2810 731 3224 799 κατεπείγηται,
3242 730 3337 783 τὸν
3363 732 3708 798 πνευματικὸν

446 811 530 866 sic
607 824 898 882 percurrat
950 816 1187 871 stadium
1223 856 1238 881 ,
1331 814 1507 870 donec
1564 813 1997 883 comprehendat

2144 819 2287 873 οῦτω
2318 821 2486 891 τρέχῃ
2519 822 2717 892 δρόμον
2740 861 2755 886 ,
2796 822 2961 892 ἄχρις
2990 822 3056 875 ἂν
3087 822 3367 892 καταλάϐῃ
3390 862 3404 884 ,
3442 823 3613 886 καθὼς
3640 824 3707 875 εἶ-

455 900 602 955 sicut
643 902 852 958 dictum
911 913 997 959 est
1035 918 1052 952 ε
1111 903 1198 959 Sic
1257 904 1471 968 currite,
1530 910 1585 953 ut
1634 902 2027 970 comprehenda-

1806 902 2043 953 'chcnda-
2144 926 2331 981 ρηταιθ
2373 912 2537 965 Οὕτω
2567 912 2825 982 τρέχετε,
2859 914 2961 966 ἵνα
2983 914 3376 981 καταλάϐητε.

450 993 519 1048 tis
550 993 616 1050 “.

519 1086 660 1140 Vill.
712 1087 1001 1160 Abnegare
1032 1106 1089 1145 se
1120 1090 1299 1161 ipsum
1344 1090 1450 1144 hoc
1478 1099 1612 1159 puta
1646 1103 1767 1142 esse
1803 1105 1818 1140 :
1858 1101 2044 1155 prorn-

2218 1085 2301 1138 I'l'.
2361 1082 2435 1135 Τὸ
2479 1083 2906 1154 ἀπαρνήσασθαι
2938 1086 3131 1139 ἑαυτὸν
3164 1084 3325 1139 τοῦτο
3355 1085 3540 1154 νόμιζε
3569 1081 3708 1141 εἶναι’

447 1188 608 1250 ptum
652 1197 710 1237 se
739 1182 808 1237 ad
865 1184 1048 1238 omnia
1078 1184 1414 1240 fraternitati
1434 1183 1704 1254 praebere,
1738 1180 1870 1237 etin
1892 1180 2019 1234 nulli

2144 1176 2206 1230 τὸ
2238 1176 2452 1229 ἔκδοτον
2489 1177 2568 1239 είς
2602 1176 2750 1229 ἆπαν
2802 1180 2869 1248 τῇ
2902 1177 3229 1247 ἀδελφότητι
3261 1179 3599 1247 παρασχεῖν,
3632 1180 3712 1233 καὶ

447 1289 679 1346 prorsus
713 1276 987 1332 voluntati
1033 1277 1278 1347 propriae
1302 1276 1568 1346 obsequi;
1595 1290 1700 1330 nec
1744 1274 1912 1328 ullius
1946 1288 2004 1326 se

2146 1268 2413 1338 θελήματι
2467 1267 2582 1338 ίδίῳ
2629 1269 2943 1323 παντάπασι
2996 1271 3070 1341 μὴ
3115 1273 3383 1340 στοιχεῖν·
3424 1272 3560 1341 μήτε
3588 1273 3712 1333 τινος

445 1374 649 1439 praeter
680 1367 852 1421 solam
910 1377 1140 1435 vestem,
1174 1369 1462 1425 dominum
1516 1374 1731 1437 putare,
1789 1374 1852 1420 ut
1878 1364 2011 1418 undi

2145 1354 2336 1423 κύριον
2363 1350 2502 1408 εἶναι
2524 1395 2539 1420 ,
2574 1355 2656 1408 ὅτι
2692 1356 2767 1426 μὴ
2794 1357 2888 1410 τοῦ
2912 1358 3033 1411 ὲνδύ
3042 1376 3211 1429 ματος
3242 1359 3405 1429 μόνον
3430 1375 3444 1389 ’
3485 1360 3568 1412 ἵνα
3595 1361 3711 1413 πάν-

448 1473 558 1529 que
597 1459 888 1529 expeditus
913 1458 970 1514 in
1016 1460 1308 1531 procinctu
1336 1469 1442 1517 stet
1475 1459 1543 1513 ad
1567 1457 2020 1529 quidvisimpera-

2144 1446 2301 1499 τοθεν
2350 1448 2538 1511 ἄνετος
2582 1447 2692 1512 ὣν,
2744 1449 2853 1501 τῶν
2898 1450 3342 1521 ἐπιταττομένων
3376 1451 3524 1519 αύτῴ
3574 1453 3712 1521 μόνον

449 1560 565 1606 tum
596 1566 721 1605 cum
779 1551 980 1622 gaudio
1005 1554 1418 1623 exsequendum
1444 1596 1459 1619 ,
1516 1561 1577 1606 ut
1619 1548 1954 1619 mancipium
1983 1563 2021 1603 se

2148 1536 2285 1606 μετὰ
2316 1540 2487 1608 χαρᾶς
2517 1538 2731 1610 ἔχηται,
2763 1540 2837 1603 ὡς
2869 1541 2934 1594 ἄν
2961 1558 3046 1604 τις
3077 1541 3470 1613 ἀργυρώνητος
3496 1541 3569 1594 ὢν
3596 1544 3713 1612 πρὸς

446 1640 621 1696 habet
654 1641 922 1698 adverSus
946 1659 1141 1699 omnes
1171 1662 1185 1709 ;
1214 1644 1453 1699 maxime
1513 1649 1699 1697 autem
1730 1640 2018 1711 przepositi

2145 1630 2395 1693 πάντας,
2453 1633 2546 1683 καὶ
2600 1632 2833 1700 μάλιστα
2883 1633 3008 1695 τοὺς
3052 1633 3480 1704 ἐξηγουμένους,
3515 1635 3712 1706 Χριστῷ

443 1726 809 1797 obsequatur,
838 1728 1062 1784 Christo
1089 1730 1487 1799 obtemperans
1511 1728 1718 1783 dicenti
1762 1746 1775 1781 :
1809 1726 2015 1792 Quivul

2146 1723 2474 1792 πειθόμενος
2519 1724 2599 1793 τῷ
2642 1723 2849 1777 εἰπόντι
2873 1739 2884 1752 ⁸
2933 1724 2986 1776 '0
3018 1724 3212 1779 θέλων
3242 1727 3314 1780 ἐν
3339 1726 3483 1795 ὑμῖν
3509 1725 3714 1794 πρῶτίνς

442 1820 585 1876 inter
616 1838 705 1875 vos
749 1824 952 1895 primus
985 1839 1095 1877 esse
1133 1830 1182 1876 et
1210 1839 1432 1894 magnus
1462 1862 1477 1886 ,
1515 1822 1585 1875 sit
1611 1822 1846 1875 omnium
1876 1821 2014 1874 mimi

2135 1810 2287 1868 εἶναι
2316 1816 2415 1869 καὶ
2434 1814 2642 1885 μέγας,
2665 1816 2820 1869 ἔστω
2845 1814 3087 1869 πάντων
3112 1816 3415 1884 διάκονος,
3440 1819 3535 1872 καὶ
3553 1819 3707 1887 ἐσχα-

440 1924 573 1978 ster,
602 1922 651 1969 et
676 1912 917 1979 ultimus,
950 1924 999 1967 et
1020 1931 1203 1971 servus
1234 1915 1280 1947 ι’
1310 1931 1325 1980 ;
1361 1930 1470 1968 non
1495 1914 1750 1984 gloriam,
1774 1912 2012 1966 honoren

2145 1924 2281 1974 τος,
2314 1908 2415 1962 καὶ
2441 1907 2695 1975 δοῦλος,
2730 1909 2804 1978 μὴ
2833 1908 2992 1972 δόξαν
3034 1912 3129 1963 καὶ
3149 1910 3320 1981 τιμὴν
3343 1950 3361 1977 ,
3406 1912 3482 1981 μὴ
3517 1910 3712 1963 ἔπαινον

443 1991 543 2062 aut
593 2004 815 2059 laudem
846 2020 1087 2073 venans;
1122 2021 1235 2059 non
1278 2004 1347 2059 ad
1397 2004 1620 2058 oculum
1649 2002 1915 2067 serviens,
1948 2016 2015 2055 au

2145 2000 2538 2070 ποριζόμενοςο
2584 2001 2662 2071 μὴ
2698 2002 2755 2052 ὲν
2788 1999 3252 2073 ὀφθαλμοδουλείᾳ
3295 2004 3373 2065 ὡς
3406 2003 3710 2072 ἀνθρωπάρ-

438 2096 670 2166 placere
703 2094 1028 2151 hominibus
1059 2095 1327 2161 studens;
1355 2095 1452 2149 sed
1508 2092 1819 2148 debitorem
1859 2107 1919 2147 se
1943 2108 2010 2161 pe

2143 2109 2305 2156 εσκος
2330 2109 2343 2123 ·
2390 2093 2507 2146 ἀλλ’
2538 2092 2823 2163 ὀφειλέτην
2856 2092 3050 2146 ἑαυτὸν
3081 2092 3170 2147 διὰ
3199 2095 3405 2157 παντὸς
3434 2094 3712 2165 ἡγούμενος

442 2188 630 2255 omnia
699 2196 964 2260 reputans
1031 2187 1327 2246 ministerii
1357 2187 1411 2241 in
1440 2186 1710 2247 charitate
1749 2194 1805 2245 et
1827 2184 2008 2255 simpli

2142 2185 2241 2255 τῆς
2276 2186 2336 2237 ὲν
2371 2185 2565 2259 ἀγάπῃ
2594 2202 2653 2238 τε
2690 2185 2784 2239 καὶ
2819 2184 3087 2253 ἁπλότητι
3136 2188 3278 2257 πρὸς
3310 2189 3439 2249 τοὺς
3472 2187 3709 2254 ἀδελφοὺς

443 2278 613 2339 citate
638 2277 905 2339 fratribus
934 2279 1261 2339 exhibendi.

865 2294 905 2334 Is
934 2279 1261 2339 exhibendi.
2140 2276 2437 2341 διακονίας.

504 2370 600 2426 ΙΧ.
630 2370 962 2441 Prmpositos
987 2368 1372 2430 fraternitatis,
1406 2366 1559 2438 operi
1598 2382 1793 2438 magno
1847 2367 2039 2421 admo-

2211 2368 2291 2422 Θ¹.
2330 2368 2471 2433 Τοὺς
2500 2368 2905 2441 ἐξηγουμένους
2931 2372 3029 2441 τῆς
3054 2371 3437 2440 ἀδελφότητος,
3460 2369 3532 2429 ὡς
3560 2368 3708 2436 μεγά-

441 2472 553 2528 tos,
576 2462 842 2518 adversus
864 2471 1056 2518 contra
1090 2460 1373 2517 molientis
1400 2461 1623 2516 malitias
1662 2460 1896 2518 artificia
1941 2461 2009 2517 de

2136 2463 2216 2533 λῳ
2246 2461 2393 2533 ἔργῳ
2423 2463 2889 2535 ἐπιϐαλλομένους
2927 2464 3065 2536 πρὸς
3092 2466 3193 2527 τὰς
3228 2464 3331 2533 τῆς
3357 2464 3553 2524 κακίας
3578 2462 3706 2512 ἀντι-

437 2566 654 2623 certare
681 2574 782 2629 per
802 2557 1171 2613 humilitatem
1205 2565 1445 2627 oportet,
1474 2572 1544 2611 ne
1565 2556 1701 2611 vitio
1733 2556 2009 2626 superbia:

2134 2554 2360 2623 τέχνους
2393 2554 2676 2624 μεθοδείας
2704 2556 3073 2625 ἀγωνίζεσθαι
3109 2556 3197 2609 διὰ
3226 2552 3704 2623 ταπεινοφροσύνης

438 2655 504 2701 ut
551 2647 607 2700 in
637 2645 837 2702 fratres
861 2646 997 2716 ipsis
1034 2645 1290 2701 subditos
1342 2646 1714 2713 dominantes,
1746 2647 1868 2702 vice
1895 2647 2010 2702 lucr

2135 2644 2246 2711 δεῖ,
2283 2647 2372 2700 ἵνα
2403 2647 2477 2717 μὴ
2512 2646 2672 2702 πάθει
2697 2648 3072 2720 ὑπερηφανίας
3101 2649 3179 2711 ὡς
3204 2648 3318 2703 τῶν
3348 2643 3702 2712 ὑποτεταγμέ-

435 2737 687 2803 maximi,
715 2738 984 2793 damnum
1017 2738 1180 2793 nobis
1224 2738 1359 2808 ipsis
1414 2753 1794 2808 procurcmus.
1844 2737 1951 2792 Sed
1976 2754 2007 2792 ιι

2136 2756 2243 2793 νων
2257 2738 2501 2808 ἀδελφῶν
2522 2739 3049 2806 κατεξουσιάζοντες,
3064 2742 3182 2794 ἀντὶ
3202 2740 3465 2810 μεγίστου
3482 2736 3699 2805 κέρδους,

439 2827 834 2891 misericordes
860 2828 1072 2892 Patres,
1107 2828 1315 2897 quique
1361 2829 1546 2897 potius
1590 2837 1821 2899 propter
1858 2828 2011 2883 Deun

2137 2830 2339 2901 ζημίαν
2373 2831 2583 2894 ἑαυτοῖς
2612 2832 3064 2904 προξενήσωμενο
3108 2832 3225 2886 ἀλλ’
3258 2832 3337 2895 ὠς
3364 2830 3701 2897 εὔσπλαγχνοι

437 2935 501 2978 ne
530 2920 863 2985 fraternitati
894 2919 961 2975 ad
980 2920 1355 2985 serviendum,
1380 2920 1743 2990 corporaliter
1771 2929 1828 2975 et
1864 2920 2009 2991 spiri'

2134 2928 2398 2995 πατέρες,
2431 2924 2531 2978 καὶ
2559 2924 2834 2978 δουλεύειν
2865 2925 3066 2996 μᾶλλον
3096 2924 3183 2979 διὰ
3204 2926 3300 2979 τὸν
3322 2923 3454 2978 Θεὸν
3480 2922 3700 2981 ἐκδόντες

441 3012 668 3073 tualiter
696 3010 1047 3075 dediderint,
1077 3025 1270 3066 eorum
1297 3018 1359 3064 ut
1383 3011 1479 3069 Dei
1522 3011 1760 3066 ﬁliorum
1797 3011 2013 3082 diligen-

2133 3020 2200 3089 τῇ
2235 3015 2558 3087 ἀδελφότητι
2619 3018 2845 3081 ἑαυτοὺς
2878 3018 3206 3087 σωματικῶς
3243 3036 3306 3072 τε
3350 3019 3446 3071 καὶ
3481 3030 3701 3083 πνευμα-

442 3113 555 3157 tem
592 3104 648 3157 in
666 3102 925 3158 omnibus
950 3118 1139 3157 curam
1170 3112 1402 3174 gerant;
1458 3104 1744 3174 arguendo
1769 3105 1865 3159 ubi
1897 3121 2002 3160 con

2137 3106 2327 3172 τικῶς,
2360 3107 2501 3177 ὑπὲρ
2526 3108 2708 3162 αὐτῶν
2738 3109 3088 3179 φροντίζωσι,
3119 3110 3214 3163 καὶ
3239 3109 3318 3173 ὡς
3342 3108 3543 3161 τέκνων
3562 3102 3698 3164 Θεοῦ,

441 3194 636 3258 venit,
688 3194 784 3247 ubi
854 3202 1074 3263 oportet
1118 3194 1488 3260 consolando;
1528 3211 1598 3249 ne
1660 3195 1889 3250 obtentu
1928 3196 2013 3251 hu-

2139 3159 2434 3261 διαπαντὸς
2887 3159 3285 3270 ’ἆτ’ξᾶιέέοῦ
3473 3159 3564 3252 καὶ
3591 3159 3701 3260 ὲνιῖι

440 3286 699 3341 militatis
751 3294 808 3341 et
844 3287 1291 3342 mansuetudinis
1352 3287 1408 3341 in
1457 3286 1783 3343 confusione
1846 3303 2012 3344 mona‘

2139 3288 2223 3343 δεῖ
2266 3292 2691 3363 παρακαλέσαι·
2748 3292 2835 3346 ἵνα
2897 3292 2972 3363 μὴ
3023 3291 3301 3363 προφάσει
3345 3288 3700 3357 ταπεινότητος

442 3377 619 3439 steria
678 3378 831 3445 sint;
877 3394 1182 3449 congruum
1241 3379 1494 3434 ordinem
1538 3380 1951 3449 praesidentium
1982 3398 2011 3436 c

2139 3383 2236 3436 καὶ
2273 3384 2585 3454 πραότητος
2620 3384 2679 3438 ὲν
2712 3382 2978 3454 συγχύσει
3010 3383 3081 3436 τὰ
3113 3384 3453 3454 μοναστήρια
3479 3376 3543 3449 ἦν
3568 3420 3582 3443 ,
3615 3379 3698 3446 τὴν

442 3472 824 3542 subjectorum
848 3487 961 3526 non
991 3472 1304 3538 servantia;
1342 3473 1396 3527 in
1431 3482 1648 3529 secreto
1669 3482 1853 3529 autem
1880 3490 2014 3529 men

2141 3476 2528 3545 προσήκουσαν
2555 3474 2708 3539 τάξιν
2737 3476 2845 3528 τῶν
2874 3474 3237 3545 προεστώτων
3266 3474 3363 3527 καὶ
3393 3465 3699 3537 ὑποϐεϐηκό-

443 3564 520 3629 tis
553 3579 742 3620 servos
778 3563 1035 3636 indignos
1077 3565 1327 3619 omnium
1392 3565 1626 3620 fratrum
1668 3581 1728 3621 se
1758 3566 1908 3636 ipsos
1946 3584 2015 3623 rei

2136 3582 2249 3619 των
2291 3568 2393 3619 οὐκ
2424 3565 2780 3630 ἀποσώζοντα
2801 3582 2816 3597 ’
2871 3566 2929 3618 ὲν
2962 3566 3024 3619 δέ
3053 3583 3118 3634 γε
3148 3565 3227 3637 τῷ
3254 3565 3455 3634 ἀφανεῖ
3478 3563 3570 3630 τῆς
3593 3558 3694 3610 δια-

443 3664 748 3726 putantes;
780 3665 947 3727 atque
983 3664 1046 3711 ut
1083 3656 1216 3713 boni
1257 3656 1562 3728 paedagogi,
1610 3657 1815 3728 quibus
1874 3659 2015 3729 8ρίτὶ

2140 3658 2289 3721 νοίας
2352 3658 2429 3721 ὡς
2475 3658 2697 3723 δούλους
2743 3658 2997 3724 ἀναξίους
3056 3659 3276 3712 πάντων
3328 3656 3435 3710 τῶν
3479 3647 3696 3717 ἀδελφῶν

443 3747 625 3808 tuales
660 3747 758 3813 ﬁlii
787 3747 1095 3809 concrediti
1131 3757 1282 3814 sunt,
1319 3764 1445 3803 cum
1480 3748 1630 3808 omni
1652 3750 2015 3807 benevolenti:

2140 3754 2365 3817 ἑαυτοὺς
2400 3754 2697 3825 ἡγούμενοι
2720 3794 2736 3819 ,
2772 3753 2849 3817 ὡς
2885 3753 3228 3821 παιδαγωγοὶ
3263 3744 3599 3821 πνευματικά
3626 3740 3696 3793 τέο

442 3846 501 3894 et
529 3838 627 3894 Dei
660 3838 856 3896 timore
874 3855 1325 3910 unumquemque
1358 3838 1591 3897 fratrum
1619 3858 1945 3912 promovere
1967 3860 2014 3899 at

2140 3862 2244 3899 κνα
2278 3848 2707 3917 πεπιστευμένοι
2732 3887 2747 3911 ,
2805 3845 2946 3915 μετά
2980 3847 3163 3916 πάσης
3189 3844 3406 3907 εὐνοίας
3439 3842 3526 3896 καὶ
3550 3835 3694 3907 φόϐου

443 3945 608 4011 omne
642 3929 851 3985 bonum
881 3931 1206 3999 studentes;
1248 3946 1358 3985 non
1383 3931 1556 4001 ignari
1581 3976 1596 3999 ,
1628 3935 2015 4005 magnamipsi:

2138 3935 2275 3991 Θεοῦ
2332 3936 2564 4005 ’ἑκαστον
2624 3937 2733 3990 τῶν
2781 3936 3028 4007 ἀδελφῶν
3081 3937 3436 4007 καταρτίζειν
3487 3932 3561 3991 εἰς
3604 3926 3693 3978 πᾶν

442 4030 502 4079 et
531 4021 977 4089 inamissibilem,
1011 4022 1329 4093 laborisque
1372 4024 1653 4093 quantivis
1674 4026 2014 4087 excedenten

2139 4030 2345 4097 ἀγαθὸν
2393 4029 2823 4094 σπουδάζοντες’
2884 4029 2958 4101 μὴ
3007 4027 3333 4097 ἀγνοοῦντες
3362 4068 3377 4094 ,
3419 4027 3499 4079 ὅτι
3541 4019 3692 4088 μέγας

442 4111 729 4178 meritum,
756 4112 1057 4194 repositam
1077 4127 1199 4169 esse
1226 4113 1563 4173 mercedem.

2139 4121 2323 4184 αὐτοῖς
2373 4120 2470 4174 καὶ
2522 4120 2886 4193 ἀναφαίρετος
2916 4123 2944 4175 ὁ
2973 4121 3111 4191 ὑπὲρ
3133 4119 3226 4173 τοῦ
3256 4118 3500 4190 καμάτου
3527 4108 3690 4184 μισθὸς

2138 4211 2480 4282 ταμιεύεται.

520 4295 679 4365 172
716 4295 786 4352 X.
818 4296 891 4353 Ut
922 4296 1019 4366 qui
1043 4312 1233 4352 curam
1259 4297 1949 4371 suscipiuntregendorum
1980 4313 2037 4360 et

2211 4303 2487 4371 Ι¹.”Ωσπερ
2509 4303 2559 4355 οῖ
2582 4302 2947 4371 παιδαγωγεῖν
2971 4303 3095 4365 τοὺς
3117 4304 3272 4366 νέους
3294 4294 3687 4371 παραλαϐόντες.

447 4385 924 4447 instituendorum
972 4387 1412 4457 adolescentum,
1466 4405 1606 4461 quos
1640 4391 1908 4465 contingit
1936 4396 2019 4450 ali-

2138 4392 2290 4447 ἐστιν
2343 4394 2432 4447 ὅτε
2483 4393 2579 4447 καὶ
2619 4393 2889 4456 δεσπότας
2920 4392 3080 4456 ὄντας
3115 4392 3297 4460 ἰδίους,
3334 4392 3446 4447 ἀλλ’
3471 4384 3558 4443 οῦν
3585 4399 3689 4435 παι-

442 4474 667 4543 quando
692 4482 748 4530 et
780 4476 1039 4546 proprios
1090 4477 1338 4548 ipsorum
1370 4494 1491 4535 esse
1525 4480 1814 4550 dominos;
1849 4492 2014 4540 tamet

2137 4483 2287 4547 δείας
2322 4483 2484 4554 χάριν
2527 4483 2621 4537 καὶ
2655 4482 2954 4551 εὐκοσμίας
2982 4482 3131 4553 ἠθῶν
3166 4483 3268 4536 οὐκ
3296 4480 3534 4535 ὀκνοῦσιν
3564 4474 3687 4541 ὅμως

442 4574 507 4619 ιιι
556 4564 851 4636 disciplina
891 4583 989 4623 eos
1017 4568 1227 4625 salubri
1260 4570 1547 4637 imbuant,
1568 4583 1624 4629 et
1659 4590 1843 4630 mores
1876 4576 2014 4646 ipso-

2135 4574 2233 4628 καὶ
2276 4574 2493 4645 πληγὰς
2540 4573 2725 4637 αὐτοῖς
2773 4574 3011 4626 ἐντεῖναι
3037 4613 3052 4636 ,
3105 4574 3245 4627 κατά
3277 4572 3474 4638 πολλὴν
3499 4566 3684 4621 ἄδειαν·

439 4671 565 4722 rum
609 4655 875 4721 honestos
897 4658 1163 4726 forment,
1203 4676 1315 4725 non
1344 4674 1679 4721 cunctantur
1725 4681 1822 4722 eos
1852 4668 2011 4724 interr

2133 4665 2275 4717 οὕτω
2312 4665 2396 4717 δεῖ
2423 4663 2518 4717 καὶ
2547 4663 2673 4726 τοὺς
2701 4663 3056 4733 προεστῶτας
3078 4704 3094 4727 ,
3133 4664 3194 4716 οὐ
3226 4664 3387 4718 πάθει
3417 4653 3579 4727 θυμοῦ
3608 4646 3684 4702 καὶ

438 4750 572 4809 dum
602 4750 777 4822 plagis
806 4752 976 4809 etiam
1026 4768 1223 4825 magna
1251 4754 1509 4817 libertate
1558 4758 1833 4828 impositis
1863 4760 2010 4816 casti

2134 4756 2606 4830 ὑψηλοφροσύνης,
2635 4754 2743 4809 οὐδ’
2770 4755 2845 4818 ὡς
2872 4756 3098 4820 ἑαυτοὺς
3124 4755 3479 4817 ἐκδικοῦντες,
3509 4742 3685 4815 ἀμύνε·

437 4856 568 4914 gare
600 4859 615 4907 ;
649 4841 730 4897 sic
762 4852 985 4913 oportet
1016 4851 1073 4899 et
1098 4846 1445 4915 praepositos,
1478 4863 1588 4903 non
1610 4849 1705 4904 ira:
1730 4852 2009 4920 perturba-

2134 4845 2261 4899 σθαι
2298 4846 2427 4908 τοὺς
2465 4844 2714 4908 παιδείας
2747 4843 2892 4908 τινὸς
2916 4845 3026 4898 τῶν
3049 4845 3294 4914 ἀδελφῶν
3316 4836 3682 4908 ὲπιδεομένουςι

435 4933 609 4997 tione,
655 4941 752 4988 aut
809 4933 957 4989 fastu
1036 4936 1348 5006 superbiae;
1405 4953 1587 5008 neque
1624 4948 1687 4999 ut
1756 4956 1816 4996 se
1871 4940 2007 5010 ipso:

2131 4938 2270 4993 ἀλλά
2302 4937 2629 5008 σπλάγχνοις
2655 4939 2949 5009 χρηστοῖς,
2990 4938 3087 4991 καὶ
3130 4937 3317 5007 σκοπῷ
3347 4921 3684 4999 πνευματικῆς

435 5022 790 5088 ulciscentes,
820 5026 1039 5091 allicere
1070 5044 1235 5099 poena
1264 5031 1460 5086 merita
1483 5046 1581 5087 eos
1628 5047 1696 5087 ex
1733 5032 2001 5088 fratribus

1979 5049 2021 5097 s,
2132 5028 2426 5099 ὠφελείας,
2465 5028 2562 5098 τὴν
2589 5028 2927 5099 ἐπιστροφὴν
2960 5027 3185 5081 ἐκείνων
3216 5021 3551 5097 ἐργάζεσθαι.

434 5117 532 5187 qui
572 5120 913 5176 correctione
950 5121 1200 5193 indigent
1239 5124 1424 5193 aliqua
1449 5141 1464 5191 ;
1489 5139 1681 5178 verum
1728 5125 1785 5180 id
1814 5124 2023 5181 faciant
2054 5121 2312 5193 benignis
2339 5121 2656 5177 visceribus
2694 5128 2751 5176 et
2806 5136 3037 5190 scopum
3094 5122 3371 5176 intuentes
3401 5117 3561 5170 unum
3586 5100 3683 5174 SPi‘

434 5206 655 5271 ritualis
680 5206 929 5276 ipsorum
975 5212 1254 5279 utilitatis,
1304 5223 1366 5269 ut
1419 5226 1721 5285 operentur
1782 5215 2032 5287 ipsorum
2070 5212 2513 5273 conversionem.

511 5300 606 5357 XI.
645 5302 817 5359 Multo
846 5305 1061 5383 studio,
1079 5310 1461 5374 contentione,
1503 5326 1661 5377 Cura,
1697 5311 2031 5367 etcertami—

2214 5308 2316 5361 IA'.
2347 5307 2472 5359 ’Ὁτι
2506 5305 2596 5358 διὰ
2627 5304 2826 5375 πολλῆς
2856 5304 3092 5376 σπουδῆς
3120 5305 3215 5358 καὶ
3237 5304 3417 5363 πόνου,
3444 5291 3678 5383 μερίμνης

435 5408 504 5459 ne
530 5410 824 5464 possumus
839 5397 1167 5461 charitatem
1213 5402 1268 5456 in
1290 5402 1465 5456 Deum
1518 5404 1829 5477 acquirere,
1852 5405 2007 5475 grati:

2137 5416 2199 5453 τε
2246 5399 2343 5453 καὶ
2375 5399 2586 5467 ἀγῶνος
2622 5399 2720 5471 τὴν
2754 5398 2892 5469 πρὸς
2915 5398 3049 5451 Θεὸν
3079 5398 3296 5468 ἀγάπην
3325 5385 3523 5450 δυνατοί

436 5487 493 5536 et
527 5482 672 5540 dono
699 5484 932 5549 Christi,
972 5489 1067 5557 qui
1127 5486 1400 5543 formatur
1450 5470 1734 5546 in'nobis.
1793 5470 1879 5547 Eri
1923 5493 2008 5547 hor

2142 5492 2286 5564 μεθα
2326 5493 2636 5561 κτήσασθαι
2670 5492 2854 5562 χάριτι
2896 5488 2994 5543 καὶ
3024 5488 3201 5560 δωρεᾷ
3229 5480 3455 5558 Χριστοῦ
3488 5478 3539 5528 ὲν
3566 5470 3674 5564 ἡμῖν

437 5587 655 5646 quoque
698 5578 881 5648 primo
918 5580 1000 5636 sic
1026 5581 1247 5652 expleto
1278 5583 1559 5649 mandato,
1615 5584 1681 5639 ad
1713 5584 2009 5641 secunduir

2136 5560 2635 5662 διαμορφουμένου.
2822 5585 2879 5638 δὲ
2921 5583 3126 5653 ταύτης
3179 5583 3270 5637 καὶ
3316 5580 3408 5648 τὴν
3448 5560 3671 5637 δευτέ9²ν

512 5776 603 5833 "1
635 5780 762 5835 Cor.
796 5798 868 5851 ιχ,
903 5786 954 5840 4.
1036 5786 1398 5853 ⁵³Β1ιιιιίι.χχ,
1434 5788 1522 5844 27.
