3980 6432
250 359 354 423 849

1182 369 1411 428 LIBER
1453 370 1552 430 DE
1593 371 2116 431 PERFECTIONE
2156 371 2239 432 IN
2283 369 2618 429 SPIBITU.

3419 362 3525 423 85.0

249 471 394 540 φημὶ
422 472 666 544 ἐντολὴν,
699 474 795 546 τὴν
828 476 962 546 πρὸς
991 478 1084 531 τὸν
1112 479 1341 550 πλησίον
1367 480 1611 550 ἀγάπην,
1642 482 1825 552 ῥᾳδίως

1943 480 2122 535 facilis
2167 480 2360 535 eadem
2393 495 2496 548 ope
2532 476 2692 531 nobis
2718 474 3002 544 continget
3031 473 3319 539 transitus,
3349 473 3415 526 ad
3439 473 3524 525 di-

249 562 600 634 κατορθῶσαι
641 565 867 633 γίνεται.
927 570 1007 623 Τὰ
1037 568 1145 642 γὰρ
1187 572 1376 644 πρῶτα
1411 575 1503 624 καί
1535 575 1832 642 προ-,ταττέ-

251 651 361 704 σθω
393 653 503 706 τῶν
532 655 726 723 ἄλλων,
763 659 858 712 καὶ
890 659 1052 715 πλέον
1086 663 1266 716 αὐτῶν
1295 663 1700 716 σπουδευέσθω·
1739 666 1833 717 καὶ

249 747 391 803 οὕτω
435 750 505 804 τὰ
541 751 767 824 δεύτερα
799 759 908 818 τοῖς
939 757 1175 829 πρώτοις
1208 759 1447 828 ἑπόμενα
1472 758 1622 811 ἔσται
1647 775 1661 791 ο
1699 761 1745 812 εἰ
1775 759 1831 812 δέ

247 859 331 907 τις
379 845 482 914 τῆς
533 846 777 918 μεγάλης
817 849 1022 920 ταύτης
1067 852 1162 904 καὶ
1197 851 1420 922 πρώτης
1452 851 1696 920 ἐντολῆς,
1732 854 1832 922 τῆς

249 937 385 1006 πρὸς
415 938 547 991 Θεὸν
576 939 800 1011 ἀγάπης
830 945 998 1011 φημὶ,
1032 945 1376 1014 κατολιγωρή
1389 962 1485 1008 σας
1505 986 1519 1011 ,
1573 946 1694 1012 ἥτις
1725 943 1832 996 ἀπὸ

247 1029 347 1098 τῆς
394 1029 544 1082 ἔνδον
576 1032 734 1101 ήμῶν
781 1033 1077 1098 διαθέσεως
1119 1034 1476 1106 συνειδήσεώς
1505 1053 1563 1089 τε
1595 1036 1829 1105 ἀγαθῆς,

248 1118 344 1167 καὶ
373 1117 572 1186 ὑγειῶν
603 1119 713 1172 τῶν
744 1121 882 1189 πρὸς
908 1122 1040 1176 Θεὸν
1066 1125 1308 1190 ἐννοιῶν,
1348 1126 1560 1194 συνάμα
1588 1127 1681 1178 καὶ
1708 1125 1835 1196 βοηο

249 1209 402 1274 θείας
438 1218 928 1287 συνεφαπτομένης
957 1218 1267 1272 συνίσταται
1295 1235 1310 1250 °
1357 1220 1454 1291 τῆς
1489 1219 1546 1272 δὲ
1574 1220 1832 1289 δευτέρας

247 1305 346 1370 τῆς
375 1303 576 1368 ἔξωθεν
609 1307 770 1375 μόνον
797 1309 1121 1378 ἐπιμέλειαν
1147 1311 1244 1380 τῆς
1269 1311 1546 1374 διακονίας
1571 1312 1832 1379 ἀφοσιοῦν

247 1395 520 1466 βούλεται,
539 1399 802 1454 ἀδύνατον
821 1402 968 1472 αὐτῷ
987 1404 1190 1474 ταύτην
1209 1404 1374 1471 ὑγιῶς
1389 1423 1445 1457 τε
1467 1406 1558 1458 κει)⁸
1574 1405 1832 1475 καθαρῶς

248 1488 550 1558 μετελθεῖν.
571 1491 637 1544 Ἦ
660 1491 767 1564 γάρ
793 1493 891 1562 τῆς
915 1494 1111 1557 κακίας
1137 1495 1358 1564 μέθοδος
1383 1496 1602 1566 μνήμης
1627 1495 1830 1565 ἔρημον

245 1583 342 1633 καὶ
392 1582 614 1652 ἀγάπης
668 1585 764 1638 καὶ
812 1584 949 1638 Θεοῦ
993 1585 1273 1656 ζητήσεως
1317 1587 1407 1638 τὸν
1448 1587 1570 1640 νοῦν
1610 1587 1830 1658 ἀνευρί-

246 1690 474 1740 σκουσα,
511 1676 543 1746 ἣ
576 1677 812 1749 δυσχερῆ
847 1678 940 1731 καὶ
972 1679 1207 1731 ἐπίπονα
1236 1679 1305 1731 τὰ
1334 1679 1451 1733 θεῖα
1479 1681 1830 1748 ἐπιτάγματα

245 1767 536 1834 φαίνεσθαι
568 1773 733 1837 ποιεῖ,
769 1772 1122 1841 γογγυσμοὺς
1152 1771 1247 1824 καὶ
1271 1771 1449 1835 λύπας
1477 1775 1569 1825 καὶ
1593 1774 1830 1842 μέμψεις

1941 573 2260 636 lectionem,
2324 572 2570 640 inquam,
2632 569 2890 638 proximi.
2923 568 3057 621 Nam
3082 567 3260 636 prima
3314 581 3526 634 praepo-

1939 673 2145 718 nantur
2177 664 2320 726 aliis,
2362 671 2416 717 et
2443 663 2567 732 plus
2606 661 2660 716 in
2699 661 2766 714 iis
2802 660 2970 714 studii
3011 667 3268 730 ponatur,
3295 674 3360 712 ac
3411 666 3524 710 tum

1939 755 2161 810 domum
2204 754 2400 808 ordine
2426 752 2778 807 convenienti
2817 750 3057 805 secunda
3095 751 3289 820 primis
3332 765 3527 804 conse-

1941 856 2179 917 quenter
2233 847 2626 916 adjungcntur.
2667 845 2724 899 Si
2769 845 2894 914 quis
2947 853 3130 898 autem
3188 859 3388 912 magno
3430 843 3525 896 illo

1938 951 1995 995 et
2023 941 2198 1010 primo
2232 939 2512 1000 mandato,
2540 938 2873 1000 dilectionis,
2902 938 3150 1006 inquam,
3185 935 3302 1000 Dei,
3337 935 3522 1004 negle-

1939 1041 2030 1088 cto
2071 1033 2216 1103 (qua:
2244 1032 2469 1085 dilectio
2507 1047 2575 1086 ex
2604 1030 2855 1085 interiori
2903 1040 3093 1084 nostra
3137 1029 3521 1097 dispositione,

1940 1122 2387 1192 conscientiaque
2409 1122 2574 1188 bona,
2595 1131 2650 1175 et
2674 1122 2822 1176 sanis
2851 1121 2919 1175 de
2947 1122 3059 1174 Deo
3076 1120 3522 1190 eogitationilms,

1940 1225 2308 1271 concurrente
2327 1216 2491 1269 simul
2536 1215 2739 1269 auxilio
2769 1215 2955 1284 gratiae
2979 1212 3372 1281 cooperatricis
3420 1212 3522 1264 eli-

1940 1310 2107 1380 citur)
2129 1310 2374 1364 secundo
2424 1311 2682 1364 mandato
2704 1309 3020 1364 dilectionis
3070 1307 3333 1376 proximi,
3367 1314 3523 1358 exte-

1941 1402 2074 1456 riori
2111 1411 2322 1456 tantum
2351 1412 2512 1456 tenus
2547 1401 2849 1454 ministerii
2882 1399 3240 1454 accuratione
3298 1396 3519 1468 defungi

1937 1494 2178 1548 voluerit
2207 1511 2222 1560 ;
2249 1509 2593 1563 nequaquam
2623 1493 2755 1547 illud
2788 1493 2991 1562 poterit
3029 1507 3159 1546 sane
3178 1507 3241 1545 ac
3264 1506 3402 1560 pure
3428 1507 3524 1545 ex-

1939 1587 2116 1656 sequi.
2171 1587 2307 1640 Nam
2330 1586 2469 1640 ratio
2504 1585 2877 1655 impugnantis
2910 1600 3012 1639 nos
3037 1585 3280 1648 malitiie,
3313 1600 3523 1638 memo-

1937 1677 2054 1742 riae,
2090 1677 2318 1740 amoris,
2341 1687 2398 1731 et
2428 1677 2524 1731 Dei
2599 1675 2978 1745 inquisitionis
3010 1690 3237 1728 vacuam
3282 1683 3521 1728 mentem

1938 1770 2242 1840 reperiens,
2285 1776 2384 1823 aut
2422 1749 2610 1833 eilicit,
2645 1777 2705 1822 ut
2751 1768 2980 1822 molesta
3015 1775 3072 1820 et
3130 1767 3404 1821 laboriosa
3437 1769 3524 1820 ni-

243 1859 387 1913 κατά
417 1861 518 1930 τῆς
546 1863 626 1925 είς
654 1863 781 1926 τοὺς
809 1863 1071 1931 ἀδελφοὺς
1110 1862 1389 1926 διακονίας
1419 1867 1484 1934 τῇ
1520 1863 1665 1934 ψυχῇ
1708 1867 1825 1916 ἀνα.

1937 1864 2045 1918 mis
2076 1863 2179 1933 ipsi
2210 1863 2306 1919 Dei
2338 1871 2609 1931 praecepta
2636 1861 2970 1925 videantur;
3003 1860 3148 1914 unde
3185 1861 3240 1914 in
3271 1877 3522 1913 murmu-

243 1950 505 2022 κινοῦσαΓ
555 1953 588 2021 ἢ
624 1954 797 2023 οἰήσει
828 1953 1176 2025 δικαιοσύνης
1206 1953 1599 2025 ἐξαπατήσασα
1628 1958 1832 2024 φυσιοῖ,

244 2042 340 2096 καὶ
371 2043 563 2096 ἐαυτὸν
590 2044 846 2114 ἡγεῖσθαι
877 2045 1061 2115 τίμιόν
1091 2063 1149 2098 τε
1182 2047 1274 2099 καὶ
1309 2047 1505 2116 μέγαν,
1531 2047 1625 2100 καὶ
1647 2047 1832 2118 ἄκρως

242 2132 615 2202 κατορθοῦντα
647 2133 746 2198 τὰς
773 2135 994 2199 ὲντολάς
1020 2137 1329 2191 ἀναπείθει.

1940 1957 2207 2019 rationes,
2249 1955 2490 2019 dolores,
2540 1963 2595 2008 ct
2624 1954 2880 2023 querelas
2926 1961 3120 2006 contra
3150 1952 3522 2006 ministerium

1938 2062 2066 2116 erga
2098 2046 2297 2100 fratres
2333 2045 2571 2100 animam
2599 2043 2832 2108 incitat;
2867 2053 2962 2096 aut
2996 2043 3259 2111 opinione
3297 2044 3525 2112 justilize

1939 2138 2232 2208 deceptum
2261 2137 2341 2192 sic
2364 2137 2770 2190 ministrantem
2803 2133 2986 2200 inflat;
3017 2143 3074 2188 et
3106 2134 3156 2188 ei
3185 2135 3481 2204 persuadet
3508 2179 3522 2200 ,

243 2239 304 2284 ut
342 2246 402 2285 se
429 2229 704 2286 existimet
755 2231 1058 2302 pretiosum
1087 2232 1379 2302 quemdam
1404 2248 1468 2289 ac
1510 2249 1768 2306 magnum
1803 2251 1818 2302 ;
1855 2244 1912 2290 et
1979 2250 2194 2290 summa
2260 2234 2597 2304 perfectione
2627 2241 2827 2288 cuncta
2855 2231 2956 2286 Dei
3007 2231 3336 2287 eﬂicientem
3372 2249 3522 2286 man-

241 2327 396 2380 data.

313 2415 416 2471 lB‘.
466 2417 702 2472 Ὀπόταν
731 2417 923 2472 ἑαυτὸν
948 2419 1107 2491 οἰηθῇ
1137 2419 1424 2490 ἄνθρωπος
1457 2420 1564 2474 τῶν
1595 2422 1827 2476 ἐντολῶν

237 2509 602 2580 ἐπιμελητὴν,
630 2511 788 2581 δῆλός
814 2513 963 2565 ἐστιν
987 2513 1345 2583 ἁμαρτάνων,
1370 2514 1586 2583 καὶτῆς
1609 2515 1830 2584 ἐντολῆς

240 2601 638 2671 σφαλλόμενοςο
673 2605 761 2657 ὅτε
793 2605 996 2676 κρίνων
1023 2605 1240 2671 ἑαυτὸν,
1273 2606 1368 2660 καὶ
1398 2605 1473 2675 μὴ
1499 2606 1590 2658 τὸν
1611 2605 1829 2674 ἀληθῶς

237 2694 499 2765 κρίνοντα
530 2697 986 2766 προσδεξάμενος
1019 2698 1152 2750 ὅταν
1175 2696 1284 2768 γὰρ
1317 2697 1718 2766 συμμαρτυρῇ
1748 2697 1828 2762 τῷ

235 2786 532 2853 πνεύματι
560 2785 728 2856 ἡμῶν
756 2787 820 2840 τὸ
854 2787 960 2842 τοῦ
993 2787 1139 2841 Θεοῦ
1169 2787 1440 2857 Πνεῦμα,
1482 2789 1624 2843 κατά
1651 2790 1712 2843 τὸ
1738 2791 1828 2844 λό-

235 2891 358 2942 γιον
391 2876 628 2940 Παύλου,
663 2877 786 2930 τότε
815 2878 1126 2949 φιλαλήθως
1156 2879 1395 2950 Χριστοῦ
1423 2880 1582 2947 ἄξιοι,
1615 2881 1708 2934 καὶ
1734 2881 1825 2934 τέ-

236 2984 343 3022 κνα
396 2967 532 3020 Θεοῦ
580 2971 925 3041 τυγχάνομεν
968 2971 1158 3034 ὄντες,
1210 2973 1309 3040 οὐχ
1350 2971 1479 3024 ὅταν
1515 2972 1620 3041 ἰδίᾳ
1647 2972 1823 3044 οἰήσει

235 3061 468 3122 ἑαυτοὺς
502 3060 885 3132 δικαιώσωμεν
910 3077 923 3092 ·
976 3063 1058 3115 Οὐ
1094 3061 1204 3130 γὰρ
1239 3061 1459 3115 ἑαυτὸν
1486 3062 1821 3130 συνιστῶν,

235 3154 402 3223 φησὶ,
440 3152 681 3222 δόκιμος
707 3169 720 3182 '
762 3153 902 3208 ἀλλ’
951 3153 1024 3207 ὃν
1071 3157 1105 3208 ό
1148 3155 1364 3223 Κύριος
1404 3157 1818 3224 συνίστησιν·

1991 2421 2107 2476 XII.
2141 2421 2281 2478 Cum
2309 2422 2474 2478 homo
2503 2438 2562 2478 se
2588 2420 3065 2493 ipsumexistimat
3091 2428 3345 2475 accurate
3366 2437 3524 2474 man-

1935 2514 2062 2569 data
2105 2515 2367 2584 exsequi,
2423 2515 2531 2568 hoc
2581 2514 2702 2584 ipso
2757 2511 3051 2567 manifesto
3091 2512 3277 2581 prodit
3320 2512 3526 2566 indicio

1931 2621 2120 2662 errare
2146 2622 2225 2672 se,
2250 2621 2314 2661 ac
2337 2622 2368 2660 a
2400 2607 2658 2676 praecepti
2699 2605 3086 2660 observatione
3114 2603 3381 2658 deviasse.
3423 2604 3525 2659 Ut-

1933 2712 2061 2771 pote
2081 2701 2173 2768 qui
2205 2708 2553 2769 praeoccupet
2580 2697 2850 2769 judicium
2885 2697 2952 2751 de
2972 2712 3030 2751 se
3060 2697 3182 2765 ipso
3198 2696 3341 2749 ferre
3373 2737 3387 2757 ,
3412 2711 3524 2749 non

1934 2802 2261 2863 exspectans
2295 2808 2425 2846 vere
2444 2791 2808 2863 iudicantem.
2837 2789 3073 2853 Quando
3103 2792 3250 2843 enim
3279 2789 3525 2842 testimo-

1933 2883 2087 2937 nium
2111 2883 2282 2936 reddit
2323 2883 2536 2952 spiritui
2559 2889 2736 2934 nostro
2756 2879 2854 2933 Dei
2877 2879 3108 2950 Spiritus
3130 2879 3195 2943 ⁸⁸,
3220 2879 3526 2934 secundum

1931 2977 2108 3041 Pauli,
2145 2984 2279 3030 tunc
2311 2975 2490 3030 solum
2516 2973 2737 3028 Christo
2776 2973 2963 3043 digni,
3003 2981 3058 3026 et
3087 2971 3182 3025 lilii
3235 2972 3331 3025 Dei
3394 2988 3525 3026 vere

1930 3084 2154 3134 sumus;
2177 3084 2288 3123 non
2317 3076 2503 3122 autem
2535 3065 2758 3136 quando
2788 3066 3028 3134 propriae
3058 3065 3343 3134 opinionis
3371 3080 3528 3119 arro-

1889 3145 1894 3148 l
1929 3162 2110 3234 gantia
2133 3163 2312 3233 justos
2343 3174 2442 3214 nos
2471 3159 2574 3229 ipsi
2597 3158 3090 3212 declaravcrimus.
3124 3157 3244 3210 Non
3271 3159 3410 3209 enim
3436 3141 3529 3227 qui

233 3246 470 3317 ἐπείπερ
519 3247 648 3300 ὅταν
687 3247 909 3316 μνήμης
953 3248 1050 3300 καὶ
1095 3248 1261 3316 φόϐου
1305 3249 1441 3302 Θεοῦ
1495 3254 1702 3322 γυμνὸς
1747 3252 1824 3308 ὢν

1932 3274 1977 3310 se
1998 3257 2171 3325 ipsum
2198 3254 2552 3318 commendat,
2573 3252 2669 3317 ait,
2707 3251 2801 3305 ille
2831 3252 3081 3322 probatus
3113 3260 3189 3304 est
3213 3291 3226 3313 ,
3253 3251 3340 3303 sed
3371 3265 3527 3319 quem

233 3337 558 3408 εὑρίσκηται
611 3338 640 3389 6
681 3337 969 3406 ἄνθρωπος
995 3379 1008 3402 ,
1059 3339 1228 3409 πολλή
1274 3341 1491 3412 ἀνάγκη
1536 3345 1630 3396 καὶ
1665 3344 1822 3415 δόξης

233 3430 368 3500 ἐρᾷν
401 3429 496 3481 καὶ
529 3428 784 3498 θηρεύειν
810 3429 1034 3484 ἔπαινον
1069 3433 1220 3502 παρά
1247 3432 1354 3487 τῶν
1388 3435 1477 3486 ὑπ’
1501 3436 1669 3489 αὑτοῦ
1703 3437 1821 3490 δια-

234 3521 602 3590 κονουμένων.
659 3521 718 3574 Ὀ
767 3521 826 3575 δέ
871 3538 936 3590 γε
976 3522 1220 3586 τοιοῦτος
1265 3525 1495 3588 ἄπιστος
1544 3529 1696 3598 παρά
1729 3527 1823 3581 τοῦ

234 3613 447 3685 Κυρίου
483 3613 807 3684 ἐλήλεγκται
828 3653 843 3677 ,
891 3615 1144 3686 καθάπερ
1178 3617 1278 3688 ἤδη
1313 3617 1651 3688 δεδήλωται·
1691 3619 1828 3684 Πῶς

233 3707 367 3776 γὰρ,
402 3706 556 3775 φησὶ,
595 3705 862 3760 δύνασθε
891 3705 1062 3775 ὑμεῖς
1090 3709 1417 3772 πιστεύειν,
1449 3709 1640 3773 δόξαν
1664 3712 1825 3778 παρά

233 3797 529 3863 ἀλλήλων
555 3795 986 3864 λαμϐάνοντες,
1021 3797 1120 3851 καί
1144 3797 1260 3864 τὴν
1289 3797 1480 3862 δόξαν
1502 3800 1609 3855 τοῦ
1629 3802 1824 3870 μόνου

238 3889 388 3943 Θεοῦ
421 3890 492 3942 οὐ
522 3886 834 3956 ζητοῦντες
846 3906 866 3954 ;

307 4071 408 4124 ll".
459 4069 656 4138 Ἀγῶνι
700 4069 882 4142 πολλῷ
928 4089 1024 4126 και
1063 4072 1300 4144 καμάτῳ
1333 4072 1450 4136 νοὸς
1483 4073 1571 4128 διὰ
1607 4076 1824 4148 σεμνῶν

233 4161 458 4215 ἐννοιῶν
507 4163 601 4216 καὶ
641 4165 741 4231 τῆς
774 4163 1035 4234 συνεχοῦς
1067 4165 1288 4218 πάντων
1318 4165 1426 4220 τῶν
1453 4167 1636 4221 καλῶν
1669 4169 1826 4241 μερί-

237 4269 382 4322 μνης
434 4255 468 4322 ἡ
511 4253 648 4323 πρὸς
688 4254 822 4307 Θεὸν
866 4256 1093 4326 ἀγάπη,
1132 4259 1389 4330 καθάπερ
1422 4260 1659 4330 εἴρηται,
1693 4279 1826 4316 κατε

233 4343 532 4414 ορθὶοῦσθαι
561 4344 808 4399 δύναταιο
847 4346 943 4400 ἂτε
974 4347 1068 4400 τοῦ
1094 4349 1342 4402 ἐναντίου
1365 4349 1443 4420 τῷ
1468 4353 1725 4425 ἡμετέρῳ
1748 4353 1824 4424 νῷ

235 4438 645 4508 ἐμποδίζοντος,
671 4439 763 4492 καὶ
786 4439 846 4490 οὐ
877 4439 1288 4511 συγχωροῦντος
1313 4442 1462 4514 αὑτῷ
1484 4445 1573 4498 διά
1593 4447 1692 4516 τῆς
1715 4448 1824 4502 τῶν

1926 3345 2066 3401 Deus
2091 3348 2418 3400 commendat
2444 3346 2506 3399 “.
2568 3344 3021 3414 Quandoquidem
3069 3359 3192 3398 cum
3253 3342 3529 3397 memoriae

1927 3452 1984 3499 et
2033 3443 2252 3497 timoris
2278 3442 2375 3495 Dei
2415 3454 2612 3508 expers
2671 3438 2947 3508 reperitur
2987 3437 3176 3501 homo,
3216 3436 3334 3490 fieri
3416 3451 3528 3490 non

1927 3541 2133 3603 potest,
2182 3533 2318 3602 quin
2345 3540 2402 3585 et
2431 3531 2662 3600 gloriam
2687 3537 2856 3593 amet,
2909 3536 2965 3581 et
3014 3536 3252 3581 venetur
3302 3527 3521 3580 laudem

1929 3625 1999 3679 ab
2030 3625 2119 3687 iis,
2159 3638 2298 3694 quos
2331 3622 2641 3677 ministerio
2686 3636 2790 3675 suo
2829 3622 3008 3691 juvat.
3041 3619 3188 3672 Talis
3211 3634 3374 3687 porro
3420 3619 3527 3672 tide

1927 3729 2164 3769 carerea
2191 3714 2424 3768 Domino
2457 3713 2748 3766 convictus
2771 3719 2876 3774 est,
2909 3711 2990 3765 uti
3007 3725 3170 3779 supra
3213 3711 3322 3780 jam
3360 3710 3527 3778 signi-

1928 3806 2153 3861 ﬁcatum
2203 3815 2288 3860 cst
2322 3823 2334 3858 :
2369 3803 2642 3869 Quomodo
2690 3804 2904 3874 potestis
2958 3803 3170 3856 credere
3233 3819 3322 3855 vos
3355 3843 3370 3867 ,
3431 3803 3523 3870 qui

1924 3901 2154 3969 gloriam
2210 3901 2274 3954 ab
2297 3900 2517 3953 invicem
2546 3899 2798 3968 accipitis,
2830 3907 2879 3951 et
2927 3895 3178 3966 gloriam,
3219 3911 3336 3964 qua:
3361 3913 3391 3947 a
3413 3895 3526 3948 sola

1926 3993 2034 4047 Deo
2064 4003 2158 4058 est,
2195 4009 2296 4046 non
2324 3992 2558 4063 quaeritis
2582 3991 2648 4043 ‘°.

1995 4083 2472 4142 Xlll.Certamine
2503 4085 2677 4138 multo
2706 4090 2763 4138 et
2799 4082 2990 4138 labore
3011 4082 3234 4147 mentis,
3271 4097 3372 4152 per
3395 4097 3526 4136 san-

1930 4187 2046 4236 ctas
2064 4165 2432 4249 cogitationes
2458 4185 2515 4232 et
2547 4176 2870 4232 continuam
2901 4189 3006 4244 pro
3062 4174 3324 4228 omnibus
3367 4171 3529 4227 bonis

1926 4268 2096 4323 rebus
2128 4267 2556 4324 sollicitudinem
2589 4266 2905 4324 charitasin
2925 4266 3116 4327 Deum,
3147 4266 3289 4320 sicut
3317 4265 3525 4320 dictum

1926 4371 2030 4425 est,
2059 4360 2129 4416 ab
2151 4361 2396 4426 homine,
2418 4367 2588 4430 prout
2619 4359 2702 4413 fas
2725 4368 2833 4424 est,
2854 4365 3036 4429 potest
3059 4359 3305 4412 exerceri
3338 4375 3352 4412 :
3377 4358 3524 4426 quod

1929 4452 2294 4508 adversarius
2328 4453 2856 4523 impediatmentem
2899 4460 3168 4515 nostram,
3205 4466 3308 4504 nec
3344 4450 3526 4505 eidem

225 4529 424 4582 ακαλῶν
475 4531 699 4600 μνήμης
729 4530 829 4642 Λτῷ
875 4530 1004 4600 θείῳ
1045 4532 1209 4603 ἔρωτι
1255 4540 1640 4606 προσανέχειν,
1682 4540 1819 4595 ἀλλά

1932 4543 2307 4614 permittat,ut
2335 4560 2436 4614 per
2469 4545 2791 4599 memoriam
2812 4543 3082 4598 bonarum
3110 4557 3297 4596 rerum
3348 4544 3524 4597 amori

235 4621 357 4682 ταῖς
385 4620 604 4687 γηῖναις
632 4619 948 4689 ἐπιθυμίαις
978 4623 1076 4692 τὴν
1103 4623 1354 4694 αἴσθησιν
1386 4629 1815 4696 περισαίνοντος.

251 4711 340 4763 Ἐν
357 4711 532 4781 τούτῳ
553 4711 661 4782 γὰρ
680 4713 708 4763 6
724 4711 818 4765 τοῦ
840 4714 1076 4783 πονηροῦ
1096 4714 1345 4778 θάνατος,
1373 4718 1466 4770 καὶ
1491 4713 1602 4771 οἷον
1624 4723 1820 4786 εἰπεῖν,

235 4802 478 4872 ἀγχόνη,
515 4803 603 4857 ὅτε
639 4806 705 4874 τῇ
741 4805 830 4857 τοῦ
859 4804 995 4858 Θεοῦ
1027 4805 1216 4880 ἀγάπῃ
1261 4809 1354 4860 καὶ
1393 4810 1582 4882 μνήμῃ
1625 4813 1823 4884 ἀπερι-

240 4895 498 4958 σπάστως
543 4898 572 4949 ό
605 4895 731 4959 νοῦς
771 4895 1122 4966 εὑρίσκηται.
1162 4898 1446 4953 Ἐντεῦθεν
1495 4904 1589 4956 καὶ
1621 4903 1654 4972 ἡ
1687 4904 1824 4974 πρὸς

233 4986 329 5039 τὸν
357 4987 584 5056 ἀδελφὸν
615 4988 917 5059 εἰλικρινὴς
941 4990 1130 5060 ἀγάπη
1160 4994 1424 5063 συστῆναι
1449 4994 1693 5058 δύναται,
1727 4997 1824 5052 καὶ

235 5079 271 5146 ή
302 5076 508 5148 ἀληθὴς
535 5078 803 5150 ἁπλότης,
835 5081 928 5133 καὶ
957 5082 990 5151 ή
1021 5082 1264 5154 πραότης
1289 5084 1350 5136 τέ
1377 5103 1520 5156 φημι
1546 5086 1640 5140 καὶ
1664 5089 1819 5160 εὐχὴ,

234 5169 333 5222 καὶ
367 5169 476 5232 πᾶς
506 5171 534 5221 6
559 5169 894 5240 περικαλλὴς
922 5170 1030 5224 τῶν
1056 5173 1269 5242 ἀρετῶν
1298 5173 1584 5242 στέφανος,
1611 5177 1698 5231 διὰ
1723 5179 1820 5248 τῆς

237 5263 386 5329 μιᾶς,
421 5262 514 5315 καὶ
543 5261 733 5332 μόνης,
763 5264 860 5316 καὶ
886 5263 1111 5336 πρώτης
1140 5265 1384 5335 ἐντολῆς,
1410 5268 1508 5338 τῆς
1531 5269 1668 5340 πρὸς
1685 5270 1820 5325 Θεὸν

1926 4631 2118 4688 divino
2143 4641 2329 4700 vacet;
2353 4633 2450 4688 sed
2477 4634 2737 4689 terrentis
2765 4633 3062 4688 desideriis
3086 4632 3271 4687 sensui
3304 4631 3530 4686 abblan-

1921 4719 2092 4774 ditur.
2122 4719 2260 4774 Nam
2288 4735 2456 4783 mors,
2497 4730 2553 4778 et
2615 4730 2675 4776 ut
2733 4723 2816 4777 sic
2871 4721 3078 4787 dicam,
3165 4719 3527 4787 suspendium

1920 4803 2127 4859 diaboli
2187 4812 2312 4870 est,
2359 4805 2583 4875 quando
2643 4807 2700 4860 in
2753 4806 2847 4860 Dei
2885 4805 3154 4860 charitate
3206 4813 3263 4860 et
3312 4819 3524 4858 memo-

1921 4895 2004 4948 ria
2028 4893 2305 4952 indivulse
2330 4911 2678 4951 commorans
2710 4911 2868 4950 mens
2925 4903 3171 4950 humana
3226 4893 3524 4962 reperitur.

1923 4981 2192 5054 llincjam
2226 4999 2418 5053 prono
2442 4983 2600 5054 quasi
2633 4983 2776 5039 flexu
2804 4983 2991 5039 illimis
3013 4983 3069 5036 in
3099 4982 3330 5036 fratrem
3366 4981 3525 5035 facile

1921 5074 2194 5128 redundat
2233 5076 2494 5140 cbaritas,
2516 5086 2572 5132 et
2598 5092 2724 5130 vera
2747 5076 3092 5146 simplicitas,
3124 5085 3182 5130 et
3203 5083 3528 5128 mansuetu-

1919 5156 2012 5224 do,
2043 5166 2098 5212 et
2121 5159 2424 5225 humilitas,
2449 5160 2756 5215 sinceritas.
2777 5170 2834 5215 et
2856 5161 3095 5225 bonitas,
3117 5159 3314 5230 et-ipsa
3345 5159 3523 5214 oratio

1924 5250 2083 5321 173
2120 5263 2563 5322 cunctarumque
2617 5252 2858 5309 formose
2906 5253 3268 5323 resplendens
3319 5267 3522 5306 corona

231 5352 458 5422 ἀγάπης
515 5353 616 5422 τήν
668 5354 984 5426 τελειότητα
1038 5350 1278 5427 δέχεται.
1348 5359 1585 5427 Ἀγῶνος
1636 5363 1820 5418 τοίνυν

1932 5345 2221 5415 virtutum,
2285 5364 2386 5420 per
2440 5349 2576 5404 illud
2612 5365 2783 5404 unum
2831 5361 2888 5406 et
2939 5350 3119 5406 solum
3175 5357 3234 5404 et
3282 5348 3523 5419 primum

231 5443 432 5496 πολλοῦ
486 5445 582 5499 καὶ
627 5446 791 5499 πόνου
836 5447 1081 5517 κρυπτοῦ
1133 5449 1230 5502 καὶ
1275 5449 1474 5520 ἀδήλου
1506 5452 1688 5523 χρεία,
1722 5455 1811 5508 λο-

227 5533 448 5604 γισμῶν
499 5536 731 5607 ἐρεύνης
776 5554 836 5591 τε
885 5539 983 5592 καὶ
1020 5541 1121 5610 τῆς
1145 5540 1266 5611 ,τῶν
1300 5541 1680 5615 ήσθενηκότων
1715 5546 1823 5617 τῆς

225 5630 411 5701 ψυχῆς
439 5631 595 5702 ήμῶν
623 5631 995 5705 αἰσθητηρίων
1024 5637 1354 5705 γυμνασίας,
1382 5637 1516 5706 πρὸς
1543 5635 1817 5707 διάκρισιν

307 5811 350 5843 δ’
384 5813 546 5875 Rom.
593 5829 708 5880 vm,
755 5816 835 5869 lb'.
916 5813 956 5847 "5
983 5815 1029 5872 ll
1061 5816 1186 5871 Cor.
1227 5834 1275 5882 χ,
1316 5817 1393 5870 l8.

1468 5818 1509 5849 ⁵³
1534 5819 1688 5873 Joan.
1739 5834 1785 5883 γ,
1825 5821 1910 5875 44,

1919 5435 2239 5494 dilectionis
2311 5439 2411 5494 Dei
2470 5440 2793 5496 mandatum
2839 5440 3239 5511 perfectionem
3293 5437 3523 5505 accipito

1917 5529 2233 5585 Certamina
2279 5529 2449 5600 igitur
2492 5532 2668 5587 multo
2727 5539 2785 5588 et
2847 5539 3052 5587 conatu
3105 5529 3361 5594 occulto,
3416 5543 3522 5583 nec

1921 5624 2057 5681 foris
2106 5625 2440 5691 observabili
2499 5627 2870 5685 contentionis
2949 5626 3141 5682 labore
3210 5641 3353 5696 opus
3403 5631 3511 5688 est,
