3980 6446
496 333 591 396 851

1731 337 1796 397 S.
1836 336 2157 397 MACARII
2193 336 2517 399 EGYP’I‘II

3619 348 3711 411 859.

497 443 554 495 in
609 439 1049 509 perscrutatione
1095 441 1519 511 cogitationum,
1576 444 1634 496 in
1676 444 2077 499 exercitatione

2187 445 2349 499 καλοῦ
2397 464 2455 499 τε
2506 447 2599 500 καὶ⁵
2642 446 2837 513 κακοῦ,
2876 448 3091 503 καὶτοῦ
3119 449 3375 520 ρωννύειν
3408 454 3497 507 καὶ
3525 456 3713 520 ἀναζω-

498 531 845 585 infirmorum
910 530 1106 586 anima:
1188 548 1453 589 sensuum
1534 535 1603 590 ad
1683 536 2078 591 discretionem

498 617 629 671 boni
670 626 725 671 et
762 619 914 685 mali,
948 619 1006 674 ξεῖ
1052 622 1481 677 corroborandis
1518 632 1576 679 et
1626 624 1933 679 excitandis
1980 640 2079 694 per

499 711 803 764 studiosam
849 727 1045 766 versus
1086 713 1259 767 Deum
1300 715 1713 770 inclinationem
1775 715 2081 771 debilitatis

498 802 695 855 anima:
742 803 1027 858 membris.
1092 805 1169 859 Ita
1219 821 1371 859 mens
1402 816 1588 861 nostra
1642 808 1906 863 continue
1966 810 2080 864 Deo

500 891 677 955 aflixa,
721 895 995 949 coalescet
1042 895 1098 948 in
1134 911 1302 949 unum
1345 912 1472 950 cum
1523 897 1759 952 Domino
1793 899 2077 969 spiritum,

498 983 651 1051 juxta
686 985 973 1037 oraculum
1009 984 1185 1039 Pauli.

570 1074 707 1130 XIV.
750 1075 900 1131 Hanc
928 1086 1111 1131 autem
1157 1076 1477 1131 interiorem
1523 1079 1959 1148 contentionem,
1998 1082 2081 1138 la-

502 1164 696 1219 borem
728 1207 742 1230 ,
803 1175 858 1220 ct
909 1168 1368 1233 meditationem,
1424 1170 1766 1226 incessanter
1826 1174 2081 1230 conferre

503 1259 963 1324 Oportctvirtutis
981 1269 1257 1315 amatores
1289 1260 1356 1315 ad
1389 1277 1607 1317 omnem
1642 1263 2079 1319 observationem

504 1348 748 1401 mandati
784 1349 899 1403 sive
930 1359 1174 1416 orantes,
1208 1352 1324 1407 sive
1353 1353 1756 1421 ministrantes,
1787 1356 2083 1411 comeden-

506 1447 587 1492 tcs
612 1440 744 1508 quin
775 1441 940 1495 etiam
976 1450 1070 1495 aut
1112 1443 1369 1499 bibentes
1407 1462 1421 1498 :
1466 1455 1524 1499 ut
1565 1446 1933 1517 quodcunque
1981 1447 2081 1502 de-

505 1546 654 1583 mum
684 1530 887 1586 bonum
915 1533 983 1587 ab
1019 1535 1153 1604 ipsis
1185 1536 1299 1600 fiet,
1348 1536 1404 1591 in
1459 1538 1685 1605 gloriam
1716 1540 1835 1605 Dei,
1881 1548 1936 1595 et
1968 1556 2081 1595 non

506 1619 561 1673 in
596 1631 841 1675 nostram
896 1622 990 1677 fiat
1036 1625 1298 1695 gloriam;
1337 1642 1512 1697 prona
1555 1639 1743 1685 autem
1796 1640 1854 1686 et
1899 1630 2082 1687 facilia

504 1711 666 1765 nobis
698 1722 919 1779 cuncta,
954 1731 1078 1785 qua:
1112 1718 1180 1772 ad
1213 1721 1539 1788 quorumvis
1567 1722 1665 1776 Dei
1695 1723 2081 1778 mandatorum

2183 540 2376 607 πυρεῖν
2404 537 2493 592 διὰ
2520 539 2618 604 τῆς
2646 537 2740 591 τοῦ
2764 538 2854 592 νοῦ
2890 540 3027 609 πρὸς
3049 541 3180 594 Θεὸν
3202 542 3487 611 ἐπιμελοῦς
3509 548 3717 612 νεύσεως

2180 624 2249 678 τὰ
2294 626 2646 695 πεπονηκότα
2689 628 2785 697 τῆς
2816 628 2996 697 ψυχῆς
3028 627 3187 698 μέλη.
3224 628 3280 683 ’0
3306 630 3412 701 γὰρ
3439 631 3556 695 νοῦς
3582 634 3717 702 ἡμῶν

2179 715 2323 769 οὕτω
2348 716 2637 779 διαπαντὸς
2666 717 2745 787 τῷ
2768 717 2888 787 Θεῷ
2914 719 3422 790 προσκολλώμενος,
3462 726 3717 792 γενήσεται

2185 810 2321 877 μετά
2348 808 2443 861 τοῦ
2472 810 2677 879 Κυρίου
2709 810 2788 873 είς
2817 810 2876 863 ἒν
2903 808 3140 880 πνεῦμα,
3162 811 3300 865 κατά
3321 811 3382 864 τὸ
3401 811 3572 881 λόγιον
3596 815 3723 868 Παύ-

2181 897 2293 952 λου.

2256 1079 2352 1135 1Δ’.
2390 1077 2592 1133 Τοῦτον
2619 1079 2678 1131 δέ
2709 1096 2842 1149 φησι
2871 1078 2963 1132 τὸν
3010 1079 3251 1149 κρυπτὸν
3288 1079 3491 1148 ἀγῶνα,
3522 1082 3612 1135 καὶ
3648 1084 3726 1136 τδν

2182 1169 2366 1234 πόνον,
2425 1169 2518 1221 καὶ
2578 1168 2674 1238 τὴν
2712 1168 2965 1239 μελέτην,
3026 1170 3387 1235 ἀδιαλείπτως
3438 1171 3578 1241 ἔχειν
3619 1174 3725 1229 τοὺς

2183 1259 2508 1331 φιλαρέτους
2563 1259 2670 1329 χρὴ
2728 1259 2865 1329 πρὸς
2921 1262 3100 1313 πᾶσαν
3134 1262 3479 1331 ἐπιτήδευσιν
3513 1265 3727 1334 ἐντολῆς,

2182 1352 2304 1423 ἦτοι
2335 1349 2744 1421 εὐχομένους,ἢ
2778 1350 3179 1415 διακονοῦντας,
3214 1352 3493 1414 ἐσθίοντας
3515 1352 3546 1422 ἢ
3572 1354 3728 1407 πίνον-

2181 1460 2281 1506 τας
2308 1459 2322 1473 ·
2358 1442 2425 1495 ἵν’
2458 1442 2595 1513 ὅπερ
2628 1441 2693 1496 ἂν
2731 1441 2957 1512 γένηται
2986 1443 3213 1511 ἀγαθὸν,
3266 1446 3347 1507 εἰς
3394 1444 3551 1510 δόξαν
3591 1445 3727 1507 Θεοῦ,

2181 1535 2278 1588 καὶ
2350 1532 2426 1604 μὴ
2479 1535 2561 1595 είς
2612 1533 2890 1604 ἡμετέραν
2937 1534 3167 1603 γένηται
3218 1534 3416 1599 δόξαν
3454 1536 3649 1607 εὐπετῆ
3679 1536 3729 1590 δὲ

2181 1628 2314 1697 ἡμῖν
2351 1626 2445 1679 καὶ
2486 1625 2646 1696 ῥᾴδια
2684 1624 2863 1678 πάντα
2894 1626 2963 1679 τά
3014 1626 3121 1679 τῶν
3164 1626 3395 1679 ἐντολῶν
3439 1626 3609 1692 ἔσται,
3644 1627 3730 1696 τῆς

2180 1716 2276 1770 τοῦ
2308 1715 2444 1770 Θεοῦ
2473 1718 2697 1787 ἀγάπης
2729 1716 2867 1771 αύτά
2892 1716 3380 1791 διευμαριζούσης,
3408 1718 3504 1773 καὶ
3532 1717 3590 1772 τὺ
3622 1718 3729 1772 tal-

503 1802 722 1870 plcnam
774 1808 1185 1863 exsecutionem
1240 1810 1512 1879 attinent;
1560 1828 1749 1870 amore
1797 1815 1933 1883 Dei,
1977 1817 2082 1872 ista

2187 1824 2349 1862 πονον
2374 1806 2554 1861 αὐτῶν
2594 1805 2893 1878 ὲκλυούσης
2922 1805 3091 1863 ἅπαν.

504 1891 821 1958 alleviante,
855 1902 911 1949 et
941 1897 1088 1965 quod
1123 1898 1463 1956 laboriosum
1524 1912 1611 1958 est
1672 1904 1729 1959 in
1779 1906 1934 1976 ipsis,
1970 1908 2083 1963 dis-

503 1984 778 2039 solvente.

577 2072 692 2127 XV.
733 2074 926 2130 Omnis
955 2079 1237 2135 contentio
1276 2089 1334 2137 et
1380 2082 1624 2139 studium
1660 2085 1985 2153 adversarii,
2025 2088 2083 2145 in

442 2204 445 2205 ν
504 2160 634 2226 hoc,
686 2163 983 2219 utdictum
1026 2174 1130 2232 est,
1165 2168 1376 2239 vigilat,
1408 2180 1470 2226 ut.
1517 2173 1802 2229 annitatur
1839 2187 2082 2231 mentem

504 2264 751 2307 nostram
775 2270 806 2308 a
827 2256 921 2309 Dei
946 2259 1235 2322 memoria,
1256 2260 1473 2324 timore,
1496 2278 1793 2334 amoreque
1813 2266 2079 2333 avellere;

509 2346 752 2400 terrenis
812 2346 985 2417 ipsam
1040 2352 1460 2408 avocationibus
1512 2362 1569 2407 et
1625 2354 2082 2425 delinimentis,a

502 2452 634 2491 vero
672 2438 819 2493 bono
872 2440 942 2495 ad
994 2445 1313 2511 apparentia
1346 2444 1694 2502 divertendo.

575 2617 714 2672 XVI.
754 2619 998 2674 Invicem
1042 2621 1280 2678 virtutes
1318 2632 1728 2680 connectuntur
1779 2632 1835 2680 et
1890 2633 2085 2681 mutuo

502 2710 794 2774 inhaerent,
828 2720 887 2765 nt
914 2712 969 2765 in
1002 2722 1193 2768 catena
1223 2716 1501 2770 commissi
1535 2718 1725 2771 annuli
1756 2733 1863 2771 uno
1892 2734 1957 2772 ex
1977 2718 2086 2772 alio

503 2803 799 2871 pendente.
840 2804 900 2858 In
931 2805 1079 2859 hunc
1109 2807 1257 2860 enim
1284 2808 1507 2861 modum
1549 2809 1730 2863 oratio
1785 2825 1851 2864 ex
1904 2810 2091 2865 chari-

504 2902 649 2960 tate;
692 2896 933 2951 charitas
964 2913 994 2952 e
1021 2898 1249 2968 gaudio;
1289 2900 1547 2969 gaudium
1576 2916 1606 2955 e
1636 2903 2082 2969 mansuetudine;

502 2985 872 3038 mansuetudo
900 3001 968 3039 ex
999 2986 1338 3051 humilitate;
1366 2987 1653 3042 humilitas
1675 3003 1706 3042 e
1742 2990 2084 3057 ministerio;

506 3073 878 3129 ministerium
915 3091 946 3129 e
979 3091 1108 3144 spe;
1137 3091 1263 3145 spes
1293 3092 1361 3131 ex
1397 3076 1534 3143 fide;
1575 3078 1711 3131 ﬁdes
1737 3094 1802 3133 ex
1828 3079 2091 3134 obedien-

507 3163 619 3228 tia;
656 3163 973 3218 obedientia
1014 3179 1046 3218 e
1081 3164 1471 3233 simplicitate;
1513 3167 1677 3222 sicuti
1724 3184 1756 3223 e
1805 3170 2085 3224 contrario
2113 3151 2160 3214 ο
2191 3165 2429 3227 πίστεως
2452 3181 2465 3193 ·

506 3253 768 3306 vitiorum
795 3269 1016 3323 quoque
1050 3270 1223 3309 unum
1252 3272 1321 3310 ex
1351 3257 1527 3312 altero
1561 3258 1859 3327 dependet.
1893 3260 1972 3314 Ex
2010 3261 2088 3316 ira

509 3344 716 3413 quippe
763 3344 969 3413 pendet
1012 3345 1237 3411 odium;
1292 3362 1359 3401 ex
1391 3347 1498 3402 hoc
1539 3349 1833 3419 superbia;
1882 3367 1949 3405 ex
1986 3352 2092 3407 hac

508 3450 664 3488 vana:
709 3435 897 3504 gloriae
941 3435 1252 3501 affectatio;
1300 3436 1418 3491 haec
1463 3437 1846 3493 infidelitatem
1900 3441 2087 3507 trahit,

510 3541 634 3595 quae
664 3525 892 3581 duritiei
937 3527 1121 3581 cordis
1148 3537 1325 3582 mater
1356 3538 1462 3593 est,
1496 3531 1680 3598 proles
1714 3540 1899 3585 autem
1929 3532 2091 3587 incu-

510 3616 627 3679 ria},
676 3632 838 3686 quam
869 3618 1044 3688 gignit
1076 3618 1312 3688 languor
1356 3620 1604 3689 spiritus,
1644 3637 1712 3676 ex
1760 3622 1958 3691 supino
1990 3638 2092 3678 ne-

509 3710 688 3777 glectu
727 3709 936 3763 ducens
985 3710 1286 3779 originem;
1344 3710 1491 3765 hunc
1551 3712 1808 3781 producit
1863 3713 2087 3780 acedia;

509 3797 622 3851 filia
652 3799 767 3852 haec
796 3799 1178 3868 impatientim,
1241 3802 1400 3871 cujus
1456 3816 1612 3855 amor
1665 3802 1964 3871 voluptatis
2005 3811 2092 3858 est

510 3898 685 3957 pater.
716 3890 793 3943 Ita
824 3900 1019 3945 caetera
1046 3908 1266 3961 quoque
1300 3893 1547 3947 membra
1590 3895 1813 3949 malitia:
1849 3895 2088 3950 invicem

511 3989 636 4049 apta
662 3996 911 4050 nexaque
946 3992 1095 4036 sunt.

586 4088 745 4143 XVII.
786 4087 959 4144 Omne
986 4091 1216 4156 bonum,
1262 4094 1408 4162 quod
1467 4095 1633 4149 homo
1691 4094 1840 4161 facit,
1902 4096 2089 4167 inqui-

510 4195 645 4234 nare
688 4195 750 4233 ac
794 4184 1176 4235 contaminare
1232 4184 1430 4238 nititur
1459 4184 1713 4239 diabolus
1752 4187 2089 4243 immistione

512 4286 737 4323 suorum
764 4272 1059 4337 seminum,
1106 4289 1260 4327 vanae
1315 4274 1577 4329 nimirum
1632 4277 1840 4345 glorizc,
1898 4278 2089 4347 praefi-

511 4361 733 4426 (lentim,
764 4362 842 4416 uti
875 4372 931 4417 et
966 4364 1442 4430 murmurationis,
1482 4375 1577 4420 aut
1616 4368 1921 4437 cujuspiam
1949 4371 2089 4424 alte-

513 4452 632 4505 rius
658 4453 869 4517 talium,
897 4463 956 4507 ut
989 4471 1098 4509 non
1131 4465 1357 4525 propter
1385 4458 1555 4510 Deum
1585 4458 1786 4521 solum,
1828 4475 1931 4513 nec
1968 4471 2089 4514 tan-

516 4552 631 4596 tum
660 4559 727 4595 ex
763 4546 979 4599 sincero
1011 4548 1212 4601 mentis
1236 4549 1526 4617 proposito
1572 4549 1777 4602 bonum
1807 4566 1947 4619 opus
1974 4552 2087 4605 fiat.

512 4634 791 4705 Scriptum
834 4648 919 4690 est
959 4639 1107 4691 enim
1136 4655 1149 4692 :
1182 4640 1409 4694 Abelem
1448 4642 1714 4695 obtulisse
1758 4643 2089 4697 sacrificium

512 4729 626 4784 Deo
646 4729 709 4781 de
735 4730 975 4799 adipibus
1001 4739 1050 4783 et
1080 4730 1144 4783 de
1166 4733 1525 4802 primogenitis
1553 4734 1786 4787 ovium”
1818 4752 1830 4785 :
1856 4734 2090 4789 Cainum

508 4834 732 4887 quoque
756 4820 1012 4873 similiter
1042 4821 1185 4875 dona
1218 4820 1487 4876 obtulisse
1530 4822 1598 4875 de
1643 4822 1913 4878 fructibus
1964 4824 2090 4893 qui-

513 4911 637 4964 dem
668 4922 846 4975 terrm,
877 4911 973 4964 sed
1009 4926 1117 4965 non
1150 4928 1180 4966 e
1219 4912 1416 4981 primis
1457 4920 1547 4966 aut
1576 4914 1820 4982 optimis.
1858 4916 1926 4968 Et
1960 4931 2090 4984 pro-

511 5011 703 5071 pterea
749 5004 919 5057 Deum
965 5005 1274 5073 respexisse
1320 5005 1386 5059 ad
1444 5006 1713 5059 sacrificia
1760 5006 1983 5068 Abelis,
2022 5006 2089 5061 ad

510 5095 667 5150 Caini
705 5107 887 5150 autem
923 5114 1154 5152 munera
1190 5115 1297 5153 non
1340 5100 1659 5154 attcndisse.
1692 5101 1827 5153 Inde
1872 5100 2089 5155 discere

512 5188 780 5242 debemus
811 5179 1357 5261 contingere'possc,
1386 5208 1444 5245 ut
1469 5193 1689 5262 aliquod
1742 5194 1949 5247 bonum
1980 5209 2092 5247 non

513 5280 656 5334 bene
692 5282 784 5335 ﬁat
811 5298 823 5333 :
851 5290 981 5351 puta
1006 5284 1051 5337 si
1076 5284 1167 5338 fiat
1206 5286 1545 5355 negligenter
1587 5287 2090 5355 autcontemptim,

514 5371 690 5426 aliove
717 5372 851 5426 vitio
881 5374 1170 5439 submisto,
1213 5386 1268 5429 et
1298 5393 1407 5431 non
1439 5394 1587 5432 mere
1613 5386 1838 5449 propter
1867 5378 2039 5432 Deum
2075 5395 2087 5431 :

515 5477 583 5515 cx
624 5480 735 5532 quo
774 5466 960 5519 evenit
1033 5476 1095 5521 ut
1150 5475 1367 5537 gratum
1426 5469 1479 5525 id
1528 5480 1584 5525 ct
1638 5482 1925 5541 acceptum
1980 5471 2091 5525 Deo

518 5570 627 5609 non
656 5557 749 5610 sit.

591 5727 637 5759 "
658 5726 794 5784 Gen.
824 5749 897 5799 ιν,
926 5733 977 5787 4.

2253 2073 2357 2127 IE'.
2390 2071 2552 2137 Ὅλος
2589 2073 2619 2127 ὁ
2665 2071 2815 2142 ἀγὼν
2849 2072 2942 2126 καὶ
2974 2073 3176 2145 σπουδῆ
3209 2072 3330 2128 έτοῢ
3370 2074 3726 2146 ἀντικειμένου

2182 2164 2342 2219 τοῦτό
2372 2167 2542 2229 ἐστιν,
2595 2164 2672 2229 ὡς
2709 2165 3022 2237 δεδήλωται,
3070 2165 3131 2219 τὸ
3174 2166 3473 2238 δυνηθῆναι
3511 2168 3598 2221 τὸν
3626 2168 3732 2223 νοῦν

2184 2257 2295 2312 ἀπὸ
2326 2257 2425 2327 τῆς
2459 2257 2597 2328 πρὸς
2624 2256 2755 2309 Θεὸν
2785 2258 3027 2328 μνήμης,
3075 2257 3173 2311 καὶ
3211 2256 3307 2311 τοῦ
3341 2258 3507 2327 φόϐου
3535 2258 3623 2312 καὶ
3649 2260 3734 2328 τῆς

2183 2350 2406 2417 ἀγάπης
2436 2349 2797 2420 περισπᾶσαι,
2829 2348 3046 2415 γηῖναις
3072 2348 3237 2403 αὐτὸν
3271 2352 3626 2421 παραγωγαῖς
3654 2352 3734 2406 καὶ

2189 2441 2573 2512 δελεάσμασιν,
2602 2441 2709 2494 ἀπὸ
2727 2440 2821 2494 τοῦ
2848 2440 3019 2506 ὅντως
3049 2438 3257 2511 ἀγαθοῦ
3282 2442 3425 2513 πρὸς
3447 2442 3514 2496 τά
3540 2441 3733 2514 δοκήσει

2186 2531 2327 2587 καλά
2364 2532 2831 2603 παρατρέποντος.

2257 2625 2377 2690 ις’.
2422 2622 2694 2692 ’Δλλήλων
2727 2624 2785 2675 αί
2818 2622 3009 2693 ἀρεταὶ¹
3052 2622 3315 2687 δέδενται,
3373 2622 3468 2678 καὶ
3518 2621 3735 2689 ἀλλήλων

2187 2712 2421 2784 ἔχονται,
2449 2714 2703 2783 καθάπερ
2726 2715 2845 2784 ἱερά
2870 2730 2954 2777 τις
2986 2713 3143 2785 σειρά
3169 2713 3268 2783 μία
3293 2715 3398 2784 τῆς
3431 2716 3556 2784 μιᾶς
3586 2715 3734 2785 ἠρτη-

2191 2806 2326 2876 μένη
2355 2819 2370 2835 ⁸
2413 2798 2530 2858 οἷον
2567 2806 2600 2875 ἡ
2649 2804 2745 2874 μὲν
2790 2804 2947 2874 εὐχὴ,
2984 2805 3087 2873 τῆς
3145 2804 3391 2875 ἀγάπης,
3426 2806 3460 2873 ἡ
3492 2804 3666 2873 ἀγάπη
3688 2802 3735 2855 δὲ

2186 2899 2286 2964 τῆς
2316 2896 2511 2966 χαρᾶς,
2545 2896 2578 2965 ἡ
2616 2894 2779 2964 χαρὰ,
2804 2894 2901 2964 τῆς
2927 2896 3257 2964 πραότητος.
3291 2894 3327 2965 ἡ
3352 2894 3611 2965 πραότης,
3655 2893 3738 2962 τῆς

2188 2982 2713 3054 ταπεινοφροσύνης,
2772 2985 2804 3053 ή
2841 2982 3315 3053 ταπεινοφροσύνη
3352 2983 3409 3036 δὲ
3439 2984 3537 3051 τῆς
3577 2983 3735 3036 διακυ-

2197 3074 2340 3139 νίας,
2375 3077 2408 3145 ἠ
2459 3074 2705 3127 διακονία
2750 3073 2827 3139 δὲ,
2871 3074 2971 3144 τῆς
3021 3073 3255 3139 ἐλπίδος,
3304 3075 3341 3144 ἠ
3389 3074 3445 3127 δὲ
3480 3073 3626 3137 ἐλπὶς
3653 3075 3737 3140 τῆς

2514 3165 2609 3219 καὶ
2644 3167 2677 3234 ὴ
2724 3164 2824 3232 μὲν
2867 3164 3072 3227 πίστις,
3130 3163 3232 3234 τῆς
3277 3165 3549 3236 ὑπακοῆς,
3608 3166 3638 3234 ἡ
3690 3162 3737 3215 δὲ

2194 3257 2408 3328 ὑπακοὴ
2467 3256 2565 3325 τῆς
2598 3256 2921 3324 ἁπλότητος,
2962 3255 3154 3322 ὥσπερ
3200 3255 3467 3309 τάναντία
3515 3254 3663 3308 πάλιν
3690 3252 3740 3304 ἒν

2193 3348 2284 3417 ὑφ’
2311 3349 2432 3411 ἐνὸς
2465 3348 2675 3400 δέδεται
2698 3364 2714 3379 ο
2744 3341 2857 3400 οἷον
2893 3345 2987 3399 τοῦ
3018 3346 3119 3414 μὲν
3169 3345 3373 3415 θυμοῦ,
3409 3347 3470 3399 τὸ
3517 3343 3737 3414 μῖσος”ὀ

2194 3442 2275 3506 δὲ,
2310 3442 2410 3510 τῆς
2441 3439 2822 3510 ὑπερηφανίας
2851 3454 2866 3469 ⁸
2891 3438 2993 3506 τῆς
3020 3437 3328 3504 κενοδοξίας
3348 3426 3488 3506 αὕτη
3514 3453 3530 3468 ο
3558 3434 3735 3501 ἐκείνη,

2192 3533 2291 3602 τῆς
2318 3530 2576 3592 ἀπιστίας
2603 3546 2614 3561 '
2657 3531 2690 3599 ἡ
2748 3529 2806 3582 δὲ
2854 3528 2953 3598 τῆς
2987 3527 3428 3599 σκληροκαρδίας
3449 3546 3463 3559 ⁸
3500 3528 3587 3581 καὶ
3618 3526 3734 3592 αὕτη

2195 3626 2295 3694 μὲν
2330 3626 2396 3677 ὲκ
2416 3622 2517 3691 τῆς
2551 3619 2812 3692 ἀμελείας
2840 3635 2854 3650 ⁸
2892 3618 3079 3687 ἐκείνη
3104 3618 3160 3671 δὲ
3189 3618 3291 3687 τῆς
3326 3618 3660 3688 χαυνώσεως,
3686 3617 3738 3665 ὲκ

2191 3718 2247 3770 δὲ
2292 3718 2390 3787 τῆς
2422 3713 2718 3785 ὀλιγωρίας
2759 3711 2923 3782 αὕτη*
2977 3710 3207 3781 κάκείνη
3259 3711 3363 3781 μὲν
3393 3713 3457 3764 ἐκ
3499 3712 3591 3780 τῆς
3627 3711 3740 3774 ἀκη-

2191 3807 2311 3869 δίας
2337 3822 2349 3834 ·
2387 3804 2462 3867 ὡς
2488 3804 2553 3857 ὲκ
2585 3801 2680 3854 τοῦ
2705 3799 3131 3870 ίάνυπομονήτου
3182 3799 3347 3853 πάλιν
3400 3799 3539 3869 αὕτη
3568 3813 3581 3827 '
3618 3794 3734 3848 τὸδὲ

2190 3897 2293 3966 τῆς
2325 3894 2634 3965 φιληδονίας
2658 3909 2672 3923 ·
2692 3891 2788 3945 καὶ
2810 3890 2955 3945 οὕτω
2983 3892 3051 3944 τὰ
3079 3890 3241 3944 λοιπὰ
3275 3891 3416 3962 μέλη
3454 3890 3551 3959 τῆς
3567 3886 3737 3947 κακίας

2191 3988 2437 4056 ἀλλήλων
2471 3986 2561 4055 ὲχό
2569 3985 2706 4055 μενά
2733 3986 2888 4038 εἰσιν.

2264 4091 2360 4143 IZ'.
2398 4091 2512 4142 Πᾶν
2553 4089 2689 4157 ὅπερ
2728 4087 2794 4142 ἂν
2828 4090 2957 4159 ποιῇ
3003 4088 3169 4143 καλὸν
3214 4089 3242 4141 ὁ
3301 4089 3604 4159 ἄνθρωπος,
3633 4101 3739 4137 σπι·

2192 4180 2318 4234 λοῦν
2349 4180 2483 4233 αὐτὸ
2510 4180 2604 4231 καὶ
2634 4178 3013 4247 καταμιαίνειν
3064 4180 3091 4232 ὀ
3140 4180 3383 4249 πονηρὸς
3418 4182 3481 4249 τῇ
3519 4173 3737 4246 ἐπιμιξίᾳ

2192 4274 2299 4326 τῶν
2342 4270 2535 4324 ἑαυτοῦ
2573 4270 2907 4340 σπερμάτων
2956 4270 3221 4340 βούλεταιο
3248 4264 3362 4323 οἷον
3409 4271 3509 4339 τῆς
3559 4264 3741 4320 κενοδο-

2200 4366 2341 4431 ξίας,
2369 4365 2471 4434 τῆς
2501 4363 2753 4432 οἰήσεως,
2789 4360 2902 4414 εἴτε
2941 4361 3048 4432 μὴν
3103 4362 3198 4414 καὶ
3223 4360 3318 4414 τοῦ
3354 4356 3675 4429 γογγυσμοῦ,
3710 4352 3736 4421 ἦ

2123 4487 2167 4542 ο
2195 4458 2383 4526 ἑτέρου
2415 4455 2559 4517 τινὸς
2590 4454 2699 4505 τῶν
2727 4454 3022 4506 τοιούτων·
3052 4453 3118 4505 ἵν’
3143 4452 3175 4523 ἦ
3211 4452 3286 4523 μὴ
3312 4453 3404 4505 διὰ
3425 4452 3553 4504 Θεὸν
3585 4449 3736 4519 μόνον,

2194 4550 2226 4619 ἦ
2266 4546 2339 4618 μὴ
2364 4549 2426 4600 ἐκ
2454 4544 2763 4615 προθυμίας
2813 4544 2876 4597 τὸ
2929 4544 3216 4614 γινόμενον
3276 4544 3484 4606 ἀγαθὸν
3524 4542 3735 4608 γένηται.

2190 4641 2507 4710 Γέγραπται
2559 4639 2667 4709 γὰρ
2723 4638 2816 4691 τὸν
2850 4636 3017 4689 ’Λϐελ
3057 4641 3447 4705 προσενεγκεῖν
3487 4625 3738 4695 ουσίαντῷ

2191 4733 2312 4803 Θεῷ
2333 4731 2451 4786 ἀπὸ
2479 4730 2598 4784 τῶν
2626 4728 2917 4795 στεάτων,
2949 4728 3050 4782 καὶ
3100 4727 3218 4781 ἀπὸ
3247 4726 3366 4780 τῶν
3382 4722 3739 4797 πρωτοτόκων

2190 4824 2309 4877 τῶν
2374 4820 2712 4889 προϐάτιον·
2779 4820 2873 4873 καὶ
2923 4820 3014 4873 τὸν
3074 4820 3214 4873 Κάῐν
3261 4819 3318 4871 δὲ
3370 4818 3569 4889 ὁμοίως
3617 4812 3740 4880 δῶρα

2191 4920 2577 4989 προσενεγκεῖν
2612 4914 2720 4968 ἀπὺ
2771 4913 2881 4966 τῶν
2911 4912 3141 4983 καρπῶν
3175 4912 3274 4982 μὲν
3330 4911 3432 4981 τῆς
3483 4912 3612 4979 γῆς,
3642 4899 3739 4956 ἀλλ’

2191 5010 2290 5063 οὐκ
2330 5009 2436 5062 ἀπὸ
2488 5007 2598 5060 τῶν
2643 5004 2902 5076 πρώτωνο
2931 5005 3026 5057 καὶ
3073 5002 3161 5056 διά
3211 5001 3366 5055 τοῦτο
3399 5002 3492 5053 ἐπὶ
3522 5000 3612 5070 μὲν
3642 4995 3741 5050 ταῖς

2194 5101 2408 5161 θυσίαις
2448 5098 2542 5151 τοῦ
2600 5097 2770 5151 Ἀϐελ
2809 5098 3015 5150 ἐπιδεῖν
3077 5095 3171 5148 τὸν
3214 5095 3348 5147 Θεόν
3372 5109 3388 5125 ο
3424 5093 3515 5146 ἐπὶ
3566 5090 3619 5143 δὲ
3648 5086 3741 5143 τοῖς

2193 5195 2389 5265 δώροις
2420 5193 2514 5245 τοῦ
2552 5192 2693 5243 Κάῖν
2727 5190 2804 5261 μὴ
2839 5194 3121 5260 προσχεῖν.
3186 5188 3280 5240 Ἐκ
3338 5186 3529 5240 τούτου
3565 5175 3739 5253 μανϐἀο

2195 5304 2307 5340 νειν
2338 5286 2553 5355 ἔχομεν,
2582 5284 2663 5336 ὅτι
2692 5282 2808 5335 ἔστι
2859 5281 3112 5355 τιεκαλδν
3166 5280 3241 5350 μὴ
3274 5280 3495 5349 ποιῆσαι
3543 5268 3736 5355 καλῶςς

2197 5371 2309 5429 οἷον
2339 5348 2559 5445 ἀμελῶς
2612 5373 2644 5442 ἢ
2674 5348 3239 5442 καταφρονητικῶς
3262 5368 3328 5421 δι’
3355 5363 3536 5435 ἕτερόν
3564 5376 3631 5420 τι,
3661 5348 3736 5405 καὶ

2196 5469 2258 5521 οὐ
2292 5467 2379 5520 διὰ
2412 5465 2544 5519 Θεόν
2575 5480 2588 5495 ·
2648 5464 2743 5517 καὶ
2784 5464 2937 5534 παρά
2988 5461 3148 5516 τοῦτο
3210 5458 3492 5533 συμϐαίνει
3524 5445 3735 5524 γίνεσθαι

2202 5558 2276 5629 μὴ
2301 5556 2630 5630 πρόσδεκτον
2661 5555 2740 5626 τῷ
2773 5554 2913 5626 Θεῷ.
