3980 6438
201 356 291 418 853
1392 354 1625 417 LIBER
1665 354 1764 416 DE

1877 354 2212 418 ἰΑΤΙΟΝΕ.
3328 354 3438 419 854

205 590 3359 619 Mm

265 774 1513 1018 ΜΑΚΑΡΙΟΥ
1642 781 1769 944 T

1877 778 2081 949 )Y
2208 773 3319 953 ΜΕΓΑΛΟΥ
3474 1042 3475 1049 ᾧ

1313 1074 1572 1160 ΠΕΡΙ
1644 1073 2318 1160 ΠΡΟΣΕΥΧΗΣ

1662 1256 1970 1311 ΛΟΓΟΣ.

923 1584 1086 1658 ³⁷⁸
1154 1584 1947 1741 MACARII
2092 1578 2707 1739 MAGNI

1360 1874 1521 1975 DE
1622 1873 2279 1979 ORATIONE

1652 2086 1964 2149 LIBER.

258 2411 334 2467 A'.
362 2407 680 2479 Κεφάλαιον
716 2407 897 2477 πάσης
934 2404 1147 2477 ἀγαθῆς
1184 2405 1443 2476 σπουδῆς,
1483 2406 1578 2459 καὶ
1600 2423 1765 2475 κορυ-

1934 2410 1975 2464 l.
2018 2406 2198 2477 Caput
2242 2407 2425 2461 omnis
2462 2406 2594 2462 boni
2654 2404 2822 2461 studii
2873 2412 2929 2460 et
2981 2414 3171 2461 vertex
3216 2424 3447 2478 operum

198 2502 263 2571 φὴ
295 2501 398 2554 τῶν
440 2499 893 2569 κατορθωμάτων
963 2498 997 2565 ὴ
1050 2496 1357 2567 προσευχῆς
1411 2498 1529 2549 ἐστι
1593 2512 1766 2565 προσ-

197 2594 364 2661 εδρεία
388 2635 402 2660 ,
432 2594 507 2646 δι’
533 2587 600 2665 ἦς
654 2591 748 2644 καὶ¹
776 2590 885 2643 τῶν
913 2589 1087 2644 ἄλλων
1136 2589 1194 2642 ὲν
1237 2590 1429 2659 κτήσει
1467 2589 1730 2658 γινόμεθα
1748 2627 1765 2653 ,

193 2683 277 2735 τοῦ
329 2683 673 2752 καλουμένου
730 2684 886 2751 χεῖρα
935 2679 1199 2751 συνεργὸν
1233 2680 1622 2749 ὲπορέγοντοςο
1673 2681 1768 2733 καὶ

195 2772 294 2843 γὰρ
325 2773 588 2828 κοινωνία
638 2774 738 2842 τῆς
798 2775 1065 2843 μυστικῆς
1107 2772 1409 2843 ἐνεργείας,
1462 2774 1558 2827 καὶ
1640 2790 1769 2826 συν-

195 2864 348 2933 ἀφεια
377 2865 681 2927 διαθέσεως
714 2864 811 2932 τῆς
838 2863 973 2933 πρὸς
1004 2861 1134 2914 Θεὸν
1165 2862 1571 2932 ἀγιότητος,καὶ
1602 2863 1767 2916 αὑτοῦ

191 2956 274 3007 τοῦ
295 2956 383 3011 νοῦ
418 2957 491 3010 δι’
543 2956 765 3026 ἀγάπης
794 2955 1035 3027 ἀρρήτου
1067 2954 1204 3024 πρὸς
1238 2954 1460 3025 Κύριον,
1489 2956 1546 3007 ὲν
1578 2957 1643 3025 τῇ
1675 2955 1770 3007 εὑ-

192 3050 251 3117 χῇ
300 3052 410 3113 τοῖς
502 3048 949 3117 καταξιουμένοις
1005 3048 1253 3116 γίνεται⁶
1315 3047 1588 3115 Ἐδωκας
1626 3051 1767 3119 γὰρ,

192 3140 365 3207 φησιν,
390 3140 798 3210 εὐφροσύνην
817 3142 905 3206 εὶς
925 3140 1039 3203 τὴν
1061 3140 1316 3208 καρδίαν
1330 3157 1469 3209 μου·
1493 3142 1591 3194 καὶ
1606 3140 1770 3203 αὐτὸς

188 3226 238 3278 δὲ
266 3230 292 3281 ὁ
325 3229 547 3300 Κύριος
574 3245 587 3258 ·
654 3229 715 3283 Ἠ
754 3228 1045 3293 βασιλεία
1075 3226 1349 3296 οὐρανῶν
1379 3229 1553 3294 ἐντὸς
1600 3228 1769 3298 ὑμῶν

186 3316 326 3372 ἐστι.
387 3320 460 3372 Τὸ
524 3318 580 3370 δὲ
627 3318 778 3382 ἐντὸς
811 3314 948 3371 εἶναι
977 3317 1076 3387 τὴν
1102 3316 1404 3387 βασιλείαν,
1452 3316 1505 3369 τί
1550 3317 1616 3370 ἂν
1642 3315 1769 3369 ἄλλο

186 3407 365 3479 δηλοῦν
394 3411 479 3482 εἴη
511 3450 525 3473 ,
557 3409 589 3480 ἢ
624 3409 722 3479 τὴν
762 3410 856 3461 τοῦ
913 3408 1228 3478 Πνεύματος
1274 3409 1527 3479 οὐράνιον
1568 3409 1768 3478 εὐφρο-

185 3499 345 3570 σύνην
370 3505 514 3565 ταῖς
542 3499 721 3565 ἀξίαις
760 3499 959 3569 ψυχαῖς
1005 3498 1252 3571 ἐναργῶς
1306 3499 1767 3569 ὲνσημαίνεσθαι;

190 3591 279 3660 τ’ἡς
311 3590 681 3653 ἀπολαύσεως
710 3590 818 3657 γάρ
851 3607 909 3641 τε
947 3589 1041 3642 καὶ
1070 3591 1243 3660 χαρᾶς
1266 3590 1359 3642 καὶ
1390 3590 1489 3659 τῆς
1520 3591 1578 3642 ἐν
1608 3589 1771 3642 πνεύ-

195 3698 318 3747 ματι
352 3678 726 3752 εὐφροσύνης,
752 3674 819 3750 ἧς
856 3678 913 3731 ἐν
950 3678 1090 3746 φωτὶ
1124 3678 1327 3746 αἰωνίῳ
1350 3679 1398 3731 oi
1442 3679 1588 3745 ἆγιοι
1611 3681 1670 3732 ἐν
1700 3680 1767 3749 τῇ

1873 2500 2144 2554 bonorum
2195 2499 2487 2554 assiduitas
2531 2499 2803 2553 orationis
2850 2508 2965 2561 est,
3019 2513 3119 2567 per
3171 2515 3334 2569 quam
3395 2502 3452 2555 in

1872 2588 2107 2642 aliorum
2139 2588 2545 2657 possessionem
2578 2587 2849 2641 bonorum
2880 2586 3219 2651 inducimur,
3256 2604 3323 2643 eo
3356 2591 3451 2659 qui

1873 2696 1976 2734 nos
2001 2680 2069 2735 ad
2099 2696 2162 2734 ea
2202 2691 2382 2743 vocat,
2408 2696 2632 2734 manum
2661 2680 3093 2748 cooperatricem
3120 2681 3453 2752 porrigente.

1874 2769 2093 2824 Etenim
2127 2770 2553 2825 communicatio
2576 2786 2786 2825 arcana
2809 2769 3069 2824 efﬁcacia:
3096 2780 3153 2825 et
3184 2773 3457 2827 connexio

1875 2860 2202 2916 intentionis
2229 2863 2282 2915 in
2313 2863 2605 2918 sanctitate
2649 2862 2920 2917 adversus
2945 2864 3140 2929 Deum,
3172 2864 3457 2934 ipsiusque

1876 2953 2076 3006 mentis
2106 2968 2203 3023 per
2238 2954 2599 3017 inell‘abilem,
2626 2970 2734 3023 quo
2773 2954 2950 3009 fertur
2979 2970 3110 3025 erga
3139 2956 3456 3020 Dominum,

1874 3056 2143 3107 amorem,
2178 3043 2234 3096 in
2274 3044 2523 3099 oratione
2551 3046 2640 3107 iis,
2675 3045 2769 3114 qui
2796 3046 2946 3115 digni
2974 3046 3322 3115 iudicantur,
3356 3048 3459 3101 ob-

1875 3136 2144 3190 veniunt:
2172 3136 2375 3191 Dedisti
2401 3137 2570 3201 enim,
2600 3138 2698 3202 ait,
2733 3138 2975 3192 lwtitiam
3002 3141 3059 3192 in
3079 3142 3237 3204 corde
3263 3158 3374 3195 meo
3389 3142 3458 3207 "',

1876 3234 1933 3281 et
1962 3226 2077 3295 ipse
2106 3226 2243 3281 dicit
2271 3228 2539 3282 Dominus
2572 3245 2586 3281 :
2623 3227 2865 3298 Regnum
2909 3230 3158 3285 caelorum
3194 3233 3339 3286 intra
3372 3251 3461 3287 vos

1878 3327 1954 3373 est
1976 3320 2039 3373 ⁸³.
2069 3320 2204 3374 Nam
2240 3320 2386 3373 intra
2418 3336 2520 3375 nos
2550 3334 2673 3375 esse
2712 3337 2965 3391 regnum,
2998 3322 3131 3392 quid
3181 3323 3327 3377 aliud
3360 3340 3465 3393 pu-

1879 3420 2059 3466 temus
2080 3412 2410 3483 signiﬁcare,
2438 3429 2601 3483 quam
2640 3414 2920 3469 caalestem
2955 3414 3199 3469 ltetitiam
3223 3414 3464 3484 Spiritus

1879 3502 2055 3555 sancti
2089 3504 2379 3558 animabus
2408 3504 2588 3574 dignis
2612 3504 2956 3558 sensibiliter
2982 3503 3283 3556 immissam
3303 3504 3465 3557 esse?

1879 3586 2185 3646 Fruitionis
2246 3592 2520 3662 siquidem
2580 3602 2638 3648 et
2702 3593 2889 3662 gaudii
2948 3594 3262 3662 laetitireque
3313 3594 3463 3646 illius

1880 3682 2205 3751 spiritualis,
2239 3698 2403 3753 quam
2436 3684 2491 3737 in
2523 3683 2647 3737 luce
2680 3693 2883 3738 aeterna
2926 3683 3101 3738 sancti
3146 3683 3202 3737 in
3254 3682 3461 3739 Christi

191 3771 277 3823 τοῦ
312 3771 561 3842 Χριστοῦ
601 3770 888 3841 μεθέξουσι
939 3769 1206 3837 βασιλείᾳ,
1240 3768 1445 3835 ταύτης
1479 3769 1570 3823 τὸν
1597 3771 1769 3841 ἀρρα-

1878 3788 2047 3843 regno
2080 3773 2437 3842 participant,
2464 3773 2684 3827 arrliam
2716 3773 2867 3828 velut
2896 3774 3190 3841 quamdam
3230 3783 3286 3828 et
3314 3791 3459 3845 prae-

191 3860 351 3926 ϐῶνα,
397 3865 496 3915 καὶ
534 3861 607 3915 τὰ
646 3859 909 3931 προοίμια
961 3858 1210 3912 ἐντεῦθεν
1252 3860 1351 3931 ἤδη
1407 3862 1461 3912 αἱ
1505 3860 1654 3926 ἄξιαι
1680 3859 1769 3913 διὰ

189 3953 278 4021 τῆς
307 3954 401 4007 τοῦ
434 3954 583 4007 Πνεύ
594 3968 760 4021 ματος
786 3951 1040 4022 ἐνεργοῦς
1058 3955 1341 4015 κοινωνίας
1364 3951 1534 4021 ψυχαὶ
1558 3950 1771 4020 λαμϐά-

188 4061 363 4099 νουσιν
390 4063 403 4075 ·
445 4045 519 4100 ἸΙ
546 4044 761 4111 καρδία
782 4062 901 4112 μου
926 4043 1054 4112 γὰρ,
1081 4043 1241 4112 φησὶ,
1279 4042 1374 4095 καί
1404 4043 1442 4110 ἡ
1470 4041 1626 4109 σάρξ
1649 4058 1769 4109 μου

186 4139 647 4206 ἠγαλλιάσαντο
686 4138 785 4190 ἐπὶ
837 4139 984 4192 Θεὸν
1031 4139 1247 4199 ζῶντα·
1282 4139 1376 4191 καὶ
1405 4138 1466 4190 τό
1504 4154 1518 4168 ⁸
1563 4139 1659 4204 Ὠς
1701 4137 1769 4190 ἐκ

184 4232 437 4298 στέατος
466 4231 573 4285 καὶ
612 4232 892 4298 πιότητος
924 4230 1300 4299 ἐμπλησθείη
1349 4230 1386 4296 ἡ
1421 4230 1590 4298 ψυχή
1622 4245 1764 4298 μου’

186 4323 274 4373 καὶ
306 4326 374 4376 τὰ
408 4322 630 4393 συνῳδὰ
662 4322 891 4385 τούτοις,
926 4323 1006 4385 εἰς
1039 4322 1234 4373 ταυτὸν
1266 4321 1511 4390 φέρουσι,
1542 4322 1636 4373 καὶ
1668 4322 1769 4391 τὴν

183 4414 275 4467 τοῦ
310 4416 641 4485 Πνεύματος
672 4415 894 4485 ἐνεργὸν
920 4411 1262 4483 εὐφροσύνην
1293 4412 1385 4464 καὶ
1423 4411 1771 4482 παράκὶησιν

185 4505 627 4560 ὑπαινίττονται.

251 4598 325 4653 η’.
362 4599 590 4665 Ὠσπερ
617 4597 801 4667 μεῖζον
826 4597 934 4650 τῶν
971 4596 1146 4650 ἄλλων
1167 4594 1228 4648 τὸ
1269 4594 1369 4663 τῆς
1393 4592 1558 4663 εὐχῆς
1587 4592 1768 4660 ἔργον,

177 4693 317 4743 οὕτω
378 4692 635 4752 πλείονος
683 4690 765 4742 δεῖ
817 4690 912 4741 καὶ
960 4688 1229 4759 μερίμνης
1291 4685 1370 4755 τῷ
1420 4686 1556 4755 πρὸς
1603 4683 1771 4751 αὐτὴν

178 4782 355 4852 ἔχοντι
381 4801 395 4813 ³
442 4784 635 4852 μήπου
676 4780 884 4850 κλοπήν
926 4791 1048 4832 τινά
1076 4778 1228 4845 παρὰ
1256 4778 1358 4846 τῆς
1402 4776 1600 4838 κακίας
1633 4775 1769 4827 ὑπο-

178 4875 373 4941 μείνας
404 4874 578 4944 λάθῃ.
614 4866 708 4933 Οἷς
754 4871 864 4941 γὰρ
912 4869 1157 4940 μείζονος
1203 4865 1409 4935 ἀγαθοῦ
1455 4866 1769 4935 ἐπιμέλεια,

177 4968 390 5035 μείζονι
435 4966 540 5017 καὶ
575 4966 601 5015 ὁ
630 4964 864 5033 πονηρὸς
910 4966 974 5033 τῇ
1025 4963 1191 5033 πείρα
1222 4960 1549 5031 προσϐάλλει
1577 4978 1590 4992 ⁸
1627 4959 1772 5012 ὥστε

172 5059 382 5126 πολλῆς
440 5055 599 5126 αὐτῷ
638 5056 821 5125 δεήσει
867 5055 966 5123 τῆς
1011 5054 1246 5122 νήψεως,
1286 5053 1373 5105 ἵνα
1418 5055 1512 5105 καὶ
1570 5052 1771 5123 μᾶλλον

1872 3859 2195 3915 libationem
2246 3860 2360 3930 jam
2416 3860 2548 3915 hinc
2598 3859 2777 3928 dignae
2828 3861 2896 3914 ad
2946 3861 3051 3916 hoc
3094 3862 3307 3917 eﬂ‘eetzc
3362 3877 3463 3931 per

1874 3952 2109 4019 gratiose
2145 3952 2608 4005 communicatam
2638 3951 2773 4020 ipsis
2802 3953 3184 4021 operationem
3222 3953 3463 4023 Spiritus

1874 4045 2070 4099 anima:
2118 4044 2417 4113 accipiunt.
2450 4043 2554 4098 Cor
2592 4044 2772 4107 enim,
2810 4044 3009 4114 inquit,
3043 4062 3216 4099 meum
3253 4054 3301 4098 et
3333 4063 3459 4099 caro

1874 4151 1992 4189 mea
2023 4135 2420 4189 exsultaveruut
2456 4136 2511 4189 in
2536 4134 2703 4188 Deum
2726 4137 2983 4190 vivum”.
3017 4137 3083 4190 Et
3109 4136 3245 4191 illud
3274 4155 3287 4191 :
3314 4136 3460 4190 Sicut

1874 4227 2031 4295 adipe
2067 4234 2116 4278 et
2145 4226 2461 4295 pinguedine
2501 4226 2771 4295 repleatur
2809 4227 2991 4280 anima
3050 4243 3169 4280 mea
3189 4227 3258 4281 ⁵¹.
3288 4228 3357 4281 Ει
3392 4228 3459 4281 iis

1874 4332 2137 4379 consona,
2187 4316 2239 4369 in
2290 4315 2435 4369 idem
2479 4315 2736 4379 tendunt,
2784 4325 2840 4371 et
2889 4315 3167 4370 ellicaeem
3219 4317 3458 4388 Spiritus

1874 4408 2071 4461 animae
2118 4406 2362 4460 laetitiam
2399 4416 2457 4461 et
2498 4407 2932 4461 consolationem
2973 4408 3243 4466 iudicant.

1945 4598 2011 4652 ll.
2054 4599 2125 4653 Ut
2162 4600 2517 4668 prmstantids
2551 4600 2768 4655 caeteris
2816 4610 2901 4656 est
2959 4617 3101 4673 opus
3154 4605 3457 4672 orationis;

1875 4687 1950 4741 ita
1986 4689 2179 4758 majori
2215 4704 2356 4758 opus
2384 4689 2550 4745 habet
2593 4691 2993 4759 sollicitudine,
3035 4695 3131 4763 qui
3165 4696 3220 4749 in
3270 4698 3322 4750 id
3373 4698 3460 4751 in-

1874 4781 2121 4835 cumbit:
2154 4796 2352 4850 nequa
2392 4781 2470 4834 illi
2520 4781 2785 4851 subrepat
2836 4798 2867 4837 a
2919 4785 3127 4839 malitia
3182 4787 3457 4855 deeeptio.

1873 4872 2010 4925 Nam
2043 4886 2151 4940 quo
2181 4872 2417 4941 quisque
2455 4872 2683 4943 majoris
2714 4874 3059 4942 adipiscendi
3101 4876 3234 4930 boni
3268 4892 3461 4933 curam

1875 4965 2156 5034 concipit,
2210 4980 2277 5019 eo
2332 4965 2526 5034 majori
2576 4965 2829 5019 diabolus
2880 4975 3082 5020 conatu
3132 4971 3182 5022 ei
3240 4969 3461 5024 obstare

1876 5054 2182 5110 contendit.
2235 5054 2415 5121 Quare
2467 5056 2698 5109 inultam
2745 5073 2871 5111 eum
2912 5058 3180 5114 adbibere
3232 5076 3461 5119 necesse

174 5151 384 5220 καρποὶ
422 5150 673 5215 ἀγάπης,
698 5150 791 5201 καὶ
819 5144 1346 5216 ταπεινοφροσύνης,
1372 5145 1676 5215 ἁπλότητος
1711 5161 1767 5197 τε

1877 5146 1982 5199 erit
2025 5146 2388 5215 vigilantiam,
2421 5155 2482 5201 ut
2515 5148 2730 5203 fructus
2757 5148 3069 5215 charitatis,
3109 5150 3458 5218 humilitatis,

171 5241 266 5291 καὶ
319 5239 711 5307 ἀγαθότητος,
779 5236 871 5288 καὶ
939 5236 1299 5305 διακρίσεως,
1355 5236 1626 5305 ὁσημέραι
1697 5233 1774 5301 τῷ

171 5332 496 5403 παραμόνῳ
539 5331 637 5397 τῆς
678 5330 843 5400 εὐχῆς
889 5330 1260 5397 ἀναφύιονται,
1304 5327 1399 5378 καὶ
1456 5326 1621 5379 αὑτοῦ
1676 5326 1774 5396 μὲν

1878 5238 2265 5307 simplicitatis,
2297 5238 2581 5305 bonitatis,
2624 5239 2979 5297 discretionis
3005 5256 3035 5297 e
3070 5243 3303 5312 patienti
3334 5259 3463 5297 ora-

1878 5329 2047 5383 tionis
2077 5329 2292 5382 cultura
2322 5328 2425 5396 ipsi
2467 5331 2618 5399 pleni
2653 5332 2964 5402 uberesque
2998 5334 3410 5403 progerminent
3442 5352 3458 5389 :

170 5425 426 5497 φανερὰν
482 5421 586 5490 τὴν
622 5422 717 5473 ἐπὶ
770 5422 838 5474 τὰ
901 5420 1020 5474 θεῖα
1066 5418 1351 5490 προκοπὴν
1408 5419 1499 5470 καὶ
1534 5419 1769 5471 ἐπίδοσιν

1877 5421 2161 5490 ipsiusque
2182 5418 2537 5489 perspicuum
2576 5422 2630 5475 in
2680 5423 2869 5479 divina
2922 5439 3274 5495 progressum
3327 5440 3459 5494 pro-

168 5517 515 5583 καθιστῶσι,
556 5516 682 5579 τοὺς
711 5514 901 5579 ἄλλους
933 5513 990 5568 δὲ
1018 5517 1098 5579 εἰς
1132 5514 1223 5567 τὸν
1269 5514 1380 5565 ἴσον
1409 5512 1566 5583 ζῆλον
1591 5529 1769 5583 παρα-

1877 5514 2192 5581 rectumque
2241 5512 2674 5569 demonstrent:
2716 5515 2907 5586 sicque
2966 5517 3105 5572 alios
3170 5516 3238 5572 ad
3310 5515 3464 5587 paria

166 5608 447 5661 καλῶσιν.
1252 5617 1265 5625 ’

1877 5602 2281 5659 :cmulationcm
2307 5604 2476 5660 studii
2494 5616 2815 5676 provocent.

239 5759 465 5817 “Psal.
501 5774 581 5827 iv,
621 5763 671 5817 7.
750 5761 791 5795 ⁸⁸³
816 5760 950 5818 Luc.
989 5761 1235 5827 “11,91.
1314 5763 1354 5793 δν)
1385 5760 1523 5817 Psal.
1564 5777 1759 5828 Lxxxu,

1925 5763 1965 5793 ⁸¹
1994 5760 2134 5819 l‘sai.
2180 5777 2309 5827 LS1],
2344 5762 2396 5817 6.
