3980 6458
524 380 631 444 855

1776 375 1838 435 S.
1880 374 2197 434 MACARII
2240 373 2559 433 .EGYPTII

3675 376 3765 437 8ἓῦ

600 491 693 547 lll.
735 491 867 547 Sine
888 490 1299 547 intermissione
1324 490 1593 547 orandum
1612 499 1669 543 et
1692 498 2119 560 perseveranter

2297 487 2370 541 I".
2435 486 2828 549 Ἀδιαλεὶπτως
2880 484 3160 555 εὔχεσθαι,
3216 487 3312 539 καὶ
3367 496 3768 561 προσκαρτερεῖν

533 582 901 638 insistendum
980 584 1220 637 orationi
1285 598 1447 646 esse,
1492 590 1549 636 et
1600 581 1823 636 divinus
1882 581 2117 649 Aposto-

535 675 624 728 lus
645 675 712 739 δ’,
746 680 800 727 et
836 673 1011 742 ipsius
1040 674 1258 727 Domini
1297 674 1580 727 oraculum
1620 671 1892 742 przecipit,
1928 672 2119 725 dicen-

539 766 611 818 tis
644 781 656 817 :
692 762 905 829 Quanto
931 766 1099 834 magis
1129 764 1264 817 Deus
1286 765 1441 832 {aciei
1462 764 1743 816 vindicta»:
1768 762 2120 816 clamantium

539 853 609 905 ad
636 868 693 905 se
719 852 803 905 die
832 869 895 904 ac
932 861 1080 905 nocte
1102 852 1173 905 “’l
1209 853 1275 905 Et
1315 851 1448 905 illud
1484 868 1496 902 :
1536 851 1755 920 l'igilate
1795 860 1842 903 et
1875 859 2024 905 orate
2049 851 2118 904 δ”.

2221 581 2289 649 τῇ
2325 579 2460 649 εύχῇ
2504 579 2667 640 αὑτός
2717 595 2776 631 τε
2817 579 2846 629 ὁ
2891 578 3035 640 Gaio;
3088 578 3435 645 Ἀπόστολος,
3474 582 3562 634 καὶ
3590 582 3644 635 τὸ
3680 584 3766 638 tiri

2220 670 2316 723 τοῦ
2353 669 2560 740 Κυρίου
2594 670 2885 739 εἰρημένον
2922 669 3185 736 διδάσκει,
3216 672 3397 737 Πόσῳ
3440 672 3683 740 μᾶλλον,
3705 678 3770 728 εἰ·

2225 763 2440 826 πόντος,
2483 761 2727 830 ποιήσει
2783 760 3101 828 ἐκδίκησιν
3128 765 3161 815 ὀ
3193 762 3337 826 Θεὸς
3384 762 3500 815 τῶν
3519 762 3772 827 βοώντων

2224 856 2369 923 πρὸς
2400 856 2587 909 αὑτὸν
2616 855 2844 920 νύκτας
2875 854 2975 907 καὶ
3006 855 3268 925 ήμέρας;
3319 856 3419 909 κοιλ¹
3454 858 3541 909 τό’
3580 861 3774 926 Γρηγο-

538 939 770 1009 Oportet
798 940 967 1010 igitur
996 941 1198 1009 ubique
1224 955 1384 993 orare
1412 957 1423 991 :
1451 954 1553 991 nec
1592 954 1834 1008 unquam
1861 950 2120 993 conatum

2239 952 2399 1012 δεῖτε,
2432 949 2531 1003 καὶ
2556 947 2996 1015 προσεύχεσθε.
3046 951 3138 1001 Δεῖ
3171 944 3262 1002 οὖν
3303 950 3533 1002 πάντοτε
3567 951 3773 1021 προσεύ-

541 1032 851 1087 remittere.
882 1032 1097 1097 Quanto
1138 1041 1321 1086 autem
1352 1030 1662 1100 eapitalius,
1715 1030 1811 1100 qui
1860 1046 2121 1100 perseve-

542 1144 667 1183 rare
699 1130 753 1184 in
785 1128 1034 1180 oratione
1058 1126 1327 1190 decrevit,
1357 1142 1498 1195 opus
1522 1140 1814 1196 aggressus
1845 1133 1945 1189 est,
1972 1133 2123 1179 tanto

543 1226 723 1291 ipsum
749 1222 873 1292 plus
914 1219 1233 1274 certaminis
1262 1220 1567 1289 suscipere,
1625 1226 1890 1287 tantoque
1951 1220 2125 1289 magis

544 1315 598 1369 id
633 1330 759 1369 eum
808 1313 875 1367 ad
920 1321 1227 1367 extremum
1261 1311 1571 1380 perducere
1605 1318 1844 1379 oportet,
1875 1325 1942 1365 eo
1976 1308 2124 1379 quod

542 1404 969 1473 perseverantia:
995 1403 1268 1457 orationis
1294 1402 1466 1456 multa
1504 1401 1697 1471 objicit
1731 1400 2127 1471 impedimenta

542 1496 806 1567 pravitas,
841 1510 1116 1559 somnum,
1147 1494 1419 1559 acediam,
1444 1493 1663 1563 pondus
1684 1493 1957 1561 corporis,
1980 1493 2127 1564 cogi-

543 1590 817 1642 tationum
862 1587 1234 1645 aversionem.
1279 1586 1483 1641 mentis
1518 1586 1967 1651 instabilitatem,
2011 1588 2129 1641 lan-

541 1695 771 1751 guorem
811 1688 867 1734 et
900 1679 1113 1748 reliqua
1144 1678 1369 1733 malitiae
1422 1678 1625 1733 studia.
1656 1678 1931 1733 Praeterea
1988 1677 2128 1731 ami-

541 1772 755 1827 ctiones
812 1779 870 1826 et
911 1772 1161 1840 ipsorum
1207 1771 1481 1824 malorum
1530 1769 1843 1823 dtemonum
1892 1769 2132 1824 insultus

542 1862 907 1916 vehementer
934 1860 1378 1931 impugnantium
1418 1875 1541 1923 nos,
1578 1868 1635 1913 et
1676 1859 1834 1930 1'75
1888 1860 2039 1913 omni
2077 1860 2129 1913 vi
2167 1861 2207 1915 Β

480 2010 503 2033 Ι
540 1954 908 2018 obstantium,
942 1968 1012 2007 ne
1046 1952 1491 2022 appropinquare
1511 1951 1737 2006 Christo
1759 1953 2125 2007 valeatDeum

541 2054 666 2116 post
709 2045 1002 2100 veritatem
1036 2044 1381 2099 incessanter
1407 2060 1660 2115 quaerens
1704 2044 1909 2100 anima.

614 2153 703 2207 IV.
765 2150 928 2206 Omni
982 2150 1167 2205 studio
1228 2161 1394 2221 atque
1449 2152 1775 2222 vigilantia,
1824 2151 2127 2223 longanimi

542 2242 810 2313 patientia
843 2243 1263 2313 certamineque
1305 2244 1503 2297 anima:
1558 2259 1622 2298 ac
1667 2244 1857 2298 labore
1880 2244 2129 2314 corporis

540 2344 763 2406 oportet
795 2350 942 2400 eum,
988 2336 1084 2405 qui
1133 2336 1373 2389 orationi
1408 2335 1704 2406 diligenter
1751 2352 1948 2391 vacare
1997 2352 2131 2391 con-

541 2425 741 2490 tendit,
772 2425 1009 2479 viriliter
1036 2440 1224 2495 agere,
1262 2425 1401 2479 nihil
1459 2441 1704 2496 unquam
1752 2427 2129 2482 remittentem

540 2516 612 2572 de
658 2515 879 2581 ardore,
923 2531 1030 2571 nec
1078 2517 1367 2572 cedentem
1418 2516 1880 2573 distractionibus
1917 2498 2129 2589 cogita-

542 2611 781 2674 tionum,
812 2618 910 2664 aut
941 2624 1137 2664 somno
1163 2610 1358 2674 multo,
1392 2618 1489 2665 aut
1531 2610 1712 2665 desidi
1746 2610 1975 2681 torpori,
2035 2618 2131 2665 aut

542 2697 873 2752 inordinatae
912 2697 1227 2752 confusioni
1275 2698 1556 2752 actionum
1587 2708 1797 2754 temere
1838 2699 2133 2768 permista-

544 2805 700 2856 rum;
743 2804 854 2844 non
884 2796 1131 2844 utentem
1159 2789 1499 2845 turbulentis
1522 2798 1579 2844 et
1605 2790 1996 2845 indecentibus
2021 2790 2133 2844 ela-

544 2878 828 2946 moribus;
865 2887 963 2934 aut
993 2878 1216 2934 ellluere
1242 2879 1489 2934 animum
1510 2879 1789 2935 sinentem
1821 2880 1879 2934 in
1911 2881 2133 2951 quidvis

542 2970 853 3042 ejusmodi;
903 2970 1000 3025 sed
1038 2978 1190 3025 certo
1210 2980 1268 3025 et
1290 2971 1623 3025 immutabili
1656 2972 1943 3041 proposito
1979 2988 2134 3027 men-

548 3062 651 3129 tis;
696 3062 988 3133 deﬁgendo
1018 3077 1079 3117 se
1110 3063 1213 3117 soli
1253 3064 1485 3133 patienti
1526 3063 1775 3127 stationi,
1823 3073 1880 3118 et
1909 3064 2134 3119 ﬂexioni

545 3167 826 3222 genuum;
878 3164 934 3208 et
968 3154 1238 3209 cohibitis
1285 3154 1703 3224 evagationibus
1754 3155 1917 3224 longe
1967 3156 2133 3210 aber-

553 3243 727 3297 rantis
758 3242 983 3297 interim
1038 3244 1262 3297 mentis.
1300 3244 1458 3299 Nihil
1496 3244 1645 3298 enim
1684 3259 1816 3299 sane
1857 3245 2135 3315 prohibet,
2167 3228 2210 3286 (ἶ

548 3332 712 3401 quin,
738 3332 843 3386 nisi
878 3332 1172 3402 diligenter
1194 3343 1252 3389 et
1276 3342 1484 3390 attente
1524 3334 1591 3387 ad
1619 3335 1887 3389 orandum
1913 3347 2139 3405 paratus

553 3425 681 3495 quis
732 3425 978 3490 accedat,
1034 3426 1140 3482 nisi
1201 3427 1377 3482 turbae
1428 3443 1691 3484 vanarum
1740 3430 2136 3500 cogitationum

550 3517 776 3575 fortiter
807 3518 1062 3581 obsistat,
1108 3520 1399 3575 excutiens
1430 3521 1679 3591 singulas
1720 3531 1778 3577 et
1807 3523 2142 3593 dijudieans,

550 3611 804 3682 ﬂagranti
828 3628 1050 3683 semper
1090 3613 1373 3669 desiderio
1409 3630 1468 3670 se
1506 3616 1702 3669 intime
1732 3616 1802 3669 ad
1838 3617 2011 3671 Deum
2046 3617 2145 3673 ad-

452 3700 455 3705 ’
553 3706 1045 3773 movendi,nihil,
1098 3706 1345 3776 inquam,
1388 3706 1593 3775 obstat,
1634 3708 1682 3764 si
1721 3708 1841 3764 htrc
1879 3710 2143 3781 negliget,

549 3796 687 3867 quin
730 3798 974 3853 versutis
1035 3796 1402 3852 inhabitantis
1455 3798 1512 3851 in
1562 3798 1682 3868 ipso
1745 3800 1971 3856 malitiae
2002 3803 2144 3857 clam

2226 1042 2439 1112 χεσβαι,
2497 1042 2593 1094 καὶ
2627 1042 2703 1112 μὴ
2755 1042 3034 1094 ἐκκακεῖν.
3080 1042 3290 1111 Ὠσπερ
3330 1042 3387 1093 δὲ
3439 1041 3775 1109 κεφαλαιωδέ-

2230 1154 2418 1207 στερον
2452 1138 2478 1189 ό
2504 1140 2571 1207 τῇ
2603 1137 2736 1207 εὐχῇ
2762 1136 3191 1208 προσκαρτερῶν
3213 1136 3393 1189 εἵλετο
3423 1136 3599 1205 ἔργον,
3629 1136 3774 1199 οὕτως

2228 1230 2390 1282 αὐτὸν
2422 1229 2611 1297 ἀγῶνα
2647 1229 2831 1292 πολὺν,
2863 1229 2959 1281 καὶ
2999 1230 3151 1281 τόνον
3195 1229 3477 1284 ἁνένδοτον
3524 1229 3775 1298 ἀνέχεσθαι

2228 1320 2355 1392 χρὴ,
2392 1320 2481 1374 διὰ
2510 1320 2569 1374 τὸ
2594 1321 2765 1373 πολλὰ
2799 1323 2864 1391 τῇ
2896 1321 3223 1392 προσεδρείᾳ
3252 1320 3356 1391 τῆς
3390 1320 3556 1391 εὐχῆς
3592 1321 3775 1374 ὑπεῖναι

2229 1414 2297 1466 τά
2326 1414 2426 1483 τῆς
2449 1413 2651 1476 κακίας
2686 1413 2949 1481 ἐμπόδια·
2987 1411 3178 1478 ὕπνον,
3209 1412 3471 1484 ἁκηδίαν,
3520 1412 3672 1483 βάρος
3694 1413 3776 1465 σώ-

2234 1522 2427 1575 ματος,
2492 1503 2771 1573 λογισμῶν
2829 1505 3155 1575 ἐπιτροπὴν,
3216 1505 3335 1566 νοὸς
3383 1504 3776 1567 ἀκαταστασίαν,

2232 1596 2473 1660 ἔκλυσιν,
2506 1596 2699 1650 καὶτὰ
2731 1596 2894 1648 λοιπὰ
2954 1596 3052 1665 τῆς
3107 1596 3308 1659 κακίας
3358 1596 3773 1667 ἐπιτηδεύματα·

2232 1685 2353 1742 εἶτα
2392 1688 2602 1759 θλίψεις
2656 1690 2751 1743 καὶ
2805 1689 2989 1742 αὐτῶν
3037 1689 3145 1741 τῶν
3191 1689 3448 1760 πονηρῶν
3490 1689 3779 1758 πνευμάτων

2233 1781 2633 1844 ἐπαναστάσεις
2663 1780 2920 1849 ἐκθύμως
2946 1779 3331 1851 πολεμούντων
3364 1783 3495 1851 ἡμῖν
3526 1782 3615 1835 καὶ
3652 1784 3776 1835 ἀντι-

2234 1874 2678 1943 καθισταμένων,
2704 1874 2801 1927 καὶ
2844 1872 3233 1943 προσεγγίζειν
3278 1875 3359 1945 τῷ
3401 1874 3616 1945 Χριστῷ
3644 1874 3780 1944 διειρ-

2234 1966 2445 2036 γόντων
2502 1967 2603 2036 τὴν
2630 1967 2767 2037 μετὰ
2795 1965 2891 2037 τὴν
2921 1967 3181 2037 ἀλήθειαν
3226 1966 3320 2019 τὸν
3354 1966 3486 2020 Θεὸν
3523 1967 3778 2028 ἀπαύστως

2236 2056 2605 2129 ἐπιζητοῦσαν
2628 2058 2832 2129 ψυχήν.

2305 2150 2378 2205 Δ’.
2423 2151 2579 2220 Πάσῃ
2630 2150 2836 2221 σπουδῇ
2886 2150 2983 2204 καὶ
3037 2150 3221 2221 νήψει,
3300 2150 3546 2219 ὑπομονῇ
3610 2166 3663 2201 τε
3707 2150 3779 2201 καὶ

2236 2244 2407 2312 ἀγῶνι
2440 2243 2619 2315 ψυχῆς
2669 2244 2764 2297 καὶ
2814 2243 2962 2313 πόνῳ
3020 2243 3297 2314 σώματος,
3360 2243 3453 2296 τὸν
3511 2245 3605 2312 τῆς
3644 2243 3779 2310 εὐχῆς

2237 2335 2671 2407 ἐπιμελούμενον
2725 2334 3073 2405 ἀνδρίζεσθαι
3128 2334 3257 2405 χρὴ,
3305 2333 3382 2404 μὴ
3412 2330 3779 2400 ἐκκακούμενον

2240 2427 2647 2482 συνεπιδιδόντα
2673 2428 2794 2489 ταῖς
2823 2426 2931 2479 τῶν
2954 2424 3235 2495 λογισμῶν
3262 2425 3580 2495 ἐκτροπαῖς,
3614 2422 3644 2491 ἢ
3676 2420 3780 2473 πιιλ-

2237 2520 2315 2593 λῷ
2343 2519 2518 2590 ὕπνῳ,
2545 2519 2580 2591 ἢ
2627 2517 2847 2589 ἀκηδίᾳ,
2898 2517 3118 2571 ἐκλύσει
3168 2534 3227 2570 τε
3263 2516 3364 2568 καὶ
3412 2513 3677 2585 συγχύσει,
3705 2511 3778 2564 καὶ

2237 2612 2584 2683 ταραχώδεσι
2615 2611 2712 2664 καὶ
2761 2609 3036 2680 ἁπρεπέσι
3068 2610 3275 2677 φωναῖς
3315 2606 3614 2678 χρώμενον,
3642 2605 3779 2674 ﬁmi

2238 2703 2506 2766 τοιούτοις
2580 2701 2949 2773 ἐπιτρέποντα
3013 2701 3115 2771 τὴν
3186 2699 3457 2764 διάνοιαν,
3514 2698 3643 2769 μόνῃ
3706 2695 3781 2766 μὲν

2240 2793 2823 2865 ἐκπληροφορούμενον
2861 2795 2927 2862 τῇ
2966 2791 3273 2863 παραμόνῳ
3309 2790 3520 2854 στάσει,
3554 2787 3711 2841 κλίσει
3733 2802 3777 2837 τε

2239 2886 2347 2939 τῶν
2372 2884 2636 2953 γονάτων,
2672 2883 2762 2935 τὸν
2780 2883 2837 2936 δέ
2865 2881 2990 2935 νοῦν
3022 2884 3241 2951 μακράν
3263 2897 3371 2934 που
3398 2880 3507 2933 τῶν
3524 2875 3779 2947 γινομένων

2241 2974 2731 3045 ἁποπλανώμενον,
2768 2972 2981 3044 ἔχοντα.
3008 2970 3177 3024 Οὐδὲν
3199 2969 3314 3041 γὰρ
3344 2970 3403 3024 τὸ
3426 2965 3692 3033 κωλύον,ἦ
3723 2961 3781 3031 μὴ

2242 3067 2489 3139 ἀκριὸῶς
2547 3068 2738 3137 νήφων
2806 3063 3342 3135 παρασκευάζηται,
3416 3057 3779 3127 ἐναντιούμενος

2249 3156 2347 3227 μὲν
2368 3158 2434 3225 τῇ
2464 3155 2565 3227 ὕλῃ
2603 3154 2712 3207 τῶν
2762 3152 3038 3224 περιττῶν
3087 3151 3401 3220 λογισμῶν,
3431 3143 3781 3207 διαϐασανίζων

2253 3249 2310 3302 δὲ
2337 3247 2548 3309 πάντας
2583 3244 2779 3307 αὐτοὺς
2813 3244 2909 3299 καὶ
2937 3242 3285 3312 φιλοκρινῶν,
3324 3238 3593 3295 ἐπιποθῶν
3618 3254 3670 3289 τε
3715 3232 3780 3287 ἀεὶ

2246 3342 2337 3394 τὸν
2378 3339 2605 3409 Κύριον,
2638 3335 2900 3399 ποικίλως
2917 3335 3022 3388 ὑπὸ
3043 3335 3141 3401 τῆς
3176 3334 3383 3397 κακίας
3404 3331 3545 3387 κατὰ
3586 3328 3641 3382 τὸ
3664 3328 3779 3393 ἁφα-

2246 3436 2333 3497 νές
2359 3430 2711 3495 δελεάζεσθαι
2735 3447 2749 3463 ·
2780 3429 2813 3500 ἢ
2845 3429 2939 3482 καλ¹
2976 3427 3085 3481 τῶν
3130 3428 3299 3497 μήπω
3337 3429 3404 3498 τῇ
3438 3426 3563 3497 εὐχῇ
3588 3416 3781 3487 δυναμέ-

2244 3541 2353 3579 νων
2410 3523 2845 3594 προσκαρτερεῖν
2898 3517 3361 3588 κατεπαίρεσοαι,
3420 3518 3512 3570 καὶ
3562 3513 3642 3566 διὰ
3698 3506 3781 3560 τῶν

2245 3615 2503 3672 τοιούτων
2519 3615 2618 3683 τῆς
2640 3612 2839 3675 κακίας
2858 3610 3270 3682 μηχανημάτων
3282 3609 3387 3681 τὴν
3410 3596 3781 3677 καλὴνδιαφθείι

2248 3727 2361 3781 ρειν
2401 3707 2687 3780 ἐργασίαν,
2732 3703 2829 3758 κα)⁸
2877 3702 3166 3774 προπίνειν
3225 3702 3437 3773 ταύτην
3479 3699 3554 3769 τῷ
3600 3689 3779 3762 πονηρῷ

2245 3804 2483 3875 δαίμονι.

551 3889 817 3946 illiciatur
846 3889 1060 3944 artibus
1090 3905 1104 3943 :
1138 3896 1236 3943 aut
1263 3888 1448 3943 ell‘erri
1500 3904 1560 3944 se
1599 3890 1834 3946 sinendo
1878 3891 1937 3946 in
1970 3902 2351 3964 contemptum
2390 3892 2650 3955 aliorum,
2694 3886 3113 3959 comparatione
3146 3887 3233 3942 sui
3268 3902 3398 3942 cum
3427 3885 3491 3940 iis
3520 3881 3605 3952 qui
3634 3887 3779 3947 perm“

548 4001 747 4041 verare
778 3984 873 4041 diu
894 3985 951 4040 in
977 3986 1229 4040 oratione
1263 3994 1576 4055 nequeunt;
1617 3986 1725 4042 alio
1756 3989 2014 4059 quopiam
2036 4005 2227 4044 errore
2262 3989 2319 4043 in
2348 4004 2512 4059 quem
2547 3989 2665 4044 suis
2695 4002 2823 4043 eum
2850 3994 3034 4046 astuta
3073 3985 3282 4040 malitia
3338 3971 3779 4038 machinationibus

550 4079 881 4143 induxerit,
949 4079 1363 4150 corrumpendo
1414 4080 1735 4150 przeclaram
1784 4081 2183 4150 operationem,
2216 4097 2452 4152 eamque
2504 4082 2585 4138 sic
2624 4080 2964 4137 irridendam
2997 4078 3348 4150 propinando
3388 4077 3527 4131 malo
3572 4063 3773 4126 dazmoni.

620 4170 685 4225 ν.
726 4171 844 4225 Nisi
868 4170 1173 4232 humilitas,
1204 4170 1467 4235 Charitas,
1485 4171 1813 4242 simplicitas
1838 4182 1894 4229 et
1920 4175 2144 4229 bonitas

549 4270 705 4317 arcte
751 4262 1137 4332 eonglutinent
1181 4262 1343 4317 nobis
1385 4265 1720 4330 orationem,
1780 4266 1898 4335 ipsa
1939 4267 2139 4332 oratio,

549 4359 648 4405 aut
697 4352 887 4421 potius
946 4353 1112 4407 inane
1152 4351 1513 4409 simulacrum
1567 4356 1857 4423 orationis,
1912 4357 2141 4413 minime

548 4455 685 4496 sane
722 4443 921 4513 juvane
958 4457 1061 4499 nos
1092 4445 1320 4514 poterit.
1344 4445 1533 4515 Neque
1567 4446 1620 4500 id
1644 4446 1712 4500 de
1734 4448 1985 4504 oratione
2019 4448 2135 4503 sola

548 4530 810 4598 dicimus,
846 4534 943 4589 sed
972 4535 1041 4590 de
1074 4536 1223 4593 omni
1256 4552 1459 4607 genere
1487 4537 1791 4592 arduorum
1835 4549 2139 4609 quantum-

549 4621 637 4679 vis
676 4631 735 4678 et
771 4623 1178 4680 laboriosorum
1218 4642 1483 4697 operum,
1515 4635 1651 4698 puta
1691 4628 1761 4684 de
1798 4630 2138 4701 virginitate,

2323 4174 2400 4227 E'.
2435 4174 2500 4227 Εἰ
2534 4174 2609 4244 μὴ
2640 4174 2674 4244 ἡ
2702 4169 3173 4243 ταπεινοφροσύνη
3224 4168 3323 4223 καὶ
3356 4168 3562 4236 ἀγάπη,
3590 4163 3618 4232 ἡ
3646 4154 3776 4212 dirid-

2250 4280 2351 4333 της
2390 4280 2451 4316 τε
2479 4263 2574 4317 καὶ
2604 4260 2882 4331 άγαθότης
2916 4258 3332 4314 κατακολλῶσιν
3368 4258 3500 4329 ἡμῖν
3527 4253 3616 4323 τὴν
3632 4244 3773 4316 εὐχὴν.

2250 4358 2285 4427 ἡ
2321 4357 2457 4427 εὐχὴ
2505 4355 2669 4425 αὕτη,
2729 4354 2934 4425 μᾶλλον
2976 4354 3034 4406 δὲ
3082 4353 3142 4407 τὸ
3176 4351 3474 4423 πρόσχημα
3496 4346 3589 4415 τῆς
3630 4336 3775 4427 εὐχῆς.

2483 4465 2546 4517 γε
2581 4450 2731 4519 ἡμᾶς
2767 4446 3001 4515 ὠφελεῖν
3036 4444 3283 4498 δύναται.
3328 4442 3437 4495 Καὶ
3473 4439 3567 4492 οὐκ
3596 4428 3674 4487 ἐπὶ
3696 4425 3769 4490 τῆς

2250 4540 2417 4612 εὐχῆς
2446 4538 2607 4593 τοῦτο
2641 4538 2811 4609 μόνης
2842 4537 3049 4607 φαμὲν,
3079 4534 3216 4588 ἀλλὰ
3260 4534 3357 4587 καὶ
3383 4530 3476 4585 ἐπὶ
3506 4522 3681 4584 παντὸς
3699 4530 3771 4612 ἦα·

2254 4605 2426 4702 μάτου
2445 4630 2542 4684 καὶ
2564 4605 2750 4693 πόνου,
2766 4605 3125 4697 ⁷παρθενείας,
3153 4624 3188 4697 ἢ
3207 4619 3508 4693 νηστείαςῆ
3526 4605 3771 4702 ἀγρυπνίας

544 4717 779 4790 jejunio,
805 4696 1370 4787 vigiliis,psalmodia,
1394 4696 1725 4789 ministerio,
1745 4696 2133 4793 similibusque

2246 4696 2280 4793 ἦ
2306 4721 2649 4794 ψαλμῳδίας,
2682 4720 2716 4791 ἢ
2747 4696 3046 4783 διακονίας,
3081 4717 3116 4789 ἢ
3149 4710 3537 4786 οίασδηποτοῦν
3564 4696 3773 4801 ἐργασίας

549 4808 747 4864 olliciis
802 4807 1181 4878 speciosarum
1213 4809 1703 4883 plausibiliumque
1747 4814 2039 4869 virtutum.
2076 4815 2136 4869 ln

547 4917 785 4973 quarum
824 4901 1095 4957 exercitio
1156 4902 1264 4957 nisi
1316 4902 1532 4961 fructus
1588 4906 1909 4972 charitatis,
1959 4907 2137 4978 pacis,

2240 4784 2445 4883 άρὲτῆς
2479 4784 2673 4866 ἐνεκεν
2704 4784 3166 4879 ἐπιτελουμένης.
3210 4806 3273 4859 El
3315 4784 3392 4874 μὴ
3428 4800 3548 4860 τοὺς
3578 4784 3773 4861 καρποὺς

2240 4905 2338 4974 τῆς
2365 4904 2608 4974 ἀγάπης,
2632 4902 2859 4974 εἰρήνης
2890 4917 2951 4953 τε
2990 4898 3088 4953 καλ⁸
3133 4896 3330 4967 χαρᾶς,
3373 4891 3467 4947 καὶ
3497 4883 3770 4974 πραότητος,

547 4969 759 5066 gaudii,
788 4995 1265 5061 mansuetudinis,
1293 4996 1649 5065 humilitatis,
1676 5002 1812 5070 quin
1860 4969 2026 5056 etiam
2083 4969 2133 5057 el

2239 4969 2754 5066 ταπεινοφροσύνης
2772 4969 2853 5059 τε,
2878 4992 3047 5063 φημὶ,
3074 4989 3171 5044 καὶ
3212 4986 3531 5055 ἁπλότητος,
3562 4972 3647 5070 Xa}
3673 4969 3772 5035 ἀφε’

548 5085 923 5156 simplicitatis
961 5086 1413 5159 sinceritatisque
1475 5106 1540 5146 ac
1592 5091 1718 5146 fidei
1767 5100 1830 5147 ιιι
1889 5102 2134 5163 Oportet,

549 5176 987 5247 longanimitatis
1020 5193 1245 5249 quoque
1284 5195 1350 5235 ac
1398 5180 1801 5238 benevolentiae
1843 5184 1900 5239 in
1950 5186 2141 5240 nobis-

550 5267 806 5337 metipsis
833 5268 1173 5337 experiendo
1203 5269 1523 5336 videamus,
1550 5273 1827 5328 inutiliter
1852 5274 2146 5328 laborave-

552 5359 747 5414 rimus.
795 5357 1041 5413 Labores
1103 5359 1380 5430 siquidem
1446 5361 1584 5417 istos
1641 5379 1738 5433 spe
1789 5366 2148 5434 assequendaz

553 5449 835 5505 fructuum
865 5448 1128 5505 utilitatis
1155 5452 1513 5521 suscipimus.
1552 5453 1612 5508 Si
1640 5470 1773 5525 ergo
1795 5464 1923 5525 post
1958 5472 2055 5511 eos
2090 5458 2157 5512 in

555 5541 717 5597 nobis
753 5556 866 5596 non
901 5541 1251 5611 reperiantur
1275 5542 1491 5599 fructus
1524 5545 1846 5611 charitatis,
1886 5564 2149 5617 superva-

557 5648 727 5689 canea
754 5632 1007 5705 profecto
1057 5633 1152 5689 illa
1201 5635 1384 5691 omnis
1421 5651 1590 5707 opera
1646 5639 1832 5695 fuerit.
1881 5641 1959 5695 Ae
2010 5642 2147 5697 mihi

633 5815 719 5872 "l
755 5815 949 5873 Thess.
985 5832 1039 5884 v,
1088 5819 1174 5873 l7.
1255 5818 1457 5876 “Luc.
1488 5837 1641 5890 mu,
1672 5820 1719 5874 l.

2238 5088 2388 5152 λείας
2406 5064 2746 5149 καὶ-πίστεως
2760 5086 2835 5149 ὡς
2851 5085 2993 5149 δέον,
3013 5079 3390 5154 μακροθυμίας
3406 5091 3463 5128 τε
3476 5071 3561 5125 καὶ
3576 5064 3772 5154 quas?!”

2247 5149 2437 5248 cnituris.
2470 5181 2529 5233 ἐν
2558 5179 2773 5241 ἑαυτοῖς
2805 5177 2939 5248 ὀρᾷν
2972 5149 3215 5246 ἔχοιμεν,
3243 5149 3331 5224 ἐπ’
3368 5164 3537 5222 οὐδενὶ
3565 5149 3772 5248 malua.)

2249 5271 2320 5325 τὰ
2481 5271 2661 5325 πόνων
2691 5239 3035 5340 ὑπέστημεν..
3066 5239 3206 5330 Τοὺς
3242 5262 3350 5335 γάρ
3385 5259 3569 5318 πόνους
3598 5245 3672 5302 διὰ
3689 5239 3771 5340 ξὴν

2250 5368 2362 5421 τῶν
2431 5366 2661 5438 καρπῶν
2713 5364 2985 5435 ὠφέλειαν
3031 5359 3328 5431 ὑπομένειν
3376 5333 3767 5438 καταδεχόμεθαέ·

2250 5461 2361 5514 τῶν
2392 5459 2451 5513 δὲ
2482 5436 2714 5530 καρπῶν
2736 5458 2837 5527 τῆς
2864 5454 3089 5523 ἀγάπης
3123 5453 3181 5505 ὲν
3222 5451 3354 5520 ἡμῖν
3391 5450 3461 5513 μη
3502 5436 3767 5530 εθρέἷῖίθμῗξ

2261 5504 2355 5514 -υυ-
2396 5504 2451 5513 --
2485 5504 2706 5530 --Ἶ---πτ
2748 5504 2832 5527 --ις
2867 5504 3086 5523 μνη-,ε
3136 5504 3167 5505 η
3246 5504 3275 5520 ..
3391 5504 3402 5513 .
3449 5504 3461 5512 .
3568 5504 3609 5536 ν.

2252 5569 2380 5615 νων,
2429 5550 2660 5621 περιττὴ
2713 5549 2933 5610 πάντως
2974 5546 3008 5614 ἡ
3070 5541 3322 5614 ἐργασία.
3370 5536 3521 5589 Ὥστε
3564 5504 3765 5621 ουξξν

2252 5642 2483 5696 τοιοῦτοι
2520 5642 2628 5697 τῶν
2682 5640 2844 5694 πέντε
2908 5635 3107 5708 μωρῶν
3151 5628 3479 5703 διενηνόχασι
3511 5612 3765 5685 παρθενων¹

1800 5822 1833 5853 δ’
1868 5820 2056 5876 Maith.
2100 5840 2241 5891 \xw,
2272 5823 2355 5879 il.
