3980 6424
202 378 288 441 857

1405 363 1639 423 LIBER
1681 359 1778 421 DE
1815 359 2235 423 ΟΒΛΤΙΟΝΕ.

3349 366 3458 430 858

199 489 379 546 αἵτινες
408 479 493 532 διὰ
522 477 584 530 τὸ
619 475 694 545 μὴ
725 472 975 528 ἐντεῦθεν
1017 471 1163 542 ἔχειν
1187 471 1246 522 ἐν
1280 471 1399 532 ταῖς
1428 469 1680 540 καρδίαις
1701 467 1760 520 τὸ

1869 468 2134 523 videntur
2168 466 2428 522 homines
2475 466 2747 536 ejusmodi
2795 483 2823 520 a
2870 468 3116 540 quinque
3175 471 3339 528 fatuis
3399 478 3452 530 in

201 570 544 642 πνευματικὸν
613 568 814 626 ἔλαιον,
884 567 1021 634 ὅπερ
1077 563 1183 616 τῶν
1255 561 1560 633 εἰρημένων
1608 560 1755 612 ἐστὶν

196 665 388 738 ἀρετῶν
431 663 462 731 ἡ
491 660 580 712 διά
619 658 714 710 τοῦ
767 656 1085 726 Πνεύματος
1130 654 1403 723 ἐνέργεια,
1458 651 1642 721 μωραί
1694 669 1754 702 τε

196 753 593 826 ὠνομάσθησαν,
625 749 721 802 καὶ
752 747 843 801 τοῦ
875 742 1158 816 βασιλικοῦ
1193 743 1484 812 νυμφῶνος
1508 739 1757 801 ἐλεεινῶς

194 843 647 911 ἀπεκλείσθησαν,
702 837 866 908 μηδὲν
913 835 1008 888 τοῦ
1057 832 1356 904 παρθενίας
1412 830 1756 897 ἀπονάμεναι

196 938 442 1008 καμάτου.
474 933 688 1001 Ὥσπερ
720 931 829 996 γὰρ
869 929 926 980 ἐν
969 928 1034 997 τῇ
1060 925 1159 995 τῆς
1207 921 1456 994 ἀμπέλου
1486 919 1753 990 γεωργίᾳ,

193 1035 327 1086 πᾶσα
389 1025 673 1097 ἐπιμέλεια
721 1024 814 1076 καὶ
865 1021 1028 1084 πόνος
1075 1017 1163 1072 διὰ
1207 1018 1308 1088 τὴν
1362 1014 1473 1068 τῶν
1522 1010 1755 1080 καρπῶν

192 1125 363 1180 ἐλπίδα
391 1117 934 1192 προκαταόάλλεται·
993 1111 1225 1184 καρπῶν
1261 1110 1317 1163 δὲ
1381 1107 1456 1178 μὴ
1496 1121 1754 1175 γεωργη-

192 1220 394 1280 θέντων,
432 1213 614 1269 είκαία
645 1211 918 1279 πάντωνῆ
951 1204 1186 1279 ἐργασία
1207 1203 1478 1256 δείκνυται
1511 1215 1526 1230 ο
1558 1196 1753 1262 οὕτως,

191 1309 328 1379 εἰμὴ
359 1306 448 1360 διὰ
497 1303 596 1374 τῆς
649 1301 932 1372 ἐνεργείας
983 1295 1079 1349 τοῦ
1135 1292 1456 1362 Πνεύματος
1504 1287 1755 1379 καρποῦς

189 1370 412 1469 ἀγάπης,
444 1396 540 1450 καὶ
553 1370 795 1466 εἰρήνης
828 1391 926 1445 καὶ
956 1389 1131 1460 χαρᾶς
1161 1386 1257 1440 καὶ
1284 1383 1393 1437 τῶν
1427 1379 1652 1445 λοιπῶν,
1679 1370 1755 1432 ὧν

189 1494 212 1544 ὁ
248 1487 564 1549 Ἀπόστολος
610 1483 1021 1555 ἀπηρίθμησεν,
1050 1481 1107 1532 ἐν
1147 1477 1363 1539 ἑαυτοῖς
1397 1472 1621 1543 ἴδοιμεν,
1659 1469 1754 1523 καὶ

186 1581 326 1634 τοῦτο
378 1578 520 1632 κατὰ
555 1573 934 1646 πληροφορίαν
988 1573 1169 1623 πᾶσαν
1215 1567 1311 1620 καὶ
1368 1559 1753 1631 πνευματικὴν

186 1674 425 1742 αἴσθησιν
457 1669 794 1740 διομολογείν
825 1665 1066 1736 ἔχοιμεν,
1093 1659 1350 1732 περιττὸς
1367 1659 1395 1709 ὁ
1421 1656 1523 1725 τῆς
1546 1651 1755 1722 παρθεα

185 1765 311 1830 νίας,
336 1764 501 1833 εὐχῆς
531 1779 590 1815 τε
623 1759 718 1813 καλ¹
764 1755 1107 1828 ψαλμῳδίας,
1155 1751 1410 1822 νηστείας
1456 1749 1552 1802 καὶ
1579 1748 1752 1833 ἀγρυ-

184 1857 330 1917 πνίας
361 1855 614 1922 κάματος
647 1849 1053 1904 ἀποδείκνυται.
1077 1846 1140 1898 Οἱ
1169 1845 1268 1914 μὲν
1295 1842 1403 1912 γὰρ
1434 1840 1588 1892 πόνοι
1609 1831 1754 1890 οὗτοι
1787 1882 1832 1940 Β

183 1951 266 2001 καὶ
287 1947 530 2016 κάματοι
555 1943 652 2012 τῆς
693 1941 870 2011 ψυχῆς
923 1939 1018 1992 καὶ
1043 1935 1138 1990 τοῦ
1173 1935 1427 2005 σώματος
1453 1930 1540 1983 ἐπ’
1577 1929 1754 1982 ἐλπίδι

181 2040 560 2113 πνευματικῶν
595 2038 850 2111 καρπῶν,
880 2035 1069 2104 ὥσπερ
1113 2033 1352 2102 ἔφημεν,
1385 2023 1755 2082 ἐπιτελεῖσθαι

180 2137 476 2206 ὀφείλουσιν
504 2150 519 2164 ⁸
567 2135 602 2204 ἡ
635 2133 679 2186 δ’
711 2134 768 2185 ἐν
807 2133 927 2194 ταῖς
963 2129 1187 2200 ἀρεταῖς
1225 2121 1596 2194 καρποφορία,
1622 2119 1758 2173 ἀπό-

178 2230 352 2290 λαυσίς
401 2231 528 2282 ἐστι
581 2222 932 2294 πνευματικὴ
983 2219 1102 2291 μεθ’
1154 2218 1346 2288 ἡδονῆς
1389 2215 1669 2285 ἀφθάρτου
1700 2213 1757 2265 ἐν

177 2321 412 2392 καρδίαις
462 2319 690 2381 πισταῖς
721 2334 781 2370 τε
822 2316 921 2370 καὶ
961 2312 1270 2373 ταπειναῖς,
1319 2307 1425 2361 ὑπὸ
1453 2305 1547 2360 τοῦ
1580 2303 1756 2358 Πνεύ-

178 2430 333 2483 ματος
359 2411 701 2485 ἀπορρήτως
729 2405 1100 2479 ἐνεργουμένη
1129 2419 1143 2432 ·
1171 2402 1312 2456 ὥστε
1341 2401 1392 2453 οἱ
1413 2399 1563 2453 πόνοι
1589 2399 1685 2451 καὶ
1705 2396 1754 2449 οί

174 2504 416 2574 κάματοι,
453 2501 648 2565 καθώς
683 2503 790 2554 εἱσι
819 2500 994 2561 πόνοι,
1024 2496 1191 2566 φημὶ,
1222 2495 1318 2548 καὶ
1348 2494 1585 2562 κάματοι
1611 2489 1757 2556 λογι-

172 2597 461 2664 ζέσθωσαν,
533 2595 629 2648 καὶ
685 2593 736 2646 οἱ
788 2591 1015 2662 καρποὶ,
1057 2586 1280 2658 καρποί.
1315 2586 1380 2638 El
1433 2582 1488 2636 δέ
1533 2599 1615 2644 τις
1668 2581 1756 2633 διὰ

173 2687 415 2756 γνώσεως
449 2686 670 2749 ἐνδείας
699 2684 797 2756 τὴν
823 2681 1086 2754 ἐργασίαν
1119 2677 1284 2732 αὑτοῦ
1321 2678 1414 2730 καὶ
1443 2674 1536 2727 τὸν
1569 2672 1753 2743 κάμα-

169 2797 251 2832 τον
279 2782 541 2852 καρποὺς
557 2777 650 2832 τοῦ
678 2777 996 2846 ῐΙνεύματος
1018 2769 1158 2825 εἶναι
1183 2769 1421 2839 νομίσει,
1451 2765 1526 2836 μὴ
1543 2762 1755 2832 ἀγνοῶν

170 2872 411 2940 φαίνεται
465 2870 832 2942 ψυχαγωγεῖν
883 2866 1076 2920 ἑαυτὸν
1108 2856 1630 2932 παρακρουόμενοςλ
1662 2854 1756 2908 καὶ

171 2965 414 3034 μεγάλων
440 2966 624 3027 ὅντως
655 2959 886 3032 καρπῶν
906 2957 999 3013 τοῦ
1025 2955 1164 3010 Πνεύ
1175 2969 1365 3023 ματος,
1383 2951 1472 3004 διὰ
1500 2949 1561 3002 τὸ
1583 2947 1756 3009 οὕτως

166 3054 320 3125 ἔχειν,
352 3052 713 3122 ἀποστερῶν.

1867 561 2023 613 nullo
2055 557 2280 612 diﬂ‘erre
2309 557 2642 628 virginibus,
2681 575 2802 628 qum
2845 560 3074 626 idcirco,
3106 564 3251 632 quod
3291 566 3458 622 domo

1864 651 2090 704 ailatum
2131 650 2185 703 in
2221 650 2337 703 suis
2373 649 2639 703 cordibus
2674 665 2781 702 non
2821 650 3139 706 habuerunt
3167 654 3458 723 Spirituale

1864 741 2070 806 oleum,
2111 739 2258 810 quod
2321 747 2405 793 est
2450 739 2614 792 modo
2662 747 3120 807 memoratarum,
3183 758 3306 812 qua:
3361 761 3460 816 per

1868 831 2136 902 Spiritum
2182 841 2512 896 exercetur,
2552 832 2805 901 operatio
2839 833 3130 900 virtutum,
3175 847 3229 892 et
3283 837 3461 893 fatua-

1864 940 1987 978 rum
2035 923 2484 979 nomenclatione
2519 923 2787 977 traducta-3
2837 935 2988 992 sunt,
3031 937 3086 980 et
3111 929 3258 999 regio
3285 930 3460 984 thala-

1863 1030 1955 1070 mo
2015 1015 2412 1070 miserabiliter
2461 1015 2720 1079 exclusrc,
2787 1016 3000 1069 nullum
3053 1028 3227 1075 naelae
3278 1037 3459 1091 operm

1861 1108 2104 1178 pretium
2165 1105 2458 1162 custodita:
2536 1105 2813 1160 laboriose
2879 1107 3234 1178 virginitatis.
3301 1111 3461 1166 Sicut

1863 1197 2012 1252 enim
2055 1197 2111 1251 in
2157 1197 2293 1252 vieae
2345 1198 2563 1251 cultura
2597 1197 2780 1251 omnis
2834 1196 3120 1268 diligentia
3169 1210 3224 1255 et
3278 1202 3455 1268 labor,

1865 1287 2144 1342 fructuum
2203 1289 2366 1343 unice
2427 1296 2771 1357 speratorum
2845 1303 3010 1342 causa
3082 1291 3454 1361 impenditur;

1863 1379 2011 1433 unde
2051 1378 2121 1432 iis
2166 1394 2278 1433 non
2314 1378 2801 1449 provenientibus,
2851 1377 3164 1434 frustranea
3205 1390 3315 1436 tota
3351 1385 3457 1438 ista

1862 1473 2031 1528 fuisse
2063 1474 2347 1528 contentio
2381 1481 2755 1540 monstratur;
2802 1472 2878 1526 ita
2924 1473 3031 1527 nisi
3078 1491 3176 1544 per
3216 1491 3456 1544 operan-

1863 1572 1973 1621 tem
2031 1565 2086 1619 in
2129 1565 2292 1619 nobis
2323 1564 2590 1634 Spiritum
2651 1564 2866 1619 fructus
2919 1566 3228 1632 charitatis,
3272 1570 3449 1638 pacis,

1862 1660 2073 1730 gaudii,
2121 1668 2177 1714 et
2209 1661 2334 1714 illos
2363 1660 2615 1729 reliquos
2667 1669 3029 1714 enumeratos
3073 1661 3142 1715 ab
3192 1662 3454 1731 Apostolo

1863 1751 1917 1806 in
1956 1753 2120 1807 nobis
2162 1753 2298 1822 ipsis
2323 1752 2617 1806 videamus
2640 1752 2727 1818 5";
2788 1759 2845 1807 et
2896 1753 3006 1806 hoc
3057 1754 3206 1807 omni
3238 1756 3458 1824 experi—

1861 1845 2090 1899 menlali
2142 1846 2467 1911 evidentia,
2521 1860 2832 1915 sensusque
2881 1846 3232 1900 convictionc
3295 1847 3458 1916 spiri-

1862 1937 2030 1991 tualis
2088 1937 2251 2007 plane
2287 1952 2612 2008 persuasum
2649 1935 2806 1989 fateri
2860 1951 2924 1989 ac
2971 1934 3223 2004 profiteri
3272 1937 3456 1989 valea-

1865 2045 2011 2092 mus,
2046 2029 2238 2083 irritus
2275 2038 2332 2082 et
2370 2029 2610 2082 utilitate
2652 2042 2842 2082 cassus
2869 2028 3050 2081 omnis
3091 2027 3454 2098 virginitatis,

1864 2123 2135 2177 orationis
2161 2130 2218 2176 et
2242 2121 2584 2192 psalmodiae.
2623 2120 2820 2190 jejunii
2871 2127 2928 2172 et
2995 2119 3309 2187 vigiliarum
3363 2121 3459 2174 dc-

1862 2213 2229 2282 prehenditur
2262 2213 2441 2267 labor.
2498 2211 2582 2265 llli
2638 2212 2788 2267 enim
2837 2211 3038 2265 animae
3095 2219 3151 2264 et
3207 2213 3458 2280 corporis

1860 2305 2080 2360 labores
2112 2321 2208 2374 spe
2254 2304 2630 2375 spiritualium
2659 2304 2945 2358 fructuum
2980 2303 3174 2374 perlici
3221 2304 3459 2369 debent,

1863 2398 1944 2452 uti
1983 2398 2243 2452 diximus.
2294 2398 2354 2451 In
2385 2398 2702 2452 virtutibus
2734 2406 2922 2450 autem
2953 2413 3076 2466 qum
3100 2395 3309 2450 dicitur
3337 2396 3454 2449 fru-

1864 2489 2148 2552 ctiﬁcatio,
2181 2487 2374 2543 fruitio
2403 2497 2487 2544 est
2515 2488 2824 2558 spiritualis
2861 2503 2988 2542 cum
3036 2487 3322 2557 voluptate
3371 2486 3457 2540 in-

1863 2579 2232 2649 corruptibili,
2267 2580 2324 2633 in
2363 2580 2626 2634 cordibus
2659 2579 2763 2632 fide
2817 2594 2881 2634 ac
2936 2578 3250 2632 humilitate
3302 2594 3444 2647 prte-

1864 2672 1995 2726 ditis
2042 2688 2074 2724 a
2120 2671 2330 2740 Spiritu
2363 2671 2501 2725 clam
2533 2669 2891 2724 inefl‘abiliter
2937 2670 3156 2724 effecta.
3215 2667 3456 2722 Scorsint

1864 2761 2051 2830 itaque
2083 2770 2416 2829 reputentur
2441 2770 2496 2815 et
2539 2761 2756 2814 labores
2803 2768 2859 2813 et
2906 2758 3141 2819 fructus,
3180 2765 3345 2827 prout
3401 2757 3458 2812 in

1865 2865 1924 2904 sc
1960 2849 2179 2903 divisim
2203 2859 2354 2903 sunt.
2384 2849 2437 2903 Si
2459 2850 2584 2919 quis
2610 2867 2741 2903 vero
2770 2865 2868 2918 per
2941 2846 3273 2918 cognitionis
3303 2846 3459 2903 defe-

1875 2952 2052 3008 ctum,
2098 2943 2376 3011 prepriam
2406 2944 2786 3012 operationem
2833 2951 2889 2996 et
2933 2942 3202 3005 laborem,
3247 2941 3460 2995 fruetus

1870 3034 2116 3104 Spiritus
2169 3047 2293 3086 esse
2335 3032 2658 3096 crediderit,
2692 3032 2737 3086 is
2778 3048 2877 3102 per
2903 3032 3271 3102 ignorantiam
3300 3031 3460 3084 vide-

167 3123 249 3200 tur
296 3164 353 3203 se
405 3149 604 3218 ipsum
637 3145 841 3199 laetare
877 3150 933 3195 et
981 3139 1141 3209 176
1195 3137 1473 3206 decipere,
1543 3149 1629 3198 ac,
1661 3131 1792 3186 dum
1837 3128 1913 3182 ita
1952 3142 2010 3180 se
2042 3123 2357 3178 adulatione
2394 3125 2558 3179 noxia
2594 3125 2784 3189 habet,
2830 3140 2962 3180 vere
2996 3124 3208 3195 magnis
3259 3132 3462 3178 semet-

165 3240 334 3313 ipsum
369 3240 632 3311 Spiritus
657 3236 932 3292 fructibus
966 3233 1206 3303 privare.

229 3335 318 3402 CT.
358 3335 589 3403 Ὠσπερ
626 3331 655 3382 ὁ
697 3331 762 3398 τῇ
817 3325 1066 3397 ἁμαρτίᾳ
1119 3323 1239 3375 ὅλον
1289 3320 1481 3374 ἑαυτὸν
1539 3318 1758 3371 ἔκδοτον

171 3427 620 3498 παρασχόμενος,
678 3421 746 3474 τά
791 3417 941 3488 παρά
976 3415 1138 3486 φύσιν
1182 3414 1332 3482 πάθη
1358 3413 1456 3481 τῆς
1507 3409 1754 3480 ἀτιμίας,

1941 3311 2030 3366 VI.
2073 3311 2146 3367 Ut
2194 3310 2290 3380 qui
2340 3319 2569 3380 peccato
2631 3319 2808 3364 totum
2859 3325 2917 3364 se
2973 3311 3153 3380 ipsum
3213 3310 3460 3366 deditum

1867 3405 2134 3468 exhibet,
2204 3413 2465 3457 naturam
2517 3402 2923 3457 inhonorantcs
2968 3403 3287 3473 ignominiae
3339 3420 3465 3474 pas-

169 3521 448 3571 τουτέστιν
493 3513 814 3580 ἀσέλγειαν,
865 3507 1141 3578 πορνείαν,
1184 3502 1524 3568 πλεονεξίαν,
1578 3503 1755 3570 μῖσος,

1869 3499 2072 3562 siones,
2101 3499 2208 3552 hoc
2245 3506 2331 3552 cst
2383 3495 2811 3564 impudicitiam,
2847 3496 3296 3561 fornicationem,
3333 3513 3464 3551 ava-
3515 3551 3523 3570 ι

169 3611 255 3662 καὶ
285 3609 464 3672 δόλον,
511 3604 615 3659 καὶ
643 3603 712 3656 τὰ
738 3599 901 3654 λοιπά
959 3599 1054 3667 τῆς
1099 3596 1298 3657 κακίας
1346 3592 1759 3660 ἐπιτηδεύματα

169 3707 222 3756 ἐν
256 3701 573 3757 ἀπολαύσει
605 3696 698 3749 καὶ
720 3695 881 3764 ἡδονῇ
909 3692 983 3754 ὡς
1020 3688 1227 3757 φυσικά
1277 3683 1746 3753 καταπράττεται’

164 3795 388 3857 οὕτωςὸ
416 3795 478 3846 ἐν
531 3787 765 3859 ἀληθείᾳ
814 3785 907 3838 καὶ
957 3781 1258 3849 τελειότητι
1304 3775 1629 3848 Χριστιανὸς
1657 3772 1758 3837 ῶν,

160 3889 255 3953 τὰς
285 3889 500 3962 ἀρετὰς
527 3883 737 3944 πάσας,
767 3881 862 3932 καὶ
883 3878 1010 3939 τοὺς
1032 3873 1280 3945 καρποὺς
1313 3869 1407 3922 τοῦ
1439 3866 1760 3937 Πνεύματος

162 3954 410 4041 ἅπαντας
446 3977 585 4036 τοὺς
617 3972 754 4040 ὑπὲρ
788 3969 886 4040 τὴν
919 3966 1101 4034 φύσιν,
1137 3963 1238 4032 τὴν
1267 3959 1487 4030 ἀγάπην
1517 3954 1760 4026 δηλονότι

159 4074 248 4125 καὶ
277 4073 380 4140 τὴν
409 4069 670 4140 εἰρήνην,
704 4062 802 4133 τὴν
835 4059 1136 4130 ὑπομονὴν,
1165 4055 1264 4126 τὴν
1307 4054 1515 4116 πίστιν,
1546 4051 1641 4103 καὶ
1663 4047 1760 4118 τὴν

157 4163 522 4225 ταπείνωσιν,
555 4157 654 4211 καὶ
673 4156 780 4209 πᾶν
806 4153 868 4206 τὸ
884 4149 1120 4224 χρυσοῦν
1144 4147 1314 4209 ὅντως
1337 4144 1493 4214 γένος
1513 4143 1610 4212 τῆς
1630 4141 1760 4212 ἀρε-

155 4257 276 4325 τῆς,
295 4257 355 4308 ἐν
377 4249 696 4307 ἀπολαύσει
727 4244 895 4315 πολλῇ
923 4243 1016 4296 καὶ
1044 4241 1202 4312 ἡδονῇ
1230 4235 1606 4325 πνευματικῇ,
1625 4232 1762 4325 ἀπο-

157 4320 276 4413 νητὶ
307 4343 510 4396 λοιπὸν
547 4338 644 4392 καὶ
670 4337 864 4407 ῥᾳδίως
891 4333 966 4396 ὡς
1007 4330 1216 4401 φυσικά
1247 4327 1490 4398 μέτεισιν
1517 4340 1531 4352 ·
1557 4323 1658 4376 οὐκ
1683 4320 1762 4372 ἔτι

151 4434 292 4504 πρὸς
313 4434 387 4487 τά
415 4431 581 4499 πάθη
606 4428 708 4497 τῆς
736 4425 936 4488 κακίας
963 4422 1388 4494 διαμαχόμενος·
1412 4419 1509 4472 ἅτε
1541 4416 1765 4477 τελείως

153 4526 263 4578 ἀπὸ
323 4523 552 4595 Κυρίου
609 4516 1041 4588 λελυτρωμένος,
1101 4516 1197 4568 καὶ
1243 4513 1352 4566 ἀπὸ
1404 4510 1500 4564 τοῦ
1557 4507 1763 4580 ἀγαθοῦ

151 4617 490 4689 Πνεῦματος
555 4613 657 4684 τὴν
713 4609 902 4677 ἐντελῆ
957 4607 1052 4660 τοῦ
1108 4605 1348 4677 Χριστοῦ
1397 4604 1618 4674 είρὴνην
1670 4601 1766 4655 καὶ

152 4710 501 4777 ἀγαλλίασιν
540 4705 600 4757 ἐν
645 4704 714 4773 τῇ
742 4699 940 4771 καρδίᾳ
973 4698 1289 4768 δεξάμενος.
1328 4690 1499 4759 Οὗτός
1537 4697 1684 4747 ἐστιν
1737 4694 1766 4746 ό

1862 3589 2068 3651 ritiam,
2125 3587 2339 3653 odium,
2393 3586 2606 3647 dolum,
2640 3595 2694 3640 et
2739 3588 2952 3655 reliqua
3007 3589 3230 3642 malitia:
3277 3589 3464 3644 studia

1862 3695 1989 3734 cum
2043 3679 2310 3734 fruitione
2386 3692 2451 3730 ac
2523 3677 2807 3746 Voluptate
2871 3685 3132 3747 tanquam
3185 3680 3462 3735 naturalia

1862 3781 2118 3837 exercet;
2156 3769 2239 3825 sic
2283 3769 2378 3840 qui
2422 3783 2555 3823 vere
2597 3784 2664 3822 ac
2701 3769 2946 3838 perfecte
2977 3769 3332 3824 Christianus
3355 3780 3462 3836 est,

1861 3865 2100 3920 virtutes
2129 3879 2323 3918 omnes
2351 3871 2407 3918 et
2448 3862 2666 3917 fructus
2696 3861 2962 3931 Spiritus,
2989 3863 3083 3932 qui
3139 3879 3306 3932 supra
3361 3879 3464 3918 ua-

1864 3963 2045 4010 turam
2085 3962 2237 4020 sunt,
2267 3952 2564 4018 videlicet,
2598 3951 2949 4018 cbaritatcm,
2995 3967 3207 4021 pacem,
3243 3951 3463 4020 patien-

1865 4047 2020 4111 tiam,
2053 4044 2241 4110 fidem,
2279 4043 2674 4108 humilitatem,
2713 4050 2772 4097 et
2815 4057 2979 4097 onme
3011 4058 3185 4114 genus
3204 4058 3336 4097 vere
3367 4059 3466 4098 auo

1865 4155 2024 4194 reum
2049 4138 2296 4200 virtutis,
2321 4135 2674 4209 jucunditatc
2721 4135 2893 4189 multa
2938 4144 2994 4190 et
3023 4137 3308 4204 voluptate
3349 4136 3465 4205 spi-

1867 4232 2077 4296 rituali,
2109 4231 2177 4286 de
2206 4240 2408 4285 caztero
2438 4230 2559 4290 sine
2584 4229 2775 4284 labore
2801 4245 2865 4283 ac
2894 4229 3076 4294 facile,
3105 4239 3167 4284 ut
3189 4229 3466 4284 naturalia

1866 4325 2227 4394 exsequitur;
2276 4339 2386 4378 non
2448 4323 2562 4394 jam
2620 4331 2816 4376 contra
2869 4321 3156 4390 passiones
3204 4323 3468 4390 nequitia:

1869 4417 2222 4486 depugnans;
2257 4422 2451 4483 utpote
2477 4411 2572 4482 qui
2592 4411 2838 4481 perfecte
2861 4427 2889 4464 a
2913 4411 3148 4465 Domiho
3171 4411 3466 4476 liberatus,

1866 4516 1924 4563 et
1967 4524 1998 4562 a
2043 4508 2191 4560 bono
2241 4505 2451 4575 Spiritu
2502 4491 2753 4575 plenam'
2786 4504 3210 4574 absolutamque
3259 4504 3467 4560 Christi

1867 4615 2058 4670 pacem
2089 4609 2145 4653 et
2179 4596 2606 4653 exsultationem
2650 4596 2704 4649 in
2729 4595 2898 4650 corde
2939 4597 3175 4666 adeptus
3200 4597 3291 4651 sit.
3319 4597 3466 4652 Talis

1867 4698 1953 4746 est
1998 4691 2192 4744 intime
2218 4698 2388 4758 atque
2443 4687 2731 4743 individue
2766 4688 3004 4743 Domino
3051 4689 3361 4753 adhaerens,
3412 4698 3470 4744 et

148 4798 454 4869 κολληθεὶς
488 4793 572 4864 τῷ
604 4793 816 4864 Κυρίῳ,
852 4792 946 4844 καὶ
979 4791 1271 4859 γενόμενος
1301 4789 1383 4850 εἱς
1427 4787 1486 4839 ἓν
1520 4785 1760 4856 πνεῦμα.

1871 4785 1928 4838 in
1964 4798 2134 4836 unum
2169 4797 2295 4836 cum
2324 4796 2392 4836 eo
2436 4781 2673 4836 coalitus
2700 4781 2983 4851 spiritum.

217 4893 300 4945 Z'.
337 4889 495 4950 Τοὺς
535 4887 705 4957 μήπω
737 4883 1071 4953 δυναμένους
1118 4881 1304 4951 ἄκρως
1329 4879 1407 4950 τῷ
1450 4878 1550 4949 τῆς
1585 4878 1763 4948 ψυχῆς

146 4980 318 5052 ἔρωτι
369 4978 470 5032 διὰ
529 4975 834 5046 νηπιότητα
873 4973 1099 5035 ἑαυτοὺς
1140 4973 1456 5042 ἐπιτρέπειν
1482 4987 1495 5000 ⁸
1542 4969 1766 5031 τούτους

144 5072 244 5142 τὴν
287 5067 626 5140 ὑπηρεσίαν
684 5064 796 5118 τῶν
855 5061 1101 5133 ἀδελφῶν
1154 5061 1271 5129 μετ’
1343 5059 1628 5123 εὐλαϐείας
1673 5058 1768 5111 καὶ

144 5166 428 5229 πίστεως,
476 5159 652 5230 φόϐου
707 5175 770 5211 τε
823 5156 988 5221 θείου,
1040 5153 1442 5219 καταδέξασθαι
1493 5151 1622 5223 χρὴ,
1693 5150 1768 5212 ὡς

144 5258 284 5311 Θεοῦ
322 5253 565 5322 ἐντολῇ,
599 5251 692 5304 καὶ
739 5249 814 5313 ὡς
848 5247 1210 5318 πνευματικῷ
1252 5245 1543 5316 πράγματι
1587 5243 1769 5297 διακο-

142 5349 466 5420 νουμένους
493 5361 508 5374 ·
561 5343 676 5397 ἀλλ’
705 5344 804 5412 οὐχ
852 5340 928 5404 ῶς
968 5338 1098 5408 παρ’
1127 5336 1433 5407 ἀνθρώπων
1483 5335 1698 5406 μισθὸν,
1732 5334 1766 5404 ἢ

141 5438 342 5509 τιμὴν,
385 5436 496 5488 καὶ
526 5433 882 5503 εὐχαριστίαν
911 5429 1428 5501 προσδοκωμένουςο
1471 5427 1604 5497 μηδέ
1646 5427 1766 5479 δόν-

138 5547 244 5594 τας
301 5528 516 5600 χώραν
568 5525 705 5587 ὅλως
764 5521 1088 5592 γογγυσμῷ,
1157 5519 1190 5588 ἢ
1241 5518 1680 5589 ὑψηλοφροσύνῃ,
1731 5518 1764 5586 ἢ

139 5623 397 5692 ἀμελείᾳ
441 5617 554 5672 καὶ
602 5616 893 5687 χαυνότητι
922 5631 936 5644 ·
989 5613 1065 5676 ῶς
1124 5612 1198 5684 μὴ
1250 5612 1314 5665 τὸ
1363 5611 1568 5679 ἀγαθὸν
1610 5610 1769 5663 τοῦτο

144 5711 318 5783 ἔργον
379 5704 728 5762 σπιλοῦσθαι
773 5704 866 5757 καὶ
899 5700 1412 5772 παραφθείρεσθαι,
1457 5698 1545 5754 διὰ
1587 5699 1642 5753 δὲ
1668 5699 1767 5768 τῆς

797 5779 810 5804 Ι

225 5827 272 5858 ⁵⁸³
303 5823 444 5882 Gal.
494 5835 557 5884 ν,
586 5819 676 5875 22.

1941 4875 2055 4929 Vl].
2097 4875 2232 4938 lllis,
2265 4875 2360 4945 qui
2390 4873 2640 4929 nondum
2663 4874 2855 4928 valent
2881 4873 2953 4928 ob
2988 4871 3291 4926 ruditatcm
3316 4871 3470 4925 velut

1870 4965 2166 5035 quamdam
2193 4964 2462 5032 infantize,
2490 4979 2549 5020 se
2578 4973 2724 5020 totos
2762 4963 3024 5018 addicere
3050 4963 3225 5017 amori
3251 4979 3469 5018 summo

1871 5057 2068 5112 animae
2105 5057 2233 5111 nisu
2261 5057 2598 5123 exercendo,
2626 5057 2909 5119 convenit,
2939 5071 2996 5112 se
3044 5057 3194 5126 ipsos
3247 5057 3466 5126 impen-

1873 5151 2006 5205 dere
2039 5150 2352 5205 ministerio
2400 5150 2660 5215 fratrum,
2691 5149 2887 5205 sedulo
2920 5149 3056 5203 illud
3091 5165 3154 5203 ac
3189 5165 3315 5204 cum
3361 5149 3470 5202 fide

1877 5243 2186 5312 timoreque
2219 5242 2408 5296 divino
2437 5241 2855 5309 amplectende,
2890 5249 3150 5310 tanquam
3194 5241 3289 5295 Dei
3322 5256 3472 5293 man-

1877 5333 2005 5388 dato
2033 5335 2087 5386 in
2124 5333 2346 5402 negotio
2385 5332 2664 5402 spirituali
2690 5333 3102 5402 obsequentes;
3137 5349 3247 5387 non
3283 5341 3469 5386 autem

1877 5424 1946 5477 ab
1988 5422 2308 5476 hominibus
2342 5422 2681 5486 mercedem,
2721 5432 2819 5478 aut
2869 5424 3162 5484 honorem,
3205 5431 3299 5476 aut
3343 5439 3469 5492 gra-

1878 5513 2400 5594 tiarumﬂactionem
2448 5521 2867 5582 exspectantes;
2914 5531 3017 5569 nec
3049 5515 3246 5568 dantes
3287 5515 3470 5567 locum

1876 5606 2104 5661 omnino
2128 5606 2301 5660 ullum
2333 5606 2786 5672 murmurationi,
2813 5608 3108 5677 superbim.
3127 5607 3471 5677 negligentiae

1876 5699 2227 5771 etgtorpori;
2281 5713 2351 5754 ne
2403 5697 2609 5755 bonum
2658 5698 2804 5756 istud
2854 5714 2996 5769 opus
3053 5699 3322 5755 maculari
3377 5707 3474 5754 aut
