3980 6416
547 384 653 446 859

552 492 838 563 corrumpi
870 490 1152 562 contingat
1183 506 1199 544 :
1235 489 1332 546 sed
1360 505 1460 562 per
1482 491 1744 562 pietatem
1773 487 1960 557 potius
1983 486 2145 556 impi-

550 599 700 654 gram
727 598 853 638 cum
895 581 991 636 Dei
1025 582 1224 638 timore
1253 587 1310 636 et
1344 581 1513 636 alacri
1544 579 1732 633 Itetitia
1761 578 2136 647 conjunctam,

549 683 770 746 gratum
812 673 957 728 idem
991 683 1399 743 acceptumque
1422 672 1536 726 Deo
1561 671 1675 724 ﬁat.

619 765 759 819 VIII.
797 763 975 818 Tanta
1031 762 1377 822 humanitate
1439 769 1495 814 et
1537 760 1784 814 bonitate
1832 759 1889 827 (ο
1937 757 2138 814 divinat

549 855 605 910 in
654 872 755 911 nos
782 855 1176 913 misericordiae
1206 852 1733 922 viscera!)demisit
1779 869 1838 908 se
1891 851 1959 906 ad
2002 867 2140 906 con-

549 949 840 1004 sulendum
865 949 1184 1004 hominibus
1210 946 1504 1010 Dominus,
1534 955 1594 1000 ttt
1623 945 1819 1000 sedulo
1853 945 1958 999 hoc
1989 951 2136 1014 agat,

549 1057 618 1095 ne
654 1044 947 1112 quisquam
983 1042 1113 1096 boni
1149 1042 1335 1111 operis
1371 1040 1631 1096 mercede
1666 1056 1766 1110 per
1799 1054 1952 1094 suam
1977 1039 2140 1092 incu-

549 1131 686 1184 riam
726 1131 1054 1196 fraudetur;
1097 1130 1193 1184 sed
1230 1148 1260 1185 a
1287 1131 1476 1201 parvis
1522 1129 1590 1184 ad
1644 1130 1883 1199 majores
1909 1129 2141 1184 virtutes

550 1228 784 1274 cunctos
808 1219 964 1289 quasi
998 1219 1334 1289 quibusdam
1361 1220 1623 1290 gradibus
1647 1218 1946 1289 provehat,
1981 1217 2056 1272 ita
2081 1227 2142 1272 ut

553 1327 624 1366 ne
653 1313 930 1382 porrectio
965 1313 1191 1382 quidem
1237 1314 1424 1368 calicis
1459 1329 1612 1382 aqua:
1647 1312 1858 1382 frigida:
1885 1311 2140 1367 mercede

547 1401 788 1455 caritura
822 1402 915 1457 sit.
949 1401 1097 1456 Dixit
1136 1402 1287 1457 enim
1315 1420 1329 1456 :
1363 1402 1464 1468 Qui
1494 1404 1696 1456 dederit
1736 1401 1952 1456 calicem
1987 1417 2140 1473 aqua:

553 1494 762 1564 frigida:
788 1503 999 1550 tantum
1040 1497 1097 1550 in
1127 1499 1336 1550 nomine
1362 1497 1629 1567 discipuli,
1657 1513 1810 1550 amen
1840 1498 1952 1550 dico
1977 1498 2140 1561 vobis,

545 1601 650 1640 non
679 1589 860 1657 perdet
900 1589 1191 1642 mercedem
1222 1607 1377 1643 suam
1402 1589 1471 1641 ".
1509 1589 1574 1642 Et
1605 1604 1803 1643 rursus
1829 1603 1844 1640 :
1873 1587 1935 1641 In
1971 1605 2142 1658 quan-

549 1684 661 1728 tum
697 1679 791 1730 uni
819 1679 914 1730 hoc
957 1678 1177 1747 fecistis,
1217 1680 1345 1731 mihi
1383 1679 1572 1747 fecistis
1591 1678 1656 1732 ".
1690 1666 1997 1732 Dummodo
2039 1693 2142 1732 se-

544 1768 789 1819 cundum
816 1767 990 1821 Deum
1025 1767 1142 1833 ﬁat,
1177 1768 1328 1838 quod
1361 1770 1456 1834 Iit;
1503 1778 1560 1824 et
1603 1784 1712 1822 non
1752 1778 1978 1838 propter
2012 1769 2132 1822 lau-

544 1856 672 1912 dem
729 1858 1028 1913 humanam
1082 1860 1212 1927 fiat;
1261 1860 1514 1931 adjunxit
1556 1860 1751 1914 enim:
1797 1859 2023 1913 Tantum
2076 1860 2132 1912 in

547 1951 757 2003 nomine
799 1952 1073 2022 discipuli,
1118 1952 1225 2007 hoc
1255 1962 1362 2017 est,
1395 1969 1462 2008 ex
1496 1952 1810 2008 reverentia
1840 1961 1896 2006 et
1942 1967 2130 2007 amore

545 2038 773 2095 Christi.
809 2041 943 2095 Nam
977 2042 1067 2104 iis,
1105 2043 1202 2112 qui
1233 2044 1624 2098 ostentationis
1664 2043 1837 2114 gratia
1887 2059 2001 2098 rem
2028 2043 2131 2096 bo-

544 2147 671 2186 nam
703 2142 1104 2202 exsequuntur,
1136 2135 1558 2204 reprehendens
1587 2135 1873 2197 Dominus,
1898 2141 1954 2188 et
1983 2148 2131 2211 asse-

544 2225 827 2279 veratione
842 2235 993 2280 certa
1012 2227 1342 2281 sententiam
1369 2229 1722 2289 conﬁrmans,
1741 2227 2024 2297 subjungit
2041 2225 2128 2280 di-

541 2327 706 2367 cens:
737 2314 899 2368 Amen
917 2317 1030 2369 dico
1048 2316 1187 2371 vobis
1211 2333 1230 2371 :
1257 2325 1563 2386 receperunt
1580 2318 1866 2371 mercedem
1882 2333 2036 2370 suam
2057 2316 2125 2369 ⁸³.

615 2404 707 2458 IX.
753 2406 1091 2476 Simplicitas
1130 2416 1258 2462 ante
1319 2410 1446 2474 alia,
1507 2417 1564 2463 et
1616 2417 1806 2462 mutua
1859 2407 2123 2473 charitas,

539 2505 596 2550 et
630 2497 914 2564 gaudium,
958 2509 1015 2554 et
1046 2499 1332 2554 humilitas
1365 2501 1592 2554 omnino
1631 2511 1892 2569 tanquam
1928 2499 2126 2553 funda-

541 2600 788 2645 menlum
840 2593 1266 2648 substernantur
1312 2594 1367 2648 in
1410 2593 1780 2659 fraternitate,
1832 2610 1900 2649 ne
1956 2608 2124 2662 super

540 2698 642 2736 nos
679 2683 912 2736 invicem
937 2683 1088 2748 elati,
1120 2691 1178 2738 et
1229 2701 1374 2740 unus
1417 2685 1486 2740 de
1520 2686 1630 2739 alio
1693 2691 2120 2750 murmurantes,

542 2772 793 2826 inutilem
846 2775 1008 2829 nobis
1051 2775 1300 2830 laborem
1339 2776 1664 2831 eiiiciamus.
1715 2777 1856 2841 Ergo
1895 2795 1989 2831 nec
2026 2779 2122 2847 qui

540 2863 660 2918 sine
715 2862 1126 2920 intermissione
1166 2866 1430 2935 perdurat
1482 2867 1538 2920 in
1586 2868 1954 2931 orationibus,
1997 2871 2122 2925 ideo

539 2970 598 3010 se
637 2971 738 3026 per
783 2959 1152 3028 arrogantiam
1200 2958 1427 3012 extollat
1463 2973 1630 3028 supra
1673 2976 1822 3025 emn,
1860 2962 1956 3031 qui
2015 2963 2122 3018 hoc

539 3045 724 3101 facere
748 3064 860 3102 non
887 3058 1100 3117 potest;
1139 3065 1319 3119 neque
1341 3050 1436 3120 qui
1465 3051 1775 3107 ministerio
1795 3069 1853 3107 se
1884 3054 2117 3120 addixit,

1797 377 1859 439 S.
1900 373 2220 436 MACARII
2259 373 2582 438 IEGYPTII

3664 387 3750 447 ῖῦὓ

2172 488 2219 546 Α
2247 484 2538 550 εὐλαϐείας
2586 487 2810 557 μᾶλλον,
2856 488 2950 540 καὶ
2993 487 3086 542 τοῦ
3119 489 3307 558 φόϐου,
3365 493 3453 546 καὶ
3500 494 3586 560 τῆς
3609 497 3753 566 μίιάς

2241 577 2637 650 εὐπρόσδεκτον
2663 577 2744 650 τῷ
2777 577 2898 650 Θεῷ
2917 579 3184 648 γίνεσθαι.

2314 756 2399 814 il'.
2431 758 2683 830 Τοσαύτη
2713 759 3098 830 φιλανθρωπίᾳ
3144 761 3240 813 καὶ
3287 763 3568 834 ἀγαθότητι
3591 767 3650 836 (ὣ
3671 770 3760 825 τῶν

2244 849 2409 907 Θείων
2447 852 2776 922 σπλάγχνων
2823 853 2953 922 περὶ
3003 853 3208 924 tuac!)
3242 857 3538 927 συγκατέϐη
3563 864 3659 922 τοῖς
3683 865 3761 916 ἀν-

2243 941 2482 1013 Θρώποις
2505 945 2532 994 ὁ
2565 944 2794 1012 Κύριος,
2838 943 2999 996 τοῦτο
3026 947 3554 1016 πραγματευόμενος,
3591 951 3643 1004 τὸ
3675 971 3763 1023 μη.

2242 1033 2371 1088 δένα
2410 1035 2575 1104 ἔργου
2609 1033 2820 1102 ἀγαθοῦ
2864 1035 3056 1104 μισθὸν
3082 1037 3324 1107 παριδεῖν
3347 1054 3361 1068 ·
3404 1040 3512 1092 ἀλλ’
3549 1043 3644 1094 ἀπὸ
3677 1046 3762 1098 τῶν

2246 1125 2459 1196 μικρῶν
2478 1127 2569 1178 ἐπὶ
2595 1126 2693 1189 τὰς
2719 1125 2943 1196 μείζους
2974 1129 3081 1180 τῶν
3112 1128 3341 1200 ἀρετῶν,
3373 1133 3568 1195 πάντας
3594 1136 3762 1199 ἀναγαυ

2242 1220 2359 1285 γεῖν
2387 1233 2401 1246 ·
2432 1217 2494 1270 τὸ
2527 1218 2660 1288 μηδὲ
2699 1219 2960 1291 ποτήριον
3003 1219 3212 1289 ψυχροῦ
3260 1221 3444 1285 ὓδατος
3487 1224 3762 1294 ἀποστερεῖν

2243 1309 2584 1372 ἀντιδόσεως.
2615 1311 2814 1382 Εἴρηκε
2847 1312 2955 1381 γάρ
2981 1329 2994 1342 ·
3027 1313 3131 1378 Ὃς
3163 1312 3240 1366 ἂν
3277 1315 3492 1381 ποτίσῃ
3527 1317 3764 1385 ποτήριον

2242 1400 2486 1468 ψυχροῦ
2517 1408 2716 1470 μόνον
2767 1404 2854 1466 εἰς
2887 1403 3073 1472 ὄνομα
3116 1404 3407 1472 μαθητοῦ,
3451 1406 3604 1474 ἀμὴν
3644 1408 3765 1478 λέγω

2243 1492 2404 1560 ὑμῖν,
2465 1493 2536 1545 οὺ
2587 1492 2674 1560 μὴ
2715 1493 3004 1547 ἀπολέσει
3053 1495 3159 1548 τὸν
3211 1497 3435 1564 μισθὸν
3469 1499 3657 1551 αὐτοῦ·
3693 1503 3766 1551 καὶ

2242 1580 2398 1646 αὖθις
2430 1600 2444 1614 ·
2521 1585 2646 1653 Ἐφ’
2708 1585 2861 1638 ὅσον
2907 1586 2998 1638 ἐνί
3064 1584 3243 1640 τοῦτο
3291 1588 3624 1654 ἐποιήσατε,
3664 1591 3765 1657 ἐμοὶ

2241 1669 2592 1738 ἐποιήσατε.
2623 1672 2798 1724 Μόνον
2825 1673 2967 1725 κατά
3021 1673 3152 1726 Θεῖιν
3181 1675 3243 1728 τὸ
3285 1679 3578 1746 γινόμενον,
3607 1680 3764 1750 καὶμὴ

2243 1761 2382 1815 κατὰ
2431 1761 2589 1826 δόξαν
2636 1763 2890 1830 γινέσθω.
2928 1765 3238 1836 προσέθηκε
3284 1768 3394 1837 γάρ
3429 1783 3442 1796 ·
3485 1771 3662 1836 μόνον
3699 1772 3768 1836 εἰς

2167 1829 2210 1884 Β
2239 1855 2425 1922 ὄνομα
2447 1829 2720 1923 μαθητοῦ
2743 1871 2757 1885 ·
2778 1829 3023 1931 τουτέστι
3049 1829 3198 1929 φόδιρ
3225 1829 3321 1912 καλ
3345 1829 3529 1933 ἀγάπῃ
3549 1829 3765 1930 Χριστοῦ·

2231 1954 2346 2016 τοῖς
2387 1953 2496 2024 γάρ
2559 1952 2943 2015 ἐπιδεικτικῶς
3005 1955 3066 2007 τὸ
3137 1955 3345 2022 ἀγαθὸν
3427 1957 3656 2027 μετιοῦσι
3694 1958 3768 2010 καὶ

2237 2044 2594 2114 μεμφόμενος
2633 2047 2661 2098 ὁ
2699 2045 2924 2122 Κύριος.
2961 2047 3235 2117 ἀποφάσει
3297 2048 3492 2121 βεϐαίᾳ
3531 2049 3615 2102 τὸν
3637 2050 3766 2115 λόγον

2230 2137 2665 2207 ἀσφαλιζόμενος
2711 2140 2929 2207 ἐπάγει,
2966 2139 3138 2207 λέγων
3165 2161 3178 2175 ·
3226 2141 3416 2210 Ἀμὴν
3443 2141 3591 2211 λέγω
3619 2140 3768 2211 ὑμῖν·

2228 2229 2532 2298 ἀπέχουσι
2568 2231 2678 2284 τὸν
2697 2231 2928 2300 μισθὸν
2950 2229 3172 2287 αὐτῶν.

2295 2400 2374 2458 Θ’.
2447 2401 2516 2456 Ἦ
2547 2404 2790 2475 ἁπλότης
2838 2405 2946 2476 πρὸ
2996 2406 3106 2460 τῶν
3145 2407 3325 2462 ἄλλων
3367 2409 3524 2480 καὶὴ
3568 2410 3762 2478 ἀτέλεια

2225 2496 2322 2550 καὶ
2356 2498 2390 2568 ή
2429 2496 2566 2567 πρδς
2589 2497 2855 2568 ἀλλήλους
2879 2499 3094 2569 ἀγάπη,
3127 2503 3222 2554 καὶ
3265 2503 3432 2574 χαρὰ,
3485 2503 3578 2556 καὶ
3603 2503 3767 2555 ταπεί-

2224 2606 2412 2652 νωσις,
2439 2590 2505 2642 ὲκ
2537 2590 2740 2653 παντὸς
2779 2590 3006 2661 τρόπου,
3039 2591 3230 2662 ὥσπερ
3268 2611 3356 2657 τις
3391 2594 3628 2664 Θεμέλιος
3655 2595 3766 2646 ὑπο·

2224 2680 2617 2752 6ε6λήσοωσαν
2655 2684 2712 2734 ὲν
2765 2686 2832 2754 τῇ
2878 2682 3224 2756 ἀδελφότητι,
3279 2686 3370 2739 ῐνα
3429 2685 3504 2757 μὴ
3557 2685 3766 2755 ἀλλήλων

2223 2771 2710 2842 κατεπαιρόμενοι,
2735 2775 2830 2827 καὶ
2863 2773 3402 2843 καταγογγύζοντες,
3436 2779 3678 2846 ἀνόνητον
3695 2777 3767 2827 τὴν

2221 2865 2473 2934 κάματον
2491 2865 2887 2936 ἀποδείξωμεν.
2916 2869 3026 2921 Καὶ
3047 2872 3184 2938 μήτε
3210 2871 3237 2920 ό
3251 2868 3606 2933 ἀδιαλείπτως
3626 2885 3766 2939 προσ-

2221 2958 2509 3030 καρτερῶν
2534 2961 2654 3021 ταῖς
2688 2959 2894 3028 εὐχαῖς,
2928 2963 3021 3012 τοῦ
3072 2961 3147 3031 μὴ
3184 2959 3332 3015 οὕτω
3365 2966 3536 3015 ποιεῖν
3567 2961 3766 3029 δυναμέ-

2220 3066 2312 3103 νου
2361 3051 2817 3119 κατεπαιρέσϐω·
2873 3053 3011 3122 μήτε
3068 3055 3096 3105 ὁ
3165 3057 3232 3125 τῇ
3283 3054 3531 3126 διακονίᾳ
3607 3051 3766 3106 ἑαυτὸν

538 3136 608 3192 de
636 3139 750 3201 illo,
800 3141 894 3208 qui
927 3140 1166 3194 orationi
1206 3150 1385 3204 vacat,
1422 3155 1752 3199 nutrmuret.
1793 3146 2014 3202 Etenim
2071 3149 2115 3204 si

2225 3143 2490 3207 ἐκδιδοὺς,
2523 3142 2617 3196 τοῦ
2644 3145 2711 3214 τῇ
2747 3147 3023 3215 προσευχῇ
3057 3145 3420 3215 σχολάζοντος
3451 3161 3760 3214 καταγογγδο

537 3231 808 3300 ejusmodi
857 3233 1184 3302 simpliciter
1238 3250 1302 3288 ac
1349 3235 1491 3290 bona
1543 3237 1902 3307 dispositione
1949 3241 2118 3296 animi

537 3337 666 3392 erga
702 3337 761 3376 se
794 3322 1032 3378 invicem
1080 3324 1264 3379 ali‘ecti
1301 3325 1528 3391 fuerint,
1557 3328 1706 3397 quod
1760 3329 2005 3384 abundat
2063 3331 2118 3386 in

544 3420 968 3482 perseveranter
1030 3414 1340 3480 orantibus,
1397 3417 1729 3474 redundabit
1785 3421 1838 3474 in
1898 3421 2118 3491 supple-

537 3510 781 3557 mentum
839 3504 981 3574 ejus,
1043 3505 1190 3573 quod
1239 3506 1684 3562 ministrantibus
1729 3507 2119 3566 deestzvicis-

535 3593 750 3662 simque
781 3593 825 3646 si
863 3593 997 3662 quid
1029 3594 1397 3651 Iucrabuntur
1427 3599 1828 3667 ministrantes,
1873 3603 2118 3672 explebit

534 3683 590 3739 in
629 3701 740 3754 quo
771 3685 1035 3741 deﬁcient
1064 3689 1262 3745 attenti
1293 3691 1658 3746 orationibus.
1693 3693 1773 3747 Ex
1813 3709 1921 3763 qua
1962 3710 2116 3749 eom-

531 3777 856 3844 pensatione
922 3780 1208 3847 aequalitas
1287 3777 1460 3852 magis
1516 3783 1739 3838 videtur
1794 3785 2113 3840 conservari

532 3884 716 3937 posse,
747 3885 988 3939 congrue
1019 3872 1087 3926 ad
1125 3875 1258 3929 illud
1298 3891 1311 3928 :
1338 3875 1518 3946 Neque
1543 3877 1632 3947 qui
1661 3877 1887 3930 multum
1908 3877 2110 3943 habuit,

532 3961 839 4025 abundavit,
872 3979 1039 4034 neque
1065 3967 1155 4035 qui
1177 3984 1394 4037 parum,
1429 3968 1685 4037 defectum
1715 3971 1875 4023 sensit
1899 3970 1966 4023 ⁸⁸.

605 4053 763 4122 17⁵1
804 4053 870 4108 Χ.
908 4055 1066 4111 Tune
1093 4059 1152 4110 Iit
1181 4059 1274 4113 Dei
1299 4059 1552 4114 voluntas
1583 4061 1716 4114 sicut
1749 4062 1804 4113 in
1829 4059 1955 4114 caelo
1979 4070 2028 4114 et
2054 4063 2111 4115 in

532 4150 680 4198 terra
709 4146 776 4211 ”,
805 4147 1049 4215 quando,
1085 4158 1147 4203 ut
1169 4148 1376 4203 dictum
1407 4160 1510 4215 est,
1549 4167 1650 4204 nos
1683 4151 1840 4204 nobis
1873 4152 2108 4208 invicem

530 4250 640 4289 non
669 4238 1114 4306 pmtulerimus;
1167 4240 1388 4308 quando
1430 4256 1541 4294 non
1575 4243 1753 4295 solum
1784 4242 1903 4296 sine
1934 4258 2108 4297 temu-

529 4325 756 4391 latione,
791 4328 885 4382 sed
910 4336 1115 4384 etcum
1152 4339 1341 4384 mutua
1367 4332 1708 4387 exhibitione
1738 4333 2107 4404 simplicitatis

528 4425 584 4470 et
629 4417 934 4482 charitatis,
975 4421 1384 4490 alaeritatisque
1418 4423 1550 4477 bene
1588 4425 1820 4478 connexi
1870 4425 2104 4480 invicem

2223 3233 2402 3298 ζέτω·
2433 3232 2509 3296 ὡς
2558 3233 2612 3284 εί
2647 3250 2711 3300 γε
2759 3233 2897 3303 μετά
2938 3235 3196 3307 τοιαύτης
3248 3237 3554 3306 ἀπλότητός
3594 3253 3646 3288 τε
3691 3235 3765 3288 καὶ

2221 3322 2516 3386 διαθέσεως
2556 3323 2808 3394 ἀλλήλοις
2829 3328 3246 3398 προσφέροιντο,
3280 3331 3503 3400 γίνηται
3521 3329 3579 3383 τὸ
3606 3326 3766 3398 περίτ-

2220 3432 2400 3486 τευμα
2435 3416 2546 3470 τῶν
2592 3419 2713 3480 ταῖς
2764 3418 2952 3487 εὐχαῖς
3009 3421 3541 3491 ὲμπαραμενόντων,
3587 3423 3671 3476 ἐπὶ
3713 3419 3762 3471 τὸ

2223 3508 2510 3579 ὑστέρημα
2563 3509 2670 3563 τῶν
2719 3509 3152 3566 διακονούντων·
3207 3514 3307 3568 καὶ
3366 3511 3524 3580 αὖθις
3571 3516 3629 3568 τὸ
3673 3513 3761 3565 τῶν

2217 3603 2614 3658 διακονούντων
2637 3606 2980 3676 περίσσευμα
3006 3609 3100 3660 ἐπὶ
3128 3609 3188 3662 τὸ
3219 3611 3512 3682 ὑστέρημα
3542 3611 3642 3665 τῶν
3667 3609 3763 3669 ταῖς

2219 3698 2407 3766 εὐχαῖς
2461 3696 2832 3766 σχολαζόντων
2861 3713 2876 3728 ·
2928 3699 3026 3751 καὶ
3068 3699 3210 3753 οὕτω
3268 3703 3475 3770 μᾶλλον
3513 3705 3545 3773 ἡ
3593 3701 3760 3770 ίσότης.

2217 3789 2361 3842 κατά
2413 3789 2476 3841 τὸ
2529 3789 2841 3859 εἰρημένον,
2893 3791 3155 3861 φαίνηται
3200 3794 3536 3864 σωζομένη·
3590 3793 3674 3856 ὡς,
3712 3791 3760 3842 τὸ

2215 3882 2377 3934 πολὺ
2404 3883 2516 3935 οὐκ
2557 3881 2898 3936 ἐπλεόνασε
2923 3898 2936 3913 ·
2968 3885 3060 3937 καὶ
3096 3884 3171 3948 ὡς
3201 3883 3259 3937 τὸ
3277 3925 3292 3950 ,
3331 3888 3398 3939 τὸ
3445 3886 3644 3956 ὀλίγον
3674 3885 3761 3937 οὐκ

2214 3969 2657 4037 ἠλαττόνησεν.

2286 4057 2342 4112 l'.
2373 4058 2506 4112 Τότε
2543 4062 2752 4128 γίνεται
2791 4062 2851 4116 τὸ
2884 4063 2979 4116 τοῦ
3008 4062 3145 4117 Θεοῦ
3172 4065 3392 4136 θέλημα
3419 4068 3501 4134 ὡς
3529 4067 3595 4121 ἐν
3619 4067 3760 4132 οὐρα·

2212 4147 2296 4215 νῷ
2338 4152 2437 4204 καὶ
2466 4152 2564 4206 ἐπὶ
2599 4153 2708 4224 τῆς
2749 4155 2883 4224 γῆς,
2912 4157 3038 4210 ὅταν
3083 4158 3178 4228 μὴ,
3211 4156 3406 4230 ὥσπερ
3440 4162 3660 4230 εἴρηται,
3687 4155 3758 4207 ἀλ·

2211 4237 2390 4310 λήλων
2419 4244 2904 4314 κατεπαιρὼμεθα,
2940 4246 3068 4302 ὅταν
3100 4248 3175 4319 μὴ
3225 4247 3390 4319 μόνον
3420 4249 3580 4322 ζήλου
3621 4247 3759 4318 χωρὶς

2211 4331 2347 4386 ἀλλά
2375 4337 2470 4387 καὶ
2499 4336 2803 4408 ἁπλότητος
2839 4339 2899 4392 ὲν
2928 4342 3128 4411 μετοχῇ
3168 4341 3264 4394 καὶ
3295 4343 3541 4410 ἀγάπης,
3569 4339 3756 4409 εἰρήνης

2207 4441 2267 4477 τε
2315 4427 2410 4479 καὶ
2441 4430 2613 4497 χαρᾶς
2647 4429 2982 4499 συνημμένοι
3039 4427 3190 4501 ὦμεν
3214 4472 3228 4495 ,
3273 4433 3532 4503 ἀλλήλοις
3565 4431 3652 4501 τὴν
3681 4427 3756 4480 τοῦ

529 4507 820 4570 fuerimus,
864 4527 1196 4581 unoquoque
1239 4513 1325 4566 sui
1372 4513 1613 4571 vicissim
1648 4516 1880 4585 proximi
1915 4518 2100 4586 profe-

2219 4519 2437 4588 πλησέον
2472 4520 2753 4592 προκοπὴν
2787 4523 2944 4584 ἰδίαν,
2981 4523 3056 4586 ὡς
3099 4524 3242 4590 δέον,
3299 4527 3396 4579 καὶ
3440 4528 3540 4595 τὴν
3580 4521 3753 4575 ἐκείνου

527 4609 677 4654 ctum
713 4602 863 4656 velut
894 4605 1200 4673 proprium,
1233 4607 1699 4676 quemadmodum
1735 4625 1832 4678 par
1864 4619 1982 4674 est;
2021 4611 2102 4664 si-

528 4694 846 4764 militerque
883 4697 1116 4751 alterius
1163 4697 1458 4762 defectum,
1495 4700 1767 4769 jacturam
1820 4701 2100 4770 propriam

527 4796 818 4856 reputante
852 4807 866 4842 :
914 4798 1172 4842 ueterum
1213 4789 1268 4842 in
1313 4790 1561 4843 oratione
1601 4790 1775 4860 piger,
1807 4791 2011 4859 quique
2043 4791 2099 4846 in

526 4879 836 4933 ministerio
876 4879 1110 4934 fratrum
1139 4888 1233 4934 aut
1260 4895 1426 4950 opere
1453 4882 1583 4942 alio,
1615 4881 1762 4951 quod
1794 4883 2096 4937 secundum

525 4968 696 5026 Deum
744 4971 821 5038 Iit,
859 4972 1117 5044 languide
1157 4983 1214 5028 et
1258 4975 1600 5044 negligenter
1631 4970 1899 5033 versatus.
1933 4991 1996 5030 ac
2026 4977 2094 5032 ab

523 5063 784 5133 Apostolo
817 5066 972 5137 piger
1000 5066 1206 5121 diserte
1243 5075 1494 5131 vocatus,
1539 5065 1661 5136 ipso
1701 5081 1921 5135 quoque
1957 5083 2099 5136 pane

526 5155 783 5226 indignus
812 5159 1221 5226 pronuntiatur.
1265 5157 1413 5213 Dixit
1447 5158 1600 5213 enim
1632 5176 1645 5212 :
1687 5158 1788 5223 Qui
1817 5177 1920 5213 non
1956 5158 2102 5214 labo-

523 5249 630 5311 rat,
662 5263 754 5299 nec
778 5249 1056 5302 manducet
1089 5249 1132 5279 ⁶¹
1162 5266 1175 5302 :
1220 5248 1289 5302 Et
1319 5248 1449 5303 alibi
1483 5266 1497 5302 :
1538 5248 1725 5319 Pigros
1757 5260 1930 5304 autem
1965 5252 2100 5305 Deus

520 5339 650 5392 odit.
683 5339 747 5392 Et
772 5353 787 5390 :
813 5339 967 5408 Piger
993 5356 1090 5393 nec
1119 5339 1291 5407 ﬁdelis
1320 5355 1430 5393 esse
1455 5348 1642 5410 potest.
1675 5341 1742 5395 Et
1769 5340 2046 5411 Sapientia
2082 5363 2095 5397 :

522 5429 745 5485 Multam
779 5432 1043 5486 malitiam
1073 5433 1246 5486 docuit
1276 5433 1512 5488 otiositas
1535 5433 1603 5489 “.
1632 5432 1904 5490 Convenit
1933 5435 2097 5506 igitur

523 5536 990 5594 unumquemque,
1009 5524 1388 5594 qualecunque
1417 5539 1558 5596 opus
1584 5569 1598 5595 ,
1631 5525 1778 5596 quod
1801 5526 1899 5583 Dei
1930 5543 2095 5583 causa

2211 4611 2501 4682 ὑστέρησιν
2549 4613 2751 4680 ζημίαν
2785 4615 2994 4667 ἑαυτῶν
3023 4615 3388 4686 λογιζόμενοι,
3423 4618 3514 4671 καὶ
3559 4619 3618 4686 τῇ
3647 4612 3753 4680 εὐχῇ

2209 4705 2457 4775 ὀκ-ιηρὲις,
2493 4706 2586 4758 καὶ⁵
2614 4708 2679 4776 τῇ
2719 4706 2963 4779 διακονίᾳ
2995 4710 3103 4761 τῶν
3141 4709 3387 4778 ἀδελφῶν
3417 4711 3511 4764 καὶ
3545 4712 3598 4762 ὲν
3621 4707 3754 4773 ἑτέρᾳ

2206 4793 2269 4862 δή
2302 4810 2429 4856 τινι,
2473 4793 2619 4864 ἔργῳ
2657 4796 2915 4864 τῷριατά
2965 4799 3099 4852 Θεὸν
3141 4801 3414 4872 γινομένῳ
3455 4801 3659 4872 χαύνως
3681 4795 3755 4850 καὶ

2203 4881 2422 4950 ἀμελῶς
2450 4881 2809 4952 διακείμενος,
2837 4879 2992 4949 οὗτος
3009 4888 3116 4940 ἀπὸ
3145 4888 3237 4941 τοῦ
3274 4891 3592 4943 Ἀποστόλου
3613 4885 3755 4956 ἀργὸς

2203 4973 2503 5044 διαρρήδην
2524 4975 2876 5045 καλούμενος,
2903 4979 3070 5034 αὐτοῦ
3097 4980 3188 5032 τοῦ
3211 4981 3376 5052 ἄρτου
3404 4983 3618 5048 ἀνάξιος
3639 4974 3754 5032 εἶναι

2205 5065 2689 5136 καταψηφίζεται·
2733 5067 2924 5140 εἴρηκε
2967 5073 3076 5139 γάρ
3105 5089 3118 5102 ·
3173 5073 3235 5126 '0
3288 5073 3355 5126 δὲ
3396 5076 3576 5144 ἀρνὸς
3627 5066 3756 5141 μηδὲ

2201 5155 2468 5209 ἐσθιέτω·
2503 5156 2598 5210 καὶ
2635 5157 2890 5227 ἀλλαχοῦ·
2933 5158 3085 5227 Τοὺς
3104 5161 3172 5215 δὲ
3199 5163 3420 5233 ἀργοὺς
3445 5164 3542 5218 καὶ
3568 5165 3598 5217 δ
3635 5157 3756 5221 Θεὸς

2197 5247 2386 5317 μισεῖ.
2433 5249 2548 5311 καὶ,
2584 5249 2638 5299 Ὀ
2667 5249 2851 5316 ἀργὸς
2879 5251 3022 5305 οὐδὲ
3062 5254 3278 5320 πιστὸς
3313 5252 3469 5309 εἶναι
3511 5257 3752 5308 δύναται.

2203 5339 2314 5392 Καὶ
2357 5339 2563 5406 Σοφία·
2598 5342 2851 5411 Πολλὴν
2915 5347 3168 5413 κακίαν,
3226 5349 3366 5418 ἔφη,
3425 5345 3690 5409 ἐδίδαξεν
3720 5341 3751 5407 ἡ

2208 5431 2407 5500 ἀργία.
2443 5434 2718 5504 ιΙροσήκει
2746 5439 3040 5509 τοιγαροῦν
3080 5439 3312 5495 ἕκαστον
3357 5443 3540 5496 ὁποῖον
3579 5437 3749 5506 δήποτε

2201 5527 2361 5597 ἔργον
2391 5526 2533 5579 κατά
2571 5526 2708 5582 Θεὺν
2736 5529 3022 5597 γινόμενον
3053 5535 3444 5604 καρποφορεῖν,
3467 5531 3569 5601 ,καὶ
3603 5539 3748 5580 στου·

590 5724 635 5754 ⁸⁸
656 5725 944 5807 λεβίαι-.-χλ
1139 5731 1184 5762 ⁸⁷
1205 5731 1398 5807 ΜιιιιῂΖ
1427 5751 1547 5805 xxv,
1590 5735 1680 5792 40.
1757 5736 1804 5770 ⁵⁸
1829 5735 2023 5792 Matth.
2048 5752 2120 5803 νιι

2283 5735 2328 5770 ³⁸
2351 5733 2524 5792 Exod.
2558 5752 2668 5805 xvt,
2710 5737 2795 5792 18.
2875 5740 2919 5770 ⁶⁰
2958 5739 3248 5807 Matta.va,
3310 5746 3359 5793 δ.
3442 5738 3482 5770 ⁵⁸
3527 5735 3741 5791 lThcss.

483 5807 598 5882 ‘III,
656 5794 740 5849 I0.
821 5799 865 5829 ⁸³
904 5799 1073 5854 Eccli.
1107 5817 1290 5870 xxxtn,
1337 5803 1426 5860 29.
