3980 6420
238 390 331 455 861

233 595 292 649 τὸ
326 589 583 661 παράπαν
633 585 887 656 ἄκαρπος
944 585 1356 653 εὑρισκόμενος,
1414 583 1683 653 ἀμέτοχος
1735 580 1819 633 είς

234 685 370 739 ἅπαν
397 680 489 734 καὶ
520 677 629 731 τῶν
660 674 897 731 αίωνίων
931 673 1156 743 ἀγαθῶν
1187 673 1437 744 γένηται.

295 855 394 908 IA'.
428 850 573 922 Πρὸς
616 851 749 911 τοὺς
780 848 1043 919 λέγοντας
1096 848 1357 902 ἀδύνατον
1405 843 1543 903 εἷναι
1579 848 1677 919 τῆς
1719 866 1813 903 τε·

232 944 496 1013 λειότητος
539 939 857 1009 ἐφικέσθαι,
896 938 991 991 καὶ
1043 937 1142 1007 τῆς
1192 935 1427 1002 εἰσάπαξ
1490 935 1815 1007 ἀπαλλαγῆς

232 1036 334 1090 τῶν
380 1032 591 1097 παθῶν,
621 1031 671 1083 εί
726 1031 823 1085 καὶ
865 1029 965 1098 τῆς
1007 1029 1297 1100 μετουσίας
1348 1030 1443 1082 καὶ
1478 1028 1812 1097 πληρώσεως

233 1128 318 1182 τοῦ
358 1123 559 1193 ἀγαθοῦ
597 1124 782 1192 τυχεῖν
825 1121 1166 1192 Πνεύματος,
1200 1122 1501 1188 ἀναγκαῖον
1552 1120 1651 1190 τὴν
1702 1119 1811 1173 ἀπὸ

230 1218 330 1271 τῶν
359 1216 519 1269 θείων
558 1214 794 1285 Γραφῶν
816 1212 1125 1283 μαρτυρίαν
1150 1213 1485 1280 ἐπενεγκεῖν,
1517 1212 1611 1265 καὶ
1640 1211 1809 1275 δεῖξαι

233 1310 404 1372 κακῶς
420 1308 627 1369 εἰδότας
649 1306 867 1369 αὐτοὺς,
898 1304 1108 1374 ψευδῶς
1137 1322 1196 1357 τε
1225 1304 1342 1374 ἅμα
1370 1307 1463 1357 καὶ
1494 1303 1808 1373 ἐπισφαλῶς

231 1401 475 1468 λέγοντας
501 1414 514 1427 °
544 1397 800 1451 Γίνεσθε
834 1396 965 1467 γὰρ,
993 1397 1158 1466 φησὶν
1211 1399 1239 1450 ὁ
1268 1396 1490 1467 Κύριος,
1516 1396 1614 1448 καί
1640 1396 1808 1464 ὑμεῖς

232 1490 454 1554 τέλειοι,
482 1488 562 1555 ὡς
587 1492 618 1542 ό
643 1488 846 1555 Πατὴρ
866 1486 1064 1556 ὐμῶνό
1092 1488 1372 1555 οὐράνιος
1399 1487 1628 1552 τέλειός
1649 1489 1802 1541 ἐστι’

231 1585 317 1637 καὶ
340 1581 578 1650 παντελῆ
618 1580 969 1651 καθαρότητα
988 1578 1076 1632 διὰ
1105 1580 1309 1633 τούτων
1344 1580 1649 1649 σημαίνωνο
1678 1579 1798 1640 καὶ,

232 1673 383 1727 Θέλω
420 1673 523 1726 ἵνα
554 1669 706 1723 ὅπου
740 1668 987 1738 είμὶέγὼ
1017 1670 1114 1723 καὶ
1147 1665 1311 1725 οὗτοι
1336 1664 1449 1723 ὦσι
1482 1672 1608 1739 μετ’
1633 1669 1800 1739 ἐμοῦ,

231 1764 322 1817 ἵνα
363 1762 626 1832 θεωρῶσι
661 1762 778 1829 τὴν
833 1760 1024 1825 δόξαν
1080 1760 1197 1828 τὴν
1255 1761 1431 1832 ἐμήν.
1477 1762 1661 1815 Ταῦτα
1710 1760 1801 1814 τοῦ

232 1857 510 1927 εἰρηκότος
572 1853 711 1907 εἰσίν
742 1869 757 1884 ·

229 1948 553 2009 ελεύσεται,
596 1946 652 1999 οι
693 1943 762 1996 δὲ
798 1944 969 2013 λόγοι
1028 1960 1149 2012 μου
1192 1944 1265 1997 οὐ
1302 1941 1387 2012 μὴ
1422 1942 1800 2012 παρέλθωσι·

228 2040 315 2092 καὶ
345 2038 403 2092 τὺ
431 2037 527 2092 τοῦ
576 2037 924 2093 Ἀποστόλου·
970 2036 1101 2092 ἰνα
1139 2035 1625 2104 παραστήσωμεν
1652 2035 1805 2087 πάν-

228 2146 293 2184 τα
321 2130 638 2200 ἄνθρωπον
674 2130 908 2184 τέλειον
954 2130 1024 2182 ἐν
1068 2129 1319 2198 Χριστῷ.
1366 2128 1475 2182 Καὶ
1506 2128 1586 2180 τό·
1621 2128 1805 2195 Μέχρι

227 2221 290 2274 δὲ
315 2221 787 2290 καταντήσωμεν
818 2225 871 2275 oi
894 2220 1118 2286 πάντες
1147 2222 1233 2285 είς
1263 2218 1378 2287 τὴν
1412 2218 1668 2285 ἑνότητα
1694 2216 1807 2284 τῆς

227 2314 495 2379 πίστεως,
520 2313 619 2366 καί
651 2311 761 2382 τῆς
789 2312 1166 2381 ἐπιγνώσεως
1188 2311 1294 2365 τοῦ
1332 2310 1467 2364 Υίοῦ
1501 2310 1608 2363 τοῦ
1633 2311 1804 2375 Θεοῦ,

225 2403 303 2467 είς
327 2402 520 2470 ἄνδρα
556 2401 808 2467 τέλειον,
841 2404 928 2467 είς
950 2400 1171 2471 μέτρον
1200 2398 1441 2468 ἡλικίας
1497 2396 1604 2451 τοῦ
1649 2401 1804 2464 πλη-

221 2492 480 2562 ρώματος
524 2493 631 2547 τοῦ
665 2493 949 2561 Χριστοῦ,
981 2493 1061 2556 εἰς
1100 2495 1296 2545 ταυτὸν
1330 2493 1510 2562 φέρει.
1559 2489 1716 2543 Οὕτω
1750 2489 1806 2543 δὲ

226 2582 351 2651 πρὸς
388 2582 489 2653 τὴν
552 2582 871 2652 τελειότητα
918 2580 1242 2652 ἀφορῶντας
1274 2580 1561 2650 συμϐαίνει
1599 2580 1692 2632 δύο
1737 2578 1808 2631 τὰ

228 2671 480 2727 κάλλιστα
522 2673 790 2742 γίνεσθαι,
824 2672 1075 2726 σύντονόν
1104 2690 1163 2725 τε
1194 2674 1288 2725 καὶ
1309 2673 1681 2726 ἀδιάπαυστον
1716 2671 1808 2723 τὸν

224 2760 400 2828 ἀγῶνα
430 2761 662 2831 ἔχοντας
696 2764 775 2825 εἰς
811 2761 873 2814 τὸ
909 2762 1080 2831 πέρας
1109 2761 1345 2825 διώκειν,
1369 2761 1457 2815 διά
1480 2762 1579 2832 τὴν
1614 2760 1806 2815 ἐλπίδα

226 2852 369 2905 τοῦδε
398 2852 503 2907 τοῦ
552 2853 777 2923 μέτρου,
816 2853 979 2922 φημὶ,
1029 2853 1122 2905 καὶ
1161 2853 1259 2921 τῆς
1286 2853 1619 2917 ἀναϐάσεως·
1650 2853 1808 2927 τύφῳ

225 2958 278 2994 τε
309 2941 381 3012 μὴ
409 2942 763 3008 ἁλίσκεσθαι,
807 2941 943 2995 ἀλλὰ
986 2945 1416 3013 μετριοφρονείν,
1450 2944 1545 2996 καὶ
1577 2946 1808 3015 μικροὺς

228 3032 442 3098 ἑαυτοὺς
469 3033 732 3104 ἡγεῖσθαι
785 3032 876 3087 διὰ
929 3034 1028 3105 τὴν
1062 3034 1227 3106 μήπω
1258 3033 1353 3088 τοῦ
1387 3034 1595 3087 τελείου
1630 3036 1807 3091 κατάη

225 3124 396 3197 ληψιν.

1449 377 1688 439 LIBER
1729 375 1829 436 DE
1866 374 2278 439 ORATIONE.

236 503 389 564 δαίως
432 497 537 552 κᾶν
586 492 677 564 ὑφ’
704 493 787 548 ἐνὶ
829 492 939 547 τῶν
972 491 1196 562 ἀγαθῶν
1228 489 1585 556 διατίθεσθαι,
1621 488 1711 542 ἵνα
1741 486 1808 556 μὴ

1922 486 2073 553 facit,
2120 488 2405 545 fructuose
2463 504 2626 561 agere
2670 506 2685 543 :

3389 372 3494 435 802

2740 504 2807 544 ac
2866 489 3210 560 diligentiam
3266 491 3497 546 cuilibet

1921 580 2122 635 actioni
2155 582 2313 636 bona:
2350 582 2690 652 impendere,
2727 597 2798 637 ne
2831 591 3087 652 tanquam
3121 582 3497 637 infructuosus

1920 672 2147 726 omnino
2182 681 2456 742 repertus,
2492 674 2642 728 omni
2693 689 2918 743 prorsus
2943 674 3367 745 participatione
3398 675 3499 729 ho-

1917 774 2114 813 norum
2142 769 2473 815 aeternorum
2498 761 2839 815 excludatur.

1986 850 2079 905 Χὶ.
2110 852 2435 907 Dicentibus
2463 851 2584 907 ﬁeri
2609 869 2718 907 non
2746 868 2930 923 posse,
2959 861 3020 907 ut
3053 852 3221 908 homo
3264 853 3331 907 ad
3373 870 3497 923 per-

1913 940 2209 996 fectionem
2237 942 2535 1012 pertingat,
2566 952 2622 996 et
2648 942 2717 996 ad
2744 943 2963 1012 plenam
3011 944 3400 998 liberationem
3428 943 3496 997 ab

1913 1030 2232 1097 affectibus;
2260 1029 2505 1099 itemque
2529 1030 3012 1100 participationem
3039 1040 3097 1086 et
3120 1031 3495 1101 impletionem

1912 1123 2044 1178 boni
2063 1124 2326 1195 Spiritus,
2348 1140 2577 1182 necesse
2601 1139 2685 1181 εει
2713 1141 2992 1195 Opponere
3020 1127 3333 1181 testimonia
3356 1126 3497 1180 divi-

1910 1231 2105 1289 narum
2135 1216 2568 1286 Scripturarum,
2586 1218 2988 1287 ostendereque
3011 1226 3067 1272 et
3083 1233 3271 1273 errore
3295 1218 3497 1272 men-tis

1910 1308 2162 1364 laborare
2186 1309 2354 1380 ipsos,
2385 1318 2441 1365 et
2459 1310 2597 1365 falso
2622 1326 2685 1365 ac
2699 1311 3006 1380 periculose
3027 1310 3198 1379 loqui.
3226 1310 3317 1364 Ait
3347 1311 3497 1364 enim

1908 1398 2175 1453 Dominus
2223 1417 2237 1453 :
2274 1399 2460 1453 Estote
2498 1409 2546 1453 et
2571 1418 2659 1455 vos
2692 1401 2926 1471 perfecti,
2968 1401 3100 1454 sicut
3132 1401 3299 1454 Pater
3329 1410 3497 1455 vester

1910 1490 2134 1545 cmlestis
2177 1493 2437 1563 perfectus
2464 1502 2539 1547 est
2582 1494 2647 1547 “.
2685 1494 2905 1548 Plenam
2950 1493 3366 1561 absolutamque
3395 1509 3497 1561 pu-

1910 1584 2133 1638 ritatem
2189 1600 2287 1653 per
2345 1584 2461 1639 haec
2523 1584 2796 1639 indicans.
2868 1583 2937 1637 Et
3003 1600 3015 1635 :
3072 1582 3231 1646 Volo,
3292 1591 3347 1635 ut
3409 1585 3497 1638 ubi

1904 1692 2021 1728 sum
2058 1692 2171 1744 ego,
2222 1684 2272 1729 et
2315 1678 2368 1730 Iu'
2424 1678 2530 1729 sint
2572 1692 2797 1739 mecum,
2846 1675 3142 1728 utvideaut
3192 1674 3495 1729 claritatem

1906 1783 2079 1820 meam
2104 1769 2168 1821 σε.
2206 1767 2333 1821 Haec
2366 1766 2598 1821 afﬁrmat
2631 1767 2698 1830 is,
2729 1766 2825 1836 qui
2858 1766 2991 1821 alias
3026 1766 3265 1821 dixerit:
3293 1766 3497 1821 Caelum

828 1852 893 1906 '0
949 1854 1207 1921 οὐρα-νὸς
1261 1852 1361 1906 καί
1417 1854 1455 1921 ἡ
1516 1852 1591 1921 γῆ
1655 1869 1804 1920 παρ-

1913 1864 1957 1909 et
2007 1866 2149 1911 terra
2177 1858 2474 1911 transibunt
2505 1858 2571 1923 ⁸⁵,
2615 1866 2723 1911 etc.
2748 1833 2980 1911 _Eodem
3006 1865 3219 1925 spectat
3267 1864 3323 1911 et
3361 1856 3497 1910 illud

1908 1949 2155 2017 Apostoli
2211 1967 2224 2002 :
2268 1948 2333 2003 Ut
2379 1948 2714 2003 exltibeamus
2759 1965 2968 2001 omnem
3013 1949 3276 2001 hominem
3327 1949 3500 2018 perfe-

1909 2048 2049 2094 ctum
2080 2042 2134 2093 in
2160 2039 2364 2095 Christo
2383 2040 2445 2093 ⁸⁸.
2480 2040 2619 2094 Illud
2651 2054 2870 2108 quoque
2900 2056 2913 2091 :
2954 2038 3132 2092 Donec
3163 2055 3499 2093 occurramus

1907 2147 2085 2185 omnes
2132 2133 2188 2185 in
2244 2133 2504 2185 unitatem
2564 2129 2708 2198 ﬁdei.
2752 2137 2802 2182 et
2856 2131 3144 2199 agnitionis
3197 2129 3320 2184 Filii
3373 2130 3495 2195 Dei,

1905 2223 1962 2273 in
1993 2220 2164 2273 virum
2210 2220 2519 2290 perfectum,
2547 2220 2602 2272 in
2629 2234 2933 2271 mensuram
2952 2220 3125 2273 aetatis
3160 2218 3501 2288 plenitudinis

1909 2314 2103 2370 Christi
2125 2314 2190 2377 ⁸⁷,
2223 2314 2369 2368 idem
2397 2313 2616 2368 suadet.
2645 2313 2818 2367 Porro
2840 2313 2933 2381 qui
2964 2311 3360 2380 perfectionem
3388 2327 3500 2380 prie

1908 2408 2086 2462 oculis
2148 2406 2374 2471 habent,
2427 2406 2531 2460 illis
2588 2406 2699 2458 duo
2744 2404 2994 2474 quaedam
3042 2402 3501 2473 praestantissima

1909 2496 2135 2551 evenire
2183 2495 2472 2565 contingit.
2506 2494 2767 2548 Summus
2810 2508 2875 2546 ac
2924 2492 3242 2546 irremissus
3273 2499 3501 2545 conten-

1911 2585 2080 2639 tionis
2113 2585 2282 2639 ardor
2310 2585 2363 2640 in
2401 2584 2583 2653 ipsum
2612 2582 2853 2651 apicem,
2888 2597 2984 2651 spe
3016 2582 3182 2651 hujus
3203 2596 3499 2646 mensurae,

1909 2689 2133 2728 cursum
2159 2674 2212 2727 in
2238 2672 2588 2729 ascendendo
2618 2671 2989 2741 persequendi
3017 2688 3032 2737 ;
3069 2682 3125 2725 et
3148 2681 3209 2726 ut
3240 2672 3502 2741 superbia

1908 2779 1981 2819 ne
2013 2765 2328 2833 capiantur;
2374 2762 2471 2818 sed
2515 2762 2732 2816 modice
2764 2761 2833 2815 de
2866 2777 2925 2816 se
2969 2763 3231 2826 sentiant,
3282 2770 3338 2816 et
3377 2761 3498 2815 exi-

1909 2870 2046 2927 guos
2078 2870 2137 2909 se
2162 2854 2500 2920 existiment,
2528 2852 2792 2924 quoniam
2816 2851 3217 2922 perfectionem
3251 2850 3501 2908 nondum

1909 2945 2194 3004 consecuti
2223 2952 2374 3001 sunt.

287 3218 383 3273 lB’.
414 3220 476 3273 υί
527 3218 702 3272 ταῦτα
735 3218 1009 3286 λέγοντες,
1043 3220 1228 3288 φησὶν,
1266 3219 1330 3272 ὲκ
1368 3218 1536 3289 τριῶν
1587 3219 1806 3290 τρόπων

1982 3207 2098 3264 XII.
2135 3208 2240 3276 Qui
2287 3223 2353 3264 ea
2384 3208 2711 3279 'proferunt,
2762 3205 2943 3261 tribus
2987 3203 3169 3259 modis
3202 3202 3502 3259 maximum

220 3308 312 3378 τὴν
372 3310 654 3381 μεγίστην
714 3311 858 3380 ψυχῇ
908 3311 1265 3380 περιάπτουσι
1318 3310 1560 3381 βλάϐην·
1589 3312 1806 3381 πρῶτον

231 3402 340 3469 μὲν,
378 3403 459 3456 ὃτι
491 3403 623 3464 ταῖς
656 3401 1034 3465 θεοπνεύστοις
1074 3401 1354 3470 φαίνονται
1396 3402 1809 3465 διαπιστοῦντες

231 3493 487 3565 Γραφαῖςο
533 3492 639 3548 εἴθ’
673 3496 754 3549 ὅτι
807 3497 899 3548 τὸν
937 3495 1161 3565 μείζονά
1212 3512 1271 3547 τε
1332 3496 1428 3547 καὶ
1472 3495 1676 3547 τέλειον
1731 3495 1807 3563 μὴ

230 3588 675 3657 προστησάμενοι
739 3584 833 3637 τοῦ
885 3583 1320 3655 Χριστιανισμοῦ
1388 3585 1626 3648 σκοπὸν,
1673 3583 1807 3652 μηδὲ

228 3675 357 3745 πρὸς
418 3680 632 3731 ἐκεῖνον
683 3675 887 3745 φθάσαι
948 3675 1422 3743 κατατεινόμενοι,
1483 3673 1644 3726 πόνον
1712 3673 1808 3726 καὶ

230 3768 481 3840 σπουδὴν,
520 3768 717 3821 πείνάν
746 3785 806 3820 τε
844 3769 937 3821 καὶ
969 3768 1129 3837 δίψαν
1152 3768 1247 3837 τῆς
1283 3765 1629 3835 δικαιοσύνης
1663 3765 1808 3835 ἔχειν

227 3858 282 3911 οὔ
310 3860 615 3925 δύνανταιη
653 3859 791 3913 ἀλλά
856 3862 968 3922 τοῖς
1008 3858 1296 3930 ὲξωτέροις
1324 3858 1569 3927 σχήμασί
1612 3874 1672 3910 τε
1714 3856 1809 3909 καὶ

227 3949 397 4020 ἤθεσι,
438 3954 538 4006 καὶ
577 3951 780 4020 ὀλίγοις
831 3952 944 4004 τισὶ
992 3949 1411 4022 κατορθώμασιν
1457 3948 1810 4019 ὲμπληροφο-

229 4044 501 4115 ρούμενοι,
537 4046 639 4114 τῆς
691 4044 970 4115 μακαρίας
1020 4043 1257 4111 ἐλπίδος,
1308 4042 1404 4096 καὶ
1451 4042 1808 4112 τελειότητος,

227 4140 317 4189 καὶ
344 4140 441 4210 τῆς
476 4137 778 4201 παντελοῦς
807 4137 917 4191 τῶν
951 4136 1233 4191 παντελῶν
1265 4128 1455 4190 παθῶν
1489 4135 1813 4206 καθάρσεως

224 4226 636 4281 ἀπολείπονται.
675 4226 748 4279 Τὸ
775 4227 958 4298 τρίτον
990 4227 1064 4291 ὡς
1092 4226 1327 4297 οἰόμενοι
1368 4227 1467 4295 τῆς
1511 4224 1813 4295 ἀκρότητος

226 4313 511 4385 ἐφικέσθαι
553 4320 622 4388 τῇ
658 4318 995 4389 κατορθώσει
1035 4318 1142 4370 τῶν
1191 4317 1387 4385 ὀλίγων
1412 4358 1427 4383 ,
1463 4316 1538 4380 ῶς
1576 4318 1810 4388 ἔφημεν,

225 4407 457 4475 ἀρετῶν,
480 4410 580 4462 καὶ
609 4407 687 4479 μὴ
720 4408 858 4479 πρὸς
898 4408 959 4460 τὸ
980 4409 1185 4460 τέλειον
1217 4408 1589 4477 ἐπειγόμενοι,
1624 4409 1685 4458 οὐ
1713 4406 1811 4476 μό-

1909 3300 2108 3355 θιιὶιηιε
2135 3299 2398 3353 damnum
2435 3298 2752 3368 important,
2788 3297 3031 3367 primum
3063 3296 3311 3366 quidem,
3351 3296 3501 3365 quod

1908 3390 2175 3445 divinitus
2190 3389 2472 3459 inspiratis
2488 3404 2689 3458 negare
2706 3387 2965 3441 videntur
2988 3386 3294 3456 Scripturis
3312 3386 3501 3450 ﬁdem;

1909 3487 2108 3543 deinde
2131 3486 2277 3556 quod
2309 3485 2574 3554 majorem
2600 3491 2656 3537 et
2676 3482 2981 3551 perfectum
3005 3497 3115 3535 non
3142 3481 3502 3551 praestituunt

1908 3575 2614 3642 cbristianismo‘scopum,
2668 3587 2849 3639 neque
2899 3572 2967 3624 ad
3016 3572 3173 3625 illum
3205 3573 3500 3641 pervenire

1908 3666 2332 3729 contendentes,
2359 3664 2607 3718 laborem
2640 3670 2696 3715 et
2728 3659 2996 3724 studium,
3027 3659 3229 3714 famem
3258 3669 3314 3715 et
3349 3660 3500 3716 sitim

1904 3758 2133 3829 justitiaa
2161 3756 2365 3811 habere
2389 3762 2641 3825 possunt;
2668 3751 2763 3806 sed
2785 3750 3038 3805 externis
3062 3750 3503 3829 et_superftciali-

1911 3825 2015 3905 bus
2032 3850 2313 3903 habilibus
2334 3855 2391 3902 et
2409 3845 2677 3909 moribus,
2707 3842 3013 3913 paucisque
3033 3825 3367 3912 quibusdam
3394 3850 3503 3897 tra-

1910 3942 2102 3997 latitite
2128 3941 2353 3995 virtutis
2373 3938 2567 3994 oﬂiciis
2597 3936 2815 3992 abunde
2853 3936 3120 4001 contenti,
3156 3952 3185 3990 a
3208 3951 3305 4005 spe
3340 3935 3503 3991 beata

1909 4046 1967 4094 et
2006 4036 2385 4109 perfectionis,
2435 4034 2810 4101 absolutaeque
2852 4045 3148 4101 pravorum
3178 4030 3362 4083 omnis
3401 4045 3496 4098 ge-

1913 4131 2063 4185 neris
2113 4128 2415 4183 atiectuum
2462 4124 2805 4196 purgationis
2854 4121 3137 4177 excidunt.
3191 4121 3498 4186 Postremo,

1912 4217 2059 4291 quod
2124 4215 2460 4271 exhibitione
2509 4227 2811 4283 paucarum
2864 4208 3170 4279 vulgarium
3207 4208 3499 4275 virtutum,

1914 4319 1978 4364 ut
2009 4308 2270 4370 diximus,
2313 4305 2576 4360 inﬂantur
2610 4303 2666 4356 in
2713 4300 3029 4371 opinionem
3065 4299 3172 4364 sui,
3203 4299 3357 4369 quasi
3385 4298 3501 4370 jam

1913 4400 2125 4470 apicem
2159 4405 2399 4459 teneant,
2436 4394 2492 4448 in
2520 4408 2682 4463 quem
2715 4407 2991 4446 summum
3020 4390 3155 4445 eniti
3190 4392 3275 4444 vis
3302 4391 3503 4444 huma-

224 4514 312 4551 νον
350 4500 688 4553 ταπείνωσιν
714 4501 809 4551 καὶ
835 4498 1109 4568 πτωχείαν
1139 4497 1233 4550 καὶ
1267 4495 1559 4567 συντριϐὴν
1585 4497 1808 4566 καρδίας

1916 4507 1985 4545 na
2020 4498 2192 4559 quct;
2245 4487 2480 4555 ideoque
2515 4484 2749 4539 ulterius
2785 4483 3030 4552 aspirare
3063 4482 3360 4548 desinunt;
3398 4499 3501 4538 nec

1957 4579 2087 4596 si“---
2135 4576 2395 4596 l____-:l___.
2443 4573 2864 4596 ...,.-!...-a:-_.....
2894 4572 2974 4596 -..ξ
3039 4583 3088 4596 λι
3120 4581 3496 4596 αι--....,...ι-ι....-

225 4589 427 4656 ἥκιστα
462 4592 612 4661 ἔχειν
640 4590 914 4643 δύνανται·
948 4588 1087 4643 ἀλλὰ
1116 4587 1451 4651 δικαιοῦντες
1484 4589 1708 4651 ἑαυτοὺς
1737 4588 1812 4651 ώς

224 4681 327 4749 ἤδη
369 4680 797 4752 κατειληφότας,
826 4681 889 4735 οὐ
915 4681 1201 4753 προκοπὴν
1226 4680 1327 4733 οὐκ
1354 4680 1593 4734 ἐπίδοσιν
1614 4679 1815 4750 ὁσημέ-

227 4787 313 4843 ραι
340 4774 615 4845 δέχονται.

292 5035 397 5088 Il".
436 5035 584 5097 Τοὺς
629 5032 890 5088 ἀδύνατόν
932 5049 1099 5101 φησιν
1126 5033 1465 5104 ἡγουμένους
1488 5034 1585 5105 τὴν
1621 5033 1818 5105 κατόρο

226 5124 391 5179 θωσιν
419 5126 652 5196 ταύτην,
694 5127 796 5196 τὴν
831 5125 920 5179 διά
955 5124 1051 5177 τοῦ
1097 5125 1417 5196 Πνεύματος
1454 5129 1566 5189 τοῖς
1599 5126 1814 5197 ἀνθρώ-

224 5234 347 5281 ποις
378 5219 767 5288 ὲγγινομὲνην,
803 5217 983 5287 ἥτιςή
1030 5215 1193 5287 καινὴ
1224 5217 1401 5280 κτίσις
1438 5219 1556 5269 ἐστὶ
1584 5219 1682 5287 τῆς
1711 5236 1815 5271 κα-

225 5307 400 5377 θαρᾶς
444 5309 697 5379 καρδίας,
748 5311 777 5362 ὁ
844 5308 1169 5370 Ἀπόστολος
1220 5308 1516 5379 διαρρήδην
1566 5309 1813 5373 ἐοικότας

224 5398 424 5460 αὐτοὺς
454 5398 700 5451 δείκνυσι
731 5400 847 5462 τοῖς
871 5398 938 5451 δι’
967 5399 1226 5451 ἀπιστίαν
1254 5399 1354 5467 τὴν
1377 5399 1478 5468 γῆν
1510 5398 1607 5468 τῆς
1641 5402 1815 5469 ὲπαγ-

223 5490 413 5556 γελίας
472 5491 742 5544 εἰσελθεῖν
805 5491 880 5561 μὴ
940 5490 1302 5560 ἠξιωμένοις,
1347 5493 1441 5544 καὶ
1488 5492 1585 5545 διὰ
1635 5495 1813 5547 τοῦτο

226 5583 635 5635 πεπτωκότων
662 5583 867 5648 αὐτοῖς
906 5582 1026 5637 τῶν
1056 5582 1264 5636 κώλων
1307 5583 1378 5637 ὲν
1421 5582 1496 5653 τῇ
1525 5585 1737 5655 ἐρήμῳ*
1780 5581 1809 5637 ὂ

300 5711 346 5742 ⁸³
385 5711 588 5766 Matth.
624 5729 677 5777 v,
722 5714 809 5768 48.

233 5793 309 5849 tv,
356 5782 450 5839 15.
551 5783 593 5815 ⁸⁸
636 5783 805 5839 llebr.
853 5801 930 5850 tu,
959 5785 1045 5839 l7.

910 5715 1151 5790 “Aean.
1200 5733 1329 5784 xvu,
1381 5715 1473 5772 2i.
1515 5785 1519 5790 .
1552 5717 1597 5749 ⁸⁵
1635 5715 1827 5772 Matth.
1862 5733 2007 5785 xmv,
2040 5715 2308 5784 55;'Luc.
2350 5732 2460 5782 xxi,
2493 5716 2581 5770 53.

1918 4579 2095 4635 solum
2135 4576 2401 4630 humilem
2441 4573 2867 4627 aestimationem
2893 4572 3001 4632 sui,
3035 4583 3092 4627 et
3120 4581 3500 4642 paupertatem

1913 4680 1970 4725 et
2001 4669 2390 4725 contritionem
2420 4668 2606 4722 cordis
2628 4667 2854 4721 minime
2877 4666 3079 4722 habere
3105 4675 3371 4737 possunt:
3402 4666 3497 4721 sed

1914 4762 2081 4816 etiam
2108 4759 2475 4832 justiﬁcantes
2508 4772 2567 4811 se
2593 4757 2761 4826 ipsos,
2785 4765 2847 4810 ut
2875 4756 2966 4825 qui
2988 4756 3098 4826 jam
3132 4755 3498 4825 comprehen-

1915 4852 2120 4915 derint,
2166 4864 2418 4904 crescere
2462 4846 2711 4918 quotidie
2757 4844 3181 4916 promoverique
3215 4844 3272 4898 in
3302 4845 3500 4900 melius

1916 4950 2156 4997 cessant.
2758 4930 2767 4933 ’

1984 5033 2125 5087 Χ111.
2158 5032 2260 5099 Qui
2291 5030 2611 5088 existimant
2645 5028 3041 5098 impossibilem
3071 5045 3193 5085 eam
3228 5029 3499 5085 reforma‘

1914 5126 2143 5188 tionem,
2171 5140 2294 5195 quae
2341 5138 2439 5193 per
2469 5121 2807 5175 habitantem
2858 5120 2913 5173 in
2957 5121 3278 5176 hominibus
3323 5120 3498 5191 Spiri-

1917 5216 2076 5285 178
2101 5224 2215 5268 tum
2244 5214 2324 5278 fit,
2364 5226 2487 5282 quae
2506 5226 2644 5265 nova
2675 5219 2759 5264 est
2783 5210 2991 5265 crcatio
3013 5212 3135 5281 puri
3161 5213 3375 5277 cordis;
3401 5228 3499 5268 eos

1911 5313 2205 5383 Apostolus
2220 5312 2426 5366 diserte
2446 5311 2769 5379 pronuntiat
2788 5310 2996 5367 similes
3010 5311 3139 5377 illis,
3158 5312 3250 5381 qui
3272 5317 3498 5380 propter

1914 5403 2293 5457 infidelitatem
2324 5400 2533 5471 indigni
2552 5400 2783 5471 judicati
2811 5411 2955 5455 terra
2978 5400 3362 5471 promissionis
3388 5417 3400 5452 ε
3424 5396 3499 5451 Et

1912 5512 2135 5566 quarunt
2177 5502 2455 5565 propterea
2503 5492 2776 5562 cadavera
2825 5502 3095 5563 prostrata
3145 5500 3265 5545 sunt
3312 5492 3367 5545 in
3402 5489 3498 5541 ἀει·

1907 5587 2134 5640 serto”.
2176 5586 2306 5652 Quae
2344 5584 2491 5657 enim
2540 5584 2651 5639 illic
2692 5583 3076 5654 promissionis
3127 5594 3271 5638 terra
3328 5595 3496 5636 sensu

2659 5714 2703 5746 ⁶⁶
2741 5713 2935 5769 Coloss
2974 5711 3124 5778 1,28.
3204 5712 3245 5742 ⁸⁷
3287 5709 3497 5775 Ettltes.
