3980 6428
499 394 610 457 863
1754 385 1816 445 s.
1861 385 2178 446 MACARII
2221 386 2541 447 autem
2797 379 2837 388 '"
2880 382 2902 387 ”
3620 401 3710 467 864

495 513 688 577 aperto
710 502 938 568 dicitur,
966 501 1198 572 mystico
1217 513 1382 554 sensu
1407 511 1469 551 ac
1491 495 1787 551 affectibus
1809 497 2083 550 liberatio-

2195 499 2302 568 γὰρ
2337 500 2454 552 ἐκεῖ
2481 501 2815 569 ἐπαγγελίας
2859 503 2928 572 γῆ
2960 501 3100 556 κατὰ
3132 503 3194 556 τὸ
3224 505 3464 576 φανερὸν,
3487 509 3625 566 τοῦτο
3647 516 3719 566 ἐν·

495 611 620 654 nem
672 594 916 660 indicat;
967 609 1133 663 quam
1176 601 1236 647 et
1271 590 1416 645 idem
1445 588 1742 657 Apostolus
1767 587 1929 642 ﬁnem
1961 604 2083 643 esse

2193 590 2366 643 ταῦοα
2391 591 2584 644 παθῶν
2617 593 2997 662 ἀπολύτρωσις
3046 595 3189 649 κατὰ
3219 596 3282 648 τὸ
3328 601 3569 668 κρυπτόνο
3605 604 3720 677 ὅπερ

497 689 678 743 omnis
724 685 968 740 mandati
1002 682 1324 738 declaravit.
1375 681 1499 735 llaac
1530 680 1679 734 enim
1701 694 1830 734 vera
1860 679 2082 733 demum

2193 681 2252 750 δὴ
2285 683 2379 734 καί¹
2408 683 2436 734 ὁ
2463 681 2787 746 Ἀπόστολος
2817 683 2968 746 τέλος
3009 685 3189 754 πάσης
3218 685 3430 756 ἐντολῆς
3477 686 3599 744 εἶναι
3636 694 3726 749 ἀπ-

496 788 579 835 est
607 777 995 849 prdmissionis
1021 785 1188 840 terra,
1205 775 1260 828 in
1282 775 1440 844 cujus
1466 772 1920 842 signiﬁcationem
1947 786 2083 825 cun-

2194 767 2363 834 έδειξε
2385 786 2398 801 ·
2433 770 2527 822 καὶ
2569 771 2727 824 τοῦτό
2760 775 2907 825 ἐστιν
2933 774 2984 842 Ii)
3024 773 3251 844 ἀληθινὴ
3291 778 3385 846 τῆς
3435 779 3726 848 ἐπαγγελίας

498 879 585 924 cta
613 869 705 922 illa
728 867 907 940 typice
933 866 1246 920 traduntur.
1273 863 1501 931 Pr0pter
1523 861 1670 930 quod
1697 861 1918 916 divinus
1938 861 2083 930 Apo-

2193 859 2288 930 γῆ,
2318 860 2413 913 καὶ
2455 859 2524 913 δι’
2559 861 2730 931 αὐτὴν
2769 861 2948 916 πάντα
2982 866 3168 918 ἐκεῖνα
3201 867 3446 930 τυπικῶς
3476 874 3728 940 παραδίδο-

497 962 693 1025 Stolus,
724 959 1008 1015 securitati
1040 955 1384 1026 prospiciens
1415 953 1836 1023 discipulorum,
1878 968 1947 1008 ne
1993 953 2083 1008 cui

2193 969 2302 1005 ται.
2353 952 2491 1023 Παρ*
2521 952 2550 1005 ὃ
2593 955 2687 1006 καὶ
2721 955 2748 1006 ὁ
2782 955 3067 1019 θεσπέσιος
3123 958 3333 1021 Παῦλος
3373 960 3438 1012 δι’
3466 963 3726 1030 ἀσφαλείας

498 1053 797 1123 contigerit
827 1052 949 1120 capi
975 1047 1286 1103 contumaci
1326 1045 1730 1101 incredulitatis
1751 1045 2080 1116 supercilio:

2193 1045 2257 1097 τὰ
2285 1044 2394 1098 τῶν
2432 1044 2689 1116 μαθητῶν
2735 1046 3077 1117 ποιούμενος,
3110 1050 3186 1111 ὡς
3217 1051 3289 1118 μή
3328 1067 3446 1106 τινα
3487 1057 3727 1125 συμϐῆναι

505 1141 698 1205 Videte,
730 1141 933 1210 inquit,
975 1139 1188 1208 fratres,
1215 1153 1280 1191 ne
1309 1137 1443 1207 forte
1464 1138 1529 1190 sit
1559 1138 1611 1190 in
1641 1137 1821 1207 aliquo
1847 1147 2078 1192 vestrum

2193 1135 2444 1199 ἀπιστίας
2463 1137 2671 1200 ἁλῶνας
2703 1141 2870 1210 φρονή
2881 1155 3032 1209 ματιο
3063 1140 3341 1207 Βλέπετε,
3363 1144 3598 1215 ἀδελφοί
3610 1167 3726 1217 μου,

496 1251 586 1286 cor
618 1232 822 1289 malum
860 1231 1270 1295 incredulitatis,
1315 1230 1612 1284 discedendi
1638 1248 1670 1284 a
1710 1230 1818 1284 Deo
1853 1232 1967 1284 viva
2012 1231 2082 1283 θ’.

2193 1228 2344 1296 φησὶ,
2392 1228 2628 1297 μήποτε
2674 1230 2768 1296 εἴη
2814 1230 2886 1283 ἐν
2925 1248 3048 1284 τινι
3081 1232 3251 1301 ὑμῶν
3283 1235 3490 1302 καρδία
3530 1242 3729 1308 πονηρὰ

498 1326 657 1391 Quod
732 1324 1053 1380 discedendi
1100 1323 1330 1378 verbum
1386 1337 1496 1376 non
1548 1321 1615 1376 ad
1678 1321 2080 1392 abnegationis,

2193 1319 2493 1386 ἀπιστίας,
2530 1321 2600 1374 ἐν
2639 1320 2716 1387 τῷ
2749 1322 3095 1392 ἀποστῆναι
3143 1327 3262 1381 ἀπὸ
3301 1329 3407 1382 τοῦ
3437 1331 3575 1383 Θεοῦ
3614 1331 3727 1391 ζῶν-

497 1416 592 1469 sed
613 1416 688 1470 ad
716 1414 1033 1470 diﬁidentia:
1056 1412 1480 1483 promissionum
1507 1410 1961 1481 signiﬁcationem
1987 1425 2083 1478 po-

2193 1427 2308 1476 τοςο
2346 1412 2405 1464 τὺ
2431 1412 2488 1464 δὲ
2519 1413 2824 1483 ἀποστῆναι
2855 1416 2956 1469 οὐκ
3005 1419 3096 1470 ἐπὶ
3129 1419 3222 1471 τοῦ
3255 1421 3602 1492 ἀρνήσασθαι,
3631 1425 3726 1476 ἀλλ’

496 1507 607 1561 suit
637 1523 652 1560 ε
687 1505 948 1560 videlicet
979 1505 1158 1576 typica
1185 1503 1498 1558 Iudaeorum
1526 1517 1594 1555 ex
1620 1500 1902 1570 allegoriis
1929 1500 2083 1555 evol-

2193 1501 2283 1554 ἐπὶ
2304 1502 2398 1555 τοῦ
2426 1506 2545 1566 ταῖς
2569 1506 2923 1574 ἐπαγγελίαις
2950 1507 3112 1561 αὑτοῦ
3150 1511 3468 1580 ἀπιστῆσαι,
3489 1514 3724 1568 τέθεικεν·

494 1613 649 1661 vens,
685 1607 742 1652 et
777 1596 980 1667 ﬁguras
1011 1610 1139 1650 cum
1183 1597 1416 1649 veritate
1450 1608 1777 1662 comparans
1811 1591 2083 1646 subinl‘ert

2193 1591 2380 1662 ἀμέλει
2434 1593 2530 1646 καὶ
2583 1594 2650 1647 τὰ
2711 1597 2916 1649 τυπικὰ
2965 1598 3072 1651 τῶν
3142 1599 3407 1654 Ἰουδαίων
3456 1602 3734 1675 ἀλληγορῶν

498 1687 690 1741 dicens
723 1704 735 1739 :
768 1684 1000 1749 Quidam
1030 1685 1170 1737 enim
1195 1683 1466 1736 audientes
1489 1681 1930 1735 exacerbavcrunt
1951 1699 1968 1735 .'
1992 1681 2083 1734 sed

2193 1686 2280 1738 καὶ
2305 1686 2671 1756 παραϐάλλων
2700 1687 2876 1741 ταῦτα
2908 1691 3044 1759 πρὸς
3069 1689 3167 1761 τὴν
3195 1692 3476 1762 ἀλήθειαν,
3494 1697 3732 1766 ἐπιφέρει,

495 1795 601 1831 non
631 1778 882 1841 universi,
911 1776 1001 1846 qui
1031 1775 1249 1844 profecti
1279 1780 1400 1826 sunt
1427 1788 1490 1825 ex
1530 1771 1760 1842 Egypto
1799 1789 1892 1842 per
1930 1772 2082 1843 Moy-

2193 1776 2385 1844 λέγων·
2418 1776 2584 1843 Τινὲς
2636 1779 2748 1848 τὰρ
2785 1780 3159 1848 ἀκούσαντες
3201 1785 3387 1840 αὐτοῦ
3413 1789 3736 1857 παρεπίκρα-

494 1885 606 1922 seu.
639 1867 837 1933 Quibus
880 1876 1058 1921 autem
1101 1866 1338 1935 infensus
1382 1874 1457 1919 est
1495 1865 1856 1935 quadraginta
1887 1867 2083 1918 annis?

2193 1884 2329 1931 ναν,
2377 1869 2516 1922 ἀλλ’
2549 1871 2620 1923 οὐ
2666 1870 2889 1937 πάντες
2930 1875 2984 1925 οἱ
3011 1873 3364 1942 ἐξελθόντες
3385 1877 3450 1941 ἐξ
3472 1880 3736 1946 Αίγύπτιυ

499 1977 672 2014 nonne
713 1960 822 2014 illis
869 1961 959 2030 qui
993 1965 1360 2030 peccaverunt,
1395 1974 1620 2028 quorum
1665 1957 1922 2011 cadavera
1962 1975 2083 2028 pro-

2193 1953 2288 2007 διὰ
2335 1955 2614 2022 Μωσέως·
2655 1960 2778 2012 τίσι
2810 1959 2879 2012 δὲ
2917 1963 3302 2033 προσώχθισε
3325 1968 3738 2034 τεσσαράκοντα

495 2059 669 2104 strata
718 2059 840 2104 sunt
891 2053 946 2104 in
989 2050 1235 2103 deserto?
1287 2050 1482 2114 Quibus
1532 2059 1708 2102 autem
1738 2050 1942 2119 juravit
1978 2067 2082 2103 non

2193 2046 2486 2117 ἐτη;οὐχί
2537 2048 2662 2115 τοῖς
2703 2052 3144 2122 ἁμαρτήσασιν,
3197 2051 3284 2111 ὧν
3328 2059 3400 2113 τὰ
3445 2057 3598 2114 κῶλα
3623 2061 3736 2114 ἒπε-

497 2145 724 2197 introire
753 2145 809 2197 in
855 2145 1088 2213 requiem
1124 2144 1310 2212 ipsius,
1343 2139 1443 2194 nisi
1471 2139 1756 2194 incredulis
1779 2141 1804 2192 Ρ
1835 2141 1903 2194 Ει
1943 2141 2083 2194 vide-

2193 2153 2302 2191 σεν
2342 2139 2412 2193 ἐν
2449 2140 2524 2208 τῇ
2569 2141 2805 2211 Eprium;
2855 2146 2978 2199 τίσι
3023 2147 3092 2200 δὲ
3136 2147 3336 2217 ὤμοσε
3384 2151 3468 2220 μὴ
3505 2153 3738 2206 εἰσελεύ-

498 2250 614 2286 ntus
643 2235 766 2302 quia
797 2250 900 2286 non
934 2241 1218 2303 potuerunt
1248 2233 1468 2285 introire
1498 2239 1714 2300 propter
1738 2230 2083 2284 incredulita-

2193 2234 2408 2284 σεσθαι
2454 2235 2541 2296 εἰς
2579 2233 2695 2300 τὴν
2740 2235 3124 2291 κατάπαυσιν
3160 2241 3352 2295 αὑτοῦ
3378 2281 3392 2304 ,
3437 2244 3489 2294 εί
3522 2242 3596 2310 μὴ
3634 2241 3738 2308 τοῖς

497 2333 600 2378 tem
628 2328 694 2380 ⁷ο.
723 2325 1022 2379 Timeamus
1051 2341 1172 2394 ergo
1203 2341 1268 2377 ne
1311 2323 1466 2393 forte,
1495 2323 1676 2376 relicta
1706 2322 2083 2393 pollicitatione

2193 2322 2597 2390 (iactatiactat;
2642 2326 2737 2379 καί
2765 2327 3098 2398 βλέπομεν,
3137 2330 3226 2385 ὅτι
3257 2333 3346 2402 μὴ
3385 2333 3738 2400 ἐδυνήθησαν

496 2417 798 2470 introeundi
826 2417 882 2468 in
925 2415 1159 2486 requiem
1200 2415 1383 2484 ipsius,
1415 2414 1740 2468 existimetur
1781 2413 1975 2483 aliquis
2020 2428 2083 2466 ea:

2193 2416 2492 2468 είσελθεῖν
2541 2415 2615 2469 δι’
2650 2417 2969 2474 drum-law
3010 2422 3109 2475 καί
3163 2424 3396 2493 ἐπάγειο
3429 2426 3742 2495 Φοϐηθῶμεν

495 2509 636 2562 vobis
659 2509 855 2562 deesse.
890 2508 1102 2561 Etenim
1145 2517 1193 2560 et
1234 2507 1380 2560 nobis
1430 2507 1735 2560 nuntiatum
1770 2514 1867 2571 est,
1906 2522 2083 2576 quem-

2193 2503 2307 2562 οὖν
2329 2508 2564 2578 μήποτε
2590 2514 3078 2580 καταλιπομένης
3102 2515 3465 2584 ἐπαγγελίας
3485 2517 3744 2571 εἰσελθεῖν

497 2598 779 2652 admodum
803 2608 851 2650 et
871 2598 998 2662 illis,
1020 2614 1137 2667 qua:
1155 2598 1460 2651 audierunt.
1486 2597 1827 2668 Ingredimur
1854 2598 1993 2650 enim
2029 2598 2083 2650 in

2193 2601 2279 2663 είς
2327 2599 2440 2665 τὴν
2497 2599 2884 2657 κατάπαυσιν
2928 2607 3136 2672 αὐτοῦ,
3171 2607 3345 2661 δοκεῖ
3392 2627 3480 2676 τις
3510 2610 3574 2673 ἐξ
3603 2608 3742 2678 ὑμῶν

498 2691 729 2758 requiem
757 2691 844 2759 qui
869 2691 1183 2743 credidimus
1217 2691 1281 2744 '“.
1312 2691 1379 2743 Et
1411 2699 1535 2760 post
1568 2705 1741 2758 pauca
1771 2705 1965 2744 rursus
1997 2689 2083 2743 in-

2193 2691 2614 2758 ὐστερηκέναι·
2649 2694 2749 2748 καί
2782 2695 2890 2763 γάρ
2926 2697 3112 2764 ἐσμεν
3140 2701 3624 2770 εὐηγγελισμένοι
3661 2717 3744 2753 κα-

499 2780 602 2833 fert
635 2797 648 2832 :
686 2779 1014 2833 Festinemus
1059 2797 1179 2849 ergo
1227 2780 1431 2850 ingredi
1460 2782 1515 2833 in
1554 2775 1708 2833 illum
1738 2781 1991 2850 requiem,
2026 2790 2083 2833 ut

2195 2781 2381 2850 θὰπερ
2409 2783 2694 2839 κάκεῖνον
2744 2787 2882 2840 ἀλλ’
2906 2791 3018 2842 οὐκ
3038 2789 3362 2858 ὠφέλησεν
3384 2796 3416 2846 o’
3456 2794 3626 2862 λόγος
3654 2791 3744 2857 τῆς

499 2889 563 2924 ne
594 2874 647 2925 in
689 2875 858 2942 ipsum
889 2875 1005 2942 quis
1033 2875 1232 2927 incidat
1259 2873 1648 2927 incredulitatis
1689 2871 1988 2944 exemplum
2012 2875 2081 2929 ⁷³.

2193 2873 2384 2941 ἀκοῆς
2401 2874 2672 2942 ἐκείνους
2689 2877 2774 2947 μὴ
2799 2884 3284 2952 συγκεκραμένος
3312 2882 3386 2954 τῇ
3419 2887 3608 2938 πίστει
3640 2883 3743 2949 τοῖς

497 2967 629 3032 Qum
659 2979 844 3022 autem
877 2969 982 3022 alia
1011 2977 1097 3022 est
1120 2966 1564 3022 Christianorum
1603 2968 1846 3036 requies,
1882 2983 1913 3022 a
1947 2983 2078 3037 per-

2193 2967 2558 3020 ἀκούσασιν’
2583 2971 2969 3040 είσερχόμεθα
2998 2977 3104 3043 γὰρ
3134 2979 3222 3041 είς
3253 2976 3372 3046 τὴν
3400 2979 3744 3031 κατάπαυσιν

499 3060 637 3113 lecta
665 3060 1144 3129 perturbationum
1163 3058 1231 3113 ad
1259 3070 1546 3128 peccatum
1577 3059 1913 3114 trahentium
1943 3061 2083 3117 libe-

2195 3060 2250 3111 οἱ
2306 3061 2771 3126 πιστεύσαντες⁸
2822 3064 2915 3115 καὶ
2964 3067 3083 3134 μετ’
3113 3065 3264 3133 ὀλίγα
3309 3068 3470 3122 πάλιν
3503 3070 3741 3139 ἐπιφέρει·

501 3150 735 3214 ratione,
763 3159 926 3220 atque
957 3167 986 3204 a
1018 3149 1332 3219 plenissima
1356 3159 1412 3204 et
1443 3149 1649 3204 efﬁcaci
1681 3149 1810 3204 boni
1839 3151 2079 3219 Spiritus

2199 3153 2648 3221 Σπουδάσωμεν
2677 3152 2791 3207 οὖν
2821 3157 3120 3210 εἰσελθεῖν
3145 3162 3231 3226 είς
3259 3160 3508 3229 ἐκείνην
3544 3163 3646 3226 τὴν
3664 3177 3746 3212 κα-

504 3243 558 3294 in
587 3257 723 3311 puro
760 3241 925 3296 corde
970 3241 1352 3294 habitatione?
1405 3241 1703 3309 PrOpterea
1729 3249 1785 3293 et
1817 3241 2083 3296 inducens

2193 3240 2510 3309 τάπαυσιν,
2554 3246 2654 3298 ἵνα
2685 3245 2770 3314 μὴ
2811 3247 2880 3299 ἐν
2926 3247 3005 3314 τῷ
3051 3250 3211 3316 αὐτῷ
3260 3270 3356 3316 τις
3388 3253 3744 3323 ὑποδείγματι

503 3344 694 3382 rursus
746 3345 841 3383 eos
892 3328 959 3381 ad
1017 3329 1202 3391 ﬁdem,
1256 3328 1332 3382 ait
1382 3344 1396 3380 :
1445 3327 1764 3380 Accedamus
1805 3344 1924 3380 cum
1962 3345 2083 3381 vero

2193 3334 2486 3403 περιπέσῃ
2537 3335 2647 3404 τῆς
2684 3338 3005 3405 ἀπειθείας.
3047 3342 3144 3405 Τίς
3190 3343 3246 3396 δὲ
3301 3346 3634 3405 Χριστιανῶν
3661 3362 3743 3397 κα-

501 3419 653 3471 corde
677 3419 732 3470 in
761 3417 1084 3488 plenitudine
1108 3419 1262 3486 ﬁdei,
1297 3419 1499 3489 aspersi
1536 3417 1695 3470 corda
1718 3436 1748 3471 a
1771 3420 2083 3472 conscientia

2193 3397 2665 3497 τάπαυσιςηέτέρα,
2700 3428 2730 3498 ἢ
2763 3430 2871 3483 τῶν
2903 3397 3001 3500 τῖγς
3037 3397 3315 3504 ἁμαρτίας
3351 3397 3594 3505 παθῶνὴ
3634 3436 3745 3488 ἀπο-

503 3509 650 3564 mala
689 3511 753 3564 ⁷³.
787 3511 856 3564 Ει
888 3511 1089 3564 iterum
1125 3529 1137 3562 :
1173 3509 1384 3574 Quanto
1425 3510 1595 3579 magis
1640 3511 1859 3578 sanguis
1891 3508 2083 3562 Christi

2193 3513 2478 3583 λύτρωσις,
2529 3518 2625 3572 καὶ
2673 3520 2706 3588 ἡ
2755 3520 3103 3594 πληρεστάτη
3140 3525 3234 3577 καὶ
3263 3526 3495 3598 ἐνεργὴς
3524 3527 3612 3581 τοῦ
3636 3529 3746 3595 ἁγα-

501 3602 804 3656 emundabit
845 3604 1220 3655 conscientiam
1267 3610 1502 3655 nostram
1557 3601 1620 3654 ab
1665 3601 1904 3670 operibus
1939 3617 2083 3654 mor-

2293 3574 2302 3583 -
2440 3574 2476 3581 --
2694 3574 2706 3588 ι
2853 3574 2881 3591 ι.
3009 3574 3033 3576 ν
3092 3574 3103 3594 .
3266 3574 3493 3598 τηρ-μ
3535 3574 3607 3581 ---
3637 3574 3723 3595 —.—

2193 3605 2285 3657 θοῦ
2335 3607 2649 3676 Πνεύματος
2708 3613 2766 3663 ἐν
2816 3615 2880 3684 τῇ
2923 3615 3141 3686 καθαρᾷ
3201 3619 3404 3688 καρδίᾳ
3460 3622 3741 3688 ἐνοίκησις;

503 3697 602 3748 tuis
649 3696 718 3748 ad
768 3695 1099 3749 serviendum
1152 3693 1260 3748 Deo
1294 3696 1407 3749 vivo
1459 3702 1507 3747 et
1541 3710 1663 3747 vero
1692 3693 1771 3746 ’δι
1814 3692 2083 3746 Convenit

2193 3697 2360 3768 ταύτῃ
2391 3715 2473 3751 τοι
2507 3701 2601 3753 καὶ
2641 3702 2851 3770 ἐνάγων
2884 3706 3082 3770 αὐτοὺς
3107 3709 3268 3762 πάλιν
3305 3713 3443 3783 πρὸς
3466 3713 3560 3782 τὴν
3591 3711 3746 3764 πίστιν

503 3789 671 3856 igitur
697 3788 1074 3841 annuntiatam
1105 3803 1202 3856 per
1242 3787 1359 3841 haec
1405 3786 1576 3842 verba
1615 3787 1942 3840 immensam
1988 3783 2083 3837 Dei

2193 3790 2344 3857 φησι·
2385 3794 2849 3861 Προσερχώμεθα
2889 3799 3015 3867 μετ’
3057 3801 3363 3872 ἀληθινῆς
3413 3805 3649 3874 καρδίας
3689 3802 3744 3855 ὲν

500 3894 628 3948 erga
656 3879 908 3933 homines
945 3879 1340 3949 benignitatem
1369 3879 1619 3934 conﬁteri
1651 3893 1770 3942 nos,
1801 3888 1862 3932 ut
1896 3892 2083 3932 servos

2193 3883 2561 3950 πληροφορίᾳ
2588 3887 2868 3954 πίστεως,
2906 3889 3367 3961 ἐῤῥαντισμένοι
3397 3897 3503 3960 τὰς
3531 3894 3744 3963 καρδίας

504 3967 725 4034 ﬁdeles;
772 3978 828 4022 et
880 3985 1008 4024 vera
1039 3969 1304 4040 ﬁrmaque
1355 3980 1618 4040 reputare
1647 3987 1769 4040 qua:
1815 3969 2083 4038 promissa

2193 3969 2308 4023 ἀπὸ
2359 3973 2773 4042 συνειδήσεως
2801 3994 2898 4030 ποι
2919 3978 3189 4046 ηρᾶς,κα“ι
3211 3982 3391 4047 αὖθις·
3426 3987 3593 4048 Πόσῳ
3615 3981 3743 4053 μᾶλ-

503 4069 654 4125 suut,
718 4069 777 4114 ut
827 4061 1179 4130 quantumvis
1227 4071 1450 4130 propter
1497 4060 1762 4131 propositi
1807 4059 2083 4130 pigritiam

2193 4066 2305 4115 λον
2334 4064 2401 4117 τὸ
2437 4062 2579 4134 αἷμα
2606 4067 2720 4122 τοῦ
2754 4068 2966 4138 Ἰησοῦ
2995 4075 3268 4142 καθαριεῖ
3281 4077 3399 4143 τὴν
3420 4077 3744 4141 συνείδησιν

502 4160 558 4204 et
611 4151 988 4206 inﬁrmitatem
1030 4167 1142 4205 non
1179 4167 1408 4220 prorsus
1460 4167 1561 4206 nos
1610 4153 1780 4206 semel
1831 4151 1885 4205 in
1919 4167 2083 4206 omne

2193 4150 2358 4219 ὑμῶν
2411 4153 2530 4206 ἀπὸ
2563 4154 2795 4223 νεκρῶν
2829 4159 3039 4228 ἔργων,
3075 4165 3162 4229 είς
3204 4164 3271 4217 τὸ
3307 4168 3615 4233 λατρεύειν
3646 4160 3744 4225 Θεῴ

504 4256 720 4314 tempus
771 4244 1019 4298 Creatori
1071 4243 1428 4313 praebuimus,
1491 4259 1671 4313 neque
1723 4242 1792 4296 ad
1861 4258 2083 4314 magnas

2193 4241 2358 4302 ζῶντι
2389 4245 2488 4298 καὶ
2533 4247 2800 4314 ἀληθινῷ
2819 4251 2839 4303 !
2872 4253 3146 4325 Προσήκει
3184 4258 3387 4322 τοίνυν,
3425 4259 3520 4328 τὴν
3555 4259 3632 4312 διὰ
3657 4256 3746 4308 τῶν

500 4344 559 4389 ct
609 4336 882 4404 periectas
955 4335 1177 4388 virtutis
1233 4332 1596 4402 aspiravimns
1658 4346 1995 4386 mensuras:
2029 4341 2083 4388 at

2194 4337 2456 4405 ῥημάτων
2503 4339 2708 4393 τούτων
2745 4343 3160 4418 ἐπηγγελμένην
3202 4349 3293 4401 τοῦ
3349 4352 3484 4404 Θεοῦ
3523 4350 3645 4421 πρὸς
3670 4347 3745 4398 ἀν’

502 4429 741 4496 aliquam
799 4428 992 4482 saltem
1063 4425 1500 4480 miscricordiam
1555 4425 1627 4479 ob
1693 4425 2083 4479 rectitudinem

2195 4427 2444 4498 θρώπους
2500 4432 2738 4503 ἄμετρον
2791 4435 3103 4508 ἀγαθότητα
3156 4441 3547 4512 καθομολογεῖν
3584 4441 3743 4512 ἡμᾶς,

506 4518 813 4572 irrellexam
857 4516 1202 4578 intentionis.
1251 4526 1309 4572 et
1361 4530 1550 4570 sanam
1584 4515 1768 4580 ﬁdem,
1819 4517 2083 4586 consequi

2193 4517 2281 4573 οἶα
2309 4520 2529 4583 δούλους
2562 4525 2933 4595 εὐγνώμονας,
2967 4531 3060 4583 καὶ
3091 4533 3264 4604 ἀληθῆ
3293 4537 3388 4589 καὶ
3416 4536 3600 4606 βέϐαια
3622 4529 3743 4597 λογί-

502 4610 798 4680 possimus.
2119 4603 2160 4657 Ι)
2191 4611 2380 4674 ζεσθαι
2403 4613 2469 4665 τὰ
2506 4616 2916 4686 ἐπηγγελμέναο
2943 4621 3031 4674 ἵνα
3055 4626 3158 4676 xiv
3182 4603 3272 4677 ﬁtﬁt
3295 4603 3528 4680 νωθείαν
3552 4628 3582 4695 ἢ
3608 4620 3746 4677 deiti-

503 4725 660 4762 νειαν
700 4706 1077 4778 προαιρέσεως
1135 4706 1208 4776 μὴ
1265 4703 1521 4770 καθάπαξ
1580 4704 1808 4767 ἑαυτοὺς
1863 4703 1941 4771 τῷ
2005 4706 2330 4776 πεποιηκότι
2379 4709 2748 4779 παρέσχομεν,
2786 4715 2918 4784 μηδέ
2949 4716 3057 4768 τῶν
3117 4719 3367 4786 μεγάλων
3425 4718 3517 4770 καὶ
3560 4711 3749 4767 τελείαν

502 4799 602 4868 τῆς
663 4798 863 4868 ἀρετῆς
933 4797 1406 4866 ἀντεποιησάμεθα
1489 4797 1735 4866 μέτρων·
1815 4794 1928 4846 ἀλλ’
1985 4791 2077 4847 οὖν
2137 4799 2199 4863 γέ
2259 4815 2400 4862 τινος
2467 4801 2648 4865 ἐλέους
2691 4803 2778 4857 διὰ
2827 4806 2888 4858 τὸ
2939 4808 3098 4878 ὀρθὸν
3150 4810 3243 4862 καὶ
3296 4805 3748 4880 ἀδιάστροφοντιῦ

505 4891 874 4960 φρονήματος,
917 4889 1012 4942 καὶ
1062 4886 1161 4957 τὴν
1210 4888 1338 4955 ὑγιῆ
1383 4887 1567 4938 πίστιν
1621 4883 2013 4948 ἐπιτεύξασοαι
2044 4884 2378 4956 δυνηθῶμεν.

573 4984 713 5038 XIV.
737 4983 1012 5039 Orationis
1035 4993 1091 5038 et
1112 4981 1268 5036 verbi
1296 4996 1435 5051 opus
1460 4981 1566 5034 rite
1586 4994 1651 5032 ac
1680 4978 2074 5032 convenienter

505 5076 830 5139 exercitum,
860 5090 1024 5144 supra
1065 5089 1284 5128 omnem
1326 5073 1588 5126 virtutem
1621 5077 1678 5124 et
1722 5083 1885 5123 omne
1931 5086 2083 5124 man-

506 5170 694 5222 datum
741 5166 979 5219 excellit.
1011 5163 1188 5235 Hujus
1221 5163 1300 5218 rei
1346 5163 1499 5216 testis
1543 5161 1658 5229 ipse
1681 5167 1764 5212 est
1796 5160 2081 5214 Dominus.

505 5261 642 5316 Cum
694 5259 843 5314 enim
892 5259 950 5312 in
1003 5257 1225 5312 Marthae
1293 5273 1356 5312 ac
1409 5255 1591 5309 Maria:
1642 5253 1958 5308 divertisset
1989 5253 2088 5308 do-

509 5368 657 5406 mum
678 5352 743 5415 ",
774 5359 828 5404 el
857 5349 1068 5402 Martha
1105 5349 1253 5403 circa
1284 5347 1658 5400 ministerium
1685 5354 1970 5413 occupata,
1997 5345 2082 5397 in-

509 5446 668 5500 terim
699 5444 828 5497 dum
859 5441 1024 5495 Maria
1055 5441 1120 5493 ad
1161 5440 1328 5508 pedes
1359 5439 1577 5492 Domini
1619 5437 1837 5500 sedens,
1869 5437 2088 5490 ambro-

510 5537 588 5590 sia
619 5534 818 5588 divina:
853 5533 998 5586 illius
1023 5532 1218 5601 lingua:
1241 5530 1396 5599 quasi
1417 5531 1660 5584 snavitcr
1690 5529 1920 5598 epulans
1938 5528 2087 5581 frue-

515 5625 694 5688 batur,
729 5633 1050 5694 quereretur
1079 5623 1146 5678 dc
1176 5639 1386 5685 sorore,
1413 5622 1559 5691 quod
1585 5622 1759 5690 ipsam
1791 5634 1900 5673 non
1929 5620 2084 5689 adju-

582 5739 624 5769 ‘9
667 5738 832 5791 Hebr.
861 5754 940 5797 Ill,
970 5737 1055 5790 1‘2.
1153 5738 1198 5769 7°
1236 5735 1378 5790 ibid.
1411 5735 1496 5802 lG,
1544 5737 1628 5789 i9.

517 5804 556 5837 "
599 5807 731 5860 Luc.
783 5824 832 5870 Χ,
884 5808 974 5861 38.

1709 5735 1752 5767 ⁷¹
1796 5733 1960 5788 llebr.
2026 5750 2096 5798 Iv,
2132 5735 2245 5790 l-ﬁ.
2314 5738 2356 5768 ⁷⁸
2399 5738 2531 5792 ibid.
2591 5739 2668 5795 li.

2263 4981 2356 5034 Μ’.
2395 4983 2467 5035 Τὸ
2503 4986 2600 5054 τῆς
2631 4987 2796 5056 εὐχῆς
2840 4989 2935 5042 καὶ
2968 4989 3059 5041 τοῦ
3117 4991 3274 5057 λόγου
3318 4992 3480 5063 ἔργον
3515 4988 3749 5061 ἁρμοζόν·

2190 5089 2296 5136 τως
2349 5076 2788 5147 ἐπιτελούμενον,
2831 5081 3010 5151 πάσης
3060 5085 3260 5155 ἀρετῆς
3302 5103 3360 5138 τε
3413 5087 3507 5138 καὶ
3558 5081 3750 5146 ἐντολῆς

2193 5163 2449 5234 ὑπεράνω
2518 5169 2679 5223 τελεῖ.
2740 5172 2850 5224 Καὶ
2896 5174 3083 5226 τούτου
3135 5178 3340 5246 μάρτυς
3376 5177 3554 5241 αὐτός’
3588 5171 3750 5236 ἐπειίὴ

2192 5255 2299 5325 γὰρ
2321 5258 2399 5319 εἰς
2423 5258 2517 5328 τὴν
2549 5261 2724 5313 οἰκίαν
2750 5263 2985 5334 Μάρθας
3013 5268 3361 5336 τε,φημὶ,καὶ
3395 5269 3603 5338 Μαρίας
3627 5279 3748 5331 παρ-

2195 5347 2379 5410 έδαλεν
2409 5350 2507 5418 τῆς
2538 5351 2635 5419 μὲν
2668 5353 2897 5422 Μάρθας
2936 5362 3062 5427 περὶ
3095 5359 3190 5426 τὴν
3219 5359 3488 5411 διακονίαν
3522 5353 3747 5424 ἀσχολου-

2195 5437 2381 5505 μένης,
2420 5439 2634 5506 Μαρίας
2657 5441 2713 5492 δὲ
2751 5445 2877 5512 περὶ
2906 5447 3029 5507 τοὺς
3064 5447 3227 5499 αὐτοῦ
3262 5449 3426 5511 πόδας
3473 5441 3745 5510 καθεζομέ-

2192 5547 2307 5597 νης,
2345 5531 2436 5582 καὶ
2484 5535 2550 5602 τῇ
2590 5534 2866 5606 ἀμϐροσίᾳ
2924 5539 3022 5607 τῆς
3084 5539 3232 5603 θείας
3291 5536 3743 5607 ἐκείνης-γλώττης

2196 5623 2610 5694 εὑωγοεμένηςν
2641 5631 2998 5698 μεμφομένης
3050 5632 3222 5701 αὐτῆς
3268 5633 3365 5702 τῆς
3399 5632 3638 5697 eiad-sis.
3675 5624 3742 5690 δτι

2751 5740 2793 5772 ⁷³
2831 5742 3000 5798 llcbr.
3053 5760 3105 5810 Χ,
3136 5747 3226 5800 ‘29..
3305 5746 3346 5777 ⁷³
3389 5745 3639 5806 llebr.1x,
3669 5736 3736 5789 H-
