3980 6424
308 308 411 371 865
1174 307 1411 368 LIBER
1449 308 1547 367 DE
1586 306 1993 369 PATIENTIA
2035 307 2130 367 ET
2169 258 2697 368 DISCRETIONE.
3456 313 3565 377 866

308 416 379 488 μὴ
414 417 740 489 συμπράττῃ
768 414 959 483 ταῦτα,
992 417 1085 471 xui.
1118 418 1207 471 διὰ
1246 418 1404 470 τοῦτο
1456 417 1677 487 Χριστῷ
1703 433 1875 486 προσ-

1990 429 2157 482 varet,
2218 434 2281 473 ac
2332 429 2558 488 propter
2591 421 2645 474 id
2673 421 2740 475 ad
2780 420 3061 479 Christum
3090 428 3438 495 accessisset,
3472 431 3562 487 illo

303 507 580 579 ελθούσης,
613 510 773 572 αὐτὸς
818 512 881 562 τὸ
934 508 1268 581 κυριώτερον
1313 509 1407 562 τοῦ
1456 510 1712 579 δευτέρου
1745 525 1875 579 προ-

1992 508 2295 577 principale
2340 509 2651 563 accessorio
2696 512 3016 580 praeferens,
3067 518 3306 581 Martha,
3360 520 3560 588 inquit,

304 599 434 665 θεὶς,
451 599 679 667 Μάρθα,
702 600 828 669 ἔφη,
862 600 1153 670 μεριμνᾷς
1182 601 1280 654 καὶ
1306 599 1557 667 τυρϐάζῃ
1582 604 1713 667 περὶ
1739 602 1876 652 πολ-

1992 600 2216 652 sollicita
2242 616 2315 665 es,
2343 611 2387 652 et
2417 602 2646 655 turbaris
2674 618 2799 672 erga
2827 604 3057 673 plurima
3082 623 3101 660 :
3124 625 3281 677 porro
3303 628 3469 665 unum
3490 622 3564 668 est

301 690 404 744 λά·
463 691 602 758 ἐνὸς
648 691 716 745 δέ
765 692 897 746 ἐστι
940 695 1129 763 χρειω
1165 693 1365 761 Μαρία
1409 692 1477 744 δὲ
1506 692 1622 759 τὴν
1650 690 1873 759 ἀγαθὴν

1992 692 2363 745 necessarium.
2394 690 2565 744 Maria
2592 695 2846 762 optimam
2874 705 3079 764 partem
3105 698 3277 768 elegit,
3314 717 3431 769 qua
3460 720 3564 756 non

294 781 511 849 μερίδα
539 782 884 847 ἐξελέξατο,
928 784 1060 851 ἣτις
1113 786 1225 837 οὐκ
1272 783 1737 851 ἀφαιρεθήσεται
1778 783 1864 835 ἀπ

1992 782 2259 850 auferetur
2287 782 2351 835 ab
2378 797 2442 835 ea
2466 782 2529 835 ".
2568 781 2681 837 Hoc
2712 792 2895 838 autem
2926 785 3084 847 dixit,
3123 797 3186 842 ut
3217 792 3427 858 prazl'ati
3470 808 3564 848 su-

298 871 507 939 αὐτῆς.
538 872 713 925 Τοῦτο
736 873 794 926 δὲ
820 874 1060 943 εἴρηκεν,
1092 873 1167 937 ὡς
1207 873 1307 944 ἔφη
1317 890 1435 943 μεν,
1461 874 1560 941 οὐχ
1590 873 1665 936 ὡς
1694 872 1755 925 τὸ
1780 874 1870 942 τῆς

1992 887 2127 936 mus,
2163 889 2272 927 non
2294 882 2355 927 ut
2380 874 2671 929 ministerii
2699 891 2838 945 opus
2862 878 3211 946 reprobaret;
3240 882 3335 936 sed
3368 894 3427 938 ut
3450 900 3564 940 ma-

298 962 572 1025 διακονίας
616 963 776 1033 ἔργον
815 965 1269 1035 ἀποποιούμενος,
1318 964 1433 1016 ἀλλ’
1464 964 1539 1025 ὡς
1582 965 1640 1015 τὸ
1690 959 1870 1031 μεῖζον

1989 964 2075 1034 jus
2107 963 2266 1032 179
2293 962 2493 1017 minori
2517 975 2883 1033 praeponeret.
2907 968 3203 1023 Enimvero
3228 972 3315 1025 cui
3340 974 3561 1030 tandem

298 1047 518 1112 πάντως
568 1049 663 1102 τοῦ
710 1050 993 1114 ἐλάττονος
1044 1051 1339 1121 προτιθείςο
1380 1052 1502 1105 ἐπεὶ
1554 1052 1670 1114 πῶς
1718 1051 1870 1113 αὐτὸς

1987 1055 2162 1108 videri
2217 1054 2391 1122 possit
2439 1056 2580 1109 male
2634 1057 2786 1109 illum
2817 1059 3059 1113 sensisse
3116 1062 3184 1115 de
3226 1064 3559 1132 ministerio,

295 1140 543 1209 ἠνείχετο
567 1140 665 1210 τῆς
690 1141 999 1208 διακονίας;
1030 1142 1147 1205 πῶς
1173 1144 1266 1195 καὶ
1299 1142 1601 1213 αὐτουργὸς
1628 1142 1867 1211 φαίνεται

1990 1145 2151 1213 cujus
2172 1144 2364 1213 utique
2399 1152 2679 1197 auctorem
2708 1154 2764 1199 et
2795 1149 3076 1216 exemplar
3102 1165 3160 1204 se
3193 1151 3372 1220 ipsum
3402 1154 3560 1207 exhi-

294 1233 486 1283 τούτου
526 1232 838 1301 γενόμενος,
869 1235 963 1287 καὶ
1003 1234 1129 1297 τοὺς
1170 1234 1337 1296 πόδας
1366 1234 1527 1301 νίψας
1554 1234 1662 1287 τῶν
1697 1233 1866 1303 μαθη-

1985 1233 2128 1297 buit,
2161 1234 2331 1302 pedes
2360 1234 2527 1288 etiam
2557 1234 2958 1304 discipulorum
2982 1239 3174 1293 lnvans
3208 1242 3290 1293 "’?
3321 1241 3557 1296 Tantum

292 1322 402 1375 τῶν
428 1339 443 1388 ;
479 1323 734 1376 τοσοῦτον
763 1324 817 1377 δὲ
843 1326 1219 1394 ἀποσχόμενος
1253 1325 1346 1377 τοῦ
1378 1324 1645 1389 κωλῦσαι,
1669 1326 1752 1378 ὃτι
1784 1324 1864 1377 κατ

1987 1324 2228 1393 profecto
2258 1324 2434 1379 abfuit
2476 1335 2537 1380 ut
2566 1326 2706 1379 illud
2750 1336 2983 1394 vetaret,
3012 1338 3074 1381 ut
3104 1330 3391 1400 discipulis
3421 1349 3559 1402 prae-

291 1415 385 1467 τδν
432 1415 547 1467 ῐσον
574 1415 778 1484 τρόπον
798 1408 944 1485 ’πρὸς
970 1415 1234 1486 ἀλλήλους
1267 1418 1444 1469 ποιεῖν
1470 1418 1583 1478 τοῖς
1615 1416 1863 1485 μαθηταῖς

1982 1416 2212 1482 ceperit,
2243 1414 2387 1469 idem
2422 1416 2678 1470 similiter
2715 1431 2842 1486 erga
2888 1433 3010 1472 sese
3045 1428 3239 1474 mutuo
3275 1436 3554 1479 exercere.

292 1504 664 1573 ἐγκελεύεται⁸
700 1506 761 1559 οὐ
794 1506 901 1576 μὴν
934 1507 1069 1560 ἀλλὰ
1115 1508 1210 1560 καὶ
1238 1507 1434 1570 αὐτοὺς
1466 1508 1721 1578 εὑρήσεις
1750 1507 1864 1567 τοὺς

1986 1504 2123 1570 Quin
2154 1513 2210 1559 et
2252 1506 2400 1574 ipsos
2449 1507 2698 1561 invenies
2730 1508 3031 1576 apostolos,
3069 1513 3289 1578 quando
3316 1515 3558 1582 primum

291 1590 647 1657 ἀποστόλους,
681 1594 842 1663 ἡνίκα
876 1595 1141 1665 πρότερον
1174 1595 1302 1662 περὶ
1332 1594 1429 1664 τὴν
1452 1592 1559 1646 τῶν
1589 1592 1863 1663 τραπεζῶη

1985 1595 2126 1650 circa
2178 1612 2491 1650 mensarum
2535 1598 2905 1653 ministerium
2949 1602 3295 1669 laborabant,
3331 1606 3557 1673 praelato

288 1682 586 1736 ἐπονοῦντο
631 1684 930 1751 διακονίαν,
966 1685 1061 1739 τοῦ
1113 1686 1357 1755 μείζονος
1392 1686 1553 1755 ἔργου
1584 1686 1860 1755 πρόκρισιι

1985 1686 2113 1739 huic
2138 1687 2339 1754 potiori
2403 1702 2591 1757 opere,
2649 1692 2922 1745 orationis
2982 1693 3195 1748 scilicet
3242 1711 3308 1751 ac
3356 1698 3510 1767 verbi
3541 1739 3557 1763 ,

294 1774 582 1843 θεμένους,
611 1776 714 1844 τῆς
743 1778 928 1847 εὐχῆς,
971 1750 1137 1847 φημὶ,
1176 1778 1269 1830 καὶ
1302 1778 1397 1830 τοῦ
1423 1750 1593 1844 λόγου
1671 1750 1753 1830 Οιίν
1791 1776 1866 1829 δί-

1987 1777 2178 1833 dixisse
2216 1796 2228 1832 :
2280 1779 2401 1831 Non
2441 1788 2516 1833 est
2546 1796 2755 1851 aequum
2808 1800 2900 1836 nos
2936 1784 3297 1855 derelinquere
3343 1790 3559 1843 verbum

288 1882 469 1919 καιον
491 1867 620 1936 γὰρ,
647 1869 843 1937 φησιν,
875 1867 1033 1937 ἡμᾶς
1062 1869 1509 1934 καταλιπόντας
1544 1867 1653 1921 τόν
1695 1870 1860 1936 λόγω

1984 1871 2076 1925 Dei
2124 1884 2172 1925 et
2222 1875 2526 1928 ministrare
2567 1878 2779 1938 mensis,
2820 1877 2917 1932 sed
2964 1881 3243 1947 praemissa
3283 1883 3556 1949 oratione,

286 1956 400 2010 τοῦ
440 1955 589 2009 Θεοῦ
628 1956 937 2010 διακονεῖν
986 1956 1299 2025 τραπέζαις
1324 1972 1336 1987 ·
1392 1956 1508 2009 ἀλλ’
1563 1957 1855 2025 εὐξάμενοι

1988 1966 2116 2017 viros
2146 1965 2328 2033 plenos
2386 1964 2591 2034 Spiritu
2630 1976 2814 2021 sancto
2860 1972 3238 2024 constituamus
3286 1988 3442 2043 super
3466 1974 3560 2027 hoc

287 2045 521 2110 ἄνδρας
566 2046 819 2113 πλήρεις
855 2047 1201 2115 Πνεύματος
1260 2047 1434 2115 ἁγίου
1485 2044 1859 2113 καταστήσω

1986 2068 2145 2122 opus;
2180 2070 2271 2107 nos
2303 2070 2423 2107 vero
2450 2058 2683 2110 orationi
2709 2067 2756 2111 et
2783 2060 3075 2113 ministerio
3120 2062 3262 2115 verbi
3301 2064 3558 2118 instantes

282 2152 407 2203 μεν
438 2136 538 2187 ἐπὶ
571 2133 682 2203 τῆς
711 2134 1019 2200 διακονίας
1047 2136 1269 2202 ταύτης
1296 2150 1308 2162 ·
1344 2134 1515 2203 ἡμεῖς
1544 2134 1611 2187 δὲ
1649 2133 1722 2202 τῇ
1756 2135 1851 2186 δια

1984 2147 2174 2199 erimus
2212 2146 2275 2199 ⁷⁸.
2324 2147 2508 2211 Vides,
2552 2155 2614 2202 ut
2660 2148 2839 2217 prima
2873 2151 3132 2206 secundis
3170 2154 3556 2222 praetulerint:

287 2226 472 2292 κονίᾳ
510 2224 619 2278 τοῦ
656 2226 845 2295 λόγου
894 2226 993 2279 καὶ
1032 2225 1106 2293 τῇ
1146 2224 1458 2294 προσευχῇ
1508 2239 1859 2293 προσκαρτε·

1989 2247 2265 2305 utcunque
2297 2254 2404 2292 non
2436 2238 2779 2308 ignorarent,
2823 2242 2989 2297 unius
3013 2251 3245 2313 utraque
3273 2244 3433 2300 bona:
3470 2260 3561 2299 ra-

279 2317 507 2387 ρῶμεν.
542 2319 725 2388 Ὁρᾷς,
756 2319 904 2381 ὅπως
932 2320 1000 2372 τὰ
1045 2318 1239 2390 πρῶτα
1283 2317 1390 2370 τῶν
1428 2318 1695 2388 δευτέρων
1740 2336 1846 2389 προ

994 2337 1000 2372 ι
1045 2318 1239 2390 πρῶτα
1283 2317 1390 2370 τῶν
1428 2318 1695 2388 δευτέρων
1740 2336 1875 2389 προ·
1983 2324 2123 2378 dicis
2146 2340 2268 2380 esse
2299 2327 2566 2397 germina.

289 2408 543 2479 ἑκριναν,
588 2409 789 2479 καίπερ
842 2410 1128 2479 ἀμφότερα
1167 2410 1296 2479 μιᾶς
1351 2408 1562 2480 ἀγαθῆς
1595 2410 1750 2481 ῥίζης
1777 2410 1877 2463 οὐκ

286 2498 619 2568 ἀγνοοῦντες
640 2495 781 2555 εἶναι
806 2500 1183 2571 βλαστήματα.

293 2672 349 2704 ⁷⁸
386 2672 519 2734 Luc.
569 2690 622 2737 x,
654 2676 743 2732 41.
836 2675 881 2709 ⁷⁷
934 2676 1092 2731 Joan.
1154 2688 1265 2740 xm,
1293 2676 1349 2729 5.
1419 2673 1465 2705 ⁷⁸
1525 2673 1644 2727 Act.
1698 2689 1769 2735 v1,
1828 2674 1947 2727 2-4.

444 3062 1637 3239 ΜΑΚΑΡΙΟΥ
1752 3064 2191 3236 ΤΟΥ
2322 3064 3425 3279 MEI‘AAOY

952 3342 1213 3428 ΠΕΡΙ
1286 3341 1926 3432 ΥΠΟΜΟΝΗΣ
2000 3348 2195 3431 ΚΑΙ
2273 3344 2919 3431 ΔΙΑΚΡΙΣΕΩΣ

1810 3526 2030 3578 ΛΟΓΟΣ

978 3886 1984 4044 MAGARII
2150 3819 2904 4046 MAG-NI

807 4183 971 4287 DE
1089 4180 1797 4299 ΡΑΤΙΕΝΤΙΛ
1928 4185 2092 4285 ΕΤ
2227 4184 2379 4284 1)Ιὲ

1505 4182 1797 4299 ΝΤΙΛ
1928 4185 2092 4285 ΕΤ
2227 4180 3077 4293 DISCRETIONE

1811 4390 2036 4469 LIBER.

372 4736 451 4790 A'.
484 4735 607 4798 Τοῖς
646 4734 962 4804 πειθαρχεῖν
1000 4732 1077 4805 τῷ
1110 4734 1253 4806 λόγῳ
1287 4734 1379 4789 τοῦ
1422 4731 1557 4787 Θεοῦ
1613 4733 1873 4804 βουλομέ-
1908 4739 1944 4800 ρ

2055 4737 2098 4790 1.
2126 4736 2230 4790 Eos
2280 4734 2374 4806 qui
2409 4734 2602 4788 volunt
2631 4733 2860 4789 obedire
2901 4736 2997 4791 Dei
3038 4736 3225 4800 verbo,
3273 4742 3328 4789 et
3355 4733 3561 4790 bonum

293 4847 430 4893 νοις,
458 4827 553 4881 καὶ
586 4826 789 4896 ἀγαθὸν
818 4825 1026 4896 καρπὸν
1064 4826 1476 4897 ἐργαζομένοις,
1509 4828 1708 4897 σημεῖα
1738 4843 1865 4897 παρ⁴

1987 4824 2224 4879 fructum
2274 4824 2505 4889 faciunt,
2568 4821 2684 4877 inec
2732 4834 3043 4895 sequuntur
3095 4826 3247 4895 signa
3305 4840 3321 4879 :
3377 4825 3559 4894 suspi-

294 4919 582 4974 ακολουθεῖ
608 4917 783 4971 ταῦτα
809 4932 825 4948 ’
876 4918 1201 4988 στεναγμὸς,
1236 4916 1534 4987 κλαυθμὸς,
1585 4917 1866 4986 κατήφεια

1988 4917 2153 4981 rium,
2212 4916 2486 4985 planctus,
2549 4914 2831 4977 maestitia,
2887 4914 3066 4984 quies,
3119 4914 3317 4983 capitis
3366 4916 3557 4979 motio,

296 5009 526 5080 ἡσυχία,
558 5007 806 5077 κεφαλῆς
842 5006 1077 5075 κίνησις,
1112 5006 1409 5078 προσευχὴ,
1448 5006 1648 5077 σιωπὴ,
1686 5008 1868 5076 ὲπιμο-

1991 5010 2184 5073 oratio,
2219 5007 2524 5072 silentium,
2561 5007 2868 5062 constantia
2901 5007 2955 5060 in
2986 5007 3127 5071 loca,
3165 5007 3456 5063 dolorosus
3480 5011 3563 5063 lu-

294 5105 384 5173 νὴ,
416 5101 675 5172 ὀδυνηρὸν
706 5099 921 5162 πένθος,
966 5099 1126 5161 πόνος
1155 5100 1384 5169 καρδίας
1428 5100 1565 5171 ὑπὲρ
1599 5099 1866 5163 εὐσεϐείας

1988 5106 2135 5163 ctus,
2166 5098 2324 5153 labor
2355 5097 2540 5151 cordis
2566 5112 2663 5166 pro
2695 5097 2897 5165 pietate
2928 5106 3237 5165 susceptus.
3281 5097 3406 5153 Haac
3427 5115 3560 5154 vero

292 5194 609 5263 γενόμενος.
656 5191 737 5245 Τὰ
780 5190 837 5243 δὲ
877 5191 1037 5260 ἔργα⁹
1067 5190 1369 5261 ἀγρυπνία,
1400 5191 1643 5261 νηστεία,
1676 5190 1864 5259 ἐγκρά·

1986 5203 2151 5258 Opera
2181 5206 2192 5239 :
2222 5188 2440 5257 vigiliae,
2465 5187 2758 5257 jejunium,
2786 5187 3148 5251 continentia,
3171 5192 3558 5253 mansuetudo,

293 5303 437 5347 τεια,
472 5283 741 5352 πραότης,
781 5281 1157 5351 μακροθυμία,
1195 5278 1537 5343 ἀδιάλειπτος
1570 5280 1865 5351 προσευχὴ,

1988 5280 2393 5350 longanimitas,
2429 5278 2607 5333 oratio
2633 5293 2744 5331 non
2786 5278 3122 5342 intermissa,
3158 5280 3442 5337 meditatio
3474 5284 3560 5338 di-

301 5375 499 5447 μελέτη
540 5374 650 5427 τῶν
682 5372 843 5426 θείων
878 5371 1131 5443 Γραφῶν,
1163 5371 1363 5435 πίστις,
1397 5372 1742 5436 ταπείνωσις,
1786 5389 1873 5439 φι-

1994 5372 2235 5425 vinarum
2290 5370 2720 5439 Scripturarum,
2772 5370 2928 5434 ﬁdes,
2982 5370 3285 5437 humilitas,
3325 5372 3566 5432 Charitas

295 5466 579 5537 λαδελφία,
612 5466 881 5535 ὑποταγὴ,
915 5465 1095 5527 πόνος,
1118 5464 1479 5527 κακοπάθεια,
1512 5462 1721 5534 ἀγάπη,
1748 5466 1867 5530 ἀγα·

1987 5462 2251 5525 fralcrna,
2296 5459 2582 5529 subjectio,
2642 5460 2818 5526 labor,
2893 5476 3185 5531 aperorum
3253 5465 3559 5531 perpessio,

298 5560 538 5629 θωσύνη,
576 5557 895 5627 κοσμιότης,
933 5556 1029 5610 καὶ
1062 5557 1124 5609 τὸ
1158 5555 1277 5609 ὅλον
1308 5555 1445 5625 φῶς,
1477 5556 1505 5609 ὅ
1534 5556 1683 5608 ἐστιν
1712 5557 1738 5606 ὁ
1769 5554 1870 5607 Κύ-

1992 5553 2251 5616 cbaritas,
2303 5550 2542 5615 bonitas,
2586 5552 2865 5617 honestas,
2898 5562 2955 5606 et
2989 5567 3151 5606 omne
3184 5552 3389 5618 lumen,
3419 5558 3564 5624 quod

300 5669 436 5726 ριος.
469 5649 592 5705 Τῶν
620 5650 675 5704 δέ
707 5666 771 5718 γε
829 5650 904 5718 μὴ
940 5647 1237 5701 ποιούντων
1268 5648 1478 5719 καρπὸν
1506 5646 1650 5717 ζωῆς
1682 5647 1872 5716 σημεῖά

1997 5653 2075 5699 est
2128 5644 2412 5698 Dominus.
2450 5643 2655 5698 Eorum
2696 5653 2877 5698 autem
2919 5643 3014 5714 qui
3060 5659 3168 5697 non
3205 5641 3417 5698 faciunt
3453 5645 3569 5701 fru-

299 5749 417 5799 ἑστι
444 5742 638 5799 ταῦτα·
671 5741 893 5811 ἀκηδία,
926 5738 1279 5811 μεθορισμδς,
1310 5740 1649 5812 περίϐλεψις,
1674 5740 1871 5809 ἀπροσ·

1997 5746 2139 5793 ctum
2171 5735 2314 5803 vitm,
2348 5734 2501 5805 signa
2532 5734 2649 5792 haec
2698 5744 2826 5791 sunt
2870 5753 2883 5791 :
2939 5734 3175 5795 incuria.
3206 5738 3569 5808 transgressio

626 5834 899 5894 Pamou
945 5835 1060 5895 Gn.
1107 5832 1373 5892 XXXIV.
3088 5824 3164 5889 28
