3980 6420
358 331 367 340 ’
455 368 559 433 867

1710 369 1770 429 S.
1809 369 2131 430 MACARII
2170 369 2492 429 JEGYPTII
3586 367 3670 428 808

472 484 621 538 ultra
670 483 970 547 terminos,
1015 481 1218 538 effusio
1246 490 1502 552 aspectus
1543 481 1598 536 in
1627 497 1820 537 omnes
1840 492 2042 553 partes,

2151 481 2291 546 εξία,
2323 479 2659 548 γογγυσμὸς,
2705 475 3010 544 κέπφωσις.
3043 476 3123 530 Τὰ
3150 475 3206 530 δὲ
3234 475 3383 546 ἔργαο
3409 477 3676 548 άδόηφαγία

457 575 815 646 negligentia,
851 572 1242 638 murmuratio,
1275 573 1414 629 levis
1445 573 1821 629 circumactio.
1861 573 2040 644 Opera

458 683 591 722 vero
624 685 637 721 :
670 667 982 733 'voracitas,
1013 667 1116 732 ira,
1149 665 1520 730 vehementia,
1558 666 1913 730 obtrectatio,
1948 675 2039 720 tu-

457 773 600 823 mor,
635 758 948 827 importuna
979 758 1304 828 loquacitas,
1336 757 1719 822 incredulitas,
1764 758 2042 813 instabili-

460 857 564 915 tas,
618 849 848 913 oblivio,
896 850 1164 914 turbatio,
1215 850 1354 905 lucri
1393 849 1603 905 sordidi
1643 851 1902 920 captatio,
1941 865 2043 922 pe-

459 941 634 998 cunia:
663 940 958 1010 cupiditas,
989 941 1285 1006 aemulatio,
1322 941 1627 1005 contentio,
1656 940 2041 1012 despicientia,

461 1033 766 1103 nugacitas,
807 1033 1229 1102 intempestivus
1274 1035 1443 1100 risus,
1492 1034 1798 1104 pertinacia
1845 1048 2046 1091 sensus

459 1124 700 1194 proprii;
730 1133 787 1178 et
814 1138 1006 1178 omnes
1040 1123 1303 1189 tenebrae,
1338 1140 1460 1194 qua:
1493 1134 1623 1180 sunt
1650 1125 1902 1183 Satanas.

529 1211 596 1265 ll.
629 1212 735 1266 Per
765 1226 994 1274 arcanae,
1026 1211 1120 1266 sed
1145 1213 1257 1266 Deo
1290 1212 1490 1283 digna,
1517 1214 1882 1283 providentiae
1910 1231 2046 1271 con-

460 1303 670 1368 silium,
701 1318 811 1358 non
845 1304 1031 1358 statim
1068 1304 1122 1358 in
1151 1304 1434 1359 decretam
1468 1305 1571 1376 ipsi
1599 1305 1907 1376 gehennam
1943 1307 2048 1361 im-

463 1398 585 1466 pius
617 1395 888 1461 mittitur,
936 1396 1033 1451 sed
1084 1396 1308 1451 interim
1339 1397 1561 1462 [sinitur
1590 1398 1681 1452 hic
1726 1399 1937 1462 vivere,
1987 1406 2048 1453 ut

462 1496 640 1554 vexet,
677 1503 742 1542 ac
779 1489 1033 1543 vexando
1064 1489 1263 1559 probet
1296 1489 1591 1555 homines;
1640 1497 1804 1558 atque
1833 1492 1928 1553 ita,
1961 1499 2048 1542 ut-

463 1591 685 1647 cunque
723 1592 835 1633 non
873 1579 1085 1644 volens,
1125 1579 1345 1644 efﬁciat,
1401 1589 1464 1634 ut
1498 1580 1671 1635 sancti
1717 1589 1966 1635 crescant
1993 1581 2046 1634 in

458 1669 673 1739 justitia
713 1685 813 1739 per
859 1670 1216 1740 patientiam;
1257 1686 1323 1726 ac
1366 1686 1465 1740 per
1503 1670 1606 1725 hoc
1648 1671 1871 1741 majoris
1916 1671 2050 1740 ipsis

463 1760 651 1830 gloria:
674 1776 838 1817 causa
867 1762 977 1826 sit;
1012 1762 1230 1832 sibique
1263 1763 1505 1818 vicissim
1535 1779 1635 1833 per
1663 1778 1817 1817 suam
1848 1763 2044 1816 volun-

465 1853 662 1908 tariam
694 1854 1127 1909 obstinationem
1149 1855 1205 1909 in
1233 1856 1496 1926 peccatis,
1529 1863 1586 1909 et
1609 1855 1910 1910 malitiosas
1933 1869 2048 1908 ma-

463 1943 810 2000 chinationes
873 1945 927 1999 in
982 1954 1221 2012 sanctos,
1271 1955 1424 2002 tanto
1462 1947 1666 2018 justius
1700 1945 2050 2015 inﬂigendam

464 2038 683 2107 probet,
713 2053 836 2107 qua:
872 2037 976 2108 ipsi
1004 2046 1280 2103 servatur,
1314 2053 1556 2108 poenam.
1578 2037 1871 2104 Nimirum,
1901 2037 2049 2108 quod

478 2129 704 2183 divinus
733 2129 1130 2198 aitApostolus
1176 2146 1190 2183 :
1242 2128 1306 2184 Ut
1347 2129 1444 2197 ﬁat
1478 2146 1642 2201 supra
1679 2130 1894 2184 modum
1935 2146 2051 2201 pec-

463 2230 591 2268 cans
618 2224 889 2285 peccatum
918 2217 985 2270 ".

538 2306 699 2376 180
736 2306 823 2360 Ill.
862 2305 1001 2361 Cum
1035 2307 1345 2378 decepisset
1380 2307 1650 2362 Adamum
1684 2308 1962 2374 inimicus,
1994 2317 2051 2364 et

463 2396 545 2452 sic
570 2412 696 2451 eum
727 2397 975 2452 dominio
1005 2413 1107 2453 suo
1145 2399 1517 2469 subjugasset,
1548 2399 1752 2468 eripuit
1779 2401 1852 2462 ei,
1885 2416 2048 2469 quam

465 2488 621 2556 prius
656 2487 912 2554 habebat,
957 2496 1329 2558 potestatem;
1364 2489 1437 2543 ita
1461 2489 1720 2558 princeps
1749 2490 1914 2558 hujus
1948 2505 2050 2545 saa-

463 2581 574 2635 culi
604 2580 914 2634 declaratus
935 2588 1039 2634 est.
1072 2581 1338 2650 Princeps
1361 2581 1632 2650 siquidem
1657 2581 1821 2651 hujus
1841 2582 2048 2646 sreculi,

463 2682 521 2728 et
539 2672 795 2726 dominus
821 2671 1070 2726 omnium
1096 2671 1392 2726 visibilium
1413 2672 1578 2727 homo
1599 2672 1668 2726 ab
1689 2672 1848 2727 initio
1873 2672 2052 2727 fuerat

464 2782 494 2818 a
525 2764 638 2818 Deo
663 2764 1020 2819 constitutus.
1041 2763 1158 2818 Non
1177 2764 1326 2818 enim
1352 2763 1770 2833 ipsiipnevalcre
1794 2763 1933 2833 ignis
1950 2779 2049 2832 po-

465 2863 631 2922 terat,
659 2869 771 2909 non
795 2870 924 2910 eum
963 2869 1104 2925 aqua
1143 2855 1486 2924 demergere.
1534 2871 1645 2908 non
1687 2855 1766 2909 illi
1799 2855 1915 2910 fera
1949 2871 2051 2909 no-

463 2959 611 3009 cere,
642 2960 756 3000 non
798 2960 959 3000 suum
989 2945 1043 2998 in
1078 2947 1198 3015 ejus
1227 2946 1475 3000 membra
1507 2962 1783 3000 venenum
1823 2947 2048 3002 noxium

465 3032 700 3100 quodvis
717 3032 918 3086 animal
935 3033 1268 3088 diffundere.
1298 3034 1373 3088 Ex
1397 3049 1507 3103 quo
1529 3047 1711 3089 autem
1731 3037 2046 3107 deceptioni

466 3123 795 3190 succubuit,
831 3123 1077 3194 prodidit
1116 3123 1400 3193 deceptori
1444 3126 1810 3196 principatum
1865 3145 2043 3184 suum.
2073 3161 2116 3223 Ο

469 3213 702 3291 Propter
743 3228 908 3283 quam
953 3229 1173 3268 causam
1225 3216 1370 3284 magi
1400 3226 1474 3285 ,ει
1514 3218 1957 3288 ρτεεειίεἰαιοι-εε,
1993 3231 2048 3275 et

465 3319 566 3374 per
581 3303 949 3368 adversariam
963 3303 1255 3360 eﬂicaciam
1272 3306 1428 3372 mira,
1449 3308 1561 3362 Deo
1577 3308 1658 3363 sic
1670 3312 2044 3382 permittente,

465 3404 788 3463 eperantur,
820 3395 1107 3451 venenatis
1130 3396 1478 3454 dominantes
1506 3399 1721 3463 bestiis,
1754 3401 2046 3472 ignemque

464 3496 518 3535 et
549 3497 720 3551 aquas
750 3483 868 3537 sine
899 3499 1038 3538 noxa
1070 3485 1393 3550 subeuntes,
1431 3496 1491 3543 ut
1541 3489 1748 3545 Jannes
1776 3500 1832 3546 et
1880 3493 2048 3548 Mam-

467 3574 593 3628 bres
621 3573 928 3629 adversarii
962 3576 1127 3632 Mosis
1177 3595 1191 3631 :
1246 3587 1307 3633 ut
1345 3580 1534 3636 Simon
1562 3583 1800 3654 principi
1824 3595 2047 3656 aposto-

460 3663 638 3717 lorum
672 3665 834 3718 Petro
857 3680 977 3720 sese
1005 3683 1171 3723 ausus
1201 3679 1287 3722 est
1313 3685 1614 3741 opponere.

535 3753 618 3806 iV.
649 3753 914 3809 Existimo
945 3755 1246 3823 diabolum,
1275 3761 1498 3828 quando
1531 3762 1923 3818 animadvertit
1945 3765 2046 3820 ite-

461 3861 584 3900 rum
617 3848 969 3918 etfttlgentem
1023 3849 1078 3902 in
1121 3849 1261 3906 facie
1291 3852 1456 3907 Mosis
1494 3855 1744 3910 eamdem
1790 3857 2044 3926 gloriam,

461 3955 626 4008 quam
670 3940 723 3993 in
774 3941 928 3994 vultu
975 3941 1168 3996 Adami
1219 3944 1458 4011 viderat,
1504 3962 1616 4000 non
1651 3964 1842 4017 parum
1873 3949 2046 4004 fuisse

462 4031 823 4098 perculsum;
861 4044 1052 4102 utpote
1091 4035 1218 4090 inde
1254 4039 1544 4106 augurium
1579 4039 1870 4095 ducentem
1898 4043 2047 4113 deje-

461 4121 663 4176 ctionis
691 4139 755 4176 ex
793 4139 893 4178 suo
945 4141 1135 4193 regno.
1192 4127 1337 4182 Nihil
1383 4138 1565 4184 autent
1616 4131 1867 4200 impedit,
1908 4136 2043 4204 quin

461 4215 706 4284 Apostoli
742 4216 950 4272 dictum
994 4217 1062 4272 ad
1098 4218 1149 4272 id
1187 4220 1489 4274 referamus
1539 4241 1553 4275 :
1601 4222 1856 4294 Regnavit
1903 4245 2042 4282 mors

462 4309 526 4361 ab
552 4308 725 4362 Adam
758 4325 922 4379 usque
959 4311 1029 4364 ad
1066 4311 1318 4381 Moysem,
1363 4315 1523 4368 etiam
1568 4317 1623 4368 in
1672 4333 1757 4371 eos
1804 4321 1892 4388 qui
1939 4338 2040 4374 non

459 4410 804 4471 peccaverunt
827 4403 892 4457 ⁸⁰.
929 4401 1128 4472 Opinio
1155 4404 1304 4458 enim
1344 4405 1462 4459 haec
1494 4423 1612 4461 mea
1639 4419 1745 4473 est,
1772 4411 2046 4480 glorifica-
2092 4455 2098 4458 .

2142 571 2301 642 ὀργὴ,
2339 571 2510 641 Θυμὸς
2533 612 2549 636 ,
2586 569 2893 622 καταλαλιὰ
2923 610 2940 635 ,
2993 569 3257 639 φυσίωσις
3279 610 3294 635 ,
3339 570 3673 640 άκαιρολογία,

2144 663 2390 727 ἀπιστία,
2417 661 2818 726 ἀκαταστασία,
2845 661 3006 730 λήθη,
3029 660 3262 730 ταραχὴ.
3283 661 3678 732 αἰσχροκέρδεια,

2143 753 2496 825 φιλαργυρία,
2547 752 2729 822 ζῆλος,
2787 753 2997 823 ἐρίθεια
3029 793 3046 818 ,
3093 752 3400 824 ὑπεροψία,
3452 753 3680 824 φλυαρία,

2143 848 2374 916 ἄκαιρος
2403 845 2599 913 γέλως,
2633 844 2960 912 ἐθελοδοξία,
2992 844 3090 900 καὶ
3115 845 3178 898 τὸ
3200 846 3306 900 πᾶν
3340 846 3538 913 σκότος,
3565 847 3683 918 ὅπερ

2145 937 2290 992 ἐστὶν
2317 939 2346 991 6
2377 938 2640 1000 Σατανᾶς.

2218 1207 2294 1264 B'.
2324 1208 2465 1262 Κατ’
2513 1208 2834 1277 οἰκονομίαν
2865 1206 3146 1280 Θειοτέραν
3181 1209 3333 1279 φησὶ,
3372 1211 3468 1263 οὐκ
3515 1211 3691 1276 εὐθέως

2149 1301 2229 1364 εἰς
2255 1301 2356 1370 τὴν
2399 1300 2777 1369 κληρωθεὶσαν
2817 1299 2967 1370 αὐτῷ
3011 1301 3238 1370 γέενναν
3265 1303 3294 1354 6
3327 1303 3551 1372 πονηρὸς
3577 1320 3692 1372 παρ-

2149 1391 2428 1462 επέμφθη⁶
2476 1391 2614 1446 ἀλλὰ
2666 1391 2903 1461 βασάνου
2940 1393 3036 1446 καὶ
3071 1391 3392 1464 δοκιμασίας
3432 1395 3581 1466 χάριν
3613 1395 3691 1448 τοῦ

2147 1499 2209 1536 τε
2240 1481 2552 1554 ἀνθρώπου,
2579 1485 2741 1554 φημὶ,
2771 1483 3026 1554 παρείθηο
3061 1485 3149 1537 ἶνα
3171 1485 3263 1538 καί
3293 1486 3436 1539 ἄκων
3453 1487 3693 1538 δικαιοτέ-

2153 1589 2278 1644 ρους
2313 1573 2410 1643 μὲν
2437 1575 2565 1636 τοὺς
2595 1565 2781 1640 ἁγίους
2827 1573 2919 1628 διὰ
2964 1573 3065 1642 τῆς
3100 1575 3375 1646 ὑπομονῆς
3400 1576 3693 1645 ἀπεργάση-

2149 1682 2259 1728 ται,
2287 1665 2382 1718 καὶ
2415 1665 2660 1734 μείζονος
2685 1664 2871 1727 αὐτοῖς
2910 1665 3066 1735 δόξης
3094 1669 3266 1726 aluo;
3296 1669 3552 1736 καταστῇ-
3589 1667 3696 1719 ἐαυ-

2151 1753 2229 1822 τῷ
2269 1753 2327 1806 δὲ
2376 1753 2537 1808 πάλιν
2595 1754 2684 1808 διά
2732 1755 2829 1824 τῆς
2892 1754 3025 1817 ἰδίας
3073 1754 3447 1818 ἐθελοκακίας,
3486 1754 3697 1807 καὶτῶν

2154 1845 2296 1898 κατὰ
2340 1846 2450 1898 τῶν
2485 1845 2655 1914 ἁγίων
2698 1845 2954 1899 ἐπινοιῶν
2980 1846 3322 1917 δικαιοτέραν
3348 1847 3698 1915 κατασκευάσῃ

2152 1938 2250 2006 τὴν
2280 1937 2537 1990 κόλασινο
2585 1937 2694 1993 Καὶ
2732 1939 2868 2000 ἵνα,
2902 1941 3068 2008 φησὶν
3121 1939 3150 1990 6
3190 1939 3333 2001 Θεῖος
3375 1936 3700 2002 Ἀπόστολος,

2153 2027 2283 2082 καθ’
2327 2027 2677 2096 ὑπερϐολὴν
2721 2027 2965 2098 γένηται
2993 2029 3349 2096 ἁμαρτωλὸς
3387 2029 3425 2099 ἠ
3453 2029 3699 2096 ἁμαρτία.

2223 2296 2296 2350 Γ¹.
2323 2296 2622 2364 Ᾱπατήσας
2644 2298 2736 2351 τὸν
2762 2297 2975 2368 Ἀδὰμὸ
2993 2298 3204 2368 ἐχθρος,
3240 2299 3338 2352 καὶ
3365 2298 3532 2362 οὕτως
3560 2300 3703 2352 αὐτοῦ

2152 2387 2448 2460 κυριεύσας
2489 2388 2686 2456 ἀφεῖλέ
2723 2407 2783 2442 τε
2815 2390 2978 2442 αὑτὸν
3000 2389 3098 2461 τὴν
3137 2391 3410 2457 ἐξουσίαν,
3434 2394 3518 2445 καὶ
3544 2394 3703 2461 ἄρχων

2151 2481 2359 2542 ἐκεῖνος
2417 2479 2510 2532 τοῦ
2565 2481 2761 2544 αἰῶνος
2819 2480 2973 2534 τοῦδε
3023 2481 3462 2554 προσηγορεύθη.
3513 2484 3705 2553 Ἄρχων

2151 2572 2208 2625 δὲ
2246 2571 2340 2624 τοῦ
2377 2571 2572 2633 αἰῶνος
2603 2572 2792 2625 τούτου
2831 2575 2926 2626 καὶ
2970 2574 3237 2644 δεσπότης
3283 2574 3396 2627 τῶν
3441 2573 3706 2645 ὁρωμένων

2151 2666 2179 2717 6
2213 2664 2498 2734 ἄνθρωπος
2525 2659 2594 2735 ἦν
2633 2665 2692 2731 ἐξ
2721 2666 2896 2737 ἀρχῆς
2931 2667 3035 2719 ὑπὸ
3053 2667 3148 2719 τοῦ
3183 2669 3398 2739 Κυρίου
3432 2669 3703 2729 καταστάς.

2152 2757 2290 2811 Οὔτε
2323 2757 2433 2828 γὰρ
2475 2757 2588 2828 πῦρ
2625 2756 2793 2811 αὑτοῦ
2835 2759 3144 2828 κατίσχυεν,
3190 2760 3291 2829 οὐχ
3333 2760 3476 2830 ὕδωρ
3522 2760 3708 2813 ἐπόντι-

2152 2852 2265 2915 (sv,
2315 2851 2377 2903 οὐ
2424 2850 2615 2920 θηρίον
2659 2850 2948 2914 ἔϐλαπτεν,
2980 2850 3082 2902 οὑκ
3117 2849 3328 2904 ἰοϐόλον
3361 2851 3446 2903 ἐπ’
3490 2848 3628 2920 αὐτῷ
3655 2849 3707 2902 τὸ

2150 2943 2349 2994 οἰκεῖον
2389 2943 2646 3010 ἐνήργειο
2690 2941 2781 3008 ἀφ’
2808 2934 2868 2994 οῦ
2917 2941 2972 2993 δὲ
3014 2943 3078 3011 τῇ
3132 2943 3324 3014 ἀπάτῃ
3357 2939 3486 3006 εἶξε,
3538 2941 3707 3012 προδέ-

2151 3031 2291 3084 δωκε
2317 3030 2396 3102 τῷ
2435 3032 2780 3099 άπατήσαντι
2820 3031 2920 3102 τὴν
2949 3032 3143 3102 ἀρχὴν·
3173 3033 3241 3086 δι’
3275 3036 3344 3106 ἢν
3373 3035 3550 3087 αἰτίαν
3587 3049 3710 3103 φαρ-

2155 3123 2319 3189 μακοί
2359 3138 2418 3174 τε
2450 3123 2545 3175 καί⁵
2574 3122 2771 3192 γόητες
2823 3126 2945 3177 κατ’
2978 3123 3229 3178 ἐναντίαν
3256 3125 3564 3196 ἐνάργειαν,
3592 3124 3709 3177 Θεοῦ

2150 3214 2208 3267 δὲ
2247 3214 2620 3284 συγχώρησιν,
2661 3215 3083 3285 παραδοξοποιοὶ
3131 3215 3476 3270 δείκνυνταιο
3511 3215 3710 3270 ἰοϐόλων

2151 3325 2210 3360 τε
2250 3307 2359 3377 γὰρ
2399 3307 2736 3376 κυριεύουσι,
2774 3311 2870 3362 καὶ
2907 3309 3079 3380 πυρὸς
3115 3309 3208 3363 καὶ
3238 3311 3453 3364 ὑδάτων
3477 3308 3713 3362 κατατολ-

2153 3399 2346 3467 μῶσιν,
2393 3398 2468 3460 ὡς
2517 3401 2566 3451 οἰ
2609 3400 2738 3469 περὶ
2776 3399 2970 3470 Ἰαννῆ,
3000 3400 3163 3470 φημὶ,
3210 3402 3310 3456 καὶ
3349 3401 3620 3473 Μαμϐρῆν
3645 3399 3712 3469 τῷ

2148 3491 2321 3560 Μωσῇ
2368 3490 2775 3560 ἀντικείμενοι,
2835 3492 2931 3546 καὶ
2975 3492 3052 3556 ὼς
3097 3492 3286 3563 Σίμων
3329 3493 3409 3564 τῷ
3454 3495 3712 3566 κορυφαίῳ

2151 3582 2342 3652 Πέτρῳ
2371 3583 2809 3654 άντιςρερόμενος.

2218 3752 2488 3828 Δ’.Οἶμαι,
2517 3738 2703 3829 φησὶν,
2723 3760 2804 3812 ὅτι
2831 3758 2925 3812 καὶ
2953 3758 3050 3830 τὴν
3080 3761 3363 3832 προτέραν
3385 3759 3713 3828 αύτοῦἋδὰμ

2147 3852 2307 3918 δόξαν
2333 3851 2534 3920 ὁμοίως
2562 3853 2643 3921 τῷ
2675 3850 2952 3923 προσώπῳ
3001 3855 3246 3917 Μωσέως
3289 3855 3710 3924 ἐπιλάμπουσαν,

2147 3945 2238 3996 τὸν
2272 3942 2464 4013 ἐχθρὸν
2498 3941 2834 4012 θεασάμενον
2875 3942 3073 4007 ἱκανῶς
3100 3944 3402 4014 τρωθῆναν
3430 3942 3713 4012 καθαπερεὶ

2145 4038 2569 4106 τεκμηράμενον
2612 4035 2711 4106 τὴν
2749 4036 2850 4099 τῆς
2904 4036 3101 4089 ἐαυτοῦ
3150 4037 3435 4108 βασιλείας
3477 4037 3712 4105 καθαίρε-

2150 4146 2255 4182 σιν.
2316 4128 2480 4182 υύδέν
2524 4129 2582 4182 δὲ
2614 4129 2674 4182 τδ
2717 4129 2927 4184 κωλῦον
2967 4130 3059 4182 καὶ
3106 4129 3168 4182 τὸ
3205 4131 3536 4184 Ἀποστόλου
3566 4129 3711 4199 ῥητὸν

2147 4221 2281 4290 πρὸς
2312 4219 2470 4273 τοῦτο
2508 4220 2792 4289 φέρεσθαι,
2824 4221 2906 4286 τὸ,
2952 4223 3393 4277 Ἐϐασίλευσεν
3414 4225 3446 4277 ὀ
3480 4223 3713 4284 θάνατος

2144 4318 2263 4371 ἀπὸ
2312 4317 2483 4385 Ἀδὰμ
2513 4318 2689 4386 μέχρι
2712 4317 2992 4384 Μωσέως,
3015 4318 3112 4372 καὶ
3136 4319 3234 4372 ἐπὶ
3265 4319 3415 4386 τοὺς
3428 4319 3514 4388 μὴ
3545 4321 3709 4388 ἁμαρ-

2145 4409 2472 4474 τήσαντας.
2527 4407 2679 4461 Δοκῶ
2728 4409 2835 4476 γάρ
2869 4425 3000 4478 μοι,
3035 4408 3097 4461 τὸ
3129 4408 3522 4478 δεδοξασμένον
3567 4408 3711 4479 πρόσ-

461 4502 572 4544 tam
606 4491 754 4545 illam
800 4493 996 4548 faciem
1042 4494 1265 4566 lioysis,
1311 4513 1626 4568 expressam
1659 4502 1810 4556 velut
1842 4520 1909 4557 ex
1942 4519 2041 4557 an-

2149 4516 2296 4553 ωπον
2319 4497 2562 4560 Μωσέως
2587 4496 2758 4550 τύπον
2787 4499 2880 4550 καὶ
2911 4498 3216 4566 ὑπόδειγμα
3241 4499 3439 4563 σώζειν
3460 4498 3554 4551 τοῦ
3585 4494 3710 4566 πρῶ·

459 4585 616 4654 tiquo
655 4588 952 4656 exemplari
987 4588 1224 4643 formam
1282 4603 1703 4662 repraesentasse
1734 4596 2046 4665 conspicuae

450 4679 752 4746 (claritatis.
788 4695 896 4750 qua
931 4682 1077 4736 Deus
1106 4683 1271 4752 primi
1317 4685 1433 4739 suis
1459 4686 1714 4741 manibus
1738 4686 1900 4740 eﬂicti
1941 4687 2043 4742 ho-

456 4771 624 4828 minis
652 4773 868 4827 vultum
891 4773 1268 4844 insigniverat.
1295 4775 1450 4842 Quod
1478 4794 1603 4832 cum
1633 4777 1848 4832 videret
1873 4795 2038 4843 mors,

455 4863 561 4918 hoc
591 4871 696 4931 est,
726 4865 921 4918 mortis
945 4874 1137 4918 auctor
1165 4865 1434 4931 diabolus,
1465 4876 1577 4920 tum
1612 4868 1877 4937 suspicari
1913 4885 2039 4922 eum

456 4956 712 5025 erupisse,
731 4957 986 5011 excidere
1011 4971 1071 5011 se
1095 4973 1284 5027 regno,
1308 4967 1365 5012 et
1391 4975 1420 5010 a
1441 4959 1675 5012 Domino
1695 4975 1828 5014 vero
1855 4959 1960 5014 hoc
1982 4978 2040 5013 se

454 5063 768 5119 passurum.
825 5049 1086 5104 Eamdem
1139 5065 1307 5120 porro
1356 5049 1587 5121 gloriam
1640 5059 1696 5103 et
1741 5069 1889 5106 nunc
1922 5053 2038 5107 veri

452 5140 1008 5195 Christiauiinduunt
1030 5142 1179 5195 intus
1206 5142 1257 5194 in
1285 5149 1501 5206 mente;
1530 5142 1620 5195 ubi
1640 5142 1819 5197 deleta
1838 5155 2037 5207 morte,

454 5235 560 5288 hoc
593 5241 702 5297 est,
742 5233 1095 5302 passionihus
1120 5233 1457 5304 ignominiaa,
1487 5234 1602 5288 sive
1643 5235 2038 5304 concupiscen-

450 5326 542 5380 tiis
573 5325 648 5381 ita
678 5324 996 5386 debilitatis,
1027 5334 1086 5380 ut
1115 5326 1333 5396 Operari
1368 5335 1668 5394 nequeant,
1701 5326 1872 5396 gloria
1911 5326 2035 5395 Spi-

450 5414 593 5470 rit'us
619 5414 846 5485 effulget
873 5415 926 5468 in
954 5429 1144 5478 sensu,
1176 5425 1236 5468 et
1269 5417 1612 5485 plenitudine
1636 5415 1786 5470 omni
1821 5417 2034 5471 fiduciae

453 5507 664 5560 animas
694 5505 917 5560 illorum
948 5503 1242 5560 irradians.

520 5596 582 5651 ν.
616 5597 721 5652 Per
751 5597 1060 5663 mulierem,
1080 5608 1265 5668 aptqu
1292 5597 1363 5652 ob
1387 5597 1806 5654 similitudinem
1830 5601 2032 5655 instru-

457 5794 501 5826 ⁷⁰
543 5793 702 5849 item.
732 5810 824 5860 vn,
851 5798 936 5851 15.
1012 5795 1057 5826 '°
1095 5792 1254 5847 Rom.
1308 5809 1360 5861 γ,
1413 5795 1464 5850 1.

2145 4609 2239 4644 του
2292 4589 2380 4643 διὰ
2437 4589 2640 4660 χειρῶν
2689 4588 2825 4642 Θεοῦ
2874 4589 3379 4660 δημιουργηθέντος
3418 4589 3707 4661 ἀνθρώπου⁸

2143 4682 2280 4750 ὅπερ
2329 4680 2506 4734 ἰδόντα
2558 4680 2650 4733 τὸν
2711 4678 2960 4744 θάνατον,
2995 4682 3242 4734 τουτέστι
3290 4682 3520 4736 θανάτου
3554 4681 3708 4735 αἴτιον

2139 4759 2407 4837 διάϐολον,
2440 4774 2558 4826 ἐκεῖ
2613 4773 2711 4843 μὲν
2764 4770 3106 4826 ὑποπτεῦσαι
3157 4773 3258 4841 τῆς
3293 4774 3575 4842 βασιλείας
3605 4773 3710 4824 δια-

2143 4868 2349 4918 πεσεῖν·
2383 4865 2475 4918 ἐπὶ
2503 4864 2560 4918 δὲ
2591 4864 2684 4916 τοῦ
2724 4864 2931 4930 Κυρίου
2964 4866 3099 4935 πρὸς
3136 4865 3398 4936 ἀλήθειαν
3434 4865 3588 4919 τοῦτο
3615 4880 3708 4915 πα-

2145 4959 2276 5013 θεῖν.
2317 4959 2537 5031 Ταύτην
2583 4959 2874 5030 τοιγαροῦν
2904 4962 3002 5022 τὴν
3034 4958 3192 5023 δόξαν
3239 4959 3349 5012 ἀπό
3397 4977 3460 5028 γε
3509 4959 3597 5011 τοῦ
3627 4955 3710 5008 νῦν

2141 5054 2192 5104 οἰ
2236 5051 2488 5122 ἀψευδεῖς
2517 5051 2837 5123 Χριστιανοὶ
2882 5049 3318 5122 περιϐάλλονται·
3375 5053 3472 5104 καὶ
3514 5048 3708 5102 ἔνδοθεν

2144 5141 2235 5194 ὑπ’
2265 5141 2446 5195 αὐτῶν
2474 5143 2503 5193 6
2531 5141 2785 5207 Θάνατος,
2816 5141 2994 5196 εῖτουν
3025 5143 3093 5196 τὰ
3127 5141 3224 5212 τῆς
3263 5142 3494 5210 ἀτιμίας
3521 5154 3711 5208 καταρ-

2141 5235 2317 5300 γεῖται
2351 5232 2522 5303 πάθη,
2567 5233 2812 5303 ἐνεργεῖν
2841 5233 2915 5304 μὴ
2943 5233 3240 5304 δυνάμεναο
3273 5232 3368 5286 ἆτε
3412 5233 3477 5302 δὴ
3507 5232 3599 5300 τῆς
3625 5226 3707 5281 τοῦ

2143 5326 2456 5397 Ιινεύματος
2483 5326 2643 5396 δόξης
2686 5328 2744 5380 ἐν
2785 5326 3036 5398 αἰσθήσει
3067 5328 3161 5381 καὶ
3200 5326 3544 5399 πληροφορίᾳ
3574 5323 3707 5391 πάσῃ

2140 5421 2261 5482 ταῖς
2297 5418 2494 5488 ψυχαῖς
2534 5417 2715 5472 αὐτῶν
2762 5417 3172 5490 ὲλλαμπούο-ης.

2212 5596 2285 5651 E'.
2316 5594 2413 5648 Διὰ
2446 5595 2546 5665 τῆς
2589 5563 2850 5662 γυναικὸς
2878 5597 2953 5662 ὡς
2985 5598 3050 5652 δι’
3083 5599 3270 5670 ὁμοίου
3300 5597 3444 5662 τινος
3473 5598 3500 5651 6
3527 5589 3704 5665 ἐχθρὸς
