3980 6430
330 421 429 484 869

1194 420 1422 479 LIBER
1460 417 1558 477 DE
1596 410 2008 475 PATIENTIA
2047 409 2142 467 ΕΤ
2184 408 2714 467 DISCRETIONE.

3460 400 3567 464 870

328 536 633 605 ἀπατήσας,
660 531 1024 605 ἀφαιρεθῆναι
1058 531 1156 601 τὴν
1185 528 1573 599 περικειμένην
1601 524 1692 577 τὸν
1725 521 1897 590 Ἀδὰμ

2005 527 2245 571 mentum
2286 516 2536 579 fallendi,
2585 517 2815 583 decepto
2854 514 3111 568 inimicus
3134 513 3341 567 Adamo
3363 514 3569 579 eﬂ‘ecit,

326 626 479 691 δόξαν
517 625 807 697 πεποίηκε.
850 625 959 678 Καὶ
1008 623 1179 686 οὕτως
1210 621 1416 692 γυμνός
1452 636 1511 671 τε
1542 617 1762 686 εὑρέθη,
1804 616 1899 667 καὶ

327 716 423 787 τὴν
471 715 862 786 ἀσχημοσύνην
913 710 1018 766 εἶδε
1053 713 1149 783 τὴν
1189 710 1402 775 ἑαυτοῦ,
1431 709 1498 777 ἢν
1527 707 1592 777 δὴ
1631 704 1899 774 πρότερον

328 808 424 878 οὐχ
460 808 630 878 ἑώρα,
668 807 764 861 ἆτε
795 804 889 859 τοῦ
921 805 1260 876 φρονήματος
1292 800 1459 854 αὐτοῦ
1486 803 1595 862 τοῖς
1624 796 1900 868 οὐρανίοις

329 897 578 951 κάλλεσιν
619 896 1013 966 ὲντρυφῶντος.
1064 896 1177 948 Καὶ
1206 894 1313 963 γάρ
1348 892 1485 964 μετὰ
1511 892 1610 961 τὴν
1646 886 1899 959 παράϐα-

330 1008 414 1043 σιν
444 991 712 1061 πρόσγεια
746 991 968 1057 γέγονεν
1017 987 1165 1056 αὐτῷ
1204 987 1299 1039 καὶ
1329 983 1641 1054 χαμαιπετῆ
1683 981 1752 1033 τά
1785 979 1902 1049 νοή-

334 1100 512 1154 ματα’
568 1085 662 1137 καὶ
718 1086 780 1136 τὸ
833 1083 1038 1137 ἁπλοῦν
1089 1082 1241 1151 αὐτῷ
1281 1082 1373 1133 καὶ
1415 1078 1618 1145 ἀγαθὸν
1646 1075 1900 1145 φρόνημα

334 1173 640 1243 φρονήματι
681 1173 877 1235 κακίας
920 1171 1172 1242 σαρκικῷ
1220 1170 1556 1236 συνεπλάκηο
1594 1164 1901 1219 τδδὲκλει-

333 1260 526 1328 σθῆναι
579 1261 671 1315 τὸν
735 1262 1063 1331 παράδεισον
1106 1261 1193 1313 καί
1259 1262 1324 1330 τῇ
1367 1258 1593 1327 φλογίνη
1634 1254 1899 1325 ῥομφαίᾳ,

329 1352 424 1402 καὶ
443 1350 521 1419 τῷ
553 1352 834 1422 Χερουϐὶμ
873 1352 1240 1422 ἐπιτραπῆναι
1266 1349 1587 1403 διακωλύειν
1624 1344 1774 1413 αὐτῷ
1803 1345 1901 1413 τὴν

332 1442 557 1508 εἴσοδον,
608 1442 765 1497 τοῦτο
811 1444 954 1496 κατὰ
987 1444 1086 1513 μὲν
1112 1443 1171 1495 τδ
1214 1442 1409 1513 ὁρατὸν
1457 1441 1550 1492 καὶ
1586 1437 1902 1490 πιστεύεται

330 1534 679 1602 γεγενῆσθαι,
710 1534 785 1597 ὡς
814 1534 1049 1604 εἴρηται’
1074 1534 1385 1604 εὑρίσκεται
1414 1532 1469 1583 δὲ
1494 1532 1587 1583 καὶ
1611 1529 1738 1596 παρ’
1770 1528 1903 1580 ἐκά-

330 1638 430 1695 στῃ
465 1623 609 1694 ψυχῇ
656 1627 794 1677 κατὰ
837 1627 897 1678 τὸ
945 1625 1226 1679 λανθάνον.
1278 1624 1479 1693 Κύκλῳ
1511 1626 1619 1691 γὰρ
1642 1622 1737 1690 τῆς
1772 1636 1905 1689 ναρ-

324 1713 444 1775 δίας
479 1714 538 1765 τὸ
568 1714 830 1785 κάλυμμα
865 1714 959 1767 τοῦ
993 1716 1217 1776 σκότους
1245 1717 1561 1783 περιχωρεῖ,
1590 1713 1682 1765 τοῦ
1711 1708 1902 1780 πυρὸς,

333 1805 499 1873 φημὶ,
534 1804 627 1858 τοῦ
661 1808 927 1875 κοσμικοῦ
965 1807 1291 1876 πνεύματος,
1314 1807 1452 1876 ὅπερ
1486 1806 1609 1858 οὕτε
1651 1804 1743 1857 τὸν
1777 1805 1901 1858 νοῦν

328 1900 575 1967 ἐντυχεῖν
633 1899 708 1967 τῷ
761 1901 899 1969 Θεῷ,
933 1898 1054 1952 οὔτε
1092 1901 1190 1969 τὴν
1234 1899 1409 1968 ψυχὴν
1440 1898 1631 1967 ἀφίησι
1675 1898 1815 1950 κατὰ
1840 1898 1900 1951 τὸ

327 1991 503 2059 αὐτῆς
545 1990 817 2063 θέλημαῆ
858 1992 1174 2062 εὔξασθαιῆ
1208 1992 1517 2057 πιστεῦσαι,
1556 1992 1589 2060 ἢ
1618 1994 1901 2061 ἀγαπῆσαι

323 2081 416 2133 τὸν
468 2082 693 2150 Κύριον⁶
734 2083 937 2136 τούτων
982 2084 1038 2135 δὲ
1074 2082 1294 2137 πάντων
1321 2086 1354 2154 ἡ
1390 2087 1556 2155 πεῖρα
1584 2084 1901 2147 διδάσκαλος

322 2175 435 2235 τοῖς
469 2174 703 2241 γνησίως
732 2176 958 2237 ἑαυτοὺς
1001 2175 1077 2245 τῷ
1116 2175 1307 2245 Κυρίῳ
1348 2177 1693 2241 πιστεύσασι,
1737 2178 1802 2245 τῇ
1843 2194 1899 2229 τε

331 2265 573 2331 ἐπιμονῇ
606 2263 704 2333 τῆς
734 2264 919 2333 εὐχῆς,
952 2265 1046 2316 καὶ
1078 2264 1145 2334 τῇ
1188 2263 1392 2333 εὐτόνῳ
1422 2264 1563 2317 κατὰ
1599 2264 1693 2317 τοῦ
1746 2264 1902 2316 πολε-

325 2354 556 2423 μοῦντος
582 2356 747 2425 ὁρμῇ.

390 2613 489 2682 ς’.
533 2614 755 2676 Ῥάϐδος
808 2614 924 2665 ἐστὶ
974 2613 1223 2676 παιδείας
1253 2612 1347 2667 καὶ
1387 2612 1561 2684 λῶρος
1596 2613 1896 2682 μαστίγων,

319 2709 347 2759 ὁ
376 2706 540 2759 τοῦδε
595 2704 688 2758 τοῦ
740 2706 933 2766 αἰῶνος
970 2706 1151 2774 ἄρχων
1195 2705 1307 2766 τοῖς
1348 2704 1492 2757 κατά
1541 2702 1765 2773 Πνεῦμα
1801 2721 1897 2773 νη-

319 2794 493 2854 πίοιςο
525 2793 707 2855 αὐτοῖς
736 2793 849 2857 μὲν,
879 2792 1067 2863 ὥσπερ
1098 2792 1227 2860 γοῦν
1256 2793 1349 2845 καὶ
1367 2794 1628 2862 πρότερον
1660 2795 1895 2863 εἴρηται,

321 2882 589 2952 μεγάλην·
611 2883 768 2947 δόξαν
809 2886 903 2937 καὶ
942 2884 1164 2937 πλείονα
1195 2884 1293 2952 τὴν
1326 2886 1492 2953 τιμὴν
1532 2884 1621 2935 διὰ
1648 2884 1756 2935 τῶν
1784 2884 1896 2936 θλί-

314 2974 472 3039 ψεὼν
506 2990 564 3025 τε
620 2976 715 3027 καὶ
748 2974 1093 3044 πειρασμῶν·
1126 2976 1188 3026 ἐκ
1218 2975 1423 3028 τούτων
1451 2975 1559 3042 γάρ
1598 2975 1690 3027 καὶ
1724 2975 1782 3027 τὸ
1815 2993 1899 3027 τε-

313 3063 502 3126 λείους
526 3064 722 3128 αὐτοὺς
754 3065 998 3133 γίνεσθαι
1026 3066 1383 3136 περιγίνεται·
1421 3067 1598 3137 ἑαυτῷ
1626 3067 1683 3119 δὲ
1716 3067 1899 3120 πλείο-

2001 617 2061 661 ut
2094 607 2405 662 auferretur
2432 607 2537 676 ipsi
2576 606 2770 677 gloria.
2802 606 2932 659 lude
2963 605 3055 660 ille
3089 604 3271 658 nudus
3296 612 3572 673 repertus,

2000 713 2157 753 suam
2193 698 2333 752 vidit
2380 697 2799 767 turpitudinem,
2838 698 2904 751 ad
2934 712 3100 765 quam
3143 704 3301 750 antea
3336 711 3446 749 non
3480 695 3576 750 ad-

1998 796 2257 853 verterat,
2290 794 2475 843 mente
2499 788 2702 857 quippe
2728 786 3165 856 contemplandis
3191 785 3385 840 formis
3407 785 3576 839 coale-

2001 880 2179 935 stibus
2207 895 2334 934 cum
2372 879 2736 933 delectatione
2775 878 2953 931 allixa.
2990 878 3206 932 Etenim
3239 885 3361 946 post
3391 884 3573 931 trans-

2002 971 2342 1040 gressionem
2397 971 2453 1024 in
2512 980 2714 1024 terram
2764 977 3055 1039 vergentes
3100 976 3155 1022 et
3199 967 3366 1021 humo
3390 982 3576 1036 prona:

2003 1063 2227 1117 fuerunt
2263 1063 2382 1131 ejus
2422 1062 2815 1131 cogitationes;
2860 1070 2916 1115 et
2950 1062 3104 1130 prior
3148 1061 3238 1114 illa
3265 1060 3495 1129 simplex
3520 1067 3577 1115 et

2001 1154 2143 1209 bona
2192 1154 2550 1223 intelligentia
2579 1153 2900 1207 notionibus
2930 1153 3152 1207 malitiae
3194 1155 3413 1207 carneis
3437 1168 3573 1206 cou-

2002 1256 2151 1300 crcta
2176 1245 2297 1299 fuit.
2322 1245 2552 1300 Clausus
2576 1256 2755 1299 autem
2774 1245 2921 1313 quod
2942 1244 3145 1299 dicitur
3162 1244 3373 1299 homini
3407 1244 3577 1298 fuisse.

2004 1336 2288 1406 paradisus
2313 1336 2383 1397 εί,
2435 1335 2765 1389 ctllammeo
2799 1334 3003 1401 gladio,
3044 1350 3108 1390 ac
3148 1335 3450 1392 Cherubim
3497 1334 3578 1388 in-

1999 1428 2274 1496 junctum.
2307 1434 2363 1478 ut
2395 1424 2604 1494 ingredi
2637 1426 2957 1494 prohiberet
2997 1427 3196 1496 ipsum,
3240 1426 3576 1481 credendum

2004 1519 2224 1586 quidem
2250 1526 2336 1570 est
2354 1522 2491 1571 vere
2519 1516 2594 1570 ita
2619 1526 2674 1571 et
2703 1518 3040 1572 sensibiliter
3069 1529 3197 1573 tunc
3224 1517 3423 1571 factum
3448 1534 3461 1583 ;
3493 1532 3579 1570 re-

2005 1608 2215 1677 peritur
2245 1616 2427 1661 autem
2462 1607 2603 1661 idem
2628 1622 2827 1661 arcana
2851 1608 3064 1661 ratione
3100 1608 3154 1662 in
3182 1608 3430 1677 qualibet
3459 1607 3579 1660 ani-

2007 1714 2093 1751 ma
2141 1696 2280 1751 fieri.
2324 1694 2576 1764 Undique
2620 1696 2765 1748 enim
2807 1695 3014 1749 circum
3054 1710 3150 1749 cor
3196 1696 3376 1749 velum
3403 1694 3579 1763 quod-

2010 1792 2133 1846 dam
2161 1792 2511 1846 tenebrarum
2543 1802 2846 1858 oppansum
2870 1796 2975 1850 est,
3006 1785 3209 1849 fumus,
3232 1787 3476 1856 inquam,
3508 1800 3573 1838 ex

1929 1867 1975 1925 Β
2004 1885 2127 1955 igne
2160 1881 2419 1936 mundani
2455 1881 2703 1950 spiritus,
2732 1880 2827 1949 qui
2859 1895 3040 1949 neque
3073 1890 3307 1933 mentem
3340 1891 3576 1930 conver-

2004 1978 2113 2033 sari
2171 1992 2297 2032 cum
2349 1976 2461 2029 Deo
2510 1974 2673 2039 sinit,
2732 1990 2911 2042 neque
2973 1973 3211 2026 animam
3270 1970 3563 2040 permittit,

2001 2076 2167 2139 prout
2224 2069 2340 2137 ipsa
2408 2067 2601 2129 vellet,
2662 2080 2759 2120 aut
2814 2081 2997 2125 orare,
3052 2072 3146 2118 aut
3194 2062 3440 2125 credere,
3485 2066 3581 2113 aut

2000 2176 2185 2215 amare
2241 2159 2552 2213 Dominum.
2611 2156 2818 2210 Horum
2885 2164 3067 2209 autem
3117 2154 3364 2208 omnium
3414 2164 3581 2219 expe-

2002 2251 2196 2306 rientia
2224 2250 2482 2318 magistra
2520 2256 2604 2302 est
2641 2247 2728 2311 iis,
2769 2248 2867 2317 qui
2911 2248 3125 2302 sincere
3176 2260 3234 2300 se
3274 2244 3426 2313 ipsos
3470 2243 3580 2296 Do—

2001 2343 2152 2396 mino
2209 2340 2603 2401 crediderunt,
2656 2349 2771 2393 tum
2820 2339 3229 2407 perseverantia
3277 2336 3569 2395 orationis.

2002 2440 2116 2483 tum
2148 2430 2421 2485 constanti
2452 2429 2718 2483 adversus
2773 2429 2989 2483 hostem
3033 2433 3440 2497 oppugnantem
3479 2426 3579 2480 im-

2001 2530 2152 2589 petu.

2070 2611 2154 2665 Vl.
2188 2611 2347 2680 Virga
2379 2612 2787 2681 estdisciplinae
2810 2618 2861 2665 et
2887 2610 3062 2663 lorum
3088 2610 3271 2678 plagas
3302 2608 3574 2679 inlligens,

2000 2701 2256 2769 princeps
2282 2702 2446 2771 hujus
2465 2702 2649 2756 διορυιὶ
2678 2702 2922 2770 parvulis
2951 2701 3006 2755 in
3032 2701 3228 2769 spiritu
3256 2717 3270 2765 ;
3302 2700 3434 2769 ipsis
3456 2703 3578 2770 qui-

2000 2794 2147 2857 dem,
2180 2803 2239 2849 ut
2284 2796 2439 2865 prius
2470 2798 2634 2850 etiam
2666 2797 2873 2851 dietum
2925 2805 3030 2861 est,
3072 2811 3321 2865 magnam
3350 2796 3577 2865 gloriam

1999 2896 2054 2942 et
2079 2888 2537 2944 abundantiorem
2588 2889 2861 2945 honorem
2898 2904 2996 2957 per
3024 2888 3346 2943 afllictiones
3370 2898 3425 2943 et
3459 2899 3580 2944 teu-

2001 2980 2236 3034 tationes
2262 2995 2565 3049 procurans
2590 2997 2605 3044 ;
2642 2995 2709 3033 ex
2730 2980 2816 3033 his
2839 2980 3010 3039 enim,
3040 2987 3100 3032 ut
3129 2989 3184 3033 et
3213 2979 3312 3047 ipsi
3346 2979 3577 3047 perfecti

2000 3072 2252 3135 evadant,
2295 3073 2512 3137 oritur;
2553 3072 2657 3125 sibi
2703 3081 2887 3126 autem
2940 3071 3106 3125 miser
3157 3070 3260 3140 ipsi
3308 3072 3575 3141 majorem

317 3157 382 3209 νά
417 3173 487 3211 τε
545 3158 636 3210 καὶ
687 3157 989 3229 βαρυτέραν
1033 3158 1457 3223 κατασκευάζων
1505 3160 1603 3227 τὴν
1653 3159 1891 3213 κόλασιν.

2005 3163 2421 3232 gravioremquc
2480 3178 2794 3233 praeparans
2850 3176 3086 3232 poenam.
3138 3162 3376 3216 Omnino
3425 3162 3575 3215 enim

323 3248 507 3310 Ὄλως
538 3249 645 3319 γάρ
683 3248 913 3318 μεγίστη
944 3266 1025 3312 τις
1072 3250 1136 3301 δι’
1178 3250 1343 3302 αὐτοῦ
1372 3253 1736 3321 οἰκονομεῖται
1761 3255 1898 3304 οἰκο-

322 3343 488 3411 νομία
513 3381 528 3405 ,
578 3341 762 3404 καθὼς
807 3341 1020 3411 εἴρηταί
1052 3360 1173 3395 που’
1215 3343 1497 3412 Συνεργεῐ
1524 3344 1590 3396 τὸ
1630 3346 1899 3411 πονηρὸν

323 3433 400 3497 τῷ
430 3431 637 3501 ἀγαθῷ
666 3434 1001 3500 προαιρέσει
1044 3435 1115 3487 οὐ
1142 3433 1320 3501 καλῇ.
1368 3436 1498 3497 Ίάἰς
1528 3437 1635 3505 γὰρ
1668 3435 1898 3503 ἀγαθαῖς

322 3529 411 3578 καὶ
463 3524 642 3594 καλὴν
691 3524 791 3593 τὴν
832 3526 1151 3595 προαίρεσιν
1186 3527 1437 3596 ἐχούσαις
1463 3528 1681 3597 ψυχαῖς,
1714 3530 1807 3580 καὶ
1832 3528 1900 3580 τά

320 3618 587 3672 δοκοῦντα
624 3617 843 3686 λυπηρὰ
877 3621 956 3679 είς
998 3619 1202 3685 ἀγαθὸν
1242 3620 1489 3689 τελευτᾷ’
1527 3621 1668 3673 καθά
1697 3621 1760 3691 δὴ
1807 3622 1899 3673 καὶ

321 3712 381 3763 τὸ
408 3710 493 3779 τῷ
538 3709 845 3779 Ἀποστόλῳ
878 3710 1165 3779 εἰρημένον
1216 3710 1383 3763 ἐστίν’
1435 3713 1652 3781 Ἠγουν
1688 3713 1753 3764 τὸ
1778 3712 1901 3778 τοῖς

321 3800 603 3870 ἀγαπῶσι
638 3801 743 3854 τὸν
789 3802 937 3855 Θεὸν
974 3801 1167 3854 πάντα
1193 3803 1474 3871 συνεργεῖ
1508 3806 1593 3869 εὶς
1646 3804 1709 3857 τὸ
1755 3805 1899 3873 ἀγα-

322 3897 448 3949 θόν.

393 3984 605 4037 Τούτου
636 3983 824 4036 ἕνεκεν
851 3984 884 4053 ἠ
938 3983 1037 4051 τῆς
1065 3983 1313 4045 παιδείας
1342 3981 1480 4053 αὕτη
1517 3984 1708 4054 ῥάϐδος
1741 3986 1901 4053 ἀφεί-

322 4077 413 4146 θη,
470 4077 656 4145 φησιν,
713 4076 799 4128 ἵνα
827 4076 893 4127 δι’
946 4075 1114 4145 αὐτῆς
1159 4076 1233 4138 ὼς
1282 4078 1339 4129 ὲν
1389 4077 1601 4146 καμίνῳ
1633 4078 1801 4147 πυρὸς
1834 4080 1901 4131 τὰ

325 4169 495 4235 σκεύη
533 4168 871 4237 πυρούμενα,
902 4168 971 4221 τὰ
998 4169 1097 4237 μὲν
1124 4168 1325 4237 δόκιμα
1364 4169 1627 4238 στερεώτε
1640 4188 1705 4239 pa.
1735 4175 1897 4240 φανῇ·

321 4260 389 4311 τὰ
437 4260 497 4311 δὲ
525 4259 758 4328 ἀδόκιμα
796 4259 1103 4329 εὔθραυστα
1143 4260 1275 4313 ὄντα
1308 4260 1556 4330 ἐλεγχθῇ,
1589 4263 1681 4315 τοῦ
1731 4266 1901 4333 πυρὸς

322 4350 419 4420 τὴν
449 4350 651 4403 καῦσιν
681 4350 779 4420 οὐχ
803 4350 1195 4421 ὑπομείναντα·
1225 4352 1407 4414 δοῦλος
1438 4353 1493 4405 δὲ
1520 4353 1596 4406 ὣν
1626 4349 1778 4415 οὗτος
1808 4355 1903 4406 καὶ

324 4442 535 4507 κτίσμα
561 4441 901 4503 δεσποτικὸν,
932 4443 1030 4510 οὐχ
1063 4442 1186 4494 ὅσον
1213 4442 1363 4512 αὐτῷ
1387 4444 1534 4495 δοκεῖ
1563 4444 1899 4512 ὲκπειράζει,

2001 3256 2237 3309 maxima
2276 3265 2332 3309 et
2376 3256 2514 3309 mira
2560 3256 2809 3325 quaedam
2859 3272 2958 3324 per
2997 3272 3123 3309 eum
3163 3254 3580 3309 administratur

1998 3344 2355 3413 dispensatio,
2404 3346 2557 3413 181
2616 3355 2778 3413 prout
2821 3345 3029 3399 dictum
3057 3345 3264 3399 alicubi
3308 3352 3439 3398 est:
3477 3344 3578 3399 Co-

1999 3445 2247 3505 operatur
2278 3436 2480 3489 malum
2518 3437 2650 3489 bono
2680 3438 2967 3490 intentione
3002 3452 3106 3489 non
3153 3433 3288 3488 bona
3316 3436 3383 3488 θ’.
3415 3435 3580 3490 Bonis

2000 3530 2272 3598 siquidem
2313 3538 2366 3582 et
2397 3527 2659 3581 laudabili
2706 3528 3018 3597 vigentibus
3055 3528 3336 3595 proposito
3366 3527 3578 3580 anima-

2001 3623 2127 3685 bus,
2184 3636 2306 3689 qua:
2352 3619 2579 3672 molesta
2638 3618 2897 3671 videntur
2925 3619 2977 3669 in
3022 3618 3225 3671 bonum
3267 3616 3525 3671 desinunt
3563 3637 3575 3670 :

2000 3715 2146 3784 quod
2198 3716 2316 3783 ipse
2365 3727 2583 3781 quoque
2654 3710 2943 3764 afﬁrmavit
2988 3709 3288 3777 Apostolus
3322 3706 3403 3761 sic
3441 3709 3576 3762 scri-

2002 3808 2138 3862 bens
2194 3826 2207 3860 :
2269 3806 2615 3877 Diligentibus
2678 3807 2846 3860 Deum
2897 3804 3075 3855 omnia
3129 3808 3481 3869 cooperantur
3524 3802 3579 3853 in

2001 3898 2193 3951 bonum
2219 3898 2309 3949 ³⁸⁸.

2077 3988 2187 4042 Vll.
2238 3988 2411 4059 Hujus
2457 3988 2535 4041 rei
2584 3987 2758 4059 gratia
2807 3987 2929 4053 ista,
2971 3986 3039 4041 de
3085 4002 3194 4056 qua
3240 3985 3373 4051 dixi,
3427 3974 3577 4053 virga

2002 4080 2307 4149 disciplina:
2347 4080 2540 4136 sazvire
2589 4079 2945 4150 permittitur,
2978 4088 3041 4132 ut
3074 4094 3171 4148 per
3197 4093 3318 4132 eam
3345 4077 3489 4131 velut
3521 4076 3579 4129 in

2002 4171 2225 4225 fornace
2281 4170 2422 4241 ignis
2465 4180 2694 4227 excocta
2743 4185 2900 4233 vasa,
2956 4184 3079 4238 quae
3131 4168 3353 4236 quidem
3409 4166 3578 4236 proba

2002 4271 2148 4325 sunt,
2181 4262 2515 4317 soliditatem
2540 4264 2944 4319 demonstrent;
2974 4275 3094 4329 qua:
3117 4274 3246 4312 vero
3272 4259 3444 4327 proba
3466 4273 3579 4314 non

2004 4360 2151 4413 sunt,
2194 4352 2509 4422 fragilitatis
2553 4359 2941 4421 coarguantur,
2989 4349 3129 4419 ignis
3171 4348 3423 4403 ardorem
3466 4366 3577 4404 non

2004 4441 2259 4495 ferentia.
2284 4442 2423 4497 Cum
2450 4442 2519 4496 sit
2545 4451 2726 4496 autem
2750 4440 3001 4493 diabolus
3027 4454 3219 4493 servus
3242 4448 3297 4493 et
3326 4447 3578 4494 creatura

323 4534 445 4586 οὐδὲ
476 4532 710 4586 καθόσον
745 4533 908 4605 βούλῃ
930 4534 1027 4595 τὰς
1052 4532 1257 4601 θλίψεις
1287 4534 1503 4602 ὲπάγει’
1540 4535 1655 4587 ἀλλ’
1682 4538 1802 4588 ὅσον
1835 4536 1899 4605 δὴ

2005 4531 2130 4595 Dci,
2191 4532 2480 4599 imperium
2538 4532 2657 4600 ejus
2709 4530 3020 4584 absolutqu
3075 4544 3408 4599 agnoscens,
3466 4545 3577 4583 non

321 4623 382 4674 τὸ
411 4622 745 4675 Δεσποτικόν
793 4624 1075 4693 ἐπιτρέψει
1109 4623 1286 4692 νεῦμα
1313 4625 1402 4678 διὰ
1431 4625 1533 4693 τῆς
1564 4626 1899 4695 παραχωρή-

325 4721 485 4776 σεως·
529 4715 692 4777 αὐτὸς
742 4714 850 4785 γάρ
907 4717 1005 4768 σὺν
1057 4716 1312 4787 ἀκριϐείᾳ
1358 4718 1427 4770 τὰ
1477 4718 1696 4770 πάντων
1724 4718 1898 4781 εἰδὼς,

320 4806 522 4857 ὁπόσον
563 4806 678 4858 ἐστὶ
702 4805 931 4875 δύναμις
974 4808 1209 4877 ἑκάστῳ,
1252 4808 1501 4861 τοσοῦτον
1533 4808 1678 4878 αὐτῷ
1708 4810 1801 4861 καὶ
1838 4808 1902 4861 τὸ

322 4893 571 4963 δοκίμιον
625 4895 926 4963 ὑποστῆναι
982 4900 1324 4967 παραχωρεῖ,
1372 4898 1514 4952 καθά
1564 4900 1628 4968 δὴ
1684 4901 1781 4952 καὶ
1824 4900 1902 4971 τῷ

337 4984 650 5055 Ἀποστόλῳ
682 4987 860 5039 δοκεῖ’
908 4990 1127 5054 Πιστὸς
1163 4991 1272 5060 γάρ
1318 4994 1350 5043 ὀ
1390 4992 1552 5057 Θεὸς,
1599 4993 1789 5061 φησιν,
1835 4992 1902 5058 ὃς

324 5078 439 5129 οὐκ
481 5076 651 5129 ἐάσει
702 5077 859 5147 ὑμᾶς
904 5080 1303 5149 πειρασθῆναι
1352 5084 1505 5150 ὑπὲρ
1549 5083 1580 5136 ὃ
1611 5084 1896 5139 δύνασθε·

325 5167 493 5219 ἀλλὰ
515 5168 753 5233 ποιήσει
781 5170 901 5222 σὺν
931 5172 1009 5235 τῷ
1039 5171 1345 5240 πειρασμῷ
1366 5174 1459 5226 καὶ
1489 5173 1601 5241 τὴν
1630 5176 1897 5241 ἔκϐασιν,

324 5250 435 5310 τοῦ
475 5257 772 5316 δύνασθαι
798 5263 1173 5330 ὑπενεγκεῖν.

401 5520 487 5573 Il’.
530 5523 716 5592 Ζητῶν
738 5525 830 5577 καὶ
881 5526 1093 5595 κρούων
1143 5542 1284 5578 κατα
1308 5543 1406 5594 την
1429 5543 1521 5579 του
1556 5544 1760 5597 Λυριου
1792 5546 1902 5595 (ρω-

329 5613 449 5683 νὴν,
483 5615 576 5666 καὶ
607 5613 771 5685 μέχρι
800 5615 990 5679 τέλους
1022 5615 1191 5690 αἰτῶν
1236 5616 1493 5685 τυγχάνει
1529 5617 1638 5669 τῶν
1672 5621 1908 5688 αἰτημά-

399 5787 446 5821 ⁸¹
487 5788 622 5845 Gen.
668 5804 749 5861 ιη,
790 5791 887 5849 ει.
961 5791 1005 5825 ⁶²
1045 5798 1203 5848 dom.
1240 5795 1480 5863 vm,28.,
1541 5793 1606 5827 ⁸¹¹
1650 5792 1783 5851 ibid.
1825 5792 1915 5848 28.

2007 4628 2274 4689 quantum
2319 4620 2422 4689 ipsi
2466 4620 2600 4673 libet
2641 4628 2834 4680 tentat,
2909 4634 3012 4672 nec
3059 4634 3223 4688 quam
3276 4621 3475 4674 multas
3513 4634 3579 4674 ac

2008 4725 2202 4780 graves
2265 4711 2382 4764 vult
2447 4709 2770 4764 amictiones
2830 4708 3105 4774 immittit;
3160 4710 3253 4762 sed
3311 4721 3574 4779 quantum

2009 4802 2200 4856 herilis
2232 4812 2402 4856 nutus
2426 4802 2712 4871 permittit,
2743 4801 3103 4870 permissioue
3150 4801 3398 4854 limitata.
3439 4801 3579 4855 Sane

2008 4890 2154 4946 Deus
2198 4892 2543 4946 exactissime
2590 4901 2857 4961 quantum
2899 4892 2951 4946 in
2988 4906 3315 4961 unoquoque
3339 4900 3423 4945 est
3452 4908 3577 4959 per-

1984 4982 2222 5046 videns,
2263 4983 2603 5051 exploratum
2654 4982 2839 5045 habet,
2890 4991 3152 5051 quantum
3201 4982 3400 5050 cuique
3448 4983 3580 5038 insit

2007 5072 2204 5126 virium
2226 5090 2239 5135 ;
2264 5082 2319 5125 et
2338 5072 2404 5126 ad
2421 5087 2548 5126 eum
2572 5073 2792 5126 modum
2816 5073 3192 5142 probationem
3219 5072 3269 5126 ei
3297 5072 3578 5127 admoveri

2006 5165 2306 5234 permittit;
2355 5166 2499 5219 sicut
2532 5165 2695 5218 etiam
2738 5167 2957 5219 videtur
2979 5166 3258 5235 Apostolo,
3294 5166 3422 5219 dum
3461 5167 3576 5221 ait:

2002 5254 2197 5309 Fidelis
2228 5254 2390 5318 Dens,
2420 5256 2509 5325 qui
2549 5272 2651 5307 non
2696 5259 2947 5324 permittit
2982 5274 3069 5309 vos
3111 5260 3303 5311 tentari
3333 5274 3496 5328 supra
3524 5259 3577 5310 id

2002 5346 2139 5413 quod
2163 5348 2374 5415 potestis
2400 5361 2418 5398 :
2448 5346 2537 5398 sed
2575 5346 2729 5415 faciet
2764 5348 2922 5399 etiam
2968 5364 3085 5399 cum
3124 5349 3406 5401 tentatione
3446 5363 3575 5415 pro-

2001 5447 2231 5501 ventum,
2264 5448 2318 5489 ut
2345 5438 2548 5506 possitis
2573 5439 2830 5492 sustinere
2844 5438 2912 5488 ⁸³.

2075 5530 2205 5583 νιιι.
2258 5530 2517 5594 Quaerens
2563 5539 2619 5583 et
2658 5530 2884 5598 pulsans
2909 5530 3063 5599 juxta
3098 5529 3313 5583 Domini
3356 5543 3571 5594 vocem,

2015 5629 2071 5673 et
2101 5636 2273 5689 usque
2314 5620 2381 5674 ad
2432 5619 2594 5675 linem
2623 5631 2836 5691 petens,
2872 5622 3229 5690 consequitur
3259 5636 3381 5691 qua:
3410 5620 3573 5691 petit.

2017 5793 2113 5869 “.1
2147 5791 2274 5848 Cor.
2304 5807 2357 5859 ι,
2401 5790 2485 5847 l5.
