3980 6422
461 374 560 437 871

1704 374 1763 434 S.
1805 372 2124 432 MACARII
2166 370 2486 432 IEGYPTII

3590 366 3677 429 872

459 486 696 544 Tantum
739 488 886 545 circa
927 490 1034 545 hoc
1081 504 1194 546 sua:
1239 489 1591 545 conscientia
1639 489 1956 544 satisfacere
1996 487 2044 540 is

2159 502 2278 539 των·
2323 488 2483 555 μόνον
2512 482 2684 553 ἐχέτω
2732 481 3047 553 παρρησίαν
3091 474 3267 546 οὗτος,
3299 480 3389 534 τοῦ
3412 480 3484 550 τῷ
3507 479 3576 553 νῷ
3598 484 3679 537 καὶ

458 589 636 644 curet,
671 589 733 636 ut
760 590 944 636 mente
971 592 1027 637 et
1053 582 1242 653 lingua
1290 583 1667 637 indesinenter
1712 591 1943 651 qumrat,
1988 589 2043 633 et

456 690 727 743 corporeo
765 674 1078 732 ministerio
1105 675 1310 728 enixim
1342 674 1653 740 incumbat;
1686 690 1788 728 nec
1813 675 2042 729 saecula-

458 766 615 820 ribus
638 766 874 835 negotiis
900 766 1236 835 implicetur,
1266 782 1404 821 neve
1424 766 1710 836 pravitatis
1736 766 2043 821 delectetur

456 855 768 911 affectibus.
817 856 995 913 Verax
1044 858 1317 927 siquidem
1368 869 1452 914 est
1502 859 1597 927 qui
1648 859 1822 913 dixit:
1878 858 2044 913 Omne

456 952 799 1022 quodcunque
851 953 1107 1021 petieritis
1157 968 1237 1005 me
1291 954 1346 1005 in
1399 955 1669 1015 oratione,
1738 952 2041 1014 credentes,

456 1044 803 1114 accipietis“.
862 1042 968 1109 Qui
1021 1051 1204 1097 autem
1259 1043 1486 1097 dicunt:
1545 1044 1817 1113 Utcunque
1864 1045 2044 1096 omnia

457 1137 573 1205 quis
612 1135 832 1205 eﬂ'ecerit
864 1148 982 1203 qua:
1012 1134 1446 1203 prwscribuntur,
1477 1142 1837 1203 exspectatam
1867 1140 2045 1185 autem

456 1227 689 1295 gratiam
713 1232 1014 1277 consecutus
1034 1241 1135 1277 non
1157 1224 1333 1293 fuerit,
1360 1224 1497 1294 quod
1518 1224 1587 1277 ad
1606 1239 1834 1293 praesens
1860 1224 2046 1275 attinet

456 1313 728 1377 saxulum,
759 1312 890 1366 nihil
914 1314 1169 1384 profecit;
1203 1313 1345 1368 male
1371 1321 1428 1367 et
1455 1313 1703 1369 sentiunt
1730 1320 1785 1365 et
1811 1312 2048 1379 loquun-

460 1415 572 1470 tur,
607 1405 919 1474 divinisque
958 1405 1104 1459 haud
1136 1420 1377 1475 congrue
1400 1402 1722 1473 Scripturis.
1746 1402 1865 1457 Non
1898 1400 2046 1455 enim

459 1495 731 1565 injustitia
761 1503 845 1549 est
875 1496 1022 1566 apud
1049 1497 1244 1561 Deum,
1300 1506 1360 1550 ut
1404 1495 1493 1560 iis,
1543 1509 1666 1564 quae
1709 1493 1884 1548 nostri
1921 1498 2049 1547 sunt

460 1586 626 1642 officii
670 1602 701 1641 a
753 1587 917 1653 nobis
970 1588 1251 1658 perfectis,
1306 1589 1423 1656 ipse
1468 1602 1593 1656 quae
1638 1600 1861 1640 suarum
1920 1594 2051 1639 sunt

458 1677 726 1747 partium,
760 1678 1023 1749 negligat.
1067 1678 1303 1732 Tantum
1346 1691 1495 1731 cura:
1524 1675 1624 1730 tibi
1670 1675 1763 1739 sit,
1802 1683 1865 1728 ut
1894 1690 2051 1744 repe-

461 1765 606 1820 riare
664 1774 829 1825 tunc.
888 1766 1111 1840 quando
1160 1766 1343 1819 anima
1396 1773 1489 1818 tua
1539 1778 1607 1818 ex
1657 1762 1762 1817 hoc
1816 1763 2049 1816 solvitur

464 1870 737 1925 corpore,
796 1857 1016 1912 fortiter
1077 1858 1403 1922 decertans,
1458 1857 1704 1912 studiose
1766 1866 2050 1929 satagens,

460 1953 788 2014 exspectans
814 1947 1259 2015 promissionem,
1292 1962 1676 2016 perseverans,
1711 1945 1965 2011 credens,
2000 1946 2055 1999 in

463 2035 801 2091 discretione
831 2052 1121 2107 quaerens;
1155 2045 1216 2092 et
1243 2053 1345 2108 ego
1376 2036 1476 2091 tibi
1511 2038 1657 2102 dico,
1691 2051 1797 2091 nec
1828 2035 2056 2091 credere

463 2126 709 2191 dubites,
756 2142 881 2182 cum
918 2128 1119 2199 gaudio
1162 2128 1364 2193 abibis,
1408 2136 1464 2183 et
1497 2127 1752 2181 fiduciam
1803 2126 2054 2191 habebis,

462 2230 520 2276 et
554 2237 723 2292 regno
747 2222 1025 2277 videberis
1042 2224 1261 2294 dignus.
1288 2224 1507 2285 Etenim
1535 2223 1661 2277 talis
1685 2224 1764 2291 (in
1789 2222 2055 2277 tenuitate

463 2326 583 2367 mea
631 2327 730 2381 per
790 2312 950 2367 fidem
992 2321 1048 2368 et
1090 2314 1237 2384 piam
1283 2312 1694 2377 confidentiam,
1734 2312 1879 2379 aio),
1912 2311 2054 2374 talis.

465 2403 712 2473 inquam,
734 2404 845 2472 jam
871 2405 983 2459 Deo
1004 2404 1395 2458 communicat.
1419 2404 1488 2459 Ut
1518 2404 1664 2459 enim
1690 2438 1706 2469 ,
1741 2400 1844 2467 Qui
1868 2402 2055 2455 viderit

465 2495 737 2549 mulierem
783 2496 853 2549 ad
897 2496 1372 2566 concupiscendum
1422 2511 1561 2559 eam,
1597 2495 1718 2564 jam
1772 2494 2056 2547 moechatus

464 2596 541 2641 est
571 2604 688 2641 eam
714 2591 769 2641 in
802 2589 957 2641 corde
984 2605 1081 2641 suo
1097 2589 1164 2651 ⁸⁸,
1199 2587 1304 2643 etsi
1332 2587 1559 2641 minime
1591 2586 1683 2640 hic
1724 2585 1893 2639 fuerit
1933 2599 2057 2638 cor-

464 2697 599 2752 pore
625 2682 867 2750 pollutus
886 2722 899 2745 ,
933 2690 1113 2737 tamen
1137 2683 1249 2753 jam
1274 2681 1534 2737 adulterii
1562 2690 1852 2752 reputatur
1890 2694 2017 2733 reus
2041 2697 2054 2733 :

463 2775 542 2827 sic
580 2774 673 2842 qui
707 2787 805 2827 eor
847 2774 1070 2843 quidem
1098 2789 1257 2828 suum
1294 2790 1324 2828 a
1351 2774 1511 2829 malis
1550 2774 1770 2837 avertit,
1804 2774 1916 2828 Deo
1955 2789 2055 2828 au—

466 2877 577 2921 tem
626 2866 918 2922 adluerens
959 2866 1240 2923 desiderio
1280 2876 1336 2922 et
1375 2868 1754 2938 inquisitione,
1805 2882 2061 2937 perseve-

464 2956 643 3008 rantia
692 2954 842 3024 apud
896 2955 1093 3020 Deum,
1135 2970 1201 3009 ac
1249 2955 1518 3026 flagrante
1565 2956 1621 3010 in
1672 2955 1769 3011 Dei
1813 2969 2057 3009 amorem

466 3045 751 3114 proposito
802 3044 997 3109 animi,
1051 3046 1273 3116 jamjam
1309 3046 1465 3115 quasi
1506 3045 1782 3114 particeps
1812 3046 1909 3099 Dei
1939 3053 2055 3109 est;

2144 578 2361 649 γλώττῃ
2392 574 2819 645 ἃπαραλείπτως
2849 574 3148 643 ἐπιζητεῖν,
3175 573 3267 626 xal.
3291 571 3380 625 τοῦ
3410 575 3474 642 τῇ
3515 589 3679 642 σωμα-

2143 674 2270 741 τικῇ
2321 668 2635 739 λειτουργίᾳ
2665 667 2961 729 ἀνενδότως
3011 665 3454 736 προσκαρτερεῖν·
3492 664 3559 735 μὴ
3586 666 3684 727 τοῖς

2145 770 2428 834 κοσμικαῖς
2456 762 2780 831 πράγμασιν
2832 758 3262 829 ἑμπλεκόμενος,
3304 756 3432 828 μηδὲ
3475 757 3578 818 τοῖς
3602 755 3687 823 τῆς

2147 854 2348 915 κακίας
2384 853 2582 907 πάθεσι
2624 850 3004 919 συνηδόμενος.
3046 846 3303 918 Ἀψευδὴς
3323 846 3426 916 γὰρ
3458 847 3485 899 ό
3513 842 3683 897 εἰπών’

2146 945 2229 998 ὃτι
2288 943 2422 999 Πᾶν
2463 942 2495 995 ὃ
2542 943 2650 997 ἐὰν
2710 938 2999 1007 αὶτήσητέ
3040 956 3115 1009 με
3146 938 3216 990 ἐν
3246 935 3582 1005 προσευχῇ,
3615 952 3692 988 πι-

2146 1041 2487 1104 στεύοντες,
2516 1038 2812 1105 λήψεσθε.
2863 1037 2927 1088 Ol
2980 1034 3037 1087 δὲ
3066 1034 3337 1102 λέγοντες,
3364 1030 3485 1085 Κᾶν
3524 1030 3696 1083 πάντα

2148 1130 2422 1199 ποιήσειέ
2449 1148 2539 1195 τις
2569 1130 2639 1183 τὰ
2666 1125 3138 1197 ὑποτεταγμένα,
3171 1125 3531 1194 παραμείνας
3546 1121 3609 1175 δὲ
3621 1120 3695 1190 μὴ

2148 1226 2301 1293 τύχῃ
2328 1221 2437 1289 τῆς
2461 1220 2724 1291 χάριτος,
2757 1221 2907 1274 κατὰ
2927 1219 3035 1272 τὸν
3054 1217 3240 1271 αίῶνα
3268 1215 3497 1277 τοῦτον,
3541 1213 3699 1267 οὐδὲν

2148 1318 2369 1383 ὤνησεο
2411 1314 2599 1376 κακῶς
2635 1312 2811 1366 οίδασί
2836 1328 2895 1364 τε
2931 1312 3025 1364 καὶ
3042 1309 3283 1378 λέγουσι,
3304 1308 3397 1361 καὶ
3422 1309 3533 1369 ταῖς
3550 1304 3699 1369 θείαις

2149 1404 2505 1475 ἀσυμφώνως
2530 1403 2798 1473 Γραφαῖς.
2836 1401 2910 1453 Οὐ
2940 1400 3049 1471 γάρ
3088 1402 3239 1453 ἐστιν
3265 1397 3440 1451 ἀδικία
3471 1398 3611 1467 παρὰ
3635 1395 3700 1465 τῷ

2149 1496 2290 1566 Θεῷ,
2321 1496 2407 1549 ἵνα
2435 1494 2544 1547 τῶν
2574 1495 2707 1564 ἡμῖν
2738 1492 3096 1562 καθηκόντων
3137 1489 3597 1561 κατορθωθέντων,
3619 1488 3701 1540 αὺ-

2150 1589 2241 1651 τδς
2262 1587 2372 1640 τῶν
2396 1586 2528 1656 παρ’
2560 1583 2739 1653 ἑαυτῷ
2762 1583 3082 1652 ἀμελήσειε.
3117 1582 3295 1635 Μόνον
3317 1578 3564 1647 ἐπιμελὲς
3584 1578 3704 1631 ἔστω

2154 1697 2235 1732 σοι
2264 1677 2557 1750 εὑρεθῆναι
2585 1677 2732 1739 τότε,
2770 1676 2857 1728 ὅτε
2890 1692 2981 1727 σου
3012 1676 3045 1743 ἡ
3074 1673 3221 1744 ψυχὴ
3247 1670 3344 1726 τοῦ
3371 1670 3547 1725 ἀθλίου
3571 1669 3705 1723 τοῦδε

2152 1771 2338 1825 λύεται
2382 1769 2656 1840 σώματος,
2700 1766 3125 1837 ἀγωνιζόμενον,
3158 1764 3474 1828 σπεύδοντα,
3506 1760 3708 1833 προσδε-

2157 1867 2385 1935 χόμενον
2442 1864 2543 1933 τὴν
2601 1858 2933 1929 ἐπαγγελίαν
2964 1898 2979 1921 ,
3046 1856 3590 1928 προσκαρτεροῦντα,
3634 1870 3709 1906 πι-

2158 1956 2437 2018 στεύοντα,
2475 1955 2534 2007 ὲν
2564 1953 2834 2023 διακρίσει
2863 1949 3151 2023 ζητοῦντα·
3182 1948 3339 2018 κάγώ
3371 1965 3452 2007 σοι
3475 1946 3608 2013 λέγω
3628 1944 3711 1998 καὶ

2160 2048 2233 2115 μὴ
2267 2045 2511 2108 ἀπίστει,
2564 2044 2704 2113 μετὰ
2744 2045 2918 2112 χαρᾶς
2950 2039 3250 2111 ἀπελεύσῃ,
3300 2038 3394 2092 καὶ
3429 2036 3711 2108 παρρησίαν

2155 2137 2317 2201 ἔξεις,
2353 2136 2493 2189 κατὰ
2517 2136 2616 2204 τῆς
2663 2133 2942 2205 βασιλείας
2972 2131 3189 2204 όφθὴσῃ
3218 2130 3391 2195 ἄξιος.
3428 2130 3533 2184 Kal.
3567 2126 3711 2197 γὰρό

2154 2227 2414 2289 τοιοῦτος,
2472 2228 2529 2279 ὲν
2569 2226 2862 2296 λεπτότητι
2900 2224 2987 2277 διὰ
3016 2227 3117 2296 τῆς
3162 2224 3419 2285 πίστεως,
3455 2222 3607 2290 φημὶ,
3634 2220 3712 2271 καὶ

2154 2317 2253 2387 τῆς
2289 2314 2630 2387 προθυμίας,
2662 2315 2762 2384 ἤδη
2803 2316 3051 2367 κοινωνεῖ
3082 2312 3159 2384 τῷ
3186 2312 3330 2381 Θεῷ.
3373 2311 3459 2371 '0;
3500 2310 3619 2380 γὰρ,
3660 2308 3713 2361 '0

2151 2407 2408 2473 ,ϐλέπων
2442 2405 2699 2476 γυναῖκα
2727 2406 2877 2474 πρὸς
2902 2405 2968 2458 τὸ
2995 2402 3367 2473 ἐπιθυμῆσαι
3399 2402 3626 2468 ταύτης,
3656 2400 3715 2453 ὲν

2157 2500 2232 2569 τῇ
2254 2500 2472 2569 καρδίᾳ
2493 2500 2882 2569 μεμοίχευκε,
2914 2499 3095 2552 καίτοι
3124 2499 3267 2552 κατὰ
3294 2497 3458 2566 σῶμα
3482 2496 3552 2567 μὴ
3583 2510 3719 2565 μιαν-

2159 2590 2274 2653 θεὶς
2300 2582 2478 2653 οὗτος,
2513 2590 2661 2659 ὅμως
2695 2589 2771 2651 ὡς
2804 2587 3101 2657 μοιχεύσας
3147 2588 3247 2657 ἥδη
3290 2586 3609 2655 λελόγισται·
3641 2581 3719 2637 οὔ·

2158 2700 2265 2744 τως
2296 2682 2326 2734 ό
2350 2680 2419 2733 τὰ
2448 2681 2662 2750 πονηρά
2699 2680 2798 2748 μὲν
2834 2680 2893 2733 ὲν
2920 2683 2986 2751 τῇ
3018 2679 3215 2750 καρδίᾳ
3243 2678 3633 2748 ἀποστραφεὶς,
3654 2674 3721 2737 τῷ

2158 2772 2215 2825 δὲ
2276 2772 2470 2842 Κυρίῳ
2518 2771 2865 2840 κολλώμενος
2896 2771 3052 2841 πόθῳ
3099 2772 3197 2824 καὶ
3224 2772 3541 2842 ὲκζητήσει,
3572 2784 3721 2837 προσ-

2160 2862 2345 2933 εδρείᾳ
2370 2880 2455 2928 τε,
2491 2864 2656 2932 φημὶ,
2687 2864 2782 2914 καὶ
2806 2862 3043 2931 θεοφιλεῖ
3072 2861 3334 2929 διαθέσει,
3368 2862 3610 2932 καθάπερ
3636 2858 3723 2929 ήδη

2160 2955 2410 3006 κοινωνεῖ
2462 2953 2540 3023 τῷ
2583 2952 2723 3023 Θεῷ,
2780 2952 2877 3005 καὶ
2924 2954 3069 3022 μέγα
3122 2952 3295 3024 δῶρον
3355 2952 3548 3006 αὐτίκα
3594 2949 3726 3021 παρὰ

2161 3044 2296 3097 Θεοῦ
2324 3045 2437 3115 ἔχει
2492 3045 2627 3097 αὐτὸ
2676 3044 2857 3108 τοῦτο,
2888 3044 2950 3097 τὸ
2990 3046 3057 3115 τῇ
3102 3046 3234 3116 εὐχῇ
3269 3042 3725 3116 προσεδρεύειντῇ

466 3144 619 3189 certe
660 3150 919 3205 magnum
963 3136 1170 3190 donum
1209 3136 1445 3192 statima
1470 3137 1601 3205 ,Deo
1652 3137 1841 3202 habet,
1895 3137 2054 3192 istam

2164 3137 2344 3208 ἀγαθῇ
2384 3154 2445 3190 τε
2481 3137 2685 3209 σπουδῇ
2725 3138 2821 3191 καὶ
2850 3137 3095 3209 πολιτείᾳ
3124 3141 3189 3208 τῇ
3225 3138 3523 3210 φιλαρέτῳ.
3550 3138 3607 3190 Ei
3634 3136 3727 3204 γὰρ

468 3226 643 3298 ipsam
684 3228 1018 3298 persistendi
1050 3228 1108 3282 in
1141 3229 1389 3283 oratione
1429 3228 1686 3299 gratiam,
1735 3227 1898 3281 simul
1930 3244 2054 3281 cum

2168 3230 2259 3283 καὶ
2288 3229 2549 3299 ποτηρίου
2588 3228 2797 3300 ψυχροῦ
2830 3228 2977 3292 δόσις
3010 3230 3111 3283 οὐκ
3133 3229 3392 3299 ἄμισθος,
3442 3230 3588 3299 πόσῳ
3615 3227 3729 3298 μᾶλ-

467 3322 614 3378 bono
657 3321 865 3386 studio,
916 3329 974 3377 et
1016 3321 1436 3376 conversatione
1465 3320 1686 3375 virtutis
1728 3329 1968 3375 amante.
2000 3320 2054 3374 Si

2169 3324 2260 3377 λον
2293 3326 2405 3386 τοῖς
2428 3324 2578 3393 αύτῷ
2617 3324 3048 3393 προσανέχουσιν
3077 3323 3295 3394 ἡμέρας
3329 3342 3388 3377 τε
3420 3325 3512 3377 καὶ
3538 3321 3725 3385 νυκτὸς,

466 3413 617 3468 enim
664 3429 735 3468 ne
782 3412 973 3468 calicis
1012 3412 1239 3483 quidem
1284 3410 1496 3482 frigida:
1524 3410 1761 3477 donatio
1803 3412 2054 3467 mercede

2172 3413 2447 3482 δεομένοις
2467 3412 2528 3464 τὸ
2558 3411 2895 3479 ὲπαγγελθὲν
2925 3412 3058 3475 θεὸς
3078 3412 3342 3482 παρέξειί

467 3516 622 3563 caret
663 3524 795 3574 sua,
825 3517 1037 3578 quanto
1090 3507 1264 3579 magis
1294 3507 1381 3573 iis,
1431 3507 1526 3577 qui
1582 3507 1678 3561 diu
1731 3516 2013 3578 noctuque
2054 3510 2282 3564 intentis
2311 3508 2367 3563 in
2414 3508 2594 3578 ipsum
2625 3507 2801 3563 oculis
2829 3506 2897 3561 ab
2960 3522 3028 3563 eo
3068 3509 3377 3578 postulant,
3425 3509 3729 3581 promissum

467 3602 614 3657 Deus
643 3601 952 3672 praebebit!

541 3693 632 3747 lX.
674 3693 808 3759 lllis,
842 3692 936 3762 qui
970 3692 1132 3746 anxio
1157 3693 1341 3747 animo
1372 3701 1671 3749 aestuantes
1708 3693 1928 3749 dicunt:
1978 3693 2065 3747 Eu

466 3783 566 3838 erit
616 3783 713 3836 illa
757 3799 997 3851 unquam
1026 3784 1156 3847 dies,
1186 3799 1291 3853 qua
1326 3799 1432 3836 non
1460 3784 1691 3837 sentiam
1736 3785 2065 3837 eversionem

469 3875 638 3931 animi
671 3893 702 3928 a
746 3874 935 3943 fratre,
976 3884 1069 3927 aut
1114 3874 1251 3928 alias
1278 3874 1500 3940 similes,
1536 3893 1766 3946 quarum
1793 3878 1922 3930 mihi
1946 3892 2064 3930 sum

468 3966 742 4030 conscius,
799 3981 993 4036 pravas
1046 3966 1376 4035 affectiones,
1428 3984 1562 4037 quas
1610 3968 1822 4038 quidem
1870 3969 2064 4022 invitus

469 4059 681 4126 patior;
740 4057 857 4110 haec
909 4055 1225 4125 reponenda
1278 4064 1455 4110 sunt:
1516 4055 1737 4110 Homini
1783 4064 2063 4109 certamen

470 4144 831 4214 studiumque
886 4158 1051 4197 omne
1103 4144 1159 4197 in
1217 4144 1323 4198 hoc
1379 4160 1501 4199 esse
1553 4145 1948 4208 constitutum,
2004 4156 2063 4200 ut

470 4235 691 4289 diabolo
716 4244 775 4288 et
798 4234 984 4303 pravis
1011 4234 1440 4303 cogitationibus
1482 4250 1700 4305 semper
1722 4235 2055 4291 obluctetur.

469 4327 643 4381 Vitari
679 4327 839 4396 182
873 4334 1056 4381 autem
1089 4341 1199 4380 non
1231 4341 1413 4396 posse,
1449 4327 1582 4397 quin
1616 4327 1791 4397 caligo
1836 4337 2061 4397 pertur-

2237 3692 2314 3742 8’.
2373 3687 2515 3758 Πρὸς
2564 3690 2691 3750 τοὺς
2744 3686 3138 3756 διαωροῦντάς
3185 3706 3359 3759 φησι,
3424 3696 3484 3748 Τί
3531 3695 3615 3749 ὅτι
3656 3694 3731 3764 μὴ

2167 3782 2398 3851 γίνεταί
2426 3798 2516 3846 τις
2550 3780 2758 3850 ἡμέρα.
2788 3784 2858 3835 ὲν
2896 3778 2936 3854 ᾗ
2984 3786 3082 3839 καί
3124 3787 3211 3856 μὴ
3245 3788 3351 3842 διὰ
3388 3793 3607 3858 μίσους
3632 3790 3732 3858 ἔχω

2166 3873 2275 3926 τὸν
2332 3872 2623 3941 ἀδελφὸν,
2651 3873 2689 3940 ἢ
2732 3875 2829 3927 καί
2866 3875 3027 3931 ἄλλα
3068 3879 3204 3932 τινὰ
3245 3884 3487 3949 πονηρὰ
3524 3878 3734 3951 ἐμαυτῷ

2166 3961 2641 4029 συνεπίσταμαι,
2688 3961 2871 4031 dixal
2905 3964 3118 4019 ἄκοντι
3156 3971 3475 4036 συμϐαίνει
3508 3988 3606 4039 μοι
3636 3967 3729 4021 πά-

2166 4068 2380 4122 σχειν;
2423 4052 2599 4107 ταῦτα
2648 4054 2894 4108 λακτέον⁸
2923 4057 2999 4119 ὡς
3048 4061 3077 4110 ὁ
3108 4058 3207 4128 μὲν
3250 4062 3407 4129 ἁγὼν
3435 4062 3577 4125 ἅπας
3601 4061 3728 4127 καὶὴ

2164 4143 2369 4214 σπουδὴ
2411 4143 2488 4213 τῷ
2534 4144 2827 4217 ἀνθρώπῳ,
2856 4146 2997 4201 ὥστε
3029 4153 3126 4201 κα)⁸
3154 4150 3234 4219 τῷ
3262 4153 3491 4223 πονηρῷ
3524 4153 3613 4206 καὶ
3636 4153 3732 4211 τοῖς

2168 4238 2428 4305 πονηροῖς
2470 4238 2835 4292 ἁντιτίθεσθαι
2888 4240 3168 4311 λογισμοῖς
3210 4243 3301 4297 διὰ
3346 4246 3549 4307 παντὸς
3589 4244 3729 4297 ἔστω.

2181 4328 2487 4397 Ἀμήχανον
2533 4328 2610 4391 δὲ,
2661 4328 2747 4381 ίνα
2781 4328 2844 4381 τὸ
2876 4332 3069 4395 σκότος
3103 4332 3214 4386 τῶν
3242 4334 3459 4399 παθῶν,
3490 4335 3583 4388 καὶ
3605 4337 3631 4387 ό
3656 4333 3729 4385 θά-

471 4417 781 4480 bationum,
829 4425 887 4470 et
932 4431 1081 4471 mors
1120 4416 1371 4471 insidens
1408 4417 1694 4486 sapientiae
1722 4418 1907 4472 carnis
1948 4433 2054 4471 non

2168 4435 2327 4481 νατος
2360 4418 2456 4471 τοῦ
2481 4420 2851 4489 φρονήματςς,
2882 4423 3047 4491 φημὶ,
3077 4422 3178 4494 τῆς
3209 4426 3417 4496 σαρκὸς
3445 4427 3521 4498 μὴ
3552 4425 3731 4480 ἐπιδεί-

470 4508 782 4581 producant
815 4510 1058 4564 fructum
1087 4509 1325 4579 aliquem
1351 4509 1573 4564 malitiae
1602 4510 1687 4563 vel
1716 4512 1932 4565 occulte
1970 4510 2059 4564 vel

468 4601 671 4673 palam.
702 4600 773 4657 Ut
805 4600 955 4655 enim
975 4600 1178 4655 vulnus
1204 4600 1259 4654 in
1286 4616 1519 4671 corpore
1544 4601 1725 4671 quoad
1752 4617 1863 4657 non
1897 4603 2060 4673 plane

467 4692 774 4747 obductum
817 4700 921 4755 est,
964 4690 1149 4744 caveri
1188 4691 1399 4760 nequit,
1449 4692 1583 4761 quin
1630 4693 1829 4762 exiguo
1866 4694 2059 4749 saltem

468 4784 655 4854 aliquo
696 4783 841 4838 tabis
876 4782 1077 4837 ellluxu
1131 4782 1361 4836 madens
1407 4781 1663 4848 sordeat;
1715 4785 2060 4852 quantalibet

468 4874 754 4945 diligentia
794 4884 1045 4941 curetur,
1078 4874 1330 4945 nihilque
1372 4876 1659 4930 omittatur
1688 4876 1974 4932 industriae
2003 4878 2061 4933 in

466 4968 550 5022 eis
593 4968 926 5023 adhibendis
965 4966 1226 5021 remediis
1270 4966 1715 5038 adjumentisque
1744 4970 1927 5023 omnis
1960 4984 2056 5039 ge-

469 5058 652 5123 neris;
686 5058 830 5113 idem
858 5074 990 5114 vero
1034 5059 1080 5113 si
1112 5073 1342 5128 prorsus
1370 5058 1699 5130 negligatur,
1748 5062 2061 5130 corruptio-

466 5168 595 5209 nem
649 5153 928 5208 interdum
975 5154 1390 5223 perniciemque
1439 5153 1538 5207 toti
1586 5152 1755 5206 infert
1796 5153 2055 5222 corpori:

467 5245 633 5301 simili
662 5255 792 5315 puta
819 5247 982 5302 modo
1015 5247 1339 5301 affectiones
1362 5260 1586 5315 quoque
1612 5246 1828 5306 animae.
1860 5255 2059 5299 utcun-

467 5352 576 5406 quc
606 5338 777 5391 multa
806 5336 972 5393 fuerit
1017 5337 1264 5391 adhibita
1293 5351 1449 5401 cura,
1484 5336 1636 5390 intus
1660 5345 1842 5391 tamen
1876 5338 2057 5392 adhuc

470 5429 726 5485 tabosuo
755 5438 1205 5498 corrumpuntur,
1249 5428 1470 5483 tandem
1504 5438 1688 5483 tamen
1735 5430 2057 5485 assiduitate

470 5518 905 5589 diligentissima:
964 5520 1302 5583 curationis,
1371 5533 1470 5587 per
1525 5519 1734 5574 Christi
1796 5521 2055 5589 gratiam,

469 5611 714 5680 perfecte
759 5619 1044 5666 sanantur.
1093 5612 1189 5665 Est
1228 5625 1377 5665 entm
1409 5610 1624 5664 occulta
1658 5610 1907 5679 quaedam
1934 5611 2055 5676 ftex,

543 5811 589 5844 "’
622 5813 812 5869 Matth.
848 5830 959 5883 ut,
996 5819 1083 5871 22.
1162 5819 1207 5850 “
1242 5817 1433 5871 Matth.
1475 5833 1527 5883 γ,
1564 5815 1655 5872 28.

1489 6412 2119 6419 m7

2168 4510 2397 4562 κνυσθαί
2423 4528 2541 4562 τινα
2573 4510 2791 4580 καρπὸν
2834 4512 2965 4566 ίδιον
2990 4514 3089 4584 τὴν
3128 4516 3332 4569 κακίαν
3358 4519 3477 4588 ἤτοι
3507 4531 3729 4585 κεκρυμ-

2171 4600 2415 4671 μένωςῆ
2469 4603 2745 4673 φανερῶς.
2796 4605 3006 4675 ’Ὠσπερ
3048 4606 3158 4677 γάρ
3201 4624 3256 4661 τι
3302 4608 3531 4680 τραῦμα
3557 4610 3613 4661 ὲν
3644 4604 3732 4660 σώ-

2168 4708 2302 4760 ματι
2334 4692 2413 4758 ὃν,
2446 4693 2709 4747 ἀδύνατον
2758 4696 2861 4759 ἕως
2893 4696 3046 4750 οὔπω
3069 4699 3274 4753 τέλειον
3327 4702 3477 4772 ίαθῇ,
3525 4700 3597 4763 ὡς
3625 4696 3730 4769 μηδ’

2166 4780 2333 4851 ὀλίγῳ
2361 4783 2469 4835 τινὶ
2499 4783 2577 4853 τῷ
2608 4785 2764 4856 ίχῶρι
2807 4787 3001 4857 μυδᾷν·
3040 4791 3132 4842 καὶ
3169 4790 3344 4844 ταῦτα
3373 4790 3730 4863 θεραπευόμε-

2166 4875 2257 4928 νόν
2298 4892 2381 4939 τε,
2415 4877 2510 4929 καὶ
2547 4877 2775 4947 μηδενὸς
2824 4880 2934 4932 τῶν
2973 4883 3052 4945 είς
3081 4884 3403 4953 ἐπιμελείας
3438 4885 3624 4937 τούτου
3650 4878 3729 4933 λό-

2164 4983 2277 5036 γων
2311 4970 2559 5038 ἡκόντων
2601 4970 3024 5042 ἀπαξιοῦμενον·
3058 4974 3331 5047 ἀμεληθὲν
3363 4978 3421 5030 δὲ
3452 4973 3729 5045 σῆψινεστι

2162 5059 2208 5112 δ’
2238 5062 2327 5114 ὅτε
2358 5064 2455 5116 καὶ
2484 5062 2663 5133 λύμην
2692 5064 2771 5135 τῷ
2802 5065 2908 5137 ὅλῳ
2941 5068 3232 5137 ἐργάζεται
3268 5069 3506 5141 σώματιο
3534 5070 3619 5124 τὸν
3648 5066 3731 5119 αύ·

2161 5152 2254 5205 τὸν
2306 5153 2421 5206 οίου
2469 5172 2559 5224 μοι
2611 5158 2812 5225 τρόπον
2852 5160 2945 5211 καὶ
2992 5160 3061 5213 τὰ
3100 5164 3199 5232 τῆς
3233 5161 3416 5232 ψυχῆς
3451 5161 3616 5232 πάθη,
3649 5156 3732 5212 καὶ

2165 5244 2367 5315 πολλῆς
2384 5247 2729 5302 ἀπολαύοντα
2743 5250 2842 5320 τῆς
2857 5251 3113 5321 σπουδῆς,
3137 5254 3287 5325 ὅμως
3302 5255 3455 5309 ἔνδον
3477 5254 3732 5325 σμύχοντα

2164 5339 2463 5408 ὲπιμένειψ
2500 5340 2639 5412 πλὴν
2678 5342 2814 5395 ἀλλὰ
2840 5343 2918 5414 τῷ
2950 5346 3254 5417 παραμόνῳ
3298 5346 3403 5415 τῆς
3437 5340 3735 5415 ἐπιμελείας

2163 5429 2255 5482 διὰ
2276 5431 2368 5483 τοῦ
2389 5431 2631 5502 Χριστοῦ
2648 5433 2868 5503 χάριτός
2885 5452 2944 5489 τε
2958 5438 3051 5489 καὶ
3072 5438 3393 5509 συνεργείας
3408 5435 3595 5505 ἐντελῆ
3611 5434 3705 5499 λαμ
3711 5458 3732 5470 ⁸

2166 5521 2320 5575 εάνει
2359 5523 2460 5594 τὴν
2496 5525 2661 5580 ίασιν.
2702 5528 2865 5580 Ἔστι
2891 5530 2999 5598 γάρ
3033 5545 3117 5592 τις
3168 5530 3410 5601 κρυπτὸς
3443 5527 3626 5597 ῥύπος,
3653 5521 3731 5575 καὶ

2168 5615 2422 5685 περιττόν
2449 5632 2507 5667 τε
2540 5616 2731 5681 σκότος
2761 5620 2973 5686 παθῶν,
3018 5620 3046 5673 δ
3088 5623 3237 5693 παρὰ
3266 5621 3367 5690 τὴν
3385 5617 3624 5688 καθαρὰν
3644 5608 3726 5665 τοῦ
