3980 6434
349 368 456 433 873

1228 371 1460 431 LIBER
1495 373 1594 433 DE
1627 370 2036 433 PATIENTIA
2075 370 2169 430 ET
2204 371 2730 435 DISCRETIUNE.

3500 368 3606 433 874

351 478 639 551 ἀνθρώπου
694 479 856 549 φύσιν
906 481 994 536 διὰ
1050 480 1150 550 τῆς
1192 480 1288 534 τοῦ
1331 482 1501 553 ’Δδάμ
1550 482 1945 553 παραὸάσεωςι

2037 487 2071 533 :t
2093 482 2445 538 tenebrarum
2479 485 2798 540 redundans
2818 482 3016 540 offusio
3040 497 3109 539 ex
3136 480 3452 547 affectibus,
3480 494 3608 551 quae

351 570 647 643 παρεισέδυ
700 570 853 640 πάσῃ
901 574 970 643 τῇ
1012 572 1428 644 ἀνθρωπότητι·
1470 575 1753 629 καὶτοῦτο
1785 574 1928 628 θολοῑ

353 663 449 717 καὶ
486 661 840 732 καταμιαίνει
891 663 988 717 καὶ
1032 662 1190 735 σῶμα
1242 666 1414 736 δήπου
1451 668 1543 720 καὶ
1578 666 1678 739 τὴν
1722 667 1924 737 ψυχήν.

366 752 509 809 Ἀλλ’
531 751 721 823 ὥσπερ
764 753 986 826 σίδηρος
1014 755 1357 826 πυρούμενός
1386 774 1447 810 τε
1478 758 1570 811 καὶ
1599 758 1930 827 τυπτόμενος

355 845 697 916 καθαίρεται·
740 847 773 916 ἢ
807 846 1006 918 χρυσὸς
1040 847 1226 919 χαλκῷ
1257 849 1290 920 ἢ
1323 851 1420 903 καὶ
1454 850 1658 921 σιδήρῳ
1684 867 1928 921 συγκραο

354 934 471 999 θεὶς
495 935 633 1007 πυρὶ
660 936 951 1007 διαιρεῖται
982 937 1147 1009 μόνῳ·
1176 938 1319 993 οὕτω
1344 942 1440 994 καὶ
1466 942 1499 1012 ἠ
1529 941 1675 1013 ψυχὴ
1709 942 1796 996 διά
1819 943 1930 997 τῶν

354 1025 639 1097 ἀχράντων
666 1026 762 1080 τοῦ
792 1028 1044 1098 Σωτῆρος
1078 1028 1269 1083 παθῶν
1295 1030 1374 1101 τῷ
1411 1031 1599 1102 ἀγαθῷ
1649 1033 1929 1103 Πνεύματι

356 1117 674 1187 πυρουμένη
716 1118 812 1172 καὶ
844 1119 1179 1190 τυπτομένη,
1210 1121 1414 1185 παντὸς
1447 1123 1654 1187 πάθους
1697 1125 1791 1178 καὶ
1827 1125 1931 1179 πά-

359 1224 461 1278 σης
492 1207 880 1280 ἐκκαθαίρεται
904 1210 1197 1282 ἁμαρτίας.

426 1382 486 1442 ι’.
519 1386 732 1457 Ὠσπερ
776 1386 921 1452 τινὲς
971 1388 1255 1459 λαμπάδες
1286 1389 1480 1443 πολλαὶ
1526 1390 1608 1445 ἑνὶ
1646 1391 1810 1463 ἐλαίῳ
1838 1394 1932 1446 καὶ

359 1478 440 1531 ἑνὶ
470 1477 796 1547 ἀναφθεῖσαι
842 1479 998 1549 πυρὶ,
1040 1478 1141 1533 οὐκ
1188 1481 1290 1549 ῑσῳ
1320 1480 1399 1552 τῷ
1450 1482 1630 1553 μέτρῳ
1674 1483 1933 1548 πολλάκις

358 1568 458 1636 τὴν
485 1566 580 1620 τοῦ
624 1568 799 1639 πυρὸς
850 1568 1028 1639 αὐγὴν
1074 1570 1323 1639 ἀφιᾶσιν·
1372 1570 1514 1625 οὕτω
1558 1574 1652 1626 καὶ
1676 1573 1745 1626 τά
1770 1573 1930 1644 χαρί-

360 1676 545 1730 σματα
593 1659 661 1715 τὰ
710 1662 775 1713 ἐκ
827 1660 1097 1731 διαφόρων
1159 1662 1626 1734 κατορθωμάτων,
1678 1666 1933 1737 διάφορον

356 1751 471 1822 εχει
503 1751 600 1805 καὶ
624 1750 722 1822 τὴν
754 1751 929 1824 αὐγὴν
954 1752 1047 1807 τοῦ
1076 1753 1285 1823 ἀγαθοῦ
1312 1755 1648 1826 Πνεύματος·
1679 1758 1713 1828 ἢ
1744 1757 1931 1828 ὥσπερ

355 1844 417 1895 ἐν
461 1842 614 1896 πόλει
666 1843 881 1897 πολλῶν
920 1843 1110 1908 ὄντων,
1148 1846 1244 1900 καὶ
1270 1846 1375 1918 τὴν
1414 1847 1587 1918 αὐτὴν
1613 1850 1925 1915 οἰκούντων,

356 1933 436 1988 ἑνί
463 1950 524 1988 τε
556 1934 706 2006 ἄρτῳ
732 1936 825 1990 καὶ
850 1936 930 1990 ἑνὶ
948 1936 1250 2007 χρωμένων
1288 1938 1466 2005 ὕδατι,
1515 1941 1567 1994 οἱ
1619 1940 1719 2013 μὲν
1746 1942 1928 1997 αὐτῶν

353 2025 565 2096 ἄνδρες,
592 2026 639 2079 οί
682 2026 739 2080 δὲ
784 2027 990 2097 νήπιοι,
1025 2029 1075 2081 οἱ
1130 2029 1189 2084 δὲ
1240 2031 1431 2094 παῖδές
1482 2032 1640 2095 είσιν,
1670 2033 1721 2087 οί
1749 2033 1807 2086 δὲ
1834 2034 1929 2103 γέ-

354 2133 570 2184 ροντες,
609 2117 703 2171 καὶ
756 2118 890 2172 πολὺ
946 2118 1006 2171 τὸ
1056 2120 1436 2192 παραλλάττον
1491 2124 1551 2177 ὲν
1594 2124 1780 2189 αὐτοῖς
1834 2126 1929 2180 καὶ

350 2208 627 2278 διάφορον·
653 2208 687 2279 ἢ
718 2207 909 2281 ὥσπερ
945 2213 1091 2274 σῖτος
1133 2214 1192 2266 ὲν
1227 2214 1327 2285 μιᾷ
1359 2215 1453 2267 καὶ
1493 2218 1559 2285 τῇ
1608 2217 1744 2288 αὐτῇ
1772 2216 1928 2289 χώρα

352 2303 823 2375 κατεσπαρμένος,
868 2303 1160 2374 διαφόρους
1178 2304 1352 2376 δήπου
1401 2308 1649 2371 καὶτοὺς
1687 2309 1928 2379 στάχυας

351 2393 696 2447 ἀναδίδωσιν·
730 2395 789 2448 ὲν
818 2395 1003 2465 μέντοι
1032 2398 1097 2466 τῇ
1150 2396 1287 2467 αὐτῇ
1319 2398 1431 2468 άλῳ
1477 2400 1791 2468 συνάγεται,
1834 2401 1927 2455 καὶ

348 2487 417 2556 τῇ
450 2486 585 2555 αὐτῇ
624 2484 878 2558 ἀποθήκῃ
908 2486 1308 2540 ἐναποτίθεται·
1342 2487 1514 2552 οὕτως
1557 2489 1671 2543 οἴου
1704 2508 1795 2560 μοι
1824 2492 1928 2546 κάν

348 2579 418 2649 τῇ
450 2576 559 2631 τῶν
584 2577 792 2648 νεκρῶν
836 2577 1132 2630 ἀναστάσει
1175 2578 1437 2649 διαφοράν
1488 2580 1645 2652 δόξης
1690 2582 1797 2635 τῶν
1835 2584 1927 2636 ἀν-

354 2670 660 2743 ισταμένων
709 2670 1051 2735 δοξάζεσθαι,
1100 2671 1195 2725 καὶ
1228 2674 1591 2744 γνωρίζεσθαι
1643 2676 1785 2730 κατά
1826 2678 1926 2748 τὴν

349 2764 508 2831 ἀξίαν
552 2765 663 2818 τῶν
714 2763 1174 2834 κατορθωμάτων,
1212 2764 1353 2818 κατά
1384 2766 1482 2836 τὴν
1510 2768 1798 2836 μετουσίαν
1830 2768 1923 2823 τοῦ

350 2854 600 2909 ἐντεῦθεν
649 2855 751 2925 ήδη
782 2854 1122 2925 ἐνῳκηκότος
1174 2856 1357 2919 αὐτοῖς
1403 2855 1547 2909 θείου
1584 2857 1922 2927 Πνεύματος·

350 2947 447 3001 καὶ
491 2945 649 3000 τοῦτο
690 2939 830 2999 εἶναι
877 2945 957 3012 τὸ,
1019 2946 1240 3015 Ἀστὴρ
1282 2946 1534 3014 ἀστέρος
1563 2948 1825 3017 διαφέρει
1857 2950 1928 3004 ἐν

350 3036 524 3120 δόξῃ.

351 3260 379 3297 .
424 3208 525 3263 IA'.
588 3209 758 3263 Τοῦτο
811 3210 970 3279 μόνον
1014 3209 1154 3263 κατὰ
1208 3210 1444 3282 σπουδὴν
1494 3212 1663 3279 ἔστω,
1714 3214 1803 3269 ενα
1844 3233 1932 3279 τις

352 3301 638 3372 γεννηθεὶς
667 3302 745 3372 τῷ
771 3302 1050 3372 Πνεύματι
1086 3302 1163 3372 τῷ
1203 3303 1347 3375 ἁγίῳ
1380 3305 1482 3375 τὴν
1508 3304 1714 3361 ἔνοικον
1745 3308 1934 3361 ἀπονί-

351 3394 525 3461 ψηται
558 3394 854 3466 ἁμαρτίαν.
903 3395 1014 3447 Καὶ
1048 3394 1156 3465 γὰρ
1183 3394 1240 3448 ἕν
1277 3412 1383 3449 τινι
1431 3397 1586 3469 μέρει
1617 3399 1712 3451 καὶ
1749 3400 1931 3471 ἐκείνη

354 3489 390 3557 ἠ
419 3486 508 3541 διά
534 3486 627 3541 τοῦ
663 3486 976 3558 Πνεύματος
1004 3488 1098 3541 τοῦ
1148 3489 1304 3557 ἁγίου
1340 3490 1611 3561 γέννησις,
1642 3493 1825 3547 εἰκόνα
1848 3511 1934 3545 τε-

354 3577 629 3648 λειότητος
675 3577 789 3647 έχει
828 3576 885 3631 έν
926 3594 986 3631 τε
1032 3579 1098 3649 τῇ
1154 3582 1336 3649 μορφῇ
1375 3581 1468 3632 καὶ
1524 3585 1637 3645 τοῖς
1694 3584 1931 3651 μέλεσιν·

353 3670 419 3723 οὐ
461 3671 643 3740 μέντοι
689 3670 1002 3742 δυνάμει,ἥ
1039 3670 1136 3739 νῷ,
1185 3671 1217 3742 ἢ
1270 3671 1512 3743 ἀνδρείᾳ·
1554 3674 1582 3725 ὁ
1633 3674 1742 3744 γὰρ
1796 3677 1937 3747 πρὸς

355 3758 524 3828 ἄνδρα
569 3758 776 3812 τέλειον
814 3760 907 3813 καὶ
955 3758 1154 3830 μέτρον
1210 3760 1542 3831 ἀφικόμενος
1583 3763 1821 3833 ἡλικίας,
1868 3767 1937 3819 τά

355 3849 452 3902 τοῦ
476 3849 669 3919 νηπίου
701 3848 1257 3917 πέφυκε’καταργεῖν·
1287 3852 1381 3904 καὶ
1405 3851 1561 3906 τοῦτό
1594 3854 1763 3923 ἐστιν,
1800 3856 1935 3927 ὅπερ

354 3939 385 3990 ὁ
426 3937 748 4001 Ἀπόστολος
788 3937 1005 4007 ἔλεγεν·
1057 3939 1193 3992 Εἴτε
1248 3938 1521 4009 γλῶσσαι
1567 3946 1937 4015 καταργηθή-

356 4045 589 4096 σονται,
633 4030 752 4083 εἴτε
783 4028 1151 4099 προφητεῖαι.
1182 4030 1395 4102 Ὥσπερ
1440 4035 1549 4104 γὰρ
1590 4036 1619 4088 ό
1654 4035 1815 4107 ἀνὴρῖ
1832 4038 1933 4109 ήδη

354 4122 668 4193 γενόμενος,
693 4119 815 4174 οὔτε
836 4122 1045 4192 τροφὰς
1066 4123 1192 4176 οὔτε
1223 4123 1413 4193 λόγους
1439 4126 1566 4190 τοὺς
1594 4111 1745 4181 παιδὶ
1769 4144 1937 4199 προσ-

354 4215 589 4283 ήκοντας
634 4214 1010 4285 καταδέχεται,
1042 4215 1158 4268 ἀλλ’
1192 4216 1547 4281 ἀναξιοπαθεῖ
1590 4218 1725 4289 πρὸς
1765 4220 1928 4286 αὑτά,

354 4304 431 4367 ῶς
478 4305 671 4375 ἐτέρας
703 4305 805 4376 ἤδη
847 4305 1126 4376 διαγωγῆς
1156 4307 1372 4371 ἐπιϐάς·
1407 4307 1579 4373 οὕτως
1611 4311 1640 4363 ὁ
1682 4311 1817 4382 πρὸς
1845 4328 1933 4364 τε·

354 4396 573 4450 λείωσιν
605 4397 714 4450 τῶν
760 4398 1133 4467 εὐαγγελικῶν
1178 4400 1424 4465 αὐξάνων
1469 4402 1931 4472 κατορθωμάτων,

2029 569 2084 623 in
2121 586 2314 639 puram
2343 589 2375 628 a
2410 573 2684 644 principio
2730 573 2972 629 hominis
3016 578 3273 626 naturam
3313 569 3510 624 Adami
3546 583 3609 624 se

2027 663 2462 730 transgressione
2523 662 2827 718 insinuavit
2871 661 2940 728 lin
3003 657 3438 722 humanitatem;
3489 655 3610 712 haec

2027 752 2243 820 polluit,
2281 753 2399 807 haec
2434 753 2776 808 contaminat
2805 760 2914 807 tam
2943 765 3143 820 corpus
3162 747 3419 803 videlicet
3442 761 3610 816 quam

2028 843 2287 897 animam.
2316 844 2516 898 Verum
2546 852 2609 897 ut
2638 843 2844 898 ferrum
2874 842 3008 897 dum
3048 839 3277 911 ignitum
3314 834 3611 892 contundi-

2029 940 2139 999 tur,
2205 943 2578 1004 expurgatur;
2647 942 2817 1003 utque
2886 946 3081 987 aurum
3146 929 3273 985 aeris
3323 936 3421 982 aut
3474 926 3608 980 ferri

2030 1022 2289 1077 mistione
2339 1021 2624 1085 infectum,
2671 1021 2783 1092 igni
2831 1020 3175 1084 secernitur;
3228 1016 3350 1087 pari
3392 1016 3607 1072 ratione

2030 1115 2213 1170 anima
2265 1130 2365 1184 per
2406 1113 2786 1169 immaculatas
2836 1112 3220 1182 perpessiones
3276 1109 3606 1175 Salvatoris,

2031 1207 2181 1261 bono
2228 1205 2438 1277 Spiritu
2490 1205 2682 1276 ignita,
2719 1214 2775 1259 et
2803 1219 3090 1273 percussa,
3131 1202 3201 1257 ab
3243 1203 3395 1257 omni
3438 1218 3609 1273 pravo

2031 1297 2231 1353 affectu
2258 1306 2313 1354 et
2336 1307 2561 1369 peccato
2580 1304 2935 1367 expurgatur.

2104 1386 2171 1441 X.
2222 1387 2293 1443 Ut
2327 1386 2575 1456 quaedam
2609 1384 2889 1453 lampades
2921 1399 3033 1440 uno
3073 1385 3263 1454 plures
3307 1383 3455 1447 oleo,
3498 1398 3609 1437 uno

2032 1491 2279 1532 accensa:
2323 1476 2457 1546 igni,
2510 1474 2658 1530 haud
2701 1490 2886 1544 parem
2930 1483 3113 1528 tamen
3157 1488 3301 1542 saepe
3350 1474 3611 1526 emittunt

2031 1566 2338 1636 fulgorem;
2384 1566 2465 1621 sic
2511 1575 2571 1621 et
2616 1566 2943 1621 charismata
2993 1565 3049 1618 in
3093 1564 3329 1617 diversis
3376 1562 3445 1617 ad
3486 1579 3611 1631 quae

2036 1658 2333 1712 habilitant
2392 1655 2551 1710 bonis
2602 1654 2895 1724 operibus,
2956 1653 3302 1708 differentem
3355 1651 3611 1706 evibrant

2036 1750 2284 1822 ejusdem
2326 1748 2458 1802 boni
2511 1746 2748 1816 Spiritus
2773 1744 3142 1815 splendorem.
3174 1744 3283 1798 Aut
3307 1752 3366 1796 ut
3392 1743 3448 1796 in
3478 1742 3615 1796 civi-

1958 1817 2006 1875 B
2037 1817 2146 1896 tate
2191 1840 2395 1895 multos
2435 1838 2803 1909 amplectente
2861 1836 3045 1898 cives,
3092 1834 3220 1888 licet
3264 1834 3448 1887 cuncti
3500 1847 3613 1886 uno

2030 1948 2194 2004 pane,
2232 1947 2451 2002 unoque
2479 1938 2646 2001 potus
2673 1943 2873 2000 genere
2906 1933 3167 1991 utantur;
3203 1931 3385 1977 tamen
3411 1923 3609 1977 horum

2030 2026 2123 2081 alii
2176 2024 2398 2098 quidem
2446 2023 2583 2086 viri,
2630 2022 2723 2077 alii
2772 2019 3021 2090 parvuli,
3066 2016 3227 2071 multi
3281 2014 3464 2085 pueri,
3515 2008 3610 2069 alii

2029 2139 2219 2190 senes;
2269 2122 2617 2190 multumque
2677 2113 3013 2171 discriminis
3069 2119 3127 2166 et
3178 2106 3504 2163 differentiae
3560 2106 3615 2160 in

2030 2214 2166 2284 ipsis
2208 2223 2332 2268 est:
2379 2211 2465 2266 vel
2514 2203 2979 2279 quemadmodum
3015 2201 3354 2255 frumentum
3404 2198 3458 2251 in
3504 2211 3615 2250 uno

2028 2314 2083 2362 et
2112 2303 2307 2359 eodem
2339 2300 2670 2357 seminatum
2700 2310 2852 2365 agro,
2885 2293 3132 2347 diversas
3162 2290 3340 2358 spicas
3372 2286 3611 2357 profert;

2031 2406 2213 2451 tamen
2251 2394 2573 2447 universum
2598 2389 2654 2442 in
2680 2385 2931 2442 eamdem
2958 2396 3066 2436 una
3089 2378 3376 2435 confertur
3405 2391 3613 2441 aream,

2030 2487 2085 2541 in
2138 2499 2311 2539 unum
2358 2481 2568 2551 pariter
2620 2474 2943 2531 reconditur
2987 2471 3287 2524 horreum:
3340 2466 3421 2520 sic
3465 2472 3521 2518 ct
3556 2474 3613 2518 tu

2028 2574 2298 2637 existima,
2336 2585 2423 2625 me
2451 2574 2699 2629 auctore,
2732 2564 2788 2617 in
2818 2569 3164 2617 mortuorum
3183 2571 3402 2628 quoque
3431 2569 3615 2608 resur-

2028 2668 2273 2723 rectione
2296 2660 2662 2719 differentiam
2691 2656 2875 2728 gloria:
2904 2654 3041 2717 fore,
3070 2653 3156 2715 iis,
3178 2652 3273 2721 qui
3294 2655 3610 2719 resurgunt,

2029 2754 2350 2830 glorificatis
2415 2761 2472 2808 et
2528 2748 2835 2805 illustribus
2891 2760 2993 2815 pro
3046 2743 3316 2813 dignitate
3381 2749 3613 2810 operum

2028 2851 2335 2909 bonorum,
2388 2852 2445 2899 et
2495 2857 2596 2911 pro
2647 2836 3036 2894 communione
3090 2833 3452 2888 inhabitantis
3493 2831 3607 2900 jam

2030 2938 2234 2994 ibidem
2266 2938 2414 3005 ipsos
2445 2931 2617 2987 divini
2658 2928 2935 2999 Spiritus;
2966 2934 3023 2981 et
3048 2926 3194 2979 hanc
3230 2937 3351 2977 esse
3388 2930 3612 2975 senten-

2029 3032 2159 3086 tiam
2203 3029 2352 3083 illius
2390 3024 2522 3080 dicti
2567 3020 2857 3093 apostolici
2896 3037 2909 3073 :
2944 3017 3113 3073 Stella
3164 3017 3338 3087 differt
3380 3034 3413 3069 a
3456 3012 3615 3067 stella

1957 3145 2005 3208 ο
2032 3124 2087 3176 in
2126 3122 2372 3174 claritate
2392 3119 2457 3171 ‘°.

2088 3213 2200 3271 .Xl.
2251 3212 2439 3265 Solum
2484 3204 2749 3277 peculiari
2798 3204 3032 3275 quisque
3090 3202 3273 3258 studio
3330 3211 3507 3265 curet,
3558 3206 3619 3254 ut

2036 3310 2396 3375 regeneratus
2457 3299 2667 3369 Spiritu
2731 3304 2953 3361 sancto,
3023 3294 3344 3348 inhabitans
3389 3292 3443 3346 in
3497 3306 3620 3345 sese

2035 3403 2324 3465 peccatum
2388 3391 2689 3458 abstergat.
2756 3387 2976 3441 Etenim
3035 3386 3092 3439 in
3149 3392 3303 3453 parte
3361 3382 3618 3451 quadam,

2036 3486 2199 3539 etiam
2252 3483 2343 3536 illa
2388 3482 2506 3550 ipsa
2561 3495 2659 3548 per
2709 3486 2962 3532 sanctum
3010 3476 3275 3546 Spiritum
3337 3474 3623 3543 generatio

2038 3574 2328 3645 imaginem
2387 3568 2743 3640 perfectionis
2791 3567 2980 3630 habet,
3033 3574 3089 3619 et
3135 3565 3193 3618 in
3245 3562 3424 3616 forma
3466 3570 3523 3615 et
3566 3561 3622 3615 in

2037 3664 2328 3729 membris;
2376 3678 2486 3717 non
2521 3673 2702 3715 tamen
2734 3659 2963 3721 virtute,
2994 3665 3089 3710 aut
3127 3663 3333 3717 mente,
3359 3662 3455 3706 aut
3501 3652 3617 3705 for-

2038 3757 2294 3812 titudine.
2332 3754 2470 3808 Nam
2502 3752 2598 3821 qui
2646 3752 2698 3803 in
2741 3751 2924 3804 virum
2971 3746 3276 3817 perfectum
3312 3752 3370 3799 et
3398 3758 3621 3797 mensu-

2037 3863 2153 3900 ram
2200 3844 2453 3917 pervenit
2508 3843 2717 3906 aatatis,
2777 3856 2898 3910 quae
2944 3848 3102 3894 erant
3168 3838 3414 3907 parvuli,
3479 3834 3620 3889 solet

2034 3952 2327 3994 evacuare.
2373 3936 2442 3989 Et
2480 3934 2587 3988 hoc
2624 3943 2710 3988 est
2742 3933 2899 4003 quod.
2934 3931 3233 4001 Apostolus
3280 3928 3457 3983 dixit:
3504 3924 3623 3979 Sive

2038 4031 2231 4100 linguae
2262 4026 2557 4090 cessabunt,
2596 4026 2703 4078 sive
2734 4025 3023 4096 prophetia:
3044 4024 3111 4076 ⁸⁷.
3155 4022 3309 4078 Sicut
3344 4019 3491 4074 enim
3536 4018 3620 4071 vir

2031 4122 2144 4191 jam
2194 4120 2409 4182 factus,
2463 4131 2644 4186 neque
2695 4130 2849 4169 escas
2896 4130 3076 4184 neque
3123 4126 3407 4167 sermones
3449 4123 3622 4178 puero

2036 4212 2432 4267 convenientes
2480 4209 2741 4273 admittit,
2777 4208 2873 4263 sed
2909 4214 3065 4261 eaut
3094 4205 3200 4259 sibi
3226 4204 3483 4258 indecora
3520 4200 3623 4255 de-

2038 4307 2319 4378 dignatur,
2356 4315 2615 4375 tanquam
2656 4303 2751 4373 qui
2786 4302 2840 4355 in
2870 4301 3101 4355 alterum
3125 4298 3237 4369 jam
3264 4295 3390 4349 vitm
3420 4302 3622 4348 statum

2036 4399 2373 4470 profecerit;
2406 4398 2487 4451 sic
2522 4396 2616 4466 qui
2650 4395 2717 4461 ad
2742 4392 3137 4463 perfectionem
3176 4387 3624 4456 evangelicorum

351 4489 453 4557 τὴν
483 4488 789 4559 νηπιότητα
821 4489 917 4560 τὴν
946 4488 1140 4544 ἑαυτοῦ
1174 4491 1309 4561 πρὸς
1351 4491 1449 4561 τὴν
1486 4492 1796 4563 τελειότητα
1830 4512 1931 4547 κα-

2040 4493 2239 4548 crescit
2288 4491 2623 4554 officiorum,
2675 4486 2963 4543 infantiam
3030 4483 3311 4554 propriam
3367 4480 3435 4535 ad
3490 4495 3621 4550 per-

349 4585 641 4638 τασπάσει.
674 4584 805 4639 Ὅτε
863 4586 994 4656 γὰρ,
1036 4588 1199 4656 φησὶν
1228 4628 1242 4650 ,
1290 4589 1320 4640 ὁ
1369 4586 1510 4650 θεῖος
1569 4587 1927 4655 ’Δπόστολος,

349 4675 569 4747 γέγονα
601 4677 775 4745 ἀνὴρ,
800 4677 1152 4747 κατήργησα
1192 4678 1265 4731 τὰ
1298 4677 1407 4731 τοῦ
1436 4680 1678 4746 νηπίου.

422 4768 524 4820 ΙΒ’.
554 4768 627 4820 Τὸ
662 4769 758 4837 μὲν
789 4770 930 4822 κατά
958 4768 1183 4838 Πνεῦμα
1211 4768 1571 4839 γεννώμενον,
1592 4770 1777 4841 τρόπῳ
1799 4770 1929 4835 τινί,

350 4856 535 4921 καθὼς
570 4857 905 4927 ἐδείκνυμεν,
947 4859 1150 4912 τέλειόν
1190 4861 1358 4913 ἐστιν.
1392 4860 1606 4930 ’Ὠσπερ
1647 4861 1741 4913 καὶ
1777 4861 1931 4914 τουτὶ

348 4950 409 5002 τὸ
464 4950 657 5021 νήπιον
709 4950 911 5003 τέλειον
964 4946 1104 5003 εῖναι
1148 4951 1415 5021 λέγομεν,
1458 4953 1516 5004 ἐν
1564 4952 1641 5021 τῷ
1676 4952 1747 5003 τὰ
1785 4952 1926 5023 μέρη

349 5043 532 5097 πάντα
560 5042 659 5111 τῆς
691 5041 941 5112 ὁλότητος
966 5040 1293 5105 ἀποσώζειν.
1328 5042 1493 5096 Πάλιν
1532 5043 1559 5095 ὁ
1601 5042 1699 5111 μὲν
1728 5041 1929 5111 Κύριος

348 5135 472 5205 οὐχὶ
519 5133 743 5203 Πνεῦμα
798 5134 894 5187 καὶ
945 5135 1106 5205 χάριν
1142 5134 1375 5199 δίδωσιν,
1410 5135 1497 5188 ἵνα
1541 5152 1625 5197 τις
1658 5134 1931 5205 περιπέσῃ

349 5230 473 5291 ταῖς
504 5226 823 5297 ἁμαρτίαις·
868 5226 1021 5280 αὐτοὶ
1059 5226 1116 5279 δὲ
1155 5226 1367 5290 ἑαυτοῖς
1404 5229 1567 5280 αῐτιοι
1602 5228 1710 5282 τῶν
1747 5226 1930 5281 κακῶν

351 5321 401 5375 οί
448 5318 763 5387 ἄνθρωποι,
813 5320 880 5390 τῇ
931 5318 1119 5389 χάριτι
1170 5318 1244 5388 μὴ
1289 5319 1648 5390 στοιχοῦντες,
1695 5322 1789 5375 καὶ
1841 5322 1930 5375 διά

350 5411 510 5467 τοῦτο
553 5414 668 5476 τοῖς
711 5413 903 5476 κακοῖς
936 5411 1318 5481 ἁλισκόμενοι·
1350 5413 1570 5465 δύναται
1624 5413 1681 5466 δὲ
1724 5415 1822 5467 καὶ
1870 5414 1928 5481 ἐξ

355 5502 505 5555 ἰδίων
552 5500 879 5555 όλισθαίνειν
929 5500 1024 5554 καὶ⁵
1078 5499 1323 5570 φυσικῶν
1374 5502 1403 5553 ό
1454 5501 1736 5573 ἅνθρωπος
1782 5503 1929 5571 λογι-

353 5592 529 5665 σμῶν,
579 5592 819 5663 ἀμελῶν,
857 5592 891 5662 ἢ
926 5594 1284 5663 καταφρονῶν
1308 5635 1321 5658 ,
1361 5593 1391 5663 ἢ
1441 5594 1533 5646 καὶ
1574 5595 1747 5664 οἰήσει
1787 5595 1929 5665 χρώ-

423 5792 468 5823 ⁸⁶
500 5790 675 5849 lCor.
710 5807 796 5857 xv,
830 5792 914 5847 41.
993 5792 1036 5823 ³⁷
1068 5793 1087 5846 l
1125 5792 1248 5848 Cor.
1284 5808 1397 5860 xm,
1435 5792 1485 5847 8.
1584 5791 1628 5821 ⁸⁸
1658 5789 1789 5846 ibid.
1831 5790 1921 5844 23).

2036 4586 2334 4640 fectionem
2381 4583 2583 4636 trahet.
2636 4578 2861 4645 Quando
2899 4577 3068 4641 enim,
3118 4576 3198 4629 ait
3230 4574 3451 4628 divinus
3479 4573 3623 4641 Apo—

2036 4678 2233 4740 stolus,
2257 4676 2427 4745 factus
2450 4690 2567 4727 sum
2592 4673 2690 4737 vir,
2725 4672 2973 4724 evacuavi
3004 4685 3121 4740 qum
3142 4674 3295 4721 erant
3325 4663 3615 4736 parvuli".

2106 4769 2223 4822 ΧΠ.
2260 4766 2417 4833 Quod
2462 4764 2684 4834 quidem
2722 4778 2821 4833 per
2854 4761 3122 4831 Spiritum
3157 4758 3420 4829 gignitur,
3454 4755 3619 4809 modo

2034 4860 2295 4930 quodam,
2336 4866 2395 4911 ut
2430 4855 2793 4919 ostendimus,
2826 4852 3130 4922 perfectum
3171 4859 3278 4907 est.
3330 4849 3488 4903 Sicut
3517 4849 3618 4903 ali-

2035 4968 2199 5022 quem
2248 4949 2577 5003 infantulum
2629 4960 2821 5002 recens
2870 4954 3084 5007 natum,
3133 4958 3234 4997 suo
3284 4941 3449 4995 modo
3497 4956 3620 4995 esse

2037 5040 2341 5113 perfectum
2390 5039 2642 5095 dicimus.
2685 5051 2752 5090 co
2786 5035 2935 5104 quod
2976 5042 3160 5103 partes
3195 5032 3395 5086 habent
3426 5046 3621 5085 omnes

2039 5134 2264 5188 humani
2298 5132 2565 5201 corporis.
2609 5130 2822 5183 Rursus
2860 5128 3126 5182 Dominus
3169 5126 3394 5197 quidem
3439 5124 3620 5179 haud-

2036 5241 2310 5296 quaquam
2341 5224 2606 5294 Spiritum
2633 5231 2689 5275 et
2716 5220 2948 5291 gratiam
2971 5219 3084 5283 dat,
3127 5228 3188 5273 ut
3222 5218 3348 5288 quis
3373 5217 3533 5272 cadat
3562 5216 3619 5269 in

2042 5318 2200 5388 183
2249 5324 2502 5388 peccata;
2536 5314 2639 5384 ipsi
2665 5323 2850 5368 autem
2890 5312 3144 5366 homines
3175 5311 3278 5366 sibi
3307 5325 3471 5365 causa
3504 5325 3622 5362 ma-

2038 5412 2215 5465 lorum
2274 5416 2405 5464 sunt
2466 5407 2692 5462 ductum
2745 5405 3053 5459 abnuentes
3108 5402 3329 5474 gratiae,
3385 5401 3621 5471 ideoque

2040 5500 2316 5571 illaqueati
2341 5499 2519 5554 malis.
2549 5499 2737 5554 Potest
2762 5506 2942 5551 autem
2970 5512 3036 5550 ex
3061 5494 3300 5566 propriis
3322 5493 3431 5547 labi
3453 5494 3619 5547 etiam

2040 5593 2384 5649 naturalibus
2438 5593 2600 5647 homo
2649 5588 3107 5662 cogitationibus,
3176 5586 3487 5658 negligens,
3533 5587 3617 5641 vel
