3980 6442
300 334 406 399 875

1533 333 1592 391 S.
1634 327 1951 392 MACARII
1993 326 2315 387 IEGYPTII

3439 323 3546 388 876

297 453 677 507 contemnens,
708 451 805 497 aut
834 440 1115 512 arroganti
1148 450 1309 497 utens
1339 440 1708 510 przeﬁdentia;
1746 437 1866 493 audi

1980 453 2160 505 μενος·
2190 438 2350 490 ἄκουε
2378 433 2486 507 γάρ
2513 432 2567 487 τί
2596 450 2760 505 φησιν
2787 434 2814 487 6
2847 432 3075 496 Παῦλος·
3107 433 3239 489 Ἵνα
3256 433 3343 503 μὴ
3367 435 3546 507 ὑπερ-

295 534 444 589 enim
472 531 607 601 quid
631 532 777 587 dicat
806 533 1009 587 Paulus
1032 550 1047 588 :
1084 530 1165 586 Ne
1195 530 1445 592 extollar,
1471 531 1626 584 datus
1652 539 1728 582 est
1751 529 1879 583 mihi

292 624 543 678 stimulus
572 622 750 676 carnis
787 622 1011 693 angelus
1058 620 1277 678 Satana:
1293 622 1358 675 ⁸⁹.
1388 621 1572 685 Vides,
1619 627 1679 673 ut
1708 620 1876 674 etiam

298 715 391 783 qui
425 714 592 768 tantis
623 712 960 782 profectibus
990 713 1058 766 ad
1087 723 1195 768 tam
1224 711 1514 767 sublimem
1545 718 1675 764 sunt
1698 709 1875 764 evecti

296 804 517 857 virtutis
547 803 799 873 gradum,
846 803 1159 857 securitatis
1204 802 1316 856 sint
1359 801 1550 871 indigi.
1602 800 1873 855 Cteterum

296 893 405 946 nisi
444 893 536 947 det
574 894 921 948 occasionem
963 895 1109 947 ultro
1132 902 1187 948 et
1208 893 1414 947 aditum
1440 893 1653 948 Satana:
1685 893 1872 956 homo,

296 1000 408 1038 non
440 986 631 1052 utique
663 1002 761 1054 per
787 985 895 1038 vim
931 986 981 1039 ei
1012 985 1409 1040 dominabitur.
1441 985 1669 1055 Propter
1701 984 1871 1054 quod,

296 1092 474 1145 neque
495 1078 633 1146 parti
656 1077 881 1141 Christi,
905 1094 1081 1147 neque
1099 1078 1402 1131 adversarii
1426 1093 1514 1132 res
1538 1078 1871 1146 imputatur:

297 1169 391 1223 sed
434 1169 525 1237 qui
555 1169 740 1238 gratim
765 1167 1002 1237 Spiritus
1032 1184 1089 1224 se
1120 1169 1365 1240 adjungit
1395 1184 1568 1238 usque
1598 1169 1654 1222 in
1685 1169 1870 1235 ﬁnem,

294 1261 468 1330 partis
496 1261 699 1315 Christi
737 1260 832 1314 fit:
875 1260 971 1329 qui
1006 1276 1138 1315 vero
1188 1276 1300 1315 non
1344 1262 1419 1315 ita
1463 1275 1521 1315 se
1567 1260 1754 1321 habet.
1787 1268 1874 1314 ut-

294 1365 510 1420 cunque
534 1350 742 1418 Spiritu
766 1359 1084 1420 generetur,
1106 1351 1211 1406 hoc
1232 1358 1337 1417 est,
1358 1351 1575 1406 etiamsi
1598 1352 1872 1419 partim-ps

293 1441 469 1495 sancti
517 1440 758 1510 Spiritus
796 1440 910 1507 fiat,
945 1440 1002 1495 in
1041 1456 1143 1496 suo
1184 1441 1417 1496 arbitrio
1454 1440 1678 1495 habebit
1713 1440 1870 1509 sequi

291 1531 629 1584 voluntatem
660 1530 894 1586 Satanas.
925 1530 1053 1586 Sive
1081 1531 1230 1586 enim
1272 1532 1388 1601 ipse
1430 1531 1713 1594 Dominus,
1754 1531 1870 1585 sive

292 1620 518 1675 Satanas
572 1637 671 1690 per
718 1622 828 1675 vim
877 1622 1176 1687 traherent,
1221 1638 1331 1677 non
1376 1630 1523 1677 esset
1564 1622 1729 1676 homo
1763 1620 1868 1675 sibi

290 1725 453 1763 causa
484 1710 586 1779 ipsi
635 1726 747 1765 suae
786 1712 956 1766 sortis
997 1712 1150 1767 malae
1185 1721 1281 1766 aut
1316 1712 1495 1775 bonae,
1539 1710 1771 1767 cadendi
1810 1709 1865 1763 in

287 1800 615 1868 gehennam,
648 1810 741 1853 aut
770 1800 825 1854 in
856 1816 1084 1871 regnum
1114 1802 1491 1872 perveniendi.

360 1889 502 1944 XIII.
541 1890 786 1953 Homini,
845 1892 1069 1946 virtutis
1094 1894 1363 1959 studioso,
1396 1895 1567 1949 multa
1603 1910 1736 1949 cura
1762 1902 1871 1948 sat-

286 1981 559 2051 agendum
603 1992 709 2048 est,
736 1993 796 2037 ut
844 1981 1178 2039 discretione
1218 1987 1441 2055 polleat.
1474 1995 1534 2039 ut
1565 2001 1675 2055 quo
1709 1986 1869 2039 diffe-

287 2074 519 2129 rentiam
554 2076 684 2130 boni
714 2086 770 2132 et
801 2079 931 2133 mali
976 2079 1316 2148 exploratam
1351 2078 1568 2143 habeat,
1608 2087 1663 2133 et
1691 2078 1869 2133 varias

283 2166 486 2220 diaboli
526 2169 813 2234 versutias,
862 2170 1007 2225 soliti
1032 2186 1129 2240 per
1153 2169 1427 2239 speciosas
1453 2169 1868 2237 imaginationes

281 2257 551 2325 plurimos
597 2269 950 2327 pervertere,
1004 2260 1292 2322 discutiat,
1349 2270 1515 2329 atque
1573 2258 1862 2328 intelligat.

282 2349 569 2418 Siquidem
593 2350 647 2404 in
670 2352 819 2405 omni
844 2352 1064 2423 negotio
1088 2352 1442 2407 utilissimum
1468 2361 1553 2406 est
1580 2350 1861 2406 securitati

279 2442 591 2497 consulere.
641 2442 720 2497 Ne
755 2443 922 2513 igitur
963 2443 1186 2499 levitate
1221 2444 1421 2499 mentis
1462 2443 1571 2498 cito
1607 2452 1657 2497 te
1686 2444 1863 2513 ipsum

280 2533 461 2601 praebe
496 2533 782 2588 credulum
826 2534 1197 2604 spiritualium
1241 2543 1574 2604 potestatum
1615 2532 1865 2604 impulsi-

279 2624 401 2688 bus,
434 2623 503 2677 ad
547 2632 600 2679 te
642 2623 1026 2694 decipiendum
1055 2623 1197 2680 forte
1235 2626 1608 2696 comparatis:
1646 2625 1862 2679 etiamsi

277 2713 373 2781 qui
428 2714 730 2783 loquuntur
786 2716 1040 2771 cwlestes
1094 2716 1205 2771 sint
1258 2716 1482 2786 angeli:
1525 2715 1621 2770 sed
1671 2724 1755 2769 sta
1805 2714 1861 2768 in

277 2803 449 2873 gradu
512 2804 733 2870 tardus,
787 2805 1027 2859 examini
1082 2805 1242 2859 istius
1292 2806 1512 2875 generis
1562 2805 1861 2875 subjiciens

276 2897 660 2961 exactissimo;
721 2898 868 2966 quod
929 2898 1136 2953 bonum
1170 2905 1256 2951 est
1280 2898 1650 2966 amplectens,
1712 2897 1861 2967 quod

277 2988 502 3049 malum,
558 2989 834 3058 rejiciens.
888 2989 1009 3043 Non
1043 2989 1190 3043 enim
1237 2988 1407 3057 ignoti
1456 2995 1585 3042 sunt
1626 2988 1859 3043 effectus

1977 527 2223 595 αίρωμαι
2269 525 2445 593 ἐδόθη
2485 542 2587 595 μοι
2650 526 2896 593 σκόλοψ·
2942 523 3017 593 τῇ
3062 524 3242 593 σαρκί
3292 524 3545 595 ἄγγελος

1977 620 2195 674 Σατᾶν.
2236 619 2417 689 Ὁρᾷς,
2454 620 2535 672 ὅτι
2575 619 2669 673 καὶ
2707 620 2757 671 οἱ
2795 617 3126 689 τηλικούτων
3146 616 3414 687 ἁψάμενοι
3446 616 3547 687 μέ-

1977 728 2120 781 τρων
2142 711 2375 773 ἐπιδεεῖς
2405 713 2540 764 εἰσιν
2567 708 2883 776 ἀσφαλείας.
2912 708 3121 772 Ἀλλως
3156 726 3216 762 τε
3246 708 3339 761 καὶ
3379 709 3428 760 el
3469 708 3544 778 μὴ

1976 803 2052 873 δῷ
2100 803 2374 873 πρόφασιν
2425 801 2504 871 τῷ
2547 802 2759 870 Σατανᾷ
2792 802 2821 855 6
2863 799 3169 871 ἄνθρωπος,
3223 800 3285 853 οὐ
3322 799 3544 870 κυριεύ-

1978 911 2119 947 σειεν
2146 893 2211 946 ἂν
2244 890 2409 945 αὑτοῦ
2444 892 2553 962 βία·
2592 891 2741 961 παρά
2776 890 2955 953 τοῦτο,
2992 888 3114 942 οὕτε
3149 889 3228 959 τῷ
3267 889 3425 959 μέρει
3450 887 3544 940 τοῦ

1975 982 2234 1053 Χριστοῦ,
2285 981 2407 1035 οὗτε
2435 982 2527 1035 τοῦ
2562 981 2937 1050 ἀντικειμένου
2972 981 3032 1031 τὸ
3069 981 3300 1049 πρᾶγμα
3333 975 3544 1047 λογίζε-

1974 1091 2083 1128 ταιο
2127 1075 2262 1127 ἀλλὰ
2290 1079 2358 1148 τῇ
2407 1076 2505 1144 μὲν
2534 1075 2715 1144 χάριτι
2750 1072 2843 1127 τοῦ
2880 1074 3196 1142 Πνεύματος
3226 1073 3545 1143 προστεθεὶς

1974 1167 2053 1227 είς
2077 1166 2249 1228 τέλος,
2277 1165 2377 1233 τῆς
2408 1165 2623 1235 μερίδος
2662 1164 2872 1233 γίνεται
2892 1164 2984 1218 τοῦ
3013 1164 3270 1236 Χριστοῖν
3304 1164 3379 1234 μὴ
3403 1164 3545 1217 οὕτω

1973 1258 2030 1310 δὲ
2066 1256 2209 1327 σχὼν
2231 1296 2246 1319 ,
2286 1256 2387 1310 κᾶν
2424 1256 2702 1325 Πνεύματι
2735 1256 2967 1327 γεννηθῇ
2996 1296 3011 1319 ,
3050 1257 3109 1308 τὸ
3164 1256 3220 1308 δέ
3256 1259 3391 1322 ἐστι,
3443 1255 3545 1308 κᾶν

1977 1348 2201 1419 μέτοχος
2252 1349 2348 1401 καὶ
2389 1348 2484 1401 τοῦ
2533 1348 2687 1416 ἁγίου
2745 1348 3059 1417 Πνεύματος
3102 1346 3351 1416 γένηται,
3412 1348 3543 1417 παρ’

1974 1439 2167 1493 ἑαυτοῦ
2209 1440 2318 1504 ἕξει
2344 1479 2358 1501 ,
2399 1439 2460 1493 τὸ
2503 1439 2679 1492 ὀπίσω
2726 1439 2821 1492 τοῦ
2863 1438 3168 1508 θελήματος
3215 1439 3542 1509 πορευθῆναι

1970 1530 2065 1584 τοῦ
2096 1532 2326 1584 Σατανᾶ.
2378 1532 2503 1585 Είτε
2544 1530 2651 1599 γάρ
2678 1529 2838 1591 αὐτὸς
2890 1533 2918 1583 6
2964 1528 3204 1598 Κύριος,
3244 1529 3354 1581 εἴτε
3394 1531 3484 1581 καὶ
3512 1530 3541 1580 6

1972 1622 2214 1685 Σατανᾶς
2245 1622 2379 1693 πρὸς
2416 1620 2538 1691 βίαν
2585 1619 2909 1689 ἐλάμϐανον,
2932 1621 3031 1672 οὐκ
3081 1615 3148 1689 ἦν
3198 1620 3227 1673 6
3255 1618 3539 1689 ἄνθρωπος

1972 1712 2147 1783 ἐαυτῷ
2185 1713 2375 1776 αἴτιος,
2419 1709 2544 1763 οὔτε
2588 1710 2669 1773 είς
2711 1711 2934 1778 γέενναν
2968 1710 3249 1781 ἐμπεσεῖν,
3289 1708 3411 1762 οὔτε
3447 1709 3542 1779 βα·

1895 1780 1944 1841 Β
1976 1802 2179 1866 σιλείας
2203 1804 2502 1873 ἐπιτυχεῖν.

2044 1897 2142 1950 lP.
2177 1896 2385 1965 Πολλῆς
2438 1895 2516 1967 τῷ
2573 1893 2848 1967 φιλαρέτῳ
2908 1893 3252 1963 φροντιστέον
3299 1892 3395 1963 τῆς
3422 1892 3539 1945 δια-

1973 1989 2227 2058 κρίσεως,
2266 1987 2405 2039 ὥστε
2454 1986 2555 2056 τῆς
2606 1984 2700 2039 τοῦ
2744 1984 2909 2039 καλοῦ
2940 1988 3033 2038 καὶ
3071 1985 3243 2038 κακοῦ
3275 1985 3537 2055 διαφορᾶς

1972 2080 2339 2149 ἀπογνώμονα
2382 2074 2542 2143 εἶναι,
2581 2078 2677 2131 usti
2725 2078 2822 2140 τὰς
2868 2078 3119 2139 ποικίλας
3161 2076 3256 2129 τοῦ
3296 2076 3537 2146 πονηροῦ

1968 2172 2162 2240 τέχνας
2195 2171 2261 2223 δι’
2289 2170 2527 2237 εὐλόγων
2582 2167 2893 2239 φαντασιῶν
2939 2168 3191 2231 εἰωθότος
3241 2169 3367 2230 τοὺς
3406 2168 3538 2220 πολ-

1967 2262 2092 2325 λοὺς
2128 2260 2599 2333 παρακρούεσθαι,
2636 2259 2948 2331 βασανίζειν
2976 2260 3070 2313 καὶ
3102 2257 3359 2312 συνιέναι.
3391 2259 3539 2329 Πλὴν

1966 2354 2029 2406 τὸ
2057 2352 2318 2421 ἀσφαλὲς,
2362 2351 2497 2421 πρὸς
2542 2355 2721 2405 πάντα
2758 2350 3034 2412 λυσιτελές
3063 2366 3076 2379 ⁸
3106 2350 3180 2418 μὴ
3209 2349 3388 2402 τοίνυν
3414 2349 3538 2401 ἐλα-

1968 2446 2198 2512 φρότητι
2243 2441 2483 2504 διανοίας
2518 2442 2659 2511 ταχὺ
2692 2440 2916 2494 σεαυτὸν
2957 2440 3239 2508 ἐμπάρεχε
3272 2442 3388 2501 ταῖς
3426 2440 3537 2491 τῶν

1965 2530 2167 2602 νοερῶν
2206 2530 2551 2591 ἐπιστασίαις
2601 2531 2680 2592 είς
2732 2528 2949 2598 ἀπάτην
2978 2545 3071 2580 σου
3094 2544 3107 2558 ’
3142 2530 3246 2581 κᾶν
3294 2528 3449 2582 αὐτοὶ
3484 2528 3535 2579 οί

1964 2624 2205 2692 οὐράνιοι
2249 2622 2470 2690 ἄγγελοι
2508 2615 2672 2674 ὦσιν·
2721 2620 2857 2674 ἀλλὰ
2902 2619 3033 2688 μένε
3082 2619 3271 2689 βαρὺς,
3319 2619 3538 2688 βασάνῳ

1962 2715 2137 2768 ταῦτα
2166 2713 2341 2777 διδοὺς
2378 2711 2802 2782 ὲπιμελεστάτη·
2836 2709 2896 2762 τὸ
2945 2710 3043 2779 μὲν
3100 2709 3262 2761 καλὸν
3311 2706 3539 2759 οἰκειού-

1968 2825 2149 2878 μενος,
2177 2807 2236 2859 τὸ
2262 2804 2607 2877 [δὲ]πονηρὸν
2626 2802 3005 2872 διωθούμενος.
3031 2802 3103 2854 Ού
3124 2800 3232 2870 γὰρ
3264 2800 3432 2870 ἄδηλα
3468 2798 3539 2851 τὰ

1963 2902 2062 2971 τῆς
2116 2899 2337 2970 χάριτος
2370 2897 2741 2969 ἐνεργήματα,
2767 2895 2908 2964 άπερ
2940 2896 2974 2965 ή
3004 2893 3268 2963 ἁμαρτία,
3328 2891 3433 2945 κᾶν
3475 2891 3539 2942 τὸ

1962 2991 2059 3045 τοῦ
2109 2989 2315 3059 ἀγαθοῦ
2365 2988 2659 3058 πρόσωπον
2705 2985 3090 3053 ὑποκρίνηται,
3136 2984 3436 3053 παρασχεῖν
3476 2981 3537 3032 ού

278 3078 496 3147 gratias,
546 3094 686 3147 quos
720 3089 1029 3147 peccatum,
1072 3088 1354 3146 utcunque
1395 3079 1525 3133 boni
1566 3095 1857 3148 personam

1971 3086 2268 3154 δεδύνηται.
2312 3082 2375 3135 El
2424 3081 2531 3149 γὰρ
2564 3078 2821 3132 καὶκατὰ
2846 3077 2937 3129 τὸν
2969 3075 3311 3138 Ἀπὸστολον,
3346 3070 3489 3127 οῐδεν
3511 3075 3539 3125 6

280 3170 585 3233 assimulet,
628 3183 739 3222 non
770 3179 948 3237 potest
980 3178 1396 3237 repraasentare.
1440 3171 1574 3224 Nam
1617 3172 1742 3235 etsi,
1772 3186 1861 3225 se-

280 3257 520 3312 cundum
558 3258 903 3327 Apostolum,
952 3257 1109 3311 Novit
1139 3259 1371 3314 Satanas
1398 3259 1786 3329 transﬁgurare
1810 3278 1866 3315 se

282 3351 339 3403 in
392 3350 641 3420 angelum
693 3350 909 3415 lucis”,
966 3359 1149 3405 tamen
1201 3350 1332 3406 licet
1378 3352 1620 3407 visiones
1671 3352 1867 3407 oll‘erat

281 3444 633 3514 splendidas,
683 3443 886 3498 bonam
933 3446 1344 3514 operationem,
1394 3455 1455 3499 ut
1499 3446 1705 3501 dictum
1759 3428 1864 3511 est,

280 3537 545 3592 exhibere
583 3552 694 3590 non
734 3536 968 3606 poterit;
993 3552 1061 3590 ex
1099 3551 1208 3605 quo
1241 3545 1454 3591 certum
1489 3537 1611 3608 ejus
1638 3537 1865 3593 exsistet

286 3626 578 3682 indicium.
603 3629 723 3683 Non
750 3629 899 3682 enim
923 3628 1247 3683 charitatem
1273 3628 1327 3682 in
1354 3629 1524 3683 Deum
1555 3638 1647 3683 aut
1674 3631 1863 3699 proxi-

282 3734 455 3783 mum,
501 3735 611 3774 non
654 3720 1156 3783 mansuetudinem,
1199 3735 1307 3775 non
1334 3720 1726 3788 humilitatem,
1755 3737 1866 3776 non

285 3810 567 3881 gaudium,
597 3826 706 3865 non
728 3827 938 3880 pacem,
971 3826 1079 3865 non
1116 3812 1543 3867 refrenationem
1570 3815 1864 3885 cogitatio-

282 3919 438 3968 num,
473 3904 813 3959 nonsmundi
846 3904 1053 3969 odium,
1087 3920 1197 3959 non
1230 3907 1474 3975 quietem
1498 3906 1864 3976 spiritualem,

284 4009 392 4047 non
415 3993 752 4048 desiderium
778 3996 1090 4049 cmlestium
1114 3993 1496 4064 operationum
1516 4004 1696 4065 potest
1711 3996 1862 4064 dare,

283 4098 394 4137 non
418 4100 615 4153 pravos
643 4083 875 4138 allectus
916 4093 971 4139 ct
1002 4086 1311 4154 voluptates
1340 4100 1712 4154 compescere,
1746 4100 1867 4155 qum

283 4174 575 4229 manifesta
601 4184 731 4228 sunt
754 4190 923 4244 opera
949 4175 1157 4244 gratiae.
1184 4176 1317 4229 Nam
1342 4194 1356 4228 :
1394 4175 1615 4230 Fructus
1640 4178 1865 4247 (inquit)

282 4262 512 4335 Spiritus
549 4275 693 4328 sunt,
733 4268 988 4328 Charitas,
1034 4267 1311 4335 gaudium,
1347 4268 1535 4335 pax“,
1564 4276 1700 4333 ctc.,
1725 4284 1865 4338 quo-

284 4372 404 4410 rum
424 4357 543 4412 vice
560 4357 757 4412 fastum
777 4357 867 4412 ille
885 4358 1069 4427 potius
1084 4366 1138 4412 et
1160 4359 1525 4429 arrogantiam
1545 4362 1864 4431 ingenerare

1966 3176 2210 3235 Σατανᾶς
2238 3174 2317 3234 είς
2343 3171 2574 3239 ἄγγελον
2604 3169 2783 3238 φωτὸς
2810 3164 3408 3235 μετασχηματίζεσθαι,
3442 3163 3542 3233 χά-

1968 3286 2054 3338 ριν
2100 3265 2193 3318 τοῦ
2240 3262 2556 3329 ἀπατῆσαι·
2600 3260 2716 3313 ἀλλ’
2758 3254 2852 3311 οὖν
2888 3256 2988 3311 κᾶν
3020 3256 3239 3326 ὁράσεις
3282 3254 3551 3325 λαμπρὰς

1969 3357 2383 3430 περιϐάλληται,
2412 3353 2622 3423 ἀγαθὴν
2658 3351 2961 3421 ἐνέργειαν,
2993 3343 3138 3423 ᾗπερ
3162 3348 3398 3418 εἴρηται,
3434 3363 3539 3399 πα-

1970 3448 2192 3518 ρασχεῖν
2248 3445 2310 3499 ού
2372 3442 2695 3511 δυνήσεταιο
2735 3438 2805 3493 δι’
2854 3430 2914 3491 οὗ
2965 3437 3058 3490 καὶ
3101 3436 3162 3489 τὸ
3212 3435 3541 3504 παράσημον

1967 3540 2191 3610 ἀκριϐὲς
2241 3538 2474 3604 γίνεται.
2524 3535 2598 3587 Οὐ
2651 3533 2759 3604 γὰρ
2800 3532 3021 3601 ἀγάπην
3077 3530 3178 3601 τὴν
3236 3530 3315 3590 είς
3348 3524 3541 3594 Θεδνῆ

1968 3631 2220 3699 πλησίον,
2268 3628 2328 3680 ού
2388 3626 2691 3699 πραότητα,
2739 3623 2799 3675 ού
2853 3620 3204 3685 ταπείνωσιν,
3239 3617 3298 3669 οὐ
3344 3615 3541 3686 χαρὰν,

1966 3724 2069 3777 ούκ
2110 3722 2357 3792 εἰρήνην,
2388 3718 2448 3772 ού
2479 3719 2573 3771 τοῦ
2622 3717 2834 3784 κόσμου
2873 3717 3053 3783 μῖσος,
3095 3712 3194 3764 οὐκ
3237 3707 3545 3762 ἀνάπαυσιν

1968 3809 2365 3882 πνευματικὴν,
2400 3808 2500 3860 οὐκ
2534 3804 2830 3875 ἐπιθυμίαν
2860 3804 2977 3854 τῶν.
3001 3798 3266 3868 οὐρανίων
3318 3800 3544 3867 ἐνεργη-

1971 3905 2158 3975 μάτων
2191 3902 2413 3955 δύναται
2442 3898 2579 3967 (ll),
2621 3896 2682 3949 οὐ
2739 3893 2886 3960 πάθη
2919 3892 3014 3944 καὶ
3044 3888 3235 3960 ἡδονὰς
3262 3886 3546 3940 καταπαῦ-

1970 4013 2081 4056 σαι,
2117 3994 2261 4062 ἆπερ
2308 3988 2560 4060 φανερῶς
2610 3988 2716 4039 είσι
2760 3985 2860 4054 τῆς
2904 3984 3125 4053 χάριτος
3172 3979 3540 4051 ἐνεργήματα.

1979 4087 2042 4139 '0
2074 4085 2183 4155 γὰρ
2215 4080 2463 4151 καρπὸς,
2502 4078 2655 4148 φησὶ,
2688 4074 2794 4129 τοῦ
2835 4073 3178 4143 Πνεύματός
3205 4070 3376 4122 ἐστιν
3404 4067 3547 4137 ἁγά-

1968 4191 2074 4244 πη,
2118 4175 2293 4243 χαρὰ.
2328 4171 2558 4240 εἰρήνη,
2601 4169 2694 4221 καὶ
2752 4168 2822 4220 τὰ
2879 4165 3031 4235 ἑξῆς·
3083 4164 3222 4233 τάχα
3269 4161 3327 4215 δὲ
3377 4159 3545 4228 τύφον

1971 4269 2175 4338 μᾶλλον
2230 4269 2438 4327 ἐκεῖνος
2483 4261 2783 4333 ἐμποιῆσαι
2826 4260 2918 4312 καὶ
2942 4254 3392 4328 ὑψηλοφροσύνην
3426 4254 3545 4304 ἐπι-

1968 4359 2309 4431 τηδειότατός
2338 4374 2399 4409 τε
2429 4356 2522 4409 καὶ
2544 4351 2934 4413 δυνατώτατος.
2980 4350 3073 4401 Ἐκ
3103 4348 3233 4415 γοῦν
3260 4346 3360 4415 τῆς
3392 4347 3544 4413 ένερ-

284 4447 458 4501 multo
505 4448 823 4517 aptissimus
884 4449 1230 4519 maximeque
1281 4460 1477 4519 potens
1536 4452 1723 4507 fuerit.
1783 4455 1859 4508 Ex

1971 4451 2122 4519 γείας
2147 4451 2269 4522 είσῃ
2297 4447 2357 4500 τὸ
2382 4444 2690 4516 ἐλλαμφθέν
2717 4446 2774 4495 ὲν
2799 4445 2865 4512 τῇ
2888 4440 3032 4510 ψυχῇ
3067 4456 3160 4491 σου
3191 4438 3374 4507 νοερὸν
3404 4435 3540 4505 φῶς,

281 4539 603 4607 operatione
656 4540 823 4609 igitur
853 4540 1160 4610 dignosces,
1208 4543 1373 4611 quale
1427 4544 1501 4598 sit
1559 4545 1706 4613 quod
1758 4556 1865 4601 tua:

282 4632 425 4683 forte
454 4628 650 4683 animae
690 4628 935 4683 illuxerit
965 4629 1335 4686 intellectuale
1374 4632 1582 4698 lumen,
1616 4643 1801 4689 utrum
1834 4652 1863 4690 a

280 4721 415 4781 Deo,
443 4736 512 4775 an
541 4736 571 4775 a
595 4720 797 4776 Satana
822 4720 893 4775 sit
920 4731 1128 4775 ortum.
1160 4722 1305 4788 Quin
1328 4733 1388 4779 et
1422 4724 1524 4794 ipsi
1570 4728 1787 4791 animm,
1817 4729 1861 4782 si

279 4822 502 4881 gustum
546 4813 613 4867 ad
659 4812 1051 4868 discretionem
1095 4830 1205 4868 non
1254 4815 1512 4870 obtusum
1556 4818 1754 4883 habet;
1793 4820 1863 4875 ab

280 4905 401 4971 ipso
424 4904 607 4959 statim
644 4905 883 4974 primum
910 4905 1142 4974 appulsu
1170 4921 1468 4977 sensuque,
1495 4908 1780 4965 manifesta
1803 4926 1861 4965 sc

280 4995 479 5064 prodet
504 4995 838 5051 differentia.
872 4996 943 5052 Ut
966 4996 1112 5050 enim
1143 5007 1359 5052 acetum
1384 5008 1439 5053 et
1461 5000 1652 5053 vinum
1679 5003 1857 5070 quoad

280 5095 563 5157 aspectum
626 5104 794 5143 unum
852 5088 1109 5159 idemque
1170 5100 1327 5157 sunt;
1383 5091 1427 5145 si
1487 5108 1620 5147 vero
1674 5094 1857 5165 lingua

278 5179 659 5249 explorentur,
684 5180 924 5248 palatum
949 5181 1202 5251 protinus
1231 5182 1299 5236 de
1342 5191 1576 5253 utroque
1612 5200 1858 5254 pronun-

280 5273 379 5326 tiat
411 5271 545 5341 quid
580 5286 709 5325 vere
744 5270 846 5337 sit;
895 5273 968 5326 ita
998 5280 1055 5327 et
1083 5274 1263 5327 anima
1305 5289 1371 5327 ex
1406 5273 1523 5343 ipso
1555 5275 1858 5344 Spiritualis

276 5362 631 5432 experientiae
664 5377 829 5417 sensu
858 5379 922 5417 ac
953 5366 1171 5433 propria
1196 5365 1431 5433 quadam
1466 5364 1723 5421 facultate
1760 5382 1858 5436 po-

280 5462 386 5509 test
416 5454 745 5525 dijudicare,
783 5468 904 5523 qtae
938 5454 1069 5509 boni
1099 5454 1336 5523 Spiritus
1354 5456 1703 5525 charismata,
1735 5475 1855 5529 quae

277 5544 439 5599 alieni
465 5545 575 5601 sint
600 5546 998 5615 phantasmata.

351 5723 394 5751 ⁸³
429 5722 472 5775 ll
506 5723 631 5777 Cor.
676 5739 776 5788 xu,
823 5725 871 5777 7.
913 5725 955 5755 9°
998 5723 1040 5779 ll
1079 5726 1202 5781 Cor.
1241 5743 1313 5791 xl,
1353 5724 1435 5779 Η.
1513 5729 1553 5759 θ’
1597 5728 1711 5781 Gal.
1754 5744 1803 5793 ι’,
1845 5728 1932 5781 22.

1969 4544 2196 4613 πότερον
2226 4540 2321 4594 τοῦ
2350 4538 2506 4600 Θεοῦ,
2539 4536 2572 4607 ἢ
2602 4534 2698 4588 τοῦ
2751 4534 2969 4585 Σατανᾶ
3000 4532 3245 4599 πέφυκεν
3275 4529 3333 4580 ὅν
3357 4545 3370 4559 ·
3404 4527 3543 4596 πλὴν

1976 4636 2111 4690 ἀλλὰ
2142 4634 2233 4687 καὶ
2263 4633 2399 4702 αὐτῇ
2434 4633 2498 4699 τῇ
2530 4629 2698 4699 ψυχῇ,
2732 4628 2891 4696 εἴπερ
2925 4624 3162 4695 ἔρρωται
3204 4620 3274 4673 τὰ
3304 4619 3405 4687 τῆς
3429 4619 3543 4671 διας

1966 4729 2222 4799 κρίσεως,
2272 4725 2434 4787 εὐθὺς
2463 4723 2569 4777 ἀπὸ
2600 4723 2698 4791 τῆς
2726 4720 2920 4789 νοερᾶς
2951 4715 3278 4785 αἰσθήσεως,
3313 4712 3448 4781 δῆλα
3471 4711 3539 4763 τὰ

1965 4824 2064 4889 τῆς
2096 4820 2360 4889 διαφορᾶς
2392 4817 2625 4885 γίνεται.
2659 4814 2870 4880 Ὠσπερ
2924 4810 3032 4880 γὰρ
3067 4808 3188 4873 ὅξος
3217 4807 3366 4874 οἴνῳ,
3400 4803 3543 4856 κατὰ

1967 4916 2064 4986 μὲν
2089 4914 2190 4983 τὴν
2227 4914 2419 4983 ὅρασιν
2445 4908 2522 4974 ἓν,
2559 4910 2622 4960 ἐκ
2654 4906 2711 4958 δὲ
2752 4904 2855 4973 τῆς
2898 4902 3039 4956 κατὰ
3086 4901 3186 4969 τὴν
3238 4898 3424 4966 γεῦσιν
3450 4897 3537 4948 αἱ-

1966 5007 2211 5073 σθήσεως
2257 5004 2285 5056 6
2331 4999 2539 5072 λάρυγξ
2602 4996 2862 5067 ἐκατέρου
2899 4994 3074 5065 κρίνει
3103 4994 3162 5045 τὸ
3194 4991 3325 5044 ἴδιον
3349 5006 3360 5019 '
3395 4987 3538 5041 οὕτω

1964 5099 2026 5168 δὴ
2069 5096 2164 5150 καὶ
2205 5094 2353 5166 ψυχὴ
2401 5092 2462 5158 ἐξ
2515 5092 2683 5161 αὐτῆς
2738 5105 2801 5157 γε
2858 5088 2959 5157 τῆς
2990 5086 3181 5155 νοερᾶς
3214 5082 3538 5152 αἰσθήσεως,

1962 5190 2053 5243 καὶ
2088 5189 2186 5257 τῆς
2221 5185 2503 5256 ἐνεργείας
2534 5181 2733 5252 δυνατὴ
2778 5179 2981 5251 κρίνειν
3013 5176 3082 5229 τά
3108 5192 3169 5227 τε
3221 5172 3315 5226 τοῦ
3363 5170 3539 5223 Πνεύ-

1963 5297 2132 5349 ματος
2170 5278 2507 5350 χαρίσματα,
2567 5274 2662 5329 καὶ
2720 5272 2787 5327 τὰ
2841 5270 2934 5325 τοῦ
2997 5265 3279 5338 ἀλλοτρίου
3335 5263 3538 5334 φαντά-

1961 5387 2164 5441 σματα.
