3980 6426
398 367 498 434 877

1260 359 1489 419 LIBER
1527 354 1626 415 DE
1662 342 2047 411 PATIENTA
2090 339 2183 399 ET
2224 337 2754 399 DISCRETIONE.

3541 335 3647 398 878

468 486 574 539 IA'.
604 482 726 554 Χρὴ
774 483 997 536 σκοπεῖν
1033 474 1130 534 κά).
1163 477 1495 548 προὸλέπειν
1521 474 1717 544 ἄριστα
1745 470 1843 537 τὴν
1872 466 1972 535 ψυ-

2150 458 2289 514 XIV.
2322 455 2622 512 Attendere
2647 472 2711 512 ac
2734 455 3049 527 prospicere
3071 453 3489 525 diligentissime
3522 455 3646 511 ani-

399 582 521 651 χὴν,
579 579 795 647 μήποτε
835 576 901 647 δὴ
952 574 1056 627 κάν
1122 572 1202 642 τῷ
1252 567 1575 640 βραχυτάτῳ
1616 565 1721 618 ὑπὸ
1752 564 1851 631 τῆς
1876 559 1972 651 τοῦ

400 650 782 734 ἀντικειμένου
836 662 950 733 ἀλῷ
1008 661 1314 729 δυνάμεως.
1353 657 1564 725 Ὥσπερ
1589 655 1697 723 γὰρ
1720 651 1837 714 ἐνὸς
1873 650 1972 720 μὲ-

403 775 528 827 ρους
555 756 696 822 ζώου
732 755 920 824 παγίδι
980 752 1300 824 ληφθέντος,
1332 749 1450 803 ὅλον
1479 748 1689 815 ἀνάγκη
1720 744 1971 812 κάμπτε-

406 850 551 914 σθαι,
605 850 699 902 καὶ
745 848 848 901 ὑπὸ
908 849 1028 908 ταῖς
1065 844 1174 897 τῶν
1215 842 1561 913 θηρευόντων
1610 836 1795 907 χερσὶν
1824 834 1967 902 γίνε-

405 940 529 993 σθαι
551 956 564 971 ’
596 939 739 992 οὕτω
766 936 831 1007 δὴ
863 938 957 989 καὶ
998 934 1145 1005 ψυχῇ
1174 936 1242 987 τά
1270 933 1430 1001 ὅμοια
1485 927 1804 997 συμϐαίνειν
1830 921 1977 991 παρά

402 1032 512 1084 τῶν
555 1030 766 1101 ἐχθρῶν
821 1028 999 1081 εἴωθε.
1058 1027 1168 1079 Καὶ
1216 1023 1375 1077 τοῦτο
1413 1021 1570 1089 δῆλον
1610 1018 1925 1086 καθίστησιν
1950 1016 1977 1065 6

405 1121 687 1189 προφήτης
712 1134 726 1148 ο
762 1116 991 1186 Παγίδα
1030 1116 1161 1185 γὰρ,
1226 1112 1412 1181 φησιν,
1459 1109 1798 1176 ἡτοίμασαν
1854 1102 1979 1168 τοῖς

404 1210 555 1263 ποσί
581 1226 722 1278 μου,
754 1209 850 1261 καί
884 1206 1279 1275 κατέκσμψαν
1306 1202 1420 1269 τὴν
1452 1199 1664 1268 ψυχήν
1682 1214 1825 1266 μου.

478 1298 577 1353 ΙΕ’.
613 1301 706 1352 Δεῖ
732 1298 823 1352 τὸν
857 1297 1181 1367 βουλόμενον
1230 1294 1320 1347 διὰ
1365 1292 1466 1361 τῆς
1502 1289 1693 1357 στενῆς
1745 1289 1824 1349 εἰς
1880 1285 1979 1353 τὴν

407 1387 584 1440 οἰκίαν
613 1387 708 1440 τοῦ
742 1386 964 1457 ἰσχυροῦ
1017 1384 1296 1446 εἰσελθεῖν,
1327 1383 1424 1434 καὶ
1473 1380 1541 1432 τά
1588 1376 1756 1446 σκεύη
1812 1373 1976 1428 αὐτοῦ

409 1476 730 1546 διαρπάσαι,
770 1476 844 1547 μὴ
897 1476 1136 1528 εἰδοκεῖν
1191 1470 1457 1538 εὐπαθείᾳ
1511 1468 1796 1535 σώματος’
1861 1464 1977 1517 ἀλλ’

412 1565 841 1635 ὲνδυναμοῦσθαι
888 1564 968 1633 τῷ
1013 1562 1205 1632 ἀγαθῷ
1268 1559 1568 1629 Πνεῦματι,
1635 1557 1828 1625 ἔχοντα
1890 1554 1979 1607 διὰ

418 1659 639 1728 μνήμης
686 1659 774 1710 τὸν
824 1658 1077 1721 εἰπόντα,
1117 1656 1198 1709 ὅτι
1259 1653 1418 1722 Σὰρξ
1457 1653 1554 1705 καὶ
1610 1646 1752 1718 αἷμα
1792 1649 1978 1713 ,ϐασι-

2077 566 2218 604 mam
2259 557 2497 619 oportet,
2531 566 2600 604 ne
2634 547 2853 618 quando
2880 547 2967 601 vel
2995 546 3217 600 minima
3263 546 3347 601 sui
3381 554 3537 616 parte
3578 548 3648 602 ab

2075 642 2386 697 adversaria
2410 649 2675 711 potestate
2698 639 2965 711 capiatur.
2991 637 3146 693 Sicut
3176 638 3327 692 enim
3355 638 3651 706 illaqueato

2076 733 2323 803 quolibet
2359 733 2610 788 animalis
2653 731 2922 795 membro,
2969 738 3144 784 totum
3187 728 3390 783 inﬂecti
3424 743 3651 782 necesse

2075 835 2180 889 est,
2224 824 2366 879 etin
2404 823 2727 878 venantium
2772 837 2969 877 manus
3006 822 3183 886 cadit;
3233 822 3312 876 sic
3357 830 3413 874 et
3458 820 3654 873 animae

2078 916 2278 971 similia
2316 914 2384 968 ab
2429 914 2681 968 hostibus
2711 913 3033 983 contingere
3066 911 3264 965 solent.
3297 911 3364 964 Et
3389 911 3494 964 hoc
3533 924 3651 961 ma-

2078 1006 2276 1062 nifeste
2333 1005 2617 1061 denuntiat
2657 1002 2964 1073 prepheta:
3018 1000 3320 1071 Laqueum,
3374 998 3650 1068 inquiens,

2084 1099 2243 1170 184
2292 1106 2614 1170 paraverunt
2667 1096 2882 1167 pedibus
2932 1097 3089 1161 meis,
3144 1103 3193 1148 et
3242 1096 3651 1148 incurvaverunt

2081 1198 2319 1249 animam
2351 1212 2522 1248 meam
2537 1195 2604 1249 ".

2149 1288 2265 1342 XV.
2303 1286 2531 1357 Oportet
2567 1288 2842 1343 volentem
2878 1301 2977 1357 per
3010 1292 3302 1354 angustum
3342 1281 3550 1338 aditum
3596 1278 3653 1332 in

2082 1378 2305 1433 domum
2351 1376 2509 1431 fortis
2557 1376 2769 1446 ingredi
2802 1385 2857 1430 et
2900 1389 3028 1428 vasa
3076 1373 3196 1442 ejus
3238 1370 3501 1439 diripere,
3541 1382 3654 1421 non

2083 1471 2368 1539 indulgere
2413 1468 2626 1523 deliciis
2670 1466 2941 1537 corporis,
2987 1464 3081 1519 sed
3116 1461 3467 1517 corroborari
3508 1460 3653 1511 bono

2083 1561 2303 1630 spiritu,
2349 1574 2649 1614 memorem
2678 1560 2817 1629 ejus,
2852 1557 2945 1626 qui
2977 1556 3154 1609 dixit:
3193 1554 3331 1609 Caro
3361 1560 3409 1605 et
3434 1552 3652 1620 sanguis

2083 1669 2300 1722 regnum
2357 1650 2452 1705 Dei
2501 1667 2605 1703 non
2640 1647 3059 1719 possidebunt”.
3108 1644 3227 1710 Quo
3267 1654 3449 1698 autem
3488 1642 3653 1696 modo

413 1747 590 1799 λείαν
618 1748 767 1800 Θεοῦ
800 1749 871 1801 οὐ
904 1744 1454 1814 κληρονομήσουσι.
1500 1741 1623 1804 Πῶς
1667 1740 1724 1793 δὲ
1781 1740 1861 1792 δεῖ
1888 1741 1976 1793 ἐν-

2089 1745 2236 1798 illum
2277 1748 2496 1811 Oportet
2525 1739 2872 1794 corroborari
2899 1738 3140 1808 spiritu?
3168 1736 3225 1791 Si
3252 1736 3498 1790 attendat
3517 1734 3634 1803 Apo

416 1835 800 1904 δυναμωθῆναι
857 1834 1160 1904 πνεύματι;
1213 1834 1290 1903 τῷ
1366 1831 1673 1900 Ἀποστόλῳ
1731 1830 1975 1898 λέγοντι,

412 1924 512 1994 τὴν
569 1926 759 1994 σοφίαν
806 1924 898 1979 τοῦ
953 1925 1086 1979 Θεοῦ
1135 1925 1347 1995 μωρίαν
1387 1925 1498 1985 τοῖς
1540 1921 1848 1991 ἀνθρώποις
1891 1924 1980 1975 λο-

411 2016 681 2084 γίζεσθαι,
723 2017 1083 2087 προσεκτέον·
1134 2018 1228 2071 καὶ
1262 2018 1290 2068 6
1325 2018 1601 2086 προφήτες
1634 2016 1688 2071 δέ
1711 2033 1723 2044 ·
1777 2008 1977 2075 Εἶδον.

410 2107 562 2175 φησὶ,
592 2108 699 2160 τὸν
737 2108 874 2162 Υίὸν
898 2110 1005 2164 τοῦ
1028 2108 1363 2177 ἀνθρώπου,
1395 2107 1489 2161 καί
1515 2108 1578 2159 τὸ
1607 2103 1765 2170 εἶδος
1795 2103 1981 2158 αὐτοῦ

409 2194 636 2265 ἄτιμον,
669 2198 955 2253 ἐκλεῖπον
983 2200 1140 2267 παρὰ
1190 2198 1423 2262 πάντας
1454 2196 1595 2261 τοὺς
1646 2195 1814 2259 υιοὺς
1864 2194 1982 2246 τῶν

409 2286 757 2354 ἀνθρώπων.
790 2290 883 2340 Δεῖ
912 2288 1202 2359 τοιγαροῦν
1242 2291 1333 2340 τὸν
1360 2288 1683 2357 βουλόμενον
1709 2287 1822 2337 υἱὸν
1845 2283 1981 2339 Θεοῦ

410 2376 664 2442 γενέσθαι
715 2377 855 2431 κατὰ
894 2377 954 2430 τὸ
1003 2378 1189 2447 ὅμοιον
1238 2377 1639 2444 ταπεινωθῆναι
1688 2376 1978 2445 πρότερον,

409 2465 503 2518 καὶ
535 2466 716 2536 μωρὸν
745 2467 839 2518 καί¹
868 2466 1061 2536 ἄτιμον
1089 2465 1438 2537 λογισθῆναιο
1472 2466 1546 2534 μὴ
1568 2466 1981 2535 ἀποστρέφοντα

409 2554 470 2605 τὸ
496 2556 786 2624 πρόσωπον
815 2559 922 2611 ἀπὸ
956 2558 1387 2629 ὲμπτυσμάτων,
1421 2557 1495 2628 μὴ
1521 2555 1699 2621 δόξαν,
1739 2557 1815 2625 μὴ
1848 2556 1979 2609 κάλ-

409 2645 498 2708 λος
521 2646 614 2699 τοῦ
648 2648 838 2712 αἰῶνος
872 2650 1082 2714 τούτου,
1113 2649 1249 2721 μηδὲ
1280 2648 1517 2702 τοιοῦτον
1559 2647 1978 2717 μεταδιώκοντα,

412 2740 489 2809 μὴ
517 2738 708 2809 ἔχοντα
748 2739 852 2793 ποῦ
890 2742 992 2811 τὴν
1034 2741 1275 2810 κεφαλὴν
1320 2740 1623 2805 ἀνακλῖναι,
1654 2738 1983 2809 ὀνειδιζόμε-

410 2846 501 2883 νον
542 2831 637 2885 καὶ
683 2830 1149 2903 ἑξουθενούμενον,
1180 2832 1277 2886 καὶ
1323 2832 1540 2885 πάντων
1585 2831 1886 2902 παρόραμόι
1921 2848 1981 2883 τε

413 2921 504 2973 καὶ
546 2921 923 2993 καταπάτημα
970 2920 1340 2993 λογιζόμενον,
1387 2920 1795 2993 πολεμούμενον
1840 2921 1982 2991 ἀφα-

410 3010 517 3071 νῶς
538 3026 596 3062 τε
621 3012 717 3063 καὶ
749 3013 1019 3083 φανερῶς,
1054 3014 1147 3065 καὶ
1174 3016 1240 3083 τῇ
1267 3014 1477 3084 διανοίᾳ
1517 3015 1978 3084 ἀντιμαχόμενον·

2082 1835 2221 1891 stolo
2243 1831 2487 1887 dicenti:
2523 1830 2614 1885 Dei
2642 1831 2958 1897 sapientiam
2983 1829 3220 1898 reputari
3257 1827 3323 1880 ab
3348 1826 3654 1879 hominibus

2080 1926 2449 1983 sznltitiam“.
2510 1922 2612 1979 Cui
2675 1922 2939 1992 propheta
2992 1918 3319 1981 concinens,
3368 1916 3494 1969 ait:
3540 1912 3655 1969 Vidi

2080 2016 2272 2071 Filium
2296 2016 2520 2070 hominis
2539 2022 2585 2067 et
2611 2013 2803 2082 species
2821 2012 2932 2080 ejus
2954 2011 3271 2063 inhonorata
3300 2005 3442 2075 infra
3476 2019 3653 2056 omnes

2082 2110 2219 2179 ﬁlios
2273 2107 2627 2163 hominum”.
2677 2103 2909 2173 Oportet
2966 2100 3133 2170 igitur
3182 2112 3331 2163 eum,
3389 2096 3485 2165 qui
3538 2095 3656 2148 vult

2085 2201 2229 2254 (ilius
2259 2198 2357 2252 Dei
2404 2197 2543 2262 ﬁeri,
2574 2195 2730 2264 prius
2753 2193 3004 2247 similiter
3027 2189 3327 2254 humiliari,
3353 2195 3409 2242 et
3427 2186 3653 2241 stultum

2084 2290 2487 2361 ignobilemque
2528 2286 2805 2357 reputari;
2852 2298 2962 2337 non
3000 2288 3343 2336 avertentem
3390 2278 3585 2335 faciem
3624 2294 3655 2329 a

2084 2384 2279 2451 sputis,
2313 2398 2415 2436 nec
2446 2381 2675 2451 gloriam
2699 2393 2802 2433 nec
2828 2377 3084 2432 decorem
3112 2370 3305 2427 mundi
3342 2371 3525 2439 hujus,
3560 2376 3657 2421 aut

2083 2474 2291 2543 aliquid
2339 2473 2516 2526 simile
2566 2477 3029 2540 prosequentem;
3076 2481 3186 2520 non
3237 2464 3530 2518 habentem
3561 2460 3656 2514 ubi

2082 2572 2247 2635 caput
2295 2564 2552 2628 reclinet;
2608 2560 2920 2631 opprobriis
2968 2559 3249 2622 obrutum,
3304 2555 3465 2608 nihili
3495 2552 3656 2606 habi-

2085 2664 2229 2722 tum,
2284 2670 2384 2725 pro
2431 2652 2749 2722 despicabili
2799 2658 2855 2704 et
2911 2650 3073 2718 digno
3122 2648 3216 2717 qui
3272 2646 3341 2701 ab
3401 2643 3661 2699 omnibus

2082 2739 2485 2805 conculcetur,'
2520 2749 2863 2810 reputatum;
2913 2746 3285 2808 oppugnatum
3333 2736 3550 2791 occulte
3595 2750 3662 2787 ac

2083 2838 2279 2907 palam,
2314 2845 2370 2889 et
2397 2842 2579 2888 mente
2610 2833 3005 2898 reluctantem;
3042 2840 3097 2885 et
3126 2838 3258 2883 tunc
3288 2829 3404 2897 ipse
3438 2828 3534 2882 Dei
3566 2828 3660 2881 Fi-

2080 2928 2213 2993 lius;
2256 2927 2391 2997 ipse,
2436 2924 2677 2996 inquam,
2712 2922 2805 2992 qui
2847 2921 3021 2975 dixit:
3057 2919 3366 2973 Inhabilabo
3397 2927 3444 2969 et
3472 2917 3662 2970 ambu-

2084 3020 2201 3074 labo
2231 3022 2284 3073 in
2312 3019 2450 3072 vobis
2470 3018 2536 3082 ³⁸,
2569 3015 2918 3071 manifestum
2952 3028 3009 3067 se
3039 3009 3305 3081 praebebit
3335 3010 3454 3079 ejus
3482 3008 3660 3074 cordi,

412 3102 507 3153 καὶ
551 3102 672 3155 τότε
702 3105 861 3167 αὐτὸς
910 3108 939 3159 6
979 3106 1072 3158 τοῦ
1118 3105 1254 3159 Θεοῦ
1294 3108 1440 3172 Υἱὸς,
1472 3108 1631 3171 αὐτός
1665 3125 1729 3177 γε
1770 3110 1968 3163 εἰπών’

2089 3120 2131 3165 et
2164 3110 2281 3181 ipse
2320 3109 2549 3180 accipiet
2601 3106 2861 3162 virtutem
2903 3113 2959 3159 et
2993 3103 3162 3157 robur
3191 3100 3257 3155 ad
3291 3098 3652 3156 vinciendum

425 3191 749 3259 Ἐνοικήσω
787 3193 885 3248 καὶ
922 3196 1384 3265 ἐμπεριπατήσω
1426 3200 1497 3252 ἐν
1532 3201 1696 3270 ὑμῖν,
1736 3202 1985 3273 ἐμφανὴς

414 3281 567 3336 ἔσται
614 3287 679 3355 τῇ
731 3286 896 3339 αὐτοῦ
950 3288 1167 3359 καρδίᾳ,
1200 3289 1294 3341 καὶ
1340 3289 1574 3359 λήψεται
1624 3291 1862 3362 δύναμιν
1893 3293 1985 3344 καὶ

416 3374 591 3443 ἰσχὺν,
622 3377 761 3429 ὥστε
811 3377 1089 3447 δεσμῶσαι
1134 3380 1230 3434 τὸν
1288 3382 1529 3451 ἰσχυρὸν,
1564 3383 1655 3434 καὶ⁵
1694 3383 1761 3435 τὰ
1811 3382 1983 3452 σκεύη

416 3464 579 3517 αὑτοῦ
619 3466 955 3536 διαρπάσαιο
990 3469 1082 3521 ἐπὶ
1127 3470 1329 3523 ἀσπίδα
1377 3489 1438 3523 τε
1499 3474 1593 3525 καὶ
1650 3472 1982 3542 βασιλίσκον,

413 3556 507 3607 καὶ
526 3556 710 3609 ἐπάνω
736 3558 1011 3628 σκορπίων
1040 3558 1134 3612 καὶ
1166 3560 1340 3629 ὄφεων
1361 3561 1638 3632 ἐπιϐῆναι.

487 3647 603 3713 ICI'.
640 3648 715 3700 Οὐ
765 3649 959 3718 μικρὸς
996 3651 1127 3719 ἡμῖν
1161 3651 1309 3718 ἁγὼν
1352 3653 1663 3724 πρόκειται,
1695 3654 1984 3726 διαρρῆξαι

412 3736 503 3790 τὸν
552 3739 800 3793 θάνατον.
831 3742 967 3809 Φησὶ
998 3742 1126 3811 γὰρ,
1172 3742 1244 3796 ἸΙ
1263 3744 1553 3806 βασιλεία
1581 3746 1687 3799 τοῦ
1720 3748 1865 3801 Θεοῦ
1891 3750 1987 3802 ἐν-

414 3826 517 3891 τὸς
566 3826 734 3895 ὑμῶν
786 3829 978 3884 ἐστιν.
1019 3830 1345 3901 Εὑρίσκεται
1377 3833 1433 3885 δὲ
1485 3834 1687 3904 τρόπον
1735 3836 1858 3889 τινὰ
1891 3839 1986 3891 καὶ

411 3914 573 3978 αὐτὸς
604 3915 679 3969 ὣν
720 3918 871 3982 ἐντὸς
899 3921 927 3972 6
961 3919 1213 3990 πολεμῶν
1249 3923 1395 3991 ἡμᾶς
1423 3926 1514 3976 καὶ
1546 3925 1985 3995 αἰχμαλωτίζων.

411 4008 504 4076 Μὴ
544 4004 638 4061 οὖν
681 4010 932 4064 ἐνδιδότω
975 4012 1242 4082 μηδαμῶς
1271 4015 1305 4084 ἡ
1340 4014 1507 4085 ψυχὴ,
1541 4017 1646 4081 ἓως
1690 4018 1756 4072 ἂν
1791 4021 1985 4090 νεκρὸν

412 4097 531 4169 θείη
579 4100 670 4153 τὸν
712 4102 918 4170 ταύτην
963 4105 1434 4173 αἰχμαλωτίζοντα
1456 4124 1471 4137 ο
1499 4108 1593 4161 κα)⁴
1614 4096 1734 4161 τότε
1762 4110 1985 4178 διαφεύ-

412 4189 562 4255 ξεται
608 4191 767 4263 ὀδύνη
815 4195 967 4247 πᾶσα
1019 4196 1113 4248 καὶ
1150 4196 1293 4268 λύπη
1326 4198 1421 4252 καὶ
1449 4200 1774 4269 στεναγμὸς,
1808 4201 1895 4253 διὰ
1923 4202 1984 4254 τὸ

413 4283 646 4351 ῥαγῆναι
673 4283 815 4354 ὕδωρ
854 4288 911 4338 ἐν
944 4289 1012 4357 γῇ
1046 4287 1276 4360 διψώσῃ,
1305 4290 1399 4343 καὶ
1424 4290 1677 4357 γενέσθαι
1725 4293 1823 4364 τὴν
1850 4292 1980 4365 ἔρη-

412 4392 511 4444 μον
536 4376 617 4438 είς
640 4377 841 4447 πλῆθος
872 4379 1097 4434 ὑδάτων.

2088 3203 2286 3257 fortem
2333 3212 2388 3256 et
2424 3216 2553 3255 vasa
2580 3202 2699 3271 ejus
2724 3194 3074 3268 diripienda;
3105 3194 3239 3265 quin
3271 3200 3324 3249 et
3360 3192 3426 3249 ad
3466 3192 3662 3247 ambu-

2089 3293 2311 3347 landum
2359 3308 2523 3363 super
2565 3291 2811 3361 aspidem
2835 3299 2890 3343 et
2922 3287 3324 3350 basiliscum",
3363 3294 3419 3341 et
3451 3284 3518 3339 ad
3556 3282 3668 3339 cal-

2090 3384 2324 3439 candum
2357 3399 2522 3479 supra
2556 3384 2874 3453 scorpiones
2894 3387 2951 3434 et
2979 3377 3347 3448 serpentes".

2162 3656 2298 3711 XVI.
2349 3655 2465 3709 Non
2514 3668 2739 3724 parvum
2786 3651 2944 3705 nobis
2993 3660 3271 3703 certamen
3318 3646 3662 3717 propositum

2090 3758 2193 3808 est.
2228 3749 2357 3801 dum
2391 3745 2773 3816 perfringenda
2795 3753 2878 3797 est
2906 3756 3073 3794 mors.
3100 3739 3187 3792 Ait
3207 3739 3351 3793 enim
3380 3755 3392 3789 :
3427 3737 3665 3806 Regnum

2090 3838 2188 3891 Dei
2216 3840 2355 3893 intra
2390 3854 2476 3890 vos
2521 3845 2594 3889 est
2618 3837 2696 3899 ⁹⁹ς
2728 3834 2801 3887 ita
2834 3831 3104 3900 reperitur
3139 3845 3358 3898 quoque
3390 3828 3533 3881 intra
3563 3842 3666 3880 nos

2092 3927 2256 3980 modo
2288 3926 2546 3995 quodam,
2578 3922 2669 3992 qni
2696 3937 2796 3975 nos
2825 3922 3109 3989 impugnat
3134 3928 3189 3973 et
3221 3917 3466 3986 captivos
3488 3916 3659 3971 ducit.

2089 4017 2169 4070 Ne
2215 4017 2382 4086 igitur
2410 4016 2651 4068 remittat
2686 4019 2943 4067 conatum
2970 4009 3173 4073 anima,
3203 4007 3382 4077 quoad
3416 4008 3661 4061 occisum

2090 4118 2217 4162 ante
2262 4122 2319 4161 se
2349 4106 2602 4161 straverit
2631 4105 2996 4174 captivantem
3034 4116 3111 4154 se.
3150 4101 3217 4155 Et
3258 4110 3389 4154 tunc
3422 4099 3665 4168 aufugiet

2088 4198 2245 4252 dolor
2279 4196 2458 4250 omnis
2495 4204 2551 4250 et
2580 4210 2783 4249 mceror
2815 4201 2871 4248 et
2902 4193 3161 4262 gemitus,
3195 4207 3261 4246 eo
3289 4190 3435 4260 quod
3462 4204 3663 4259 erupe-

2089 4290 2161 4344 rit
2188 4306 2327 4359 aqua
2357 4289 2413 4342 in
2440 4297 2584 4342 terra
2614 4286 2843 4349 sitienti.
2895 4294 2950 4339 ct
2997 4285 3277 4339 desertum
3315 4283 3520 4353 stagnis
3550 4284 3663 4353 jam

2085 4399 2350 4452 aquarum
2384 4382 2681 4435 inundetur
2698 4380 2737 4432 ¹.

481 4468 579 4521 ΙΖ’.
614 4468 775 4539 Ψυχὴ
834 4468 1104 4540 ἁλώσιμος
1151 4473 1351 4544 ἀκηδίᾳ
1401 4473 1561 4543 δῆλός
1624 4475 1739 4528 ἐστι
1818 4478 1985 4530 κατά-

2159 4474 2320 4528 Χνιι.
2347 4472 2477 4539 Quae
2500 4471 2658 4524 facile
2684 4469 2892 4521 incuria
2913 4468 3127 4536 capitur
3149 4466 3352 4531 anima,
3380 4464 3668 4519 manifeste

412 4578 601 4631 σχετος
641 4557 775 4614 οὖσα
818 4564 912 4614 καὶ
950 4564 1211 4633 ἀπιστίᾳ⁸
1250 4566 1343 4618 καὶ
1366 4566 1455 4619 διὰ
1487 4567 1643 4620 τοῦτο
1677 4569 1892 4639 ἡμέραν
1926 4569 1983 4634 ἐξ

410 4653 624 4725 ἡμέρας
666 4653 1047 4723 ὑπερὸιὸάξει,
1079 4655 1169 4707 τὸν
1204 4655 1361 4723 λόγον
1418 4657 1477 4709 οὐ
1516 4658 1777 4729 δεχομένη
1808 4677 1819 4689 ·
1853 4662 1983 4712 ἁνα-

412 4747 603 4814 πτεροῖ
650 4745 705 4799 δὲ
747 4746 946 4816 ἑαυτὴν
983 4747 1076 4799 καί
1109 4746 1340 4819 ὀνείροις
1386 4748 1669 4814 πολλάκις,
1700 4750 1792 4802 τὸν
1835 4750 1985 4814 ἐντὸς

414 4838 490 4907 μὴ
524 4837 861 4891 κατανοοῦσα
889 4838 1144 4908 πόλεμον,
1175 4840 1270 4892 ἆτε
1305 4841 1483 4910 οἰήσει
1535 4841 1946 4911 κατειλημμένη
1967 4859 1980 4873 ο

409 4928 443 4998 ή
473 4927 529 4979 δὲ
555 4929 730 4998 οἴησις
777 4928 1025 5001 πύρωσίς
1058 4929 1173 4981 ἐστι
1220 4931 1319 4999 τῆς
1347 4930 1546 5000 ψυχῆς,
1592 4930 1828 5000 οὐδαμοῦ
1877 4932 1985 4999 ἀφ·-

412 5020 555 5074 ιεῖσα
577 5020 677 5089 τὴν
701 5021 900 5091 ἑαυτῆς
930 5019 1214 5076 ἀσθένειαν
1246 5022 1563 5091 ἐπιγνῶναι.

482 5209 588 5262 IH'.
626 5209 837 5281 Ὠσπερ
885 5209 1086 5281 βρέφος
1131 5209 1377 5277 νεογενὲς
1408 5209 1595 5263 εἰκόνα
1635 5227 1728 5262 του
1772 5210 1994 5286 τελείοιι

411 5300 665 5365 διασώζει
703 5302 915 5372 ἀνδρὸς,
951 5300 1094 5353 οὓτω
1123 5300 1186 5369 δὴ
1238 5300 1504 5371 καὶψυχὴ
1551 5301 1712 5355 εἰκών
1752 5302 1837 5364 τίς
1870 5305 1983 5356 ἐστι

410 5390 503 5442 τοῦ
536 5392 896 5460 πεποιηκότος
922 5394 1094 5461 αὐτὴν
1150 5390 1310 5446 Θεοῦ.
1351 5392 1441 5455 Ὠς
1488 5388 1581 5445 οὖν
1626 5394 1720 5445 καὶ
1772 5394 1984 5447 παιδίον

415 5483 554 5536 κατά
588 5482 751 5552 μέρος
783 5484 880 5550 μὲν
906 5484 1272 5554 αὐξανόμενον
1299 5485 1364 5537 ὲκ
1396 5483 1596 5555 μέρους
1629 5485 1984 5552 ἐπιγινώσκει

484 5662 528 5691 ⁹¹
567 5662 766 5716 Jernm.
816 5680 967 5726 xvm,
1006 5664 1093 5717 ἓξ.
1200 5666 1245 5695 ’³
1281 5667 1297 5720 l
1340 5666 1465 5720 Cor.
1511 5684 1598 5730 xv,
1643 5668 1728 5719 50.

416 5749 556 5800 xxu,
604 5735 681 5787 l2.
758 5736 798 5766 ³⁷
843 5735 983 5787 I’sal.
1027 5751 1109 5800 xc,
1154 5737 1237 5789 '15.

1833 5667 1878 5698 ει
1914 5668 1931 5720 ι
1964 5666 2091 5722 Cor.
2127 5684 2163 5731 ι,
2198 5665 2285 5717 es.

1315 5734 1360 5768 "
1404 5738 1536 5791 Luc.
1576 5753 1625 5803 χ,
1678 5739 1756 5791 19.
1836 5738 1878 5768 ⁹⁹
1915 5738 2047 5791 an.
2094 5754 2218 5800 xvn,
2250 5735 2338 5788 2|.

2086 4571 2375 4626 monstrat,
2420 4562 2812 4617 incredulitate
2843 4575 2900 4613 se
2928 4559 3099 4612 fuisse
3131 4566 3381 4626 captam:
3428 4570 3493 4610 ac
3536 4571 3667 4624 pro-

2086 4668 2274 4726 pterea
2304 4654 2451 4708 diem
2490 4669 2557 4708 ex
2596 4653 2685 4707 die
2728 4653 2923 4721 ignave
2964 4648 3230 4703 morando
3260 4648 3512 4709 traxisse,
3541 4661 3667 4699 ver-

2085 4746 2216 4801 bum
2267 4745 2459 4799 salutis
2511 4759 2619 4798 non
2680 4742 3061 4811 accipientem.
3121 4740 3271 4793 Alias
3318 4746 3501 4791 autem
3558 4734 3662 4788 sibi

2086 4839 2242 4908 ﬁngit
2274 4836 2531 4892 inanibus
2556 4848 2697 4903 saepe
2731 4833 2959 4888 somniis
2983 4838 3039 4885 et
3074 4845 3186 4884 non
3218 4827 3665 4882 animadvertens

2088 4932 2409 4987 intestinum
2448 4930 2687 4994 bellum;
2745 4936 2956 4997 utpote,
2983 4942 3122 4979 vana
3144 4926 3229 4980 sui
3253 4934 3409 4991 capta
3444 4922 3664 4987 ﬁducia,

2086 5043 2207 5097 quae
2243 5025 2460 5081 caecitas
2505 5024 2702 5078 animae
2738 5031 2843 5086 est,
2883 5037 2993 5076 non
3036 5020 3223 5075 sinens
3255 5019 3400 5072 illam
3430 5015 3667 5087 propria:

2091 5122 2370 5176 consciam
2401 5117 2737 5172 infirmitatis
2774 5131 2914 5169 esse.

2161 5213 2347 5269 XVlll.
2377 5210 2534 5265 Sicut
2562 5209 2740 5263 infans
2768 5221 2959 5261 recens
2981 5214 3141 5259 natus
3172 5202 3401 5257 formam
3430 5197 3663 5271 perfecti

2091 5314 2276 5361 servat
2305 5304 2432 5366 viri,
2468 5302 2541 5354 ita
2578 5309 2634 5355 et
2672 5297 2853 5352 anima
2900 5296 3078 5365 imago
3127 5293 3375 5364 quaedam
3422 5300 3507 5346 est
3542 5291 3661 5356 Dei,

2091 5397 2185 5465 qui
2210 5394 2339 5448 fecit
2362 5393 2554 5461 ipsam.
2586 5389 2655 5445 Ut
2687 5387 2851 5459 igitur
2876 5384 3078 5440 sensim
3110 5400 3249 5455 puer
3279 5390 3334 5437 et
3356 5396 3452 5451 per
3480 5388 3666 5450 partes

2092 5502 2375 5547 crescens,
2411 5482 2603 5551 incipit
2639 5496 2706 5535 ex
2749 5487 2901 5549 parte
2946 5488 3154 5547 patrem
3198 5486 3528 5544 agnoscere;
3566 5468 3663 5524 ubi

2398 5664 2442 5695 9"
2486 5662 2586 5716 lsa.
2632 5676 2740 5721 LIII,
2777 5660 2830 5712 2.
2934 5659 2978 5689 ⁸⁸
3024 5658 3067 5711 ll
3113 5656 3238 5711 Cor.
3280 5670 3352 5718 γι,
3396 5651 3493 5716 12;
3525 5647 3656 5703 [ιον.

2423 5734 2435 5764 ί
2484 5733 2584 5786 15:1.
2639 5748 2793 5795 xxxv,
2841 5732 2896 5793 (5,
2938 5730 2988 5782 7.
