3980 6418
378 370 487 437 879

1660 369 1720 428 S.
1765 367 2089 427 MACAREI
2133 367 2459 427 {EGYPTII

3545 361 3641 432 880

381 501 517 542 vero
549 484 767 556 plenius
797 485 1121 551 adoleverit,
1164 494 1295 541 tunc
1325 499 1436 539 non
1472 483 1586 537 fere
1618 482 1803 537 minus
1827 482 1976 536 clare
2004 536 2005 541 η

2111 482 2176 535 :al
2209 482 2302 534 τὸν
2334 486 2579 553 πατέρα’
2616 482 2840 537 ἐπειδὰν
2886 483 2943 536 δὲ
2988 485 3070 549 εἰς
3114 483 3327 555 ἡλικίαν
3374 483 3640 555 ἀφίκηται,

384 576 503 647 ipse
542 585 777 645 patrem,
811 590 977 646 quam
1024 586 1183 646 pater
1222 576 1404 645 ipsum
1447 572 1629 627 noscit
1657 587 1721 625 ac
1755 570 1972 641 diligit;

385 683 451 723 ac
482 668 578 723 tali
618 668 731 739 jam
760 668 1073 724 ostenditur
1107 670 1279 739 patris
1310 668 1606 722 thesaurus
1633 681 1645 717 :
1688 665 1768 719 sic
1796 666 1979 720 anima

387 772 614 827 quoque
651 767 779 813 ante
811 758 1245 815 inobedientiam
1276 758 1593 828 profectura
1627 754 1809 809 fuerat
1837 765 1894 810 et
1924 756 1980 810 in

388 849 573 906 virum
624 849 935 919 perfectum
985 865 1319 914 occursura;
1359 847 1455 903 sed
1508 862 1609 916 per
1660 845 1983 900 inobedien-

390 938 522 990 tiam
563 938 619 991 in
658 938 885 1009 pelagus
928 939 1222 993 oblivionis
1268 947 1325 994 et
1374 940 1429 992 in
1475 938 1733 1009 abyssum
1772 937 1983 991 erroris

392 1028 656 1098 depressa
687 1037 799 1095 est;
831 1038 997 1100 atque
1032 1029 1086 1084 in
1116 1031 1294 1100 portis
1322 1028 1486 1084 inferi
1509 1026 1861 1091 inhabitavit,
1887 1026 1982 1081 ubi

393 1120 507 1175 lato
548 1121 701 1175 velut
731 1121 1021 1175 intervallo
1049 1120 1265 1175 distans
1296 1134 1328 1173 a
1360 1120 1473 1174 Deo
1503 1118 1687 1174 anima
1718 1115 1984 1172 accedere

396 1211 465 1267 ad
520 1212 674 1266 illum
721 1213 951 1282 nequit,
1009 1222 1067 1267 et
1120 1213 1269 1268 clare
1321 1226 1625 1282 agnoscere
1676 1217 1984 1265 creatorem

396 1318 578 1358 suum.
628 1303 700 1359 At
756 1305 903 1359 Deus
979 1303 1226 1374 primum
1266 1302 1491 1374 quidem
1540 1318 1640 1373 per
1678 1303 1977 1372 prephetas

397 1402 721 1449 convertere
779 1394 1037 1449 studebat
1076 1395 1142 1449 ad
1200 1410 1259 1451 se
1312 1395 1485 1459 illam,
1524 1404 1579 1449 et
1615 1394 1985 1464 provocabat,

397 1493 564 1553 atque
593 1484 647 1537 in
680 1485 933 1540 notitiam
962 1486 1214 1541 trahebat
1236 1486 1339 1541 sui.
1376 1488 1664 1542 Postremo
1686 1485 1989 1540 adveniens

397 1582 455 1628 et
506 1588 690 1628 coram
746 1576 862 1645 ipse
914 1591 1205 1645 apparens,
1263 1576 1601 1632 oblivionem
1654 1576 1881 1647 quidem
1936 1578 1989 1631 ei

398 1665 645 1730 abstulit.
675 1683 930 1723 errorem
968 1684 1187 1739 quoque
1211 1669 1470 1724 detraxit.
1499 1669 1733 1737 Deinde,
1761 1678 1817 1725 et
1845 1670 1991 1740 ipsas

398 1758 601 1813 inferni
628 1775 998 1830 perrumpens
1020 1772 1228 1831 portas,
1263 1760 1317 1814 in
1341 1776 1533 1831 vagam
1566 1762 1713 1815 illam
1741 1762 1993 1831 pervenit

2077 571 2199 624 τότε
2238 572 2662 639 συνδιατίθεται,
2700 572 2802 643 υἱῷ
2832 591 2891 627 τε
2948 573 3132 646 πατὴρ
3161 573 3400 645 ἀκριδῶς
3425 575 3513 628 καὶ
3540 575 3644 639 υίὸς

2080 665 2269 733 πατρὶ,
2324 664 2773 718 ἀποκαλύπτεται
2822 664 2879 717 δέ
2931 664 3083 736 αὑτῷ
3140 665 3287 719 καὶὸ
3317 664 3407 720 τοῦ
3459 666 3649 738 πατρὸς

2082 756 2355 826 θησαυρός
2376 772 2390 787 ·
2422 755 2565 810 οὑτω
2588 757 2681 810 καὶ
2706 757 2739 827 ὴ
2768 755 2918 827 ψυχὴ
2948 759 3055 827 πρὸ
3091 757 3191 826 τῆς
3228 756 3504 828 παρακοῆς
3532 774 3650 827 προ-

2083 846 2307 901 κόπτειν
2353 846 2569 917 ἐμελλε,
2626 849 2722 902 καὶ
2775 850 2856 911 είς
2892 848 3062 916 ἄνδρα
3108 848 3312 901 τέλειον
3361 849 3647 919 καταντᾷνο

2082 939 2169 992 διὰ
2202 940 2383 1009 μέντοι
2424 940 2519 993 καὶ
2549 938 2837 1010 παρακοήν
2870 941 2950 1003 είς
2979 940 3216 1007 πέλαγος
3252 940 3420 1009 λήθης
3463 941 3555 994 ml
3579 941 3651 1003 είς

2087 1028 2247 1098 βυθὸν
2276 1028 2485 1097 πλάνης
2517 1027 2913 1097 κατεσιδάσθη,
2947 1030 3041 1082 ml
3069 1030 3127 1082 ἐν
3157 1029 3355 1093 πύλαις
3377 1030 3501 1100 ᾆδου
3534 1047 3653 1083 κατ-

2085 1119 2321 1191 ῴκησεν.
2376 1119 2506 1172 Ἀπὸ
2530 1119 2660 1188 γοῦν
2696 1118 2897 1172 πολλοῦ
2943 1120 3251 1191 καθαπερεὶ
3310 1121 3656 1191 διαστήματος

2091 1210 2466 1280 μακρυνθεῖσα
2486 1209 2581 1263 τοῦ
2621 1210 2759 1265 Θεοῦ
2789 1213 2823 1282 ἡ
2852 1210 3019 1281 ψυχὴ,
3049 1210 3311 1274 ἀδύνατος
3333 1212 3477 1281 αὑτῷ
3505 1228 3653 1282 προσ-

2089 1298 2267 1352 ελθεῖν
2319 1294 2409 1370 ἦν,
2489 1300 2585 1353 καὶ
2646 1301 2945 1370 ἐπιγνῶναι
3002 1300 3181 1364 καλῶς
3237 1302 3329 1355 τὸν
3378 1302 3657 1357 πλάσαντα.

2104 1393 2243 1445 Ἀλλ’
2276 1393 2305 1444 6
2344 1392 2477 1456 Θεὸς
2506 1392 2702 1464 πρῶτα
2732 1393 2831 1463 μὲν
2876 1392 2965 1448 διὰ
2995 1394 3296 1466 προφητῶν
3349 1394 3662 1463 ἐπέστρεφεν

2092 1483 2266 1554 αὑτὴν
2319 1486 2413 1536 καὶ
2470 1484 2882 1554 προσεκαλεῖτο,
2924 1486 3020 1537 καὶ
3075 1487 3155 1549 είς
3203 1485 3497 1553 ἐπίγνωσιν
3530 1478 3662 1538 εἷλκε

2092 1574 2191 1646 τὴν
2224 1572 2442 1628 ἑαυτοῦ.
2481 1576 2750 1645 Ἔσχατον
2795 1574 2853 1629 δέ
2895 1575 2989 1628 καὶ
3019 1575 3184 1639 αὑτὸς
3224 1574 3510 1646 παρελθὼν
3542 1576 3667 1628 ἐκεῖ·

2094 1684 2204 1733 νος,
2249 1667 2504 1736 ἀφείλετο
2544 1668 2641 1738 μὲν
2681 1668 2782 1738 τὴν
2827 1668 3020 1740 λήθην,
3061 1670 3317 1739 ἀφείλετο
3342 1668 3522 1739 δὲτὴν
3548 1668 3669 1722 πλά-

2096 1777 2195 1831 νην
2220 1775 2232 1788 °
2264 1755 2384 1813 εἶτα
2419 1760 2513 1813 καὶ
2556 1758 2653 1823 τὰς
2716 1758 2844 1831 ᾆδον
2878 1760 3178 1833 διαρρήξας
3213 1760 3391 1825 πύλας
3447 1761 3536 1812 ἐπὶ
3580 1759 3670 1828 τὴν

398 1850 659 1914 animam,
718 1866 778 1905 se
837 1851 1018 1921 ipsum
1075 1852 1357 1921 exemplar
1408 1851 1459 1905 ei
1512 1868 1851 1922 proponens,
1900 1867 1999 1921 per

2111 1850 2529 1920 πεπλανημένην
2578 1850 2797 1919 εἰσῆλθε
2858 1851 3060 1922 ψυχὴν,
3128 1851 3323 1904 ἑαυτὸν
3380 1849 3671 1917 ὑπόδειγμα

400 1940 551 2009 quod
580 1940 740 1995 facile
765 1944 874 2011 jam
904 1943 1112 2012 poterit
1137 1942 1204 1996 ad
1234 1957 1551 1996 mensuram
1578 1943 1774 2006 aetatis,
1798 1957 1996 2011 nempe

407 2031 569 2103 185
607 2032 672 2087 ad
714 2032 1113 2103 perfectionem
1164 2035 1425 2104 Spiritus,
1468 2034 1781 2104 pervenire.
1823 2035 1998 2089 Porro

398 2122 641 2179 Verbum
677 2124 775 2180 Dei
808 2124 1009 2179 tentari
1040 2140 1071 2180 a
1096 2126 1336 2197 maligno
1368 2126 1555 2181 divina
1585 2126 1997 2196 dispensatione

400 2216 762 2285 permittitur,
775 2216 975 2273 deinde
989 2218 1305 2287 opprobria,
1325 2219 1790 2289 contemptiones,
1803 2226 2000 2273 contu-

401 2310 616 2377 melias,
652 2310 836 2379 alapas
861 2326 1127 2365 manuum
1158 2309 1450 2364 audacium
1478 2310 1716 2375 illarum,
1746 2318 1803 2364 et
1825 2310 1998 2379 ipsam

402 2409 704 2455 extremam
731 2416 828 2471 per
856 2417 1076 2456 crucem
1106 2412 1340 2457 mortem
1385 2403 1643 2469 sustinet,
1675 2402 1997 2465 ostendens,

406 2502 472 2547 ut
528 2493 801 2558 diximus,
861 2508 1027 2564 quam
1090 2494 1259 2548 animi
1311 2495 1627 2564 (equitatem
1681 2510 1795 2566 prae
1837 2493 2001 2549 nobis

408 2585 553 2640 ferre
600 2586 905 2641 debeamus
939 2602 1070 2659 erga
1110 2587 1428 2657 opprobriis
1481 2602 1582 2642 nos
1632 2587 1997 2648 incessentes,

403 2684 462 2732 et
517 2676 920 2747 vilipendcntes
956 2694 1082 2745 nos,
1114 2687 1209 2733 aut
1239 2685 1473 2733 mortem
1507 2678 1675 2734 etiam
1700 2678 2003 2733 inferentes

406 2768 605 2836 nobis;
656 2778 717 2824 ut
765 2779 821 2825 et
873 2769 979 2840 ipsi
1030 2786 1133 2826 nos
1185 2772 1254 2827 iis
1308 2772 1401 2843 qui
1450 2772 1607 2826 surdi
1660 2780 1810 2839 sunt,
1863 2772 2002 2825 muti

408 2864 608 2921 fiamus
645 2882 757 2922 non
803 2868 1117 2938 aperientes
1159 2884 1242 2935 os,
1286 2878 1346 2923 ut
1376 2868 1487 2923 vim
1535 2877 1592 2924 et
1638 2869 2003 2925 subtilitatem

409 2960 810 3028 perspicientes
868 2961 1122 3026 malitiaa,
1177 2977 1244 3015 ex
1284 2976 1450 3017 cruce
1488 2962 1579 3016 cui
1619 2960 1795 3016 suilixi
1832 2963 2006 3020 clavis

2097 1942 2273 2015 ταύτῃ
2305 1941 2561 2011 θέμενος,
2591 1942 2657 1995 δι’
2692 1936 2753 1996 οὑ
2784 1943 3009 1997 δυνατὸν
3064 1944 3201 2015 αὐτῇ
3238 1943 3395 1995 ἔσται
3424 1941 3553 2010 πρὸς
3585 1940 3673 2010 μέ·

2099 2052 2226 2107 τρον
2262 2035 2479 2105 ἡλικίας
2523 2036 2661 2106 πρὸς
2701 2034 2797 2107 τὴν
2853 2036 3174 2105 τελειότητα
3208 2035 3301 2089 τοῦ
3364 2035 3672 2104 Πνεύματος

2099 2129 2461 2198 καταντῆσαι.
2494 2127 2823 2198 Πειράζεται
2852 2126 3144 2197 τοιγαροῦν
3173 2129 3201 2181 ὁ
3232 2126 3326 2181 τοῦ
3358 2126 3491 2180 Θεοῦ
3519 2126 3676 2194 Λόγος

2100 2219 2240 2289 πρὸς
2277 2218 2373 2271 τοῦ
2424 2219 2663 2289 πονηροῦ
2694 2219 2815 2271 κατ’
2846 2219 3161 2290 οἰκονομίαν
3192 2236 3207 2251 ο
3265 2218 3462 2272 ἔπειτα
3504 2217 3678 2271 ὀνειδι-

2104 2314 2278 2384 σμοὺς
2312 2314 2409 2367 ml
2434 2312 2839 2381 ὲξουδενώσεις,
2857 2311 3045 2384 ὕϐρεις
3060 2329 3118 2365 τε
3149 2311 3477 2383 ῥαπίσματα
3498 2306 3681 2380 χειρῶν

2100 2407 2328 2460 ἐκείνων
2365 2406 2473 2459 τῶν
2523 2405 2837 2475 τολμηρῶν,
2881 2406 2978 2460 καὶ
3022 2406 3183 2458 αὑτὸν
3229 2402 3462 2474 ἔσχατον
3493 2402 3579 2455 τδν
3605 2401 3683 2453 διὰ

2104 2499 2341 2571 σταυροῦ
2378 2499 2610 2554 θάνατον
2660 2498 2945 2569 ὑπομένει,
2993 2496 3343 2562 ὑποδεικνὺς,
3370 2495 3555 2566 ὥσπερ
3572 2492 3685 2562 ἔφη·

2106 2612 2227 2665 μεν,
2258 2594 2381 2647 τίνα
2434 2593 2535 2665 τὴν
2573 2592 2814 2647 διάθεσιν
2872 2592 3213 2645 ἐπιδεικτέον
3258 2591 3404 2660 πρός
3460 2605 3523 2655 γε
3572 2584 3684 2646 τοὺς

2102 2686 2481 2750 ὀνειδίζοντας,
2534 2684 2977 2751 ἐξουθενοῦντας,
3030 2683 3062 2753 ἦ
3120 2684 3215 2736 καὶ
3273 2683 3509 2737 θάνατον
3560 2680 3680 2749 ἡμῖν

2104 2782 2447 2848 ἐπάγονταςο
2506 2779 2594 2832 ἵνα
2639 2779 2733 2833 καὶ
2788 2778 2953 2841 αὑτὸς
3015 2779 3130 2840 τοῖς
3172 2775 3294 2829 οὖσι
3359 2775 3559 2842 κωφοῖς
3598 2770 3684 2822 ml.

2104 2872 2302 2935 ἀλαλος
2326 2872 2557 2941 γένηται
2590 2871 2666 2942 μὴ
2696 2870 2932 2937 ἀνοίγων
2958 2870 3019 2922 τὸ
3057 2868 3256 2939 στόμα,
3299 2867 3395 2920 ἵνα
3416 2865 3512 2935 τὴν
3543 2861 3687 2932 ἐνέρ-

2106 2979 2262 3034 γειαν
2289 2965 2386 3018 ml
2441 2963 2749 3032 λεπτότητα
2791 2961 3102 3016 διαόλέπων
3143 2960 3243 3027 τῆς
3287 2957 3581 3028 πονηρίας,
3607 2950 3692 3005 ml

410 3063 637 3114 sumus;
686 3066 805 3102 cum
840 3049 1072 3102 clamore
1110 3048 1324 3103 valido'
1368 3048 1694 3105 invocemus
1732 3066 1881 3115 eum,
1916 3051 2005 3120 qui

2111 3060 2182 3120 ὼς
2214 3061 2273 3111 ἐν
2306 3057 2527 3127 σταυρῷ
2560 3058 2673 3119 τοῖς
2709 3055 2863 3125 ἥλοις
2886 3052 3317 3123 ἐμπεπαρμένος
3351 3049 3503 3119 μετὰ
3528 3061 3696 3115 κραυ-

412 3148 581 3210 potest
620 3156 713 3193 nos
755 3140 931 3194 salvos
978 3142 1153 3209 facere
1186 3158 1218 3193 a
1252 3150 1453 3202 morte;
1491 3141 1884 3211 dicamusque:
1929 3142 2004 3196 Ab

2111 3152 2224 3222 γῆς
2255 3149 2513 3219 ἰσχυρᾶς
2538 3150 2795 3217 βοήσειε
2822 3147 2973 3215 πρὸς
3002 3146 3109 3199 τὸν
3136 3141 3487 3213 δυνάμενον
3525 3137 3697 3194 αὐτὸν

415 3229 632 3303 occultis
678 3231 806 3284 meis
856 3230 1057 3283 munda
1104 3246 1227 3283 me:
1275 3239 1363 3294 et,
1417 3228 1474 3283 Si
1518 3231 1617 3283 mei
1660 3247 1763 3283 non
1810 3229 2005 3299 fuerint

2111 3247 2416 3314 ῥύσασθαι
2461 3241 2569 3295 τοῦ
2623 3240 2907 3305 θανάτου,
2940 3238 3056 3301 καὶ,
3093 3236 3239 3293 Ἀπὸ
3271 3234 3398 3289 τῶν
3448 3230 3699 3304 κρυφίων

416 3326 708 3391 dominati,
768 3334 893 3380 tunc
956 3325 1336 3379 immaculatus
1394 3342 1483 3379 ero
1527 3326 1568 3379 ³.
1631 3326 1789 3380 Tunc
1845 3325 2013 3395 igitur

418 3416 808 3471 immaculatus
850 3414 1060 3480 factus,
1097 3416 1310 3470 invenit
1345 3432 1484 3483 eum,
1518 3418 1607 3487 qui
1646 3416 1865 3486 subjecit
1911 3417 2011 3485 ipsi

420 3512 601 3564 omnia
626 3510 666 3575 δ,
699 3518 755 3563 et
783 3520 1086 3580 conregnat
1118 3518 1173 3564 et
1216 3509 1629 3579 conrequiescit
1679 3525 1802 3563 cum
1848 3508 2013 3563 Chri-

418 3610 527 3661 sto.
572 3604 793 3658 Eteuim
844 3619 947 3674 per
988 3603 1424 3658 inobedientiam
1461 3619 1491 3657 a
1532 3603 1917 3657 materialibus
1959 3609 2015 3656 et

418 3695 662 3751 sordidis
688 3696 950 3766 absorpta
981 3696 1436 3768 cogitationibus,
1475 3696 1628 3750 velut
1676 3694 2015 3749 irrationalis

421 3788 566 3844 facta
610 3788 793 3845 fuerat
831 3791 1037 3855 anima,
1090 3789 1230 3844 adeo
1265 3798 1325 3843 ut
1360 3805 1466 3845 non
1516 3788 1672 3858 parvi
1722 3786 1929 3841 laboris
1964 3785 2017 3840 ei

421 3879 490 3934 sit
528 3895 595 3933 ex
628 3888 780 3933 tanto
814 3880 930 3933 luto
958 3880 1173 3933 vultum
1208 3894 1431 3933 sursum
1474 3878 1711 3947 erigere,
1748 3893 1811 3931 ac
1838 3877 2017 3931 subti-

423 3972 633 4026 litatem
670 3972 895 4025 malitia:
937 3972 1238 4027 observare
1282 3980 1337 4026 et
1380 3970 1745 4041 perfringere,
1787 3977 1847 4023 ut
1891 3985 2018 4023 cum

425 4072 609 4119 mente
637 4071 839 4118 {eterna
869 4064 1314 4119 commisceatur.

497 4246 641 4301 XIX.
677 4246 732 4301 Si
769 4249 850 4303 vis
882 4249 1065 4304 redire
1094 4249 1162 4303 ad
1194 4258 1245 4303 te
1275 4250 1479 4319 ipsum,
1516 4250 1703 4313 homo,
1748 4258 1805 4304 et
1856 4266 2021 4319 quam

428 4337 586 4407 prius
612 4338 853 4393 habebas
890 4340 1120 4409 gloriam
1153 4356 1456 4407 resumere,
1487 4358 1610 4412 quae
1649 4342 1750 4396 tibi
1800 4342 1871 4397 ob
1901 4342 2024 4397 ino-

430 4429 767 4485 bcdientiam
800 4433 994 4501 periit;
1018 4434 1163 4488 sicut
1183 4434 1452 4504 neglectis
1478 4436 1634 4504 prius
1668 4435 1763 4490 Dei
1791 4435 2021 4489 manda-

2106 3354 2248 3407 μου,
2285 3335 2441 3404 φαίη,
2482 3332 2817 3400 καθάρισόν
2840 3347 2941 3399 με’
2978 3331 3093 3396 ml,
3162 3327 3305 3383 Ἐὰν
3333 3326 3425 3397 μή
3471 3342 3588 3396 μου
3609 3337 3702 3375 κα-

2113 3430 2579 3497 τακυριεύσωσι,
2638 3426 2773 3478 τότε
2814 3422 3055 3493 ἄμωμος
3100 3421 3349 3489 ἔσομαι.
3402 3419 3537 3472 Τότε
3582 3412 3701 3484 γοῦν

2114 3522 2347 3590 ἄμωμος
2380 3516 2623 3587 γεγονὼς
2652 3515 2898 3584 εὑρίσκει
2947 3513 3038 3566 τὸν
3089 3510 3442 3575 ὑποτάξαντα
3468 3507 3615 3579 αὑτῷ
3642 3504 3702 3559 τὰ

2116 3613 2318 3675 πάντα,
2379 3612 2475 3664 ml
2532 3606 2925 3679 συμϐασιλεύει
2980 3605 3075 3660 καὶ
3128 3603 3585 3658 συναναπαύεται
3628 3597 3698 3667 τῷ

2115 3701 2359 3774 Χριστῷ.
2392 3700 2504 3754 Kal
2537 3700 2646 3769 γὰρ
2677 3698 2766 3751 διά
2795 3698 2892 3768 τὴν
2929 3695 3217 3767 παρακοὴν
3263 3695 3376 3748 ὑπὸ
3432 3691 3628 3747 ὑλικῶν
3652 3705 3704 3740 τε

2119 3797 2214 3850 καὶ
2244 3793 2509 3866 ῥυπαρῶν
2552 3790 2933 3845 καταποθεῖσα.
2976 3787 3257 3859 λογισμῶν
3298 3786 3473 3839 οἱονεὶ
3524 3784 3705 3849 ἄλογος

2119 3888 2399 3957 γέγονενή
2430 3884 2577 3955 ψυχή
2604 3901 2618 3916 ο
2654 3884 2797 3937 ὥστε
2822 3883 2883 3935 οὑ
2908 3881 3106 3952 μικροῦ
3132 3881 3295 3932 πόνου
3330 3879 3436 3949 τῆς
3462 3877 3707 3942 τοιαὺτης

2119 3978 2397 4048 ἀνακύψαι
2432 3976 2589 4047 ὖλης,
2622 3976 2717 4028 καὶ
2746 3973 2847 4044 τὴν
2900 3973 3208 4041 λεπτότητα
3247 3970 3591 4039 κατανοῆσαι
3620 3965 3707 4032 τῆς

2123 4070 2418 4143 πονηρίας,
2450 4069 2548 4122 καὶ
2600 4064 2853 4132 διελθεῖν,
2894 4064 2980 4118 ἵνα
3034 4064 3132 4117 καὶ
3174 4063 3408 4133 ἁνάρχῳ
3462 4060 3545 4117 νοῒ
3591 4072 3708 4125 συγ-

2123 4165 2324 4237 κραθῇ.

2197 4259 2299 4313 ιθο.
2325 4256 2387 4310 Εἰ
2418 4256 2596 4327 βούλει
2625 4251 2943 4306 ἐπανελθεῖν
2963 4251 3043 4315 είς
3068 4249 3260 4304 ἐαυτὺν
3282 4248 3603 4320 ἄνθρωπον,
3624 4239 3709 4297 ml

2124 4354 2191 4425 ἣν
2225 4350 2415 4421 πρώην
2444 4344 2589 4418 εῖχες
2619 4345 2777 4410 δόξαν
2814 4344 3131 4405 ἀναλαϐεῖν,
3185 4342 3307 4410 ἣτις
3346 4342 3458 4412 ἄρα
3516 4356 3599 4392 σοι
3625 4334 3711 4389 καὶ

2128 4449 2191 4500 ἐκ
2219 4441 2509 4513 παρακοῆς
2562 4436 2960 4509 παραπώλετο“
2991 4436 3068 4498 ὡς
3107 4432 3410 4504 ἠμεληκὼς
3453 4431 3712 4503 πρότερον

435 4520 530 4583 tis,
558 4520 737 4577 hostis
766 4532 823 4577 et
854 4524 1145 4593 praeceptis
1174 4534 1230 4581 et
1286 4526 1535 4582 consiliis
1590 4527 1907 4595 altendisti;
1946 4528 2005 4582 δίε

2130 4537 2221 4590 τοῦ
2254 4534 2390 4589 Θεοῦ
2446 4530 2698 4594 ἐντολῶν,
2734 4533 2850 4594 τοῖς
2888 4526 2983 4581 τοῦ
3036 4525 3233 4597 ἐχθροῦ
3257 4524 3597 4593 διατάγμασι
3625 4518 3712 4572 καὶ

433 4630 586 4671 nunc
613 4616 681 4671 ab
715 4616 820 4671 hoc
853 4617 1137 4681 deﬁciens,
1161 4619 1249 4673 cui
1277 4619 1753 4690 obtemperavisti,
1788 4638 2022 4676 convcr-

435 4719 554 4764 tere
583 4708 652 4764 ad
684 4709 998 4766 Dominum.
1035 4710 1307 4765 Cmterum
1346 4713 1507 4777 scito,
1539 4713 1595 4767 in
1629 4714 1803 4767 multo
1831 4714 2024 4770 labore

431 4809 493 4855 et
519 4800 721 4856 sudore
739 4802 924 4856 vultus
944 4802 1020 4858 tui
1054 4814 1411 4872 recepturum
1439 4814 1493 4858 te
1514 4805 1837 4859 thesaurum
1862 4805 2026 4859 amis-

436 4908 558 4948 sum
600 4901 777 4947 tuum.
796 4894 917 4948 Non
941 4896 1089 4947 enim
1117 4894 1183 4948 ad
1216 4895 1456 4949 rationes
1479 4896 1887 4950 accommodata
1905 4906 2025 4951 tuas

437 4995 523 5040 est
545 4987 664 5039 sine
696 4986 885 5041 labore
917 4987 1047 5040 boni
1084 4988 1414 5056 acquisitio;
1447 4988 1718 5057 siquidem
1745 5004 1867 5056 qua:
1907 4990 2026 5043 sine

440 5076 628 5131 labore
653 5078 935 5147 accepisti,
985 5079 1299 5147 perdidisti,
1342 5079 1599 5148 hostique
1644 5080 2027 5134 haereditatem

442 5182 595 5227 tuam
630 5174 945 5242 prodidisti.
976 5175 1455 5246 Recognoscamus
1491 5192 1623 5245 ergo
1648 5192 1747 5245 pro
1786 5191 1845 5229 se
1875 5176 2029 5244 quis-

442 5281 553 5335 que
581 5265 714 5335 quid
744 5266 961 5320 tandem
998 5267 1053 5321 id
1106 5284 1170 5323 ac
1218 5279 1487 5338 quantum
1518 5269 1591 5323 sit
1647 5268 1795 5338 quod
1840 5268 2030 5321 amisi-

449 5374 609 5413 mus:
653 5367 710 5413 et
731 5359 942 5413 luctum
973 5375 1317 5415 assumamus
1346 5363 1627 5431 propheta:
1661 5378 1673 5413 :
1709 5361 1843 5416 Vere
1865 5361 2031 5428 :cnim

447 5448 745 5504 Hereditas
773 5460 955 5505 nostra
986 5468 1135 5505 versa
1163 5460 1238 5506 est
1265 5455 1334 5506 ad
1365 5454 1601 5519 alienos;
1636 5453 1823 5507 domus
1855 5461 2033 5507 nostra

451 5540 519 5591 ad
549 5549 826 5594 extraneos
853 5542 895 5594 ³.
917 5541 994 5595 Eo
1018 5541 1165 5610 quod
1190 5558 1299 5596 non
1321 5542 1664 5597 audierimus
1690 5540 2034 5608 mandatum;

450 5636 507 5680 et
546 5630 788 5699 propriis
820 5632 1198 5687 voluntatibus
1227 5634 1518 5699 obsecuti;
1562 5634 1822 5704 quodque
1856 5642 2032 5687 terre-

525 5807 546 5837 ¹
578 5806 744 5861 Hebr.
784 5825 837 5876 v,
884 5813 933 5865 7.
1011 5813 1029 5845 ³
1075 5814 1215 5868 Psal.
1253 5831 1403 5881 xviii,
1454 5814 1534 5869 l5.

2133 4632 2197 4700 τῇ
2227 4628 2507 4699 συμϐουλῇ
2540 4625 2867 4696 προσέσχες,
2890 4622 3064 4684 οὕτως
3093 4618 3187 4673 νῦν
3231 4618 3481 4680 ἀποστὰς
3518 4611 3580 4669 οὗ
3625 4614 3715 4665 ἐπι

2134 4726 2396 4793 ήκουσας,
2420 4717 2754 4790 ἐπιτράφηθι
2782 4714 2919 4787 πρὸς
2948 4714 3041 4768 τὸν
3073 4713 3308 4784 Κύριον’
3332 4711 3477 4779 πλὴν
3506 4708 3612 4761 ἴσθι
3642 4705 3717 4757 ὅτι

2131 4817 2189 4865 ἐν
2220 4809 2399 4877 πολλῴ
2430 4809 2586 4877 κόπῳ
2611 4807 2707 4859 καὶ
2739 4804 2945 4876 ἱδρῶτι,
2982 4804 3138 4874 φησὶ,
3164 4800 3260 4855 τοῦ
3299 4800 3598 4871 προσώπου
3631 4810 3719 4847 σου

2132 4902 2385 4973 ἀπολήψῃ
2425 4901 2515 4954 τὸν
2548 4898 2777 4952 πλοῦτόν
2810 4912 2938 4950 σου’
2981 4896 3043 4948 οὑ
3100 4894 3209 4963 γάρ
3254 4910 3335 4945 σοι
3382 4886 3717 4954 λυσιτελὴςή

2132 4999 2224 5052 τοῦ
2248 4995 2453 5063 ἀγαθοῦ
2486 4994 2684 5054 ἄπονος
2712 4991 2906 5059 κτῆσις
2936 5006 2949 5019 ·
2983 4989 3214 5057 ἐπείπερ
3264 4985 3506 5053 ἀπονητὶ
3547 4978 3721 5034 λαϐὼν

2130 5088 2422 5149 ἀπώλεσας
2458 5084 2601 5153 ἅπερ
2632 5081 2885 5151 εἴληφας,
2933 5080 3028 5132 καὶ
3057 5078 3134 5148 τῷ
3181 5075 3361 5146 ἐχθρῷ
3405 5072 3721 5143 προῦδωκας

2133 5184 2229 5253 τὴν
2266 5178 2633 5250 κληρονομίαν
2664 5194 2758 5228 σου
2777 5193 2789 5205 ·
2822 5173 3136 5242 ἐπιγνῶμεν
3161 5169 3251 5222 οὖν
3272 5169 3373 5221 ἒκα
3385 5183 3514 5229 στος
3541 5165 3722 5217 τίποτε

2133 5276 2197 5344 δὴ
2214 5272 2601 5339 ἀπωλέσαμεν,
2634 5270 2725 5321 καὶ
2752 5266 2842 5319 τὸν
2873 5265 3068 5335 θρῆνον
3090 5261 3449 5330 ἀναλάϐωμεν
3477 5257 3572 5310 τοῦ
3598 5270 3724 5323 τερθ-

2135 5363 2338 5431 φήτου·
2374 5358 2451 5428 τῷ
2474 5358 2587 5411 ὄντι
2620 5355 2729 5427 γὰρ
2750 5353 3130 5422 Κληρονομιά
3152 5350 3323 5418 ἡμῶν
3344 5344 3721 5414 κατεστράρη

2134 5452 2514 5520 ἀλλοτρίοις,
2541 5451 2639 5503 καὶ
2680 5451 2712 5502 ὀ
2740 5444 2902 5513 οἶκος
2937 5444 3105 5513 ἡμῶν
3131 5438 3333 5509 ξένοις
3354 5457 3368 5472 ³
3420 5440 3500 5509 τῷ
3546 5452 3721 5506 παρα-

2141 5543 2321 5597 κούειν
2354 5543 2449 5611 τῆς
2468 5541 2689 5608 ἐντολῆς
2709 5538 2803 5591 καὶ
2832 5538 2942 5599 τοῖς
2974 5534 3183 5588 ἑαυτῶν
3203 5534 3511 5602 θελήμασιν
3534 5528 3717 5585 εἴκειν,

2140 5637 2234 5689 ml
2264 5638 2375 5700 τοῖς
2428 5634 2696 5705 ῥυπαροῖς
2740 5630 2835 5685 ml
2863 5630 3072 5700 γηῖνοις
3098 5626 3383 5701 ἐνὴδεσθαι
3408 5619 3718 5692 λογισμοῖς’

1618 5816 1633 5845 ³
1672 5817 1690 5871 l
1728 5816 1854 5871 Cor.
1902 5832 1990 5883 xv,
2033 5816 2120 5871 27.
2199 5817 2218 5847 ⁸
2263 5815 2467 5871 Thren.
2508 5830 2557 5882 v,
2589 5812 2643 5869 ἓ.
