3980 6468
481 372 584 438 881

1330 379 1563 440 LIBER
1602 380 1700 442 DE
1738 381 2148 442 ΡΑΤΙΕΝΤΙΑ
2187 380 2282 440 ΕΤ
2321 377 2852 444 DISCRETIONE.

3630 377 3737 442 882

478 493 619 546 ὥστε
641 493 737 546 καὶ
762 491 944 560 πολλῷ
969 492 1298 564 διαστήματι
1327 497 1448 549 τότε
1478 499 1673 569 ἀπέχει
1710 499 1867 570 ἡμῶν
1894 501 1926 569 ἡ
1948 498 2048 568 ψυ-

2164 496 2238 550 riis
2271 503 2328 550 et
2358 495 2599 551 sordidis
2642 495 3070 567 cogitationibus
3111 494 3370 550 delectati
3425 493 3730 559 fuerimus;

479 586 548 656 χὴ
579 585 688 637 ἀπὸ
714 583 805 637 τοῦ
833 582 968 636 Θεοῦ
987 600 1001 614 ·
1024 585 1097 646 ὠς
1119 587 1211 638 καὶ
1233 588 1482 658 ὀρφανοῖς
1505 591 1762 659 ἐοίκαμεν
1785 592 1860 662 μὴ
1872 591 2053 661 έχουσι

483 676 726 746 πατέρα·
760 668 913 742 ᾧτινι
965 671 1056 728 οὖν
1103 675 1254 745 μέλει
1299 679 1429 743 περὶ
1471 678 1669 748 ψυχῆς,
1725 681 2054 748 ἀγωνιστέον

479 765 649 832 ὁπόση
686 763 916 834 δύναμις
978 765 1261 835 καθαίρειν
1295 766 1591 838 λογισμοὺς
1638 775 1930 842 πονηροὺς,
1961 774 2054 827 καὶ

481 854 605 910 πᾶν
626 855 843 923 ὕψωμα
877 855 1271 925 ἐπαιρόμενον
1290 858 1441 912 κατὰ
1483 859 1594 928 τῆς
1641 864 1916 932 γνώσεως
1947 866 2054 921 τοῦ

485 945 634 1000 Θεοῦ
653 963 668 979 ⁸
707 947 800 999 καὶ
830 945 974 999 οὕτω
1002 946 1337 1016 βιαζομένων
1375 949 1466 1002 τὸν
1497 951 1622 1003 ναὸν
1643 951 1738 1004 τοῦ
1773 952 1907 1005 Θεοῦ
1953 973 2055 1026 τη-

482 1041 592 1108 ρεῖν
631 1037 881 1104 ἄσπιλον,
938 1037 1060 1090 τότε
1106 1037 1324 1109 ἔρχεται
1361 1042 1389 1093 ό
1415 1041 1882 1112 ἐπαγγειλάμενος
1916 1047 2052 1097 ἐνοι-

479 1130 644 1199 κῆσαι
686 1129 781 1182 καὶ
841 1129 1294 1199 ἐμπεριπατῆσαι
1325 1133 1382 1183 ἐν
1430 1133 1598 1201 ἡμῖν·
1635 1135 1729 1186 καὶ
1755 1133 1876 1186 τότε
1914 1137 2052 1188 ἀπο-

478 1218 744 1288 λαμϐάνει
778 1219 874 1270 καὶ
892 1216 992 1286 τὴν
1018 1217 1220 1287 ἐαυτῆς
1254 1218 1617 1290 κληρονομίαν
1669 1223 1700 1291 ή
1763 1221 1930 1293 ψυχὴ,
1965 1225 2058 1278 καὶ

477 1309 606 1370 ναὸς
639 1306 774 1360 Θεοῦ
825 1307 1083 1376 γενέσθαι
1122 1309 1498 1376 καταξιοῦται.
1535 1311 1706 1375 Αὐτὸς
1762 1313 1870 1384 γὰρ
1900 1307 2055 1380 οὗτος

479 1397 628 1468 αὐτῷ
652 1397 1023 1467 στρατεύματι
1063 1399 1155 1452 τὸν
1195 1401 1428 1471 πονηρὸν
1465 1402 1748 1468 ἐκδιώξας,
1780 1405 1842 1458 τὸ
1869 1406 2053 1460 λοιπὸν

481 1491 540 1542 ἐν
571 1488 702 1555 ἡμῖν
737 1485 1064 1555 βασιλεύσει.

2161 596 2223 641 ut
2256 586 2394 642 adeo
2433 587 2594 657 longa
2628 603 2758 642 sane
2809 595 2941 642 tunc
2994 588 3254 641 distantia
3285 586 3505 641 abesset
3547 601 3576 639 a
3624 586 3738 639 Deo

2159 677 2342 732 anima
2366 687 2586 742 nostra;
2619 689 2674 731 et
2709 677 2994 731 assimilati
3027 677 3292 746 orphanis
3324 676 3496 730 simus
3525 687 3737 744 patrem

2160 783 2273 823 non
2306 769 2656 823 habentibus.
2685 767 2789 822 Cui
2820 784 2948 839 ergo
2971 784 3117 823 curae
3144 777 3224 823 est
3266 769 3469 831 anima,
3499 765 3630 820 huic
3653 775 3740 820 to-

2164 861 2234 916 tis
2258 859 2700 915 contendendum
2735 861 2944 915 viribus
2998 869 3082 916 est
3131 860 3198 914 ad
3246 858 3496 913 funditus
3543 857 3743 911 exst-ir‘

2162 951 2613 1021 pandasemente
2635 967 2731 1005 sua
2761 967 2958 1021 pravas
2997 951 3388 1021 cogitationes;
3433 957 3490 1002 et
3534 964 3741 1001 omnem

2163 1042 2501 1095 altitudinem
2541 1040 2877 1097 extollente»:
2907 1060 2961 1096 se
3005 1043 3254 1096 adversus
3279 1042 3557 1095 scientiam
3585 1039 3737 1093 Dei“.

2161 1133 2391 1200 Quando
2420 1135 2568 1189 enim
2603 1137 2675 1191 ita
2705 1135 2864 1190 nobis
2898 1136 3000 1205 ipsi
3020 1136 3130 1188 vim
3165 1134 3486 1199 inferemus,
3509 1131 3576 1186 ad
3607 1140 3744 1185 tem-

2156 1225 2307 1294 plum
2349 1227 2446 1280 Dei
2505 1227 2929 1281 custodiendum
2989 1241 3189 1295 expers
3249 1225 3431 1279 omnis
3480 1223 3738 1286 maculae,

2157 1323 2291 1370 tunc
2323 1317 2509 1372 veniet
2542 1319 2610 1372 ad
2638 1334 2738 1374 nos
2775 1318 2870 1388 qui
2899 1318 3155 1388 promisit
3182 1332 3243 1374 se
3283 1317 3665 1371 habitaturum
3683 1319 3741 1366 et

2156 1407 2564 1462 ambulaturum
2595 1409 2649 1462 in
2684 1409 2866 1464 nobis.
2909 1409 2973 1462 Et
3015 1418 3146 1464 tunc
3194 1415 3439 1464 resumet
3480 1405 3741 1459 amissam

2154 1498 2532 1553 hiereditatem
2591 1516 2742 1554 suam
2800 1501 3005 1566 anima,
3036 1510 3091 1554 et
3144 1500 3408 1568 templum
3469 1496 3566 1550 Dei
3621 1492 3738 1548 ﬁeri

484 1576 647 1646 digna
676 1577 991 1631 habebitur.
1027 1576 1147 1646 lpse
1182 1578 1326 1632 enim
1355 1580 1408 1635 in
1439 1579 1619 1652 fugam
1651 1583 1878 1654 ejiciens
1911 1602 2034 1641 cum
2055 1589 2298 1643 exercitu
2336 1588 2656 1658 malignum,
2681 1590 2747 1644 de
2776 1601 2980 1644 caetero
3007 1589 3062 1642 in
3093 1589 3256 1643 nobis
3281 1586 3552 1657 regnabit.

557 1669 642 1722 K'.
683 1667 743 1719 '0
763 1669 838 1738 τῷ
868 1668 1006 1722 Καῒν
1061 1670 1248 1740 ῥηθεὶς
1277 1672 1381 1725 ὑπὸ
1412 1674 1504 1727 τοῦ
1540 1677 1885 1747 Δημιουργοῦ
1917 1681 2056 1733 κατὰ

485 1758 548 1813 τὸ
583 1761 813 1831 φανερὸν
837 1760 1012 1829 λόγος.
1040 1763 1276 1817 Στένων
1308 1766 1405 1818 καὶ
1432 1767 1660 1835 τρέμων
1693 1770 1790 1822 καί
1820 1772 2055 1824 παλλό-

480 1867 667 1919 μενος
693 1853 788 1904 ἐπὶ
809 1851 917 1918 τῆς
939 1852 1052 1922 γῆς
1067 1855 1202 1923 ἔσῃ,
1233 1855 1403 1920 τύπος
1421 1875 1506 1921 τις
1534 1858 1630 1912 καὶ
1649 1860 1810 1912 εἰκὼν
1843 1861 2058 1914 πάντων

487 1943 825 2013 ἁμαρτωλῶν
866 1946 1007 1999 κατὰ
1041 1945 1101 1998 τὺ
1138 1947 1448 2019 ἀπόρρητον
1496 1945 1584 2020 ἦν.
1626 1950 1783 2004 Οὕτω
1838 1951 1946 2021 γὰρ
1998 1952 2058 2004 τὸ

482 2033 579 2086 τοῦ
621 2034 788 2105 Ἀδὰμ
818 2037 974 2104 γένος
996 2037 1096 2106 τῆς
1122 2039 1340 2109 ἐντολῆς
1360 2041 1612 2128 ἐκεξεσὸν,
1637 2042 1732 2094 καὶ
1760 2043 2059 2112 ἁμαρτίαις

483 2123 668 2195 ἔνοχον
691 2128 916 2193 γεγονὸς
951 2127 1236 2182 σαλεύεται
1264 2123 1546 2200 λογισμοῖς
1584 2135 1859 2196 ἀστάτοις,
1893 2135 2058 2203 φόϐου

483 2233 544 2267 τε
580 2217 674 2269 καὶ
707 2215 908 2279 δειλίας
937 2219 1032 2270 καὶ
1063 2221 1310 2289 ταραχῆς
1334 2221 1710 2292 πληρούμενον
1733 2239 1746 2253 ’
1799 2225 1963 2277 αὑτοῦ
1998 2243 2058 2279 τε

484 2307 578 2360 τοῦ
635 2308 830 2378 ἐχθροῦ
863 2309 1179 2378 ἐπιθυμίαις
1202 2312 1295 2363 καὶ
1323 2312 1536 2381 ἡδοναῖς
1564 2315 1837 2378 ποικίλαις
1876 2318 2058 2369 πᾶσαν

483 2397 684 2468 ψυχὴν.
720 2399 818 2466 τὴν
845 2397 918 2468 μὴ
949 2399 1352 2470 γεγεννημένην
1388 2403 1453 2454 ἐκ
1499 2403 1593 2454 τοῦ
1623 2403 1778 2464 Θεοῦ,
1801 2405 2056 2458 κλυδωνί-

485 2489 689 2553 ξοντος,
731 2490 824 2543 καὶ
858 2491 934 2555 ὡς
992 2495 1136 2545 σῖτον
1167 2493 1273 2545 τινὶ
1320 2493 1473 2562 σινίῳ
1527 2495 1946 2564 ἐνστρέφοντος·
1996 2500 2056 2552 ού

487 2579 593 2651 μὴν
619 2580 753 2634 ἀλλὰ
804 2581 897 2635 καὶ
945 2583 1106 2648 αὐτὸς
1154 2587 1182 2638 ό
1216 2584 1416 2656 Κύριος
1444 2588 1568 2650 τοὺς
1603 2590 1714 2650 τοῖς
1759 2589 2058 2658 θελήμασιν

485 2673 784 2741 ἑπομένους
806 2673 900 2729 τοῦ
941 2677 1197 2747 πονηροῦ,
1229 2678 1490 2734 δεικνύων
1517 2681 1598 2733 ὃτι
1623 2679 1721 2751 τὴν
1744 2682 1928 2733 εἰκόνα
1959 2684 2058 2749 τῆς

482 2761 576 2814 τοῦ
635 2763 772 2816 Καῖν
821 2764 1146 2828 διασώζουσι
1198 2768 1486 2838 πονηρίας,
1533 2767 1772 2837 ἐλέγχων
1819 2769 2054 2834 αὐτοὺς,

493 2849 698 2920 Ὑμεῖς,
745 2853 919 2922 ἐλεγε,
968 2855 1074 2922 τὰς
1115 2857 1432 2925 ἐπιθυμίας
1485 2859 1592 2911 τοῦ
1623 2859 1845 2925 πατρὸς
1892 2858 2059 2928 ὑμῶν

484 2945 687 2999 θέλετε
730 2947 924 3000 ποιεῖν
952 2947 1059 3001 τοῦ
1104 2947 1608 3015 ἀνθρωποκτόνου
1632 2967 1645 2981 ο
1669 2950 1902 3026 ἐκεῖνος
1947 2951 2056 3019 γὰρ

482 3037 974 3104 ἀνθρωποκτόνος
998 3038 1171 3092 ἐστὶν
1208 3038 1495 3110 ἀρχῆθεν,
1537 3041 1635 3094 καὶ
1670 3043 1740 3094 ἐν
1801 3040 1876 3109 τῇ
1903 3043 2053 3111 ἁλη-

484 3125 611 3191 θείᾳ
631 3127 701 3177 οὐ
705 3145 742 3194 χ
781 3126 1058 3194 ἔστηκεν.

2230 1679 2349 1733 XX.
2384 1680 2539 1746 Quod
2561 1679 2731 1734 Caino
2757 1681 3060 1735 secundum
3089 1679 3406 1734 sensibilem
3438 1677 3632 1731 litterae
3647 1687 3738 1728 so-

2162 1787 2296 1825 num
2329 1772 2536 1826 dictum
2570 1789 2600 1826 a
2635 1772 2899 1827 Creatore
2932 1773 3164 1826 verbum
3202 1780 3322 1825 est:
3359 1771 3599 1830 Gemens,
3627 1777 3736 1820 tre-

2165 1872 2326 1920 mens,
2355 1866 2406 1909 et
2437 1857 2666 1909 titubans
2703 1873 2860 1926 super
2889 1864 3086 1908 terram
3121 1857 3223 1908 eris
3253 1855 3273 1886 ⁷
3292 1897 3306 1916 ,
3338 1855 3490 1924 juxta
3517 1866 3741 1906 sensum

2165 1948 2516 2018 allegoricum
2566 1947 2740 2017 ﬁgura
2772 1956 2828 2000 et
2881 1948 3061 2016 imago
3104 1946 3350 1999 omnium
3393 1951 3742 2012 peccatorum

2165 2049 2305 2094 erat.
2333 2039 2424 2094 Sic
2465 2039 2614 2092 enim
2655 2037 2848 2091 Adami
2890 2035 3182 2106 progenies
3222 2043 3558 2102 transgressa
3587 2044 3742 2082 man-

2166 2127 2376 2190 datum,
2425 2137 2482 2181 et
2524 2135 2875 2198 peccatorum
2924 2140 3017 2180 rea
3047 2125 3275 2179 ﬂuctuat
3317 2120 3745 2192 cogitationibus

2165 2220 2450 2289 inquietis,
2503 2227 2676 2283 metu,
2702 2233 2928 2288 pavore,
2962 2215 3377 2286 perturbatione
3413 2214 3595 2284 plena.
3620 2212 3745 2280 Ipso

2165 2320 2428 2379 praeterea
2487 2309 2714 2363 inimico
2769 2307 3239 2377 concupiscentiis
3283 2314 3338 2360 et
3371 2303 3746 2374 voluptatibus

2164 2401 2335 2454 variis
2363 2416 2578 2453 omnem
2604 2415 2728 2469 quae
2762 2409 3086 2469 regenerata
3119 2415 3185 2452 ex
3211 2399 3321 2450 Deo
3349 2411 3459 2448 non
3498 2397 3589 2459 sit,
3627 2393 3746 2462 agi-

2165 2498 2313 2544 tante
2353 2491 2623 2552 animam,
2671 2497 2728 2543 et
2777 2499 2838 2542 ut
2879 2489 3126 2542 triticum
3160 2488 3214 2541 in
3265 2487 3472 2550 cribro,
3525 2500 3745 2538 sursum

2164 2579 2421 2633 deorsum
2477 2579 2738 2647 iactante.
2768 2577 2909 2642 Quid
2950 2577 3097 2646 quod
3128 2585 3183 2631 et
3232 2577 3377 2630 Deus
3414 2576 3531 2645 ipse
3579 2574 3744 2628 obse-

2164 2675 2395 2736 quentes
2448 2666 2828 2719 voluntatibus
2861 2666 3078 2735 {diaboli
3138 2681 3234 2734 per
3292 2681 3414 2719 sese
3475 2665 3741 2729 concutit,

2164 2759 2552 2811 demonstrans
2588 2757 2738 2826 ipsos
2783 2757 3076 2827 imaginem
3106 2757 3392 2825 pravitatis
3422 2755 3577 2810 Caini
3607 2771 3744 2808 con-

2162 2864 2422 2903 servare:
2461 2849 2581 2912 Vos,
2617 2848 2817 2917 inquit,
2863 2849 3126 2901 desideria
3155 2849 3328 2917 patris
3377 2849 3537 2902 vestri
3584 2847 3743 2900 vultis

2163 2941 2333 3010 facere
2360 2940 2663 3006 homicida;
2708 2939 2799 2992 ille
2853 2942 2993 2994 enim
3022 2941 3282 2993 homicida
3316 2948 3433 2993 erat
3472 2939 3536 2992 ab
3567 2940 3742 3006 initio,

2162 3041 2212 3088 et
2245 3035 2298 3088 in
2318 3034 2539 3088 veritate
2575 3051 2681 3088 non
2710 3033 2856 3087 stetit
2888 3033 2931 3086 °.

555 3213 684 3268 KA'.
707 3218 1005 3272 Κατανοεῖν
1025 3221 1312 3292 προσήκει,
1338 3223 1492 3291 φησὶ,
1505 3224 1623 3286 πῶς
1640 3224 1780 3295 ήτοῦ
1798 3225 2055 3296 κατάγῆν

2236 3220 2398 3292 186
2476 3219 2620 3276 XXI.
2682 3219 3044 3276 Considerare
3105 3219 3416 3285 convenit,
3479 3226 3744 3289 quantum

483 3305 746 3374 βασιλέως
776 3309 873 3362 θέα
929 3311 1258 3383 ἐπιπόθητός
1297 3316 1412 3366 ἐστι
1445 3315 1541 3368 καὶ
1600 3318 2058 3386 περισπούδαστος

480 3400 592 3461 τοῖς
648 3399 993 3469 ἀνθρώποις·
1027 3404 1122 3458 καὶ
1185 3407 1292 3469 πᾶς
1318 3409 1466 3471 ὅστις
1497 3407 1652 3461 πόλιν
1682 3409 1967 3479 ἐπιδημῶν
2001 3412 2059 3462 ἐν

481 3481 626 3561 ᾗπερ
669 3493 697 3543 ό
728 3492 1001 3562 βασιλεὺς,
1061 3497 1400 3568 ἐπιθυμητὸν
1456 3499 1607 3568 αύτῷ
1639 3501 1734 3552 καὶ
1776 3503 1935 3570 μόνον
1957 3503 2060 3571 τῆς

482 3581 776 3651 περιϐολῆς
809 3585 936 3637 ίδεῖν
959 3585 1021 3638 τὸ
1053 3587 1340 3651 πολυτελὲς
1371 3589 1464 3642 καὶ
1489 3589 1774 3659 φιλότιμον
1796 3607 1809 3621 ·
1833 3591 1990 3654 ἐκτὸς
2011 3596 2058 3646 εί

484 3670 559 3740 μὴ
575 3670 613 3735 ,ύ
625 3670 689 3722 πὸ
710 3671 818 3724 τῶν
841 3676 1228 3744 πνευματικῶν
1248 3678 1530 3745 ἀμελεῖται
1552 3679 1724 3733 ταῦτα
1747 3683 1840 3734 καὶ
1859 3683 2058 3753 ἀτιμά-

482 3761 637 3825 ζεται
659 3780 672 3795 ·
695 3762 772 3832 τῷ
800 3765 970 3835 ἑτέρῳ
987 3767 1172 3819 κάλλει
1199 3767 1525 3838 τετρῶσθαι,
1557 3770 1650 3822 καὶ
1673 3771 1838 3839 ἄλλης
1863 3773 2061 3836 αὐτοὺς

479 3851 637 3922 δόξης
667 3855 973 3924 ἐπιθυμεῖν.
1005 3855 1066 3909 Εἰ
1106 3850 1200 3909 οὗν
1253 3857 1398 3910 οὕτω
1427 3861 1540 3921 τοῖς
1577 3864 1858 3929 σαρκικοῖς
1896 3864 1928 3930 ή
1960 3862 2054 3915 τοῦ

482 3943 678 4014 θνητοῦ
711 3945 973 4013 βασιλέως
1003 3947 1366 4000 ἐσπούδασται
1405 3949 1502 4001 θέα
1521 3966 1535 3979 ·
1569 3951 1683 4013 πῶς
1710 3952 1831 4020 οὐχὶ
1860 3953 2060 4020 μᾶλλον

477 4032 573 4087 τοῦ
593 4033 864 4088 ἀθανάτου
883 4035 1252 4108 πολυέραστος
1273 4039 1497 4102 ἐκείνοις
1522 4038 1690 4105 ἐστὶν,
1705 4033 1786 4102 οἷς
1805 4040 1892 4091 ἐνέ
1903 4039 2059 4104 σταξέ

478 4144 564 4192 τις
599 4129 753 4199 ῥανὶς
799 4129 891 4183 τοῦ
946 4130 1152 4199 ἀγαθοῦ
1183 4131 1524 4200 Πνεύματος,
1562 4133 1656 4184 καὶ
1693 4131 1791 4203 τὴν
1833 4131 2060 4203 καρδίαν

480 4219 623 4284 θεῖος
653 4221 884 4291 ἔπληξεν
908 4222 1077 4292 ἐρω;;
1107 4223 1195 4276 διὰ
1218 4224 1377 4276 τοῦτο
1405 4225 1496 4277 καὶ
1527 4225 1708 4294 πάσης
1733 4223 1828 4278 τοῦ
1851 4225 2058 4295 κόσμου

479 4315 662 4382 φιλίας
687 4316 913 4377 ἑαυτοὺς
935 4315 1173 4380 λύουσιν,
1206 4317 1290 4368 ἵνα
1313 4316 1588 4386 δυνηθεῖεν
1618 4318 1825 4370 ἐκεῖνον
1848 4316 1940 4370 τὸν
1959 4316 2058 4369 πό-

479 4404 572 4458 θον
625 4405 770 4474 ἔχειν
810 4405 1096 4475 ἐγκάρδιον
1161 4405 1446 4476 διηνεκῶς,
1506 4407 1597 4458 καὶ
1630 4405 1834 4476 μηδένα
1871 4406 2059 4475 ἕτερον

479 4498 586 4568 πρὸ
613 4469 860 4551 ἐκείνου..
885 4469 1084 4563 Ὀλίγοι
1122 4497 1176 4548 δὲ
1211 4469 1405 4568 sese,
1433 4490 1600 4562 οῦτοι,
1629 4469 1742 4564 6ῖῂ
1772 4499 1836 4567 τῇ
1881 4469 2055 4567 ἀγαθῇ

479 4591 622 4661 ἀρχῇ
658 4591 751 4642 καὶ
776 4590 949 4658 πέρας
1001 4591 1114 4642 ἴσον
1145 4590 1499 4653 ἐπιτιθέντες,
1545 4589 1639 4640 καὶ
1672 4589 1832 4658 μέχρι
1867 4589 2054 4652 τέλους

479 4683 822 4753 ἀπρόσκοποι
852 4680 1221 4748 διαμένοντες.
1256 4680 1445 4732 Πολλοὶ
1473 4681 1571 4750 μὲν
1600 4679 2052 4747 κατανύσσονται,

479 4772 578 4826 καὶ
630 4771 815 4822 πολλοὶ
864 4771 1082 4840 χάριτος
1115 4770 1368 4839 οὐρανίου
1406 4770 1620 4838 μέτοχοι
1667 4769 1928 4836 γίνονται,
1963 4770 2055 4822 καὶ

479 4864 643 4935 ἔρωτι
670 4863 1066 4932 τιτρώσκονται
1106 4860 1234 4930 θείῳ
1257 4878 1270 4891 ·
1297 4861 1432 4912 ἀλλὰ
1462 4863 1586 4922 τοὺς
1614 4858 1817 4928 μεταξὺ
1838 4861 2054 4926 πόνους,

479 4957 574 5010 καὶ
599 4956 696 5017 τὰς
728 4955 820 5008 τοῦ
846 4954 1082 5024 πονηροῦ
1120 4953 1317 5023 πείρας
1339 4952 1558 5023 ποικίλῃ
1584 4953 1747 5026 τέχνῃ
1773 4954 1865 5006 καὶ
1893 4955 2056 5008 πολυ-

478 5050 667 5122 τρόπῳ
722 5048 1120 5120 προὸάλλοντος
1149 5047 1208 5098 ού
1244 5046 1633 5114 διενεγκόντες,
1668 5047 1968 5115 ὑπέμεινάν
1999 5065 2056 5100 τε

481 5144 560 5214 τῷ
586 5144 796 5214 κόσμῳ,
830 5143 922 5196 καὶ
946 5140 1309 5209 ἐϐυθίσθησαν
1333 5143 1390 5194 ἐν
1421 5140 1498 5210 τῷ
1526 5141 1735 5193 ἐκείνου
1768 5139 1936 5210 βυθῷ,
1971 5141 2058 5194 διὰ

481 5234 707 5305 γνώμης
732 5235 1038 5305 χαυνότητα
1069 5233 1162 5285 καὶ
1196 5231 1500 5295 ἀσθένειαν,
1534 5231 1566 5302 ἢ
1598 5232 1689 5284 καὶ
1721 5232 1780 5284 τὸ
1812 5250 2060 5303 προσπα-

485 5329 605 5400 θείᾳ
630 5328 736 5380 τῶν
784 5330 989 5398 γηΐνων
1020 5327 1236 5380 ἁλῶναι.
1275 5326 1433 5378 ⁴¹οσοι
1462 5326 1569 5395 γὰρ
1595 5324 1731 5393 πρὸς
1763 5326 2062 5390 ἀσφάλειαν

488 5417 650 5488 μέχρι
679 5417 864 5479 τέλους
893 5418 1210 5488 διαδραμεῖν
1252 5415 1550 5487 βούλονται,
1577 5413 1734 5468 ἄλλον
1759 5416 1936 5484 ἔρωτα
1967 5417 2062 5468 καί⁸

484 5509 654 5582 ἄλλην
689 5511 907 5582 ἀγάπην
954 5515 1020 5584 τῇ
1067 5510 1378 5581 ἐπουρανίῳ
1431 5506 1613 5579 ἐκείνῃ
1643 5506 2061 5578 συμπαραμίξαι

485 5601 583 5672 οὐχ
613 5602 991 5673 ὑπομένουσιν.

560 5761 582 5793 ⁸
619 5761 666 5818 Π
697 5761 820 5819 Cor.
855 5777 909 5827 ι,
937 5762 988 5817 5.
1067 5768 1088 5799 τ
1126 5766 1263 5821 Gen.
1301 5783 1372 5833 tv,
1408 5766 1489 5821 12.
1568 5767 1587 5797 ⁸
1626 5763 1783 5820 Joan.
1821 5779 1934 5827 ml,
1972 5761 2058 5818 ιι.

2161 3323 2422 3382 aspectus
2462 3313 2666 3368 terreni
2703 3314 2849 3383 regis
2884 3313 3215 3379 desiderari,
3247 3322 3303 3368 et
3323 3328 3486 3382 quam
3528 3311 3745 3366 ardenti

2164 3405 2451 3473 procurari
2481 3405 2668 3459 studio
2701 3405 2770 3459 ab
2800 3405 3123 3460 hominibus
3164 3406 3339 3460 soleat
3366 3422 3379 3458 :
3405 3413 3461 3459 et
3495 3405 3748 3474 quisquis

2162 3495 2217 3549 in
2251 3494 2444 3548 urbem
2499 3495 2742 3559 advenit,
2778 3496 2872 3549 ubi
2926 3512 3022 3550 rex
3073 3497 3244 3566 degit,
3288 3495 3342 3549 in
3387 3512 3453 3551 eo
3495 3495 3745 3564 ﬂagranti

2157 3595 2412 3638 versatur
2440 3593 2592 3647 voto,
2613 3595 2674 3637 ut
2702 3585 2785 3639 vel
2815 3587 2991 3640 solum
3017 3589 3321 3656 pretiosum
3361 3586 3745 3656 splendidum-

2161 3691 2267 3745 que
2299 3675 2489 3743 palatii
2514 3675 2778 3730 ambitum
2805 3677 3021 3742 videat;
3067 3678 3168 3731 nisi
3200 3677 3340 3732 forte
3374 3678 3643 3746 quispiam
3678 3695 3747 3734 ex

2162 3765 2230 3818 iis
2254 3765 2346 3827 sit,
2377 3765 2469 3832 qui
2501 3773 2690 3818 sancto
2724 3781 2782 3819 se
2809 3765 3087 3820 dediderit
3115 3767 3371 3835 Spiritui,
3392 3769 3486 3835 qui
3511 3768 3625 3822 haec
3659 3769 3745 3823 in-

2161 3870 2328 3924 super
2360 3856 2581 3920 habeat,
2647 3871 2713 3909 ac
2761 3864 3130 3924 aspernetur;
3183 3857 3290 3910 alia
3331 3859 3747 3926 pulchritudine

2161 3947 2402 4011 saucius,
2435 3947 2687 4016 aliusque
2708 3947 2893 4016 gloriae
2927 3947 3182 4017 cupidus.
3213 3947 3268 4002 Si
3305 3965 3434 4018 ergo
3457 3951 3609 4004 carni
3649 3951 3748 4005 dc-

2161 4038 2638 4093 ditisbominibus
2675 4039 2814 4092 adeo
2856 4039 3172 4108 expetibilis
3210 4050 3488 4106 censetur,
3529 4036 3747 4111 tamque

2160 4128 2318 4182 avide
2346 4137 2598 4196 captatur
2631 4128 2887 4182 intuendi
2931 4129 3076 4200 regis
3107 4131 3358 4184 mortalis
3389 4134 3578 4201 copia;
3612 4149 3749 4201 quo-

2161 4219 2324 4274 modo
2347 4236 2456 4274 non
2484 4220 2987 4288 incomparabiliter
3010 4223 3249 4291 optanda
3273 4225 3444 4290 magis
3463 4224 3598 4278 visio
3625 4225 3747 4278 lue-

2161 4311 2233 4364 rit
2262 4310 2585 4366 immortalis
2610 4311 2794 4383 Regis,
2836 4312 2902 4366 iis
2931 4328 3060 4367 sane
3091 4313 3294 4381 quibus
3313 4315 3525 4382 guttula
3552 4315 3744 4369 saltem

2162 4401 2410 4471 inspersa
2445 4404 2692 4472 quaedam
2734 4404 2975 4474 Spiritus
3017 4405 3171 4468 boni,
3201 4405 3392 4459 divino
3432 4422 3619 4460 amore
3651 4422 3748 4461 cor

2159 4497 2568 4551 vulneraverit?
2593 4497 2940 4566 Quapropter
2967 4497 3058 4551 isti
3091 4499 3240 4552 omni
3273 4499 3466 4553 mundi
3501 4497 3744 4552 amicitia

2160 4602 2220 4640 se
2276 4587 2424 4656 ipsos
2477 4589 2792 4652 exsolvunt,
2839 4597 2901 4643 ut
2947 4591 3166 4658 possint
3215 4607 3548 4661 prOpensum
3599 4592 3747 4645 hunc

2161 4693 2382 4747 semper
2410 4679 2467 4732 in
2501 4680 2670 4734 corde
2700 4679 2903 4735 habere
2937 4697 3209 4747 amorem,
3250 4691 3306 4738 et
3350 4699 3451 4752 pro
3485 4683 3579 4736 illo
3624 4683 3748 4736 nul-

2161 4769 2273 4824 lum
2303 4772 2496 4828 alium.
2524 4772 2632 4827 Sed
2675 4769 2917 4830 hivalde
2966 4776 3128 4845 pauci
3174 4785 3344 4829 sunt:
3399 4775 3493 4844 qui
3525 4774 3745 4842 quidem

2164 4861 2310 4916 bono
2345 4865 2618 4934 principio
2661 4882 2849 4934 parem
2896 4866 3059 4920 ﬁnem
3109 4865 3426 4936 adjungant,
3484 4872 3540 4918 et
3573 4879 3747 4932 usque

2165 4955 2233 5008 ad
2262 4963 2568 5010 extremum
2599 4958 2866 5012 inoll‘ense
2897 4965 3273 5026 perseverent.
3313 4955 3462 5009 Multi
3485 4969 3749 5023 compun-

2166 5053 2407 5115 guntur;
2441 5047 2598 5101 multi
2625 5049 2813 5118 gratiae
2849 5048 3094 5103 cmlestis
3141 5047 3282 5101 ﬁunt
3325 5046 3652 5116 participes;
3693 5054 3749 5100 et

2167 5152 2355 5191 amore
2383 5137 2570 5192 divino
2616 5138 2931 5205 feriuntur;
2979 5139 3073 5193 sed
3105 5138 3201 5208 qui
3233 5138 3383 5192 varie
3429 5153 3529 5207 per
3578 5138 3745 5190 vitam

2169 5230 2716 5295 incurruntlabores,
2740 5247 2842 5285 nec
2866 5231 3072 5286 diaboli
3105 5231 3439 5285 tentationes
3472 5238 3589 5283 arte
3617 5244 3744 5282 ver-

2169 5323 2420 5392 sutiaque
2456 5322 2636 5377 illatas
2693 5324 2982 5393 multiplici
3007 5325 3301 5389 sustinent,
3333 5332 3389 5377 et
3431 5321 3484 5377 in
3538 5319 3745 5373 mundo

2169 5424 2519 5484 permanent,
2549 5425 2606 5469 et
2634 5415 3035 5486 demerguntur
3064 5417 3119 5470 in
3137 5418 3260 5486 ejus
3280 5412 3549 5484 profunda
3581 5427 3746 5465 vora-

2168 5505 2315 5575 gine,
2352 5505 2423 5559 ob
2459 5507 2724 5575 propositi
2763 5507 3081 5579 languorem
3119 5516 3174 5561 et
3208 5505 3621 5568 inﬁrmitatem;
3661 5502 3747 5556 vel

2174 5595 2339 5652 etiam
2393 5597 2539 5667 quod
2587 5598 2789 5656 all‘cctu
2843 5609 3191 5657 tcrrcuorum
3239 5597 3552 5668 capiamur-
3611 5592 3744 5660 Ωυί·
