3980 6470
279 344 383 408 883

1514 342 1574 399 S.
1614 340 1933 401 MACARII
1971 340 2293 400 [EGYP’I‘II

3442 344 3542 408 885

278 465 496 521 cunque
546 464 712 520 porro
761 448 1057 504 securitate
1091 450 1241 502 omni
1276 448 1576 519 perducere
1628 446 1695 501 ad
1736 456 2037 502 extremam
2098 457 2301 503 metam
2355 464 2579 505 cursum
2626 450 2775 507 hunc
2818 452 3032 519 volunt,
3066 453 3235 509 alium
3273 468 3545 514 amorem,

278 544 438 597 aliam
474 542 799 595 charitatem
830 540 1040 594 caelesti
1069 540 1372 595 admiscere
1406 539 1480 593 illi
1506 555 1849 614 nequaquam
1876 541 2189 595 sustinent.‘

350 632 517 686 XXII.
562 632 629 687 Ut
659 647 853 699 magna
896 646 1122 700 prorsus
1177 641 1233 685 et
1276 631 1666 684 incnarrabilia
1713 631 1856 684 bona

2030 630 2158 685 KB'.
2193 632 2402 703 Ὠσπερ
2437 632 2648 702 μεγάλα
2698 634 2899 706 δηλαδὴ
2946 636 3039 690 καὶ
3067 638 3439 707 ἀνεκδιήγητα
3472 639 3540 691 τά

282 734 555 792 suntquae
578 724 723 776 Deus
752 723 1036 790 promisit;
1067 724 1142 776 ita
1175 722 1363 776 multis
1392 723 1457 775 ad
1493 736 1686 774 eorum
1714 737 1862 775 asse-

281 815 560 867 cutionem
601 828 739 881 Opus
779 813 1061 866 laboribus
1085 822 1139 866 et
1189 813 1588 866 certaminibus
1618 821 1735 875 est;
1770 812 1862 866 iis-

282 921 389 974 qne
416 921 541 959 cum
595 920 691 973 spe
736 919 798 957 ac
824 904 929 956 ﬁde
962 904 1206 957 toleratis
1235 914 1290 957 et
1328 904 1617 972 susceptis.
1655 903 1769 955 IIoc
1795 918 1862 955 ex

284 994 374 1048 his
415 994 620 1048 Christi
653 994 840 1047 verbis
880 1003 1029 1063 patet
1063 1011 1074 1045 :
1115 993 1216 1058 Qui
1255 994 1364 1047 vult
1404 1002 1516 1063 post
1540 1010 1621 1046 me
1661 995 1857 1057 venire,

285 1086 502 1153 abneget
522 1086 855 1154 semetipsum
877 1094 924 1136 et
948 1084 1100 1137 tollat
1147 1102 1349 1137 crucem
1371 1102 1523 1139 suam
1546 1093 1593 1137 et
1612 1092 1862 1153 sequatur

284 1191 366 1228 me
398 1177 439 1227 ’.
473 1175 541 1228 Et
571 1190 763 1228 rursus
790 1192 803 1226 :
834 1174 949 1227 Nisi
978 1177 1092 1243 quis
1122 1175 1291 1227 oderit
1314 1185 1519 1243 patrem
1550 1185 1597 1227 et
1613 1182 1860 1239 matrem,

284 1276 335 1319 et
360 1268 551 1336 fratres
571 1278 615 1320 et
639 1284 843 1321 sorores
870 1274 919 1319 et
941 1266 1110 1333 ﬁlios;
1144 1267 1313 1320 adhuc
1336 1275 1511 1320 autem
1540 1276 1587 1319 et
1626 1268 1861 1319 animam

282 1376 477 1425 suam;
518 1377 620 1413 non
656 1367 823 1429 potest
869 1374 1015 1410 meus
1049 1373 1158 1410 esse
1192 1357 1478 1428 discipulus
1514 1358 1575 1409 ιο.
1608 1356 1861 1426 Plerique

284 1460 465 1503 autem
498 1449 782 1502 hominum
816 1447 895 1500 sic
928 1446 1079 1498 stulti
1103 1455 1251 1511 sunt,
1283 1457 1344 1501 ut
1381 1461 1608 1516 regnum
1637 1445 1860 1515 quidem

283 1542 548 1611 consequi
596 1542 790 1607 velint,
830 1551 889 1597 et
930 1551 1149 1597 αξιοι-ηπ
1194 1540 1576 1595 ιιιετοάἱιειοιη
1620 1540 1763 1601 vitae,
1797 1554 1862 1594 ac

282 1631 503 1687 Christo
553 1632 610 1686 in
656 1648 831 1686 aavum
888 1649 1050 1687 omne
1078 1648 1441 1702 conregnare;
1470 1632 1524 1685 id
1564 1632 1709 1700 quod
1739 1648 1858 1685 ma-

282 1739 447 1793 gnum
476 1732 583 1788 est,
626 1732 682 1779 et
716 1740 935 1778 omnem
995 1725 1384 1795 cogitationem
1439 1732 1691 1791 superat;
1728 1739 1859 1793 pro-

282 1813 420 1882 priis
455 1826 637 1867 tamen
689 1814 1047 1883 obsequendo
1096 1814 1503 1879 voluntatibus;
1546 1814 1590 1867 si
1626 1829 1733 1867 non
1758 1830 1861 1884 po-

288 1906 396 1957 tius
431 1905 531 1971 illi,
568 1906 665 1974 qui
714 1920 855 1959 vana
906 1906 1009 1960 ista
1053 1914 1110 1959 et
1165 1905 1453 1961 manifeste
1506 1907 1668 1959 noxia
1728 1907 1861 1977 ipsis

283 1996 539 2065 inspirat.

354 2085 544 2139 XXIII.
574 2086 760 2155 Usque
797 2087 864 2140 ad
907 2087 1071 2142 linem
1104 2103 1329 2142 cursum
1382 2087 1649 2143 inolIense
1677 2089 1860 2159 perfe-

282 2187 489 2240 rentes,
516 2177 573 2230 hi
610 2188 760 2241 sunt,
794 2178 887 2247 qui
920 2179 1113 2233 mundi
1145 2195 1337 2234 omnes
1369 2179 1696 2249 cupiditates
1722 2189 1779 2234 et
1805 2197 1863 2236 se

283 2270 451 2338 ipsos,
504 2270 1074 2341 transgressionesque
1132 2273 1252 2342 ejus
1301 2288 1366 2327 ac
1424 2272 1752 2341 voluptates,
1807 2280 1863 2327 et

284 2362 433 2415 circa
472 2362 625 2415 illum
654 2363 1046 2431 occupationes
1074 2364 1301 2418 omnino
1328 2363 1454 2417 odio
1492 2364 1713 2419 habent.
1747 2364 1864 2419 Iloc

283 2454 429 2507 enim
453 2466 533 2509 est
571 2456 845 2526 abnegare
878 2472 934 2511 se
964 2456 1163 2526 ipsum.
1210 2456 1387 2522 Quare
1408 2458 1630 2526 propria
1667 2459 1865 2512 volun-

286 2556 398 2601 tate
424 2549 805 2618 unusquisque
835 2565 1005 2619 regno
1034 2549 1277 2619 ejicitur,
1306 2566 1371 2605 eo
1398 2551 1544 2619 quod
1576 2550 1865 2620 haudqua-

284 2653 448 2707 quam
482 2654 548 2691 ex
578 2639 812 2692 veritate
840 2638 1056 2692 labores
1089 2638 1275 2707 eligat,
1306 2648 1362 2693 et
1401 2654 1459 2692 se
1488 2638 1666 2707 ipsum
1696 2638 1865 2691 abne-

283 2734 373 2796 get
406 2743 419 2778 :
452 2726 714 2779 nimirum
748 2727 940 2781 volens
995 2727 1068 2781 ita
1122 2727 1219 2781 Dei
1264 2727 1434 2782 amori
1473 2743 1535 2781 ac
1590 2728 1866 2781 desiderio

283 2817 519 2881 servire,
569 2826 631 2871 ut
686 2818 849 2871 simul
902 2819 1167 2873 delectari
1197 2834 1415 2887 quoque
1440 2819 1612 2888 possit
1640 2819 1868 2887 quibus-

283 2909 408 2962 dam
445 2909 611 2979 hujus
643 2910 834 2964 mundi
873 2911 1059 2976 rebus,
1088 2926 1191 2965 nec
1217 2919 1392 2965 totum
1416 2926 1639 2965 necesse
1668 2911 1738 2965 sit
1766 2911 1867 2963 im-

283 3010 471 3068 petum
497 3001 735 3069 propriae
786 3002 1088 3056 voluntatis
1116 3002 1229 3055 Deo
1260 3001 1496 3055 tradere.
1526 3001 1644 3056 Uno
1682 3008 1866 3054 autem

284 3091 537 3159 exemplo
566 3091 939 3145 declarabitur
966 3091 1019 3144 id
1038 3092 1185 3161 quod
1208 3092 1263 3145 in
1294 3093 1547 3149 manibus
1577 3093 1864 3145 habemus.

285 3179 618 3235 Discernens
652 3196 851 3250 nempe
877 3180 1145 3235 discernit
1179 3183 1580 3251 unusquisque,
1608 3198 1710 3236 nec
1734 3183 1868 3238 latet

1969 722 2119 789 παρὰ
2137 722 2229 773 τοῦ
2262 724 2395 775 Θεοῦ
2418 725 2807 795 ἐπηγγελμένα
2838 726 3148 795 πεφύκασιν
3177 729 3381 796 ἀγαθὰ,
3403 727 3546 780 οὕτω

1968 814 2060 866 καὶ
2090 814 2297 865 πολλῶν
2331 814 2501 868 δεῖται
2523 816 2700 868 πόνων
2730 834 2788 869 τε
2840 819 2937 870 καὶ
2986 818 3216 886 ἀγώνων
3263 819 3373 871 τῶν
3426 817 3543 888 μετ’

1969 902 2177 964 ἐλπίδος
2199 905 2290 955 καὶ
2312 905 2547 965 πίστεως
2568 922 2582 936 ·
2606 908 2700 958 καὶ
2725 906 2881 975 δῆλον
2899 907 3169 961 ἐντεῦθενθ
3189 908 3259 959 El
3281 925 3368 973 τις
3386 908 3545 961 θέλει

1969 994 2159 1047 ὀπίσω
2208 1012 2328 1063 μου
2380 995 2599 1058 ἐλθεῖν,
2651 999 3103 1065 ἀπαρνησάσθῳ
3151 997 3388 1063 ἑαυτὸν,
3444 998 3543 1054 καί

1967 1084 2161 1151 ἀράτω
2199 1086 2305 1138 τὸν
2341 1088 2606 1154 σταυρὸν
2624 1088 2832 1155 αὐτοῦ,
2865 1088 2962 1141 καὶ
3005 1090 3404 1143 ἀκολουθείτω
3420 1107 3539 1158 μοι.

1968 1174 2080 1226 Καὶ
2110 1174 2301 1227 πάλιν*
2349 1178 2473 1229 Εὰν
2504 1176 2589 1245 μή
2620 1195 2711 1244 τις
2757 1179 2996 1248 μισήσῃ
3036 1179 3263 1249 πατέρα
3312 1182 3410 1235 καὶ
3435 1199 3543 1249 μη-

1966 1263 2126 1331 τέρα,
2159 1264 2257 1318 καὶ
2278 1264 2598 1334 ἀδελφοὺς,
2662 1269 2761 1321 καὶ
2789 1269 3060 1338 γυναῖκα,
3091 1271 3189 1325 καὶ
3224 1271 3425 1335 τέκνα,
3456 1273 3541 1326 ἐτι

1967 1354 2035 1407 δὲ
2068 1356 2303 1424 etaith
2325 1357 2543 1411 ἑαυτοῦ
2571 1359 2803 1428 ψυχὴν,
2831 1363 2902 1415 οὐ
2945 1361 3198 1415 δύναταί
3221 1380 3341 1431 μου
3391 1360 3543 1417 εἶναι

1962 1447 2254 1515 μαθητής.
2295 1450 2355 1501 Οἱ
2380 1449 2620 1501 πλεῖστοι
2643 1450 2697 1502 δὲ
2728 1449 2836 1503 τῶν
2853 1451 3153 1520 ἀνθρώπων
3180 1452 3354 1514 οὕτως
3392 1454 3542 1522 ἔχους-

1969 1553 2052 1589 σιν
2083 1537 2345 1607 ἀνοήτως,
2381 1538 2456 1601 ὠς
2485 1538 2585 1607 τῆς
2625 1539 2901 1609 βασιλείας
2925 1542 3202 1611 ἐπιτυχεῖν
3235 1541 3539 1608 βούλεσθαι,

1966 1628 2062 1680 καὶ
2090 1628 2189 1697 τῆς
2228 1630 2444 1681 αἰωνίου
2469 1629 2873 1700 κληρονομῆσαι
2906 1630 3069 1695 ζωῆς,
3096 1632 3188 1685 καὶ
3217 1633 3434 1702 Χριστῷ
3451 1633 3539 1691 διὰ

1966 1716 2153 1779 τέλους
2187 1718 2637 1785 ωμὸασιλεῦσαι,
2678 1721 2738 1773 τὸ
2775 1722 2915 1790 μέγα
2948 1721 3105 1774 τοῦτο
3159 1726 3255 1775 καὶ
3283 1725 3420 1793 ὑπὲρ
3452 1724 3540 1777 ἓν·

1967 1819 2149 1859 νοιαν·
2180 1809 2293 1869 τοῖς
2344 1807 2495 1871 ἰδίοις
2528 1808 2584 1861 δὲ
2638 1808 2840 1872 ζῶντες
2867 1809 3157 1880 θελήμασι,
3212 1813 3306 1864 καὶ
3333 1812 3540 1877 τούτοις

1967 1891 2383 1957 ἀκολουθοῦντες
2403 1908 2417 1923 ⁸
2462 1895 2660 1965 μᾶλλον
2687 1897 2742 1949 δὲ
2772 1897 2849 1968 τῷ
2878 1900 3215 1971 ἐνσπείροντι
3238 1900 3307 1954 τὰ
3335 1902 3542 1971 μάταια

1894 1980 1937 2035 Β
1962 1983 2157 2050 ταῦτα,
2185 1987 2280 2037 καὶ
2308 1988 2555 2057 φανερῶς
2590 1987 2850 2059 βλαϐερά.

2040 2076 2168 2133 Kl".
2203 2071 2363 2130 Οὗτοί
2405 2079 2543 2131 εἰσιν
2570 2082 2619 2132 oi
2656 2081 2818 2151 μέχρι
2850 2082 3041 2146 τέλους
3064 2084 3305 2138 ἇπτωτοι
3332 2084 3541 2155 διερχό-

1969 2184 2139 2236 μενοι,
2168 2169 2215 2220 οί
2244 2168 2343 2231 τὰς
2364 2168 2457 2221 τοῦ
2492 2168 2696 2237 κόσμου
2741 2172 2921 2233 πάσας
2950 2171 3265 2242 ἐπιθυμίας,
3290 2174 3379 2227 καὶ
3414 2176 3542 2228 ἑαυ-

1964 2260 2111 2321 τοὺς,
2136 2258 2498 2328 μεθορισμούς
2518 2276 2579 2313 τε
2603 2261 2794 2314 τούτου
2818 2264 2910 2315 καὶ
2934 2262 3147 2334 ἡδονὰς,
3173 2265 3265 2317 καὶ
3291 2265 3386 2327 τὰς
3408 2267 3544 2336 πρὸς

1965 2350 2127 2401 αὑτὸν
2182 2350 2440 2419 ἀσχολίας
2469 2351 2529 2403 τὸ
2563 2353 2823 2422 παράπαν
2857 2357 3188 2423 μισήσαντες
3210 2372 3223 2386 ο
3257 2355 3415 2409 τοῦτο
3437 2359 3546 2427 γάρ

1966 2441 2081 2492 ἐστι
2111 2440 2173 2493 τὸ
2210 2441 2625 2511 ἀπαρνήσασθαι
2667 2443 2880 2498 ἑαυτόν.
2910 2444 3072 2496 Ὥστε
3125 2444 3238 2514 ἰδίῳ
3279 2445 3545 2515 θελήματι

1965 2530 2195 2592 ἕκαστος
2224 2531 2322 2599 τῆς
2360 2529 2632 2600 βασιλείας
2666 2532 2991 2586 ἐκϐάλλεται
3014 2549 3028 2565 ο
3063 2533 3141 2601 τῷ
3203 2537 3277 2605 μὴ
3309 2534 3368 2599 ἐξ
3416 2536 3546 2606 ἀλη-

1966 2619 2117 2684 θείας
2139 2620 2353 2674 ἑλέσθαι
2370 2622 2496 2685 τοὺς
2528 2623 2743 2685 πόνους,
2768 2626 2861 2675 καὶ
2879 2624 3073 2678 ἑαυτὸν
3096 2626 3542 2697 ἀπαρνήσασθαι,

1965 2712 2101 2767 ἀλλά
2131 2714 2333 2768 ἐθέλειν
2356 2715 2435 2768 ἔτι
2460 2716 2599 2786 πρὸς
2623 2716 2815 2786 ὲκείνῳ
2844 2716 2920 2787 τῷ
2934 2716 3103 2790 θεῖκῷ
3120 2718 3286 2789 πόθῳ,
3320 2719 3411 2772 καί
3434 2736 3545 2772 τισι

1965 2804 2060 2860 τοῦ
2094 2807 2287 2870 αἰῶνος
2323 2806 2513 2860 τούτου
2570 2808 2926 2880 συνήδεσθαιο
2988 2812 3082 2863 καὶ
3116 2810 3191 2882 μὴ
3240 2811 3337 2881 τὴν
3371 2811 3545 2882 ῥοπὴν

1965 2901 2094 2969 ὃλην
2121 2899 2213 2953 τοῦ
2250 2899 2379 2953 ἰδίου
2430 2900 2735 2970 θελήματος
2767 2900 2845 2971 τῷ
2878 2900 2999 2972 Θεῷ
3065 2902 3287 2958 διδόναι.
3320 2905 3397 2956 Δι’
3426 2904 3547 2968 ἑνὸς

1965 2992 2022 3043 δὲ
2054 2992 2449 3062 ὑπώείγματος
2484 2992 2774 3061 γνώρισμα
2822 2991 2978 3046 ἔσται
3028 2992 3107 3065 τῷ
3156 2995 3296 3064 μετά
3335 2998 3540 3066 χεῖρας.

1968 3080 2266 3149 Διακρίνων
2293 3080 2391 3149 μὲν
2417 3080 2525 3150 γὰρ
2547 3080 2815 3150 διακρίνει
2835 3082 3088 3148 ἕκαστος,
3118 3083 3215 3137 καὶ
3234 3083 3294 3135 οὐ
3326 3083 3547 3154 λέληθεν

1967 3173 2149 3236 αὑτὸν,
2184 3173 2264 3225 ὅτι
2306 3170 2507 3225 ἄτοπον
2529 3173 2650 3227 τόδε
2672 3172 2835 3243 τυχὸν
2859 3174 2996 3245 ὅπερ
3023 3173 3277 3244 ὥρμηται
3300 3174 3543 3243 ποιῆσαι.

288 3270 491 3339 ipsum,
544 3272 747 3324 malum
792 3286 912 3325 esse
971 3273 1075 3325 hoc
1107 3272 1175 3326 ad
1205 3273 1353 3341 quod
1408 3272 1551 3327 forte
1592 3274 1863 3343 agendum

1969 3265 2193 3335 Πρῶτον
2236 3264 2334 3333 μὲν
2362 3264 2471 3333 γὰρ
2504 3264 2634 3317 εἴσω
2688 3265 2829 3318 κατὰ
2862 3264 2961 3335 τὴν
2990 3264 3218 3335 καρδίαν
3247 3265 3545 3333 ἐπισημαί-

287 3361 619 3432 propendct.
648 3362 893 3416 Primum
926 3363 1149 3432 quidem
1190 3364 1339 3417 intus
1368 3364 1425 3417 in
1464 3364 1629 3418 corde
1673 3364 1862 3419 obser-

290 3465 449 3507 vatur
480 3454 842 3524 ambiguitas;
876 3454 1061 3509 bilanx
1090 3470 1224 3509 vero
1276 3471 1399 3509 cum
1434 3457 1565 3527 jugo
1601 3472 1867 3525 suspensa

288 3546 345 3598 in
382 3545 572 3599 intima
609 3545 694 3599 sui
727 3546 902 3615 ipsius
940 3547 1301 3610 conscientia,
1334 3548 1511 3616 palam
1562 3564 1765 3617 anceps
1810 3549 1867 3603 in

289 3636 581 3698 utrumvis,
613 3636 707 3689 Dei
733 3636 946 3691 scilicet
980 3646 1075 3690 aut
1107 3636 1295 3690 mundi
1323 3653 1567 3693 amorem
1601 3639 1866 3708 impetum

290 3726 439 3780 intus
479 3726 609 3781 facit
646 3743 659 3779 :
700 3737 756 3782 et
795 3737 925 3781 tunc
954 3729 1099 3783 circa
1120 3729 1391 3783 exteriora
1416 3729 1618 3798 prodit.
1650 3729 1867 3783 Discer-

292 3834 430 3872 nens
488 3819 637 3872 enim
697 3822 793 3886 (ut
848 3820 1057 3873 dictum
1114 3822 1227 3891 est)
1290 3821 1558 3876 discernit
1608 3822 1864 3891 quisque.

293 3910 544 3978 Exempli
578 3926 763 3975 causa,
797 3912 1071 3981 quispiam
1106 3913 1247 3967 forte
1276 3930 1402 3968 cum
1434 3914 1601 3968 fratre
1634 3925 1868 3968 conten-

292 4000 449 4065 dens,
476 4000 709 4056 dissidet
733 4017 761 4054 a
793 4018 849 4057 se
878 4004 1018 4072 ipso.
1053 4004 1129 4059 Ac
1150 4004 1329 4074 primo
1356 4006 1588 4074 opponit
1614 4026 1624 4059 :
1652 4005 1869 4059 Dicam-

291 4092 404 4145 ne?
438 4108 505 4145 an
541 4108 649 4146 non
682 4093 894 4147 dicam?
917 4112 1247 4165 reponamne
1270 4113 1391 4166 qua:
1430 4098 1768 4152 ulciscantur
1800 4097 1867 4150 il-

291 4179 401 4233 lata
437 4182 593 4251 187
626 4183 757 4235 mihi
784 4184 1018 4252 probra?
1039 4185 1132 4239 sed
1169 4187 1351 4255 potius
1374 4186 1570 4239 silebo.
1594 4185 1871 4239 Tenemus

292 4270 389 4325 Dei
417 4273 700 4337 mandata;
732 4284 991 4328 caeterum
1028 4276 1104 4329 ita
1133 4286 1189 4329 ut
1216 4277 1452 4345 propria:
1488 4292 1709 4345 quoque
1735 4292 1871 4329 cura

291 4361 536 4429 gloriolae
580 4377 687 4415 non
715 4365 1053 4434 negligatur;
1086 4365 1223 4419 adeo
1256 4367 1344 4419 vix
1388 4365 1659 4433 quispiam
1702 4365 1862 4434 plene

288 4465 356 4503 ac
380 4451 621 4519 perfecte
670 4455 911 4507 animum
944 4456 1181 4519 induxit,
1222 4472 1448 4525 prorsus
1497 4456 1549 4508 in
1611 4456 1870 4510 omnibus

290 4541 568 4608 abnegare
590 4555 669 4597 se.
698 4540 754 4595 Si
775 4556 905 4611 ergo
926 4543 1010 4595 vel
1031 4543 1257 4597 minimo
1280 4555 1560 4597 momento
1583 4544 1709 4595 lanx
1728 4543 1868 4596 ami-

1969 3374 2120 3409 νεται
2172 3358 2205 3425 ἡ
2234 3355 2557 3426 ἀμφιόολίαο
2594 3358 2626 3425 ή
2669 3356 2882 3427 στάθμη
2931 3356 2988 3410 δὲ
3043 3358 3139 3410 καὶ
3181 3359 3209 3411 δ
3260 3357 3423 3424 ζυγὸς
3466 3355 3547 3426 τῷ

1969 3443 2163 3499 ἑαυτοῦ
2193 3444 2477 3511 συνειδότι,
2500 3445 2739 3515 φανερὰν
2771 3446 3033 3517 πρότερον
3063 3448 3163 3516 τῆς
3187 3464 3247 3500 τε
3275 3447 3368 3500 τοῦ
3386 3446 3544 3511 Θεοῦ,

1967 3539 2062 3592 καὶ
2088 3539 2185 3605 τῆς
2213 3537 2306 3591 τοῦ
2370 3538 2578 3607 κόσμου
2611 3539 2831 3609 ἀγάπης
2858 3538 2957 3608 τὴν
3000 3540 3172 3610 ῥοπὴν
3203 3538 3349 3592 ἔνδον
3380 3542 3543 3603 ποιεῖ,

1966 3626 2061 3679 καὶ¹
2093 3626 2214 3678 τότε
2254 3626 2383 3696 περὶ
2423 3628 2491 3679 τὰ
2544 3626 2649 3693 ἔξω
2679 3628 2914 3697 πρόεισι.
2958 3628 3261 3700 Διακρίνων
3308 3629 3437 3695 γὰρ,
3472 3628 3548 3691 ὡς

1970 3716 2208 3786 εἴρηται,
2240 3716 2503 3786 διακρίνει
2526 3716 2760 3779 ἕκαστος
2782 3734 2796 3748 ·
2827 3713 2939 3770 οἷον
2978 3719 3204 3787 εἰτύχοι
3236 3715 3312 3786 τῷ
3338 3716 3549 3786 ἀδελφῴ

1968 3807 2492 3877 διαπληκτιζόμενος
2520 3808 2801 3872 στασιάζει
2825 3809 2961 3879 πρὸς
2987 3809 3197 3871 ἑαυτὸν,
3222 3808 3437 3879 πρῶτον
3458 3808 3551 3861 καὶ

1968 3899 2335 3970 ἀντιτίθησιν·
2368 3899 2549 3965 Eis-rw;
2607 3899 2744 3952 ἀλλὰ
2782 3899 2859 3968 μὴ
2908 3899 3083 3951 εἴπω’
3122 3898 3550 3968 ἀντιφθέγξομαι

1970 3991 2105 4062 πρὸς
2132 3991 2287 4044 ταυτί
2339 4009 2427 4061 μοι
2475 3993 2546 4045 τὰ
2578 3992 2945 4061 ἐπενεχθέντα
2983 3993 3195 4063 ὸνείδη;
3238 3991 3376 4045 ἀλλά
3427 4009 3550 4044 σιω-

1970 4085 2214 4153 πήσομαι
2248 4082 2447 4152 μᾶλλον
2470 4098 2483 4112 ο
2511 4082 2708 4152 έχομεν
2743 4084 2840 4135 καὶ
2866 4084 2973 4137 τῶν
3003 4083 3140 4136 Θεοῦ
3168 4082 3396 4136 ἐντολῶν
3432 4085 3508 4153 (1)
3533 4099 3547 4114 ·

1971 4173 2109 4243 πλὴν
2156 4172 2293 4225 ἀλλά
2340 4172 2433 4224 καὶ
2461 4171 2561 4241 τῆς
2603 4172 2739 4236 ἰδίας
2772 4172 2931 4243 δόξης
2988 4174 3089 4227 οὐκ
3143 4174 3550 4244 ἀπερχομένης,

1970 4264 2094 4316 οὐδὲ
2112 4263 2462 4317 παντάπασιν
2483 4263 2674 4317 ἑαυτὸν
2713 4263 2969 4333 ἐλόμενος
3016 4265 3461 4337 ἀπαρνήσασθαι.
3493 4267 3552 4318 Et

1972 4351 2065 4408 οὖν
2093 4357 2187 4408 καὶ
2213 4354 2408 4425 μικρὸν
2439 4356 2472 4425 ἡ
2504 4356 2645 4425 ῥοπὴ
2669 4358 2768 4425 τῆς
2790 4356 2884 4409 τοῦ
2908 4358 3116 4426 κόσμου
3168 4358 3353 4427 φιλίας
3382 4358 3470 4409 τὸν
3496 4359 3555 4409 ὲν

1970 4448 2037 4517 τῇ
2068 4447 2261 4516 καρδία
2290 4445 2454 4513 ζυγὸν
2501 4445 2908 4511 καθελκύσειεν,
2956 4449 3116 4510 εὐθὺς
3141 4450 3169 4500 ό
3200 4449 3436 4519 πονηρὸς
3458 4448 3549 4500 λό-

1972 4552 2067 4602 γος
2088 4536 2333 4604 πρόεισιν
2359 4535 2485 4605 ἄχρι
2506 4536 2731 4589 καὶτῶν
2769 4537 2995 4607 χειλέων
3014 4554 3027 4567 °
3048 4534 3146 4590 εἷθ’
3176 4531 3353 4602 οὗτος,
3376 4538 3555 4590 ὠσπε-

289 4630 437 4684 eitia:
479 4633 767 4687 mundanae
807 4635 997 4704 jugum
1044 4645 1261 4689 statera:
1305 4636 1361 4689 in
1403 4636 1571 4689 corde
1619 4636 1864 4699 traxerit,

1976 4629 2060 4696 pel.
2090 4627 2239 4690 τόξον
2274 4628 2647 4697 ἐντεινάμενος
2696 4629 2724 4680 ό
2779 4627 2903 4690 νοῦς
2963 4628 3195 4691 ἔνδοθεν,
3257 4629 3438 4697 βάλλει
3464 4632 3555 4680 τὶν

289 4721 475 4776 statim
498 4724 699 4777 malum
732 4726 960 4779 verbum
983 4727 1096 4781 exit
1126 4743 1298 4796 usque
1330 4728 1415 4784 .ad
1444 4728 1631 4792 labra;
1664 4727 1863 4781 deinde

1969 4720 2185 4789 πλησίον
2211 4720 2298 4773 διὰ
2338 4721 2436 4791 τῆς
2461 4719 2726 4789 γλώττης,
2755 4720 2850 4772 καὶ
2882 4721 3042 4791 μέχρι
3070 4720 3287 4791 χειρῶν,
3351 4720 3464 4772 ἔστι
3509 4721 3553 4773 δ’

292 4828 470 4879 mens,
507 4824 766 4885 tanquam
802 4833 991 4871 arcum
1036 4820 1186 4873 intus
1219 4818 1471 4883 tendens,
1504 4819 1778 4889 jaculatur
1810 4820 1864 4871 in

1969 4814 2053 4866 ὅτε
2088 4812 2186 4865 καὶ
2215 4813 2571 4882 τραυμάτων,
2608 4812 2742 4865 ἀλλά
2764 4810 2859 4863 καὶ⁹
2890 4812 3055 4864 αὑτοῦ
3089 4812 3273 4879 φόνου,
3300 4810 3360 4862 τὸ
3388 4812 3553 4863 κακὸν

294 4906 603 4975 proximum
639 4924 736 4978 per
764 4909 1025 4979 linguam.
1050 4911 1297 4980 Jurgium
1350 4910 1477 4965 inde
1521 4910 1864 4981 progreditur

1969 4904 2231 4974 πρόεισιν.
2276 4902 2492 4968 Ἔξεστι
2515 4903 2695 4956 τοίνυν
2716 4905 2808 4957 καὶ
2840 4903 3240 4974 παραθεωρεῖν,
3272 4903 3396 4955 ὅθεν
3451 4903 3554 4971 ἀρ-

294 5012 470 5066 usque
493 4999 558 5051 ad
587 5014 801 5064 manus,
831 5000 1104 5055 interdum
1132 5010 1188 5055 et
1208 5002 1470 5066 vulnera;
1507 5002 1640 5070 quin
1670 5001 1736 5054 ad
1760 5016 1864 5054 ca:-

1969 4997 2198 5065 ξάμενον
2220 4990 2333 5050 οἷον
2363 4996 2573 5065 προέϐη
2604 4995 2779 5047 δεινοῦ
2806 4996 2867 5047 τὸ
2913 4995 3087 5065 βραχὺ
3134 4994 3292 5046 τοῦτο
3345 4993 3552 5061 κίνημα

292 5090 420 5143 dem
453 5107 844 5160 nonnunquam
878 5094 1051 5163 ipsam
1102 5095 1217 5147 rixa
1259 5095 1529 5163 pervenit.
1561 5093 1639 5147 Ex
1666 5108 1775 5162 quo
1805 5093 1864 5145 li-

1969 5089 2065 5157 τῆς
2092 5088 2290 5158 ψυχῆς.
2317 5086 2473 5141 Οὕτω
2503 5087 2611 5140 νόει
2660 5104 2772 5155 μοι,
2831 5087 2925 5138 καὶ
2962 5087 3039 5147 είς
3073 5083 3131 5136 ἓν
3163 5085 3392 5137 ἕκαστον
3419 5100 3555 5152 συμ-

294 5188 383 5231 cet
412 5179 745 5247 perspicere,
775 5181 919 5235 unde
966 5182 1133 5235 ducto
1182 5182 1458 5251 principio
1488 5181 1545 5234 in
1601 5188 1864 5248 quantum

1978 5178 2183 5230 ϐαίνειν
2230 5176 2537 5247 ἁμάρτημά
2596 5192 2655 5228 τε
2690 5178 2784 5228 καὶ
2833 5175 3191 5245 ἐπιτήδευμα,
3220 5175 3321 5244 τῆς
3356 5173 3553 5234 κακίας

296 5268 524 5322 sceleris
573 5271 903 5337 processerit
948 5271 1134 5325 brevis
1184 5272 1274 5326 ille
1315 5281 1497 5325 motus
1541 5272 1758 5324 animm.
1806 5268 1864 5321 Et

1980 5269 2377 5338 κολακευούσης
2427 5285 2486 5319 τε
2520 5267 2613 5320 καὶ
2670 5266 3093 5337 περισαινούσης
3122 5265 3184 5317 τὸ
3216 5265 3431 5333 θέλημα
3456 5264 3554 5330 τῆς

298 5374 366 5413 cx
405 5360 511 5414 hoc
557 5362 810 5431 exemplo
858 5373 1073 5432 reputa,
1109 5364 1190 5417 sic
1242 5364 1310 5417 ad
1369 5363 1615 5433 singulos
1646 5360 1864 5416 evenire

1980 5361 2156 5431 ψυχῆς
2199 5358 2517 5430 ἐπιθυμίαις
2570 5362 2859 5429 κοσμικαῖς
2917 5360 3010 5411 ml.
3043 5356 3246 5428 σαρκὸς
3294 5357 3510 5427 ἡδοναῖς
3537 5370 3549 5383 ·

372 5501 393 5532 ’
434 5503 624 5558 Matth;
661 5518 773 5569 xw,
802 5504 893 5559 21.
974 5507 1014 5536 ¹⁰
1042 5505 1177 5559 Luc.
1204 5521 1313 5568 xw,
1345 5504 1435 5559 26.

384 5655 459 5725 (I)
493 5657 751 5725 Ἔχομεν,
790 5675 843 5709 κ.
876 5674 925 5709 τ.
952 5656 1025 5726 λη]
1072 5657 1230 5710 Forte
1275 5656 1379 5727 leg.
1415 5656 1604 5727 ἔχομαι
1636 5658 1727 5711 καὶ
1762 5654 1864 5709 τῶν

1969 5658 2045 5711 εοῦ
2080 5654 2343 5719 ἐντολῶνς
2408 5654 2565 5725 πλὴν,
2603 5671 2655 5707 κ.
2702 5670 2751 5708 τ.
2786 5655 2837 5707 λ.
2872 5650 3219 5708 Adhwrebone
3253 5652 3411 5704 etiam
3444 5646 3535 5701 Dei

309 5727 616 5780 mandatis?
642 5728 716 5781 sic
747 5738 921 5781 tamen
954 5738 1030 5793 ut,
1059 5738 1165 5781 etc.
