3980 6432
415 336 524 408 885

1270 341 1503 402 LIBER
1541 342 1639 402 DE
1675 340 2082 401 PATIENTIA
2119 339 2214 400 ET
2255 334 2781 399 DlSCRETIONE.

3586 329 3693 407 8εὸ

419 456 594 519 οὕτως
613 452 981 524 ἀπαρτίζεται
1013 451 1408 522 μοιχεία,οὓτω
1439 452 1634 525 κλοπὴ,
1666 451 2005 505 οὓτωπλεον-
2037 508 2039 514 τ

2132 466 2298 521 apsus
2322 451 2379 503 in
2410 457 2633 519 peccata
2658 448 2744 503 vel
2785 461 2955 517 prava
2994 445 3209 513 studia;
3246 444 3453 500 malitia
3482 444 3691 514 ubique

418 546 561 616 εξία,
605 546 749 600 οὕτω
785 546 878 600 καὶ
905 544 1207 612 κενοδοξία,
1253 547 1398 600 οὕτω
1430 546 1523 601 καὶ
1553 547 1663 598 πᾶν
1702 544 1880 598 ὁτιοῦν
1904 561 2003 597 πο·

418 660 483 713 νη
491 641 605 715 ρόν.

2108 541 2521 597 adulationibus
2552 537 2884 609 quibusdam
2921 538 3318 607 blanditiisque
3371 536 3689 606 pelliciente

2109 634 2448 688 voluntatem
2470 631 2668 685 animae
2696 631 2751 685 in
2773 629 3105 700 cupiditates
3131 629 3461 682 mundanas.
3487 637 3541 681 et
3566 642 3692 680 car-

420 738 510 793 nis
540 738 872 807 voluptates.
914 738 1007 794 Sic
1032 745 1385 809 perpetratur
1433 736 1795 803 adulterium,
1828 736 1910 791 sic
1930 735 2161 800 furtum,
2191 733 2272 788 sic
2306 730 2558 797 avaritia,
2590 729 2672 785 sic
2718 745 2859 784 vana
2902 728 3185 799 gloriatio;
3239 726 3321 801 sic
3352 740 3516 780 omne
3540 724 3691 779 aliud

420 834 663 904 cujusvis
692 835 912 904 generis
931 836 1157 891 malum.

494 926 623 980 KA'.
654 926 764 980 Kal.
791 925 936 979 αὐτά
992 926 1062 978 τά
1086 924 1228 979 καλά
1274 925 1537 991 πολλάκις
1594 925 2004 996 ἐπιτηδεύματα

422 1020 511 1074 διὰ
555 1019 722 1088 κενὴν
771 1018 930 1085 δόξαν
985 1018 1351 1072 ἐπιτελεῖται·
1386 1019 1523 1089 ὅπερ
1567 1019 1679 1071 ἴσον
1709 1018 1915 1085 κλοπῆς
1943 1034 2006 1069 τε

424 1113 518 1165 καὶ
545 1109 798 1180 ἀκηδίας,
821 1110 916 1162 καὶ
945 1109 1054 1162 τῶν
1086 1110 1262 1165 ἄλλων
1292 1111 1545 1180 μεγάλων
1587 1110 2004 1179 ἁμαρτημάτων

422 1202 500 1273 τῷ
530 1201 651 1272 Θεῷ
676 1200 945 1271 κρίνεται.
991 1201 1053 1255 '0
1082 1202 1227 1267 Θεὸς
1274 1202 1405 1272 γὰρ,
1439 1202 1625 1273 φησὶν,
1662 1201 2003 1268 διεσκόρπι-

424 1312 537 1350 σεν
583 1293 737 1350 ὀστᾶ
787 1293 1338 1361 ἁνθρωπαρέσκωνο
1366 1293 1508 1347 ὥστε
1564 1294 1659 1347 καὶ
1709 1292 1778 1346 δι’
1823 1291 2007 1346 αὐτῶν

422 1392 533 1445 τῶν
580 1389 765 1444 καλῶν
810 1388 1202 1459 ὑπηρετεῖσθαι
1248 1390 1344 1443 καὶ
1385 1388 1788 1458 θεραπεύεσθαι
1845 1388 1875 1440 ὁ
1920 1389 2011 1456 ἐχ-

426 1483 555 1553 θρὸς
573 1481 842 1553 βούλεται,
865 1479 1140 1548 ἀπατηλὸς
1161 1480 1236 1533 ὢν
1256 1482 1487 1545 ἐκεῖνος,
1510 1482 1608 1535 καὶ
1625 1479 1890 1544 ποικίλος,
1916 1476 2012 1531 καὶ

429 1574 661 1636 σκολιός.

502 1669 631 1725 KE'.
647 1669 828 1740 Ὅπερ
851 1685 935 1732 τις
960 1667 1188 1740 ἐφίλησε
1218 1666 1315 1722 τοῦ
1348 1668 1614 1739 παρόντος
1644 1667 1855 1739 κόσμου
1882 1665 2014 1720 τού-

2178 922 2367 977 ΧΧΝ.
2403 922 2523 990 ipsa
2552 934 2774 991 quoque
2810 934 2910 990 per
2955 934 3014 974 se
3048 917 3345 972 laudabilia
3377 916 3449 971 ob
3492 931 3691 971 vanam

2110 1031 2253 1085 saape
2301 1014 2532 1085 gloriam
2580 1028 2749 1084 opera
2780 1011 3115 1067 efﬁciuntur.
3150 1009 3307 1075 Quod
3340 1010 3564 1079 quidem
3593 1023 3694 1077 par

2109 1108 2279 1173 furto,
2315 1107 2547 1171 inertias,
2597 1104 2919 1175 magnisque
2958 1103 3082 1157 aliis
3109 1102 3351 1172 peccatis
3395 1118 3425 1155 a
3459 1102 3573 1156 Deo
3598 1103 3693 1171 ju-

2112 1202 2368 1257 dicatur:
2406 1200 2548 1254 Deus
2591 1200 2731 1252 enim
2758 1198 2855 1269 (ait
2885 1196 3083 1266 David)
3121 1196 3397 1267 dissipavit
3436 1213 3557 1249 ossa
3603 1212 3694 1248 eo-

2116 1311 2257 1359 rum,
2289 1295 2377 1363 qui
2398 1292 2691 1347 hominibus
2723 1290 2935 1361 placent
2960 1292 3025 1343 ¹¹.
3050 1290 3240 1358 Itaque
3272 1289 3568 1359 vectigales
3586 1288 3693 1343 sibi

2111 1386 2293 1442 facere
2336 1386 2591 1449 virtutes,
2646 1384 2914 1437 tributum
2947 1398 2978 1436 e
3022 1382 3188 1436 bonis
3219 1381 3481 1451 operibus
3512 1382 3695 1435 cultus

2112 1477 2475 1548 obsequiique
2511 1485 2736 1545 captans
2761 1475 2973 1545 pr0prii
3015 1473 3192 1527 hostis
3242 1483 3435 1527 noster
3472 1472 3691 1543 satagit,

2112 1581 2390 1629 veterator
2419 1571 2512 1624 ille
2539 1577 2821 1629 versutus,
2851 1568 3037 1621 varius
3068 1576 3123 1621 et
3152 1582 3374 1636 pravus.

2186 1665 2350 1719 XXV.
2389 1663 2565 1729 Quam
2600 1660 2783 1730 quivis
2810 1674 2878 1713 ex
2904 1659 3097 1712 mundi
3121 1659 3287 1727 hujus
3318 1657 3485 1712 rebus
3520 1663 3688 1719 amat,

430 1781 547 1827 του,
576 1762 673 1815 καὶ
706 1760 925 1832 βαρύνει
954 1760 1018 1832 δὴ
1044 1760 1141 1831 τὴν
1195 1761 1407 1814 ἐκείνου
1430 1762 1693 1824 διάνοιαν,
1727 1764 1824 1814 καὶ
1846 1760 2009 1815 οἱονεὶ

2130 1774 2177 1814 2a
2199 1763 2391 1828 gravat
2420 1755 2570 1809 illius
2593 1760 2856 1816 mentem,
2879 1760 2936 1805 et
2957 1750 3112 1819 quasi
3154 1750 3410 1804 deorsum
3444 1749 3610 1802 trahit
3630 1762 3695 1802 ac

431 1854 583 1907 κάτω
611 1851 887 1915 καθέλκει,
908 1850 1004 1905 καὶ
1032 1850 1263 1905 συνωθεῖ
1291 1852 1388 1906 καὶ
1410 1852 1687 1921 ἀνακύψαι
1707 1851 1876 1922 αὐτὴν
1913 1852 2015 1905 οὐκ

431 1943 635 2013 ἀνίησι.
667 1942 787 1997 Τῶν
807 1942 916 2013 γὰρ
929 1941 1190 1996 τοιούτων
1216 1943 1279 1997 τὸ
1307 1944 1571 2015 στάθμιόν
1593 1961 1653 1997 τε
1670 1946 1766 1998 καὶ
1790 1946 1824 2014 ή
1845 1943 2012 2015 ῥοπὴ,

430 2033 600 2086 καὶτὸ
625 2032 811 2102 ζύγιον
826 2032 923 2087 τοῦ
941 2034 1245 2105 θελήματος
1269 2036 1369 2106 τῆς
1386 2036 1616 2108 καρδίας
1637 2035 1827 2108 ὥσπερ
1847 2036 2014 2107 ξήρ’

428 2142 611 2195 τηται,
643 2126 739 2180 καὶ
761 2124 991 2195 βάσανος
1006 2125 1159 2179 ἐνθεν
1177 2126 1388 2195 γίνεται
1406 2128 1568 2181 παντὶ
1593 2127 1671 2199 τῷ
1692 2128 2017 2198 ἀνθρωπείῳ

430 2218 599 2286 γένει,
638 2218 758 2288 ἦτοι
784 2218 893 2271 τῶν
927 2219 985 2271 ἐν
1009 2217 1235 2271 πόλεσιν
1256 2219 1551 2273 οἰκούντων
1577 2219 1946 2290 Χριστιανῶν,
1980 2219 2014 2289 ἢ

429 2311 536 2363 τῶν
576 2312 636 2364 ἐν
664 2310 837 2380 ὄρεσι,
868 2310 975 2364 τῶν
997 2313 1056 2364 ἐν
1088 2314 1299 2379 μοναῖς,
1338 2311 1373 2380 ἢ
1417 2313 1474 2365 ἐν
1503 2313 1717 2381 ἀγροῖς,
1747 2311 1781 2381 ἢ
1809 2314 1867 2363 ἐν
1891 2313 2018 2380 ἐρη-

434 2402 608 2472 μίαις,
657 2404 738 2456 ὅτι
769 2400 910 2456 ἑκών
942 2420 1027 2464 τις
1063 2401 1454 2471 δελεαζόμενος
1493 2402 1583 2470 ὑφ’
1627 2395 1801 2471 οὗπερ
1850 2401 2016 2470 φιλεῖ,

429 2493 589 2563 δῆλός
634 2494 782 2547 ἐστιν
808 2491 962 2547 οὔπω
988 2492 1088 2563 τὴν
1122 2493 1347 2564 ἀγάπην
1378 2490 1543 2546 αὐτοῦ
1582 2491 1712 2562 ὅλην
1740 2490 2020 2560 παραδοὺς

430 2584 509 2655 τῷ
529 2584 666 2656 Θεῷ.
696 2580 842 2650 Οἷον,
877 2585 1134 2657 ἠγάπησε
1168 2602 1274 2649 τις,
1306 2586 1354 2637 εἰ
1385 2583 1561 2654 τύχοι,
1592 2586 1865 2653 κτήματα,
1887 2598 2019 2651 χρυ-

434 2678 550 2732 σίον
566 2677 747 2743 ἄλλος,
774 2677 959 2747 ἕτερος
1000 2680 1067 2748 τῇ
1098 2677 1299 2748 γαστρὶ
1318 2675 1666 2744 δουλεύειν,ἣ
1704 2673 2021 2743 ἐπιθυμίαις

430 2766 551 2831 ταῖς
589 2768 689 2837 τῆς
723 2768 931 2838 σαρκὸς
952 2767 1301 2839 χαρίζεσθαι,
1326 2766 1487 2828 ἄλλος
1519 2765 1713 2832 σοφίαν
1733 2763 1909 2831 λόγων
1930 2762 2023 2815 διὰ

432 2859 591 2924 δόξαν
628 2858 893 2929 ἐπίκηρον
911 2875 926 2889 ·
950 2861 978 2912 ὁ
1006 2858 1106 2927 μὲν
1139 2857 1335 2927 ἀρχὴν,
1374 2856 1403 2908 ό
1428 2856 1484 2908 δὲ
1510 2854 1611 2916 τὰς
1642 2854 1702 2917 ἐξ
1724 2851 2023 2922 ἀνθρώπων

432 2952 617 3021 τιμὰς,
654 2950 822 3020 ὀργὴν
858 2948 1016 3011 ἀλλος
1046 2948 1141 3001 καὶ
1176 2948 1368 3017 μῆνιν·
1405 2946 1467 2998 τὸ
1502 2945 1609 3014 γὰρ
1648 2943 1865 2996 ἔκδοτον
1895 2944 2025 2995 ἐαυ-

2113 1850 2384 1913 detrudit,
2410 1854 2738 1914 vertereque
2770 1858 2993 1898 sursum
3016 1843 3205 1896 oculos
3220 1856 3330 1895 non
3360 1841 3513 1895 sinit.
3537 1839 3695 1909 Apud

2115 1944 2253 1999 tales
2276 1942 2425 1997 enim
2458 1948 2663 1994 statera
2694 1945 2751 1993 et
2771 1952 2975 2006 anceps
3004 1943 3367 1998 momentum,
3394 1935 3697 2004 jugumque

2116 2033 2333 2089 arbitrii
2369 2030 2555 2086 cordis
2586 2026 2744 2098 quasi
2778 2026 3053 2080 sublatum
3081 2033 3202 2087 est;
3233 2036 3575 2090 examenque
3617 2022 3697 2075 sic

2117 2125 2180 2181 ﬁt
2222 2124 2517 2193 explorans
2564 2119 2791 2174 intimos
2834 2132 3031 2171 sensus
3075 2116 3255 2169 omnis
3274 2114 3492 2184 generis
3522 2110 3674 2165 homi

2118 2229 2276 2277 num,
2303 2227 2403 2268 seu
2430 2211 2485 2265 in
2510 2209 2746 2264 urbibus
2774 2204 3575 2277 degentiumChristianorum,
3602 2216 3697 2255 seu

2119 2308 2175 2363 in
2216 2306 2519 2370 montibus,
2541 2320 2639 2359 seu
2674 2304 2729 2357 in
2755 2300 3140 2365 monasteriis;
3172 2299 3286 2351 sive
3313 2298 3369 2350 in
3393 2295 3558 2366 agris,
3581 2297 3700 2350 sive

2122 2400 2179 2453 in
2210 2398 2621 2453 solitudinibus.
2654 2393 3209 2464 Deprehenditurque
3245 2405 3314 2443 ex
3339 2403 3406 2441 eo
3437 2386 3585 2455 quod
3608 2402 3705 2438 vo‘

2126 2494 2247 2548 lens
2265 2490 2390 2560 quis
2412 2488 2684 2543 alliciatur
2704 2487 2774 2540 ab
2791 2502 2855 2541 ea
2877 2501 2957 2550 re,
2979 2494 3322 2552 quascunque
3353 2478 3570 2532 tandem
3596 2486 3700 2541 est,

2126 2599 2288 2654 quam
2320 2588 2487 2644 amat,
2518 2577 2764 2633 nondum
2818 2591 2980 2633 suum
3039 2588 3258 2628 omnem
3299 2586 3541 2625 amorem
3589 2571 3706 2625 Deo

2122 2672 2417 2730 addixisse.
2453 2670 2702 2738 Exempli
2731 2668 2930 2739 gratia,
2959 2665 3139 2734 diligit
3160 2664 3286 2733 quis
3312 2663 3451 2716 forte
3485 2676 3705 2731 posses-

2122 2766 2329 2827 siones,
2366 2763 2509 2817 alius
2535 2776 2760 2823 aurum,
2804 2760 2947 2814 alius
2986 2765 3133 2812 amat
3158 2755 3338 2809 ventri
3382 2754 3609 2817 servire,
3649 2760 3708 2806 et

2125 2852 2414 2922 indulgere
2462 2848 2930 2919 concupiscentiis
2955 2847 3166 2911 carnis;
3202 2845 3343 2899 alius
3380 2843 3705 2911 sapientiam

2125 2952 2270 2999 amat
2313 2950 2540 3012 propter
2582 2941 2816 3011 gloriam
2858 2938 3146 3009 fragilem;
3188 2952 3299 2990 non
3336 2950 3498 2989 nemo
3534 2934 3709 2988 ambit

326 3050 333 3057 '
434 3044 525 3094 τὸν
558 3044 861 3111 παρασχεῖν
883 3040 960 3111 τῷ
988 3040 1162 3109 φίλων
1201 3037 1350 3108 αύτῷ
1374 3038 1656 3107 φαίνεταιο
1685 3036 1869 3105 ἕτερος
1901 3037 2026 3104 ὁμι-

2130 3034 2545 3106 ρτωίεοιυιωιη
2602 3033 2741 3087 alter
2779 3032 3019 3085 honores
3067 3028 3138 3083 ab
3183 3026 3535 3092 hominibus;
3579 3026 3710 3079 huic

435 3132 555 3194 λίας
571 3106 801 3195 ego-355v
831 3106 969 3185 δέον.
1000 3106 1192 3194 Ἄλλος
1226 3106 1414 3193 ἁπλῶς
1433 3129 1494 3182 τὸ
1517 3128 1907 3200 μεθορίζεσθαι
1932 3167 1947 3192 ,
1982 3127 2015 3197 ἢ

2130 3129 2303 3198 placet
2323 3126 2401 3180 ira
2433 3124 2643 3187 efferri,
2680 3131 2737 3180 et
2767 3124 3055 3187 bile;nam
3086 3120 3412 3190 impendere
3436 3128 3499 3173 8e
3528 3118 3709 3187 ipsum

436 3222 617 3289 λόγοις
644 3221 932 3292 προσέχειν
965 3222 1177 3291 ἀργοῖς,
1199 3222 1232 3290 ἢ
1263 3221 1325 3273 τὸ
1357 3219 1681 3283 διδάσκαλος
1723 3214 1888 3284 εἶναι,
1923 3218 2019 3270 καὶ

436 3314 596 3371 τοῦτο
622 3317 709 3371 διὰ
741 3317 900 3383 δόξαν
928 3315 1026 3387 τὴν
1052 3314 1112 3378 ἐξ
1131 3314 1435 3383 ἀνθρώπων
1456 3329 1470 3343 ο
1503 3314 1601 3367 καὶ
1622 3316 1650 3367 ὁ
1676 3313 1774 3383 μὲν
1802 3312 2016 3382 χαυνώ-

442 3425 526 3461 σει
578 3410 675 3461 καὶ
733 3408 968 3478 ἀμελείᾳ
998 3406 1320 3477 πρόσκειται
1342 3420 1355 3433 ·
1386 3406 1416 3458 ὁ
1459 3403 1516 3456 δέ
1547 3404 1777 3475 ἱματίων
1809 3403 2020 3456 καλλωο

439 3502 661 3571 πισμοῖς
692 3500 910 3571 ἥδεται·
961 3494 1117 3561 οὗτος
1168 3498 1359 3568 ὕπνῳ,
1420 3498 1627 3558 ἐκεῖνος
1662 3495 2019 3565 εὐτραπελίᾳ,

440 3593 537 3645 καὶ
563 3590 722 3654 ἄλλος
756 3588 940 3661 μικρῷ
968 3589 1124 3660 τινιῆ
1162 3589 1384 3660 μεγάλῳ
1435 3586 1530 3641 τοῦ
1567 3587 1774 3657 κόσμου
1817 3587 2025 3640 δέδεται

440 3686 536 3738 καὶ
590 3684 903 3753 κατέχεται,
940 3682 1036 3736 καὶ
1064 3683 1165 3735 οὐκ
1207 3682 1420 3736 ἀνίεται
1455 3680 1734 3748 ἀνακύψαι
1758 3696 1773 3708 ο
1811 3682 1948 3750 πρὸς
1998 3678 2026 3731 ὃ

442 3775 549 3846 γὰρ
565 3774 734 3838 πάθος
763 3775 823 3827 οὐ
843 3774 1173 3844 διαμάχεταί
1198 3790 1282 3835 τις
1308 3772 1593 3839 γενναίως,
1614 3773 1734 3824 ούδέ
1760 3770 2026 3823 ἀντικαθ-

447 3870 657 3921 ίσταται
717 3866 910 3936 ἐκείνῳ
954 3864 1191 3929 πάντως,
1243 3864 1338 3917 καὶ
1357 3863 1579 3933 ἦδεται’
1624 3864 1848 3915 κάκεῖνο
1881 3862 2024 3915 καθ-

352 3974 357 3977 ’
446 3963 601 4016 έλκον
642 3960 807 4012 αὑτὸν
846 3958 941 4011 καὶ
962 3956 1190 4025 κατέχον
1215 3956 1381 4008 olovsl.
1419 3954 1619 4023 δεσμός
1670 3971 1776 4017 τις,
1810 3954 1904 4007 καὶ
1935 3952 2032 4005 κύ-

448 4072 565 4123 φων
591 4053 689 4122 τῆς
709 4050 950 4111 διανοίας
971 4047 1138 4101 αὑτοῦ
1170 4046 1489 4115 γίνεταιτοῦ
1520 4046 1594 4115 μὴ
1625 4044 1762 4115 πρὸς
1788 4046 1880 4098 τὸν
1899 4043 2030 4096 Θεὸν

447 4148 837 4221 ἀναφέρεσθαι,
873 4145 996 4217 μηδ’
1021 4142 1170 4213 αύτῷ
1205 4142 1352 4213 μόνῳ
1382 4138 1689 4210 λατρεύειν.
1724 4139 1887 4208 Ψυχὴ
1922 4137 2032 4208 γὰρ

449 4245 482 4313 ὴ
504 4241 721 4311 ἀληθῶς
750 4240 888 4311 πρὸς
909 4238 1115 4309 Κύριον
1135 4237 1234 4305 τὴν
1252 4237 1427 4306 ὁρμὴν
1452 4231 1830 4296 ἀπευθύνασα,
1853 4231 2034 4282 πᾶσαν

451 4324 600 4406 αὐτῷ
637 4334 736 4403 τὴν
764 4332 952 4401 ἔφεσιν
980 4330 1288 4398 ἐπιτρέπει,
1323 4327 1462 4405 αύτή
1524 4343 1583 4379 σε
1637 4325 1841 4393 ἐαυτῆς
1870 4321 2033 4389 ἔξαρ-

2121 3218 2314 3274 amicis
2346 3216 2717 3279 vindicandis,
2744 3215 2864 3269 laus
2891 3214 2996 3282 ipsi
3026 3212 3243 3267 videtur
3275 3229 3287 3265 :
3333 3210 3426 3264 alii
3450 3207 3712 3280 jucunda;

2122 3320 2254 3368 sunt
2303 3310 2777 3365 confabulationes
2804 3307 2993 3362 facetaa
3044 3305 3113 3360 de
3151 3304 3312 3375 nugis
3350 3302 3706 3358 scurrilibus.

2123 3404 2428 3471 Quemdam
2457 3404 2635 3458 soluta
2652 3400 2876 3455 licentia
2909 3400 3055 3452 ultra
3077 3397 3263 3452 decori
3286 3395 3557 3449 terminos
3580 3408 3710 3446 eva-

2125 3494 2317 3567 gandi;
2347 3506 2443 3549 aut
2477 3494 2663 3548 verbis
2683 3491 2875 3547 otiosis
2905 3489 3216 3553 attendere,
3245 3496 3342 3540 aut
3386 3486 3709 3555 magistrum

2126 3603 2288 3653 esse;
2319 3596 2375 3642 et
2397 3588 2505 3641 hoe
2531 3583 2865 3653 aucupandae
2884 3596 3045 3636 causa
3067 3580 3136 3633 ab
3154 3578 3473 3633 hominibus
3505 3576 3709 3643 glorim.

2127 3675 2205 3728 Ac
2236 3670 2436 3738 aliquis
2476 3668 2701 3738 quidem
2732 3667 2787 3719 in
2819 3675 3098 3733 torporem
3121 3673 3177 3716 et
3193 3660 3583 3729 negligentiam
3618 3659 3718 3710 in-

2129 3764 2359 3820 cumbit.
2389 3762 2484 3816 Est
2506 3775 2670 3829 quem
2695 3758 2933 3813 delectct
2960 3763 3186 3809 ornatus
3224 3767 3288 3807 ac
3330 3750 3592 3820 splendor
3621 3764 3717 3802 vc-

2129 3857 2317 3910 stium.
2347 3853 2447 3907 llic
2491 3865 2706 3914 somno,
2740 3849 2831 3903 ille
2873 3846 3155 3901 dicacitati
3194 3844 3541 3907 facetiarum,
3574 3841 3717 3894 alius

2131 3960 2313 4014 parva:
2356 3941 2598 4012 cuipiam
2629 3947 2725 3992 aut
2752 3952 2963 4007 magna:
2990 3934 3392 3989 mundanarum
3419 3945 3603 3985 rerum
3635 3928 3715 3981 af—

2132 4039 2280 4093 fectu
2309 4036 2523 4091 deﬁxus
2568 4033 2771 4097 haeret;
2810 4031 2885 4084 ita
2911 4038 2971 4083 ut
3003 4044 3066 4082 ea
3088 4025 3246 4095 quasi
3280 4024 3503 4078 vinctus
3528 4030 3717 4075 tenea-

2135 4142 2245 4191 tur.
2276 4144 2378 4182 nec
2406 4127 2579 4197 possit
2600 4137 2825 4180 sursum
2846 4120 3130 4189 aspicere;
3160 4130 3327 4186 quam
3350 4112 3499 4169 enim
3520 4111 3721 4179 aliquis

2135 4220 2303 4275 animi
2339 4220 2425 4273 sui
2452 4232 2674 4288 pravam
2715 4212 3065 4268 affectionem
3104 4224 3216 4262 non
3254 4212 3536 4274 oppugnat
3582 4201 3722 4255 acri-

2140 4325 2241 4375 ter,
2275 4312 2475 4381 cuique
2506 4325 2616 4363 non
2666 4305 2890 4361 obsistit
2919 4314 3209 4373 generose,
3239 4313 3303 4352 ea
3328 4296 3546 4352 tandem
3574 4292 3722 4346 dele-

450 4444 539 4491 νος
565 4390 820 4494 γίνεται,’
843 4424 939 4477 καὶ
975 4422 1069 4475 τοῦ
1106 4390 1237 4475 ίδίου
1269 4390 1388 4483 νοὸς
1430 4390 1545 4481 τοῖς
1582 4390 1884 4489 θελήμασιν
1936 4413 2037 4466 οὐκ

2141 4416 2342 4471 ctatur,
2374 4415 2430 4459 et
2454 4414 2584 4458 tunc
2610 4402 2701 4455 illa
2728 4398 2897 4453 trahit
2928 4396 3106 4467 ipsum
3132 4408 3196 4447 ac
3217 4390 3450 4452 detinet,
3472 4395 3528 4441 et
3549 4400 3725 4440 uncus

452 4516 758 4571 ἀκολουθεῖ.

2072 4476 2116 4530 D
2141 4500 2292 4554 velut
2314 4496 2539 4567 quidam
2573 4493 2794 4548 collaris
2820 4492 2942 4562 ejus
2960 4487 3158 4543 mentis
3180 4487 3259 4550 fit,
3290 4483 3548 4537 deorsum
3578 4477 3725 4531 illam

453 4614 749 4667 incurvans
801 4616 998 4678 negato
1038 4607 1118 4663 illi
1164 4610 1426 4675 suspectu
1452 4601 1521 4656 ad
1546 4602 1721 4656 Deum
1769 4598 1983 4662 libero;
2016 4609 2118 4649 nec
2150 4590 2476 4663 permittens
2508 4587 2585 4641 illi
2614 4586 2715 4641 soli
2748 4585 2977 4638 servire.
3006 4581 3199 4635 Anima
3235 4576 3406 4637 enim,
3440 4587 3561 4641 quae
3598 4580 3727 4621 vere

452 4706 520 4760 ad
560 4706 852 4761 Dominum
896 4704 1160 4772 impetum
1191 4716 1350 4754 suum
1382 4696 1592 4767 dirigit,
1625 4708 1787 4749 omne
1820 4691 1899 4745 illi
1934 4704 2095 4744 suum
2126 4684 2463 4740 desiderium
2493 4680 2783 4751 permittit.
2816 4678 3040 4748 ipsaque
3067 4676 3123 4729 in
3164 4671 3419 4727 omnibus
3448 4681 3508 4721 se
3534 4664 3707 4732 ipsam

455 4802 708 4871 abnegat,
739 4796 1085 4868 propriaque
1108 4793 1312 4848 mentis
1339 4786 1790 4844 inclinationibus
1811 4782 1960 4838 haud
1989 4779 2338 4849 obsequitur.

526 4897 616 4949 ΚΖ
637 4938 651 4951 .
695 4890 979 4945 Διδακτέον
1032 4890 1097 4941 ἐκ
1120 4885 1588 4957 παραδείγματος,
1620 4880 1737 4940 πῶς
1763 4878 2034 4947 θελήματι

462 4988 576 5058 ίδίῳ
609 4983 1020 5053 παραπόλλυται
1051 4979 1359 5050 ἄνθρωπος.
1393 4977 1493 5029 Διὰ
1514 4974 1623 5045 γὰρ
1656 4971 1877 5039 ἀγάπην
1894 4967 2039 5029 τινος

456 5080 565 5132 τῶν
600 5078 693 5131 τοῦ
727 5076 931 5146 κόσμου
957 5073 1013 5127 ἕν
1035 5090 1094 5124 τε
1129 5072 1265 5142 πυρὶ
1295 5069 1547 5139 βάλλεται
1585 5066 1682 5119 καὶ
1704 5068 1763 5119 ἐν
1786 5062 2035 5133 θαλάσσῃ

462 5167 760 5239 βυθίζεται,
785 5164 880 5220 καὶ
910 5161 1259 5233 αἰχμαλωσίᾳ
1298 5159 1491 5213 ἑαυτὸν
1520 5154 1857 5228 ἐμπαρέχειο
1902 5153 2038 5205 ὑπο-

460 5259 659 5313 κείσθω
690 5259 820 5328 γὰρ,
856 5250 1003 5309 οἶκόν
1032 5252 1232 5323 τινοςῆ
1265 5251 1454 5319 ἀγρὸν,
1505 5248 1647 5301 οὕτω
1670 5245 1907 5316 συμϐὰν,
1939 5260 2041 5297 κα-

459 5348 901 5419 ταπίμπρασθαι.
948 5347 1006 5399 Ὁ
1056 5346 1234 5399 τοίνυν
1265 5342 1457 5396 ἑαυτὸν
1515 5338 1820 5411 περισῶσαι
1858 5335 2042 5407 βουλό-

467 5457 647 5511 μενος,
672 5439 746 5502 ὡς
769 5438 863 5491 τοῦ
885 5435 1217 5510 ἐμπρησμοῦ
1251 5435 1469 5507 ᾔσθετο,
1502 5431 1708 5502 γυμνὸς
1726 5430 2040 5498 ἐκπέφευγε

467 5534 682 5587 πάντων
711 5532 1013 5600 ἀμελήσας,
1044 5531 1137 5585 καὶ
1166 5532 1266 5600 τῆς
1305 5524 1502 5582 ἑαυτοῦ
1545 5523 1713 5595 μόνης
1738 5520 1913 5591 ψυχῆς
1946 5533 2041 5587 γε·

536 5764 573 5794 “
605 5758 805 5816 Psalm.
832 5774 920 5825 ιιι,
943 5756 995 5810 θ.

2212 4870 2403 4926 XXVI.
2435 4866 2752 4923 Docendqu
2801 4865 2858 4918 in
2911 4859 3182 4929 exemplo,
3210 4850 3487 4925 quomodo
3517 4847 3629 4909 ﬁat,
3658 4855 3717 4899 ut

2142 4970 2336 5035 pereat
2362 4963 2547 5025 homo,
2578 4974 2647 5014 eo
2680 4956 2827 5028 quod
2852 4952 3086 5024 propriae
3107 4949 3404 5002 obsecutus
3432 4939 3601 4994 fuerit
3631 4953 3728 4991 vo-

2145 5033 2377 5120 luntati;
2409 5061 2635 5123 propter
2676 5049 2825 5103 enim
2854 5045 3115 5099 affectum
3152 5038 3220 5092 ad
3247 5033 3454 5103 aliquid
3479 5048 3544 5085 ex
3571 5046 3730 5083 ruun-

2146 5147 2307 5203 danis
2338 5120 2608 5211 contingit
2629 5154 2756 5194 eum
2787 5144 2882 5189 aut
2911 5135 2965 5187 in
3001 5133 3181 5202 ignem
3215 5125 3435 5196 conjici,
3470 5131 3566 5177 aut
3588 5120 3728 5174 mari.

2148 5238 2415 5307 demergi,
2455 5234 2618 5303 188
2666 5240 2760 5285 aut
2812 5229 2866 5281 in
2902 5224 3280 5295 captivitatem
3310 5234 3369 5273 se
3402 5217 3583 5287 ipsum
3620 5222 3733 5266 tra-

2150 5332 2302 5387 dere.
2336 5306 2602 5389 l‘onatur,
2627 5325 2853 5378 domum
2878 5330 2974 5373 aut
3006 5317 3190 5370 villam
3230 5328 3358 5368 casu
3395 5308 3624 5367 fortuito
3653 5306 3736 5358 in~

2148 5419 2439 5478 ﬂammari.
2470 5417 2573 5484 Qui
2596 5430 2727 5485 ergo
2758 5412 2924 5468 saluti
2965 5408 3255 5465 consulere
3288 5403 3525 5476 pr0prize
3552 5399 3737 5452 decre-

2149 5515 2251 5581 vit,
2298 5509 2565 5583 neglectis
2613 5506 2797 5564 statim
2843 5502 3102 5561 omnibus
3150 5498 3383 5568 aufugit,
3440 5490 3595 5564 quasi
3633 5485 3735 5560 qui
