3980 6466
268 363 374 432 887

1542 373 1601 431 S.
1643 372 1967 433 MACARII
2006 372 2331 433 )EGYPTII

3432 366 3539 433 888

268 479 592 536 incendium
628 479 743 549 jam
785 477 1008 545 sentiat,
1027 491 1142 534 suae
1167 476 1331 533 unice
1357 478 1485 534 vitae
1517 494 1706 535 curam
1735 494 1853 535 ser-

1971 482 2201 552 νόμενος.
2237 482 2465 551 Ἕτερος
2484 480 2567 551 ζδέ
2592 480 2673 544 είς
2705 478 2831 535 νοῦν
2861 479 3013 552 αὐτῷ
3044 478 3269 535 ἐπελθὸν
3290 477 3387 534 καί
3416 495 3539 534 τινα

268 572 463 628 vandze
493 572 726 627 habens.
760 572 915 626 Alius
942 579 1128 626 autem
1149 587 1335 625 amore
1363 571 1650 643 cujusdam
1684 572 1852 637 vasis,

270 670 331 715 ut
367 662 419 715 id
453 661 685 715 ﬂammm
711 661 1057 716 subtractum
1097 677 1285 717 secum
1324 661 1538 726 eﬂ‘erat,
1571 672 1853 729 moratur;

270 751 437 822 inque
466 753 566 807 ista
600 768 754 807 mora
790 761 847 807 et
886 760 1089 809 conatu
1121 753 1536 808 circumventus
1578 769 1606 806 ει
1644 770 1856 824 praeva-

270 841 418 905 Ieme
453 843 698 912 undique
717 844 843 913 igne
878 844 1178 914 corripitur
1206 851 1263 897 et
1290 843 1661 898 comburitur.
1693 845 1857 900 Vides

273 942 334 987 ut
359 937 585 1003 propria
622 934 908 989 voluntate
939 946 996 990 et
1023 949 1213 991 amore
1239 934 1548 1005 cuiuspiam
1587 943 1860 1005 tempora-

272 1024 342 1079 lis
366 1026 468 1091 rei,
500 1041 667 1096 quam
707 1036 911 1097 praeter
942 1042 1021 1092 se,
1073 1027 1184 1081 imo
1226 1041 1395 1096 super
1417 1042 1477 1082 se
1521 1041 1588 1083 ac
1622 1027 1858 1083 salutem

272 1131 428 1170 suam
447 1118 668 1173 videtur
691 1118 945 1189 diligere,
972 1118 1096 1173 talis
1113 1117 1348 1173 ﬂammis
1366 1118 1698 1174 absumitur.
1722 1120 1859 1175 Aliis

274 1225 468 1264 rursus
497 1211 550 1264 in
576 1211 921 1281 naufragium
956 1210 1355 1271 incidentibus,
1388 1210 1435 1265 is
1468 1211 1693 1281 quidem
1736 1213 1860 1267 illo-

272 1314 397 1353 rum
418 1300 513 1370 qui
549 1317 771 1356 servare
792 1317 850 1356 se
870 1302 1072 1371 ipsum,
1093 1309 1361 1370 quantum
1400 1311 1602 1369 potest,
1630 1303 1858 1361 omnino

271 1392 584 1454 constituit,
626 1393 843 1447 cunctis
865 1393 1157 1450 confestim
1186 1396 1437 1451 vestibus
1462 1397 1714 1468 abiectis,
1749 1415 1859 1454 nu-

272 1481 404 1536 dum
444 1498 503 1537 se
530 1484 586 1537 in
611 1499 810 1553 aquam
833 1484 1025 1551 mittit,
1049 1496 1104 1541 et
1126 1486 1231 1541 hac
1263 1489 1474 1542 ratione
1501 1497 1679 1556 potest
1702 1505 1858 1545 suam

271 1591 600 1631 conservare
638 1578 832 1633 vitam.
882 1582 953 1632 At
1008 1580 1284 1648 quispiam
1332 1597 1400 1636 ex
1445 1582 1587 1646 istis,
1649 1593 1856 1640 vestem

271 1681 601 1722 conservare
656 1669 909 1739 cupiens,
941 1669 1274 1726 absorbetur
1317 1670 1598 1736 ﬂuctibus,
1632 1682 1858 1744 propter

270 1758 380 1812 vile
413 1758 649 1825 lucrum,
678 1774 713 1813 ο
744 1759 1055 1813 miseriam!
1085 1775 1143 1816 se
1164 1761 1342 1830 ipsum
1376 1762 1635 1832 perdens.
1663 1764 1859 1835 Finga-

273 1856 363 1904 tur
395 1850 621 1911 iterum.
648 1851 920 1921 judicium
973 1852 1207 1921 perferri
1255 1854 1582 1924 irruptionis
1620 1857 1857 1923 hostilis,

269 1947 327 1995 et
351 1941 644 2010 quemdam
679 1943 865 1997 statim
898 1958 929 1997 a
964 1944 1188 2014 cognito
1214 1946 1462 2015 periculo
1485 1947 1655 2016 pedes
1686 1948 1741 2001 in
1772 1948 1861 2003 fu-

270 2045 394 2099 gain
415 2047 580 2101 quam
613 2041 794 2102 potest
824 2034 1229 2090 velocissimam
1263 2036 1418 2102 dare,
1448 2053 1705 2093 securum
1728 2040 1863 2095 reli-

1957 572 2067 625 τῶν
2095 572 2304 626 σκευῶν
2329 572 2558 638 ἐξελεῖν,
2577 572 2873 644 ὑπέμεινεν
2902 568 3034 645 ἆραι
3052 590 3067 605 ο
3088 573 3186 628 καὶ
3203 572 3280 636 ὡς
3314 574 3372 625 ἐν
3388 570 3539 641 αὐτῷ

1958 663 2257 734 λαμϐάνειν
2290 664 2453 728 αὐτὸς
2480 659 2570 734 ἦν,
2601 664 3031 736 κατακρατῆσαν
3070 666 3173 737 ῆδη
3224 664 3328 733 τῆς
3357 662 3540 725 οἰκίας

1958 752 2019 806 τὸ
2046 752 2162 824 πῦρ
2212 751 2307 805 καὶ¹
2334 752 2498 807 αὐτὸν
2530 752 2793 808 συνέλασε
2838 754 2935 807 καὶ
2986 755 3346 809 κατέκαυσεν.
3376 751 3541 822 Ὁρᾷς

1958 845 2108 906 ὅπως
2149 842 2265 913 ίδίῳ
2291 842 2582 914 θελήματι,
2616 844 2772 915 φιλίᾳ
2816 846 2963 908 τινὸς
2995 845 3107 898 τῶν
3134 843 3488 915 προσκαίρων
3510 842 3541 894 δ

1958 936 2091 1005 παρ’
2122 935 2315 989 ἐαυτὸν
2360 936 2612 1005 φαίνεται
2641 936 2964 1007 ἀγαπήσας,
3019 935 3103 1008 τῷ
3146 936 3283 1006 πυρὶ
3318 951 3541 1005 παραπ-

1958 1026 2148 1082 ώλετο.
2190 1028 2424 1099 Ἐτέρων
2451 1027 2613 1081 πάλιν
2654 1028 2898 1098 ναυαγίῳ
2927 1028 3354 1099 περιπεσόντων,
3382 1029 3411 1081 ὁ
3442 1026 3541 1097 μὲν

1961 1119 2156 1183 σώζειν
2214 1119 2407 1173 ἐαυτὸν
2439 1117 2783 1189 βουλόμενος,
2831 1117 3128 1172 ἀποδύεται
3183 1118 3281 1170 καὶ
3336 1114 3541 1185 γυμνὸς

1958 1216 2070 1274 τοῖς
2108 1211 2299 1265 ὕδασιν
2329 1211 2652 1280 ἐπαφίεταιο
2700 1210 2795 1263 καὶ
2831 1209 2975 1263 οὕτω
2998 1208 3223 1263 δυνατὸν
3252 1205 3403 1278 αὑτῷ
3457 1206 3539 1275 γί-

1958 1320 2111 1357 νεται
2167 1301 2267 1373 τὴν
2296 1302 2434 1357 ίδίαν
2481 1302 2788 1374 περισῶσαι
2842 1301 3047 1372 ψυχήν.
3095 1298 3155 1353 '0
3186 1298 3245 1352 δὲ
3297 1296 3537 1352 καὶτῶν

1958 1396 2271 1467 ἐνδυμάτων
2300 1394 2663 1450 συνδιασῶσαί
2687 1410 2815 1448 τινα
2837 1392 3100 1464 θελήσας,
3126 1388 3236 1445 ὑπὸ
3278 1388 3387 1443 τῶν
3412 1389 3542 1443 ὑδά-

1958 1508 2067 1545 των
2096 1488 2530 1559 κατεδαπτίσθη,
2571 1489 2670 1542 καὶ
2710 1486 2800 1541 διά
2832 1485 3007 1557 βραχύ
3038 1503 3094 1541 τι
3120 1484 3334 1557 κέρδος,
3369 1483 3417 1537 ὣ
3443 1482 3543 1552 τῆς

1961 1581 2279 1652 συμφορᾶςί
2327 1579 2424 1633 καὶ
2473 1579 2667 1634 ἐαυτὸν
2728 1577 3136 1633 συναπώλεσεν.
3211 1575 3324 1629 Καὶ
3378 1572 3544 1629 πάλιν

1961 1671 2272 1727 ὑποκείσθω
2296 1672 2393 1726 καὶ
2409 1670 2620 1743 ἐχθρῶν
2651 1686 2776 1725 τινα
2803 1669 2992 1741 ἔφοδον
3021 1664 3425 1739 παρηγγέλθαι,
3448 1664 3545 1719 καὶ

1958 1764 2021 1818 τὸ
2062 1764 2159 1835 μὲν
2191 1764 2309 1833 ἅμα
2339 1780 2401 1816 τε
2433 1761 2687 1827 ἀκοῦσαι,
2724 1761 2886 1824 εὐθὺς
2909 1762 2986 1824 ὼς
3012 1755 3126 1831 εἶχε
3153 1757 3333 1812 ποδῶν
3370 1758 3543 1826 ἐκφυ-

1962 1856 2102 1923 γεῖν,
2138 1853 2212 1924 μὴ
2238 1852 2478 1924 μελῆσαν
2508 1852 2660 1922 αὐτῷ
2683 1851 2794 1905 τῶν
2826 1851 3055 1922 μηδενός
3074 1864 3089 1879 ·
3135 1849 3229 1903 τὸν
3258 1847 3318 1901 δὲ
3361 1847 3545 1900 διαπι-

1962 1946 2258 2017 στήσαντα,
2292 1948 2342 1999 εί
2384 1944 2481 1999 καὶ
2522 1943 2633 1998 τῶν
2659 1943 3005 2015 πραγμάτων
3048 1941 3171 1995 τινά
3212 1938 3546 2011 βουληθέντα

1962 2038 2379 2111 συνείκομίσαι,
2405 2036 2527 2094 εἷτα
2558 2039 3009 2109 ἐφυστερήσαντα
3041 2031 3416 2103 συλληφθῆναι
3442 2047 3545 2083 καο

270 2136 533 2191 quorum,
576 2134 775 2194 praeter
822 2141 903 2193 se,
950 2128 1221 2183 omnium.
1254 2128 1325 2183 At
1361 2130 1528 2184 alium
1559 2146 1671 2185 non
1710 2132 1864 2202 prius

1971 2131 2306 2185 ταλαϐόντων
2339 2128 2448 2183 τῶν
2474 2128 2771 2199 πολεμίων.
2811 2127 2977 2198 Ὁρᾷς
3009 2126 3090 2179 ὅτι
3126 2122 3397 2194 θελήματι
3461 2138 3545 2185 τις

270 2213 414 2267 velle
461 2212 673 2285 fugere,
709 2233 874 2287 quam
919 2222 1217 2288 pecuniam
1255 2236 1445 2275 secum
1481 2221 1728 2289 auferat;
1765 2224 1863 2279 sed

1971 2223 2079 2292 ἰδίῳ
2103 2220 2171 2275 δι’
2193 2220 2476 2291 ἀμέλειαν,
2508 2220 2604 2273 καὶ
2629 2221 2691 2272 τὸ
2735 2213 3122 2289 προσηλῶσθαι
3172 2232 3285 2269 τισι
3315 2213 3425 2267 τῶν
3446 2212 3543 2266 τοῦ

271 2302 421 2358 hunc
453 2313 802 2361 cunctantem
823 2309 1039 2365 hostilis
1061 2327 1259 2366 manus
1275 2314 1675 2382 superveniens
1700 2330 1854 2370 com-

1971 2316 2189 2386 κόσμου,
2224 2314 2324 2384 τήν
2345 2330 2409 2366 τε
2449 2309 2545 2367 τοῦ
2572 2311 2829 2383 σώματος
2857 2311 2954 2365 καὶ
2992 2310 3091 2381 τὴν
3118 2310 3222 2381 τῆς
3247 2306 3429 2379 ψυχῆς
3440 2307 3547 2359 ἀπ-

272 2396 587 2465 prehendit.
619 2399 806 2465 Vides,
838 2403 1121 2458 voluntate
1158 2404 1321 2460 istius
1358 2406 1607 2475 propria,
1632 2415 1691 2462 et
1719 2423 1853 2478 pro-

1971 2408 2157 2461 ώλειαν
2190 2405 2472 2476 ὑπομένει.

272 2498 396 2558 pter
452 2489 825 2546 adhaesionem
874 2492 1038 2548 nimis
1084 2493 1362 2550 addictam
1402 2496 1625 2551 cuidam
1677 2497 2082 2553 mundanarum
2124 2512 2337 2563 rerum,
2398 2496 2604 2552 misere
2642 2492 2801 2550 illum
2858 2500 2943 2548 et
2974 2489 3224 2561 corporis
3262 2497 3321 2545 et
3350 2486 3547 2544 anima

273 2580 687 2650 irreparabilem
722 2583 911 2639 subire
939 2586 1233 2655 jacturam.

343 2674 556 2732 XXVII.
591 2678 758 2734 Pauci
802 2682 1052 2750 profecto
1095 2692 1247 2748 sunt,
1299 2684 1395 2754 qui
1445 2684 1746 2755 perfectam
1787 2686 1857 2741 ad

272 2765 448 2821 Deum
490 2768 817 2825 charitatem
872 2772 1145 2842 habeant;
1185 2776 1280 2845 qui
1324 2792 1522 2832 omnes
1547 2779 1860 2849 voluptates

275 2860 470 2914 mundi
490 2870 549 2916 et
569 2877 764 2919 omnes
800 2867 1136 2935 cupiditates
1170 2870 1331 2925 nihili
1359 2871 1599 2937 ducant;
1629 2873 1725 2942 qui
1764 2873 1861 2928 de-

273 2950 444 3022 nique
486 2968 679 3009 omnes
728 2958 955 3028 maligni
994 2962 1327 3017 tentationes
1356 2964 1588 3032 patienti
1614 2965 1860 3035 longani-

275 3045 469 3100 mitate
491 3047 799 3115 perferant.
832 3050 1110 3105 Cancrum
1158 3068 1271 3107 non
1310 3054 1382 3108 ob
1420 3055 1528 3109 hoc
1554 3055 1857 3124 desperan—

275 3134 443 3202 dum;
495 3151 676 3207 neque
722 3140 867 3194 bona
897 3158 1025 3211 spes
1047 3144 1373 3214 negligenda
1407 3156 1514 3200 est.
1551 3146 1669 3202 Etsi
1709 3147 1859 3201 enim

276 3228 466 3281 multa:
518 3244 687 3283 naves
742 3231 1093 3303 naufragium
1147 3236 1458 3303 patiantur;
1512 3245 1643 3292 sunt
1682 3246 1863 3293 tamen

278 3317 509 3371 omnino
544 3333 655 3372 non
681 3334 902 3387 paucae,
924 3337 1048 3390 quae
1079 3321 1228 3377 felici
1263 3324 1490 3393 trajectu
1523 3334 1743 3394 portum
1785 3334 1867 3380 te-

280 3416 437 3464 nent.
468 3408 767 3478 Pr0pterea
802 3410 910 3466 ﬁde
936 3412 1100 3468 nobis
1138 3412 1412 3483 inprimis
1442 3430 1612 3486 opus;
1646 3418 1865 3487 patien-

280 3501 467 3568 tiaque
493 3506 550 3555 et
580 3501 927 3568 attentione;
954 3518 1223 3574 generoso
1260 3521 1483 3575 quoque
1524 3508 1580 3561 in
1612 3508 1869 3563 certami-

281 3590 447 3645 nibus
470 3592 694 3657 animo;
737 3608 803 3648 ac
838 3603 1107 3664 praeterea
1146 3594 1293 3651 fame
1336 3612 1401 3651 ac
1445 3598 1537 3653 siti
1580 3598 1865 3665 bonitatis,

283 3680 447 3736 simul
497 3698 624 3737 cum
669 3685 844 3740 multa
878 3686 1175 3755 prudentia
1207 3697 1264 3743 et
1304 3688 1677 3758 discretione;
1733 3693 1869 3761 quin

282 3784 341 3833 et
381 3778 684 3834 acrimonia
717 3788 775 3835 et
819 3780 1162 3851 impudentia
1202 3784 1257 3838 in
1298 3788 1556 3856 petendo.
1587 3788 1723 3842 Nam
1753 3790 1873 3858 ple-

284 3870 445 3940 rique
479 3871 787 3938 bominum,
818 3882 881 3928 ut
901 3874 1163 3942 diximus,
1190 3877 1312 3933 sine
1330 3870 1525 3934 labore
1557 3895 1621 3934 ac
1667 3881 1871 3936 sudore

284 3964 551 4034 consequi
588 3979 821 4035 regnum
853 3966 1122 4023 caelorum
1153 3970 1385 4025 volunt:
1420 3978 1475 4025 et
1497 3980 1714 4028 sanctos
1744 3974 1871 4042 qui-

286 4055 413 4111 dem
454 4057 603 4112 viros
626 4056 816 4112 felices
845 4061 1147 4128 praedicant
1177 4081 1191 4117 :
1219 4063 1600 4135 honoremque
1627 4066 1872 4135 ipsorum

286 4164 355 4203 ac
403 4148 742 4204 charismata
800 4153 1235 4221 concupiscunt;
1292 4155 1511 4224 parium
1570 4173 1705 4211 vero
1747 4173 1874 4211 cum

289 4245 426 4314 ipsis
446 4240 892 4308 tribulationum,
915 4246 1169 4299 laborum
1209 4255 1266 4300 et
1299 4248 1616 4316 passionum
1651 4265 1877 4304 consor-

290 4344 373 4392 tes
407 4337 526 4393 fieri
546 4349 807 4394 renuunt.
839 4338 946 4393 Sed
980 4338 1127 4392 istud
1154 4346 1441 4401 onmes,et
1474 4340 1794 4395 meretrices
1820 4350 1877 4397 et

290 4429 576 4499 publicani
609 4432 865 4499 cupiunt.
903 4429 1067 4499 Atqui
1117 4438 1348 4499 propter
1408 4430 1513 4484 hoc
1545 4433 1876 4488 tentationes

290 4520 588 4590 proposita).
612 4530 743 4576 sunt
769 4521 1236 4591 etprobationes;
1269 4529 1331 4575 ut
1360 4537 1457 4591 per
1479 4537 1573 4576 eas
1589 4532 1867 4592 appareat,

288 4613 517 4682 quinam
547 4628 678 4669 vere
732 4629 894 4669 suum
930 4615 1180 4683 ipsorum
1211 4614 1504 4669 Dominum
1529 4614 1783 4685 diligant,
1817 4624 1875 4671 et

290 4716 354 4761 ut
385 4705 443 4761 hi
460 4706 609 4777 juste
636 4716 1049 4777 consequantur
1083 4708 1309 4763 caeleste
1334 4724 1590 4778 regnum.

360 4800 602 4857 XXVIII.
649 4800 1080 4865 AlIIictionibus,
1112 4801 1485 4870 passionibus,
1514 4800 1778 4871 patientia
1818 4808 1877 4855 et

292 4892 401 4949 fide
430 4892 783 4947 abseonditas
818 4907 940 4947 esse
970 4891 1369 4961 promissiones
1404 4903 1558 4961 puta,
1590 4893 1877 4962 ipsamque

292 4984 541 5054 gloriam,
578 4997 642 5037 ac
662 4982 938 5036 bonorum
978 4981 1288 5036 caelestium
1320 4981 1663 5037 fruitionem.
1688 4983 1876 5049 Quan-

293 5074 591 5144 doquidem
611 5081 668 5128 et
688 5075 897 5144 jactum
932 5072 987 5125 in
1017 5080 1219 5126 terram
1256 5073 1518 5127 frumenti
1546 5090 1799 5144 granum,
1821 5083 1879 5129 et

294 5166 524 5221 insitum
565 5166 781 5220 arboris
814 5166 1121 5231 surculum,
1162 5181 1387 5220 necesse
1422 5174 1507 5220 est
1535 5175 1875 5234 putrescere,

292 5268 350 5312 ct
384 5256 750 5327 ignominiose
797 5256 1118 5325 procidere;
1153 5265 1210 5311 et
1238 5256 1319 5311 sic
1348 5256 1572 5311 demum
1615 5256 1883 5325 multipli-

294 5365 415 5403 cem
470 5347 807 5403 ornatissimi
837 5348 923 5402 sui
982 5347 1290 5401 indumenti
1317 5348 1557 5402 fructum
1608 5348 1876 5416 recipere.

294 5440 412 5496 Nisi
456 5440 603 5495 enim
652 5454 752 5509 per
792 5438 942 5492 illam
992 5438 1367 5507 putredinem,
1414 5455 1512 5507 per
1560 5438 1679 5493 illas
1732 5440 1882 5494 velut

296 5532 627 5603 ignominias
666 5530 1010 5594 transierint,
1033 5546 1315 5599 nunquam
1345 5546 1472 5584 eum
1499 5531 1755 5585 ultimum
1787 5530 1885 5586 de-

296 5639 503 5690 corem,
531 5639 814 5694 nunquam
835 5623 1145 5695 speciosam
1174 5623 1321 5676 illam
1346 5638 1604 5693 pompam
1637 5624 1740 5679 sibi
1768 5623 1876 5678 cir-

297 5714 643 5780 cumdarent,
669 5731 778 5784 qua
800 5732 858 5771 se
893 5720 1195 5770 ostentant.
1237 5713 1299 5768 In
1350 5715 1456 5769 hac
1492 5716 1719 5784 quidem
1758 5732 1887 5771 sen-

299 5806 473 5862 tentia
520 5809 813 5877 Apostolus
854 5817 940 5862 est
993 5824 1003 5859 :
1052 5805 1157 5859 Per
1211 5804 1406 5861 multas
1461 5807 1630 5873 enim,
1672 5808 1874 5878 inquit,

2030 2686 2159 2740 KZ'.
2198 2683 2402 2751 Ὀλίγοι
2435 2682 2537 2753 μὲν
2595 2680 2842 2751 ἀτεχνῶς
2886 2681 2934 2733 οί
2989 2678 3205 2733 τελείαν
3254 2679 3355 2746 τὴν
3408 2679 3548 2752 πρὸς

1960 2778 2092 2834 Θεὸν
2120 2776 2341 2845 ἀγάπην
2370 2772 2729 2844 κτησάμενοι,
2770 2773 2952 2835 πάσας
2976 2788 3038 2824 τε
3064 2770 3261 2842 ἡδονὰς
3314 2770 3409 2824 τοῦ
3449 2771 3547 2825 κό-

1963 2886 2125 2941 σμου,
2154 2868 2251 2922 καὶ
2288 2867 2387 2930 τὰς
2417 2864 2716 2936 ἐπιθυμίας
2746 2863 2807 2917 τὸ
2856 2863 3028 2934 μηθὲν
3064 2854 3424 2933 λογιζόμενοι,
3454 2864 3549 2917 καὶ

1959 2964 2084 3025 τοὺς
2105 2960 2200 3015 τοῦ
2220 2958 2461 3031 πονηροῦ
2492 2958 2835 3030 πειρασμοὺς
2868 2958 3127 3028 φέροντες
3155 2956 3544 3028 μακροθύμως.

1886 3090 1931 3148 c
1960 3054 2109 3123 Πλὴν
2134 3053 2196 3106 οὑ
2243 3050 2393 3121 παρὰ
2420 3050 2581 3103 τοῦτο
2607 3048 3009 3117 ἀπογνωστὼν,
3050 3046 3175 3100 οὐδὲ
3203 3047 3300 3117 τῆς
3335 3045 3549 3116 ἀγαθῆς
3656 3038 3667 3048 ’

1964 3147 2179 3210 ἐλπίδος
2201 3142 2528 3215 ἀμελητέον.
2551 3142 2672 3197 Κᾶν
2699 3141 2810 3212 γὰρ
2834 3140 3007 3195 πολλὰ
3041 3142 3151 3195 τῶν
3193 3140 3395 3194 πλοίων
3413 3139 3550 3194 ὑπο-

1969 3240 2105 3310 μένῃ
2132 3238 2423 3306 ναυάγιονο
2454 3234 2568 3290 ἀλλ’
2596 3235 2705 3289 εἰσὶ
2740 3234 2961 3297 πάντως
2990 3233 3028 3287 ἀ
3058 3233 3153 3287 καὶ
3185 3233 3550 3303 διαπερῶντα,

1966 3330 2060 3385 τοῦ
2090 3329 2309 3399 λιμένος
2333 3326 2789 3399 ἐπιλαμϐάνεται.
2825 3325 2924 3379 Διά
2954 3324 3111 3379 τοῦτο
3159 3324 3397 3388 πίστεως
3422 3327 3554 3395 ἡμῖν

1968 3420 2140 3489 πολλὴ
2162 3419 2347 3490 χρεία,
2368 3416 2651 3488 ὑπομονῆς
2668 3434 2726 3470 τε
2754 3417 2847 3470 καὶ
2873 3415 3150 3487 προσοχῆς
3176 3415 3272 3469 καὶ
3293 3414 3520 3483 ἀγώνων
3534 3430 3553 3446 ο

1969 3515 2109 3584 πρὸς
2137 3513 2192 3566 δὲ
2214 3512 2405 3582 πείνης
2427 3528 2489 3564 τε
2510 3510 2606 3565 καὶ
2631 3510 2791 3580 δίψης
2818 3508 2912 3562 τοῦ
2945 3507 3177 3578 ἀγαθοῦ,
3240 3509 3384 3562 κατὰ
3428 3508 3556 3562 πολ-

1969 3607 2068 3679 λὴν
2096 3605 2313 3659 σύνεσιν
2346 3605 2437 3657 καὶ
2465 3604 2737 3674 διάκρισιν
2756 3621 2768 3633 ·
2793 3602 2854 3655 οὑ
2892 3602 2998 3672 μὴν
3024 3600 3159 3655 ἀλλὰ
3185 3601 3279 3655 καὶ
3299 3600 3556 3671 ὀξύτητός

1969 3714 2031 3750 τε
2077 3696 2172 3751 καὶ
2204 3695 2480 3758 ἀναιδείας
2534 3695 2666 3765 περὶ
2691 3693 2791 3761 τὴν
2837 3693 3075 3762 αἴτησιν.
3108 3694 3172 3745 Ol
3202 3692 3311 3761 γὰρ
3341 3690 3558 3754 πλείους

1970 3788 2081 3842 τῶν
2121 3785 2448 3858 ἀνθρώπων,
2494 3783 2686 3855 ῶσπερ
2713 3782 3056 3854 προέφημεν,
3117 3783 3385 3852 καμάτων
3430 3781 3557 3835 ἄνευ

1973 3881 2068 3934 καὶ
2096 3877 2337 3949 ἱδρώτων
2371 3877 2470 3946 τῆς
2504 3874 2780 3945 βασιλείας
2802 3874 3082 3944 ἐπιτυχεῖν
3109 3872 3393 3944 βούλονται
3413 3889 3428 3904 ⁸
3463 3873 3558 3926 καὶ

1974 3975 2098 4036 τοὺς
2128 3971 2225 4042 μὲν
2248 3969 2437 4037 ἁγίους
2471 3966 2868 4038 μακαρίζουσιν
2898 3965 3119 4036 ἄνδρας,
3156 3965 3374 4034 καὶτῆς
3394 3964 3561 4034 τιμῆς

1975 4062 2155 4115 αὐτῶν
2186 4058 2409 4113 καὶτῶν
2437 4056 2795 4127 χαρισμάτων
2833 4052 3185 4124 ἐπιθυμοῦσι,
3220 4052 3329 4105 τῶν
3356 4051 3485 4104 ίσων
3504 4051 3561 4103 δὲ

1976 4155 2210 4225 θλίψεων
2256 4153 2465 4217 αὑτοῖς,
2488 4150 2598 4202 τῶν
2639 4149 2819 4201 πόνων
2856 4163 2917 4200 τε
2964 4146 3059 4200 καὶ
3093 4146 3202 4199 τῶν
3220 4144 3563 4216 παθημάτων

1976 4248 2038 4300 οὐ
2064 4245 2342 4316 βούλονται
2374 4243 2672 4297 κοινωνεῖν.
2701 4240 2905 4295 Τούτου
2935 4240 2989 4293 δὲ
3018 4240 3240 4305 πάντες,
3280 4240 3376 4292 καὶ
3432 4238 3563 4306 πόρ-

1978 4336 2171 4391 ναικαὶ
2181 4334 2409 4387 τελῶναι
2433 4332 2526 4385 καὶ
2546 4332 2653 4394 πᾶς
2668 4348 2753 4392 τις
2771 4329 2869 4383 ἀνθ
2880 4329 3076 4400 ρώπων
3107 4328 3387 4398 ἐπιθυμεῖ.
3406 4327 3565 4380 ’Δλλά

1974 4430 2063 4483 διὰ
2104 4427 2263 4481 τοῦτο
2283 4423 2580 4495 πειρασμοὶ
2605 4422 2923 4493 πρόκεινται
2968 4423 3063 4475 καὶ
3104 4421 3441 4491 δοκιμασίαι,
3480 4421 3563 4474 ἵνα

1975 4521 2123 4591 δῆλαι
2152 4519 2441 4588 γένωνται,
2476 4515 2619 4579 τίνες
2663 4514 2713 4567 οἳ
2748 4513 2885 4583 πρὸς
2922 4513 3181 4583 ἀλήθειαν
3219 4513 3311 4566 τὸν
3358 4512 3564 4565 ἑαυτῶν

1974 4614 2269 4682 ἠγάπησαν
2317 4608 2626 4677 Δεσπότηνυ
2673 4605 2771 4659 καὶ
2827 4597 3248 4668 δικαίωςτοῖνεω
3300 4604 3400 4675 τῆς
3456 4603 3563 4657 τῶν

1975 4703 2240 4773 οὐρανίων
2265 4700 2563 4768 ἐπιτύχωσι
2594 4696 2891 4767 βασιλείας.

2050 4792 2186 4847 ΚΗ’.
2208 4794 2340 4853 Ταῖς
2375 4791 2608 4860 θλίψεσι,
2643 4790 2738 4844 καὶ
2778 4791 2891 4853 τοῖς
2917 4788 3225 4861 παθήμασι,
3261 4791 3327 4860 τῇ
3368 4789 3566 4859 ὑπομο-

1977 4890 2043 4959 νῇ
2068 4905 2129 4940 τε
2157 4885 2251 4940 καὶ
2270 4885 2451 4938 πίστει
2476 4881 2848 4953 ἐγκεκρύφθαι
2876 4882 3065 4954 νόμιζε
3084 4881 3181 4946 τὰς
3211 4882 3564 4951 ἐπαγγελίας,

1979 4981 2149 5051 αὐτήν
2172 4995 2233 5032 τε
2258 4978 2325 5049 τὴ
2347 4977 2556 5041 νδόξαν.
2575 4976 2672 5047 τὴν
2699 4977 2805 5030 τῶν
2831 4977 3097 5048 οὐρανίων
3122 4975 3343 5045 ἀγαθῶν
3362 4976 3564 5045 ἀπόλη-

1978 5074 2099 5144 ψιψ
2133 5072 2254 5124 ἐπεὶ
2273 5070 2473 5123 καὶτὸν
2498 5069 2856 5140 ῥιπτούμενον
2886 5073 2952 5141 τῇ
2981 5072 3050 5141 γῇ
3083 5072 3250 5135 σῖτον,
3295 5070 3328 5140 ἢ
3361 5071 3453 5122 καὶ
3505 5067 3565 5121 τὸ

1978 5164 2194 5234 δένδρον
2223 5163 2367 5233 φημὶ
2393 5162 2455 5214 τὸ
2472 5161 2977 5233 ἐγκεντριξόμενον,
3007 5162 3220 5231 ἀνάγκη
3252 5162 3416 5231 σήψει
3438 5159 3567 5231 πρό-

1978 5274 2138 5327 τερον
2166 5255 2261 5310 καὶ⁵
2286 5255 2480 5326 ἀτιμίᾳ
2531 5257 2853 5307 ὑποπεσεῖν·
2894 5257 2988 5307 καὶ
3044 5253 3187 5307 οὕτω
3226 5252 3323 5307 τοῦ
3366 5255 3566 5323 εὐπρεο

1982 5347 2122 5411 ποῦς
2144 5345 2313 5400 αὑτοῦ
2346 5346 2647 5416 ἐνδύματος
2668 5345 2761 5398 τὸν
2781 5344 3179 5398 πολλαπλάσιον
3200 5344 3413 5415 καρπὸν
3433 5345 3568 5396 ἀπο-

1982 5439 2188 5493 λαὸεἰν.
2220 5438 2284 5490 Εί
2307 5436 2384 5506 μὴ
2409 5437 2519 5507 γὰρ
2550 5436 2638 5489 διὰ
2659 5437 2757 5506 τῆς
2798 5435 3014 5507 σήψεως
3047 5435 3273 5505 ταύτης,
3304 5434 3569 5488 κάκείνων

1982 5530 2091 5583 τῶν
2113 5529 2302 5599 ὥσπερ
2336 5528 2550 5597 ἀτίμων
2612 5528 2842 5581 διελθεῖν
2878 5528 3061 5591 αὐτοῖς
3088 5528 3335 5596 γέγονεν,
3373 5529 3475 5581 οὐκ
3504 5527 3569 5581 ἂν

1984 5621 2084 5691 τὴν
2106 5622 2346 5690 ἐσχάτην
2369 5620 2729 5689 εὐπρέπειαν,
2773 5620 2868 5672 καὶ
2887 5620 2948 5672 τὸ
2966 5620 3067 5688 τῆς
3093 5619 3222 5682 θέας
3245 5618 3569 5682 κάλλοςιπε-

1990 5712 2353 5783 ριεὸἁλλοντο.
2387 5710 2556 5763 Τοῦτο
2584 5711 2641 5763 δὲ
2672 5712 2764 5763 καὶ
2791 5709 2869 5781 τῷ
2912 5709 3222 5779 Ἀποστόλῳ
3268 5710 3443 5763 δοκεῖ’
3469 5707 3575 5762 Διά

1986 5801 2233 5859 πολλῶν
2263 5802 2390 5873 γὰρ,
2415 5802 2568 5873 φησι,
2598 5802 2866 5870 θλίψεων
2900 5801 2996 5856 δεῖ
3011 5800 3168 5871 ἡμᾶς
3198 5803 3282 5866 εἰς
3310 5800 3423 5868 τὴν
3458 5800 3569 5865 ,ϐα-
