3980 6430
395 379 504 444 889
1394 371 1629 432 LIBER
1666 370 1766 431 DE
1804 370 2290 433 ELEVATIONE
2326 372 2639 433 MENTIS.
3566 364 3676 428 890

398 492 640 544 σιλειαν
666 481 776 537 τοῦ
801 479 952 539 Θεοῦ
983 478 1310 533 εἰσελθεῖν·
1344 480 1439 533 καὶ
1460 482 1487 532 ὁ
1506 480 1712 551 Κύριος
1734 497 1750 512 θ
1788 480 1890 534 Ἐν
1907 478 1970 547 τῇ

2112 482 2460 536 ribulationes
2480 489 2685 553 oportet
2705 497 2798 536 nos
2832 482 3040 535 intrare
3057 482 3111 534 in
3144 495 3367 549 regnum
3394 474 3492 530 Dei
3517 478 3578 530 ".
3613 476 3681 531 Εῑ

398 573 682 647 ὑπομονῇ
725 573 895 642 ὑμῶν
935 572 1238 638 κτήσεσθε
1258 572 1366 639 τὰς
1386 572 1591 641 ψυχὰς
1632 571 1835 642 ὑμῶν’
1870 572 1962 626 καὶ

2113 574 2359 628 )ominus
2396 593 2410 628 :
2468 575 2533 629 In
2566 576 2828 644 patientia
2875 583 3053 628 vestra
3102 572 3427 643 possidebitis
3473 571 3685 625 animas

410 666 515 721 Ἐν
551 662 634 729 τῷ
655 664 866 731 κόσμῳ
891 661 1107 730 θλίψιν
1128 661 1318 726 ἕξετε.

2090 672 2313 717 uestras.
2350 664 2452 716 Et:
2486 663 2550 718 In
2581 665 2774 717 mundo
2809 662 3202 716 tribulationem
3234 660 3485 714 habebitis
3524 659 3587 713 ".

475 755 607 811 KG’.
646 754 920 815 Ἕκαστος
951 752 1108 823 ὑμῶν
1147 754 1379 825 ὅσονπερ
1419 753 1486 807 ἂν
1525 753 1891 826 καταξιωθείη
1922 757 1990 827 τῇ

2168 753 2749 824 189XXIX.Quanta
2768 754 3150 822 unusquisque
3166 765 3410 806 vestrum
3433 750 3539 805 lide
3558 749 3685 804 dili-

407 864 468 901 τε
496 846 679 900 πίστει
732 844 828 897 καὶ
875 845 942 913 τῇ
998 844 1197 913 σπουδῇ
1248 845 1476 916 μέτοχος
1526 846 1684 914 ἁγίου
1739 848 1979 915 γενέσθαι

2103 847 2387 917 gentisque
2412 846 2610 916 dignus
2632 846 2800 899 fuerit
2833 846 3058 900 habitus
3081 844 3257 899 sancti
3291 843 3409 898 ﬁeri
3435 843 3675 912 Spiritus

409 936 751 1007 Πνεύματος,
795 932 1055 987 τοσοῦτον
1094 933 1311 1004 ἐκείνης
1340 938 1438 1005 τῆς
1475 936 1690 1006 ἡμέρας
1732 936 1981 1007 saeuam].

2109 937 2396 1005 )articeps,
2432 944 2585 989 tanta
2618 935 2724 1005 ipsi
2761 952 3020 989 mensura
3068 935 3255 1005 gloriae
3298 933 3581 1004 continget
3628 933 3681 986 in

406 1046 559 1083 σεται
586 1025 754 1081 αὑτοῦ
790 1026 887 1078 καὶ
922 1025 985 1079 τὸ
1016 1025 1193 1096 σῶμα.
1232 1028 1297 1079 '0
1330 1027 1437 1097 γὰρ
1477 1027 1572 1082 νῦν
1605 1027 1753 1081 ἔνδον
1786 1029 1978 1097 ἀπεθη-

2117 1032 2185 1085 lla
2218 1030 2647 1085 resurrectionis
2700 1030 2789 1083 die
2820 1044 3023 1097 corpus
3051 1029 3171 1098 ejus
3215 1025 3491 1082 coronari.
3527 1023 3684 1090 Quod

407 1120 634 1191 σαύρισε
663 1121 731 1189 τῇ
772 1118 945 1188 ψυχῇ,
978 1117 1098 1170 τότε
1152 1118 1248 1173 καὶ
1296 1119 1452 1182 ἐκτὸς
1496 1120 1588 1173 ἐπὶ
1615 1121 1710 1173 τοῦ
1743 1120 1979 1190 σώματος

2112 1121 2243 1176 :nim
2269 1136 2419 1175 nunc
2460 1122 2681 1191 collegit
2714 1120 2769 1174 in
2806 1120 3011 1183 anima,
3037 1129 3167 1173 tunc
3197 1117 3445 1172 exterius
3474 1116 3684 1169 revela-

406 1211 931 1281 ἀποκαλυφθήσεται
957 1224 972 1239 ⁸
1003 1210 1099 1263 καὶ
1134 1211 1195 1263 τὸ
1224 1212 1571 1283 παράδειγμά
1592 1231 1758 1283 φησιν
1793 1217 1857 1267 ὲκ
1885 1214 1978 1267 τῶκ

2117 1232 2213 1269 um
2241 1214 2529 1284 apparebit
2561 1213 2616 1266 in
2647 1228 2907 1281 corpore;
2941 1211 3097 1281 cujus
3139 1208 3295 1279 quasi
3337 1207 3689 1276 experimen-

407 1304 662 1373 δένδρων.
695 1299 982 1370 Χειμῶνος
1010 1300 1119 1371 γὰρ
1153 1300 1536 1371 παρελθόντος,
1570 1303 1664 1357 καὶ
1696 1302 1844 1373 ἡλίου
1869 1320 1979 1371 φαι-

2111 1317 2214 1362 Lum
2249 1314 2344 1360 aut
2365 1305 2679 1374 exemplum
2721 1303 2836 1373 spei
2872 1315 3071 1371 capere
3103 1300 3234 1353 licet
3257 1314 3325 1353 ex
3367 1297 3683 1351 arboribus.

409 1392 664 1465 δρότερόν
690 1409 750 1445 τε
780 1390 876 1444 καὶ
904 1390 1271 1461 ἀκμαιότερον
1294 1390 1724 1461 ἐπιλάμψαντος,
1754 1392 1829 1454 ὡς
1853 1393 1981 1459 δέον,

2112 1398 2289 1452 Hieme
2319 1395 2592 1466 siquidem
2622 1395 2729 1465 jam
2763 1398 3059 1454 transacta,
3088 1399 3144 1444 et
3186 1388 3427 1443 laetiores
3454 1385 3684 1440 calidio-

412 1483 509 1537 καὶ
541 1482 760 1552 ἀνέμων
788 1480 1255 1547 ἐπιπνευσάντων,
1283 1482 1485 1536 ἔσωθεν
1515 1485 1697 1537 ἐκεῖνα
1729 1484 1872 1552 φύει,
1904 1486 1984 1537 κα]

2119 1502 2299 1557 'esque
2322 1486 2526 1556 passim
2562 1483 2914 1539 diffundente
2952 1480 3138 1534 radios
3170 1478 3319 1541 sole;
3352 1490 3436 1538 ac,
3462 1490 3560 1543 pro
3588 1473 3691 1527 mi-

416 1572 492 1636 ὡς
520 1572 819 1642 ἐνδύματα,
851 1570 1023 1641 φύλλα
1052 1572 1146 1626 καὶ
1185 1572 1254 1627 τά
1280 1573 1440 1643 ἄνθη,
1473 1575 1569 1627 καὶ
1589 1577 1715 1639 τοὺς
1752 1577 1988 1645 καρποὺς

2114 1577 2228 1631 ;iori
2272 1576 2528 1631 videlicet
2593 1584 2920 1644 tempestate
2964 1571 3118 1635 anni,
3170 1568 3351 1623 ventis
3402 1565 3686 1630 ﬂantibus,

420 1663 825 1737 περιϐάλλεται.
862 1663 1266 1735 Παραπλησίως
1291 1665 1347 1718 δὲ
1378 1665 1585 1719 καὶτοῦ
1609 1667 1804 1737 χόρτου
1837 1668 1992 1732 ἄνθος

2115 1668 2333 1721 Lrudunt
2386 1667 2494 1720 illa:
2540 1664 2689 1719 foras
2734 1663 2865 1717 folia
2919 1672 2974 1716 et
3020 1662 3186 1714 ﬂores
3216 1668 3272 1714 et
3335 1658 3549 1712 fructus
3599 1655 3687 1709 in-

420 1756 540 1813 κατ’
571 1757 746 1809 ἐκεῖνο
776 1753 968 1825 καιροῦ
995 1756 1104 1808 τῶν
1134 1756 1347 1810 κόλπων
1394 1758 1496 1826 τῆς
1529 1757 1633 1827 γῆς
1667 1758 1992 1826 ἀναδίδοται,

2117 1764 2309 1828 luunt;
2328 1761 2582 1817 similiter
2598 1769 2655 1814 et
2680 1759 2781 1813 ﬂos
2806 1758 3060 1835 l‘aaniper
3082 1756 3226 1810 idem
3257 1764 3475 1824 tempus
3505 1768 3536 1806 e
3563 1750 3689 1804 sinu

421 1849 518 1901 καὶ
565 1848 824 1900 σκέπεται
870 1846 1081 1910 τούτοις
1119 1847 1193 1917 γῆ
1219 1864 1233 1880 ο
1287 1848 1384 1903 καὶ
1423 1849 1500 1912 ὡς
1540 1850 1823 1919 ὲμπρεπὲς
1859 1851 1993 1905 αὐτὰ

2118 1858 2323 1912 Lelluris
2374 1854 2669 1926 germinat,
2706 1851 3019 1921 tegiturque
3076 1849 3183 1903 illis
3232 1855 3400 1911 terra,
3436 1852 3492 1899 et
3520 1841 3690 1897 veluti

419 1938 763 2009 περιϐόλαιον
805 1938 1187 2009 ἀμφιέννυται.
1236 1940 1343 1993 Καὶ
1371 1941 1480 2011 γὰρ
1518 1940 1991 2011 ἐνδοξασθήσονται

2122 1949 2310 2005 iecoro
2344 1947 2513 2018 pallio
2548 1944 2808 1999 amicitur
2839 1962 2851 1998 :
2891 1942 2957 1997 ad
3017 1942 3168 1996 hunc
3204 1939 3430 1994 modum
3482 1946 3539 1991 et
3566 1952 3694 1991 cor-

417 2028 485 2081 δι⁹
508 2027 671 2080 αὑτοῦ
700 2028 794 2082 τοῦ
837 2028 947 2082 ἀπό
983 2044 1046 2097 γε
1075 2027 1170 2081 τοῦ
1206 2027 1301 2082 νῦν
1331 2030 1731 2100 ἐνυπάρχοντος
1755 2030 1989 2103 ἀρρήτου

2117 2057 2243 2111 pora
2281 2046 2600 2095 sanctorum
2657 2044 2789 2090 tunc
2837 2033 3230 2104 splendebunt,
3270 2030 3419 2084 foras
3469 2028 3689 2083 demum

418 2121 616 2190 φωτὸς,
648 2121 747 2175 εἴτ’
779 2120 870 2174 οὖν
919 2120 995 2192 (2)
1042 2123 1141 2191 τῆς
1176 2120 1269 2174 τοῦ
1318 2122 1638 2192 Πνεύματος
1680 2122 1990 2194 δυνάμεως⁴

2122 2142 2435 2203 erumpente
2483 2134 2606 2186 luce
2640 2131 2753 2195 illa,
2782 2146 2905 2199 qua:
2950 2129 3006 2183 in
3052 2127 3188 2198 ipsis
3230 2133 3351 2180 erat
3386 2122 3694 2188 ineﬂabili;

419 2216 559 2283 ὅπερ
589 2213 684 2267 καὶ
725 2213 849 2266 τότε
880 2211 1035 2264 ἔσται
1064 2212 1247 2275 αὐτοῖς
1276 2211 1503 2284 ἔνδυμα,
1558 2212 1783 2284 βρῶσις,
1822 2215 1991 2282 πόσις1

2127 2226 2369 2280 rirtutem
2410 2224 2534 2278 dico
2564 2231 2621 2278 et
2660 2222 2889 2293 gratiam
2912 2220 3171 2289 spiritus;
3204 2233 3327 2287 qua:
3380 2224 3512 2270 tunc
3562 2214 3699 2284 ipsis

418 2303 814 2375 ἁγαλλιισμὸς,
850 2302 1015 2375 χαρὰ,
1055 2303 1274 2375 εἰρήνη,
1316 2305 1414 2359 καὶ⁸
1466 2305 1527 2358 τὸ
1560 2307 1688 2371 πᾶν,
1717 2304 1830 2377 ζωὴ
1872 2306 1990 2359 αἰώ-

2125 2318 2216 2372 :rit
2264 2317 2471 2381 vestis,
2531 2330 2694 2379 esca,
2757 2322 2957 2381 potus,
3012 2309 3339 2373 exsultatio,
3393 2306 3697 2377 gaudium,

422 2412 557 2460 νιος·
2108 2424 2213 2478 pax
2252 2426 2265 2461 :
2302 2416 2359 2462 et
2418 2415 2480 2461 ut
2533 2406 2706 2462 verbo
2768 2412 2967 2459 cuncta
3016 2417 3127 2457 uno
3178 2400 3536 2470 complectar,
3587 2398 3701 2451 vita

2108 2509 2337 2552 teterna.

505 2586 547 2616 "
576 2585 696 2641 Act.
725 2602 831 2650 xlv,
868 2586 957 2641 21.
1038 2587 1080 2618 ¹³
1116 2585 1251 2643 Luc.
1285 2603 1395 2653 χιι,
1423 2588 1476 2643 9.

501 2742 577 2814 (2)
615 2742 725 2797 Εἶτ’
767 2736 906 2815 οὖν.]
963 2743 1017 2799 Id
1071 2759 1203 2800 vero
1262 2743 1319 2797 in
1358 2741 1561 2797 mendo
1613 2739 1816 2794 cubare
1849 2738 2089 2797 videtur.

2969 2933 3297 2943 ω

928 3119 1817 3261 ΜΑΚΑΡΙΟΥ
1936 3122 2285 3255 ΤΟΥ
2406 3119 3231 3257 ΜΕΓΑΛΟΥ

1301 3367 1563 3453 ΠΕΡΙ
1634 3365 2165 3452 ΥΨΩΣΕΩΣ
2241 3364 2469 3451 ΤΟΥ
2541 3366 2842 3450 ΝΟΟΣ

1948 3545 2189 3599 ΛΟΓΟΣ.

441 2933 2958 2969 W

2584 2927 3689 2967 ___.____..__.___====-

1092 3865 2108 4026 MACARII
2302 3866 2664 4021 MA‘

1485 3865 2108 4025 ΞΑΒΙΙ
2302 3863 3057 4021 MAGNI

1229 4179 1390 4282 DE
1501 4173 2332 4283 ELEVATIONE
2446 4172 2941 4356 MENTI

1958 4384 2165 4439 LIBER
3566 4377 3583 4393 λ
3608 4378 3619 4402 ’·
3727 4362 3749 4400 ί

2039 4548 2110 4561 ἰ-

518 4682 595 4735 Δ¹.
638 4680 843 4751 Μωσῆς
885 4680 915 4734 ὁ
956 4679 1227 4750 μακάριος
1277 4676 1523 4743 ὑπέδειξε
1574 4674 1749 4728 τύπον
1797 4674 1888 4727 διὰ
1932 4675 2090 4745 τῆς(

2207 4673 2248 4728 l.
2287 4673 2487 4729 Beatus
2542 4674 2721 4730 Moses
2764 4673 3115 4731 subostendit
3184 4674 3440 4736 formam,
3485 4687 3586 4742 per
3635 4686 3726 4728 re-

444 4772 541 4826 τοῦ
575 4771 871 4845 προσώπου
905 4770 1071 4827 αὐτοῦ
1105 4768 1524 4839 ἐπιλαμπούσης
1566 4766 1663 4820 τοῦ
1708 4765 2016 4834 Πνεύματος

2153 4765 2516 4835 ψιεῐιάθηιεῐη
2570 4766 2625 4819 in
2683 4766 2803 4835 ejus
2849 4767 3004 4821 vultu
3063 4766 3305 4837 Spiritus
3363 4765 3615 4835 gloriam,
3669 4766 3725 4820 in

446 4842 634 4933 δόξης,
659 4859 693 4939 ᾖ
720 4863 895 4926 οὐδεὶς
927 4860 1232 4933 ἀνθρώπων
1262 4858 1508 4915 ἀτενίσαι
1537 4857 1782 4921 ἐδύνατο,
1825 4856 1943 4920 πῶς
1977 4858 2018 4909 ἐι

2221 4873 2301 4911 am
2328 4858 2515 4914 nullus
2533 4859 2819 4912 hominum
2841 4868 3026 4929 posset
3051 4858 3361 4921 intendere,
3388 4858 3508 4929 ejus
3538 4857 3729 4927 gloria:
3790 4842 3793 4845 Α

445 4954 515 5023 τῇ
546 4950 655 5004 τῶν
696 4952 920 5005 δικαίων
950 4950 1248 5004 ἀναστάσει
1279 4949 1349 5001 τὰ
1379 4948 1610 5018 σώματα
1640 4946 2012 5016 δοξασθήσετα

2157 4966 2247 5021 ιυε
2310 4950 2366 5003 in
2435 4952 2713 5022 justorum
2780 4950 3189 5006 resurrectione
3270 4950 3729 5021 gloriﬁcabuntur

445 5042 554 5097 τῶν
601 5042 774 5110 ἁγίων
796 5058 809 5074 °
858 5044 925 5114 ἥν
952 5042 1111 5106 δόξαν
1138 5042 1247 5095 ἀπὸ
1276 5039 1370 5094 τοῦ
1402 5040 1497 5093 νῦν
1547 5041 1606 5092 ἐν
1640 5039 1717 5109 τῷ
1764 5037 1896 5092 εἴσω
1939 5041 2017 5092 ἀνι

2156 5062 2371 5117 :orpora
2414 5057 2730 5102 sanctorum
2770 5065 2784 5101 :
2816 5063 2923 5116 qua
2959 5045 3131 5117 gloria
3161 5063 3229 5101 ex
3249 5046 3355 5101 hoc
3395 5053 3643 5115 tempore
3672 5046 3728 5100 in

449 5136 652 5208 θρώπῳ
697 5137 755 5189 αἱ
800 5136 989 5190 πισταὶ
1016 5134 1125 5187 τῶν
1162 5134 1332 5202 ἁγίων
1365 5132 1510 5202 ἐχειν
1538 5131 1918 5197 καταξιοῦνται
1942 5130 2021 5200 ψυι

2153 5138 2395 5192 interiori
2417 5138 2640 5192 homine
2659 5147 2975 5192 sanctorum
3002 5138 3197 5192 animae
3222 5137 3397 5208 digna:
3432 5137 3725 5193 habentur.

447 5235 577 5305 χαίο
626 5232 815 5302 Ἡμεῖς
842 5231 974 5304 γὰρ,
1026 5230 1213 5301 φησὶν,
1256 5225 1805 5295 ἀνακεκαλυμμένῳ
1853 5241 2019 5292 προσ

2158 5230 2246 5283 Vos
2269 5230 2437 5293 enim,
2468 5231 2544 5284 ait
2565 5228 2875 5297 Apostolus,
2908 5228 3143 5282 revelata
3171 5229 3325 5299 facie,
3354 5229 3457 5283 hoc
3477 5238 3561 5283 est
3587 5228 3730 5283 inte—

446 5327 605 5392 ώπῳ,
648 5325 927 5379 τουτέστιν
960 5326 1019 5377 ἐν
1061 5325 1140 5395 τῷ
1197 5324 1305 5376 ἔσω
1352 5319 1646 5391 ἀνθρώπῳ,
1688 5318 1802 5386 τὴν
1850 5318 2018 5383 δόξαι

2159 5320 2276 5374 -iori
2298 5320 2543 5385 homine,
2570 5319 2798 5390 gloriam
2820 5318 3029 5374 Domini
3046 5320 3397 5390 speculantes,
3421 5323 3475 5375 in
3492 5320 3731 5373 eamdem

447 5418 673 5483 Κυρίου
700 5414 1220 5485 κατοπτριζόμεθα,
1250 5416 1336 5479 εὶς
1360 5411 1473 5480 τὴν
1498 5410 1694 5478 αὐτὴν
1716 5411 1921 5463 εἰκόνα
1935 5425 2012 5479 με

2158 5411 2430 5481 Imaginem
2479 5411 2851 5480 transformati
2891 5428 2922 5464 a
2966 5409 3213 5465 claritate
3244 5412 3299 5464 in
3338 5410 3639 5463 claritatem
3665 5409 3730 5463 ¹⁵.

450 5507 924 5577 ταμορφούμενοι
956 5508 1075 5563 ἀπὸ
1118 5506 1305 5573 δόξης
1340 5507 1427 5571 εὶς
1449 5502 1657 5567 δόξαν.
1686 5503 1825 5573 Περὶ
1850 5502 2022 5557 τούτοι

2162 5500 2304 5556 Zirca
2354 5501 2459 5555 hoc
2503 5502 2773 5572 scriptum
2820 5510 2904 5557 est
2972 5518 3166 5557 rursus
3200 5520 3215 5555 :
3247 5501 3453 5555 Mosem
3489 5498 3734 5570 quadra-

452 5597 768 5669 τετραπται
793 5598 977 5665 πάλιν,
1014 5598 1429 5670 τεσσαράκοντα
1462 5593 1662 5657 νύκτας
1703 5592 1798 5647 καὶ
1832 5594 2024 5666 ἡμέρα.

2163 5592 2297 5665 ginta
2329 5593 2586 5650 noctibus
2618 5602 2673 5651 et
2705 5594 2933 5650 totidem
2956 5593 3154 5650 diebus
3176 5593 3240 5659 ’⁸,
3266 5606 3367 5647 nec
3393 5591 3503 5649 cibi
3534 5591 3735 5648 memi-

529 5778 610 5831 ιιι
638 5777 763 5833 Cor.
794 5794 870 5845 Ill,
912 5777 994 5833 18.
1074 5778 1116 5809 ¹⁸
1140 5776 1313 5832 Exod.
1345 5792 1488 5840 χειν,
1525 5775 1604 5839 18;
1638 5774 1926 5841 x\x1\','.!8.
