3980 6416
423 370 526 437 891

1677 367 1737 426 S.
1779 365 2102 427 MACARII
2142 365 2464 428 EGYPTII

3571 375 3667 439 892

424 483 573 539 uisse
604 497 707 540 nec
728 489 912 554 potus,
944 481 1092 552 quod
1130 479 1388 535 humanae
1417 482 1628 530 natura:
1659 473 1884 529 modum
1911 489 1996 528 ex-

2114 474 2214 538 τάς
2270 477 2390 538 ῐσας
2433 476 2507 549 μὴ
2536 475 2744 548 τροφῆς
2779 475 3104 546 μνησθῆναι,
3161 476 3236 548 μὴ
3280 479 3500 548 πόσεως,
3543 485 3668 554 ὅπερ

421 573 615 630 cedit:
657 574 766 628 nisi
801 573 1104 643 spiritualis
1161 569 1441 640 impertita
1489 566 1594 638 ipsi
1643 580 1770 620 esca
1811 564 1998 618 fuerit.

419 665 646 732 Qualem
677 663 937 718 videlicet
977 663 1093 735 jam
1126 674 1278 716 nunc
1328 666 1531 715 sanctas
1578 656 1776 712 animae
1817 654 2001 726 perci-

419 754 580 824 piunt
605 769 672 809 ex
701 753 920 822 spiritu.

481 934 556 990 ll.
595 933 831 990 Claritas
867 949 973 1003 qua
1018 933 1128 1003 jam
1161 931 1291 985 hinc
1337 937 1654 1000 sanctorum
1711 927 2000 982 abundant

418 1021 636 1088 animae,
667 1024 758 1078 illa
785 1024 901 1093 ipsa
933 1031 1083 1092 reget
1130 1031 1186 1076 et
1219 1019 1444 1075 amiciet
1483 1017 1633 1072 nuda
1674 1033 1908 1088 corpora
1943 1018 2000 1072 in

419 1121 852 1186 resurrectione,
889 1136 953 1175 ac
993 1128 1148 1189 rapta
1183 1119 1237 1173 in
1278 1120 1448 1174 caelos
1493 1116 1743 1179 auferet;
1782 1122 1838 1169 et
1870 1123 2003 1167 tune

419 1211 497 1267 illi
554 1227 784 1281 corpore
820 1211 1028 1280 pariter
1060 1219 1117 1265 et
1163 1210 1346 1264 anima
1387 1210 1442 1264 in
1487 1209 1582 1263 Dei
1632 1221 1800 1277 regno
1837 1202 1998 1258 simul

419 1311 685 1374 perpetuo
713 1302 1082 1372 requiescent.
1112 1301 1381 1356 Adamum
1405 1301 1610 1370 quippe
1641 1311 1836 1353 creans
1857 1296 2002 1350 Deus

417 1395 530 1448 alas
567 1393 668 1462 ipsi
694 1408 1006 1462 eorporeas,
1053 1393 1205 1447 velut
1249 1391 1468 1451 avibus.
1501 1405 1612 1444 non
1645 1387 1877 1451 indidit;
1910 1393 2000 1438 ut-

417 1496 542 1557 pote
559 1487 647 1542 cui
669 1487 782 1540 alas
801 1485 1138 1555 spirituales,
1157 1485 1360 1555 quibus
1393 1493 1520 1553 post
1535 1479 2000 1536 resurrectionem

417 1579 783 1641 attolleretur,
821 1587 877 1632 et
921 1586 1112 1646 raptus
1161 1589 1492 1646 quocunque
1535 1573 1700 1628 vellet
1751 1570 1998 1640 spiritus,

417 1669 594 1723 libere
621 1667 880 1731 ferretur,
918 1667 1050 1721 dare
1082 1666 1188 1735 ipsi
1224 1666 1568 1721 decreverat.
1601 1661 1709 1717 Has
1740 1661 2001 1731 spiritua-

414 1760 495 1815 les
527 1761 660 1822 alas,
702 1766 1020 1812 sanctorum
1067 1757 1358 1812 animabus
1379 1759 1490 1826 jam
1528 1762 1661 1808 tunc
1698 1753 1887 1808 datum
1914 1757 2001 1805 est

2110 565 2212 618 οὐκ
2238 566 2590 638 ἀνθρωπίνης
2621 566 2836 636 φύσεως
2865 567 3042 638 ἔργον,
3073 569 3120 620 εί
3157 569 3234 638 μή
3266 586 3315 621 τι
3344 571 3451 642 ἀρα
3477 577 3670 646 τροφῆς

2111 655 2388 711 ἐκοινώνει
2412 659 2788 731 πνευματικῆς
2805 675 2821 690 ο
2865 654 3048 731 ἧσπερ
3071 659 3134 731 δὴ
3157 660 3251 714 καὶ
3272 661 3440 732 αὐτῆς
3462 664 3563 717 ἀπὸ
3585 668 3672 720 τοῦ

2109 749 2207 805 νῦν
2232 751 2289 806 αί
2322 752 2475 821 ἆγιαι
2505 752 2678 825 ψυχαὶ
2703 751 3209 824 μεταλαμβάνουσιν
3227 755 3292 807 ἐκ
3321 755 3414 808 τοῦ
3447 757 3675 825 πνεύμα-

2110 860 2224 905 τος.

2180 933 2257 989 Β¹.
2293 935 2405 1006 Τὴν
2436 933 2594 1003 δόξαν
2632 936 2703 1008 ἢν
2733 935 2984 991 ἐντεῦθεν
3038 937 3096 991 αἱ
3149 936 3260 992 τῶν
3307 936 3475 1006 ἁγίων
3523 940 3674 995 πλου-

2109 1025 2263 1080 τοῦσι
2297 1027 2486 1097 ψυχαὶ,
2527 1029 2712 1099 ἐκείνη
2737 1027 2970 1098 καλύψει
2996 1027 3089 1082 καὶ
3117 1027 3381 1099 ἀμφιάσει
3415 1029 3478 1084 τὰ
3509 1031 3674 1100 γυμνά

2112 1122 2343 1193 σώματα
2377 1125 2435 1177 ἐν
2462 1125 2528 1194 τῇ
2559 1125 2874 1191 ἀναστάσει,
2912 1126 3006 1180 καὶ
3035 1127 3115 1189 είς
3145 1125 3409 1195 οὐρανοὺς
3441 1126 3671 1198 ἀνάρπα-

2112 1231 2209 1267 στα
2249 1216 2497 1286 ποιήσει·
2545 1218 2639 1269 καὶ
2687 1219 2807 1271 τότε
2854 1217 3040 1272 λοιπὸν
3073 1216 3290 1288 σώματι
3337 1218 3432 1272 καὶ
3462 1217 3598 1291 ψυχῇ
3625 1221 3671 1272 ἐν

2108 1309 2175 1378 τῇ
2209 1306 2454 1378 βασιλείᾳ
2487 1307 2622 1360 Θεοῦ
2655 1308 2770 1378 ἅμα
2819 1310 3082 1380 διηνεκῶς
3130 1312 3554 1367 ἀναπαύσονται.
3585 1313 3674 1366 Τὺν

2110 1399 2219 1469 γὰρ
2263 1399 2435 1470 Ἀδὰμ
2465 1403 2656 1464 κτίσας
2683 1403 2708 1453 ὁ
2735 1387 2867 1466 Θεὸς
2901 1405 3179 1475 πτέρυγας
3203 1405 3352 1477 αὐτῷ
3381 1407 3676 1477 σωματικὰς

2108 1491 2181 1553 ὡς
2213 1493 2324 1555 τοῖς
2350 1495 2617 1556 πετεινοῖς
2639 1493 2738 1547 οὐκ
2760 1494 3039 1566 ἐνέθηκεν,
3067 1497 3163 1550 ἆτε
3194 1498 3292 1561 τάς
3325 1497 3419 1550 τοῦ
3449 1498 3677 1568 Πνεύμα-

2108 1601 2200 1650 τος
2230 1588 2369 1640 κατά
2398 1588 2497 1659 τὴν
2539 1587 2836 1644 ἀνάστασιν
2880 1591 3139 1662 παρέξειν
3169 1592 3318 1663 αὐτῷ
3348 1593 3570 1663 μέλλων,
3602 1593 3679 1646 ἵνα

2110 1677 2437 1747 κουφίζηται
2484 1679 2552 1733 δι’
2583 1677 2766 1735 αὐτῶν
2816 1681 2912 1734 καὶ
2965 1683 3280 1754 ἀρπάζηται
3313 1684 3445 1736 ὅπου
3482 1683 3678 1742 πάντως

2108 1771 2170 1823 τὸ
2195 1771 2421 1840 Πνεῦμα
2453 1772 2708 1843 βούληται
2729 1790 2743 1806 ’
2768 1773 2970 1837 ταύτας
2995 1775 3052 1829 δὲ
3080 1778 3182 1839 τὰς
3199 1775 3397 1846 νοητὰς
3427 1776 3681 1849 πτέρυγας

413 1854 637 1917 habere,
665 1871 787 1923 qua:
813 1855 882 1910 ad
910 1856 1191 1910 caelestem
1215 1855 1361 1925 ipsas
1382 1852 1724 1908 transferunt
1748 1863 1994 1905 sensum.

2107 1864 2226 1926 ταῖς
2254 1865 2362 1916 τῶν
2392 1840 2563 1934 ἁγίων
2587 1840 2786 1938 ψυχαῖς
2813 1868 2922 1922 ἀπὸ
2945 1867 3037 1920 τοῦ
3067 1867 3163 1922 νῦν
3195 1840 3405 1923 δέδοται
3437 1840 3611 1940 ἐκεινῇ
3629 1867 3679 1922 αἶ

412 1939 852 2001 Christianorum
885 1948 1033 2002 enim
1069 1948 1231 2012 alius,
1270 1962 1435 2018 quam
1465 1956 1789 2002 creterorum
1825 1956 1991 1996 orna-

415 2043 526 2098 tus,
559 2035 664 2089 alia
702 2036 1046 2096 indumenta.
1075 2053 1265 2092 mensa
1294 2038 1421 2102 alia,
1456 2045 1513 2091 et
1538 2035 1641 2090 alia
1669 2033 1857 2088 fruitio
1886 2040 1991 2094 est,

413 2125 861 2197 quandoquidem
885 2144 916 2183 e
950 2130 1104 2185 cmlis
1135 2137 1434 2184 venturum
1458 2127 1740 2184 Christum
1766 2125 1990 2186 scimus,

412 2216 803 2272 suscitaturum
844 2219 1005 2289 190
1037 2235 1154 2287 eos,
1185 2220 1280 2290 qui
1319 2235 1386 2274 ex
1409 2219 1556 2274 omni
1598 2232 1713 2274 aevo
1751 2215 1994 2271 dormie-

412 2313 583 2371 runt;
621 2308 1084 2377 quemadmodum
1125 2326 1294 2366 sacra:
1335 2311 1635 2381 Scriptura:
1671 2308 1910 2364 docent:
1940 2306 1996 2360 in

411 2389 551 2448 duas
575 2406 761 2464 partes
787 2397 999 2454 dividet
1019 2400 1085 2465 “,
1116 2407 1175 2455 et
1197 2415 1318 2470 qua:
1346 2405 1676 2469 sequuntur.

479 2578 568 2635 Ill.
597 2579 809 2648 Quibus
827 2598 976 2639 cura:
1004 2593 1090 2640 est
1115 2584 1446 2641 Christiana:
1475 2584 1600 2638 vitae
1625 2582 1800 2638 oﬂicia
1827 2595 1994 2651 quam

410 2671 618 2742 optime
678 2675 864 2729 omnia
917 2676 1187 2746 exsequi,
1236 2693 1333 2732 eos
1384 2685 1512 2731 ante
1567 2675 1787 2746 quidvis
1843 2673 1994 2728 aliud

411 2771 647 2831 oportet,
681 2767 856 2835 partis
888 2767 1104 2834 animae,
1125 2784 1289 2838 quam
1320 2769 1666 2838 superiorem
1693 2775 1748 2820 et
1776 2765 1994 2836 praedo-

413 2856 714 2930 minantem
747 2869 966 2924 vocant,
1001 2861 1390 2917 intellectualis
1416 2861 1674 2916 videlicet
1693 2874 1758 2914 ac
1783 2858 1996 2913 discre—

415 2945 560 3010 tivze,
616 2947 933 3019 diligentem
991 2951 1199 3006 habere
1262 2951 1576 3018 rationem;
1623 2960 1684 3005 ut
1735 2957 1993 3005 accurate

411 3035 543 3090 honi
575 3039 813 3108 malique
848 3041 1144 3098 discrimen
1185 3043 1472 3107 facientes,
1509 3058 1613 3097 nec
1640 3058 1762 3112 quae
1796 3051 1994 3110 praeter

411 3135 666 3182 naturam
692 3131 922 3187 invectae
945 3142 1075 3187 sunt
1095 3133 1674 3203 cupiditatesmatum
1695 3145 1849 3200 purze
1870 3141 1991 3183 esse

403 3221 738 3290 judicantes,
759 3223 1091 3279 inoffensum
1120 3225 1246 3279 vita:
1267 3239 1490 3278 cursum
1519 3223 1780 3282 habeant,
1800 3228 1990 3289 utpote
2021 3197 2064 3255 (ἶ

411 3317 505 3386 qui
531 3314 887 3370 discretionis
923 3315 1093 3369 veluti
1125 3317 1286 3370 oculo
1321 3322 1583 3372 utantur:
1617 3322 1672 3368 et
1707 3315 1799 3384 qui
1831 3329 1860 3367 a
1895 3313 2001 3366 fal-

412 3410 569 3464 laciis
593 3409 882 3480 pravitatis
915 3410 1097 3464 securi
1137 3425 1258 3465 esse
1290 3409 1524 3480 possint.
1569 3410 1667 3464 Est
1717 3409 1865 3463 enim
1899 3423 1998 3462 vo-

410 3503 596 3566 luntas
661 3503 878 3566 animaa,
919 3503 1168 3556 membra
1224 3503 1476 3572 corporis
1536 3518 1566 3557 a
1616 3517 1757 3556 noxa
1807 3517 2001 3556 erran-

413 3595 549 3648 tium
590 3610 851 3650 sensuum
906 3595 1230 3664 incorrupta
1252 3595 1497 3660 servari;
1547 3609 1716 3663 seque
1749 3595 1922 3663 ipsam
1965 3609 1996 3646 a

409 3686 599 3740 mundi
630 3687 1046 3741 avocationibus
1081 3703 1308 3742 arcere:
1338 3686 1729 3756 custodireque
1747 3703 1842 3740 cor
1860 3685 2000 3740 nein

411 3779 677 3832 mundum
711 3779 974 3834 extendat
998 3779 1248 3834 membra
1276 3795 1502 3834 suarum
1550 3779 1948 3851 cogitationum
1980 3795 1994 3840 ;

409 3871 503 3924 sed
531 3888 595 3926 ea
617 3872 837 3942 colligat
877 3881 934 3927 et
981 3873 1350 3943 undecunque
1393 3873 1648 3928 restricta
1691 3872 1994 3933 contineat,

409 3962 478 4017 ab
519 3963 714 4018 humili
768 3979 900 4018 cura
933 3972 990 4018 et
1032 3964 1315 4034 voluptate
1376 3977 1661 4017 coercens.
1701 3963 1998 4017 Enimvero

408 4053 506 4108 ubi
548 4054 816 4108 Dominus
861 4053 1102 4124 aliquem
1152 4055 1206 4108 id
1263 4053 1456 4109 sedulo
1478 4063 1728 4123 agentem
1751 4052 1994 4116 viderit,

409 4146 512 4209 sic,
545 4145 791 4215 inquam,
835 4154 1130 4210 attentum,
1183 4158 1512 4214 semperque
1555 4157 1683 4199 cum
1731 4149 1882 4196 metu
1933 4158 1997 4197 ac

411 4246 652 4292 tremore
703 4238 914 4292 servire
968 4237 1070 4306 ipsi
1123 4245 1399 4306 paratum,
1457 4242 1715 4306 suggeret
1773 4235 1876 4305 ipsi
1928 4234 1997 4289 ad

410 4330 673 4384 ulteriora
720 4330 910 4400 gratiae
961 4330 1251 4385 auxilium.
1277 4329 1460 4396 Quare
1507 4344 1642 4383 vero
1674 4329 1819 4382 Deus
1851 4327 1998 4382 ultro

411 4435 471 4474 se
504 4419 712 4474 mundo
747 4420 1096 4476 tradentibus
1130 4429 1188 4476 et
1219 4421 1544 4491 [voluptates
1569 4419 1908 4475 sectantibus
1939 4419 1994 4473 id

409 4512 650 4566 faceret?

391 4674 400 4680 _
479 4603 567 4666 Ν.
596 4603 920 4660 Prudentes'
956 4604 1064 4660 illa:
1105 4604 1370 4676 virgines,
1406 4619 1529 4674 quae
1571 4603 1924 4674 peregrinum
1961 4617 1992 4656 a

410 4713 508 4752 sua
534 4697 779 4767 ipsarum
810 4707 1010 4751 natura
1043 4697 1229 4751 oleum
1262 4695 1431 4766 (quod
1471 4701 1556 4750 est
1586 4695 1824 4765 Spiritus
1872 4709 1996 4764 gra-

413 4789 508 4860 tia)
536 4792 592 4842 in
639 4789 786 4844 vasis
826 4787 1011 4843 cordis
1054 4795 1556 4858 prmsumpserant,
1607 4795 1909 4856 potuerunt
1937 4785 1994 4840 in

411 4883 710 4937 thalamum
745 4881 907 4935 simul
943 4881 1148 4936 intrare
1183 4897 1308 4936 cum
1340 4895 1563 4950 sponso.
1589 4879 1724 4934 Aliae
1754 4895 1885 4933 vero
1914 4879 1995 4933 fa-

408 4983 516 5029 tua:
553 4983 608 5029 et
640 4973 900 5040 malae,ea
923 4973 1028 5028 sibi
1073 4973 1323 5029 suﬂicere
1351 4975 1635 5037 ducentes,
1654 4989 1775 5040 qua:
1803 4980 1998 5025 natura

410 5066 545 5137 ipsis
575 5067 966 5137 suppeditabat
998 5084 1119 5130 sua,
1161 5068 1341 5137 iisque
1389 5079 1678 5138 propterea
1707 5073 2000 5129 contentae,

411 5161 560 5214 omni
608 5159 982 5214 sollicitudine
1015 5160 1226 5215 omissa
1253 5160 1464 5230 supina:
1499 5158 1787 5214 securitati
1819 5173 1876 5212 se
1905 5156 2002 5212 de-

411 5251 633 5315 derunt,
684 5265 865 5320 neque
897 5249 1045 5320 quod
1074 5250 1406 5318 debuerant,
1435 5250 1770 5306 studuerunt
1812 5249 1995 5303 oleum

385 5339 390 5344 ’
409 5343 557 5399 istud
582 5341 785 5397 laetitia:
809 5342 864 5395 in
883 5341 1030 5396 vasis
1050 5341 1233 5397 cordis
1254 5343 1497 5412 ipsarum
1519 5357 1877 5413 pra-sumere:
1899 5340 1995 5395 sed

409 5437 562 5490 velut
590 5434 1016 5491 obdormierunt
1044 5451 1147 5507 per
1195 5435 1466 5490 incuriam
1512 5447 1902 5506 torporemque
1931 5447 1995 5487 ac

376 5591 381 5596 Α
412 5527 795 5582 confidentiam
822 5526 1053 5597 justitite
1075 5525 1330 5597 propriaa.
1363 5526 1446 5581 0b
1470 5529 1617 5596 quod
1642 5529 1793 5599 regni
1819 5525 1997 5582 thala-

413 5632 536 5672 mus
584 5618 718 5687 ipsis
765 5619 1023 5674 oeclusus
1064 5627 1170 5675 est.
1224 5617 1574 5676 Manifestum
1599 5620 1748 5676 enim
1795 5627 1935 5686 erat,
1963 5633 1995 5674 a

1647 5741 1675 5748 —‘
1729 5736 1761 5754 ’ἱ

493 5794 535 5828 ¹⁶
559 5795 748 5854 Matth.
776 5816 899 5869 xxv,
923 5802 1014 5861 '52.

2099 1957 2237 2027 πρὸς
2269 1958 2329 2011 τὸ
2362 1958 2611 2029 οὐράνιον
2651 1961 2823 2022 αύτάς
2868 1959 3215 2030 μεθορίζουσι
3261 1960 3538 2031 φρόνημα.
3562 1961 3682 2031 Χρι-

2100 2050 2331 2104 στιανῶν
2379 2053 2488 2121 γὰρ
2518 2052 2722 2122 κόσμος
2767 2053 2947 2120 ἄλλος,
2979 2057 3076 2106 καὶ
3108 2053 3246 2107 ἀλλα
3274 2053 3567 2124 ἐνδύματα,
3598 2052 3682 2105 καὶ

2097 2143 2351 2215 τράπεζα
2381 2145 2538 2213 ἄλλη,
2575 2147 2670 2198 καὶ
2704 2146 2841 2215 ἄλλη
2867 2147 3189 2210 ἀπόλαυσις.
3230 2146 3387 2199 Ἐπεὶ
3413 2145 3507 2199 καὶ
3529 2145 3680 2213 οὐρα-

2104 2237 2258 2289 νόθεν
2291 2236 2610 2291 ἐλεύσεσθαι
2648 2237 2739 2290 τὸν
2775 2238 3009 2308 Χριστὸν
3033 2237 3258 2307 οἴδαμεν
3292 2235 3589 2306 ἀναστῆσαί
3627 2251 3680 2286 τε

2099 2325 2225 2388 τοὺς
2267 2327 2330 2377 ἐκ
2369 2325 2462 2379 τοῦ
2514 2327 2715 2390 παντδς
2743 2329 3406 2400 αἱῶνοςκεκοιμημένους,
3432 2325 3607 2390 καθὼς
3633 2326 3680 2379 αἱ

2099 2416 2238 2470 θεῖαι
2267 2418 2502 2488 Γραφαὶ,
2545 2420 2638 2473 καὶ
2677 2423 2757 2484 εἰς
2805 2419 2898 2474 δύο
2939 2421 3161 2485 τούτους
3202 2420 3448 2473 διελόντα
3511 2417 3678 2490 μέρη.

2101 2512 2192 2565 καὶ⁵
2219 2511 2288 2565 τά
2316 2511 2462 2581 ἑξῆς.

2170 2604 2245 2659 l".
2274 2598 2372 2666 Οἷς
2404 2604 2556 2676 μέλει
2581 2605 2673 2658 τὸν
2701 2604 2794 2658 τοῦ
2825 2603 3156 2678 Χριστιανοῦ
3187 2603 3304 2676 βίον
3339 2605 3415 2668 ὡς
3438 2603 3684 2657 κάλλιστα

2101 2696 2427 2768 κατορθοῦν,
2455 2697 2666 2761 τούτοις
2708 2697 2804 2750 καὶ
2846 2697 3119 2770 προσήκει
3147 2696 3576 2768 προηγουμένως
3601 2690 3686 2746 τοῦ

2104 2790 2447 2861 διανοητικοῦ
2488 2807 2549 2843 τε
2583 2790 2679 2843 καὶ
2714 2789 3057 2857 διακριτικοῦ
3100 2789 3193 2843 καὶ
3224 2785 3565 2861 ἡγεμονικοῦ
3597 2784 3685 2855 μέ-

2100 2900 2229 2954 ρους
2258 2881 2358 2952 τῆς
2377 2880 2554 2950 ψυχῆς
2575 2879 2664 2933 διὰ
2694 2880 2878 2950 πάσης
2899 2879 3276 2950 ἐπιμελεῖσθαι
3304 2879 3417 2949 τῆς
3441 2873 3682 2943 σπουδῆς

2105 2977 2193 3027 ἵνα
2225 2975 2324 3044 τὴν
2353 2974 2447 3027 τοῦ
2495 2972 2662 3027 καλοῦ
2694 2989 2755 3026 τε
2802 2974 2896 3027 καὶ
2941 2973 3115 3027 κακοῦ
3147 2973 3304 3045 διάκρ
3325 2989 3432 3026 ισιν
3465 2965 3689 3040 ἀκριὸὡ-

2097 3083 2311 3132 σαντες,
2351 3066 2446 3120 καὶ
2472 3064 2509 3120 ἃ
2544 3066 2697 3137 παρά
2737 3064 2898 3136 φύσιν
2927 3063 3230 3136 ἐπεισήχθη
3262 3063 3421 3133 πάθη
3456 3061 3554 3130 τῆς
3595 3076 3685 3112 κα·

2099 3159 2273 3228 θαρᾶς
2295 3157 2692 3227 ἀποκρίναντες
2717 3155 2950 3227 φύσεως,
2974 3155 3358 3226 ἀπροσκόπως
3383 3155 3481 3225 ζῇν
3501 3153 3684 3222 ἔχοιεν,

2101 3249 2178 3312 ὠς
2202 3247 2466 3318 ὀφθαλμῷ
2512 3248 2590 3319 τῷ
2643 3249 2742 3319 τῆς
2794 3249 3120 3320 διακρίσεως
3169 3247 3335 3317 μέλει¹
3373 3249 3685 3318 χρωμένοις.

2103 3340 2198 3393 καὶ
2242 3339 2526 3392 ἀσύνθετοι
2557 3338 2693 3408 πρὸς
2739 3339 2839 3402 τὰς
2879 3340 2982 3408 τῆς
3022 3339 3222 3402 κακίας
3258 3339 3525 3410 ἀερορμάς
3555 3334 3682 3391 εἶναι

2101 3427 2415 3496 δυνάμενοι.
2461 3427 2620 3480 Ἔστι
2651 3428 2760 3498 γὰρ
2803 3427 3018 3499 θέλημα
3045 3432 3111 3500 τῇ
3153 3429 3297 3499 ψυχῇ
3341 3431 3410 3484 τὰ
3438 3431 3569 3501 μέλη
3597 3427 3681 3481 τοῦ

2105 3519 2359 3590 σώματος
2386 3520 2486 3590 τῆς
2517 3520 2623 3572 τῶν
2647 3521 2954 3589 αίσθήσεων
2989 3521 3194 3592 βλάϐης
3221 3523 3478 3593 ἄχραντα
3503 3539 3687 3590 συντη-

2105 3615 2241 3683 ρεῖν,
2271 3612 2528 3684 ἀπεῖρξαί
2559 3630 2618 3665 τε
2647 3613 2848 3683 ἑαυτὴν
2876 3613 2986 3664 τῶν
3036 3612 3130 3666 τοῦ
3164 3614 3386 3682 κόσμου
3430 3631 3686 3686 περισπα-

2106 3701 2280 3768 σμῶν,
2313 3701 2408 3755 καὶ
2434 3700 2667 3770 φυλάξαι
2695 3699 2793 3770 τὴν
2823 3701 3073 3771 καρδίαν,
3094 3699 3188 3753 τοῦ
3216 3700 3288 3770 μὴ
3335 3700 3598 3770 ἐξαπλοῦν
3617 3698 3687 3769 τῷ

2102 3794 2293 3864 κόσμῳ
2318 3793 2385 3846 τὰ
2413 3795 2548 3864 μέλη
2580 3793 2690 3845 τῶν
2713 3793 2883 3864 αὐτῆς
2905 3793 3203 3863 λογισμῶν,
3231 3793 3380 3847 ἀλλά
3414 3793 3687 3865 περισφίγ-

2101 3905 2218 3955 γειν
2251 3885 2390 3940 αύτά
2437 3886 2703 3937 πάντοθεν
2743 3885 2839 3938 καὶ
2869 3883 3114 3954 συνέχειν
3145 3886 3500 3956 χαμαιζήλου
3541 3885 3686 3956 μερί-

2105 3995 2244 4049 μνης
2283 3976 2378 4030 καὶ
2424 3975 2639 4046 ἡδονῆς.
2683 3974 2934 4027 Ἐπειδὰν
2968 3970 3061 4029 οὖν
3113 3976 3142 4028 ὀ
3188 3974 3408 4046 Κύριος
3448 3977 3533 4048 ἴδῃ
3573 3977 3684 4027 τινα

2099 4071 2274 4144 ταύτῃ
2295 4072 2569 4137 διάγοντα,
2601 4071 2696 4122 καὶ
2726 4068 2898 4133 οὕτως
2933 4069 3124 4123 ἐαυτὸν
3152 4070 3516 4140 ἀκριϐοῦντα,
3547 4068 3685 4139 φόϐῳ

2100 4183 2160 4218 τε
2197 4165 2294 4219 καὶ
2322 4163 2512 4234 τρόμῳ
2539 4163 2811 4216 δουλεύειν
2845 4163 2992 4232 αύτῷ
3037 4163 3401 4234 προθέμενον,
3438 4163 3680 4235 ἐπορέγει

2100 4258 2195 4312 καὶ
2233 4258 2332 4328 τὴν
2358 4259 2422 4310 ἐκ
2469 4259 2568 4326 τῆς
2607 4254 2774 4309 αὑτοῦ
2810 4256 3033 4326 χάριτος
3063 4258 3412 4326 ἐπικουρίαν.
3451 4256 3602 4310 Ἐπεὶ
3627 4253 3676 4307 τί

2098 4352 2374 4419 ποιήσειεν
2403 4350 2432 4402 ὁ
2455 4348 2590 4412 Θεὸς
2627 4347 2908 4418 τῷξέκοντὶ
2935 4348 3013 4418 τῷ
3043 4350 3234 4420 κόσμῳ
3258 4350 3455 4405 ἑαυτὸν
3487 4352 3682 4417 ἐκπαρο

2098 4444 2328 4514 έχοντα,
2377 4441 2474 4496 καὶ
2525 4441 2700 4496 ὀπίσω
2741 4440 2851 4494 τῶν
2915 4439 3121 4511 ἡδονῶν
3164 4441 3334 4496 αὐτοῦ
3386 4442 3680 4512 πορευόμε-

2021 4533 2075 4596 D
2101 4551 2224 4603 νον;

2172 4630 2245 4680 Δ’.
2283 4627 2349 4680 Δί
2382 4625 2620 4698 νήψασαι
2647 4625 2810 4679 πέντε
2839 4629 3098 4696 παρθένοι
3129 4625 3358 4691 ἐκεῖναι,
3403 4627 3498 4681 καὶ
3522 4625 3582 4678 τδ
3605 4621 3682 4689 ξέ-

2101 4739 2191 4775 νον
2219 4721 2316 4792 τῆς
2339 4720 2547 4775 ἐαυτῶν
2574 4719 2789 4790 φύσεως
2814 4719 2991 4773 ἔλαιον
3019 4721 3076 4772 ἐν
3097 4721 3210 4784 τοῖς
3239 4719 3488 4788 ἀγγείοις
3517 4734 3684 4785 παρα-

2101 4811 2368 4866 λαϐοῦσαι
2401 4813 2501 4882 τῆς
2535 4812 2787 4883 καρδίας,
2830 4813 2988 4865 τοῦτο
3022 4811 3079 4864 δὲ
3116 4814 3149 4881 ἡ
3195 4811 3358 4883 χάρις
3400 4811 3497 4866 τοῦ
3530 4807 3684 4864 Πνεύ-

2109 4922 2296 4977 ματος,
2335 4903 2672 4974 ἐδυνήθησαν
2702 4905 2781 4967 εἰς
2807 4903 2900 4958 τὸν
2929 4904 3193 4974 νυμφῶνα
3225 4905 3587 4957 συνεισελθεῖν
3613 4899 3686 4969 τῷ

2107 4995 2346 5066 νυμφίῳ.
2377 4994 2444 5046 Αἱ
2490 4994 2650 5049 ἄλλαι
2684 4995 2741 5047 δὲ
2778 4995 2836 5048 αἱ
2890 4995 3093 5065 μωραὶ,
3133 4997 3187 5050 αἱ
3227 4995 3425 5056 κακαὶ,
3475 4996 3540 5064 τῇ
3585 4991 3687 5062 ἰδίᾳ

2106 5086 2264 5156 φύσει
2293 5085 2738 5154 ἐναπομείνασαι,
2776 5085 2874 5138 οὐκ
2915 5085 3139 5157 ἐνηψαν,
3171 5085 3289 5138 οὐδὲ
3331 5085 3479 5139 κατὰ
3525 5101 3682 5137 σπου-

2102 5178 2199 5248 δῆς
2226 5177 2384 5245 ἔσχον
2412 5175 2472 5226 τὺ
2500 5175 2700 5228 τοιόνδε
2735 5177 2834 5242 τῆς
2865 5175 3238 5243 ἀγαλλιάσεως
3268 5175 3454 5230 ἔλαιον
3483 5176 3563 5238 είς
3591 5175 3681 5237 τὰς

2102 5270 2310 5324 ἑαυτῶν
2333 5269 2560 5340 καρδίας
2592 5269 2928 5339 παραλαϐεῖν
2948 5286 2962 5299 ·
2995 5269 3111 5322 ἀλλ’
3135 5270 3295 5324 οἱονεὶ
3321 5270 3680 5338 ἀφύπνωσαν,

2103 5363 2168 5417 δι’
2192 5362 2455 5433 ἀμέλειάν
2487 5379 2545 5414 τε
2579 5361 2670 5416 καὶ
2708 5363 3033 5433 χαυνότητα,
3067 5365 3161 5417 καὶ
3193 5364 3542 5435 δικαιοσύνης
3570 5363 3681 5430 οἵη-

2106 5472 2222 5509 σιν³
2261 5455 2389 5525 παρ’
2425 5454 2452 5506 ὃ
2501 5457 2594 5508 καὶ
2637 5455 2666 5506 ὁ
2710 5454 2940 5526 νυμφὼν
2983 5457 3176 5518 αὐταῖς
3213 5454 3552 5522 ἀπεκλείσθη
3590 5455 3682 5519 τῆς

2104 5546 2403 5619 βασιλείας.
2448 5546 2615 5615 Δῆλον
2655 5547 2764 5616 γὰρ
2811 5546 2893 5598 ὅτι
2931 5544 3118 5616 δεσμῷ
3170 5564 3272 5599 τινι
3325 5544 3423 5598 τοῦ
3478 5543 3679 5611 κόσμου

2105 5639 2200 5694 καὶ
2252 5638 2405 5710 φιλίᾳ
2450 5637 2706 5707 γεγόνασι
2757 5637 3045 5710 καθεκταὶ,
3091 5639 3279 5694 καθότι
3312 5637 3415 5708 τὴν
3464 5635 3677 5706 ἀγάπην
