3980 6426
416 344 520 446 893

1416 378 1650 437 LIBER
1690 377 1786 436 DE
1827 374 2306 436 ELEVATIONE
2344 377 2650 437 MENTIS.

3576 381 3682 445 894

416 491 599 546 αὑτῶν
647 485 860 556 ἐντελῆ,
913 485 1008 538 καὶ
1059 485 1147 538 τὸν
1214 485 1392 556 ἔρωτα
1445 485 1522 554 τῷ
1577 483 1884 554 ἐπουρανίῳ
1927 482 2002 551 μὴ

2109 481 2354 550 partibus
2376 499 2470 536 eas
2495 483 2688 538 mundi
2719 493 2887 548 stare,
2909 484 2985 540 illi
3023 486 3231 543 defian
3258 485 3496 558 quodam
3522 482 3680 558 quasi

417 583 694 652 παρέσχον
735 577 957 648 νυμφίῳ
983 593 996 604 ·
1037 576 1131 628 καὶ
1157 577 1265 644 γὰρ
1295 576 1350 627 αί
1372 575 1432 627 τὸ
1471 575 1622 641 ξένον
1658 575 1756 643 τῆς
1784 574 1998 642 φύσεως

415 675 506 727 τὸν
532 669 807 739 ἁγιασμὸν
831 667 1020 719 τοῦτον
1051 665 1315 734 ζητοῦσαι
1339 665 1510 736 ψυχαὶ
1539 666 1632 718 τοῦ
1658 664 1797 718 Πνεύ
1807 680 1996 734 ματος,

416 766 545 834 ὃλην
601 762 702 832 τὴν
757 760 981 828 ἀγάπην
1035 756 1216 810 αὐτῶν
1261 757 1590 823 ἐξάπτουσαι
1627 757 1705 826 τῷ
1752 757 1995 828 Χριστῷ,

417 858 536 909 ἐκεῖ
584 848 1002 922 περιπατοῦσιν,
1038 849 1156 900 ἐκεῖ
1201 846 1472 917 εὔχονται,
1517 849 1634 900 ἐκεῖ
1673 848 1998 915 λογίζονται,

417 948 535 1001 ἐκεῖ
561 942 848 1015 μελετῶσι,
881 939 1099 992 πάντων
1120 937 1435 991 ἀποστᾶσαι
1459 938 1565 991 τῶν
1588 937 1779 991 ἄλλων.
1800 939 1866 992 Al
1891 939 1998 1008 γὰρ

417 1038 583 1090 πέντε
612 1035 712 1102 τῆς
739 1030 921 1101 ψυχῆς
941 1028 1244 1097 αἰσθήσεις,
1281 1027 1514 1093 σύνεσις,
1538 1029 1758 1096 γνῶσις,
1785 1030 2000 1099 διάκρι-

419 1146 524 1190 σις,
557 1123 831 1193 ὑπομονὴ,
873 1121 1042 1183 ἔλεος,
1085 1119 1153 1172 ἂν
1201 1120 1299 1186 τὴν
1340 1118 1548 1172 ἄνωθεν
1592 1121 1749 1190 χάριν
1781 1123 1874 1173 καὶ
1909 1122 2000 1173 τὶν

419 1215 693 1286 ἁγιασμόν
725 1211 818 1266 τοῦ
850 1211 1165 1280 Πνεύματος
1211 1209 1492 1274 δέξωνται,
1522 1211 1616 1262 καὶ
1646 1210 1900 1280 φρόνιμοι
1933 1215 1997 1282 τῇ

417 1307 648 1377 ἀληθεία
700 1301 960 1373 παρθένοι
994 1300 1243 1353 ἔσονται·
1300 1300 1350 1352 εί
1386 1300 1443 1352 δὲ
1490 1303 1556 1370 τῇ
1596 1302 1755 1370 φύσει
1791 1302 2001 1355 ἑαυτῶν

417 1394 914 1466 ἐγκαταλειφθεῖεν,
973 1389 1156 1461 μωραὶ
1207 1389 1285 1460 τῷ
1332 1389 1448 1442 δντι
1486 1390 1852 1459 εὑρίσκονται,
1906 1391 2000 1442 καὶ

417 1493 582 1544 τέκνα
609 1487 764 1541 οὖσαι
791 1483 886 1539 τοῦ
917 1484 1123 1554 κόσμου
1145 1482 1472 1538 δείκνυνται.

495 1748 568 1799 E'.
599 1745 809 1812 Ὥσπερ
857 1740 1012 1810 ξένην
1042 1740 1140 1809 τῆς
1185 1737 1400 1806 φύσεως
1448 1736 1606 1808 ήμῶν
1660 1736 1758 1809 τὴν
1800 1738 1998 1790 κακίαν

2108 571 2363 628 amicitia:
2390 575 2632 640 vinculo,
2662 591 2783 645 quae
2817 577 2922 630 fuit
2963 593 3126 634 causa
3159 595 3260 634 cur
3293 587 3467 634 totum
3502 593 3559 635 et
3596 582 3682 636 in-

2109 669 2321 731 tegrum
2355 677 2598 716 amorem
2641 679 2800 718 suum
2856 681 3074 720 sacrare
3120 683 3322 736 sponso
3354 667 3409 721 in
3441 669 3681 723 solidum

2089 753 2476 821 .nequiverint.
2509 753 2617 808 Sed
2653 755 2756 809 illze
2776 758 3128 827 peregrinum
3157 774 3184 811 a
3209 768 3406 813 natura
3437 759 3680 828 ipsarum

2108 842 2338 907 bonum,
2399 845 2911 913 sanctificationem,
2946 849 3193 916 inquam,
3243 848 3483 917 Spiritus
3534 865 3682 918 quze—

2108 941 2313 995 rentes,
2343 941 2512 988 totam
2542 949 2695 987 suam
2747 935 2966 990 Christo
3001 936 3290 990 uinxerunt
3335 938 3678 1004 charitatem,

2111 1021 2189 1075 ibi
2229 1035 2647 1090 conversantur,
2687 1027 2988 1091 ambulant,
3016 1034 3219 1091 orant;
3248 1029 3321 1082 ibi
3348 1029 3683 1083 ratiocinan-

2111 1122 2228 1179 tur;
2257 1115 2331 1168 ibi
2360 1117 2716 1181 meditantur,
2751 1120 2819 1172 ab
2848 1119 2973 1172 aliis
3005 1120 3264 1176 omnibus
3295 1137 3520 1177 averse.
3545 1124 3680 1177 Nam

2107 1204 2352 1272 quinque
2389 1207 2585 1261 anima:
2613 1223 2827 1273 sensus,
2853 1210 2947 1278 qui
2972 1219 3102 1264 sunt
3134 1227 3146 1263 :
3174 1213 3489 1280 prudentia,
3517 1214 3680 1269 intel-

2106 1297 2349 1367 ligentia,
2371 1301 2652 1365 discretio,
2683 1303 2948 1371 patientia
2989 1313 3045 1359 ct
3072 1304 3475 1368 misericordia,
3508 1304 3554 1358 si
3584 1320 3680 1358 su-

2106 1403 2276 1456 perne
2297 1391 2525 1459 gratiam
2565 1404 2620 1448 et
2660 1394 3151 1449 sanctificationem
3181 1394 3422 1464 Spiritus
3449 1411 3680 1464 accepe-

2106 1477 2237 1541 rint,
2267 1479 2399 1533 fient
2449 1481 2691 1550 virgines
2744 1499 2872 1537 vere
2919 1485 3218 1554 prudentes
3250 1501 3264 1537 :
3294 1485 3340 1538 si
3393 1492 3575 1538 autem
3624 1484 3679 1537 in

2107 1577 2300 1623 natura
2323 1572 2564 1640 ipsarum
2591 1575 2990 1644 relinquantur,
3016 1575 3182 1630 fatuas
3202 1575 3492 1630 verissime
3525 1591 3681 1643 repe-

2107 1661 2359 1728 riuntur;
2391 1672 2447 1718 et
2476 1665 3059 1721 meritoaccensentnr
3101 1667 3226 1722 ﬁliis
3257 1668 3423 1736 hujus
3468 1667 3676 1722 saeculi.

2180 1751 2242 1804 V.
2279 1751 2448 1807 Sicuti
2477 1755 2748 1823 hospitem
2788 1768 3000 1811 natura}
3031 1767 3231 1812 nostrae
3261 1757 3545 1819 malitiam,
3580 1773 3681 1826 per

428 1839 614 1900 οὖσαν,
639 1836 726 1889 διὰ
746 1834 801 1886 δὲ
825 1834 922 1904 τῆς
944 1831 1306 1903 παραϐάσεως
1330 1831 1425 1882 τοῦ
1457 1828 1675 1899 πρώτου
1710 1829 2004 1899 παρεισδῦ-

2109 1841 2267 1908 primi
2315 1846 2807 1914 transgressionem
2838 1848 3077 1901 hominis
3118 1849 3173 1902 in
3203 1864 3304 1902 nos
3327 1863 3554 1917 peregre
3592 1849 3679 1902 in-

428 1947 528 1982 σαν
557 1926 844 1994 ἀνθρώπου
890 1921 1317 1992 κατεδεξάμεθα,
1350 1920 1512 1989 φύσιν
1546 1923 1679 1992 ἡμῖν
1718 1919 1796 1990 τῷ
1826 1921 2002 1990 χρόνῳ

424 2018 732 2083 καθαπερεὶ
762 2013 1133 2083 γεννωμένην.
1166 2011 1325 2064 Οὕτω
1363 2011 1429 2082 δὴ
1469 2013 1563 2064 καὶ
1595 2011 1685 2064 διὰ
1723 2010 1818 2064 τοῦ
1850 2012 2000 2078 ξένου

421 2112 608 2162 τούτου
636 2109 734 2178 τῆς
768 2105 1042 2177 ήμετέρας
1074 2104 1308 2172 φύσεως,
1339 2103 1436 2172 τῆς
1459 2105 1804 2174 ἐπουρανίου,
1834 2104 1999 2173 φημὶ,

421 2201 516 2256 τοῦ
572 2200 890 2268 Πνεύματος
953 2197 1183 2267 δωρεᾶς,
1240 2197 1781 2266 ἁποσκορακισθῆναι
1844 2199 2003 2251 πάλιν

422 2293 590 2362 αὐτὴν
639 2293 740 2360 τῆς
783 2288 1059 2359 ἡμετέρας
1100 2288 1366 2358 προσήκει
1397 2288 1633 2356 φύσεως,
1663 2290 1758 2341 καὶ
1789 2290 1868 2351 εἰς
1902 2289 2002 2360 τὴν

423 2381 655 2451 ἀρχαίαν
685 2381 832 2449 ἡμᾶς
882 2377 1258 2444 καθαριότητα
1307 2377 1662 2444 καταστῆναι.
1711 2378 1800 2438 Ὠς
1843 2381 1890 2430 εἰ
1926 2379 2002 2448 μὴ

423 2473 582 2526 τοῦτο
613 2473 679 2542 τῇ
712 2470 881 2541 πολλῇ
913 2468 1096 2538 δεήσει
1121 2467 1217 2520 καὶ
1253 2466 1454 2530 πίστει,
1483 2471 1746 2538 προσοχῇ,
1775 2471 1868 2522 καὶ
1896 2470 2003 2522 τῶν

423 2560 516 2616 τοῦ
572 2562 775 2632 κόσμου
826 2561 1142 2629 ἀποστροφῇ
1200 2559 1433 2626 γένοιτο,
1485 2558 1578 2611 καὶ
1623 2559 1657 2628 ἡ
1719 2559 2004 2626 μιανθεῖσα

425 2656 558 2726 πρὸς
588 2657 684 2727 τῆς
718 2655 915 2719 κακίας
948 2653 1110 2722 φύσις
1139 2652 1320 2723 ἡμῶν,
1347 2651 1452 2704 ὑπὸ
1487 2653 1586 2721 τῆς
1617 2653 1835 2722 ἀγάπης
1862 2653 2004 2706 ἐκεί-

355 2729 374 2742 ,
424 2766 543 2818 νης,
574 2749 696 2818 ἥτις
736 2748 765 2799 ό
797 2745 1000 2817 Κύριός
1030 2747 1201 2810 ἐστιν,
1239 2742 1550 2813 ἀγιασθείη,
1598 2745 1694 2796 κα)⁸
1727 2743 1884 2813 μέχρι
1916 2744 2004 2796 τέ-

425 2838 547 2899 λους
578 2837 819 2890 ἄπτωτοι
857 2835 1224 2904 διαμείνωμεν
1269 2833 1379 2885 τῶν
1407 2832 1638 2885 ἐντολῶν
1687 2834 1851 2886 αὑτοῦ
1895 2833 2002 2886 τῶν

427 2927 587 2979 θείων
637 2923 1130 2994 μεταποιούμενοι,
1191 2923 1292 2992 τῆς
1345 2922 1669 2993 ἐπουρανίου
1723 2924 2003 2993 βασιλείας

427 3016 706 3082 ἐπιτυχεῖν
735 3013 796 3064 οὑ
828 3012 1129 3082 δυνάμεθα.

498 3102 590 3171 ς’.
624 3103 835 3156 Λεπτόν
883 3119 1005 3157 τινα
1050 3103 1141 3156 καὶ
1175 3103 1341 3174 βαθὺν
1391 3103 1548 3172 λόγον
1581 3107 1721 3160 κατά
1763 3107 1832 3160 τὰ
1879 3105 2003 3177 ἐμοὶ

427 3170 647 3255 δυνατὰ,
701 3191 929 3245 διελθεῖν
980 3170 1262 3262 βούλομαιι
1309 3170 1686 3264 Σωματοποιεί
1737 3170 1928 3250 ἑαυτὸν
1975 3170 2070 3250 aC

426 3289 652 3356 ἄπειρος
688 3285 781 3339 καὶ
809 3286 1099 3356 ἀσώματος
1125 3287 1327 3358 Κύριος
1354 3290 1442 3342 διὰ
1475 3293 1818 3360 χρηστότητα
1843 3293 2002 3346 ἄπει-

430 3395 544 3446 ρον,
577 3378 672 3430 καὶ
724 3377 1036 3447 σμικρΰνει,
1086 3378 1160 3441 ὡς
1211 3379 1277 3432 ἄν
1317 3398 1400 3442 τις
1445 3381 1603 3450 φαίη,
1632 3383 1659 3434 ὁ
1693 3383 1864 3451 μέγας
1912 3382 2004 3434 καὶ

429 3469 770 3535 ὑπερούσιος,
811 3468 907 3521 τοῦ
959 3469 1254 3540 δυνηθῆναι
1296 3473 1406 3534 τοῖς
1447 3476 1651 3543 νοεροῖς
1687 3473 1850 3526 αὑτοῦ
1891 3474 2006 3526 κτίο

428 3575 594 3627 σμασι
614 3559 988 3630 συγκραθῆναι
1004 3559 1220 3630 ψυχαῖς,
1238 3561 1429 3627 ἁγίων,
1447 3580 1518 3631 φη
1527 3565 1609 3631 μὶ,
1629 3563 1722 3616 καὶ
1734 3563 2002 3632 ἀγγέλων,

429 3648 513 3700 ἵνα
546 3647 772 3702 δυναταὶ
812 3649 1057 3716 γένοιντο
1101 3652 1195 3703 καὶ
1224 3645 1384 3704 αὗται
1423 3651 1566 3722 ζωῆς
1599 3653 1868 3706 ἀθανάτου
1903 3658 2003 3723 τῆς

427 3739 591 3793 αὑτοῦ
623 3740 875 3810 θεότητος
917 3743 1237 3812 μετασχεῖν*
1292 3743 1415 3795 ἐπεὶ
1461 3745 1556 3797 καὶ
1587 3743 1818 3798 ἕκαστον
1866 3746 2006 3798 κατὰ

428 3832 524 3901 τὴν
561 3831 696 3884 ίδίαν
723 3833 907 3900 φύσιν,
946 3831 1106 3901 σῶμά
1143 3835 1312 3900 ἐστιν,
1343 3836 1372 3887 ὁ
1405 3833 1656 3903 ἄγγελος,
1696 3837 1728 3905 ή
1770 3836 1939 3907 ψυχὴ,
1977 3840 2006 3888 ὁ

426 3922 656 3992 δαίμων.
691 3923 808 3975 Κᾶν
847 3923 954 3994 γὰρ
988 3923 1161 3978 λεπτά
1190 3919 1322 3991 εἶεν,
1351 3925 1466 3978 ἀλλ’
1499 3929 1649 3995 ὅμως
1681 3928 1737 3979 ἐν
1768 3927 2004 3982 ὑποστάο

429 4032 510 4067 σει
542 4014 852 4086 χαρακτῆρί
875 4033 956 4081 τε,
985 4016 1080 4069 καὶ
1106 4017 1274 4070 εἰκόνι
1291 4016 1433 4070 κατὰ
1457 4017 1554 4089 τὴν
1585 4018 1888 4090 λεπτότητα
1908 4021 2007 4090 τῆς

427 4107 636 4159 ἑαυτῶν
675 4111 913 4176 φύσεως,
965 4105 1123 4177 σῶμα
1167 4110 1425 4178 τυγχάνει
1465 4109 1681 4164 λεπτόν.
1708 4111 1920 4184 Ὥσπερ
1949 4115 2008 4166 ἐν

427 4198 720 4251 ὑποστάσει
748 4199 898 4251 τουτὶ
922 4199 982 4251 τὸ
1007 4198 1168 4270 σῶμα
1189 4199 1333 4270 παχύ
1357 4203 1496 4264 ἐστι,
1528 4201 1671 4255 οὕτω
1688 4206 1782 4258 καὶ
1806 4205 1838 4275 ή
1861 4204 2007 4276 ψυχὴ

429 4291 587 4358 σῶμα
619 4285 753 4343 οὖσα
781 4289 976 4344 λεπτὸν
1012 4291 1304 4361 περιέϐαλε
1339 4293 1433 4346 καὶ
1460 4294 1745 4347 ἐνεδύσατο
1779 4296 1846 4348 τὰ
1871 4296 2004 4365 μέλη

423 4382 576 4435 τοῦδε
614 4381 708 4435 τοῦ
752 4381 1026 4451 σώματος.
1064 4382 1392 4453 Περιέϐαλλε
1442 4385 1551 4454 γάρ
1601 4387 1692 4438 τὸν
1731 4386 2006 4455 ὀφθαλμὸν

2104 1942 2310 1988 trusam
2339 1935 2665 1991 admisimus
2690 1957 2704 1999 ;
2735 1955 2933 1992 novam
2959 1939 3114 2008 quasi
3151 1950 3402 1994 naturam
3436 1939 3492 1992 in
3516 1939 3679 1993 nobis

2102 2038 2255 2077 mora
2288 2033 2344 2078 et
2373 2041 2474 2080 usu
2532 2028 2675 2096 longi
2709 2029 2973 2097 temporis
3001 2038 3311 2098 operatam;
3345 2029 3417 2082 ita
3446 2044 3543 2097 per
3577 2029 3679 2081 ho-

2103 2133 2231 2189 Spes
2273 2134 2491 2190 quoque
2535 2121 2681 2176 istud
2720 2135 2920 2178 nostrae
2959 2132 3169 2179 natura:
3209 2124 3414 2178 bonum
3453 2122 3680 2190 (donum

2103 2211 2227 2266 dico
2260 2211 2499 2281 Spiritus
2549 2213 2808 2283 caelestis)
2846 2214 3046 2282 ejicere
3071 2214 3312 2269 vicissim
3357 2211 3680 2266 convenite

2118 2310 2306 2355 nostra
2351 2311 2543 2356 natura
2583 2313 2793 2371 pestem
2843 2303 3010 2366 illam,
3039 2313 3095 2358 et
3126 2304 3181 2356 in
3224 2303 3534 2372 primaevam
3578 2316 3682 2354 nos

2115 2390 2411 2445 restituere
2432 2393 2748 2460 puritatem.
2781 2393 2996 2446 Etenim
3017 2392 3119 2446 nisi
3153 2392 3324 2444 multa
3349 2391 3595 2445 oratione
3625 2397 3682 2444 et

2106 2479 2233 2543 fide,
2280 2483 2450 2535 multa
2475 2483 2796 2546 attentione,
2817 2493 2872 2537 et
2894 2501 2922 2537 a
2953 2485 3118 2538 rebus
3145 2483 3336 2536 mundi
3368 2483 3676 2543 aversione.

2104 2585 2528 2638 consequamur,
2574 2581 2636 2624 ut
2696 2574 2904 2642 polluta
2955 2574 3290 2628 immistione
3328 2573 3549 2627 malitim
3580 2588 3681 2626 na-

2106 2668 2230 2713 tura
2260 2669 2468 2724 nostra,
2493 2659 2562 2714 ab
2592 2662 2683 2715 illa
2703 2662 2995 2725 cbaritate,
3022 2680 3142 2732 qua:
3169 2665 3314 2718 Deus
3345 2673 3450 2728 est,
3475 2663 3680 2717 sancti-

2106 2749 2334 2818 ftcetur;
2371 2760 2427 2805 et
2454 2752 2521 2804 ad
2555 2752 2717 2808 tinem
2753 2768 2927 2821 usque
2959 2752 3078 2806 sine
3112 2752 3320 2807 offensa
3356 2767 3681 2822 permanse-

2106 2842 2282 2897 rimus
2312 2844 2367 2896 in
2401 2843 2563 2912 plena
2586 2853 2644 2897 et
2669 2853 2858 2898 exacta
2903 2843 3218 2896 divinorum
3255 2844 3376 2912 ejus
3424 2842 3684 2895 observa-

2106 2933 2252 2988 tione
2304 2934 2710 3000 mandatorum,
2756 2933 2996 2988 caalestis
3032 2934 3186 3004 regni
3230 2942 3513 3003 compotes
3560 2948 3683 2988 esse

2104 3041 2214 3078 non
2247 3026 2567 3095 poterimus.

2178 3121 2332 3190 191
2389 3119 2774 3176 VLSubtilem
2827 3118 3123 3190 quamdam
3173 3120 3684 3189 abstrusioremqne

2105 3213 2431 3280 doctrinam,
2453 3221 2616 3282 prout
2647 3220 3155 3282 potero,exponere
3187 3213 3276 3267 hic
3307 3212 3450 3266 volo.
3470 3213 3528 3266 In
3559 3229 3685 3268 cor-

2106 3320 2208 3372 pus
2239 3305 2643 3375 qnodammodo
2682 3321 2740 3360 se
2780 3305 2956 3374 ipsum
3010 3302 3361 3357 transformat
3387 3301 3687 3354 immensus

2103 3406 2158 3450 et
2205 3396 2564 3466 incorporeus
2607 3397 2892 3460 Dominus,
2925 3410 3024 3463 per
3075 3394 3473 3464 benignitatem
3502 3391 3688 3445 infini-

2109 3495 2218 3540 tam
2246 3503 2260 3548 ;
2290 3494 2346 3540 et
2375 3487 2598 3550 minuit,
2631 3502 2992 3556 parvumque,
3029 3493 3089 3538 ut
3123 3484 3205 3538 sic
3235 3485 3438 3546 dicam,
3464 3490 3687 3536 contra-

2106 3577 2244 3630 hens
2275 3592 2331 3630 se
2361 3577 2510 3639 facit,
2546 3578 2735 3647 ingens
2772 3577 2862 3629 ille
2891 3573 3460 3642 supersubstantialis,
3493 3580 3554 3626 ut
3588 3571 3668 3627 sic

2106 3667 2281 3734 possit
2343 3682 2468 3720 cum
2522 3666 2988 3720 intellectualibus
3042 3664 3159 3717 suis
3208 3663 3477 3716 creaturis
3529 3665 3686 3731 quasi

2107 3760 2436 3814 coalescere.
2470 3757 2696 3810 Animas
2731 3766 3046 3810 sanetormn
3076 3756 3222 3818 dico,
3255 3763 3311 3807 et
3340 3753 3584 3822 angelos,
3626 3767 3687 3812 ut

2107 3851 2186 3905 sic
2214 3852 2298 3905 ha:
2333 3858 2606 3905 creaturae
2639 3849 2848 3918 possint
2895 3850 3020 3904 vitae
3061 3851 3407 3916 immortalis,
3435 3869 3543 3922 qua
3569 3855 3684 3923 ipsa

2107 3941 2226 4010 cjns
2256 3939 2517 3994 divinitas
2539 3939 2762 4004 fruitur,
2793 3941 3088 4010 participes
3113 3941 3274 3997 cﬂici.
3294 3943 3563 4008 Quoniam
3587 3944 3685 3995 ho-

2108 4044 2229 4082 rum
2269 4027 2524 4097 quodque
2553 4027 2855 4082 secundum
2893 4031 3165 4098 propriam
3202 4039 3452 4085 naturam
3484 4045 3686 4100 corpus

2107 4128 2223 4186 est;
2261 4135 2482 4189 corpus,
2516 4120 2760 4190 inquam,
2787 4130 2999 4192 sunt_et
3029 4121 3275 4192 angelus,
3302 4132 3357 4177 et
3395 4122 3599 4189 anima,
3629 4132 3684 4177 et

2108 4211 2342 4266 daemon.
2373 4211 2490 4266 Etsi
2522 4213 2670 4266 enim
2703 4227 2792 4266 res
2819 4221 3013 4267 tenues
3041 4213 3383 4282 subtilesque
3411 4221 3560 4277 sunt,
3600 4222 3684 4267 ta-

2108 4321 2234 4360 men
2261 4307 2315 4360 in
2337 4305 2638 4376 hypostasi,
2661 4305 2996 4368 charactere,
3027 4320 3090 4358 ac
3117 4304 3289 4359 forma
3319 4305 3574 4374 propriis.
3599 4319 3685 4358 se-

2109 4398 2348 4452 cundum
2401 4397 2724 4452 tenuitatem
2778 4406 2991 4450 naturae
3021 4397 3264 4464 ipsorum
3309 4410 3510 4464 corpus
3554 4405 3684 4449 sunt

424 4475 492 4527 δι’
524 4471 695 4545 οὗπερ
746 4474 876 4541 γοῦν
923 4474 1016 4526 καί
1065 4475 1199 4546 όρᾷο
1254 4474 1579 4541 περιέϐαλλε
1618 4476 1680 4528 τὸ
1723 4472 1812 4539 οὖς
1849 4475 2004 4530 τοῦτο

2112 4495 2276 4542 tenue
2303 4504 2317 4551 ;
2346 4487 2491 4541 sicut
2520 4486 2573 4540 in
2607 4502 2704 4540 sua
2735 4487 3014 4556 hypostasi
3045 4501 3246 4556 corpus
3274 4486 3378 4541 hoc
3405 4495 3678 4548 nostrum,

425 4567 509 4637 δὴ,
543 4567 610 4619 δι’
637 4561 698 4619 οὗ
721 4565 815 4618 καὶ
845 4565 1058 4618 ἀκούει·
1085 4567 1184 4633 τὴν
1214 4567 1390 4636 χεῖρα,
1409 4565 1506 4636 τὴν
1538 4568 1680 4637 ῥῖνα,
1704 4569 1798 4619 καὶ
1825 4567 1999 4631 ἁπαξ-

427 4658 614 4720 απλῶς
663 4658 761 4709 ὅλα
801 4656 868 4710 τὰ
927 4657 1066 4726 μέλη
1101 4656 1194 4708 τοῦ
1243 4657 1496 4727 σώματος
1547 4659 1866 4728 περιέϐαλλε
1913 4662 2007 4713 καὶ

430 4746 738 4818 συνεκράθη
769 4746 911 4808 ὅλοις
935 4746 1118 4809 αὐτοῖς
1149 4745 1369 4818 ἡψυχὴ,
1402 4748 1469 4801 δι’
1495 4743 1556 4802 οὗ
1587 4750 1679 4801 καὶ
1703 4750 1877 4802 πάντα
1907 4753 2008 4804 ὅσα

425 4838 490 4908 δὴ
521 4837 600 4908 τῷ
646 4836 746 4906 βίῳ
790 4833 1145 4906 ἐνστρέφεται
1190 4837 1598 4908 ἐπιτηδεύματα
1645 4839 1868 4894 διανύει.
1904 4842 2007 4894 Τὸν

427 4929 521 4984 οὖν
553 4929 715 4982 αὑτὸν
742 4929 962 5000 τρόπον,
1001 4925 1096 4979 καὶ
1122 4928 1154 4998 ή
1185 4926 1453 4997 ἀλάλητός
1486 4945 1543 4980 τε
1572 4930 1668 4982 καὶ
1691 4930 2007 5002 ἀνεννόητος

427 5025 522 5078 τοῦ
564 5021 804 5094 Χριστοῦ
852 5019 1159 5091 χρηστότης
1192 5020 1482 5090 σμικρύνει
1515 5023 1610 5074 καὶ
1644 5027 2010 5093 σωματοποιεί

429 5116 654 5186 ἑαυτὴν,
699 5113 795 5166 καὶ
827 5111 1192 5181 συγκιρνᾶται
1234 5112 1328 5163 καὶ
1357 5111 1758 5183 περιλαμϐάνει
1787 5114 1888 5176 τὰς
1918 5134 2008 5168 πι-

432 5208 564 5268 στὰς
615 5207 711 5258 καὶ
760 5203 921 5272 φίλας
974 5200 1139 5255 αὐτοῦ
1187 5200 1385 5272 ψυχὰς,
1434 5204 1529 5256 καὶ
1567 5205 1654 5270 είς
1699 5203 1768 5258 ἓν
1801 5205 2010 5271 αὐταῖς

429 5299 666 5366 πνεῦμα
711 5297 958 5365 γίνεται,
1001 5293 1144 5348 κατά
1174 5294 1234 5346 τὸ
1265 5294 1442 5361 λόγιον
1485 5295 1723 5360 Παύλου,
1756 5296 1900 5367 ψυχὴ
1931 5301 2007 5360 είς

429 5389 629 5458 ψυχὴν,
661 5386 736 5448 ὡς
765 5387 954 5456 φάναι,
982 5384 1078 5438 καλ¹
1101 5384 1393 5448 ὑπόστασις
1417 5386 1547 5454 γοῦν
1576 5389 1655 5450 είς
1685 5389 2000 5454 ὑπόστασιν,

431 5478 506 5542 ὠς
541 5479 604 5530 ἂν
631 5479 696 5547 τῇ
727 5477 904 5546 τοιᾷδε
940 5477 1087 5549 ψυχῇ
1123 5478 1181 5529 ἐν
1207 5478 1272 5546 τῇ
1311 5476 1474 5529 αὑτοῦ
1509 5476 1722 5548 θεότητι
1753 5477 1915 5548 ζῆσαί
1945 5497 2003 5532 τε

431 5564 673 5635 ὑπάρξῃ,
709 5565 803 5615 καὶ
841 5564 1108 5617 ἀθανάτου
1149 5562 1295 5634 ζωῆς
1332 5565 1638 5632 ἐφικέσθαι,
1681 5569 1774 5620 καὶ
1813 5568 2004 5639 ἡδονῆς

431 5657 714 5727 ἀφθάρτου
746 5655 839 5709 καὶ
877 5657 1115 5726 ἀρρήτου
1143 5655 1299 5728 δόξης
1338 5659 1774 5731 κατατρυφῆσαι.

507 5771 576 5826 ’⁷1
609 5771 734 5825 Cor.
759 5786 832 5835 tv,
868 5771 950 5824 l7.

2111 4592 2356 4630 crassum
2387 4592 2587 4646 corpus
2616 4587 2734 4641 est;
2773 4577 2958 4646 itaque
3004 4576 3187 4630 anima
3221 4591 3422 4646 corpus
3455 4592 3578 4630 cum
3609 4578 3682 4631 sit

2109 4667 2268 4720 exilis
2305 4669 2607 4733 tenuitatis,
2634 4668 2940 4723 circumdat
2972 4667 3075 4720 sibi
3106 4677 3272 4737 atque
3306 4667 3485 4722 induit
3514 4684 3683 4722 mem-

2109 4757 2210 4812 bra
2264 4759 2427 4829 hujus
2477 4761 2745 4830 corporis,
2791 4759 2972 4814 induit
3029 4775 3227 4830 nempe
3297 4760 3541 4822 oculum,
3583 4775 3682 4827 per

2110 4867 2274 4921 quem
2305 4852 2478 4916 videt,
2517 4867 2728 4918 aurem,
2761 4869 2859 4922 per
2881 4867 3044 4922 quam
3083 4853 3269 4914 audit,
3307 4867 3550 4913 manum,
3584 4867 3682 4905 na-

2110 4955 2238 5005 res;
2267 4956 2378 4994 uno
2409 4941 2599 5006 verbo,
2631 4950 2827 4996 cuncta
2878 4939 3127 5008 corporis
3161 4939 3407 4992 membra
3439 4939 3682 4992 circum-

2104 5030 2262 5098 ponit
2305 5031 2434 5094 sibi,
2464 5045 2702 5099 cumque
2729 5029 2839 5083 illis
2877 5032 3098 5097 penitus
3119 5028 3530 5091 commiscetur,
3557 5045 3684 5098 per-

2107 5134 2212 5188 que
2238 5120 2352 5174 lucc
2364 5127 2592 5185 cunctas
2615 5119 2928 5172 functiones
2967 5117 3219 5171 humanae
3242 5120 3682 5173 conversationis

2105 5213 2444 5281 exsequitur.
2472 5211 2552 5265 Ad
2593 5210 2825 5264 similem
2852 5209 3018 5279 igitur
3035 5209 3258 5264 modum
3305 5210 3600 5264 ineﬂ‘abilis
3628 5220 3683 5263 ct

2106 5299 2682 5370 incomprehensibilis
2731 5297 2938 5353 Christi
2993 5299 3213 5354 bonitas
3275 5301 3555 5355 contrahit
3619 5313 3685 5353 ae

2109 5405 2333 5460 parvam
2388 5390 2518 5444 facit
2556 5404 2621 5444 ac
2665 5388 2823 5458 quasi
2861 5389 2914 5443 in
2946 5404 3150 5460 corpus
3201 5389 3356 5461 ﬁngit
3389 5406 3447 5446 se
3473 5392 3681 5461 ipsam;

2111 5490 2275 5550 atque
2299 5495 2357 5533 se
2393 5480 2707 5535 immiscens
2755 5481 3104 5550 amplectitur
3130 5481 3321 5537 fideles
3373 5489 3430 5536 et
3481 5482 3687 5537 amicas

2113 5571 2219 5625 sibi
2246 5572 2475 5636 animas,
2510 5581 2564 5625 et
2595 5587 2731 5624 unus
2773 5589 2892 5625 cum
2935 5574 3060 5642 ipsis
3113 5572 3174 5640 ﬁt
3213 5575 3461 5641 spiritus,
3493 5588 3689 5626 secun-

2115 5663 2244 5720 dum
2269 5662 2550 5717 oraculum
2579 5663 2732 5718 Pauli
2749 5665 2788 5694 ¹⁷
2809 5681 2822 5732 ;
2844 5665 3025 5720 anima
3050 5665 3107 5720 in
3131 5665 3388 5733 animum,
3414 5675 3472 5720 ut
3493 5665 3572 5721 sic
3599 5664 3687 5719 di-
