3980 6422
357 326 467 394 895

1596 328 1657 387 S.
1700 326 2019 387 MACARII
2060 326 2379 386 [EGYPTII

3503 324 3608 386 896

358 448 537 505 catur.
586 448 643 495 et
685 438 964 512 hypostasi
1019 440 1076 495 in
1105 439 1438 509 hypostastm
1463 437 1619 507 quasi
1650 437 2012 491 coalescente.
2039 437 2114 492 Ut
2144 454 2242 507 per
2272 439 2376 493 hoc
2434 439 2528 493 tali
2569 438 2768 493 anima:
2802 440 2857 493 in
2898 438 3070 509 ipsius
3110 436 3397 492 divinitate
3426 452 3613 491 vivere

357 532 663 601 contingat,
718 540 778 587 et
829 533 897 586 ad
946 532 1311 586 immortalem
1342 531 1509 585 vitam
1550 531 1769 584 tandem
1812 528 2124 600 pervenire,
2184 532 2575 601 voluptateque
2650 532 2999 601 incorrupta,
3050 538 3107 584 et
3138 527 3408 583 ineﬂ‘abili
3440 526 3614 598 gloria

357 625 617 695 gaudere.

434 740 545 795 VII.
580 740 696 793 Tali
725 739 919 799 animae
954 739 1241 803 Dominus,
1288 740 1508 810 quoties
1536 737 1762 808 quidem
1795 736 1933 800 vult,

2110 730 2186 785 Z'.
2220 732 2298 802 Τῇ
2329 730 2557 804 τοιαύτῃ
2594 732 2761 801 ψυχῇ,
2815 730 3000 802 φησὶν,
3057 730 3086 783 ὁ
3117 731 3340 802 Κύριος,
3392 733 3479 786 ὅτε
3515 732 3617 803 μὲν

360 830 420 884 ﬂt
450 831 611 900 ignis,
638 846 970 885 consumens
995 830 1265 901 quidquid
1305 835 1359 885 in
1387 847 1449 886 ea
1484 846 1711 901 pravum
1742 844 1806 882 ac
1832 828 1935 881 ali-

359 921 505 974 unde
538 921 813 975 invectum
845 934 961 986 est;
987 923 1130 976 sicut
1158 924 1233 977 ait
1264 923 1530 991 propheta
1556 939 1567 974 :
1601 921 1737 973 Deus
1762 930 1937 972 noster

356 1012 495 1082 ignis
535 1028 841 1065 consumens
877 1014 1034 1065 est“.
1073 1014 1221 1068 Alias
1268 1014 1447 1067 eidem
1482 1013 1677 1066 anima:
1708 1012 1765 1065 ﬁt
1794 1010 1936 1065 inef-

358 1102 540 1157 fabilis
562 1102 718 1170 quies
747 1119 758 1154 :
786 1104 1081 1171 aliquando
1110 1104 1370 1173 gaudium
1425 1114 1478 1157 et
1540 1119 1665 1172 pax,
1698 1103 1938 1156 circum-

358 1192 569 1256 lovens,
601 1200 656 1245 et
706 1192 947 1261 undique
994 1205 1333 1262 amplectens
1364 1194 1559 1263 ipsam.
1591 1194 1825 1246 Tantum
1863 1208 1932 1246 ne

357 1282 603 1336 desimus
654 1283 863 1336 nostris
900 1284 1170 1352 partibus,
1222 1294 1283 1339 ut
1332 1286 1485 1338 illum
1542 1299 1813 1343 amemus.
1850 1284 1929 1337 illi

357 1374 732 1446 gratiﬁcentur
766 1375 1014 1429 moribus
1068 1376 1276 1444 probis.
1326 1378 1451 1430 Haec
1493 1377 1587 1446 qui
1627 1375 1929 1445 praestabit,

358 1465 478 1533 ipso
514 1480 677 1519 sensu
729 1465 1046 1534 perspiciet,
1092 1468 1233 1521 inire
1273 1482 1331 1521 se
1376 1468 1487 1537 jam
1530 1467 1932 1536 possessionem

356 1553 800 1608 inenarrabilium
857 1555 1153 1617 bonorum,
1181 1572 1303 1625 qua:
1351 1558 1546 1611 oculus
1602 1572 1714 1611 non
1771 1555 1930 1618 vidit,

354 1664 506 1703 auris
534 1666 643 1703 non
678 1649 891 1703 audivit
942 1660 999 1704 et
1039 1652 1094 1705 in
1129 1667 1225 1705 cor
1266 1652 1508 1706 hominis
1535 1667 1641 1706 non
1675 1651 1940 1706 ascende-

357 1751 524 1803 runt;
549 1756 647 1809 per
670 1756 791 1809 qua:
818 1741 1057 1810 Spiritus
1077 1743 1294 1796 Domini
1327 1742 1386 1796 ﬂt
1416 1744 1633 1797 nuncin
1666 1746 1934 1813 requiem,

356 1827 581 1880 nuncin
605 1828 1050 1891 exsultationem,
1071 1838 1128 1882 et
1159 1829 1496 1897 voluptatem
1533 1839 1589 1883 et
1612 1832 1779 1884 vitam
1815 1835 1937 1901 ejus

361 1918 559 1971 animae
615 1932 737 1985 qua:
767 1932 827 1971 se
862 1918 958 1971 illo
998 1919 1217 1988 dignam
1260 1921 1584 1975 ostenderit.
1618 1921 1937 1989 Incorporat

353 2009 503 2063 enim
530 2023 589 2062 se
613 2008 793 2077 ipsum
833 2010 979 2063 sicut
1004 2012 1060 2064 in
1086 2026 1271 2064 escam
1295 2011 1661 2080 spiritualem,
1694 2013 1767 2066 ita
1798 2022 1853 2067 et
1881 2014 1935 2067 in

2040 823 2292 894 βούλεται
2322 822 2432 892 πῦρ
2456 825 2690 891 γίνεται,
2728 826 2838 878 πᾶν
2878 824 3079 893 φαῦλον
3116 826 3288 896 αὐτῆς
3319 827 3412 880 καὶ
3432 826 3619 879 ἐπείσ-

2037 933 2203 969 ακτον
2233 916 2508 969 διακαῖον·
2544 914 2734 983 ὥσπερ
2770 916 2865 969 καὶ
2910 918 2940 968 ὁ
2984 917 3267 986 προφήτης
3312 917 3508 986 φησίνο
3550 920 3617 971 '0

2040 1010 2185 1073 Θεὸς
2222 1006 2391 1075 ἡμῶν
2416 1008 2535 1073 πῦρ
2566 1008 3038 1063 καταναλίσκον.
3069 1008 3199 1062 Ὅτε
3228 1008 3282 1061 δὲ
3313 1009 3616 1072 ἀνάπαυσις

2039 1101 2300 1171 ἄρῤητος,
2351 1102 2438 1153 ὅτε
2479 1102 2536 1154 δὲ
2579 1101 2723 1171 χαρά
2753 1107 2849 1153 καὶ
2893 1102 3104 1171 εἰρήνη,
3137 1100 3489 1170 περιθάλπων
3523 1102 3617 1154 καὶ

2039 1192 2381 1262 περιϐάλλων
2414 1194 2606 1263 αὐτήν.
2642 1194 2818 1245 Μόνον
2866 1193 2925 1246 ὲν
2965 1192 3167 1263 σπουδῇ
3219 1192 3402 1245 θετέον
3444 1192 3614 1261 φιλεῖν

2039 1284 2203 1337 αὑτὸν
2252 1284 2348 1337 καὶ
2404 1284 2727 1355 χαρίζεσθαι
2767 1286 2988 1354 τρόποις
3041 1284 3285 1352 ἀγαθοῖς,
3337 1287 3431 1338 καὶ
3474 1288 3612 1357 αὐτῇ

2038 1375 2227 1446 πείρᾳ,
2273 1375 2409 1445 αὐτῇ
2466 1375 2711 1445 αἰσθήσει
2766 1377 2955 1444 ὄψεται
3005 1376 3284 1446 ἁψάμενος
3332 1376 3614 1447 άλαλήτων

2040 1466 2283 1534 ἀγαθῶν,
2326 1464 2361 1518 ἀ
2389 1464 2667 1533 ὀφθαλμὸς
2698 1465 2797 1517 οὐκ
2830 1463 2959 1528 εἶδε,
2997 1468 3092 1519 καὶ
3135 1465 3229 1528 οῦς
3259 1465 3357 1518 οὐκ
3390 1467 3613 1536 ἢκουσε,

2040 1559 2135 1611 καὶ
2163 1557 2257 1609 ἐπὶ
2287 1557 2515 1627 καρδίαν
2536 1556 2824 1626 ἀνθρώπου
2850 1558 2949 1611 οὐκ
2974 1557 3163 1627 ἀνέϐη,
3189 1558 3288 1611 ὅσα
3311 1557 3369 1611 τὸ
3392 1558 3614 1628 Πνεῦμα

2039 1649 2247 1718 Κυρίου
2293 1648 2527 1715 γίνεται,
2556 1647 2713 1699 τοῦτο
2763 1648 2863 1717 μὲν
2896 1650 2975 1710 είς
3017 1649 3341 1714 ἀνάπαυσιν,
3376 1649 3530 1703 τοῦτο
3565 1648 3613 1701 δ’

2039 1742 2114 1803 εἰς
2146 1739 2462 1806 ἀγαλλίασιν
2494 1740 2587 1791 καὶ⁵
2611 1739 2843 1810 τρυφὴν,
2870 1741 2963 1792 καὶ
2993 1739 3137 1810 ζωὴν
3168 1741 3266 1809 τῆς
3294 1740 3447 1805 ἀξίας
3469 1741 3616 1792 ὲκεί-

2039 1849 2131 1884 νου
2174 1832 2535 1901 δεικνυμένης
2588 1830 2785 1901 ψυχῆς.
2839 1832 3218 1901 Σωματοποιεῖ
3265 1832 3372 1901 γάρ
3427 1830 3617 1884 ἑαυτὸν

2041 1923 2231 1992 ὥσπερ
2248 1926 2326 1987 είς
2354 1924 2558 1994 βρῶσιν
2586 1924 2983 1995 πνευματικὴν,
3012 1924 3154 1977 οὕτω
3183 1926 3275 1977 καὶ
3308 1926 3386 1987 είς
3412 1923 3619 1993 ἔνδυμά

2038 2031 2099 2066 τε
2154 2016 2249 2067 καὶ
2287 2016 2461 2085 κάλλη
2519 2017 2915 2085 ἀνεκδιήγητα,
2974 2015 3040 2067 ἵν’
3071 2016 3411 2085 εὐφροσύνης
3473 2014 3619 2067 οὕτω

354 2100 737 2155 indumentum
791 2109 847 2154 et
889 2111 1143 2155 ornatum
1188 2101 1575 2156 inenarrabilis
1598 2102 1928 2171 splendoris,

2040 2103 2299 2174 πληρώσῃ
2325 2104 2704 2173 πνευματικῆς
2724 2121 2738 2135 ·
2778 2106 2923 2172 Ἐγὼ
2944 2104 3050 2174 γάρ
3076 2108 3212 2173 ειμι,
3240 2106 3423 2174 φησὶν,
3454 2107 3487 2158 ὀ
3515 2105 3621 2173 dp-

353 2201 415 2247 ut
440 2191 520 2246 sic
540 2206 661 2245 eam
701 2190 974 2259 spirituali
1008 2190 1198 2245 laetitia
1226 2192 1474 2260 impleat.
1503 2192 1617 2263 Ego
1641 2193 1811 2258 enim,
1832 2194 1934 2256 ait,

353 2281 506 2351 panis
536 2277 653 2332 vita:
672 2295 790 2331 sum
809 2278 869 2331 ‘9.
899 2278 965 2331 Et
997 2294 1011 2328 :
1052 2276 1153 2342 Qui
1183 2279 1367 2331 biberit
1393 2296 1455 2333 ea:
1481 2297 1621 2348 aqua
1656 2297 1816 2350 quam
1844 2297 1937 2351 ego

351 2370 486 2425 dabo
511 2370 577 2435 ei,
600 2368 693 2437 ﬁet
722 2370 774 2422 in
794 2384 854 2422 eo
874 2368 993 2437 [om
1038 2383 1196 2440 aqua:
1228 2368 1468 2423 salientis
1492 2371 1548 2424 in
1577 2371 1743 2425 vitam
1778 2381 1936 2426 wter-

357 2479 483 2516 nam
498 2464 565 2515 ²⁰.

424 2567 662 2623 VIll.lta
698 2568 898 2638 cuique
951 2567 1300 2623 sacerdotum
1344 2576 1401 2622 et
1424 2576 1743 2623 sanctorum
1790 2569 1937 2624 Deus

350 2658 628 2727 apparuit,
677 2666 737 2713 ut
784 2667 838 2711 et
874 2658 977 2727 ipsi
1028 2658 1134 2711 fuit
1182 2659 1294 2713 Deo
1339 2659 1601 2730 placitum
1635 2668 1692 2714 et
1723 2660 1936 2714 videnti

349 2746 488 2800 utile
514 2762 526 2797 :
560 2747 717 2801 aliter
741 2747 1079 2812 Abrahamo,
1114 2748 1276 2803 aliter
1298 2748 1508 2814 lsaaco,
1531 2750 1692 2804 aliter
1715 2765 1935 2819 quoque

349 2836 578 2903 Jacobo,
614 2840 751 2902 Noe,
783 2840 1017 2906 Danieli,
1069 2840 1226 2907 Mosi,
1271 2842 1486 2904 Davidi,
1533 2852 1590 2897 et
1636 2844 1936 2913 unicuique

350 2929 765 2998 pr0phetarum,
824 2930 1080 2985 minuens
1136 2938 1195 2984 et
1246 2931 1303 2984 in
1364 2945 1568 3000 corpus
1617 2930 1826 3001 ﬁngens
1877 2948 1935 2987 se

352 3019 558 3090 ipsum,
604 3020 749 3073 sicut
800 3019 1009 3074 dictum
1054 3028 1161 3085 est,
1196 3021 1700 3091 transﬂguransque
1735 3037 1814 3085 se,
1873 3038 1938 3077 ac

351 3110 528 3164 forma
560 3110 764 3164 visibili
807 3119 1089 3179 assumpta
1124 3110 1452 3164 intuendum
1484 3125 1543 3164 se
1573 3110 1824 3179 praebens
1850 3112 1934 3165 di-

350 3200 652 3271 ligentibus
681 3201 905 3271 ipsum;
932 3218 1040 3256 non
1063 3214 1304 3271 quantus
1324 3210 1426 3266 est,
1462 3216 1587 3256 cum
1621 3202 1694 3258 sit
1728 3202 1937 3255 incom-

351 3292 781 3363 prehensibilis;
826 3294 921 3347 sed
964 3301 1234 3363 quantmn
1288 3293 1366 3346 illi
1420 3308 1618 3361 capere
1656 3302 1933 3361 possunt;

349 3391 579 3455 pr0pter
636 3382 870 3437 multum
921 3393 979 3438 et
1043 3382 1680 3451 ineomprehensibilem,
1721 3397 1833 3453 quo
1878 3382 1933 3437 in

350 3478 502 3550 ipsos
524 3477 723 3543 fertur,
750 3491 1019 3531 amorem.

418 3605 514 3663 IX.
541 3604 743 3661 Anima
786 3603 886 3657 Dei
937 3601 1256 3672 dignatione
1303 3609 1621 3668 consecuta,
1657 3612 1719 3658 ut
1766 3603 1937 3657 virtu-

351 3708 459 3753 tem
490 3698 637 3751 illam
673 3711 743 3750 ει
783 3696 916 3760 alto,
952 3694 1312 3765 divinumque
1358 3693 1513 3748 illum
1559 3694 1740 3763 ignem
1788 3694 1933 3749 intra

347 3805 407 3845 se
438 3788 801 3843 domesticum
834 3786 1066 3851 habeat;
1094 3785 1184 3839 illa
1209 3784 1616 3854 supercmlestis
1645 3785 1774 3839 boni
1807 3784 1934 3855 Spi-

348 3882 492 3938 ritus
524 3880 684 3951 quasi
716 3887 1035 3935 concretam
1073 3879 1190 3933 suis
1232 3878 1405 3947 ipsius
1454 3878 1719 3932 membris
1752 3877 1935 3931 chari-

348 3982 515 4029 tatem
540 3973 698 4044 192
729 3972 1009 4037 obtinens,
1032 3970 1181 4025 omni
1208 3970 1457 4041 profecto
1485 3969 1748 4024 mundani
1779 3986 1934 4024 amo-

350 4066 428 4122 ris
461 4066 753 4137 expeditur
796 4079 965 4127 nexu,
990 4072 1046 4117 et
1072 4061 1298 4115 vinculo
1329 4061 1552 4115 malitiae
1582 4060 1833 4114 solvitur.
1860 4061 1935 4117 Ut

349 4162 498 4217 enim
521 4159 751 4220 ferrum,
783 4155 1093 4225 plumbum,
1113 4168 1332 4218 aurum,
1369 4162 1655 4224 argentum
1684 4153 1934 4223 conjecta

347 4250 407 4306 in
434 4250 617 4320 ignem
643 4248 968 4310 solvuntur;
1011 4244 1366 4314 ipsorumque
1404 4242 1722 4298 inﬂexibilis
1768 4255 1932 4299 antea

346 4348 405 4398 et
424 4340 491 4395 ad
515 4349 722 4393 tactum
746 4336 1009 4390 resistens
1024 4332 1271 4388 soliditas
1298 4334 1353 4387 in
1383 4332 1608 4388 ﬂuidam
1641 4334 1927 4389 mollitiem

346 4442 623 4497 mutatur;
651 4433 723 4486 ita
749 4436 810 4483 ut
846 4428 1092 4507 quandiu
1120 4428 1176 4482 in
1214 4428 1335 4498 igne
1364 4437 1629 4498 perstant,
1660 4426 1825 4493 ﬂuxa,
1864 4426 1934 4482 li-

345 4523 538 4596 quida,
586 4522 827 4576 resoluta
870 4530 1173 4575 cernantur
1215 4528 1271 4574 et
1301 4520 1431 4584 sint,
1462 4520 1740 4590 rigiditate
1775 4536 1932 4590 pror-

345 4632 441 4673 sus
475 4614 724 4683 deposita
762 4609 1025 4672 naturali,
1048 4608 1119 4663 ob
1142 4609 1374 4665 ﬂamma:
1408 4612 1517 4665 vim
1552 4630 1566 4666 :
1602 4612 1683 4667 sic
1706 4620 1763 4666 et
1808 4613 1930 4666 ani-

2039 2212 2143 2260 τος
2170 2194 2279 2264 τῆς
2308 2195 2491 2264 ζωῆς*
2525 2198 2637 2261 καὶ,
2689 2197 2751 2249 Ὀ
2775 2198 2966 2249 πίνων
3014 2197 3083 2250 ἐκ
3120 2196 3229 2250 τοῦ
3276 2196 3493 2261 ὓδατος
3541 2190 3618 2251 οὗ

2037 2285 2153 2355 ἐγὼ
2202 2287 2374 2339 δώσω
2420 2286 2601 2352 αὐτῷ,
2638 2288 2956 2357 γενήσεται
2992 2286 3153 2353 αὐτῷ
3190 2287 3353 2358 πηγὴ
3398 2287 3620 2354 ὕδατος

2038 2377 2383 2446 ἁλλομένου
2408 2380 2496 2444 είς
2524 2376 2678 2447 ζωὴν
2709 2379 2971 2432 αἰώνιον.

2108 2565 2193 2620 H'.
2230 2566 2408 2632 Οὕτω,
2442 2566 2596 2637 φησὶ,
2627 2566 2720 2620 καὶ
2750 2566 2967 2638 ἑκάστῳ
2996 2567 3073 2638 τῷ
3104 2569 3292 2639 ίερέων
3324 2571 3417 2623 καὶ
3443 2570 3619 2639 ἁγίων

2036 2658 2065 2710 ὁ
2098 2658 2229 2721 Θεὸς
2257 2656 2436 2729 ὤφθη,
2491 2659 2568 2719 ὡς
2606 2657 2754 2727 αὐτῷ
2786 2657 2998 2728 θέλημα
3037 2659 3131 2713 καὶ
3178 2659 3256 2728 τῷ
3292 2660 3485 2730 ὁρῶντι
3524 2660 3623 2712 λυ-

2040 2749 2268 2814 σιτελὲς,
2315 2744 2447 2813 οἷον,
2496 2749 2671 2813 ἄλλως
2724 2750 2802 2821 τῷ
2844 2750 3116 2821 Ἀϐραὰμ,
3172 2753 3267 2805 καὶ
3318 2752 3491 2815 άλλως
3536 2752 3620 2825 τῷ

2052 2841 2255 2907 Ἰσαὰκ,
2287 2841 2365 2912 τῷ
2415 2841 2613 2895 Ἰακὼϐ
2646 2842 2840 2905 ἄλλως,
2867 2842 2946 2911 τῷ
2983 2841 3130 2906 Νῶε,
3168 2843 3245 2913 τῷ
3291 2842 3507 2913 Δανιὴλ,
3537 2843 3621 2911 τῷ

2037 2934 2246 2998 Μωσεῖ,
2281 2935 2359 3003 τῷ
2389 2934 2578 2998 Δαϐὶδ,
2610 2935 2706 2987 xui.
2739 2934 2955 3001 ἑκάστῳ
2999 2933 3107 2985 τῶν
3141 2933 3455 3003 προφητῶν,
3493 2951 3620 3003 σμι-

2038 3021 2251 3090 κρύνων
2302 3022 2495 3075 ἑαυτὸν
2537 3022 2631 3076 καὶ
2688 3022 3105 3091 σωματοποιῶν,
3156 3022 3345 3092 ὥσπερ
3373 3025 3615 3094 εἴρηται,

2041 3113 2563 3181 μεταμορφούμενὸς
2594 3129 2652 3165 τε
2686 3115 2779 3166 καὶ
2808 3114 3197 3183 ὀπτανόμενος,
3229 3113 3438 3176 τούτοις
3474 3114 3619 3182 ἀγα-

2037 3202 2212 3257 πῶσιν
2238 3202 2418 3267 αὑτὸν,
2442 3204 2501 3256 οὐ
2532 3204 2764 3257 καθόσον
2785 3204 2946 3267 αὐτός
2971 3206 3117 3258 ἐστιν
3136 3202 3437 3275 (ἀχὼρητος
3462 3200 3622 3273 γὰρ),

2037 3293 2173 3347 ἀλλά
2213 3294 2355 3347 κατά
2383 3296 2483 3365 τὴν
2520 3296 2742 3349 ἐκείνων
2776 3296 3018 3366 χώρησεν
3043 3312 3102 3349 τε
3134 3296 3230 3349 καὶ
3253 3295 3504 3366 δύναμιν,
3529 3295 3623 3349 διὰ

2038 3384 2135 3457 τὴν
2180 3386 2383 3457 πολλὴν
2418 3386 2511 3440 καὶ
2543 3387 2903 3458 ἀπερινόητον
2951 3388 3019 3459 ἢν
3072 3387 3231 3459 ἔσχεν
3279 3389 3359 3451 είς
3420 3387 3622 3451 αὐτοὺς

1961 3466 2003 3524 C
2036 3479 2279 3549 ἀγάπην.

2105 3590 2183 3647 0’.
2210 3590 2372 3663 Ψυχὴ
2404 3588 2801 3656 καταξιωθεῖσα
2826 3590 2925 3664 τὴν
2946 3592 3004 3660 ἐξ
3031 3591 3198 3662 ὕψους
3222 3594 3618 3648 είσοικίσασθαι

2034 3684 2285 3755 δύναμιν,
2320 3685 2413 3739 καὶ
2440 3686 2501 3739 τὸ
2534 3684 2647 3756 πῦρ
2676 3686 2853 3739 ἐκεῖνο
2880 3686 2940 3738 τὸ
2971 3686 3135 3749 θεῖον,
3182 3687 3279 3741 καὶ
3309 3687 3407 3759 τὴν
3449 3690 3616 3741 ὲπουο

2040 3770 2221 3840 ράνιον
2254 3771 2347 3825 τοῦ
2382 3772 2589 3841 ἀγαθοῦ
2624 3773 2938 3843 Πνεύματος
2973 3774 3198 3845 ἀγάπην
3234 3777 3620 3848 συγκεκραμέ-

2036 3879 2134 3933 νην
2186 3862 2386 3934 ἕχουσα
2435 3866 2547 3928 τοῖς
2598 3863 2793 3919 ἑαυτοῦ
2847 3865 3058 3936 μέλεσι,
3112 3868 3294 3937 πάσης
3347 3869 3620 3938 κοσμικῆς

2036 3955 2257 4027 ἀγάπης
2287 3957 2531 4026 ἀτεχνῶς
2555 3956 2762 4023 λύεται,
2790 3959 2886 4012 καὶ
2917 3957 3120 4026 δεσμοῦ
3152 3958 3352 4023 κακίας
3378 3960 3612 4014 ἀνίεται.

2039 4049 2250 4120 Ὠσπερ
2279 4052 2387 4123 γὰρ
2423 4052 2642 4123 σίδηρος
2672 4054 2706 4125 ἢ
2749 4053 3031 4123 μόλυϐδος,
3062 4056 3263 4126 χρυσός
3297 4072 3356 4107 τε
3385 4056 3481 4108 xui.
3516 4055 3620 4127 ἀρ-

2034 4158 2202 4211 γυρος
2230 4143 2365 4213 πυρὶ
2387 4144 2759 4214 παραϐληθεὶς
2782 4143 2991 4210 λύεται,
3020 4145 3115 4199 καὶ
3144 4144 3245 4215 τῆς
3276 4146 3489 4215 φύσεως
3517 4146 3618 4201 αὗ·-

2032 4236 2127 4289 τοῦ
2162 4235 2222 4289 τὸ
2255 4235 2545 4288 ἀντίτυπον
2572 4236 2651 4299 είς
2678 4235 2996 4307 ἁπαλότητα
3032 4237 3379 4308 μεταϐάλλει,
3417 4239 3473 4290 ὲν
3506 4239 3616 4309 ὅσῳ

2035 4345 2093 4380 τε
2119 4327 2195 4397 τῷ
2223 4327 2360 4398 πυρὶ
2397 4328 2593 4397 ὁμιλεῖ,
2620 4326 2818 4399 χαῦνὸς
2838 4328 2956 4381 ἐστι
2994 4328 3088 4383 καὶ
3117 4328 3361 4395 ἔκλυτος,
3390 4330 3484 4385 καὶ
3515 4331 3615 4400 τὴν

2036 4413 2274 4485 φυσικὴν
2301 4415 2695 4487 ἀποϐεϐληκὼς
2726 4416 3053 4471 ἀντιτυπίαν
3076 4418 3163 4471 διὰ
3186 4419 3283 4489 τήν
3311 4420 3405 4473 τοῦ
3442 4420 3613 4492 πυρὸς

2033 4504 2265 4575 δύναμιν
2286 4521 2300 4535 ⁸
2328 4505 2471 4559 οὕτω
2511 4507 2771 4578 καὶψυχὴ
2806 4508 2868 4561 τὸ
2896 4510 3217 4580 ἐπουράνιον
3250 4513 3426 4565 ἐκεῖνο
3457 4512 3613 4576 δεξα-

2038 4599 2175 4669 μένη
2205 4597 2316 4670 πῦρ
2348 4599 2445 4671 τῆς
2476 4600 2697 4670 ἀγάπης
2730 4600 2825 4653 τοῦ
2856 4600 3194 4671 Πνεύματος,
3234 4602 3415 4675 πάσης
3445 4619 3613 4671 προσ-

346 4723 435 4762 ma
466 4723 588 4777 qua:
624 4703 1080 4774 superccelestem
1104 4702 1257 4756 illum
1288 4702 1542 4773 concepit
1586 4704 1769 4774 ignem
1821 4704 1931 4773 spi-

2040 4690 2271 4754 παθείας
2306 4690 2401 4744 τοῦ
2444 4690 2712 4761 κοσμικοῦ
2743 4693 3062 4763 Πνεὺματος
3088 4696 3344 4765 ὲκχωρεῖ,
3378 4696 3471 4749 καὶ
3504 4694 3609 4748 τῶν

346 4804 563 4862 ritualis
591 4798 900 4863 charitatis,
929 4812 1148 4853 omnem
1177 4812 1207 4851 a
1265 4812 1323 4850 se
1362 4796 1618 4851 aﬂ‘eetum
1664 4795 1930 4852 mundani

2040 4780 2250 4849 δεσμῶν
2274 4782 2491 4850 ἀφίεται
2519 4785 2618 4853 τῆς
2638 4782 2854 4849 κακίας,
2883 4784 2940 4850 ἐξ
2964 4785 3133 4855 αὐτῆς
3157 4802 3217 4838 τε
3245 4784 3345 4856 τῆς
3378 4785 3610 4855 φυσικῆς

344 4896 573 4967 spiritus
604 4891 797 4963 procul
828 4891 1016 4954 habet,
1060 4887 1407 4957 vinculisque
1456 4888 1680 4943 malitia:
1714 4888 1932 4943 cunctis

2040 4875 2405 4946 σκληρότητος
2447 4875 2773 4945 μεταϐάλλει
2800 4877 2900 4948 τῆς
2925 4878 3220 4947 ἀμαρτίας,
3259 4879 3433 4948 μικρά
3470 4877 3609 4930 πάν-

344 4965 678 5049 exsolvitur;
708 4990 764 5036 et
794 4997 861 5035 ex
887 4980 1005 5050 ipsa
1028 4994 1086 5034 se
1106 4978 1320 5032 relaxat
1340 4977 1704 5034 emullescens
1726 4977 1931 5033 duritie

2040 4983 2097 5019 τα
2131 4965 2455 5037 λογιζομένη
2498 4968 2592 5020 καὶ
2622 4966 2985 5038 ἀτιμάζουσα,
3021 4969 3169 5039 Φημὶ
3198 4970 3243 5022 δ’
3273 4971 3360 5024 ὃτι
3402 4971 3505 5025 κᾶν
3530 4988 3613 5027 τι-

344 5075 586 5145 peccati;
617 5088 779 5142 parva
808 5071 990 5125 omnia
1013 5069 1290 5124 mundana
1322 5078 1608 5139 reputans,
1628 5078 1685 5125 et
1710 5077 1771 5123 ut
1798 5069 1931 5124 vilia

2040 5079 2119 5119 νες
2144 5064 2285 5133 ἀὐτῇ
2328 5058 2437 5116 εἷεν
2462 5064 2680 5133 ἀδελφοὶ
2715 5065 2836 5117 κατ’
2864 5065 3041 5136 ἄκραν
3084 5065 3419 5134 φιλούμενοι,
3474 5068 3610 5136 πρὸς

344 5174 725 5221 contemnens.
765 5159 917 5215 Hanc
947 5160 1034 5214 aio
1060 5159 1318 5229 equidem
1342 5161 1427 5217 vel
1455 5163 1498 5214 si
1525 5161 1792 5230 quosdam
1814 5160 1930 5214 fra-

346 5264 461 5309 tres
503 5251 724 5314 babeat,
762 5250 865 5319 ipsi
899 5248 1295 5314 cbarissimos;
1344 5250 1693 5319 senseritque
1719 5248 1926 5319 aliquid

344 5340 725 5416 impedimenti
766 5340 916 5408 ipsos
948 5338 1189 5408 objicere
1218 5338 1485 5393 exercitio
1514 5355 1629 5393 suae
1655 5340 1709 5393 in
1753 5340 1926 5394 Deum

344 5432 653 5496 charitatis,
686 5428 862 5485 amori
908 5428 1176 5498 ipsorum,
1214 5430 1472 5484 nuntium
1502 5432 1779 5501 extemplo
1805 5446 1926 5487 esse

345 5525 723 5581 rctnissuram.
760 5519 816 5573 Si
839 5519 991 5573 enim
1019 5533 1175 5572 amor
1202 5535 1333 5591 erga
1366 5521 1588 5592 nuptias
1631 5522 1703 5578 ob
1733 5538 1927 5577 carna-

2028 5154 2083 5208 δὲ
2110 5155 2327 5225 ἐκείνην
2362 5156 2498 5225 αὐτῇ
2531 5156 2953 5225 παραποδὶζοιεν
2979 5158 3078 5227 τὴν
3112 5158 3355 5229 ἀγάπην,
3391 5160 3480 5212 καὶ
3512 5160 3612 5212 αὖ-

2033 5248 2160 5309 τοὺς
2200 5245 2265 5299 ἂν
2313 5246 2782 5319 ἀποστέρξοιεν,ή
2824 5248 2903 5319 τῷ
2944 5248 3167 5319 τοιούτῳ
3199 5248 3363 5318 ἔρωτι
3412 5249 3615 5303 ἁλοῦσα

2033 5338 2203 5409 ψυχή.
2257 5339 2319 5391 Εἰ
2369 5340 2479 5411 γὰρ
2531 5340 2801 5410 σαρκικῆς
2842 5338 3124 5402 κοινωνίας
3171 5341 3361 5412 ἀγάπη
3407 5341 3609 5410 γάμου,

2036 5426 2243 5496 πατρός
2285 5445 2343 5480 τε
2383 5428 2479 5481 καὶ
2514 5429 2750 5500 μητέρος
2794 5430 2891 5481 κα)⁸
2926 5429 3173 5497 ἀδελφῶν
3202 5430 3468 5499 διίστησιο
3508 5429 3611 5483 κᾶν

2035 5538 2118 5584 τις
2144 5519 2271 5592 φιλῇ
2306 5537 2426 5575 τινα
2449 5520 2672 5589 τούτων,
2706 5521 2764 5589 ἐξ
2796 5520 3061 5593 ἐπιπολῆς
3091 5520 3251 5593 φιλεῖ,
3279 5522 3376 5591 τὴν
3412 5520 3467 5575 δὲ
3491 5520 3609 5578 διά-

419 5723 462 5755 ¹¹⁵
485 5724 643 5778 Deut.
670 5741 743 5791 ιν,
775 5725 865 5791 24;
914 5723 1081 5781 Ilebr.
1115 5741 1209 5793 xu,
1234 5724 1327 5781 29.
1374 5724 1447 5801 A"
1472 5722 1629 5779 Joan.
1662 5738 1736 5789 Vl,
1772 5722 1860 5778 5L

2040 5722 2138 5780 )id.
2178 5725 2263 5781 44.
