3980 6434
419 346 521 410 897

1437 345 1668 405 LIBER
1708 345 1805 405 DE
1843 344 2319 407 ELEVATIONE
2360 347 2672 410 MENTIS.

3584 345 3688 409 899

417 457 569 511 θεσιν
597 452 729 523 ὃλην
770 453 990 507 καὶτὸν
1041 452 1202 508 πόθον
1251 455 1386 527 πρὸς
1430 456 1532 526 τὴν
1584 456 2002 527 συνῳκισμένην

2127 474 2212 514 em
2245 459 2695 530 conjunctionem
2721 458 2905 522 initas,
2932 473 2963 513 a
3001 464 3177 528 patre,
3225 464 3405 511 matre
3429 468 3486 513 et
3509 458 3691 514 fratri-

416 547 565 617 αὺτῷ
594 549 822 601 τέτακεν
840 563 855 578 ⁶
886 548 935 599 εί
964 549 996 618 ἡ
1038 550 1136 619 τῆς
1169 551 1369 619 σαρκὸς
1400 550 1553 618 φιλία
1579 550 1723 603 οὕτω
1754 550 1870 602 λύει
1899 551 2007 605 πὰ-

420 655 515 704 σης
538 638 705 707 ἄλλης
736 635 829 690 τοῦ
862 637 1069 707 κόσμου
1106 637 1309 706 φιλίας,
1356 640 1518 711 σχολῇ
1551 641 1603 707 γ’
1635 639 1702 692 ἂν
1730 639 1780 692 οί
1814 640 2009 710 ἐκείνῳ

418 729 495 798 τῷ
542 729 746 782 ἀπαθεῖ
794 727 1087 798 βληθέντες
1139 728 1303 799 ἔρωτι
1356 731 1463 783 τινὶ
1504 731 1613 783 τῶν
1657 730 1751 784 τοῦ
1804 730 2008 801 κόσμου

440 822 696 876 καθεκτοὶ
719 822 982 889 γένοιντο.

2112 549 2214 604 bus
2243 548 2528 620 disjungit,
2546 559 2607 605 ut
2633 549 2679 604 si
2714 550 2839 619 quis
2866 548 3065 602 horum
3092 548 3331 617 aliquem
3359 556 3529 611 amet,
3558 548 3695 602 levi-

2115 650 2198 695 ter
2234 650 2291 695 et
2320 640 2703 710 superﬁciarie
2758 648 2904 694 amet
2938 658 2951 705 ;
3001 654 3221 693 omnem
3258 653 3390 693 vero
3434 638 3691 694 allectum

2114 731 2306 796 animi,
2328 746 2490 786 omne
2523 730 2861 785 desiderium
2901 729 2969 784 ad
2994 729 3401 784 cohabitantem
3428 728 3530 799 ipsi
3558 745 3694 785 con-

2111 824 2297 893 jugem
2321 821 2541 876 alﬁxum
2572 821 2805 885 habeat;
2845 829 3009 890 atque
3040 821 3085 875 si
3107 820 3345 875 carnalis
3374 813 3689 889 hujusmodi

429 915 675 970 amicitia
721 930 946 970 omnem
990 914 1152 969 aliam
1214 917 1399 973 carnis
1454 917 1753 972 amicitiam
1778 918 2109 988 disrumpat,
2138 933 2208 971 an
2238 932 2404 988 segne
2439 918 2615 973 otium
2646 917 2753 973 erit
2785 917 3062 973 desiderio
3096 914 3527 986 perturbationis
3572 927 3689 966 om-

421 1012 508 1078 nis
538 1012 773 1067 immuni
799 1011 1087 1081 permissis
1114 1028 1359 1069 amorem
1386 1015 1626 1085 aliquem
1669 1015 1861 1070 mundi
1895 1031 2007 1069 non
2039 1014 2336 1070 cohibendi
2366 1016 2391 1069 ί

489 1101 547 1158 l'.
589 1104 842 1175 Χρηστὺς
874 1102 949 1154 ῶν
985 1103 1367 1175 φιλάνθρωπος
1391 1108 1419 1158 ὁ
1444 1106 1599 1170 Θεὸς,
1627 1106 2002 1178 μακροθύμως

2180 1104 2249 1159 Χ.
2290 1106 2567 1177 Benignus
2599 1116 2655 1161 et
2676 1106 2963 1161 hominum
2999 1119 3188 1159 amans
3208 1102 3373 1166 Deus,
3399 1099 3570 1156 multa
3600 1114 3684 1168 pa-

421 1195 553 1265 ἔχει,
600 1198 692 1250 καὶ
743 1196 911 1260 πολύς
962 1197 1111 1249 ἐστιν
1157 1197 1443 1268 ἀναμένων
1487 1199 1586 1270 τὴν
1629 1200 1861 1255 ἑκάστου
1899 1200 2009 1254 τῶν

2124 1198 2304 1254 .ientia
2324 1208 2605 1271 exspectat
2631 1203 2900 1271 cujusque
2918 1198 3265 1269 peccantium
3287 1191 3691 1265 pmnilentiam,

422 1288 848 1359 ἁμαρτανόντων
903 1288 1195 1358 μετάνοιαν
1217 1306 1233 1322 ο
1277 1290 1469 1360 ἑορτὴν
1502 1291 1757 1361 οὐρανίαν
1786 1291 2009 1361 τιθέμε-

425 1396 514 1441 νος
541 1379 643 1448 τὴν
674 1378 769 1431 τοῦ
804 1377 1250 1448 μεταμελομένου
1278 1380 1615 1451 ἐπιστροφήν
1634 1398 1648 1410 ο
1695 1380 1858 1449 Χαρὰ
1880 1382 2010 1451 γὰρ,

428 1469 595 1536 φησὶν
621 1468 803 1530 αὗτδς.
829 1466 900 1519 ἐν
923 1463 1002 1531 τῷ
1040 1466 1273 1533 οὐρανῷ
1314 1469 1539 1538 γίνεται
1562 1467 1659 1522 ἐπὶ
1699 1468 1790 1522 ἑνί
1822 1468 2007 1537 ἀμαρ-

425 1556 594 1622 τωλῷ
639 1555 1058 1626 μετανοοῦντι.
1090 1557 1151 1610 El
1194 1557 1251 1610 δέ
1293 1574 1376 1620 τις
1405 1559 1504 1629 τὴν
1538 1560 1882 1630 χρηστότητα
1915 1558 2007 1611 αὑ-

422 1649 521 1718 τὴν
559 1651 653 1702 καὶ
702 1648 1086 1719 μακροθυμίαν
1136 1648 1300 1719 ὁρῶν,
1342 1650 1439 1703 καὶ
1470 1652 1552 1704 ὅτι
1590 1652 1665 1723 μὴ
1716 1653 1829 1714 τοῖς
1863 1652 2006 1705 κατὰ

430 1744 596 1813 μέρος
642 1742 1037 1811 ἁμαρτήμασιν
1083 1742 1476 1813 ἐπεξέρχεται,
1530 1744 1630 1816 τὴν
1679 1746 2003 1815 μετάνοιαν,

2116 1290 2173 1344 in
2203 1290 2400 1345 festum
2452 1292 2673 1346 caeleste
2708 1292 3005 1345 instituens
3043 1285 3423 1357 resipiscentis
3460 1298 3693 1338 conver-

2111 1382 2325 1437 sionem
2359 1382 2673 1459 :ﬁaudium
2702 1382 2873 1445 enim,
2911 1381 2989 1435 ait
3019 1381 3156 1450 ipse,
3181 1386 3257 1431 est
3289 1379 3345 1431 in
3375 1374 3501 1429 εωίο
3533 1388 3694 1443 super

2113 1486 2219 1524 uno
2253 1481 2527 1541 peccatore
2567 1472 2934 1543 paenitentiam
2974 1467 3242 1539 agente".
3286 1464 3343 1520 Si
3393 1479 3525 1519 vero
3566 1461 3695 1532 quis

2113 1563 2254 1619 hanc
2280 1563 2729 1618 animadvertens
2763 1563 2859 1617 Dei
2885 1561 3186 1616 bonitatem
3216 1568 3274 1613 et
3305 1552 3696 1628 longanimita-

2113 1660 2245 1718 tcm,
2282 1668 2389 1722 qua
2415 1653 2518 1708 sibi
2555 1659 2883 1721 temperata
2907 1650 3136 1721 singulis
3167 1647 3417 1718 protinus
3449 1642 3697 1699 crimini-

2115 1742 2219 1799 bus
2257 1744 2614 1809 ulciscendis,
2640 1752 2987 1813 exspectans,
3030 1749 3092 1794 ut
3123 1739 3384 1802 diximus,
3420 1735 3697 1808 poeniten-

433 1832 624 1903 ὥσπερ
684 1834 916 1903 ἔφημεν,
968 1833 1344 1904 ἐκδεχόμενος,
1413 1835 1844 1907 κατολιγωρήσει
1911 1836 2012 1907 τῆς

2124 1835 2283 1899 tiam,
2334 1835 2576 1906 negligat
2620 1840 3056 1905 praeceptum,et
3091 1831 3189 1885 Dei
3241 1830 3565 1893 bonitatem,
3594 1842 3697 1897 pro

432 1923 674 1994 ἐντολῆς,
721 1925 818 1978 καὶ
860 1923 959 1994 τὴν
991 1924 1362 1995 χρηστότητα,
1394 1924 1532 1994 φεῦί
1568 1923 1824 1995 ἀφορμὴν
1856 1923 2012 1994 σχοίη

426 2016 567 2087 πρὸς
628 2016 1074 2086 καταφρόνησιν,
1144 2017 1450 2089 ἁμάρτημα
1503 2017 1599 2070 ἐπὶ
1656 2017 2015 2088 ἁμαρτήματι

424 2108 759 2178 προστιθεὶς,
793 2110 886 2161 καὶ
914 2108 1323 2180 προσκώμματι
1354 2108 1709 2179 πρόσκωμμα
1740 2107 2017 2161 ἐποικοδο-

427 2200 565 2271 μῶν,
590 2201 866 2272 ρᾳθυμίαν
888 2219 947 2255 τε
971 2204 1258 2256 συνάπτων
1276 2205 1344 2273 τῇ
1371 2202 1634 2274 ῥᾳθυμίᾳ,
1665 2202 1864 2274 πληροῖ
1887 2202 2017 2266 τοὺς

424 2291 535 2345 τῶν
568 2292 859 2363 ἁμαρτιῶν
889 2293 1071 2362 ὅρους,
1114 2291 1209 2345 καὶ
1252 2293 1482 2363 τοιούτῳ
1508 2293 1698 2347 λοιπὸν
1732 2293 2015 2346 ἁλίσκεται

427 2385 860 2454 παραπτώματι,
902 2383 962 2449 ἐξ
982 2378 1044 2437 οὕ
1081 2385 1280 2455 μηκέτι
1309 2385 1484 2456 παρὸν
1519 2384 1667 2454 αὐτῷ
1700 2386 2015 2457 ἀνακτήσαο

428 2476 590 2529 σθαι·
621 2476 734 2529 ἀλλ’
768 2477 825 2539 ἐς
862 2477 1040 2546 μάτην
1071 2476 1171 2548 τὴν
1204 2476 1493 2548 συντριϐὴν
1525 2477 1787 2541 ὑποστὰς,
1813 2476 1911 2531 καὶ
1937 2476 2016 2547 τῷ

431 2566 657 2639 πονηρῷ
691 2569 773 2630 είς
807 2567 962 2631 τέλος
1010 2568 1407 2637 συγχωρηθεὶς,
1460 2568 1779 2621 ἀπόλλυται.
1829 2567 2015 2631 Οὕτως

429 2662 524 2714 ἐπὶ
552 2659 805 2730 Σοδόμων
834 2661 1093 2727 γέγονεν’
1137 2660 1554 2731 ἀποπλήσαντες
1584 2660 1693 2732 γὰρ
1727 2662 1821 2713 καὶ
1852 2662 2017 2732 ὑπερ-

430 2749 627 2811 ϐάντες
674 2748 801 2812 τοὺς
844 2749 953 2801 τῶν
994 2749 1279 2819 ἁμαρτιῶν
1331 2749 1510 2818 ὅρους,
1567 2748 1691 2801 ἐπεὶ
1721 2749 1909 2818 μηδὲν,
1939 2748 2015 2811 ὡς

432 2843 627 2908 εἰπεῖν,
658 2840 911 2910 ζώπυρον
955 2841 1246 2909 μετανοίας
1293 2840 1476 2903 αὐτοῖς
1512 2840 1835 2913 ὑπελείφθη,
1879 2840 2014 2894 ἀνά-

430 2931 591 3002 λωμα
622 2932 795 3003 πυρὸς
829 2932 933 2984 ὑπὸ
965 2932 1062 2999 τῆς
1105 2931 1255 2994 θείας
1285 2931 1442 3001 δίκης
1482 2932 1790 3000 γεγόνασιν.
1828 2932 2015 2994 Οὕτως

436 3022 530 3076 ἐπὶ
556 3023 678 3074 Νῶε
700 3038 713 3053 ·
744 3022 837 3073 καὶ
864 3022 974 3091 γὰρ
1001 3021 1278 3091 ἀχαλίνοις
1322 3021 1596 3092 χρώμενοι
1628 3024 1749 3085 ταῖς
1792 3023 1887 3075 ἐπὶ
1915 3023 2014 3093 τὴν

434 3112 635 3167 κακίαν
657 3114 876 3183 ὁρμαῖς,
907 3117 1000 3166 καὶ
1032 3113 1197 3183 μηδὲν
1223 3108 1362 3175 εἶδος
1388 3116 1676 3182 μετανοίας
1707 3114 2015 3169 ἐπιδεικνῦ-

2118 1926 2305 1980 nefasl
2353 1924 2411 1978 in
2445 1924 2790 1979 occasionem
2829 1932 3177 1992 contemptus
3224 1928 3423 1983 vertat,
3469 1926 3695 1988 peccata

2116 2015 2360 2088 peccatis
2379 2015 2755 2082 accumulans,
2781 2022 2839 2069 et
2866 2013 3124 2069 seandalo
3152 2011 3471 2067 scandalum
3492 2025 3694 2079 super-

2118 2105 2760 2176 struens,desidiamque
2781 2120 3012 2160 assuens
3034 2102 3293 2168 desidiae;
3333 2101 3381 2155 is
3410 2116 3542 2156 sane
3572 2113 3701 2169 pec-

2119 2210 2365 2254 catorum
2410 2198 2603 2268 implet
2645 2197 2931 2263 terminos,
2964 2203 3022 2251 et
3051 2196 3120 2249 de
3151 2200 3352 2250 caitero
3384 2192 3440 2246 in
3476 2191 3567 2245 tali
3602 2190 3701 2245 de-

2119 2290 2485 2361 prehenditur
2506 2290 2767 2359 lapsu,ex
2780 2304 2891 2358 quo
2917 2303 3028 2342 non
3050 2286 3286 2355 amplius
3317 2284 3394 2338 illi
3419 2282 3700 2353 continget

2119 2382 2173 2435 in
2211 2381 2484 2450 integrum
2531 2378 2751 2433 restitui
2779 2395 2794 2443 ;
2823 2377 3028 2447 quippe
3058 2375 3217 2446 quasi
3249 2373 3507 2429 contritis
3537 2372 3699 2427 ruina

2118 2471 2384 2526 membris
2429 2470 2693 2535 innitens,
2721 2477 2778 2524 et
2829 2469 3071 2539 maligno
3101 2483 3163 2523 se
3214 2481 3389 2535 usque
3431 2465 3485 2518 in
3532 2463 3698 2518 finem

2118 2562 2468 2631 permittens,
2518 2562 2685 2631 perit.
2746 2560 2837 2615 Sic
2876 2560 3133 2615 Sodomis
3187 2558 3418 2623 accidit;
3481 2556 3699 2625 expleta

2117 2656 2266 2710 enim
2294 2664 2350 2710 et
2383 2655 2835 2725 supercumulata
2867 2670 3125 2709 mensura
3158 2662 3537 2723 peccatorum,
3568 2667 3697 2705 cum

2117 2764 2187 2803 ne
2224 2749 2518 2804 scintillam
2563 2748 2811 2817 quidem,
2842 2756 2903 2800 ut
2950 2745 3029 2801 sic
3069 2746 3271 2811 dicam,
3306 2745 3462 2799 bonae
3496 2743 3701 2797 mentis

2116 2839 2182 2893 ad
2208 2854 2359 2909 spem
2384 2839 2724 2909 paenitentiae
2744 2838 3015 2908 reliquam
3039 2837 3314 2901 fecissent,
3348 2836 3471 2907 igne
3497 2834 3700 2889 divina:

2120 2931 2344 2985 ultionis
2374 2931 2739 2984 instrumento
2761 2937 2891 2984 sunt
2917 2929 3202 2998 assumpti.
3224 2928 3315 2983 Sic
3346 2940 3402 2983 et
3423 2929 3476 2982 in
3500 2927 3699 2982 diebus

2117 3020 2252 3083 Noe,
2300 3020 2522 3090 quando
2547 3028 2773 3076 ruentes
2798 3020 2989 3074 effusis
3020 3020 3073 3073 in
3103 3019 3256 3073 nefas
3286 3035 3449 3073 omne
3468 3019 3701 3073 habenis

2119 3112 2393 3177 homines,
2431 3112 2583 3167 nullo
2613 3120 2937 3182 argumento
2967 3111 3093 3166 dato
3116 3110 3493 3165 verisimilitcr
3529 3110 3703 3166 confi-

439 3222 611 3276 μενοι,
644 3206 958 3273 τηλικοῦτον
999 3207 1212 3267 ἑαυτοῖς
1252 3207 1537 3276 ἁμαρτιῶν
1562 3206 1725 3274 ὄγκον
1758 3205 2016 3277 ὲξεκορύ-

2124 3203 2287 3259 dcndi
2323 3204 2462 3269 fore,
2495 3211 2556 3257 ut
2593 3203 2661 3258 ad
2707 3203 2995 3258 meliorem
3034 3217 3093 3257 se
3128 3201 3340 3272 frugem
3370 3202 3701 3271 reciperent,

434 3313 645 3366 φωσαν,
677 3297 753 3360 ὡς
785 3298 968 3350 πᾶσαν
1006 3297 1141 3365 ὁμοῦ
1178 3296 1276 3366 τὴν
1306 3297 1411 3366 γῆν
1454 3299 1534 3359 είς
1568 3299 1677 3351 πᾶν
1710 3296 2017 3369 διαῳθαρῆ-

435 3405 545 3441 ναι.
585 3387 742 3442 Οὕτω
788 3391 901 3452 τοῖς
929 3388 1249 3456 Αἰγυπτίοις
1292 3390 1461 3443 πολλὰ
1495 3389 1881 3461 πλημμελοῦσι
1921 3394 2018 3442 καὶ

434 3481 516 3544 εἰς
545 3479 643 3550 τήν
669 3479 763 3533 τοῦ
794 3480 929 3533 Θεοῦ
954 3481 1082 3534 λαὸν
1110 3480 1453 3551 ἐξυϐρίζουσι
1473 3496 1488 3511 ·
1515 3480 1750 3551 χρηστὸς
1778 3476 1847 3550 ἦν
1871 3482 2018 3532 ἐκεῖ·

436 3590 526 3635 νος
571 3573 632 3625 οὐ
682 3572 1031 3642 πανωλεθρίᾳ
1062 3572 1414 3643 παραδιδοὺς,
1456 3573 1593 3625 ἀλλὰ
1623 3574 1711 3626 διὰ
1738 3574 1846 3625 τῶν
1875 3574 2019 3627 κατὰ

440 3666 606 3736 μέρος
638 3665 923 3735 μαστίγων
962 3668 1042 3728 είς
1080 3666 1370 3735 μετάνοιαν
1403 3667 1745 3735 ἐπαγόμενος
1766 3681 1781 3697 ·
1812 3667 1935 3718 ἐπεὶ¹
1963 3665 2019 3717 δὲ

437 3758 863 3827 ἐπιστρέφοντες
906 3755 1230 3827 ἀγαπητῶς,
1282 3757 1447 3810 πάλιν
1488 3758 1626 3827 πρὸς
1669 3757 1768 3827 τὴν
1822 3757 2022 3810 κακίαν

437 3851 793 3921 ἀνέστρεφον,
850 3849 946 3903 καὶ
1004 3852 1103 3919 τῆς
1151 3850 1425 3921 προτέρας
1474 3850 1682 3919 εῐχοντο
1739 3849 2017 3912 ἀπιστίας,

435 3942 662 4012 ἔσχατον
715 3942 770 3995 δὲ
821 3942 917 3995 καὶ
962 3941 1052 3994 τὸν
1101 3939 1227 3995 λαὸν
1280 3943 1377 3994 τοῦ
1430 3941 1634 4013 Κυρίου
1684 3943 2021 4012 ἀναγόμενον

437 4034 787 4098 κατεδίωκον,
837 4034 1119 4087 ἀνάλωσεν
1155 4034 1353 4096 αὐτοὺς
1385 4035 1419 4105 ή
1455 4034 1572 4088 θεῖα
1606 4034 1730 4105 δίκη
1764 4034 1826 4088 τὸ
1860 4035 2020 4089 σύνο-

437 4126 527 4179 λον
551 4127 644 4179 καὶ
673 4125 979 4179 ἀπώλεσεν.
1007 4125 1166 4179 Οὕτω
1190 4125 1285 4179 τοῦ
1323 4127 1541 4197 Ἰσραὴλ
1572 4127 1746 4181 πολλὰ
1764 4129 2023 4200 ἁμαρτά-

436 4237 640 4285 νοντος,
677 4220 772 4273 καὶ
810 4220 938 4282 τοὺς
980 4222 1264 4289 προφήτας
1299 4215 1693 4283 ἀποκτενόντος
1722 4220 1819 4273 τοῦ
1862 4220 2021 4285 Θεοῦ,

438 4312 537 4383 τῆς
565 4311 828 4382 συνήθους
847 4305 1001 4374 οὗτος
1030 4311 1415 4383 μακροθυμίας
1446 4312 1685 4380 ἐγίνετο-
1720 4312 1841 4366 ἐπεὶ
1862 4312 1919 4366 δὲ
1944 4312 2022 4375 είς

438 4404 597 4457 τοῦτο
638 4404 836 4467 κακίας
870 4403 1206 4475 προέκοψαν,
1265 4404 1341 4468 ὡς
1402 4405 1537 4475 μηδὲ
1590 4403 1653 4456 τὸ
1690 4404 2023 4457 Δεσποτικὸν

439 4496 830 4569 δυσωηθῆναι
891 4498 1148 4567 ἀξίωμα,
1211 4497 1349 4550 ἀλλὰ
1410 4499 1651 4566 κάκείνῳ
1701 4498 2020 4567 μιαιφόνους

441 4592 630 4660 χεῖρας
661 4589 947 4642 ἐπιϐαλεῖν
968 4605 981 4619 ⁸
1026 4590 1123 4643 καὶ
1155 4590 1310 4644 αὐτοὶ
1339 4589 1597 4654 καθάπαξ
1631 4590 2022 4661 ἀπεϐλήθησὰν

439 4700 498 4734 τε
557 4682 652 4735 καὶ
706 4681 1153 4753 κατεϐλήθησαν·
1203 4682 1298 4735 καὶ
1353 4682 1493 4752 ήρθη
1549 4682 1643 4734 ἀπ’
1683 4682 1866 4735 αὐτῶν
1897 4684 1933 4753 ἥ
1964 4700 2024 4736 τε

445 4772 772 4843 προφητεία,
804 4772 901 4825 καὶ
1006 4773 1249 4842 ἱερατεία
1292 4774 1386 4825 καὶ
1416 4774 1449 4844 ή
1482 4773 1727 4843 λατρεία.
1767 4775 1875 4827 Καὶ
1900 4776 2025 4828 ἐτει-

443 4866 643 4936 στεύοη
672 4864 845 4920 ταῦτα
868 4867 980 4928 τοῖς
1006 4863 1359 4919 πιστεύσασιν
1388 4864 1589 4921 ἔθνεσι.

515 5130 621 5188 lA'.
658 5131 1112 5204 Προσδρὰμωμεν
1143 5128 1222 5199 τῷ
1270 5128 1524 5184 καλοῦντι
1562 5132 1787 5203 Χριστῷ
1828 5134 2029 5204 προθύ-

451 5243 585 5297 μως,
625 5227 907 5297 ἐκχέοντες
941 5224 1029 5277 ἐπ’
1055 5222 1219 5277 αὐτὸν
1250 5222 1348 5284 τὰς
1380 5224 1607 5293 καρδίας
1635 5240 1649 5255 ο
1686 5229 1780 5278 καὶ
1822 5227 1897 5298 μὴ
1925 5229 2027 5299 τὴν

446 5315 655 5369 ἑαυτῶν
709 5313 1161 5376 ὲθελοκακοῦντες
1209 5312 1683 5385 ἁπογινὼσκωμεν
1728 5319 2025 5387 σωτηρίαν.

450 5408 560 5460 Καὶ
592 5406 749 5460 τοῦτο
792 5407 900 5477 γὰρ
957 5406 1051 5460 τοῦ
1105 5406 1342 5477 πονηροῦ
1394 5407 1672 5478 σόφισμα,
1718 5411 2025 5481 ὑπομνήσει

451 5501 734 5571 προτέρων
765 5499 1054 5570 ἁμαρτιῶν
1095 5500 1361 5552 ὁδοποιεῖν
1389 5501 1470 5561 εἰς
1502 5500 1840 5568 ἀπόγνωσιν.
1886 5503 2030 5556 Ἀλλ’

448 5592 581 5661 ἡμῖν
618 5589 982 5658 κατανοητέον
1008 5627 1024 5653 ,
1063 5588 1273 5656 ὅτιπερ]
1300 5589 1348 5640 εἰ
1379 5588 1586 5657 Κύριος
1609 5588 1781 5644 ἐλθὼν
1811 5591 2029 5661 τυφλῶν

519 5774 559 5806 ³¹
589 5772 719 5826 an.
754 5786 839 5833 xv,
879 5766 966 5821 l0.

780 5864 1053 5926 Parnm.
1094 5866 1207 5923 Cn.
1241 5865 1531 5927 XXXIV.

2119 3300 2329 3347 tantam
2384 3300 2606 3362 tamque
2638 3308 2861 3363 gravem
2910 3307 3077 3363 supra
3142 3307 3266 3347 sese
3309 3291 3509 3345 molem
3539 3306 3704 3360 exag-

2118 3392 2384 3454 gerarunt
2429 3383 2783 3449 delictorum,
2827 3392 2890 3439 ut
2922 3398 3113 3439 secum
3152 3392 3355 3437 terram
3382 3382 3704 3436 universam

2120 3475 2175 3529 in
2203 3476 2432 3531 exitium
2460 3477 2866 3545 pertraherent.
2896 3475 3053 3531 Haud
3097 3475 3389 3531 dissimilia
3435 3474 3707 3546 Egyptiis

2119 3578 2378 3627 evenere,
2413 3564 2585 3617 multa
2636 3572 2828 3643 contra
2876 3564 3049 3617 Deum
3085 3563 3253 3631 impie
3290 3563 3462 3628 ausis,
3517 3561 3708 3615 multis

2120 3654 2383 3720 grassatis
2432 3654 2487 3708 in
2525 3655 2644 3724 ejus
2690 3654 2955 3724 p0pulum
2986 3654 3223 3723 injuriis.
3271 3654 3455 3707 Bonus
3480 3652 3706 3722 quidem

2122 3745 2390 3799 Dominus
2420 3746 2632 3800 cladem
2654 3754 2956 3800 extremam
3003 3744 3098 3798 diu
3131 3745 3368 3811 distulit,
3386 3746 3509 3799 aliis
3538 3760 3707 3814 super

2122 3835 2247 3888 aliis
2273 3821 2726 3906 castigationibus
2756 3849 2850 3889 eos
2882 3835 2949 3889 ad
2976 3835 3417 3905 resipiscentiam
3441 3836 3704 3901 invitatis;

2122 3937 2180 3983 at
2210 3944 2336 3983 cum
2382 3929 2597 3983 nullum
2652 3928 2816 3983 finem
2856 3929 3102 3983 facerent
3144 3930 3345 3998 saepius
3398 3928 3709 3999 iniquitatis

2124 4020 2487 4084 resumendae,
2529 4019 2750 4075 tandem
2798 4021 3063 4091 populum
3098 4020 3312 4076 Domini
3363 4022 3466 4075 rite
3515 4021 3707 4074 dimis-

2124 4128 2245 4167 sum
2278 4126 2694 4182 persequentes,
2726 4127 2791 4166 ac
2840 4111 3121 4165 retrahere
3148 4120 3433 4175 conantes,
3458 4122 3708 4165 extremo

2126 4202 2275 4274 ipsos
2311 4202 2393 4257 ira
2419 4202 2606 4257 divina
2655 4203 2824 4257 exitio
2860 4203 3138 4257 mactavit.
3172 4202 3447 4257 lsraelilas
3500 4202 3709 4272 pariter

2126 4298 2299 4352 multa
2336 4294 2741 4365 delinquentes,
2761 4294 2928 4349 caedis
2964 4295 3097 4364 quin
3121 4294 3286 4349 etiam
3311 4297 3709 4365 prophetarum

2125 4394 2223 4449 Dei
2263 4407 2409 4455 reos,
2455 4399 2750 4462 postquam
2800 4391 2958 4445 solita
3007 4390 3112 4444 sibi
3158 4390 3574 4460 longanimitate
3614 4390 3710 4443 diu

2128 4487 2416 4540 tolerasset
2466 4483 2766 4547 Dominus;
2826 4482 2922 4535 ubi
2977 4482 3044 4536 ad
3084 4492 3395 4537 extremum
3462 4482 3603 4536 vidit
3643 4498 3713 4537 eo

2130 4580 2281 4650 ipsos
2326 4578 2585 4631 immanis
2619 4574 2955 4646 processisse
2990 4575 3265 4639 amentiae,
3316 4585 3379 4629 ut
3413 4590 3592 4645 neque
3627 4574 3715 4628 di-

2133 4671 2315 4723 vinam
2362 4668 2415 4721 in
2469 4666 2637 4721 misso
2668 4666 2734 4719 ad
2762 4680 2859 4720 eos
2892 4665 2986 4719 Dei
3018 4666 3155 4720 Filio
3180 4665 3404 4720 reveriti
3450 4667 3714 4735 majesta-

2134 4770 2267 4822 tem,
2299 4771 2500 4812 manus
2536 4756 2588 4811 ei
2627 4765 2888 4811 cruentas
2917 4755 3229 4819 intulerint,
3257 4754 3546 4809 damnatos
3579 4755 3717 4810 irre-

2133 4852 2460 4908 vocabilitcr
2517 4850 2719 4921 abjecit
2770 4849 2826 4902 in
2880 4863 3045 4901 onme
3080 4858 3317 4915 tempus,
3366 4846 3713 4916 dejecitque,

2134 4949 2318 5002 ablata
2353 4948 2421 4999 iis
2467 4942 2781 5013 prophetia,
2837 4940 3168 5002 sacerdotio,
3222 4938 3523 5007 religione;
3576 4954 3717 5007 quas

2128 5038 2407 5095 commisit
2436 5034 2790 5091 credentibus
2816 5033 2872 5086 in
2898 5033 3077 5102 ipsum
3111 5030 3390 5101 gentibus.

2203 5130 2361 5201 193
2391 5129 2484 5183 XI.
2508 5128 2878 5182 Accurramus
2901 5124 2970 5177 ad
2994 5133 3283 5178 vocantem
3313 5139 3411 5178 nos
3435 5124 3715 5179 Christum

2128 5224 2416 5287 alacriter,
2456 5218 2807 5275 elfundentes
2851 5231 3018 5286 super
3068 5215 3249 5285 ipsum
3301 5216 3503 5281 corda;
3551 5226 3607 5270 et
3650 5231 3719 5271 ne

2132 5317 2618 5379 nostram,sponte
2646 5307 2994 5362 remittentes
3022 5307 3091 5362 de
3121 5316 3309 5363 nostra
3339 5309 3718 5371 contentione,

2131 5409 2493 5475 desperemus
2521 5402 2777 5457 salutem.
2810 5400 2945 5455 Nam
2982 5408 3038 5455 et
3068 5401 3174 5457 hoc
3204 5401 3407 5456 diaboli
3441 5399 3721 5470 sophisma

2130 5507 2235 5563 est,
2270 5493 2652 5551 recordatione
2690 5493 2940 5563 priorum
2982 5492 3308 5550 delictorum
3357 5493 3619 5549 inducere
3663 5492 3720 5547 in

2133 5588 2599 5661 desperationem.
2633 5586 2703 5642 At
2745 5586 2908 5643 nobis
2955 5588 3029 5643 ita
3078 5587 3430 5649 cogitandum
3480 5594 3565 5642 est
3613 5600 3628 5637 :
3674 5598 3723 5640 ει

3295 5859 3367 5921 23
