3980 6448
264 347 373 411 899

1512 363 1570 421 S.
1612 364 1667 422 Μ
1675 363 1929 424 ΑΟΑΗΙΙ
1971 366 2293 432 IEGYPTII

3424 386 3531 449 900

267 460 549 525 Dominus,
575 478 700 517 cum
738 462 791 518 in
818 464 964 521 hunc
988 468 1253 523 mundum
1283 468 1526 538 advenit,
1552 486 1838 539 caecorum,

1950 494 2008 569 τε
2035 480 2131 534 καὶ
2163 482 2493 554 παραλύτων
2525 489 2619 542 καὶ
2653 488 2854 559 κωφῶν
2883 491 3064 560 ἰατρὸς
3101 493 3195 546 καὶ
3224 494 3529 569 διορθωτῆς

265 555 685 627 paraiyticorum
714 598 727 619 ,
760 558 1053 613 surdorum
1093 561 1342 618 medicus
1378 572 1435 619 et
1472 565 1760 621 restitutor
1794 568 1848 622 in

267 646 538 717 integrum
572 648 705 715 fuit;
739 650 783 703 si
817 660 1066 707 mortuos
1086 654 1196 724 jam
1220 665 1510 726 corruptos
1533 659 1845 725 suscitavit;

264 746 469 806 quanto
507 739 683 808 magis
716 741 1018 796 czrcitatem
1052 745 1275 809 mentis,
1318 746 1513 802 anima:
1550 748 1845 818 pigritiam,

264 829 530 884 incuriosi
581 830 766 885 cordis
813 833 1034 888 curabit
1084 836 1445 905 surditatem;
1495 840 1848 911 quandoqui-

262 920 387 975 dem
425 931 487 974 ut
514 938 624 975 non
657 924 803 978 alius
826 924 895 978 ab
929 925 1053 994 ipso
1082 928 1333 997 corporis
1369 939 1588 985 creator
1619 943 1732 998 est;
1770 934 1845 988 ita

260 1025 317 1067 ct
344 1013 582 1067 animam
615 1014 729 1084 ipse
757 1016 1045 1071 condidit?
1076 1018 1143 1072 Et
1193 1020 1238 1074 si
1290 1036 1420 1092 erga
1451 1022 1592 1078 ﬂuxa
1620 1034 1676 1079 et
1700 1041 1847 1080 mor-

263 1104 389 1158 talia
418 1115 526 1159 tam
553 1106 786 1176 benigne
816 1122 881 1162 ac
904 1108 1208 1164 clementer
1230 1109 1465 1168 affectus
1494 1122 1609 1181 est;
1637 1125 1845 1185 quanto

262 1196 436 1267 magis
462 1198 755 1252 immortali
783 1199 1000 1265 animae,
1031 1203 1225 1257 morbo
1264 1204 1577 1274 iniquitatis
1604 1214 1662 1261 et
1693 1209 1840 1279 igno-

260 1291 450 1345 rantiae
494 1291 789 1358 laboranti,
835 1292 1037 1349 deinde
1086 1296 1371 1350 accedenti
1418 1297 1487 1351 ad
1539 1299 1717 1369 ipsum
1787 1310 1845 1357 et

259 1385 470 1450 oranti,
503 1384 770 1445 benevole
803 1388 1149 1442 curationem
1184 1389 1509 1446 adhibebit?
1541 1394 1661 1463 eius
1693 1394 1841 1449 enim

256 1490 362 1529 vox
389 1475 504 1529 hinc
532 1482 615 1529 est
646 1492 658 1529 :
689 1476 851 1530 Pater
874 1494 1019 1531 meus
1047 1478 1267 1534 caelestis
1289 1497 1468 1535 annon
1526 1483 1680 1552 faciet
1731 1488 1846 1539 vin-

256 1566 451 1620 dictam
479 1565 828 1621 clamantium
848 1568 918 1621 ad
944 1585 998 1623 se
1022 1570 1103 1623 die
1130 1588 1191 1624 ac
1208 1572 1393 1626 nocte?
1417 1572 1655 1638 Ita,dico
1676 1575 1838 1639 vobis,

257 1660 381 1729 quia
410 1660 512 1712 cito
540 1659 695 1729 faciet
725 1660 1011 1714 vindictam
1041 1677 1223 1716 eorum
1245 1666 1310 1716 ".
1344 1663 1409 1717 Et
1440 1664 1530 1719 illa
1558 1665 1677 1736 ejus
1702 1682 1843 1736 quo-

256 1764 364 1819 que
386 1764 490 1803 vox
519 1757 603 1804 est
636 1766 650 1804 :
681 1748 851 1803 Petite
881 1759 931 1804 et
959 1751 1172 1805 dabitur
1193 1753 1332 1811 vobis
1350 1754 1416 1807 ”.
1442 1754 1511 1809 Et
1532 1770 1724 1811 rursus
1748 1775 1761 1809 :
1783 1755 1842 1811 Si

256 1814 316 1895 eo
339 1842 476 1912 quod
508 1842 708 1895 amicus
736 1843 851 1912 ejus
876 1843 967 1908 sit,
1008 1859 1111 1897 non
1139 1845 1314 1910 dabit;
1346 1856 1559 1917 prapter
1584 1848 1839 1918 improbi-
1872 1814 1917 1873 Β

256 1941 421 1988 tatem
461 1943 640 1987 tamen
679 1935 793 2003 ejus
834 1943 1044 2005 surget,
1080 1945 1129 1989 et
1162 1936 1306 1990 dabit
1340 1937 1423 1992 illi
1464 1947 1661 2009 quanto
1702 1940 1842 1993 indi—

254 2033 339 2096 get
355 2025 419 2077 “.
442 2023 655 2090 Quibus
677 2024 865 2079 verbis
895 2026 959 2080 ad
993 2028 1139 2097 piam
1166 2043 1268 2083 nos
1292 2030 1587 2098 quamdam
1614 2031 1672 2085 in
1700 2031 1843 2101 peti-

256 2114 406 2169 tione
454 2113 874 2183 impudentiam,
907 2125 963 2170 et
1004 2115 1311 2187 improbam
1362 2118 1841 2191 importunamque

256 2206 575 2261 instantiam
617 2206 898 2261 hortatur.
932 2207 1230 2264 Enimvero
1269 2219 1495 2280 propter
1526 2222 1842 2282 peccatores

253 2297 372 2367 ipse
401 2298 572 2361 venit,
595 2307 653 2351 ut
678 2312 775 2353 eos
804 2297 873 2352 ad
898 2313 958 2354 se
984 2309 1352 2356 converteret.
1373 2301 1607 2357 Tantum
1634 2318 1666 2357 a
1691 2302 1841 2359 falsis

253 2388 577 2446 recedentes
604 2388 1179 2459 praeoccupationibus
1205 2391 1438 2445 Domino
1461 2406 1752 2457 vacemus;
1785 2401 1841 2446 et

253 2482 347 2537 ille
377 2496 479 2536 nos
522 2496 631 2535 non
665 2480 930 2551 despicit;
963 2481 1059 2537 sed
1086 2491 1372 2553 promptus
1401 2492 1507 2551 est,
1565 2484 1839 2540 submini-

250 2583 454 2639 strans,
477 2588 588 2643 quo
617 2572 686 2627 ab
707 2573 826 2643 ipso
852 2589 1096 2645 egemus,
1125 2575 1412 2631 auxilium.

324 2667 440 2722 XII.
474 2666 630 2722 Sicut
665 2667 718 2721 in
754 2668 950 2722 morbo
993 2676 1049 2724 et
1082 2668 1401 2725 infirmitate
1439 2668 1836 2739 deprehensis,

250 2759 473 2830 quando
507 2760 620 2830 jam
661 2775 865 2829 corpus
903 2775 1013 2815 non
1051 2761 1287 2832 amplius
1330 2762 1591 2817 alimenta
1631 2761 1741 2817 cibi
1783 2770 1839 2817 et

252 2861 415 2922 potus
457 2852 742 2921 percipere
788 2861 1003 2921 potest,
1045 2852 1370 2923 desperatur
1409 2853 1478 2909 de
1517 2862 1748 2923 aegroto,
1783 2864 1840 2909 et

252 2958 355 3013 pro
384 2950 541 2997 certo
570 2942 727 3013 signo
758 2944 951 2997 mortis
980 2944 1101 3015 ejus
1132 2944 1184 2998 id
1218 2944 1471 3011 habetur,
1498 2945 1645 3000 unde
1675 2945 1836 3000 amici

250 3045 308 3091 ct
331 3034 625 3090 necessarii
653 3035 826 3104 ipsius
853 3036 1006 3090 illmn
1037 3038 1227 3107 lugent
1247 3055 1260 3091 :
1282 3037 1361 3092 sic
1384 3038 1530 3092 Deus
1555 3047 1613 3092 et
1660 3038 1837 3109 angeli

252 3129 634 3183 animasesca
680 3129 891 3183 caelesti
938 3130 1087 3198 pasci
1134 3130 1371 3199 amplius
1418 3145 1527 3183 non
1569 3130 1835 3195 valentes,
1865 3168 1909 3225 ε

254 3221 429 3275 multo
462 3220 615 3274 luctu
646 3235 709 3274 ac
739 3220 996 3274 lamentis
1028 3230 1462 3291 prosequuntur.
1494 3221 1550 3275 Si
1584 3236 1716 3293 ergo
1750 3221 1833 3275 fa-

254 3323 376 3367 ctus
406 3311 480 3365 sis
507 3312 605 3366 Dei
638 3312 892 3377 thronus,
923 3311 1076 3365 illum
1108 3312 1439 3368 insidentem
1473 3313 1573 3367 tibi
1604 3313 1834 3377 habens,

254 3404 299 3458 si
333 3402 516 3457 anima
548 3411 638 3457 tua
670 3402 741 3456 sit
772 3412 885 3457 tota
915 3403 1216 3472 spiritualis
1242 3404 1455 3469 oculus,
1486 3412 1598 3459 tota
1628 3404 1752 3471 lux;
1788 3405 1835 3458 si

254 3502 443 3564 pastus
475 3509 534 3549 es
567 3495 690 3549 cibo
724 3494 818 3549 illo
848 3495 1153 3564 spiritualj;
1190 3496 1235 3551 si
1271 3503 1492 3566 potatus
1523 3511 1666 3566 aqua
1712 3496 1836 3550 viva

251 3595 313 3642 et
340 3587 616 3657 spirituali
648 3588 781 3642 vino
826 3588 1136 3643 Izetiﬁcante
1170 3604 1297 3655 cor;
1336 3589 1381 3643 si
1418 3597 1564 3643 tuam
1607 3589 1836 3644 induisti

251 3680 490 3734 animam
515 3680 765 3735 vestibus
796 3679 1091 3735 ineﬂ‘abilis
1115 3680 1341 3735 luminis
1375 3698 1388 3732 :
1418 3680 1461 3735 si
1494 3682 1689 3735 horum
1720 3696 1837 3735 om-

251 3774 405 3827 nium
436 3773 669 3828 interior
695 3781 824 3828 tuus
857 3774 1023 3828 homo
1054 3773 1488 3843 experimentum
1526 3774 1753 3844 ceperit,
1780 3782 1836 3829 et

249 3865 465 3935 plenam
500 3864 875 3930 securitatem,
899 3865 1040 3920 vivis
1071 3880 1200 3920 ecce
1224 3866 1337 3920 vita
1369 3865 1571 3920 abhinc
1598 3873 1839 3932 aeterna;

245 3967 316 4009 ex
353 3954 609 4023 praesenti
645 3955 757 4024 jam
799 3964 1048 4027 tempore
1087 3956 1312 4012 Christo
1350 3958 1837 4027 conrequiescens.

247 4043 344 4098 Sin
380 4044 623 4099 nondum
660 4046 777 4101 haec
809 4048 1145 4117 percepisti,
1179 4063 1360 4118 neque
1393 4047 1575 4104 adhuc
1608 4065 1674 4104 eo
1702 4066 1835 4119 pro-

246 4134 462 4202 fecisti,
494 4144 556 4190 ut
605 4137 708 4192 ista
758 4138 1040 4209 possideas
1093 4178 1108 4204 ,
1158 4138 1314 4208 plora
1360 4139 1746 4206 vehementer,
1780 4148 1836 4195 et

246 4226 502 4283 lamentis
547 4229 797 4301 indulge,
827 4230 974 4300 quod
1026 4230 1163 4285 tales
1215 4231 1363 4287 haud
1408 4234 1539 4287 dum
1590 4233 1836 4288 lucratus

248 4317 469 4374 divitias
510 4321 604 4375 sis.
647 4321 731 4375 Sit
759 4337 891 4375 vero
932 4321 1029 4375 tibi
1072 4335 1136 4376 ea
1178 4336 1332 4387 cura,
1365 4323 1481 4377 haec
1528 4332 1618 4377 tua
1658 4324 1835 4378 oratio

246 4412 512 4483 perpetua
553 4419 659 4473 pro
700 4414 792 4459 tua
830 4404 1206 4459 mendicitate.
1240 4406 1347 4461 Sed
1389 4408 1600 4461 utinam
1641 4407 1832 4462 saltem

1950 564 2040 640 ἦν,
2082 574 2310 643 νεκρούς
2350 593 2410 628 τε
2456 577 2558 648 ήδη
2603 581 3053 653 καταφθαρέντας
3096 564 3327 657 ἀνέστη,
3377 564 3531 659 πόσῷ

1954 662 2156 729 μᾶλλον
2190 665 2504 739 τυφλότητα
2526 671 2787 735 διανοίας,
2821 674 2914 728 καὶ
2940 674 3118 745 ψυχῆς
3148 676 3402 748 πάρεσιν,
3433 682 3531 735 καὶ

1948 756 2188 827 ἀμελοῦς
2223 765 2454 834 καρδίας
2489 766 2698 822 ἰάσεται
2738 769 3051 839 κώφευσιν,
3087 774 3213 826 ἐπεὶ
3243 774 3377 843 μηδέ
3405 774 3530 826 ἐτε-

1950 863 2064 914 ρος,
2090 850 2206 904 ἀλλ’
2242 854 2405 919 αὐτὸς
2438 858 2467 909 6
2497 857 2558 910 τὸ
2585 858 2749 930 σῶμα
2780 861 2995 927 κτίσας,
3041 862 3202 925 αὐτός
3233 864 3469 917 ἐστικαὶ
3500 865 3529 917 6

1945 940 2046 1026 τῂν
2069 943 2251 1015 ψυχήν
2276 960 2292 1009 ;
2319 948 2430 1001 Καὶ
2463 949 2512 1002 εί
2555 950 2691 1021 πρὸς
2718 952 2785 1005 τὰ
2814 952 3053 1023 λυόμενα
3092 957 3188 1008 καὶ
3221 956 3527 1026 θνήσκοντα

1945 1025 2100 1095 οὗτος
2152 1036 2401 1105 εὐμενῶς
2460 1039 2555 1092 καὶ
2606 1040 2765 1105 ίλέως
2803 1037 2940 1113 εἶχε,
3012 1045 3164 1115 πόσῳ
3211 1025 3411 1115 μᾶλλον
3455 1050 3525 1119 τῇ

1944 1123 2202 1197 ἀθανάτῳ
2244 1127 2389 1200 ψυχῇ
2449 1131 2649 1196 κακίας
2695 1134 2837 1205 νόσῳ
2874 1135 2971 1189 καὶ
3013 1136 3239 1204 ἀγνοίας
3291 1138 3519 1212 ἀλούσῃ,

1944 1213 2139 1270 ἔπειτα
2176 1223 2590 1295 προσερχομένη
2618 1224 2793 1296 τούτῳ
2824 1228 2915 1281 καὶ
2947 1227 3199 1302 δεομένῃ,
3228 1230 3522 1301 φιλανθρώ-

1945 1322 2063 1370 πως
2102 1306 2515 1379 θεραπευτικῶς
2549 1316 2845 1386 χρήσεται;
2878 1318 3045 1372 αὐτοῦ
3072 1321 3181 1389 γὰρ
3215 1321 3391 1391 φωνὴ,
3426 1322 3513 1375 τό·

1959 1398 2021 1453 '0
2050 1400 2251 1470 Πατήρ
2275 1421 2395 1472 μου
2435 1408 2467 1461 d
2497 1406 2778 1475 οὐράνιος
2812 1411 2883 1463 οὺ
2898 1409 2985 1479 μὴ
3012 1411 3254 1479 ποιήσει
3283 1413 3523 1483 ἐκδίκη-

1942 1504 2050 1545 σιν
2080 1489 2202 1546 τῶν
2217 1493 2505 1557 βοώντων
2520 1498 2671 1565 πρὸς
2701 1499 2890 1553 αὑτὸν
2909 1502 3130 1569 νυκτὸς
3148 1504 3247 1557 καὶ
3273 1503 3522 1573 ἡμέρας

1942 1580 2079 1647 Ναί,
2111 1583 2268 1654 λέγω
2296 1586 2457 1655 ὑμῖν,
2482 1589 2725 1657 ποιήσει
2758 1591 2875 1658 τὴν
2890 1590 3202 1659 ἐκδίκησιν
3228 1593 3428 1647 αὐτῶν
3451 1596 3525 1649 ὲν

1944 1672 2110 1743 τάχει
2137 1691 2152 1706 ⁸
2185 1678 2280 1729 καὶ
2312 1677 2375 1730 τό
2396 1694 2409 1709 ·
2440 1679 2681 1745 Αἰτεῖτε,
2729 1683 2828 1735 καὶ
2872 1680 3197 1748 δοθήσεται
3230 1685 3393 1754 ὑμῖν·
3427 1689 3523 1741 καὶ

1944 1761 2101 1829 αὖθις
2132 1782 2146 1796 '
2173 1767 2303 1823 Κᾶν
2321 1767 2420 1824 διὰ
2443 1770 2507 1823 τὸ
2532 1772 2719 1839 φίλον
2747 1769 2901 1828 εἶναι
2927 1776 2998 1829 οὐ
3023 1774 3202 1828 δώσει
3215 1775 3393 1843 αὐτῷ,
3422 1776 3524 1831 διά

1945 1874 2012 1925 τε
2064 1857 2180 1925 τὴν
2214 1859 2525 1915 ἀναίδειαν
2568 1863 2779 1928 αὐτοῦ,
2817 1865 3088 1932 ἀναστὰς
3136 1866 3315 1921 δώσει
3359 1868 3525 1933 αὐτῷ

1943 1947 2097 2003 ὅσου
2148 1951 2388 2019 χρήσει,
2427 1954 2623 2023 ἀναιδῆ
2678 1955 2772 2009 καὶ
2816 1956 3136 2027 παράμονον
3166 1958 3265 2028 τὴν
3306 1960 3522 2029 αἴτησιν

1942 2041 2407 2112 προτρεπόμενος,
2453 2044 2576 2097 ἐπεί
2622 2062 2706 2098 τοι
2754 2047 2849 2099 καὶ
2885 2046 2974 2101 διά
3002 2047 3132 2110 τοὺς
3180 2050 3524 2119 ἀμαρτολοὺς

1940 2128 2105 2203 ἦλθεν
2130 2134 2216 2188 ἵνα
2244 2136 2548 2209 ἐπιστρέψῃ
2583 2138 2721 2207 πρὸς
2758 2139 2975 2193 ἑαυτόν.
3010 2140 3190 2194 Μόνον
3220 2142 3381 2211 ἡμεῖς
3409 2141 3522 2195 τῶν

1941 2224 2128 2279 κακῶν
2160 2226 2486 2297 προλήψεων
2524 2230 2885 2295 ἀποστάντες,
2914 2230 3267 2300 σχολάσωμεν
3298 2230 3375 2301 τῷ
3402 2232 3519 2283 Κυ-

1943 2318 2083 2389 ρίῳ’
2117 2319 2212 2372 καὶ
2243 2319 2406 2383 αὐτὸς
2460 2320 2563 2390 οὐχ
2610 2321 2876 2391 ὑπερορᾷ,
2927 2321 3040 2374 ἀλλ’
3088 2321 3308 2391 ἕτοιμος
3339 2321 3497 2375 ἔσται

1941 2410 2197 2483 παρέχων
2222 2411 2324 2484 τὴν
2357 2414 2490 2484 παρ’
2519 2412 2685 2467 αὐτοῦ
2712 2413 2987 2487 βοήθειαν.

2011 2665 2112 2720 ΙΒ’.
2148 2667 2356 2738 Ὥσπερ
2386 2667 2606 2722 ἐπὶτῶν
2634 2668 2783 2739 νόσῳ
2809 2670 2904 2723 καὶ
2931 2668 3191 2742 ἀσθενείᾳ
3216 2671 3522 2743 κατειλημ-

1945 2759 2144 2828 μένων,
2184 2759 2406 2813 ἐπειδάν
2443 2759 2642 2831 μηκέτι
2679 2760 2744 2813 τὸ
2787 2761 2949 2830 σῶμα
2992 2758 3283 2835 δυνατὸν
3310 2766 3519 2835 τροφῆς

1940 2849 2037 2904 καὶ
2082 2851 2293 2911 πόσεως
2326 2853 2639 2922 μετασχεῖν,
2683 2853 2765 2916 είς
2812 2852 3129 2921 ἀπόγνωσιν
3154 2853 3310 2907 τοῦτο
3343 2871 3523 2909 συνω-

1941 2941 2043 3006 θεῖ,
2076 2942 2170 2995 καὶ
2202 2941 2435 2996 θανάτου
2464 2944 2764 3014 τεκμήριον
2811 2944 3045 3011 γίνεται,
3079 2944 3278 3015 θρῆνός
3329 2963 3388 2999 τε
3421 2946 3521 3000 ἐπὶ⁵

1940 3033 2115 3104 τούτῳ
2140 3034 2239 3088 καὶ
2271 3034 2459 3103 φίλους
2487 3034 2602 3105 ἔχει
2629 3035 2723 3087 καὶ
2752 3035 2880 3098 τοὺς
2914 3038 3293 3106 προσήκοντας
3316 3054 3331 3070 ο
3373 3036 3518 3091 οὕτω

1941 3124 2007 3195 δὴ
2037 3125 2133 3177 καὶ
2180 3124 2313 3189 Θεὸς
2359 3126 2455 3179 καὶ
2508 3126 2731 3195 ἄγγελοι
2761 3126 2943 3197 ψυχὰς
2988 3128 3087 3190 τὰς
3117 3128 3196 3200 μὴ
3236 3133 3412 3201 τροφῇ
3445 3133 3519 3201 τῇ

1942 3214 2249 3286 ἐπουρανίῳ
2279 3216 2589 3286 χρήσασθαι
2627 3216 2952 3286 δυναμένας,
2995 3217 3082 3271 διὰ
3107 3218 3308 3289 πολλῆς
3335 3218 3517 3288 λύπης

1940 3305 2035 3359 καὶ
2089 3305 2304 3377 θρήνων
2356 3305 2662 3362 ποιοῦνται.
2711 3309 2777 3361 EI.
2828 3308 3012 3362 τοίνυν
3049 3309 3237 3377 ἐγένου
3267 3310 3347 3382 τῷ
3396 3311 3516 3380 Θεῷ

1939 3397 2151 3467 θρόνος,
2196 3399 2405 3452 ἐκεῖνον
2456 3398 2596 3469 ἔχων
2647 3400 3078 3470 ἐπικαθήμενον,
3129 3403 3179 3455 εί
3225 3401 3450 3470 γέγονεν
3480 3404 3522 3472 ἡ

1936 3491 2081 3562 ψυχή
2127 3507 2221 3544 σου
2254 3490 2348 3563 ὅλη
2400 3491 2773 3561 πνευματικὸς
2816 3492 3115 3563 ὀφθαλμὸς,
3146 3494 3244 3564 ὅλη
3302 3495 3436 3565 φῶς,
3466 3496 3517 3549 εἰ

1938 3584 2148 3655 ἐτράφη
2182 3583 2285 3654 τὴν
2315 3584 2521 3654 τροφὴν
2554 3583 2773 3655 ἐκείνην
2800 3584 2893 3636 τοῦ
2927 3586 3264 3655 Πνεύματος,
3299 3588 3349 3640 εί
3372 3587 3516 3642 ποτί-

1937 3671 2013 3744 ζῃ
2031 3673 2125 3727 τοῦ
2165 3673 2369 3737 ζῶντος
2411 3672 2625 3737 ὓδατος,
2660 3674 2755 3727 καὶ
2796 3673 2891 3726 τοῦ
2930 3674 3305 3744 πνευματικοῦ
3370 3676 3515 3729 οίνου

1937 3766 2031 3820 τοῦ
2060 3768 2160 3838 τὴν
2190 3767 2422 3837 καρδίαν
2456 3767 2864 3835 εὐφραίνοντος,
2895 3769 2945 3820 εί
2974 3769 3250 3822 ἐνδέδυσαι
3272 3771 3337 3840 τῇ
3368 3768 3511 3843 ψυχῇ

1936 3858 2007 3911 τὰ
2039 3858 2136 3912 τοῦ
2174 3859 2418 3930 ἀρρήτου
2443 3858 2619 3929 φωτὸς
2646 3858 2941 3929 ἐνδύματα,
2978 3862 3028 3912 εί
3062 3860 3281 3913 πάντων
3307 3861 3515 3915 τούτων

1938 3949 1968 4000 6
2002 3948 2113 4002 ἔσω
2139 3966 2237 4002 σου
2265 3949 2557 4020 ἄνθρωπος
2584 3951 2665 4012 είς
2690 3952 2884 4020 πεῖραν
2919 3952 3147 4018 ἀφίκετο
3179 3953 3274 4004 καὶ
3306 3951 3511 4022 πληρο-

1937 4040 2156 4111 φορίαν,
2192 4040 2303 4094 ἰδοὺ
2354 4040 2454 4112 ζῇς
2502 4040 2603 4111 τὴν
2658 4040 2879 4095 αἰώνιον
2918 4042 3057 4104 τέως
3108 4041 3276 4112 ζωὴν,
3312 4044 3377 4096 ἐκ
3417 4042 3510 4095 τοῦ

1937 4132 2207 4203 παρόντος
2241 4133 2342 4204 ήδη
2402 4132 2481 4203 τῷ
2531 4132 2756 4203 Χριστῷ
2806 4133 3341 4203 συναναπαυόμενος.
3375 4135 3437 4187 EI
3466 4132 3511 4185 δ’

1936 4222 2091 4277 οὗπω
2116 4224 2348 4294 εἴληφας
2377 4223 2572 4290 ταῦτα,
2602 4224 2714 4277 οὐδ’
2748 4225 2829 4288 είς
2868 4227 3065 4295 κτῆσιν
3081 4224 3289 4278 τούτων
3321 4224 3511 4294 ἐλήλυ-

1937 4314 2057 4379 θας,
2077 4315 2231 4367 κλαῖε
2264 4314 2507 4386 θερμῶς,
2570 4314 2665 4369 καὶ
2717 4316 2979 4388 ὀδυρμοῖς
3019 4315 3282 4386 κέχρησο,
3344 4317 3508 4387 μήπω

1935 4405 2029 4458 τοῦ
2084 4404 2331 4459 τοιούτου
2385 4408 2618 4461 πλούτου
2685 4407 3088 4478 τετυχηκέναι·
3135 4410 3229 4461 καὶ
3287 4408 3509 4478 φροντὶς

250 4493 594 4560 paupertatis
646 4509 757 4547 suae
813 4508 1009 4549 sensus
1060 4494 1429 4564 possidentem
1485 4496 1717 4563 subeat;
1773 4505 1830 4552 et

1943 4494 2074 4548 ἔστω
2094 4512 2179 4549 σοι
2197 4496 2292 4550 καὶ
2317 4496 2507 4566 δέησις
2532 4496 2788 4569 διηνεκὴς
2814 4500 2943 4569 περὶ
2963 4499 3061 4569 τῆς
3076 4498 3352 4568 πτωχείας
3375 4515 3467 4551 σου
3489 4512 3504 4528 ·

246 4599 390 4647 non,
442 4592 504 4638 ut
542 4585 653 4655 jam
702 4586 899 4655 plenus
944 4601 1009 4642 ac
1059 4596 1213 4641 satur
1259 4604 1426 4659 opum
1480 4588 1829 4654 divinarum,

244 4691 442 4731 secure
478 4677 943 4749 circumvagetur,
979 4695 1083 4734 nec
1117 4696 1392 4750 qumrens,
1421 4696 1523 4735 nec
1555 4682 1782 4751 pulsans
1813 4698 1830 4736 :

246 4768 497 4833 Quwrens
546 4769 717 4835 enim,
754 4769 954 4841 inquit,
986 4772 1233 4838 inveniet,
1267 4782 1317 4826 et
1352 4772 1587 4844 pulsanti
1624 4773 1832 4843 aperie-

245 4867 333 4910 tur
349 4859 413 4913 ’⁵.

316 4950 457 5004 XIII.
495 4950 550 5006 Si
593 4952 960 5021 compositum
1006 4952 1142 5008 illud
1187 4953 1369 5007 oleum
1412 4963 1618 5008 tantam
1669 4954 1838 5010 habet

244 5037 388 5103 vim,
423 5047 485 5093 ut
524 5054 591 5094 eo
637 5042 722 5094 usi
766 5040 834 5096 ad
881 5041 1205 5112 dignitatem
1251 5043 1552 5098 ascendant
1594 5044 1833 5114 regiam;

247 5137 456 5196 quanto
509 5129 683 5199 magis
735 5130 829 5199 qui
875 5131 1057 5200 quoad
1109 5141 1351 5186 mentem
1405 5142 1465 5187 et
1512 5133 1835 5187 interiorem

248 5220 531 5275 hominem
569 5222 946 5278 sanctiﬁcante
986 5224 1370 5279 exsultationis
1406 5225 1530 5280 oleo
1570 5225 1739 5291 uncti,
1775 5234 1833 5281 et

247 5309 462 5363 arrham
508 5309 638 5363 boni
682 5312 1015 5381 accipientes
1058 5312 1327 5382 Spiritus,
1361 5329 1649 5370 mensuras
1698 5330 1829 5384 per-

245 5397 501 5453 fectionis
544 5398 904 5468 inscendent;
952 5405 1128 5473 regni,
1165 5404 1412 5473 inquam,
1449 5413 1506 5458 et
1550 5403 1833 5459 ﬁliationis

246 5488 465 5545 Christo
496 5491 607 5561 regi
640 5501 931 5548 consortes
959 5502 1015 5549 et
1039 5495 1260 5564 collegae
1284 5494 1445 5562 facti;
1483 5495 1831 5566 ingrediendi

248 5581 313 5633 ad
356 5584 573 5639 Patrem
611 5595 669 5641 et
702 5587 1044 5657 egrediendi,
1079 5596 1138 5643 ut
1170 5589 1388 5643 videtur
1423 5590 1557 5659 ipsis
1595 5590 1824 5644 liberam

330 5788 374 5817 δ’
397 5786 530 5839 Luc.
556 5800 709 5852 πίνω,
734 5785 787 5838 ’7.

1934 4584 2049 4637 ἀλλ’
2073 4585 2186 4637 εἴθε
2238 4586 2343 4641 κᾶν
2370 4587 2473 4655 τῆς
2509 4586 2705 4640 ἑαυτοῦ
2725 4586 2914 4649 πενίας
2943 4585 3195 4658 αἴσθησις
3228 4586 3404 4655 είσήει
3432 4584 3509 4655 τῷ

1934 4676 2262 4747 κεκτημένῳ
2282 4692 2296 4707 °
2326 4677 2422 4730 καὶ
2458 4676 2534 4748 μὴ
2558 4676 2634 4740 ὡς
2668 4676 2765 4730 τοῦ
2820 4677 2967 4730 θείου
3001 4676 3235 4730 πλούτου
3272 4691 3509 4729 κατακο-

1938 4766 2154 4837 ρὴς-ὣν,
2188 4769 2450 4839 ἄφροντις
2478 4769 2745 4838 περιῆγεν
2772 4784 2785 4799 ο
2836 4768 2899 4822 '0
2928 4771 3039 4838 γὰρ
3081 4764 3289 4834 ζητῶν,
3320 4765 3508 4835 φησὶν,

1933 4857 2201 4927 εὑρήσει,
2232 4858 2331 4913 καὶ
2359 4859 2439 4925 τῷ
2471 4861 2750 4928 κρούοντι
2779 4860 3185 4929 ἀνοιγήσεται.

2009 4951 2107 5006 ll".
2140 4951 2203 5003 Εί
2244 4952 2305 5004 τὸ
2340 4951 2595 5005 σύνθετον
2640 4952 2819 5005 ἐκεῖνο
2872 4951 3049 5004 ἔλαιον
3091 4950 3364 5021 τοσαύτην
3398 4950 3511 5020 ἔχει

1936 5039 2038 5110 τὴν
2090 5040 2343 5111 δύναμιν,
2401 5040 2479 5105 ὡς
2529 5041 2659 5105 τοὺς
2712 5041 3093 5112 χρησαμένους
3138 5039 3288 5110 αὐτῷ
3325 5039 3509 5092 λοιπὸν

1938 5131 2225 5202 βασιλικῆς
2251 5132 2551 5186 ἐπιϐαίνειν
2585 5132 2774 5203 δόξης,
2818 5134 2969 5203 πόσῳ
3022 5148 3086 5200 γε
3114 5130 3316 5201 μᾶλλον
3344 5133 3393 5183 οἱ
3422 5129 3511 5182 τὸν

1933 5223 2060 5278 νοῦν
2098 5225 2195 5278 καὶ
2224 5224 2318 5278 τὸν
2337 5224 2445 5278 ἔσω
2466 5223 2755 5296 ἄνθρωπον
2778 5223 2856 5293 τῷ
2875 5221 3183 5291 ἀγιαστικῷ
3213 5222 3313 5291 τῆς
3340 5219 3512 5288 ἀγαλ-

1930 5316 2167 5379 λιάσεως
2205 5316 2371 5385 ἐλαίῳ
2428 5316 2729 5387 χριόμενοι,
2776 5315 2873 5369 καὶ
2926 5314 3017 5367 τὸν
3069 5312 3369 5385 ἀρραϐῶνα
3417 5310 3513 5365 τοῦ

1934 5406 2150 5475 ἀγαθοῦ
2192 5406 2563 5477 λαμϐάνοντες
2624 5404 2969 5476 Πνεύματος,
3020 5404 3130 5458 τῶν
3163 5404 3378 5473 μέτρων
3412 5400 3515 5471 τῆς

1932 5499 2274 5569 τελειότητος
2323 5497 2701 5569 ὲπιὸήσονται,
2752 5497 2854 5566 τῆς
2892 5492 3132 5565 Χριστοῦ
3172 5510 3316 5563 φημι
3356 5490 3514 5560 βασι-

1934 5591 2083 5654 λείας
2136 5592 2231 5645 ml.
2284 5591 2557 5653 υἱοθεσίας
2609 5588 2761 5660 αὐτῷ
2811 5586 3116 5661 σιμμύσται
3179 5585 3256 5656 τῷ
3304 5581 3515 5654 βασιλεί

866 5786 1123 5841 ".Matth.
1148 5805 1241 5854 γη,
1264 5789 1317 5843 7.
1394 5789 1437 5821 “
1463 5789 1604 5846 Luc.
1628 5808 1702 5859 xl,
1727 5792 1789 5847 8..
1857 5794 1901 5825 ³⁵
1925 5793 2115 5849 Matth.
2145 5811 2235 5859 vn,
2261 5796 2318 5862 7;
2351 5794 2486 5850 Luc.
2513 5811 2583 5860 XL,
2616 5794 2697 5848 IO.
