3980 6438
467 426 569 492 9θὶ

1496 425 1722 486 LIBER
1763 424 1861 485 DE
1902 418 2381 483 ELEVATIONE
2422 422 2729 483 MENTIS.

3641 421 3752 487 902

464 542 769 610 γενόμενοι,
831 540 1061 595 εἰσιέναι
1114 545 1211 598 καὶ
1259 544 1463 609 ἐξιέναι
1510 540 1648 611 πρὸς
1692 537 1787 591 τὸν
1832 532 2054 604 Πατέρα

2169 531 2427 588 habentes
2455 543 2823 611 potestatem;
2848 537 2954 593 etsi
2982 536 3130 592 enim
3161 534 3393 591 solidam
3418 535 3580 591 istam
3609 551 3750 590 non-

464 632 608 687 κατά
654 632 715 686 τὸ
762 632 955 686 δοκοῦν
991 635 1178 699 αὐτοῖς
1224 636 1473 706 ἔχοντεςς
1521 634 1585 688 Εί
1608 632 1719 703 γὰρ
1746 628 1840 684 καὶ
1885 627 2055 698 μήπω

465 727 671 780 τέλειον
715 727 814 798 τὴν
869 726 1237 799 κληρονομίαν
1286 730 1566 798 εἰλήφασι,
1626 725 1689 778 τὸ
1740 722 1908 793 βάρος
1966 718 2049 772 ἐτι

467 818 845 887 περικείμενοι
876 820 973 888 τῆς
1000 820 1225 889 σαρκὸς,
1248 820 1365 874 ἀλλ’
1390 814 1483 873 οὖν
1516 817 1607 871 διὰ
1626 816 1715 870 τὸν
1753 810 2058 884 ἀρραϐῶνα

470 909 565 961 τοῦ
603 908 744 962 Πνεύ
754 926 926 979 ματος
955 913 1013 965 ἐν
1045 911 1121 982 τῷ
1156 912 1391 982 ἀσφαλεῖ
1417 910 1603 971 αὐτοῖς
1648 904 1919 959 κεῖταιτά
1947 901 2056 953 τῶν

470 998 721 1064 ἐλπίδων,
748 999 843 1052 καί⁵
866 1000 949 1052 ὄτι
975 1001 1471 1070 συμϐασιλεύσουσι
1499 996 1578 1067 τῷ
1600 992 1843 1065 Χριστῷ,
1876 991 1973 1043 καὶ
2000 989 2058 1041 ἐν

471 1090 757 1160 περιουσίᾳ
788 1093 884 1144 καὶ
909 1092 1235 1161 πλεονασμῷ
1260 1090 1401 1144 Πνεύ
1411 1106 1579 1161 ματος
1601 1087 1841 1148 ἔσονται,
1866 1082 2053 1143 αὐτοῖς

471 1182 903 1253 ἐνδοιαζόμενον,
949 1184 1144 1238 καθότι
1188 1187 1254 1255 τῇ
1288 1184 1467 1255 σαρκὶι
1492 1180 1779 1252 περιόντες
1822 1175 1925 1237 ἐτι,
1980 1174 2059 1233 εἰς

472 1278 668 1345 πεῖραν
692 1272 857 1345 ἦλθον
879 1278 978 1347 τῆς
1007 1276 1291 1347 δυνάμεως
1319 1277 1413 1329 καὶ
1440 1274 1635 1346 ἡδονῆς
1664 1270 1914 1340 ἐκείνης’
1966 1266 2062 1319 καὶ

471 1368 580 1436 γὰρ
607 1367 668 1420 τὸ
708 1369 957 1421 ἐπιτεθέν
988 1368 1129 1422 κατὰ
1155 1368 1255 1440 τὴν
1293 1368 1578 1439 παρακοὴν
1608 1368 1718 1428 τοῖς
1751 1361 2061 1432 ἀνθρώποις

473 1458 566 1513 τοῦ
580 1461 795 1513 Σατανᾶ
813 1460 1097 1530 κάλυμμα,
1115 1463 1148 1532 ἡ
1168 1461 1328 1532 χάρις
1347 1461 1617 1532 ἐρχομένη
1632 1458 1723 1513 διά
1739 1456 2060 1525 καθάρσεως

474 1551 689 1605 τοῦέσω
719 1552 1008 1623 ἀνθρώπου
1026 1556 1118 1607 καὶ
1141 1554 1236 1608 τοῦ
1266 1554 1405 1619 νοὸς,
1431 1554 1711 1624 περιαιρεῖ
1731 1549 1937 1613 τέλεον,
1962 1548 2056 1600 καὶ

480 1645 587 1696 πᾶν
606 1644 821 1714 μίασμα
843 1648 935 1698 καὶ
959 1646 1219 1716 λογισμὸν
1237 1647 1455 1701 ἅπαντα
1473 1645 1718 1715 ῥυπαρὸν
1742 1642 1845 1711 τῆς
1873 1640 2056 1711 ψυχῆς

480 1735 930 1803 ἀποσκυϐαλίζει,
962 1738 1211 1808 καθαρὰν
1238 1738 1411 1807 αὐτὴν
1444 1736 1699 1805 γενέσθαι
1736 1732 2059 1804 βουλομένη,

482 1826 579 1877 καὶ
611 1826 712 1895 τὴν
746 1825 881 1879 ίδίαν
936 1826 1321 1881 ἀπολαϐοῦσαν
1351 1826 1514 1895 φύσιν
1546 1826 1766 1896 τρανοῖς
1794 1824 1893 1877 καὶ
1935 1823 2062 1876 ἀνε-

483 1917 809 1979 πικωλύτοις
840 1920 953 1980 τοῖς
978 1918 1279 1989 ὀφθαλμοῖς
1334 1918 1436 1989 τὴν
1469 1917 1629 1981 δόξαν
1658 1914 1751 1969 τοῦ
1804 1910 2063 1984 ἀληθινοῦ

482 2010 657 2077 φωτὸς
682 2009 1063 2067 κατοπτεύειν,
1098 2012 1161 2063 Οἱ
1191 2010 1427 2064 τοιοῦτοι
1452 2010 1507 2063 δὲ
1537 2008 1760 2062 αὐτόθεν
1789 2007 1891 2078 ἢδη
1928 2005 2065 2075 πρὸς

481 2099 693 2151 ἐκεῖνον
735 2098 1077 2170 ἀρπάζονται
1106 2099 1198 2153 τὸν
1234 2101 1431 2165 αἰῶνα,
1482 2100 1578 2154 καὶ
1626 2100 1696 2152 τά
1742 2099 1859 2151 ἐκεῖ
1890 2096 2063 2165 κάλλη

482 2189 577 2240 καὶ
616 2186 874 2257 θαύματα
903 2188 1199 2260 καθορῶσι.
1242 2190 1515 2260 Καθάπερ
1540 2188 1648 2258 γάρ
1691 2189 1719 2239 ό
1752 2183 2065 2255 σωματικὺς

479 2280 755 2349 ὀφθαλμὸς
789 2280 1017 2343 ἀπαθῶς
1040 2298 1099 2332 τε
1131 2282 1227 2334 κα)⁸
1258 2280 1429 2347 ὑγιῶς
1467 2279 1610 2349 ἔχων
1647 2279 1770 2340 ταῖς
1810 2276 2065 2346 ἡλιακαῖς

480 2372 679 2439 αὐγαῖς
710 2371 1058 2443 θαρρούντως
1083 2371 1380 2435 ἐνατενίζει
1402 2385 1414 2398 ·
1464 2369 1609 2423 οὕτω
1657 2370 1753 2422 καί⁸
1781 2363 1925 2423 οὗτοι
1952 2385 2065 2435 φω-

480 2461 639 2532 τεινῷ
670 2461 941 2532 χρώμενοι
972 2465 1064 2515 καὶ
1089 2460 1581 2532 διακεκαθαρμένῳ
1602 2461 1678 2530 τῷ
1704 2460 1779 2529 νῷ
1808 2460 1908 2522 τὰς
1928 2458 2057 2512 ἀδύ-

479 2570 604 2617 τους
630 2556 803 2621 αὐγὰς
832 2555 1037 2623 Κυρίου
1068 2555 1154 2607 διὰ
1187 2554 1386 2617 παντὸς
1416 2552 1847 2606 κατοπτεύουσιν
1881 2568 1895 2581 ·
1922 2544 1983 2605 οὐ
2012 2551 2064 2603 τί

480 2646 540 2698 τὸ
561 2647 757 2717 μέτρον
789 2648 985 2716 φησίν;
1018 2648 1078 2701 οὐ
1106 2647 1305 2718 ῥαδίως
1336 2646 1563 2714 ἐφικτὸν
1590 2646 1703 2708 τοίς
1730 2644 2062 2715 ἀνθρώποις*

482 2737 619 2791 ἀλλά
653 2739 830 2791 πόνων
858 2738 1028 2792 δεῖται
1060 2738 1293 2808 συχνῶν,
1319 2739 1549 2806 ἀγώνων
1588 2754 1650 2790 τε
1694 2738 1789 2790 καὶ
1824 2736 2067 2807 ἱδρώτων

490 2831 721 2900 μυρίων.
761 2830 951 2883 Πολλοὶ
984 2830 1094 2899 γάρ
1122 2831 1284 2895 εἰσιν,
1320 2824 1402 2892 οἷς
1434 2830 1530 2882 καὶ
1564 2829 1598 2899 ἡ
1633 2827 1795 2899 χάρις
1820 2828 2065 2881 σύνεστιν

485 2918 802 2985 ἐνεργοῦσα,
838 2920 931 2972 καὶ
969 2922 1002 2990 ἡ
1037 2920 1207 2973 κακία
1238 2919 1401 2972 πάλιν
1435 2918 1809 2989 ἐνδομυχοῦσα
1829 2918 2068 2988 ἀφέστη-

485 3029 580 3065 κεν
632 3012 923 3082 οὐδαμῶς·
982 3014 1122 3067 ἀλλά
1171 3013 1243 3065 τὰ
1286 3012 1379 3066 δύο
1428 3012 1742 3084 πνεύματα,
1772 3010 1834 3065 τό
1864 3028 1925 3063 τε
1969 3010 2064 3063 τοῦ

483 3103 661 3170 φωτὸς
688 3106 783 3157 καὶ
821 3108 881 3157 τὸ
910 3105 999 3157 τοῦ
1056 3106 1307 3168 σκότους,
1340 3106 1419 3168 είς
1461 3105 1588 3175 μίαν
1632 3104 1727 3158 καί¹
1759 3104 1860 3175 τὴν
1897 3102 2065 3171 αὐτὴν

2155 623 2289 678 dum
2336 634 2633 680 creverunt
2675 608 3088 693 hatreditatem,
3140 627 3285 681 mole
3334 626 3526 696 utique
3569 628 3753 682 adhuc

2155 718 2369 789 gravati
2418 720 2641 782 carnis,
2692 729 2900 787 tamen,
2928 720 3001 776 ob
3053 720 3422 775 arrbabonem
3475 719 3751 789 Spiritus,

2158 820 2310 864 certa
2342 820 2400 865 et
2430 826 2626 866 secura
2664 827 2761 882 spe
2794 812 3105 875 confidunt,
3136 822 3193 867 et
3223 820 3660 881 conregnaturos
3693 827 3752 865 se

2157 904 2383 959 tandem
2407 904 2663 971 Christo,
2692 915 2749 961 et
2770 906 3041 961 fruituros
3069 906 3294 975 copiose
3316 916 3377 960 et
3402 904 3755 959 abundanter

2165 995 2325 1066 194
2351 994 2593 1066 Spiritu;
2629 998 2857 1052 minime
2908 998 3229 1054 dubitantes
3270 999 3427 1067 quin,
3453 997 3632 1067 quoad
3697 997 3751 1049 in

2159 1102 2325 1141 carne
2350 1088 2610 1149 vixerint,
2634 1089 2922 1158 perstituri
2946 1089 3003 1143 in
3029 1088 3377 1158 possessione
3399 1088 3512 1142 sint
3534 1087 3756 1141 virtutis

2161 1184 2217 1231 et
2243 1178 2543 1248 voluptatis
2570 1180 2743 1245 illius,
2772 1181 2932 1252 cujus
2960 1182 3133 1236 semel
3161 1180 3501 1250 experiendo
3532 1187 3752 1249 gustum

2161 1281 2536 1341 acceperunt;
2603 1273 2809 1344 quippe
2874 1290 2999 1329 cum
3071 1273 3561 1344 superimpositum
3632 1280 3757 1341 post

2162 1360 2591 1419 inobedientiam
2620 1365 2942 1422 hominibus
2969 1366 3183 1422 Satanae
3209 1365 3554 1436 operculum,
3578 1375 3751 1435 grana

2162 1457 2394 1512 veniens
2454 1474 2557 1528 per
2611 1460 3000 1530 purgationem
3060 1460 3343 1515 interioris
3401 1459 3647 1515 hominis
3698 1468 3758 1514 et

2163 1549 2384 1613 mentis,
2413 1550 2629 1605 auferat
2669 1552 2914 1621 penitus,
2946 1559 3003 1606 et
3043 1566 3206 1606 omne
3249 1551 3748 1620 inquinamentum,

2165 1656 2498 1712 omnemque
2530 1644 2922 1714 cogitationem
2957 1644 3026 1698 ab
3060 1645 3241 1699 anima
3274 1652 3527 1708 everrat;
3558 1643 3751 1697 volens

2164 1731 2314 1786 illam
2343 1748 2464 1788 esse
2493 1734 2777 1799 mundam,
2800 1745 2857 1789 et
2881 1735 3163 1804 propriam
3199 1734 3447 1805 recipere
3474 1742 3750 1798 naturain,

2166 1825 2578 1894 perspicacibus
2607 1836 2663 1881 et
2686 1827 2837 1882 omni
2864 1828 3057 1882 liberis
3088 1827 3486 1897 impedimento
3515 1825 3631 1880 veri
3664 1825 3753 1878 lu-

2169 1915 2337 1971 minis
2370 1917 2679 1972 claritatem
2716 1918 2922 1974 intueri
2954 1920 3151 1974 oculis.
3178 1918 3283 1985 Qui
3319 1918 3455 1972 tales
3482 1924 3615 1971 sunt
3641 1916 3753 1985 jam

2166 2022 2235 2063 ex
2276 2008 2383 2064 hoc
2426 2018 2675 2080 tempore
2715 2025 2780 2065 ac
2813 2011 2946 2065 vita;
2983 2018 3131 2066 statu
3179 2010 3236 2064 in
3280 2008 3416 2064 illud
3459 2009 3755 2079 rapiuntur

2166 2101 2428 2156 saeculum
2450 2144 2464 2168 ,
2500 2111 2556 2157 et
2587 2119 2710 2173 quae
2743 2104 2819 2159 ibi
2853 2113 2983 2158 sunt
3013 2103 3458 2175 pulchritudines
3489 2117 3553 2156 ac
3585 2102 3755 2155 mira-

2166 2190 2291 2244 cula
2315 2202 2585 2262 spectant.
2614 2192 3089 2261 Quemadmodum
3118 2196 3265 2250 enim
3295 2208 3597 2263 corporeus
3626 2208 3758 2247 ocu—

2166 2281 2254 2336 lus
2280 2283 2440 2352 plene
2472 2299 2643 2341 sanus
2672 2293 2729 2340 et
2756 2287 2966 2357 vigens,
2998 2288 3208 2343 solares
3239 2286 3503 2341 audacter
3534 2283 3758 2355 inspicit

2168 2374 2381 2441 radios;
2415 2377 2497 2431 sic
2526 2386 2584 2432 et
2609 2377 2667 2432 hi
2695 2379 2877 2434 lucida
2906 2389 3114 2445 mente,
3138 2379 3545 2433 inaccessibiles
3572 2379 3758 2447 splen-

2167 2465 2335 2521 dores
2374 2468 2591 2524 Domini
2637 2486 2856 2539 semper
2896 2472 3183 2526 intuentur
3222 2489 3235 2525 :
3274 2471 3342 2525 ad
3388 2486 3552 2541 quam
3593 2480 3758 2525 tanta:

2169 2573 2485 2615 mensuram
2531 2564 2845 2634 pertingere
2879 2564 3159 2620 felicitatis
3194 2564 3339 2619 baud
3375 2564 3536 2619 facile
3575 2565 3757 2619 homi-

2168 2652 2335 2707 nibus
2368 2663 2452 2710 est
2482 2673 2495 2708 :
2526 2656 2622 2711 sed
2654 2658 2935 2713 laboribus
2964 2658 3032 2712 ad
3065 2658 3169 2714 hoc
3196 2675 3335 2729 opus
3365 2668 3450 2713 est
3480 2658 3755 2728 plurimis,

2167 2746 2682 2816 certaminibusque
2746 2756 2803 2802 et
2860 2748 3156 2805 sudoribus
3214 2750 3540 2804 innumeris.
3601 2749 3756 2804 Multi

2169 2833 2377 2904 quippe
2404 2844 2536 2890 sunt
2560 2838 2763 2907 quibus
2788 2839 2962 2910 gratia
2991 2840 3134 2895 inest
3155 2840 3377 2910 quidem
3406 2841 3758 2911 operationes

2174 2928 2341 2981 etiam
2391 2931 2657 3000 quasdam
2706 2948 2835 2988 suas
2882 2949 3146 2990 exercens
3199 2953 3212 2989 :
3256 2944 3517 2990 caeterum
3570 2935 3644 2990 ita
3697 2946 3758 2990 ut

2171 3021 2336 3076 simul
2373 3038 2486 3078 non
2520 3026 2663 3080 absit
2698 3026 2768 3081 ab
2804 3028 2870 3082 iis
2907 3028 3113 3083 malitia
3148 3028 3299 3083 intus
3336 3030 3531 3083 latens.
3566 3029 3758 3098 Itaque

2170 3120 2304 3169 tunc
2339 3116 2503 3171 ambo
2539 3118 2790 3187 Spiritus,
2823 3118 3043 3174 lucidus
3076 3129 3132 3175 et
3166 3120 3516 3182 tenebrosus,
3547 3120 3602 3173 in
3645 3137 3758 3174 uno

483 3197 696 3268 ἐνεργεῖ
724 3198 952 3268 καρδίαν
973 3217 986 3230 ·
1024 3199 1086 3252 τὸ
1112 3198 1168 3253 δέ
1211 3199 1501 3269 εἰρημένον
1530 3214 1543 3228 ο
1586 3199 1682 3264 Τίς
1703 3198 1815 3267 γὰρ
1861 3198 1900 3265 ἡ
1938 3212 2062 3249 κοι-

2170 3212 2229 3260 et
2248 3205 2443 3261 eodem
2467 3219 2768 3278 operantur
2792 3210 2978 3264 corde.
3000 3208 3156 3276 Quod
3183 3210 3365 3265 autem
3394 3210 3603 3265 dictum
3625 3220 3710 3265 est
3732 3229 3753 3265 :

484 3289 668 3341 γωνία
690 3289 838 3358 φωτὶ
868 3288 1019 3357 πρὸς
1050 3291 1310 3354 σκότος;
1351 3292 1442 3342 καὶ
1474 3292 1577 3355 ὅτι,
1610 3291 1682 3344 Τὸ
1718 3288 1845 3359 φῶς
1884 3289 1954 3341 ἐν
1981 3285 2057 3355 τῇ

487 3381 703 3447 σκοτίᾳ
741 3380 961 3448 φαίνει,
1008 3382 1102 3434 καὶ
1127 3382 1197 3434 τά
1242 3382 1389 3452 ἑξῆς,
1444 3381 1718 3451 ἀναμέρος
1766 3380 2064 3450 ἐκληπτέον

488 3470 611 3523 οὐδέ
654 3472 1004 3541 μονοτρόπως
1038 3473 1105 3525 τὰ
1137 3473 1443 3543 πράγματα
1472 3489 1486 3503 °
1523 3474 1617 3526 xci.
1644 3472 1752 3543 γάρ
1786 3473 1845 3533 ἐς
1877 3470 2067 3525 τοσοῦ-

485 3562 574 3614 τόν
640 3580 788 3626 τινες
850 3564 1289 3618 ἐναναπαύονται
1346 3568 1412 3635 τῇ
1472 3567 1655 3636 χάριτι
1690 3565 1784 3617 τοῦ
1814 3563 1970 3629 Θεοῦ,
2006 3566 2063 3629 ἐς

485 3654 610 3706 ὅσον
641 3653 849 3707 ἑαυτῶν
880 3654 1141 3707 δύνασθαι
1174 3657 1421 3725 κρατεῖν,
1451 3656 1547 3708 καὶ
1580 3655 1654 3724 μὴ
1672 3653 1943 3723 ἡττᾶσθαι
1969 3654 2067 3722 τῆς

488 3745 918 3814 ἐγκατοικούσης
971 3745 1155 3806 αὐτοῖς
1189 3745 1467 3816 ἁμαρτίας
1489 3760 1502 3776 '
1543 3746 1638 3797 καὶ
1670 3743 1946 3814 συμϐαίνῃ
1971 3742 2067 3796 νῦν

491 3836 659 3907 εὐχὴν
686 3836 1019 3906 εὐπάρεδρον
1049 3836 1271 3905 ἔχοντας
1318 3835 1414 3890 καὶ
1475 3836 1818 3889 ἀναπαῦσαιο
1875 3835 2068 3888 ἔπειτα

488 3929 591 3981 ὐπὸ
640 3929 903 4000 ῥυπαρῶν
941 3927 1219 3998 λογισμῶν
1263 3928 1626 3999 ἐνεργεῖσθαι,
1688 3930 1783 3982 καὶ
1819 3928 1925 3981 ὐπδ
1970 3928 2068 3996 τῆς

488 4020 762 4091 ἁμαρτίας
813 4021 1169 4085 κλέπτεσθαι,
1221 4021 1491 4089 συνούσης
1522 4019 1726 4091 δηλαδὴ
1770 4020 1866 4073 καὶ
1898 4020 2069 4089 αὐτῆς

488 4112 733 4182 χάριτος.
764 4114 826 4165 Οί
867 4113 966 4182 μὲν
1009 4112 1102 4165 οῦν
1132 4110 1359 4181 ἐλαφροί
1398 4128 1458 4162 τε
1489 4110 1585 4163 καὶ
1613 4108 1764 4162 οῦπω
1788 4110 1886 4179 τῆς
1918 4110 2071 4179 ἀκρι-

493 4205 642 4267 ϐείας
682 4204 1075 4275 ἐπειλημμένοι
1102 4206 1279 4266 πόσω;
1313 4206 1496 4266 αὐτοῖς
1521 4202 1619 4273 τῆς
1654 4203 1802 4265 θείας
1839 4204 2070 4271 χάριτος

491 4296 842 4367 ἐνεργούσης,
870 4297 1055 4361 ἔδοξαν
1087 4299 1323 4352 είσάπαν
1353 4294 1724 4352 ἀπολελύσθαι
1754 4296 1853 4364 τῆς
1884 4296 2067 4365 ἀμαρ-

486 4388 610 4449 τίας
634 4404 650 4419 ’
690 4390 739 4441 οί
777 4389 834 4442 δὲ
871 4389 1143 4459 διάκρισίν
1188 4407 1246 4443 τε
1294 4389 1390 4441 καὶ⁸
1439 4387 1564 4441 νοῦν
1595 4388 1834 4457 ἔχοντες,
1869 4388 1970 4439 οὐκ
2004 4386 2071 4438 ἂν

490 4480 799 4550 ἀρνηθεῖεν,
847 4481 931 4534 ὅτι
963 4482 1059 4535 καὶ
1106 4483 1206 4551 τῆς
1248 4482 1341 4535 τοῦ
1386 4479 1522 4533 Θεοῦ
1558 4480 1781 4550 χάριτος
1827 4478 2070 4531 ἐνοικού-

491 4589 611 4642 σης,
643 4573 766 4642 οὐχ).
788 4574 882 4627 καὶ
921 4573 1025 4627 ὐπὸ
1058 4574 1302 4643 αἰσχρῶν
1342 4572 1439 4626 καὶ
1484 4572 1706 4625 ἀτόπων
1732 4572 2067 4625 διασείονται

486 4662 789 4735 λογισμῶν.

558 4876 655 4929 ῐΔ⁹.
694 4872 925 4944 Εἰδομέν
952 4890 1104 4936 τινας
1126 4875 1183 4926 ἐν
1210 4874 1322 4935 τοῖς
1350 4871 1600 4938 ἀδελφοῖς
1631 4868 1895 4930 πολλάκις
1924 4866 2069 4920 οὕτω

487 4967 751 5030 πλουσίας
779 4967 879 5036 τῆς
906 4966 1131 5035 χάριτος
1157 4965 1607 5031 ἐπιλελαυκότας,
1634 4962 1710 5025 ὡς
1744 4960 1905 5013 πέντε
1948 4960 2070 5031 χρό-

486 5072 592 5108 νων
624 5056 718 5107 καὶ
748 5052 810 5119 ἓξ
838 5054 1293 5125 ἀπομαρανθῆναι
1322 5054 1506 5106 τέλεον
1546 5054 1732 5114 αὐτοῖς
1782 5050 1877 5104 καὶ
1931 5052 2069 5103 ἁπο-

489 5144 710 5212 σϐἧναι,
736 5146 809 5197 τὰ
838 5144 939 5213 τῆς
965 5142 1264 5215 ἐπιθυμίας
1282 5160 1293 5172 ’
1314 5139 1456 5209 εἶτα,
1473 5143 1546 5207 ὼς
1570 5142 1757 5207 ἔδοξαν
1778 5142 1949 5211 ὅρμου
1977 5139 2073 5194 καλ⁵

484 5235 729 5305 γαλήνης
759 5236 1144 5301 ἐπιλαϐέσθαι,
1172 5235 1293 5287 τότε
1331 5234 1582 5304 καθάπερ
1614 5233 1672 5297 ἐξ
1713 5232 1936 5302 ἐνέδρας
1960 5233 2074 5284 ἐπι-

488 5330 715 5396 φανεῖσα
745 5326 957 5390 τούτοις
984 5329 1015 5396 ἡ
1047 5325 1214 5380 κακία
1243 5327 1387 5380 οῦτω
1414 5326 1695 5395 δυσμενῶς
1720 5324 1947 5376 ἐπέθετο
1977 5322 2072 5376 καὶ

486 5421 713 5491 ἀγρίως,
743 5420 818 5483 ὡς
858 5420 1120 5489 ἔκπληξιν
1151 5423 1333 5483 αὐτοῖς
1387 5421 1624 5473 ἐνθεῖναι
1660 5419 1752 5470 καὶ
1791 5416 2027 5486 ἀπορίαν
2052 5433 2065 5445 ·

486 5513 796 5582 τεθάρρηκε
821 5512 1004 5564 τοίνυν
1052 5513 1226 5572 οὐδεὶς
1272 5512 1381 5565 τῶν
1432 5511 1525 5575 ὀξὺ
1556 5508 1647 5563 διὰ
1687 5510 1903 5561 σύνεσιν
1941 5507 2066 5576 βλε-

490 5605 698 5655 πόντων
729 5605 930 5668 είπεῖν,
964 5604 1045 5655 ὅτι
1086 5604 1308 5674 χάριτός
1349 5622 1439 5672 μοι
1500 5603 1787 5671 συνούσης,
1825 5598 2070 5669 ἀπήλλαο

488 5712 626 5765 γμαι
679 5696 867 5751 λιιιπὺν
923 5696 1018 5749 καὶ
1066 5699 1165 5767 τῆς
1218 5697 1517 5769 ἁμαρτίας.
1557 5696 1803 5765 Ἐνεργεῖ
1826 5693 1955 5764 γὰρ,
1990 5691 2067 5757 ὡς

561 5877 606 5907 ’⁸
629 5876 667 5929 ll
700 5874 825 5928 Ctit'.
860 5891 926 5939 ιι,
958 5873 972 5923 l
999 5873 1036 5925 ἱ.

1120 5872 1157 5901 ⁸⁷
1183 5874 1337 5927 Junii.
1369 5893 1402 5938 l,
1430 5875 1481 5928 Pi.

2170 3296 2301 3362 Qua
2339 3300 2479 3352 enim
2518 3301 2740 3354 societas
2780 3300 2883 3354 luci
2917 3301 2987 3354 ad
3022 3300 3365 3354 tenebras"?
3394 3301 3461 3355 Et
3498 3322 3508 3354 :
3546 3301 3662 3354 Lua:
3699 3303 3757 3354 in

2169 3390 2392 3443 tenebris
2434 3390 2569 3445 lucet
2590 3392 2633 3423 ’⁷
2670 3410 2685 3446 :
2720 3391 3053 3462 similiaque,
3084 3391 3307 3447 divisim
3348 3407 3411 3446 ac
3452 3392 3756 3463 sigillatim,

2167 3498 2278 3535 non
2315 3474 2666 3537 uniformiter
2717 3493 2773 3537 et
2804 3483 2858 3537 in
2896 3483 3215 3538 universum
3250 3484 3569 3553 accipienda
3604 3494 3752 3539 sunt.

2167 3573 2306 3627 Nam
2345 3573 2400 3627 in
2440 3582 2652 3628 tantum
2685 3573 2911 3643 quidam
2944 3575 3303 3643 acquiescunt
3330 3575 3519 3645 gratia:
3550 3577 3670 3640 Dei,
3700 3576 3757 3631 in

2170 3680 2438 3740 quantum
2483 3671 2769 3726 continere
2819 3672 3030 3741 seipsos
3073 3681 3329 3741 possunt,
3366 3680 3423 3725 et
3463 3686 3573 3725 non
3607 3672 3755 3727 vinci

2170 3761 2239 3816 ab
2271 3762 2615 3817 inbabitante
2646 3763 2701 3816 in
2733 3763 2867 3833 ipsis
2898 3770 3146 3832 peccato.
3180 3762 3276 3816 His
3310 3762 3596 3833 contingit,
3624 3762 3760 3817 dum

2172 3857 2523 3912 constantius
2554 3854 2832 3910 interdum
2865 3853 3242 3924 attentiusque
3273 3855 3509 3909 orationi
3538 3867 3757 3920 vacant,

2174 3952 2235 3998 ut
2268 3944 2453 4014 quiete
2491 3944 2923 4014 perfundantur;
2963 3953 3154 4014 postea
3188 3954 3371 3999 tamen
3408 3946 3760 4001 sordidarum

2172 4037 2570 4109 cogitationum
2610 4038 2849 4093 insultus
2892 4036 3035 4109 pati;
3079 4037 3213 4107 quin
3258 4048 3315 4092 et
3352 4054 3383 4092 a
3421 4039 3760 4109 subrepente

2173 4132 2365 4187 furtim
2401 4130 2600 4185 incessi
2635 4139 2896 4201 peccato;
2934 4139 3204 4201 praesente
3236 4130 3600 4187 nihilominus
3641 4134 3761 4203 ipsa

2173 4238 2395 4295 quoque
2429 4224 2624 4294 gratia.
2653 4222 2915 4278 Leviores
2951 4223 3116 4293 igitur
3145 4231 3201 4276 et
3234 4223 3418 4277 minus
3452 4226 3620 4291 cauti,
3654 4242 3759 4280 nec

2174 4316 2310 4372 satis
2344 4316 2733 4388 intelligentes,
2766 4324 3041 4384 quatenus
3078 4316 3130 4371 in
3165 4316 3299 4387 ipsis
3332 4317 3533 4388 polleat
3567 4320 3758 4373 divina

2173 4406 2379 4477 gratia,
2418 4416 2625 4463 temere
2668 4406 2902 4461 credunt
2969 4408 3129 4476 plane
3170 4409 3282 4478 jam
3327 4411 3757 4466 exterminatum

2173 4516 2295 4555 esse
2342 4508 2645 4569 peccatum.
2680 4499 2748 4554 At
2785 4499 3011 4555 discreti
3056 4509 3112 4555 et
3146 4517 3277 4558 vere
3316 4504 3620 4573 prudentes
3664 4521 3755 4559 re-

2175 4608 2321 4655 rum,
2352 4606 2463 4646 non
2491 4592 2682 4661 utique
2709 4592 2919 4647 inficias
2948 4591 3165 4657 iverint,
3196 4608 3253 4648 se
3286 4604 3569 4667 utcunque
3600 4596 3759 4651 inha-

2176 4682 2387 4736 bitante
2424 4681 2674 4752 dignatos
2707 4682 2902 4751 gratia,
2932 4697 3037 4737 nec
3071 4693 3253 4739 tamen
3286 4686 3543 4757 turpibus
3572 4699 3628 4741 et
3657 4687 3756 4742 ab-

2174 4772 2360 4829 surdis
2389 4771 2816 4843 cogitationibus
2841 4788 2951 4827 non
2985 4774 3228 4829 concuti.

2246 4864 2386 4919 XIV.
2413 4864 2679 4920 Novimus
2714 4864 2978 4933 quosdam
3020 4882 3087 4920 ex
3130 4866 3395 4920 fratribus
3434 4883 3576 4936 εει-ρο
3614 4871 3754 4925 adeo

2178 4957 2337 5011 uberi
2382 4956 2768 5026 superfusione
2809 4958 3000 5027 gratiae
3042 4958 3267 5015 ditatos.
3304 4970 3366 5013 ut
3409 4960 3653 5029 quinque
3690 4977 3756 5018 ac

2170 5064 2267 5103 sex
2306 5040 2437 5102 totis
2469 5046 2628 5101 annis
2662 5046 2717 5101 in
2754 5047 2885 5117 ipsis
2922 5048 3143 5117 penitus
3176 5048 3756 5107 veluti‘emarcuerint

2170 5149 2227 5194 et
2271 5137 2555 5192 exstinctae
2601 5136 2809 5191 fuerint
2854 5137 3224 5206 cupiditates;
3278 5138 3477 5194 deinde
3532 5149 3748 5207 tamen,

2170 5232 2303 5285 dum
2339 5238 2502 5301 portu
2536 5237 2593 5283 et
2628 5229 3023 5298 tranquillitate
3056 5230 3165 5285 frui
3198 5232 3549 5299 videbantur,
3578 5251 3743 5304 appa-

2172 5330 2383 5376 rentem
2439 5334 2665 5383 rursus,
2712 5320 2864 5375 velut
2909 5336 2976 5375 ex
3024 5321 3274 5387 insidiis,
3320 5324 3583 5378 malitiam
3638 5333 3744 5379 tam

2172 5409 2597 5464 vehementibus
2632 5408 2780 5478 ipsos
2810 5419 2865 5463 et
2895 5409 3024 5465 feris
3057 5411 3356 5467 insultibus
3388 5414 3655 5483 pulsasse,
3690 5425 3751 5469 ut

2176 5514 2433 5571 pavorem
2466 5507 2523 5552 et
2555 5500 3054 5555 consternationem
3090 5501 3223 5571 ipsis
3257 5502 3548 5557 incuteret.
3582 5503 3754 5558 Nemo

2177 5593 2346 5663 igitur
2388 5605 2600 5654 eorum,
2631 5591 2833 5660 quibus
2880 5593 3099 5648 acutius
3136 5610 3365 5649 cernere
3411 5610 3577 5650 sacrae
3620 5611 3753 5665 pru-

2177 5684 2381 5740 dentiae
2412 5683 2601 5739 lumen
2634 5684 2809 5752 dedit,
2836 5687 2981 5741 ausit
3000 5702 3244 5756 unquam
3280 5686 3469 5743 dice2e
3494 5705 3503 5739 :
3530 5688 3607 5741 Ex
3641 5700 3757 5757 qu)
