3980 6440
285 410 394 479 903

1542 413 1602 474 S.
1644 410 1963 471 MACARII
2008 409 2331 471 IEGYPTII

3454 405 3562 469 904

286 528 610 594 praesentem
648 520 703 576 in
739 537 826 577 me
871 521 1053 578 sentio
1086 522 1341 592 gratiam,
1372 520 1641 577 liberatus
1668 536 1789 576 sum
1824 520 1879 574 in

1996 519 2225 591 εἴρηται,
2260 518 2355 573 καὶ
2385 517 2456 571 τά
2479 514 2573 571 δύο
2603 517 2664 569 ἐν
2694 515 2773 587 τῷ
2795 516 2874 569 ὲνὶ
2898 515 2997 570 καὶ
3034 514 3116 585 τῷ
3142 513 3293 586 αὐτῷ
3320 514 3419 587 νῷ,
3454 519 3563 571 κᾶν

284 626 449 667 omne
492 621 712 681 tempus
753 612 822 667 ab
862 612 1013 667 omni
1060 613 1291 668 malitia.
1326 612 1446 667 Duo
1482 612 1652 677 enim,
1687 619 1747 666 ut
1787 609 1874 665 di-

284 714 438 762 ctum
477 713 594 770 est,
625 704 768 759 inter
802 719 862 761 se
894 705 1126 760 adversa
1158 704 1213 759 in
1248 710 1432 759 mente
1475 710 1674 773 agunt,
1700 700 1874 773 gratia

282 808 340 853 et
371 798 839 868 concupiscentia,
875 807 1155 869 utcunque
1189 798 1299 854 cito
1329 797 1541 854 creduli
1573 805 1631 854 et
1662 798 1873 867 impru-

1984 613 2035 665 οί
2067 608 2282 664 εῦκολοί
2313 626 2374 662 τε
2406 610 2501 662 καὶ
2529 608 2763 677 ἀμαθεῖς
2814 608 3012 678 μικρόν
3041 624 3094 660 τι
3131 608 3279 677 νῆμα
3318 622 3565 677 πνευμα-

1983 702 2138 757 τικὸν
2178 701 2499 773 ἐσχηκότες,
2526 700 2867 770 Νεγίκημεν
2907 699 3047 768 ἤδη,
3094 699 3369 768 λέγουσιν.
3413 699 3569 770 Ἐμοὶ

1984 794 2042 848 δέ
2090 794 2252 848 δωκῶ
2300 794 2370 848 τὰ
2414 792 2719 863 πράγματα
2760 791 2933 856 οὕτως
2982 791 3160 862 ἔχειν⁸
3204 791 3396 863 ὥσπερ
3435 794 3569 846 ὅταν

283 892 481 947 dentes
520 895 704 949 statim
747 893 936 949 dicant
974 912 987 948 :
1026 893 1284 960 Vicimus,
1318 904 1367 949 et
1400 895 1719 950 debellatum
1752 895 1871 964 jam

1996 884 2139 958 ἡλίου
2160 884 2422 957 καθαρῶς
2448 884 2855 955 ἐπιλάμποντος
2885 884 3162 947 σκοτεινὸς
3185 886 3215 938 ό
3245 884 3387 955 ἀνὴρ
3403 884 3558 953 ἄφνω
3588 919 3592 921 Α

284 990 380 1036 est.
404 983 535 1038 Mihi
564 983 791 1053 quidem
824 993 1016 1039 contra
1042 985 1121 1039 sic
1144 985 1405 1040 videntur
1429 986 1597 1058 hujus
1622 1000 1681 1040 se
1707 1001 1873 1055 gene-

286 1070 363 1126 ris
404 1088 495 1128 res
536 1073 772 1139 habere,
801 1083 862 1128 ut
895 1073 1119 1144 quando
1158 1075 1259 1129 soli
1299 1090 1437 1144 pure
1472 1075 1701 1144 fulgenti
1742 1074 1875 1128 sub-

284 1160 471 1216 oriens
514 1173 741 1233 repente
775 1178 944 1234 vapor
977 1170 1032 1217 et
1066 1163 1242 1234 caligo
1273 1165 1522 1219 velamen
1556 1164 1729 1219 veluti
1772 1162 1875 1217 ob-

283 1251 535 1319 duxerit;
579 1255 660 1308 sic
696 1253 971 1320 similiter,
1006 1254 1085 1308 uti
1130 1254 1392 1321 diximus,
1422 1270 1481 1309 se
1526 1253 1753 1317 habent,
1780 1254 1876 1323 qui

281 1345 459 1414 gratia
511 1343 610 1398 Dei
660 1344 863 1414 potiti,
904 1344 1001 1400 sed
1053 1354 1310 1400 accurate
1360 1344 1607 1399 nondum
1658 1344 1876 1414 purgati

283 1443 442 1499 sunt;
486 1435 581 1490 sed
620 1434 681 1489 in
729 1435 1110 1505 penetralibus
1142 1434 1441 1505 profundis
1472 1434 1653 1489 adhuc
1681 1449 1711 1488 a
1747 1449 1878 1504 pec-

286 1534 413 1579 cato
463 1534 743 1581 tenentur.
795 1525 977 1592 Quare
1024 1525 1199 1580 multa
1247 1522 1499 1595 profecto
1545 1522 1880 1579 discretione

282 1632 421 1687 opus
447 1623 551 1681 est,
575 1615 642 1670 ad
668 1615 1065 1686 experientiam
1096 1630 1285 1671 rerum
1316 1614 1504 1670 talium
1544 1613 1853 1686 perfectissi

281 1722 428 1763 mam
460 1705 783 1777 parandam.

361 1798 481 1855 XV.
515 1797 589 1854 Ut
639 1797 758 1852 sine
808 1795 1015 1863 oculis,
1054 1795 1276 1867 lingua,
1306 1795 1572 1863 auribus,
1608 1795 1877 1866 pedibus,

1982 980 2018 1051 ἢ
2066 978 2267 1049 ὀμίχλη
2312 976 2694 1048 ἐπιδραμοῦσα
2741 976 3069 1047 ἐπισκοτίσῃ
3101 976 3269 1030 αὐτοῦ
3300 976 3379 1047 τῷ
3409 977 3560 1046 καλῷ

1989 1071 2130 1141 φωτί
2153 1088 2169 1103 ·
2199 1068 2375 1140 τούτῳ
2405 1068 2518 1140 γὰρ
2567 1067 2969 1139 παραπλησίως
3000 1067 3185 1137 ἔχουσι
3226 1067 3308 1136 τῷ
3333 1067 3480 1139 λόγῳ
3514 1070 3566 1121 οί

1986 1162 2090 1232 τῆς
2134 1160 2236 1233 μέν
2281 1159 2378 1214 τοῦ
2409 1158 2547 1213 Θεοῦ
2600 1158 2823 1231 χάριτος
2875 1160 3252 1228 ἐπιτυχόντες,
3311 1159 3479 1229 μήπω
3510 1159 3569 1213 δέ

1989 1253 2130 1325 πρὸς
2176 1252 2468 1325 ἀκρίϐειαν
2523 1249 3005 1322 διακαθαρθέντες,
3047 1249 3163 1302 ἀλλ’
3203 1252 3263 1302 ἐν
3289 1248 3368 1320 τῷ
3413 1249 3569 1319 βάθει

1986 1344 2069 1399 ἔτι
2099 1345 2426 1415 κατάσχετοι
2454 1344 2608 1408 ὄντες
2637 1343 2743 1397 ὑπὸ
2766 1344 2866 1414 τῆς
2902 1342 3176 1414 ἁμαρτίας
3200 1360 3215 1375 ·
3253 1342 3395 1395 ὥστε
3433 1343 3570 1395 πολο

1987 1438 2085 1508 λῆς
2117 1436 2195 1507 τῷ
2234 1438 2349 1491 ὄντι
2369 1436 2471 1507 τῆς
2499 1436 2826 1507 διακρίσεως
2846 1435 2928 1488 δεῖ
2956 1434 3093 1509 πρὸς
3115 1436 3176 1489 τὸ
3196 1435 3363 1506 πείρᾳ
3397 1433 3572 1490 ταῦτα

1987 1528 2056 1598 τῇ
2089 1526 2403 1600 τελεωτάτη
2432 1525 2749 1598 προλαϐεῖν.

2064 1793 2165 1849 IE'.
2218 1794 2403 1861 Ωσπερ
2451 1807 2736 1863 αμηχανον
2775 1788 3075 1860 ὀφθαλμῶν
3106 1789 3235 1844 ἀνευ
3268 1790 3363 1845 καὶ
3390 1789 3569 1860 γλώτ-

281 1889 491 1952 videri,
525 1888 665 1953 dici,
699 1886 915 1953 audiri,
948 1887 1217 1942 ambulari
1286 1887 1511 1957 nequit;
1557 1887 1638 1942 sic
1683 1888 1883 1958 pariter

1996 1903 2115 1955 της,
2146 1882 2304 1936 ὢτων
2328 1900 2389 1936 τε
2426 1882 2522 1936 καὶ
2547 1882 2724 1936 ποδῶν
2776 1880 2995 1951 βλέπειν
3046 1880 3080 1952 ἢ
3115 1881 3321 1950 λέγειν,
3349 1883 3571 1938 ἀκούειν

282 1978 627 2050 impossibile
665 1987 780 2043 est,
817 1977 936 2032 sine
977 1978 1093 2033 Deo
1135 1986 1191 2033 et
1233 1977 1302 2032 ab
1347 1977 1469 2048 ipso
1509 1976 1638 2033 dato
1673 1963 1882 2033 eliicaci

288 2070 449 2141 195
494 2068 730 2133 auxilio,
772 2069 1184 2124 communicare
1245 2069 1790 2141 mysteriisdivinis,
1833 2080 1891 2127 et

288 2150 452 2216 nosse
501 2160 601 2216 Dei
656 2159 1017 2231 sapientiam,
1059 2168 1155 2214 aut
1205 2160 1261 2214 in
1313 2159 1525 2230 Spiritu
1580 2160 1873 2216 ditescere.

283 2251 420 2305 Nam
464 2249 744 2320 sapientes
802 2249 1027 2319 quidem
1069 2248 1409 2314 Graecorum,
1440 2248 1496 2304 in
1530 2248 1888 2304 meditatione

286 2338 665 2393 doctrinarum
721 2346 1072 2404 exercentur,
1093 2347 1150 2393 et
1170 2338 1240 2393 ad
1275 2338 1509 2393 invicem
1536 2338 1886 2409 reciprocan-

285 2432 383 2486 das
410 2431 709 2487 verborum
740 2430 886 2486 rixas
933 2430 1104 2501 longo
1135 2429 1250 2486 triti
1281 2446 1382 2486 usu
1416 2438 1562 2505 sunt.
1595 2430 1750 2487 Servi
1783 2446 1885 2487 au-

289 2529 398 2575 tem
451 2521 569 2586 Dei,
600 2521 706 2577 etsi
733 2520 1118 2591 congressibus
1142 2520 1578 2591 disputationum
1614 2521 1887 2579 inexerci-

287 2614 387 2673 tati
413 2613 554 2679 sint,
588 2621 773 2670 tamen
803 2612 991 2668 divina
1022 2611 1216 2668 notitia
1258 2621 1316 2669 et
1374 2613 1474 2670 Dei
1507 2615 1681 2685 gratia
1718 2614 1886 2686 perli-

287 2704 338 2760 ci
355 2711 547 2758 untur.

359 2793 499 2851 XVI.
529 2793 720 2850 Audeo
755 2792 976 2856 dicere,
1016 2807 1086 2848 ne
1116 2792 1255 2864 ipsis
1289 2792 1515 2864 quidem
1547 2793 1661 2851 illis
1695 2806 1888 2853 sancto

286 2887 569 2943 Paracleto
618 2885 843 2956 repletis
890 2884 1155 2954 apostolis
1219 2884 1527 2955 contigisse
1616 2895 1678 2941 ut
1722 2887 1884 2944 liberi

290 2997 519 3052 prorsus
548 2996 576 3035 a
608 2981 757 3036 curis
784 2986 1001 3045 essent;
1033 2979 1128 3033 sed
1158 2979 1579 3035 exsultationem
1606 2991 1664 3036 et
1690 2981 1887 3038 inetl‘a-

288 3072 402 3127 bile
429 3087 624 3127 eorum
654 3071 915 3142 gaudium
942 3080 998 3126 et
1024 3072 1186 3125 timor
1208 3072 1408 3142 aliquis
1435 3073 1887 3142 consequebatur

1991 1976 2420 2048 ἢπεριπατεῖν’
2478 1974 2653 2038 οῦτως
2698 1975 2896 2044 ἐπίσης
2961 1972 3245 2040 ἀδύνατον,
3296 1974 3425 2028 ἄνευ
3470 1976 3567 2028 τοῦ

1989 2068 2126 2123 Θεοῦ
2152 2069 2362 2138 καὶτῆς
2386 2067 2597 2121 ἐκεῖθεν
2615 2065 2901 2136 διδομένης
2924 2065 3229 2137 ἐνεργείας,
3249 2067 3569 2138 μυστηρίων

1991 2158 2318 2228 κοινωνῆσαι
2344 2157 2526 2223 θείων,
2564 2157 2657 2210 καὶ
2690 2155 2888 2209 εἰδέναι
2937 2153 3074 2208 Θεοῦ
3124 2155 3339 2223 σοφίαν,
3368 2155 3569 2226 ἢκατὰ

1990 2248 2220 2320 Πνεῦμα
2272 2248 2544 2301 πλουτεῖν.
2592 2247 2659 2300 Οἱ
2693 2248 2791 2317 μὲν
2839 2245 2948 2317 γάρ
2976 2247 3131 2314 σοφοὶ
3154 2246 3264 2298 τῶν
3301 2246 3570 2316 Ἐλλήνων

1989 2344 2048 2395 ἐν
2072 2342 2251 2411 λόγοις
2280 2340 2600 2404 ἀσκοῦνται,
2633 2343 2731 2393 καὶ
2773 2338 2911 2410 πρὸς
2944 2337 3281 2408 λογομαχίας
3310 2337 3569 2408 ἐκθύμως

1988 2434 2335 2505 ἠσχόληνται.
2369 2434 2431 2487 Οί
2467 2434 2525 2486 δέ
2566 2431 2662 2486 τοῦ
2687 2430 2822 2483 Θεοῦ
2870 2429 3069 2493 δοῦλοι,
3117 2429 3220 2485 κᾶν
3251 2429 3568 2502 ἀνομίλητοι

1989 2524 2164 2595 λόγων
2195 2517 2329 2578 ὦσιν
2356 2565 2372 2590 ,
2404 2523 2521 2577 ἀλλ’
2574 2520 2667 2576 οῦν
2702 2522 2823 2594 θείᾳ
2852 2521 3051 2590 γνώσει
3080 2521 3175 2576 καὶ
3209 2521 3347 2576 Θεοῦ
3379 2521 3566 2593 χάριτι

1990 2615 2434 2688 καταρτίζονται.

2059 2798 2177 2869 ις’.
2216 2800 2485 2871 Πείθομαι
2507 2798 2704 2868 λέγων,
2739 2798 2927 2871 φησὶν,
2960 2799 3045 2853 ὅτι
3072 2802 3168 2854 καὶ
3200 2798 3385 2865 αὐτοῖς
3417 2800 3561 2854 ἐκεί.

1988 2910 2101 2958 νοις
2129 2894 2243 2957 τοῖς
2268 2891 2585 2955 ἀποστόλοις
2614 2890 2709 2944 τοῦ
2738 2889 2949 2960 ἀγαθοῦ
2965 2891 3327 2964 Παρακλήτου
3349 2893 3567 2963 πεπλη-

1990 2984 2284 3057 ρωμένοις,
2340 2982 2611 3054 οὐμενοῦν
2658 2982 2919 3055 καθαρῶς
2971 2983 3207 3054 ὑπῆρχει
3268 2985 3569 3056 φροντίδων

1987 3077 2260 3132 ἀνεῖσθαι·
2287 3076 2427 3129 ἀλλὰ
2452 3076 2591 3145 πρὸς
2612 3078 2678 3147 τῇ
2697 3074 3016 3144 ἀγαλλιάσει
3040 3077 3134 3129 καὶ
3161 3077 3382 3149 ἀρρήτῳ
3399 3078 3567 3148 χαρᾷ.

288 3177 356 3217 ex
396 3160 514 3232 ipsa
554 3163 749 3233 gratia,
785 3177 853 3216 ne
896 3161 1037 3216 forte
1080 3163 1286 3233 pejoris
1326 3162 1497 3232 partis
1537 3171 1883 3220 tentarentur

1996 3166 2088 3219 καὶ
2118 3165 2284 3234 φόϐος
2315 3183 2399 3230 τις
2432 3166 2621 3219 εἵπετο
2665 3165 2725 3230 ἐξ
2757 3165 2927 3234 αὐτῆς
2955 3164 3128 3235 δήπου
3176 3165 3277 3235 τῆς
3322 3166 3569 3236 χάριτος,

292 3253 699 3309 occasionibus.
726 3252 848 3322 ipsa
883 3253 1031 3307 enim
1064 3253 1237 3323 gratia
1270 3254 1325 3308 in
1363 3262 1481 3308 tuto
1512 3269 1602 3309 res
1636 3254 1881 3325 ipsorum

1996 3256 2112 3326 οὐχὶ
2132 3232 2234 3309 τοῦ
2261 3256 2360 3325 τῆς
2390 3254 2590 3317 κακίας
2626 3253 2825 3325 μέρους
2860 3232 3083 3323 ἔχοντας
3112 3232 3567 3323 ἀφορμάς-Αὐτὴ

291 3343 554 3413 ponebat,
580 3357 650 3397 ne
688 3344 775 3397 vel
821 3342 890 3396 ad
938 3342 1225 3397 minimum
1268 3343 1599 3399 excederent
1643 3360 1672 3399 a
1710 3356 1884 3401 recto.

292 3432 474 3501 Atque
503 3438 565 3485 ut
589 3430 856 3501 puerulus
880 3446 1048 3501 parvo
1075 3431 1287 3487 calculo
1319 3433 1375 3486 in
1404 3448 1622 3488 murum
1650 3434 1887 3490 solidum

293 3524 548 3595 conjecto
594 3521 806 3577 nullum
858 3522 910 3576 ei
960 3521 1222 3577 damnum
1269 3522 1464 3589 infert;
1518 3532 1614 3579 aut
1641 3526 1887 3596 iaculum

292 3614 493 3675 hebes,
526 3614 754 3668 loricam
791 3612 1004 3667 firmam
1042 3613 1268 3669 minime
1302 3614 1479 3680 laedit;
1521 3615 1602 3671 sic
1634 3632 1761 3687 pars
1796 3616 1887 3671 illa

292 3705 518 3760 malitiae
549 3704 765 3775 reliqua
808 3703 864 3758 in
899 3705 1051 3773 ipsos
1085 3703 1349 3775 impetum
1389 3705 1597 3762 faciens
1636 3706 1888 3763 inefficax

291 3808 350 3854 et
376 3796 756 3851 frustrancum
785 3810 907 3852 esse
934 3796 1441 3865 demonstrabatur,
1472 3799 1619 3869 quod
1653 3800 1776 3857 illos
1799 3802 1888 3855 ni-

292 3890 498 3944 mirum
541 3886 749 3944 Christi
786 3887 960 3942 virtus
994 3890 1200 3957 optime
1232 3889 1581 3944 munivisset.
1615 3888 1887 3946 Caeterum

293 3979 703 4050 quantumlibet
748 3977 1040 4049 perfectis,
1072 3979 1301 4034 libertas
1334 3988 1518 4035 tamen
1549 3981 1768 4036 arbitrii
1804 3981 1890 4036 in-

292 4081 436 4128 erat.
454 4070 577 4127 Non
605 4070 753 4126 enim
778 4086 969 4126 verum
994 4079 1101 4136 est,
1119 4071 1267 4141 quod
1296 4071 1518 4141 quidam
1550 4071 1743 4127 inscite
1770 4088 1891 4144 gar—

294 4162 474 4227 riunt,
505 4169 629 4232 post
660 4169 942 4231 acceptam
972 4161 1225 4231 gratiam,
1248 4162 1386 4216 nihil
1418 4161 1526 4217 nisi
1556 4162 1888 4217 laxationem

294 4262 353 4307 et
376 4253 621 4321 quietem
652 4261 883 4307 restare.
912 4252 1168 4322 Requirit
1193 4251 1340 4307 enim
1376 4252 1645 4307 Dominus
1673 4253 1730 4306 in
1764 4268 1893 4322 per-

292 4341 455 4397 fectis
480 4357 702 4414 quoque
743 4342 1081 4397 voluntatem
1107 4342 1303 4396 animae
1331 4342 1387 4396 in
1416 4341 1740 4411 obsequium
1770 4342 1893 4412 Spi-

298 4434 442 4489 ritus
474 4450 490 4487 :
522 4444 583 4488 ut
604 4433 718 4488 haec
746 4433 981 4488 invicem
1009 4434 1376 4489 consentiant.
1406 4434 1717 4491 Dicitenim
1741 4436 1889 4506 Apo-

300 4522 478 4578 stolus
509 4540 523 4577 :
557 4522 818 4594 Spiritum
847 4522 1010 4577 nolite
1039 4526 1371 4595 exstinguere
1397 4526 1463 4583 ’⁸.

372 4614 538 4673 XVII.
562 4615 808 4686 Simplici
835 4618 1277 4674 nomenclatione
1301 4618 1592 4690 designare
1615 4634 1703 4675 res
1724 4618 1884 4675 facile

303 4704 484 4761 cuivis
527 4715 584 4761 et
628 4705 776 4761 factu
824 4720 1058 4777 pronum
1106 4717 1212 4763 est.
1258 4708 1440 4764 Facile
1484 4708 1687 4779 quippe
1733 4709 1883 4763 omni

303 4799 515 4855 homini
570 4810 656 4855 est
688 4798 901 4865 dicere,
951 4814 1147 4870 panem
1188 4800 1337 4855 hunc
1377 4800 1462 4871 (ut
1495 4799 1602 4854 hoc
1639 4798 1888 4868 exemplo

308 4890 549 4961 utamur)
583 4905 650 4945 ex
677 4889 959 4946 frumento
994 4904 1116 4945 esse
1147 4897 1525 4960 compactum;
1562 4905 1672 4959 quo
1703 4898 1886 4944 autem

305 4983 476 5037 modo
503 4997 679 5052 quave
708 4992 828 5037 arte
856 4988 971 5036 tota
997 4982 1117 5053 ejus
1145 4980 1476 5052 praeparatio
1506 4979 1885 5035 administrata

305 5074 497 5138 fuerit,
525 5073 804 5144 sigillatim
837 5086 1136 5143 exponere,
1166 5071 1310 5126 haud
1347 5070 1530 5141 quivis
1559 5078 1757 5140 queat;
1794 5070 1891 5125 sed

306 5166 361 5221 id
396 5180 587 5220 eorum
623 5166 819 5220 saltem
850 5172 956 5231 est,
989 5163 1083 5234 qui
1116 5163 1515 5234 experientiam
1549 5161 1629 5216 rei
1663 5162 1887 5217 habent.

312 5262 387 5316 Ad
419 5261 569 5316 hunc
599 5259 768 5332 igitur
799 5259 1024 5314 modum
1054 5258 1284 5314 cuilibet
1315 5257 1371 5312 in
1402 5265 1659 5327 promptu
1691 5264 1797 5323 est,
1824 5256 1892 5312 de

306 5353 607 5408 affectuum
640 5352 916 5406 vacuitate
949 5360 1008 5405 et
1060 5348 1407 5420 perfectione
1446 5346 1754 5412 disserere;
1794 5361 1893 5400 ex-

305 5446 575 5515 perientia
599 5459 732 5500 vero
763 5456 1051 5513 capessere
1080 5441 1392 5512 negotium;
1428 5438 1532 5492 hoc
1556 5452 1692 5491 vero
1723 5446 1807 5491 est
1836 5454 1893 5490 re

308 5538 421 5607 ipsa
452 5548 508 5594 et
530 5540 586 5593 in
603 5537 834 5592 veritate
855 5531 1174 5589 methodum
1201 5528 1558 5601 perfectionis
1579 5526 1886 5598 percipere.

376 5626 561 5684 XVIII.
607 5626 933 5694 Quicunque
979 5622 1049 5677 de
1120 5619 1396 5691 spirituali
1449 5616 1696 5673 doctrina
1762 5615 1881 5671 sine

376 5827 461 5882 ἠ
493 5827 682 5880 Thess.
710 5842 761 5889 ν,
791 5826 865 5881 19

1987 3346 2101 3416 γὰρ
2124 3348 2157 3416 ἡ
2191 3345 2350 3415 χάρις
2395 3346 2452 3399 ἐν
2482 3344 2718 3413 ἀσφαλεῖ
2738 3343 2807 3396 τὰ
2839 3341 3063 3396 ἐκείνων
3091 3342 3262 3395 ἐτίθει
3303 3341 3399 3396 τοῦ
3433 3343 3569 3411 μηδὲ

1988 3438 2127 3509 πρὸς
2146 3437 2343 3509 μικρὸν
2379 3436 2612 3505 ἐκϐῆναι
2642 3435 2737 3489 τοῦ
2769 3434 2949 3498 καλῶς
2971 3434 3207 3504 ἔχοντος.
3241 3436 3352 3488 Καὶ
3382 3433 3567 3503 ὥσπερ

1986 3546 2040 3583 τι
2069 3528 2283 3583 παιδίον
2310 3530 2483 3600 μικρᾷ
2506 3527 2699 3599 ψηφίδι
2730 3530 2911 3597 τεῖχος
2942 3526 3208 3597 βεϐληκὺς
3246 3526 3398 3581 οὐδὲν
3432 3526 3569 3597 ἤνυ-

1990 3638 2104 3683 σεν,
2138 3620 2173 3691 ἢ
2208 3620 2284 3684 ὥς
2315 3637 2368 3675 τι
2406 3619 2558 3691 βέλος
2586 3619 2813 3683 ἀσθενές
2846 3618 3076 3691 θώρακα
3110 3619 3331 3689 ἰσχυρὸν
3373 3619 3573 3689 ἣκιστα

1992 3715 2060 3769 ἂν
2109 3713 2309 3786 βλάψῃ,
2378 3712 2524 3767 οὕτω
2587 3712 2654 3784 δὴ
2709 3714 2804 3766 καὶ
2886 3714 3055 3785 μέρος
3123 3730 3176 3765 τι
3227 3711 3328 3781 τῆς
3371 3711 3573 3774 κακίας

1989 3805 2331 3877 προσϐάλλον
2380 3806 2565 3868 αὐτοῖς
2598 3803 2881 3875 ἄπρακτόν
2912 3820 2972 3857 τε
3025 3803 3122 3858 καὶ⁵
3157 3804 3386 3875 μάταιον
3418 3804 3570 3870 ἀπη-

1990 3898 2217 3968 λέγχετο
2241 3914 2257 3930 ο
2283 3896 2381 3951 ἀτε
2405 3900 2479 3969 τῇ
2501 3895 2594 3950 τοῦ
2623 3895 2861 3967 Χριστοῦ
2890 3896 3118 3967 δυνάμει
3148 3894 3331 3958 καλῶς
3365 3893 3576 3966 φραξα-

1993 3990 2197 4060 μένοις.
2231 3990 2380 4059 Πλὴν
2407 3988 2547 4042 ἀλλὰ
2572 3987 2667 4041 καὶ
2700 3988 2926 4051 τελείοις
2956 3984 3163 4058 οὖσινὴ
3193 3984 3291 4040 τοῦ
3318 3986 3575 4050 αὐτεξου-

1996 4082 2110 4135 σίου
2145 4079 2432 4151 ἐλευθερία
2476 4079 2680 4151 παρῆν,
2740 4078 2837 4133 καὶ
2888 4079 2987 4149 οὐχ
3024 4077 3100 4143 ὥς
3147 4094 3293 4143 τινες
3332 4078 3576 4147 ἀνοήτως

1993 4174 2183 4242 φασὶν,
2220 4172 2302 4225 ὅτι
2333 4171 2472 4242 μετά
2516 4171 2679 4242 χάριν
2709 4170 2770 4224 τὸ
2818 4170 2928 4223 ἀπὸ
2959 4168 3112 4222 τοῦδε
3154 4168 3448 4240 φροντίδων
3476 4166 3573 4220 λύ-

1994 4283 2077 4329 σις
2095 4265 2191 4320 καὶ
2221 4264 2432 4329 ἄνεσις.
2460 4266 2625 4334 Ζητεῖ
2648 4263 2760 4333 γὰρ
2788 4264 2816 4316 ό
2834 4262 3039 4332 Κύριος
3070 4265 3173 4316 κάν
3201 4263 3315 4324 τοῖς
3341 4260 3573 4324 τελείοις

1990 4360 2053 4413 τὸ
2086 4359 2303 4429 θέλημα
2333 4358 2432 4427 τῆς
2465 4355 2643 4426 ψυχῆς
2673 4357 2753 4417 εἰς
2786 4352 3068 4408 διακονίαν
3106 4350 3200 4405 τοῦ
3233 4351 3574 4421 Πνεύματος,

1993 4449 2069 4514 ὡς
2102 4450 2378 4521 συμϐῆναι
2411 4447 2587 4502 ταῦτα
2622 4446 2896 4516 ἀλλήλοις.
2944 4444 3111 4513 Λέγει
3171 4444 3282 4514 γὰρ
3313 4443 3344 4497 ό
3415 4442 3576 4496 Ἀπό-

1996 4542 2181 4605 στολος
2205 4556 2220 4572 ⁸
2243 4541 2313 4596 Τό
2341 4540 2585 4609 Πνεῦμα
2600 4536 2686 4608 μὴ
2727 4537 3042 4592 σϐέννυτε.

2066 4637 2168 4690 IZ'.
2200 4634 2275 4687 Τὸ
2304 4635 2403 4704 μὲν
2428 4631 2584 4702 ἀπλῷ
2607 4632 2754 4701 λόγῳ
2788 4628 3144 4701 παραδιδόναι
3173 4626 3245 4681 τὰ
3273 4626 3573 4698 πράγματα

1995 4726 2287 4800 πρόχειρόν
2309 4743 2363 4779 τι
2397 4725 2493 4778 καὶ
2513 4724 2765 4786 εὐπετές.
2811 4722 3026 4793 Ῥᾴδιον
3059 4721 3170 4793 γὰρ
3195 4720 3270 4790 τῷ
3294 4720 3456 4773 παντὶ
3482 4718 3573 4771 λέ-

1993 4837 2113 4889 γειν
2134 4818 2227 4872 τὸν
2258 4818 2424 4890 ἄρτον
2456 4816 2666 4881 τοῦτον,
2697 4814 3095 4883 ὕποδείγματος
3111 4813 3168 4866 δὲ
3194 4812 3339 4883 λόγῳ
3371 4811 3574 4881 φαμὲν,

1992 4912 2102 4967 ἀπὸ
2133 4910 2282 4963 σίτου
2310 4907 2638 4979 γεγενῆσθαι
2666 4923 2680 4936 ο
2717 4904 2818 4976 τὴν
2866 4905 3071 4976 μέντοι,
3103 4904 3245 4959 κατὰ
3278 4902 3441 4974 μέρος
3474 4902 3576 4954 αὖ·

1992 5002 2087 5056 τοῦ
2134 5000 2484 5069 κατασκευὴν
2530 4998 2808 5062 ἐκθέσθαι,
2854 4996 2915 5050 οὐ
2952 4994 3048 5049 τοῦ
3079 4994 3293 5064 ,παντὸς
3335 4993 3572 5062 γνῶναι*

1992 5093 2130 5148 ἀλλά
2159 5094 2338 5164 μόνων
2366 5092 2487 5144 ἐστὶ
2518 5090 2629 5145 τῶν
2662 5088 3110 5159 πεπειραμένων.
3140 5084 3300 5139 Οὕτω
3324 5083 3457 5153 γοῦν
3483 5084 3576 5137 καὶ

1991 5186 2052 5239 τὸ
2088 5186 2187 5255 μὲν
2218 5183 2403 5248 ἁπλῶς
2430 5183 2561 5255 περὶ⁹
2604 5180 2877 5244 ἀπαθειας
2919 5180 3104 5247 λέγειν
3153 5194 3212 5230 τε
3248 5178 3343 5231 καί
3371 5174 3577 5229 τελειό-

1992 5295 2155 5350 τητος
2177 5276 2404 5340 εὐπετές
2430 5292 2491 5328 τε
2514 5275 2609 5329 καὶ
2635 5273 2888 5345 εὐχερές·
2912 5272 2975 5326 τὸ
2993 5272 3049 5325 δὲ
3083 5270 3250 5343 πείρᾳ
3267 5270 3327 5323 τὸ
3347 5269 3580 5340 πρᾶγμα

1994 5368 2356 5440 παραλαϐεῖν,
2392 5366 2551 5421 τοῦτό
2591 5366 2710 5418 ἐστι
2748 5364 2826 5435 τῷ
2860 5363 3007 5435 ἔργῳ
3034 5361 3129 5416 καὶ
3153 5360 3381 5432 ἀληθείᾳ
3411 5375 3584 5411 κατα-

1995 5460 2183 5515 λαϐεῖν
2218 5461 2296 5525 είς
2329 5460 2430 5531 τὴν
2457 5456 2804 5528 κατασκευὴν
2832 5458 2931 5528 τῆς
2958 5454 3317 5522 τελειότητος.

2068 5616 2177 5668 ιιιν.
2228 5614 2387 5666 Ὅσοι
2420 5611 2614 5680 λόγους
2644 5606 3052 5681 πνευματικοὺς
3098 5601 3341 5672 γεύσεως
3384 5619 3442 5654 τε
3486 5600 3578 5656 καὶ
