3980 6430
439 344 544 407 905

1471 349 1703 410 LIBER
1748 350 1841 410 υΕ
1882 349 2361 415 ELEVATIONE
2396 353 2702 415 MENTIS.

3596 353 3701 415 906

434 459 635 529 πείρας
689 458 849 522 ἐκτὸς
901 459 1258 529 φθέγγονται,
1312 459 1538 523 τούτους
1577 462 1813 517 ἑοικέναι
1868 467 2008 535 φημὶ

2149 476 2272 521 ustu
2308 476 2366 523 et
2402 469 2743 537 experientia
2807 466 3114 537 disputant,
3158 481 3255 522 eos
3308 464 3397 521 aio
3433 480 3534 536 ego
3578 481 3703 521 esse

434 547 710 619 ἀνθρώπῳ
739 548 932 616 θέρους
954 547 1072 619 ὥρᾳ
1118 548 1469 620 μεσημϐρίας
1502 550 1765 621 ἀκριϐοῦς
1792 554 2019 624 ίσταμέ·

440 660 539 710 νης
571 640 754 693 πεδίον
786 639 993 709 ἔρημόν
1024 656 1078 692 τι
1105 640 1199 693 καὶ
1229 641 1457 711 ἄνυδρον
1506 641 1703 696 διιόντι
1727 661 1740 675 °
1767 640 1889 700 εἶτα
1915 647 2020 700 ὑπὸ

440 732 646 800 πολλῆς
702 732 797 783 καὶ
850 729 1158 798 φλογώδους
1187 731 1289 800 τῆς
1322 732 1485 801 δίψης
1534 734 1676 788 κατά
1706 736 1831 789 νοῦν
1862 737 2015 809 αὑτῷ

439 824 815 893 ὑπογράφοντι
846 823 1031 893 πηγήν
1051 839 1174 875 τινα
1204 823 1422 895 ψυχρὰν
1448 825 1617 894 ἐγγὺς
1644 826 1813 881 οὖσαν
1844 828 2015 897 γλυκύ

440 933 500 969 τε
560 918 654 969 καὶ
702 914 896 978 διειδὲς
949 913 1093 986 ὕδωρ
1143 914 1391 985 ἔχουσαν,
1445 918 1542 972 καὶ
1587 919 1752 973 αὑτοῦ
1808 922 2021 988 οὐδενὸς

445 1008 721 1077 εἴργοντος
745 1005 1066 1059 ἀπολαύοντι
1107 1007 1250 1060 κατά
1283 1008 1445 1079 κόρον
1466 1024 1480 1039 ·
1505 1010 1538 1083 ἢ
1569 1011 1842 1084 ἀνθρώπῳ
1867 1013 2020 1085 μέλι-

442 1118 533 1164 τος
571 1100 668 1170 μὲν
698 1099 818 1153 οὐδὲ
851 1098 1025 1170 βραχὺ
1043 1101 1387 1172 γευσαμένῳ,
1413 1102 1621 1172 ἑτέροις
1646 1104 1704 1157 δὲ
1728 1106 1877 1169 ὅπως
1906 1106 2021 1177 ἔχει

443 1192 781 1261 γλυκύτητος
842 1193 1175 1264 πειρωμένῳ
1234 1192 1537 1261 διασαφεῖν.
1594 1195 1839 1249 Τοιοῦτοι
1910 1198 2021 1269 γὰρ

443 1284 681 1354 ἀληθῶς,
712 1285 829 1337 ὅσοι
855 1284 930 1355 μὴ
982 1283 1131 1355 ἔργῳ
1167 1282 1266 1337 καὶ
1324 1284 1670 1357 πληροφορίᾳ
1715 1289 1781 1357 τῇ
1813 1287 2021 1342 ἑαυτῶν

443 1374 512 1425 τά
557 1375 685 1444 περὶ
714 1375 1052 1445 τελειότητος
1082 1393 1144 1429 τε
1175 1375 1271 1428 καὶ
1323 1377 1599 1448 άγιασμοῦ
1632 1379 1727 1431 καὶ
1748 1379 2021 1445 ἀπαθείας

448 1466 860 1537 παραλαϐόντες
914 1468 1122 1539 ἑτέροις
1158 1468 1501 1539 εἰσηγεῖσθαι
1550 1469 1869 1539 βούλονται·
1926 1473 2021 1526 καὶ

447 1559 559 1629 γὰρ
592 1562 639 1613 εί
668 1559 778 1631 δῴη
812 1558 944 1622 Θεδς
976 1558 1178 1630 μικράν
1208 1576 1331 1612 τινα
1360 1560 1471 1613 τῶν
1496 1561 1627 1631 παρ’
1656 1562 1837 1614 αὐτῶν
1863 1563 2021 1632 λεγο-

454 1656 629 1722 μενων
667 1652 851 1705 λαῦεῖν
890 1651 1167 1722 αἴσθησιν,
1224 1652 1463 1707 εἴσονται
1520 1654 1759 1719 πάντως,
1810 1654 1891 1707 ὅτι
1948 1656 2022 1728 μὴ

451 1744 593 1798 κατὰ
622 1744 721 1814 τὴν
756 1744 981 1797 ἐκείνων
1014 1744 1321 1814 εἰσήγησιν,
1354 1743 1492 1797 ἀλλά
1521 1744 1702 1816 πολλῷ
1726 1744 1802 1815 τῷ
1834 1746 2023 1815 διαφέ-

2121 558 2333 613 similes
2373 559 2613 623 homini,
2646 575 2745 630 per
2786 567 3060 626 aestatem,
3094 558 3327 613 meridie
3365 556 3704 612 calidissimo

2120 648 2440 710 exsistente,
2465 664 2563 718 per
2582 664 2836 719 campum
2865 648 3146 704 desertum
3172 647 3499 717 aridumque
3525 655 3703 700 trans-

2121 741 2311 804 eunti,
2356 750 2523 811 atque
2566 741 2622 795 in
2654 740 2777 804 siti,
2822 756 2931 810 qua
2975 739 3146 795 multa
3187 750 3244 795 et
3284 736 3704 809 ﬂagrantissima

2124 842 2442 902 torquetur,
2492 833 2676 888 animo
2737 833 2845 888 sibi
2902 833 3111 888 fontem
3173 832 3399 904 [ingenti
3464 830 3703 902 gelidum

2122 925 2375 994 proxime
2425 924 2685 979 ﬂuentem
2736 940 2933 994 aquam
2981 924 3197 979 dulcem
3246 933 3303 978 et
3349 923 3704 977 cristallinam

2124 1017 2438 1081 habentem,
2468 1024 2524 1070 et
2548 1031 2611 1071 ea
2642 1032 2721 1081 se,
2748 1015 2816 1069 ad
2847 1015 3153 1071 satietatem
3180 1030 3375 1084 usque,
3399 1014 3552 1068 nullo
3580 1028 3707 1083 pro-

2124 1106 2569 1178 hibente,prolui
2599 1125 2612 1160 :
2645 1114 2741 1161 aut
2774 1106 2981 1161 homini
3008 1106 3125 1175 qui,
3178 1120 3305 1161 cum
3340 1104 3447 1160 mel
3481 1103 3706 1159 omnino

2123 1216 2404 1270 nunquam
2447 1199 2701 1270 gustarit,
2768 1206 2950 1253 tamen
2992 1197 3117 1253 aliis
3152 1197 3437 1253 declarare
3478 1204 3710 1250 conatur

2125 1302 2331 1365 quanta
2372 1291 2445 1347 sit
2478 1292 2598 1362 ejus
2642 1291 2903 1346 suavitas.
2934 1288 3095 1345 Tales
3130 1288 3378 1359 profecto
3418 1294 3548 1342 sunt
3582 1284 3707 1354 qui-

2124 1400 2343 1454 cunque
2374 1398 2433 1438 re
2467 1382 2583 1453 ipsa
2623 1389 2680 1437 et
2712 1382 2906 1437 intimo
2949 1381 3005 1436 in
3049 1396 3107 1435 se
3151 1378 3285 1451 ipsis
3323 1377 3707 1449 experimento

2124 1490 2344 1540 eorum,
2376 1488 2499 1544 quae
2542 1472 2609 1528 ad
2656 1472 3049 1544 perfectionem
3072 1511 3086 1534 ,
3118 1468 3611 1525 sanetilicationem
3651 1473 3709 1521 et

2126 1565 2606 1637 perturbationum
2657 1564 3012 1619 abolitionem
3063 1562 3371 1634 pertinent,
3416 1576 3525 1614 non
3579 1568 3706 1613 ante

2127 1655 2443 1727 praeparati,
2475 1654 2613 1708 alios
2654 1654 2722 1709 de
2767 1654 2854 1707 his
2893 1654 3094 1708 docere
3134 1649 3455 1707 disserendo
3495 1648 3709 1703 volunt.

2130 1750 2349 1803 Etenim
2376 1749 2422 1804 si
2450 1748 2667 1803 dederit
2689 1748 2776 1802 his
2800 1749 2967 1811 Deus,
2990 1755 3051 1800 ut
3072 1745 3159 1800 vel
3185 1744 3442 1813 exiguum
3472 1741 3710 1810 aliquem

457 1853 601 1908 ροντι
636 1837 705 1889 τὰ
746 1836 850 1905 τῆς
890 1835 1147 1903 ἀληθείας
1188 1830 1301 1906 εἶχε
1352 1836 1447 1889 καὶ
1490 1836 1596 1890 τῶν
1654 1814 2020 1908 πραγμάτων.

2143 1843 2363 1905 norum,
2401 1854 2524 1909 quae
2570 1838 2845 1909 inexperti
2892 1836 3219 1908 praedicant,
3256 1847 3477 1889 sensum
3526 1829 3709 1901 perci—

527 1928 623 1981 IG'.
657 1928 731 1981 Τὸ
766 1928 867 2000 μὲν
890 1927 1248 1995 Εὑαγγέλιον,
1286 1928 1469 1997 φησὶν,
1489 1928 1875 1998 ἀποφαπικῶς
1904 1928 2023 1982 δια-

448 2020 729 2076 κελεύεται
751 2022 929 2075 πάντα
963 2020 1271 2091 ἄνθρωπον,
1293 2021 1412 2073 τόδε
1441 2020 1517 2090 μὴ
1546 2022 1742 2085 ποιεῖν,
1773 2020 2024 2090 ἢποιεῖν,

449 2111 588 2165 ὥστε
626 2113 778 2182 φίλον
811 2111 1067 2180 γενέσθαι
1099 2112 1175 2183 τῷ
1207 2112 1579 2183 φιλανθρώπῳ
1624 2112 1881 2166 Βασιλεῖ·
1926 2112 2025 2182 Μὴ

449 2204 737 2274 ὀργισθῇς
767 2204 896 2274 γάρ,
932 2204 1087 2274 φησὶ,
1109 2203 1195 2272 μὴ
1248 2203 1624 2272 ἐπιθυμήσῃς
1652 2220 1666 2235 ⁸
1693 2203 1803 2257 ἐάν
1832 2204 1924 2270 τίς
1954 2220 2027 2258 σε

445 2295 676 2362 ραπίσῃ
717 2296 803 2357 εις
847 2293 961 2360 τὴν
998 2291 1207 2356 δεξιὰν
1250 2294 1526 2361 σιαγόνα,
1565 2292 1835 2361 στρέψον
1868 2291 2029 2359 αὑτῷ

450 2387 550 2441 καί
581 2386 693 2455 τὴν
711 2387 937 2453 ἄλλην.
989 2385 1049 2438 '0
1070 2386 1129 2439 δὲ
1173 2385 1499 2448 Ἀπόστολος
1545 2384 1687 2438 κατὰ
1730 2386 1866 2439 πόδα
1922 2388 2029 2440 τῶν

451 2482 803 2552 τεταγμένων
834 2479 1027 2543 ἐλθὼν,
1071 2481 1166 2533 καὶ
1195 2480 1343 2541 ὅπως
1380 2478 1485 2549 χρὴ
1524 2477 1667 2531 κατὰ
1712 2480 1905 2550 μικρὸν
1938 2496 2021 2548 γε·

454 2574 639 2628 νέσθαι
669 2572 729 2625 τὸ
760 2573 859 2643 τῆς
896 2571 1217 2639 καθάρσεως
1251 2570 1433 2641 ἔργον,
1482 2570 1565 2623 ὅτι
1600 2569 1719 2638 μεθ’
1751 2569 2029 2639 ὑπομονῆς

452 2665 549 2717 καὶ
585 2663 992 2735 μακροθυμίας,
1024 2660 1358 2715 ὲκπαιδεύει.
1385 2660 1608 2732 Πρῶτον
1639 2660 1737 2729 μὲν
1762 2659 2030 2728 γαλακτο-

452 2756 666 2826 τροφῶν
688 2756 769 2818 ὡς
800 2755 1028 2826 νηπίους
1063 2771 1077 2786 ο
1122 2749 1242 2805 εἶτα
1285 2752 1470 2823 φέρων
1496 2752 1577 2813 είς
1612 2750 1839 2822 αὔξησιν
1864 2767 1879 2781 ·
1940 2754 2033 2805 καὶ¹

453 2845 609 2912 αὖθις
638 2851 718 2911 είς
752 2847 1065 2917 τελειότητα
1089 2862 1103 2876 ·
1128 2839 1261 2909 οἷον,
1295 2844 1369 2907 ὡς
1401 2845 1459 2896 ὲν
1485 2843 1893 2914 παραδείγματι
1924 2844 2030 2913 φά-

454 2960 563 3008 ναι,
593 2940 653 2994 τδ
687 2941 785 3012 μὲν
819 2940 1152 3006 Εὑαγγέλιον
1180 2937 1406 3001 τέλειος,
1430 2936 1490 3003 ἐξ
1515 2936 1685 3007 ἐρίου,
1712 2932 1858 3003 εἶπε,
1882 2938 2030 3006 γινέ-

458 3033 570 3085 σθω
601 3030 765 3103 χιτών
798 3048 812 3064 ο
845 3034 873 3085 ὁ
900 3031 958 3083 δὲ
997 3028 1342 3090 Ἀπόστολος.
1378 3029 1475 3083 καὶ
1504 3026 1619 3091 πῶς
1653 3027 1733 3082 δεῖ
1760 3027 2033 3094 ξαίνεσθαι

458 3123 639 3186 τοῦτο,
675 3121 996 3192 ὑφαίνεσθαι
1018 3137 1076 3174 τε
1104 3120 1200 3173 καὶ
1229 3119 1739 3183 κατασκευάζεσθαι
1756 3120 1847 3175 τὸν
1866 3120 2030 3191 χιτῶ-

462 3232 528 3268 να
552 3214 733 3277 καλῶς
760 3213 1114 3282 διεσάφησεν.

2130 1930 2316 2001 piant,
2355 1940 2487 1986 tunc
2518 1928 2739 1984 demum
2776 1929 2921 1983 clare
2956 1928 3293 1999 intelligent,
3325 1923 3614 1979 veritatem
3658 1929 3715 1976 et

2133 2022 2279 2093 ipsas
2318 2036 2406 2075 res
2446 2035 2558 2075 non
2597 2020 2900 2075 secundum
2938 2034 3131 2074 eorum
3163 2015 3585 2087 expositionem,
3616 2012 3712 2068 sed

2131 2114 2305 2168 multo
2332 2112 2493 2167 aliter
2520 2126 2639 2167 sese
2666 2110 2891 2166 habere.

2203 2204 2348 2259 XIX.
2381 2202 2738 2273 Evangelium
2780 2202 3004 2273 quidem
3042 2201 3249 2257 diserte
3289 2197 3537 2270 praecipit
3565 2194 3717 2252 omni

2132 2294 2376 2359 homini,
2406 2294 2512 2349 hoc
2540 2308 2651 2348 non
2677 2308 2869 2364 agere,
2899 2294 3005 2349 hoc
3031 2308 3220 2363 agere,
3267 2290 3312 2345 si
3342 2289 3477 2344 velit
3505 2287 3719 2342 amicus

2132 2391 2253 2445 ﬁeri
2280 2390 2781 2445 amantishomines
2805 2389 2991 2460 Regis.
3013 2388 3104 2443 Ait
3125 2387 3269 2442 enim
3304 2403 3318 2439 :
3343 2384 3422 2439 Ne
3443 2382 3717 2449 irascaris,

2133 2498 2197 2536 ne
2233 2483 2569 2551 concupiscas
2612 2497 2629 2534 :
2671 2482 2717 2535 si
2756 2482 2870 2551 quis
2915 2488 2963 2533 te
3003 2477 3315 2551 percusserit
3354 2476 3409 2528 in
3448 2474 3720 2527 dexteram

2134 2572 2434 2637 maxillam,
2465 2573 2636 2643 prwbe
2657 2571 2739 2625 illi
2771 2580 2819 2625 et
2848 2569 3156 2624 alteram”.
3184 2568 3253 2623 At
3282 2565 3576 2636 Apostolus
3601 2563 3717 2618 dis-

2134 2665 2303 2720 tincte
2345 2679 2409 2718 ac
2448 2662 2757 2717 minutatim
2794 2676 3100 2730 exsequens
3133 2668 3319 2730 partes
3354 2656 3597 2726 singulas
3627 2669 3717 2709 re-

2136 2772 2258 2811 rum
2288 2763 2706 2826 praeceptarum,
2730 2768 2837 2822 qua
2867 2751 3071 2806 sensim
3104 2749 3315 2804 ratione
3342 2745 3719 2802 administrari

2138 2854 2393 2917 oporteat
2422 2843 2766 2915 purgationis
2798 2858 2966 2913 opus,
2999 2857 3124 2896 cum
3155 2840 3422 2912 patientia
3456 2837 3718 2892 nimirum

2141 2938 2302 3008 196
2350 2947 2405 2992 et
2450 2935 2895 3007 longanimitate,
2939 2933 3155 2989 edocet.
3203 2932 3446 2987 Primum
3498 2928 3721 3000 quidem

2136 3032 2280 3085 laete
2319 3044 2580 3100 pascens,
2618 3036 2676 3082 nt
2718 3026 2990 3091 infantes;
3042 3024 3243 3080 deinde
3292 3037 3623 3093 promovens
3669 3022 3726 3076 in

2140 3130 2521 3193 augmentum,
2547 3129 2828 3190 postremo
2860 3118 2927 3173 ad
2961 3116 3354 3189 perfectionem
3393 3113 3723 3184 perducens.

2139 3213 2319 3283 Atque
2349 3222 2410 3267 ut
2438 3212 2492 3267 in
2519 3212 2771 3283 exemplo
2800 3228 2915 3268 rem
2944 3224 3287 3280 exponamus
3320 3226 3334 3261 :
3368 3205 3723 3278 Evangelium

460 3307 684 3377 quidem
731 3304 1027 3377 perfectam
1062 3320 1128 3359 ex
1189 3303 1314 3358 lana
1367 3300 1618 3358 exhiberi
1681 3301 1923 3357 tunicam
1960 3303 2211 3370 mandat;
2242 3305 2537 3375 Apostolus
2587 3314 2770 3360 autem
2825 3302 3084 3359 distincte
3119 3303 3342 3371 insuper
3392 3299 3587 3362 tradit,
3620 3310 3729 3367 qua

459 3399 721 3457 methodo
766 3397 1096 3470 peetendum
1159 3396 1258 3461 sit,
1319 3412 1429 3467 qua
1474 3396 1606 3451 inde
1658 3396 1928 3451 texendus
1971 3404 2092 3453 arte
2146 3414 2397 3469 pannus,
2455 3408 2512 3455 et
2558 3398 2838 3469 quomodo
2893 3398 2951 3453 in
2999 3397 3244 3452 tunicam
3293 3395 3341 3450 is
3392 3395 3463 3449 sit
3506 3408 3731 3465 praepa-

462 3496 686 3550 randus.

534 3586 619 3641 K'.
646 3586 767 3639 Είσί
805 3603 952 3649 τινες
1004 3586 1262 3655 πορνείας
1298 3586 1397 3657 μὲν
1420 3585 1519 3653 τῆς
1552 3582 1910 3654 φαινομένης,
1947 3582 2043 3635 καὶ

466 3683 694 3751 κλοπῆς,
716 3680 811 3734 καὶ
841 3679 1177 3745 πλεονεξίας,
1218 3680 1312 3731 καὶ
1340 3678 1450 3732 τῶν
1468 3679 1672 3749 ὁμοίων
1712 3677 2044 3747 ἀπεχόμενοι

469 3777 780 3851 μοχθηρῶψ
809 3776 903 3830 καὶ
933 3775 1074 3828 κατὰ
1103 3773 1261 3828 τοῦτο
1290 3775 1517 3836 ἑαυτοὺς
1549 3773 1898 3843 ὲκκρίνοντες
1927 3773 2042 3835 τοῖς

464 3870 677 3941 ἁγίοις·
720 3866 919 3921 πολλοῦ
968 3868 1025 3920 δὲ
1064 3866 1247 3920 δέουσι
1273 3866 1381 3919 τῶν
1408 3866 1755 3936 πραγμάτων
1798 3864 2043 3933 γίνεσθαι

468 3965 563 4019 καὶ
605 3963 702 4034 τῆς
754 3961 1031 4031 ἀληθείας.
1080 3961 1337 4030 Οίκουρεῖ
1370 3960 1480 4030 γὰρ
1523 3960 1583 4013 ὲν
1616 3958 1695 4029 τῷ
1730 3958 1807 4028 νῷ
1836 3957 2044 4012 τούτων

467 4062 502 4131 η
535 4058 704 4112 κακία
731 4056 1014 4118 πολλάκις,
1046 4055 1111 4125 ζῇ
1147 4070 1207 4106 τε
1242 4052 1338 4105 καὶ
1384 4052 1564 4121 ἕρπει,
1596 4051 1691 4104 καὶ
1722 4050 1880 4104 οὔπω
1913 4051 2045 4103 άποι

468 4149 704 4204 λιποῦσα
740 4148 965 4211 τούτους
989 4146 1181 4218 ᾤχετο.
1220 4144 1413 4215 ’Δγιος
1447 4144 1504 4198 δέ
1532 4146 1681 4197 ἐστιν
1709 4146 1734 4197 ό
1765 4142 2048 4213 ἁγιασθεὶς

468 4245 562 4298 κα)⁸
607 4242 699 4295 τὸν
747 4241 856 4294 ἔσω
890 4240 1074 4294 τέλεον
1128 4237 1519 4309 διακαθαρθεὶς
1568 4234 1900 4306 ἄνθρωπον·
1952 4234 2052 4289 καὶ

468 4335 579 4407 γάρ
610 4352 691 4397 τις
733 4333 841 4385 τῶν
896 4330 1141 4401 ἀδελφῶν
1180 4331 1427 4400 ἀδελφοῖς
1488 4346 1601 4383 τισι
1663 4328 2053 4397 συνευχόμενος

471 4429 607 4498 πρὸς
662 4428 760 4497 τῆς
809 4424 957 4488 θείας

471 4520 741 4590 άρπαγεὶς
799 4515 907 4571 εἶδε
964 4515 1062 4587 τὴν
1114 4518 1228 4572 ἀνω
1285 4516 1440 4568 πόλιν
1510 4512 1864 4585 Ἰερουσαλὴμ
1887 4552 1901 4575 ,
1958 4508 2054 4563 καὶ

470 4614 571 4678 τὰς
605 4614 724 4665 ἐκεῖ
768 4610 1037 4680 φωτεινάς
1099 4610 1297 4673 οίκίας,
1349 4608 1445 4662 καὶ⁸
1503 4606 1620 4676 φῶς
1677 4604 1905 4674 ἄπειρον
1958 4602 2053 4655 καὶ

472 4705 805 4777 ἀπόρρητον.
858 4702 1099 4756 Ἥκουσέ
1149 4718 1209 4753 τε
1266 4701 1451 4771 φωνῆς
1516 4696 1806 4768 λεγούσης,
1866 4693 2054 4747 τοῦτον

474 4794 617 4852 εἶναι
640 4798 729 4850 τὸν
754 4796 917 4849 τόπον
951 4795 1051 4864 τῆς
1095 4793 1205 4846 τῶν
1236 4792 1462 4847 δικαίων
1492 4788 1884 4850 ἀναπαύσεως⁶
1935 4781 2056 4838 εἶτα

474 4889 772 4958 φυσιωθεὶς
809 4888 902 4941 καὶ
948 4886 1159 4957 μεγάλα
1212 4885 1341 4956 περὶ
1387 4882 1581 4937 ἑαυτοῦ
1634 4880 1839 4950 οἰηθεὶς
1901 4877 2058 4949 βαθεῖ

475 4982 781 5043 κατέπεσεν
803 4978 1068 5049 ἁμαρτίᾳ,
1101 4977 1195 5029 καὶ
1253 4976 1469 5039 πολλοῖς
1505 4973 1736 5044 ὕστερον
1768 4971 1911 5026 ἑάλω
1950 4987 2053 5023 κα-

477 5074 614 5135 κοῖς.
650 5071 709 5123 Εἰ
741 5066 834 5123 οὖν
865 5062 1021 5129 οὗτος
1070 5064 1266 5129 οὕτως,
1308 5066 1424 5129 πῶς
1454 5081 1519 5133 γε
1552 5063 1632 5134 τῷ
1660 5061 2058 5132 τυχόντιδυνα-

476 5162 567 5216 τὸν
597 5161 890 5230 λέγειν,ὡς
928 5160 1080 5213 Ἐπεὶ
1113 5157 1381 5228 νηστεύω,
1428 5157 1523 5209 καὶ
1572 5153 1850 5221 ξενιτεύω,
1877 5151 2058 5222 ψωμί-

480 5256 559 5317 ζω
583 5272 643 5307 τε
673 5256 741 5309 τὰ
764 5256 1103 5326 ὑπάρχοντα,
1136 5255 1232 5305 καὶ
1262 5251 1369 5304 ἀπὸ
1390 5249 1498 5302 τῶν
1521 5246 1827 5317 εἰρημένων
1854 5245 2058 5315 ἐφυλα-

484 5346 663 5416 ξάμην
694 5348 900 5410 κακῶν,
929 5346 1084 5400 οὐδέν
1113 5346 1232 5397 ἐστι
1267 5342 1329 5395 τὸ
1366 5340 1689 5409 λειπόμενον
1725 5339 1880 5405 ἅγιον
1913 5335 2060 5406 κάμὲ

480 5434 619 5491 εἶναι
643 5456 660 5505 ;
689 5439 800 5492 Kal.
823 5440 932 5510 γάρ
956 5439 1055 5508 οὐχ
1089 5438 1122 5507 ἡ
1148 5436 1257 5489 τῶν
1286 5431 1631 5503 φαινομένων
1659 5431 1848 5483 κακῶν
1880 5426 2062 5498 ἀποχὴ

483 5531 761 5594 τελείωσίς
790 5533 958 5595 ἐστιν,
1016 5530 1208 5600 ὥσπερ
1245 5529 1482 5599 εἴρηται,
1509 5523 1622 5578 ἀλλ’
1665 5524 1699 5594 ἡ
1749 5520 1891 5576 κατὰ
1932 5521 2063 5574 διά-

483 5639 632 5675 νοιαν
664 5620 953 5691 κάθαρσις,
987 5619 1128 5692 αὕτη
1153 5618 1357 5675 τελεία.

556 5786 573 5814 ³
618 5782 807 5837 Matth.
833 5798 883 5847 ι’,
907 5780 995 5835 59.

2214 3580 2333 3634 XX.
2369 3580 2515 3635 Sunt
2551 3578 2775 3648 quidam
2816 3592 2846 3631 a
2888 3576 3252 3632 fornicatione
3294 3576 3517 3646 quidem
3562 3592 3731 3646 appa-

2147 3681 2323 3734 rente,
2353 3686 2381 3723 a
2414 3668 2583 3731 furto,
2610 3667 2678 3721 ab
2710 3666 2940 3720 avaritia
2970 3666 3355 3735 similibusque
3388 3665 3733 3721 abstinentes

2146 3762 2391 3824 delictis;
2421 3774 2485 3813 ac
2513 3766 2802 3829 propterea
2832 3772 2891 3811 se
2921 3757 3071 3827 ipsos
3102 3765 3458 3811 accensenles
3494 3756 3731 3823 sanctis;

2146 3866 2177 3905 a
2217 3850 2374 3919 cujus
2413 3857 2595 3902 tamen
2626 3848 2857 3901 veritate
2897 3845 3284 3915 appellationis
3327 3845 3490 3914 longo
3534 3845 3736 3899 absunt

2153 3939 2467 3995 intervallo.
2496 3938 2717 3992 Habitat
2741 3937 2888 3991 enim
2921 3938 2976 3991 in
3004 3945 3188 3991 mente
3217 3950 3282 3990 ac
3310 3936 3566 3989 Sensibus
3591 3935 3738 4004 ipso-

2154 4047 2277 4087 rum
2309 4029 2517 4084 malitia
2547 4044 2721 4097 saepe;
2752 4028 2892 4082 vivit
2918 4035 2974 4083 et
3000 4028 3193 4097 serpit,
3214 4027 3449 4082 necdum
3482 4026 3550 4079 iis
3577 4026 3737 4094 plane

2155 4121 2362 4177 relictis
2387 4119 2535 4174 foras
2560 4116 2827 4189 profecta.
2855 4116 3090 4173 Sanctus
3120 4131 3282 4186 porro
3312 4116 3358 4170 is
3384 4114 3606 4169 demum
3630 4122 3735 4180 est,

2156 4216 2250 4288 qui
2287 4224 2373 4269 est
2405 4212 2779 4269 sanctiﬁcatus
2810 4220 2867 4267 et
2901 4211 3218 4265 interiorem
3252 4209 3495 4280 perfecte
3533 4222 3736 4277 purga-

2161 4323 2275 4367 tum
2315 4310 2483 4365 habet
2521 4307 2821 4363 hominem.
2850 4305 3064 4359 Etenim
3102 4303 3301 4373 aliquis
3340 4302 3597 4363 fratrum,
3628 4313 3738 4352 una

1046 4390 1503 4496 έξῃχμαλωτίσθη
1583 4390 1904 4489 δυνάμεως,
1961 4420 2036 4472 κα

2160 4402 2324 4457 simul
2368 4416 2491 4456 cum
2535 4399 2657 4454 aliis
2698 4396 3027 4468 quibusdam
3057 4393 3319 4448 fratribus
3354 4406 3519 4446 orans
3552 4390 3737 4445 divina

2155 4494 2464 4563 captivatus
2495 4492 2577 4553 vi,
2607 4498 2663 4544 et
2701 4496 2920 4558 raptus,
2949 4486 3087 4540 vidit
3126 4497 3421 4555 supernam
3459 4481 3739 4536 civitatem

2152 4584 2489 4644 Jerusalem,
2525 4590 2582 4637 et
2628 4580 2872 4644 lucidas,
2908 4594 3030 4648 qua:
3077 4576 3191 4630 illic
3236 4582 3392 4640 sunt,
3428 4572 3649 4636 domos,
3684 4578 3741 4623 et

2154 4677 2334 4730 lucem
2365 4675 2689 4728 immensam
2719 4681 2881 4741 atque
2910 4668 3269 4723 ineﬂabilem.
3300 4663 3489 4719 Audiit
3521 4675 3741 4732 quoque

2156 4783 2347 4821 vocem
2392 4766 2663 4821 dicentem
2712 4784 2724 4818 :
2769 4765 2918 4819 hunc
2955 4778 3075 4817 esse
3119 4762 3301 4815 locum
3340 4758 3617 4828 iustorum
3650 4769 3742 4809 re-

2155 4859 2340 4924 quiei;
2372 4856 2831 4924 deinde,inllatus
2865 4863 2920 4910 et
2952 4869 3145 4924 magna
3179 4852 3247 4907 de
3282 4866 3339 4906 se
3373 4862 3741 4919 praesumens,

2159 4955 2213 5009 in
2248 4967 2413 5023 grave
2450 4951 2643 5006 incidit
2676 4957 2991 5019 peccatum,
3021 4956 3079 5001 et
3112 4943 3299 4999 multis
3340 4946 3745 5011 consequenter

2159 5045 2473 5116 implicatus
2517 5052 2601 5098 est
2649 5041 2826 5097 malis.
2866 5039 2924 5094 Si
2970 5055 3103 5107 ergo
3144 5036 3237 5091 hic
3282 5034 3359 5089 ita
3403 5034 3591 5104 lapsus
3635 5042 3741 5097 est,

2158 5135 2438 5208 quomodo
2479 5134 2685 5204 poterit
2716 5147 2747 5186 e
2778 5132 2946 5201 vulgo
2982 5128 3182 5198 aliquis
3217 5125 3405 5181 dicere
3441 5122 3742 5191 :Quando-

2159 5229 2384 5300 quidem
2410 5229 2624 5299 jejuno,
2653 5233 2709 5279 et
2740 5237 2970 5295 peregre
3000 5220 3160 5290 dego,
3193 5227 3248 5273 et
3278 5216 3568 5272 facultates
3597 5229 3747 5268 meas

2160 5321 2491 5391 dispertior;
2535 5326 2910 5391 praetereaque
2946 5329 2976 5367 a
3010 5328 3177 5383 supra
3213 5308 3531 5365 memoratis
3563 5315 3747 5362 custo-

2161 5415 2275 5470 divi
2304 5428 2392 5468 me
2421 5412 2601 5474 malis,
2628 5407 2766 5463 nihil
2798 5405 3044 5476 profecto
3075 5403 3230 5458 deest
3285 5400 3584 5471 quominus
3645 5410 3747 5465 ego

2161 5519 2383 5579 quoque
2417 5512 2645 5559 sanctus
2678 5500 2814 5555 sim?
2852 5497 3070 5553 Etenim
3104 5511 3215 5549 non
3251 5494 3319 5547 ab
3355 5488 3750 5561 apparentibus

2165 5578 2323 5651 malis
2349 5592 2706 5657 abstinentia,
2730 5599 2816 5646 est
2843 5586 3132 5660 perfectio,
3163 5584 3240 5639 uti
3272 5583 3480 5638 dictum
3507 5586 3589 5635 est
3608 5619 3622 5644 ,
3653 5578 3745 5633 sed

2166 5688 2367 5743 mentis
2398 5683 2681 5757 purgatio,
2709 5697 2885 5752 caque
2917 5676 3177 5750 perfecta.
3222 5722 3223 5725 η
