3980 6452
280 318 384 382 937

1552 322 1613 381 8.
1652 320 1977 381 MACARII
2019 319 2345 381 IEGYPTII

3449 318 3552 380 908

349 428 495 487 XXI.
530 428 657 485 Hzre
685 430 780 501 qui
813 438 1059 501 reputas,
1084 430 1397 503 ingredere,
1428 430 1537 497 aio,
1564 446 1664 501 per
1692 439 1871 485 atten-

2043 431 2177 484 KA'.
2236 429 2481 497 Εἴσελθε,
2534 428 2723 498 φησιν,
2769 427 2992 484 ὀταῦτα
3030 427 3436 499 ὑπολαμϐάνων
3463 430 3551 482 διὰ

283 540 391 585 tam
444 525 500 579 in
554 524 915 596 cogitationes
968 535 1090 581 tuas
1138 525 1416 596 vigiliam,
1454 522 1677 594 penitus
1728 523 1870 578 intra

280 617 550 687 captivam
584 624 731 669 tuam
766 623 823 670 et
853 630 1068 670 servam
1103 614 1314 686 peccati
1349 624 1622 679 mentem;
1656 623 1714 668 et
1742 614 1871 669 vide

281 708 435 763 illum
479 706 665 761 adhuc
707 706 849 761 infra
886 706 1251 776 cogitationes
1286 704 1430 775 ipsas
1465 705 1520 759 in
1556 704 1715 768 imis,
1748 720 1871 774 qua:

281 798 564 862 dicuntur,
595 797 793 853 anima:
832 796 1209 868 penetralibus
1251 804 1358 851 tua:
1397 796 1739 851 nidulantem
1772 812 1869 851 an-

281 904 468 961 guem,
500 888 1039 958 interﬁcientemque
1083 896 1138 942 te
1180 902 1282 941 suo
1324 886 1632 942 inﬁciendis
1659 902 1873 942 veneno

282 984 569 1052 primariis
599 984 796 1039 animae
826 992 935 1039 tua
962 981 1250 1037 membris.
1278 983 1520 1054 Abyssus
1560 983 1706 1038 enim
1741 998 1873 1039 vere

289 1074 667 1131 incrustabilis
715 1092 810 1131 cor
853 1084 960 1130 est.
1009 1075 1065 1130 Si
1122 1091 1253 1147 ergo
1307 1076 1456 1130 hunc
1504 1074 1786 1141 occidisti,
1825 1077 1871 1132 si

294 1179 562 1236 quantum
594 1175 711 1221 erat
739 1168 879 1221 in-te
910 1166 1237 1236 iniquitatis,
1262 1174 1436 1221 totum
1458 1165 1793 1236 expurgasti,
1816 1172 1874 1219 et

291 1266 580 1327 peccatum
621 1258 857 1328 eiecisti,
884 1258 1122 1328 gloriare
1153 1257 1210 1312 in
1239 1259 1351 1314 Deo
1378 1257 1445 1312 de
1484 1256 1742 1327 puritate.
1774 1256 1872 1311 Sin

290 1349 494 1415 minus,
549 1350 891 1415 humiliatus,
924 1351 1001 1404 uti
1041 1365 1248 1421 egenus
1285 1359 1341 1404 et
1376 1358 1632 1419 peccator
1668 1348 1869 1415 adhuc,

288 1440 492 1496 accede
523 1440 589 1495 ad
617 1440 919 1506 Christum,
949 1456 1050 1511 pro
1081 1441 1314 1495 occultis
1345 1439 1455 1494 tuis
1481 1454 1663 1493 orans.
1693 1438 1874 1509 Appa-

289 1541 375 1588 ret
399 1533 549 1587 enim
578 1533 894 1589 universam
930 1542 1039 1589 tam
1064 1533 1272 1589 veteris
1296 1549 1460 1605 quam
1490 1533 1621 1587 novi
1647 1532 1875 1588 fmderis

288 1625 633 1696 Scripturam
657 1625 725 1681 ad
757 1627 1054 1696 puritatem
1083 1627 1360 1697 praecipue
1387 1625 1585 1681 referri
1616 1643 1631 1679 :
1664 1627 1871 1697 quippe

285 1735 411 1773 cum
438 1720 586 1775 omni
617 1721 853 1787 homini,
894 1730 1003 1776 tam
1047 1721 1237 1777 Judaeo
1266 1736 1431 1792 quam
1460 1721 1671 1784 Graeco,
1701 1721 1869 1791 inpri-

1973 522 2076 593 τῆς
2109 522 2219 576 τῶν
2260 521 2540 593 λογισμῶν
2571 539 2665 575 σου
2700 520 3023 585 ἐπιστασίας
3061 521 3197 592 πρὸς
3224 521 3316 573 τὸν
3348 521 3551 590 αἰχμά-

1974 612 2143 668 λωτόν
2191 631 2284 667 σου
2316 615 2414 668 καὶ
2466 613 2657 667 δοῦλον
2710 615 2810 684 τῆς
2860 613 3133 684 ἁμαρτίας
3172 612 3319 679 νοῦν,
3353 614 3447 667 καὶ
3474 614 3549 666 ἴδε

1973 706 2065 762 τὸν
2105 707 2188 759 ἔτι
2233 705 2423 759 τούτου
2471 703 2783 774 κατώτερον
2835 705 2927 757 καὶ
2969 703 3264 774 βαθύτερόν
3309 721 3403 756 σου
3441 704 3550 757 τῶν

1974 797 2275 867 λογισμῶν,
2318 796 2409 851 τδν
2440 797 2520 861 είς
2556 798 2626 851 τά
2673 795 2942 865 λεγόμενα
2975 794 3075 863 τῆς
3104 794 3284 864 ψυχῆς
3333 810 3426 846 σου
3456 811 3551 846 τα-

1978 892 2129 961 μιεῖα
2160 887 2547 959 ὲμφωλεύοντα
2569 887 2718 957 ὅφιν,
2749 888 2844 940 καὶ
2877 885 3205 956 ἀναιροῦντά
3239 904 3298 939 σε
3330 886 3419 940 διὰ
3444 888 3551 941 τῶν

1977 981 2360 1053 καιριωτάτων
2411 981 2511 1051 τῆς
2548 980 2731 1051 ψυχῆς
2780 997 2875 1034 σου
2908 980 3105 1051 μελῶν.
3150 980 3413 1045 Ἀϐυσσος
3442 981 3550 1051 γὰρ

1975 1075 2359 1145 ἀκατάληπτος
2394 1074 2611 1145 ἀληθῶς
2649 1076 2681 1145 ὴ
2716 1074 2936 1143 καρδία.
2969 1072 3036 1126 El
3073 1072 3166 1126 οὖν
3192 1071 3379 1126 τοῦτον
3408 1074 3553 1126 ἀνεῖ-

1975 1167 2089 1231 λες,
2120 1169 2170 1221 εἰ
2198 1166 2297 1239 τὴν
2341 1166 2570 1236 ἀνομίαν
2608 1165 2708 1234 τὴν
2764 1166 2823 1218 ὲν
2869 1164 2953 1218 σοὶ
2980 1166 3164 1218 πᾶσαν
3190 1163 3548 1235 ἐξεκάθηρας,

1976 1258 2073 1313 καὶ
2107 1257 2207 1329 τὴν
2236 1256 2512 1327 ἁμαρτίαν
2540 1254 2905 1325 ἐκϐέϐληκας,
2929 1254 3208 1325 καύχησαι
3230 1256 3358 1324 περὶ
3378 1257 3552 1309 καθα-

1976 1350 2202 1422 ρὸτητος
2219 1350 2277 1401 ὲν
2300 1346 2441 1417 Θεῷ.
2468 1347 2529 1401 Εἰ
2552 1347 2598 1400 δ’
2616 1342 2708 1401 οὖν
2736 1346 2872 1402 ἀλλὰ
2887 1348 3245 1411 ταπεινωθεὶς
3268 1348 3343 1410 ὡς
3367 1348 3553 1419 ἐνδεής

1972 1460 2035 1496 τε
2073 1444 2166 1495 καὶ
2196 1440 2517 1512 ἁμαρτωλὸς
2543 1440 2645 1505 ἔτι,
2687 1440 2950 1511 πρόσελθε
2986 1442 3128 1512 ὑπὲρ
3165 1441 3274 1495 τῶν
3306 1442 3551 1512 κρυφίων

1975 1552 2071 1587 σου
2100 1534 2352 1603 δεόμενος
2380 1515 2477 1585 τοῦ
2501 1532 2739 1603 Χριστοῦ
2760 1550 2774 1564 ο
2806 1535 2955 1588 πᾶσα
2974 1532 3084 1604 γὰρ
3110 1532 3314 1586 παλαιά
3332 1533 3423 1586 καὶ
3455 1533 3552 1585 νέα

1975 1625 2166 1696 Γραφὴ
2194 1626 2324 1692 περὶ
2361 1623 2732 1696 καθαρότητος
2759 1624 3013 1694 φαίνεται
3038 1624 3423 1695 διαλεγομένη,
3457 1624 3554 1677 καὶ

1975 1715 2139 1766 παντὶ
2162 1712 2436 1783 ἀνθρώπῳ
2471 1712 2566 1766 καὶ
2607 1713 2848 1782 Ἰουδαίῳ
2884 1713 2981 1766 καὶ
3012 1713 3241 1785 ’Έλληνι
3271 1713 3550 1784 ὲπέραστα

285 1809 389 1864 mis
425 1811 742 1881 expetibilis
782 1812 997 1882 puritas
1028 1812 1129 1878 sit;
1162 1828 1478 1882 quanquam
1508 1812 1700 1867 eadem
1733 1828 1871 1866 cun-

1974 1808 2037 1861 τά
2061 1807 2160 1877 τῆς
2189 1805 2582 1878 καθαρότητος,
2615 1806 2719 1859 κᾶν
2748 1805 2825 1877 μὴ
2880 1805 3049 1861 πᾶσιν
3079 1806 3322 1877 ἀνύσιμα
3345 1823 3357 1835 ·
3390 1806 3550 1874 γενέ-

284 1900 391 1954 ctis
420 1900 568 1955 haud
600 1902 739 1956 adeo
772 1903 977 1973 adeptu
1007 1903 1215 1971 facilis;
1248 1904 1561 1975 pertingere
1585 1912 1766 1959 autem
1797 1904 1865 1959 ad

1975 1900 2098 1952 σθαι
2138 1897 2195 1951 δὲ
2234 1897 2411 1965 τοῦτο,
2447 1899 2546 1970 τὴν
2585 1899 2685 1969 τῆς
2710 1898 2938 1970 καρδίας
2986 1899 3131 1969 φημὶ
3181 1900 3549 1972 καθαρότητα,

287 1988 448 2044 istam
474 1991 661 2047 cordis
686 1993 1038 2060 munditiam,
1064 1995 1153 2050 aio
1198 1995 1477 2050 neminem
1505 1994 1666 2050 aliter
1709 2010 1871 2064 quam

1974 1991 2030 2044 οὐ
2064 1990 2288 2044 δυνατὸν
2318 1990 2516 2053 ἄλλως,
2549 1990 2631 2043 ὅτι
2660 1990 2738 2061 μὴ
2772 1990 2862 2044 διὰ
2918 1990 3097 2061 Ἰησοῦ
3135 1991 3297 2060 μόνον
3336 2007 3352 2024 ο
3385 1989 3549 2054 αὐτὸς

285 2096 387 2150 per
427 2082 615 2137 Iesum
663 2084 841 2139 solum
894 2101 1079 2155 posse.
1128 2085 1248 2156 ipse
1295 2086 1441 2141 enim
1498 2086 1871 2143 substantialis

1974 2084 2084 2154 γὰρ
2116 2086 2150 2155 ἡ
2180 2083 2546 2147 ὲνυπόστατός
2586 2101 2648 2136 τε
2674 2085 2769 2137 καὶ
2789 2083 2958 2148 δντως
2999 2083 3232 2153 ἀλήθεια
3256 2098 3269 2111 ’
3296 2083 3391 2137 καὶ¹
3426 2083 3553 2152 δίχα

285 2186 417 2227 vere
448 2173 650 2228 veritas
685 2181 805 2240 est;
841 2175 1051 2245 absque
1084 2176 1234 2245 quali
1268 2176 1499 2231 veritate
1534 2176 1871 2246 impossibile

1974 2176 2178 2246 ταύτης
2203 2178 2302 2247 τῆς
2343 2175 2606 2247 ἀληθείας
2637 2177 2940 2247 ἀμήχανον,
2962 2175 2998 2248 ἢ
3027 2175 3289 2248 ἀλήθειαν
3327 2175 3551 2245 γνῶναι,

285 2271 392 2330 est,
422 2273 519 2320 aut
549 2282 711 2322 nosse
738 2266 1050 2334 veritatem,
1075 2277 1172 2323 aut
1200 2268 1434 2324 salutem
1469 2269 1709 2339 assequi.

1974 2270 2004 2341 ἢ
2039 2269 2313 2339 σωτηρίας
2331 2270 2632 2340 ἐπιτυχεῖν.

440 2605 1634 2782 ΜΑΚΑΡΙΟΥ
1745 2603 2189 2778 ΤΟΥ
2314 2606 3416 2782 ΜΕΓΑΛΟΥ

1380 2888 1741 3002 ΠΕΡΙ
1849 2889 2486 3005 ΑΓΑΠΗΣ

1796 3110 2039 3165 ΛΟΓΟΣ.

753 3476 1943 3643 197MACARII
2163 3484 2919 3643 MAGNI

1409 3804 1572 3907 DE
1687 3798 2423 3909 CHARITATE

1820 4009 2046 4065 LIBER.

359 4341 396 4396 l.
427 4344 581 4400 Sicut
625 4345 680 4400 in
725 4345 877 4402 hisce
915 4347 1330 4417 apparentibus,
1351 4348 1617 4403 exteriori
1662 4347 1871 4403 homini

2049 4349 2347 4419 Α¹.”Ωσπερ
2372 4348 2429 4402 ὲν
2445 4349 2556 4412 τοῖς
2584 4344 2931 4417 φαινομένοις
2950 4344 3162 4409 τούτοις
3183 4344 3261 4416 τῷ
3278 4345 3434 4409 ἐκτὸς
3450 4344 3559 4399 ἀπ⁴

287 4437 640 4503 renuntiasti,
680 4440 919 4509 erogasti
952 4447 1010 4494 et
1041 4439 1375 4495 distribuisti
1406 4456 1498 4495 res
1531 4449 1683 4505 tuas;
1712 4440 1794 4496 sic
1817 4451 1871 4496 et

1974 4443 2150 4508 ετάξω
2183 4440 2477 4513 ἀνθρώπῳ,
2511 4439 2798 4511 ὲψὼμισάς
2829 4457 2889 4493 τε
2917 4439 2987 4493 τὰ
3026 4440 3153 4492 ὄντα
3188 4440 3283 4493 καὶ
3325 4438 3563 4508 διεσκόρ-

284 4529 607 4583 renuntiare
644 4540 697 4583 te
736 4547 847 4600 prae
890 4531 1352 4602 occupationibus
1384 4534 1569 4604 pravis
1597 4533 1745 4588 circa
1784 4549 1871 4589 res

1974 4550 2163 4597 πισας,
2191 4529 2363 4595 οὕτως
2386 4528 2786 4593 ιὰποτάξασθαί
2822 4544 2884 4581 σε
2921 4530 3041 4592 ταῖς
3098 4527 3208 4580 τῶν
3237 4527 3386 4597 ἠθῶν
3427 4545 3565 4598 προ-

283 4633 498 4673 morum
533 4628 751 4690 oportet
783 4639 797 4675 :
830 4630 888 4676 et
917 4623 961 4677 si
1018 4624 1347 4693 sapientiam
1392 4624 1636 4680 didicisti
1679 4641 1871 4680 carna-

1974 4626 2167 4697 λήψεσι
2199 4625 2328 4697 χρὴ,
2360 4623 2457 4677 καὶ
2482 4624 2532 4677 εί
2557 4623 2752 4692 σοφίαν
2779 4621 2980 4691 ἔμαθες
3000 4621 3266 4694 σαρκικὴν
3295 4623 3328 4693 ἢ
3357 4624 3561 4691 γνῶσιν

282 4712 412 4777 lem,
446 4720 545 4767 aut
594 4714 966 4784 eOgnitionem
994 4730 1054 4771 es
1102 4717 1338 4787 adeptus
1389 4719 1765 4789 negotiorum,
1814 4727 1871 4773 et

1975 4719 2322 4791 πραγμάτων
2340 4757 2354 4782 ,
2386 4702 2623 4788 ἄρνησαι
2647 4713 2858 4785 ταύτην
2885 4733 2899 4745 ·
2922 4715 2973 4768 εί
2999 4714 3336 4785 δικαιώμασι
3367 4716 3563 4768 πέποι-

280 4800 425 4854 hanc
455 4800 672 4857 abdica.
721 4802 777 4859 Si
804 4802 1298 4874 justiﬁcationibus
1340 4806 1663 4861 carnalibus
1699 4806 1868 4862 conli-

1974 4811 2071 4874 θας
2095 4806 2676 4881 σαρκικοῖς,ὰπόστηθι
2697 4806 3205 4873 τούτων,ταπεινῶν
3228 4811 3447 4860 σεαυτὸν
3466 4806 3561 4859 καὶ

280 4890 391 4959 dis,
422 4893 491 4949 ab
535 4894 624 4950 his
648 4911 868 4967 quoque
893 4897 1121 4964 absiste,
1154 4899 1453 4955 humilians
1499 4910 1551 4955 te
1596 4900 1774 4970 ipsum
1813 4908 1870 4954 et

1974 4900 2445 4972 κατασμικρύνων.
2496 4898 2655 4954 Οὕτω
2682 4898 2793 4970 γὰρ
2836 4900 2931 4954 κα)⁸
2956 4899 3161 4973 δυνήσῃ
3198 4898 3271 4967 τῇ
3315 4899 3420 4953 τοῦ
3454 4917 3559 4967 κη-

279 4983 335 5039 in
364 5001 593 5054 parvum
623 4989 976 5045 contrahens.
1020 4990 1112 5046 Sic
1141 4992 1289 5045 enim
1330 4991 1561 5046 stultitia
1603 4993 1869 5063 pra’dica-

1974 4993 2268 5062 ρύγματος
2302 4992 2493 5062 μωρίᾳ
2540 4990 2969 5064 μαθητευθῆναι.
3016 4992 3105 5045 Ἐν
3160 4989 3339 5064 ταύτῃ
3374 4990 3430 5045 δὲ
3460 4992 3559 5062 τὴν

280 5075 467 5130 tionis‘
499 5079 788 5149 percipere
837 5081 1147 5136 doctrinam
1184 5084 1414 5152 poteris.
1447 5083 1507 5138 In
1548 5084 1652 5138 hac
1682 5094 1867 5139 autem

1974 5085 2230 5156 ἀληθινὴν
2271 5086 2526 5155 εὑρήσεις
2564 5084 2779 5153 σοφίαν.
2806 5085 2906 5139 οὐκ
2934 5087 2993 5139 ὲν
3041 5085 3222 5153 λόγοις
3254 5085 3562 5156 κεκομψευο

276 5184 466 5223 veram
492 5171 743 5228 invenies
770 5173 1097 5244 sapientiam
1122 5193 1136 5243 ;
1161 5192 1272 5230 non
1305 5176 1361 5231 in
1391 5176 1745 5233 sermonibus
1767 5193 1867 5231 ex-

1979 5176 2181 5247 μένοις,
2237 5175 2353 5229 ἀλλ’
2381 5177 2440 5229 ὲν
2490 5178 2555 5247 τῇ
2598 5176 2691 5230 τοῦ
2745 5175 2981 5246 σταυροῦ
3038 5177 3285 5246 δυνάμει.
3336 5175 3561 5241 Τούτοις

277 5262 481 5333 quisite
532 5265 763 5331 ornatis,
814 5266 911 5322 sed
958 5268 1017 5322 in
1073 5270 1256 5343 crucis
1290 5269 1517 5325 virtute.
1569 5269 1663 5325 His
1708 5270 1867 5339 quasi

1976 5271 2060 5322 ὲνε
2072 5268 2199 5339 ργού
2209 5286 2368 5338 μενος
2388 5270 2447 5323 ὲν
2469 5268 2751 5339 ὑποστάση
2779 5269 2853 5339 (1)
2879 5272 2992 5333 τοῖς
3018 5268 3401 5333 καταξιωθεῖσι
3429 5270 3562 5322 ταὺ-

277 5358 594 5412 elaboratus
637 5360 1027 5416 transcriberis
1060 5362 1117 5417 in
1157 5373 1362 5418 sortem
1388 5378 1607 5428 eorum,
1654 5364 1749 5433 qui
1781 5363 1869 5417 di-

1975 5379 2076 5433 την
2104 5361 2410 5432 κτήσασθαι
2445 5379 2459 5394 ο
2500 5361 2561 5416 '0
2590 5362 2701 5432 γὰρ
2740 5364 3024 5432 σταυρὸς,
3066 5364 3231 5432 φησὶν
3259 5364 3287 5415 ὁ
3322 5362 3555 5428 Παῦλος,

280 5452 373 5519 gni
406 5452 582 5509 habiti
610 5464 742 5508 sunt
769 5454 1019 5509 eamdem
1048 5456 1520 5525 acquirere.Crua:
1549 5458 1688 5510 enim
1715 5455 1867 5513 Chri-

1974 5454 2079 5507 τοῦ
2138 5455 2396 5524 Χριστοῦ
2477 5454 2601 5521 τοῖς
2663 5454 2782 5525 μὲν
2828 5454 3122 5521 Ἰουδαίοις
3179 5454 3557 5522 σκάνδαλον,

354 5630 367 5659 ¹
402 5630 566 5685 lCor.
591 5649 633 5696 ι.
661 5633 748 5688 2i.

353 5747 432 5817 ιι)
462 5747 769 5821 Corruptus
790 5751 1011 5807 videtur
1044 5752 1243 5819 locus;
1270 5767 1436 5807 sensu
1472 5761 1655 5809 tamen
1696 5768 1808 5808 non
1828 5754 2088 5810 obscuro.
