3980 6434
426 384 534 446 983

1636 384 1867 445 LIBER
1908 385 2004 445 DE
2044 386 2497 452 CIIARITATE.

3591 386 3697 452 910

424 494 689 557 ’Ἕλλησι
714 488 782 542 δὲ
804 489 1017 558 μωρία,
1047 487 1191 557 ἡμῖν
1228 487 1295 542 δὲ
1320 487 1443 555 τοῖς
1468 489 1826 559 σωζομένοις
1861 492 2010 548 Θεοῦ

2124 496 2205 560 sti,
2237 496 2314 549 ait
2342 496 2563 560 Paulus,
2592 495 2792 550 Iudaeis
2817 495 3025 565 quidem
3070 495 3422 561 scandalum;
3456 499 3696 567 gentibus

420 582 676 652 δύναμις
704 581 800 636 καὶ
830 582 978 636 Θεοῦ
1006 582 1213 650 σοφία.

494 763 569 817 B’.
606 762 671 817 Ei
705 763 799 816 καὶ
822 762 1033 826 ἔλαϐες,
1057 762 1210 832 φησὶ,
1238 761 1428 830 γεῦσιν
1457 761 1518 827 ἐξ
1550 762 1804 833 οὐρανοῦ,
1839 764 1887 816 εξ
1918 766 2014 818 καὶ

425 850 685 920 μετέσχες
715 848 931 919 ἐκείνης
991 848 1093 917 τῆς
1126 850 1339 917 σοφίας,
1376 850 1471 903 καὶ
1499 851 1805 906 ἀνάπαυσιν
1855 853 2015 924 ἔσχες

422 941 479 992 ἐν
518 942 581 1010 τῇ
626 939 772 1013 ψυχῇ
828 957 950 1007 σου,
1008 939 1132 1010 μηδ’
1163 939 1338 1004 οὕτως
1388 941 1642 1014 ὲπαίρου,
1690 944 1788 998 ml.
1829 944 1905 1015 μὴ
1937 945 2014 1010 ὡς

421 1031 675 1100 ἐφθακὼς
715 1032 819 1102 ἤδη
869 1032 965 1086 καὶ
1006 1034 1189 1086 πᾶσαν
1228 1033 1555 1088 καταλαϐὼν
1598 1035 1698 1105 τὴν
1751 1036 2014 1108 ἀλήθειαν

421 1125 778 1196 τεθαρρηκὼς
808 1124 916 1180 ἔσο.
949 1125 1042 1196 Μὴ
1066 1126 1131 1178 σὺ
1166 1126 1407 1199 ἀκούσῃς
1430 1142 1445 1157 ο
1482 1127 1633 1195 Ἤδη
1658 1131 2011 1200 κεχωρισμέ-

422 1232 515 1268 νοι
557 1216 720 1279 ἐστὲ,
754 1216 871 1284 ἤδη
924 1216 1387 1283 πεπλουτήκατε
1419 1235 1433 1249 ·
1466 1220 1642 1286 χωρὶς
1687 1220 1856 1289 ἡμῶν
1877 1222 2013 1275 ἐϐα-

422 1308 772 1369 σιλεύσατε,
813 1308 913 1362 καί
944 1307 1174 1376 ὄφελόν
1212 1326 1278 1379 γε
1298 1309 1737 1365 ἐϐασιλεύσατε
1789 1314 1891 1366 ἵνα
1913 1313 2012 1367 καί

420 1398 593 1466 ἡμεῖς
628 1400 770 1469 ὑμῖν
797 1402 1403 1471 συμϐασιλεύσωμεν.
1425 1403 1583 1458 Ἀλλά
1615 1405 1713 1459 καὶ
1733 1407 2011 1477 γευσάμε-

422 1508 531 1558 νος,
584 1491 659 1555 ὼς
697 1494 863 1562 μήπω
911 1492 1004 1546 τοῦ
1044 1494 1477 1564 Χριστιανισμοῦ
1528 1495 1808 1567 ἁψάμενος
1874 1494 2015 1554 εἶναι

424 1582 613 1651 νόμιζε
647 1598 660 1612 °
694 1583 788 1637 ml.
815 1584 890 1654 μὴ
915 1586 973 1650 ἐξ
1000 1586 1263 1658 ἐπιπολῆς
1286 1586 1427 1641 ἔστω
1449 1588 1609 1642 τοῦτὸ
1649 1606 1752 1653 σοι,
1784 1589 1900 1643 ἀλλ’
1938 1590 2015 1655 ὡς

425 1667 905 1747 ὲμπεφυτευίμένον
941 1678 1233 1742 διαπαντὸς
1262 1680 1357 1733 καὶ
1383 1681 1769 1751 κεκυρωμένον
1794 1684 1861 1751 τῇ
1893 1681 2014 1735 δια-

426 1768 545 1820 νοία
578 1784 696 1822 σου.

2115 596 2295 641 autem
2329 588 2596 653 stultitia;
2620 588 2763 642 nobis
2788 604 2930 654 vero,
2961 589 3050 657 qui
3086 589 3382 657 salvantur,
3413 589 3509 643 Dei
3532 593 3697 647 virtus

2112 688 2165 734 et
2196 680 2291 734 Dei
2312 683 2629 752 sapientia’.
3746 678 3749 685 κ

2183 772 2248 825 ll.
2297 773 2525 827 Etiamsi
2552 772 2831 844 acceperis
2865 781 3086 844 gustum
3132 789 3163 829 e
3195 774 3362 839 coelo;
3393 773 3496 828 etsi
3527 774 3701 844 parti-

2113 880 2244 935 ceps
2273 865 2349 920 sis
2368 866 2545 921 factus
2578 866 2865 937 sapientiae
2898 866 3068 930 illius,
3102 874 3158 921 et
3206 865 3453 935 requiem
3490 865 3701 920 habue-

2113 957 2191 1013 ris
2246 959 2302 1013 in
2348 958 2531 1014 anima
2580 969 2720 1025 tua;
2775 974 2957 1029 neque
3012 960 3092 1015 sic
3136 959 3416 1013 extollar-is
3458 976 3473 1014 :
3518 972 3699 1027 neque

2113 1051 2270 1122 quasi
2296 1052 2406 1122 jam
2442 1067 2566 1121 pen
2579 1052 2764 1108 eneris
2779 1051 2847 1106 ad
2877 1067 3096 1107 omnem
3126 1051 3436 1116 veritatem,
3466 1066 3700 1119 eamque

2113 1143 2625 1213 comprehenderis,
2661 1144 2943 1213 arroganti
2970 1142 3115 1214 apud
3142 1153 3194 1199 te
3226 1144 3304 1198 sis
3337 1142 3697 1198 conﬁdentia.

2116 1234 2192 1289 Ne
2225 1243 2282 1289 et
2315 1242 2373 1288 tu
2420 1234 2615 1288 audias
2644 1252 2657 1287 :
2686 1234 2809 1288 Jam
2861 1235 3092 1288 saturati
3134 1235 3255 1289 estis
3293 1250 3313 1289 :
3338 1235 3459 1305 jam
3514 1234 3697 1288 divites

2116 1327 2243 1397 facti
2266 1326 2388 1379 estis
2423 1342 2441 1380 :
2471 1326 2585 1379 sine
2632 1326 2779 1379 nobis
2807 1327 3081 1395 regnatis;
3118 1335 3167 1379 et
3207 1328 3412 1379 utinam
3451 1326 3694 1395 regnetis,

2113 1424 2173 1469 ut
2206 1422 2256 1469 et
2286 1432 2379 1469 nos
2414 1416 2677 1470 vobiscum
2710 1417 3047 1484 regnemus’.
3074 1415 3180 1470 Sed
3213 1416 3317 1469 etsi
3368 1415 3697 1485 gustaveris,

2119 1518 2169 1564 te
2196 1517 2455 1580 tanquam
2477 1507 2724 1563 nondum
2743 1506 3228 1562 Christianismum
3273 1506 3541 1578 attigeris,
3575 1521 3699 1561 esse

2116 1604 2330 1668 reputa.
2364 1595 2553 1665 Neque
2584 1596 2691 1649 hoc
2716 1594 3090 1665 superliciarie
3121 1610 3231 1664 prae
3259 1604 3311 1649 te
3340 1593 3484 1648 feras
3499 1593 3696 1657 velim;

2116 1690 2213 1745 sed
2238 1697 2300 1744 ut
2325 1688 2545 1759 penitus
2576 1688 2805 1743 insitum
2841 1702 3084 1756 semper,
3122 1701 3186 1741 ac
3207 1686 3399 1740 intime
3427 1686 3698 1741 sancitum

2119 1782 2175 1835 in
2196 1790 2383 1836 mente
2416 1780 2488 1836 sit
2527 1788 2642 1834 tua.

497 1858 569 1915 I".
602 1861 813 1936 Ὥσπερ
835 1879 919 1931 τις
945 1861 1319 1935 φιλόπλουτος,
1355 1863 1461 1920 κᾶν
1485 1864 1652 1935 μυρία
1683 1870 2008 1937 συναγαγὼν

2182 1872 2273 1927 Ill.
2310 1872 2383 1930 Ut
2415 1886 2615 1926 avarus
2658 1869 2957 1940 quispiam,
3013 1868 3117 1923 etsi
3156 1867 3443 1938 pecuniam
3467 1881 3699 1937 conges-

424 1959 682 2028 Χρήματα
712 1956 767 2031 ᾖ,
803 1957 953 2013 οὔπω
984 1959 1263 2031 διακορὴς,
1290 1962 1501 2029 γίνεται
1542 1958 1745 2033 μᾶλλον
1768 1960 1868 2030 τῆς
1888 1961 2013 2015 επι-

425 2048 662 2118 θυμίας·
706 2049 739 2119 ἢ
768 2050 1022 2122 καθάπερ
1054 2068 1139 2115 τις
1163 2054 1407 2122 πόματος
1437 2053 1711 2122 ἡδυτάτου
1742 2051 1879 2124 πρὸς
1916 2052 2010 2106 τοῦ

423 2142 586 2210 κόρου
625 2140 981 2206 διασπασθεὶς
1025 2142 1126 2212 τὴν
1177 2144 1358 2213 δίψαν,
1415 2146 1616 2215 μᾶλλον
1670 2146 1966 2211 ἐξέκαυσεν
1993 2164 2008 2179 ο

421 2231 565 2286 οὕτω
591 2231 655 2303 δὴ
693 2232 788 2286 καὶ
820 2233 852 2303 ἡ
899 2232 996 2285 τοῦ
1031 2232 1164 2286 Θεοῦ
1210 2234 1399 2302 γεῦσις
1438 2236 1640 2301 παντὸς
1684 2234 1793 2291 οἶδε
1849 2239 2013 2310 κόρου

424 2323 900 2393 κατακαυχᾶσθαι,
942 2325 1079 2379 ἀλλὰ
1140 2328 1233 2379 καὶ
1278 2328 1388 2398 ὅσῳ
1439 2329 1661 2383 πλουτεῖ
1688 2348 1771 2394 τις
1804 2333 2015 2387 τουτονὶ

421 2419 513 2469 τὸν
538 2415 793 2479 πλοῦτον,
818 2416 1028 2489 πένητα
1049 2417 1240 2472 ἑαυτὸν
1268 2413 1406 2473 εῖναι
1428 2422 1705 2475 κατανοεῖ.
1759 2422 1822 2476 Οἱ
1855 2422 2017 2476 τοιοί-

421 2509 481 2562 δε
537 2510 853 2579 Χριστιανοὶ
901 2509 1003 2562 οὐκ
1033 2508 1216 2579 ἔχουσι
1253 2512 1384 2579 παρ’
1427 2510 1643 2575 ἑαυτοῖς
1690 2514 1881 2581 τιμίαν
1918 2514 2018 2586 τὴν

426 2600 563 2653 ἰδίαν
583 2598 780 2670 ψυχὴν,
813 2598 925 2653 ἀλλ’
956 2598 1032 2663 ὥς
1061 2616 1209 2663 τινες
1237 2600 1346 2653 τῶν
1376 2596 1820 2671 ὲξουδενωμένων
1866 2606 2018 2674 napi:

424 2691 542 2763 Θεῷ
568 2693 869 2747 διάκεινται
918 2692 1139 2757 δούλους
1187 2711 1249 2747 τε
1287 2694 1509 2747 πάντων
1553 2695 1858 2766 ἀνθρώπων
1886 2698 2017 2751 ἑαυο

422 2789 549 2852 τοὺς
586 2783 726 2841 εἶναι
764 2787 1090 2856 λογίζονται.
1134 2787 1257 2840 Ἐπὶ
1279 2786 1450 2858 ταύτῃ
1489 2787 1659 2840 πολλὰ
1690 2789 1871 2859 χαίρει
1900 2788 2016 2843 Κύ-

429 2897 543 2950 ριος
572 2880 665 2933 καὶ
702 2878 1115 2933 ὲπαναπαύεται
1141 2881 1209 2949 τῇ
1238 2879 1409 2949 ψυχῇ,
1444 2879 1531 2933 διὰ
1558 2881 1658 2952 τὴν
1684 2881 1882 2953 ἑαυτῆς
1912 2898 2014 2935 τα-

2114 1965 2250 2021 serit
2301 1963 2785 2027 innumerabilem,
2830 1961 2977 2015 haud
3011 1961 3337 2025 exsatiatur,
3401 1959 3497 2015 sed
3542 1960 3701 2029 plura

2115 2057 2300 2130 potius
2329 2054 2641 2119 desiderat;
2673 2064 2769 2107 aut
2796 2052 2893 2122 qui
2922 2068 2951 2107 a
2980 2053 3203 2121 potione
3230 2050 3546 2107 dulcissima
3574 2056 3701 2104 ante

2116 2150 2428 2205 satietatem
2455 2148 2719 2218 depulsus
2760 2155 2865 2213 est,
2907 2146 3056 2200 sitim
3091 2145 3267 2216 magis
3293 2142 3586 2200 accendit:
3622 2141 3703 2196 sic

2117 2241 2214 2296 Dei
2254 2248 2468 2312 gustus,
2500 2246 2694 2293 contra
2737 2252 2959 2293 omnem
2989 2237 3299 2292 satietatem
3350 2235 3571 2307 gloriari
3603 2250 3705 2289 no-

2117 2334 2216 2400 vit,
2270 2334 2382 2387 imo
2430 2340 2640 2403 quanto
2686 2330 2810 2400 quis
2875 2330 3049 2400 magis
3122 2329 3436 2384 istiusmodi
3490 2327 3704 2382 divitiis

2119 2424 2383 2488 abundat,
2416 2431 2569 2478 tanto
2614 2422 2787 2491 magis
2837 2421 3152 2476 considerat
3205 2435 3265 2473 se
3332 2434 3455 2475 esse
3494 2434 3703 2488 paupe-

2120 2531 2259 2571 rem.
2320 2516 2480 2570 Tales
2550 2513 2851 2570 Christiani
2921 2528 3033 2567 non
3091 2512 3296 2566 habent
3354 2511 3410 2565 in
3468 2510 3706 2566 aestima-

2126 2608 2278 2662 tione
2318 2622 2415 2660 sua
2464 2604 2764 2676 pretiosam
2789 2603 3028 2657 animam
3060 2603 3374 2673 propriam;
3428 2602 3523 2657 sed
3553 2603 3706 2656 velut

2118 2699 2345 2770 quidam
2388 2713 2621 2769 prorsus
2646 2697 2827 2761 nihili,
2854 2697 2935 2751 sic
2969 2713 3029 2752 se
3075 2711 3260 2750 coram
3302 2696 3415 2750 Deo
3461 2694 3705 2764 dejectos

2124 2799 2352 2855 tenent,
2406 2804 2707 2860 servosque
2740 2789 2987 2843 omnium
3019 2787 3307 2841 hominum
3345 2803 3403 2842 se
3435 2786 3585 2856 ipsos
3614 2801 3705 2841 rc-

2123 2894 2338 2957 putant.
2363 2886 2439 2940 De
2470 2884 2563 2938 tali
2598 2883 2755 2937 valde
2776 2882 2978 2953 gaudet
3005 2882 3172 2945 Deus,
3201 2888 3258 2935 et
3285 2881 3339 2934 in
3365 2896 3430 2934 ea
3461 2880 3706 2935 suaviter

424 2972 701 3025 πείνωσιν.
763 2970 825 3023 Εἰ
857 2969 951 3023 οὖν
1001 2971 1094 3023 καὶ
1121 2968 1153 3039 ἢ
1208 2968 1318 3040 ἔχει
1345 2971 1429 3034 τίς
1456 2988 1529 3037 τι,
1559 2972 1632 3043 μὴ
1654 2972 1806 3043 παρά
1858 2973 2019 3027 τοῦτο

2124 2977 2424 3048 requiescit
2474 2976 2693 3041 anima,
2725 2976 2844 3046 ejus
2902 2974 3213 3028 humilitate
3265 2970 3595 3027 delectatus.
3647 2971 3704 3025 Si

420 3065 580 3134 οἰηθῇ
652 3057 789 3115 εἷναί
818 3078 870 3114 τι
900 3062 934 3131 ἢ
988 3062 1153 3131 ἔχειν.
1230 3062 1303 3115 Ἦ
1354 3062 1463 3133 γὰρ
1508 3065 1683 3133 οἴησις
1746 3064 2019 3137 βδέλυγμα

2124 3083 2255 3138 ergo
2286 3066 2493 3137 aliquid
2544 3066 2709 3120 habet
2742 3062 3040 3134 quispiam,
3074 3078 3145 3116 ne
3195 3072 3493 3131 pr0pterea
3550 3059 3708 3113 inﬁc-

425 3156 647 3227 Κυρίῳο
698 3157 790 3208 καὶ
821 3156 960 3222 αὐτὴ
1003 3157 1098 3210 ἀπ’
1128 3156 1305 3227 ἀρχῆς
1345 3155 1647 3227 ὲκὸἐεληκε
1696 3157 1789 3211 τοῦ
1841 3175 2019 3229 παρα-

2128 3170 2235 3225 tur,
2262 3159 2606 3221 existimans,
2639 3171 2759 3212 esse
2792 3165 2887 3210 aut
2927 3155 3132 3209 habere
3185 3168 3243 3208 se
3298 3152 3527 3221 aliquid.
3568 3151 3706 3205 Nam

423 3221 600 3304 δείσου
616 3251 706 3304 τὸν
730 3251 1035 3322 ἄνθρωπον,
1053 3221 1381 3312 ἀκούσαντα,
1404 3248 1487 3302 ὅτι
1520 3221 1619 3316 ’.ἀς
1640 3250 1758 3304 θεοὶ
1781 3221 2017 3317 ἔσεσθε,

2124 3267 2387 3323 arrogans
2414 3249 2746 3306 conﬁdentia
2765 3247 3104 3303 abominatio
3121 3253 3204 3301 est
3221 3245 3484 3310 Domino;
3510 3251 3567 3298 et
3591 3244 3708 3297 haec

427 3341 523 3392 καὶ
569 3343 635 3411 τῇ
677 3339 852 3392 ἑλπίδι
902 3338 1074 3411 ταύτῃ
1134 3340 1198 3408 τῇ
1262 3336 1468 3410 ματαίᾳ
1513 3338 1960 3410 ἐπιθαρρήσαντα
1997 3356 2012 3370 ⁸

2124 3362 2149 3398 a
2172 3343 2440 3413 principio
2473 3341 2637 3413 ejecit
2656 3356 2686 3395 e
2711 3339 2969 3410 paradiso
2999 3339 3300 3393 hominem.
3326 3338 3376 3391 ls
3402 3336 3550 3391 enim
3581 3350 3707 3390 cum

426 3432 713 3503 κατάμαθε
758 3432 877 3495 πῶς
920 3432 948 3484 ὁ
988 3432 1121 3493 Θεός
1166 3447 1260 3483 σου
1295 3430 1390 3484 καὶ
1426 3429 1702 3499 βασιλεὺς,
1745 3430 1879 3483 ἀλλὰ
1918 3431 2013 3484 καὶ

424 3522 562 3576 Θεοῦ
594 3523 721 3586 Υἱὸς
736 3522 954 3576 ἑαυτὸν
972 3520 1252 3585 ἐκένωσε,
1278 3521 1524 3588 μορφὴν
1549 3520 1774 3575 δούλου
1798 3521 2017 3575 λαϐὼν

426 3617 544 3679 πῶς
572 3616 909 3686 ἐπτώχευσε,
949 3614 1067 3675 πῶς
1094 3616 1203 3675 τοῖς
1233 3614 1448 3683 ἀτίμοις
1486 3613 1860 3684 συνελογίσθη,
1896 3617 2014 3678 πῶς

428 3708 721 3763 πέπονθεν.
754 3709 815 3760 Et
838 3706 894 3758 δὲ
934 3707 1028 3759 καὶ
1062 3707 1089 3757 ὁ
1109 3705 1241 3767 Θεὸς
1271 3699 1448 3768 οὗτος,
1473 3706 1501 3756 ὁ
1524 3705 1719 3773 αἵματι
1749 3707 1843 3760 καὶ
1880 3723 2017 3779 σαρ-

427 3803 483 3854 κὶ
516 3796 864 3867 συνεστηκὼς
907 3795 1210 3865 ἄνθρωπος,
1254 3794 1284 3846 ὀ
1329 3794 1401 3864 γῆ
1441 3793 1535 3846 καὶ
1571 3794 1798 3861 σποδὸς,
1850 3797 2017 3865 οἴμοι.

428 3893 522 3947 καὶ
562 3894 623 3946 τὸ
672 3890 934 3962 παράπαν
986 3886 1193 3955 ἀγαθοῦ
1228 3886 1301 3956 μὴ
1357 3885 1702 3956 μεταλαϐὼν,
1737 3887 1856 3940 ἀλλ’
1880 3891 2022 3943 ἀκα-

428 3986 629 4055 θαρσία
659 3983 755 4049 ὢν,
798 3982 942 4052 μέγα
973 3981 1189 4051 φρονεῖς
1227 3978 1320 4032 καὶ
1354 3979 1695 4052 ἀλαζονεύῃ;
1733 3981 1798 4033 σὺ
1824 3980 1881 4033 δὲ
1905 3969 2023 4033 ἀλλ’

428 4079 588 4149 εἴπερ
614 4094 626 4108 ·
659 4071 710 4128 εἴ
770 4072 1006 4138 συνετὸς,
1048 4072 1142 4123 καὶ
1168 4069 1307 4140 ὑπὲρ
1347 4069 1513 4122 αὑτοῦ
1545 4070 1736 4124 τούτου
1783 4071 1983 4141 μᾶλλον
2006 4112 2021 4137 ,

428 4165 599 4235 εῧπερ
620 4168 845 4238 εἴληφας
868 4166 933 4218 ὲκ
956 4163 1088 4216 Θεοῦ
1108 4162 1222 4215 Οὐκ
1235 4160 1386 4233 ὲμὺν,
1401 4161 1547 4229 λέγε,
1568 4163 1796 4216 τοῦτοτὸ
1815 4164 2022 4234 χρῆμω

429 4266 557 4332 παρ’
581 4263 767 4333 ἑτέρου
793 4259 953 4312 τοῦτο
971 4256 1079 4327 ἔχω
1100 4256 1300 4309 λαϐὼν
1329 4254 1597 4320 καὶδόξαν
1619 4256 1790 4328 αὐτῷ,
1812 4257 2027 4321 πάντως

429 4357 739 4425 ἀφαιρεῖται
764 4351 824 4405 τὸ
855 4349 1004 4403 δοθὲν
1037 4348 1132 4402 ἀπ’
1158 4346 1312 4418 ἐμοῦ.
1343 4346 1500 4401 Οὕτω
1535 4347 1633 4417 μὲν
1688 4350 1796 4401 πᾶν
1828 4348 2029 4417 ἀγαθὸν

437 4449 505 4517 τῷ
543 4448 752 4518 Κυρίῳ,
780 4444 840 4497 τὸ
870 4443 927 4497 δὲ
944 4442 1112 4495 κακὸν
1140 4443 1205 4511 τῇ
1222 4438 1447 4492 σεαυτοῦ
1464 4438 1734 4508 ὲπίγραφε
1757 4439 2027 4511 ἀσθενείᾳ.

2119 3434 2366 3489 audisset
2395 3451 2408 3487 :
2439 3432 2604 3486 Erilis
2638 3432 2769 3484 sicut
2812 3428 2951 3495 dii“,
2980 3428 3236 3498 concepit
3270 3428 3418 3482 illam
3460 3426 3707 3481 insanam

2121 3538 2294 3593 spem,
2320 3531 2377 3577 et
2402 3522 2458 3576 in
2476 3522 2791 3577 dementem
2812 3519 3078 3573 intumuit
3105 3518 3377 3572 ﬁduciam.
3403 3516 3708 3572 Considera

2120 3615 2399 3686 quomodo
2429 3616 2575 3668 Deus
2612 3620 2821 3667 tuuset
2864 3626 2958 3665 rex
2994 3618 3140 3674 tuus,
3180 3610 3273 3664 sed
3311 3619 3366 3663 et
3391 3610 3484 3663 Dei
3511 3609 3703 3674 Filius,

2122 3726 2176 3762 se
2217 3710 2391 3777 ipsum
2421 3707 2583 3776 198
2606 3705 2895 3759 exiuanivit
2943 3707 3170 3774 formam
3201 3703 3336 3755 servi
3382 3702 3642 3771 accipiens
3663 3700 3705 3761 ’ς

2122 3799 2399 3870 quomodo
2430 3813 2638 3867 pauper
2672 3796 2849 3851 factus
2875 3803 2981 3859 est,
3010 3793 3288 3864 quomodo
3315 3808 3441 3847 cum
3476 3792 3713 3845 inhono-

2124 3890 2260 3946 ratis
2281 3899 2364 3945 est
2390 3897 2709 3959 rcputatus,
2741 3887 3023 3957 quomodo
3069 3901 3263 3956 passus
3305 3892 3409 3939 est.
3440 3883 3495 3938 Si
3522 3892 3708 3938 autem

2127 3980 2217 4034 ille
2251 3996 2374 4034 cum
2411 3980 2553 4033 Deus
2568 3987 2713 4033 esset
2738 3978 2869 4032 talia
2896 3978 3041 4032 ultro
3066 3976 3237 4031 subiit
3266 3994 3278 4029 :
3311 3985 3389 4040 tu,
3410 3976 3709 4029 homuncio

2126 4082 2418 4128 concretus
2442 4086 2604 4125 carne
2634 4080 2691 4126 et
2713 4072 2998 4143 sanguine,
3038 4081 3118 4135 tu,
3150 4078 3294 4123 terra
3319 4078 3376 4124 et
3402 4068 3565 4134 cinis,
3598 4067 3708 4121 heu

2130 4167 2249 4219 me!
2289 4164 2591 4229 tu,nullam
2623 4179 2689 4219 ex
2724 4172 2776 4218 te
2816 4164 2945 4219 boni
2976 4164 3299 4233 particulam
3332 4162 3561 4217 omnino
3607 4161 3709 4215 ha-

2133 4258 2289 4319 bens,
2322 4255 2418 4310 sed
2435 4264 2581 4309 totus
2607 4265 2849 4324 quantus
2864 4271 2924 4309 es
2944 4272 3010 4310 ex
3031 4253 3380 4309 immnnditia
3412 4251 3704 4317 conﬂatus,

2132 4349 2300 4403 altum
2331 4350 2499 4417 sapis,
2527 4355 2584 4402 et
2615 4347 2898 4417 gloriando
2946 4356 2997 4401 te
3048 4357 3292 4401 ostentas
3333 4348 3344 4399 ι
3380 4346 3523 4411 Quin
3564 4353 3621 4399 tu
3664 4346 3709 4399 si

2135 4440 2359 4509 quidem
2388 4440 2556 4509 sapis,
2604 4447 2830 4508 propter
2862 4439 2968 4494 hoc
2994 4440 3171 4509 ipsum
3218 4440 3363 4508 quod
3387 4439 3647 4507 accepisti
3682 4453 3712 4490 a

431 4543 564 4606 Deo,
609 4538 948 4594 diczMeum
984 4536 1090 4591 hoc
1130 4550 1240 4588 non
1283 4542 1401 4599 est;
1455 4532 1524 4586 ab
1570 4533 1677 4586 alio
1731 4534 1950 4602 accepi;
2003 4541 2207 4586 etcum
2260 4531 2363 4601 ipsi
2417 4530 2701 4585 videbitur
2748 4545 2976 4600 prorsus
3031 4530 3243 4585 auferet
3276 4548 3305 4585 a
3341 4547 3426 4587 me
3472 4531 3529 4587 id
3561 4529 3709 4602 quod

430 4634 604 4690 dedit.
654 4632 747 4687 Sic
797 4646 959 4684 omne
985 4628 1207 4698 quidem
1244 4627 1449 4681 bonum
1492 4626 1746 4691 Domino,
1802 4627 2007 4680 malum
2040 4634 2225 4681 autem
2268 4635 2374 4679 tum
2402 4624 2574 4695 ipsius
2601 4624 2814 4681 ascribe
2841 4624 3172 4679 inﬁrmitati.

502 4728 575 4777 A'.
612 4722 822 4789 Ὄνπερ
887 4720 1049 4788 φησὶν
1108 4719 1137 4769 ὁ
1206 4717 1549 4783 ’Λπόστολος,
1589 4715 1897 4782 θησαυρὸν
1949 4716 2007 4769 ἐν

2184 4715 2273 4771 lV.
2308 4714 2482 4781 Quem
2509 4715 2587 4769 ait
2616 4716 2940 4784 Apostolus,
2976 4717 3279 4769 thesaurum
3316 4732 3371 4770 se
3424 4716 3615 4771 habere
3656 4721 3710 4777 in

433 4813 812 4881 ὀστρακίνοις
842 4812 1007 4878 ἔχειν
1052 4808 1177 4873 τοῖς
1210 4810 1459 4863 σκεύεσι
1486 4848 1501 4875 ,
1556 4809 1654 4878 τὴν
1705 4808 2019 4878 ἁγιαστικὴκ

2132 4805 2269 4858 vasis
2302 4802 2553 4872 ﬁctilibus
2580 4804 2622 4869 ⁸,
2672 4802 3107 4858 sanctiﬁcantem
3158 4803 3413 4857 existima
3477 4803 3715 4873 Spiritus

438 4908 548 4959 οἵου
606 4904 703 4958 τοῦ
732 4902 1051 4972 Πνεύματος
1097 4901 1327 4970 δύναμιν
1353 4941 1367 4963 ,
1400 4901 1468 4971 ἢν
1498 4899 1579 4953 ἔτι
1626 4902 1692 4970 τῇ
1727 4900 1893 4965 σαρκὶ
1930 4917 2029 4952 πε-

447 4998 573 5066 ριὼν
620 4996 769 5060 ἄξιος
802 4994 1038 5063 κατέστη
1068 4993 1271 5047 λαϐεῖν.
1310 4995 1421 5047 Καὶ
1449 4993 1558 5064 γάρ
1605 5010 1708 5045 που
1744 4993 1907 5045 πάλιν
1932 5009 2029 5063 φη-

443 5089 526 5140 σὶν
552 5089 579 5141 ὁ
604 5085 770 5149 αὑτός
800 5102 812 5114 ·
868 5087 972 5149 Ὃς
1004 5082 1257 5152 ἐγενήθη
1300 5082 1445 5151 ἡμῖν
1486 5083 1673 5152 σοφία
1705 5082 1821 5137 ἀπὸ
1860 5081 2028 5149 Θεοῦ,

440 5183 801 5247 δικαιοσύνη
837 5195 899 5233 τε
924 5178 1017 5231 καὶ
1061 5176 1392 5245 ἁγιασμὸς,
1436 5175 1537 5229 καὶ
1586 5177 2025 5244 ἀπολύτρωσις.

457 5272 520 5326 '0
550 5271 681 5340 γοῦν
720 5269 898 5338 εὑρὼν
926 5268 1021 5321 καὶ
1045 5266 1175 5338 παρ’
1204 5266 1383 5335 ἐαυτῷ
1414 5264 1558 5336 σχὼν
1591 5266 1680 5319 τὸν
1710 5266 2030 5335 ἐπουράνιον

448 5364 636 5415 τοῦτον
687 5361 779 5414 τοῦ
803 5360 1118 5431 Πνεύματος
1158 5358 1447 5430 θησαυρὸν,
1485 5360 1664 5411 πᾶσαν
1688 5358 2032 5429 δικαιοσύνην

451 5454 702 5521 ἐντολῶν,
725 5454 903 5505 πᾶσαν
922 5452 1019 5521 τὴν
1040 5451 1144 5504 τῶν
1156 5450 1384 5503 ὲντολῶν
1408 5451 1672 5521 ἐργασίαν
1693 5451 1754 5504 ού
1774 5451 2032 5521 καθαρῶς

460 5547 620 5617 μόνον
654 5546 749 5598 καὶ
772 5546 1109 5614 ἀμωμήτως,
1138 5544 1274 5597 ἀλλὰ
1303 5543 1398 5596 καὶ
1432 5543 1608 5597 πόνων
1628 5544 1782 5607 ἐκτὸς
1810 5546 1904 5597 καὶ
1931 5562 2031 5596 κα-

455 5636 641 5709 μάτων
670 5635 851 5690 ἀνύειν
866 5634 1105 5697 δύναται,
1124 5636 1260 5706 ὅπερ
1295 5637 1523 5707 ἀπονητὶ
1550 5636 1810 5706 πρότερον
1828 5634 2025 5687 πολλοῦ

531 5821 549 5848 ¹
581 5818 602 5872 l
630 5819 757 5875 Cur.
788 5836 825 5883 t,
860 5818 941 5874 18.
1023 5819 1083 5872 ³1
1118 5820 1243 5874 Hor.
1274 5835 1344 5881 Iv,
1375 5822 1426 5873 8.
1512 5819 1527 5850 ‘
1572 5818 1708 5872 Gen.
1740 5830 1819 5879 tu,
1847 5817 1896 5869 5.

1978 5816 1996 5845 ³
2022 5815 2263 5887 Philipp.
2292 5832 2347 5884 tt,
2375 5816 2425 5869 7.

2130 4897 2415 4963 virtutem,
2453 4911 2617 4965 quam
2653 4895 2835 4949 adhuc
2890 4894 2946 4947 in
2990 4908 3156 4948 carne
3203 4904 3484 4961 superstes
3516 4895 3716 4965 dignus

2133 4987 2357 5041 habitus
2407 4996 2491 5040 est
2543 4986 2818 5054 accipere.
2855 4984 3073 5038 Etenim
3139 4982 3269 5035 alibi
3327 5001 3518 5039 rursus
3569 4987 3713 5041 idem

2130 5080 2267 5134 dicit
2300 5097 2312 5131 :
2343 5078 2445 5144 Qui
2480 5078 2652 5147 factus
2676 5087 2751 5131 est
2781 5077 2925 5130 nobis
2962 5078 3227 5145 sapientia
3250 5096 3283 5131 a
3327 5078 3453 5144 Deo,
3479 5088 3527 5134 et
3549 5082 3717 5151 justi-

2134 5175 2234 5234 t.'a,
2264 5179 2312 5223 et
2335 5169 2685 5238 sanctiﬁcatio
2713 5210 2725 5232 ,
2774 5177 2821 5222 et
2854 5169 3194 5238 rcdemptio".
3225 5170 3329 5235 Qui
3358 5172 3526 5242 igitur
3560 5174 3714 5226 inve-

2139 5264 2218 5317 nit
2243 5272 2299 5318 et
2324 5262 2468 5333 apud
2498 5278 2555 5317 sc
2586 5263 2755 5317 habet
2796 5264 3077 5317 cmlcstem
3130 5262 3279 5318 hunc
3315 5264 3557 5335 Spiritus
3597 5266 3716 5319 the-

2138 5374 2362 5413 saurum
2392 5400 2406 5423 ,
2458 5372 2679 5412 omnem
2725 5355 2998 5426 justitiam
3047 5358 3451 5421 mandatorum,
3496 5370 3716 5410 omnem

2138 5453 2513 5521 operationem
2548 5451 2943 5519 praescriptam,
2975 5466 3084 5503 non
3125 5464 3260 5518 pure
3294 5448 3471 5502 solum
3498 5456 3554 5502 et
3579 5448 3719 5502 irre-

2141 5541 2617 5613 prehensibiliter,
2668 5540 2764 5595 sed
2789 5542 2955 5596 etiam
3009 5542 3127 5595 sine
3170 5541 3359 5594 labore
3392 5548 3713 5594 etaerunma

2136 5646 2318 5706 potest
2364 5635 2610 5705 exsequi,
2642 5633 2788 5703 quod
2824 5644 2984 5689 antea
3023 5634 3160 5689 citra
3204 5634 3447 5687 laborem
3478 5631 3712 5687 multum

2510 5818 2528 5847 “
2552 5816 2595 5871 ll
2626 5818 2750 5873 Cor.
2785 5834 2857 5881 tv,
2893 5818 2943 5869 7.
3026 5816 3044 5845 ⁷
3078 5812 3248 5869 lCor.
3281 5832 3314 5875 l,
3351 5813 3437 5864 διε.
