3980 6426
337 366 434 432 9η

1699 362 2017 425 ΜΛΟΑΗΙΙ
2058 363 2379 425 IEGYPTII

3491 361 3601 427 912

335 486 540 549 facere,
572 495 787 540 tantum
841 486 1067 549 aberat,
1101 484 1235 555 quin
1282 492 1487 553 posset.
1519 482 1711 552 Neque
1757 482 1905 536 enim

2025 495 2072 546 γε
2094 479 2188 531 καὶ
2217 478 2322 531 ἔδει
2358 479 2548 532 ποιεῖν.
2576 475 2683 530 Καὶ
2709 472 3025 541 Πνεύματος
3048 472 3317 544 ἀληθινῶς
3345 476 3599 546 γεωργῆ-

334 579 481 632 valet
509 577 653 647 quis,
691 577 1047 646 quantumvis
1064 577 1220 641 velit,
1250 576 1493 630 fructum
1520 574 1762 644 Spiritus
1782 589 1911 629 vere

335 684 400 723 ac
425 679 588 737 prout
629 676 848 736 oportet
876 667 1148 732 excolere,
1192 675 1318 720 ante
1350 664 1758 735 perceptionem
1781 663 1912 718 boni

337 759 597 829 Spiritus.
626 758 815 828 Itaque
844 758 956 813 vim
987 758 1089 812 sibi
1118 758 1299 827 quivis
1325 756 1522 811 inferat
1554 755 1791 811 subinde
1814 770 1913 825 per

337 852 660 920 pat’cntiam
684 866 915 905 currens
933 857 989 903 et
1018 848 1202 909 fidem,
1233 863 1297 901 ac
1325 846 1606 901 ferventer
1632 844 1912 901 Christum

337 952 483 1005 oret,
515 951 577 996 ut
614 941 934 995 thesaurum
964 940 1130 994 istum
1157 937 1439 992 caelestem
1466 944 1634 1006 queat
1657 935 1910 1005 assequi;

336 1046 394 1088 et
418 1045 549 1088 tunc
573 1050 792 1089 omnem
820 1032 1093 1104 justitiam
1124 1031 1181 1087 in
1215 1030 1336 1100 ipso
1361 1036 1419 1085 et
1443 1029 1738 1100 peripsum
1766 1044 1910 1099 pra:-

337 1135 487 1182 stare
540 1128 747 1197 poterit
791 1142 929 1196 pure
979 1141 1045 1181 ac
1096 1122 1370 1196 perfecte;
1420 1123 1540 1179 sine
1588 1123 1800 1188 labore,
1834 1122 1917 1177 in-

339 1233 525 1287 quam,
547 1230 603 1273 et
627 1233 889 1272 33111111118.

415 1311 476 1365 V.
514 1311 617 1377 Qui
664 1311 881 1365 divinas
923 1309 1145 1365 divitias
1173 1308 1415 1380 Spiritus
1441 1308 1497 1363 in
1548 1304 1765 1377 seipsis
1816 1304 1917 1360 ha-

342 1398 497 1463 bent,
562 1399 785 1469 quando
824 1413 950 1453 cum
1004 1396 1285 1467 aliquibus
1320 1394 1554 1450 miscent
1604 1393 1919 1464 spirituales

339 1505 645 1555 sermones,
663 1504 757 1544 eas
781 1487 938 1560 quasi
968 1495 1282 1558 promentes
1313 1502 1344 1541 e
1380 1484 1603 1556 proprio
1633 1486 1916 1549 thesauro,

340 1581 411 1635 iis
458 1581 789 1650 quibuscum
846 1587 1266 1643 conversantur,
1328 1577 1761 1632 communicant.
1813 1576 1917 1643 Qui

338 1687 472 1727 vero
501 1669 814 1726 istiusmodi
833 1685 966 1740 opes
984 1685 1095 1724 non
1126 1668 1561 1724 recondiderunt
1584 1668 1640 1721 in
1664 1676 1922 1738 penetra-

339 1765 488 1820 libus
510 1765 716 1830 cordis,
766 1780 834 1818 ει
864 1780 975 1833 quo
1018 1762 1332 1816 divinorum
1368 1774 1631 1816 sensuum
1654 1800 1668 1826 ,
1720 1768 1921 1831 myste-

2014 588 2103 624 cxt
2156 570 2266 640 πρὸ
2302 569 2401 639 τῆς
2447 568 2541 621 τοῦ
2594 567 2801 635 ἀγαθοῦ
2850 566 3171 637 Πνεύματος
3216 566 3597 637 μεταλήψεως.

2014 661 2159 732 Πλὴν
2190 660 2325 715 ἁλλά
2357 660 2451 713 καὶ
2485 658 2750 729 βιαζέσθω
2784 659 2889 721 πᾶς
2910 675 2993 722 τις
3020 658 3215 712 ἐαυτὸν
3235 658 3496 711 ἑκάστοτε
3529 658 3597 712 δι’

2014 754 2291 823 ὑπομονῆς
2314 753 2522 824 τρέχων
2554 752 2648 805 καὶ
2677 751 2934 814 πίστεως,
2964 751 3059 803 καὶ
3082 749 3303 820 θερμῶς
3339 750 3433 804 τοῦ
3460 752 3596 821 X9.-

2015 842 2141 896 στοῦ
2170 841 2399 906 δεέσθω,
2433 840 2575 892 ὥστε
2606 840 2700 893 τοῦ
2733 837 3011 911 θησαυροῦ
3053 838 3206 892 τοῦδε
3233 838 3327 891 τοῦ
3354 840 3598 908 ἐπουρα-

2013 936 2128 990 νίου
2154 935 2432 1005 ἐπιτυχεῖν
2455 951 2471 966 ο
2502 934 2597 985 καὶ
2621 934 2742 986 τότε
2774 934 2955 986 πᾶσαν
2983 931 3329 1001 δικαιοσύνην
3362 934 3419 985 ἐν
3450 932 3597 1002 αὐτῷ

2012 1044 2071 1081 τε
2093 1026 2161 1081 δι’
2192 1025 2357 1081 αὐτοῦ
2415 1025 2587 1077 ποιεῖν
2626 1022 2847 1076 δύναται
2902 1021 3157 1093 καθαρῶς
3200 1023 3295 1077 καὶ
3354 1024 3600 1087 τελείως,

2013 1115 2267 1188 ἀμόχθως
2302 1114 2363 1167 τέ
2402 1130 2545 1184 φημι
2583 1113 2675 1166 καὶ
2706 1111 3121 1183 ἀταλαιπώρως.

2088 1300 2164 1355 Ε’.
2197 1301 2260 1354 Oi
2281 1300 2375 1353 τὸν
2398 1298 2540 1354 θεῖον
2562 1298 2791 1353 πλοῦτον
2817 1298 2911 1353 τοῦ
2945 1298 3265 1371 Πνεύματος
3288 1299 3346 1353 ἐν
3375 1300 3593 1364 ἑαυτοῖς

2017 1391 2233 1462 ἔχοντες
2260 1391 2482 1445 ἐπειδάν
2516 1407 2626 1443 τισι
2654 1389 2951 1445 κοινωνῶσι
2983 1392 3158 1459 λόγων
3188 1390 3596 1462 πνευματικῶν,

2017 1481 2112 1534 τοῦ
2150 1481 2283 1535 ίδίου
2310 1480 2500 1551 ὥσπερ
2527 1478 2878 1544 ἐκϐάλλοντες
2910 1480 3186 1552 θησαυροῦ
3219 1482 3330 1545 τοῖς
3373 1475 3455 1545 οἷς
3500 1501 3597 1553 με-

2018 1571 2330 1625 ταδίδωσιν.
2363 1570 2520 1624 Ὅσοι
2567 1569 2623 1623 δὲ
2662 1570 2753 1623 τὸν
2797 1569 3028 1625 πλοῦτον
3066 1572 3123 1624 ἐν
3157 1573 3348 1641 μυχοῖς
3376 1573 3601 1642 καρδίας

2020 1665 2120 1719 οὐκ
2148 1662 2540 1735 ἐθησαύρισαν,
2580 1662 2639 1727 ἐξ
2668 1656 2728 1717 οὗ
2758 1662 2917 1715 θείων
2946 1661 3348 1733 ἐνθυμημάτων
3374 1664 3469 1716 καὶ
3501 1681 3600 1734 μυ-

2022 1755 2259 1826 στηρίων
2279 1795 2295 1819 ,
2315 1753 2490 1821 λόγων
2509 1771 2568 1807 τε
2587 1754 3020 1826 ὑπερόαινόντων
3048 1753 3202 1825 βρύει
3234 1754 3556 1825 ἀγαθωσύνη
3579 1772 3598 1788 ο

340 1857 662 1925 riorumque
703 1864 760 1909 et
813 1853 1192 1908 doctrinarum
1240 1860 1450 1907 naturae
1478 1860 1700 1920 captum
1750 1866 1915 1906 exce-

2025 1842 2469 1914 ἀπανθησάμενοί
2498 1861 2620 1899 τινα
2660 1844 2821 1914 μόνον
2847 1842 2909 1909 ἐξ
2938 1844 3203 1915 ἑκατέρας
3248 1844 3471 1916 Γραφῆς
3513 1848 3602 1898 ἐπ’

340 1946 593 2000 dentium
655 1944 972 2015 praestantia
1042 1942 1415 2007 redundaret;
1484 1941 1582 1996 sed
1652 1941 1917 1997 deflorata

339 2038 518 2091 solum
583 2035 832 2105 quaedam
897 2050 928 2089 e
989 2034 1149 2089 libris
1197 2034 1493 2104 utriusque
1544 2034 1916 2096 Testamenti,

337 2144 552 2185 summa
576 2129 629 2183 in
664 2128 850 2198 lingua
897 2127 1121 2192 ferunt;
1152 2134 1248 2181 aut
1279 2127 1561 2181 auditores
1590 2125 1718 2180 facti
1753 2126 1919 2196 spiri-

339 2221 573 2274 tualium
612 2220 899 2285 virorum;
955 2234 1152 2274 eorum
1197 2218 1450 2274 doctrina
1505 2232 1564 2273 se
1618 2227 1919 2283 ostentant,

337 2330 461 2387 qua:
482 2313 550 2368 ab
580 2313 646 2367 iis
676 2323 1042 2383 perceperunt
1085 2320 1347 2382 tanquam
1400 2325 1500 2366 sua
1548 2310 1919 2380 proferentes,

338 2415 395 2463 et
419 2415 609 2476 partus
651 2404 756 2459 sibi
819 2403 1181 2475 subjicientes
1243 2403 1500 2457 alienos:
1535 2402 1595 2456 1ιί
1642 2417 1773 2457 sane
1796 2401 1922 2455 aliis

338 2497 561 2568 quidem
586 2495 803 2551 facilem
826 2494 1075 2565 prmbent
1099 2508 1291 2549 eorum
1316 2509 1438 2564 quae
1463 2493 1679 2559 dicunt,
1705 2493 1923 2548 fruitio-

337 2604 463 2643 nem
488 2605 504 2653 ;
530 2587 635 2657 ipsi
666 2601 798 2641 vero
836 2595 961 2656 post
989 2585 1291 2639 dictionem
1321 2583 1678 2655 reperiuntur
1706 2583 1924 2639 mendi-

338 2677 421 2732 cis
445 2677 675 2731 similes.
725 2675 937 2745 Quippe
982 2690 1109 2729 cum
1152 2673 1221 2729 ad
1268 2689 1429 2729 suum
1472 2688 1705 2745 quaeque
1727 2690 1921 2729 verum

340 2779 665 2832 auctorem,
719 2783 841 2837 quaa
890 2765 998 2837 ipsi
1045 2766 1183 2821 falso
1233 2781 1334 2835 pro
1376 2766 1493 2820 suis
1543 2765 1922 2832 venditarum,

339 2872 533 2930 sponte
564 2861 722 2929 quasi
768 2874 866 2915 sua
910 2858 1172 2925 redeant;
1219 2858 1355 2928 ipsis
1385 2857 1441 2911 in
1459 2866 1701 2929 egestate
1736 2858 1927 2915 dome-

338 2954 477 3009 stica
499 2953 728 3018 relictis,
756 2960 946 3022 utpote
977 2952 1072 3022 qui
1105 2952 1427 3006 thesaurum
1462 2967 1570 3005 non
1603 2951 1927 3022 possideant

339 3048 627 3117 proprium
664 3088 678 3112 ,
710 3060 872 3115 quem
918 3044 965 3098 si
1011 3043 1299 3107 haberent,
1351 3053 1578 3113 possent
1604 3059 1665 3099 se
1697 3044 1923 3113 quidem

2019 1936 2195 2005 ἄκρας
2239 1934 2336 2005 τῆς
2377 1933 2629 2003 γλώσσης
2675 1936 2952 2006 φέρουσιν,
2987 1935 3019 2008 ἢ
3058 1940 3151 1990 καὶ
3181 1937 3389 2007 ἀνδρῶν
3429 1955 3592 1991 πνευ-

2022 2028 2271 2097 ματικῶν
2336 2027 2603 2082 ἀκουσταὶ
2658 2030 2943 2100 γενόμενοι
3001 2032 3116 2093 τοῖς
3168 2032 3370 2085 τούτων
3418 2030 3594 2099 λόγοις

2021 2117 2490 2187 ἐπικομπάζουσιν
2536 2118 2613 2183 ὡς
2656 2119 2766 2173 ῖδια
2807 2119 2875 2173 τὰ
2920 2120 3148 2175 ἐκείνων
3204 2122 3597 2193 προτείνοντες,

2021 2210 2116 2262 καὶ
2142 2212 2254 2273 τοῖς
2283 2210 2581 2281 ἀλλοτρίοις
2612 2211 2792 2275 τόκοις
2821 2212 3266 2283 ύποϐαλλόμενοι.
3296 2208 3459 2270 Οὗτοι
3503 2215 3602 2283 μὲν

2020 2300 2132 2361 τοῖς
2158 2298 2339 2361 ἄλλοις
2362 2299 2562 2354 ἄπονον
2585 2302 2865 2371 παρέσχον
2887 2302 2994 2357 τῶν
3021 2303 3329 2374 εἰρημένων
3362 2304 3604 2357 ἀπόλαυ-

2024 2407 2110 2445 σιν
2138 2407 2153 2422 ’
2190 2392 2348 2443 αὐτοὶ
2370 2391 2427 2444 δὲ
2474 2390 2612 2462 μετὰ
2658 2392 2754 2464 τὴν
2782 2393 3016 2458 διάλεξιν
3042 2398 3278 2466 πτωχοῖς
3302 2397 3604 2467 εὑρέθησαν

2024 2483 2261 2548 ἐοικότες
2289 2500 2304 2515 ·
2354 2482 2452 2538 ἅτε
2502 2484 2611 2539 τῶν
2656 2485 2753 2556 μὲν
2794 2485 2968 2556 λόγων
3006 2488 3259 2555 ἑκάστου,
3301 2489 3605 2561 καθαπερεὶ

2024 2576 2161 2647 πρὸς
2211 2575 2282 2629 τὰ
2337 2576 2444 2631 ῐδια
2488 2577 2598 2630 τῶν
2657 2578 2751 2647 ἀφ’
2781 2572 2856 2633 ὧν
2901 2579 3108 2652 ἐλήφθη
3169 2582 3558 2647 ἐπανελθόντος
3585 2600 3601 2617 ο

2024 2667 2249 2721 ἐκείνων
2285 2667 2343 2721 δὲ
2389 2671 2463 2739 μὴ
2490 2670 2849 2739 κεκτημένων
2880 2670 3013 2725 ῐδιον
3054 2672 3345 2742 θησαυρὸν,
3385 2674 3478 2744 ἀφ’
3506 2668 3600 2730 οῦ-

2024 2777 2131 2831 περ
2173 2760 2412 2825 δυνατῶς
2463 2758 2610 2832 εἶχον
2666 2763 2916 2833 πρώτους
2962 2780 3021 2816 τε
3046 2765 3243 2829 αὐτοὺς
3270 2767 3602 2837 εὐφραίνειν,

2026 2851 2123 2905 καὶ
2169 2851 2296 2914 τοὺς
2346 2849 2539 2913 ἄλλους
2596 2852 2740 2904 κατά
2801 2850 3138 2921 μεταδίδοσιν
3213 2853 3461 2921 ὠφελεῖν.
3508 2856 3607 2906 Διά

2025 2937 2183 2993 τοῦτο
2217 2940 2481 3011 ζητητέον
2518 2939 2732 3010 πρῶτον
2756 2941 2910 3011 παρὰ
2932 2940 3087 3017 Θεοῦ,
3103 2941 3335 2996 πλοῦτον
3364 2942 3455 2996 τὸν
3475 2944 3610 3012 ἀλη-

2030 3028 2174 3082 θινὸν
2220 3028 2406 3081 τοῦτον
2455 3029 2851 3082 είσοικίσασθαι
2875 3047 2891 3063 ·
2916 3030 3035 3085 τότε
3069 3032 3250 3104 ῥᾴδιον
3275 3035 3406 3104 ἡμῖν
3453 3033 3607 3088 ἐσται

340 3137 581 3205 primum
604 3135 753 3203 ipsos
779 3133 1081 3198 oblectare,
1116 3133 1354 3202 aliisque
1399 3132 1623 3199 deinde,
1663 3134 1810 3189 unde
1830 3136 1919 3205 ju-

2033 3120 2127 3173 καὶ
2164 3119 2385 3189 ἐτέρους
2424 3119 2681 3174 δύνασθαι
2702 3121 2954 3191 ὠφελεῖν,
2982 3123 3077 3177 καὶ
3109 3124 3279 3191 λόγων
3302 3141 3604 3196 πνευματι-

340 3235 627 3292 varentur,
666 3225 971 3295 impertire.
998 3225 1297 3294 Propterea
1326 3226 1564 3296 primum
1594 3225 1863 3282 debemus
1889 3244 1920 3284 a

341 3318 455 3373 Deo
476 3317 639 3372 nobis
674 3333 835 3372 veras
870 3317 1003 3372 istas
1028 3316 1251 3372 divitias
1281 3333 1601 3388 comparare
1622 3361 1637 3386 ,
1676 3328 1809 3376 tunc
1841 3321 1924 3377 fa-

341 3411 445 3467 cile
474 3410 779 3480 poterimus
810 3410 1074 3479 prodesse
1119 3409 1243 3464 aliis
1285 3412 1746 3468 communicando
1791 3415 1924 3485 ipsis

341 3502 620 3558 doctrinas
641 3502 958 3572 spirituales
985 3509 1042 3556 et
1069 3502 1350 3573 mysteria.
1381 3502 1473 3558 Sic
1492 3504 1640 3557 enim
1674 3506 1922 3577 compla-

340 3594 455 3648 cuit
480 3593 682 3648 divinaa
702 3592 956 3657 bonitati,
992 3592 1246 3648 habitare
1284 3593 1340 3647 in
1376 3594 1627 3663 quolibet
1662 3596 1756 3665 qui
1803 3613 1926 3652 cre-

340 3683 545 3738 diderit
571 3700 587 3750 ;
615 3684 842 3748 etenim,
903 3682 1004 3748 Qui
1030 3682 1212 3752 diliget
1252 3699 1355 3749 me,
1381 3684 1581 3753 inquit,
1613 3686 1862 3757 diligetur
1890 3705 1924 3742 a

340 3775 503 3830 Patre
528 3792 661 3838 meo,
696 3784 745 3828 et
769 3792 861 3846 ego
885 3775 1108 3847 diligam
1137 3791 1277 3841 eum,
1309 3784 1358 3829 et
1397 3777 1750 3847 manifestabo
1773 3782 1821 3834 ei
1842 3797 1924 3835 me

339 3870 512 3938 ipsum
532 3867 574 3921 '.
619 3868 684 3922 Et
704 3868 835 3922 alibi
861 3885 874 3922 :
904 3867 1015 3939 Ego
1046 3876 1095 3921 et
1118 3866 1283 3922 Pater
1306 3869 1592 3935 veniemus,
1618 3877 1667 3924 et
1692 3874 1926 3926 mansio-

340 3977 460 4014 nem
489 3962 631 4031 apud
654 3977 772 4014 eum
799 3961 1051 4031 faciemus
1073 3961 1115 4014 ’.

413 4053 497 4108 Vl.
532 4053 634 4120 Qui
666 4068 734 4108 eo
761 4054 911 4125 digni
949 4053 1125 4108 habiti
1174 4053 1410 4120 honore,
1451 4062 1515 4108 ut
1556 4054 1651 4109 filii
1678 4056 1774 4110 Dei
1822 4055 1922 4110 fie-

338 4154 484 4211 rent,
531 4156 589 4201 et
620 4146 900 4200 Christum
949 4146 1006 4200 in
1038 4161 1097 4201 se
1142 4145 1278 4215 ipsis
1323 4147 1768 4216 resplendentem
1809 4148 1923 4201 cir-

336 4237 696 4303 cumferrent,
731 4238 901 4292 variis
949 4246 1008 4293 et
1041 4237 1431 4294 differentibus
1468 4239 1646 4295 modis
1678 4254 1709 4293 a
1732 4250 1923 4295 sancto

336 4337 604 4398 reguntur
634 4328 866 4399 Spiritu,
914 4337 970 4384 et
1012 4329 1069 4383 in
1100 4344 1304 4383 arcano
1337 4330 1521 4385 cordis
1553 4346 1583 4385 a
1618 4331 1790 4401 gratia
1822 4331 1923 4385 de-

335 4421 675 4475 mulcentur.
734 4420 882 4475 Nihil
942 4434 1077 4475 vero
1132 4420 1541 4476 conducibilius
1595 4431 1702 4487 est,
1758 4438 1922 4493 quam

2030 3228 2143 3265 23w
2174 3211 2268 3264 xui.
2314 3212 2629 3283 μυστηρίων
2667 3214 2852 3280 αὐτοῖς
2902 3215 3266 3286 μεταδιδόναι.
3298 3218 3455 3273 Οὕτω
3492 3223 3604 3292 γὰρ

2024 3302 2381 3376 ηὐδόιησενή
2414 3303 2506 3357 τοῦ
2535 3303 2670 3358 Θεοῦ
2699 3307 2973 3379 ἁγαθότης
3020 3311 3186 3365 παντὶ
3205 3311 3285 3381 τῷ
3311 3328 3608 3366 πεπιστευ-

2024 3394 2143 3448 κότι
2202 3394 2590 3464 ἐγκατοικῆσαι
2619 3411 2631 3424 °
2687 3399 2784 3449 καὶ⁹
2835 3397 2966 3471 γὰρ,
3008 3398 3070 3452 Ὀ
3105 3386 3371 3470 ἀγαπῶν,
3420 3405 3610 3471 φησὶν,

2024 3487 2477 3555 ἀγαπηθήσεται
2520 3486 2639 3542 ὑπὸ
2693 3488 2800 3542 τοῦ
2867 3491 3099 3557 Πατρός
3142 3509 3261 3560 μου
3285 3508 3300 3523 θ
3354 3492 3454 3546 καί
3493 3493 3610 3562 ἐγὼ

2024 3580 2317 3650 ἀγαπήσω
2373 3581 2561 3637 αὑτὸν
2586 3623 2601 3647 ,
2631 3583 2731 3637 καὶ
2770 3584 3079 3653 ἐμφανίσω
3106 3584 3264 3650 αὐτῷ
3302 3585 3563 3655 ἐμαυτόν
3590 3601 3607 3618 ·

2025 3675 2118 3729 καὶ
2147 3675 2203 3727 ἐν
2229 3674 2408 3738 ἄλλοις
2442 3691 2456 3704 ο
2513 3675 2661 3745 Ἐγὼ
2686 3677 2784 3729 καὶ
2810 3680 2843 3730 ὀ
2867 3677 3069 3747 Πατὴρ
3089 3678 3479 3748 ἐλευσόμεθα,
3509 3678 3611 3732 καὶ

2019 3765 2221 3834 μονὴν
2256 3765 2392 3836 παρ’
2419 3767 2579 3834 αὐτῷ
2612 3768 2969 3836 ποιήσομεν.

2098 4043 2190 4108 (τ’.
2223 4040 2288 4093 Ol
2331 4041 2497 4093 τέκνα
2546 4040 2683 4094 Θεοῦ
2723 4038 2981 4108 γενέσθαι
3017 4040 3474 4106 καταξιωθέντες,
3518 4045 3612 4098 καὶ

2023 4135 2115 4189 τὸν
2143 4133 2377 4207 Χριστὸν
2405 4135 2462 4188 ἐν
2478 4135 2693 4197 ἐαυτοίς
2717 4133 3061 4203 ἐλλάμποντα
3085 4136 3319 4205 ἔχοντες,
3348 4138 3405 4188 ὲν
3435 4138 3612 4190 ποικί-

2024 4227 2137 4290 λοις
2177 4226 2273 4279 καὶ
2292 4226 2571 4296 διαφόροις
2600 4224 2694 4277 τοῦ
2722 4224 3037 4296 Πνεύματος
3058 4225 3329 4280 διέπονται
3351 4228 3573 4298 τρόποις
3591 4266 3609 4292 ,

2025 4320 2121 4373 καὶ
2176 4320 2234 4373 ὲν
2277 4317 2354 4388 τῷ
2398 4320 2597 4387 ἀφανεῖ
2648 4317 2751 4386 τῆς
2795 4317 3025 4388 καρδίας
3099 4317 3204 4370 ὑπὸ
3243 4320 3341 4389 τῆς
3388 4320 3612 4387 χάριτος

2026 4412 2474 4485 περιθάλπονται.
2527 4411 2695 4464 Οὐδὲν
2731 4410 2789 4463 δὲ
2848 4406 2962 4465 οἷον
3011 4412 3105 4464 καί
3131 4429 3284 4475 τινας
3329 4412 3438 4464 τῶν
3470 4413 3611 4465 κατά

334 4511 521 4579 aliqua
549 4509 893 4579 voluptatum
911 4526 1131 4581 genera,
1165 4526 1289 4581 quae
1313 4511 1368 4566 in
1398 4512 1606 4567 mundo
1628 4515 1919 4584 conspicua

2031 4508 2237 4579 κόσμον
2268 4504 2613 4576 φαινομένων
2657 4504 3014 4558 ἀπολαύσεων
3046 4506 3128 4567 είς
3161 4506 3324 4573 μέσον
3354 4522 3612 4576 παραγα-

332 4610 482 4667 sunt,
529 4600 691 4671 199
740 4601 798 4655 in
833 4601 1404 4669 mediumgadducere,
1436 4612 1519 4670 ut,
1549 4605 1753 4674 quibus
1782 4604 1923 4660 frui-

320 4684 426 4747 tur
472 4694 655 4747 anima
697 4692 887 4763 gratiae
937 4692 1141 4747 divinae
1212 4693 1674 4761 oblectamentis,
1728 4696 1923 4751 iisdem

334 4795 747 4855 comparentur.
783 4785 883 4840 Est
910 4784 1173 4840 videlicet
1200 4786 1422 4854 quando
1445 4787 1622 4841 sancti
1662 4788 1922 4844 videntur

335 4876 669 4945 quibusdam
698 4877 853 4931 velut
879 4876 1059 4946 excipi
1083 4876 1249 4946 regiis
1280 4877 1461 4946 epulis
1488 4892 1655 4947 supra
1693 4879 1918 4934 modum

335 4967 581 5035 opiparis
611 4981 679 5021 ac
706 4967 898 5028 lautis,
934 4967 1112 5037 iisque
1151 4967 1581 5038 iucundissime,
1633 4969 1745 5023 imo
1777 4971 1919 5026 ultra

332 5072 499 5126 quam
534 5058 767 5128 exprimi
812 5058 1050 5113 dicendo
1083 5066 1287 5128 queat,
1342 5059 1502 5114 beate
1543 5062 1801 5130 saginari.
1852 5063 1921 5117 Et

331 5164 484 5203 nunc
526 5148 752 5218 quidem
786 5157 845 5203 ut
874 5165 1076 5220 sponsa
1125 5166 1253 5205 cum
1305 5166 1508 5221 sponso
1556 5153 1919 5221 spiritualiter

335 5241 778 5311 congaudenles;
812 5258 963 5299 nunc
993 5252 1055 5298 ut
1087 5244 1398 5312 incorporei
1440 5245 1666 5313 quidam
1711 5247 1913 5315 angeli,

335 5335 389 5388 in
426 5343 578 5388 tanta
611 5335 854 5405 agilitate
879 5346 1012 5390 sunt
1061 5346 1118 5390 et
1146 5338 1405 5402 levitate,
1439 5347 1499 5392 ut
1538 5347 1734 5409 putent
1762 5341 1916 5395 nullo

335 5442 567 5497 corpore
613 5443 671 5481 se
718 5428 1145 5484 circumvcstiri.
1196 5430 1510 5499 Aliquando
1551 5433 1723 5487 veluti
1779 5441 1913 5502 potu

335 5518 518 5589 aliquo
560 5520 872 5582 exhilarati,
926 5531 984 5576 et
1022 5522 1279 5577 inebriati
1330 5524 1600 5580 ebrietate
1649 5526 1915 5582 ineffabili

335 5611 721 5678 mysteriorum
752 5611 995 5682 Spiritus
1022 5614 1320 5671 exsultant.
1363 5615 1675 5687 Aliquando
1706 5618 1837 5673 fletu
1860 5628 1916 5673 et

406 5806 426 5835 '
454 5807 751 5874 Joan.x1v,
785 5810 870 5865 ‘10.
949 5812 966 5843 ’
998 5810 1135 5866 ibid.
1162 5810 1251 5866 25.

2030 4603 2148 4671 γεῖν
2177 4600 2314 4672 πρὸς
2346 4598 2595 4652 εἰκασίαν
2623 4598 2732 4651 τῶν
2765 4600 2823 4650 ἐν
2848 4600 2915 4669 τῇ
2945 4598 3090 4669 ψυχῇ
3136 4596 3294 4651 θείων
3327 4596 3612 4665 διαγωγῶν

2028 4696 2127 4765 τῆς
2152 4695 2394 4765 χάριτος.
2448 4692 2603 4745 Ἐστι
2640 4692 2745 4763 γὰρ
2782 4693 2871 4745 ὅτε
2921 4691 3164 4759 γίνονται
3210 4690 3461 4758 καθάπερ
3504 4692 3612 4743 τινὶ

2031 4784 2297 4856 βασιλικῷ
2321 4784 2521 4855 δείπνῳ
2565 4783 3063 4854 ἐνευφραινόμενοι,
3106 4783 3200 4835 καὶ
3248 4782 3615 4849 ἀγαλλιῶντες

2026 4878 2305 4949 ἄφραστόν
2342 4895 2465 4930 τινα
2507 4876 2603 4929 καὶ
2632 4876 2839 4946 ἄφατον
2868 4876 3191 4945 ἀγαλλίασιν
3214 4890 3227 4904 ·
3260 4876 3356 4927 καὶ
3390 4874 3485 4926 νῦν
3514 4875 3613 4942 μὲν

2024 4971 2100 5035 ὡς
2157 4972 2344 5043 νύμφη
2395 4970 2475 5041 τῷ
2499 4970 2719 5041 νυμφίῳ
2772 4969 3163 5040 πνευματικῶς
3211 4968 3608 5037 συνηδόμενοι·

2023 5065 2120 5120 νῦν
2150 5067 2209 5120 δὲ
2237 5067 2314 5129 ὡς
2352 5066 2635 5134 ἁσώματοί
2667 5082 2813 5127 τινες
2859 5065 3080 5134 ἄγγελοι
3113 5062 3352 5133 τοσαύτῃ
3383 5062 3475 5114 τοῦ
3510 5059 3612 5111 σώ-

2026 5175 2196 5228 ματος
2232 5159 2468 5230 ἐλαφρίᾳ
2518 5177 2578 5213 τε
2611 5161 2706 5213 καὶ¹
2735 5159 3054 5229 κουφότητι,
3087 5156 3163 5217 ὡς
3201 5156 3337 5226 μηδὲ
3372 5152 3613 5223 νομίζειν

2023 5250 2182 5320 σῶμα
2202 5251 2650 5322 περιϐεϐλῆσθαι.
2674 5252 2781 5306 Καὶ
2798 5252 2985 5305 ἄλλοτε
3012 5251 3109 5321 μὲν
3129 5248 3316 5317 ῶσπερ
3338 5248 3443 5299 τινὶ
3468 5244 3615 5314 πότῳ

2022 5343 2499 5413 ἐνευφραινόμενοι
2542 5344 2637 5397 καὶ
2673 5343 2965 5414 μεθύοντες
2996 5342 3165 5412 μέθην
3197 5341 3476 5409 ἄφραστον
3504 5336 3611 5388 τῶν

2022 5437 2337 5507 μυστηρίων
2366 5436 2461 5491 τοῦ
2492 5438 2807 5506 Πνεύματος
2833 5451 2848 5465 '
2875 5435 3064 5488 ἄλλοτε
3117 5434 3173 5490 δὲ
3208 5429 3484 5500 κλαυθμὸς
3519 5425 3614 5481 καὶ

2018 5529 2254 5600 ὀδυρμὸς
2280 5532 2477 5594 αὐτοὺς
2514 5530 2647 5600 ἔχει,
2680 5530 2779 5599 τῆς
2829 5529 2938 5581 τῶν
2973 5526 3275 5598 ἀνθρώπων
3305 5524 3467 5576 ἓνεκα
3502 5536 3610 5571 σω-

2017 5620 2214 5691 τηρίας
2265 5623 2666 5692 ποτνιωμένους
2701 5636 2715 5649 °
2757 5620 2863 5673 ὑπὸ
2909 5620 3017 5690 γὰρ
3058 5619 3159 5687 τῆς
3200 5614 3351 5678 θείας
3392 5613 3612 5680 ἀγάπης
