3980 6462
367 364 379 377 ’
455 397 563 465 9:3

1672 397 1901 458 LIBER
1942 398 2039 459 DE
2074 398 2534 462 CHARITATE.

3620 396 3725 461 914

451 521 542 574 τοῦ
570 516 889 589 Πνεύματος
929 516 1039 571 τῶν
1069 515 1373 587 ἀνθρώπων
1417 514 1633 569 πάντων
1668 514 2029 584 περικαιόμε-

2160 520 2287 566 uctu
2317 512 2595 582 squalent,
2630 510 2703 566 ob
2750 510 3039 567 hominum
3085 512 3322 569 salutem
3364 527 3488 568 cum
3520 516 3727 582 gemitu

450 628 529 665 νοι
559 610 680 663 ὅλου
726 608 821 662 τοῦ
864 609 1038 677 Ἀδὰμ
1074 607 1138 661 τὸ
1184 607 1379 670 πένθος
1431 604 1892 675 ἀναλαμϐάνουσι.
1922 604 2034 659 Καὶ

451 695 580 749 ποτὲ
607 696 707 765 μὲν
734 694 873 765 πρὸς
900 694 1167 765 τοσαύτην
1186 696 1407 765 ἀγάπην
1440 694 1558 764 μεθ’
1586 694 1777 764 ἡδονῆς
1803 694 1864 748 οὐ
1891 693 2037 763 λόγῳ

453 790 627 857 ῥητῆς
656 786 748 840 τοῦ
778 787 1093 857 Πνεύματος
1132 787 1526 857 ἐξεκαύθησαν,
1564 786 1639 848 ὼς
1678 784 1730 838 εἴ
1754 802 1817 852 γε
1843 781 1912 854 ἦν
1940 785 2033 837 δυ-

453 880 612 932 νατὸν
644 880 799 944 ὅλως,
827 879 1005 933 πάντα
1034 879 1321 950 ἄνθρωπον
1341 882 1452 942 τοῖς
1484 878 1813 947 σπλάγχνοις
1846 877 2037 946 ἐγκολ-

455 971 742 1026 πώσασθαι
773 976 887 1036 τοῖς
929 973 1079 1035 ἰδίοις
1103 1012 1119 1040 ,
1155 972 1327 1026 κακοῦ
1379 971 1641 1042 διαφορὰν
1682 972 1742 1024 τὸ
1778 972 2038 1041 παράπαν

455 1062 562 1116 ἀπὸ
605 1063 696 1116 τοῦ
750 1063 957 1132 ἀγαθοῦ
996 1063 1071 1133 μὴ
1128 1063 1476 1133 ποιούμενοι·
1525 1063 1656 1115 ποτέ
1693 1062 1747 1117 δὲ
1785 1062 2039 1116 τοσοῦτον

456 1155 679 1217 ἑαυτοὺς
711 1155 1097 1221 ἐξουδένωσαν,
1135 1154 1209 1218 ὡς
1239 1155 1442 1227 μηδένα
1476 1150 1614 1208 εἶναι
1659 1154 1752 1207 τὸν
1786 1155 1902 1225 μετ’
1942 1155 2040 1209 αύ-

453 1246 579 1310 τοῦς
603 1246 829 1306 οἴεσθαι.
864 1246 999 1300 ἀλλά
1036 1245 1255 1301 πάντων
1285 1248 1547 1317 ἐσχάτους
1575 1247 1801 1310 ἑαυτοὺς
1828 1246 2041 1317 λογίζε-

457 1336 602 1390 σθαι.
631 1337 740 1390 Καὶ
771 1336 866 1390 νῦν
908 1336 1009 1407 μὲν
1036 1337 1384 1409 ἀνεκλαλήτῳ
1412 1340 1557 1410 χαρᾷ
1599 1338 1693 1391 τοῦ
1726 1338 2036 1408 Πνεύματος

458 1429 845 1500 κατεπόθησαν
871 1446 885 1460 ’
923 1429 1019 1483 νῦν
1046 1429 1101 1482 δέ
1133 1428 1388 1500 καθάπερ
1414 1446 1497 1493 τις
1526 1431 1638 1483 τῶν
1667 1430 1903 1501 ἰσχυρῶν
1938 1429 2038 1500 βα-

460 1522 673 1590 σιλικὴν
714 1520 894 1574 λαϐὼν
922 1519 1251 1582 πανοπλίαν,
1280 1521 1372 1574 καὶ
1413 1518 1550 1590 πρὸς
1574 1519 1812 1589 πόλεμον
1841 1519 2038 1572 κατελ-

460 1611 568 1666 θῶν
597 1614 723 1676 τοὺς
752 1613 1023 1676 ἐναντίους
1052 1612 1530 1681 κατετροπώσατο,
1556 1611 1645 1663 τὸν
1686 1610 1799 1663 ἴσον
1829 1610 1923 1663 καὶ
1948 1603 2039 1663 οῦ-

460 1722 541 1758 τοι
576 1706 775 1776 τρόπον
822 1706 1006 1767 ὅπλοις
1047 1705 1383 1775 φραξάμενοι
1423 1706 1537 1768 τοῖς
1578 1703 1673 1756 τοῦ
1726 1702 2043 1770 Πνεύματος

463 1797 599 1865 πρδς
653 1797 778 1860 τοὺς
818 1798 1045 1865 ἀφανεῖς
1092 1796 1359 1868 κατῆλθον
1404 1796 1652 1868 ἐχθροὺς,
1695 1797 1791 1850 καὶ
1821 1796 2043 1859 τούτους

2145 602 2592 673 ingemiscentes.
2639 603 2775 659 Nam
2808 602 2997 658 divino
3048 620 3175 675 erga
3227 619 3419 659 omnes
3478 603 3731 657 homines

2143 709 2333 750 amore
2379 696 2620 761 accensi,
2675 697 2748 751 ob
2789 703 2966 750 totum
3019 696 3322 752 humanum
3360 711 3532 767 genus
3562 695 3731 749 luctu

2144 782 2715 859 comprehenduntur.
2777 789 2845 843 Et
2880 788 3160 843 interdum
3207 798 3360 845 tanto
3388 804 3573 843 amore
3604 804 3730 843 cum

2144 880 2430 949 voluptate
2459 880 2648 935 verbis
2694 895 2806 934 non
2831 881 3191 950 exprimenda
3228 880 3545 935 inflammati
3579 888 3729 943 sunt,

2145 983 2228 1038 ut,
2262 974 2307 1028 si
2355 972 2474 1028 fieri
2516 973 2711 1043 possit,
2739 988 2960 1027 omnem
3010 988 3237 1043 prorsus
3282 974 3584 1037 hominem,
3612 972 3733 1027 sine

2145 1066 2468 1121 discrimine
2497 1066 2652 1131 boni,
2687 1067 2838 1131 mali,
2875 1067 3212 1131 innocentis,
3264 1068 3539 1131 scelerati,
3590 1067 3733 1121 intra

2146 1160 2491 1213 suaeviscera
2522 1159 2781 1229 colligere
2816 1159 3105 1214 charitatis
3125 1200 3139 1224 ,
3186 1167 3242 1214 et
3269 1160 3455 1214 fovere
3485 1159 3731 1228 cupiant.

2144 1251 2556 1325 Nonnunquam
2582 1251 2722 1305 adeo
2752 1267 2810 1306 se
2864 1252 3314 1323 vilipendunt,ut
3343 1262 3527 1323 pateat
3561 1254 3739 1308 nemi-

2146 1360 2271 1398 nem
2336 1343 2440 1399 sibi
2471 1358 2593 1397 esse
2630 1342 2980 1410 inferiorem;
3025 1345 3161 1414 quin
3190 1353 3247 1398 et
3276 1354 3582 1415 postremos
3614 1360 3735 1398 om-

2145 1434 2299 1489 nium
2329 1449 2387 1488 se
2410 1448 2532 1488 esse
2554 1433 2895 1488 existiment.
2917 1434 2985 1487 Et
3007 1449 3157 1488 nunc
3185 1433 3411 1503 quidem
3446 1435 3736 1488 inenarra-

2145 1526 2248 1583 bili
2310 1525 2557 1596 absorpti
2624 1535 2755 1581 sunt
2811 1526 3054 1596 Spiritus
3081 1526 3315 1597 gaudio,
3366 1542 3492 1581 mox
3565 1527 3737 1582 veluti

2147 1620 2345 1688 aliquis
2374 1635 2439 1674 ex
2465 1619 2706 1675 fortibus
2734 1619 3003 1673 heroibus
3033 1620 3183 1689 regia
3208 1617 3433 1673 indutus
3464 1629 3739 1672 armatura

2148 1708 2205 1763 in
2236 1709 2440 1763 bellum
2477 1708 2786 1772 descendit,
2821 1717 2988 1776 atque
3019 1710 3205 1763 hostes
3236 1709 3556 1778 prepulsat;
3585 1725 3743 1763 eum—

2150 1798 2272 1853 dem
2306 1799 2360 1853 in
2388 1799 2612 1853 modum
2642 1808 2697 1854 et
2717 1799 3027 1869 ipsi,armis
3057 1799 3298 1869 Spiritus
3318 1800 3538 1861 muniti,
3558 1799 3746 1855 invisi-

462 1887 577 1947 τοῖς
604 1888 763 1938 ποσὶν
788 1885 1049 1938 ὑπέθεντο
1087 1887 1199 1949 τοῖς
1244 1886 1395 1948 ἰδίοις
1422 1898 1435 1913 ·
1465 1885 1588 1952 ἄρτι
1620 1883 1719 1953 μὲν
1750 1883 1917 1954 πολλή
1965 1900 2047 1947 τις

2158 1891 2290 1946 biles
2317 1891 2646 1945 adoriuntur
2692 1891 2967 1956 inimicus,
2997 1894 3201 1960 eosque
3228 1890 3471 1960 propriis
3510 1892 3740 1947 concul-

464 1976 674 2046 γαλήνη
728 1976 928 2041 αὐτοὺς
977 1977 1302 2049 περιϐάλλει
1347 1976 1441 2030 καὶ
1486 1976 1711 2045 ἡσυχία,
1754 1976 1943 2046 εἰρήνη
1988 1991 2049 2026 τε

463 2068 811 2137 περιθάλπει,
857 2070 952 2123 καὶ
985 2070 1145 2141 ἡδονῇ
1190 2069 1411 2139 κάτοχοι
1443 2066 1684 2137 γίνονται
1729 2066 2008 2136 θαυμασία
2031 2082 2046 2097 ·

464 2158 588 2231 ἄρτι
608 2161 665 2215 δὲ
694 2162 907 2215 συνέσει
931 2164 1025 2215 καὶ
1057 2162 1220 2232 σοφίᾳ
1244 2161 1363 2233 θείᾳ
1386 2160 1481 2215 καὶ
1506 2160 1705 2228 γνώσει
1736 2158 2052 2229 ῐΙνεύματος

465 2248 872 2320 ἁνεξερευνήτῳ
901 2266 915 2279 '
944 2251 1165 2303 τοιαῦτα
1205 2250 1344 2320 πρὸς
1377 2250 1476 2318 τῆς
1506 2249 1600 2302 τοῦ
1627 2249 1866 2317 Χριστοῦ
1892 2247 2048 2315 σοφί-

467 2340 651 2406 ζονται
698 2341 943 2412 χάριτος,
996 2341 1032 2396 ἃ.
1086 2342 1333 2413 μηδεμιᾷ
1393 2340 1613 2411 γλώσσῃ
1662 2340 1889 2410 δύναμις
1916 2342 2055 2406 ἐξει-

470 2435 611 2490 πεῖν.
665 2435 821 2486 Ἔστι
851 2434 895 2487 δ’
924 2434 1014 2487 ὅτε
1062 2434 1161 2487 καὶ
1191 2434 1266 2496 ὡς
1295 2434 1391 2485 ἕνα
1435 2432 1543 2483 τῶν
1588 2432 1809 2485 πάντων
1849 2432 2052 2494 αὐτοὺς

470 2521 773 2593 ἀνθρώπων
815 2523 936 2592 ὄψει
1002 2523 1367 2593 φαινομένους
1399 2536 1414 2551 °
1468 2520 1641 2585 οὕτως
1670 2522 1704 2591 ἡ
1750 2521 1871 2575 θεία
1895 2522 2055 2591 χάρις

467 2616 826 2686 πολυτρόπως
880 2616 1080 2685 ἑαυτὴν
1134 2616 1195 2668 ἐν
1249 2615 1461 2679 τούτοις
1508 2613 1905 2677 ἐξαλλάττουσα
1961 2614 2054 2667 καί

469 2708 823 2763 ποικίλλουσα
855 2709 1222 2780 παιδοτριϐεῖν
1259 2707 1449 2779 ὥσπερ
1476 2706 1574 2760 καὶ
1603 2706 1901 2774 γυμνάζειν
1930 2704 2055 2775 βού-

466 2800 618 2855 λεται
682 2800 783 2871 τήν
838 2801 1036 2871 ψυχὴν,
1101 2802 1187 2854 ἵνα
1245 2800 1460 2854 τελείαν
1520 2798 1690 2869 αὐτὴν
1746 2798 1842 2850 καὶ
1900 2796 2056 2866 ἄμω-

472 2908 574 2961 μον
618 2892 713 2946 καὶ
764 2892 1164 2964 καθαρωτάτην
1218 2891 1298 2962 τῷ
1348 2889 1656 2961 ἐπουρανίῳ
1725 2890 2054 2962 παραστήσῃ

468 2984 768 3053 Πνεύματι.

500 3136 503 3137 ν
535 3073 610 3124 Z'.
637 3070 718 3123 Τά
743 3069 1010 3141 εἰρημένα
1032 3069 1191 3123 ταυτί
1214 3068 1307 3122 τοῦ
1327 3070 1465 3122 Πνεύ
1475 3086 1639 3140 ματος
1667 3068 2018 3139 ἐνεργήματα
2039 3108 2054 3133 ,

469 3161 729 3232 μεγάλων
755 3163 972 3232 μέτρων
1004 3161 1131 3227 εἰσί,
1168 3161 1393 3214 καὶτῶν
1425 3162 1709 3230 ἐγγυτάτω
1740 3162 1838 3229 τῆς
1863 3160 2059 3212 τελειό-

466 3272 648 3326 τητος.
682 3248 855 3308 Αῦται
883 3254 992 3323 γὰρ
1012 3255 1067 3306 αἱ
1104 3253 1347 3307 ποικίλαι
1377 3252 1481 3323 τῆς
1509 3253 1733 3323 χάριτος
1765 3251 2053 3323 παρακλή-

469 3362 581 3409 σεις
603 3345 875 3415 διαφόρως
908 3346 1037 3415 μὲν,
1072 3344 1185 3397 ἀλλ’
1218 3344 1582 3407 ἀδιαλείπτως
1610 3343 1793 3405 αὐτοῖς
1822 3341 1930 3395 ἀπὸ
1962 3341 2054 3393 τοῦ

468 3440 791 3510 Πνεύματος
832 3438 1205 3509 ἐνεργοῦνται,
1258 3438 1543 3509 ἐνεργείας
1570 3437 1852 3508 ἐνέργειαν
1885 3434 2057 3488 Πνεύ-

472 3552 642 3605 ματος
668 3532 1075 3603 διαδεχομένης.
1124 3530 1318 3584 Ὁπότε
1346 3530 1456 3600 γὰρ
1494 3530 1575 3593 εἰς
1601 3529 1701 3599 τὴν
1739 3527 2059 3597 τελειότητά

466 3643 551 3687 τις
594 3624 687 3678 τοῦ
744 3624 1063 3693 Πνεύματος
1110 3625 1496 3691 καταντήσειε,
1550 3619 1770 3673 πάντων
1810 3620 2058 3691 ἀκριϐῶς

467 3715 577 3768 τῶν
604 3715 791 3767 παθῶν
837 3714 1267 3783 ἀποκαθαρθελς,
1308 3712 1404 3765 καὶ
1428 3712 1563 3776 ὅλως
1598 3710 1677 3782 τῷ
1710 3713 2058 3783 Παρακλήτῳ

471 3803 751 3871 Ιινεύματι
781 3801 869 3853 διὰ
896 3801 994 3871 τῆς
1023 3802 1263 3873 ἀρρήτου
1300 3798 1585 3861 κοινωνίας
1612 3798 1833 3863 ἐνωθεῑς
1859 3812 1873 3827 ⁰
1904 3801 2056 3853 ἐπει-

471 3898 571 3951 δὰν
597 3894 691 3946 καὶ
723 3892 859 3962 αὑτὴ
891 3893 923 3962 ή
955 3893 1100 3964 ψυχὴ
1131 3890 1498 3961 καταξιωθείη
1521 3892 1746 3964 Πνεῦμα
1775 3894 2057 3962 γενέσθαι,

472 3986 548 4047 ὡς
600 3981 975 4055 συγκραθεῖσα
1017 3984 1094 4054 τῷ
1137 3981 1437 4053 Πνεύματι,
1462 3982 1585 4035 τότε
1621 3984 1741 4037 ὅλον
1762 3983 1899 4053 φῶς,
1939 3984 2059 4036 ὅλον

473 4077 638 4149 χαρὰ,
666 4078 783 4130 ὅλον
809 4077 1137 4139 ἀνάπαυσις,
1164 4075 1283 4129 ὅλον
1317 4075 1660 4143 ἀγαλλίασις,
1696 4076 1817 4129 ὅλον
1845 4077 2057 4147 ἀγάπη,

471 4171 592 4224 ὅλον
618 4170 922 4239 σπλάγχνα,
968 4169 1088 4221 ὅλον
1118 4167 1389 4237 ἀγαθότης
1448 4167 1547 4220 καὶ
1575 4169 1882 4239 χρηστότης
1913 4170 2063 4237 γίνεο

468 4280 562 4318 ται
596 4278 609 4292 °
640 4263 735 4316 καὶ
766 4263 928 4314 οἰονεί⁵
974 4260 1350 4313 καταπέποται
1377 4261 1458 4324 εἰς
1488 4259 1585 4324 τὰς
1617 4259 1819 4328 ἀρετὰς
1844 4261 1941 4330 τῆς
1972 4260 2064 4312 δυ-

469 4355 687 4425 νάμεως
716 4353 811 4407 τοῦ
836 4352 1041 4422 ἀγαθοῦ
1070 4352 1406 4421 Πνεύματος,
1430 4353 1503 4413 ὡς
1529 4353 1587 4404 ἐν
1610 4352 1834 4422 ἀϐύσσῳ
1862 4352 2058 4406 θαλάσ-

473 4465 574 4518 σης
601 4447 750 4510 λίθος
802 4446 955 4500 ὕδατι
1011 4446 1350 4516 πανταχόθεν
1396 4445 1793 4516 περισχόμενος
1825 4462 1839 4475 ·
1889 4446 2062 4517 ταύτῃ

2152 1992 2279 2038 cant
2333 1983 2590 2052 pedibus.
2656 1983 2755 2037 Est
2820 1999 2944 2038 cum
2996 1983 3145 2051 ipsos
3202 1983 3373 2037 multa
3416 1983 3744 2037 circumam-

2152 2075 2411 2145 plectitur
2469 2074 2737 2129 serenitas
2777 2084 2833 2128 et
2884 2073 3276 2144 tranquillitas,
3330 2090 3543 2143 paxque
3595 2074 3745 2130 fovet

2154 2165 2336 2231 beata,
2373 2173 2429 2219 et
2453 2165 2737 2234 voluptate
2762 2163 2887 2218 imis
2911 2164 2967 2216 in
3001 2162 3259 2217 sensibus
3286 2161 3565 2216 delibutus
3588 2176 3745 2232 pror-

2154 2272 2251 2311 sus
2281 2255 2438 2312 mira.
2478 2255 2690 2310 Rursus
2742 2254 3041 2325 prudentia
3067 2294 3081 2320 ,
3119 2253 3393 2322 sapientia
3448 2252 3637 2307 divina
3687 2262 3745 2308 et

2154 2346 2472 2417 cognitione
2519 2345 2755 2414 Spiritus
2792 2341 3059 2397 ineffabili
3120 2341 3375 2406 beantur,
3424 2348 3482 2395 et
3544 2346 3627 2393 tot
3675 2354 3743 2393 ac

2156 2444 2339 2489 tantas
2385 2449 2475 2490 res
2529 2449 2560 2489 a
2602 2435 2773 2504 gratia
2828 2432 3032 2487 Christi
3083 2430 3413 2496 educentur,
3477 2438 3539 2483 ut
3592 2430 3744 2485 nulla

2155 2526 2342 2596 lingua
2373 2540 2436 2580 ea
2469 2526 2642 2594 possit
2670 2525 2849 2579 effari.
2881 2526 2979 2579 Est
3002 2539 3135 2578 vero
3165 2523 3387 2593 quando
3414 2538 3526 2577 non
3558 2522 3650 2576 alii
3682 2538 3747 2577 ac

2157 2633 2301 2672 unus
2341 2632 2407 2671 ex
2433 2618 2596 2687 vulgo
2641 2624 2966 2686 appareant.
3023 2615 3113 2669 Sic
3158 2614 3517 2668 multifariam
3559 2614 3748 2669 divina

2157 2710 2333 2779 gratia
2374 2724 2432 2763 se
2465 2710 2637 2777 ipsam
2676 2708 2897 2762 varians
2940 2723 3002 2761 ac
3034 2707 3419 2777 multipliciter
3477 2706 3748 2761 transfor-

2159 2817 2316 2856 mans
2340 2816 2602 2856 exercere
2634 2802 2753 2855 vult
2812 2816 2877 2854 ac
2922 2800 3140 2853 diverse
3170 2799 3449 2855 instruere
3484 2798 3746 2863 animam,

2160 2899 2220 2943 ut
2277 2890 2575 2959 perfectam
2635 2890 2842 2958 ipsam,
2887 2888 3335 2953 immaculatam,
3393 2886 3750 2957 purissimam

2158 2982 2539 3051 supercualesti
2566 2981 2721 3035 sistat
2754 2980 3004 3050 Spiritui.

2230 3075 2344 3130 Vll.
2395 3074 2458 3128 lli
2501 3089 2640 3144 quos
2696 3073 2861 3126 modo
2925 3071 3166 3125 diximus
3224 3070 3463 3140 Spiritus
3519 3068 3753 3125 effectus

2161 3181 2485 3239 magnorum
2516 3166 2786 3236 graduum
2818 3173 2982 3227 sunt,
3016 3174 3073 3218 et
3102 3162 3435 3233 perfectioni
3469 3162 3752 3231 proximo-

2160 3277 2305 3314 rum.
2342 3259 2436 3314 liae
2473 3258 2747 3328 siquidem
2791 3257 3024 3311 diversae
3076 3255 3486 3310 consolationes
3531 3255 3748 3323 gratiae,

2161 3352 2489 3407 difi‘erentcr
2518 3351 2743 3420 quidem
2796 3358 3059 3405 caeterum
3094 3348 3477 3403 indesinenter
3527 3347 3581 3401 in
3622 3346 3691 3400 iis
3719 3362 3752 3401 a

2161 3439 2371 3510 Spiritu
2406 3450 2758 3505 exercentur,
2795 3439 3119 3507 operatione
3144 3436 3524 3507 operationem
3576 3434 3753 3503 Spiri-

2162 3539 2252 3585 tus
2311 3545 2528 3599 semper
2574 3529 2922 3598 excipiente.
2954 3527 3185 3593 Quando
3220 3526 3368 3580 enim
3419 3526 3622 3593 aliquis
3680 3523 3749 3577 ad

2161 3621 2553 3691 perfectionem
2607 3619 2846 3689 Spiritus
2869 3618 3205 3688 pervenerit,
3245 3618 3462 3672 cunctis
3507 3615 3750 3686 perfecte

2162 3713 2676 3784 perturbationibus
2748 3720 3056 3781 purgatus,
3126 3719 3183 3763 et
3235 3718 3385 3764 totus
3460 3707 3748 3763 Paracleto

2163 3802 2391 3872 Spiritui
2426 3818 2525 3870 per
2567 3801 2900 3855 ineffabilem
2935 3799 3380 3854 communionem
3417 3800 3641 3863 unitus;
3694 3808 3752 3853 et

2162 3910 2286 3950 cum
2312 3895 2433 3963 ejus
2462 3893 2643 3946 anima
2676 3894 2743 3946 ad
2774 3908 2893 3947 eam
2916 3901 3108 3946 evecta
3146 3891 3520 3960 dignationem
3547 3891 3747 3955 fuerit,

2164 3985 2485 4055 utSpiritus
2535 3992 2591 4039 et
2616 3984 2733 4053 ipsa
2779 3984 2874 4046 sit,
2903 3983 2957 4037 in
2991 3999 3159 4037 unum
3198 3998 3321 4037 cum
3371 3982 3580 4052 Spiritu
3615 3998 3751 4037 eon-

2163 4088 2350 4145 creta;
2384 4088 2516 4133 tunc
2540 4086 2687 4132 totus
2718 4078 2831 4143 lux,
2855 4086 3003 4131 totus
3036 4076 3322 4146 gaudium,
3342 4084 3490 4129 totus
3511 4075 3747 4142 requies,

2165 4182 2313 4227 totus
2363 4172 2701 4236 exsultatio,
2764 4178 2914 4225 totus
2936 4169 3203 4234 charitas,
3261 4177 3412 4223 totus
3468 4168 3752 4223 visceralis

2163 4264 2491 4334 compassio,
2530 4274 2677 4318 totus
2724 4262 2976 4326 bonitas,
3012 4269 3160 4315 totus
3202 4259 3512 4329 benignitas
3551 4260 3637 4326 fit;
3696 4267 3753 4313 et

2166 4355 2322 4425 quasi
2361 4354 2655 4423 absorptus
2687 4353 3037 4422 immergitur
3087 4351 3144 4405 in
3221 4351 3454 4405 virtutes
3496 4351 3755 4420 potentia:

2168 4446 2299 4501 boni
2331 4445 2593 4516 Spiritus,
2654 4445 2799 4500 sicut
2863 4444 2917 4498 in
2975 4444 3177 4514 abysso
3211 4443 3380 4497 maris
3428 4442 3568 4511 lapis
3610 4456 3754 4511 aqua

472 4539 767 4608 τοιγαροῦν
813 4539 863 4590 οἱ
906 4538 1097 4591 τοιοίδε
1144 4537 1286 4591 κατά
1331 4539 1511 4591 πάντα
1563 4538 1787 4608 τρόπον,
1839 4537 1919 4608 τῷ
1964 4538 2052 4591 τοῦ

2169 4539 2537 4608 undecunque
2568 4537 3028 4607 comprehensus.
3064 4535 3122 4589 In
3154 4536 3300 4588 hunc
3328 4535 3494 4605 igitur
3528 4533 3753 4588 modum

480 4630 616 4683 θεοῦ
642 4628 921 4697 Πνεύματι
953 4630 1338 4700 συναφθέντες,
1368 4629 1518 4700 αὐτῷ
1549 4630 1626 4700 τῷ
1654 4630 1875 4701 Χριστῷ
1910 4633 2061 4698 ἀφω-

476 4723 758 4792 μοίωνται,
823 4723 923 4785 τὰς
987 4723 1191 4795 ἀρετὰς
1234 4722 1332 4775 τοῦ
1380 4723 1700 4791 Πνεύματος
1755 4723 2063 4793 ἀτρέπτους

472 4815 602 4884 παρ’
636 4815 848 4877 ἑαυτοῖς
904 4815 1140 4884 ἔχοντες,
1190 4817 1283 4868 καὶ
1340 4815 1589 4885 καρποὺς
1620 4814 1898 4878 τοιούτους
1946 4817 2061 4877 τοῖς

476 4902 642 4953 πᾶσιν
671 4902 1127 4973 ἐπιδεικνύμενοι.
1162 4904 1284 4957 Ἐπὶ
1313 4904 1422 4975 γὰρ
1449 4904 1595 4957 ἔνδον
1625 4904 1847 4974 ἄμωμοί
1876 4922 1934 4958 τε
1970 4906 2064 4959 καὶ

474 4993 703 5063 καθαροὶ
728 4994 816 5048 διὰ
845 4996 940 5047 τοῦ
964 4995 1285 5065 Πνεύματος
1308 4995 1752 5074 ἀπηρτίσθησαν,
1777 4997 2060 5069 ἀμήχανον

474 5085 577 5149 ἔξω
610 5089 856 5157 καρποὺς
908 5088 1111 5150 κακίας
1171 5091 1597 5157 προσενεγκεῖν,
1646 5088 1782 5140 ἀλλὰ
1829 5090 2062 5142 πάντοτε

472 5179 559 5232 δια
584 5184 802 5233 πάντων
835 5183 883 5233 οἰ
917 5183 1120 5253 καρποὶ
1145 5181 1238 5233 τοῦ
1267 5182 1582 5251 Πνεύματος
1615 5183 1672 5234 ἐν
1704 5183 1915 5244 ἑαυτοῖς
1939 5182 2062 5234 δια-

473 5271 782 5340 λάμπουσιν
814 5290 826 5303 ·
856 5273 997 5345 αῦτη
1024 5276 1171 5327 ἐστὶν
1213 5276 1245 5345 ή
1276 5275 1528 5345 προκοπὴ
1558 5278 1658 5345 τῆς
1689 5276 2064 5345 πνευματικῆς

478 5362 838 5434 τελειότητος,
897 5367 992 5420 τοῦ
1057 5366 1425 5437 πληρώματος
1447 5366 1541 5419 τοῦ
1585 5367 1843 5436 Χριστοῦ,
1894 5368 1973 5430 εἰς
1998 5369 2064 5437 ἣν

480 5453 682 5519 φθάσαι
734 5459 881 5526 ἡμᾶς
929 5461 957 5511 ὁ
1008 5460 1329 5523 Ἀπόστολος
1354 5462 1612 5530 παραινεῖ
1655 5459 1830 5528 λέγων
1867 5476 1881 5488 ·
1922 5459 2057 5513 Ἵνα

477 5547 834 5617 πληρωθῆτε
881 5554 969 5618 εἰς
1028 5547 1153 5611 πᾶν
1197 5554 1263 5608 τὸ
1316 5553 1608 5622 πλήρωμα
1649 5551 1756 5606 τοῦ
1785 5549 2061 5620 Χριστοῦ.

561 5816 832 5887 ⁸⁰Ερίιοε.
872 5831 954 5880 tu,
996 5816 1079 5870 ιο.

2159 4633 2296 4686 tales
2333 4632 2585 4685 homines
2631 4630 2947 4684 omnimode
2981 4629 3076 4684 Dei
3124 4629 3353 4699 Spiritui
3382 4629 3748 4688 cohaerentes,

2161 4724 2264 4794 ipsi
2288 4722 2510 4777 Christo
2558 4722 2957 4785 assimilantur,
2994 4720 3231 4774 virtutes
3266 4719 3510 4788 Spiritus
3553 4719 3753 4769 immu-

2160 4817 2361 4872 tabiles
2390 4816 2447 4870 in
2479 4832 2538 4871 se
2573 4816 2706 4885 ipsis
2735 4815 3004 4870 habentes
3027 4857 3043 4881 ,
3093 4824 3149 4868 et
3173 4814 3389 4867 fructus
3420 4810 3488 4863 iis
3514 4824 3753 4862 consen-

2163 4922 2351 4967 taneos
2382 4909 2602 4965 cunctis
2633 4910 2977 4964 exhibentes.
3017 4907 3162 4962 Fieri
3205 4905 3353 4959 enim
3412 4902 3606 4971 nequit
3672 4908 3754 4966 ut,

2169 5019 2292 5059 cum
2320 5003 2470 5057 intus
2497 5002 2600 5071 ipsi
2632 5000 2898 5070 inculpati
2924 5010 2980 5053 et
3009 4998 3131 5068 puri
3156 5012 3254 5065 per
3287 4994 3548 5063 Spiritum
3574 4992 3757 5047 effecti

2170 5096 2302 5160 sint,
2334 5094 2549 5147 fructus
2573 5102 2727 5146 extra
2756 5091 2979 5145 malitiae
3020 5088 3332 5159 proferant;
3378 5085 3473 5140 sed
3504 5084 3651 5138 omni
3690 5098 3759 5137 ex

2170 5194 2325 5255 parte
2355 5200 2455 5254 per
2512 5184 2697 5238 omnia
2749 5182 2960 5236 fructus
3010 5182 3064 5235 in
3101 5181 3168 5235 iis
3207 5178 3457 5249 Spiritus
3512 5177 3754 5231 elucent.

2172 5274 2320 5329 Talis
2370 5273 2651 5343 profectus
2683 5282 2769 5327 est
2818 5270 3126 5341 spiritualis
3176 5267 3553 5339 perfectionis,
3585 5266 3756 5336 pleni-

2174 5366 2367 5419 tudinis
2402 5364 2618 5429 Christi,
2673 5365 2728 5418 in
2760 5379 2923 5432 quam
2965 5377 3260 5417 occurrere
3320 5375 3421 5413 nos
3459 5358 3757 5427 Apostolus

2174 5459 2502 5511 adhortatur
2517 5456 2708 5510 dicens
2736 5472 2749 5509 :
2783 5455 2845 5511 Ut
2900 5455 3231 5526 impleamini
3260 5454 3315 5506 in
3353 5465 3560 5505 omnem
3585 5448 3758 5514 pleni-

2175 5550 2409 5605 tudinem
2458 5548 2741 5606 Christi”.
2797 5548 2866 5602 Et
2908 5563 3102 5602 rursus
3138 5564 3149 5600 :
3186 5545 3361 5598 Donec
3420 5555 3761 5595 occurramus
