3980 6458
307 359 415 426 915

1566 358 1626 417 S.
1668 355 1987 415 MACARII
2032 356 2142 417 {EG
2154 359 2353 418 ΥΡΤΙΙ

3476 353 3582 419 916

304 474 359 528 in
388 457 557 525 virum
590 470 879 541 perfectum
910 468 965 522 in
1003 481 1305 521 mensuram
1348 464 1521 521 wtatis
1555 463 1897 535 plenitudinis

2004 465 2114 519 Καὶ
2162 467 2326 521 πάλιν
2350 483 2364 497 ·
2412 465 2602 537 Μέχρι
2636 466 3104 534 καταντήσωμεν
3138 466 3225 529 εἰς
3269 464 3459 534 ἄνδρα
3486 471 3581 522 τέ·-

306 562 500 619 Christi
519 564 581 618 “.

380 746 543 816 200
569 746 704 801 Vlll.
742 746 839 801 Est
870 744 1126 815 quando,
1163 743 1325 799 simul
1353 758 1419 798 ac
1453 742 1647 814 incipit
1686 741 1894 813 aliquis
1958 816 1959 819 η

308 854 450 906 genu
470 836 713 901 flectere,
730 837 953 906 plenum
976 835 1106 889 huic
1131 842 1358 904 repente
1374 833 1561 888 divina
1572 833 1893 903 operatione

313 931 370 982 tit
402 943 533 994 cor;
562 936 618 982 et
648 927 829 981 anima
859 925 1276 981 condelectatur
1310 924 1562 988 Domino,
1591 924 1661 978 ad
1698 924 1890 989 instar,

311 1028 371 1072 nt
393 1020 600 1074 dictum
618 1028 722 1080 est,
747 1034 959 1088 sponsm
980 1034 1103 1073 cum
1124 1033 1346 1086 sponso.
1370 1016 1486 1071 Hoc
1509 1032 1740 1088 magnus
1760 1017 1895 1073 dicit

310 1108 478 1163 Isaias
499 1128 510 1161 :
534 1107 646 1172 Quo
672 1110 808 1161 enim
830 1108 979 1160 modo
998 1106 1192 1176 gaudet
1208 1122 1429 1174 sponsus
1445 1122 1605 1175 super
1617 1122 1889 1177 sponsam,

308 1197 384 1249 sic
411 1197 655 1267 gaudebit
690 1195 943 1249 Dominus
970 1211 1124 1265 super
1152 1202 1200 1247 te
1221 1195 1285 1248 ¹².
1308 1194 1405 1248 Est
1440 1193 1605 1247 etiam
1623 1232 1639 1257 ,
1671 1194 1893 1263 quando

315 1291 585 1360 contingit
627 1289 885 1358 occupari
912 1288 1132 1358 quidem
1166 1288 1328 1342 talem
1362 1295 1475 1341 tota
1501 1286 1623 1353 die;
1660 1302 1769 1342 una
1797 1302 1893 1342 au-

308 1389 419 1433 tem
450 1381 541 1434 ubi
573 1395 631 1434 se
656 1379 800 1433 idem
845 1379 978 1433 hora
1003 1379 1243 1432 orationi
1290 1378 1628 1448 permiserit,
1682 1379 1891 1449 rapitur

305 1474 375 1527 ab
402 1473 519 1542 ipsa
552 1472 785 1528 interior
819 1472 1004 1535 homo,
1038 1480 1093 1525 ct
1124 1471 1393 1525 immenso
1427 1471 1703 1541 profundo
1740 1472 1890 1530 illius

304 1566 489 1619 seculi
513 1565 683 1620 futuri
715 1574 935 1619 tenetur
959 1565 1411 1633 comprehensus.
1436 1562 1686 1619 Oblectat
1705 1574 1890 1621 autem

305 1656 485 1726 ipsum
524 1672 722 1711 arcana
756 1664 812 1710 et
846 1655 1144 1710 inetl'abilis
1186 1655 1468 1726 voluptas,
1501 1655 1575 1711 ita
1624 1666 1684 1710 ut
1735 1672 1891 1713 mens

304 1748 528 1818 quidem
567 1749 921 1819 Obstupescat
991 1754 1103 1801 tota
1160 1762 1428 1816 suspensa
1460 1748 1601 1802 etin
1650 1749 1889 1806 sublime

2000 561 2189 622 λειον,
2240 560 2326 624 είς
2348 559 2571 627 μέτρον
2617 557 2863 626 ἡλικίας
2903 556 3011 610 τοῦ
3042 554 3439 625 πληρώματος
3473 559 3581 613 τοῦ
3646 538 3655 545 ”

2003 646 2279 715 Χριστοῦ.

2073 742 2153 794 H'.
2199 741 2387 793 Ἔστιν
2424 740 2537 805 ὅτε,
2569 740 2757 811 φησὶν,
2780 739 3187 811 εἰσέρχεταίτις
3220 738 3401 792 κλῖναι
3425 738 3575 806 γόνυ,

2000 832 2096 885 καὶ
2121 831 2294 899 τούτῳ
2337 830 2371 901 ἡ
2403 828 2598 900 καρδία
2640 829 2810 899 μεστὴ
2840 828 2991 892 θείας
3024 829 3306 899 ἐνεργείας
3344 828 3578 896 γίνεται,

2002 924 2096 977 καὶ
2122 924 2156 994 ὴ
2179 921 2324 992 ψυχὴ
2354 921 2799 991 συνευφραίνεται
2838 921 3047 991 Κυρίῳ,
3078 920 3327 989 καθάπερ
3354 920 3455 991 ἤδη
3493 920 3579 973 δε-

2001 1013 2271 1083 δήλωται,
2312 1011 2531 1082 νύμφης
2554 1012 2757 1083 τρόπον
2785 1011 2925 1066 κατά
2952 1012 3045 1065 τοῦ
3078 1012 3334 1082 νυμφίου.
3374 1012 3431 1065 Ὀ
3484 1012 3579 1081 μέ-

2002 1121 2104 1171 γας
2128 1100 2287 1155 τοῦτό
2312 1118 2481 1171 φησιν
2524 1102 2751 1165 Ἡσαΐας
2776 1117 2789 1131 ·
2826 1103 2935 1154 Ὃν
2955 1101 3064 1170 γὰρ
3093 1102 3317 1169 τρόπον
3337 1102 3577 1171 εὐφραί-

1999 1211 2159 1248 vera:
2184 1194 2446 1263 νυμφίος
2468 1193 2567 1247 ἐπὶ
2593 1193 2853 1263 νύμφης,
2881 1192 3070 1259 οὕτως
3101 1193 3581 1262 εὐφρανθήσεται

1999 1288 2215 1355 Κύριος
2249 1286 2347 1339 ἐπὶ
2378 1287 2499 1340 σοι’
2538 1285 2722 1338 ἔστιδ’
2748 1286 2834 1338 ὅτε
2870 1284 3068 1355 συνέϐη
3103 1284 3201 1355 μὲν
3232 1284 3579 1355 ἀσχολεῖσθαι

1998 1380 2090 1433 τὸν
2112 1379 2350 1434 τοιοῦτον
2372 1378 2501 1450 ὅλης
2535 1378 2768 1449 ἡμέρας,
2803 1377 2945 1432 κατά
2970 1377 3025 1431 δέ
3054 1376 3182 1448 μίαν
3204 1376 3354 1447 ὥραν
3378 1377 3458 1441 είς
3490 1376 3580 1430 εὑ-

1999 1473 2102 1544 χὴν
2147 1471 2340 1525 ἑαυτὸν
2378 1468 2769 1541 ἐπιτρέψαντα,
2819 1468 3129 1539 ἀρπάζεται
3180 1469 3312 1539 παρ’
3360 1469 3580 1538 αὐτῆςό

2000 1564 2108 1617 ἔσω
2135 1561 2446 1634 ἄνθρωπος,
2480 1562 2575 1615 καὶ
2598 1560 2827 1632 κάτοχος
2850 1560 3065 1631 ἀπείρῳ
3094 1559 3247 1629 βάθει
3271 1559 3365 1613 τοῦ
3386 1560 3580 1623 αἰῶνος

2000 1657 2211 1711 ἐκείνου
2240 1656 2472 1724 γίνεται.
2509 1655 2662 1725 Ἔχει
2690 1654 2746 1708 δὲ
2777 1653 2939 1707 αὐτὸν
2961 1652 3272 1724 ἀπόρρητος
3294 1651 3477 1723 ἡδονὴ,
3504 1651 3578 1715 ὡς

2002 1748 2403 1820 ἐκπλήττεσθαι
2455 1747 2557 1819 μὲν
2586 1747 2679 1803 τὸν
2704 1746 2828 1800 νοῦν
2874 1747 3153 1817 μετέωρον
3177 1746 3298 1800 ὅλον
3323 1744 3452 1799 ὄντα
3482 1746 3577 1799 καὶ

305 1848 494 1910 rapta;
524 1840 837 1910 oblivioque
886 1837 1120 1893 internis
1158 1838 1417 1893 sensibus
1470 1839 1736 1909 subrepat
1783 1849 1895 1896 ter-

2004 1841 2353 1913 ἡρπαγμένον
2378 1855 2392 1870 ·
2454 1840 2625 1910 λήθην
2655 1838 2713 1892 δέ
2759 1839 2880 1899 ταῖς
2909 1836 3105 1907 φρεσὶν
3135 1835 3446 1904 ἐγγίνεσθαι
3480 1834 3572 1890 τοῦ

304 1947 453 1985 rente
484 1931 647 2001 hujus
692 1931 883 1985 mundi
934 1929 1250 2000 sapientiae;
1285 1937 1477 1999 utpote
1532 1931 1759 2000 repletis
1786 1932 1891 2003 ipsi

304 2020 518 2089 objecto
545 2020 781 2091 digniori
814 2021 1242 2091 cogitationibus
1264 2059 1278 2081 .
1336 2028 1396 2074 ut
1445 2021 1655 2076 dictum
1689 2032 1804 2088 est,
1837 2032 1895 2078 et

303 2111 540 2180 captivis
587 2111 781 2181 procul
827 2112 1087 2165 abductis
1123 2111 1592 2181 contemplatione
1641 2114 1892 2169 intinita-

304 2218 427 2256 rum
481 2209 538 2257 et
580 2201 1239 2271 .incomprehensibilium
1292 2217 1527 2267 rerum,
1566 2213 1630 2259 ut
1686 2204 1744 2259 in
1799 2204 1890 2260 illa

304 2294 440 2349 hora
468 2310 567 2365 per
593 2296 899 2350 orationem
952 2294 1165 2349 homini
1205 2294 1421 2350 accidat
1462 2296 1685 2352 evolare
1727 2296 1893 2353 simul

303 2400 429 2439 cum
456 2385 706 2439 oratione
730 2385 904 2455 ipsius
923 2386 1184 2440 animam.

373 2493 468 2549 IX.
510 2494 592 2550 Ad
615 2495 1044 2567 interrogantem
1095 2504 1303 2561 autem,
1361 2512 1432 2552 an
1467 2498 1739 2568 possibile
1786 2499 1890 2555 ho-

303 2588 437 2642 mini
462 2588 534 2643 sit
563 2588 619 2643 in
648 2604 715 2643 eo
738 2604 957 2659 semper
986 2598 1134 2644 statu
1163 2589 1387 2655 durare,
1434 2591 1519 2647 sic
1547 2592 1892 2662 responden-

303 2680 435 2735 dum
454 2691 541 2736 est
574 2696 896 2751 :nunquam
942 2680 1168 2751 quidem
1196 2682 1428 2751 gratiam
1462 2698 1574 2737 non
1610 2683 1810 2747 inesse.
1835 2694 1892 2739 et

302 2788 416 2828 non
463 2773 685 2843 penitus
709 2773 947 2828 radicari
994 2773 1158 2843 quasi
1204 2774 1605 2829 coalescentem
1629 2774 1685 2828 in
1732 2784 1893 2829 natu-

303 2877 422 2916 ram
455 2877 627 2916 unam
680 2861 891 2917 homini
924 2860 980 2915 in
1017 2876 1126 2931 quo
1155 2870 1261 2916 est.
1295 2859 1567 2916 Caeterum
1616 2876 1725 2916 una
1763 2878 1891 2916 cum

302 2954 376 3009 sit
403 2954 542 3024 ipsa,
579 2970 690 3009 non
720 2970 833 3009 uno
869 2964 1053 3009 tamen
1085 2953 1272 3020 modo,
1331 2953 1429 3009 sed
1481 2954 1888 3024 multipliciter,

305 3055 475 3115 prout
500 3047 638 3111 vult,
670 3054 727 3101 et
757 3046 1056 3101 convenire
1093 3046 1247 3101 videt
1268 3046 1338 3101 ad
1379 3046 1552 3116 ipsius
1595 3046 1890 3103 utilitatem

1994 1932 2242 2002 ἐπιγείου
2270 1932 2427 1987 τοῦδε
2454 1932 2803 2003 φρονήματος
2825 1948 2840 1962 ·
2883 1929 2980 1984 ἆτε
3004 1929 3385 2002 μεστωθέντων
3422 1927 3568 1999 αὐτῷ

1990 2023 2101 2076 τῶν
2129 2022 2428 2093 λογισμῶν,
2473 2024 2664 2092 ὥσπερ
2695 2024 2930 2094 εἴρηται,
2962 2022 3056 2075 καὶ
3084 2023 3164 2084 είς
3205 2020 3477 2091 ἀπέραντά
3506 2036 3565 2072 τε

1991 2118 2085 2171 καὶ
2116 2116 2480 2187 ἀκατάληπτα
2515 2117 2821 2188 πράγματα
2857 2115 3222 2185 αἰχμαλώτων
3259 2117 3403 2185 αὐτῷ
3464 2118 3569 2169 ἀπ-

1993 2211 2292 2281 αχθέντων,
2319 2211 2397 2273 ὼς
2430 2211 2489 2264 ἐν
2514 2208 2695 2281 ἐκείνῃ
2724 2208 2844 2280 ὥρᾳ
2871 2209 2938 2262 δι’
2990 2209 3156 2279 εὐχῆς
3175 2208 3255 2279 τῷ
3304 2208 3578 2280 ἀνθρώπῳ

1990 2302 2236 2371 γίνεσθαι
2298 2300 2655 2356 συναπελθεῖν
2722 2303 2837 2373 ἀμα
2888 2303 2954 2375 τῇ
3008 2303 3141 2373 εὐχῇ
3193 2302 3288 2357 καὶ
3339 2303 3439 2372 τὴν
3474 2301 3579 2372 ψυ-

1990 2399 2115 2470 χήνο

2059 2511 2136 2567 Θ¹.
2193 2511 2339 2582 Πρὸς
2364 2511 2421 2565 δέ
2446 2528 2511 2581 γε
2540 2511 2633 2565 τὸν
2678 2511 2986 2580 ἐρωτῶντα,
3016 2513 3182 2582 φησὶν
3201 2551 3218 2576 ,
3266 2513 3316 2564 εί
3344 2511 3575 2565 πάντοτε

1989 2604 2216 2661 δυνατὸν
2232 2604 2308 2675 τῷ
2338 2603 2610 2676 ἀνθρώπῳ
2631 2605 2698 2674 τῇ
2722 2603 2943 2674 τοιαύτῃ
2956 2604 3200 2674 διαρκεῖν
3215 2603 3574 2668 καταστάσει,

1989 2697 2164 2752 ταῦτα
2212 2696 2468 2750 λεκτέον⁹
2522 2696 2599 2759 ὼς
2650 2696 2683 2766 ἡ
2732 2695 2829 2766 μὲν
2863 2695 3020 2765 χάρις
3054 2693 3155 2746 οὐκ
3203 2693 3351 2747 ἐστιν
3380 2694 3467 2746 ὅτε
3499 2694 3574 2763 μὴ

1992 2786 2208 2841 σύνεστι
2241 2787 2337 2839 καὶ
2368 2785 2685 2858 ἐρρίζωται,
2729 2786 2822 2839 καὶ
2861 2784 2938 2849 ὡς
2962 2784 3191 2855 φυσικόν
3227 2802 3281 2837 τι
3327 2783 3575 2854 πεπηγὸς

1992 2878 2270 2947 ἐγγίνεται
2290 2876 2368 2948 τῷ
2397 2875 2670 2948 ἀνθρώπῳ
2695 2870 2739 2945 ᾧ
2772 2876 3023 2930 σύνεστι·
3056 2877 3153 2947 μία
3179 2876 3237 2929 δὲ
3274 2871 3409 2929 οὖσα
3436 2874 3576 2946 αὑτὴ

1991 2969 2369 3041 πολυτρόπως,
2391 2967 2468 3031 ὡς
2501 2968 2699 3033 ἐθέλει,
2730 2967 2869 3039 πρὸς
2905 2967 2965 3020 τὸ
3000 2967 3094 3020 τοῦ
3120 2966 3407 3038 ἀνθρώπου
3444 2983 3581 3037 συμ-

1992 3062 2181 3133 φέρον,
2209 3063 2485 3131 οἰκονομεῖ
2506 3077 2521 3091 °
2552 3061 2687 3115 ποτὲ
2724 3061 2824 3132 μὲν
2850 3060 2960 3132 γὰρ
2985 3060 3147 3115 πλέον
3179 3061 3329 3131 αὐτῴ
3356 3061 3415 3115 τὸ
3446 3059 3577 3130 πῦρ,

305 3134 564 3201 hominis,
596 3136 777 3189 varias
829 3134 1243 3190 vicissitudines
1272 3135 1588 3206 dispensat.
1621 3137 1759 3192 Nam
1790 3138 1891 3193 ali-

2004 3156 2125 3208 ποτέ
2164 3155 2221 3208 δέ
2250 3154 2591 3225 ἀμϐλύτερον
2622 3154 2901 3210 ἀνακαίει.
2934 3155 3045 3207 Καὶ
3073 3154 3134 3207 τὸ
3162 3154 3298 3222 φῶς,
3330 3153 3446 3206 ἔστι
3481 3152 3579 3222 μέν

304 3226 529 3295 quando
572 3226 800 3296 quidem
845 3227 1119 3281 acriorem
1151 3228 1277 3296 ipsi,
1327 3228 1627 3298 aliquando
1677 3229 1895 3299 langui-

306 3318 522 3376 diorem
574 3320 850 3375 ﬂammam
901 3320 1147 3391 subjicit.
1190 3322 1289 3377 Est
1322 3321 1544 3391 quando
1570 3322 1664 3376 lux
1721 3323 1894 3394 magis

306 3412 692 3482 resplendeat;
745 3423 830 3468 est
882 3413 1104 3484 quando
1157 3414 1455 3469 contrahat
1497 3413 1791 3485 fulgorem,
1838 3424 1897 3471 et

307 3504 600 3576 caliginem
634 3505 875 3561 obducat
895 3505 1213 3577 quamdam,
1238 3505 1427 3560 divina
1457 3505 1898 3576 prorsuscdispo-

309 3598 549 3663 sitione,
609 3598 865 3669 lampade
936 3599 1467 3670 inexstinguibiliter
1535 3599 1898 3657 nihilominus

307 3689 561 3745 ardente.
591 3691 822 3758 Quando
850 3707 982 3747 vero
1033 3691 1353 3763 fulgentiori
1377 3700 1432 3747 et
1462 3692 1676 3762 puriori
1719 3694 1899 3748 radiat

309 3780 541 3846 lumine,
570 3784 723 3837 velut
755 3783 1151 3839 abundantiori
1194 3793 1330 3855 potu
1362 3784 1707 3840 exhilaratus
1732 3786 1899 3842 homo

310 3874 514 3930 festum
573 3874 718 3929 diem
766 3876 1033 3931 celebrat.
1087 3877 1186 3931 Est
1221 3877 1391 3931 etiam
1444 3892 1572 3932 cum
1606 3877 1788 3947 ipsum
1838 3878 1895 3932 in

311 3968 480 4023 corde
540 3970 753 4025 micans
812 3970 1000 4024 lumen
1065 3970 1228 4024 alteri
1285 3970 1483 4024 lumini
1531 3971 1634 4025 sub
1681 3970 1899 4026 intimis

312 4059 644 4128 profundius
664 4061 857 4116 latenti
879 4062 1032 4116 velut
1076 4061 1375 4117 fenestram
1399 4063 1598 4132 aperit,
1639 4070 1699 4117 ut
1734 4063 1901 4118 homo

314 4159 465 4207 totus
508 4150 799 4209 dulcedine
845 4154 940 4209 illa
981 4161 1040 4208 et
1078 4154 1454 4224 speculatione
1489 4155 1655 4225 plane
1700 4155 1901 4211 absor-

315 4254 463 4313 ptus,
490 4261 601 4300 non
630 4245 866 4315 amplius
916 4246 971 4299 in
995 4261 1053 4301 se
1084 4246 1204 4316 ipso
1229 4245 1335 4309 sit,
1372 4245 1469 4301 sed
1491 4244 1653 4315 quasi
1706 4246 1891 4302 fatuus

315 4345 372 4391 et
398 4337 595 4393 noxius
625 4338 892 4392 habeatur
919 4338 1151 4401 mundo,
1178 4347 1412 4407 propter
1444 4336 1737 4392 inusitatas
1780 4338 1901 4393 ille—

308 4429 514 4485 tcebras
573 4431 779 4486 amoris
837 4439 895 4485 et
951 4431 1256 4500 voluptatis
1316 4438 1373 4485 et
1425 4429 1900 4501 profunditatem,

1996 3248 2087 3301 ὅτε
2134 3247 2337 3317 μᾶλλον
2385 3246 2695 3317 ἐκλάμπει,
2733 3246 2849 3299 ἐστι
2892 3246 2937 3299 δ’
2970 3247 3059 3300 ὅτε
3099 3247 3196 3299 καὶ
3233 3244 3579 3298 συστέλλεται

1998 3340 2094 3393 καὶ
2148 3339 2536 3409 ἐπιστυγνάζει
2597 3339 2741 3392 κατά
2781 3339 2933 3392 θείαν
2976 3339 3196 3401 πάντως
3242 3336 3577 3407 οἰκονομίαν,

1998 3432 2243 3500 καίτοιγε
2275 3434 2377 3503 τῆς
2412 3430 2694 3503 λαμπάδος
2735 3431 2977 3486 ἄσϐεστα
3018 3431 3332 3501 καιομένης.
3365 3430 3492 3482 Ὅτε
3526 3429 3584 3481 δέ

2000 3524 2306 3595 φαιδρυνθῇ
2340 3523 2524 3591 πλέον,
2560 3524 2683 3577 τότε
2708 3523 2961 3593 καθάπερ
2990 3524 3049 3576 ἐν
3086 3522 3226 3595 μέθῃ
3254 3521 3458 3575 πλείονι
3485 3522 3583 3590 τῆς

1999 3609 2094 3665 τοῦ
2128 3611 2264 3664 Θεοῦ
2301 3612 2523 3681 ἀγάπης
2574 3611 2668 3665 καὶ⁹
2707 3612 2736 3663 ό
2764 3611 3050 3682 ἄνθρωπος
3076 3611 3395 3683 ἐορτάζεται
3416 3629 3429 3643 ·
3470 3612 3583 3665 ἐστι

1999 3704 2043 3757 δ’
2069 3705 2158 3759 ὅτε
2188 3705 2436 3758 καὶ-αὐτὸ
2458 3705 2519 3758 τὸ
2550 3705 2665 3773 φῶς
2689 3705 2750 3757 τὸ
2781 3707 2970 3774 φαῖνον
3002 3706 3059 3759 ἐν
3089 3706 3304 3777 καρδία,
3337 3706 3414 3775 τῷ
3441 3705 3587 3757 ἐνδο-

2000 3797 2145 3867 τέρῳ
2179 3796 2352 3868 δήπου
2383 3797 2476 3850 καὶ
2507 3796 2789 3869 βαθυτέρῳ
2819 3797 3079 3865 διανοίγει
3109 3798 3267 3865 φωτὶ,
3297 3797 3437 3851 ὥστε
3466 3796 3587 3849 ὅλον

2001 3890 2093 3943 τὸν
2121 3890 2409 3961 ἄνθρωπον
2432 3893 2495 3962 τῇ
2528 3889 2827 3961 γλυκύτητι
2861 3890 3046 3964 ἐκείνῃ
3076 3892 3171 3944 καὶ
3192 3889 3396 3961 θεωρίᾳ
3416 3908 3588 3943 κατα-

2003 3979 2239 4034 ποθέντα
2293 3980 2494 4051 μηκέτι
2547 3982 2604 4035 ἐν
2641 3982 2818 4055 ἐαυτῷ
2848 3978 3006 4046 εἶναι,
3064 3981 3179 4035 ἀλλ’
3210 3980 3285 4043 ὡς
3319 3979 3499 4051 μωρόν
3528 3994 3588 4030 τε

2004 4071 2099 4125 καὶ⁴
2138 4071 2404 4143 βλαϐερὸν
2434 4074 2651 4128 ὑπεῖναι
2677 4075 2757 4143 τῷ
2782 4075 2995 4144 κόσμῳ,
3028 4073 3114 4126 διὰ
3142 4057 3359 4133 καινοῦς
3396 4073 3589 4138 ῖυγγας

2003 4162 2227 4233 ἀγάπης
2256 4162 2352 4216 καὶ
2384 4162 2597 4233 ἡδονῆς,
2638 4163 2732 4217 καὶ
2755 4164 2816 4217 τὸ
2839 4164 2999 4235 βάθος
3026 4157 3099 4218 ὧν
3123 4163 3348 4230 ἠξίωται
3387 4177 3591 4230 puern-

2010 4252 2160 4323 ρίων.
2222 4254 2332 4307 Καὶ
2389 4254 2677 4325 συμϐαίνει
2734 4254 2994 4319 πολλάκις
3049 4255 3168 4307 κατ’
3220 4256 3426 4306 ἐκεῖνον
3489 4253 3590 4321 μὲν

2003 4344 2096 4397 τὸν
2144 4342 2338 4414 καιρὸν
2396 4344 2505 4397 τῶν
2558 4346 2780 4398 τελείων
2822 4346 2984 4398 αὐτὸν
3038 4344 3298 4414 ἐπιϐῆναι
3349 4343 3586 4412 μέτρων,

2006 4433 2104 4488 καὶ
2136 4430 2275 4487 εἶναι
2308 4435 2490 4505 πάσης
2536 4437 2817 4507 ἁμαρτίας
2857 4434 3141 4504 ἐλεὺθερόν
3181 4450 3239 4485 τε
3282 4432 3375 4486 καὶ
3402 4431 3593 4484 ἀνεπί-

312 4522 480 4592 queis
504 4521 704 4591 dignus
736 4522 1001 4587 habetur,
1052 4524 1467 4595 mysteriorum.
1519 4524 1583 4577 Ei
1628 4524 1897 4595 contingit

2004 4525 2228 4596 ληπτον,
2262 4525 2400 4595 μετά
2422 4525 2481 4578 δὲ
2509 4527 2685 4580 ταῦτα
2717 4527 3050 4595 συσταλῆναι
3093 4525 3292 4595 τρόπον
3340 4520 3461 4574 τινὰ
3491 4520 3591 4588 τὴν

307 4616 518 4686 saepius
547 4617 652 4670 isto
681 4622 924 4685 tempore
970 4619 1147 4686 ipsum
1180 4617 1549 4687 perfectorum
1582 4618 1902 4689 contingere

309 4709 585 4779 graduum
630 4724 968 4774 mensuram,
998 4718 1053 4765 et
1074 4710 1224 4764 omni
1255 4710 1491 4765 liberum
1517 4728 1641 4767 esse
1671 4719 1898 4781 peccato

2008 4617 2192 4687 χάριν,
2237 4617 2423 4671 καὶτὸ
2453 4617 2718 4688 κάλυμμα
2758 4617 2859 4685 τῆς
2898 4615 3148 4677 ἐναντίας
3177 4610 3467 4681 ἐπιστῆναι
3507 4608 3592 4660 δυ-

2010 4726 2253 4779 ναμεως.

310 4811 375 4857 et
445 4801 1029 4871 irreprehensibilem;
1088 4819 1282 4857 verum
1350 4805 1597 4874 posthaec
1661 4803 1914 4859 contrahi
1948 4820 2142 4861 rursus
2187 4808 2599 4876 quodammodo
2653 4807 2925 4877 gratiam;
2956 4814 3013 4860 et
3047 4805 3117 4859 ab
3152 4799 3471 4856 adversaria
3496 4810 3597 4866 po-

321 4909 520 4957 testate
548 4900 732 4955 velum
759 4900 960 4955 iterum
994 4900 1244 4956 obtendi.

392 4997 462 5053 X.
497 4997 588 5053 Sic
618 4988 1010 5068 tecumreputa
1046 5011 1137 5051 res
1166 4997 1355 5069 gratiae
1382 5013 1441 5051 se
1470 4997 1677 5052 habere
1714 5014 1728 5052 :
1761 4997 1902 5067 ﬁnge

316 5091 446 5156 tibi,
499 5090 745 5146 residere
785 5090 1183 5160 perfectionem
1225 5090 1281 5144 in
1324 5088 1654 5144 duodecimo
1695 5090 1901 5161 gradu;

313 5196 407 5239 est
457 5183 644 5253 igitur,
708 5193 771 5237 ut
797 5183 865 5238 ad
918 5183 1060 5237 hanc
1100 5181 1305 5253 gradus
1363 5197 1681 5236 mensuram
1740 5182 1904 5235 liceat

316 5276 660 5340 ascendere;
720 5274 816 5328 sed
870 5274 1116 5328 vicissim
1166 5274 1402 5327 remittit
1461 5273 1654 5343 gratia,
1687 5281 1744 5326 et
1793 5287 1904 5325 uno

317 5365 668 5421 descendens
728 5364 923 5435 gradu,
986 5364 1043 5418 in
1109 5364 1422 5428 undecimo,
1476 5373 1536 5416 ut
1584 5365 1657 5417 ita
1688 5364 1903 5432 loquar,

320 5458 577 5512 subsistit
612 5497 626 5521 ,
655 5455 749 5509 ubi
798 5454 1072 5507 mirabilia
1122 5455 1214 5508 illa
1265 5455 1368 5523 ipsi
1411 5455 1808 5518 ostenduntur,
1848 5461 1906 5507 et

320 5567 562 5618 quorum
594 5550 686 5604 ille
708 5548 1150 5618 experimentum
1188 5547 1337 5617 cepit
1360 5548 1560 5601 homo:
1595 5547 1691 5602 sed
1709 5547 1903 5602 eodem

323 5641 492 5697 modo
540 5642 587 5697 si
622 5642 741 5697 haec
785 5656 845 5696 se
895 5655 1112 5709 Semper
1145 5638 1437 5702 haberent,
1472 5655 1582 5694 non
1609 5648 1755 5694 esset
1803 5637 1907 5709 ipsi

438 5821 477 5849 “
511 5822 708 5889 Ephes.
740 5840 810 5890 ιν,
845 5825 928 5879 l3.
1000 5825 1144 5882 “lsa
1201 5841 1322 5892 un,

2078 4992 2136 5049 l'.
2163 4993 2291 5047 Οἴου
2329 5010 2440 5063 μοι,
2478 4992 2664 5063 φησὶν,
2700 4990 2875 5053 οὕτως
2921 4990 2990 5043 τὰ
3021 4989 3123 5059 τῆς
3163 4989 3386 5059 χάριτος
3416 4988 3587 5056 ἔχειν·

2010 5086 2321 5141 ὑποκείσθω
2368 5087 2476 5155 γάρ
2509 5102 2589 5138 σοι
2625 5084 2763 5156 πρὸς
2796 5083 3101 5136 δωδέκατον
3134 5079 3343 5150 βαθμὸν
3386 5079 3593 5131 ἀνιέναι

2008 5180 2107 5249 τὴν
2146 5179 2493 5248 τελειότητα·
2524 5174 2663 5231 εἶναι
2698 5177 2797 5247 μὲν
2829 5170 2923 5229 οὖν
2983 5175 3068 5227 ὅτε
3108 5173 3201 5225 καὶ
3236 5172 3385 5225 τουτὶ
3410 5170 3471 5223 τὸ
3499 5169 3594 5239 μέ-

2011 5290 2138 5342 τρον
2190 5271 2413 5340 ἐφικτὸν
2460 5270 2710 5339 γίνεταιο
2759 5269 2899 5337 πλὴν
2934 5267 3046 5321 ἀλλ’
3090 5264 3334 5318 ἐνδίδωσι
3366 5262 3526 5315 πάλιν
3560 5262 3593 5329 ή

2011 5367 2192 5435 χάρις,
2239 5364 2334 5418 καὶ
2381 5363 2477 5417 ἕνα
2515 5363 2765 5417 ὑποϐᾶσα
2799 5361 3030 5430 βαθμὸν,
3073 5362 3150 5422 είς
3183 5358 3243 5410 τὸ
3286 5356 3594 5417 ἑνδέκατον,

2012 5459 2087 5519 ὡς
2110 5458 2307 5519 εἰπεῖν,
2339 5456 2573 5511 ἵσταται.
2612 5454 2854 5525 Ἐδείχθη
2888 5457 3072 5508 ἐκεῖνα
3100 5452 3164 5522 δὴ
3194 5451 3264 5505 τὰ
3291 5448 3591 5518 θαυμάσια,

2014 5549 2109 5602 καὶ
2148 5543 2223 5603 ὧν
2255 5550 2451 5620 πεῖραν
2484 5547 2579 5600 καὶ
2614 5548 2901 5618 ἄνθρωπος
2935 5546 3092 5615 ἔσχεν
3127 5546 3332 5605 ἐκεῖνος
3358 5557 3372 5571 ⁸
3408 5543 3456 5594 εί
3503 5540 3594 5591 τὸν

2020 5642 2134 5693 ἴσον
2168 5639 2316 5711 αὐτῷ
2344 5640 2543 5711 τρόπον
2573 5635 2688 5709 εἶχε
2720 5636 2894 5692 ταῦτα
2926 5636 3239 5705 διαπαντὸς,
3282 5634 3383 5689 οὐκ
3413 5632 3476 5686 ἂν
3508 5631 3594 5684 δυ-
