3980 6438
392 364 497 432 917

1504 316 1505 319 γ
1611 358 1843 420 LIBER
1880 357 1980 419 DE
2016 356 2471 421 CHARITATE.

3560 361 3668 422 918

386 477 548 531 νατδν
578 471 730 543 αὐτῷ
756 465 825 543 ἦν
853 468 954 540 τὴν
985 467 1299 540 οἰκονομίαν
1332 468 1429 522 καλ⁸
1456 467 1517 521 τὸ
1554 469 1717 540 βάρος
1749 468 1969 523 ὑπιέναι

2091 467 2332 522 lOSStbiIe
2402 475 2463 521 ut
2520 464 2987 534 dispensationem
3065 465 3204 520 hanc
3270 466 3565 537 gratiosam
3614 481 3675 525 et

384 568 479 622 τοῦ
534 565 730 634 λόγου,
765 561 888 616 οὔτε
932 562 1039 632 μὴν
1086 561 1305 614 ἀκούειν
1349 578 1401 614 τι
1449 561 1543 615 καὶ
1570 562 1833 633 λέγειν,ῆ
1880 563 1975 615 καὶ

388 659 517 726 περί
551 673 669 718 του,
710 654 815 707 κᾶν
872 652 934 705 τὸ
991 652 1350 723 βραχύτατον,
1412 653 1703 723 μεριμνᾷν,
1760 652 1842 705 ὅτι
1900 651 1975 722 μὴ

388 747 603 802 κεῖσθαι
632 746 793 816 μόνον
839 744 970 813 μιᾶς
997 741 1201 810 γωνίας
1230 742 1651 813 ἐπειλημμένον,
1699 744 1793 796 καὶ
1842 759 1974 813 μετ-

392 841 585 908 έωρον,
623 837 716 890 καὶ
766 834 1214 906 μεμεθυσμένονο
1254 835 1426 907 ταύτῃ
1455 853 1537 888 τοι
1574 835 1670 889 καὶ
1694 834 1754 889 τὸ
1772 836 1977 888 τέλειον

393 930 543 1001 αὐτῷ
585 932 784 999 μέτρον
830 928 890 980 οὐ
938 925 1291 997 παρεσχέθη·
1334 927 1421 980 ἵνα
1458 927 1553 980 καὶ
1611 929 1678 998 τῇ
1732 927 1977 995 ἀδελφῶν

395 1022 641 1094 προνοίᾳ,
670 1022 767 1075 καὶ
807 1023 874 1093 τῇ
899 1019 993 1074 τοῦ
1026 1020 1186 1088 λόγου
1220 1019 1468 1091 διακονίᾳ
1492 1021 1684 1091 καιρὸν
1721 1021 1818 1092 ἔχῃ
1849 1037 1977 1091 σχο-

396 1114 600 1179 λάζειν.

470 1209 570 1260 IA'.
621 1204 956 1268 Ἀκούοντες,
1003 1203 1160 1273 φησὶ,
1205 1203 1300 1257 τοῦ
1339 1202 1498 1273 λόγου
1538 1205 1638 1275 τῆς
1678 1204 1976 1275 βασιλείας,

396 1299 491 1351 καὶ
547 1298 684 1369 πρὸς
734 1297 946 1368 δάκρυα
994 1297 1376 1367 καταγόμενοι,
1420 1298 1495 1368 μὴ
1537 1300 1651 1361 τοῖς
1688 1299 1979 1368 ἡμετέροις

397 1390 611 1452 τούτοις
634 1389 1081 1459 ἑναπομείνωμεν
1104 1388 1359 1458 δάκρυσι,
1390 1389 1525 1459 μηδὲ
1554 1392 1621 1460 τῇ
1659 1389 1815 1459 ἡμῶν
1840 1390 1978 1460 ἀκοῇ

401 1482 476 1544 ὡς
499 1482 679 1545 καλῶς
703 1482 1054 1544 ἀκούσαντες,
1085 1481 1221 1552 μηδὲ
1241 1484 1352 1546 τοῖς
1376 1482 1673 1552 ὀφθαλμοῖς
1701 1482 1777 1546 ὠς
1800 1482 1981 1546 καλῶς

407 1573 628 1637 ἰδόντες,
661 1573 974 1644 ἀρκούντως
1019 1573 1167 1644 ἔχειν
1208 1576 1420 1637 ἑαυτοῖς
1463 1574 1841 1644 λογισώμεθα’
1885 1576 1981 1629 καὶ

404 1664 514 1735 γάρ
569 1668 705 1719 είσιν
766 1666 928 1737 ἕτερα
979 1660 1095 1719 ὦτα
1154 1667 1249 1719 καὶ
1309 1666 1489 1738 ἕτεροι
1548 1668 1838 1737 ὀφθαλμοὶ,
1887 1671 1982 1722 καὶ

406 1755 674 1826 κλαυθμοὶ
699 1756 898 1828 ἕτεροι,
938 1758 1013 1820 ὡς
1040 1757 1104 1829 δὴ
1137 1759 1231 1811 καὶ
1256 1758 1461 1812 διάνοια
1505 1760 1600 1813 καὶ
1622 1759 1767 1831 ψυχὴ
1795 1763 1978 1831 ἑτέρα,

2082 574 2223 614 onus
2250 558 2382 612 illud
2405 558 2726 613 sustineret.
2772 556 2963 626 Neque
2991 572 3123 612 sane
3157 558 3377 625 audire,
3426 578 3529 616 nec
3570 579 3670 618 cu-

2083 667 2206 705 rare
2227 651 2461 721 quilibet
2491 650 2742 719 quamvis
2768 649 3056 703 minimum
3089 666 3275 704 rerum
3300 651 3671 707 humanarum

2082 750 2286 812 potest,
2320 741 2427 796 nisi
2456 740 2600 811 quod
2631 741 3008 812 jacettantum
3035 742 3090 795 in
3125 743 3326 811 angulo
3356 753 3671 813 correptus,

2083 842 2139 888 et
2172 849 2493 904 suspensus,
2520 842 2577 888 et
2609 833 2938 887 inebriatus.
2966 833 3122 889 Unde
3157 834 3386 901 perfecti
3414 834 3516 904 ipsi
3543 852 3674 905 gra-

2084 925 2189 980 dus
2221 941 2478 981 mensura
2508 940 2618 979 non
2646 925 2990 994 indulgetur;
3032 933 3092 977 ut
3126 933 3182 978 et
3222 924 3453 979 fratrum
3483 940 3673 979 curam

2085 1016 2313 1081 habere,
2347 1025 2403 1070 et
2442 1015 2756 1070 ministerio
2793 1014 2950 1070 verbi
2980 1030 3176 1070 vacare
3216 1018 3410 1085 possit.

2154 1200 2248 1255 XI.
2270 1199 2410 1255 Cum
2439 1196 2713 1252 audiendo
2729 1211 3014 1252 sermones
3047 1196 3114 1252 de
3140 1212 3307 1268 regno
3330 1198 3426 1253 Dei
3469 1196 3537 1251 ad
3554 1197 3675 1268 pias

2085 1292 2354 1363 lacrymas
2379 1305 2687 1355 movemur,
2722 1304 2835 1343 non
2873 1290 3290 1358 acquiescamus
3324 1291 3391 1345 iis
3415 1292 3674 1362 lacrymis

2088 1397 2349 1457 tanquam
2398 1384 2634 1448 nostris;
2669 1398 2851 1453 neque
2902 1382 3000 1437 has
3031 1384 3369 1452 imputemus
3398 1391 3494 1436 aut
3525 1384 3675 1436 auri-

2087 1478 2194 1533 bus
2219 1476 2446 1541 nostris,
2474 1476 2631 1544 quasi
2664 1474 2807 1529 bene
2832 1473 3148 1539 audierint;
3178 1482 3274 1527 aut
3300 1473 3498 1537 oculis,
3516 1473 3671 1543 quasi

2086 1570 2229 1625 bene
2252 1566 2524 1631 viderint;
2555 1573 2608 1619 et
2633 1563 2881 1620 subicere
2916 1564 3052 1619 istos
3098 1578 3296 1619 sensus
3319 1565 3388 1618 ad
3424 1564 3556 1619 talia
3594 1580 3674 1619 re-

2088 1670 2367 1733 putantes.
2417 1659 2638 1714 Etenim
2687 1658 2808 1712 alize
2841 1665 2971 1713 sunt
3001 1672 3197 1722 aures,
3230 1656 3323 1711 alii
3358 1657 3526 1721 oculi,
3578 1656 3671 1710 alii

2089 1753 2274 1815 ﬂetus,
2298 1752 2377 1806 uti
2408 1758 2465 1804 et
2493 1750 2600 1804 alia
2625 1764 2784 1803 mens
2811 1757 2868 1802 et
2893 1747 3075 1802 anima
3110 1748 3247 1813 alia;
3278 1747 3502 1803 divinus
3518 1763 3674 1802 nem-

405 1847 543 1917 ὃπερ
585 1846 734 1900 ἐστιν
761 1848 893 1901 αὐτὸ
935 1828 1113 1902 θεῖκὸν
1144 1848 1370 1920 Πνεῦμα
1407 1850 1503 1903 καὶ
1545 1828 1981 1922 ὲπουρόινιονίτὸ

2091 1862 2155 1916 pe
2189 1845 2346 1914 201
2373 1844 2491 1913 ipse
2536 1857 2602 1896 ae
2632 1839 3048 1910 supereuelestis
3092 1839 3335 1911 Spiritus
3366 1840 3600 1895 audiens
3620 1848 3676 1894 et

407 1940 608 1993 ἀκοῦόν
645 1957 706 1993 τε
753 1940 847 1994 καὶ
885 1940 1093 2004 κλαῖον,
1131 1942 1425 2013 εὐχόμενόν
1452 1960 1513 1996 τε
1552 1942 1647 1997 καὶ
1688 1945 1977 2013 γινῶσκον,

404 2028 583 2084 καὶτὸ
614 2030 708 2084 τοῦ
734 2030 869 2085 Θεοῦ
901 2032 1113 2103 θέλημα
1146 2034 1205 2085 ἐν
1230 2033 1460 2107 ἀληθείᾳ
1488 2034 1702 2089 ποιοῦψ
1735 2038 1866 2089 ἐπεὶ·
1886 2036 1983 2089 καὶ

402 2123 517 2186 τοῖς
555 2123 874 2188 ἀποστόλοις
904 2129 933 2179 ὁ
966 2127 1172 2197 Κύριος
1218 2127 1317 2197 τὴν
1351 2128 1617 2199 μεγίστην
1652 2130 1985 2199 ὲπαγγελλό·

408 2230 567 2284 μενος
591 2215 685 2269 τοῦ
712 2213 1030 2287 Πνεύματος
1056 2219 1266 2289 δωρεάν
1286 2236 1301 2251 ο
1347 2220 1591 2289 Ὑπάγω,
1616 2221 1821 2290 ἔλεγεν,
1854 2225 1887 2276 ό
1914 2222 1985 2276 δὲ

404 2305 794 2375 Παράκλητος
816 2310 879 2360 τὸ
904 2310 1144 2377 Πνεῦμα
1166 2311 1233 2364 τὸ
1254 2311 1442 2380 ἅγιον,
1476 2312 1508 2366 ὃ
1535 2314 1755 2381 πέμψει
1780 2316 1983 2384 Πατὴρ

403 2392 475 2444 ἐν
506 2391 587 2457 τῷ
613 2394 858 2463 ὀνόματί
883 2413 1023 2463 μου,
1060 2397 1289 2464 ἐκεῖνος
1322 2399 1477 2467 ὑμᾶς
1508 2401 1735 2466 διδάξει
1765 2404 1981 2458 πάντα.

406 2479 515 2532 Καὶ
543 2480 706 2534 πάλιν
726 2498 742 2514 ο
769 2482 899 2537 Ἔτι
922 2486 1125 2539 πολλὰ
1156 2486 1275 2555 ἔχω
1306 2488 1509 2557 λέγειν
1538 2490 1702 2558 ὑμῖν,
1745 2493 1882 2546 ἀλλ’
1912 2496 1983 2548 οὑ

406 2571 670 2627 δύνασθε
710 2574 1039 2638 ,βαστάζειν
1086 2578 1250 2647 ἄρτι·
1287 2579 1433 2634 ὅταν
1457 2579 1525 2634 δὲ
1549 2582 1696 2650 ἔλθῃ
1730 2584 1982 2651 ἐκεῖνος,

405 2665 473 2719 τὸ
498 2666 742 2736 Πνεῦμα
767 2668 878 2736 τῆς
903 2670 1207 2739 ἀληθείας,
1245 2672 1534 2742 ὁδηγήσει
1559 2676 1717 2745 ὑμᾶς
1738 2681 1825 2744 είς
1869 2677 1983 2735 πᾶ-

405 2773 529 2813 σαν
577 2759 693 2827 τὴν
730 2761 1039 2827 ἀλήθειαν.
1081 2764 1320 2829 Ἐκεῖνος
1372 2763 1465 2819 οὖν
1497 2768 1856 2838 προσεύξεται
1891 2771 1985 2825 καὶ

405 2852 613 2915 ἐκεῖνος
638 2853 954 2908 κλαύσεται.
983 2855 1055 2906 Τὸ
1084 2856 1214 2927 γὰρ,
1234 2857 1294 2911 Τί
1320 2859 1794 2929 προσευξόμεθα,
1820 2864 1984 2931 φησὶν

404 2943 434 2994 ὁ
474 2941 616 3005 θεῖος
662 2942 1004 3011 Ἀπόστολος,
1047 2949 1174 3001 καθ’
1197 2946 1228 3000 ὃ
1256 2947 1363 3012 δεῖ,
1397 2951 1509 3003 οὐκ
1536 2949 1784 3021 οἴδαμεν
1804 2964 1819 2979 ⁸
1844 2953 1983 3007 ἀλλ’

405 3032 553 3087 αὐτὸ
587 3034 829 3104 Πνεῦμα
852 3036 1204 3106 ἐντυγχάνει
1245 3038 1399 3106 ὑπὲρ
1430 3039 1601 3110 ἡμῶν
1627 3045 1984 3114 στεναγμοῖς

404 3124 733 3221 ἀλαλήτοις
757 3142 771 3157 ·
807 3127 955 3221 αὐτῷ
1003 3133 1113 3200 γὰρ
1165 3129 1244 3200 τῷ
1289 3132 1569 3221 Πνεύματι
1609 3136 1753 3206 μόνῳ
1799 3135 1860 3189 τὸ
1890 3135 1982 3189 τοῦ
2011 3164 2053 3221 C

405 3216 540 3272 Θεοῦ
572 3218 785 3289 θέλημα
821 3219 980 3290 δῆλόν
1023 3222 1159 3277 ἐστι.
1202 3222 1281 3277 Τὰ
1318 3224 1428 3293 γὰρ
1457 3220 1565 3280 τοῦ
1596 3227 1764 3292 Θεοῦ,
1798 3228 1983 3298 φησιν,

405 3306 599 3375 οὐδεὶς
622 3304 869 3375 οῖδεν,εὶ
894 3309 982 3379 μὴ
1004 3313 1071 3366 td
1096 3314 1338 3384 Πνεῦμα
1358 3316 1466 3371 τοῦ
1498 3319 1667 3374 Θεοῦ.
1700 3320 1852 3373 Ἐπεὶ
1872 3321 1986 3387 καὶ,

409 3399 545 3452 κατά
573 3399 671 3470 τὴν
696 3401 1053 3470 ἐπαγγελίαν,
1080 3406 1144 3474 τῇ
1173 3406 1360 3476 ἡμέρᾳ
1387 3406 1485 3476 τῆς
1503 3409 1880 3482 Πεντηκοστῆς
1895 3412 1987 3466 τοῦ

408 3490 775 3563 Παρακλήτου
805 3495 1281 3563 ἐπιφοιτήσαντος,
1325 3497 1421 3551 καὶ⁵
1444 3498 1545 3569 τῆς
1577 3501 1864 3572 δυνάμεως
1892 3504 1986 3557 τοῦ

407 3582 614 3651 ἀγαθοῦ
685 3586 1005 3653 Πνεύματος
1066 3590 1187 3651 ταῖς
1245 3590 1445 3659 ψυχαῖς
1502 3591 1611 3645 τῶν
1671 3594 1988 3649 ἀποστόλων

408 3676 789 3747 σκηνωσάσης,
817 3679 880 3731 τὸ
924 3681 1024 3749 μὲν
1068 3680 1171 3751 τῆς
1212 3682 1410 3747 κακίας
1458 3685 1723 3756 κάλυμμα
1751 3687 1988 3741 είσάπαν

407 3767 588 3819 αὐτῶν
611 3768 886 3840 ἀφῃρέθη,
914 3771 985 3823 τά
1017 3772 1166 3843 πάθη
1189 3774 1246 3827 δὲ
1284 3775 1633 3846 κατηργήθη,
1667 3780 1764 3830 καὶ
1791 3778 1861 3831 τὰ
1888 3780 1988 3850 τῆς

408 3858 638 3929 καρδίας
686 3861 871 3926 αὐτοῖς
916 3864 1383 3937 ἀπεκαλύφθησαν
1432 3867 1677 3939 ὄμματα.
1710 3871 1820 3925 Καὶ
1863 3872 1986 3925 τότε

408 3948 593 4002 λοιπὸν
624 3952 815 4020 σοφίας
853 3952 1204 4024 πλησθέντες,
1238 3958 1333 4010 καὶ
1372 3957 1568 4011 τέλειοι
1614 3959 1987 4025 καταστάντες

410 4040 515 4094 ὑπὸ
550 4042 645 4096 τοῦ
669 4045 1004 4115 Πνεύματος,
1038 4046 1105 4100 δι’
1127 4049 1336 4103 ἐκείνου
1370 4049 1469 4120 μὲν
1505 4050 1603 4103 καὶ⁵
1639 4050 1700 4104 τὸ
1728 4051 1823 4105 τοῦ
1852 4052 1985 4106 Θεοῦ

408 4131 621 4203 θέλημα
686 4138 862 4188 ποιεῖν
921 4136 1183 4205 ἔγνωσαν,
1246 4139 1314 4192 δι’
1354 4140 1562 4194 ἐκείνου
1616 4141 1671 4195 δὲ
1714 4143 1810 4196 καὶ
1851 4144 1988 4214 πρὸς

407 4224 588 4277 πᾶσαν
638 4225 898 4296 ἀλήθειαν
946 4229 1470 4301 ὲχειραγωγήθησαν
1516 4233 1988 4304 ήγεμονεύσαντός

404 4330 465 4367 τε
521 4315 615 4369 καὶ
660 4316 1082 4386 βασιλεύσαντος
1135 4321 1320 4385 αὐτοῖς
1372 4323 1481 4376 τῶν
1547 4323 1757 4395 ψυχῶν.
1819 4328 1987 4382 Ὅταν

405 4401 499 4458 οὖν
525 4409 621 4461 καὶ
650 4411 784 4480 ἡμῖν
813 4412 1128 4466 ὲπακούωσι
1155 4415 1249 4467 τοῦ
1296 4415 1456 4484 λόγου
1484 4416 1579 4470 τοῦ
1614 4418 1749 4472 Θεοῦ
1780 4420 1985 4477 κλαίειν

2081 1936 2240 2001 ﬂens,
2279 1949 2440 1989 orans
2461 1942 2910 2003 etcognoscens,
2945 1930 3403 1998 voluntatemque
3430 1929 3486 1983 in
3528 1929 3676 1984 veri-

2086 2036 2197 2083 tate
2231 2027 2474 2081 divinam
2520 2024 2745 2079 faciens.
2771 2021 3228 2091 Quandoquidem
3266 2021 3531 2090 apostolis
3567 2020 3677 2073 Do-

2082 2120 2269 2174 minus
2295 2116 2596 2172 maximum
2611 2114 2942 2185 promittens
2971 2111 3212 2183 Spiritus
3230 2111 3440 2166 donum
3465 2129 3478 2165 :
3512 2111 3674 2174 Vada,

2084 2213 2184 2277 ait,
2247 2222 2302 2266 at
2365 2209 2682 2264 Paracletus
2722 2206 2951 2277 Spiritus
3002 2214 3256 2268 sanctus,
3302 2221 3457 2275 quem
3516 2202 3679 2259 Pater
3790 2274 3793 2277 ἰ

2084 2306 2254 2358 mittet
2283 2304 2338 2356 in
2369 2303 2579 2355 nomine
2620 2314 2753 2365 meo,
2804 2298 2899 2352 ille
2930 2313 3019 2367 pos
3058 2296 3259 2349 docebit
3307 2297 3488 2349 omnia
3508 2295 3573 2349 “.
3603 2296 3673 2351 Et

2086 2410 2313 2449 rursus:
2336 2393 2519 2448 Adhuc
2543 2390 2713 2444 multa
2741 2388 2906 2443 habeo
2930 2388 3071 2442 vobis
3096 2374 3305 2453 dicere;
3330 2386 3423 2440 sed
3449 2403 3553 2439 non
3581 2403 3678 2455 po-

2085 2488 2230 2540 testis
2258 2493 2473 2556 portare
2522 2482 2710 2547 modo;
2741 2497 2861 2535 cum
2884 2489 3062 2533 autem
3090 2480 3288 2534 venerit
3318 2476 3409 2531 ille
3445 2475 3677 2546 Spiritus

2084 2580 2343 2644 veritatis,
2396 2576 2611 2630 deducet
2653 2591 2741 2629 vos
2795 2575 2852 2627 in
2897 2588 3105 2626 omnem
3158 2570 3526 2625 veritatem”.
3580 2568 3676 2623 Ille

2086 2671 2252 2743 igitur
2281 2670 2494 2734 orabit,
2533 2669 2625 2723 ille
2664 2666 3076 2739 lacrymabitur.
3111 2663 3327 2718 Etenim
3379 2661 3515 2727 Quid
3569 2676 3679 2714 ore-

2087 2780 2224 2827 mus,
2254 2762 2434 2831 inquit
2455 2760 2677 2814 divinus
2708 2758 3027 2829 Apostolus,
3071 2762 3228 2825 prout
3254 2762 3478 2825 Oportet,
3504 2755 3674 2807 nesci-

2087 2872 2221 2920 mus,
2249 2854 2340 2907 sed
2366 2854 2476 2922 ipse
2524 2850 2755 2920 Spiritus
2778 2848 3010 2919 postulat
3050 2864 3147 2916 pro
3207 2847 3356 2899 nobis
3399 2845 3678 2915 gemitibus

2085 2943 2527 3002 inenarrabilibus
2558 2940 2619 2995 ‘5.
2649 2941 2784 2995 Nam
2816 2940 2920 3010 ipsi
2949 2939 3179 3009 Spiritui
3212 2938 3315 2993 soli
3348 2938 3444 2992 Dei
3470 2936 3671 2990 volun-

2088 3047 2171 3093 tas
2203 3042 2488 3107 perspecta
2518 3040 2621 3088 est.
2654 3031 2937 3101 Siquidem
2972 3029 3102 3096 Quae
3150 3029 3248 3083 Dei
3285 3036 3432 3093 sunt,
3460 3026 3677 3096 inquit,

2086 3148 2238 3186 nemo
2258 3132 2419 3193 novit,
2446 3130 2548 3183 nisi
2568 3126 2795 3198 Spiritus
2839 3125 2932 3179 Dei
2951 3125 3013 3179 ιθ.
3030 3123 3298 3192 Quoniam
3343 3131 3399 3176 et
3428 3119 3677 3191 quando,

2086 3222 2249 3296 juxta
2269 3222 2714 3292 promissionem,
2743 3219 2833 3274 die
2863 3214 3219 3273 Pentecostes
3250 3214 3536 3270 descendit
3568 3212 3675 3267 Pa-

2090 3318 2349 3376 racletus,
2374 3323 2431 3369 et
2460 3312 2635 3368 virtus
2666 3312 2795 3366 boni
2816 3310 3058 3379 Spiritus
3078 3308 3371 3363 animabus
3392 3304 3675 3376 apostolo-

2089 3425 2211 3464 rum
2238 3407 2473 3473 insedit;
2531 3405 2778 3460 velamen
2835 3401 3061 3473 quidem
3112 3399 3284 3465 illud,
3326 3413 3438 3467 quo
3490 3397 3677 3451 innata

2088 3502 2299 3557 homini
2347 3500 2591 3571 pravitas
2618 3507 2858 3551 mentem
2913 3494 3252 3558 obumbrat,
3312 3492 3476 3560 plane
3509 3488 3578 3543 ab
3610 3488 3678 3542 iis

2088 3595 2335 3648 ablatum
2375 3599 2495 3657 est;
2562 3587 2748 3643 vitiosi
2813 3600 2949 3640 vero
2988 3583 3224 3637 aﬂectus
3277 3579 3469 3633 aboliti
3515 3586 3676 3640 sunt;

2088 3683 2345 3754 oculique
2368 3680 2571 3735 mentis
2594 3678 2838 3747 ipsorum
2862 3683 2990 3730 sunt
3016 3673 3215 3742 aperti.
3241 3671 3309 3724 Et
3330 3679 3463 3723 tunc
3485 3668 3552 3723 de
3575 3684 3681 3723 cae-

2087 3785 2208 3831 tero
2237 3772 2510 3845 sapientia
2550 3769 2771 3840 repleti,
2815 3776 2871 3823 et
2905 3764 3138 3836 perfecti
3177 3762 3465 3816 constituti
3507 3777 3537 3814 a
3563 3758 3678 3830 Spi-

2087 3870 2221 3934 ritu,
2254 3882 2356 3937 per
2412 3865 2567 3919 illum
2605 3862 2826 3932 quidem
2877 3868 2932 3914 et
2974 3859 3072 3912 Dei
3121 3855 3461 3910 voluntatem
3496 3851 3677 3905 facere

2087 3962 2480 4020 decreverunt,
2542 3971 2641 4025 per
2697 3954 2851 4007 illum
2897 3959 2954 4005 et
2995 3950 3063 4004 ad
3114 3963 3335 4002 omnem
3382 3954 3671 4007 veritatem

2086 4053 2409 4111 manuducti
2450 4059 2601 4114 sunt,
2635 4056 2956 4120 regnantem
2985 4046 3041 4100 in
3070 4045 3364 4100 animabus
3400 4045 3675 4116 ipsorum.

2086 4145 2317 4213 Quando
2363 4159 2495 4215 ergo
2526 4142 2687 4196 nobis
2742 4154 2964 4210 quoque
3027 4137 3386 4193 audientibus
3446 4137 3677 4191 verbum

2084 4238 2184 4293 Dei
2224 4237 2280 4291 in
2314 4235 2583 4305 lacrymas
2643 4230 2845 4286 resolvi
2881 4228 3197 4298 contigerit,
3251 4241 3476 4281 oremus
3515 4225 3678 4279 Chri-

2087 4340 2255 4395 stum,
2278 4327 2480 4383 ﬁducia
2498 4339 2718 4381 omnem
2773 4322 3172 4377 dubitationem
3198 4324 3459 4391 pellente,
3500 4333 3562 4379 ut
3585 4338 3681 4378 ve-

2085 4423 2205 4477 niat
2234 4420 2301 4475 ad
2332 4434 2455 4482 nos,
2482 4425 2640 4473 certo
2669 4424 2975 4485 sperantes.
3011 4430 3173 4468 suum
3223 4414 3489 4485 Spiritum
3532 4414 3682 4469 audi-

405 4498 731 4570 ὲπέρχηται,
767 4502 1050 4574 δεηθῶμεν
1078 4505 1338 4573 Χριστοῦ,
1368 4509 1550 4562 πίστει
1589 4510 1987 4583 ἀνεπιδοιάστῳ

2092 4523 2298 4578 turum,
2338 4519 2395 4566 et
2421 4517 2706 4563 oraturum
2739 4507 2797 4561 in
2830 4505 2995 4560 nobis
3016 4506 3083 4560 ad
3109 4505 3284 4575 ipsius
3310 4507 3674 4560 voluntatem.

406 4587 724 4641 ἐλεύσεσθαι
770 4592 907 4661 πρὸς
955 4594 1122 4663 ἡμᾶς,
1168 4594 1493 4659 ἐλπίσαντες
1554 4597 1771 4668 ἀληθῶς
1830 4603 2031 4662 ἀκοῦον
2092 4606 2190 4661 καὶ
2245 4603 2681 4674 προσευχόμενον
2746 4597 2972 4665 Πνεῦμα
3038 4597 3181 4649 κατὰ
3240 4595 3303 4649 τὸ
3356 4593 3524 4648 αὑτοῦ
3587 4591 3677 4644 θέ-

406 4683 470 4739 λτι
482 4702 578 4739 μα.

523 4702 578 4739 α.

438 4702 578 4829 ηίιΒἌ
604 4774 677 4828 Τὸ
711 4776 943 4848 πρᾶγμα
965 4778 1134 4842 οὕτως
1159 4779 1301 4852 ἔχειν
1329 4782 1464 4849 οῐου,
1496 4783 1662 4854 φησίν
1679 4803 1692 4817 ·
1717 4786 1990 4841 ἐπίκειταί

403 4881 489 4927 τις
541 4864 770 4937 δύναμις
826 4868 1275 4923 ὲπικαλύπτουσα
1315 4871 1411 4925 τὸν
1452 4873 1689 4943 ἐλαφρὸν
1735 4876 1881 4943 νοῦν,
1913 4878 1990 4942 ὡς

405 4955 513 5025 ἀήρ
543 4972 627 5020 τις
655 4959 879 5022 λεπτός·
936 4960 1113 5014 καίτοι
1165 4962 1222 5015 δὲ
1260 4963 1360 5032 τῆς
1401 4964 1682 5034 λαμπάδος
1727 4968 1813 5020 ἀεί
1858 4986 1990 5023 ποτε

407 5049 702 5119 καιομένης
733 5052 827 5103 καὶ
853 5053 1171 5122 φαινούσης,
1193 5055 1445 5127 καθάπερ
1475 5059 1689 5128 εἴρηται
1710 5072 1722 5086 '
1753 5059 1888 5114 ἀλλά
1912 5061 1992 5132 τῷ

406 5142 544 5208 φωτὶ
578 5144 770 5214 ἐκείνῳ
816 5145 893 5208 ὡς
943 5146 1210 5216 κάλυμμά
1256 5165 1310 5201 τι
1358 5150 1665 5203 ἐπίκειται·
1700 5152 1872 5224 ταύτῃ
1910 5171 1991 5206 τοι

402 5230 524 5284 οὐδὲ
563 5232 785 5305 ἔξαρνός
819 5238 967 5289 ἐστιν
1000 5238 1028 5290 ὁ
1054 5239 1292 5303 τοιοῦτος
1327 5241 1402 5311 μὴ
1428 5237 1565 5295 εἶναι
1600 5244 1821 5309 τέλειος,
1856 5245 1992 5314 μηδὲ

403 5324 465 5376 τὸ
493 5324 613 5377 ὅλον
647 5326 929 5399 ἐλεύθερος
953 5333 1016 5383 ἐκ
1044 5331 1142 5399 τῆς
1174 5332 1445 5403 ἁμαρτίας
1471 5349 1487 5365 ·
1528 5334 1643 5387 ἀλλ’
1676 5330 1787 5389 οἷον
1819 5338 1993 5389 εἰπεῖν

407 5414 691 5484 ἐλεύθερός
730 5435 789 5470 τε
825 5423 917 5472 καὶ
958 5422 1058 5474 οὐκ
1088 5423 1369 5494 ἐλεύθερος
1395 5441 1407 5453 '
1435 5423 1591 5478 τοῦτό
1630 5443 1686 5478 τε
1715 5427 1815 5480 οὐκ
1844 5427 1995 5481 ἀθεεὶ

409 5503 660 5566 πάντως·
705 5507 840 5563 ἀλλά
889 5513 1010 5563 κατ’
1057 5515 1365 5583 οἰκονομίαν
1411 5515 1618 5582 γίνεται
1663 5514 1849 5569 θείανο
1899 5518 1993 5571 καὶ

408 5609 542 5646 ποτε
570 5596 668 5663 μὲν
690 5597 964 5654 διαλύεται
994 5604 1087 5656 καὶ
1116 5603 1379 5677 θραύεται
1403 5607 1578 5659 ἐκεῖνο
1612 5606 1679 5660 td
1710 5609 1987 5676 μεσότοι-

490 5775 532 5807 ¹³
556 5776 713 5832 Joan.
749 5794 857 5843 xxv,
891 5778 981 5834 26.

2165 4783 2282 4839 XII.
2318 4784 2454 4838 Rem
2491 4781 2572 4837 sic
2607 4797 2665 4836 se
2694 4780 2900 4835 habere
2924 4788 3079 4848 puta:
3114 4778 3381 4834 incumbit
3412 4782 3495 4836 vis
3525 4799 3676 4851 quae—

2095 4875 2221 4929 dam
2257 4886 2495 4941 superne
2524 4871 2789 4941 obtegens
2838 4869 3149 4938 expeditam
3194 4879 3457 4936 mentem,
3495 4878 3554 4924 ut
3582 4888 3686 4927 aer

2091 4966 2316 5037 quidam
2353 4964 2576 5026 tenuis;
2608 4962 2837 5017 ardente
2870 4961 3233 5016 nihilominus
3266 4977 3484 5032 semper
3509 4973 3565 5018 et
3588 4965 3678 5018 lu-

2093 5069 2275 5122 cente,
2300 5069 2358 5112 ut
2390 5057 2601 5111 dictum
2632 5064 2738 5121 est,
2781 5055 3071 5124 lampade;
3125 5055 3220 5109 sed
3273 5054 3350 5107 illi
3403 5057 3521 5126 ejus
3568 5056 3684 5111 luci

2096 5150 2372 5221 quoddam
2391 5163 2628 5218 superne
2655 5147 2811 5216 quasi
2834 5146 3157 5215 operculum
3180 5145 3507 5213 imponitur;
3532 5146 3681 5200 unde

2101 5242 2197 5311 qui
2230 5240 2500 5311 ejusmodi
2536 5247 2640 5301 est,
2676 5238 2822 5292 haud
2860 5237 3074 5292 inﬁcias
3118 5240 3298 5304 iverit,
3330 5252 3683 5307 nequaquam

2102 5344 2226 5384 esse
2283 5327 2610 5397 perfectum,
2669 5340 2771 5379 nec
2813 5340 2880 5378 ex
2917 5335 3034 5380 toto
3062 5326 3299 5381 liberum
3324 5341 3353 5379 a
3404 5332 3629 5393 peccato
3659 5340 3683 5389 ;

2103 5434 2316 5483 rerum,
2352 5428 2416 5474 ut
2448 5419 2529 5473 sic
2560 5418 2763 5485 dicam,
2814 5420 3048 5473 liberum
3083 5420 3244 5474 simul
3291 5428 3347 5472 et
3387 5433 3496 5471 non
3533 5414 3681 5469 libe-

2102 5531 2246 5577 rum,
2274 5513 2328 5567 id
2359 5529 2491 5567 vero
2526 5513 2948 5584 haudquaquam
2981 5513 3207 5567 omnino
3260 5512 3379 5565 sine
3407 5506 3679 5586 numine;

2099 5604 2195 5659 sed
2227 5619 2325 5675 per
2360 5603 2832 5674 dispensationem
2863 5603 3127 5659 divinam.
3165 5603 3245 5657 Ac
3273 5611 3683 5667 nonnunquam

1097 5781 1139 5814 ’τ
1167 5783 1300 5838 Jt-av
1354 5802 1466 5851 xw,
1500 5785 1589 5840 9.2.
1672 5783 1713 5816 ”‘
1747 5781 1907 5837 Rom.
1946 5796 2059 5849 vni,
2084 5782 2174 5839 26.
2254 5784 2294 5815 ¹⁶
2327 5783 2346 5837 1
2376 5782 2503 5837 Cor.
2536 5799 2593 5844 ιι,
2617 5782 2671 5835 2.
