4020 6430
368 314 472 377 fll’l
1608 322 1667 381 S.
1711 323 1955 382 MACAH

2074 325 2397 385 eum”
2922 290 2925 293 ’
3534 318 3640 385 920

369 430 594 499 quidem
640 429 963 487 dissolvitur
1007 440 1064 488 et
1111 432 1385 489 scinditur
1414 434 1505 489 ille
1550 436 1752 488 medius
1773 438 1948 506 paries

2053 456 2163 507 χον
2190 439 2298 493 τοῦ
2326 437 2621 509 φραγμοῦ,
2652 436 2784 490 ποτὲ
2810 434 2866 488 δὲ
2900 434 2960 489 τὸ
2990 434 3214 507 σύμπαν
3239 435 3301 488 οὐ
3331 435 3638 497 διαλύεται.

370 524 655 587 maccrt'w,’
685 523 1017 594 quandoque
1059 525 1287 579 omnino
1319 541 1429 579 non
1464 524 1804 580 dissolvitur.
1852 526 1957 581 Ne-

2065 528 2187 582 οὐδὲ
2228 528 2523 591 διαπαντὸς
2563 528 2761 598 ἐπίσης
2806 527 2873 581 τὰ
2905 527 3129 581 τοιαῦτα
3154 528 3252 598 τῆς
3276 528 3440 597 εὐχῆς
3464 542 3479 557 ·
3509 529 3647 581 ἀλλά

372 631 482 682 que
514 616 629 685 pari
654 631 755 685 per
784 616 968 670 omnia
998 617 1052 671 in
1080 616 1168 672 his
1192 633 1353 687 passu
1390 616 1643 687 procedit
1688 617 1959 672 orationis

2064 614 2182 669 ἔστι
2206 616 2307 685 μὲν
2333 617 2423 670 ὅτε
2449 616 2609 670 πλέον
2633 618 2667 688 ὴ
2692 617 2852 688 χάρις
2875 618 3193 682 ἀνάπτεται,
3214 617 3311 671 καὶ
3338 618 3648 687 παρακαλεῖ

377 708 690 778 negotium;
716 708 813 763 sed
836 716 920 763 est
942 710 1168 779 quando
1220 709 1458 779 amplius
1482 707 1806 764 accenditur
1838 724 1963 778 gra-

2063 708 2157 760 καί⁵
2177 707 2495 761 διαναπαύει
2514 724 2528 737 ⁸
2562 708 2753 762 ἔστιδὲ
2782 710 2869 762 ὅτε
2902 708 3231 779 στυγνοτέρα
3254 709 3352 762 καὶ
3381 709 3644 780 ὑφειμένη

378 800 474 865 tia,
498 809 554 854 et
576 802 913 865 consolatur,
945 810 1001 855 et
1032 801 1276 870 quietem
1311 800 1559 869 praabet;
1614 806 1704 854 est
1744 814 1958 863 rursus,

2064 800 2294 869 γίνεται,
2330 800 2513 866 καθὼς
2551 801 2688 871 αὐτὴ
2734 801 2767 872 ἠ
2800 800 2958 872 χάρις
3000 799 3138 872 πρὸς
3169 800 3231 853 τὸ
3260 788 3536 870 συμφέρον
3567 799 3644 870 τῷ

380 892 603 961 quando
638 893 891 947 hebetior
915 902 970 947 et
1004 892 1291 948 remissior
1310 892 1389 957 fit,
1421 900 1591 961 prout
1621 892 1739 960 ipsa
1762 890 1959 961 gratia,

2065 891 2337 964 ἀνθρώπῳ
2386 894 2681 963 οἰκονομεῖ
2727 893 2919 963 Ὅμως
2964 892 3213 962 είσῆλθον
3242 893 3320 957 είς
3355 892 3416 945 τὸ
3444 892 3645 946 τέλειον

376 984 791 1040 accommodate
813 984 880 1038 ad
904 984 1076 1054 ipsius
1102 985 1394 1038 utilitatem
1422 982 1665 1038 hominis
1690 980 1960 1037 benevole

2070 982 2268 1053 μέτρον
2318 982 2374 1035 ἐν
2424 999 2535 1034 τισι
2575 983 2809 1051 καιροῖς,
2837 979 2932 1033 καὶ
2974 980 3286 1049 ὲγευσάμην
3327 980 3419 1034 καὶ⁵
3454 983 3646 1048 πεῖραν

379 1076 701 1144 providens,
734 1074 887 1129 varie
923 1075 1222 1144 dispensat.
1270 1075 1556 1145 Ingressus
1606 1081 1790 1128 tamen
1840 1087 1962 1127 sum

2066 1073 2225 1143 ἔσχον
2275 1074 2483 1127 ἐκείνου
2543 1072 2638 1126 τοῦ
2695 1072 2913 1137 αἰῶνος.
2956 1071 3125 1126 Οὔπω
3171 1072 3226 1124 δὲ
3281 1071 3471 1125 οὐδένα
3508 1065 3646 1124 εἶδον

381 1171 550 1223 vertis
586 1172 883 1226 momentis
910 1171 964 1224 in
1005 1170 1305 1240 perfectam
1338 1184 1688 1234 mensuram;
1739 1177 1962 1238 gustum

2068 1164 2394 1235 Χριστιανὸν
2444 1164 2648 1217 τέλειον
2694 1164 2726 1235 ἢ
2766 1162 3019 1230 καθάπαξ
3049 1162 3362 1233 ἐλεύθερον·
3392 1162 3527 1218 ἀλλὰ
3557 1164 3649 1217 καὶ

377 1262 598 1330 percepi
648 1274 703 1316 et
752 1261 1158 1331 experientiam
1215 1261 1383 1315 habui
1434 1259 1582 1314 beati
1642 1258 1791 1312 illius
1835 1257 1961 1311 avi.

2068 1257 2461 1310 διαναπαύεταί
2508 1274 2592 1319 τις
2632 1258 2691 1310 ὲν
2738 1258 2804 1326 τῇ
2838 1256 3043 1325 χάριτι,
3075 1256 3171 1308 καὶ
3212 1254 3526 1326 μυστηρίων
3556 1256 3648 1309 καὶ

378 1352 633 1407 Nondum
667 1362 853 1408 autem
882 1368 1215 1423 quemquam
1238 1353 1349 1407 vidi
1381 1351 1762 1407 Christianum
1787 1349 1965 1419 perfe-

2068 1346 2465 1416 ἀποκαλύψεων
2519 1347 2774 1409 κοινωνὸς
2829 1346 3061 1414 γίνεται,
3120 1347 3214 1400 καὶ
3262 1347 3345 1411 είς
3407 1346 3649 1417 ηδύτητα

374 1453 547 1507 ctum,
580 1454 677 1498 aut
704 1444 855 1498 omni
892 1459 959 1497 ex
992 1453 1171 1514 parte,
1213 1443 1271 1497 in
1324 1452 1546 1512 tempus
1585 1455 1772 1504 omne,
1825 1438 1961 1493 libe-

2070 1438 2268 1509 πολλὴν
2317 1440 2420 1511 τῆς
2470 1441 2693 1511 χάριτος
2745 1442 2940 1495 εἴσεισι
2962 1458 2976 1471 ·
3010 1438 3105 1495 καὶ
3138 1441 3171 1510 ἡ
3210 1439 3456 1511 ἀμαρτία
3487 1441 3649 1495 πάλιν

377 1552 520 1589 rum.
552 1536 659 1591 Sed
690 1535 995 1605 requiescit
1033 1535 1235 1605 aliquis
1268 1534 1323 1589 in
1356 1535 1557 1605 gratia,
1594 1540 1652 1587 et
1680 1530 1964 1602 mysterio-

2070 1531 2220 1601 αὐτῷ
2249 1531 2515 1588 σύνεστιν.
2544 1532 2608 1585 Ol
2632 1533 2689 1586 δὲ
2713 1532 2945 1587 τοιοῦτοι
2967 1532 3053 1587 διὰ
3081 1532 3181 1603 τὴν
3208 1531 3650 1602 ὑπερϐάλλουσαν

382 1644 504 1682 rum
547 1644 613 1683 ac
642 1627 1039 1683 revelationum
1077 1629 1136 1683 ﬁt
1166 1628 1480 1698 particeps;
1524 1635 1582 1681 et
1635 1626 1692 1679 in
1740 1623 1967 1678 multam

2072 1625 2255 1697 χάριν,
2323 1626 2418 1679 καὶ
2474 1625 2535 1678 τὸ
2602 1626 2876 1697 ἑλλάμπον
2941 1626 3125 1689 αὐτοῖς
3188 1626 3326 1695 φῶς,
3385 1626 3525 1680 κατά
3583 1642 3650 1695 γε

376 1720 732 1777 dulcedinem
764 1721 953 1791 gratiae
979 1721 1179 1786 intrat;
1217 1728 1274 1774 et
1294 1728 1579 1789 peccatum
1605 1731 1803 1771 rursus
1824 1714 1963 1769 nihi-

2072 1715 2326 1787 ἀπειρίαν
2352 1716 2515 1786 φημὶ,
2544 1715 2737 1769 τέλειοί
2762 1733 2821 1769 τε
2846 1715 2940 1769 καὶ
2963 1714 3236 1785 ὲλεύθεροι
3262 1714 3444 1780 ἔδοξαν
3471 1710 3611 1775 εῖναι
3632 1731 3650 1748 ο

374 1810 618 1864 lominus
651 1812 794 1864 inest
820 1809 944 1880 ipsi.
978 1810 1141 1865 Tales
1182 1825 1349 1879 porro
1388 1817 1618 1880 propter
1661 1807 1961 1863 exuberan-

2075 1805 2185 1875 ἐγὼ
2236 1807 2316 1872 δὲ,
2367 1807 2444 1871 ὡς
2495 1809 2733 1877 εῖρηται,
2787 1806 2940 1861 οὕπω
2992 1806 3179 1860 οὐδένα
3223 1800 3360 1859 εἶδον
3410 1805 3651 1876 ἀκριϐῶς

376 1911 487 1956 tem
522 1901 756 1972 gratiam
780 1912 836 1956 ct
867 1902 1056 1955 lumen
1089 1901 1239 1970 ipsos
1267 1900 1574 1964 illustratus,
1608 1914 1708 1969 per
1748 1897 1963 1968 impru-

2075 1897 2394 1968 ἐλεύθερονο
2448 1897 2637 1970 ἐπειδὴ
2691 1897 2860 1969 κάμοὶ
2901 1898 3142 1968 μερικῶς
3174 1898 3384 1968 καιροῖς
3426 1896 3484 1949 ἔν
3508 1914 3650 1953 τισιν

374 1993 623 2047 dentiam
647 1992 794 2057 dico,
835 1992 1070 2063 perfecti
1101 2008 1224 2048 esse
1248 2000 1306 2048 et
1339 1993 1502 2048 liberi
1532 1991 1795 2046 videntur
1823 1988 1961 2056 sibi;

2072 1987 2352 2055 ἐξεγένετο
2380 1987 2460 2050 είς
2488 1988 2664 2040 έκεῖνο
2690 1985 2751 2039 τὸ
2788 1987 2989 2056 μέτρον
3018 1980 3052 2062 ᾖ
3084 1986 3335 2040 λέλεκται
3366 1985 3643 2049 εἰσελθεῖν,

376 2100 480 2152 ego
501 2099 634 2138 vero
668 2083 941 2147 nondum,
984 2085 1064 2139 uti
1110 2084 1244 2148 dixi,
1296 2085 1413 2141 vidi
1466 2086 1638 2139 ullum
1678 2084 1961 2145 hominem

2070 2080 2167 2133 καὶ
2205 2075 2322 2132 οἴδα
2364 2077 2699 2149 καταμαθὼν
2744 2078 2927 2143 ὁποῖός
2952 2095 3035 2142 τις
3072 2079 3101 2131 ὀ
3127 2077 3333 2141 τέλειος
3368 2077 3644 2149 ἄνθρωπός

377 2172 623 2243 perfecte
652 2175 919 2241 liberum;
952 2192 1079 2230 nam
1127 2184 1183 2231 et
1210 2176 1446 2245 quadam
1486 2192 1553 2231 ex
1611 2184 1768 2246 parte
1822 2172 1959 2228 mihi
2068 2173 2235 2224 ἐστιν.

381 2265 649 2335 conigit,
710 2266 1006 2320 momentis
1070 2265 1427 2335 quibusdam,
1467 2266 1523 2320 in
1589 2267 1771 2332 illam,
1833 2270 2110 2335 quatenus
2177 2263 2387 2319 dictum
2447 2269 2579 2329 est,
2635 2276 2956 2318 mensuram
3032 2261 3271 2334 ingredi.
3356 2261 3426 2317 Et
3494 2260 3651 2328 novi,

375 2356 610 2410 eductus
643 2357 1063 2427 experimentis,
1090 2358 1270 2426 qualis
1295 2356 1516 2412 demum
1558 2360 1629 2413 sit
1680 2358 1959 2429 perfectus
1990 2359 2176 2413 homo.

449 2449 589 2504 XIII.
622 2434 760 2505 Cuni
797 2451 993 2506 audire
1026 2451 1126 2507 tibi
1159 2452 1460 2522 contigerit
1491 2453 1560 2508 de
1585 2455 1965 2509 communica-

2138 2451 2237 2504 Il".
2275 2447 2526 2502 Ἐπειδὰν
2566 2443 2795 2501 ἀκοῦσαί
2835 2462 2917 2499 σοι
2954 2443 3164 2513 γένοιτο
3205 2442 3336 2515 περὶ
3366 2441 3652 2504 κοινωνίας

378 2546 531 2602 tione
556 2549 744 2618 sponsi
784 2565 909 2603 cum
940 2564 1163 2619 sponsa,
1206 2549 1276 2605 de
1328 2550 1536 2613 choris,
1594 2551 1662 2605 de
1717 2563 1879 2604 cantu
1910 2558 1965 2604 et

2067 2541 2302 2611 νυμφίου
2339 2539 2433 2592 καὶ
2466 2538 2704 2608 νύμφης,
2732 2537 2827 2591 καὶ
2858 2536 3056 2607 χορῶν,
3098 2536 3193 2589 καὶ
3228 2535 3450 2605 ἑορτῶν,
3481 2536 3650 2607 μηδὲν

377 2640 559 2703 festis.
588 2640 725 2695 nihil
752 2642 1033 2696 materiale
1052 2650 1148 2696 aut
1166 2651 1448 2696 terrenum
1488 2642 1841 2712 cogitaveris.
1862 2641 1963 2695 Et-

2067 2632 2252 2686 ὑλικὸν
2297 2631 2434 2702 μηδὲ
2473 2632 2765 2701 πρόσγειον
2795 2630 3066 2698 ἐννόησον.
3100 2628 3212 2682 Καὶ
3241 2627 3349 2697 γὰρ
3388 2630 3467 2692 είς
3509 2628 3646 2680 ὑπό-

376 2724 531 2777 enim
565 2724 619 2779 in
645 2727 955 2795 exemplum
991 2726 1261 2782 duntaxat
1308 2742 1408 2796 per
1432 2726 1963 2781 condescensionem

2065 2725 2264 2795 δειγμα
2296 2725 2454 2794 μόνον
2497 2721 2985 2791 συγκαταὸατικῶς
3014 2720 3188 2775 ταῦτα
3220 2720 3647 2793 παραλαμϐάνε-

377 2817 540 2886 202
581 2817 697 2873 haec
724 2828 1105 2874 assumuntur.
1138 2818 1408 2885 Quoniam
1442 2818 1531 2873 illa
1567 2835 1690 2889 qua:
1710 2818 1798 2873 his
1817 2818 1964 2873 desi-

2066 2834 2179 2871 ται.
2236 2817 2386 2870 Ἐπεὶ
2418 2818 2599 2869 ἐκεῖνα
2643 2815 2860 2887 ἄρρητά
2900 2816 2960 2867 τέ
2997 2816 3115 2868 ἐστι
3151 2814 3246 2869 καὶ
3276 2814 3643 2885 πνευματικά,

376 2919 643 2978 gnantur,
676 2909 992 2979 spiritualia
1050 2919 1107 2964 et
1152 2910 1332 2966 oculis
1376 2910 1597 2964 carneis
1641 2911 1962 2980 incontigua

2069 2908 2165 2961 καὶ
2218 2906 2515 2977 ὀφθαλμοῖς
2564 2908 2678 2970 τοῖς
2734 2909 3016 2977 σαρκικοῖς
3064 2906 3350 2975 ἄψαυστα·
3399 2904 3546 2976 ψυχῇ
3589 2905 3647 2959 δὲ

377 3008 529 3054 sunt.
572 3001 785 3056 Anima:
809 3017 943 3057 vero
967 3011 1173 3059 sanctae
1196 3017 1261 3055 ac
1297 3000 1446 3055 ﬁdeli
1467 3001 1572 3056 sub
1598 3001 1964 3070 comprehen-

2070 3000 2203 3072 ἁγίᾳ
2246 3000 2341 3054 καὶ
2382 3002 2546 3071 πιστῇ
2583 2999 2720 3071 πρὸς
2747 2997 3053 3068 κατάληψιν
3087 2998 3326 3069 ἔρχεται,
3351 2996 3491 3067 αὕτη
3519 3014 3580 3050 τε
3608 2999 3642 3068 ἡ

378 3093 591 3147 sionem
624 3094 857 3148 veniunt
886 3107 945 3151 et
977 3096 1094 3165 ipsa
1113 3093 1544 3150 communicatio
1575 3094 1752 3149 sancti
1786 3095 1965 3165 Spiri-

2067 3092 2321 3145 κοινωνία
2347 3092 2442 3144 τοῦ
2469 3092 2624 3158 ἁγίου
2650 3089 2985 3161 Πνεύματος,
3018 3090 3113 3143 καὶ
3133 3090 3182 3143 οἱ
3206 3090 3518 3160 ἐπουράνιοι
3548 3092 3645 3160 θη-

377 3191 489 3248 ιυε,
533 3190 591 3237 et
621 3185 1040 3253 supercrelestes
1062 3186 1329 3251 thesauri,
1375 3187 1532 3242 chori
1563 3203 1629 3243 ac
1665 3188 1808 3243 festa
1840 3204 1964 3244 san-

2068 3183 2282 3254 aaupo‘t,
2329 3183 2381 3237 οἱ
2423 3182 2572 3255 χοροί
2604 3200 2663 3237 τε
2706 3184 2799 3237 καὶ
2838 3184 3025 3253 ἑορταὶ
3062 3182 3171 3236 τῶν
3204 3182 3375 3250 ἁγίων
3397 3181 3647 3251 ἀγγέλων

376 3283 595 3327 ctorum
626 3275 972 3344 angelorum.
1009 3277 1155 3342 Quin
1178 3278 1268 3331 isti
1294 3286 1507 3333 tantum
1539 3279 1752 3334 homini
1786 3281 1963 3335 mani-

2066 3274 2144 3344 τῷ
2172 3275 2340 3346 πείρᾳ
2370 3274 2590 3329 λαϐόντι
2626 3276 2774 3346 μόνῳ
2802 3274 3087 3345 καταφανῆ
3116 3273 3378 3342 γίνονται,
3417 3275 3644 3344 ἀμυήτῳ

376 3364 515 3420 festa
556 3365 714 3431 ﬁunt,
739 3367 835 3436 qui
865 3369 1308 3437 experimentum
1337 3385 1532 3425 eorum
1570 3371 1809 3441 ceperit;
1852 3387 1963 3426 non

2066 3366 2122 3420 δὲ
2154 3366 2277 3420 οὐδὲ
2303 3368 2553 3438 ἐννοῆσαι
2583 3368 2806 3422 δυνατὸν
2851 3368 2913 3420 τὸ
2951 3368 3233 3438 παράπαν.
3264 3366 3518 3430 Εὐλαϐῶς
3546 3362 3639 3419 οὖν

377 3456 728 3512 introductus
745 3467 929 3513 autem
954 3460 1008 3513 in
1037 3460 1153 3516 haec
1188 3461 1490 3533 adyta,nee
1514 3464 1964 3533 qualemcunque

2067 3459 2195 3530 περὶ
2233 3459 2414 3512 αὐτῶν
2483 3461 2674 3526 ἄκουε,
2745 3461 2938 3531 μέχρις
3006 3459 3075 3515 ἂν
3139 3464 3233 3515 καὶ⁸
3295 3461 3376 3515 σοι
3433 3459 3639 3527 γένοιτο

378 3548 569 3602 talium
602 3549 841 3605 formare
870 3551 1053 3607 ideam
1084 3563 1291 3623 potest.
1324 3555 1673 3610 Reverenter
1703 3555 1872 3626 igitur
1895 3555 1965 3612 de

2068 3551 2376 3604 πιστεύοντι
2424 3552 2828 3623 καταξιωθῆναι
2870 3552 2980 3606 τῶν
3006 3553 3265 3607 τοιούτων
3304 3555 3515 3627 τυχεῖν·
3548 3554 3642 3606 καὶ

380 3638 698 3709 hujusmodi
734 3640 902 3695 rebus
938 3642 1090 3707 audi,
1137 3643 1321 3713 quoad
1360 3644 1460 3698 tibi
1506 3646 1795 3716 contingat
1838 3660 1964 3701 cre-

2065 3644 2187 3696 τότε
2218 3644 2338 3716 εῖση
2370 3644 2507 3716 αὐτῇ
2540 3646 2708 3715 πείρα
2746 3644 2854 3698 τῶν
2880 3645 3175 3716 ὀφθαλμῶν
3196 3647 3293 3717 τῆς
3320 3646 3500 3717 ψυχῆς
3521 3646 3648 3700 οἴων

375 3730 556 3792 denti,
593 3740 654 3786 ut
689 3731 886 3802 dignus
910 3733 1174 3789 habearis
1200 3735 1467 3792 fruitione
1500 3747 1718 3792 tuarum
1753 3753 1961 3793 rerum.

2065 3734 2287 3802 ἀγαθῶν
2329 3735 2497 3806 ψυχαί
2545 3753 2605 3789 τε
2648 3737 2992 3807 Χριστιανῶν
3038 3737 3311 3792 κάνταῦθα
3365 3740 3648 3793 κοινωνεῖν

376 3821 445 3875 Ει
491 3830 625 3877 tunc
662 3824 806 3877 scies
844 3822 963 3893 ipsa
1016 3826 1366 3895 experientia
1397 3829 1690 3883 oculorum
1740 3829 1963 3896 animae,

2064 3829 2341 3884 δύνανται.
2389 3830 2476 3883 Ἐν
2524 3830 2633 3899 γὰρ
2681 3833 2748 3902 τῇ
2792 3832 3083 3885 ἀναστάσει
3129 3832 3223 3886 καὶ
3263 3832 3413 3904 αὐτῷ
3445 3832 3524 3904 τῷ
3553 3831 3650 3886 σώ-

373 3914 621 3982 qualium
706 3914 983 3970 bonorum
1066 3919 1265 3974 animae
1329 3918 1782 3976 Christianorum
1842 3921 1960 3977 fieri

2068 3939 2198 3993 ματι
2245 3922 2356 3978 τῶν
2412 3923 2665 3977 τοιούτων
2717 3922 2986 3994 παρέσται
3040 3928 3248 3996 τυχεῖν,
3316 3924 3533 3995 βλέπειν
3587 3942 3646 3978 τε

374 4012 904 4077 (-ompotesqueant.
920 4008 1052 4063 Nam
1077 4011 1129 4063 in
1157 4012 1567 4068 resurrectione
1591 4014 1810 4083 corpori
1827 4030 1961 4084 quo-

2064 4019 2207 4073 αὐτὰ
2257 4019 2356 4074 καὶ
2408 4020 2573 4075 οίονεὶ
2622 4021 2867 4092 κρατεῖν,
2890 4020 3092 4076 ὁπόταν
3130 4022 3228 4075 καὶ
3264 4020 3394 4075 αὐτὸ
3424 4020 3646 4093 γένηται

381 4112 493 4167 que
521 4098 807 4169 continget
833 4100 1033 4155 horum
1062 4117 1186 4156 esse
1212 4103 1496 4173 participi,
1528 4104 1827 4175 videreque
1870 4106 1962 4163 illa
2064 4110 2307 4185 πνεῦμα.

374 4198 434 4243 et
472 4188 880 4258 quodammodo
910 4191 1159 4260 palpare,
1195 4192 1417 4262 quando
1452 4192 1632 4263 ipsum
1666 4195 1963 4265 spirituale

373 4282 580 4335 factum
603 4281 791 4336 fuerit.

444 4371 583 4427 XIV.
633 4373 864 4444 Propria
919 4374 1116 4430 anima:
1172 4384 1377 4432 nostrae
1427 4378 1649 4445 decora,
1705 4387 1763 4434 et
1825 4379 1956 4436 boni
1992 4414 2031 4469 υ

2136 4392 2232 4444 IA'.
2258 4389 2339 4443 Τὰ
2375 4389 2484 4444 ἴδια
2516 4390 2616 4461 τῆς
2657 4389 2838 4461 ψυχῆς
2866 4390 3060 4462 κάλλη,
3080 4389 3175 4443 καὶ
3204 4390 3252 4443 οἱ
3275 4388 3473 4459 ἀγαθοὶ
3511 4406 3646 4460 καρ-

375 4463 617 4529 fructus,
678 4466 943 4521 videlicet
1001 4468 1197 4535 oratio,
1256 4469 1518 4535 Charitas,
1593 4470 1841 4544 fidesque
1901 4482 1959 4528 et

2059 4483 2174 4549 nol,
2205 4484 2323 4553 ἦτοι
2353 4481 2507 4553 εὐχὴ,
2542 4482 2755 4554 ἀγάπη,
2791 4483 2974 4544 πίστις
3004 4500 3063 4535 τε
3110 4483 3204 4536 καὶ
3239 4482 3517 4552 ἀγρυπνία
3554 4484 3646 4535 καὶ

375 4556 567 4627 vigilia
633 4568 691 4613 et
766 4559 1061 4630 jejunium,
1119 4570 1176 4615 et
1249 4563 1357 4618 alia
1420 4564 1698 4619 virtutum
1754 4564 1956 4633 officia,

2058 4576 2318 4647 νηστεία,
2377 4576 2474 4627 καὶ
2537 4574 2707 4629 τᾶλλα
2769 4574 2878 4628 τῶν
2945 4574 3158 4645 ἀρετῶν
3216 4572 3640 4644 ἐπιτηδεύματα,

374 4649 469 4703 ubi
504 4649 665 4705 mista
705 4667 803 4721 per
843 4652 1327 4723 participationem
1378 4656 1547 4713 fuerit.
1580 4659 1958 4714 communioni

2059 4667 2277 4721 ἐπειδὰν
2321 4667 2532 4737 μιγείη,
2569 4667 2664 4720 καὶ
2710 4666 3029 4737 κοινωνήσοι
3074 4667 3173 4737 τῆς
3210 4657 3304 4719 τοῦ
3331 4665 3646 4735 Πνεύματος

371 4741 635 4812 Spiritus,
667 4752 797 4798 tunc
823 4752 880 4796 et
929 4744 1070 4815 ipsa,
1112 4749 1265 4802 velut
1298 4748 1597 4820 thymiama
1644 4752 1957 4822 conjectum

2059 4758 2360 4822 κοινωνίας,
2404 4759 2525 4811 τότε
2569 4757 2663 4811 καὶ
2706 4756 2847 4810 αὐτά
2886 4756 3189 4827 καθαπερεὶ
3222 4757 3473 4827 θυμίαμα
3511 4757 3645 4826 πυρὶ⁵

372 4830 429 4884 in
459 4830 663 4902 ignem,
716 4833 1034 4902 opulentam
1090 4837 1355 4892 emittunt
1390 4838 1751 4909 fragrantiam
1790 4860 1805 4895 :
1858 4843 1955 4897 sed

2060 4850 2275 4921 βληθὲν,
2310 4849 2573 4904 πλουσίαν
2621 4849 2912 4902 ἀποδίδωσι
2942 4850 3043 4920 τὴν
3072 4848 3300 4903 εὐωδίαν
3326 4866 3340 4881 ·
3372 4849 3508 4904 ἀλλά
3552 4849 3647 4903 καὶ

369 4933 427 4977 et
494 4923 655 4978 nobis
708 4924 960 4981 redditur
1024 4927 1187 4983 facile
1245 4931 1565 4985 conversari
1613 4947 1859 5004 congrue
1887 4934 1956 4988 ad

2059 4944 2189 5013 ἡμῖν
2240 4942 2450 5010 γίνεται
2501 4941 2681 5011 ῥᾴδιον
2728 4940 3039 5004 ἀκολούθως
3076 4942 3155 5011 τῷ
3184 4941 3451 5012 θελήματι
3496 4941 3646 4994 πολι-

376 5015 721 5071 voluntatem
750 5018 887 5084 Dei;
940 5028 1133 5091 utpote
1172 5037 1298 5076 cum
1335 5022 1454 5078 sine
1486 5024 1700 5095 Spiritu
1739 5037 1954 5091 sancto,

2056 5032 2310 5088 τεύεσθαι
2362 5031 2457 5084 τοῦ
2506 5031 2663 5086 Θεοῦ.
2712 5032 2800 5095 Ὦς
2831 5031 2957 5085 ἄνευ
2985 5032 3303 5101 Πνεύματος
3337 5031 3431 5086 τοῦ
3464 5032 3643 5101 ἁγίου,

369 5110 836 5178 quemadmodum
904 5116 1017 5186 jam
1083 5126 1245 5174 antea
1319 5118 1532 5175 dictum
1618 5131 1726 5188 est,
1793 5138 1956 5178 nemo

2057 5125 2309 5195 καθάπερ
2353 5123 2455 5195 ἤδη
2507 5125 2773 5195 πρότερον
2802 5124 3043 5196 εἴρηται,
3077 5124 3268 5195 μηδενί¹
3315 5125 3543 5178 δυνατὸν
3584 5123 3644 5177 δν

271 5270 275 5279 ξ
372 5202 550 5271 possit
590 5204 899 5274 intelligere
950 5208 1047 5263 Dei
1104 5211 1469 5267 voluntatem.
1527 5213 1599 5269 Ut
1645 5215 1793 5267 enim
1835 5231 1858 5285 q

2059 5220 2298 5272 συνιέναι
2347 5220 2409 5273 τὸ
2457 5217 2553 5272 τοῦ
2607 5219 2743 5272 Θεοῦ
2795 5220 3028 5290 θέλημα.
3071 5220 3286 5289 ’Ὥσπερ
3335 5218 3447 5291 γὰρ
3489 5217 3646 5286 ἀνδρὶ

373 5294 494 5347 γει-ο
537 5294 698 5348 nubit
737 5297 957 5362 mulier,
993 5300 1147 5368 prius
1177 5302 1403 5371 quidem
1432 5320 1597 5374 quam
1632 5307 1683 5360 ei
1719 5308 1957 5378 conjun-

2060 5311 2195 5382 πρὸς
2222 5310 2399 5380 γάμον
2431 5310 2665 5364 συνοῦσα
2695 5311 2859 5382 γυνὴ,
2891 5312 3156 5382 πρότερον
3191 5310 3343 5381 μὲνῆ
3370 5309 3644 5378 συναιρθῆ-

370 5394 550 5455 gatur.
582 5386 807 5456 proprio
836 5387 975 5443 vivit
1001 5392 1257 5457 arbitrio,
1284 5404 1341 5449 et
1381 5405 1543 5467 prout
1591 5397 1697 5467 ipsi
1737 5398 1957 5454 libitum

2058 5424 2167 5468 ναι,
2190 5404 2385 5477 γνώμῃ
2412 5408 2479 5476 τῇ
2509 5405 2616 5477 ἰδίᾳ
2648 5408 2868 5475 στοιχεῖ,
2900 5406 2994 5459 καὶ
3018 5405 3283 5476 θελήματι
3306 5405 3417 5466 τοῖς
3442 5402 3641 5471 ἑαυτῆς

372 5488 455 5531 cst
486 5479 555 5532 de
584 5494 643 5533 se
687 5480 962 5547 consulit;
1012 5484 1175 5539 simul
1221 5495 1405 5541 autem
1451 5489 1555 5543 sub
1610 5490 1795 5545 mariti
1831 5507 1959 5547 con-

2061 5496 2349 5567 κέχρηται,
2381 5496 2602 5550 ἐπειδὰν
2653 5495 2712 5549 δὲ
2761 5497 2990 5568 συνέλθῃ
3037 5496 3159 5550 καθ’
3204 5495 3285 5562 ἒν,
3322 5495 3415 5549 ὐπ’
3449 5495 3643 5562 ἐκείνῳ

376 5570 592 5623 venerit
623 5586 871 5637 manum,
914 5573 1018 5626 sub
1042 5590 1108 5629 eo
1152 5592 1338 5632 rerum
1360 5580 1611 5634 omnium
1642 5582 1954 5637 actionum-

2063 5587 2292 5658 ἡγεμόνι
2329 5588 2390 5641 τὺ
2417 5588 2635 5641 σύνολον
2667 5589 2756 5658 ζῇ,
2792 5587 2887 5640 τοῦ
2919 5589 3055 5659 πρὸς
3080 5587 3278 5659 ἑαυτὴν
3304 5588 3457 5659 ὀρᾷν,
3489 5586 3648 5652 ἀφει-

375 5673 484 5725 que
507 5676 732 5715 suarum
770 5664 1122 5722 moderatore
1150 5668 1310 5737 vivit,
1344 5686 1402 5726 se
1443 5673 1720 5743 respicere
1775 5674 1951 5744 ipsam

2066 5676 2201 5747 μένη
2223 5693 2236 5706 ·
2268 5676 2359 5729 τὸν
2390 5676 2554 5729 αὐτὸν
2582 5676 2648 5747 δὴ
2672 5676 2872 5747 τρόπον
2903 5676 3168 5748 καὶψυχὴ
3213 5676 3326 5747 ἔχει
3370 5676 3472 5746 μὲν
3511 5674 3643 5726 ἴδιόν

374 5761 445 5801 ex
473 5764 539 5804 eo
571 5751 863 5821 desinens;
914 5756 1030 5828 pari
1071 5760 1234 5817 modo
1265 5771 1320 5817 ιιι
1367 5764 1548 5819 anima
1598 5765 1752 5835 prius
1786 5766 1950 5823 habet

2060 5786 2109 5821 τι
2140 5768 2373 5840 θέλημα,
2403 5767 2498 5823 καὶ
2528 5768 2691 5833 ἰδίους
2719 5769 2936 5839 νόμους,
2963 5770 3060 5824 καὶ
3091 5768 3227 5841 ἔργα
3249 5769 3356 5824 ίδια
3380 5784 3393 5796 ’
3422 5762 3637 5821 ἐπειδὰν
