4020 6432
428 407 522 471 921

1649 402 1878 462 LIBER
1917 400 2015 461 DE
2054 400 2510 464 CIIARITATE.

3600 414 3706 477 922

428 527 482 579 δὲ
534 525 766 593 γένηται
810 519 936 585 ἀξία
985 518 1065 590 τῷ
1111 518 1416 589 ἐπουρανίῳ
1450 516 1606 586 ἀνδρί
1641 514 1862 587 Χριστῷ
1902 532 2007 569 συν·

2128 518 2469 574 voluntatem
2520 521 2813 590 quamdam
2886 524 3188 594 propriam,
3255 526 3405 598 leges
3458 545 3705 599 ususque

426 616 622 681 ελθεῖν,
654 614 1021 669 ὑποτάσσεται
1055 611 1132 680 τῷ
1155 612 1308 680 τόμῳ
1336 609 1430 663 τοῦ
1458 608 1672 677 ἀνδρὸς,
1698 608 1798 661 οὑκ
1826 609 1909 662 ἔτι
1936 607 2016 673 τῷ

424 709 631 780 ταύτης
669 706 961 778 θελήματι,
997 703 1135 759 ἀλλὰ
1166 702 1245 773 τῷ
1270 701 1473 772 ταύτης
1498 701 1732 771 νυμφίου
1769 701 2013 771 ἑπομένη

424 802 689 873 Χριστοῦ.

497 982 599 1038 IE’.
627 981 701 1035 Τὸ
730 977 825 1034 τοῦ
853 978 1035 1049 γάμου
1080 975 1285 1047 ἔνδυμα
1311 975 1410 1046 τὴν
1437 975 1531 1029 τοῦ
1571 974 1726 1045 ἁγίου
1754 975 2014 1048 Πνεύμα-

425 1091 516 1137 τος
558 1073 716 1142 χάριν
768 1068 939 1137 ὴγοῦο
985 1067 1085 1135 τὴν
1123 1067 1152 1119 6
1192 1066 1270 1135 μὴ
1326 1065 1539 1118 ἐνδῦναι
1570 1064 1812 1133 γεγονὼς
1841 1064 2013 1130 ἄξιος,

425 1163 523 1219 τοῦ
547 1161 876 1233 ἐπουρανίου
904 1158 1086 1228 γάμου
1143 1160 1236 1213 καί
1261 1158 1355 1211 τοῦ
1391 1157 1607 1211 δείπνου
1642 1157 1738 1212 τοῦ
1769 1174 2015 1228 πνευμα-

426 1255 579 1311 τικοῦ
601 1254 858 1316 κοινωνὸς
890 1252 992 1304 οὑκ
1016 1250 1191 1305 ἔσται.
1239 1249 1435 1320 Θῶμεν
1464 1250 1700 1320 σπουδὴν
1727 1248 1822 1302 τοῦ
1854 1266 2018 1302 πνευ-

430 1346 662 1419 ματικοῦ
688 1346 783 1399 καὶ
812 1344 957 1396 θείου
983 1347 1128 1395 πιεῖν
1161 1341 1331 1405 οἴνου,
1360 1340 1455 1394 καὶ
1477 1340 1811 1412 μεθυσθῆναι
1845 1342 2017 1412 μέθην

427 1438 707 1508 νηφάλιον·
745 1435 810 1488 ἵν’
835 1434 1024 1503 ὥσπερ
1045 1434 1093 1486 οἰ
1119 1433 1267 1486 οἴνου
1304 1432 1576 1503 διακορεῖς
1601 1432 1905 1503 λαλίστεροι
1932 1432 2018 1500 γί-

427 1546 629 1594 νονται,
660 1527 802 1581 οὑτω
825 1526 921 1580 καί
952 1527 1137 1595 ἡμεῖς,
1162 1525 1257 1579 τοῦ
1286 1524 1658 1596 πνευματικοῦ
1682 1524 1873 1577 τούτου
1904 1523 2018 1577 διά-

429 1622 582 1676 πλεοι
613 1619 896 1689 γεγονότες
925 1618 1092 1683 οἴνου,
1137 1617 1453 1689 μυστηρίων
1493 1617 1653 1670 θείων
1691 1616 2017 1688 λαλήσωμεν

427 1714 741 1784 διηγήματα
759 1728 773 1743 ο
793 1710 901 1765 Καί
934 1711 999 1763 τὸ
1024 1709 1313 1776 ποτήριόν
1339 1724 1456 1764 σου
1483 1708 1615 1781 γὰρ,
1644 1709 1781 1781 φησί
1827 1708 2013 1773 Δαὸἰδ,

422 1805 734 1874 μεθύσκον
756 1818 853 1870 με,
886 1800 1026 1854 ὡσεί
1050 1803 1373 1869 κράτιστον
1398 1802 1419 1855 !

2116 610 2402 679 proprios,
2424 627 2591 681 opera
2612 614 2837 682 propria
2865 632 2876 667 :
2906 624 3195 685 postquam
3214 633 3347 672 vero
3370 619 3532 689 digna
3563 622 3702 677 facta

2116 702 2286 758 fuerit
2348 720 2471 773 quae
2527 708 2907 776 supercmlesti
2952 708 3073 763 viro
3108 711 3434 781 jungeretur
3459 712 3702 771 Christo.

2116 792 2414 863 subjicitur
2446 793 2554 865 legi
2582 796 2712 861 viri,
2746 812 2853 851 non
2881 798 3118 868 amplius
3151 814 3331 865 suam,
3362 801 3457 855 sed
3511 803 3701 873 sponsi

2116 899 2357 954 sequens
2382 886 2747 942 voluntatem.

2188 977 2302 1033 XV.
2355 979 2668 1050 Nuptialem
2720 990 2928 1036 vestem
2994 982 3234 1053 Spiritus
3299 985 3526 1056 gratiam
3580 1002 3703 1040 esse

2117 1080 2270 1137 puta,
2300 1086 2464 1139 quam
2499 1072 2593 1141 qui
2621 1072 2853 1127 induere
2881 1073 3083 1143 dignus
3130 1092 3243 1132 non
3293 1078 3483 1144 fuerit,
3538 1078 3707 1132 crele-

2117 1160 2284 1215 stium
2325 1163 2642 1232 nuptiarum
2671 1164 2932 1234 epulique
2957 1165 3261 1235 spiritualis
3291 1170 3565 1239 particeps
3590 1185 3700 1222 non

2117 1251 2247 1306 erit.
2312 1254 2589 1309 Ponamus
2643 1256 2889 1311 studium
2942 1257 2998 1312 in
3065 1260 3341 1329 spirituali
3402 1269 3459 1315 et
3510 1261 3704 1315 divino

2119 1340 2365 1397 bibendo
2394 1343 2547 1405 vino,
2583 1352 2639 1398 et
2668 1345 3012 1400 inebriemur
3045 1347 3322 1402 ebrietate
3369 1350 3579 1413 sobria,
3619 1359 3705 1416 ut,

2120 1433 2594 1502 quemadmodum
2645 1436 2741 1506 qui
2780 1437 2909 1491 vino
2945 1438 3091 1507 pleni
3155 1448 3304 1503 sunt,
3358 1439 3705 1509 loquaciores

2120 1522 2279 1589 ﬁunt,
2310 1527 2387 1580 ita
2407 1533 2464 1580 et
2491 1542 2615 1592 nos,
2643 1528 2922 1597 spirituali
2970 1530 3075 1584 hoc
3099 1530 3245 1600 large
3277 1530 3473 1585 hausto
3525 1546 3701 1599 mero,

2119 1615 2510 1685 mysteriorum
2567 1616 2886 1671 divinorum
2942 1620 3273 1688 eloquamur
3332 1622 3703 1678 narrationes.

2118 1706 2187 1761 Et
2214 1707 2355 1760 calix
2375 1715 2494 1761 tuus
2515 1708 2614 1779 (ait
2646 1710 2839 1781 David)
2862 1712 3128 1765 inebrians
3161 1730 3263 1776 me,
3287 1730 3446 1779 quam
3470 1714 3701 1784 prwcla-

2120 1814 2210 1850 rus
2236 1806 2313 1851 est
2342 1799 2384 1829 "’
2415 1799 2429 1851 ἰ

498 1897 618 1964 ις’.
644 1857 793 1966 Αὖτη
817 1857 964 1948 ἐστὶν
989 1896 1023 1964 ή
1059 1857 1248 1964 ¹ιττωχὴ
1281 1892 1360 1963 τῷ
1385 1894 1666 1963 Πνεύματι
1695 1891 1865 1963 ψυχὴ,
1887 1892 2007 1962 ἦτις

2188 1889 2328 1945 XVI.
2368 1890 2492 1960 Ipsa
2522 1901 2607 1947 est
2640 1892 2733 1947 illa
2756 1908 2966 1962 pauper
2991 1891 3201 1963 Spiritu
3233 1895 3439 1962 anima,
3459 1912 3581 1966 quae
3609 1912 3704 1951 eo-

426 1988 777 2057 έπιγινώσκει
825 1988 927 2058 μὲν
973 1987 1043 2041 τὰ
1083 1987 1285 2055 ἑαυτῆς
1312 1986 1625 2057 τραύματα,
1656 1983 2009 2053 ἐπιγινώσκει

424 2081 482 2135 δὲ
510 2082 571 2134 τδ
606 2081 863 2151 περιέχον
918 2079 1089 2151 αὑτὴν
1135 2079 1248 2131 τῶν
1291 2077 1481 2131 παθῶν
1512 2078 1723 2141 σκότος,
1777 2076 1872 2130 καί
1908 2076 2010 2146 τὴν

424 2174 535 2229 ἀπὸ
579 2173 787 2243 Κυρίου
823 2173 1117 2233 διαπαντὸς
1151 2170 1405 2237 ἐπιζητεῖ
1431 2167 1734 2237 λύτρωσινο
1777 2168 1811 2237 ἢ
1854 2166 2010 2236 φέρει

428 2262 529 2332 μὲν
566 2261 784 2324 πόνους,
827 2258 913 2312 ἐπ’
940 2258 1119 2311 οὐδενί
1149 2257 1207 2309 δὲ
1237 2257 1349 2309 τῶν
1381 2258 1474 2308 ὲπί
1498 2259 1600 2326 γῆς
1630 2255 1852 2322 ἀγαθῶν
1884 2255 2008 2324 χαί-

431 2369 513 2424 ρει
528 2368 543 2383 ο
570 2352 707 2405 ἀλλὰ
730 2349 806 2421 τῷ
827 2347 977 2418 καλῷ
1002 2348 1149 2418 μόνῳ
1175 2346 1365 2416 ἰατρῷ,
1384 2347 1479 2399 καὶ
1502 2349 1568 2416 τῇ
1594 2345 1759 2399 αὑτοῦ
1783 2345 2010 2399 πέποιθε

426 2444 716 2514 θεραπείᾳ.
756 2442 879 2505 Πῶς
909 2435 1004 2494 οῦν
1046 2440 1081 2511 ἡ
1121 2437 1637 2509 τετραυματισμένη
1676 2436 1815 2508 αῦτη
1861 2436 2007 2507 ψυχὴ

426 2535 565 2606 καλὴ
625 2534 720 2589 καὶ
767 2533 1128 2605 εὐπρόσωπος
1178 2529 1355 2591 ἔσται,
1384 2528 1480 2582 καὶ
1520 2528 1657 2599 πρὸς
1704 2526 2008 2597 συμϐίωσιν

427 2625 743 2696 ἁρμόζουσα
782 2623 861 2695 τῷ
891 2621 1145 2695 Χριστῷς
1182 2620 1301 2684 πῶς
1335 2620 1511 2682 ἄλλως
1548 2618 1582 2690 ἢ
1618 2617 1760 2671 κατὰ
1786 2618 1884 2690 τὴν
1912 2617 2009 2689 ἁρ-

426 2720 591 2788 χαίαν
616 2718 786 2788 αὐτῆς
813 2717 1013 2781 κτίσιν,
1046 2715 1141 2769 καὶ
1168 2714 1269 2785 τὴν
1295 2713 1444 2783 σαφῆ
1465 2712 1575 2765 τῶν
1602 2710 1819 2765 οἰκείων
1842 2710 2010 2781 τραύ-

430 2813 616 2883 μάτων
652 2811 748 2864 καὶ
776 2809 876 2880 τῆς
908 2809 1182 2878 πτωχείας
1212 2807 1538 2875 ἑπίγνωσινς
1562 2805 1626 2858 Et
1664 2804 1774 2876 γὰρ
1795 2797 1876 2866 οἷς
1898 2803 2009 2874 ἔχει

425 2904 709 2975 τραύμασί
736 2920 799 2956 τε
831 2900 929 2955 καὶ
963 2900 1189 2972 μώλωψι
1213 2899 1322 2953 τῶν
1349 2898 1539 2952 παθῶν
1581 2896 1657 2968 μὴ
1700 2895 2006 2967 συνήδεται,

430 2996 564 3068 μηδὲ
608 2996 899 3065 συνηγορεῖ
947 2994 1060 3055 τοῖς
1104 2991 1435 3062 σφάλμασιν,
1468 2990 1527 3042 οὑ
1556 2988 1835 3057 λογίζεται
1869 2988 2005 3059 αὐτῇ

424 3088 525 3156 τὴν
548 3086 823 3157 ἀμορφίαν
851 3086 879 3137 6
910 3082 1134 3153 Κύριος,
1165 3081 1281 3135 ἀλλ’
1313 3079 1484 3134 ἐλθὼν
1535 3081 1679 3133 ἰᾶται
1716 3079 1810 3131 καί
1847 3076 2010 3146 θερα-

2113 1981 2331 2050 gnoscit
2363 1982 2585 2051 quidem
2614 1998 2713 2036 sua
2742 1984 3009 2047 vnlnera;
3043 1987 3327 2055 cognoscit
3356 2005 3487 2043 vero
3532 1990 3702 2045 etiam

2112 2089 2230 2139 eas,
2256 2074 2461 2144 quibus
2491 2074 2977 2142 circumambitur,
3002 2078 3488 2146 perturbationum
3544 2090 3702 2137 tene-

2113 2166 2274 2230 bras;
2314 2174 2371 2221 et
2405 2181 2436 2220 a
2482 2166 2716 2221 Domino
2762 2168 3026 2222 continue
3061 2168 3446 2228 liberationem
3480 2175 3701 2244 quaerit.

2112 2258 2245 2326 Quae
2280 2260 2481 2314 tolerat
2508 2260 2734 2329 quidem
2762 2261 3004 2326 labores,
3038 2261 3105 2316 de
3161 2265 3315 2318 nullo
3362 2276 3547 2321 autem
3603 2284 3701 2322 eo-

2113 2363 2258 2411 rum,
2292 2364 2414 2417 quae
2438 2363 2605 2418 super
2633 2358 2838 2404 terram
2870 2358 3024 2413 sunt,
3055 2350 3201 2405 bono
3226 2353 3460 2421 gaudet;
3511 2357 3606 2409 sed
3643 2358 3700 2411 in

2112 2439 2262 2493 bono
2286 2446 2499 2493 tantum
2533 2442 2769 2503 medico,
2826 2452 2884 2495 et
2939 2436 3005 2495 in'
3035 2443 3155 2511 ejus
3204 2445 3494 2499 curatione
3522 2448 3698 2501 conli-

2116 2528 2217 2583 dit.
2248 2527 2541 2594 Quomodo
2574 2529 2743 2599 igitur
2774 2530 2893 2585 haac
2946 2532 3232 2586 vulnerata
3287 2533 3469 2588 anima
3499 2535 3701 2591 decora

2110 2631 2168 2675 et
2205 2620 2447 2676 formosa
2494 2622 2629 2686 erit,
2653 2630 2710 2677 et
2740 2622 2807 2676 ad
2831 2622 2958 2677 vita:
2991 2623 3305 2677 societatem
3359 2625 3696 2683 individua."

2113 2730 2239 2769 cum
2270 2714 2492 2770 Christo
2523 2715 2820 2769 ineundam
2850 2716 3013 2784 apta?
3041 2717 3319 2785 quomodo
3349 2719 3510 2773 aliter
3531 2735 3699 2789 quam

2111 2814 2457 2875 perspectam
2489 2805 2747 2860 habendo
2770 2807 3052 2876 antiquam
3104 2821 3259 2860 suam
3297 2807 3606 2878 originem,
3642 2820 3699 2866 et

2111 2899 2319 2953 claram
2352 2913 2466 2968 prae
2507 2914 2566 2954 se
2612 2899 2842 2954 ferendo
2889 2898 3239 2968 prepriorum
3296 2901 3591 2956 vulnerum
3639 2912 3698 2957 et

2111 2989 2485 3045 mendicitatis
2526 2990 2817 3045 notitiam?
2842 2990 2975 3044 Nam
3004 2990 3049 3044 si
3078 2990 3165 3054 iis,
3191 3006 3313 3059 qua:
3355 2992 3539 3059 habet,
3578 2995 3699 3048 vul-

2111 3083 2341 3137 neribus
2386 3093 2442 3138 et
2476 3081 2825 3137 cicatricibus
2858 3081 3177 3151 passionum
3218 3098 3326 3137 non
3367 3084 3693 3149 delectatur,

428 3171 604 3239 πεὺει,
637 3172 733 3225 καί
759 3169 969 3235 ἀπαθὲς
999 3170 1137 3241 αὐτῇ
1169 3168 1263 3223 καί
1294 3168 1533 3238 ἆφθορόν
1561 3185 1615 3219 τι
1649 3167 1845 3229 κάλλος
1869 3168 2007 3220 ἁπο-

2116 3189 2220 3229 nec
2264 3175 2643 3244 patrocinatur
2694 3173 2915 3229 delictis
2973 3173 3120 3238 suis;
3171 3189 3281 3228 non
3315 3175 3550 3246 imputat
3592 3178 3696 3247 ipsi

427 3264 755 3333 καθίστησν
796 3263 955 3333 μόνον
1007 3262 1148 3331 αὑτὴ
1200 3261 1520 3333 προαιρέσει
1565 3261 1639 3330 μὴ
1684 3258 2012 3313 κοινωνείτω

425 3358 536 3418 τοῖς
576 3355 992 3425 πραττομένοις,
1038 3352 1291 3422 καθάπερ
1337 3353 1575 3421 εἴρηται,
1612 3348 1747 3418 μηδὲ
1771 3350 1884 3411 τοῖς
1913 3351 2012 3401 ὲν-

426 3451 779 3520 εργουμένοις
808 3447 1199 3503 συνευδοκείτω
1219 3447 1470 3500 πάθεσιν.
1509 3445 1645 3497 Ἀλλ’
1665 3446 1761 3516 ὅλῃ
1785 3444 2011 3512 δυνάμει

427 3541 563 3611 πρὸς
602 3540 806 3611 Κύριον
838 3540 1106 3603 ὲκόοάτω,
1145 3538 1232 3591 ῖνα
1260 3538 1348 3590 διὰ
1382 3537 1477 3590 τοῦ
1518 3536 1727 3605 ἀγαθοῦ
1757 3535 2006 3606 Πνεῦμα·

425 3649 516 3695 τος
542 3631 709 3684 αὑτοῦ
729 3632 828 3700 τῆς
855 3630 1167 3701 ἐλευθερίας
1188 3630 1405 3693 πάντως
1429 3627 1630 3699 ἀξιωθῇ
1656 3628 1765 3681 τῶν
1793 3628 2005 3681 παθῶν.

426 3721 575 3792 Δὺτη
612 3722 710 3787 μὲν
735 3716 830 3775 οῦν
860 3721 894 3791 ἡ
921 3720 1069 3791 ψυχὴ
1108 3721 1354 3791 μακαρία
1378 3736 1393 3751 ο
1432 3720 1557 3773 οὑαί
1584 3719 1641 3771 δὲ
1673 3721 1742 3790 τῇ
1776 3720 1852 3789 μὴ
1884 3736 2007 3773 συν-

427 3813 681 3884 αίσθησιν
710 3812 975 3883 δεχομένῃ
1002 3814 1351 3883 τραυμάτων,
1382 3812 1517 3882 μηδὲ
1544 3812 1692 3883 ἔχειν
1722 3828 1776 3865 τι
1809 3814 2009 3877 κακίας

426 3902 515 3956 διὰ
536 3901 736 3973 πολλὴν
770 3902 863 3954 καί
888 3900 1125 3972 ἄμετρον
1148 3902 1369 3973 οἰομένη
1402 3904 1602 3955 κακίαν
1626 3918 1640 3931 °
1669 3901 1874 3974 ταύτην
1899 3904 2009 3975 γάρ

426 3994 547 4049 οὑδὲ
599 3996 628 4049 6
682 3995 883 4063 ἀγαθὸς
933 3996 1326 4049 ὲπισκέπτεται
1392 3996 1616 4066 ἰατρὸς,
1672 3996 1795 4050 οὐδὲ
1842 3996 2007 4067 θερα-

427 4087 605 4153 πεύει,
636 4086 717 4140 ὅτι
745 4086 881 4157 μηδὲ
912 4087 1064 4157 μέλει
1092 4088 1230 4159 αὑτῇ
1264 4089 1371 4141 τῶν
1394 4088 1745 4159 τραυμάτων,
1778 4089 1873 4143 an
1905 4108 1997 4143 κα-

424 4175 532 4241 λῶς
581 4176 726 4247 ἔχειν
770 4178 865 4231 καί
912 4177 1083 4245 ὑγιῶς
1134 4179 1444 4249 ἡγουμένῃ·
1489 4182 1572 4235 Οὐ
1630 4181 1741 4249 γὰρ
1800 4183 2010 4250 χρείαν

423 4270 659 4341 ἔχουσι,
685 4272 871 4343 φησὶν,
905 4274 960 4327 οι
985 4272 1359 4343 ὑγιαίνοντες
1387 4274 1611 4342 ἰατροῦ,
1646 4273 1785 4330 ἀλλ’
1809 4278 1864 4329 οι
1898 4293 2007 4329 κα-

420 4358 542 4425 κῶς
565 4362 834 4431 ἔχοντες.

2113 3280 2268 3319 suam
2297 3264 2707 3320 deformitatem
2747 3264 3046 3331 Dominus;
3101 3266 3197 3319 sed
3253 3267 3404 3320 venit
3443 3275 3499 3322 et
3534 3278 3697 3323 sanat

2110 3372 2174 3413 ac
2224 3365 2382 3412 curat
2432 3373 2580 3421 eam,
2630 3356 2882 3426 nullique
2924 3357 3218 3412 obnoxiam
3276 3360 3588 3415 alterationi
3639 3373 3697 3415 et

2112 3447 2635 3503 immarcescibilem
2666 3446 2959 3517 quamdam
2980 3449 3031 3502 ei
3064 3450 3308 3504 restituit
3324 3451 3697 3519 pulchritudi-

2110 3556 2256 3595 nem.
2293 3540 2531 3594 Tantum
2563 3540 2681 3608 ipsa
2711 3554 2781 3593 ne
2813 3540 2990 3594 libero
3025 3554 3254 3597 assensu
3312 3544 3602 3615 partieipet
3632 3548 3695 3600 iis

2111 3646 2233 3699 quae
2272 3629 2432 3693 ﬁunt,
2462 3638 2522 3683 ut
2567 3628 2777 3683 dictum
2833 3639 2955 3695 est;
3018 3647 3157 3685 neve
3200 3634 3600 3688 consentiendo
3627 3650 3695 3690 ea

2111 3721 2457 3791 comprobet,
2508 3736 2631 3789 quae
2689 3720 3013 3776 inordinata:
3065 3723 3511 3791 perturbationes
3564 3741 3696 3795 ope-

2113 3822 2350 3878 rantur;
2382 3812 2477 3865 sed
2513 3819 2625 3866 tota
2658 3811 2863 3865 virtute
2914 3812 2980 3865 ad
3031 3814 3320 3869 Dominum
3372 3817 3594 3883 clamet,
3634 3829 3695 3873 ut

2112 3921 2212 3977 per
2238 3905 2445 3959 bonum
2474 3902 2647 3973 ipsius
2671 3903 2831 3974 203
2860 3903 3127 3973 Spiritum
3159 3906 3397 3963 liberare
3422 3924 3481 3964 se
3503 3909 3694 3980 digne-

2117 4008 2205 4054 tur
2249 4012 2283 4050 a
2342 3997 2555 4051 cunctis
2608 3997 2796 4066 pravis
2850 3998 3161 4053 affectibus.
3227 3999 3391 4055 Beata
3443 4002 3693 4069 profecto

2111 4089 2240 4144 talis
2261 4087 2443 4143 anima
2466 4103 2479 4139 :
2540 4102 2621 4140 va:
2648 4093 2832 4140 autem
2860 4086 2961 4152 illi,
2988 4103 3110 4157 qua
3154 4104 3376 4143 sensum
3435 4090 3693 4147 intimum

2110 4196 2219 4235 non
2248 4178 2431 4249 capiet
2470 4178 2763 4232 vulnerum
2811 4193 3074 4245 suorum;
3121 4195 3354 4249 qumque
3401 4180 3581 4235 omnis
3632 4198 3692 4237 se

2109 4272 2399 4344 pravitatis
2424 4271 2674 4326 funditus
2695 4280 2974 4340 expertem
3000 4287 3101 4341 per
3120 4273 3347 4327 multam
3375 4282 3430 4328 et
3462 4274 3693 4330 immen-

2109 4383 2223 4423 sam
2247 4364 2524 4435 putaverit
2553 4362 2908 4432 pravitatem.
2928 4361 3117 4416 Talem
3141 4364 3291 4418 enim
3314 4380 3496 4434 neque
3513 4364 3695 4420 bonus

422 4454 611 4510 invisit
641 4458 912 4524 medicus,
960 4474 1063 4515 nec
1112 4468 1301 4524 sanat;
1345 4458 1607 4529 quoniam
1658 4458 2034 4515 sollicitudine
2081 4478 2190 4515 non
2251 4457 2496 4527 tangitur
2545 4456 2840 4509 vulnerum
2876 4455 3269 4524 prepriorum;
3333 4466 3521 4527 utpote
3568 4474 3693 4527 qua:

420 4563 481 4605 se
510 4548 651 4605 bene
676 4548 881 4606 habere
931 4567 997 4607 ac
1056 4553 1244 4623 vigere
1291 4551 1527 4606 sanitate
1575 4550 1873 4607 existimet.
1925 4551 2042 4607 Non
2083 4554 2222 4606 enim
2246 4546 2467 4620 (inquit)
2509 4557 2657 4619 egent
2679 4547 2769 4617 qui
2788 4547 2909 4601 sani
2932 4556 3053 4600 sunt
3084 4549 3302 4614 medico,
3329 4549 3421 4603 sed
3443 4551 3532 4621 qui
3552 4550 3694 4605 male

421 4645 614 4699 habent
644 4643 709 4696 ³⁸.

492 4734 591 4787 IZ'.
642 4731 1041 4802 Μακάριοι.τῷ
1069 4732 1184 4785 ὄντι
1222 4733 1317 4785 καὶ
1358 4729 1589 4801 ζηλωτοί
1618 4730 1712 4783 τοῦ
1751 4729 1868 4800 βίου
1903 4731 1996 4783 καί

2171 4724 2337 4781 XVII.
2369 4722 2519 4778 Beati
2551 4738 2762 4788 revera,
2798 4731 2854 4777 et
2889 4722 3170 4778 invidendi
3206 4724 3280 4778 ob
3311 4725 3437 4780 vita:
3484 4736 3538 4781 et
3589 4745 3690 4783 ex-

419 4826 519 4894 τῆς
577 4822 891 4894 ὑπερφυοῦς
935 4822 1310 4888 ἀπολαύσεως,
1345 4822 1459 4875 ὅσοι
1518 4821 1608 4874 διά
1655 4821 1866 4892 θερμῆς
1903 4821 2000 4874 καὶ

422 4915 711 4985 φιλαρέτου
740 4914 1016 4983 διαγωγῆς
1048 4914 1156 4968 τῶν
1185 4913 1526 4983 ἐπουρανίων
1552 4912 1647 4965 τοῦ
1681 4913 1998 4982 Πνεύματος

424 5006 737 5075 μυστηρίων
771 5005 939 5076 πείρᾳ
957 5006 1053 5057 καὶ
1086 5005 1335 5074 αἰσθήσει
1364 5004 1462 5075 τὴν
1490 5004 1690 5073 γνῶσιν
1720 5004 1996 5075 εἰλήφασι,

420 5095 511 5148 καὶ
573 5097 634 5148 τὸ
679 5096 982 5166 πολίτευμα
1028 5098 1087 5149 ὲν
1132 5097 1381 5167 οὐρανοῖς
1421 5095 1656 5166 έχουσιν.
1696 5088 1858 5147 Οὑτοι
1905 5094 2000 5147 καὶ

417 5186 749 5255 συμπάντων
782 5186 1064 5258 κρείττους
1087 5184 1391 5255 ἀνθρώπων
1420 5184 1526 5238 εἰσί
1552 5200 1566 5215 ⁶
1605 5185 1701 5238 καί
1726 5183 1936 5254 φανερὰ
1963 5184 1995 5253 ὴ

414 5277 710 5343 ἀπόδειξις.
730 5278 848 5331 Τίνι
881 5276 991 5346 γὰρ
1022 5277 1129 5331 τῶν
1155 5277 1419 5341 δυνατῶν,
1450 5276 1482 5347 ἢ
1521 5276 1724 5345 σοφῶν,
1754 5274 1788 5346 ἢ
1816 5275 2001 5347 φρονί-

418 5383 533 5434 μων
554 5366 797 5419 ἀνελθεῖν
819 5367 901 5432 είς
920 5368 1013 5421 τὸν
1036 5367 1264 5438 οὐρανὸν
1286 5366 1529 5437 ὑπῆρξεν
1551 5366 1997 5436 ἐπιστρεφομένῳ

417 5458 543 5525 περὶ
570 5458 673 5525 τὴν
701 5457 827 5529 γῆν,
852 5461 977 5534 ,ἐκεῖ
1005 5476 1065 5512 τε
1097 5458 1439 5530 ἐργάσασθαι
1465 5458 1601 5528 ἔργα
1626 5458 1994 5527 πνευματικὰ,

414 5547 508 5599 καί
547 5547 615 5601 τὰ
659 5547 834 5615 κάλλη
864 5552 957 5602 τοῦ
999 5551 1312 5621 Πνεύματος
1341 5548 1748 5615 κατοπτεῦσαι;
1784 5548 1903 5601 νυνί
1936 5548 1992 5600 δὲ

414 5636 583 5707 πένης
636 5655 720 5697 τις
769 5640 830 5691 τὸ
860 5640 1207 5709 φαινόμενον,
1243 5642 1413 5711 πένης
1442 5642 1625 5712 άκρως
1655 5640 1750 5694 καὶ
1782 5638 1993 5706 ἐξουδεο

2102 4815 2413 4887 superantis
2431 4824 2641 4869 natura:
2659 4812 2883 4867 modum
2906 4813 3187 4869 fruitionis
3205 4815 3544 4881 felicitatem,
3568 4822 3690 4890 qui.

2102 4924 2321 4979 cunque
2352 4924 2452 4978 per
2484 4908 2789 4963 ferventem
2844 4904 3032 4971 ﬁdem,
3066 4914 3123 4959 et
3164 4905 3384 4960 vivendi
3414 4922 3572 4963 usum
3617 4913 3687 4967 ad

2100 5004 2363 5058 virtutem
2395 5014 2645 5054 normam
2684 5007 2960 5061 exactum,
3011 4998 3485 5065 supercmlestium
3510 5006 3685 5058 sancti

2105 5094 2347 5164 Spiritus
2378 5090 2763 5163 mysteriorum
2788 5104 2951 5145 sensu
2987 5090 3400 5159 etexperientia
3433 5095 3685 5151 notitiam

2102 5189 2489 5255 perceperunt,
2535 5189 2590 5235 et
2622 5178 3102 5234 conversationem
3160 5180 3214 5232 in
3256 5180 3409 5235 caelis
3459 5182 3687 5238 habent.

2104 5276 2263 5330 Tales
2297 5273 2568 5337 omnium,
2591 5271 2684 5340 qui
2718 5270 2929 5337 uspiam
2962 5268 3154 5322 vivunt
3198 5268 3504 5337 hominum,
3550 5289 3684 5343 prae-

2105 5363 2430 5420 stantissimi
2455 5370 2603 5417 sunt.
2628 5359 2686 5414 Id
2711 5357 2860 5428 quod
2880 5357 3242 5412 demonstrari
3267 5360 3557 5415 manifesto
3586 5377 3686 5430 po-

2106 5465 2235 5511 test.
2268 5454 2369 5510 Cui
2403 5454 2552 5509 enim
2586 5458 2895 5522 potentum,
2926 5458 3023 5504 aut
3049 5452 3380 5521 sapientum,
3425 5460 3519 5505 aut
3549 5467 3683 5521 pru-

2101 5548 2351 5610 dentum,
2381 5544 2677 5600 ascendere
2708 5542 2764 5596 in
2807 5542 3003 5596 etclam
3044 5541 3524 5611 contigit,interim
3551 5542 3683 5598 dum

2105 5650 2399 5695 versantur
2458 5640 2513 5693 in
2549 5648 2699 5693 terra
2746 5646 2803 5693 et
2838 5636 2948 5690 illic
2976 5633 3189 5705 operari
3222 5648 3385 5703 opera
3421 5634 3684 5704 spiritua-

488 5820 529 5852 ⁸⁷
568 5820 709 5903 I‘sal.
753 5833 880 5886 χχιι,
909 5820 964 5875 5.
1048 5823 1087 5853 ¹⁸
1119 5822 1309 5878 Matth.
1346 5839 1417 5889 Ix,
1464 5822 1565 5888 I2;
1597 5836 1686 5876 xu.
1723 5820 1813 5886 I7;
1848 5819 1979 5875 Luc.
2011 5834 2062 5885 γ,
2093 5819 2179 5874 51.
