4020 6448
398 402 504 469 993

1677 403 1738 462 S.
1781 403 2103 463 MACARII
2143 404 2469 467 [EGYPTII
3574 414 3695 479 924

394 520 489 583 tia,
521 525 577 569 et
608 510 1049 586 pulchritudines
1085 510 1263 565 divini
1298 509 1541 581 Spiritus
1568 512 1812 569 intueri?
1836 514 1993 569 Nunc

2104 517 2355 588 νὼμενος,
2382 521 2476 574 καὶ
2508 520 2630 575 οὐδέ
2656 525 2770 587 τοῖς
2798 524 3127 593 ἐγγειτόνων
3151 525 3351 596 μικροῦ
3381 526 3691 598 γνώριμος.

392 622 527 662 vero
561 619 770 675 pauper
800 603 1002 673 aliquis
1030 603 1086 656 in
1117 603 1383 672 speciem,
1435 619 1649 658 summe
1690 620 1905 675 pauper
1932 616 1989 661 et

394 688 743 763 exinanitus;
822 713 887 752 ac
954 711 1022 751 ne
1050 696 1257 750 vicinis
1282 696 1506 766 quidem
1556 698 1639 753 vel
1696 698 1989 752 minimum

394 801 582 854 notus,
614 789 910 860 procidens
934 790 989 843 in
1035 790 1230 844 faciem
1280 806 1436 845 suam
1500 806 1684 846 coram
1731 792 1988 857 Domino,

396 884 645 939 ascendit
703 883 758 936 in
783 884 986 938 coelum
1021 883 1263 938 ducente
1322 895 1518 938 sancto
1549 884 1783 954 Spiritu,
1832 895 1889 941 et
1936 887 1992 940 in

396 976 565 1044 plena
594 974 795 1028 ﬁducia
838 990 951 1028 sua:
995 974 1215 1039 animae,
1257 974 1603 1030 mirabilibus
1662 977 1776 1031 illic
1828 977 1994 1031 rebus

397 1068 747 1131 delectatur;
824 1066 1009 1135 ibique
1062 1076 1345 1135 Operatur,
1397 1067 1472 1121 ibi
1531 1068 1864 1135 diversatur,
1918 1070 1992 1124 ibi

405 1158 891 1212 conversationem
929 1157 1115 1221 habet,
1160 1158 1315 1228 juxta
1364 1159 1617 1215 divinum
1670 1162 1993 1230 Apostolum

406 1252 683 1306 dicentem
718 1268 730 1303 :
758 1250 953 1304 Nostra
994 1259 1172 1303 autem
1203 1254 1529 1305 conversatio
1560 1254 1613 1306 in
1642 1253 1783 1307 coalis
1816 1264 1893 1308 est
1925 1258 1990 1308 ¹⁹.

398 1345 466 1398 Et
501 1360 696 1397 rursus
738 1359 750 1394 :
799 1343 928 1407 Qute
976 1343 1157 1396 oculus
1209 1360 1313 1396 non
1370 1345 1521 1408 vidit,
1568 1354 1618 1397 et
1679 1348 1825 1400 auris
1886 1363 1991 1401 non

350 1436 639 1497 -audivit,
682 1450 774 1487 nec
828 1435 883 1487 in
956 1450 1045 1486 cor
1112 1436 1337 1488 hominis
1408 1437 1800 1502 ascenderunt,
1876 1454 1993 1509 quae

396 1526 722 1596 praeparavit
764 1526 903 1579 Deus
935 1527 999 1579 iis
1029 1527 1124 1596 qui
1183 1526 1409 1597 diligunt
1434 1528 1586 1583 illum
1610 1530 1674 1583 ’°.
1710 1530 1831 1583 Mox
1861 1532 1993 1585 sub-

391 1619 574 1690 jungit
620 1636 633 1672 :
680 1618 840 1673 Nobis
885 1628 1063 1672 autem
1112 1619 1363 1673 revelavit
1406 1620 1546 1675 Deus
1592 1638 1685 1691 per
1732 1620 1994 1693 Spiritum

394 1730 569 1766 suum.
609 1713 672 1767 Ili
724 1719 854 1767 sunt
896 1728 1028 1767 vere
1063 1712 1341 1782 sapientes
1389 1722 1447 1767 et
1495 1722 1774 1783 potentes,
1831 1716 1889 1770 hi
1936 1725 1994 1772 et

396 1806 612 1859 nobiles
636 1812 693 1859 et
723 1805 1046 1875 prudentes.

2094 613 2467 681 προσπίπτων
2494 614 2588 666 ἐπὶ
2615 616 2911 685 πρόσωπον
2934 617 3099 671 αὐτοῦ
3126 616 3205 688 τῷ
3241 618 3449 690 Κυρίῳ,
3476 619 3698 674 ἄνεισιν

2092 705 2172 767 είς
2203 704 2293 758 τὸν
2319 707 2549 777 οὐρανὸν
2588 707 2694 763 ὐπὸ
2730 709 3047 780 Πνεύματος
3077 711 3462 782 ὁδηγούμενος,
3495 713 3597 766 καὶ
3632 716 3697 766 ἐν

2095 798 2438 870 πληροφορίᾳ
2479 799 2581 870 τῆς
2624 800 2823 854 ἐαυτοῦ
2852 800 3030 871 ψυχῆς
3072 801 3180 854 τῶν
3216 804 3333 856 ἐκεῖ
3367 804 3698 873 θαυμασίων

2095 893 2437 962 κατατρυφᾷ,
2497 895 2616 945 ἐκεῖ
2662 911 2723 946 τε
2767 894 3083 963 ἐργάζεται,
3119 896 3239 949 ἐκεῖ
3279 896 3340 949 τὸ
3380 896 3698 967 πολίτευμα

2095 983 2230 1054 ἔχει,
2263 986 2406 1040 κατά
2431 987 2521 1040 τὸν
2552 986 2695 1041 θεῖον
2732 987 3087 1042 ⁹Δπόστολον·
3126 989 3320 1059 Ἡμῶν
3340 990 3449 1059 γὰρ
3480 991 3547 1044 τὸ
3577 1007 3698 1044 πο-

2094 1079 2365 1146 λίτευμα,
2403 1080 2589 1150 φησὶν,
2620 1080 2692 1134 ἐν
2724 1081 3003 1149 οὐρανοῖς
3031 1082 3316 1150 ὑπάρχει·
3364 1084 3459 1136 καὶ
3489 1082 3695 1137 πάλινο

2101 1171 2160 1223 Ἀ
2196 1170 2506 1239 ὀφθαλμὸς
2545 1175 2655 1226 οὐκ
2681 1169 2821 1238 εἶδε,
2864 1174 2965 1227 καὶ
2995 1169 3105 1238 οὖς
3131 1176 3243 1227 οὐκ
3282 1173 3537 1243 ἤκουσε,
3586 1174 3696 1228 καὶ

2094 1261 2191 1314 ἐπὶ
2224 1263 2474 1331 καρδίαν
2501 1265 2829 1333 ἀνθρώπων
2857 1269 2968 1320 οὐκ
2995 1267 3201 1333 ἀνέϐη,
3235 1267 3272 1321 ἃ
3300 1268 3641 1336 ἡτοιζιιασεν
3663 1269 3700 1321 ὁ

2098 1354 2244 1418 Θεὸς
2268 1354 2391 1421 τοῖς
2413 1355 2729 1424 ἀγαπῶσιν
2754 1359 2962 1414 αὐτόν.
2996 1353 3131 1411 Εἶτα
3163 1359 3391 1426 ἐπάγει·
3436 1359 3605 1427 Ἡμῖν
3624 1360 3700 1414 δὲ

2094 1447 2453 1516 ἀπεκάλυψε
2481 1448 2577 1501 διὰ
2605 1449 2711 1503 τοῦ
2741 1452 3090 1521 Πνεύματος
3118 1453 3327 1508 αὑτοῦ.
3359 1448 3520 1508 Οὗτοί
3548 1459 3698 1511 είσιν

2094 1539 2143 1592 οἱ
2195 1540 2252 1592 ἐν
2286 1538 2515 1612 ἀληθείᾳ
2549 1543 2724 1610 σοφοὶ,
2756 1544 2805 1596 οἱ
2835 1543 3069 1609 δυνατοὶ,
3103 1539 3249 1598 οὗτοι
3291 1548 3386 1599 καὶ
3436 1547 3695 1617 εὐγενεῖς

2095 1630 2191 1683 καὶ
2229 1632 2510 1702 φρόνιμοι.

471 1896 658 1951 XVIII.
689 1896 1027 1962 Quinetiam,
1054 1914 1163 1952 non
1202 1898 1392 1952 habita
1425 1899 1640 1953 ratione
1682 1898 1990 1954 caelestium

2167 1891 2273 1943 IH'.
2313 1890 2423 1943 Καὶ
2464 1891 2656 1961 χωρὶς,
2688 1893 2843 1963 φησὶ,
2868 1893 2977 1945 τῶν
2996 1893 3264 1964 οὐρανίων
3289 1896 3534 1964 ἐκείνων,
3580 1900 3695 1953 ἀπὸ

398 1989 644 2053 illorum,
678 2005 709 2044 e
741 1991 874 2044 solis
898 1990 987 2045 his
1018 2007 1141 2060 quae
1170 1990 1464 2061 praesentia
1504 2000 1635 2045 sunt
1670 1992 1740 2047 de
1783 1994 1992 2047 sanctis

2104 1982 2204 2034 τῶν
2237 1982 2523 2052 παρόντων
2569 1984 2771 2053 κρίνων
2808 1986 2934 2049 τοὺς
2966 1986 3181 2052 ἁγίους,
3228 1989 3330 2042 οὐκ
3352 1990 3694 2054 ἐπιδοιάσεις

393 2082 671 2151 judicans,
700 2098 809 2136 non
841 2082 1141 2149 dubitabis,
1174 2099 1269 2138 eos
1297 2083 1545 2138 omnium
1597 2085 1757 2154 longe
1809 2085 1991 2139 homi-

399 2190 533 2227 num
561 2175 895 2229 celsissimos
930 2177 1313 2245 pronuntiare.
1351 2175 1491 2246 Age,
1521 2192 1609 2231 res
1659 2176 1995 2247 dijudicetur

400 2265 507 2321 hoc
538 2265 738 2321 modo:
778 2267 1299 2323 Nabuchodonosor
1339 2267 1635 2340 Babylonis
1665 2269 1990 2339 imperator,

399 2358 766 2426 congregatis,
799 2359 1005 2428 quibus
1041 2370 1294 2428 praeerat,
1326 2361 1588 2431 gentibus
1621 2360 1688 2415 ad
1716 2361 1994 2415 adoratio-

400 2464 525 2502 nem
559 2458 753 2504 statua:
785 2466 947 2519 quam
966 2460 1217 2506 erexerat
1233 2493 1248 2518 ,
1269 2451 1364 2511 Dei
1382 2452 1487 2506 hoc
1504 2453 1578 2506 ita
1590 2453 1994 2523 sapientissime

400 2542 720 2596 moderante
756 2542 1125 2612 providentia,
1175 2552 1236 2596 ut
1276 2552 1332 2598 et
1383 2560 1681 2614 puerorum
1736 2546 1996 2599 omnibus

399 2634 695 2702 conspicua
726 2634 904 2687 virtus
937 2634 1115 2698 Iieret,
1161 2642 1219 2687 ct
1283 2635 1468 2688 cuncti
1504 2635 1783 2690 discerent
1824 2648 1997 2689 unum

399 2740 520 2780 esse
554 2725 726 2779 Deum
754 2741 970 2790 verum,
997 2726 1169 2796 quiin
1203 2727 1359 2781 ccelis
1391 2726 1641 2782 habitat:
1680 2737 1790 2782 tres
1814 2728 1993 2797 pueri,

400 2816 551 2886 iique
582 2817 807 2887 captivi,
840 2833 905 2873 ac
954 2819 1217 2874 libertate
1262 2820 1490 2889 privati,
1544 2820 1663 2875 ausi
1710 2830 1841 2875 sunt
1892 2821 1997 2890 ipsi

397 2906 702 2973 obsistere;
747 2915 804 2961 et
837 2908 1075 2971 cunctis,
1102 2924 1170 2963 ex
1201 2910 1377 2964 multo
1406 2918 1577 2974 metu,
1612 2910 1997 2975 adorantibus,

401 3015 506 3054 nec
587 3001 891 3070 quidquam
957 3009 1161 3070 praeter
1218 3001 1553 3071 obsequium
1618 3004 1996 3067 tentantibus,

404 3099 678 3144 mutarum
706 3091 815 3145 ritu
836 3090 1137 3161 pecudum,
1159 3107 1269 3161 quo
1311 3092 1696 3159 trahebantur,
1718 3093 2001 3162 sequenti-

404 3183 509 3237 bus
527 3224 541 3248 ,
568 3176 647 3236 illi
674 3192 885 3236 tantum
941 3184 1238 3238 abfuerunt
1275 3195 1335 3239 ut
1360 3184 1562 3238 similia
1589 3185 1712 3239 aliis
1748 3195 2003 3256 pateren-
2028 3221 2070 3276 ο

402 3283 535 3340 tur;
563 3285 623 3329 ut
645 3290 825 3343 neque
866 3275 1106 3345 ignorari
1129 3275 1240 3330 sint
1269 3276 1413 3345 passi
1450 3292 1605 3331 suam
1639 3277 1707 3331 de
1736 3277 2001 3348 religione

406 3367 740 3420 sententiam
768 3406 783 3432 ,
844 3380 950 3419 nec
994 3366 1169 3421 latere
1200 3366 1591 3432 sustinuerint,
1639 3367 1735 3421 sed
1784 3367 2003 3422 cunctis

404 3460 761 3513 audientibus
822 3460 1103 3513 dixerint:
1154 3459 1287 3512 Deos
1348 3469 1464 3514 tuos
1533 3476 1639 3513 non
1679 3459 1922 3524 colimus,
1951 3470 2000 3514 et

397 3560 642 3605 statuam
671 3568 915 3616 auream,
960 3568 1121 3621 quam
1169 3553 1398 3618 erexisti,
1453 3569 1560 3605 non
1602 3552 1891 3606 adoramus
1932 3554 1999 3608 ²¹.

407 3643 556 3710 Quos
586 3660 710 3699 cum
740 3645 794 3699 in
823 3660 1040 3715 poenam
1077 3645 1339 3700 terribilis
1395 3645 1487 3700 illa
1526 3646 1722 3699 fornax
1747 3647 2001 3717 excepis-

406 3746 512 3801 set,
546 3752 655 3790 non
686 3750 818 3790 sane
845 3736 957 3790 vim
995 3750 1151 3791 suam
1195 3737 1461 3801 exseruit,
1502 3752 1566 3792 ac
1592 3737 1750 3807 quasi
1780 3748 1838 3793 et
1885 3738 2004 3807 ipsa

410 3840 669 3884 venerata
708 3830 856 3899 ipsos
884 3837 1049 3895 esset,
1092 3847 1122 3883 a
1147 3829 1305 3884 malis
1333 3845 1432 3885 eos
1466 3829 1743 3885 immunes
1771 3846 2003 3885 conser-

408 3924 594 3974 vavit:
634 3920 910 3976 universis
939 3936 1004 3975 ac
1068 3936 1197 3991 rege
1251 3920 1371 3991 ipso
1420 3921 1592 3977 Deum
1640 3924 1753 3994 jam
1803 3938 2003 3978 verum

405 4014 857 4083 agnoscentibus.
894 4014 1003 4069 Hos
1027 4015 1286 4084 equidem
1320 4030 1430 4070 non
1471 4016 1643 4087 magis
1693 4024 1872 4071 terras
1920 4017 2007 4071 in-

360 4090 375 4101 t
407 4106 736 4171 colentium,
762 4121 929 4176 quam
969 4108 1026 4161 in
1057 4107 1214 4162 caelis
1260 4107 1577 4178 degentium
1613 4107 1769 4162 chori
1803 4107 2002 4178 plausu

412 4198 787 4253 celebrarunt.
866 4198 1002 4252 Nam
1087 4199 1310 4253 heroica
1372 4199 1619 4254 facinora
1681 4208 2001 4254 sanctorum

411 4287 838 4358 haudquaquam
867 4304 989 4344 esse
1011 4288 1197 4358 ignota
1220 4288 1347 4343 (εωΙί
1376 4289 1597 4357 incolis,
1634 4290 1731 4344 sed
1768 4290 1869 4345 hos
1895 4290 2005 4347 illis

409 4392 646 4431 accursu
684 4389 743 4433 et
772 4386 942 4433 testes
967 4377 1183 4443 adesse,
1208 4378 1430 4433 divinus
1465 4379 1647 4432 innuit
1680 4378 2002 4448 Apostolus,

2094 2074 2314 2126 πάντων
2374 2072 2739 2143 ὑψηλοτέρους
2795 2075 2986 2129 εἰπών.
3031 2076 3319 2148 Κρινέσθω
3373 2077 3430 2130 δὲ
3468 2078 3689 2141 οὕτως·

2095 2164 2569 2235 Ναϐουχοδονόσορ
2613 2168 2642 2219 ὁ
2680 2165 2996 2230 Βαϐυλῶνος
3039 2167 3235 2238 ἄρξας,
3260 2169 3420 2221 ὁπότε
3453 2168 3522 2223 τὰ
3560 2169 3690 2242 ἔθνη

2096 2257 2245 2328 αὐτῷ
2268 2258 2446 2311 πάντα
2477 2260 2557 2320 εἰς
2588 2259 2960 2330 προσκύνησιν
2981 2254 3048 2331 ἦς
3071 2260 3230 2331 ετυχε
3262 2264 3693 2328 κατασκευάσας

2096 2351 2302 2413 εἰκόνος
2328 2350 2644 2422 ἠθροίζετοο
2675 2351 2754 2420 τῷ
2791 2350 2847 2403 δὲ
2883 2351 3002 2422 Θεῷ
3026 2350 3186 2405 τοῦτο
3224 2354 3514 2420 πανσόφως
3548 2355 3690 2425 (uxo-

2096 2444 2330 2511 νομεῖτο,
2366 2442 2453 2495 ἵνα
2480 2442 2573 2496 καὶ
2608 2444 2641 2513 ή
2666 2442 2775 2497 τῶν
2810 2443 3016 2497 παίδων
3046 2443 3219 2515 ἀρετὴ
3248 2446 3380 2497 πᾶσι
3406 2446 3690 2516 γνώριμος

2098 2537 2363 2604 καταστῇ,
2397 2535 2491 2587 καὶ
2524 2534 2738 2604 μάθωσι
2793 2536 3017 2601 πάντες,
3053 2536 3135 2589 ὅτι
3178 2535 3312 2600 Θεὸς
3334 2536 3542 2608 ἀληθὴς
3584 2533 3687 2601 εἷς,

2097 2625 2155 2687 ὃς
2198 2625 2324 2689 τοὺς
2358 2625 2623 2695 οὐρανοὺς
2658 2629 2930 2680 κατοικεῖ’
2966 2630 3117 2699 τρεῖς
3156 2628 3361 2693 παῖδες,
3401 2631 3497 2682 καὶ
3528 2631 3688 2683 αὐτοὶ

2099 2714 2439 2783 αἰχμάλωτοι
2466 2716 2561 2769 καὶ
2589 2716 2688 2785 τὴν
2710 2716 3025 2788 ἐλευθερίαν
3060 2720 3408 2792 ἀφῃρημένοι
3435 2720 3687 2792 ἐπαρρη-

2102 2807 2358 2859 σιάσαντο
2387 2807 2527 2875 πρὸς
2554 2809 2738 2872 αὐτὸν,
2766 2811 2862 2862 καὶ
2900 2811 3117 2864 πάντων
3162 2811 3342 2882 πολλῷ
3374 2812 3482 2866 δέει
3516 2832 3686 2884 προσ-

2100 2901 2426 2967 κυνούντων,
2456 2903 2550 2955 καὶ
2584 2903 2706 2973 μηδ’
2742 2904 2880 2967 ὅλως
2923 2906 2972 2958 εἰ
3020 2905 3096 2975 μὴ
3127 2906 3409 2960 πείθεσθαι
3446 2907 3687 2979 τολμών-

2101 3011 2229 3059 των,
2283 2995 2417 3048 ἀλλά
2481 2995 2667 3064 σχεδὸν
2725 2996 2941 3065 ἀφόνων
3003 2998 3094 3050 ῖσα
3142 2999 3237 3053 καὶ⁵
3277 3002 3396 3063 ταῖς
3446 3001 3685 3053 κτίσεσιν

2104 3087 2433 3156 ἑλκομένων,
2471 3089 2625 3141 αὐτοὶ
2656 3089 2909 3143 τοσοῦτον
2938 3090 3234 3159 ἀπέχοντες
3278 3090 3373 3144 τοῦ
3413 3091 3483 3145 τὰ
3528 3093 3681 3161 ὅμοια

2104 3180 2215 3239 τοῖς
2263 3177 2443 3241 ἄλλοις
2485 3178 2700 3243 παθεῖν,
2733 3180 2808 3243 ὡς
2842 3181 2966 3251 μηδ’
2993 3181 3352 3245 εὐσεϐοῦντας
3378 3184 3680 3252 ἀγνοεῖσθαι

2106 3268 2411 3339 βούλεσθαι,
2470 3272 2593 3340 μηδ’
2642 3272 2934 3343 ὑπομένειν
2982 3271 3186 3339 λαθεῖν,
3238 3273 3354 3328 ἀλλ’
3394 3279 3474 3339 είς
3519 3274 3678 3345 ἀκοὴν

2106 3360 2327 3412 πάντων
2384 3359 2561 3430 λέγειν
2582 3380 2596 3395 ’
2634 3363 2783 3429 Τοὺς
2822 3365 2999 3431 θεούς
3043 3381 3161 3419 σου
3201 3368 3272 3420 οὐ
3298 3368 3665 3434 λατρεύομεν,

2104 3452 2203 3505 καί
2239 3452 2313 3521 τῇ
2337 3456 2523 3509 εικόνι
2548 3453 2622 3524 τῇ
2652 3456 2875 3525 χρυσῇ,
2902 3456 2982 3524 ἣν
3012 3458 3296 3527 ἕστηκας,
3330 3462 3398 3513 οὐ
3420 3473 3670 3526 ,προσκυη

2105 3544 2360 3613 νοῦμενο
2396 3545 2618 3610 τούτους
2657 3549 2737 3611 εἰς
2778 3549 3049 3618 τιμωρίας
3091 3550 3247 3617 λόγον
3292 3551 3386 3603 καὶ
3420 3552 3455 3620 ἠ
3479 3548 3677 3618 φοϐερὰ

2105 3637 2291 3708 ἐκείνη
2343 3639 2734 3711 παραλαϐοῦσα
2781 3643 3015 3711 κάμινος
3051 3638 3141 3714 ἦν,
3192 3643 3313 3696 οὐδέ
3350 3644 3450 3713 τὴν
3494 3640 3683 3711 ἑαυτῆς

2105 3730 2390 3800 ἐνέργειαν
2417 3732 2758 3800 ὐπεδείξατο,
2798 3733 2988 3805 ὥσπερ
3012 3734 3069 3787 δέ
3107 3734 3203 3787 καὶ
3232 3735 3370 3805 αὐτὴ
3405 3733 3685 3803 διευλαϐη-

2108 3822 2261 3877 θεῖσα
2287 3824 2531 3891 τούτους,
2561 3827 2794 3890 ἀπαθεῖς
2818 3828 3006 3881 κακῶν
3037 3827 3345 3896 διεφύλαξε,
3372 3829 3468 3881 καὶ
3494 3828 3686 3889 πάντες

2107 3915 2202 3970 καὶ
2241 3916 2496 3987 βασιλεὺς
2547 3920 2713 3984 αὐτὸς
2756 3923 2848 3998 τὸν
2879 3922 3058 3992 ἀληθῆ
3088 3923 3155 3977 δι’
3186 3922 3410 3975 ἐκείνων
3437 3922 3571 3975 Θεὸν
3596 3924 3689 3975 ἐπ-

2107 4008 2373 4075 έγνωσαν.
2416 4011 2689 4075 Ἐκείνους
2722 4013 2820 4083 οὐχ
2857 4015 2906 4066 οἱ
2942 4016 3000 4068 ἐν
3030 4017 3100 4086 γῇ
3135 4014 3315 4084 μόνον,
3346 4014 3486 4068 ἀλλά
3515 4014 3606 4068 καὶ
3634 4014 3688 4065 ἐν

2104 4099 2355 4167 οὐρανοῖς
2392 4103 2544 4172 χοροὶ⁹
2581 4103 3042 4174 κατεπλάγησαν·
3080 4104 3174 4159 καὶ
3211 4104 3322 4176 γάρ
3355 4106 3436 4169 είς
3460 4106 3558 4168 τάς
3585 4103 3689 4156 τῶν

2107 4195 2279 4263 ἁγίων
2319 4197 2717 4267 ἀνδραγαθείας
2753 4198 2875 4253 οὐδὲ
2908 4201 3036 4264 τοὺς
3076 4202 3135 4253 ἐν
3161 4201 3412 4272 οὐρανοῖς
3453 4201 3686 4265 ἀπεῖναι,

2107 4288 2242 4341 ἀλλὰ
2286 4294 2592 4363 συμφοιτᾷν
2632 4293 2928 4356 κάκείνοις,
2972 4295 3002 4346 ὁ
3031 4294 3173 4357 θεῖος
3217 4292 3537 4357 Ἀπόστολος
3569 4294 3689 4347 ὑπι-

2108 4380 2295 4446 φάνειο
2321 4381 2583 4448 Θέατρον
2612 4384 2745 4453 γὰρ,
2774 4384 2960 4453 φησιν,
2993 4384 3360 4454 ἐγενήθημεν
3386 4382 3484 4438 καί
3519 4382 3687 4453 ἀγγέ-

413 4469 544 4523 duin
572 4470 680 4523 ait:
709 4467 1083 4539 Spectaculum
1109 4469 1237 4539 facti
1264 4487 1445 4525 sumus
1473 4470 1675 4542 angelis
1701 4479 1748 4524 et
1772 4471 2000 4525 homini-

2104 4477 2238 4539 .10tc
2268 4473 2365 4526 καί
2395 4476 2752 4545 ἀνθρώποις.
2792 4479 2976 4549 Ἔχεις
3002 4476 3225 4532 τοιαῦτα
3256 4478 3351 4531 καὶ
3384 4479 3477 4532 ἐπὶ
3511 4477 3689 4531 Ἠλίαν

409 4562 505 4616 bus
532 4565 598 4616 “.
628 4564 791 4617 Potes
815 4572 870 4618 et
899 4564 1018 4618 haec
1051 4563 1107 4617 in
1137 4564 1254 4619 Elia
1279 4564 1494 4629 videre,
1514 4565 1631 4635 qui,
1651 4581 1797 4622 unus
1836 4565 2000 4619 homo

2108 4562 2240 4635 ὁρᾷν
2260 4578 2275 4593 °
2308 4564 2391 4634 ὃς,
2419 4560 2500 4629 εἷς
2544 4567 2832 4638 ἄνθρωπος
2884 4568 2983 4630 ὢν,
3008 4571 3145 4641 πρὸς
3187 4570 3473 4633 πλείστους
3507 4572 3689 4639 ἴσχυσε

368 4638 383 4651 ’
412 4669 541 4708 cum
571 4666 737 4719 esset,
788 4664 981 4709 contra
1039 4655 1311 4723 plurimos
1351 4656 1660 4725 praevaluit,
1703 4672 1804 4727 per
1832 4657 2000 4711 devo-

2109 4655 2198 4708 διὰ
2236 4656 2336 4726 τῆς
2375 4657 2471 4710 τοῦ
2516 4660 2771 4729 οὐρανίου
2820 4662 2990 4732 πυρὸς
3030 4638 3358 4734 καταγωγῆς
3386 4680 3401 4694 ο
3436 4663 3573 4717 ἀλλὰ
3604 4662 3690 4715 καὶ

410 4748 689 4803 cationem
720 4748 861 4819 ignis
887 4765 917 4803 e
945 4749 1104 4803 coelo.
1162 4748 1269 4804 Sed
1325 4760 1380 4804 et
1436 4749 1648 4821 Moyses
1692 4750 2000 4805 universam

2110 4749 2353 4820 Μωῠσῆς
2406 4750 2534 4822 ὅλης
2583 4753 2861 4822 Αἰγύπτου
2913 4756 3008 4809 καὶ
3049 4755 3248 4827 Φαραὼ
3288 4755 3382 4809 τοῦ
3430 4757 3691 4825 τυράννου

410 4840 705 4912 Ᾱίεγριιιιιι
741 4853 795 4896 et
819 4842 1162 4896 Pharaonem
1188 4842 1351 4913 204
1381 4851 1671 4913 tyrannum
1704 4843 2008 4912 superavit.

410 4937 563 4992 idem
593 4937 650 4990 in
681 4936 748 4991 iis
774 4952 895 5005 qua:
922 4935 990 4991 de
1015 4935 1179 4997 Loth.
1216 4938 1273 4990 in
1300 4937 1367 4990 iis
1387 4953 1509 5006 qua:
1534 4937 1601 4992 de
1621 4938 1758 5003 Noe,
1786 4953 1909 5007 quae
1942 4936 2010 4991 de

413 5032 603 5085 multis
624 5031 747 5085 aliis
774 5038 1091 5095 narrantur,
1120 5045 1348 5085 cernere
1372 5040 1477 5095 est,
1505 5032 1599 5100 qui
1622 5045 1746 5085 cum
1775 5046 2008 5100 appare-

418 5129 542 5175 rent
562 5120 1031 5190 contemptibiles,
1054 5120 1243 5174 multis
1270 5120 1581 5176 illustribus
1610 5131 1667 5176 et
1687 5120 2009 5191 potentibus

417 5212 739 5281 superiores
765 5222 1082 5267 evaserunt.

492 5303 635 5358 XIX.
661 5303 837 5359 Unius
865 5302 980 5359 fere
1009 5306 1298 5376 cujusque,
1331 5322 1469 5375 quas
1505 5305 1760 5361 videmus
1794 5320 2004 5371 rerum,

416 5412 488 5451 ea
520 5394 771 5450 conditio
795 5404 901 5460 est,
936 5403 1017 5461 ut,
1050 5397 1108 5449 ni
1136 5397 1219 5451 eis
1242 5397 1537 5452 subveniat
1565 5398 1759 5452 alienae
1795 5409 2009 5453 natura:

424 5492 713 5557 auxilium,
756 5499 1026 5560 quantum
1058 5491 1114 5545 in
1146 5492 1282 5561 ipsis
1316 5500 1423 5553 est.
1454 5492 1527 5546 ad
1556 5494 1897 5563 operandum
1929 5494 2013 5547 in-

2112 4841 2481 4909 περιεγένετο.
2506 4841 2678 4897 Τοῦτο
2707 4846 2801 4898 καὶ
2832 4847 2921 4899 ἐπὶ
2949 4846 3095 4914 Λὼτ,
3116 4846 3276 4901 τοῦτο
3304 4849 3400 4902 καὶ
3428 4849 3521 4901 ἐπὶ
3552 4847 3691 4905 Νῶε,

2114 4932 2207 4985 καὶ
2242 4933 2336 4987 ἐπὶ⁸
2363 4933 2574 4990 πολλῶν
2608 4936 2738 4999 ἴδοις
2771 4938 2975 5009 ἐτέρων
2995 4958 3011 4972 ο
3034 4940 3231 5003 οἵτινες
3276 4940 3357 5010 τῷ
3386 4939 3694 5008 φαινομένῳ

2119 5024 2321 5095 πολλὴν
2352 5026 2627 5082 εὐτέλειαν
2658 5031 3038 5102 ύπερχὸμενοι,
3059 5032 3271 5086 πολλῶν
3300 5032 3565 5103 ἐκράτουν
3593 5034 3696 5085 ἐπιδ

2118 5118 2184 5188 σή
2193 5135 2308 5188 μων
2336 5118 2429 5173 καὶ
2458 5119 2714 5176 δυνατῶν.

2186 5304 2288 5360 IO'.
2339 5305 2589 5380 Ἐκάστῳ
2626 5308 2737 5362 τῶν
2767 5311 3131 5382 φαινομένων,
3170 5309 3238 5380 ἠν
3274 5309 3348 5381 μὴ
3388 5311 3483 5364 καὶ
3513 5310 3698 5381 ἐτέριυ

2114 5415 2196 5461 τις
2243 5396 2368 5470 ξένη
2421 5401 2583 5470 φύσις
2635 5403 2771 5473 πρὸς
2821 5404 3076 5476 βοήθειαν
3124 5406 3451 5473 ἐπιγένοιτο,
3484 5405 3543 5458 τὸ
3583 5407 3698 5456 ὅσον

2119 5495 2242 5548 καθ’
2278 5496 2439 5549 ἑαυτὸ
2466 5498 2801 5569 ἀνέργαστόν
2831 5504 2947 5555 ἐστι
2981 5503 3075 5556 καὶ
3104 5504 3437 5575 ἀκόσμητον.
3467 5503 3578 5555 Καὶ
3600 5502 3699 5569 γὰρ

429 5584 592 5637 utiles
641 5581 1016 5652 informesque
1062 5583 1471 5653 relinquantur.
1525 5585 1826 5641 Inell'abilis
1864 5587 2000 5640 enim

2120 5587 2152 5655 ἡ
2176 5585 2267 5638 τοῦ
2292 5586 2427 5639 θεοῦ
2455 5588 2732 5657 ἄφραστος
2767 5592 2927 5659 σοφία
2965 5594 3239 5663 μυστήρια
3269 5594 3364 5645 καὶ
3392 5593 3593 5656 τύπους
3617 5593 3701 5644 διὰ

428 5671 523 5725 Dei
556 5673 826 5742 sapientia
857 5674 1117 5747 mysteria
1147 5684 1203 5730 et
1231 5686 1387 5749 typos
1412 5692 1510 5746 per
1549 5694 1612 5732 ea
1634 5695 1755 5749 qua:
1788 5679 1845 5733 in
1872 5696 2005 5735 ocu—

2115 5680 2222 5732 τῶν
2249 5680 2545 5751 ὁρωμένων
2561 5682 2853 5749 δείκνυσιν,
2881 5684 3073 5755 ὅτιπερ
3107 5686 3139 5756 ή
3173 5685 3491 5759 ἀνθρωπίνη
3520 5683 3691 5755 φύσις,

503 5866 547 5898 ι’
582 5866 817 5937 Philipp.
858 5890 933 5940 ιιι,
972 5874 1060 5929 20.
1141 5876 1185 5908 ⁸⁸
1228 5876 1247 5931 I
1280 5875 1409 5931 Cor.
1440 5893 1497 5943 ιι,
1532 5879 1584 5933 9.
1664 5880 1705 5913 ἰ
1739 5881 1876 5938 Dan.
1905 5897 1987 5944 in,

2104 5922 2110 5935 .
2191 5883 2236 5915 "
2267 5882 2289 5938 l
2318 5881 2448 5938 Cor.
2476 5900 2546 5952 iv,
2578 5884 2629 5940 9.
