4020 6422
401 353 507 412 925

1614 358 1848 419 LIBER
1886 356 1987 420 DE
2023 358 2482 425 CHARITATE.

3580 372 3687 435 926

398 464 519 517 καθ’
549 463 749 532 ἑαυτὴν
778 457 937 529 οὖσα,
962 463 1061 535 τὴν
1086 464 1279 535 ἐντελῆ
1308 465 1419 519 τῶν
1445 467 1657 538 ἀρετῶν
1682 470 1972 540 διακόσμη-

2086 471 2171 527 los
2205 473 2525 540 incurrunt,
2556 475 2737 547 iisque
2764 486 3036 533 monstrat
3079 488 3330 534 naturam
3361 481 3683 550 humanam,

403 572 488 609 σιν
515 553 613 608 καὶ
662 554 763 624 τὴν
790 556 1167 630 πνευματικὴν
1195 558 1531 629 εὐπρέπειαν
1554 561 1655 631 τῆς
1673 563 1987 635 ἁγιωσύνης

399 647 580 713 ἐκτὸς,
614 648 665 701 εί
684 647 761 720 μὴ
789 649 884 703 καὶ
911 651 1009 720 τῆς
1046 650 1196 714 θείας
1223 653 1519 708 ἀπολαύσοι
1559 656 1761 728 χειρὸς,
1793 658 1988 712 ἀδύνα-

396 740 488 805 τός
529 742 679 796 ἐστιν
718 742 1112 807 ἐπιδείξασθαι.
1143 739 1268 797 Οἷον
1302 747 1334 816 ἡ
1378 747 1471 816 γῆ,
1509 748 1630 802 καθ’
1661 750 1860 819 ἑαυτῆς
1900 751 1991 821 μέ-

396 851 583 899 νουσα,
614 836 661 887 εί
693 834 767 905 μὴ
803 834 1062 905 μετάσχοι
1099 836 1197 906 τῆς
1229 836 1319 889 διὰ
1355 838 1463 893 τῶν
1494 841 1749 910 γηπόνων
1789 843 1988 914 ἐπιμε·

395 925 546 988 λείας
569 966 584 989 ,
635 919 755 978 εἶτα
794 926 887 978 καὶ
924 926 1024 995 τὴν
1062 926 1126 979 ὲκ
1160 927 1270 980 τῶν
1299 928 1524 1002 ὄμϐρων
1563 934 1656 985 καὶ
1698 933 1791 986 τοῦ
1829 934 1985 1006 ἡλίου

396 1017 758 1087 καταδέξηται
787 1018 1097 1089 συνεργίαν,
1124 1020 1496 1092 ἀνεπιτήδειός
1524 1026 1640 1079 ἐστι
1662 1027 1756 1080 καλ¹
1783 1027 1987 1098 ἥκιστα

395 1109 622 1179 διαρκὴς
678 1110 815 1179 πρὸς
861 1115 1249 1183 καρπογονίαν.
1299 1116 1408 1169 Καὶ
1450 1112 1599 1181 οἶκος
1642 1119 1699 1172 δὲ
1740 1123 1849 1183 πᾶς
1892 1120 1986 1174 τοῦ

393 1201 619 1271 ἡλιακοῦ
651 1202 803 1255 τοῦδε
830 1203 1001 1257 δεῖται
1031 1207 1228 1275 φωτὸς,
1256 1209 1393 1278 ὅπερ
1415 1210 1515 1264 οὐκ
1544 1210 1661 1264 ἔστι
1690 1212 1789 1283 τῆς
1816 1214 1986 1282 αὐτῆς

391 1296 586 1365 ἐκείνῳ
621 1294 871 1363 φύσεως’
913 1298 1038 1350 ἐπεὶ
1075 1300 1300 1365 σκότους
1337 1302 1403 1356 ἂν
1435 1304 1521 1373 εἴη
1552 1305 1985 1378 πεπληρωμένος

391 1386 488 1438 καὶ
530 1387 838 1458 ἀχρηστος’
882 1392 974 1443 καὶ
1022 1389 1190 1461 ἔτερα
1220 1393 1279 1446 δὲ
1310 1395 1519 1460 τούτοις
1554 1398 1756 1467 ὁμοίως
1794 1399 1986 1469 ἔχοντα

392 1476 534 1546 Misi.
561 1480 664 1531 Τὸν
693 1479 856 1533 αὑτὸν
892 1477 986 1535 οὖν
1019 1485 1221 1553 τρόπον
1255 1486 1349 1539 καὶ
1386 1487 1419 1557 ἡ
1459 1488 1777 1560 ἀνθρωπίνη
1824 1491 1986 1559 φύσις

394 1569 690 1634 ἀδυνάτως,
706 1571 827 1624 καθ’
854 1573 1053 1644 ἑαυτὴν
1067 1576 1290 1645 σχοῦσα,
1308 1578 1434 1641 τοὺς
1457 1581 1705 1650 καρποὺς
1730 1582 1839 1636 τῶν
1861 1584 1988 1654 ἀρε-

392 1659 502 1713 τῶν
563 1660 803 1725 τελείους
859 1663 1189 1733 ἀποδιδόναι,
1238 1669 1409 1723 δεῖται
1462 1670 1555 1727 τοῦ
1607 1675 1984 1743 πνευματικοῦ

394 1754 634 1829 γηπόνῡυ
670 1757 778 1815 τῶν
820 1758 1109 1829 ἡμετέρων
1143 1760 1353 1831 ψυχῶν,
1398 1765 1645 1819 τουτέστι
1682 1767 1778 1822 τοῦ
1812 1770 1985 1823 Πνεύ-

395 1870 564 1920 ματος
584 1852 677 1905 τοῦ
697 1850 933 1924 Χριστοῦ
958 1867 980 1885 ι
1001 1852 1137 1922 ὅπερ
1160 1855 1250 1907 καὶ
1270 1856 1402 1909 αὐτὸ
1420 1856 1569 1922 ξένον
1588 1860 1688 1931 τῆς
1708 1862 1983 1933 ἡμετέρας

394 1943 632 2013 ἀτεχνῶς
666 1945 885 2015 φύσεως
905 1963 922 1979 ο
953 1947 1161 2020 κτίσμα
1188 1948 1299 2020 γὰρ
1322 1952 1483 2019 ἡμεῖς
1501 1993 1517 2019 ,
1548 1952 1667 2006 τόδε
1692 1954 1949 2009 άκτιστον
1967 1974 1980 1989 ο

394 2032 479 2085 ἵνα
520 2036 614 2087 καὶ
648 2039 712 2107 τῇ
760 2037 868 2109 ίδίᾳ
888 2039 1052 2111 τέχνῃ
1087 2019 1414 2113 γεωργῆσαν
1444 2042 1554 2097 τῶν
1585 2046 1794 2101 πιστῶν
1839 2064 1985 2118 φημι

391 2124 489 2188 τὰς
525 2127 771 2198 καρδίας,
803 2128 900 2193 τὰς
931 2130 1037 2199 ὅλῳ
1058 2130 1320 2201 θελήματι
1356 2133 1556 2199 ἑαυτὰς
1576 2136 1654 2205 τῷ
1677 2155 1984 2210 πνευματι-

392 2216 474 2288 κῷ
510 2220 743 2291 γεωργῷ
780 2220 1149 2291 παραδούσας,
1181 2223 1420 2290 τελείους
1458 2227 1585 2289 τοὺς
1616 2232 1859 2298 καρποὺς
1888 2232 1980 2285 τοῦ

392 2309 712 2379 ιινεύματος
761 2311 1051 2365 ἀποδοῦναι
1099 2317 1516 2390 παρασκευάσῃ,
1574 2317 1764 2392 λάμψῃ
1808 2339 1866 2375 τε
1920 2324 1981 2377 τὸ

392 2399 583 2453 ἑαυτοῦ
616 2400 731 2469 φῶς
775 2402 834 2453 ὲν
867 2403 933 2473 τῇ
962 2403 1324 2477 ὲσκοτισμένῃ
1351 2409 1462 2470 τοῖς
1490 2407 1724 2462 πάθεσιν
1745 2411 1845 2481 τῆς
1874 2411 1980 2481 ψυ-

391 2493 494 2561 χῆς
526 2491 683 2561 ήμῶν
704 2492 871 2564 οἰκίᾳ.

462 2580 549 2632 K'.
581 2580 815 2646 Διπλοῦς
860 2584 978 2638 ἐστι
1013 2587 1125 2650 τοῖς
1157 2587 1504 2659 Χριστιανοις
1534 2590 1563 2642 ὁ
1591 2590 1849 2663 πόλεμος,
1883 2593 1979 2647 καὶ

391 2670 553 2742 διπλῆ
608 2674 642 2743 ἠ
694 2675 839 2745 πάλη
862 2692 876 2706 ·
934 2680 1072 2748 πρός
1110 2696 1171 2732 τε
1210 2681 1280 2733 τὰ
1307 2681 1562 2754 δρώμενα
1601 2684 1682 2755 τῷ
1710 2686 1977 2760 ὀφθαλμῷ

388 2762 563 2835 τούτῳ
582 2781 596 2794 ο
636 2766 945 2839 ὑπερετίζει
978 2770 1087 2841 γὰρ
1115 2772 1288 2826 ταῦτα
1311 2774 1406 2827 καὶ
1437 2762 1857 2848 διαγαργάλίζει
1880 2783 1976 2835 καὶ

391 2858 700 2927 παρακαλεί
733 2859 835 2929 τὴν
869 2862 1049 2932 ψυχὴν
1079 2866 1455 2937 προσπάσχειν
1496 2871 1681 2934 αὐτοῖς
1723 2872 1819 2924 καὶ
1850 2890 1974 2927 συν-

389 2948 611 3020 ήδεσθαι
631 2965 644 2978 ·
677 2944 798 3006 εἶτα
820 2953 914 3005 καὶ
944 2954 1078 3025 πρὸς
1102 2956 1201 3019 τὰς
1222 2956 1313 3010 τοῦ
1334 2958 1508 3014 δεινοῦ
1531 2964 1974 3037 κοσμοκράτορος

389 3041 566 3109 ἀρχὰς
596 3041 691 3094 καὶ
713 3043 982 3108 ἐξουσίας.

2012 1813 2061 1871 Β

2090 565 2194 620 sibi
2220 567 2469 622 relictam
2498 570 2758 633 soli,esse
2783 571 3203 627 insullicientem
3221 573 3288 628 ad
3311 575 3685 633 exhibendum

2090 657 2144 711 in
2188 675 2245 714 se
2273 660 2578 730 perfectum
2622 664 2889 718 virtutum
2938 674 3194 719 ornatum
3247 674 3303 720 et
3340 668 3684 737 spiritualem

2089 753 2469 808 sanctimonia:
2490 752 2769 822 decorem,
2800 755 2910 811 nisi
2935 756 3140 812 divinae
3166 759 3413 814 subsidio
3434 762 3687 830 perfrua-

2090 849 2183 895 tur
2212 858 2431 899 manus.
2454 845 2612 901 Sicut
2652 857 2824 912 terra,
2848 848 2903 902 in
2927 848 3044 903 suis
3067 865 3295 905 manens
3319 854 3683 915 naturalibus.

2089 933 2195 987 nisi
2216 935 2585 1004 agricolarum
2620 940 2835 994 artibus
2877 940 3279 1012 laboribusque
3306 954 3681 1015 pracparetur,

2089 1032 2471 1096 praetereaque
2490 1029 2597 1083 nisi
2621 1039 2676 1084 et
2708 1031 2968 1085 imbrium
3000 1041 3055 1086 et
3086 1034 3219 1088 solis
3248 1034 3520 1106 benignos
3544 1038 3686 1093 reci-

2091 1115 2207 1184 piat
2240 1116 2503 1183 inﬂuxus,
2541 1120 2725 1190 inepta
2765 1131 2851 1177 est
2902 1133 2959 1178 et
3011 1125 3239 1181 minime
3282 1128 3559 1184 sufﬁciens
3612 1131 3682 1185 ad

2088 1207 2389 1277 gignendos
2420 1210 2668 1278 fructus;
2704 1214 2956 1269 similiter
2994 1226 3050 1271 et
3076 1216 3274 1273 domus
3301 1220 3583 1289 quaelibet,
3623 1232 3685 1278 ut

2094 1295 2551 1366 liatbabitabilis,
2589 1310 2715 1370 eget
2744 1303 2952 1357 lumine
2995 1306 3185 1371 solari,
3229 1307 3432 1364 alienae
3487 1311 3681 1381 utique

2088 1387 2159 1441 ab
2184 1388 2300 1458 ipsa
2323 1402 2568 1458 naturae;
2603 1409 2715 1463 quo
2734 1396 2780 1450 si
2800 1405 3012 1461 careat,
3034 1400 3255 1468 oppleta
3276 1402 3520 1458 tenebris
3540 1405 3681 1460 nulli

2088 1480 2161 1535 sit
2186 1482 2312 1535 usui
2338 1500 2351 1536 :
2390 1483 2476 1539 his
2502 1485 2703 1541 similia
2730 1489 2902 1542 multa
2929 1490 3145 1546 videbis
3178 1509 3192 1545 :
3232 1493 3301 1548 ad
3328 1493 3477 1549 hunc
3512 1496 3685 1567 igitur

2088 1570 2315 1626 modum
2353 1577 2597 1630 humana
2631 1593 2852 1647 quoque
2887 1589 3085 1636 natura
3138 1584 3411 1652 impotens
3460 1600 3561 1655 per
3618 1603 3684 1643 se

2090 1660 2265 1731 ipsam
2293 1672 2378 1717 est
2407 1664 2474 1719 ad
2508 1665 2725 1723 fructus
2748 1670 3019 1724 virtutum
3070 1674 3347 1743 perfectos
3370 1678 3681 1745 producen-

2090 1751 2218 1817 dos;
2249 1752 2570 1825 indigetque
2588 1757 2653 1811 ad
2689 1758 2745 1812 id
2773 1775 2939 1829 opera
2966 1763 3269 1831 spiritualis
3289 1768 3541 1837 agricola:
3562 1768 3683 1822 ani-

2094 1860 2308 1898 marum
2350 1857 2689 1914 nostrarum,
2722 1852 2817 1920 qui
2841 1862 2925 1906 est
2956 1855 3199 1923 Spiritus
3223 1856 3453 1922 Christi,
3484 1862 3681 1918 aliena:

2086 1934 2335 2004 profecto
2365 1952 2396 1992 a
2435 1948 2625 1995 nostra
2656 1952 2887 2006 naturai,
2938 1960 3064 1999 cum
3096 1963 3201 2003 nos
3241 1961 3528 2017 creaturae,
3560 1956 3677 2024 ipse

2088 2026 2372 2084 increatus
2398 2029 2505 2096 sit;
2537 2040 2598 2085 ut
2621 2035 2941 2091 excolendis
2963 2046 3079 2092 arte
3108 2039 3215 2093 sibi
3260 2043 3486 2112 prOpria
3536 2044 3676 2100 ﬁde—

2083 2116 2218 2173 lium
2260 2121 2525 2178 cordibus
2548 2165 2563 2190 ,
2609 2125 2699 2191 iis,
2733 2128 2979 2197 inquam,
3016 2146 3136 2200 qua:
3162 2148 3219 2186 se
3253 2140 3363 2187 tota
3393 2135 3677 2193 voluntate

2081 2210 2356 2280 spirituali
2377 2214 2574 2269 colono
2601 2217 2871 2285 praebent,
2904 2218 3109 2275 efﬁciat
3148 2237 3216 2276 ea
3258 2223 3463 2280 feracia
3496 2228 3678 2297 perfe-

2081 2312 2297 2357 ctorum
2321 2304 2561 2374 Spiritus
2590 2307 2871 2363 fructuum
2900 2327 2913 2376 ;
2948 2323 3003 2366 et
3029 2313 3217 2368 lumen
3246 2316 3368 2385 ejus
3387 2318 3677 2386 splendeat

2082 2395 2139 2450 in
2197 2397 2560 2453 obtenebrata
2589 2403 3108 2470 perturbationibus
3142 2407 3443 2465 affectuum
3476 2413 3676 2469 anima:

2079 2498 2282 2543 nostrae
2311 2490 2501 2546 domo.

2152 2583 2270 2638 XX.
2318 2586 2529 2655 Duplex
2581 2586 2915 2646 Christianis
2961 2601 3047 2647 est
3108 2594 3313 2650 bellum
3354 2605 3412 2653 et
3463 2598 3671 2672 duplex

2078 2673 2248 2729 lucta.
2284 2676 2420 2730 Nam
2449 2687 2506 2733 et
2528 2694 2592 2734 ea
2612 2696 2735 2749 qua:
2775 2696 2834 2736 se
2868 2685 3125 2753 corporis
3156 2687 3335 2743 oculis
3374 2690 3669 2761 objiciunt,

2079 2765 2337 2833 invitant,
2374 2770 2652 2827 titillando
2695 2773 2917 2829 irritant
2947 2786 3002 2831 et
3055 2790 3361 2848 provocant
3405 2784 3668 2850 animam,

2077 2859 2145 2912 ad
2181 2874 2240 2913 se
2268 2862 2469 2915 all‘ectu
2494 2863 2936 2933 complectenda,
2971 2877 3028 2922 et
3065 2870 3135 2924 ad
3177 2872 3379 2928 oblatis
3420 2889 3520 2943 per
3552 2875 3670 2945 ipsa

2076 2954 2453 3025 voluptatibus
2464 2954 2785 3026 fruendum;
2811 2961 3068 3032 ultraque
3087 2964 3224 3029 hazc,
3242 2965 3508 3025 adversus
3524 2972 3674 3027 acris

2083 3047 2351 3117 principis
2387 3050 2577 3103 mundi
2611 3052 2952 3122 principatus
2978 3064 3034 3108 et
3065 3064 3383 3125 potestates.

462 3130 594 3183 KA'.
640 3131 704 3184 Ἦ
730 3132 855 3199 δόξα
881 3135 1147 3201 Μωσέως,
1172 3138 1237 3209 ἥν
1267 3139 1359 3193 ἐπὶ
1388 3140 1484 3195 τοῦ
1518 3144 1812 3213 προσώπου
1835 3143 1970 3219 εἶχε,

2149 3140 2501 3198 XXI.Gloria
2526 3143 2690 3199 Mosis
2724 3162 2887 3215 quam
2930 3147 2986 3201 in
3023 3148 3162 3205 facie
3221 3152 3417 3208 habuit
3463 3156 3530 3219 ’³,
3584 3164 3670 3228 ty-
3746 3162 3751 3167 '

300 3246 315 3265 κ
387 3221 558 3285 τύπος
608 3223 709 3293 τῆς
756 3224 988 3296 ἀληθοῦς
1031 3228 1190 3300 δόξης
1220 3230 1313 3285 τοῦ
1347 3235 1612 3303 παναγίου
1654 3237 1974 3309 Πνεύματος

386 3307 455 3384 ἦν
477 3331 489 3344 ·
516 3314 574 3366 δν
597 3315 703 3385 γὰρ
730 3317 929 3387 τρόπον
955 3320 1070 3373 ἐκεῖ
1094 3324 1197 3384 πᾶς
1225 3324 1375 3389 ὅστις
1409 3326 1655 3382 ἀτενίσαι
1686 3307 1970 3397 ἀδύνατος.

388 3403 544 3459 Οὕτω
573 3405 667 3459 καὶ
695 3409 789 3463 νῦν
815 3410 1019 3482 ταύτην
1038 3413 1137 3484 τὴν
1165 3414 1347 3483 δόξαν,
1379 3419 1479 3489 τὴν
1508 3421 1686 3493 ψυχὴν
1709 3424 1972 3495 Χριστια-

387 3497 483 3570 νὴν
526 3500 963 3572 ὲπιλάμπουσαν,
1012 3503 1072 3557 τὸ
1100 3506 1208 3579 τῶν
1238 3507 1426 3563 παθῶν
1470 3512 1659 3577 σκότος
1700 3516 1799 3586 οὐχ
1836 3518 1971 3571 ὑπο-

391 3593 575 3661 μένεισ
624 3594 739 3648 ἀλλ’
778 3595 885 3648 ὑπὸ
930 3596 1032 3667 τῆς
1066 3600 1243 3671 αὐγῆς
1285 3603 1489 3676 ταύτης
1531 3607 1970 3682 ἀποδιωκόμενον

389 3686 671 3753 φεύγεται.

402 3832 405 3835 _
460 3775 588 3829 KB’.
621 3776 709 3847 Τῷ
749 3778 1033 3850 φιλαλήθει
1073 3782 1167 3835 καὶ
1196 3784 1428 3856 φιλοθέῳ
1472 3790 1695 3862 καὶτῆς
1727 3794 1968 3867 ἐπουρα-

389 3864 500 3918 νίου
532 3865 867 3937 γλυκύτητος
900 3872 1244 3944 γευσαμένῳ,
1275 3874 1516 3945 ἔμφυτόν
1549 3895 1607 3931 τε
1640 3880 1734 3932 καὶ
1764 3864 1967 3954 κεκρα-

392 3957 564 4028 ριένην
599 3961 655 4011 ὲν
702 3963 767 4032 τῇ
808 3961 959 4034 ψυχῇ
989 3966 1313 4037 κεκτημένῳ
1348 3971 1449 4038 τὴν
1478 3972 1663 4042 χάριν,
1704 3976 1799 4028 καὶ
1829 3976 1966 4041 ὅλως

386 4050 577 4104 ἑαυτὸν
644 4055 756 4117 τοῖς
811 4054 1082 4126 θελήμασι
1138 4062 1239 4130 τῆς
1297 4062 1522 4133 χάριτος
1584 4067 1962 4138 ὲπιτρέψαντι,

385 4143 564 4197 πάντα
612 4144 706 4198 τοῦ
746 4146 940 4211 αἰῶνος
970 4149 1123 4203 τοῦδε
1160 4151 1249 4206 διὰ
1293 4155 1486 4223 μίσους
1510 4158 1655 4211 ἐστί·
1697 4162 1965 4232 κρείττων

381 4236 492 4307 γὰρ
547 4229 701 4303 οὗτος
746 4239 854 4292 τῶν
905 4242 999 4294 τοῦ
1054 4243 1261 4314 κόσμου
1298 4249 1538 4320 κατέστη
1573 4251 1827 4306 πάντωνο
1860 4255 1963 4309 κᾶν

381 4330 581 4400 χρυσὸν
612 4331 791 4402 εἴπῃς,
844 4332 949 4387 κᾶν
1003 4334 1271 4407 ἄργυρον,
1313 4339 1419 4393 κᾶν
1452 4343 1619 4412 τιμὰς
1657 4346 1751 4399 καὶ
1782 4346 1959 4413 δόξας,

380 4421 481 4474 κᾶν
531 4425 918 4494 μακαρισμοὺς
950 4426 1043 4480 καὶ
1073 4428 1362 4493 ἐπαίνουςο
1399 4434 1490 4486 ὑπ’
1519 4435 1729 4500 οὐδενὸς
1761 4438 1960 4493 ἁλῶναι

378 4511 489 4564 τῶν
517 4512 772 4565 τοιούτων
804 4513 1027 4567 δύναται
1056 4532 1070 4546 '
1096 4519 1284 4572 καθότι
1307 4520 1536 4576 πλούτου
1563 4524 1724 4579 ἀλλου
1755 4528 1847 4580 καὶ
1875 4546 1958 4582 τι-

385 4606 493 4676 μῆς
519 4606 708 4677 ἄλλης,
742 4609 934 4679 ἑτέρας
974 4611 1031 4664 δὲ
1063 4612 1221 4685 δόξης
1253 4618 1333 4680 είς
1360 4622 1553 4691 πεῖραν
1586 4625 1833 4691 ἀφῖκται,
1864 4628 1957 4680 καὶ

382 4705 540 4775 ἡδονῇ
581 4704 843 4775 ἀφθάρτῳ
886 4708 1143 4777 τρέφεται
1176 4711 1277 4781 τὴν
1320 4712 1521 4784 ψυχὴν,
1559 4716 1655 4769 καὶ
1703 4717 1957 4791 αἴσθησιν

382 4797 495 4864 ἔχει
543 4796 638 4848 καὶ
670 4797 1045 4869 πληροφορίαν
1074 4803 1255 4856 πᾶσαν
1284 4804 1371 4858 διά
1406 4805 1508 4878 τῆς
1538 4811 1822 4875 κοινωνίας
1861 4813 1955 4866 τοῦ

382 4887 717 4957 ιίνεύματος.

450 4979 576 5031 Kl".
625 4972 813 5043 Οὗτος,
867 4982 1039 5052 ὁπόση
1090 4984 1169 5054 τῷ
1214 4986 1419 5057 λογικῷ
1460 4990 1680 5061 ποιμένι
1728 4992 1957 5064 διαφορὰ

379 5068 514 5138 πρὸς
540 5069 607 5122 τὰ
629 5069 796 5137 ἄλογα
831 5071 1147 5142 θρέμματα,
1179 5077 1433 5131 τοσοῦτον
1455 5081 1512 5132 ὲν
1541 5082 1751 5136 συνέσει
1782 5102 1841 5137 τε
1864 5089 1958 5141 καὶ

376 5159 573 5227 γνώσει
606 5162 700 5214 καὶ
727 5163 1019 5234 διακρίσει,
1044 5164 1153 5218 τῶν
1186 5168 1488 5239 ἀνθρώπων
1506 5172 1780 5244 διαφέρων
1806 5178 1953 5231 ὲστί·

375 5251 591 5321 καὶγὰρ
608 5253 768 5306 ἄλλου
788 5254 927 5307 [Ινεύ
936 5258 1234 5326 ματος,καὶ
1249 5258 1408 5314 ἄλλου
1427 5261 1565 5326 νοὸς,
1579 5262 1745 5334 ἄλλης
1759 5282 1817 5318 τε
1836 5285 1960 5323 συνο

374 5346 540 5407 έσεως
568 5346 661 5398 καὶ
688 5346 885 5414 σοφίας
904 5348 1055 5417 παρά
1068 5350 1167 5418 τὴν
1179 5349 1272 5402 τοῦ
1300 5351 1505 5421 κόσμου
1525 5354 1715 5408 τούτου
1739 5360 1958 5432 μετέχει

377 5434 568 5502 σοφίαν
588 5450 602 5465 ο
635 5438 864 5505 Σοφίαν
912 5439 1046 5510 γὰρ,
1075 5442 1230 5512 φησὶ,
1269 5442 1581 5513 λαλοῦμεν
1611 5445 1682 5499 ἐν
1701 5448 1827 5516 τοῖς
1866 5468 1960 5505 τε·

374 5531 563 5597 ν’ίείοις
581 5545 594 5557 ·
620 5535 845 5601 σοφίαν
861 5531 930 5584 δὲ
954 5534 1024 5586 οὐ
1047 5534 1153 5588 τοῦ
1175 5535 1385 5603 αἰῶνος
1414 5538 1661 5605 τούτου,
1678 5541 1820 5595 οὐδὲ
1834 5544 1954 5599 τῶν

374 5627 685 5693 ἀρχόντων
735 5624 842 5679 τοῦ
887 5624 1101 5693 αἶῶνος
1137 5630 1354 5684 τούτου
1392 5630 1510 5684 τῶν
1550 5638 1952 5707 καταργουμέ-

447 5813 489 5844 ³³
519 5812 689 5866 Exod.
722 5829 903 5879 τισιν,
931 5815 1017 5871 50.
1096 5818 1137 5849 “
1173 5819 1217 5873 ll
1253 5818 1379 5875 Cor.
1408 5837 1483 5888 Ill,
1511 5823 1563 5877 7.

2078 3248 2182 3303 pus
2211 3250 2354 3289 vera:
2386 3235 2575 3306 gloriae
2615 3238 2956 3294 sanctissimi
2998 3240 3242 3312 Spiritus
3283 3252 3437 3312 erat;
3475 3262 3683 3318 quem-

2075 3325 2372 3380 admodum
2410 3329 2560 3382 enim
2613 3328 2728 3384 illic
2774 3347 2936 3386 nemo
2968 3344 3185 3403 poterat
3215 3336 3505 3395 intendere
3529 3355 3669 3395 ocu-

2074 3418 2157 3472 los
2205 3420 2258 3472 in
2309 3419 2473 3487 Mosis
2515 3420 2710 3476 faciem
2747 3424 2813 3489 ",
2864 3424 2947 3479 sic
2992 3433 3049 3480 et
3100 3442 3252 3482 nunc
3304 3431 3669 3500 resplenden-

2075 3518 2185 3562 tem
2210 3510 2266 3563 in
2300 3511 2483 3565 anima
2513 3511 2823 3568 Christiana
2856 3516 3129 3585 ejusmodi
3165 3518 3393 3588 gloriam
3423 3523 3672 3579 tenebrae

2073 3603 2376 3657 affectuum
2398 3619 2512 3659 non
2540 3604 2849 3660 sustinent:
2874 3608 2969 3662 sed
2995 3608 3065 3663 ab
3095 3610 3191 3664 illo
3215 3610 3421 3667 abactae
3450 3613 3671 3686 fulgore

2073 3694 2392 3765 diffugiunt.

2142 3788 2309 3843 XXII.
2340 3790 2404 3844 Ei
2436 3790 2531 3859 qui
2557 3790 2850 3845 veritatem
2895 3800 2953 3846 et
3004 3793 3180 3849 Deum
3237 3805 3406 3864 amat,
3450 3800 3665 3870 quique

2070 3882 2355 3935 caelestem
2382 3881 2731 3937 dulcedinem
2771 3885 3035 3953 gustavit,
3082 3895 3139 3941 et
3170 3887 3397 3942 insitam
3432 3904 3665 3947 concre-

2072 3981 2295 4043 tamque
2329 3974 2553 4043 penitus
2582 3974 2777 4029 animae
2808 3975 3055 4044 possidet
3088 3979 3340 4047 gratiam,
3374 3989 3663 4053 totumque

2067 4081 2126 4121 se
2172 4066 2420 4121 arbitriis
2472 4067 2662 4136 gratiae
2707 4066 2981 4137 permisit,
3010 4068 3196 4125 omnia
3247 4072 3435 4126 saeculi
3493 4073 3667 4146 hujus

2067 4173 2238 4213 exosa
2277 4160 2429 4213 sunt.
2456 4159 2815 4213 Praestantior
2855 4160 3059 4230 quippe
3094 4161 3185 4216 hic
3218 4171 3274 4218 et
3295 4168 3551 4233 superior
3600 4177 3657 4221 et

2066 4252 2489 4323 quibuscunque
2540 4252 2734 4307 mundi
2771 4252 2975 4319 rebus,
3036 4253 3152 4308 sive
3192 4269 3391 4311 aurum
3424 4257 3651 4325 dixeris,

2064 4345 2180 4399 sive
2230 4355 2552 4415 argentum;
2590 4346 2707 4400 sive
2762 4345 3003 4401 honores
3057 4356 3113 4402 et
3159 4347 3477 4419 dignitates,
3536 4356 3666 4408 sive-

2064 4437 2573 4506 congratulationes
2648 4446 2705 4492 et
2763 4437 2994 4504 laudes;
3050 4440 3200 4494 nullo
3268 4442 3464 4498 talium
3528 4444 3665 4515 capi:

2064 4538 2269 4599 potest,
2297 4530 2559 4599 quoniam
2594 4529 2826 4584 aliarum
2858 4530 3017 4602 longe
3044 4532 3386 4601 divitiarum,
3422 4537 3668 4593 alterius

2061 4622 2475 4678 excellentioris
2532 4622 2818 4693 dignitatis
2878 4634 3097 4694 gustum
3157 4627 3494 4696 experiendo
3527 4645 3663 4699 per-

2061 4716 2229 4786 cepit,
2254 4724 2310 4771 et
2332 4715 2613 4785 voluptate
2658 4716 3065 4785 incorruptibili
3100 4719 3281 4773 anima
3305 4721 3425 4790 ejus
3452 4722 3645 4789 alitur;

2060 4822 2338 4876 sensuque
2394 4805 2589 4860 intimo
2634 4820 2699 4859 ac
2750 4807 3097 4875 possessione
3138 4808 3298 4862 beata
3343 4812 3660 4867 communi-

2066 4901 2206 4953 catis
2232 4899 2299 4953 ab
2335 4898 2681 4953 inhabitante
2732 4898 2835 4968 ipsi
2877 4899 3087 4967 Spiritu
3129 4898 3333 4952 fruitur
3367 4900 3549 4956 bonis.

2135 4992 2327 5046 XXIII.
2352 4992 2530 5062 Hujus
2565 5000 2712 5047 tanta
2741 5000 2825 5046 est
2877 5006 3046 5060 supra
3096 4991 3357 5060 vulgares
3397 4992 3663 5050 homines

2064 5085 2412 5148 excellentia,
2443 5092 2713 5154 quantum
2751 5084 2963 5137 ratione
2994 5082 3257 5152 praeditus
3286 5094 3477 5154 pastor
3506 5088 3648 5142 cmi,-

2065 5187 2163 5231 net
2192 5193 2357 5247 supra
2387 5177 2583 5231 brutas
2618 5176 2907 5246 pecudes;
2938 5184 3168 5240 tantum,
3221 5176 3467 5247 inquam,
3497 5180 3659 5235 anti—

2067 5276 2175 5321 stat
2206 5265 2524 5320 mortalium
2556 5264 2769 5319 cateris
2800 5266 3088 5334 sapientia,
3134 5266 3384 5334 scientia,
3432 5268 3658 5327 discre-

2068 5358 2237 5423 tione,
2267 5358 2471 5427 quippe
2509 5356 2603 5426 qui
2638 5356 2805 5410 alium
2854 5356 3140 5426 Spiritum,
3175 5359 3337 5412 aliam
3372 5374 3654 5427 mentem,

2066 5450 2229 5504 aliam
2252 5448 2602 5520 prudentiain
2649 5464 2714 5502 ac
2764 5448 3112 5519 sapientiam,
3148 5464 3311 5518 quam
3349 5449 3657 5520 prudentia.

2068 5541 2260 5595 mundi
2293 5548 2399 5602 est,
2440 5540 2705 5609 possidet.
2738 5538 3071 5611 Sapientiam
3117 5540 3287 5605 enim,
3319 5540 3534 5610 inquit,
3568 5542 3656 5596 ίο-ιι

2059 5635 2149 5704 qui
2156 5650 2271 5688 mur
2288 5631 2448 5703 205
2463 5633 2885 5704 inter‘pcrfectos,
2899 5634 3214 5705 sapientiam
3230 5648 3347 5687 vero
3364 5649 3466 5688 non
3482 5635 3656 5707 hujus
