4020 6430
399 362 501 426 927

1633 360 1698 420 S.
1736 354 2059 419 MACARII
2102 354 2431 419 EGYPTII

3558 365 3672 432 928

396 479 599 544 samtli,‘
617 493 784 547 neque
800 476 1099 548 principum
1121 475 1280 546 hujus
1298 473 1498 535 swculi,
1514 473 1982 545 quidestruuntur,

2088 476 2239 523 νων·
2272 472 2436 526 ἀλλὰ
2455 472 2765 544 λαλοῦμεν
2791 476 3019 545 σοφίαν
3048 478 3217 540 Θεοῦ,
3245 478 3315 533 ἐν
3330 489 3667 552 μυστηρίῳ.

397 572 487 626 sed
511 569 779 641 loquimur
805 568 901 623 Dei
926 568 1241 639 sapientiam
1270 567 1325 619 iu
1356 567 1603 636 mysterio
1636 565 1704 618 ’⁸.
1747 565 1981 633 PrOpter

400 665 517 717 lucc
542 662 757 715 cunctis
778 660 1117 723 hominibus,
1134 657 1323 711 mundi
1346 656 1601 727 spiritum
1623 656 1979 719 habentibus,

401 756 481 813 uti
513 755 721 809 dictum
754 760 858 817 est,
882 768 981 807 seu
1012 750 1337 821 prudentiae,
1382 765 1479 803 seu
1511 748 1797 819 sapientia}
1826 764 1980 803 com-

402 848 709 917 paratione,
748 845 838 899 ille
883 860 913 898 a
945 843 1106 897 nobis
1141 842 1453 911 descriptus
1503 840 1773 895 immenso
1813 839 1983 894 inter-

401 940 546 992 vallo
599 936 1007 1007 supereminet;
1064 933 1336 1004 siquidem
1396 933 1487 987 hic
1544 949 1720 986 omnes
1750 933 1981 986 homines

400 1032 657 1101 dijudicat
692 1031 759 1095 “,
794 1028 1097 1083 secundum
1154 1026 1302 1096 quod
1334 1025 1599 1095 scriptum
1643 1034 1765 1081 est:
1816 1024 1981 1094 spiri-

402 1123 585 1186 tualis,
638 1121 885 1190 inquam,
935 1120 1217 1189 cognoscit
1270 1133 1740 1189 unumquemque,
1774 1117 1984 1172 discer-

404 1230 543 1268 nens
583 1212 727 1266 unde
784 1212 1060 1281 loquatur,
1105 1210 1199 1264 ubi
1225 1219 1351 1276 stet,
1397 1212 1452 1265 in
1481 1211 1684 1279 quibus
1705 1219 1979 1264 versetur.

400 1308 586 1377 Ipsum
651 1316 836 1361 autem
903 1305 1149 1360 vicissim
1217 1304 1574 1374 dignoscendi
1629 1312 1725 1357 aut
1779 1303 1982 1373 dijudi—

401 1401 584 1463 candi,
617 1400 826 1455 nemini
861 1400 1117 1468 spiritum
1151 1398 1344 1453 mundi
1377 1396 1699 1452 habentium
1748 1397 1982 1453 facultas

402 1502 523 1556 est;
557 1492 663 1546 nisi
695 1491 789 1560 qui
825 1491 1035 1560 pariter
1082 1506 1208 1545 cum
1232 1506 1299 1545 eo
1332 1490 1639 1545 divinitatis
1663 1490 1983 1560 impertitus

403 1584 610 1655 Spiritu
645 1582 850 1637 fuerit:
905 1591 967 1636 ut
1016 1582 1096 1636 ait
1140 1582 1209 1637 de
1265 1583 1470 1637 talibus
1504 1585 1737 1653 loquens
1761 1582 1983 1637 divinus

398 1674 731 1743 Apostolus:
786 1672 1164 1743 Spiritualibus
1206 1674 1517 1744 spiritualia
1567 1683 1982 1745 comparantes;

397 1765 649 1819 animalis
685 1775 861 1820 autem
885 1767 1038 1819 homo
1069 1782 1173 1819 non
1206 1766 1424 1836 percipit
1456 1782 1573 1836 quae
1599 1773 1722 1820 sunt
1753 1764 1983 1836 Spiritus

400 1858 512 1913 Dei.
550 1857 792 1913 Stultitia
821 1860 959 1911 enim
985 1867 1059 1911 est
1083 1857 1164 1911 illi
1192 1874 1210 1922 ;
1244 1857 1540 1927 spiritualis
1580 1865 1755 1911 autem
1773 1856 1981 1927 judicat

396 1953 599 2011 omnia,
636 1960 685 2002 et
720 1950 830 2019 ipse
855 1966 885 2001 a
913 1950 1121 2003 nemine
1150 1950 1427 2019 judicatur
1454 1949 1518 2002 ’⁷.

467 2040 660 2094 XXIV.
702 2039 821 2093 Non
867 2039 1028 2093 aliter
1065 2039 1325 2109 cuiquam
1379 2038 1702 2109 contingere
1751 2037 1983 2093 sanctis-

396 2131 522 2185 simi
574 2132 739 2202 hujus
788 2130 1028 2199 Spiritus
1078 2130 1427 2200 participatio
1477 2138 1680 2199 potest,
1722 2145 1886 2199 quam
1936 2129 1981 2183 si

398 2226 559 2295 plane
588 2224 911 2294 peregrinus
935 2223 1112 2277 factus
1152 2223 1283 2277 huic
1311 2223 1533 2286 saeculo,
1576 2228 1755 2275 totum
1790 2237 1849 2276 se
1882 2221 1981 2273 ad-

395 2317 546 2371 dicat
580 2314 922 2384 inquisitioni
954 2313 1242 2369 charitatis
1271 2312 1512 2378 Christi;
1576 2312 1649 2367 ita
1698 2321 1761 2367 ut
1808 2313 1985 2369 omni-

397 2406 504 2461 bus
540 2420 664 2475 qua:
697 2405 845 2458 circa
882 2402 1169 2457 materiam
1213 2412 1527 2466 versantur,
1572 2403 1724 2458 curis
1769 2404 1985 2458 solutus

395 2500 638 2560 animus,
671 2496 765 2549 uni
796 2495 926 2548 huic
961 2493 1309 2563 assequendo
1354 2509 1521 2563 scopo
1556 2502 1732 2557 vacet,
1765 2509 1875 2563 quo
1903 2493 1985 2547 sic

395 2585 595 2656 dignus
629 2583 721 2637 ﬁat
747 2583 804 2636 in
834 2598 1002 2635 unum
1044 2598 1170 2636 cum
1216 2580 1439 2636 Christo
1485 2582 1795 2635 coalescere
1824 2581 1985 2651 spiri-

396 2687 535 2741 tum,
572 2687 633 2730 ut
663 2676 740 2730 ait
784 2675 1117 2744 Apostolus:
1161 2673 1264 2739 Qui
1288 2674 1522 2727 adiuuaret
1573 2673 1824 2738 Domino,
1847 2690 1983 2728 unus

394 2772 613 2840 spiritus
666 2768 819 2821 est".
860 2767 1071 2821 Animae
1124 2782 1256 2821 vero
1308 2781 1430 2835 quae
1464 2766 1693 2819 omnino
1745 2766 1983 2836 cuipiam

397 2878 584 2918 rerum
612 2861 776 2930 hujus
806 2858 992 2914 saaculi
1024 2858 1202 2913 deﬁxa
1249 2867 1356 2923 est,
1396 2866 1493 2913 aut
1532 2858 1586 2911 in
1632 2872 1753 2913 eam
1784 2856 1983 2912 aﬁ‘ectu

397 2954 586 3023 aliquo
634 2951 978 3022 propendet;
1015 2960 1144 3019 puta
1189 2950 1421 3015 divitiis,
1465 2950 1675 3021 gloriae,
1709 2958 1805 3004 aut
1848 2949 1985 3003 ami-

396 3043 541 3096 citia:
580 3042 892 3104 mundanae,
926 3055 1035 3093 non
1082 3040 1190 3094 erit
1236 3040 1499 3108 possibile
1548 3040 1737 3109 fugere
1784 3050 1840 3094 et
1872 3048 1983 3093 tra-

2012 1813 2059 1871 B

2082 564 2180 615 Διά
2210 563 2387 619 ταῦτα
2410 566 2504 619 καὶ
2537 566 2754 620 πάντων
2778 565 2890 621 τῶν
2911 567 3216 640 ἀνθρώπιον
3246 572 3306 625 τὸ
3338 574 3433 628 τοῦ
3458 576 3673 647 κόσμου

2083 655 2300 727 πνεῦμα
2354 657 2612 726 ἑχόντων,
2662 658 2915 731 καθάπερ
2960 660 3197 731 εἴρηται,
3241 664 3350 717 εῐτε
3388 666 3671 739 φρονίμων

2081 748 2189 799 εἴτε
2245 749 2447 817 σοφῶν,
2505 751 2535 803 ὁ
2584 750 2789 804 τοιόσδε
2842 755 2955 815 τοῖς
3004 753 3146 818 ὅλοις
3203 755 3475 828 διενήνοχε
3499 775 3514 789 ·
3575 761 3672 814 καὶ

2082 834 2317 903 πάντας
2369 837 2485 906 μὲν
2516 839 2869 908 ἀνθρώπους
2918 842 3251 911 ἀνακρίνει,
3295 850 3439 902 κατά
3479 849 3542 903 τὺ
3574 868 3673 919 γε-

2082 927 2426 996 γραμμένον.
2481 928 2542 981 '0
2580 930 2823 995 τοιοῦτος
2862 933 3119 1000 γινώσκει
3149 954 3209 990 τε
3236 937 3464 993 ἕκαστον
3502 942 3668 996 πόθεν

2082 1033 2138 1069 τε
2176 1018 2346 1085 λέγει,
2388 1018 2483 1073 καὶ
2509 1020 2610 1073 ποῦ
2640 1022 2861 1093 ἕστηκε,
2900 1025 2960 1077 ὲν
2990 1026 3163 1090 ποίοις
3196 1029 3345 1082 ἐστίν
3366 1044 3379 1060 ·
3419 1032 3579 1086 αὑτὸν
3607 1033 3671 1087 ἃ

2081 1108 2261 1163 οὖδενὶ
2296 1110 2406 1163 τῶν
2437 1111 2672 1181 ἑχόντων
2702 1114 2761 1166 τὸ
2794 1113 2887 1167 τοῦ
2928 1116 3135 1187 κόσμου
3166 1120 3385 1191 πνεῦμα
3413 1122 3669 1191 διαγινώ-

2086 1217 2236 1254 σκειν
2264 1219 2325 1255 τε
2356 1204 2450 1256 καὶ
2478 1206 2792 1274 ἀνακρίνειν
2822 1207 3080 1278 δύναμις*
3108 1212 3189 1266 ὅτι
3217 1214 3291 1284 μὴ
3316 1215 3508 1287 ἐκείνῳ
3534 1208 3577 1285 ᾧ
3606 1217 3669 1270 τὺ

2082 1291 2269 1362 ὅμοιόν
2314 1295 2431 1346 ἐστι
2477 1295 2576 1364 τῆς
2627 1295 2882 1367 θεότητος
2922 1300 3159 1371 πνεῦμα,
3200 1305 3342 1358 κατὰ
3389 1306 3481 1359 τὸν
3521 1307 3665 1361 θετον

2098 1385 2460 1440 Ἀπόστολον·
2514 1391 2953 1458 Πνευματικοῖς
2991 1396 3364 1464 πνευματικὰ
3421 1401 3660 1469 συγκρίο

2082 1492 2295 1542 νοντες
2314 1490 2329 1505 ⁸
2360 1481 2620 1547 ψυχικὸς
2646 1480 2714 1533 δὲ
2746 1481 3060 1551 ἅνθρωπος
3088 1489 3159 1540 οὺ
3192 1487 3429 1555 δέχεται
3457 1491 3529 1545 τὰ
3558 1491 3666 1545 τοῦ

2084 1570 2430 1638 Πνεύματος
2452 1572 2558 1625 τοῦ
2585 1572 2734 1626 Θεοῦ
2751 1590 2765 1605 ο
2792 1575 2983 1642 μωρία
3005 1574 3115 1645 γάρ
3140 1578 3271 1631 ἐστι
3297 1582 3514 1645 τούτῳ·
3538 1583 3571 1635 ό
3598 1580 3668 1634 δὲ

2084 1661 2489 1729 πνευματικὸς
2508 1662 2818 1730 ἀνακρίνει
2842 1664 2961 1733 μὲν
2977 1665 3194 1733 πάντα,
3225 1669 3410 1735 αὐτὸς
3441 1670 3541 1724 ὑπ’
3565 1672 3668 1724 οὺς

2085 1748 2261 1817 δενὸς
2286 1752 2686 1820 ἀνακρίνεται.

2154 2023 2282 2081 ΚΔ’.
2335 2027 2442 2082 Τοῦ
2506 2032 2775 2100 παναγίου
2827 2032 2883 2087 δέ
2936 2051 3069 2105 φησι
3114 2034 3303 2089 τοῦτον
3352 2036 3667 2105 Πνεῦματος

2086 2119 2373 2190 ἀμήχανον
2406 2120 2583 2185 ἄλλως
2618 2127 2825 2194 τυχεῖν,
2856 2125 2905 2178 εί
2957 2126 3032 2196 μὴ
3061 2126 3280 2179 πάντων
3321 2144 3405 2189 τις
3433 2128 3542 2181 τῶν
3571 2127 3667 2181 τοῦ

2085 2210 2286 2273 αἰῶνος
2325 2213 2519 2265 τούτου
2563 2214 2711 2278 ξένος
2754 2216 3067 2287 γενόμενος,
3116 2218 3251 2288 πρὸς
3289 2219 3387 2287 τὴν
3441 2218 3668 2289 ζήτησιν

2084 2302 2186 2371 τῆς
2234 2302 2329 2355 τοῦ
2389 2304 2629 2373 Χριστοῦ
2680 2305 2903 2377 ἀγάπης
2956 2306 3147 2361 ἑαυτὸν
3198 2308 3542 2373 ἀποτάξειεν,
3580 2309 3670 2363 ἵνα

2087 2393 2280 2445 πασῶν
2309 2393 2419 2446 τῶν
2461 2396 2602 2448 κατὰ
2632 2396 2729 2467 τὴν
2755 2397 2887 2467 ὓλην
2921 2400 3202 2469 μεριμνῶν
3232 2399 3443 2463 ἀνεθεὶς
3470 2401 3498 2452 ό
3520 2400 3666 2467 νοῦς,

2087 2485 2215 2553 περὶ
2246 2484 2338 2537 τὸν
2363 2484 2459 2537 ἕνα
2483 2485 2675 2539 ταῦτον
2709 2489 2913 2541 σκοπὸν
2942 2489 3320 2561 ἀπασχολῆται
3352 2492 3541 2560 μόνον’
3574 2494 3668 2546 καὶ

2086 2576 2228 2630 οὕτω
2249 2580 2613 2650 καταξιωθείη
2656 2582 2793 2650 μετὰ
2820 2582 3057 2652 Χριστοῦ
3110 2585 3189 2646 εἰς
3220 2584 3277 2636 ἓν
3310 2584 3531 2654 πνεῦμα
3571 2601 3668 2653 γε-

2086 2668 2291 2735 νέσθαι,
2323 2670 2398 2735 ῶς
2426 2690 2590 2741 φησιν
2616 2675 2643 2724 ὁ
2688 2674 3011 2738 Ἀπόοτολος
3032 2691 3048 2707 ⁸
3098 2676 3160 2729 '0
3184 2677 3565 2745 κολλώμενος
3588 2676 3669 2742 τῷ

2086 2762 2299 2828 Κυρίῳ,
2332 2763 2505 2816 ἔσται
2533 2766 2620 2829 είς
2640 2763 2711 2817 ἓν
2743 2766 3001 2834 πνεῦμα.
3032 2768 3192 2839 Ψυχῇ
3214 2768 3270 2820 δὲ
3298 2771 3364 2838 τῇ
3402 2769 3539 2832 ὅλως
3559 2770 3667 2823 τινὶ

2084 2852 2195 2905 τῶν
2225 2853 2321 2906 τοῦ
2352 2856 2547 2919 αἰῶνος
2580 2858 2771 2910 τούτου
2808 2859 3167 2931 συνδεδεμένη
3197 2861 3292 2913 καὶ
3333 2862 3474 2932 πρὸς
3507 2863 3669 2917 αὑτὸν

2085 2945 2285 3017 ἐχούσῃ
2305 2986 2318 3008 ,
2336 2942 2449 3000 οἷον
2486 2949 2701 3019 πλούτῳ
2737 2950 2769 3021 ἢ
2801 2949 2948 3023 δόξῃ,
2971 2952 3005 3023 ἢ
3026 2952 3181 3021 φιλίᾳ
3196 2956 3261 3023 τῇ
3282 2953 3425 3006 κατὰ
3441 2954 3669 3024 κόσμον,

2085 3039 2185 3091 οὐκ
2210 3039 2363 3093 ἐσται
2394 3040 2620 3093 δυνατὸν
2646 3044 2839 3111 φυγεῖν
2886 3043 2982 3097 καὶ
3009 3044 3338 3117 διαπεράσαι
3379 3048 3442 3101 τὸ
3475 3050 3663 3114 σκότος

390 3132 636 3203 jiciendo
678 3145 1036 3202 perrumpere
1082 3130 1339 3185 tenebras
1379 3130 1780 3186 diabolicarum
1824 3141 1981 3202 pote-

2088 3131 2194 3181 τῶν
2222 3133 2477 3203 πονηρῶν
2505 3133 2808 3206 δυνάμεων.

398 3231 625 3278 Statum.

473 3317 636 3370 XXV.
664 3317 925 3371 Veritatis
969 3325 1026 3371 et
1080 3316 1175 3371 Dei
1215 3325 1466 3371 amantes
1506 3315 1725 3382 animae,
1760 3331 1829 3371 ne
1862 3316 1991 3370 hrc-

397 3426 521 3465 vem
578 3409 801 3479 quidem
844 3408 1312 3464 intermissionem
1363 3408 1659 3463 admittere
1716 3409 1990 3463 sustinent

397 3502 603 3555 amoris
642 3516 754 3569 quo
802 3516 929 3569 erga
969 3501 1259 3555 Dominum
1295 3499 1564 3569 ﬂagrant;
1610 3499 1706 3554 sed
1750 3508 1879 3554 tota:
1915 3517 1982 3555 ex

398 3603 516 3647 toto
557 3594 712 3647 cruci
753 3593 917 3662 hujus
961 3592 1191 3647 conﬁxa:
1217 3634 1231 3658 ,
1283 3590 1628 3661 Spiritualem
1674 3592 1983 3662 profectum

397 3700 563 3739 sensu
594 3684 832 3753 quodam
869 3684 1063 3738 intimo
1099 3692 1156 3738 et
1207 3700 1409 3738 arcana
1458 3684 1775 3755 intelligunt
1825 3700 1990 3755 cxpe-

399 3775 620 3836 rientia.
656 3776 969 3831 Vulnerata}
1019 3776 1191 3847 igitur
1230 3776 1335 3831 isto
1369 3775 1679 3840 desiderio,
1715 3785 1791 3841 et,
1817 3785 1876 3830 ut
1910 3779 1990 3833 sic

395 3866 599 3934 dicam,
654 3868 921 3922 famelica:
970 3867 1201 3938 justitise
1264 3867 1624 3937 omniumque
1693 3868 1985 3944 virtutum,

394 3968 560 4030 atque
602 3959 989 4015 illustrationis
1045 3959 1173 4013 boni
1238 3958 1501 4029 Spiritus,
1547 3959 1652 4013 etsi
1708 3960 1989 4031 mysteriis

393 4053 572 4121 digna:
599 4051 799 4105 divinis
825 4091 839 4115 ,
870 4049 972 4105 etsi
1002 4050 1205 4104 laetitia:
1236 4050 1478 4104 caelestis
1507 4058 1564 4105 et
1599 4050 1794 4121 gratiae
1819 4051 1987 4121 parti-

395 4144 548 4214 cipes
578 4144 737 4199 facta
756 4144 885 4208 sint,
920 4158 1032 4197 non
1063 4152 1247 4197 tamen
1273 4144 1329 4197 in
1359 4158 1419 4197 se
1466 4144 1772 4211 conﬁdunt,
1809 4160 1988 4215 neque

396 4254 518 4292 esse
573 4254 631 4292 se
684 4235 897 4306 aliquid
949 4243 1186 4306 putant;
1226 4236 1323 4291 sed
1356 4244 1564 4305 quanto
1610 4236 1989 4294 abundantius

393 4336 814 4397 consequuntur
847 4327 1156 4397 spiritualia
1189 4325 1352 4390 dona,
1382 4335 1533 4380 tanto
1575 4326 1795 4382 avidius
1836 4328 1989 4383 inex-

395 4417 673 4485 plebiliter
695 4417 909 4471 inhiant
942 4414 1194 4471 ulteriori
1226 4414 1638 4485 participationi
1671 4417 1982 4473 caelestium

2162 3316 2293 3372 KE'.
2346 3320 2413 3372 Ai
2444 3317 2761 3388 φιλαλήθεις
2785 3318 2957 3390 ψυχαὶ
3012 3319 3107 3374 καὶ
3150 3320 3386 3389 φιλόθεοι
3415 3323 3533 3375 οὐδὲ
3564 3323 3663 3393 τὴν

2092 3409 2353 3480 βραχεῖαν
2384 3409 2577 3479 ὕφεσιν
2624 3410 2719 3463 τοῦ
2751 3412 2889 3481 πρὸς
2938 3412 3030 3466 τὸν
3066 3411 3271 3484 Κύριον
3297 3412 3488 3483 ἔρωτος
3523 3413 3655 3465 ὑπο-

2093 3501 2343 3571 μένουσιν
2364 3516 2378 3533 ο
2410 3502 2525 3555 ἀλλ’
2545 3502 2664 3556 ὅλαι
2690 3501 2757 3556 δι’
2784 3504 2906 3557 ὅλου
2932 3504 3010 3575 τῷ
3038 3505 3257 3576 σταυρῷ
3284 3506 3463 3558 τούτου
3485 3521 3657 3575 προσ-

2089 3594 2388 3665 ηλωμέναι,
2422 3594 2523 3665 τὴν
2564 3595 2664 3663 τῆς
2692 3598 3075 3667 πνευματικῆς
3096 3597 3380 3666 προκοπῆς
3402 3596 3657 3665 αἴσθησιν

2088 3686 2146 3739 ὲν
2184 3686 2406 3748 ἑαυταῖς
2455 3685 2751 3756 γινομένην
2815 3686 3257 3755 ἐπιγινώσκωσι.
3317 3688 3667 3759 Τετρωμέναι

2088 3776 2220 3843 γοῦν
2261 3776 2437 3846 τούτῳ
2460 3774 2538 3846 τῷ
2564 3775 2735 3847 πόθῳ,
2774 3776 2890 3842 καὶ,
2915 3778 2990 3841 ώς
3018 3779 3214 3844 είπεῖν,
3247 3778 3489 3834 ἐκπεινοι
3513 3782 3667 3837 οὖσαι

2091 3866 2224 3936 περὶ
2258 3865 2358 3937 τὴν
2386 3866 2734 3935 δικαιοσύνην
2756 3868 2863 3921 τῶν
2894 3868 3129 3939 ἀρετῶν,
3162 3870 3256 3923 καὶ
3283 3870 3382 3940 τὴν
3410 3874 3505 3926 τοῦ
3528 3874 3670 3940 ἀγα-

2090 3957 2185 4011 θοῦ
2237 3958 2562 4027 Πνεύματος
2621 3958 2917 4028 ἕλλαμψιν,
2977 3960 3081 4013 κᾶν
3152 3965 3469 4032 μυστηρίων
3520 3966 3668 4031 ἄξιαι

2093 4048 2275 4115 θείων,
2312 4049 2418 4102 κᾶν
2448 4049 2792 4120 εὐφροσύνης
2827 4051 3151 4122 ἐπουρανίου
3180 4053 3273 4105 καὶ
3306 4054 3526 4125 χάριτος
3567 4057 3667 4126 μέ-

2090 4159 2238 4211 τοχοι
2269 4142 2542 4210 γένονται,
2565 4144 2628 4195 οὐ
2662 4143 2958 4197 πεποίθασι
2980 4147 3117 4215 περὶ
3141 4148 3355 4213 αὐταῖς,
3385 4148 3505 4200 οὐδὲ
3526 4146 3668 4203 εἷναί

2087 4250 2140 4286 τι
2172 4234 2373 4286 οἴονται
2395 4249 2409 4265 ·
2434 4233 2549 4287 ἀλλ’
2577 4235 2688 4305 ὅσῳ
2718 4236 3077 4306 χαρισμάτων
3108 4238 3384 4302 ἀξιοῦνται
3416 4257 3668 4310 πνευμα-

2087 4322 2276 4387 τικῶν,
2318 4322 2555 4394 τοσούτῳ
2582 4324 2783 4394 μᾶλλον
2809 4325 3103 4397 ἀπλήστως
3124 4328 3342 4398 ἔχουσαι
3364 4331 3471 4385 τῶν
3502 4334 3668 4404 οὐρα-

2089 4413 2219 4465 νίων
2240 4412 2672 4485 φιλοπονώτερον
2699 4416 3010 4487 ὲκζητοῦσι·
3034 4420 3124 4472 καὶ
3148 4421 3257 4491 ὅσῳ
3286 4427 3663 4495 πνευματικῆς

396 4510 738 4578 gratiarum;
769 4519 1035 4578 tantoque
1070 4507 1138 4562 ad
1192 4507 1336 4562 hanc
1374 4522 1433 4562 se
1484 4508 1817 4563 laboriosius
1863 4511 1981 4564 eni-

2088 4504 2433 4558 αἰσθάνονται
2482 4507 2789 4579 προκοπῆς,
2818 4508 3055 4579 τοσούτῳ
3093 4510 3157 4581 δὴ
3210 4512 3305 4566 καὶ
3359 4513 3659 4585 λιχνότεραι

394 4599 564 4654 tendo
596 4598 917 4669 disponunt.
950 4600 1164 4653 Rursus
1208 4606 1416 4667 quanto
1464 4598 1681 4653 dulcius
1729 4600 1980 4655 sentiunt

394 4707 453 4746 se
488 4690 755 4761 proﬁcere
790 4691 845 4744 in
874 4689 1095 4759 spiritu,
1130 4698 1281 4743 tanto
1323 4689 1481 4757 quasi
1527 4688 1774 4759 gulosius
1812 4706 1979 4761 appe-

395 4792 519 4838 tunt
552 4784 966 4853 perceptionem
1011 4782 1337 4836 deliciarum
1374 4781 1731 4845 earumdem;
1772 4792 1828 4837 et
1865 4785 1977 4854 spi-

396 4874 672 4928 ritualiter
717 4874 1088 4942 locupletataz,
1136 4871 1265 4936 sibi,
1298 4879 1563 4939 quantum
1607 4870 1662 4923 in
1705 4871 1841 4941 ipsis
1872 4883 1978 4943 est,

396 4977 666 5033 pauperes
683 4961 963 5025 videntur,
994 4962 1148 5031 juxta
1177 4959 1420 5014 divinam
1453 4956 1840 5027 Scripturam:
1878 4960 1981 5026 Qui

393 5054 553 5106 edunt
589 5070 689 5119 me,
738 5053 907 5106 adhuc
963 5052 1234 5115 esurient;
1268 5058 1318 5103 et
1356 5049 1445 5121 qui
1471 5049 1647 5103 bibunt
1678 5066 1779 5114 me,
1810 5054 1982 5106 adhuc

392 5144 569 5197 sitiunt
584 5145 651 5197 ".
1460 5188 1467 5193 .

463 5234 648 5289 XXVI.
681 5234 841 5289 Tales
868 5234 1064 5289 animae
1104 5244 1161 5289 et
1203 5233 1439 5313 gratiam.
1478 5233 1760 5304 accipiunt
1805 5233 1980 5304 plena:

393 5326 793 5382 liberationisa
849 5325 1359 5395 perturbationibus
1391 5325 1725 5391 aﬂ'ectuum;
1761 5334 1815 5379 et
1848 5326 1975 5379 illu-

393 5418 715 5472 strationem
741 5416 1248 5472 etcommunionem
1284 5415 1454 5470 divini
1477 5416 1714 5486 Spiritus
1731 5416 1783 5469 in
1800 5416 1978 5486 pleni-

398 5511 586 5563 tudine
619 5507 806 5578 gratia:
840 5506 1083 5576 perfecte
1129 5517 1525 5575 assequuntur.
1584 5508 1825 5562 Diversa:
1876 5525 1977 5563 au-

399 5607 505 5652 tem
530 5600 599 5654 ab
633 5600 720 5654 his
747 5599 935 5670 pigrae,
973 5598 1224 5653 laborum
1266 5599 1636 5669 impatientes,
1686 5616 1795 5655 non
1822 5618 1969 5672 quaa-

472 5790 516 5819 "
539 5790 561 5844 ι
586 5790 711 5845 Cor.
744 5811 800 5857 ιι,
837 5795 889 5850 6.
969 5798 1014 5828 ⁸⁸
1045 5796 1177 5851 ibid.
1260 5797 1341 5861 l5.
1419 5800 1461 5828 ’⁷
1488 5799 1619 5854 ibid.
1650 5799 1730 5853 15.

2086 4594 2223 4663 πρὸς
2246 4594 2346 4664 τὴν
2379 4595 2687 4666 μετάληψιν
2717 4596 2921 4651 τούτων
2950 4600 3213 4667 γίνονται,
3242 4604 3337 4655 καὶ
3365 4621 3661 4673 πνευματι-

2084 4686 2195 4748 κῶς
2255 4685 2608 4751 πλουτοῦσαι,
2657 4688 2718 4741 τό
2762 4705 2827 4756 γε
2880 4690 3011 4761 παρ’
3055 4692 3298 4757 ἑαυταῖς,
3338 4696 3656 4766 πενομέναις

2082 4777 2330 4841 ἐοίκασι,
2374 4778 2518 4831 κατὰ
2565 4778 2667 4848 τὴν
2710 4779 2863 4833 θείαν
2901 4782 3161 4854 Γραφήν·
3212 4787 3277 4839 Ol
3337 4788 3657 4857 τρώγοντες

2081 4867 2192 4936 γάρ
2225 4886 2324 4937 με,
2358 4871 2543 4940 φησιν,
2576 4870 2663 4925 ἔτι
2694 4873 3084 4941 πεινάσουσι,
3138 4877 3239 4931 καί
3276 4881 3332 4932 al
3381 4880 3661 4948 πίνοντές

2074 4978 2150 5030 με
2182 4961 2270 5014 ἐτι
2301 4960 2702 5031 διψήσουσιν.

2153 5233 2300 5301 KG”.
2336 5235 2403 5286 Λί
2432 5235 2682 5291 τοιαῦται
2710 5236 2880 5307 ψυχαὶ
2904 5241 2999 5294 καὶ
3019 5240 3116 5309 τῆς
3154 5239 3263 5295 τῶν
3293 5243 3480 5299 παθῶν
3507 5245 3661 5299 ἐλευ-

2080 5322 2267 5393 θερίας
2327 5327 2679 5381 παντάπασιν
2738 5329 3038 5397 ἀξιοῦνται,
3094 5333 3188 5385 καὶ
3232 5334 3331 5406 τὴν
3379 5335 3472 5389 τοῦ
3508 5338 3657 5390 θείου

2082 5417 2397 5485 Πνεύματος
2423 5419 2691 5489 ἔλλαμψὶν
2713 5439 2772 5474 τε
2804 5424 2897 5475 καὶ
2928 5424 3213 5477 κοινωνίαν
3236 5428 3293 5479 ὲν
3327 5426 3658 5497 πληρώματι

2077 5508 2176 5576 τῆς
2216 5510 2439 5579 χάριτος
2497 5511 2718 5575 τελείως
2753 5514 3092 5582 κομίζονται.
3126 5515 3286 5569 Ὅσαι
3326 5517 3383 5570 δὲ
3424 5520 3656 5590 όκνηραί

2078 5614 2136 5649 τε
2170 5590 2265 5652 καὶ
2292 5601 2643 5672 ἀφερέπονοι,
2679 5603 2771 5656 καὶ
2801 5603 2877 5672 μὴ
2904 5604 3166 5675 ζητοῦσαι
3195 5606 3286 5661 τὸν
3307 5608 3406 5679 τῆς
3428 5609 3655 5681 καρδίας

1809 5800 1892 5853 ’Ἰ
1919 5798 2045 5854 Cor.
2072 5816 2142 5866 vr,
2180 5800 2261 5854 l7.
2341 5801 2384 5831 ’π
2407 5799 2581 5855 Eccii.
2611 5817 2759 5867 xxtv,
2789 5806 2877 5860 29.
