4020 6452
462 388 563 453 929

1652 385 1883 447 LIBER
1920 380 2017 444 DE
2052 375 2505 439 CHARITATE.

3597 371 3707 448 930.

457 497 755 569 ἀγιασμδν,
773 494 1022 552 ἐντεῦθεν
1044 495 1118 557 ὼς
1146 494 1204 548 ἐν
1228 495 1390 565 σαρκὶ
1416 494 1496 548 ἔτι
1518 494 1901 563 τυγχάνουσιν,
1926 493 2028 546 οὐκ
2053 542 2057 551 η

2162 495 2781 561 ιιιιιέοιιοιίίῐοοιίοιιοιιι
2808 500 2992 555 cordis
3013 499 3180 570 (unde
3200 509 3257 555 et
3274 501 3429 570 quasi
3453 502 3510 556 in
3536 518 3704 558 carne

458 592 523 642 ἐκ
556 591 753 661 μέρους
804 588 920 647 ἀλλ’
970 588 1281 659 ὁλοκλήρως
1325 587 1393 640 δι’
1447 587 1726 656 ὑπομονῆς
1774 585 2030 651 δέξασθαι

2164 583 2313 651 dhuc
2355 595 2647 660 exsistunt)
2694 607 2806 646 non
2854 607 2923 646 ex
2966 599 3124 659 parte
3162 590 3259 646 sed
3310 591 3575 660 integram
3611 609 3709 661 per

463 682 556 734 καὶ
598 678 1014 751 μακροθυμίας·
1064 678 1197 749 μηδὲ
1250 677 1581 747 κοινωνῆσαι
1624 678 1703 747 τῷ
1752 676 2031 745 Πνεῦματι

2159 687 2594 743 »οι-εενοι-οιιιίοιῐι
2643 692 2699 739 et
2740 684 3061 754 patientiam
3113 684 3403 751 recipere;
3452 699 3575 752 quae
3613 700 3711 738 ne-

463 774 541 843 τῷ
570 772 913 843 παρακλήτῳ
946 769 1088 823 κατὰ
1117 770 1297 822 πᾶσαν
1339 768 1592 838 αῐσθησιν
1616 769 1708 823 καὶ
1760 768 1866 839 πλη
1878 785 2033 839 ροφο-

465 864 591 934 ρίαν
617 863 900 933 ήλπίκασι,
924 862 1018 914 xui.
1043 861 1111 913 δι’
1132 861 1342 915 ἐκείνου
1367 861 1475 914 τῶν
1498 860 1688 913 παθῶν
1713 861 1813 929 τῆς
1834 860 2035 923 κακίας

465 954 843 1021 ἀπαλλαγῆναι
899 948 1078 1015 αὗται,
1115 953 1217 1003 κᾶν
1256 951 1477 1020 χάριτος
1527 951 1677 1013 Θείας
1717 950 2032 1014 ἀξιωθεῖεν·

465 1047 577 1099 ἀλλ’
614 1045 721 1098 ὑπὸ
768 1044 868 1112 τῆς
898 1042 1099 1105 κακίας
1132 1043 1498 1112 κλεπτόμεναι
1536 1041 1716 1113 πάσης
1757 1042 2037 1113 φροντίδος

464 1139 663 1201 ἑαυτὰς
696 1136 907 1205 ἀνῆκαν
926 1149 941 1164 ·
975 1135 1070 1188 ἀτε
1097 1134 1356 1188 λαϐοῦσαι
1385 1135 1484 1206 τὴν
1516 1135 1700 1205 χάριν,
1732 1134 1826 1187 καὶ
1858 1135 1957 1203 τῆς
1980 1134 2038 1198 ἐξ

462 1229 637 1297 αὐτῆς
671 1226 1043 1296 τυγχάνουσαι
1073 1226 1492 1296 παρακλήσεως,
1536 1225 1632 1278 καὶ
1664 1226 2039 1293 πνευματικῆς

467 1318 807 1389 γλυκύτητος
860 1315 1250 1372 ἀπολαύουσαι.
1289 1316 1477 1389 Ταύτῃ
1521 1317 1615 1370 καὶ
1668 1317 1846 1388 ῥᾴδιαί
1903 1318 2040 1370 εἰσιν

466 1412 742 1483 οἰηθῆναι,
781 1411 856 1480 μὴ
904 1410 1321 1481 συντριϐόμεναι
1364 1410 1465 1478 τὴν
1511 1409 1760 1479 καρδίαν,
1798 1410 1933 1480 μηδὲ
1962 1409 2040 1478 τῷ

469 1504 778 1574 φρονήματι
815 1501 1264 1571 ταπεινούμεναι,
1324 1500 1458 1571 μηδέ
1484 1500 1694 1569 ἔκδιψοι
1737 1497 1913 1563 οὖσαι,
1947 1501 2041 1554 καὶ

474 1594 609 1664 πρὸς
632 1592 690 1645 τὸ
715 1592 919 1645 τέλειον
945 1591 1142 1661 μέτρον
1166 1592 1265 1660 τῆς
1286 1590 1549 1653 ἀπαθείας
1569 1590 2036 1658 κατατεινόμεναι·

475 1681 904 1752 ἐναπομείνασαι
936 1681 994 1733 δὲ
1013 1682 1079 1750 τῇ
1108 1680 1264 1751 ὀλίγῃ
1292 1678 1465 1750 ταύτῃ
1481 1678 1582 1748 τῆς
1609 1679 1829 1750 χάριτος
1858 1692 2039 1746 παρα-

474 1774 686 1843 κλήσει,
718 1775 814 1826 καὶ
848 1774 928 1835 είς
958 1771 1209 1840 ἔπαρσιν,
1236 1770 1336 1823 οὐκ
1370 1771 1449 1832 είς
1478 1767 1807 1823 ταπείνωσιν
1833 1767 2039 1835 προκό-

468 1867 667 1936 ψασαι,
715 1865 914 1934 μᾶλλον
954 1864 1050 1917 καὶ
1090 1855 1260 1932 οὗπερ
1303 1860 1615 1931 ἠξιώθησαν
1669 1859 2043 1929 χαρίσματος,

478 1955 627 2008 ἔστιν
650 1955 737 2007 ὅτε
768 1952 1227 2023 ἀπογυμνοῦνται.
1269 1950 1431 2021 1Ινύχὴ
1461 1950 1570 2020 γὰρ
1594 1948 1671 2011 ώς
1712 1948 1927 2018 ἀληθῶς
1956 1964 2049 2016 φι-

476 2042 682 2105 λόθεος,
714 2042 790 2105 ώς
818 2042 847 2095 ό
878 2042 1039 2111 λόγος
1075 2041 1215 2111 ἔφθη
1246 2038 1515 2111 δηλώσας,
1551 2038 1657 2092 κᾶν
1689 2038 1889 2109 μυρίας
1920 2054 2051 2107 μετ-

483 2136 613 2206 έλθῃ
659 2134 1024 2199 δικαιοσύνας,
1059 2133 1164 2187 κᾶν
1200 2132 1397 2203 ἄκραις
1447 2131 1778 2199 ἀγρυπνίαις
1809 2129 2047 2203 ἐκτρίψῃ

478 2226 540 2280 τὺ
569 2226 752 2295 σῶμα,
782 2224 887 2278 κᾶν
908 2223 1262 2293 χαρισμάτων
1289 2220 1383 2274 τοῦ
1405 2220 1722 2290 Πνεύματος
1756 2219 2050 2289 διαφόρων,

477 2315 877 2384 ἀποκαλύψεών
910 2332 971 2366 τε
1014 2314 1111 2366 καὶ
1169 2312 1484 2382 μυστηρίων
1539 2310 1819 2379 ἀξιωθείη,
1872 2310 2045 2374 οὕτως

481 2408 593 2477 εχει
651 2407 886 2477 μετρίως
939 2403 1014 2467 ὡς
1070 2404 1238 2473 μήπω
1290 2403 1391 2472 τῆς
1454 2401 1598 2454 κατὰ
1646 2401 1781 2453 θεὸν
1829 2402 2051 2470 ἀγωγῆς

479 2500 756 2571 ἠργμένη,
801 2497 935 2569 μηδέ
959 2496 1277 2566 κτησαμένη
1297 2512 1349 2549 τι
1374 2494 1485 2547 τῶν
1517 2492 1870 2563 δεξιωτέρων,
1913 2494 2052 2561 ἐρω-

481 2592 649 2654 τικῶς
684 2592 780 2644 xui.
811 2590 1103 2661 ἀπλήστως
1129 2588 1266 2658 πρὸς
1289 2588 1389 2656 τὴν
1412 2584 1555 2639 κατὰ
1579 2583 1812 2652 Χριστὸν
1832 2584 2054 2654 ἀγάπην

476 2682 826 2753 διακειμένη.

2131 796 2239 851 que
2293 786 2517 848 sperant
2558 777 2816 831 omnibus
2862 775 3119 829 sensibus
3172 782 3230 829 et
3289 776 3448 843 plena
3513 776 3709 831 fiducia

2132 869 2317 925 cordis
2368 868 2665 938 participes
2708 867 2949 937 Spiritus
3003 866 3266 935 paracleti
3321 864 3464 926 ﬁeri,
3502 882 3712 937 perque

2134 967 2316 1036 ipsum
2371 978 2403 1018 a
2450 962 2961 1033 perturbationibus
3011 961 3236 1015 malitia:
3282 960 3529 1023 liberari,
3582 962 3716 1015 licet

2137 1053 2371 1126 gratiam
2395 1052 2636 1107 divinam
2665 1052 2875 1121 adepta:
2916 1051 3049 1105 sint.
3096 1051 3204 1106 Sed
3238 1068 3269 1106 a
3304 1052 3509 1107 malitia
3540 1052 3715 1106 illucve

2140 1159 2361 1199 omnem
2392 1142 2819 1199 sollicitudinem
2860 1143 3170 1207 remittunt,
3200 1142 3370 1197 veluti
3407 1143 3719 1212 receperint

2135 1238 2247 1305 jam
2278 1237 2529 1306 gratiam,
2556 1243 2612 1290 et
2644 1250 2766 1305 quae
2798 1250 2866 1289 ex
2898 1236 3017 1304 ipsa
3064 1234 3207 1298 ﬂuit,
3253 1235 3714 1295 consolationem,

2138 1335 2197 1381 et
2229 1327 2505 1396 spirituali
2533 1326 2829 1381 dulcedine
2859 1325 3235 1395 perfruantur.
3270 1324 3424 1379 Unde
3446 1334 3504 1379 et
3530 1324 3719 1378 faciles

2142 1414 2197 1469 in
2231 1423 2503 1469 tumorem
2542 1414 2744 1468 mentis
2775 1413 3048 1475 incidunt,
3080 1429 3191 1467 non
3226 1414 3479 1468 contritae
3526 1413 3715 1475 corde,

2138 1516 2243 1557 nec
2262 1503 2531 1564 sitientes,
2544 1517 2646 1555 nec
2666 1501 2987 1556 anhelantes
3001 1500 3068 1554 ad
3089 1499 3383 1569 perfectam
3400 1500 3718 1555 exstinclio-

2140 1593 2226 1648 nis
2241 1593 2535 1648 affectuum
2554 1608 2863 1647 mensuram
2883 1592 3068 1662 ;206
3084 1593 3501 1661 acquiescentes
3523 1593 3719 1660 exigua

2144 1683 2248 1738 hac
2280 1684 2469 1753 gratiae
2514 1683 2924 1748 consolatione;
2978 1692 3034 1736 et
3080 1682 3253 1749 magis
3299 1684 3354 1736 in
3396 1682 3719 1747 elationem,

2144 1790 2309 1844 quam
2359 1775 2415 1828 in
2467 1774 2838 1837 humilitatem
2888 1772 3265 1842 proﬁcientes,
3295 1774 3442 1828 unde
3467 1782 3522 1827 et
3549 1773 3721 1843 gratia

2146 1865 2351 1935 potius,
2382 1879 2547 1934 quam
2597 1864 2881 1919 consecuti
2912 1871 3091 1926 erant,
3123 1862 3449 1931 spoliantur.
3489 1862 3611 1917 Non
3645 1864 3726 1917 sic

2144 1970 2275 2010 vere
2310 1954 2408 2009 Dei
2457 1969 2649 2008 amans
2697 1954 2903 2014 anima,
2954 1960 3016 2007 ut
3064 1953 3381 2022 praecedens
3425 1952 3730 2009 declaravit

2144 2059 2370 2109 sermo;
2400 2044 2808 2113 quantumlibet
2832 2044 2979 2098 enim
3022 2044 3327 2099 innumeris
3355 2058 3413 2099 se
3446 2060 3727 2100 commen-

2148 2138 2384 2193 dabilem
2413 2138 2608 2193 fecerit
2636 2137 2830 2193 ofﬁciis
2866 2140 3170 2205 virtutum;
3199 2139 3418 2195 etiamsi
3442 2140 3733 2194 acerrimis

2148 2228 2353 2299 vigiliis
2380 2242 2582 2297 corpus
2613 2228 2939 2294 extriverit;
2985 2237 3267 2297 utcunque
3306 2228 3466 2283 donis
3492 2228 3739 2298 Spiritus

2150 2321 2363 2391 magnis
2416 2330 2473 2375 et
2536 2320 2721 2385 variis,
2754 2321 2921 2375 etiam
2968 2320 3364 2375 revelationum
3395 2327 3454 2374 et
3485 2335 3736 2377 commu-

2156 2408 2448 2465 nicationis
2483 2409 2872 2479 mysteriorum
2918 2410 3084 2464 fuerit
3124 2408 3288 2478 digna
3324 2408 3511 2463 habita
3537 2451 3553 2473 ,
3580 2410 3647 2465 de
3673 2426 3735 2467 se

2160 2508 2343 2553 tamen
2376 2498 2516 2552 adeo
2545 2498 2713 2551 sentit
2741 2497 2975 2562 modice,
3004 2506 3065 2551 ut
3094 2497 3198 2551 sibi
3231 2496 3505 2563 videatur,
3547 2516 3617 2554 ne
3641 2516 3737 2554 ru-

2159 2588 2465 2643 dimentum
2510 2585 2734 2656 quidem
2768 2586 2950 2641 adhuc
2992 2601 3197 2655 ponere
3237 2588 3449 2655 cepisse
3490 2589 3616 2645 vitae
3649 2605 3737 2645 se—

2161 2678 2407 2733 cundum
2464 2679 2637 2733 Deum
2692 2685 2894 2732 rectae:
2924 2676 3129 2730 nedum
3167 2692 3226 2731 se
3258 2677 3540 2745 possidere
3569 2680 3736 2734 ullam

485 2778 925 2849 praestantiorum
948 2777 1005 2831 in
1032 2775 1118 2830 via
1141 2774 1378 2844 Spiritus
1398 2772 1635 2827 aestimet
1690 2771 1941 2838 dotium;
2008 2779 2122 2827 tota
2164 2774 2407 2841 interim,
2461 2772 2775 2829 vehementi
2824 2772 3109 2826 charitatis
3158 2771 3281 2826 nisu
3330 2770 3399 2825 ad
3454 2770 3736 2827 Christum

486 2872 875 2927 insatiabiliter
905 2870 1198 2925 amandum
1232 2869 1579 2923 incumbens.

556 2964 683 3015 KZ'.
721 2963 815 3024 Εἰς
867 2963 936 3015 τὰ
993 2962 1165 3032 μέτρα
1220 2961 1278 3013 δὲ
1339 2959 1625 3029 ἐφικέσθαι
1683 2957 1875 3023 ταῦτα,
1930 2958 2052 3013 οῦτε

484 3053 718 3124 ἀθρόως,
753 3052 877 3106 οὔτε
925 3053 1121 3123 ῥᾳδίως
1158 3051 1377 3121 ἐφικτὸν
1408 3049 1617 3103 οὐδενί·
1659 3050 1795 3104 ἀλλά
1844 3051 2054 3104 πολλῶν

491 3147 670 3197 πόνων
701 3145 797 3197 xui.
853 3143 1080 3211 ἀγώνων
1131 3142 1515 3212 ἡγησαμένων,
1578 3142 1785 3212 χρόνων
1839 3160 1901 3195 τε
1960 3143 2056 3196 καὶ

492 3235 750 3303 σπουδῆς,
780 3233 923 3287 κατά
946 3233 1271 3302 δοκιμασίας
1302 3236 1395 3286 καὶ
1427 3231 1749 3303 πειρασμῶν
1773 3233 2053 3298 ποικίλων,

486 3323 619 3394 ἄχρι
658 3326 749 3377 καὶ
778 3323 869 3377 τοῦ
911 3324 1139 3387 τελείου,
1187 3325 1351 3393 φημὶ,
1389 3324 1489 3392 τῆς
1528 3323 1794 3387 ἀπαθείας
1845 3324 2061 3394 μέτρου.

489 3414 650 3468 Οὕτω
679 3414 788 3485 γάρ
822 3415 959 3484 πρὸς
990 3414 1170 3469 πάντα
1202 3415 1364 3468 πόνον
1397 3415 1491 3468 κα)⁸
1529 3414 1697 3467 κόπον
1731 3414 2063 3480 ἐξετασθείς,

492 3508 586 3560 καὶ
611 3507 765 3570 ὅλους
792 3506 1132 3577 πειρασμοὺς
1157 3505 1285 3569 τοὺς
1314 3505 1419 3560 ὑπὸ
1440 3505 1539 3575 τῆς
1573 3505 1773 3567 κακίας
1794 3507 2067 3577 ἐπαγομέ-

496 3616 620 3659 νους
670 3598 922 3666 εὐψύχως
960 3596 1298 3663 ὑπενεγκὼν,
1358 3599 1479 3650 τότε
1529 3597 1623 3649 καὶ
1655 3596 1765 3648 τῶν
1818 3598 2067 3666 μεγάλων

498 3688 675 3756 τιμῶν
701 3687 799 3739 καὶ
828 3688 1179 3756 χαρισμάτων
1204 3686 1297 3739 τοῦ
1322 3686 1662 3756 Πνεύματος,
1684 3687 1780 3739 καὶ
1807 3687 1900 3740 τοῦ
1924 3688 2066 3740 θείου

502 3777 736 3829 πλούτου
776 3777 1131 3840 καταξιοῦται
1151 3795 1166 3808 ·
1208 3773 1326 3831 εἶτα
1354 3780 1451 3831 καὶ
1485 3779 1821 3849 κληρονόμος
1848 3780 1947 3850 τῆς
1980 3780 2070 3833 οὐ-

511 3870 695 3937 ρανίου
715 3868 925 3937 γίνεται
964 3867 1255 3936 βασιλείας.

570 3956 704 4014 KH'.
757 3958 820 4009 Ἦ
870 3957 1015 4027 ψυχὴ
1054 3957 1111 4010 δὲ
1146 3958 1245 4011 οὐκ
1274 3958 1471 4029 ἔχουσα
1522 3963 1619 4031 μὲν
1650 3963 1747 4034 τὴν
1773 3963 2070 4035 εἰρημένην

497 4053 596 4121 τῆς
626 4052 907 4116 πολιτείας
934 4053 1224 4122 ἀκρίϐειαν
1246 4069 1261 4084 ·
1292 4055 1459 4123 μήπω
1482 4056 1540 4109 δέ
1560 4056 1654 4109 τοῦ
1680 4058 1953 4127 ἀγιασμοῦ
1976 4056 2068 4110 τοῦ

500 4144 558 4193 ἐν
605 4145 672 4213 τῇ
705 4141 903 4212 καρδία
933 4143 1034 4210 τὴν
1057 4142 1310 4212 αἴσθησιν
1354 4143 1645 4215 δεξαμένη,
1686 4146 1949 4199 πενθείτω
1976 4145 2072 4198 xui.

500 4234 730 4302 ζητείτω
771 4234 923 4304 παρά
948 4234 1038 4286 τοῦ
1077 4234 1282 4304 Κυρίου
1329 4234 1570 4306 θερμῶς,
1604 4237 1691 4289 ἵνα
1732 4236 1825 4289 τοῦ
1865 4236 2070 4305 ἀγαθοῦ

496 4322 689 4376 τούτου
743 4323 840 4375 καὶ
871 4324 970 4394 τῆς
1001 4325 1285 4394 ἐνεργείας
1336 4326 1438 4395 τῆς
1479 4329 1537 4379 ἐν
1568 4325 1643 4396 νῷ
1698 4327 1765 4379 δι’
1818 4330 2071 4398 ἀρρήτων

498 4413 745 4484 θεωριῶν
774 4414 1068 4484 γενομένης
1102 4414 1195 4467 τοῦ
1229 4415 1547 4485 ῐινεύματος
1576 4417 1827 4487 ἐπιτύχῃ.
1858 4419 2071 4487 Ὠσπερ

2231 2962 2443 3018 XXVII.
2470 2962 2551 3017 Ad
2583 2962 2733 3017 hunc
2760 2960 2988 3032 gradum
3038 2960 3369 3030 pertingere,
3394 2974 3576 3030 neque
3605 2959 3737 3024 cito,

2160 3069 2341 3124 neque
2379 3055 2538 3110 facile
2567 3056 2839 3125 contingit
2874 3054 2991 3109 ulli.
3027 3054 3134 3109 Sed
3165 3052 3477 3124 praecedant
3507 3067 3737 3108 necesse

2158 3154 2247 3200 est
2299 3145 2457 3199 multi
2509 3145 2728 3199 labores
2773 3154 2828 3199 et
2879 3144 3204 3208 certamina,
3256 3159 3423 3198 morae
3471 3143 3648 3213 longae
3682 3155 3740 3199 et

2164 3236 2405 3290 studium
2460 3251 2583 3290 cum
2640 3235 2967 3305 probatione
3014 3243 3071 3291 et
3112 3234 3515 3289 tentationibus
3546 3233 3737 3297 variis,

2167 3341 2342 3395 usque
2367 3327 2497 3380 dum
2528 3326 2593 3379 ad
2625 3325 2926 3395 perfectam,
2947 3340 3259 3380 mensuram
3286 3324 3489 3394 quietis
3518 3333 3742 3393 pertur-

2166 3415 2451 3470 bationum
2476 3415 2851 3484 perveniatur.
2881 3414 2959 3468 Ita
2979 3414 3127 3468 enim
3158 3415 3381 3468 demum
3413 3429 3513 3482 per
3540 3422 3742 3467 cuncta

2165 3505 2583 3559 contentionum
2624 3518 3105 3571 mrumnarumque
3160 3517 3359 3571 genera
3399 3502 3739 3571 exploratus,

2167 3604 2223 3650 et
2255 3593 2651 3649 tentationibus
2685 3608 2715 3646 a
2752 3593 2957 3647 malitia
2991 3592 3271 3647 suscitatis
3317 3592 3562 3645 animose
3608 3590 3745 3644 tole»

2169 3684 2323 3745 ratis,
2376 3700 2695 3754 magnorum
2741 3682 2979 3751 denique
3030 3682 3326 3743 honorum,
3374 3692 3431 3734 et
3470 3680 3744 3735 donorum

2170 3774 2428 3843 Spiritus,
2456 3790 2733 3845 opumque
2760 3773 3072 3828 divinarum
3095 3772 3290 3826 beatur
3316 3787 3330 3837 ;
3355 3779 3745 3843 postremoque

2170 3866 2343 3920 haeres
2376 3866 2434 3919 fit
2464 3865 2615 3936 regni
2653 3864 2914 3920 etelestis.

2240 3965 2475 4021 XXVIII.
2519 3965 2714 4019 Anima
2756 3979 2888 4018 vero
2917 3978 3029 4017 non
3077 3960 3289 4016 habens
3328 3959 3553 4028 quidem
3580 3958 3746 4025 hanc,

2170 4054 2238 4109 de
2278 4070 2387 4123 qua
2442 4054 2705 4117 diximus,
2749 4053 3036 4122 exquisita:
3092 4049 3531 4105 conversationis
3570 4049 3751 4103 soler-

2172 4146 2540 4213 tiam;neque
2573 4145 2704 4198 dum
2739 4143 2918 4198 intimi
2968 4158 3163 4197 sensus
3215 4140 3593 4210 experimento
3641 4140 3749 4195 sibi

2172 4235 2390 4289 conscia
2420 4236 2558 4304 ejus,
2590 4251 2713 4304 qua:
2753 4243 2837 4287 est
2876 4235 2929 4287 in
2976 4234 3143 4289 corde
3190 4248 3311 4294 suo,
3362 4232 3754 4287 sanctificatio-

2172 4324 2281 4386 nis,
2313 4326 2495 4393 lugeat
2531 4332 2589 4377 et
2619 4332 2828 4393 quaerat
2860 4340 2889 4377 a
2927 4322 3159 4377 Domino
3184 4322 3482 4386 ferventer,
3524 4330 3587 4375 ut
3617 4321 3751 4377 boni

2175 4415 2339 4484 hujus
2371 4423 2427 4468 et
2478 4414 2819 4483 operationis
2858 4414 3139 4482 Spiritus,
3192 4428 3315 4483 quae
3352 4411 3407 4465 in
3463 4418 3648 4466 mente
3688 4410 3752 4466 ﬁt

498 4507 556 4559 δὲ
591 4507 736 4560 κατά
781 4508 872 4560 τὸν
906 4507 1359 4575 ἐκκλησιαστικὸν
1424 4509 1609 4578 νόμον,
1636 4513 1684 4562 οί
1738 4513 2057 4578 σωματικοῖς

2176 4523 2273 4576 per
2319 4523 2548 4561 arcanas
2600 4506 3124 4576 contemplationes,
3185 4504 3455 4560 eﬂiciatur
3503 4517 3748 4573 compos.

499 4595 719 4658 ἁλόντες
746 4596 1164 4666 ἁμαρτήμασιν,
1221 4595 1577 4666 ἀφορίζονται
1628 4598 1725 4667 μὲν
1780 4599 1932 4669 παρά
1972 4597 2067 4650 τοῦ

503 4686 693 4757 ἱερέως
715 4686 775 4738 τὸ
798 4686 1065 4757 πρότερον
1086 4702 1100 4716 ·
1133 4681 1252 4737 εἶτα
1284 4687 1382 4755 τὴν
1408 4687 1549 4739 κατά
1594 4686 1750 4753 λόγον
1783 4688 2070 4755 μετάνοιαν

499 4776 946 4846 ἐπιδεδειγμένοι,
992 4776 1085 4828 καὶ
1125 4776 1225 4846 τῆς
1274 4778 1562 4839 κοινωνίας
1612 4779 2069 4847 μεταποιοῦνται·

499 4869 616 4921 ὅσοι
656 4868 714 4921 δὲ
775 4867 1043 4929 ἀπτώτως
1099 4868 1195 4919 καὶ
1271 4869 1530 4939 καθαρῶς
1588 4867 1901 4938 βεβιώκασι,
1937 4887 2073 4938 προ-

504 4960 767 5012 κόπτουσι
794 4976 855 5012 τε
881 4960 1015 5030 πρὸς
1059 4959 1376 5030 ἱερωσύνην,
1409 4961 1501 5014 καὶ
1541 4961 1647 5013 ἀπὸ
1679 4961 1773 5014 τοῦ
1806 4961 2072 5032 ἐξωτέρου

501 5050 666 5102 τόπου
687 5052 786 5120 τὴν
814 5050 923 5103 ἔσω
952 5050 1044 5102 τοῦ
1085 5051 1481 5121 θησιαστηρίου
1515 5053 1851 5121 μετάστασίν
1892 5069 1952 5104 τε
1982 5053 2077 5105 καὶ

502 5142 652 5207 τάξιν
681 5141 1180 5211 ἀπολαμϐάνουσιν,
1215 5143 1303 5194 ἵνα
1350 5142 1659 5213 λειτουργοὶ
1685 5146 1780 5197 καὶ
1818 5144 2076 5216 πάρεδροι

501 5234 577 5305 τῷ
608 5234 801 5303 Κυρίῳ
829 5232 1151 5286 διατελῶσιν
1171 5249 1185 5261 ·
1230 5232 1374 5285 οῦτω
1408 5234 1473 5302 δὴ
1501 5234 1792 5303 σκοπῶμεν
1824 5234 1919 5286 καὶ
1949 5233 2078 5302 περὶ

502 5325 602 5393 τῆς
639 5324 908 5393 μυστικῆς
938 5324 1033 5377 τοῦ
1067 5322 1386 5392 Πνεύματος
1414 5324 1717 5389 κοινωνίας,
1742 5326 1869 5396 περὶ
1906 5318 1973 5394 ἦς
2001 5324 2078 5393 τῷ

514 5415 820 5482 Ἀποστόλῳ
858 5415 1110 5485 εἴρηται·
1163 5416 1235 5469 Ἦ
1282 5414 1456 5483 χάρις
1484 5415 1590 5468 τοῦ
1647 5417 1865 5482 Κυρίου
1909 5415 2079 5484 ἡμῶν

514 5506 721 5573 Ἰησοῦ
754 5510 1034 5575 Χριστοῦ,
1060 5508 1158 5562 καί
1194 5509 1232 5576 ἡ
1267 5507 1468 5577 ἀγάπη
1502 5508 1608 5562 τοῦ
1648 5509 1795 5563 Θεοῦ
1825 5510 1923 5562 καὶ
1956 5512 2077 5561 Πα-

502 5599 664 5665 τρός,
686 5599 784 5652 καί
812 5600 851 5666 ἡ
890 5600 1172 5653 κοινωνία
1210 5599 1315 5653 τοῦ
1353 5600 1523 5668 ἁγίου
1549 5599 2077 5670 Πνεύματος.”υψει

507 5688 820 5759 σωζομένην
840 5688 1162 5741 ἀκολουθίαν
1191 5706 1203 5719 ·
1230 5690 1429 5742 ἐνοικεῖ
1456 5690 1553 5759 μὲν
1578 5690 1684 5759 γὰρ
1710 5694 1741 5761 ὴ
1767 5690 1884 5743 θεία
1910 5691 2076 5759 Τριὰς

577 5784 620 5812 ³ο
644 5780 688 5835 II
717 5779 844 5836 Cor.
868 5797 986 5844 xm,
1033 5783 1119 5835 13.
1615 5806 1621 5812 ο

870 5876 1142 5933 ιἈτιιοῐη
1177 5874 1291 5932 Gn.
1332 5874 1612 5934 XXXIV.

2174 4602 2346 4655 Porro
2380 4598 2841 4668 quemadmodum
2885 4600 3039 4669 juxta
3088 4598 3516 4653 ecclesiasticam
3550 4596 3748 4665 legem,

2174 4689 2230 4743 in
2258 4689 2475 4743 delictis
2514 4688 2844 4757 deprehensi
2896 4686 3201 4756 corporeis,
3245 4693 3602 4756 segregantur
3628 4683 3752 4753 qui:

2174 4778 2299 4834 dem
2353 4780 2591 4847 primum
2629 4794 2727 4848 per
2775 4778 3154 4843 sacerdotem;
3191 4776 3393 4831 deinde
3431 4774 3753 4844 praescripta

2176 4869 2482 4923 canonibus
2534 4866 2861 4937 paenitentia
2925 4865 3191 4927 exhibita,
3238 4861 3611 4918 communioni
3664 4878 3754 4918 re-

2176 4957 2519 5021 stituuntur;
2554 4956 2649 5025 qui
2683 4971 2814 5011 vero
2843 4956 2964 5010 sine
2997 4954 3301 5008 offensione
3342 4962 3399 5006 et
3426 4967 3565 5021 pure
3599 4954 3753 5007 vixe-

2174 5057 2323 5110 runt,
2351 5057 2752 5117 promoventur
2784 5047 2849 5101 ad
2887 5044 3279 5110 sacerdotium,
3304 5052 3361 5098 et
3392 5044 3461 5099 ab
3489 5045 3750 5101 exteriori

2174 5141 2295 5193 loco
2332 5138 2565 5192 interius
2612 5135 2680 5190 ad
2726 5136 2916 5189 altaris
2965 5134 3223 5189 viciniam
3268 5132 3514 5198 admissi,
3550 5142 3753 5189 statum

2170 5232 2281 5300 jam
2307 5237 2363 5283 et
2389 5226 2639 5281 ordinem
2689 5223 2988 5293 accipiunt,
3018 5232 3078 5277 ut
3107 5223 3343 5277 ministri
3366 5231 3423 5278 et
3449 5237 3754 5278 assessores

2180 5319 2411 5373 Domino
2435 5317 2604 5380 ﬁant;
2639 5313 2708 5367 ad
2739 5314 3082 5368 consimilem
3128 5313 3352 5368 modum
3403 5328 3517 5367 rem
3563 5327 3621 5367 se
3659 5313 3757 5367 ha-

2184 5411 2318 5465 bere
2358 5417 2678 5478 reputemus
2716 5409 2773 5463 in
2818 5408 2921 5461 huc
2949 5407 3178 5477 mystica
3224 5404 3466 5475 Spiritus
3504 5419 3756 5458 commu-

2187 5501 2376 5563 nione,
2414 5514 2523 5569 qua
2553 5498 2763 5553 dictum
2789 5496 2859 5551 ab
2890 5497 3153 5566 Apostolo
3182 5505 3301 5550 est:
3333 5495 3521 5551 Gratia
3544 5490 3759 5549 Domini

2186 5593 2351 5647 nostri
2383 5592 2507 5646 Jesu
2538 5590 2755 5656 Christi,
2783 5590 3012 5643 charitas
3034 5586 3128 5641 Dei
3161 5595 3207 5639 et
3238 5585 3434 5646 Patris,
3460 5594 3506 5639 et
3530 5598 3757 5638 comma.

2187 5686 2381 5739 niratio
2408 5684 2577 5737 sancti
2621 5680 2848 5753 Spiritus
2863 5680 2929 5735 ³ο.
2962 5678 3204 5744 Videbis,
3241 5678 3486 5746 inquam,
3523 5676 3759 5732 similem

3351 5864 3425 5922 30
