4020 6444
392 376 491 439 931

1628 371 1690 432 S.
1735 368 2055 432 MACARII
2094 368 2419 430 EGYPTII

3542 372 3662 435 932

390 489 487 544 hic
506 501 727 559 quoque
759 487 918 558 quasi
941 485 1251 558 disciplina:
1279 484 1550 543 ordinem.
1575 483 1798 540 Habitat
1825 483 1963 540 enim

2079 482 2140 536 ιν
2166 484 2233 552 τῇ
2266 481 2523 552 καθαρῶς
2552 479 2753 555 ἐχούσῃ
2773 482 2945 553 ψυχῇ,
2977 481 3081 553 τῆς
3106 481 3259 547 θείας
3284 484 3659 553 χρηστότητος

389 577 579 632 divina
618 577 861 631 Trinitas
908 576 963 630 in
1008 576 1192 630 anima
1229 590 1367 645 pure
1398 574 1639 639 vivente,
1666 588 1793 628 cum
1818 573 1974 643 adju-

388 676 557 722 vante
601 667 774 736 ipsam
808 666 1008 721 divinae
1052 664 1411 735 benignitatis
1459 664 1699 729 auxilio;
1761 663 1974 718 habitat

390 768 576 815 autem
603 772 714 812 non
746 757 800 810 in
842 765 1111 826 quantum
1139 756 1194 811 in
1229 770 1289 811 se
1323 763 1441 820 est;
1483 756 1560 810 sic
1586 753 1735 809 enim
1770 761 1855 807 est
1885 753 1973 806 in-

389 849 904 920 comprehensibilis
952 849 1240 912 universae,
1269 854 1475 917 quanta
1516 854 1624 909 est,
1662 852 1969 906 creaturae:

388 942 487 996 sed
514 942 571 995 in
596 949 861 1011 quantum
891 949 1052 1009 aptus
1078 948 1134 993 et
1160 953 1329 1007 capax
1354 946 1441 991 est
1463 936 1649 991 homo.
1673 935 1969 1002 Postquam

386 1048 523 1087 vero
554 1034 736 1088 anima
770 1033 824 1086 in
878 1031 1139 1101 quopiam
1190 1028 1506 1093 oﬂ‘enderit,
1562 1025 1972 1097 transgrediens

387 1124 645 1179 ordinem
685 1125 955 1186 divinum,
994 1138 1059 1177 ac
1104 1122 1201 1176 Dei
1234 1120 1493 1190 spiritum
1536 1116 1967 1181 contristaverit,

386 1212 611 1281 ejicitur
649 1219 705 1266 et
743 1217 1062 1282 segregatur
1085 1223 1116 1263 a
1143 1208 1418 1277 spirituali
1459 1205 1651 1260 laetitia
1681 1219 1857 1268 mens,
1887 1202 1971 1256 di-

385 1304 516 1359 vina
546 1304 768 1373 quidem
810 1303 1011 1373 gratia,
1057 1308 1115 1356 et
1160 1300 1432 1361 charjtate
1484 1297 1657 1362 omni,
1693 1306 1749 1350 et
1776 1307 1972 1364 opera-

387 1393 539 1449 tione
570 1393 812 1462 Spiritus
840 1408 962 1447 sese
986 1390 1482 1451 contrahentibus;
1526 1388 1676 1457 lapsa
1718 1386 1771 1440 in
1814 1382 1969 1438 dele-

387 1494 538 1541 ctum
566 1486 747 1539 anima
771 1483 1164 1538 afﬂictionibus
1186 1482 1431 1545 interim,
1456 1488 1514 1535 et
1545 1476 1965 1542 tentationibus,

385 1588 445 1635 et
497 1578 861 1647 malignorum
918 1576 1216 1645 spirituum
1267 1572 1674 1635 vexationibus,
1722 1569 1964 1634 tradita;

386 1667 568 1738 quoad
599 1681 793 1721 rursus
835 1679 985 1721 recte
1030 1666 1141 1736 jam
1184 1664 1492 1728 ambulans,
1543 1662 1727 1716 denuo
1778 1676 1838 1716 se
1895 1661 1964 1716 ad

384 1758 624 1829 Spiritus
688 1756 1093 1826 beneplacitum
1149 1753 1524 1823 adaptaverit;
1574 1750 1775 1806 deinde
1814 1750 1966 1804 velut

384 1864 485 1921 per
513 1862 706 1903 omnes
733 1844 1108 1902 circumducta
1142 1843 1528 1914 poenitentium
1560 1841 1784 1911 gradus,
1832 1854 1965 1894 con-
1995 1838 2038 1893 Β

381 1939 629 1996 fessione
658 1952 859 2007 nempe
892 1947 950 1993 et
978 1937 1381 2001 humiliatione,
1402 1933 1723 1989 visitatione
1753 1934 1968 1987 tandem

386 2032 589 2087 iterum
625 2028 816 2100 gratia:
863 2029 1092 2094 beatur;
1135 2027 1268 2096 quin
1300 2034 1358 2080 et
1393 2024 1634 2080 caelestis
1658 2024 1970 2079 uberiorem

385 2123 665 2178 interdum
708 2124 1023 2175 mensuram
1061 2119 1263 2173 laetitia
1295 2116 1513 2185 recipit.
1543 2115 1699 2181 Quod
1743 2115 1789 2169 si
1821 2114 1970 2168 nulla

384 2214 441 2268 in
487 2228 548 2267 re
593 2211 858 2281 Spiritum
888 2209 1321 2274 contristaverit,
1343 2208 1439 2263 sed
1478 2208 1632 2278 juxta
1675 2206 1772 2262 Dei
1802 2206 1973 2261 bene-

383 2304 646 2375 placitum
684 2301 902 2367 vixerit,
927 2301 1145 2355 cunctis
1186 2300 1373 2370 pravis
1408 2297 1836 2369 cogitationibus
1866 2312 1961 2353 va-

381 2396 494 2451 lide
557 2395 839 2460 resistens,
896 2394 1238 2463 Dominoque
1304 2391 1576 2446 indivulse
1633 2390 1960 2457 adhaerens;

383 2488 515 2543 talis
538 2486 741 2541 merito
765 2500 829 2540 ac
871 2492 1278 2555 consequenter
1312 2498 1597 2553 nunquam
1649 2482 1962 2552 interrupto

382 2586 549 2632 auctu
595 2576 816 2647 prolicit
843 2576 1049 2640 anima,
1098 2574 1369 2643 donisque
1400 2573 1775 2628 ineﬂ‘abilibus
1800 2572 1961 2643 207

382 2669 712 2735 instruitur;
752 2682 858 2723 nec
903 2682 1015 2721 non
1040 2682 1073 2720 ι
1104 2665 1277 2736 gloria
1327 2664 1384 2719 in
1433 2665 1683 2735 gloriam,
1711 2679 1741 2718 a
1773 2665 1962 2734 quiete

380 2767 441 2821 in
496 2764 882 2836 perfectiorem
929 2763 1173 2833 quietem
1207 2762 1591 2817 transferetur.
1626 2761 1872 2829 Denique
1904 2769 1961 2815 et

2083 572 2605 642 συνεφαπτομένης’
2638 574 2842 625 ἔνοικεί
2874 574 2931 626 δὲ
2973 575 3034 627 οὺ
3078 574 3200 627 καθ’
3233 575 3262 628 ὅ
3289 577 3471 626 ἐστιν·
3510 574 3662 642 ἀχώ-

2080 680 2244 735 ρητος
2276 662 2385 730 γὰρ
2409 664 2503 715 καὶ
2532 663 2671 733 αὐτῇ
2707 664 2857 734 πάσῃ
2884 666 2953 735 τῇ
2984 666 3194 718 κτίσειο
3224 664 3360 718 ἀλλά
3386 664 3508 718 καθ’
3529 665 3658 717 ὅσον

2073 755 2204 823 γοῦν
2255 754 2577 824 ἐπιτηδείως
2641 754 2755 823 ἔχει
2807 756 2902 809 καὶ
2949 756 3215 820 δεκτικῶς
3263 757 3295 808 6
3339 754 3655 825 ἄνθρωπος·

2073 847 2299 901 ἐπειδὰν
2329 846 2387 900 δέ
2408 864 2460 899 τι
2494 849 2832 917 παρατραπῇ
2864 847 2961 915 τῆς
2992 846 3070 917 τῷ
3109 847 3229 916 Θεῷ
3261 847 3403 900 κατά
3426 846 3658 914 γνώμην

2072 937 2375 1007 διαγωγῆς,
2400 939 2495 991 καὶ
2519 937 2581 990 τὺ
2626 936 2771 990 θεῖον
2790 934 3023 1008 Πνεῦμα
3049 938 3367 1009 λυπήσειεν,
3394 937 3656 991 ἐκϐάλλε-

2069 1046 2164 1085 ται
2208 1032 2304 1082 καὶ
2348 1028 2673 1101 ἀφορίζεται
2704 1029 2806 1098 τῆς
2844 1030 3226 1100 πνευματικῆς
3263 1029 3600 1101 εὐφροσύνης
3625 1030 3657 1082 ὁ

2070 1122 2352 1193 νοῦς’τῆς
2405 1122 2504 1193 μὲν
2545 1122 2697 1185 θείας
2738 1121 2963 1191 χάριτος
3009 1123 3103 1172 καὶ
3144 1121 3245 1190 τῆς
3287 1121 3526 1188 ἀγάπης,
3559 1120 3655 1172 καὶ

2072 1212 2252 1282 πάσης
2285 1212 2387 1282 τῆς
2410 1213 2621 1281 ἀγαθῆς
2647 1211 2743 1264 τοῦ
2769 1210 3085 1280 Πνεύματος
3119 1212 3400 1282 ἐνεργείας
3430 1211 3652 1264 συστελ-

2069 1302 2338 1374 λομένης·
2379 1303 2592 1356 ἐκείνου
2620 1302 2677 1356 δὲ
2712 1302 2926 1372 θλίψεσί
2965 1320 3026 1355 τε
3056 1305 3151 1355 καὶ
3199 1304 3526 1374 πειρασμοῖς
3555 1301 3652 1356 καὶ

2069 1398 2330 1467 πονηροῖς
2381 1397 2659 1466 πνεύμασι
2689 1395 3158 1467 παραδιδομένου·
3198 1397 3292 1451 καὶ
3342 1396 3536 1467 μέχρις
3581 1396 3649 1450 ἂν

2071 1487 2236 1541 πάλιν
2266 1487 2672 1558 ὀρθοποδίσειεν
2698 1489 2732 1557 ἠ
2756 1487 2902 1557 ψυχὴ
2926 1488 3065 1558 πρὸς
3092 1487 3193 1557 τὴν
3214 1487 3309 1541 τοῦ
3335 1488 3650 1555 Πνεύματος

2068 1579 2430 1649 εὐαρέστησιν
2450 1592 2466 1606 '
2498 1574 2617 1631 εἶτα
2654 1579 2742 1632 διά
2770 1580 2951 1648 πάσης
2974 1577 3417 1649 ὲξομολογήσεώς
3446 1595 3507 1631 τε
3552 1579 3647 1631 καὶ

2067 1668 2455 1730 ταπεινώσεως
2491 1667 2590 1738 τὴν
2620 1669 2908 1738 μετάνοιαν
2939 1668 3354 1739 ὲπιδιιξαμένη,
3396 1668 3517 1721 τότε
3554 1668 3647 1721 καὶ

2070 1756 2225 1823 αὖθις
2255 1759 2357 1829 τῆς
2383 1762 2691 1829 επισκοπῆς
2738 1759 2988 1824 ἀξιοῦται
3027 1760 3127 1828 τῆς
3154 1761 3398 1830 χάριτος,
3431 1761 3523 1812 καὶ
3547 1759 3647 1828 τὴν

2066 1852 2317 1922 οὐράνιον
2356 1849 2700 1920 εὐφροσύνην
2753 1850 2919 1904 πλέον
2959 1848 2992 1921 ἢ
3043 1851 3187 1904 κατά
3237 1849 3454 1921 πρῶτον
3508 1850 3647 1902 ἀπο-

2068 1941 2356 2012 λαμϐάνει.
2399 1943 2463 1995 El.
2491 1942 2548 1995 δὲ
2582 1941 2721 2013 πρὸς
2745 1942 2915 2013 μηδὲν
2961 1942 3025 1995 τὸ
3066 1941 3293 2011 Πνεῦμα
3328 1941 3643 2011 λυπήσειεν,

2068 2035 2183 2089 ἀλλ’
2213 2034 2298 2101 εῐη
2325 2033 2475 2098 ζῶσά
2500 2049 2560 2085 τε
2588 2032 2925 2103 εὐαρέστως,
2951 2034 3047 2088 καὶ
3071 2034 3353 2103 λογισμοῖς
3387 2034 3487 2103 μὲν
3508 2035 3645 2087 πᾶσι

2070 2127 2327 2197 πονηροῖς
2378 2126 2829 2196 ἀντιταττομένη,
2870 2126 2948 2194 τῷ
3002 2127 3194 2197 Κυρίῳ
3241 2126 3299 2178 δὲ
3329 2125 3647 2195 κολλωμένη

2070 2214 2386 2281 διαπαντὸς,
2418 2217 2451 2286 ἡ
2492 2215 2719 2285 τοιαύτη
2770 2215 2998 2277 δικαίως
3038 2214 3148 2284 ἀρα
3196 2215 3293 2268 καὶ
3332 2212 3643 2276 ἀκολούθως

2068 2307 2370 2379 προκόπτει
2399 2305 2569 2376 ψυχὴ,
2606 2307 2702 2360 καὶ⁵
2734 2306 2954 2379 δωρεῶν
2982 2306 3207 2373 ἀφάτων
3233 2306 3500 2371 ἀξιοῦται,
3536 2305 3647 2358 ἀπὸ

2040 2414 2043 2415 ⁷
2067 2399 2228 2469 δόξης
2247 2400 2328 2462 είς
2349 2399 2531 2465 δόξαν,
2560 2400 2657 2452 καὶ
2678 2396 2789 2453 ἀπὸ
2812 2399 3173 2461 ἀναπαύσεως
3198 2400 3279 2462 είς
3298 2397 3640 2467 τελειοτέραν

2069 2490 2382 2544 ἀνάπαυσιν
2424 2490 2800 2559 μετατίθεται.
2837 2483 2973 2543 Εἶτα
2997 2490 3094 2545 καὶ
3122 2492 3201 2551 είς
3225 2489 3286 2543 τὸ
3318 2489 3524 2542 τέλειον
3549 2486 3646 2542 τοῦ

2067 2581 2500 2654 Χριστιανισμοῦ
2529 2582 2729 2653 μέτρον
2753 2582 3084 2653 ἀφικομένη,
3105 2586 3219 2646 τοῖς
3240 2582 3465 2644 τελείοις
3483 2581 3647 2652 ὲργά-

2065 2690 2207 2737 ταις,
2259 2672 2354 2726 καὶ
2413 2674 2526 2735 τοῖς
2573 2671 2826 2743 ἀμώμοις
2876 2672 2971 2725 τοῦ
3023 2672 3264 2743 Χριστοῦ
3314 2672 3649 2741 λειτουργοῖς

2067 2761 2209 2815 κατά
2238 2761 2336 2832 τὴν
2363 2759 2583 2815 αἰώνιον
2614 2762 2779 2815 αὑτοῦ
2812 2763 3209 2834 συνταγήσεται
3242 2760 3542 2833 βασιλείαν.

382 2874 557 2932 usque
600 2859 669 2917 ad
720 2852 1066 2932 supremum,
1097 2872 1207 2930 quo
1257 2856 1563 2927 perducere
1607 2854 2061 2915 Ctnislianismus
2086 2857 2367 2915 hominem
2410 2865 2612 2929 petest,
2663 2857 3020 2927 perfectionis
3070 2859 3282 2929 apicem
3329 2870 3642 2928 progressa,

378 2958 645 3028 perfectls
674 2953 965 3027 operariis,
1007 2961 1065 3007 et
1102 2951 1394 3020 inculpatis
1424 2950 1632 3006 Christi
1688 2951 1958 3006 ministris
1994 2951 2050 3007 in
2085 2962 2294 3008 αξιοι-[ιο
2323 2967 2494 3024 regno
2520 2951 2873 3023 adjtmgetur.

452 3049 646 3105 XXIX.
682 3049 803 3102 Haec
835 3061 958 3116 quae
1001 3045 1257 3099 videmus
1294 3045 1349 3097 in
1394 3043 1559 3111 paulo
1594 3051 1720 3096 ante
1751 3057 1958 3097 memo—

381 3150 504 3195 rato
529 3153 812 3194 sacrorum
848 3136 980 3199 ritu,
1012 3136 1215 3205 ﬁguras
1238 3149 1359 3187 csse
1386 3142 1518 3203 puta
1544 3142 1600 3187 et
1624 3134 1844 3188 umbras
1864 3148 1961 3189 oc-

2139 3043 2267 3097 KO’.
2305 3045 2384 3096 Τὰ
2434 3045 2744 3113 φαινόμενα
2790 3044 2963 3097 ταῦτα
3020 3041 3225 3108 τύπους
3255 3042 3367 3097 οἵου
3419 3061 3510 3115 μοι
3554 3045 3647 3098 καὶ

2071 3133 2229 3197 σκιὰς
2266 3135 2383 3189 τῶν
2410 3137 2662 3207 κρυφίων
2699 3132 2876 3190 εἶναι·
2914 3137 3004 3189 τὸν
3052 3136 3179 3190 ναὸν
3226 3137 3318 3190 τὸν
3369 3136 3646 3208 ὁρώμενον

368 3232 682 3286 cultorum.
730 3226 1015 3296 Templum
1062 3232 1193 3293 puta
1238 3223 1478 3288 visibile,
1520 3223 1743 3288 cordis;
1775 3238 1961 3279 sacer-

2067 3224 2161 3281 τοῦ
2189 3226 2291 3297 τῆς
2316 3228 2544 3298 καρδίας
2568 3226 2719 3293 ναοῦ,
2751 3229 2845 3283 τὸν
2866 3227 3037 3299 ἱερέα,
3056 3226 3151 3281 τοῦ
3176 3226 3430 3299 ἀληθινοῦ
3457 3220 3645 3296 ίερέως

381 3323 589 3384 dotem,
618 3317 733 3372 veri
757 3315 1061 3371 sacerdotis
1090 3312 1299 3369 Christi
1334 3313 1567 3384 gratiam
1596 3331 1610 3366 :
1642 3322 1700 3367 et
1723 3313 1804 3367 sic
1832 3328 1963 3382 por-

381 3423 467 3464 ro.
501 3409 572 3465 Ut
617 3408 785 3477 igitur
842 3406 901 3459 in
936 3404 1181 3459 Ecclesia
1230 3404 1435 3459 visibi‘li
1481 3403 1588 3457 nisi
1626 3404 1781 3473 prius
1831 3401 1964 3456 ﬂant

382 3516 553 3559 sacra:
598 3501 886 3565 lectiones,
916 3507 973 3553 et
1015 3512 1139 3568 qua;
1191 3507 1391 3552 caetera
1437 3511 1649 3552 canone
1702 3495 1965 3551 ecclesia-

373 3595 522 3651 stico
572 3582 837 3662 consequi
894 3588 1124 3654 debent,
1155 3588 1481 3660 procedant,
1535 3588 1852 3658 psalmodia:
1906 3597 1964 3645 et

379 3700 597 3742 sacrum
654 3685 836 3754 ipsum
886 3681 1208 3753 mysterium
1269 3680 1524 3749 corporis
1568 3686 1625 3734 et
1679 3680 1964 3751 sanguinis

376 3778 585 3836 Christi
633 3775 819 3847 peragi
866 3788 899 3828 a
942 3773 1250 3836 sacerdote,
1278 3772 1687 3841 inconsequens
1726 3782 1830 3829 est.
1864 3771 1960 3829 Vi-

379 3873 566 3928 cissim
612 3878 817 3931 autem,
860 3866 906 3921 si
952 3866 1041 3920 vel
1078 3864 1311 3919 maxime
1353 3864 1761 3919 ecclesiasticus
1786 3878 1961 3919 canon

377 3964 634 4032 expletus
667 3957 856 4022 fuerit,
899 3953 1109 4010 oblatio
1158 3962 1341 4007 autem
1404 3953 1636 4023 mystica
1674 3968 1786 4008 non
1816 3954 1962 4008 cele-

377 4053 571 4107 bretar
601 4046 958 4109 as‘acerdote,
1005 4058 1109 4098 nec
1161 4042 1494 4098 eucharistia
1541 4051 1599 4097 et
1646 4044 1962 4098 communio

377 4141 631 4212 corporis
660 4137 866 4194 Christi
897 4133 1336 4197 administretur,
1380 4132 1525 4186 haud
1578 4133 1822 4201 perfecte
1868 4134 1963 4188 ab-

378 4234 613 4288 solvitur
639 4227 1141 4284 ecclesiasticarum
1188 4223 1644 4276 caeremoniarum
1698 4222 1857 4287 ordo,
1904 4232 1962 4278 et

378 4336 608 4377 mancus
645 4318 988 4385 mutilusque
1019 4313 1118 4369 Dei
1163 4312 1350 4367 cultus
1392 4326 1457 4365 ac
1497 4311 1689 4381 religio
1720 4320 1825 4367 est.
1870 4314 1962 4370 Sic

378 4411 516 4467 mihi
547 4419 605 4463 tu
644 4408 713 4463 de
732 4405 1051 4462 Christiano
1069 4401 1319 4471 quolibet
1342 4401 1540 4470 cogita.
1568 4399 1623 4454 Si
1645 4401 1794 4454 enim
1830 4402 1877 4457 is
1903 4404 1960 4459 in

374 4500 589 4575 jejunio
617 4497 841 4568 quidem
865 4504 922 4551 et
954 4493 1161 4563 vigilia,
1200 4502 1258 4547 et
1303 4492 1358 4545 in
1407 4489 1708 4560 psalmodia
1751 4491 1882 4545 item
1905 4503 1962 4549 et

2062 3318 2162 3388 τῆς
2189 3317 2284 3371 τοῦ
2314 3319 2556 3384 Χριστοῦ
2577 3320 2800 3390 χάριτος
2819 3337 2833 3353 ο
2864 3320 2959 3373 καὶ
2982 3318 3177 3389 ἑφεξῆς
3199 3317 3392 3380 οὕτως.
3432 3318 3635 3381 Ὠσπερ

2063 3403 2157 3461 οὖν
2185 3408 2330 3463 κατὰ
2361 3410 2526 3481 τήνδε
2555 3412 2656 3482 τὴν
2679 3410 2885 3481 δρατὴν
2923 3410 3268 3479 Ἐκκλησίαν,
3306 3408 3371 3463 ἂν
3396 3409 3467 3477 μὴ
3498 3406 3627 3475 πρό-

2062 3516 2221 3570 τερον
2246 3502 2301 3553 αἱ
2331 3501 2697 3571 ἀναγνώσεις,
2729 3503 2784 3557 ai
2806 3501 3120 3573 ψαλμῳδίαι
3152 3518 3214 3556 τε
3245 3500 3337 3556 καὶ
3370 3500 3450 3564 τίς
3482 3503 3626 3553 ἐστιν

2063 3590 2359 3645 ἀκολουθία
2402 3593 2498 3647 τοῦ
2544 3592 3001 3666 ἐκκλησιαστικοῦ
3068 3593 3302 3663 βαθμοῦ,
3352 3593 3633 3664 προχωρή-

2068 3696 2236 3747 σειεν,
2276 3682 2411 3735 αὐτὸ
2441 3682 2503 3736 τὸ
2536 3683 2681 3737 θεῖον
2718 3685 3021 3754 μυστήριον
3040 3684 3136 3738 τοῦ
3170 3683 3428 3754 σώματός
3460 3700 3520 3736 τε
3544 3684 3639 3737 καὶ

2063 3771 2298 3841 αἵματος
2342 3771 2439 3827 τοῦ
2471 3772 2713 3843 Χριστοῦ
2758 3775 2849 3829 τὸν
2897 3774 3047 3846 ἱερέα
3079 3775 3351 3828 ἐπιτελεῖν
3380 3776 3480 3827 οὐκ
3511 3774 3639 3827 ἀκόο

2064 3858 2275 3915 λουθον.
2320 3858 2453 3916 Εἶτα
2487 3863 2594 3916 κᾶν
2639 3864 2746 3926 πᾶς
2780 3862 2881 3933 μὲν
2908 3863 2937 3915 ὁ
2979 3863 3435 3934 ὲκκλησιαστικὸς
3463 3862 3641 3916 κανὼν

2063 3951 2362 4021 ὲπιτεθείη,
2413 3955 2447 4022 ἠ
2498 3956 2733 4024 μυστικὴ
2779 3954 2838 4007 δὲ
2883 3956 2984 4022 τῆς
3035 3957 3352 4026 προσφορᾶς
3404 3956 3508 4008 ὑπὸ
3546 3956 3639 4008 τοῦ

2067 4043 2258 4112 ἱερέως
2286 4045 2624 4115 εὐχαριστία,
2664 4045 2760 4099 καὶ
2798 4047 2832 4116 ἡ
2867 4046 3122 4099 κοινωνία
3139 4045 3232 4099 τοῦ
3264 4045 3516 4116 σώματος
3543 4044 3639 4099 τοῦ

2062 4136 2301 4205 Χριστοῦ
2351 4136 2425 4206 μὴ
2458 4137 2705 4207 γένηται,
2755 4136 2881 4191 οὔτε
2914 4138 2943 4190 ὁ
2985 4138 3434 4208 ἐκκλησιαστικδς
3466 4138 3642 4201 ἐτελε-

2065 4223 2368 4295 σιουργήθη
2395 4225 2618 4293 θεσμὸς,
2661 4226 2758 4279 καὶ
2794 4226 3020 4298 ἐλλιπής
3047 4228 3193 4281 ἐστιν
3222 4228 3256 4297 ἡ
3286 4227 3508 4296 λατρεία
3541 4226 3638 4281 τοῦ

2066 4314 2406 4385 μυστηρίου·
2444 4314 2587 4368 οὕτω
2622 4332 2714 4385 μοι
2755 4316 2854 4370 καὶ
2882 4318 2952 4370 τὲ
2996 4317 3095 4369 τοῦ
3136 4315 3464 4387 Χριστιανοῦ
3491 4315 3633 4368 νόειο

2065 4405 2132 4458 ἂν
2163 4404 2270 4473 γὰρ
2302 4406 2559 4475 νηστείαν
2595 4405 2695 4477 μὲν
2726 4407 2820 4460 καὶ
2845 4406 3154 4478 ἀγρυπνίαν
3175 4407 3273 4461 καὶ
3294 4406 3633 4476 ψαλμῳδίαν,

2062 4495 2191 4567 ὃλην
2221 4513 2280 4550 τε
2309 4496 2544 4567 ἄσκησιν
2570 4498 2665 4552 καὶ
2695 4499 2899 4569 ἀρετὴν
2927 4502 3110 4552 πᾶσαν
3141 4496 3504 4570 κατορθωκὼς
3526 4497 3631 4565 εἴη·

380 4595 438 4649 in
488 4590 708 4647 cunctis
746 4586 941 4643 oﬁiciis
975 4585 1242 4639 virtutum
1294 4583 1677 4637 universarum
1714 4585 1864 4639 omni
1896 4600 1955 4640 se

2067 4589 2095 4658 ἡ
2124 4589 2361 4661 μυστικὴ
2387 4590 2444 4642 δὲ
2469 4591 2563 4643 τοῦ
2604 4591 2924 4662 Πνεύματος
2955 4592 3209 4661 ἐνέργεια
3233 4590 3313 4661 τῷ
3341 4591 3633 4659 θυσιαστη-

377 4684 666 4754 diligentia
694 4679 1006 4737 exercuerit
1036 4695 1049 4729 :
1080 4691 1183 4730 nec
1220 4684 1399 4730 tamen
1423 4688 1492 4727 eo
1516 4688 1755 4742 unquam
1789 4674 1955 4744 proﬁ-

379 4772 905 4852 ciendopertingat,
939 4776 1003 4822 ut
1041 4766 1270 4835 mystica
1315 4764 1559 4833 Spiritus
1602 4765 1850 4834 operatio
1894 4765 1951 4818 in

378 4866 535 4923 altari
581 4864 766 4921 cordis
803 4863 926 4932 ejus
966 4875 999 4913 a
1042 4857 1215 4929 gratia
1263 4870 1391 4910 cum
1433 4869 1597 4909 sensu
1648 4856 1867 4922 intimo,
1897 4864 1955 4911 et

346 4962 560 5017 'omnis
598 4956 904 5029 spiritualis
952 4952 1155 5024 quietis
1208 4966 1408 5006 arcana
1449 4949 1785 5019 experientia
1826 4966 1952 5018 per-

377 5060 587 5120 agatur,
617 5047 935 5117 imperfecta
971 5043 1139 5098 fuerit
1168 5049 1281 5096 tota
1318 5040 1409 5094 illa
1447 5038 1767 5109 praecedens
1785 5041 1958 5095 series

2061 4678 2164 4749 ρίῳ
2188 4681 2290 4749 τῆς
2317 4681 2486 4734 αὑτοῦ
2517 4682 2751 4751 καρδίας
2778 4684 2883 4736 ὑπὸ
2914 4687 3015 4754 τῆς
3035 4683 3256 4754 χάριτος
3284 4682 3408 4737 κατ’
3434 4681 3626 4749 αἴσθη-

2058 4785 2143 4821 σιν
2177 4771 2359 4825 πᾶσαν
2394 4773 2490 4825 καὶ
2538 4775 2923 4845 πνευματικὴν
2970 4776 3283 4828 ἀνάπαυσιν
3313 4774 3393 4845 μὴ
3423 4757 3629 4825 ’ἐπιτε-

2054 4860 2221 4928 λοῐτο,
2250 4863 2448 4934 ἀτελὴς
2472 4866 2506 4935 ἡ
2536 4865 2716 4918 τοιάδε
2744 4868 2895 4919 πᾶσα
2915 4866 3016 4935 τῆς
3038 4867 3325 4935 ἀσκήσεως
3346 4861 3633 4918 ἀκολουθία

2056 4954 2151 5006 καὶ
2196 4955 2384 5023 σχεδὸν
2435 4957 2602 5027 ἀργὴ,
2647 4957 2746 5009 οὐκ
2792 4957 2995 5026 ἔχουσα
3041 4956 3138 5026 τὴν
3178 4956 3274 5009 τοῦ
3322 4954 3633 5023 Πνεύματος

2056 5044 2381 5111 ἀγαλλίασιν
2406 5048 2683 5117 μυστικῶς
2712 5050 2770 5101 ὲν
2801 5051 2868 5118 τῇ
2899 5048 3099 5119 καρδία⁸
3123 5048 3542 5119 ἐνεργουμένην.

375 5143 755 5213 religiosarum
797 5135 1268 5197 Observationum,
1300 5138 1361 5186 et
1416 5128 1591 5184 ferme
1626 5128 1838 5185 inutilis
1906 5145 2018 5186 non
2054 5132 2266 5192 habens
2305 5137 2730 5194 exsultationem
2760 5138 3124 5208 spiritualem,
3154 5154 3356 5194 arcane
3388 5139 3446 5193 in
3471 5136 3634 5191 corde

373 5236 720 5307 productam.

445 5325 613 5382 XXX.
656 5324 869 5378 Bonum
908 5331 995 5379 est
1036 5320 1328 5392 jejunium,
1370 5319 1514 5373 bona
1557 5316 1765 5387 vigilia.
1804 5317 1948 5373 bona

373 5418 630 5472 similiter
646 5413 825 5471 omnis
842 5412 1185 5476 exercitatio,
1204 5420 1261 5465 et
1281 5410 1391 5462 vita
1409 5422 1638 5479 peregre
1665 5408 1948 5477 traducta;

342 5490 343 5493 η
373 5518 630 5562 ueterum
676 5507 793 5559 limc
824 5501 1089 5575 prooemia
1119 5508 1250 5555 sunt
1278 5509 1454 5555 status
1484 5507 1539 5554 et
1568 5499 1946 5554 conversatio-

370 5599 461 5650 nis
485 5598 654 5652 Deum
684 5612 815 5652 vere
847 5594 1185 5660 amantium;
1234 5592 1382 5647 unde
1422 5592 1795 5647 inconsultum
1823 5606 1949 5659 pro-

374 5691 517 5741 iecto
532 5698 617 5742 est
645 5689 712 5742 iis
742 5701 1071 5758 magnopere
1092 5685 1389 5741 conlidere.
1416 5683 1511 5740 Est
1526 5684 1703 5749 enim,
1725 5685 1947 5753 quando

375 5774 560 5841 gratia
601 5776 885 5845 cujusdam
913 5776 1213 5846 participes
1239 5775 1436 5831 ﬁamus
1460 5790 1475 5827 :
1501 5782 1557 5828 et
1592 5784 1706 5829 tum
1739 5773 1945 5829 malitia

2119 5320 2198 5373 Ν.
2248 5318 2428 5373 Καλὸν
2478 5322 2513 5391 ἡ
2552 5322 2794 5393 νηστεία,
2849 5324 3013 5377 καλὸν
3062 5321 3423 5394 ήάγρυπνία,
3459 5320 3634 5374 -καλὸν

2045 5411 2247 5481 ὁμοίως
2284 5411 2597 5480 ήάσκησις,
2644 5416 2739 5467 καὶ
2779 5416 2812 5484 ἡ
2859 5416 2953 5468 ἐπὶ
2999 5415 3159 5487 ξένης
3211 5418 3496 5487 διαγωγήο
3544 5414 3633 5465 καὶ

2054 5499 2323 5570 προοίμια
2355 5502 2529 5554 ταῦτα
2566 5502 2842 5566 πολιτείας
2876 5504 3158 5573 θεοφιλοῦς
3187 5521 3202 5535 °
3253 5506 3536 5573 ἀλόγιστον
3574 5502 3630 5553 δὲ

2055 5592 2296 5662 ἀτεχνῶς
2325 5592 2385 5645 τὸ
2411 5593 2600 5658 ἁπλῶς
2633 5597 2747 5656 τοῖς
2792 5595 3057 5660 τοιούτοις
3094 5599 3436 5670 ὲπιθαρῤεἰν.
3475 5595 3630 5659 Ἔςξτι

2054 5682 2164 5753 γὰρ
2193 5685 2280 5736 ὅτε
2310 5684 2404 5737 καὶ
2440 5685 2663 5753 χάριτός
2695 5702 2841 5748 τινος
2873 5689 2930 5740 ὲν
2972 5694 3176 5761 μετοχῇ
3220 5686 3589 5757 καθιστάμεθα
3612 5701 3626 5716 ο

2056 5776 2148 5828 καὶ
2174 5778 2206 5845 ἡ
2237 5777 2406 5829 κακία
2436 5775 2581 5830 ἔνδον
2629 5777 3047 5851 ὑποκαθημένη,
3105 5783 3359 5852 καθάπερ
3416 5784 3472 5833 ἐν
3516 5778 3626 5837 τοῖς
