2010 3158
246 162 297 192 933

247 261 365 296 πράττει
378 261 414 288 τά
436 262 537 298 ἑαυτῆς
552 273 559 280 ·
576 265 644 292 ἀλλὰ
660 268 734 293 ποιεῖ
745 269 855 304 νομίσαι
869 270 916 298 τὸν
930 271 1032 307 ἄνθρω-

246 315 308 339 πον,
327 306 542 343 διακεκαθάρθαι
557 310 603 336 τὸν
619 310 680 338 νοῦν
694 320 701 327 ·
721 312 769 340 καὶ
788 314 818 341 τὸ
833 314 925 342 λοιπὸν
938 306 1031 351 ἐξάγει

245 353 314 386 πρὸς
331 352 419 388 οῖησιν
431 353 613 390 τελειότητος.
631 354 699 384 Εἶτα
712 359 867 394 λῃστρικῶν
880 361 1030 390 ἐπιτίθεται

243 397 357 424 καὶτῶν
375 399 538 426 κατωτάτων
553 401 617 436 ἄχρι
629 404 778 438 καταφέρει
791 405 840 440 τῆς
854 406 916 441 γῆς.
933 407 965 433 Ut
976 408 1030 443 γὰρ

241 441 382 476 ἄνθρωποι
411 442 542 475 πολλάκις
566 445 669 472 εἴκοσιν
692 447 739 483 ἐτη
772 449 912 484 γενόμενοι
931 441 1030 487 λῃσταί

243 495 316 519 τινες
327 487 343 522 ἢ
359 489 527 523 στρατιῶται
541 490 571 517 τὸ
583 492 766 528 ἐπιτήδευμα,
783 495 906 529 μηχανάς
917 505 947 523 τε
959 497 1030 524 κατὰ

243 533 296 559 τῶν
318 533 456 568 πολεμίων
483 535 654 569 ἐπίστανται,
672 539 859 574 ὐποκάοηνταί
874 549 903 568 τε
923 543 970 569 καὶ
989 543 1030 569 ιν-

242 576 323 611 ἐδρας
344 578 492 611 ἐπινοοῦσι,
509 581 555 606 κα)⁵
577 581 610 608 τὰ
626 583 679 609 τῶν
712 584 816 620 ἐχθρῶν
843 586 1029 621 λαμϐάνουσιν

239 619 308 653 ὦτα,
321 624 369 649 καὶ
382 625 532 652 κτείνουσιν
543 626 712 661 ἀνελπίστως
729 619 932 666 περιϐαλόντες.
948 634 1027 670 Πόσῳ

241 676 271 703 γε
288 669 389 703 μᾶλλον
405 671 421 706 ἡ
442 671 525 697 κακία
541 673 676 708 τοσαύτας
692 675 814 710 χιλιάδας
829 678 897 704 ἐτῶν
911 669 1027 716 γεγενηέ

243 714 322 750 μένη,
344 715 488 743 καὶτοῦτο
508 717 589 752 ἔργον
601 719 703 755 ἑαυτῆς
714 721 868 757 τεθειμένη,
891 723 921 750 τὺ
945 714 1027 753 σπον-

240 759 379 787 δαιότατον
403 760 433 787 τὺ
446 762 557 789 ἀπολεῖν
579 764 680 800 ψυχὰς,
697 766 808 802 ἐνέδρας
829 766 882 795 εῐδε
899 770 1026 802 τοιαύτας

241 807 270 833 ἐν
287 806 439 843 ἀποκρύφῳ
449 809 498 843 τῆς
506 810 621 845 καρδίας
632 813 760 845 ἐπινοεῖν,
771 814 819 841 καὶ
830 815 900 842 κατὰ
913 817 1026 851 καιροὺς

242 854 371 889 ἀτρεμεῖν
389 855 524 890 ἐπίτηδες,
543 858 591 884 καὶ
607 858 644 894 μὴ
666 860 789 895 ἐνεργεῖν
800 868 807 876 ·
828 862 898 889 ὥστε
910 863 958 899 τὴν
973 864 1025 898 ψυ-

837 172 954 203 LIBER
972 174 1021 204 DE
1041 174 1267 208 CHARITATE.

245 217 302 242 ἄνω
316 215 451 250 λέλεκται,
476 219 615 254 σοφίζεται
639 221 686 248 καὶ
712 221 983 260 ὗποχωρεῖ,ἑκοΰσα,
1000 235 1014 253 ο

251 261 362 271 ﬁt-”
380 261 408 271 _.
438 262 446 271 .
504 264 517 271 -
723 268 734 271 -
802 269 807 271 .

1063 244 1068 257 ι
1083 228 1158 257 intus
1172 230 1200 258 in
1213 231 1295 259 nobis
1310 232 1456 261 subsidens
1480 233 1572 270 (prout
1595 236 1724 271 superius
1742 242 1784 265 est

1817 186 1866 217 931

1809 228 1866 266 mg-

1082 279 1218 303 moratum
1238 284 1253 303 a
1270 277 1362 313 nobis)
1386 278 1502 307 subdole
1524 280 1579 315 agit
1596 284 1624 308 et
1647 286 1744 317 sponte
1758 290 1787 311 se
1804 284 1868 312 sub~

1082 321 1183 355 trahit;
1197 329 1249 350 nec
1262 327 1403 358 operatur,
1420 332 1481 360 qua:
1505 332 1554 353 sua
1574 331 1648 356 sunt.
1660 327 1714 355 Sed
1728 328 1867 357 hominem

1082 365 1197 400 inducit,
1211 368 1390 396 utexistimet
1423 374 1543 398 mentem
1562 379 1639 399 suam
1659 380 1719 400 esse
1736 374 1868 401 emunda—

1081 414 1154 438 tam:
1168 415 1197 438 et
1216 411 1256 439 sic
1269 420 1352 447 porro
1367 413 1483 449 impellit
1498 415 1626 445 eumdem
1645 417 1673 443 in
1687 418 1867 452 perfectionis

1079 458 1296 491 persuasionem.
1322 459 1392 486 Tum
1415 468 1482 488 vero
1502 460 1639 489 latronum
1656 463 1709 490 ritu
1736 463 1762 490 in
1776 463 1865 499 ipsum

1080 503 1144 530 facit
1158 504 1301 539 impetum,
1316 514 1436 542 eumque
1452 508 1479 535 in
1498 507 1590 536 intima
1603 516 1689 544 usque
1705 514 1784 538 term
1797 519 1866 546 prac-

1078 549 1186 584 cipitat.
1204 551 1274 579 Sunt
1296 553 1422 582 homines
1447 554 1573 582 innutriti
1601 557 1759 585 tractationi
1777 565 1868 585 armo-

1079 603 1152 628 rum,
1169 597 1215 631 qui
1231 597 1311 625 annis
1323 598 1419 633 viginti
1440 604 1487 627 aut
1512 600 1669 635 latrocinio,
1689 606 1738 630 aut
1761 603 1866 630 militia:

1078 650 1244 678 assuevere;
1260 645 1361 680 quippe
1388 647 1480 676 sciunt
1500 648 1719 678 machinationes
1740 650 1768 678 in
1781 651 1866 678 rebus

1078 688 1252 717 militaribus.
1274 690 1308 717 Hi
1323 691 1477 724 subsident.
1492 696 1521 720 et
1537 693 1644 722 insidiis
1659 694 1817 737 intendunt,
1832 704 1866 723 ac

1077 732 1197 761 hostium
1214 740 1452 770 avertuntaures;
1465 742 1494 765 et
1504 738 1544 766 sic
1561 739 1714 769 insilientes
1725 732 1865 769 trucidant

1076 784 1109 804 ex
1129 778 1289 814 improviso.
1316 781 1424 814 Quanto
1448 783 1535 818 magis
1559 784 1674 818 malitia,
1689 789 1729 812 tot
1745 785 1862 813 millium

1076 829 1222 857 annorum,
1235 829 1263 852 et
1277 833 1346 860 opus
1360 826 1412 854 hoc
1430 828 1564 863 perdendi
1581 830 1686 857 animas
1696 830 1748 858 sibi
1762 838 1864 866 propo-

1077 873 1156 900 nens,
1173 868 1287 897 insidias
1309 871 1417 899 novcrit
1434 872 1569 907 ejusmodi
1586 873 1616 900 in
1634 874 1726 901 cordis
1744 874 1863 902 abscon-

241 899 290 935 χὴν
316 901 427 928 ἐλκῦσαι
452 903 520 938 πρὸς
545 904 633 940 οῖησιν
664 906 849 944 τελειότητος;
875 909 905 936 '0
933 897 1014 945 μέντο

1076 910 1134 938 dito
1149 897 1343 946 comminisci,
1361 919 1390 942 et
1415 897 1585 951 temporibus
1599 919 1762 952 opportunis
1773 919 1807 946 de
1821 919 1864 946 in-

239 945 364 980 θεμέλιος
377 947 424 974 τοῦ
438 948 666 985 Χριστιανισμοῦ,
685 952 737 979 κᾶν
749 953 839 986 πάσας
853 964 894 988 τις
908 956 1025 993 μετέλθῃ

237 990 421 1024 δικαιοσύνας,
440 994 477 1029 μὴ
494 995 717 1025 ἑπαναπαύεσθαι
737 998 850 1032 τούτων,
873 1001 941 1037 μηδὲ
964 1002 1025 1029 ἑπι-

237 1035 361 1073 οαῤῥεῖν,
375 1038 443 1074 μηδὲ
462 1039 534 1075 μέγα
548 1050 574 1068 τι
588 1044 770 1079 πεποιηκέναι
784 1035 960 1081 λογίζεσθαι·
971 1048 1024 1075 κᾶν

237 1084 351 1119 μέτοχος
365 1085 477 1121 χάριτος
487 1089 619 1124 καταστῇ,
635 1089 674 1125 μὴ
687 1089 798 1126 νομίσαι
810 1092 1020 1128 κατειληφέναν

237 1127 305 1161 μηδὲ
318 1130 481 1165 κατακόρως
494 1130 568 1166 ἔχειν
577 1140 585 1148 υ
600 1133 669 1160 ἀλλὰ
682 1135 778 1171 πεινᾷν
803 1135 864 1163 τότε
880 1127 1023 1175 καιδιψᾷν

233 1170 273 1203 δὲ,
300 1173 410 1200 πενθεῖν
425 1175 472 1202 καὶ
496 1177 611 1211 κλαίειν,
628 1179 677 1206 καὶ
700 1181 937 1221 συντετριμμένην
952 1170 1021 1217 ὅλῶς

234 1216 283 1253 τὴν
295 1219 408 1254 καρδίαν
423 1220 507 1256 ἔχειν.

1073 955 1202 984 dustria?
1214 957 1272 986 lmo
1287 959 1408 994 quietam
1422 968 1484 989 esse
1503 966 1532 990 et
1546 970 1602 990 non
1620 964 1740 998 operari,
1757 968 1787 991 ut
1800 964 1862 990 ani-

1074 1008 1145 1029 mam
1157 1002 1243 1038 ipsam
1254 1005 1282 1032 in
1295 1007 1500 1040 persuasionem
1511 1009 1689 1043 perfectionis
1705 1009 1862 1045 pertrahat?

1073 1046 1294 1077 Fundamentum
1323 1052 1416 1087 itaque
1444 1053 1649 1083 Christianismi
1669 1059 1722 1087 est,
1743 1059 1861 1090 quanta-

1072 1101 1181 1130 cunque
1197 1096 1260 1132 quis
1281 1097 1383 1127 obierit
1402 1099 1525 1127 omnium
1541 1099 1630 1128 cilicia
1647 1100 1794 1134 virtutum,
1817 1100 1862 1127 bis

1070 1142 1162 1168 tamen
1177 1148 1232 1169 non
1250 1143 1446 1178 acquiescere;
1473 1151 1529 1172 non
1554 1145 1590 1174 iis
1618 1145 1776 1179 conlidere;
1803 1153 1859 1173 non

1069 1183 1135 1214 inde
1145 1193 1274 1223 magnum
1287 1188 1354 1225 quid
1375 1198 1405 1218 se
1417 1189 1515 1220 fecisse
1541 1195 1690 1227 reputare;
1704 1198 1795 1227 neque
1810 1191 1859 1219 ubi

1068 1234 1163 1268 gratiae
1181 1236 1321 1272 particeps
1330 1241 1374 1267 est
1388 1237 1487 1271 factus.
1501 1244 1628 1275 repente.
1641 1247 1674 1268 ac
1685 1247 1715 1269 se
1734 1247 1860 1276 compre-

233 1265 362 1294 hendisse
370 1268 500 1297 arbitrari
513 1279 520 1304 ;
538 1271 625 1300 multo
636 1272 729 1301 minus
741 1274 817 1302 velut
827 1274 883 1312 jam
897 1281 1023 1308 saturum
1038 1265 1136 1316 otiari;
1150 1265 1218 1318 quin
1235 1265 1298 1312 tun;
1318 1285 1406 1321 magis
1427 1265 1580 1316 οδω-ἰτέας
1604 1286 1699 1320 sitire;
1714 1286 1809 1322 lugere
1824 1295 1859 1315 ac

232 1312 308 1346 ﬂere,
322 1322 354 1342 ac
366 1316 515 1345 contritum
532 1319 642 1354 penitus
653 1328 702 1348 cor
716 1321 829 1351 habere.

266 1359 331 1387 A-A'.
343 1360 467 1406 “Nostrum
480 1364 531 1399 τὴν
542 1367 732 1406 πνευματικὴν
746 1369 916 1398 κατάστασιν
930 1371 1018 1406 οὕτως

229 1402 313 1438 ἔχειν.
341 1404 460 1433 Ύπόθου
483 1407 545 1434 τινὰ
567 1405 638 1436 εἶναι
659 1402 801 1446 βααιλικδν
815 1412 907 1441 οἶκον·
927 1402 1017 1453 τούτῷ

228 1447 258 1475 δὲ
272 1449 356 1482 αὐλὰς
370 1450 479 1479 ὗπεῖναι
493 1452 650 1489 διαφόρους,
674 1456 724 1483 καὶ
749 1458 875 1494 πρόθυρά
890 1468 952 1488 τινα
969 1447 1016 1489 καὶ

228 1493 318 1526 οικίας
340 1496 424 1529 ἄλλας
444 1497 597 1535 ὲξωτὲρας⁹
622 1501 671 1528 καὶ
692 1502 764 1530 οὕτω
789 1493 872 1532 πάλιν
897 1507 969 1534 κατὰ
984 1507 1015 1535 τὸ

228 1539 377 1568 ἀκόλουθον
390 1542 544 1578 ἐνδοτέρας,
562 1545 591 1573 ὲν
604 1544 650 1579 αἷς
663 1547 714 1584 τὴν
728 1550 874 1585 πορφύραν
889 1552 937 1579 καὶ
950 1553 1013 1586 τοὺς

227 1583 382 1631 θησαυροὺς
403 1587 477 1620 ιιίκὺς
493 1589 667 1619 ἀποκεῖσθαι.
689 1583 830 1623 Εἶτα-καὶ.
848 1596 898 1631 τὴν
911 1583 1013 1626 τούτων

226 1626 305 1661 αὖθις
319 1630 470 1667 ἐσωτέραν,
485 1633 553 1678 ὅπου
566 1635 616 1670 τὴν
631 1636 777 1674 βασιλικὴν
786 1637 856 1668 εἶναι
873 1626 1013 1678 διαγωγὴν

226 1675 389 1711 ἐπιτήδειον.
410 1678 515 1715 Ὠσπερ
528 1677 576 1707 οὖν
588 1681 617 1707 ετ
638 1690 682 1714 τις
699 1684 750 1716 τὰς
769 1684 908 1721 ἐξω-τέρας
925 1675 1013 1720 ἀὐλάς

223 1728 254 1746 τε
272 1721 320 1747 καὶ
346 1722 432 1757 μονὰς
445 1724 616 1760 ἀπαντήσας,
628 1727 652 1754 εί
669 1728 739 1761 δόξει
756 1730 819 1762 τοὺς
832 1731 906 1759 ἔνδον
922 1734 1013 1767 οἴκους

223 1766 427 1802 κατειληφέναι,
446 1770 637 1806 πεπλάνηται·
662 1774 733 1802 οὕτω
756 1775 788 1811 δὴ
816 1777 864 1804 καὶ
888 1780 959 1806 κατὰ
982 1781 1012 1807 τὸ

223 1813 410 1846 πνευματικὸν
422 1814 587 1848 ἀκολούθως.
599 1818 632 1844 Οῐ
649 1820 719 1853 πρὸς
731 1822 854 1857 γαστέρα
871 1824 917 1850 καὶ
928 1824 1011 1853 ὕπνον

222 1856 429 1891 διαμαχόμενοι,
444 1859 561 1894 ψαλμοῖς
570 1869 600 1888 τε
614 1862 662 1889 καὶ¹
676 1864 772 1899 εὐχαῖς
782 1856 914 1901 διηνεκῶς
927 1877 1011 1903 προσ-

224 1900 358 1935 κείμενοι,
376 1902 413 1938 μὴ
430 1905 617 1939 νομιζέτωσαν
630 1908 680 1944 ἤδη
703 1909 751 1936 τοῦ
771 1900 865 1944 τέλους
888 1913 936 1940 καὶ
951 1900 1010 1950 ’τῆς

223 1947 420 1980 καταπαύσεως
452 1949 591 1983 επιόἧναι.
620 1953 725 1987 Πόθεν;
753 1957 814 1983 Ἔτι
840 1958 895 1993 γὰρ
918 1947 1010 1992 αὐτοῖς

223 1992 288 2042 gregi.
298 1993 337 2042 ad
351 1994 476 2030 πρόθυρα
495 1997 542 2024 καὶ
558 1999 608 2030 τὰς
621 2000 708 2034 αὐλὰς
727 2002 744 2037 ἡ
759 1992 919 2040 ἀναστροφή
930 2013 939 2022 ·
959 2006 1009 2042 οὐχ

222 2036 266 2082 ἵνα
278 2037 327 2073 τὴν
346 2040 491 2076 πορφύραν
512 2043 560 2069 καὶ
579 2044 642 2077 τοὺς
667 2036 823 2082 θησαυροὺς

220 2081 282 2111 τοὺς
293 2082 448 2117 βασιλικοὺς
463 2086 598 2122 ὑπάρχει·
612 2089 664 2117 κᾶν
679 2081 790 2126 χάριτος
800 2102 874 2126 τινος
885 2103 1007 2130 πνευμα-

219 2127 301 2174 τικῆς
312 2128 469 2165 ἠξιώθησαν
481 2140 489 2148 ο
500 2133 569 2168 μηδὲ
579 2133 659 2162 τοῦτο
666 2137 750 2164 πάλιν
758 2138 857 2171 αὐτοὺς
865 2127 1006 2174 ἀπατάτω,

217 2172 264 2199 τοῦ
273 2173 366 2205 τέλους
376 2176 516 2212 ἐπιτυχεῖν
525 2186 532 2194 ·
542 2180 657 2216 ὲρευνᾷν
669 2179 716 2208 οὖν
724 2184 872 2220 προσῆκεν,
888 2185 912 2212 εί
927 2172 1006 2221 εὗρεν

218 2218 247 2245 ἐν
271 2219 309 2267 τῷ
329 2220 483 2258 όστρακίνῳ
509 2224 596 2260 τούτῳ
622 2227 715 2255 σκεύει
736 2229 783 2256 τὸν
806 2218 1004 2267 θησαυρόν-εί

217 2263 360 2292 ἐνεδύσατο
382 2266 428 2293 τοῦ
456 2268 616 2305 Πνεύματος
643 2272 694 2308 τὴν
720 2263 935 2311 πορφύρανεκί
957 2278 1004 2306 τὸν

217 2308 331 2343 βασιλέα
346 2309 399 2337 εἶδε
415 2313 462 2338 καὶ
470 2313 655 2344 ἀνεπαύσατο.
669 2308 787 2355 Καὶ
798 2308 854 2347 οῖου
865 2331 910 2356 μοι
922 2324 1004 2351 πάλιν

214 2354 264 2405 τῂν
278 2355 328 2390 μὲν
346 2356 436 2392 ψυχὴν
459 2359 540 2393 βάθος
554 2369 580 2388 τι
590 2361 664 2397 ἔχειν
689 2365 737 2391 καὶ
758 2354 826 2402 μέλη
843 2354 939 2403 πολλὰ,
953 2369 1003 2405 τὴν

215 2399 243 2426 δὲ
259 2401 398 2437 ἁμαρτίαν
419 2404 631 2435 ὑπεισελθοῦσαν
650 2409 683 2436 τά
700 2399 768 2447 μέλη
785 2399 885 2446 πάντα,
901 2399 948 2442 καὶ
967 2399 1003 2443 τὰ

214 2446 338 2480 νοήματα
345 2448 395 2484 τῆς
402 2450 516 2485 καρδίας
525 2453 630 2481 καταλα
635 2454 690 2482 δεῖν
700 2463 707 2472 ”
717 2446 776 2484 εἶτα
786 2458 1002 2495 ἐπιζητήσαντος

214 2491 262 2543 τοῦ
278 2492 437 2529 Πνεύματος
450 2497 499 2532 τὴν
515 2498 606 2534 χάριν,
622 2500 721 2535 ἐλθεῖν,
737 2503 785 2530 καὶ
799 2504 847 2531 δύο
855 2491 937 2542 τυχὸν

213 2535 300 2588 ψυξιῆς
326 2540 396 2576 μέρη
420 2543 595 2578 περιλαδεῖν·
612 2546 658 2574 τὸν
679 2547 728 2574 οὖν
746 2550 869 2586 ἀπείρως
891 2535 999 2588 ἔχοντα,

211 2584 279 2634 πρὸς
295 2586 345 2634 τῆς
364 2587 476 2624 χάριτος
501 2590 604 2627 ταύτης
619 2584 864 2630 παρακαλούμενον
888 2584 1000 2634 etiam;

211 2629 387 2677 ἔχειςπάντα
407 2634 442 2660 τά
458 2635 526 2670 μέλη
543 2636 594 2671 τῆς
618 2638 709 2674 ψυχῆς
734 2629 926 2677 κατειλῆφθαι,
948 2629 999 2671 3ιαί

210 2674 261 2722 την
278 2675 417 2711 ἁμαρτίαν
433 2679 502 2712 ὂλως
517 2681 696 2717 ἑκριζῶσθαι,
725 2685 763 2722 μὴ
777 2674 876 2720 εἰδότα,
901 2674 943 2715 ὅτι
967 2688 998 2716 τὸ

211 2719 336 2748 πλεῖστον
354 2723 438 2758 μέρος
460 2725 545 2763 αὐτῆς
561 2727 600 2755 ἔτι
625 2719 792 2766 κατάσχετον
817 2732 864 2759 ὑπ’
888 2734 997 2770 ἐκείνης

208 2766 294 2816 ἐστίν.
316 2767 392 2796 Ἐνὸν
407 2770 473 2806 γὰρ,
493 2771 533 2807 ὡς
547 2774 679 2807 πολλάκις
700 2777 858 2813 δεδήλωται,
883 2780 931 2807 καὶ
947 2766 997 2816 την

208 2811 292 2861 χάριν
302 2813 482 2851 ἀδιαλείπτως
497 2818 635 2856 ἐνεργεῖν,
649 2820 681 2848 ὃν
694 2811 795 2859 τρόπον
812 2811 951 2861 ὀφθαλμὸν
967 2811 996 2852 ἐν

208 2857 246 2893 τῷ
260 2857 378 2895 σώματι,
395 2862 444 2890 καὶ
466 2865 584 2893 συνεῖναι
596 2866 647 2901 τὴν
658 2857 756 2896 κακίαν
771 2857 995 2899 ὑποκλεπτουσαν

1104 1375 1200 1405 XXXI.
1220 1377 1316 1413 Cogita
1333 1378 1411 1413 mihi.
1436 1379 1478 1408 sic
1502 1386 1531 1408 se
1557 1380 1660 1409 habere
1683 1381 1853 1416 spiritualem

1067 1423 1180 1449 statum.
1197 1421 1281 1458 Finge
1302 1423 1353 1451 tibi
1373 1424 1466 1453 animo
1490 1425 1623 1460 palatium
1651 1426 1789 1461 quoddam
1810 1434 1856 1454 re-

1066 1465 1152 1500 gium,
1163 1467 1234 1495 auiis
1245 1474 1375 1497 constans
1391 1470 1525 1504 diversis;
1540 1479 1573 1498 ac
1591 1472 1727 1499 vestibula
1741 1472 1852 1507 quidem

1067 1511 1205 1547 principio
1228 1519 1346 1547 exstare,
1374 1520 1521 1551 partesque
1552 1517 1706 1545 anteriores
1733 1517 1852 1548 aedium:

1068 1559 1125 1583 tum
1144 1556 1301 1586 introrsum-
1314 1560 1444 1588 continua
1462 1561 1534 1589 serie
1553 1562 1673 1596 penitius
1693 1562 1854 1590 recedentes

1064 1601 1141 1635 alias,
1166 1600 1194 1632 in
1219 1605 1322 1640 quibus
1336 1610 1364 1634 et
1376 1614 1526 1643 purpuram
1540 1613 1569 1636 et
1591 1609 1734 1637 thesauros
1754 1609 1853 1637 verisi-

1063 1647 1128 1675 mile
1146 1648 1182 1676 sit
1199 1649 1287 1678 latere
1310 1652 1441 1687 reposita.
1462 1651 1567 1683 Deinde
1590 1662 1688 1682 rursus
1713 1658 1776 1690 post
1801 1655 1852 1683 bas

1063 1693 1154 1722 adhuc
1164 1695 1297 1724 interiora
1311 1697 1393 1733 208
1406 1699 1566 1727 conclavia:
1590 1700 1637 1728 ubi
1654 1701 1789 1730 diversari
1803 1710 1850 1730 rex

1062 1739 1121 1775 ipse
1136 1741 1268 1770 creditur.
1282 1743 1319 1771 Ut
1333 1743 1417 1778 igitur
1433 1744 1456 1771 si
1469 1745 1607 1780 quispiam
1627 1746 1783 1775 istiusmodi
1802 1755 1851 1775 ex-

1063 1782 1143 1810 timas
1160 1788 1265 1812 tantum
1284 1786 1416 1820 quasdam
1436 1787 1509 1815 forte
1529 1788 1670 1823 ingressus
1682 1790 1849 1822 mansiones.

1060 1828 1232 1858 existimaret
1246 1839 1276 1858 se
1289 1831 1347 1867 ipsa
1357 1833 1411 1868 jam
1427 1835 1578 1869 penetralia
1595 1835 1728 1864 domicilii
1745 1841 1848 1870 tenere.

1060 1875 1240 1904 vehementer
1251 1882 1375 1906 erraret:
1391 1879 1429 1907 ita
1453 1880 1481 1907 in
1502 1881 1586 1909 rebus
1611 1882 1803 1917 spiritualibus
1818 1891 1850 1912 se

1060 1928 1104 1948 res
1122 1921 1223 1956 habet;
1239 1924 1287 1958 qui
1304 1924 1407 1952 bellum
1424 1926 1513 1954 ventri
1526 1931 1555 1954 et
1573 1935 1668 1956 somno
1687 1929 1847 1961 inferentes.

1061 1965 1088 1993 in
1108 1967 1276 2002 psalmorum
1293 1977 1404 2005 quoque
1427 1971 1631 2005 decantatione,
1654 1978 1683 2001 et
1701 1975 1847 2002 continua-

1060 2010 1135 2040 tione
1151 2020 1264 2047 precum
1279 2020 1467 2049 perseverant,
1480 2024 1514 2044 ne
1530 2022 1627 2052 putent
1644 2026 1673 2046 se
1689 2021 1847 2054 pervenisse

1057 2054 1113 2090 jam
1126 2057 1162 2084 ad
1179 2062 1292 2092 metam,
1306 2067 1339 2087 ac
1349 2060 1453 2095 quietis
1468 2062 1637 2092 inscendisse
1653 2065 1753 2093 cubile.
1769 2066 1847 2094 Unde

1058 2102 1131 2130 enim
1152 2104 1210 2132 haec
1231 2107 1392 2140 persuasio?
1404 2108 1503 2136 Adhuc
1521 2117 1616 2137 eorum
1634 2111 1660 2138 in
1676 2112 1846 2146 primoribus

1057 2148 1212 2183 porticibus
1233 2154 1261 2178 et
1273 2151 1348 2179 circa
1371 2154 1447 2182 aulas
1468 2154 1554 2182 haeret
1571 2157 1760 2190 conversatio;
1775 2166 1844 2185 non-

1057 2192 1123 2220 dum
1139 2194 1186 2222 ubi
1202 2203 1324 2231 purpura
1347 2202 1375 2226 et
1400 2199 1523 2227 thesauri
1538 2202 1605 2237 regii
1627 2208 1691 2230 sunt
1712 2205 1843 2238 repositi;

1020 2240 1042 2268 ο
1056 2239 1119 2267 licet
1129 2241 1223 2275 gratia:
1231 2242 1382 2277 spiritualis
1390 2245 1505 2281 alicujus
1518 2247 1573 2274 sint
1584 2248 1672 2282 beati;
1686 2257 1731 2282 ne,
1740 2257 1842 2285 quaeso,

1055 2284 1108 2313 hoc
1121 2293 1170 2313 eos
1183 2286 1313 2322 decipiat,
1330 2293 1361 2316 ut
1378 2290 1482 2325 apicem
1500 2292 1652 2327 arripuisse
1665 2295 1720 2329 jam
1737 2301 1766 2322 se
1781 2302 1843 2329 per-

1054 2329 1182 2359 fectionis
1194 2336 1303 2367 putent.
1317 2335 1467 2371 Explorare
1484 2338 1602 2373 aliquem
1616 2340 1722 2374 aequius
1740 2340 1840 2372 fuerit;

1052 2379 1152 2414 ecquid
1173 2379 1201 2407 in
1230 2388 1280 2408 suo
1299 2390 1364 2411 vase
1395 2384 1471 2412 ﬁctili
1502 2385 1659 2413 thesaurum
1687 2386 1840 2414 invenerit?

1052 2423 1158 2468 Ecquid
1172 2424 1228 2460 jam
1242 2425 1364 2458 induerit
1378 2429 1498 2464 Spiritus
1513 2431 1730 2466 purpuramYAn
1746 2440 1838 2468 regem

1051 2466 1163 2502 viderit,
1177 2474 1205 2497 et
1222 2472 1433 2506 conquieverit?
1455 2474 1564 2501 Etenim
1583 2474 1708 2503 existima
1728 2466 1838 2504 rursum

1051 2512 1171 2541 animam
1185 2514 1296 2550 quidem
1313 2516 1530 2552 profunditatem
1554 2520 1711 2555 quampiam
1724 2520 1837 2551 habere.

1050 2561 1078 2585 et
1100 2559 1224 2587 membra
1246 2561 1351 2596 multa;
1381 2567 1526 2598 peccatum
1547 2569 1639 2592 autem
1667 2565 1836 2602 subrepsissc

1049 2599 1128 2638 putét
1153 2604 1182 2632 in
1206 2606 1329 2634 membra
1353 2608 1455 2641 omnia,
1477 2613 1505 2636 et
1527 2610 1707 2645 cogitationes
1727 2599 1837 2647 quoque

1048 2645 1142 2674 cordis
1155 2654 1314 2684 occupasse.
1324 2649 1428 2679 Deinde
1439 2656 1584 2687 postquam
1599 2653 1681 2681 homo
1692 2645 1836 2689 requlsivit

1048 2689 1168 2726 Spiritus
1191 2694 1318 2728 gratiam,
1342 2703 1402 2723 eam
1423 2697 1528 2730 venire,
1550 2704 1578 2727 et
1598 2699 1667 2727 duas
1686 2700 1825 2735 apprehen

1048 2735 1121 2765 disse
1138 2737 1253 2767 forsitan
1269 2740 1367 2769 anima:
1385 2747 1486 2777 partes.
1499 2743 1527 2771 ld
1543 2751 1606 2772 cum
1621 2745 1736 2772 sentiret
1749 2745 1836 2781 impe-

1048 2781 1118 2809 ritus
1136 2783 1231 2819 gratiae
1252 2785 1344 2821 hujus,
1359 2786 1499 2824 opinatur,
1516 2789 1643 2818 universa
1660 2790 1764 2825 pariter
1773 2793 1834 2820 ani-

1047 2833 1098 2855 ma:
1111 2828 1234 2856 membra
1249 2831 1345 2866 gratiae
1359 2833 1557 2869 comprehensa
1570 2834 1595 2862 vi
1610 2836 1708 2869 teneri,
1719 2844 1751 2865 ac
1767 2842 1834 2872 pec~

1046 2877 1137 2901 catum
1147 2882 1181 2903 ex
1194 2882 1226 2903 ea
1245 2883 1359 2911 prorsus
1380 2879 1566 2913 eradicatum;
1582 2876 1710 2910 nesciens
1726 2881 1829 2919 pleras-
