4020 6432
365 413 470 478 935

1633 417 1689 474 S.
1733 416 2056 475 MACARII
2096 415 2420 475 ᾹΞΟΥΡΤΙῘ

3534 420 3647 484 9‘6

361 543 471 601 que
497 526 680 582 adhuc
715 525 911 583 animae
937 536 1122 598 partes
1172 529 1430 598 occupari
1463 544 1491 584 a
1526 538 1771 599 peccato.
1810 529 1957 585 Con-
1988 581 1991 590 λ

2072 529 2158 599 τὴν
2177 529 2437 582 διάνοιαν.
2476 529 2536 580 Ὀ
2560 528 2739 581 τοίνυν
2771 528 2846 600 μὴ
2870 529 3168 602 διακρίνειν
3194 532 3372 596 εἰδὼς,
3393 532 3468 596 ὼς
3502 535 3647 601 μέγα

362 633 521 674 cesso
554 618 704 673 enim
733 618 818 689 (ut
860 619 1060 689 saepius
1101 617 1537 672 demonstratum
1575 621 1679 687 est)
1710 619 1946 688 gratiam

361 707 742 763 indesinenter
786 709 1044 778 operari,
1087 707 1228 763 sicut
1280 708 1500 762 oculum
1561 708 1616 762 in
1680 723 1946 778 corpore;

362 818 488 857 cum
517 817 583 857 eo
631 810 812 857 tamen
873 801 1236 856 nihilominus
1272 809 1356 855 est
1385 816 1598 867 verum,
1632 798 1794 855 simul
1824 816 1950 855 cum

363 909 430 947 ea
469 895 698 948 subesse
733 893 942 962 pariter
980 893 1266 957 malitiam,
1298 893 1535 948 latenter
1573 902 1816 949 mentem
1848 894 1950 948 fal-

363 987 591 1041 lentem.
621 986 724 1053 Qui
747 1002 881 1057 ergo
905 987 1052 1041 haud
1085 985 1218 1040 satis
1245 983 1398 1039 novit
1427 986 1766 1050 discernere,
1792 987 1952 1056 quasi

365 1092 623 1148 magnum
648 1077 778 1146 quid
806 1078 916 1147 jam
951 1076 1344 1140 sitassecutus,
1369 1092 1624 1146 magnum
1651 1077 1858 1146 aliquid
1884 1077 1954 1133 de

365 1182 424 1221 se
466 1166 584 1236 ipso
628 1167 923 1235 opinatur;
965 1173 1022 1220 et
1064 1167 1219 1235 quasi
1266 1167 1459 1221 ultima
1504 1168 1828 1237 purgatione
1882 1167 1951 1222 ad

365 1274 567 1328 purum
614 1266 873 1312 excoctus
925 1258 1015 1324 sit,
1065 1256 1311 1312 inﬂatur.
1346 1257 1452 1312 Sed
1485 1258 1720 1312 multum
1759 1274 1789 1311 a
1821 1275 1954 1314 vero

366 1351 525 1404 abest
555 1350 671 1404 haec
701 1350 820 1420 ejus
852 1350 1146 1405 vanissima
1181 1351 1484 1420 persuasio.
1521 1348 1592 1407 Ut
1629 1352 1775 1406 enim
1811 1367 1954 1422 prae-

366 1441 569 1495 cedens
594 1457 773 1496 sermo
797 1442 1146 1508 monstravit,
1173 1458 1264 1496 ars
1285 1442 1400 1496 haec
1429 1453 1511 1498 est
1535 1442 1749 1497 Satanae
1769 1485 1784 1509 ,
1814 1458 1955 1512 quo-

367 1533 492 1585 dam
526 1543 775 1602 tempore
804 1532 872 1587 de
903 1533 1175 1589 industria
1216 1550 1273 1589 se
1301 1534 1667 1601 abscondere,
1686 1550 1771 1598 ac,
1799 1536 1954 1606 quasi

369 1623 709 1691 recessisset,
739 1624 1107 1681 intermittere
1145 1625 1357 1694 operari
1395 1642 1515 1696 qtim
1566 1626 1778 1681 solebat
1807 1644 1821 1694 ;
1852 1627 1959 1682 hoc

368 1717 705 1784 spectantis,
761 1725 822 1771 ut
870 1727 1223 1788 arrogantem
1280 1717 1365 1772 sui
1434 1717 1691 1772 fiduciam
1757 1735 1954 1788 parum

369 1807 548 1862 caulis
621 1807 1006 1877 spiritualibus
1078 1810 1382 1880 ingeneret.
1467 1810 1958 1866 Verumenimvero

2059 637 2113 672 τι
2145 619 2489 689 κατειληφὼς
2524 620 2649 690 ἤδη,
2688 620 2832 692 μέγα
2860 639 2912 674 τι
2943 624 3069 694 περὶ
3100 624 3295 677 ἑαυτοῦ
3327 625 3516 687 οἴεται,
3550 626 3651 677 καὶ

2062 711 2138 774 ὡς
2162 710 2260 782 τὴν
2306 712 2543 782 ἐοχάτην
2578 711 2845 782 κάθαρσιν
2896 713 3246 785 συνεσχηκὼς
3301 715 3645 784 τετύφωται·

2061 803 2204 874 ἔχειν
2235 801 2418 873 δὲτὴν
2471 803 2730 874 ἀλήθειαν
2778 807 3186 874 συνηγοροῦσαν
3233 805 3402 877 αὐτῷ,
3447 806 3648 860 πολλοῦ

2060 911 2124 962 γε
2159 894 2254 946 καὶ
2283 890 2381 948 δεῖ.
2423 894 2511 956 Ὠς
2539 894 2648 966 γὰρ
2678 896 2706 948 ὁ
2745 894 2902 963 λόγος
2947 896 3158 964 φθάσας
3191 897 3450 967 ἐδήλωσε,
3483 899 3648 968 τέχνη

2061 983 2140 1054 τῷ
2173 984 2389 1037 Σατανᾶ
2435 983 2530 1037 καὶ
2561 983 2736 1054 αῦτη⁶
2781 985 2923 1039 κατά
2969 1003 3122 1050 τινας
3177 987 3401 1058 χρόνους
3451 989 3646 1042 ἑκόντα

2063 1075 2440 1145 παραχωρεῖν,
2497 1073 2592 1126 καὶ
2640 1073 2712 1127 τά
2760 1071 2990 1126 εἰωθότα
3057 1075 3132 1144 μὴ
3190 1075 3454 1146 ἐνεργεῖν,
3507 1077 3649 1129 κατὰ

2067 1164 2292 1228 σκοπὸν,
2332 1159 2428 1216 τοῦ
2479 1163 2655 1233 οἴησιν
2723 1163 3060 1235 τελειότητος
3122 1167 3236 1229 τοῖς
3289 1166 3651 1236 ἁσκουμένοις

2067 1256 2361 1310 ὑποϐαλεῖν
2387 1273 2400 1286 ·
2429 1255 2566 1309 ἀλλὰ
2593 1256 2668 1328 μὴ
2690 1258 2718 1310 ὁ
2738 1256 2988 1325 φυτεύων
3013 1257 3312 1328 ἀμπελῶνα
3333 1257 3652 1328 παραπόδας

2065 1348 2320 1419 λαμϐάνῃ
2353 1347 2448 1400 καὶ
2475 1347 2566 1400 τὸν
2587 1346 2799 1417 καρπόν
2826 1363 2839 1377 ·
2873 1348 2906 1419 ἢ
2932 1349 2960 1401 ὁ
2995 1346 3236 1419 σπείρων
3261 1347 3330 1401 τὰ
3360 1349 3652 1420 σπέρματα

2066 1441 2122 1494 ἐν
2154 1443 2217 1511 τῇ
2249 1443 2319 1511 γῇ
2372 1441 2466 1494 καὶ
2505 1441 2604 1510 τὴν
2654 1439 2988 1511 συγκομιδὴν
3032 1441 3196 1504 εὐθὺς
3237 1441 3550 1512 ἐποιήσατο.
3585 1438 3652 1494 Τί

2066 1531 2160 1597 δέ;
2191 1531 2255 1583 τὸ
2278 1531 2566 1602 ἀρτιγενές
2591 1531 2804 1585 παιδίον
2843 1531 3020 1601 ἥψατο
3064 1523 3407 1604 παραχρῆμα
3431 1537 3530 1604 τῆς
3561 1550 3651 1586 τε-

2071 1622 2382 1692 λειότητος;
2416 1623 2749 1694 Ἀπόϐλεψον
2788 1625 2866 1686 είς
2918 1624 3009 1677 τὸν
3077 1624 3318 1694 Ἰησοῦν⁹
3376 1627 3441 1680 ἐκ
3495 1624 3652 1687 ποίας

2068 1715 2226 1786 δόξης
2279 1716 2406 1779 Υἱὸς
2437 1715 2574 1770 Θεοῦ
2625 1718 2719 1770 καὶ
2757 1717 2890 1778 Θεὸς
2923 1715 2998 1770 ὢν
3048 1718 3078 1770 ὁ
3125 1717 3380 1787 Χριστὸς,
3437 1718 3516 1780 εἰς
3563 1711 3653 1770 οἷα

2073 1807 2241 1878 πάθη,
2275 1805 2370 1860 καὶ
2398 1807 2645 1878 ἀτιμίαν,
2674 1810 2768 1862 καὶ
2805 1809 3040 1878 σταυρὸν
3071 1807 3311 1878 κατέϐη·
3353 1808 3448 1862 καὶ
3493 1807 3652 1861 πάλιν

369 1896 466 1966 qui
509 1898 723 1966 plantat
773 1898 1010 1963 vineam,
1059 1898 1206 1954 haud
1253 1899 1439 1954 statim
1484 1900 1784 1956 vindemiat
1833 1904 1954 1974 ejus

2072 1900 2217 1962 ὅπως
2250 1898 2339 1952 διὰ
2376 1895 2582 1971 ταύτην
2630 1897 2797 1954 αὑτοῦ
2843 1900 2940 1972 τὴν
2979 1900 3307 1954 ταπείνωσιν
3339 1898 3648 1971 ὑπερήρθη,

370 1987 633 2042 fructum.
674 1989 863 2059 Neque
913 1991 1007 2060 qui
1059 2006 1246 2046 semen
1299 1992 1353 2045 in
1405 2000 1608 2046 terram
1652 1994 1805 2063 jacit,
1841 1993 1961 2048 fru-

376 2088 623 2133 mentum
661 2081 855 2136 eodem
905 2089 1154 2152 tempore
1183 2083 1238 2136 in
1269 2083 1470 2138 horrea
1511 2085 1791 2143 convehit.
1817 2086 1959 2154 Quid

372 2169 548 2238 ergo?
581 2184 649 2223 an
684 2185 879 2225 recens
922 2180 1085 2227 natus
1135 2172 1316 2228 infans
1347 2173 1608 2243 perfecta:
1649 2175 1834 2230 subito
1884 2177 1969 2231 in-

372 2268 718 2314 crementum
760 2261 1089 2332 adipiscitur
1129 2265 1350 2319 tralatis?
1385 2266 1619 2336 Respice
1654 2267 1710 2321 in
1753 2268 1963 2323 Jesum.

372 2347 449 2402 Ex
474 2359 678 2417 quanta
713 2352 885 2420 gloria
904 2351 1077 2408 Filius
1108 2354 1203 2408 Dei
1233 2363 1287 2408 et
1312 2355 1456 2410 Deus
1479 2371 1602 2410 cum
1635 2367 1784 2413 esset
1805 2357 1967 2413 Chri-

374 2448 512 2504 stus,
544 2439 598 2493 in
635 2451 772 2510 quot
804 2443 1105 2514 qualesque
1144 2446 1558 2516 perpessioncs,
1608 2447 1965 2518 ignominiam

373 2538 430 2585 et
470 2545 691 2586 crucem
741 2533 1128 2601 descenderit;

2073 1992 2166 2045 καὶ
2196 1992 2255 2045 ἐν
2291 1991 2442 2064 δεξιᾷ
2464 1993 2559 2046 τοῦ
2595 1991 2808 2065 Πατρδς
2829 1993 3106 2047 ἐκάθισεν.
3152 1993 3213 2046 '0
3239 1992 3295 2046 δέ
3324 2009 3387 2060 γε
3416 1991 3653 2061 πονηρὸς

2072 2083 2195 2152 ὄφις
2222 2084 2285 2136 ἐκ
2314 2081 2539 2154 πρώτης
2567 2083 2646 2155 τῷ
2682 2083 2855 2153 Ἀδὰμ
2886 2084 3223 2155 ὑποσπείρας
3254 2083 3504 2154 θεότητος
3536 2085 3655 2136 ἐπι-

2076 2174 2301 2244 θυμίαν,
2325 2176 2403 2238 είς
2425 2174 2542 2228 οἵαν
2573 2175 2735 2229 αὐτὸν
2755 2177 3070 2246 κατήγαγεν
3093 2175 3315 2244 ἀτιμίαν
3343 2175 3430 2228 διὰ
3450 2174 3654 2241 ταύτης

2072 2265 2136 2336 δὴ
2162 2265 2260 2335 τῆς
2285 2265 2535 2336 οἰήσεως.
2561 2265 2748 2320 Ταῦτα
2777 2266 2956 2320 τοίνυν
2985 2266 3144 2328 αὐτὸς
3171 2264 3367 2318 ἐννοῶν
3391 2263 3655 2332 ἀσφάλιζε

2077 2358 2302 2412 σεαυτὸν
2348 2359 2446 2428 ὅση
2481 2358 2735 2430 δύναμις,
2783 2360 2880 2414 καὶ
2921 2359 3188 2424 σπούδαζε
3230 2356 3522 2412 ταπεινοῦν
3569 2357 3657 2409 ἀεὶ

2074 2452 2174 2523 τὴν
2205 2449 2458 2523 καρδίαν,
2494 2451 2589 2504 καὶ
2623 2451 3093 2522 συντετριμμένην
3129 2450 3293 2522 ἔχειν.

1215 2545 1270 2592 et
1327 2554 1521 2593 rursus
1603 2549 1831 2610 propter
1882 2543 2030 2596 illam
2074 2543 2248 2612 ipsam
2312 2543 2432 2613 ejus
2486 2542 2929 2598 humiliationem
2994 2542 3436 2612 superexaltatus
3508 2538 3656 2594 idem

376 2620 565 2685 fuerit,
590 2622 729 2677 adeo
758 2633 818 2679 ut
847 2625 1037 2680 sedeat
1069 2627 1136 2680 ad
1167 2627 1349 2683 Patris
1386 2628 1692 2684 dexteram.
1732 2629 1802 2684 At
1830 2632 2007 2685 malus
2045 2647 2276 2702 serpens
2318 2630 2695 2686 subsemiuata
2731 2633 2910 2703 primo
2949 2648 3048 2687 suo
3079 2647 3306 2688 susurro
3373 2634 3428 2688 in
3465 2633 3653 2688 Adami

373 2713 559 2768 animo
593 2716 894 2785 cupiditate
924 2717 1251 2784 divinitatis,
1279 2720 1333 2774 in
1351 2730 1611 2789 quantam
1647 2722 1826 2791 ipsum
1856 2722 2058 2794 dejecit
2094 2724 2477 2793 ignominiam,
2522 2721 2671 2778 illius
2723 2723 3105 2792 superbissimi
3155 2724 3304 2794 justa
3366 2724 3654 2794 punitione

373 2804 658 2862 desiderii.
710 2809 837 2864 l‘lzec
891 2811 1061 2881 igitur
1101 2811 1218 2882 ipse
1257 2823 1539 2883 reputans,
1578 2815 1804 2870 consule
1839 2815 1959 2881 tibi,
2034 2817 2382 2873 constituens
2415 2827 2682 2890 quantum
2714 2823 2872 2887 potes
2937 2815 2995 2871 in
3029 2831 3226 2872 securo
3275 2831 3366 2872 res
3413 2825 3658 2884 tuas;et

373 2901 537 2958 stude
567 2918 785 2974 semper
819 2906 1116 2962 humiliare
1159 2916 1315 2963 tuum
1364 2923 1478 2975 cor,
1513 2919 1569 2963 et
1599 2909 1733 2964 illud
1761 2910 1965 2965 habere
2000 2912 2325 2967 contritum.

379 3099 640 3115 —_-

528 3261 1729 3438 ΜΑΚΑΡΙΟΥ
1844 3264 2296 3437 ΤΟΥ
2406 3266 3492 3442 ΜΕΓΑΛΟΥ

1332 3539 1592 3626 ΠΕΡΙ
1657 3534 2347 3628 ΕΛΕΥΘΕΡΙΑΣ
2420 3541 2717 3628 ΝΟΟΣ

1869 3720 2156 3786 ΛΟΓΟΣ,

1251 4045 2056 4204 MACARII
2189 4041 2809 4201 MAGNI
2891 3993 2894 3996 ί

1129 4332 1298 4422 DE
1431 4331 2254 4421 LIBERTA'TE
2402 4328 2939 4422 MENTIS

1854 4524 2178 4587 LIBER.

457 4835 621 4906 209
646 4833 686 4888 l.
705 4832 844 4888 Cum
887 4829 1134 4886 audieris
1151 4828 1504 4886 descendisse
1520 4829 1802 4885 Christum
1822 4827 1876 4881 in
1895 4829 1977 4882 in-

2152 4827 2232 4881 A'.
2268 4828 2436 4882 Ὅταν
2481 4826 2720 4900 ἀκούσῃς
2744 4865 2759 4891 ,
2810 4827 2891 4881 ὅτι
2917 4826 3208 4882 κατελθὼν
3255 4831 3283 4884 ὁ
3315 4828 3546 4899 Χριστὸς
3582 4829 3662 4890 είς

388 4933 554 4997 feros,
574 4939 630 4984 et
665 4928 919 4984 detentas
947 4927 1062 4982 illic
1095 4927 1304 4982 animas
1328 4925 1593 4981 liberasse
1615 4967 1629 4991 ,
1664 4940 1775 4979 non
1806 4924 1967 4993 longe

388 5023 594 5076 distare
626 5021 717 5076 illa
741 5021 809 5074 ab
857 5021 964 5086 his,
995 5035 1116 5089 quae
1144 5034 1293 5072 nunc
1329 5027 1617 5088 geruntur,
1651 5025 1804 5086 puta.
1864 5014 1969 5069 Co-

387 5116 497 5186 gita
531 5113 664 5168 mihi
699 5111 1014 5181 sepulcrum
1037 5126 1160 5165 esse
1216 5124 1332 5163 eor.
1362 5107 1440 5162 lbi
1497 5107 1857 5177 cogitationes
1915 5114 1971 5161 et

387 5213 603 5260 mentes
633 5202 879 5256 defossas
899 5199 1049 5271 gravi
1075 5199 1249 5254 teneri
1269 5197 1699 5268 comprehensas
1714 5197 1966 5265 caligine.

387 5297 551 5352 Venit
599 5293 767 5364 igitur
797 5292 1062 5345 Dominus
1107 5289 1175 5344 ad
1210 5290 1424 5343 animas
1454 5289 1509 5343 in
1573 5287 1766 5342 inferis
1791 5287 1972 5358 ipsum

390 5389 634 5443 clamore
659 5397 857 5453 magno
886 5383 1227 5443 invocantes,
1264 5380 1320 5434 in
1358 5379 1693 5450 profundum
1723 5379 1984 5435 videlicet

390 5479 575 5536 cordis
613 5473 877 5538 advenit;
931 5480 986 5526 et
1053 5470 1128 5524 ibi
1158 5471 1322 5524 morti
1368 5471 1670 5540 imperans.
1706 5464 1930 5524 Dimitte
1962 5510 1977 5532 ,

390 5549 488 5634 ait,
535 5570 753 5624 clausas
821 5563 986 5619 isthic
1039 5561 1272 5625 animas,
1324 5577 1411 5615 me
1455 5560 1550 5630 qui
1608 5575 1831 5628 possum
1880 5574 1974 5613 eas

388 5660 650 5724 liberare,
705 5667 767 5711 ut
811 5655 866 5711 id
920 5653 1112 5708 faciam
1183 5660 1424 5706 orantes.
1489 5650 1700 5704 Deinde
1754 5664 1972 5719 gravem

293 5776 300 5784 -
391 5748 630 5818 lapidem
675 5761 966 5800 removens
994 5741 1402 5813 superpositum
1460 5741 1676 5804 animae,
1704 5739 1973 5793 tumulum

394 5835 593 5906 aperit,
617 5843 674 5892 et
728 5851 849 5907 quae
883 5849 1012 5891 vere
1046 5843 1165 5890 erat
1196 5839 1436 5897 mortua,
1469 5829 1790 5886 resuscitat:
1828 5847 1977 5900 qua:-

2075 4918 2240 4990 ᾇδου,
2295 4919 2393 4982 τὰς
2445 4921 2709 4990 κατόχους
2760 4919 2881 4972 ἐκεῖ
2921 4918 3100 4991 ψυχὰς
3179 4922 3550 4993 άνερῤύσατο,
3589 4920 3664 4991 μὴ

2081 5007 2297 5080 μακρὰν
2327 5005 2464 5062 εἶναι
2492 5009 2664 5061 ταῦτα
2700 5009 2796 5062 καὶ
2822 5007 2930 5062 τῶν
2960 5008 3054 5063 νῦν
3078 5011 3420 5081 τελουμένων
3450 5009 3659 5080 νόμιζε.

2079 5102 2206 5152 Οἴου
2240 5117 2329 5170 μοι
2356 5100 2465 5172 γὰρ
2496 5103 2761 5172 μνημεῖον
2787 5097 2928 5157 εἶναι
2953 5103 3054 5174 τὴν
3081 5103 3330 5172 καρδίανο
3361 5104 3518 5156 κάκεῖ
3538 5103 3663 5163 τοὺς

2079 5193 2371 5262 λογισμοὺς
2434 5195 2528 5246 καὶ
2573 5195 2664 5247 τὸν
2707 5194 2832 5249 νοῦν
2877 5194 3232 5265 κατωρύχθαι
3281 5195 3440 5266 βαρεῖ
3485 5195 3667 5246 σκότει

2080 5283 2838 5355 κατειλημμένους.Ἔρχεται
2868 5285 3159 5357 τοιγαροῦν
3185 5288 3214 5339 ὁ
3238 5285 3442 5358 Κύριος
3469 5287 3546 5346 είς
3565 5284 3667 5347 τὰς

2079 5379 2136 5431 ἐν
2167 5377 2291 5448 ᾅδου
2325 5364 2895 5450 ἐπιϐοωμέναςαὺτὸν
2927 5378 3142 5450 ψυχὰς,
3180 5379 3261 5442 εις
3291 5379 3350 5431 τὸ
3381 5377 3540 5447 βάθος
3573 5375 3666 5445 δη.

2079 5470 2212 5541 λαδὴ
2249 5470 2343 5539 τῆς
2373 5471 2619 5540 καρδίας,
2656 5473 2816 5525 κάκεῖ
2848 5471 2926 5542 τῷ
2956 5471 3173 5540 θανάτῳ
3203 5468 3626 5540 ἐγκελευόμενος
3649 5482 3663 5497 ο

2082 5557 2420 5627 Ἀνάπεμπε,
2448 5559 2628 5624 λέγει,
2663 5560 2762 5623 τὰς
2782 5559 3297 5633 ἐγκ[εκ]λεισμὲνας
3329 5559 3526 5628 ψυχὰς,
3571 5557 3669 5620 τὰς

2084 5651 2182 5721 ἐμὲ
2202 5651 2292 5703 τὸν
2313 5651 2580 5720 ῥύσασθαι
2607 5651 2903 5722 δυνάμενον
2923 5651 3284 5722 ἐκζητούσας.
3307 5647 3439 5704 Εἶτα
3461 5651 3550 5703 τὸν
3573 5650 3672 5718 βα-

2087 5743 2185 5814 ρὺν
2202 5743 2348 5797 λίθον
2366 5744 2558 5815 διάρας
2573 5743 2663 5798 τὸν
2683 5748 2748 5815 τῇ
2766 5743 2912 5817 ψυχῇ
2934 5745 3301 5814 ἐπικείμενον,
3322 5744 3412 5797 τόν
3427 5759 3486 5795 τε
3499 5741 3667 5807 τάφον

2084 5834 2323 5904 ἀνοίγει,
2361 5833 2456 5888 καὶ
2484 5835 2576 5889 τὸν
2607 5835 2665 5889 ἐν
2695 5835 2924 5906 ἀληθείᾳ.
2955 5836 3146 5907 νεκρὸν
3175 5836 3368 5907 ἀνιστᾷ
3391 5875 3405 5901 ,
3445 5833 3537 5888 καὶ
3567 5831 3668 5901 τῆς
