4020 6422
321 390 428 452 939

1583 392 1640 448 S.
1682 389 1999 449 MACABII
2040 388 2150 449 {EG
2163 390 2359 450 ΥΡΊῚΙ

3470 385 3579 452 940

321 504 460 555 enim
493 516 602 565 vos,
642 498 740 565 ait,
790 498 886 552 uni
941 500 1052 553 viro
1092 500 1349 570 virginem
1401 508 1609 553 castam
1657 498 1897 552 exhibere

2006 498 2116 564 uad,
2142 500 2316 568 Πὰσῃ
2344 496 2592 568 φυλακῇ
2620 500 2783 568 τήρει
2808 500 2923 569 τὴν
2942 499 3213 569 καρδίαν,
3237 494 3336 568 τῆς
3355 498 3583 569 Γραφῆς

321 588 610 645 Christo“.
678 586 823 641 Audi
874 602 1094 656 quoque
1148 586 1491 656 Scripturam
1562 585 1839 639 dicentem
1882 599 1898 638 :

324 678 479 733 Omni
510 676 747 732 custodia
772 693 923 731 serva
950 690 1041 729 cor
1059 685 1208 729 tuum
1230 692 1248 741 ;
1271 678 1398 746 quia
1430 690 1493 728 ea:
1517 676 1631 744 ipso
1651 675 1759 727 vita
1782 687 1903 742 pro-

320 772 454 824 redit
474 770 540 823 ³³.
563 772 627 824 Ει
659 786 671 822 :
700 769 986 823 Perversas
1014 770 1353 839 cogitationes
1376 782 1628 830 separare
1658 782 1690 818 a
1714 763 1820 817 Deo
1832 763 1900 830 ³⁸;

325 872 514 916 rursus
578 863 728 916 disce
796 876 826 914 a
874 860 1061 914 divina
1111 860 1164 914 id
1194 860 1429 914 docente
1449 858 1756 927 Scriptura.

392 949 456 1004 ν.
495 948 787 1004 Rationem
822 948 1004 1018 exigat
1040 964 1069 1001 a
1094 964 1193 1003 sua
1256 946 1642 1016 unusquisque
1670 946 1851 999 anima
1884 985 1899 1010 ,

323 1042 648 1095 discernens
693 1046 749 1095 et
778 1039 1091 1110 explorans,
1136 1038 1204 1094 ad
1226 1053 1478 1109 quamam
1524 1035 1812 1091 aliiciatur.
1835 1034 1905 1090 Et

324 1130 368 1183 si
405 1130 551 1185 haud
577 1144 886 1185 consonans
916 1130 1010 1184 Dei
1030 1130 1240 1200 legibus
1267 1126 1563 1199 contigerit
1581 1127 1767 1181 videre
1783 1141 1901 1191 cor;

324 1220 473 1272 omni
510 1228 707 1273 conatu
729 1218 1194 1287 quemadmodum
1227 1232 1448 1286 corpus,
1479 1217 1552 1270 ita
1580 1224 1636 1271 et
1661 1222 1901 1268 mentem

324 1325 653 1366 conservare
687 1310 1063 1378 incorruptam
1088 1310 1326 1372 studeat,
1359 1318 1524 1378 atque
1558 1306 1792 1376 impuris
1816 1319 1906 1358 as-

323 1415 545 1453 sensum
586 1400 1019 1469 cogitationibus
1058 1406 1370 1469 negantem.
1404 1398 1461 1453 Si
1502 1397 1725 1467 quidem
1772 1396 1906 1449 velit

318 1475 472 1545 iuxta
543 1492 969 1561 promissionem
1049 1489 1330 1544 introduci
1384 1489 1440 1542 in
1479 1488 1796 1543 convictum
1849 1492 1906 1539 et

320 1583 522 1638 choros
562 1599 821 1654 purarum
852 1584 1133 1651 virginum
1159 1582 1225 1634 ⁸⁷.
1252 1580 1603 1651 Cohabitatio
1646 1580 1795 1634 enim
1850 1587 1906 1634 et

323 1674 606 1730 familiaris
624 1674 968 1730 conversatio
986 1674 1141 1743 puris
1160 1672 1386 1728 omnino
1404 1682 1460 1729 et
1480 1674 1535 1727 in
1558 1672 1693 1729 recti
1720 1685 1906 1727 amore

322 1768 443 1822 lixis
480 1768 746 1836 promissa
784 1776 870 1823 est
899 1766 1208 1821 animabus.

2001 590 2167 644 ἄκουε
2193 592 2481 662 λεγούσης·
2520 595 2590 646 ἐκ
2621 592 2731 663 γὰρ
2760 593 2987 647 τούτων
3017 591 3216 657 ἔξοδοι
3246 589 3425 658 ζωῆς·
3464 590 3581 652 καὶ,

2002 681 2296 746 Σκολιοὺς
2340 682 2409 735 δὲ
2455 682 2786 752 λογισμοὺς
2826 682 3093 751 χωρίζειν
3122 681 3242 736 ἀπὸ
3269 680 3450 746 Θεοῦ,
3486 678 3584 733 καὶ⁸

2002 769 2167 823 πάλιν
2195 770 2296 840 τῆς
2322 771 2473 835 θείας
2500 772 2859 844 διδασκούσης
2882 772 3107 843 Γραφῆς
3145 771 3405 843 μάνθανε.

2074 944 2149 1001 E'.
2209 946 2382 1014 Λόγον
2423 943 2727 997 ἀπαιτείτω
2768 945 2869 1014 τήν
2908 942 3103 997 ἑαυτοῦ
3136 941 3315 1013 ψυχὴν
3352 940 3582 1003 ἕκαστος

2003 1039 2313 1110 ἀνακρίνων
2361 1037 2456 1089 καὶ
2508 1035 2854 1105 βασανίζων,
2906 1035 3019 1087 τίσι
3067 1034 3427 1104 πρόσκειται·
3483 1031 3583 1085 καὶ

2003 1132 2051 1184 ει
2085 1131 2159 1200 μὴ
2194 1126 2595 1197 συμᾳωνοῦσαν
2628 1127 2917 1196 συμϐαίνει
2964 1126 3075 1188 τοῖς
3103 1123 3199 1177 τοῦ
3228 1123 3364 1176 Θεοῦ
3394 1122 3580 1191 νόμοις

2001 1223 2101 1291 τὴν
2131 1222 2359 1292 καρδίαν
2391 1223 2556 1291 ὁρᾷν,
2596 1219 2747 1288 πάσῃ
2777 1217 3008 1287 δυνάμει
3035 1215 3286 1285 καθάπερ
3311 1214 3371 1267 τὸ
3400 1214 3578 1281 σῶμα,

2002 1317 2145 1369 οὕτω
2175 1315 2239 1384 δὴ
2284 1315 2382 1367 καὶ
2423 1314 2515 1366 τὸν
2543 1310 2668 1367 νοῦν
2709 1310 2989 1381 διατηρεῖν
3020 1307 3257 1377 ἄφθορον
3283 1301 3582 1364 σπουδαζέ-

2004 1424 2102 1470 τω,
2133 1408 2230 1459 καὶ
2258 1406 2369 1468 τοῖς
2399 1407 2653 1475 πονηροῖς
2680 1402 2969 1456 ἀσύνθετον
2997 1401 3295 1469 λογισμοῖς.
3330 1398 3398 1449 El’
3422 1413 3485 1464 γε
3512 1395 3579 1464 δὴ

2007 1498 2246 1570 βούλοιτο
2298 1500 2442 1553 κατὰ
2486 1500 2584 1569 τὴν
2627 1498 2924 1568 ὑπόσχεσιν
2965 1496 3064 1566 τὴν
3102 1492 3350 1562 καθαράν
3378 1489 3580 1544 ἐσοικί-

2007 1597 2233 1647 σασθαι·
2285 1592 2565 1661 ἐνοικῆσαι
2595 1591 2704 1662 γὰρ
2734 1592 2829 1645 καὶ
2856 1588 3299 1659 ἐμπεριπατῆσαι
3330 1585 3451 1645 ταῖς
3476 1599 3579 1634 κα-

2006 1685 2200 1758 θαραῖς
2236 1685 2459 1747 πάντως
2511 1682 2606 1737 καὶ
2646 1680 2960 1751 φιλοκάλοις
2988 1678 3188 1749 ψυχαῖς
3222 1672 3577 1745 ἐπήγγελται.

397 1857 482 1913 Vl.
511 1858 663 1913 Sicut
683 1859 796 1927 agri
828 1856 1038 1927 proprii
1068 1856 1523 1927 diligentissimus
1546 1856 1774 1912 colonus
1796 1872 1899 1911 no-

2077 1864 2170 1929 ς’.
2198 1859 2411 1931 Ὠσπερ
2440 1859 2469 1912 ὁ
2496 1858 2595 1928 τῆς
2614 1857 2747 1922 [δίας
2766 1857 2868 1927 γῆς
2894 1854 3314 1927 ἐπιμελέστατος
3336 1850 3581 1922 γεωργὸς

320 1952 562 1999 vateum
602 1945 757 2015 prius
797 1953 853 1999 et
896 1960 961 1999 ex
995 1960 1062 1999 eo
1097 1945 1284 2013 spinas
1330 1944 1505 2009 tollit;
1538 1959 1603 1999 ac
1640 1954 1753 1997 tum
1807 1942 1903 1998 de-

324 2050 474 2089 mum
509 2035 969 2105 injicitsemina;
1017 2034 1091 2088 ita
1145 2044 1202 2089 et
1246 2035 1340 2104 qui
1381 2050 1411 2089 a
1461 2035 1574 2089 Deo
1622 2042 1903 2103 exspectat

323 2136 625 2182 sementem
668 2128 857 2197 gratim
898 2127 1169 2196 accipere,
1229 2141 1467 2196 purgare
1512 2125 1669 2195 prius
1736 2124 1902 2179 debet

326 2218 525 2272 animae
558 2232 669 2273 sua:
691 2232 913 2288 agrum;
962 2227 1021 2271 ut
1049 2232 1237 2272 semen
1267 2216 1467 2271 deinde
1521 2216 1579 2270 in
1606 2230 1732 2271 eum
1762 2214 1901 2268 inci-

324 2309 464 2364 dens
499 2309 761 2378 Spiritus,
811 2308 1087 2378 perfectos
1110 2314 1166 2363 et
1194 2307 1531 2377 multiplices
1557 2306 1753 2361 reddat
1782 2304 1901 2360 l'ru-

325 2410 465 2457 ctus.
496 2401 631 2456 Nam
667 2400 722 2455 ni
780 2400 885 2455 hoc
918 2399 1012 2455 liat
1035 2406 1163 2454 ante
1222 2399 1445 2462 omnia,
1477 2407 1535 2453 et
1569 2397 1677 2453 nisi
1737 2412 1900 2451 mun-

322 2492 537 2547 daverit
577 2492 704 2561 quis
743 2490 986 2560 seipsum
1025 2490 1093 2544 ab
1131 2490 1283 2544 omni
1327 2488 1750 2559 inquinamento
1776 2502 1905 2542 car-

323 2583 413 2638 nis
450 2591 507 2637 et
535 2582 785 2653 spiritus,
816 2595 946 2636 caro
973 2587 1060 2635 est
1086 2588 1143 2634 et
1171 2578 1416 2651 sanguis,
1439 2587 1497 2633 et
1536 2578 1700 2649 longe
1737 2577 1903 2632 distat

323 2691 355 2727 a
382 2671 516 2725 vita.

394 2762 505 2818 VII.
551 2761 931 2832 Undecunque
965 2759 1146 2815 hostis
1182 2757 1625 2814 machinationes
1670 2762 1907 2821 astutas,

324 2855 480 2913 dolos
504 2863 560 2911 et
592 2854 882 2921 maleﬁcia,
934 2853 1361 2922 circumspicere
1397 2857 1632 2920 oportet.
1685 2848 1903 2903 Etenim

327 2954 387 3000 ut
421 2943 662 3014 Spiritus
719 2951 945 2998 sanctus
966 2958 1066 3012 per
1099 2942 1328 2997 Paulum
1356 2958 1371 2994 :
1411 2939 1495 2994 Fit
1524 2938 1761 2993 omnibus
1791 2953 1905 2991 0m-

326 3036 439 3097 nia,
471 3041 528 3086 ut
554 3048 732 3087 omnes
766 3030 937 3087 salvos
963 3032 1127 3100 faciat
1168 3030 1212 3062 ³⁸
1238 3048 1251 3083 :
1281 3030 1361 3083 sic
1399 3037 1456 3083 et
1499 3027 1719 3097 spiritui
1760 3026 1904 3080 malo

2004 1956 2223 2008 ἀνανεοῖ
2245 1952 2449 2022 ταύτην
2478 1952 2765 2020 πρότερον,
2786 1949 2881 2004 καὶ
2904 1950 3003 2010 τὰς
3023 1947 3266 2008 ἀκάνθας
3280 1945 3577 2017 περιαιρεῖ,

2002 2042 2103 2099 εἷθ’
2152 2047 2295 2099 οὕτω
2336 2044 2665 2099 καταϐάλλει
2712 2043 2780 2097 τὰ
2823 2040 3115 2111 σπέρματα
3137 2055 3153 2071 ·
3192 2023 3333 2091 οῦτω
3364 2034 3581 2090 καὶτὸν

2002 2136 2155 2207 παρὰ
2181 2135 2317 2191 Θεοῦ
2350 2135 2737 2206 προσδοκῶντα
2765 2135 2865 2204 τῆς
2893 2132 3112 2202 χάριτος
3143 2129 3348 2201 σπόρον
3370 2126 3575 2191 λαϐεῖν,

2004 2229 2288 2300 καθαίρειν
2336 2228 2604 2300 πρότερον
2657 2225 2764 2298 χρὴ
2815 2225 2916 2295 τῆς
2965 2222 3160 2278 ἐαυτοῦ
3201 2221 3428 2291 καρδίας
3478 2218 3578 2288 τὴν

2002 2321 2126 2391 γῆν,
2162 2320 2227 2373 ἵν’
2257 2320 2286 2373 ὁ
2314 2318 2514 2390 σπόρος
2544 2317 2732 2371 πεσὼν
2760 2315 2856 2369 τοῦ
2882 2313 3199 2384 Πνεύματος
3227 2310 3459 2373 ἐντελεῖς
3484 2308 3579 2361 καὶ

2003 2410 2436 2475 πολλαπλασίους
2458 2408 2649 2479 κάποδῷ
2680 2409 2807 2471 τοὺς
2831 2405 3106 2476 καρπούς·
3143 2404 3218 2468 ὡς
3244 2405 3293 2456 εί
3321 2401 3395 2473 μὴ
3419 2399 3583 2454 τοῦτο

2002 2503 2215 2573 γένοιτο
2242 2500 2534 2574 πρότερον,
2563 2499 2658 2554 καὶ
2684 2497 2899 2568 καθάρῃ
2926 2513 3009 2561 τις
3035 2493 3225 2549 ἑαυτὸν
3249 2491 3359 2546 ἀπὸ
3380 2488 3579 2551 παντὸς

2006 2594 2285 2669 μολυσμοῦ
2313 2593 2515 2665 σαρκὸς
2549 2591 2643 2645 καὶ⁵
2669 2588 3003 2661 πνεύματος,
3041 2586 3176 2656 σάρξ
3201 2587 3348 2639 ἐστιν
3378 2584 3459 2636 ἔτι
3484 2581 3581 2636 καὶ

2003 2682 2163 2757 αἷμα,
2198 2686 2294 2741 καὶ
2325 2683 2543 2756 μακρὰν
2570 2682 2848 2751 ἀφέστηκε
2878 2680 2978 2750 τῆς
3005 2678 3174 2748 ζωῆς.

2076 2784 2149 2837 Z'.
2208 2780 2555 2851 αανταχόθεν
2581 2777 2679 2840 τὰς
2704 2776 2798 2831 τοῦ
2827 2773 3024 2847 ἐχθροῦ
3059 2771 3418 2845 μαγγανείας,
3452 2769 3581 2830 τοὺς

2004 2874 2189 2938 δόλους
2212 2891 2273 2927 τε
2304 2872 2400 2927 καὶ
2425 2872 2524 2932 τὰς
2549 2867 2887 2938 κακουργίας
2907 2907 2922 2930 ,
2958 2866 3195 2933 ὀξύτατα
3221 2864 3581 2934 περισκοπεῖν

2003 2967 2104 3022 δεῖ.
2154 2965 2267 3018 Καὶ
2302 2964 2414 3035 γὰρ
2460 2963 2537 3026 ὡς
2581 2958 2643 3014 τὸ
2686 2959 2913 3028 Πνεῦμα
2956 2957 3018 3011 τὺ
3058 2956 3212 3023 άγιον
3243 2954 3330 3008 διὰ
3364 2951 3580 3007 Παύλου

2004 3057 2071 3111 τά
2100 3057 2280 3112 πάντα
2305 3053 2561 3123 γενέσθαι
2590 3050 2778 3122 φησὶν,
2813 3050 2900 3104 ἵνα
2928 3049 3055 3114 τοὺς
3080 3047 3289 3109 πάντας
3315 3044 3579 3116 κερδήσῃ·

327 3134 385 3183 in
429 3127 614 3182 studio
636 3136 743 3191 est,
773 3125 962 3181 omnia
997 3124 1138 3188 ﬁeri,
1179 3132 1451 3178 utomnes
1489 3121 1543 3175 in
1615 3121 1899 3176 interitum

2006 3146 2148 3202 οὓτω
2181 3147 2245 3218 δὴ
2291 3121 2385 3201 καὶ
2413 3147 2479 3215 τῇ
2511 3121 2680 3213 κακία
2711 3141 2957 3211 γίνεσθαι
2984 3140 3163 3195 πάντα
3191 3136 3283 3192 διὰ
3311 3135 3572 3213 σπουδῆς,

326 3219 617 3289 propellat.
650 3218 841 3286 Itaque
870 3216 918 3271 is
976 3230 1104 3271 cum
1167 3214 1459 3269 orantibus
1526 3213 1691 3267 simul
1739 3227 1900 3267 orare

326 3310 584 3373 simulat,
620 3309 675 3363 id
708 3318 986 3378 spectans,
1046 3316 1107 3360 ut
1152 3321 1220 3360 ex
1250 3306 1365 3375 ipsa
1417 3303 1669 3360 oratione
1724 3311 1908 3359 sumat

326 3420 513 3461 ansam
543 3402 854 3474 decipiendi
888 3410 1138 3458 orantem
1165 3400 1529 3471 subjiciatque
1544 3399 1726 3456 eidem
1755 3414 1907 3469 οιτο-

325 3505 544 3568 gentem
577 3493 976 3551 conﬁdentiam
1004 3510 1020 3560 ;
1084 3492 1607 3564 cumjejunantibus
1640 3492 1853 3563 jejunat
1886 3529 1903 3556 ,

328 3597 389 3642 ut
415 3588 565 3658 ipsos
609 3587 873 3643 inanibus
893 3584 1133 3656 decipiat
1165 3593 1223 3640 et
1249 3584 1568 3651 dementet;
1595 3583 1906 3654 Scriptura-

327 3692 450 3734 rum
475 3677 810 3734 habentibus
830 3676 1109 3742 notitiam,
1166 3676 1444 3731 similibus
1500 3676 1597 3730 dat
1630 3688 1855 3745 operam
1887 3713 1904 3740 ,

326 3769 431 3827 sub
462 3769 647 3840 specie
699 3768 944 3824 scientiae
975 3768 1205 3837 cupiens
1232 3782 1329 3822 eos
1382 3768 1723 3828 subvertere.
1766 3765 1906 3823 Cum

326 3861 496 3932 aliqui
532 3860 890 3915 revelationis
919 3859 1129 3914 lumine
1171 3859 1429 3926 beantur,
1465 3859 1686 3914 videtur
1709 3868 1767 3915 et
1790 3859 1907 3928 ipse

328 3952 599 4023 ejusmodi
632 3952 861 4007 habere.
912 3950 1279 4022 Transﬁgurat
1301 3954 1442 4005 enim
1471 3952 1573 4020 (ait
1609 3952 1834 4022 Paulus)
1850 3964 1906 4005 se

329 4044 562 4099 Satanas
591 4044 649 4097 in
683 4042 932 4113 angelum
957 4042 1085 4096 lucis
1118 4043 1184 4097 ³⁸.
1207 4044 1277 4100 Ut
1296 4043 1559 4112 opinione
1596 4044 1737 4098 ﬁctae
1769 4042 1908 4098 lucis

328 4134 589 4204 deceptos
624 4133 693 4187 ad
744 4147 802 4187 se
855 4132 1113 4188 adducat.
1156 4134 1244 4199 Et,
1307 4143 1367 4188 ut
1409 4142 1604 4188 cuncta
1634 4134 1907 4204 ejusmodi

328 4230 498 4283 semel
527 4228 801 4299 colligam,
840 4226 985 4279 mira
1038 4236 1097 4279 se
1139 4226 1339 4280 artium
1384 4227 1690 4281 subtilitate
1722 4227 1908 4280 omnia

326 4318 547 4382 variat,
589 4333 700 4386 quo
747 4315 1109 4371 similitudine
1157 4316 1495 4387 subjugatos,
1544 4316 1673 4371 boni
1725 4317 1907 4386 specie

328 4408 641 4476 apparentia
690 4406 747 4459 in
774 4420 961 4460 veram
989 4405 1189 4459 alliciat
1241 4406 1761 4477 irreparabilemque
1785 4423 1909 4477 per—

2003 3238 2080 3301 ὡς
2128 3238 2255 3300 τοὺς
2301 3236 2512 3297 πάντας
2562 3231 2911 3305 παραπέμψει
2951 3232 3019 3301 τῇ
3061 3229 3339 3300 ἀπωλείᾳ·
3386 3226 3576 3298 ἀμέλει

2003 3328 2120 3390 τοῖς
2161 3323 2477 3396 εὐχομένοις
2524 3320 2602 3384 ὡς
2640 3319 3033 3390 συνευχόμενος
3061 3316 3409 3386 ὑποκρίνεται
3439 3309 3573 3366 κατὰ

2008 3416 2211 3472 σκοπὸν
2257 3415 2354 3469 τοῦ
2400 3412 2675 3485 προφάσει
2708 3410 2878 3482 εὐχῆς
2908 3408 3215 3480 ἐμϐαλόντα
3245 3406 3378 3477 πρὸς
3399 3404 3568 3472 οίησιν

2005 3509 2286 3579 ἀπατῆσαι
2312 3522 2325 3536 ·
2378 3506 2497 3569 τοῖς
2536 3502 2859 3573 νηστεύουσι
2910 3497 3294 3571 συννηστεύειν
3317 3537 3332 3563 ,
3376 3492 3566 3553 αὐτοὺς

2005 3602 2182 3671 οἰήσει
2230 3598 2518 3669 φενακίσαι
2564 3594 2890 3666 βουλόμενος
2914 3608 2932 3627 ·
2989 3592 3103 3655 τοῖς
3152 3590 3333 3659 ἔχουσι
3376 3583 3572 3653 γνῶσιν

2005 3691 2238 3762 Γραφῶν
2271 3688 2576 3760 ἐπιτηδεύει
2610 3687 2679 3740 τὰ
2706 3686 2870 3757 ὅμοια
2893 3722 2911 3749 ,
2946 3682 3297 3754 προσχήματι
3330 3676 3579 3747 γνώσεως

2006 3782 2284 3837 ἐπιποθῶν
2332 3780 2529 3843 αὐτοὺς
2578 3776 3097 3849 παρακρούσασθαι·
3147 3774 3261 3833 τοῖς
3304 3766 3579 3824 ἀποκαλύ-

2006 3874 2153 3944 ψεων
2180 3871 2359 3941 φωτὸς
2386 3866 2791 3933 καταξιωθεῐσι,
2817 3861 3221 3936 παραπλησίως
3247 3860 3391 3930 ἔχειν
3408 3857 3578 3911 δοκεῖ.

2008 3958 2587 4031 Μετασχηματίζεται
2618 3956 2749 4028 γὰρ.
2780 3955 2964 4026 γησὶν,
3000 3957 3035 4009 ό
3064 3948 3333 4017 Σατανᾶς
3362 3952 3451 4016 εις
3479 3948 3582 4017 ἄτε-

2006 4056 2191 4123 τελον
2211 4050 2425 4121 φωτός·
2463 4050 2551 4103 ἵνα
2581 4050 2646 4119 τῇ
2673 4048 2894 4117 δοκήσει
2921 4044 3015 4100 τοῦ
3039 4042 3380 4114 καταλλήλου
3405 4040 3582 4110 φωτὸς

2008 4146 2319 4215 ἀπατήσας,
2354 4143 2433 4205 είς
2458 4140 2653 4195 ἐαυτὸν
2684 4138 3062 4207 ἐπαγάγηται·
3103 4136 3198 4190 καὶ
3227 4134 3413 4195 ἁπλῶς
3441 4132 3585 4186 οὕτω

2009 4237 2148 4307 πρὸς
2178 4234 2355 4287 πάντα
2384 4232 2722 4286 ποικίλλεται
2749 4230 2847 4284 καὶ
2869 4231 2982 4292 τοῖς
3002 4230 3187 4290 πᾶσιν,
3211 4226 3297 4279 ἵνα
3317 4224 3394 4293 τῷ
3415 4222 3581 4294 ὁμοίῳ

2009 4320 2359 4392 χειρούμενος
2391 4319 2742 4388 εὐλογοφανεῖ
2780 4317 3048 4388 προφάσει
3083 4314 3315 4386 προξενῇ
3352 4313 3448 4383 τὴν
3479 4314 3583 4365 ἀπι-

2010 4412 2205 4465 ὠ).ειαν
2234 4426 2247 4441 ·
2304 4407 2667 4478 Λογισμοὺς,
2698 4408 2852 4476 φησι,
2883 4404 3304 4473 καθαιροῦντες
3330 4402 3430 4458 καὶ
3459 4400 3577 4455 πᾶν

329 4498 530 4552 niciem
552 4513 566 4550 :
591 4495 849 4561 Consilia,
868 4497 1071 4565 inquit,
1091 4497 1412 4551 destruentes
1435 4506 1482 4551 et
1528 4516 1735 4553 omnem
1774 4501 1899 4554 alti-

2006 4502 2223 4570 ὕψοωμα
2245 4500 2639 4568 ἐπαιρόμενον
2673 4497 2824 4551 κατὰ
2851 4496 2961 4563 τῆς
2981 4495 3252 4565 γνώσεως
3280 4493 3385 4547 τοῦ
3409 4490 3579 4546 Θεοῦ.

329 4589 567 4642 tudinem
593 4586 930 4641 extollentem
949 4603 1003 4641 se
1052 4589 1302 4643 adversus
1353 4592 1627 4646 scientiam
1669 4592 1766 4645 Dei
1816 4592 1860 4625 ‘°
1888 4632 1902 4647 .

328 4682 461 4736 Vide
480 4695 769 4751 quousque
813 4680 1084 4749 superbus
1112 4681 1204 4736 ille
1237 4682 1502 4752 impostor
1533 4685 1767 4739 audendi
1788 4700 1908 4755 pro-

328 4776 555 4831 terviam
586 4773 866 4837 extendat,
899 4782 960 4828 ut
998 4790 1107 4829 non
1130 4775 1346 4830 dubitet
1397 4777 1585 4832 conari
1630 4794 1726 4833 eos
1759 4778 1906 4847 ipsos

270 4868 275 4871 ’
330 4868 587 4937 dejicere,
621 4866 713 4936 qui
750 4864 908 4934 211
933 4863 1181 4919 divinum
1250 4866 1464 4921 Numen
1506 4868 1559 4921 in
1592 4869 1905 4938 cognitione

332 4957 577 5013 veritatis
598 4955 933 5025 possideant.
966 4954 1037 5010 Ut
1066 4954 1203 5009 adeo
1243 4969 1696 5026 unumquemque
1740 4974 1906 5027 opor-

331 5057 439 5103 teat
464 5061 562 5102 cor
590 5061 749 5100 suum
783 5045 932 5100 omni
952 5046 1202 5100 custodia
1225 5061 1475 5113 servare;
1512 5049 1848 5118 multamque
1875 5063 1905 5104 a

332 5141 445 5195 Deo
468 5137 817 5208 prudentiam
837 5150 1081 5205 poscere,
1110 5138 1277 5194 utdct
1305 5139 1466 5194 nobis
1493 5141 1906 5211 deprehendere

328 5225 617 5283 diabolica:
629 5225 985 5295 malignitatis
1007 5234 1172 5281 artes.
1194 5227 1567 5299 Praetereaque
1584 5232 1904 5294 exercitare,

326 5335 389 5375 ac
408 5317 567 5389 quasi
585 5316 870 5371 elaborare
904 5326 1144 5371 mentem
1188 5331 1254 5372 ac
1290 5320 1649 5389 cogitationes
1690 5332 1906 5377 nostras

326 5408 602 5465 elimando
656 5421 755 5477 per
812 5405 1153 5475 spiritualem
1206 5421 1401 5467 curam
1458 5411 1576 5465 sine
1626 5410 1906 5466 intermis-

328 5501 481 5556 sione
504 5497 781 5561 convenit,
810 5503 869 5552 et
885 5498 953 5552 ad
974 5498 1069 5552 Dei
1090 5500 1703 5572 voluntatemadaptare
1726 5503 1903 5571 ipsas;

2009 4594 2152 4664 ’Όρα
2183 4592 2346 4663 μέχρι
2374 4592 2470 4644 καὶ⁵
2492 4591 2655 4643 τίνων
2681 4591 2709 4643 ὁ
2729 4588 2947 4652 ἀλαζὼν
2972 4587 3201 4641 ἐκτείνει
3223 4586 3285 4639 τὸ
3304 4584 3579 4654 τόλμημα,

2005 4684 2083 4753 τῷ
2125 4683 2406 4753 βούλεσθαι
2454 4682 2549 4734 καὶ
2589 4680 2715 4742 τοὺς
2745 4678 2846 4749 ἥδη
2875 4679 2938 4730 τὸ
2959 4677 3115 4730 Θεῖον
3142 4677 3263 4730 κατ’
3291 4676 3582 4742 ἐπίγνωσιν

2006 4772 2264 4841 ἀληθείας
2313 4771 2534 4840 ἔχοντας
2577 4769 2948 4835 κατενεγκεῖν.
2975 4768 3138 4819 Ὥστε
3181 4765 3331 4837 πάσῃ
3369 4764 3580 4833 φυλακῇ

2006 4866 2194 4932 τηρεῖν
2244 4862 2345 4932 τὴν
2390 4860 2587 4913 ἑαυτοῦ
2630 4860 2856 4930 καρδίαν
2883 4858 3026 4928 χρὴ,
3085 4858 3285 4927 πολλήν
3326 4873 3386 4909 τε
3431 4854 3583 4924 παρὰ

2006 4954 2143 5008 Θεοῦ
2173 4957 2271 5025 τήν
2296 4952 2511 5006 σύνεσιν
2541 4952 2734 5013 αἰτεῖν,
2759 4950 2848 5003 ἵνα
2872 4950 2949 5019 δῷ
2980 4951 3114 5020 ἡμῖν
3141 4949 3239 5012 τὰς
3264 4949 3361 5017 τῆς
3384 4947 3582 5008 κακίας

2006 5045 2199 5113 τέχνας
2228 5043 2439 5113 φωρᾷν.
2479 5040 2840 5112 Ἐργάζεσθαι
2862 5041 2917 5094 δέ
2946 5040 3040 5095 καὶ
3068 5041 3318 5093 ἐκπονεῖν
3344 5038 3436 5092 τὸν
3459 5037 3581 5092 νοῦν

2008 5139 2065 5189 ἐν
2116 5137 2329 5189 συνέσει
2381 5136 2475 5190 καὶ
2516 5134 2641 5197 τοὺς
2670 5134 2967 5204 λογισμοὺς
2995 5134 3262 5203 προσήκει
3295 5131 3577 5201 διηνεκῶς,

2008 5229 2102 5281 καὶ
2144 5227 2283 5297 πρὸς
2309 5226 2403 5280 τοῦ
2431 5225 2569 5279 Θεοῦ
2599 5226 2809 5295 Θέλημα
2842 5224 3191 5296 καταρτίζειν
3217 5224 3412 5286 αὐτούς
3432 5238 3446 5254 ·
3481 5222 3582 5275 οὐκ

2012 5321 2126 5373 ἔστι
2158 5319 2344 5373 τούτου
2376 5319 2561 5391 μεῖζον
2590 5318 2751 5390 ἔργον
2790 5318 2824 5389 ἢ
2865 5316 3225 5389 τιμιώτερον·
3266 5313 3582 5383 Ἐξομολό-

2006 5427 2184 5481 mare
2226 5410 2364 5481 γὰρ,
2406 5409 2570 5480 φησι,
2628 5408 2728 5462 καί
2767 5406 3249 5478 μεγαλοπρέπεια
3297 5404 3363 5457 τὸ
3401 5402 3578 5473 ἔργον

2004 5502 2210 5558 αὐτοῦ.

330 5604 438 5659 quo
464 5607 576 5647 non
604 5594 781 5664 majus
802 5604 910 5651 nec
936 5590 1235 5660 pretiosius
1272 5607 1410 5663 Opus
1431 5602 1535 5650 est.
1565 5594 1852 5665 Confessio,
1890 5594 2035 5651 enim
2066 5595 2162 5660 ait,
2182 5604 2230 5649 et
2258 5593 2651 5667 magniﬁcentia
2671 5608 2800 5663 opus
2815 5593 2929 5663 ejus
2951 5592 3017 5649 “.

422 5730 463 5760 ³*
506 5731 549 5783 il
575 5729 701 5783 Cor.
739 5735 956 5796 xu,2."
992 5735 1153 5789 Prov.
1187 5751 1260 5799 Iv,
1300 5734 1388 5789 95.
1468 5735 1661 5806 "Sap.
1704 5738 1823 5803 1,5.

334 5795 373 5826 te
407 5798 444 5826 11
512 5797 626 5826 Ρη..
679 5817 705 5826 ..
751 5804 779 5826 23
877 5804 1115 5826 n11\-nl.-.
1174 5821 1228 5826 -.__
1298 5805 1326 5826 e-

357 5798 373 5827 ί
402 5798 469 5853 ll.
512 5797 646 5853 Cor.
679 5804 800 5866 x,5.
877 5807 916 5837 “
942 5804 1139 5859 l’salm.
1170 5797 1255 5871 cx,
1298 5805 1352 5859 5.

1920 5739 1966 5769 ³⁹
1999 5740 2167 5808 Apoc.
2206 5754 2261 5806 Χ,
2303 5736 2394 5793 22.

2498 5732 2731 5792 “ICor.
2771 5749 2846 5805 ιι,
2884 5737 2977 5797 22.
3083 5734 3126 5767 ³⁸
3153 5732 3195 5789 li
3224 5731 3348 5790 Cor.
3387 5747 3463 5799 χι,
3489 5730 3572 5787 ii.
