4020 6430
434 5720 449 5748 l

463 390 558 454 9H

1512 386 1744 446 LIBER
1784 385 1882 447 DE
1923 385 2347 449 LIBERTATE
2384 390 2695 453 MENTIS.

3625 396 3732 463 942

530 501 612 555 ll’.
662 499 740 567 Τῇ
776 495 1007 567 φιλοθέῳ
1036 495 1180 568 ψυχῇ
1202 537 1218 563 ,
1254 497 1361 552 κᾶν
1392 497 1569 552 πάντα
1597 500 1666 553 τὰ
1696 498 1875 569 ἀγαθά
1909 500 2044 571 πρά-

2227 503 2361 559 Vlll.
2409 504 2506 560 Dei
2550 505 2992 573 amantianimm,
3044 520 3324 581 utcunque
3352 512 3533 569 omnia
3585 514 3729 568 bona

458 591 621 656 ξειεν,
660 587 812 640 οὐδὲν
846 588 1035 657 ἑαυτῇ,
1071 585 1208 640 ἀλλὰ
1235 587 1313 657 τῷ
1337 586 1457 658 Θεῷ
1483 588 1689 644 ἕκαστα
1715 590 2043 661 ἐπιγράφειν

456 685 595 745 ἔθος.
652 679 838 751 Ταύτῃ
897 696 981 731 τοι
1034 679 1127 733 καὶ
1160 680 1189 731 δ
1217 678 1349 744 Θεὸς
1381 681 1542 733 πάλιν
1571 683 1638 752 τῇ
1670 682 1814 749 ὑγιεῖ
1839 683 2044 750 ταύτης

457 774 551 827 καὶ
601 772 735 843 ὀρθῇ
786 771 1001 824 συνέσει
1045 770 1141 824 καὶ
1186 770 1386 839 γνώσει
1420 771 1697 841 προσχὼν,
1731 772 2044 825 τούναντίον

457 866 640 937 ἐκείνῃ
671 862 850 917 πάντα
874 861 1174 931 λογίζεταιο
1212 864 1305 917 καὶ
1332 863 1407 926 ῶς
1435 864 1606 933 αὐτῆς
1633 864 1918 935 καμούσης
1950 866 2045 918 καὶ

459 954 587 1025 παρ’
618 955 815 1025 ἑαυτῆς
844 954 904 1006 τὸ
928 953 1046 1007 ὅλον
1067 955 1471 1027 ἐργασαμένης,
1497 956 1593 1021 τὰς
1613 957 1912 1021 ἀντιδόσεις
1934 958 2045 1010 ἐπι-

460 1048 678 1117 μετρεῖ·
724 1043 910 1101 καίτον
937 1046 1092 1110 δόξαν
1119 1045 1268 1117 αὐτῷ
1310 1047 1446 1115 πρὸς
1473 1047 1651 1115 κρίσιν
1689 1050 1821 1119 ἡμῖν
1844 1049 2043 1112 ἐλθεῖν,

457 1140 606 1189 οὐδὲν
658 1136 795 1208 πρὸς
836 1136 1097 1207 ἀλήθειαν
1146 1138 1225 1209 τῷ
1265 1138 1537 1211 ἀνθρώπῳ
1575 1140 1782 1193 δίκαιον
1811 1139 2043 1211 εὑρεθή-

470 1250 629 1284 ηεται·
669 1232 791 1284 ἐπεὶ
822 1231 918 1285 καὶ
947 1234 1015 1283 τὰ
1044 1231 1325 1302 χρήματα,
1366 1233 1459 1284 καὶ
1488 1232 1557 1285 τὰ
1581 1232 1840 1289 δοκοῦντα
1866 1234 2044 1288 πάντα

462 1322 613 1371 ταυτὶ
656 1318 836 1387 ἀγαθὰ
861 1358 877 1385 ,
936 1319 1004 1371 δι’
1039 1312 1114 1372 ὧν
1148 1320 1244 1374 καὶ
1275 1321 1514 1374 εὐποιείν
1545 1321 1774 1387 ἔκαστος
1797 1322 2042 1390 δύναται,

458 1411 665 1466 ἐκείνου
695 1411 825 1476 εἰσὶ,
860 1411 932 1481 γῆ
965 1411 1060 1464 καί
1089 1414 1263 1466 πάντα
1294 1412 1361 1466 τὰ
1392 1414 1451 1466 ὲν
1477 1415 1614 1485 αὐτῇ
1633 1432 1649 1447 ο
1689 1414 1821 1468 αὐτὸ
1852 1416 1912 1469 τὸ
1943 1414 2046 1470 σῶ-

464 1521 561 1573 μα,
595 1503 690 1555 καὶ
721 1502 858 1573 αὐτὴ
892 1503 924 1573 ἡ
950 1503 1119 1572 ψυχή’
1153 1503 1211 1556 ού
1243 1504 1349 1575 μὴν
1374 1503 1511 1558 ἀλλὰ
1534 1506 1628 1558 καὶ
1652 1505 1783 1559 αὐτὸ
1804 1504 1865 1559 τὸ
1880 1503 2042 1572 εῖναι,

460 1591 747 1661 ἄνθρωπος
783 1593 922 1645 κατὰ
952 1592 1112 1661 χάριν
1144 1592 1277 1662 ἔχει.
1312 1593 1377 1645 Τί
1404 1593 1585 1647 τοίνυν
1618 1594 1769 1666 αὐτῷ
1798 1594 2044 1650 λείπεται

461 1685 592 1738 ἴδιον
617 1724 631 1749 ,
688 1686 771 1753 ἐφ’
802 1678 845 1750 ᾧ
879 1687 939 1737 τὸ
970 1684 1224 1756 οἰηθῆναι
1259 1686 1292 1757 ἢ
1325 1686 1684 1757 δικαιωθῆναι
1714 1688 1858 1742 κατὰ
1886 1688 2044 1756 λόγον

460 1776 608 1842 Eiet;
650 1778 788 1845 πλὴν
820 1777 955 1829 ἀλλὰ
984 1777 1187 1846 ταύτην
1222 1779 1251 1831 ό
1278 1778 1411 1842 Θεὸς
1447 1778 1712 1849 μεγίστην
1745 1777 1806 1844 ἐξ
1831 1778 2044 1850 ἀνθρώ-

2146 590 2339 658 faciat,
2367 596 2503 650 nihil
2536 598 2661 664 sibi,
2694 598 2790 654 sed
2820 601 2929 654 Deo
2951 610 3147 657 cuncta
3170 603 3444 658 ascribere
3474 619 3593 658 mos
3622 612 3726 658 est.

2142 685 2213 741 At
2239 686 2385 740 Deus
2410 687 2650 742 vicissim
2695 705 2881 745 sanam
2914 692 3032 760 ejus
3056 700 3112 745 et
3160 701 3400 755 rectam,
3456 709 3580 753 cum
3635 695 3731 749 ad-

2144 774 2407 830 mistione
2425 777 2751 846 prudentiae,
2801 780 3089 835 scientiam
3150 782 3459 846 attendens,
3504 783 3557 836 in
3599 798 3732 837 con-

2145 866 2374 921 trarium
2406 868 2563 936 plane
2592 869 2812 924 modum
2835 871 3019 925 omnia
3065 871 3170 940 ipsi
3205 873 3467 942 imputat;
3492 888 3556 927 ac
3582 876 3730 928 velut

2145 948 2234 1008 illa
2265 957 2378 1009 sola
2400 956 2721 1021 laborasset,
2746 966 2802 1014 et
2830 960 2947 1016 suis
2977 961 3140 1016 unius
3165 962 3380 1017 viribus
3403 962 3456 1016 in
3491 964 3727 1019 solidum

2145 1054 2342 1099 cuncta
2376 1047 2697 1118 peregisset,
2748 1049 2827 1105 sic
2865 1052 2917 1105 ei
2951 1053 3432 1107 retnunerationes
3489 1054 3727 1109 admeti-

2147 1142 2258 1190 tur.
2296 1136 2592 1192 Enimvero
2631 1140 2675 1194 si
2708 1141 2819 1196 Deo
2849 1141 3069 1197 luberet
3100 1143 3274 1213 rigido
3303 1144 3591 1199 nobiscum
3643 1146 3730 1215 ju-

2144 1226 2291 1281 dicio
2341 1243 2503 1298 agere
2530 1269 2544 1293 ,
2580 1230 2715 1284 nihil
2778 1247 3006 1302 prorsus
3058 1234 3269 1293 homini
3295 1235 3363 1291 ab
3392 1252 3604 1291 eoverc
3635 1238 3729 1293 tle-

2144 1317 2323 1374 bitum
2383 1322 2749 1389 reperiretur,
2812 1325 3259 1395 quandoquidem
3311 1329 3722 1395 possessiones,

2145 1412 2401 1483 pecunia,
2460 1422 2767 1483 cunt-taque.
2791 1414 2955 1486 hujus
2985 1419 3110 1474 vitae
3153 1420 3315 1485 bona,
3349 1436 3469 1490 quae
3517 1421 3726 1475 instru-

2145 1511 2331 1557 menta
2363 1503 2502 1558 bene
2541 1505 2816 1574 operandi
2848 1506 3008 1561 bonis
3054 1516 3204 1573 sunt,
3234 1509 3290 1563 in
3347 1510 3580 1565 solidum
3607 1511 3726 1580 ejus

2147 1596 2397 1651 dominio
2428 1596 2730 1673 subjacent.
2801 1596 3028 1652 Terram
3079 1608 3134 1652 et
3169 1601 3424 1655 universa
3474 1616 3597 1670 quae
3634 1601 3726 1655 illa

2145 1687 2255 1743 fert
2294 1698 2389 1743 aut
2421 1688 2667 1743 continet
2695 1706 2710 1754 ;
2768 1689 2946 1759 ipsum
2982 1705 3201 1760 corpus,
3247 1691 3417 1761 ipsam
3443 1692 3677 1746 animam
3705 1730 3721 1755 ,

2148 1778 2243 1833 sed
2283 1787 2341 1831 et
2395 1779 2571 1848 ipsum
2597 1794 2740 1844 esse,
2774 1780 2938 1835 homo
2984 1795 3081 1850 per
3106 1782 3335 1851 gratiam
3373 1782 3558 1837 habet.
3582 1783 3724 1849 Quid

462 1884 577 1920 πων
610 1868 819 1936 δέχεται
855 1868 1048 1938 χάριν,
1097 1868 1193 1922 καὶ
1236 1867 1396 1921 τοῦτο
1433 1847 1542 1922 τῶν
1576 1847 2042 1940 προσφερομένων

2152 1872 2316 1946 igitur
2357 1872 2467 1943 ipsi
2509 1875 2844 1943 relinquitur
2888 1847 3195 1945 proprium,
3258 1879 3404 1934 unde
3454 1847 3627 1950 possit
3668 1880 3723 1933 itt

460 1961 657 2029 ἐκείνῳ
686 1962 743 2013 τὸ
770 1962 1150 2031 χαριέστατον,
1174 1960 1235 2013 τὸ
1258 1960 1359 2031 τὴν
1384 1960 1561 2032 ψυχὴν
1590 1962 1767 2025 καλῶς
1792 1962 2045 2031 ἐπιγνοῦ-

462 2070 561 2107 σαν
587 2054 734 2117 ὅπως
764 2052 875 2121 ἔχει
902 2052 970 2105 τὰ
993 2052 1142 2118 ὅντα,
1177 2052 1354 2106 πάντα
1383 2054 1588 2122 ὅσαπερ
1619 2052 1682 2106 ἂν
1710 2056 1837 2124 ποιῇ
1862 2054 2046 2122 ἀγαθὰ

462 2145 556 2197 καὶ
598 2146 699 2198 ὃσα
743 2144 941 2212 κάμνει
990 2144 1080 2197 διὰ
1114 2143 1267 2208 Θεὸν,
1303 2145 1404 2197 ὅσα
1430 2160 1490 2196 τε
1518 2143 1731 2212 συνίησι
1762 2144 1857 2198 καὶ
1883 2143 2047 2213 γινώ-

462 2250 611 2301 σκει,
658 2233 806 2304 αὐτῷ
836 2232 1180 2302 λογίζεσθαι,
1218 2234 1314 2289 καὶ
1369 2233 1518 2304 αύτῷ
1549 2233 1610 2285 τὸ
1657 2232 1880 2304 σύμπαν
1914 2234 2047 2287 ἀνα-ι-

459 2326 691 2379 τιθέναι.

2150 1961 2537 2017 conﬁdentiam
2590 1960 2793 2025 inﬂari,
2840 1970 2932 2017 aut
2962 1978 3114 2035 spem
3142 1967 3432 2037 concipere
3481 1983 3608 2022 vera
3641 1984 3727 2021 ra-

2151 2052 2299 2105 tione
2341 2050 2523 2104 nixam
2555 2051 2843 2106 obtinendi
2890 2052 3142 2109 districto
3169 2055 3381 2125 judicio
3407 2058 3562 2126 quasi
3603 2058 3725 2129 jure

2153 2142 2257 2201 sibi
2297 2142 2546 2197 debitum
2583 2142 2909 2212 quidpiam?
2938 2143 3210 2200 Caeterum
3242 2147 3384 2203 hanc
3436 2148 3725 2202 maximam

2154 2248 2221 2287 ex
2256 2232 2573 2287 hominibus
2606 2232 2747 2286 Deus
2784 2233 3021 2305 percipit
3041 2235 3269 2305 gratiam
3297 2254 3312 2305 ;
3338 2245 3392 2291 et
3421 2238 3528 2292 hoc
3558 2253 3625 2291 ex
3659 2236 3727 2292 iis

2150 2341 2272 2396 quae
2326 2325 2430 2394 ipsi
2478 2325 2787 2380 oll‘eruntur
2839 2343 3008 2382 unum
3060 2329 3220 2399 longe
3266 2330 3723 2399 jucundissimum

461 2419 695 2483 accidit;
741 2418 922 2473 anima
971 2433 1081 2482 res,
1117 2417 1200 2472 uti
1280 2433 1338 2473 se
1395 2433 1524 2471 vere
1554 2416 1780 2482 habent,
1804 2426 2095 2488 agnoscat;
2136 2426 2193 2473 et
2217 2434 2555 2489 quaecunque
2581 2418 2712 2473 facit
2741 2419 2904 2484 bona,
2931 2435 3271 2489 quaecunque
3296 2431 3519 2491 propter
3551 2422 3724 2479 Deum

461 2512 604 2565 mala
643 2512 853 2574 tolerat,
887 2526 1227 2580 quaecunque
1292 2510 1548 2580 intelligit
1578 2519 1635 2565 et
1661 2511 1850 2577 sentit,
1889 2510 2123 2580 imputet
2152 2527 2411 2582 supremo
2444 2512 2728 2581 largitori,
2770 2520 2826 2566 et
2856 2513 2951 2568 uni
2985 2513 3036 2567 ci
3080 2522 3301 2583 accepta
3335 2514 3557 2569 referat.

531 2605 607 2660 8'.
648 2606 861 2675 Ὥσπερ
904 2605 1118 2677 Ἰσραὴλ
1148 2606 1252 2670 ἕως
1285 2607 1386 2677 μὲν
1418 2604 1727 2676 εὐαρέστως
1757 2602 1870 2676 εἶχε
1902 2605 2038 2674 πρὸς

462 2699 552 2752 τὸν
598 2698 910 2767 Δεσπότην,
969 2698 1212 2765 καίτοιγε
1262 2697 1517 2751 οὐδέποτε
1568 2697 1667 2765 μὲν
1716 2696 1793 2758 ὡς
1835 2696 2038 2767 ἐχρῆν

463 2791 602 2861 πλὴν
630 2790 742 2843 ἀλλ’
772 2785 866 2843 οὖν
891 2788 995 2851 ἕως
1021 2790 1192 2843 ἐδόκει
1222 2790 1346 2858 ὑγιῆ
1372 2804 1495 2842 τινα
1519 2787 1699 2852 ποσῶς
1724 2788 1860 2858 πρὸς
1882 2787 2044 2840 αὑτὸν

463 2884 609 2953 ἔχειν
662 2883 760 2951 τὴν
803 2882 1020 2945 πίστιν,
1079 2880 1271 2943 στύλος
1320 2879 1490 2950 πυρὸς
1525 2881 1620 2933 καὶ
1649 2880 1846 2950 νεφέλη
1880 2879 2047 2933 αὑτοῦ

465 2976 779 3045 προηγεῖτο,
806 2972 1050 3027 θάλασσα
1090 2973 1145 3027 δὲ
1173 2971 1320 3043 αύτῷ
1358 2971 1655 3044 ὑπεχώρει,
1691 2974 1786 3027 καὶ
1840 2971 2049 3044 μυρίων

465 3066 638 3118 ἄλλων
666 3064 908 3117 ἀπέλαυε
950 3064 1269 3134 θαυμασίων
1295 3079 1311 3096 ο
1333 3065 1493 3118 ὁπότε
1524 3064 1582 3117 δὲ
1628 3065 1727 3135 τῆς
1754 3064 1890 3135 πρὸς
1916 3064 2049 3117 Θεὸν

468 3155 681 3218 εὐνοίας
709 3155 975 3223 ἀφίστατο
994 3196 1008 3218 ,
1046 3156 1169 3207 τότε
1202 3156 1296 3211 καὶ
1322 3157 1436 3217 τοῖς
1463 3156 1681 3225 ἐχθροῖς
1708 3155 2044 3226 παρεδίδοτο,

2218 2606 2313 2660 lx.
2367 2607 2523 2663 Sicut
2577 2610 2870 2673 lsraelitas,
2924 2609 3102 2678 quoad
3143 2609 3363 2679 quidem
3407 2610 3725 2666 ad‘Domini

2147 2695 2550 2767 beneplacitum
2577 2714 2634 2753 se
2666 2699 3082 2753 conformarunt
3110 2699 3233 2768 (etsi
3254 2716 3536 2769 nunquam
3557 2700 3610 2753 id
3646 2701 3728 2758 illi

2148 2803 2209 2843 ea
2233 2798 2674 2858 quaoportuerat
2704 2790 2986 2860 diligentia
3011 2789 3301 2855 fecerunt),
3330 2807 3519 2846 verum
3544 2807 3723 2861 quan-

2146 2876 2239 2931 diu
2271 2878 2464 2932 saltem
2492 2878 2546 2931 in
2575 2878 2813 2947 speciem
2840 2894 2970 2933 sana
3005 2879 3058 2935 in
3089 2894 3213 2934 eum
3237 2879 3344 2936 llde
3372 2896 3431 2936 se
3467 2883 3726 2951 praaditos

2147 2978 2428 3041 utcunque
2462 2969 2741 3039 operando
2772 2979 3170 3038 monstrarunt,
3206 2973 3460 3028 columna
3506 2974 3646 3044 ignis
3669 2984 3728 3031 et

2144 3063 2325 3118 nubes
2372 3063 2627 3134 praeibat,
2678 3079 2827 3118 mare
2878 3073 3061 3118 autem
3112 3064 3179 3119 iis
3225 3064 3362 3121 dans
3415 3068 3726 3123 transituris

2146 3155 2289 3210 viam
2335 3157 2664 3223 recedebat;
2695 3156 2907 3228 ipsique
2929 3155 3343 3228 innumerisque
3386 3159 3509 3213 aliis
3554 3159 3726 3228 adjuti

465 3249 560 3299 καὶ
600 3247 866 3309 δουλείαις
910 3249 1135 3317 πικραῖς
1174 3246 1589 3317 κατειργάζετο.
1626 3245 1784 3300 Οὕτω
1821 3264 1909 3316 μοι
1934 3245 2042 3300 νόει

2148 3248 2303 3304 miris
2334 3250 2602 3319 operibus
2620 3250 2775 3306 fuere
2799 3227 3054 3320 ;iquando
3068 3227 3303 3306 autema
3339 3251 3602 3307 ﬁdelitate
3614 3227 3727 3307 Deo

466 3342 561 3392 καὶ
593 3341 685 3393 ἐπὶ
713 3339 813 3408 τῆς
837 3339 1045 3409 ψυχῆς·
1094 3340 1128 3410 ἢ
1172 3338 1260 3393 διὰ
1292 3340 1391 3409 τῆς
1419 3339 1638 3409 χάριτος
1666 3340 1758 3391 τὸν
1779 3339 1914 3393 Θεὸν
1939 3340 2041 3392 ἑπ-

465 3431 630 3499 έγνω,
670 3432 762 3484 καὶ
790 3431 898 3484 ἀπὸ
931 3430 1117 3501 ρύπων
1150 3430 1249 3501 μὲν
1279 3429 1555 3501 ἐκαθάρθη
1588 3429 1800 3484 πολλῶν
1827 3430 1889 3483 τὸ
1911 3431 2046 3501 πρόφ

465 3541 661 3593 τερον,
715 3519 833 3576 εἶτα
881 3524 974 3577 καὶ
1018 3523 1257 3593 χαρίτων
1308 3522 1441 3591 ἁγία
1484 3522 1705 3591 γέγονε,
1741 3522 1840 3593 τὴν
1870 3539 2043 3594 προσ-

465 3616 705 3684 ήκουσαν
730 3616 785 3667 δὲ
812 3615 872 3667 ού
902 3614 1186 3682 φυλάξασα
1212 3614 1289 3683 τῷ
1310 3614 1547 3685 οὐρανίῳ
1568 3612 1722 3683 ἀνδρὶ
1749 3614 1837 3667 διὰ
1860 3614 2047 3678 τέλους

466 3706 699 3772 εὖνοιαν,
737 3706 962 3769 ἐξέπεσε
994 3707 1094 3775 τῆς
1127 3708 1272 3775 ζωῆς
1300 3700 1368 3777 ἦς
1403 3706 1628 3777 μέτοχος
1653 3706 1916 3775 ἐγεγόνει.
1947 3708 2049 3760 Δυ-

466 3798 626 3850 νατὸν
672 3797 783 3868 γὰρ
833 3797 911 3868 τῷ
955 3799 1316 3869 ἀντικειμένῳ
1350 3799 1445 3851 καὶ
1476 3798 1586 3851 τῶν
1618 3800 1698 3862 εἰς
1726 3799 1797 3852 τὰ
1824 3798 2048 3854 τοιαῦτα

468 3890 789 3957 φθασάντων
823 3890 1249 3960 κατεπαίρεσθαι
1287 3890 1481 3961 μέτρα.
1520 3890 1686 3945 ’Ὥστε
1713 3892 2046 3960 ἀγωνιστέον

466 3982 635 4049 ὁπόση
689 3980 957 4050 δύναμις,
1012 3984 1108 4035 καὶ
1161 3983 1299 4052 μετὰ
1345 3982 1510 4050 φόὸου
1558 3980 1655 4034 καὶ
1700 3982 1903 4053 τρόμου
1949 3985 2046 4051 τῆς

468 4067 674 4121 ἑαυτῶν
727 4067 871 4140 ζωῆς
919 4069 1278 4139 ἐπιμελητέον
1306 4112 1319 4135 ,
1381 4069 1616 4141 μάλιστα
1663 4073 1775 4134 τοῖς
1808 4072 1921 4125 ὅσοι
1952 4071 2046 4125 τοῦ

468 4158 786 4227 Ιινεύματος
835 4160 929 4213 τοῦ
975 4162 1211 4232 Χριστοῦ
1258 4163 1520 4231 γεγόνασι
1574 4164 1833 4234 μέτοχοι,
1888 4164 2049 4217 τοῦτο

468 4251 599 4319 μηδὲ
656 4252 850 4321 μικρὸν
906 4253 939 4323 ἢ
988 4253 1129 4321 μέγα
1177 4253 1243 4306 δι’
1278 4254 1574 4324 ὀλιγωρίαν
1622 4257 1814 4321 ποιεῖν,
1853 4255 1947 4309 καὶ
1978 4256 2047 4308 δι’

464 4342 597 4394 αὐτὸ
622 4343 781 4397 τοῦτο
810 4342 906 4396 τοῦ
944 4345 1150 4413 Κυρίου
1178 4345 1403 4417 Πνεῦμα
1438 4346 1651 4401 λυπεῖν.
1700 4348 1916 4418 Ὥσπερ
1940 4347 2047 4417 γὰρ

464 4433 625 4498 Χαρὰ
654 4434 876 4502 γίνεται
904 4434 975 4487 ἐν
996 4435 1076 4500 τῷ
1096 4435 1354 4503 οὐρανῷ,
1374 4436 1519 4491 καθά
1543 4440 1754 4508 φησινή
1774 4438 1959 4509 ’Δλὴθε
1970 4454 2043 4503 ια,

464 4521 563 4576 ἐπὶ
611 4522 699 4589 tiri
749 4524 1075 4591 ἁμαρτωλῷ
1107 4527 1540 4594 μετανοοῦντι·
1586 4527 1730 4581 οὕτω
1774 4529 1868 4580 καὶ
1901 4526 2045 4597 λύπη

2144 3343 2328 3399 debita
2360 3344 2699 3411 defecerunt,
2742 3353 2875 3401 tunc
2900 3357 2954 3400 et
2979 3345 3232 3402 hostibus
3266 3354 3397 3400 sunt
3446 3345 3638 3413 dediti,
3669 3355 3726 3402 et

2146 3434 2283 3490 diris
2306 3436 2666 3507 servitutibus
2693 3436 2870 3491 attriti
2927 3444 3075 3492 sunt.
3105 3436 3196 3491 Sic
3224 3446 3280 3491 et
3311 3446 3367 3492 tu
3403 3448 3618 3506 reputa,
3652 3436 3727 3491 si.

2146 3524 2299 3579 milia
2339 3526 2659 3596 contingere
2730 3526 2948 3591 animae,
3015 3535 3301 3596 postquam
3343 3541 3443 3595 per
3492 3526 3723 3595 gratiam

2146 3618 2321 3674 Deum
2356 3627 2685 3689 agnoverat;
2717 3626 3004 3689 postquam
3035 3634 3065 3673 a
3096 3618 3285 3673 multis
3334 3633 3431 3687 per
3466 3632 3591 3672 eum
3605 3633 3725 3672 sor—

2148 3711 2313 3766 dibus
2333 3710 2742 3775 fueratabluta,
2786 3709 3086 3781 gratiisque
3113 3719 3378 3780 praeterea
3416 3717 3720 3774 exornata;

2148 3817 2274 3857 cum
2343 3801 2506 3856 ﬁdem
2560 3800 2995 3869 charitatemque
3030 3807 3113 3855 tot
3138 3799 3456 3854 nominibus
3509 3797 3723 3855 debitas

2147 3894 2358 3951 caelesti
2390 3908 2491 3949 suo
2524 3907 2725 3962 sponso
2759 3892 2825 3947 ad
2859 3900 3164 3947 extremum
3212 3906 3325 3946 non
3354 3891 3669 3961 praestiterit
3704 3930 3722 3957 ,

2150 3994 2211 4038 ut
2230 3982 2446 4038 excidat
2477 3982 2607 4045 vita,
2636 3980 2794 4049 cujus
2812 3980 3086 4049 particeps
3105 3977 3449 4033 eratell‘ecta.
3471 3978 3550 4032 Eo
3574 3977 3723 4031 enim

2150 4092 2323 4145 usque
2344 4075 2616 4144 potestvis
2637 4073 2873 4127 exitialis
2889 4071 3101 4127 Satanae
3117 4071 3449 4141 pertingere,
3470 4082 3531 4125 ut
3552 4069 3721 4125 etiam

2148 4180 2245 4221 eos
2274 4164 2518 4234 dejiciat,
2564 4163 2657 4233 qui
2697 4162 2765 4217 ad
2805 4171 2914 4218 tam
2930 4160 3220 4216 sublimem
3252 4162 3415 4215 istum
3439 4159 3722 4229 dignitatis

2146 4256 2519 4311 ascenderunt
2554 4254 2786 4325 apicem.
2816 4253 3085 4319 Quocirca
3135 4250 3577 4306 contendendum
3609 4258 3723 4304 tota

2150 4348 2353 4403 virtute
2387 4358 2492 4412 est,
2518 4356 2579 4401 ut
2623 4362 2751 4402 cum
2790 4346 2988 4400 timore
3037 4352 3093 4400 et
3118 4352 3357 4399 tremore
3406 4341 3724 4412 invigiletur

2149 4439 2541 4496 conservandae
2572 4437 2846 4509 spirituali
2881 4438 3004 4491 vitae
3036 4453 3052 4505 ;
3097 4436 3163 4491 iis
3190 4436 3446 4501 maxime,
3476 4433 3569 4503 qui
3601 4431 3723 4502 Spi~

2149 4530 2287 4584 ritus
2329 4529 2535 4585 Christi
2565 4530 2859 4600 participes
2901 4537 3030 4583 sunt
3088 4527 3239 4583 facti.
3278 4527 3452 4594 Quam
3481 4525 3551 4580 ad
3606 4540 3722 4579 rem

465 4612 625 4665 πάλιν
669 4615 761 4679 ἐπὶ
807 4617 906 4685 μιᾷ
934 4615 1077 4686 ψυχῇ
1114 4620 1213 4686 τῆς
1243 4619 1461 4672 αἰωνίου
1493 4618 1639 4689 ζωῆς
1668 4619 2032 4691 έκπιπτούσῃ.

2148 4621 2445 4676 cavendum
2476 4622 2768 4693 diligenter
2804 4630 2909 4686 est,
2957 4636 3026 4676 ne
3075 4619 3209 4690 quid
3268 4620 3337 4675 ab
3388 4619 3457 4673 iis
3493 4630 3721 4687 parvum

463 4718 557 4762 aut
610 4725 867 4778 magnum
890 4713 1190 4767 oscitanter
1220 4714 1331 4779 ﬁat,
1397 4715 1542 4771 unde
1574 4715 1857 4786 contingat
1921 4716 2137 4771 Domini
2199 4716 2463 4788 Spiritum
2500 4718 2834 4773 contristari.
2901 4715 3375 4783 Quemadmodum
3399 4714 3546 4769 enim
3577 4712 3723 4768 Gau-

462 4800 603 4854 dium
657 4810 733 4855 est
778 4803 833 4855 in
862 4802 1009 4866 caelo,
1056 4813 1115 4858 ut
1166 4805 1382 4862 Veritas
1436 4813 1688 4873 testatur,
1757 4824 1913 4875 super
1969 4825 2073 4862 uno
2112 4821 2378 4880 peccatore
2426 4812 2784 4882 paenitentiam
2814 4816 2997 4881 agente
3028 4808 3073 4839 δ’
3110 4825 3126 4874 ;
3162 4809 3242 4863 sic
3291 4815 3348 4861 et
3392 4820 3597 4859 maeror
3640 4804 3723 4859 vi-

462 4892 646 4947 cissim
724 4907 890 4962 super
944 4910 1051 4948 una
1125 4896 1306 4950 anima
1365 4897 1655 4952 excidente
1710 4899 1779 4953 ab
1830 4906 2033 4954 aeterna
2070 4902 2202 4957 vita.

535 4987 588 5040 l'.
630 4988 801 5042 Ὅταν
852 4988 997 5059 ψυχὴ
1042 4992 1141 5059 τῆς
1184 4990 1405 5061 χάριτος
1451 4991 1794 5061 καταξιωθῇ,
1829 4992 1953 5046 τότε
1982 4993 2045 5064 δὴ

467 5079 562 5131 καὶ
611 5082 859 5151 χρήσιμα
905 5082 1076 5152 1ταύτῃ
1134 5083 1370 5151 μάλιστα
1415 5082 1640 5151 γνῶσις,
1680 5084 1917 5149 σύνεσις,
1953 5085 2047 5138 καὶ

463 5168 762 5239 διάκρισις*
804 5173 950 5243 άπερ
979 5174 1112 5241 γοῦν
1143 5174 1238 5228 καὶ
1266 5173 1404 5227 αὐτὰ
1433 5174 1564 5237 Θεὸς
1591 5175 1805 5231 δίδωσιν
1833 5177 2048 5248 ἐκείνης

470 5263 770 5333 αἰτούσης,
828 5267 967 5319 ὥστε
1019 5267 1329 5337 εὐαρέστως
1379 5268 1552 5339 αὐτὴν
1597 5268 1917 5339 διακονῆσαι
1969 5268 2048 5340 τῷ

465 5354 765 5425 Πνεύματι,
801 5357 830 5411 ὂ
860 5360 954 5412 καὶ
980 5359 1294 5430 κατηξιώθη
1321 5359 1529 5425 λαΰεῐν,
1565 5360 1640 5429 μὴ
1668 5361 2042 5432 κλεπτομένην

467 5446 570 5498 ὑπὸ
620 5447 817 5511 κακίας
839 5490 854 5515 ,
895 5451 967 5522 μὴ
1003 5452 1380 5521 σφαλλομένην
1410 5451 1477 5504 δι’
1507 5452 1819 5521 ἀγνωσίαν,
1862 5450 1952 5522 μὴ.
1966 5450 2043 5521 τῷ

467 5535 690 5604 ἀμελεῖν
721 5540 814 5591 καὶ
844 5542 1062 5609 ἀφόϐως
1092 5542 1191 5614 ζῇν
1225 5546 1741 5615 παρατρεπομένην,
1772 5543 1867 5598 καὶ
1895 5542 2045 5615 παρὰ

465 5627 527 5679 τὸ
553 5628 880 5685 Δεσποτικόν
909 5648 962 5684 τι
992 5634 1463 5708 διαπραττομένην
1488 5634 1719 5708 θέλημα.

540 5810 581 5839 δ’
607 5808 738 5864 Luc.
786 5826 868 5875 xv,
901 5809 980 5864 lO.

2214 4995 2282 5050 Χ.
2335 4997 2565 5064 Quando
2584 4997 2773 5069 gratiae
2800 4994 3174 5065 dignationem
3199 4989 3476 5060 acceperit
3517 4990 3717 5054 anima,

2144 5093 2278 5140 tunc
2314 5085 2365 5139 ei
2407 5087 2641 5140 maxime
2664 5086 2830 5140 utiles
2872 5092 3001 5138 sunt
3042 5081 3293 5142 scientia,
3327 5080 3616 5153 prudentia
3664 5089 3722 5133 et.

2145 5177 2432 5243 discretio;
2460 5193 2598 5247 quas
2635 5187 2925 5246 propterea
2960 5177 3105 5247 ipsas
3139 5192 3227 5231 res
3255 5176 3400 5231 Deus
3438 5176 3537 5242 illi,
3564 5174 3722 5228 dum-

2144 5269 2309 5325 modo
2353 5270 2615 5339 postulet,
2647 5268 2900 5338 largitur,
2939 5277 3001 5321 ut
3050 5268 3116 5321 ad
3174 5266 3577 5337 beneplacitum
3623 5278 3722 5332 per

2145 5360 2243 5415 bas
2264 5360 2439 5429 possit
2473 5360 2681 5413 servire
2705 5359 2958 5428 Spiritui,
2991 5359 3137 5428 quod
3162 5366 3224 5413 ut
3261 5358 3485 5423 laceret,
3514 5363 3597 5409 est
3640 5354 3719 5407 illi

2144 5466 2243 5521 per
2264 5450 2496 5520 gratiam
2539 5449 2839 5517 indultum;
2870 5449 2926 5504 in
2961 5464 3071 5519 quo
3117 5465 3312 5504 cavere
3352 5446 3585 5514 sollicite
3622 5444 3724 5498 do-

2148 5542 2259 5607 bet,
2278 5543 2439 5611 212
2470 5556 2539 5596 ne
2568 5542 2647 5595 illi
2692 5542 2953 5611 subrepat
2983 5540 3251 5596 insidians
3280 5540 3462 5593 innata
3488 5538 3717 5601 malitia,

2150 5648 2219 5688 ne
2259 5632 2476 5688 labatur
2502 5647 2600 5701 per
2633 5633 3033 5704 ignorantiam;
3069 5646 3138 5686 ne
3170 5629 3395 5696 idcirco,
3427 5627 3574 5699 quod
3626 5642 3721 5682 ne-
