4020 6436
348 400 454 463 9ί3

1586 397 1648 455 S.
1688 395 1883 454 MACA
1894 395 2003 453 RII
2047 395 2368 459 JEGYPTII

3497 393 3606 461 9M

350 513 621 581 giigenter
659 519 715 564 et
747 509 868 565 sine
939 508 1132 564 timore
1183 508 1348 569 vivat,
1400 514 1746 575 pervcrtatur
1811 501 1879 555 ad
1944 502 2151 572 aliquid
2207 505 2499 575 agendum,
2549 507 2695 577 quod
2749 507 2966 565 Domini
3002 510 3270 567 voluntati
3316 525 3429 566 non
3465 524 3605 564 con-

347 612 528 672 μυξη.

424 693 512 748 XI.
542 693 700 748 Sicut
728 690 979 762 operatio
1003 691 1322 755 aﬂ'ectuum,
1345 702 1466 758 qua:
1493 694 1579 741 est
1596 684 1822 754 spiritus
1840 697 1930 736 er-

2104 681 2205 735 lA’.
2245 683 2457 755 ’Ὥσπερ
2489 686 2524 756 ἡ
2556 685 2807 756 ἐνέργεια
2838 686 2949 741 τῶν
2980 688 3196 753 παθῶν,
3232 690 3367 758 ὅπερ
3401 687 3517 740 ἐστὶ
3542 685 3605 738 τὸ

348 788 514 849 raris,
558 784 911 839 tenebrarum
950 795 1008 841 et
1054 783 1265 855 peccati
1311 780 1575 835 mundum
1620 777 1768 830 hunc
1813 774 1932 828 ani-

351 889 524 939 mans,
568 875 623 928 in
649 889 718 929 eo
748 873 1088 930 domicilium
1123 874 1336 928 obtinet
1370 872 1613 934 homine,
1673 866 1770 938 qui
1812 866 1932 936 ple-

348 982 460 1021 nus
502 974 683 1037 turget
734 966 956 1022 dictatis
998 965 1279 1036 sapientia:
1320 962 1556 1019 carnalis
1587 978 1603 1027 ;
1637 961 1712 1015 ita
1740 976 1771 1015 e
1802 973 1934 1013 con-

348 1058 540 1121 trario,
568 1058 653 1112 vis
699 1066 755 1112 et
800 1057 1051 1127 operatio
1095 1056 1265 1110 lucidi
1325 1054 1569 1123 Spiritus
1617 1052 1672 1105 in
1706 1050 1930 1105 homine

349 1146 689 1201 sanctiticato
720 1146 973 1211 habitat;
1005 1147 1160 1217 juxta
1211 1145 1485 1198 dicentem
1520 1160 1532 1194 :
1587 1141 1670 1194 Αη
1700 1142 1879 1211 experi
1901 1169 1928 1181 -

349 1245 584 1290 mentum
608 1238 844 1307 quan-itis
872 1238 1004 1307 ejus,
1033 1238 1123 1308 qui
1153 1238 1207 1289 in
1234 1252 1315 1289 me
1338 1235 1589 1305 loquitur,
1628 1232 1822 1287 Christi
1843 1232 1887 1264 "
1910 1233 1933 1286 ?

349 1328 419 1383 Ει
456 1344 650 1383 rursus
705 1346 719 1383 :
765 1330 886 1385 Vivo
929 1338 1102 1382 autem
1138 1329 1257 1397 jam
1303 1344 1407 1381 non
1453 1342 1544 1395 ego
1575 1342 1593 1379 :
1634 1326 1762 1379 vivit
1814 1341 1932 1378 vero

348 1421 405 1475 in
435 1438 519 1475 me
546 1421 780 1476 Christus
798 1422 864 1477 “.
888 1424 955 1477 Et
990 1439 1005 1475 :
1041 1420 1344 1492 Quicunque
1373 1422 1428 1474 in
1450 1420 1658 1476 Christo
1678 1420 1932 1490 baptizuti

350 1515 494 1578 estis,
521 1513 786 1569 Christum
811 1515 1057 1569 induistis
1092 1515 1159 1568 ".
1188 1514 1255 1569 Et
1287 1511 1553 1567 Dominus
1578 1529 1593 1565 :
1661 1511 1933 1565 Veniamus

352 1619 445 1675 ego
470 1616 516 1657 et
547 1604 714 1659 Pater
743 1620 909 1669 meus,
927 1614 975 1659 et
999 1606 1323 1659 mansionem
1348 1603 1491 1673 apud
1515 1619 1634 1655 eum
1657 1603 1929 1673 faciemus.

351 1695 476 1750 llaec
506 1712 615 1752 non
640 1696 896 1761 obscure,
924 1712 1103 1766 neque
1133 1696 1329 1761 otiose,
1374 1696 1471 1751 sed
1517 1696 1573 1749 in
1612 1695 1819 1748 virtute
1877 1703 1933 1750 et

351 1789 583 1844 veritate
624 1790 713 1857 iis,
749 1790 844 1859 qui
895 1790 1044 1861 digni
1071 1790 1367 1856 habentur,
1402 1790 1610 1845 insunt.
1643 1788 1757 1843 Lex
1784 1788 1933 1845 enim

351 1880 506 1948 prius
533 1895 787 1935 sermone
813 1890 1036 1949 experte
1063 1881 1384 1939 substantiae
1420 1882 1725 1937 instruebat
1749 1881 1930 1936 homi-

353 1985 470 2035 nes,
495 1985 658 2040 grave
685 1970 820 2040 ipsis
850 1978 907 2024 et
951 1971 1302 2040 importabile
1357 1972 1647 2042 imponens
1683 1974 1876 2043 jugum
1912 2012 1927 2035 ,

350 2070 408 2114 ct
434 2060 647 2115 nullum
681 2060 869 2114 valens
896 2060 1178 2131 porrigere
1221 2061 1525 2129 auxilium;
1559 2078 1627 2118 ex
1671 2078 1737 2117 eo
1780 2062 1925 2132 quod

354 2164 466 2203 non
521 2156 707 2218 posset
736 2149 1001 2204 virtutem
1054 2150 1296 2221 Spiritus
1330 2152 1601 2207 conferre.
1645 2152 1801 2208 Sicut
1853 2153 1931 2207 ait

352 2239 594 2293 Paulus:
639 2238 781 2293 Nam
813 2241 952 2310 quod
973 2242 1291 2312 impossibile
1314 2253 1430 2298 erat
1462 2244 1594 2315 legi,
1622 2245 1677 2297 in
1714 2260 1816 2314 quo
1846 2245 1930 2297 in-

350 2329 671 2396 ﬁrmabatur
687 2346 780 2401 per
809 2347 1025 2385 carnem
1054 2331 1120 2396 ⁸⁷,
1171 2342 1281 2387 etc.
1310 2333 1394 2388 Ab
1443 2334 1684 2387 adventu
1742 2342 1926 2388 autem

351 2420 557 2475 Christi
588 2422 793 2476 ostium
822 2422 1011 2493 gratim
1034 2422 1394 2478 credentibus
1423 2423 1480 2477 in
1500 2425 1734 2480 veritate
1766 2441 1927 2496 aper-

352 2520 465 2564 tum
498 2500 853 2582 estiDeique
875 2504 1052 2567 virtus
1100 2520 1157 2567 et
1218 2514 1467 2583 operatio
1517 2514 1756 2585 Spiritus
1794 2517 1927 2587 ipsis

351 2600 753 2670 suppeditatur.

418 2777 535 2834 XII.
562 2780 855 2852 Postquam
878 2782 1155 2849 Christus,
1196 2785 1371 2856 prima
1397 2796 1453 2842 et
1470 2789 1738 2843 naturalis
1770 2789 1928 2843 boni-

350 2879 456 2933 tas,
489 2869 696 2925 donum
720 2873 961 2943 Spiritus
999 2876 1204 2932 divinis
1256 2878 1559 2933 transmisit
1600 2879 1924 2950 discipulis;

348 2962 546 3019 exinde
565 2965 919 3023 credentibus
942 2967 1129 3023 divina
1166 2969 1255 3024 illa
1288 2971 1467 3026 virtus
1487 2971 1847 3035 obumbrans,
1872 2981 1928 3027 et

347 3069 536 3108 eorum
562 3056 874 3113 inhabitans
902 3059 1134 3125 animas,
1180 3061 1435 3116 medetur
1460 3062 1682 3131 quidem
1715 3064 1928 3133 passio-

350 3145 517 3199 nibus
537 3148 771 3217 peccati,
803 3150 1050 3205 tenebris
1079 3161 1264 3206 autem
1293 3161 1351 3207 et
1384 3161 1562 3208 morte
1598 3155 1747 3225 ipsos
1787 3156 1926 3210 libe-

348 3244 455 3289 rat.
486 3236 727 3291 Eatenus
756 3239 960 3309 quippe
979 3247 1036 3294 et
1069 3242 1350 3296 vulnerata
1390 3252 1445 3298 et
1478 3259 1701 3299 carcere
1742 3244 1924 3301 clausa

2031 770 2324 842 ὲγκόσμιον
2370 773 2585 845 πνεῦμα
2635 775 2734 845 τῆς
2779 776 3028 847 πλάνης,
3083 778 3177 831 τοῦ
3227 779 3453 839 σκότους
3504 777 3607 845 τῆς

2033 864 2327 934 ἁμαρτίας,
2370 865 2640 937 ἀνθρώπῳ
2665 866 2895 938 τοιούτῳ
2928 868 2993 923 ἂν
3024 870 3374 940 ὲνοικήσειεν.
3405 868 3463 931 ὃς
3490 868 3603 923 διά,

2031 954 2210 1017 πλεώς
2230 958 2348 1009 ἐστι
2370 958 2719 1028 φρονήματος
2744 961 3031 1033 σαρκικοῦ·
3063 960 3206 1014 οὕτω
3228 961 3386 1014 πάλιν
3408 962 3440 1030 ἡ
3462 962 3598 1031 ἐνέρ.

2029 1048 2155 1116 γειά
2183 1066 2240 1102 τε
2274 1049 2369 1102 καὶ
2391 1050 2618 1121 δύναμις
2641 1050 2737 1105 τοῦ
2766 1052 3025 1122 φωτεινοῦ
3055 1054 3370 1123 Πνεύματος
3396 1053 3605 1122 ἀνθρώι-

2032 1156 2119 1209 πῳ
2153 1142 2229 1207 τῷ
2255 1141 2571 1208 ἀγιασθέντι
2602 1144 2936 1211 ὲγκατοικεῖ,
2974 1146 3116 1199 κατὰ
3140 1146 3229 1198 τὶν
3255 1145 3497 1198 εἰπόντα·
3535 1147 3605 1198 Ei

2030 1230 2287 1299 δοκιμὴν
2310 1231 2528 1298 ζητεῖτε
2554 1234 2661 1288 τοῦ
2683 1236 2755 1288 ἐν
2788 1235 2922 1304 ἐμοῖ
2960 1236 3298 1302 ,λαλοῦντος
3321 1236 3604 1303 Χριστοῦ;

2030 1321 2124 1374 καὶ
2150 1317 2337 1384 αὖθις·
2372 1322 2465 1376 Ζῶ
2486 1322 2555 1375 δὲ
2584 1325 2694 1376 οὐκ
2720 1325 2808 1378 ἔτι
2829 1325 2962 1394 ἐγὼ,
2997 1323 3064 1393 ζῇ
3098 1324 3167 1378 δὲ
3198 1325 3268 1379 ἐν
3299 1325 3425 1395 ἐμοὶ
3462 1328 3602 1392 Χρι-

2029 1416 2176 1482 στός
2201 1428 2216 1444 ³
2272 1419 2365 1469 καὶ
2387 1459 2403 1481 ,
2439 1417 2605 1469 Ὅσοι
2651 1415 2721 1469 δὲ
2763 1420 2850 1483 εὶς
2885 1418 3144 1486 Χριστὸν
3186 1419 3600 1483 ἐϐαπτίσθητε,

2028 1507 2287 1574 Χριστὸν
2317 1507 2720 1563 ἐνεδύσασθε’
2760 1509 2854 1561 καὶ
2886 1510 2914 1561 ὁ
2946 1510 3168 1580 Κύριος·
3205 1510 3603 1576 Ἐλευσόμεΰα

2028 1597 2143 1667 ἐγώ
2169 1615 2234 1652 τε
2280 1598 2378 1652 καί
2410 1601 2443 1653 ὁ
2474 1598 2673 1666 Πατήρ
2698 1617 2818 1668 μου
2844 1641 2858 1665 ,
2912 1601 3009 1653 καὶ
3046 1598 3249 1669 μονὴν
3283 1599 3418 1665 παρ’
3444 1596 3605 1661 αήτῷ

2031 1690 2385 1758 ποιήσομεν.
2441 1690 2627 1745 Ταῦτα
2672 1693 2773 1746 οὐκ
2817 1693 3063 1761 ἀδήλως,
3113 1690 3221 1743 οὐδ’
3264 1688 3599 1757 ἁνεργήτως,

2031 1780 2147 1832 ἀλλ’
2200 1781 2260 1833 ὲν
2305 1781 2534 1852 δυνάμει
2585 1784 2680 1837 καὶ
2728 1782 2956 1853 ἀληθείᾳ
3004 1784 3117 1842 τοῖς
3162 1779 3607 1849 καταξιουμένοις

2032 1870 2328 1937 ἐγγίνεται.
2373 1871 2432 1923 '0
2483 1871 2582 1941 μὲν
2622 1872 2730 1943 γὰρ
2762 1873 2923 1941 νόμος
2964 1872 3024 1925 τὸ
3050 1871 3313 1940 πρότερον
3341 1870 3482 1939 λόγῳ
3511 1871 3605 1921 ἀν-

2033 1962 2322 2032 υποστάτῳ
2352 1962 2656 2033 ἐπέστρεφε
2686 1963 2809 2026 τοῦς
2836 1963 3155 2033 ἀνθρώπους
3173 2002 3188 2027 ,
3226 1961 3393 2032 βαρὺν
3422 1962 3606 2022 αὐτοῖς

2031 2050 2127 2104 καὶ
2156 2051 2495 2123 δυτφδρητον
2520 2053 2780 2117 ἐπιτιθεὶς
2824 2054 2914 2105 τὸν
2944 2052 3106 2121 ζυγὸν
3132 2092 3147 2117 ,
3198 2053 3290 2105 καὶ
3334 2051 3607 2121 μηδεμίαν

2029 2141 2185 2205 εἰδὼς
2208 2142 2419 2213 ὀρέγειν
2445 2142 2716 2214 βοήθειαν,
2746 2144 2901 2197 τοῦτο
2927 2143 2983 2196 δὲ
3010 2142 3162 2215 παρὰ
3183 2142 3243 2196 τὸ
3268 2143 3341 2212 μὴ
3364 2142 3604 2203 δυνατῶς

2029 2233 2172 2303 ἔχειν
2202 2235 2301 2305 τὴν
2330 2234 2424 2289 τοῦ
2455 2235 2771 2305 Πνεύματος
2797 2235 3023 2304 δύναμιν
3053 2236 3310 2304 παρέχειν
3330 2250 3345 2269 ’
3391 2233 3461 2287 Τὸ
3490 2234 3602 2301 γὰρ

2027 2324 2352 2390 ἀδύνατον,
2382 2326 2537 2396 φησὶ,
2570 2326 2679 2380 τοῦ
2704 2327 2892 2395 νόμου
2926 2326 2996 2379 ἐν
3021 2318 3069 2392 ᾧ
3094 2324 3337 2392 ἠσθένει
3364 2323 3460 2377 διὰ
3492 2323 3602 2391 τῆς

2027 2417 2253 2486 σαρκὸς
2272 2457 2287 2483 ,
2326 2418 2420 2471 καὶ
2449 2418 2597 2489 ἑξῆς.
2638 2417 2772 2471 Ἀπὸ
2802 2417 2859 2470 δὲ
2885 2417 2984 2484 τῆς
3008 2414 3242 2486 Χριστοῦ
3274 2415 3599 2483 παρουσίας,

2027 2513 2060 2583 ή
2098 2510 2239 2581 θύρα
2289 2512 2388 2582 τῆς
2422 2512 2646 2582 χάριτος
2677 2513 2791 2574 τοῖς
2824 2513 2881 2563 ὲν
2913 2510 3141 2580 ἀληθείᾳ
3171 2502 3493 2562 πιστεύσασι
3524 2507 3606 2560 δι-

2029 2600 2255 2672 ηνοίχθη
2287 2643 2302 2669 ,
2356 2601 2586 2672 δύναμίς
2614 2619 2674 2655 τε
2706 2600 2842 2654 Θεοῦ
2891 2601 2984 2654 καὶ
3013 2600 3262 2670 ἐνέργεια
3290 2597 3602 2669 Πνεύματος

2027 2696 2213 2758 αὐτοῖς
2242 2696 2582 2765 χορηγεῖται.
3569 2728 3575 2733 -

2100 2784 2197 2838 IB'.
2251 2783 2527 2855 Χριστοῦ,
2575 2784 2677 2852 τῆς
2716 2783 2940 2853 πρώτης
2986 2781 3078 2835 καὶ
3125 2781 3359 2851 φυσικῆς
3400 2780 3601 2848 ἀγαθό-

2027 2889 2209 2942 τητος,
2239 2873 2338 2943 τὴν
2362 2870 2569 2943 δωρεὰν
2597 2870 2689 2924 τοῦ
2712 2870 3023 2941 Πνεῦματος
3050 2873 3161 2934 τοῖς
3184 2869 3349 2935 θείοις
3371 2870 3601 2937 διαπέμ-

2027 2962 2228 3032 ψαντος
2283 2960 2583 3030 μαθηταῖς,
2640 2958 2848 3011 ἐκεῖθεν
2898 2959 3070 3011 ἅπασι
3111 2958 3224 3020 τοῖς
3255 2955 3601 3009 πιστεύουσιν

2028 3057 2062 3125 ἠ
2094 3054 2214 3107 θεία
2241 3053 2475 3123 δύναμις
2506 3052 2687 3120 ἐκείνη
2718 3048 3144 3113 ἐπισκιάζουσα,
3180 3048 3274 3101 καὶ
3307 3049 3426 3105 ταῖς
3455 3047 3600 3099 ὲκεί-

2028 3162 2135 3199 νων
2167 3142 2563 3212 ὲγκατοικοῦσα
2594 3142 2790 3212 ψυχαῖς
2815 3182 2829 3206 ,
2873 3142 2990 3193 ίᾶτο
3023 3140 3123 3211 μὲν
3151 3139 3260 3193 τῶν
3287 3138 3475 3191 παθῶν
3501 3138 3599 3206 τῆς

2029 3234 2325 3305 ἁμαρτίας,
2358 3232 2452 3286 τοῦ
2480 3232 2706 3294 σκότους
2733 3230 2791 3284 δὲ
2820 3230 2913 3284 καὶ
2942 3231 3038 3299 τῆς
3063 3226 3379 3299 νεκρώσεως
3406 3226 3597 3286 αὐτοὺς

349 3332 469 3380 erat
506 3326 726 3383 anima.
762 3337 819 3382 et
861 3329 1093 3398 caligine
1131 3333 1340 3401 peccati
1372 3334 1620 3404 undique
1674 3350 1927 3406 compre-

2032 3327 2341 3399 ἀπήλλαττε
2367 3341 2383 3358 ⁶
2437 3324 2530 3378 καὶ
2576 3325 2684 3394 γὰρ
2743 3323 2903 3393 μέχρι
2936 3321 3056 3375 τότε
3085 3317 3510 3393 τετραυμάτιστό
3534 3331 3589 3366 τε

350 3416 539 3472 hensa.
576 3419 825 3488 Denique
868 3436 1017 3476 nunc
1048 3437 1269 3492 quoque
1303 3423 1485 3477 anima
1535 3425 1781 3480 nondum
1798 3443 1924 3498 gra-

351 3509 485 3564 tiam
503 3511 695 3567 sortita
716 3512 1116 3569 inhabitantem
1151 3517 1208 3571 in
1239 3532 1298 3572 se
1326 3516 1619 3573 Dominum
1651 3520 1927 3588 habendi;

351 3618 453 3657 nec
476 3604 530 3657 iu
562 3619 622 3659 se
647 3605 838 3661 intime
860 3608 1136 3664 sentiendi
1161 3609 1548 3666 informantem
1564 3614 1929 3671 animantem-

348 3711 457 3766 que
488 3712 629 3763 sese,
663 3714 726 3753 ac
756 3700 979 3770 penitus
1006 3701 1395 3758 fecundantem
1429 3707 1579 3760 omni
1608 3710 1929 3777 operatione

349 3788 606 3844 virtutem
636 3790 873 3861 Spiritus
905 3792 1100 3859 divini,
1127 3794 1183 3849 in
1206 3795 1449 3851 tenebris
1470 3797 1654 3853 adhuc
1676 3810 1780 3855 est.
1799 3800 1930 3866 Qui-

351 3880 455 3935 bus
477 3890 660 3937 autem
686 3882 858 3937 divini
892 3884 1132 3954 Spiritus
1154 3888 1475 3957 supervenit
1506 3890 1700 3960 gratia,
1726 3900 1783 3946 et
1806 3892 1932 3947 imis

351 3976 550 4030 mentis
580 3977 824 4045 ipsorum
856 3980 1229 4047 penetralibus
1260 3981 1462 4037 insedit
1488 4000 1503 4050 ;
1528 3984 1615 4039 his
1662 4000 1793 4041 sane
1825 3986 1933 4042 Do-

352 4069 535 4122 minus
567 4070 687 4124 vice
718 4070 917 4125 animae
942 4079 1047 4126 est.
1104 4071 1212 4136 Qui
1243 4075 1381 4128 enim
1406 4075 1637 4130 adhwret
1664 4075 1772 4131 Deo
1820 4078 1930 4147 (di-

351 4162 512 4215 vinus
543 4162 619 4216 ait
646 4163 982 4231 Apostolus),
1016 4165 1072 4217 in
1104 4181 1269 4219 unum
1294 4183 1413 4220 cum
1432 4184 1489 4220 eo
1506 4168 1759 4235 coalescet
1786 4169 1932 4237 ,Spi-

352 4253 511 4305 ritum
532 4253 595 4305 ⁵⁸.
620 4252 690 4306 Ει
727 4253 844 4322 ipse
868 4254 1153 4319 Dominus,
1188 4253 1333 4309 Sicut
1353 4264 1428 4324 tu,
1458 4257 1637 4326 Pater,
1661 4261 1717 4313 in
1747 4276 1848 4327 me,
1884 4270 1933 4315 et

352 4362 446 4414 rgo
474 4346 530 4398 in
562 4353 629 4409 te,
661 4347 737 4399 ita
762 4354 810 4398 et
840 4348 942 4417 ipsi
967 4349 1021 4400 in
1041 4348 1185 4402 nobis
1215 4365 1377 4403 unum
1410 4349 1518 4404 sint
1543 4350 1607 4408 ".
1639 4351 1684 4407 0
1712 4353 1933 4409 bonita-

358 4448 469 4490 tem
497 4444 553 4490 et
577 4436 952 4507 dignationem
984 4438 1254 4494 indultam
1298 4449 1512 4495 tantum
1558 4443 1833 4513 depressae
1900 4460 1930 4501 a

359 4526 565 4581 malitia
622 4528 906 4583 hominum
968 4532 1212 4585 naturae!
1258 4530 1533 4585 Caeterum
1584 4534 1665 4587 uti
1711 4534 1931 4604 quando

356 4610 615 4678 pravitati
643 4612 903 4666 vitiorum
934 4613 1271 4677 adhaerebat,
1303 4614 1505 4680 anima,
1549 4632 1716 4671 unum
1758 4618 1931 4672 idem—

2031 3421 2126 3474 xal.
2159 3418 2537 3487 πεφυλάκιστο
2570 3419 2605 3487 ἡ
2633 3415 2779 3487 ψυχὴ
2806 3416 2899 3469 καὶ
2925 3415 3005 3483 τῷ
3029 3413 3176 3483 ζόφῳ
3205 3413 3304 3481 τῆς
3331 3408 3583 3481 ἁμαρτίας

2030 3513 2256 3581 κάτοχος
2299 3506 2389 3582 ἦν.
2449 3508 2668 3578 Ἀμέλει
2716 3508 2810 3560 καὶ
2847 3505 2944 3560 νῦν
2970 3506 3115 3576 ψυχὴ
3161 3505 3327 3575 μήπω
3354 3500 3583 3555 σύνοικον

2030 3603 2175 3673 ἔχειν
2227 3601 2518 3666 ἀξιωθεῖσα
2568 3599 2661 3653 τὸν
2703 3599 2939 3669 Κύριον,
2982 3598 3114 3669 μηδὲ
3145 3598 3247 3668 τὴν
3273 3596 3364 3650 τοῦ
3394 3592 3586 3663 ἀγαθοῦ

2030 3693 2347 3764 Πνεύματος
2380 3692 2609 3763 δύναμιν
2638 3690 3009 3764 ὲνεργητικῶς
3038 3691 3173 3760 αὐτῇ
3209 3690 3302 3743 καὶ
3330 3687 3471 3743 κατὰ
3496 3688 3595 3739 πᾶ-

2032 3805 2131 3841 σαν
2163 3788 2392 3857 δύναμιν
2421 3786 2515 3840 καὶ
2541 3784 2914 3856 πληροφορίαν
2944 3781 3417 3853 ἑπισκηνώσασαν,
3442 3783 3499 3833 ὲν
3524 3777 3601 3847 τῷ

2033 3880 2215 3933 σκότει
2245 3878 2411 3933 ἐστίν·
2443 3872 2525 3942 οἷς
2553 3877 2609 3931 δὲ
2638 3875 2733 3929 τοῦ
2763 3876 2908 3929 θείου
2936 3874 3251 3944 Πνεύματος
3278 3872 3600 3941 ὲπεφοίτησε

2032 3970 2191 4041 χάρις
2215 4011 2230 4036 ,
2264 3970 2361 4023 καὶ
2389 3971 2501 4032 τοῖς
2530 3967 2850 4039 βαθυτάτοις
2881 3964 2978 4020 τοῦ
3021 3965 3140 4029 νοὸς
3181 3963 3361 4018 αὐτῶν
3405 3964 3601 4029 ἐγκατ-

2032 4062 2249 4134 ᾠκησε,
2283 4062 2491 4124 τούτοις
2537 4059 2602 4130 δὴ
2644 4059 2737 4112 καὶ
2780 4061 2809 4111 ὁ
2850 4056 3054 4128 Κύριος
3078 4057 3152 4119 ὡς
3185 4054 3328 4126 ψυχὴ
3360 4054 3599 4123 γίνεται·

2047 4155 2109 4207 '0
2138 4155 2248 4222 γὰρ
2280 4150 2658 4221 κολλώμενος
2684 4149 2763 4215 τῷ
2783 4149 2994 4217 Κυρίῳ,
3030 4150 3060 4201 ὁ
3083 4149 3223 4211 θεῖός
3251 4162 3415 4217 φησιν
3450 4145 3604 4199 Ἀπό·

2036 4247 2247 4309 στολος,
2300 4247 2389 4310 εις
2416 4242 2487 4297 ἓν
2516 4243 2751 4311 πνεῦμα
2780 4242 2951 4295 ἔσται
2977 4257 2991 4270 ο
3040 4242 3134 4294 καὶ
3166 4239 3328 4303 αὐτὸς
3353 4237 3411 4291 δὲ
3436 4240 3464 4291 ὁ
3489 4236 3602 4290 Κύ-

2035 4351 2169 4409 ριοςσ
2204 4338 2433 4405 Ὠσπερ
2456 4335 2573 4402 ἐγὼ
2608 4333 2706 4387 καί
2735 4332 2817 4386 σὺ
2853 4333 2922 4386 ἕν
2941 4332 3149 4401 ἐσμεν,
3183 4332 3283 4385 ἵνα
3310 4329 3410 4384 καὶ
3442 4324 3605 4384 οὗτοι

2031 4429 2101 4482 ἐν
2143 4427 2290 4497 ἡμῖν
2337 4426 2408 4481 ἒν
2448 4423 2619 4482 ὦσιν.
2658 4426 2723 4478 Ὦ
2754 4423 3089 4496 ἀγαθότητος
3127 4424 3222 4477 καὶ
3251 4422 3493 4484 εὐδοκίας
3538 4416 3603 4491 ἧς

2031 4518 2221 4588 ἔτυχεν
2273 4519 2306 4588 ἡ
2357 4516 2502 4570 οὕτω
2543 4515 2681 4586 πρὸς
2711 4514 2810 4584 τῆς
2842 4515 3038 4577 κακίας
3072 4514 3469 4567 ταπεινωθεῖσα
3497 4512 3603 4565 τῶν

2032 4608 2337 4678 ἀνθρώπων
2383 4607 2545 4676 φύσις
2569 4609 2582 4660 ί
2640 4607 2787 4677 Πλὴν
2827 4606 2941 4659 ἀλλ’
2971 4606 3094 4658 ἐπεὶ
3122 4605 3213 4658 καὶ
3241 4608 3307 4674 τῇ
3336 4604 3607 4675 μοχθηρίᾳ

354 4718 461 4769 que
503 4704 659 4773 quasi
687 4719 811 4758 cum
846 4703 981 4772 ipsis
1023 4713 1175 4769 erat;
1211 4713 1268 4759 et
1312 4721 1624 4775 quanquam
1651 4709 1927 4778 propriam

2034 4701 2146 4754 τῶν
2190 4700 2381 4754 παθῶν
2430 4701 2463 4771 ή
2509 4699 2654 4771 ψυχὴ
2706 4698 2937 4752 συνοῦσα
2966 4698 3024 4751 ἓν
3061 4698 3250 4768 ὥσπερ
3292 4696 3408 4766 μετ’
3441 4695 3604 4763 αὐτῆς

358 4789 596 4858 habebat
628 4793 990 4856 voluntatem,
1026 4800 1212 4846 tamen
1227 4793 1376 4861 quod
1408 4793 1485 4847 illi
1542 4795 1787 4863 iubebat,
1828 4813 1930 4851 ne-

357 4882 548 4950 quibat
594 4881 797 4938 facere.
830 4882 983 4949 Quod
1000 4891 1057 4938 et
1088 4882 1290 4939 Paulus
1312 4883 1383 4939 de
1413 4900 1471 4939 se
1503 4887 1608 4940 ait:
1653 4886 1768 4940 Non
1795 4889 1932 4942 enim

361 4971 501 5038 quod
526 4972 641 5025 uoto
664 4974 759 5025 hoc
808 4972 949 5033 facio
982 4973 1026 5004 ⁵ο
1057 4989 1072 5039 ;
1128 4982 1338 5043 quanto
1358 4973 1553 5043 utique
1599 4974 1774 5045 magis
1835 4976 1931 5030 Dei

358 5063 561 5117 virtute
591 5078 714 5119 cum
739 5063 1077 5120 sanctiﬁcata
1137 5073 1195 5119 et
1249 5065 1414 5136 digna
1467 5082 1534 5121 eo
1573 5066 1716 5121 facta
1749 5068 1931 5123 anima

360 5153 751 5218 conveniente,
797 5155 851 5207 in
903 5171 1067 5210 unam
1116 5156 1207 5211 illa
1249 5172 1375 5211 cum
1434 5157 1545 5211 Deo
1590 5159 1930 5214 voluntatem

358 5235 513 5288 erit?
540 5235 628 5291 Fit
652 5232 800 5290 enim
835 5239 1015 5293 anima
1054 5249 1187 5294 tunc
1236 5256 1369 5295 vere
1401 5244 1557 5309 quasi
1605 5242 1785 5296 anima
1813 5244 1932 5305 Dei,

360 5342 461 5396 per
499 5333 602 5384 hoc
624 5329 769 5398 quod
799 5340 1012 5398 sponte,
1074 5340 1131 5385 et
1152 5347 1220 5386 ex
1262 5332 1547 5402 proposito
1594 5335 1804 5404 regenti
1873 5353 1932 5390 sc

362 5419 639 5482 submittit
659 5423 789 5479 boni
813 5422 1053 5492 Spiritus
1103 5424 1322 5488 virtuti;
1356 5431 1412 5478 et
1445 5440 1542 5493 per
1569 5428 1804 5496 propria‘
1833 5444 1930 5481 vo-

298 5524 311 5569 .”
365 5513 593 5571 mutatis
636 5514 754 5575 vias
820 5530 931 5567 non
984 5512 1220 5584 amplius
1295 5515 1559 5569 ambulat.
1587 5514 1718 5580 Quis
1792 5519 1935 5572 enim

435 5733 478 5762 ⁸³
509 5735 567 5810 ll_
602 5736 729 5810 flor.
753 5754 859 5802 χιιι,
891 5739 969 5810 5.-
991 5738 1065 5810 _""
1089 5738 1210 5810 Gal.
1240 5750 1298 5799 tt,
1345 5738 1433 5792 90.
1511 5739 1555 5771 ’⁸⁸
1592 5740 1709 5796 Gal.
1742 5757 1823 5810 tu,
1858 5740 1946 5799 27.

367 5800 453 5857 l'i.
529 5805 751 5860 "Joau.
792 5800 1032 5873 xvu,?.l.
1111 5809 1155 5841 5°
1189 5809 1345 5863 Rom.
1376 5824 1491 5875 νιιι,
1533 5811 1615 5867 l9.

2037 4791 2106 4866 ἦν
2134 4836 2149 4861 ,
2206 4793 2309 4847 κᾶν
2360 4794 2490 4855 ἴδιος
2534 4788 2649 4863 εἶχε
2694 4792 2940 4861 θέλημα,
2986 4792 3124 4844 ἀλλὰ
3162 4791 3223 4844 τὸ
3252 4790 3442 4844 δοκοῦν
3471 4790 3604 4859 αὐτῇ

2041 4885 2213 4937 ποιεῖν
2263 4882 2364 4935 οὐκ
2406 4880 2648 4934 ἐδύνατο.
2684 4882 2747 4933 Ὃ
2780 4881 2876 4935 καὶ
2909 4879 3121 4942 Παῦλός
3150 4893 3347 4948 φησιν’
3388 4878 3469 4929 Οὐ
3498 4875 3606 4943 γὰρ

2040 4975 2071 5028 ὃ
2105 4974 2258 5029 θέλω
2288 4972 2463 5027 τοῦτο
2489 4970 2637 5027 ποιῶ
2658 4988 2672 5001 ·
2729 4970 2880 5040 πόσῳ
2908 4987 2972 5037 γε
3006 4969 3204 5041 μᾶλλον
3231 4970 3329 5039 τῆς
3356 4966 3448 5020 τοῦ
3474 4963 3604 5017 θεοῦ

2037 5066 2320 5134 δυνάμεως
2361 5065 2426 5133 τῇ
2462 5060 2784 5131 ἁγιασθείσῃ
2816 5060 2909 5112 καὶ
2934 5059 3061 5129 ἀξίᾳ
3084 5058 3273 5110 τούτου
3297 5052 3603 5123 γεγενημέ-

2038 5172 2101 5225 νῃ
2147 5155 2292 5224 ψυχῇ
2346 5150 2706 5217 συνελθούσης
2725 5190 2740 5214 ,
2785 5150 2865 5211 εἰς
2895 5148 2953 5200 ἓν
2981 5146 3128 5215 αὐτῷ
3154 5147 3303 5198 ἔσται
3331 5145 3394 5199 τὸ
3419 5143 3605 5197 τούτου

2034 5247 2286 5315 θὲλημα;
2336 5244 2545 5311 γίνεται
2590 5241 2698 5312 γὰρ
2744 5242 2777 5309 ή
2822 5239 2967 5309 ψυχὴ
3014 5239 3135 5290 τότε
3176 5238 3313 5304 πρὸς
3353 5234 3605 5304 ἀλήθειαν

2033 5339 2107 5398 ὡς
2145 5336 2288 5406 ψυχὴ
2323 5333 2417 5387 τοῦ
2451 5332 2656 5404 Κυρίου
2682 5349 2703 5382 ·.
2751 5330 2828 5401 τῷ
2872 5332 3048 5383 ἑκοντὶ
3083 5328 3177 5383 καὶ
3210 5328 3355 5395 κατὰ
3384 5325 3606 5395 γνώμην

2034 5430 2138 5482 ὑπὸ
2165 5429 2266 5497 τῆς
2292 5425 2385 5479 τοῦ
2415 5424 2621 5493 ἀγαθοῦ
2654 5421 2969 5492 Πνεύματος
2996 5419 3282 5488 δυνάμεως
3316 5416 3603 5488 βασιλεύε-

2034 5518 2179 5583 σθαι,
2231 5516 2327 5571 καὶ
2371 5514 2639 5586 θελήματι⁵
2665 5512 2780 5583 ἰδίῳ
2813 5510 3010 5582 μηκέτι
3041 5510 3211 5580 αὐτὴν
3239 5506 3565 5580 πορεύεσθαι
3585 5520 3601 5535 ο

2057 5741 2101 5773 ⁸⁸
2129 5741 2285 5797 Joan.
2320 5754 2431 5807 xiv,
2461 5738 2551 5794 23.
2628 5736 2687 5809 f7
2731 5735 2888 5791 Rom.
2941 5748 3038 5799 vn,
3067 5734 3119 5788 3.
3221 5732 3265 5766 ’⁵⁸
3312 5731 3333 5788 l
3374 5730 3605 5798 σοι-,γη
