4020 6458
385 413 491 479 945

1404 421 1635 482 LIBER
1673 423 1771 483 DE
1809 424 2238 488 LIBERTATE
2276 429 2579 490 MENTIS.

3530 433 3636 498 916

388 526 484 590 Τίς
504 523 636 594 τὰρ,
656 523 844 594 φησιν,
873 524 1031 594 ἡμᾶς
1057 528 1294 596 χωρίσει
1320 530 1435 584 ἀπὸ
1462 532 1571 598 τῆς
1593 534 1827 603 ἀγάπης
1852 537 1957 591 τοῦ

2064 538 2288 609 (inquit)
2318 557 2409 593 nos
2424 542 2689 610 separabit
2715 560 2747 595 a
2769 543 3027 595 charitate
3042 542 3235 598 Christi
3254 543 3295 574 "
3326 544 3349 597 ?
3374 543 3502 610 Quae
3532 563 3633 600 vox

380 616 678 685 Χριστοῦς
711 617 954 672 τουτέστι
986 619 1085 689 τῆς
1126 620 1421 693 ἐνωθείσης
1464 623 1639 696 ψυχῆς
1683 627 1761 697 τῷ
1792 628 1962 682 Πνεύ-

387 725 519 778 ματι
548 708 712 779 ἁγίῳ.

453 796 552 854 ll".
594 798 684 870 Τῷ
719 799 1028 871 βουλομένῳ
1065 806 1276 874 μιμητῇ
1306 805 1399 860 οὖν
1427 807 1957 884 γενέσθαιΧριστοῦ,

384 889 472 945 ἵνα
528 893 622 944 καὶ
668 892 818 962 αὐτῷ
862 893 1073 961 γένοιτο
1118 894 1231 965 Υίῷ
1262 896 1397 951 Θεοῦ
1431 906 1959 976 προσαγορευθῆναι,

382 982 701 1053 γεννηθέντι
738 986 802 1037 ἐκ
832 984 1169 1053 Πνεύματος,
1208 989 1315 1059 πρὸ
1344 990 1455 1043 τῶν
1484 993 1659 1047 ἄλλων
1691 999 1958 1068 προσήκει

383 1071 483 1134 τὰς
512 1072 838 1136 ἀπαντώσας
870 1073 1077 1143 θλίψεις
1102 1116 1117 1140 ,
1173 1078 1291 1147 ῆτοι
1326 1084 1649 1150 σωματικάς
1680 1087 1888 1152 νόσους,
1924 1089 1956 1158 ἢ

381 1165 481 1225 τὰς
512 1164 573 1228 ἐξ
597 1164 903 1235 ἀνθρώπων
938 1166 1145 1238 ὕϐρεις,
1178 1171 1274 1224 καὶ
1301 1172 1369 1225 τὰ
1394 1175 1602 1245 ὀνείδη,
1643 1179 1747 1248 πρὸ
1778 1179 1835 1232 δὲ
1867 1181 1959 1234 καὶ

381 1253 482 1317 τὰς
516 1258 580 1309 ἐκ
610 1257 719 1309 τῶν
748 1259 996 1327 ἀοράτων
1036 1262 1328 1327 ἐπιϐουλὰς
1363 1266 1615 1337 εὐψύχως
1645 1271 1738 1322 καὶ
1763 1289 1960 1342 καρτε-

383 1345 552 1415 ρικῶς
582 1346 899 1418 ὑποφέρειν,
939 1351 1073 1403 Κατ’
1105 1354 1417 1423 οἰκονομίαν
1440 1358 1548 1428 γὰρ
1573 1358 1707 1413 Θεοῦ
1735 1362 1793 1413 τὸ
1818 1363 1960 1416 δοκί-

387 1453 509 1506 μιον
558 1441 676 1502 ταῖς
711 1440 912 1509 ψυχαῖς
947 1442 1056 1496 τῶν
1088 1445 1363 1516 διαφόρων
1397 1456 1810 1523 παραχωρεῖται
1845 1456 1959 1510 θλί-

382 1526 573 1597 ψεων,
637 1530 722 1584 ἵνα
778 1534 1009 1603 φανεραὶ
1059 1538 1299 1602 γένοιντο
1348 1540 1567 1605 πάντως
1620 1545 1674 1595 αι
1726 1547 1961 1616 γνησίως

385 1621 676 1691 ἀγαπῶσαι
724 1624 817 1675 τὸν
863 1625 1086 1694 Κύριον.
1139 1628 1373 1698 Σημεῖον
1412 1632 1467 1685 δὲ
1512 1636 1625 1698 τοῖς
1666 1637 1729 1689 ἐκ
1761 1639 1962 1703 παντὸς

386 1716 579 1777 αἰῶνος
627 1715 995 1786 πατριάρχαις
1027 1734 1083 1769 τε
1132 1722 1225 1772 καὶ
1261 1724 1569 1793 προφήταις
1606 1729 1699 1779 καὶ
1725 1730 1962 1783 ἀποστόο·

384 1802 497 1868 λοις
528 1806 620 1858 καὶ
644 1807 904 1877 μάρτυσι)
923 1807 1013 1862 διὰ
1035 1809 1134 1878 τῆς
1160 1814 1484 1884 στενοπόρου
1506 1815 1615 1870 τῶν
1638 1821 1961 1891 πειρασμῶν

384 1898 475 1947 καὶ
525 1897 631 1949 τῶν
676 1898 906 1967 θλίψεων
952 1899 1179 1954 διελθεῖν
1222 1901 1429 1972 ὑπῆρξε
1455 1946 1468 1966 ,
1530 1908 1624 1960 καὶ
1662 1909 1833 1974 οὕτως
1873 1913 1963 1964 εὑ-

381 1990 678 2057 αρεστῆσαι
728 1989 844 2060 Θεῷ
864 2008 878 2022 ο
913 1992 1128 2045 Τέκνον
1156 1992 1284 2063 γὰρ,
1335 1996 1496 2067 φησὶν
1527 2000 1560 2068 ἡ
1589 2000 1814 2070 Γραφὴ,
1858 2002 1967 2056 ἐὰν

380 2078 685 2148 προσέρχῃ
716 2080 1030 2139 δουλεύειν
1059 2083 1180 2149 Θεῷ
1198 2125 1213 2150 ,
1248 2085 1572 2155 ἐτοΙμασον
1603 2089 1719 2158 τὴν
1748 2092 1964 2159 ψυχήν

378 2184 499 2225 σου
527 2173 611 2237 εἰς
640 2172 988 2242 πειρασμὸν,
1013 2174 1270 2229 εὔθυνον
1305 2178 1419 2244 τὴν
1444 2179 1695 2246 καρδίαν
1719 2197 1836 2236 σου
1863 2184 1962 2238 καὶ

379 2260 748 2328 καρτέρησον
767 2278 780 2291 ο
822 2265 915 2315 καὶ
942 2264 1175 2333 ἀλλαχοῦ
1205 2266 1261 2318 δέ
1287 2284 1299 2295 ·
1339 2270 1414 2321 Τὰ
1444 2271 1839 2341 ἐπιφερόμενά
1865 2289 1964 2328 σοι

378 2352 460 2417 ὡς
487 2353 693 2421 ἀγαθὼ
707 2354 1063 2422 πρόσδεξαι,
1113 2356 1284 2422 εἰδὼς
1316 2357 1407 2411 ὅτι
1435 2359 1573 2428 ἄτερ
1603 2364 1751 2416 Θεοῦ
1782 2364 1964 2417 οὐδὲν

379 2445 624 2512 γίνεται.
676 2446 787 2513 Τῆς
824 2446 1103 2516 ὑπομονῆς
1130 2448 1310 2500 τοίνυν
1345 2451 1442 2505 καὶ
1473 2454 1571 2521 τῆς
1604 2454 1819 2518 ἐλπίδος
1856 2456 1961 2527 πρὸ

382 2532 584 2595 παντὸς
631 2533 788 2587 ἄλλου
823 2534 967 2606 ψυχῇ
1012 2540 1077 2607 τῇ
1114 2538 1475 2609 εὐαρεστῆσαι
1505 2541 1623 2611 Θεῷ
1660 2543 1960 2618 βουλομένῃ

379 2623 733 2695 ἀντιληπτέον
752 2641 768 2656 ⁸
805 2627 902 2696 μία
935 2628 1041 2699 γάρ
1096 2632 1190 2683 καὶ
1220 2631 1356 2703 αὐτὴ
1387 2632 1484 2701 τῆς
1545 2633 1744 2698 κακίας
1772 2635 1956 2707 τέχνη,

380 2714 608 2783 ὰκηδίαν
656 2717 787 2785 ἡμῖν
819 2717 1107 2787 ἐμϐάλλειν
1144 2721 1201 2771 ἐν
1231 2720 1408 2791 καιρῷ
1440 2722 1705 2790 θλίψεως,
1742 2724 1829 2777 ἵνα
1859 2726 1959 2796 τῆς

381 2803 517 2875 πρὸς
546 2805 635 2857 τὸν
656 2806 859 2876 Κύριον
887 2809 1171 2879 ἀποστήσῃ
1197 2811 1431 2874 ἐλπίδος.
1459 2813 1723 2866 Οὐδέποτε
1748 2815 1803 2867 δέ
1825 2816 1958 2879 Θεὸς

381 2895 667 2964 ἐπιτρέπει
720 2898 817 2948 ἐπ’
867 2899 1078 2950 ἐκείνου
1135 2899 1461 2963 ἐλπίζουσαν
1514 2906 1955 2976 καταπονηθῑψαι

380 2989 493 3048 τοῖς
536 2991 863 3057 πειρασμοῖς
888 3029 901 3051 ,
949 2990 1088 3042 ὥστε
1117 2993 1213 3045 xal
1245 2993 1685 3066 ἐξαπορηθῆναι·
1735 2999 1956 3064 Πιστὸς

379 3077 508 3144 τὰρ,
536 3079 563 3130 ὁ
587 3078 904 3142 Ἀπόστολός
930 3098 1115 3149 φησιν,
1139 3086 1171 3135 ό
1197 3085 1360 3149 Θεὸς,
1393 3084 1456 3150 ὃς
1480 3087 1591 3138 οὐκ
1612 3085 1954 3155 ἐάσειξύμᾶς

380 3170 772 3238 πειρασθῆναι
806 3174 957 3240 ὑπὲρ
983 3174 1013 3227 ὃ
1039 3174 1333 3229 δύνασθεο
1367 3178 1530 3231 ἀλλὰ
1560 3178 1802 3247 ποιήσει
1831 3180 1955 3233 σὺν

378 3259 459 3325 τῷ
482 3262 789 3331 πειρασμῷ
820 3265 919 3316 καὶ
944 3266 1058 3333 τὴν
1083 3267 1355 3331 ἔκϐασιν,
1392 3269 1498 3323 τοῦ
1526 3269 1819 3325 δύνασθαι
1846 3274 1958 3325 ὺπ-

379 3350 667 3421 ενεγλὲεῖν.
699 3355 805 3406 Καὶ
834 3357 861 3407 ὁ
889 3357 1119 3426 πονηρὸς
1143 3358 1197 3409 δέ
1229 3360 1327 3428 οὐχ
1376 3360 1497 3413 ὅσον
1525 3361 1719 3431 ἐκείνῳ
1741 3361 1957 3432 θέλησις

379 3443 540 3499 λυπεῖ
581 3445 683 3517 τὴν
718 3445 926 3516 ψυχὴν,
965 3448 1077 3501 ἀλλ’
1108 3450 1233 3503 ὅσον
1263 3450 1413 3521 αὐτῷ
1445 3452 1655 3521 ἐφεῖται
1688 3454 1837 3524 παρά
1863 3455 1955 3508 τοῦ

379 3536 533 3590 Θεοῦ.
574 3536 637 3590 Ei
668 3538 775 3609 γὰρ
805 3540 1114 3609 ἀνθρώποις
1145 3542 1245 3594 οὐκ
1269 3542 1483 3612 ἄδηλον,
1520 3545 1685 3597 πόσον
1711 3543 1777 3597 ἂν
1802 3546 1959 3615 ἡμιό-

352 3636 453 3699 νῳ
478 3632 661 3701 βάρος,
692 3634 856 3684 πόσον
886 3634 943 3685 δὲ
971 3633 1099 3702 ὄνῳ,
1136 3636 1303 3688 πόσον
1326 3636 1382 3688 δέ
1414 3637 1645 3708 καμήλῳ
1674 3637 1958 3707 ἀγώγιμον

381 3723 489 3791 εἴη·
530 3722 666 3775 ἀλλὰ
693 3723 783 3774 τὸν
810 3724 1045 3793 φόρητον
1074 3726 1372 3795 ἐπιτίθησι⁸
1410 3730 1501 3781 καὶ
1534 3728 1610 3798 τῷ
1641 3733 1877 3800 κεραμεῖ
1902 3730 1958 3783 δέ

380 3812 535 3883 δῆλον
566 3812 731 3866 πόσον
765 3815 844 3885 τῷ
876 3816 1009 3885 πυρὶ
1040 3817 1144 3887 χρὴ
1175 3818 1244 3869 τὰ
1273 3819 1439 3890 σκεύη
1468 3820 1803 3888 παραδοῦναι
1830 3821 1957 3891 χρό·

380 3920 491 3973 νον,
528 3904 615 3972 ἵνα
650 3906 786 3973 μήτε
815 3906 976 3959 πλέον
1006 3909 1343 3977 ἐμμείναντα
1369 3910 1663 3984 διαρραγῇ,
1691 3916 1827 3983 μήτε
1854 3915 1957 3969 πά-

379 3994 462 4060 λιν
508 3995 613 4066 πρὸ
638 3997 736 4067 τῆς
775 3997 1048 4068 ἀρκούσης
1084 4000 1389 4071 ,πυρώσεως
1425 4004 1757 4074 ἐκϐληθέντα
1790 4008 1959 4077 ἄχρη-

381 4104 481 4140 στα
630 4091 676 4140 εί
710 4090 943 4161 τοσαύτη
977 4094 1102 4163 περὶ
1128 4095 1219 4145 τὸν
1249 4094 1535 4165 ἄνθρωπον
1567 4097 1802 4161 σύνεσις,
1840 4099 1958 4167 οὐχὶ

380 4178 556 4248 πολλῷ
587 4179 747 4233 πλέον
780 4181 874 4233 καὶ
904 4182 1146 4252 ἀπείρως
1175 4184 1357 4251 πλέον,
1393 4187 1425 4256 ἠ
1454 4186 1546 4240 τοῦ
1572 4187 1708 4240 Θεοῦ
1742 4188 1957 4250 σύνεσις

377 4262 484 4319 οἶδε
535 4269 700 4320 πόσον
748 4270 954 4341 ἑκάστῃ
998 4271 1143 4342 ψυχῇ
1190 4272 1281 4325 τὸν
1315 4277 1622 4344 πειρασμὸν
1652 4277 1770 4329 δέον
1797 4278 1957 4329 ἐπεν-

376 4358 618 4429 εχθῆναι·
657 4359 743 4413 ἵνα
773 4360 994 4430 δόκιμος
1023 4363 1233 4425 γένοιτο
1264 4366 1358 4418 καὶ
1387 4367 1669 4438 ἐπιτηδεία
1697 4368 1831 4440 πρὸς
1859 4367 1956 4438 τὴν

376 4449 484 4503 τῶν
509 4450 754 4521 οὐρανῶν
788 4452 1087 4523 βασιλείαν.

449 4713 768 4783 1Δ¹.Ὢσπερ
795 4711 856 4765 τὸ
884 4713 981 4782 τῆς
1010 4713 1289 4777 κανάσεως
1318 4715 1506 4786 χρῆμα
1528 4715 1579 4769 εἰ
1611 4715 1687 4787 μὴ
1716 4719 1948 4775 ἐπιπολύ

377 4805 714 4873 τυπτόμενον
757 4802 1029 4873 διαμείνῃ,
1070 4805 1169 4857 οὐκ
1199 4806 1265 4865 ἂν
1310 4806 1520 4873 γένοιτο
1566 4811 1837 4879 χρήσιμον
1874 4812 1955 4875 εἰς

378 4896 722 4949 λεπτοτάτων
788 4895 1057 4965 νημάτων,
1102 4898 1401 4965 ἐργασίαν,
1448 4900 1563 4952 ἀλλ’
1620 4902 1841 4972 ὅσῳπερ
1890 4903 1957 4957 ἂν

381 4987 640 5041 τύπτοιτο
676 4987 772 5040 καὶ
818 4988 942 5040 ὅσον
998 4987 1251 5055 ξαίνοιτο,
1280 4991 1534 5045 τοσοῦτον
1572 4992 1959 5065 καθαρώτερόν

380 5093 437 5128 τε
491 5078 586 5130 κο.)⁵
633 5080 1067 5150 εὐχρηστότερον
1119 5080 1353 5148 γίνεται.
1391 5085 1503 5137 Καὶ
1538 5084 1601 5138 ὃν
1651 5086 1853 5155 τρόπον
1897 5087 1959 5140 τὸ

383 5169 708 5223 νεόπλαστον
767 5171 963 5234 σκεῦος
1011 5172 1085 5242 μὴ
1132 5172 1266 5242 πυρὶ
1320 5174 1535 5243 βληθὲν,
1576 5177 1814 5245 χρῆσθαι
1844 5181 1956 5241 τοῖς

383 5257 690 5328 ἀνθρώποις
720 5262 1093 5331 ἀνεπιτήδειον
1117 5278 1131 5292 “
1160 5262 1253 5315 καὶ
1283 5263 1359 5325 ὡς
1392 5266 1454 5316 τὸ
1488 5266 1685 5334 νήπιον
1710 5267 1788 5320 ἔτι
1820 5269 1955 5339 πρὸς

384 5348 452 5401 τὰ
480 5347 575 5400 τοῦ
606 5350 811 5417 κόσμου
845 5351 983 5423 ἔργα
1015 5354 1296 5423 ἀδόκιμον
1345 5352 1467 5406 οὔτε
1498 5356 1606 5423 γὰρ
1637 5356 1960 5425 οἰκοδομεῖν,

383 5441 444 5492 οὐ
476 5439 748 5508 φυτεύειν,
803 5443 863 5494 οὐ
916 5445 1116 5515 σπόρον
1162 5444 1512 5499 κατατιθέναι
1571 5446 1817 5514 δύναται,
1864 5450 1961 5519 οὐχ

383 5531 567 5601 ἕτερόν
596 5548 650 5585 τι
684 5532 792 5585 τῶν
833 5533 927 5587 τοῦ
969 5536 1176 5605 κόσμου
1217 5535 1395 5605 ἔργων
1441 5537 1661 5591 ἀνύειν·
1693 5537 1838 5593 οὕτω
1867 5541 1962 5593 uel.

382 5623 552 5693 ψυχαὶ
602 5622 863 5686 πολλάκις
916 5626 1020 5680 κᾶν
1049 5626 1201 5690 θείας
1252 5627 1515 5700 μετέσχον
1571 5630 1797 5701 χάριτος
1865 5633 1962 5686 καὶ

2065 635 2148 681 est
2189 629 2386 684 animae
2418 632 2586 685 unita:
2630 631 2861 701 Spiritui
2893 641 3108 688 saneto.

2135 821 2274 877 XIII.
2302 822 2407 889 Qui
2456 824 2577 878 vult
2609 824 2853 879 imitator
2886 840 3005 879 esse
3028 824 3258 893 Christi,
3312 836 3366 883 et
3413 843 3509 897 per
3532 830 3638 884 hoc

2062 906 2348 974 consequi,
2385 911 2446 958 ut
2478 906 2784 974 appelletur
2818 904 2963 959 ﬁlius
3017 905 3154 971 Dei;
3189 916 3379 976 utpote
3417 910 3636 979 genitus

2060 1006 2128 1045 ex
2177 992 2384 1061 Spiritu
2428 1010 2444 1052 :
2475 1008 2603 1047 eum
2625 1002 2751 1047 ante
2772 993 2956 1048 omnia
2996 996 3255 1049 convenit
3281 1008 3638 1052 occurrentes

2060 1083 2407 1147 amictiones,
2433 1086 2549 1139 sive
2583 1085 2669 1140 hae
2706 1086 2959 1156 corporei
2983 1090 3162 1144 morbi
3192 1091 3327 1155 sint,
3349 1092 3464 1145 sive
3490 1092 3631 1162 inju-

2059 1172 2154 1225 ria:
2180 1171 2607 1245 abhominibus,
2668 1175 2785 1229 sive
2846 1177 3166 1245 opprobria.
3239 1193 3334 1232 seu
3363 1180 3528 1233 etiam
3571 1196 3637 1234 ex

2060 1240 2275 1313 insidiis
2301 1260 2658 1313 invisibilium
2678 1240 2953 1328 hostium;
2973 1263 3219 1318 animose
3231 1280 3295 1319 ac
3316 1266 3534 1320 fortiter
3553 1276 3639 1319 to-

2059 1344 2259 1399 lerare.
2286 1346 2391 1400 Per
2412 1347 2653 1401 divinam
2673 1349 3075 1417 providentiam
3095 1353 3374 1422 sapienter
3386 1370 3448 1407 ac
3466 1354 3639 1408 bene—

2058 1439 2181 1492 vole
2204 1440 2366 1509 213
2398 1450 2594 1495 cuncta
2626 1442 3443 1515 disponentem,permittuntur
3475 1450 3641 1503 adve-

2059 1522 2181 1579 nire
2218 1526 2505 1582 animabus
2537 1528 2803 1597 ejusmodi
2833 1529 3187 1598 probationes
3244 1534 3637 1589 adversitatum

2060 1615 2358 1680 variarum,
2385 1626 2445 1671 ut
2476 1617 2896 1672 manifestentur
2949 1635 3070 1689 qua:
3101 1622 3245 1676 inter
3294 1639 3384 1678 eas
3422 1625 3637 1678 sincere

2057 1706 2353 1762 Dominum
2382 1706 2636 1778 diligunt.
2685 1708 2909 1779 Signum
2972 1711 3026 1765 id
3076 1712 3183 1768 fuit
3223 1714 3291 1768 ab
3330 1715 3477 1768 omni
3521 1730 3638 1767 aevo

2063 1798 2269 1852 sanctis
2296 1798 2645 1867 patriarchis,
2676 1802 2980 1870 pr0phetis,
3010 1805 3271 1874 apostolis
3307 1816 3362 1861 et
3382 1806 3634 1876 martyri-

2067 1888 2191 1949 bus,
2232 1898 2294 1943 ut
2333 1906 2432 1960 per
2465 1901 2749 1958 angustam
2776 1894 2921 1948 hane
2950 1897 3095 1949 viam
3166 1899 3528 1952 tentalionum
3583 1906 3638 1951 et

2067 1982 2422 2039 aIIIictiouum
2458 1987 2774 2051 transirent,
2799 1998 2855 2043 et
2894 1989 2974 2043 sic
3010 1990 3124 2044 Deo
3167 1991 3468 2060 placerent.
3513 1990 3637 2059 Fili,

2067 2075 2144 2129 ait
2168 2075 2470 2145 Scriptura,
2501 2078 2750 2132 accedens
2776 2080 2845 2131 ad
2871 2082 3174 2134 servitutem
3226 2081 3343 2145 Dei,
3392 2099 3639 2152 prtepara

2065 2169 2303 2223 animam
2334 2177 2500 2222 tuam
2549 2174 2618 2223 ad
2685 2173 3052 2235 tentationem,
3086 2173 3317 2243 deprime
3367 2190 3457 2227 cor
3491 2183 3640 2227 tuum

2065 2271 2115 2313 et
2145 2261 2363 2314 sustine.
2421 2261 2486 2314 Et
2532 2262 2664 2315 alibi
2716 2280 2730 2315 :
2783 2261 2913 2326 Quw
2969 2264 3271 2332 inferuntur
3318 2265 3408 2317 tibi
3460 2265 3638 2317 omnia

2063 2360 2119 2404 ut
2148 2352 2283 2406 bona
2312 2353 2488 2421 excipe
2518 2369 2537 2417 ;
2566 2355 2732 2406 sciens
2763 2354 3016 2422 quoniam
3058 2356 3173 2407 sine
3202 2355 3308 2408 Deo
3337 2355 3469 2408 nihil
3488 2356 3549 2423 ﬁt
3567 2357 3636 2411 3’.

2063 2444 2346 2498 Patientiae
2372 2445 2537 2514 igitur
2558 2454 2613 2498 et
2648 2446 2762 2514 spei
2791 2453 2917 2499 ante
2941 2461 3102 2500 omne
3132 2446 3280 2500 aliud
3318 2462 3484 2516 opera
3505 2447 3640 2502 dan-

2061 2533 2129 2587 da
2159 2540 2243 2588 est
2274 2534 2470 2586 animm
2508 2534 2621 2587 Deo
2678 2534 2896 2602 placere
2922 2535 3149 2589 volenti.
3202 2536 3320 2591 Una
3349 2537 3494 2591 enim
3521 2538 3638 2593 lucc

2059 2633 2144 2678 est
2183 2640 2250 2678 ex
2295 2624 2507 2677 artibus
2540 2624 2763 2691 diaboli,
2816 2633 3093 2694 torporem
3139 2626 3298 2679 nobis
3327 2627 3552 2695 injicere
3582 2628 3637 2681 in

2060 2725 2307 2783 tempore
2333 2712 2661 2778 atilictionis,
2688 2728 2748 2769 ut
2777 2724 2991 2768 avertat
3022 2730 3125 2768 nos
3153 2730 3181 2767 a
3201 2730 3294 2784 spe
3323 2716 3375 2768 in
3405 2717 3639 2770 Domino

2059 2804 2334 2874 ponenda.
2385 2805 2678 2874 Nunquam
2740 2814 2922 2861 autem
2955 2806 3101 2859 Deus
3164 2814 3373 2860 tantum
3420 2808 3637 2877 fatigari

2056 2896 2454 2951 tentationibus
2490 2896 2763 2961 permitﬁt
2811 2896 3047 2949 animam
3080 2895 3134 2948 in
3188 2896 3364 2964 ipsum
3409 2912 3637 2967 speran-

2058 2996 2187 3051 tem,
2218 2996 2279 3041 ut
2332 2987 2401 3041 ad
2442 2987 2638 3042 incitas
2679 2987 2915 3049 redacta,
2981 2987 3158 3041 omnis
3205 2988 3363 3056 inops
3421 2988 3635 3042 consilii

2053 3086 2267 3133 aestuet.
2315 3077 2506 3132 Fidelis
2548 3079 2685 3131 enim
2720 3077 2817 3148 (ait
2851 3077 3165 3147 Apostolus}
3204 3078 3342 3132 Deus
3400 3086 3510 3142 est,
3548 3079 3637 3147 qui

2057 3188 2161 3226 non
2184 3173 2412 3239 patietur
2439 3188 2527 3225 vos
2568 3173 2762 3226 tentari
2814 3188 2977 3241 supra
3006 3172 3059 3225 id
3115 3171 3251 3241 quod
3288 3172 3637 3241 potestis;seJ

2060 3264 2214 3333 faciet
2242 3266 2403 3317 etiam
2426 3280 2541 3317 cum
2567 3265 2851 3317 tentatione
2879 3271 3138 3329 eventum,
3168 3271 3225 3315 ut
3250 3264 3454 3333 possitis
3476 3265 3637 3317 susti-

2060 3371 2180 3408 nere
2208 3355 2273 3408 ⁵³.
2339 3356 2527 3425 Neque
2566 3371 2701 3411 vero
2726 3355 2999 3418 diabolus,
3040 3362 3307 3423 quantum
3364 3354 3466 3423 ipsi
3503 3354 3634 3409 libi-

2059 3454 2173 3500 tum
2200 3454 2305 3509 est,
2335 3446 2521 3517 :iﬂligit
2542 3448 2778 3500 animam
2803 3463 2816 3511 ;
2842 3445 2938 3499 sed
2969 3460 3074 3513 qua
3098 3459 3352 3499 mensura
3386 3444 3440 3499 id
3474 3461 3635 3516 agere

2058 3538 2258 3592 sinitur
2287 3555 2315 3592 a
2344 3540 2478 3593 Deo.
2512 3539 2568 3592 Si
2601 3539 2749 3591 enim
2775 3537 3093 3592 hominibus
3124 3538 3369 3605 ignotum
3400 3553 3507 3591 non
3528 3546 3631 3596 est.

2058 3638 2324 3699 quantum
2355 3630 2540 3685 oneris
2597 3638 2815 3700 portare
2842 3631 3026 3683 mulus
3072 3629 3265 3697 possit,
3300 3639 3509 3697 quanto
3535 3646 3635 3699 par

2057 3720 2286 3774 ferendo
2325 3720 2396 3773 sit
2444 3719 2654 3781 asinus,
2675 3725 2881 3788 quanto
2916 3719 3195 3783 eamelus;
3225 3716 3368 3770 unde
3397 3733 3634 3771 consen-

2060 3818 2282 3865 taneum
2312 3812 2579 3881 cujusque
2612 3808 2825 3863 viribus
2853 3810 3054 3877 cuique
3086 3808 3301 3878 pondus
3325 3809 3633 3878 imponunt;

2057 3910 2114 3957 et
2135 3902 2179 3955 si
2209 3908 2558 3971 perspectum
2593 3900 2775 3971 ﬁgulo“
2807 3909 2912 3963 est,
2934 3907 3141 3969 quanto
3171 3898 3435 3967 temporis
3460 3898 3637 3967 spatio

2056 4009 2185 4048 vasa
2232 3992 2287 4046 in
2312 3992 2535 4047 fornace
2558 3990 2794 4059 relinqui
2842 3990 3098 4053 debeant,
3132 4005 3202 4044 ne
3236 3990 3455 4059 longius
3478 4004 3637 4058 aequo

2060 4086 2136 4140 ibi
2166 4085 2428 4139 haarentia
2464 4083 2737 4137 dissiliant
2770 4097 2785 4144 ;
2827 4098 2929 4137 nec
2962 4096 3175 4143 rursus,
3203 4090 3329 4136 ante
3356 4081 3633 4136 sufﬁcien-

2060 4182 2166 4229 tem
2212 4174 2517 4227 coctionem
2558 4186 2684 4226 cum
2713 4170 3052 4233 eximuntur,
3088 4170 3303 4223 inutilia
3364 4170 3534 4224 ﬁant:
3589 4169 3636 4223 si

2059 4275 2227 4329 tanta,
2263 4266 2504 4334 inquam.
2540 4265 2595 4317 in
2666 4261 2889 4318 homine
2944 4263 3238 4332 prudentia
3314 4272 3417 4325 est,
3464 4263 3638 4317 multo

2057 4363 2221 4424 atque
2240 4354 2377 4408 adeo
2418 4353 2647 4407 infinitis
2676 4340 2921 4422 partibus
2945 4350 3351 4421 magis,:divina
3368 4351 3635 4419 sapientia

2056 4444 2340 4513 perspicit,
2366 4444 2561 4497 animas
2587 4442 2787 4512 cuique
2839 4450 3103 4511 quantum
3132 4442 3348 4512 pondus
3380 4443 3635 4497 tentalio-

1985 4538 2031 4595 D
2060 4535 2148 4590 nis
2184 4535 2402 4589 immitti
2425 4535 2643 4596 debeat.
2680 4543 2740 4588 ut
2767 4549 2867 4604 per
2888 4548 3009 4588 eam
3050 4535 3337 4604 probetur,
3363 4543 3419 4590 et
3441 4536 3637 4592 idonea

2055 4643 2223 4697 regno
2257 4628 2521 4682 caelorum
2545 4626 2658 4680 Iiat.

2127 4719 2267 4773 XIV.
2298 4718 2451 4773 Sicut
2483 4717 2745 4772 cannabis
2779 4725 2992 4771 mataxa
3027 4717 3135 4771 nisi
3180 4717 3274 4771 diu
3325 4718 3634 4772 tunsionem

2052 4809 2211 4873 ferat,
2253 4824 2364 4862 non
2410 4808 2638 4862 habebit
2689 4823 2847 4862 usum
2882 4808 3277 4862 attenuationis
3322 4807 3377 4861 iu
3423 4808 3507 4860 Iila
3543 4823 3637 4861 su-

2054 4901 2361 4968 tilissima;
2416 4901 2513 4955 sed
2576 4909 2783 4969 quanto
2851 4908 3079 4954 contusa
3142 4899 3359 4969 longius
3432 4898 3632 4965 fuerit,

2056 5004 2263 5064 quanto
2293 4993 2465 5047 radiis
2497 4993 2775 5061 pectinum
2810 4992 3017 5046 sulcata
3055 4990 3327 5055 crebrius,
3359 4999 3508 5045 tanto
3539 5007 3637 5060 pu-

2060 5087 2174 5140 rior
2213 5084 2511 5154 utiliorque
2556 5082 2771 5138 evadet.
2823 5083 2891 5135 Et
2936 5082 3399 5151 quemadmodum
3445 5098 3638 5138 recens

2061 5178 2357 5231 formatum
2391 5190 2507 5239 vas,
2542 5175 2724 5243 quoad
2768 5174 3081 5228 induratum
3129 5173 3254 5243 igne
3298 5173 3484 5237 fuerit,
3523 5174 3640 5227 ine-

2061 5279 2215 5338 ptum
2246 5278 2332 5323 est
2358 5266 2554 5321 usibus
2577 5260 2866 5331 humanis;
2897 5265 3135 5334 denique
3153 5264 3323 5318 veluti
3350 5281 3486 5334 puer
3507 5280 3638 5333 par-

2059 5362 2221 5415 vulus
2250 5374 2360 5412 non
2396 5357 2628 5411 idoneus
2655 5362 2741 5410 eSt
2773 5355 2837 5409 ad
2870 5354 3181 5408 functiones
3206 5355 3351 5418 vitae,
3383 5366 3507 5406 cum
3535 5365 3638 5403 nec

2059 5450 2353 5512 aediﬁcare,
2386 5462 2491 5501 nec
2532 5446 2803 5515 plantare,
2844 5459 2947 5499 nec
2987 5458 3175 5498 semen
3224 5442 3282 5495 in
3317 5451 3515 5496 terram
3550 5440 3635 5511 ja-

2024 5584 2027 5587 ς
2059 5557 2186 5596 cere
2216 5540 2283 5595 ad
2330 5539 2434 5594 hoc
2466 5546 2713 5609 paratam
2741 5536 2940 5600 valeat,
2971 5543 3067 5590 aut
3094 5533 3245 5589 aliud
3271 5532 3402 5602 quid
3428 5546 3495 5586 ex
3534 5547 3637 5586 usu

2060 5633 2253 5691 mundi
2300 5631 2463 5704 hujus
2508 5644 2667 5702 agere
2703 5646 2718 5683 :
2758 5628 2838 5684 sic
2885 5626 3082 5684 anima:
3126 5624 3471 5697 plerumque,
3508 5621 3639 5677 licet

437 5804 476 5837 ⁵¹
508 5802 665 5869 Itoni.
701 5772 816 5865 vin,
848 5797 934 5852 55.
1010 5799 1055 5831 ⁸³
1114 5800 1285 5857 Eccli.
1348 5805 1489 5871 11,1.
1566 5806 1609 5837 ⁵³
1650 5807 1829 5866 lcor.
1878 5816 1930 5871 x",
1986 5807 2068 5861 15,
