4020 6462
422 404 527 470 957

1664 411 1725 473 S.
1762 410 2081 474 MACABII
2120 412 2444 472 ABGYPTII

3569 408 3686 471 948

422 516 626 574 divinas
667 516 967 588 participes
996 520 1206 591 gratim,
1234 518 1451 577 etiamsi
1498 533 1596 589 per
1624 518 1720 574 Dei
1753 518 2007 589 benigni-

2119 517 2220 573 εἷεν
2250 519 2838 591 ἐμπληροφορούμεναι
2857 521 2923 592 τῇ
2954 520 3251 592 γλυκύτητι
3277 519 3368 574 καὶ
3408 522 3478 591 τῇ
3503 520 3685 574 Πνεῦ-

426 616 594 663 tatem
640 609 1015 679 indulgentem
1047 612 1293 668 infantia
1325 612 1587 681 ipsarum,
1619 610 1851 679 perfusa:
1881 609 2001 664 fue-

426 700 537 752 rint
582 699 875 755 dulcedine
922 702 1167 765 ccelesti.
1200 719 1375 773 usque
1406 702 1471 757 ad
1519 701 1840 771 gustandam
1883 699 2006 769 Spi—

427 790 569 843 ritus
598 790 875 857 requiem;
913 792 1158 845 nondnm
1192 804 1369 848 tamen
1403 791 1823 861 probationibus
1850 805 2007 844 exer-

428 881 581 945 ciue;
608 881 850 935 nondum
889 883 1184 951 explorata:
1211 884 1479 938 malorum
1508 882 1800 952 spirituum
1834 882 2007 937 insul.

432 972 578 1025 tibus
610 973 812 1037 variis;
850 973 988 1027 nihil
1029 975 1167 1029 ultra
1218 974 1486 1043 puerilem
1537 984 1666 1028 sunt
1705 988 2007 1043 progressa:

429 1062 755 1127 balbutiem,
788 1074 847 1118 ut
884 1064 957 1118 ita
1004 1064 1204 1128 dicam,
1241 1064 1479 1118 necdum
1526 1072 1667 1133 apta:
1712 1079 1878 1133 regno
1911 1063 2005 1118 Dei

431 1162 560 1206 sunt
634 1153 892 1207 Etenim:
936 1152 995 1209 Si
1045 1164 1195 1208 ατη-α
1252 1154 1587 1219 disciplinam
1641 1154 1738 1222 (ait
1786 1153 2007 1210 divinus

431 1246 745 1311 Apostolus)
776 1246 916 1309 estis,
962 1246 1113 1315 cujus
1144 1247 1431 1315 participes
1468 1246 1597 1314 facti
1640 1252 1761 1297 sunt
1795 1261 2006 1311 omnes;

430 1349 552 1402 ergo
586 1333 834 1398 adulteri,
871 1344 920 1387 et
961 1352 1066 1388 non
1108 1334 1210 1402 ﬁlii
1256 1337 1377 1388 estis
1412 1335 1480 1388 “.
1516 1334 1703 1403 Itaque
1736 1342 1793 1388 et
1833 1344 2008 1390 tenta-

434 1428 611 1479 tiones
638 1434 694 1478 et
723 1424 1047 1480 aillictiones
1087 1427 1301 1481 utiliter
1350 1427 1724 1481 immittuntur
1763 1426 2003 1493 homini;

433 1515 621 1583 utique
669 1516 1042 1584 probatiorem
1090 1526 1147 1571 et
1195 1517 1561 1573 robustiorem
1608 1518 1727 1588 ejus
1769 1518 2008 1573 animam

433 1606 742 1670 reddentes,
775 1622 912 1676 quas
948 1608 994 1661 si
1023 1608 1091 1662 ad
1127 1608 1291 1663 finem
1324 1624 1498 1679 usque
1539 1610 1852 1679 pertulerit,
1880 1624 2007 1665 cum

431 1712 528 1766 spe
556 1698 621 1751 ad
655 1698 983 1763 Dominum;
1017 1700 1134 1754 lleri
1164 1716 1273 1753 non
1296 1701 1516 1769 poterit,
1547 1700 1679 1770 quin
1708 1716 2009 1772 consequa-

436 1799 524 1840 tur
551 1789 947 1857 promissiones
990 1789 1252 1859 Spiritus,
1288 1800 1345 1845 et
1390 1792 1773 1847 liberationem
1814 1807 1847 1848 a
1881 1807 2009 1866 per-

434 1877 841 1934 turbationibus
868 1879 1167 1934 aﬁ‘ectuum
1201 1897 1517 1951 pravorum.

504 1967 619 2023 XV.
645 1968 1118 2034 Quemadmodum
1146 1987 1243 2041 per
1275 1974 1447 2028 multa
1483 1974 1717 2030 traducti
1744 1984 2015 2031 tormenta

435 2067 726 2130 martyres,
765 2069 1053 2130 postquam
1100 2078 1274 2133 usque
1304 2065 1372 2119 ad
1406 2065 1577 2135 ipsam
1620 2068 1788 2121 etiam
1830 2068 2013 2137 perfe-

437 2151 663 2205 rendam
700 2161 933 2207 tnortem
984 2154 1155 2209 robur
1187 2155 1403 2212 invictae
1451 2157 1791 2214 fortitudinis
1825 2169 2013 2215 osten-

435 2241 672 2309 derunt;
726 2244 947 2299 coronis
995 2246 1075 2301 sic
1117 2247 1301 2317 gloriae
1344 2248 1473 2303 facti
1522 2260 1653 2304 sunt
1701 2252 1853 2321 digni
1898 2270 1912 2307 :
1952 2266 2017 2307 ac

436 2341 643 2401 quanto
673 2334 926 2402 pluribus
957 2346 1015 2391 et
1042 2338 1389 2407 gravioribus
1426 2344 1698 2410 perfuncti
1736 2342 2017 2399 laboribus

435 2432 585 2488 sunt,
624 2432 774 2479 tanto
802 2428 1064 2497 majorem
1108 2428 1252 2497 apud
1284 2430 1455 2485 Deum
1498 2432 1801 2487 claritatem
1841 2450 1905 2488 ac
1945 2434 2016 2491 li-

437 2511 705 2566 bertatem
744 2522 873 2568 sunt
901 2515 1085 2585 adepti
1115 2535 1128 2570 :
1158 2518 1365 2587 pariter
1395 2522 1591 2575 animre
1616 2522 1820 2577 diversi
1848 2539 2016 2593 gene-

438 2604 513 2658 ris
542 2603 931 2662 aﬂlictionibus
955 2608 1119 2681 214
1153 2611 1389 2678 traditze,
1419 2614 1536 2668 sive
1568 2613 1655 2677 iis,
1688 2630 1810 2684 quae
1835 2616 2017 2685 palam

438 2694 506 2747 ab
537 2694 854 2751 hominibus
895 2702 1346 2767 proﬁciscuntur,
1377 2703 1493 2758 sive
1538 2720 1661 2773 qua:
1692 2706 1837 2760 intra
1866 2722 2021 2761 men-

441 2791 549 2838 tem
599 2787 925 2858 contingunt
973 2792 1402 2861 exsurgentibus
1447 2794 1880 2864 cogitationibus
1920 2798 2019 2851 ab-

439 2875 656 2942 surdis;
691 2876 806 2933 sive
838 2895 961 2949 quae
1008 2883 1217 2938 morbis
1249 2886 1531 2955 corporeis
1560 2902 1683 2941 sese
1722 2896 2017 2955 exserunt;

439 2964 483 3018 si
514 2966 809 3034 patienter,
854 2974 1262 3039 perseverando
1295 2990 1472 3046 usque
1517 2976 1587 3031 ad
1632 2978 1796 3033 linem
1824 2980 2023 3033 tolera-

440 3057 639 3121 verint,
676 3059 894 3115 easdem
930 3076 1056 3116 cum
1101 3066 1438 3136 martyribus
1480 3082 1736 3133 coronas,
1769 3071 2018 3125 eamdem

2110 630 2277 682 ματος
2318 612 2644 673 ἀναπαύσει,
2675 611 2761 665 διὰ
2794 612 2895 681 τὴν
2929 612 3110 667 αὐτῶν
3150 616 3457 683 νηπιότητα
3488 613 3553 681 τῇ
3574 609 3680 665 τοῦ

2105 702 2310 772 Κυρίου
2350 704 2698 773 χρηστότητι,
2748 701 2863 755 ἀλλ’
2901 697 2994 756 οὗν
3028 703 3196 773 μήπω
3235 702 3679 771 δοκιμασθεῖσαι,

2107 793 2229 864 μηδ’
2272 794 2377 847 ὑπὸ
2431 794 2540 847 τῶν
2590 794 2844 866 πονηρῶν
2897 794 3226 863 πνευμάτων
3269 794 3545 865 διαφόροις
3588 792 3685 857 ἐξ-

2106 883 2414 938 ετασθεῖσαι
2440 884 2703 954 θλίψεσιν,
2731 885 2811 939 ἔτι
2830 886 2929 955 τῆς
2950 886 3273 955 νηπιότητος
3298 886 3530 956 ἔχονται,
3559 886 3682 951 καὶ,

2110 973 2175 1024 ἵν’
2204 971 2377 1037 οὕτως
2405 975 2567 1037 εἴπω,
2597 974 2811 1029 οὐδέπω
2834 976 2970 1044 πρὸς
2994 976 3095 1047 τὴν
3118 976 3229 1028 τῶν
3250 975 3491 1046 οὐρανῶν
3525 974 3687 1043 βασι-

2106 1060 2257 1113 λείαν
2281 1062 2601 1134 ἐπιτηδείως
2638 1064 2854 1133 ἔχουσιν
2877 1081 2893 1097 ο
2925 1067 2996 1120 El
3025 1064 3135 1135 γάρ
3162 1066 3341 1134 χωρίς
3376 1065 3537 1123 5078-
3572 1079 3684 1130 <P‘t'

2111 1149 2193 1203 σὶν
2220 1151 2248 1202 ό
2274 1149 2416 1215 θεῖος
2460 1152 2802 1219 ’Δπόστολος,
2828 1153 3102 1219 παιδείας
3122 1149 3195 1222 ἧς
3230 1152 3471 1222 μέτοχοι
3509 1153 3685 1221 τετό-

2107 1257 2251 1299 νασι
2277 1242 2522 1309 πάντες,
2562 1244 2677 1313 ἄρα
2712 1245 2878 1301 νόθοι
2909 1244 3054 1299 ἐστέ
3084 1245 3185 1299 καὶ
3220 1247 3332 1313 οὐχ
3362 1244 3479 1298 υιοί
3500 1260 3513 1274 ·
3538 1242 3685 1296 ὥστε

2110 1334 2204 1386 καὶ
2233 1334 2282 1387 oi
2324 1335 2619 1404 πειρασμοὶ
2648 1335 2745 1388 καὶ
2776 1336 2835 1389 αι
2878 1335 3086 1405 θλίψεις
3129 1336 3270 1390 κατά
3294 1335 3355 1388 τὸ
3407 1336 3688 1399 λυσιτελὲς

2110 1426 2409 1493 ἐπάγονται
2480 1426 2558 1496 τῷ
2630 1425 2922 1497 ἀνθρώπῳ,
2974 1427 3350 1499 δοκιμωτῲαν
3396 1427 3537 1480 οὕτω
3587 1428 3687 1482 καὶ

2113 1515 2476 1585 στερροτέραν
2506 1515 2872 1585 ἐργαζόμεναι
2899 1514 2998 1585 τὴν
3024 1514 3231 1584 ψυχήνο
3268 1514 3366 1567 καὶ
3403 1516 3557 1583 εῖπερ
3601 1515 3686 1577 είς

2110 1604 2265 1668 τέλος
2309 1604 2570 1674 ὑπομένοι
2624 1604 2743 1674 μετ’
2770 1604 2985 1667 ἐλπίδος
3024 1604 3123 1673 τῆς
3153 1603 3288 1674 πρὸς
3323 1603 3416 1656 τόν
3454 1602 3683 1672 Κύριον,

2110 1698 2390 1769 ἀμήχανον
2414 1697 2701 1767 ἀποτυχεῖν
2719 1696 2889 1768 αὐτὴν
2910 1699 3007 1766 τῆς
3037 1695 3363 1763 ἐπαγγελίας
3391 1694 3484 1749 τοῦ
3515 1695 3688 1748 Πνεύο

2116 1803 2303 1859 ματος,
2322 1786 2533 1858 καὶτῆς
2566 1786 2995 1858 ἀπολυτρώσεως
3026 1785 3135 1841 τῶν
3167 1786 3365 1852 κακίας
3395 1786 3602 1842 παθῶν.

2191 1961 2296 2020 lE'.
2324 1964 2536 2035 Ὥσπερ
2603 1962 2827 2028 πολλαῖς
2897 1964 3148 2033 βασάνοις
3190 1965 3576 2036 διωμιληκότες
3633 1966 3686 2020 οι

2117 2055 2413 2125 μάρτυρες,
2465 2055 2561 2110 καὶ
2616 2054 2846 2110 Θανάτου
2904 2058 3063 2129 μέχρι
3122 2057 3192 2111 τὰ
3229 2058 3326 2128 τῆς
3388 2059 3688 2130 καρτερίας

2116 2145 2540 2213 ἐπιδειξάμενοι,
2578 2148 2865 2217 στεφάνων
2906 2147 3050 2202 οὕτω
3088 2148 3189 2218 τῆς
3212 2148 3367 2218 δόξης
3396 2152 3687 2217 γεγόνασιν

2116 2238 2288 2301 ἄξιοι·
2328 2239 2420 2290 καὶ
2453 2238 2563 2308 ὅσῳ
2598 2238 2809 2292 πλείοσι
2852 2241 2946 2292 καὶ¹
2992 2239 3389 2309 χαλεπωτέροις
3421 2243 3532 2304 τοῖς
3562 2244 3688 2295 ἐπι.

2118 2331 2307 2392 πόνοις
2339 2331 2667 2401 ἐχρήσαντο,
2699 2331 2919 2384 πλείονα
2963 2331 3059 2384 καὶ
3088 2332 3189 2401 τὴν
3234 2331 3391 2397 δόξαν
3437 2332 3531 2386 καὶ
3584 2334 3687 2402 τὴν

2117 2420 2254 2490 πρὸς
2283 2420 2415 2473 Θεὸν
2440 2422 2741 2490 ἐκτήσαντο
2774 2422 3090 2492 παρρησίαν
3109 2437 3123 2452 ·
3165 2422 3256 2475 τὸν
3285 2420 3447 2474 αὑτὸν
3472 2423 3535 2493 δὴ
3559 2423 3691 2493 τρό-

2118 2528 2219 2566 πον
2251 2513 2345 2565 καὶ
2388 2512 2558 2581 ψυχαὶ
2606 2511 2885 2583 διαφόροις
2929 2513 3319 2583 παραδοθεῖσαι
3355 2513 3617 2582 θλίψεσιν,
3651 2514 3688 2583 ἢ

2116 2604 2195 2675 τῷ
2238 2604 2549 2676 φαινομένῳ
2592 2606 2711 2668 ταῖς
2754 2603 2815 2669 ἐξ
2860 2605 3164 2677 ἀνθρώπων
3201 2606 3618 2676 ἐπερχομέναις,
3654 2607 3689 2676 ἢ

2117 2694 2194 2765 τῷ
2226 2696 2498 2767 νοουμένῳ
2534 2696 2811 2767 λογισμοῖς
2860 2697 3081 2760 ἀτόποις
3117 2696 3507 2766 ἐγγινομένας.
3538 2696 3573 2766 ἢ
3600 2696 3693 2749 νά·-

2120 2807 2235 2853 σοις
2283 2792 2623 2860 σωματικαῖς
2670 2790 3155 2861 ἀποτικτομέναις,
3210 2793 3261 2844 εί
3312 2790 3473 2861 μέχρι
3502 2789 3692 2853 τέλους

2117 2882 2217 2953 τὴν
2254 2881 2532 2953 ὑπομονὴν
2564 2883 2904 2951 διενέγκωσι,
2934 2882 3044 2937 τῶν
3073 2882 3254 2937 αὐτῶν
3282 2885 3397 2945 τοῖς
3453 2882 3692 2954 μάρτυσι

2121 2976 2424 3045 στεφάνων,
2462 2974 2557 3029 καὶ
2586 2975 2688 3046 τῆς
2734 2975 2906 3045 αὐτῆς
2937 2975 3313 3042 δπιτεύξονται
3344 2975 3687 3047 παρρησίας’

2120 3070 2244 3124 ἐπεὶ
2271 3070 2369 3124 καὶ
2402 3069 2465 3124 τὸ
2496 3069 2796 3141 μαρτύριον
2845 3069 2955 3124 τῶν
3017 3068 3268 3137 θλίψεων,
3325 3069 3464 3141 ὅπερ
3497 3071 3691 3125 ἐκεῖνοι

440 3147 586 3215 apud
634 3149 807 3204 Deum
832 3163 1262 3241 consequentur
1304 3157 1645 3227 libertatem;
1679 3161 2018 3232 quandoqui-

2127 3159 2194 3213 δι’
2220 3158 2546 3231 ἀνθρώπων,
2577 3156 2722 3215 οῦτοι
2772 3159 2861 3214 διά
2901 3159 3012 3215 τῶν
3055 3159 3322 3230 πονηρίας
3364 3158 3692 3229 πνευμάτων

440 3238 564 3291 dem
616 3240 939 3310 martyrium
988 3243 1380 3312 aﬂlictionum,
1433 3250 1579 3318 quod
1630 3261 1901 3323 martyres
1950 3254 2018 3309 ab

2124 3252 2354 3315 ἐκείνοις
2413 3252 2828 3323 ἐνεργησάντων
2875 3250 3356 3322 ὑπομεμενηκότες
3410 3250 3535 3311 εἰσὶ,
3596 3251 3689 3302 καὶ

441 3326 760 3384 hominibus
789 3339 920 3385 sunt
941 3333 1112 3402 passi,
1144 3334 1198 3388 hi
1227 3336 1297 3391 ab
1323 3336 1781 3407 impressionibus
1803 3343 2023 3397 acerbis

442 3415 767 3475 infestorum
828 3420 963 3491 ipsis
1022 3423 1386 3494 malignorum
1430 3426 1724 3497 spirituum
1776 3430 2023 3500 pertule-

442 3520 607 3576 runt;
653 3525 716 3565 ac
760 3519 969 3581 quanto
1016 3513 1205 3583 plures
1254 3515 1311 3571 hi
1363 3531 1585 3588 quoque
1629 3520 2022 3591 gravioresque

440 3600 784 3658 adversantis
814 3603 1052 3661 insultus
1076 3606 1281 3662 diaboli
1325 3610 1571 3679 perpessi
1613 3610 1842 3675 fuerint,
1871 3620 2023 3668 tanto

440 3694 895 3754 abundantiorem
938 3699 1190 3769 gloriam,
1231 3717 1341 3757 non
1391 3702 1448 3757 in
1492 3702 1738 3759 futurum
1778 3703 1955 3758 solum
1989 3718 2022 3759 a

442 3785 555 3841 Deo
588 3788 886 3857 recipient;
917 3791 1011 3847 sed
1044 3802 1102 3848 et
1126 3792 1216 3848 hic
1239 3808 1462 3864 quoque
1496 3793 1743 3850 uberiori
1770 3793 2022 3851 beabun-

444 3888 534 3933 tur
568 3879 807 3947 Spiritus
833 3885 1226 3941 consolatione.

512 3969 649 4026 XVI.
687 3972 1141 4044 Quandoquidem
1190 3978 1247 4032 in
1292 3979 1545 4036 confesso
1587 3988 1693 4047 est,
1730 3992 1938 4038 arctam
1966 3993 2024 4038 et

442 4071 729 4132 angustam
759 4080 880 4120 esse
910 4067 1052 4123 viam
1082 4085 1207 4138 quae
1249 4069 1403 4125 ducit
1444 4071 1513 4127 ad
1542 4072 1742 4139 vitam;
1788 4073 2023 4144 ideoque

444 4170 649 4227 paucos
675 4171 818 4221 esse,
843 4159 937 4228 qui
973 4176 1069 4229 per
1091 4175 1213 4214 eam
1253 4168 1539 4217 transeunt
1570 4179 1585 4216 :
1616 4165 1797 4219 omnis
1819 4166 2022 4222 diaboli

444 4248 675 4301 tentatio
709 4258 931 4318 prepter
960 4250 1122 4305 nobis
1156 4251 1449 4319 repositam
1480 4248 1535 4306 in
1567 4254 1723 4308 ctelis
1753 4269 1905 4323 spem
1936 4272 2025 4311 ro-

443 4338 604 4391 buste
634 4354 698 4392 ac
732 4348 1048 4394 constanter
1074 4341 1397 4397 sustinenda
1420 4351 1537 4408 est;
1566 4354 2023 4416 quantascunque

445 4429 594 4483 enim
632 4428 850 4483 tandem
897 4429 1281 4487 tribulationes
1318 4431 1728 4500 pertulerimus,
1774 4435 1905 4502 quid
1940 4435 2027 4492 hae

2121 3345 2232 3415 ὅσῳ
2289 3344 2509 3408 πλείους
2561 3345 2656 3398 καὶ
2705 3338 2855 3399 οὗτοι
2913 3343 3010 3398 τοῦ
3055 3343 3431 3411 ἀντικειμένου
3485 3340 3685 3408 θλίψεις

2122 3437 2460 3506 ὑπήνεγκαν,
2485 3436 2723 3507 τοσούτῳ
2754 3438 2850 3491 καὶ
2876 3436 3099 3491 πλείονα
3120 3435 3220 3507 τὴν
3259 3435 3415 3501 δόξαν
3459 3434 3554 3485 οὐκ
3598 3432 3678 3493 είς

2120 3527 2183 3582 τὸ
2218 3528 2411 3599 μέλλον
2441 3528 2599 3597 μόνον
2622 3529 2688 3581 ὲκ
2707 3527 2842 3581 Θεοῦ
2873 3527 3190 3599 κομιοῦνται
3217 3526 3389 3581 κάλλά
3409 3522 3679 3578 κάνταῦθα

2125 3620 2226 3689 τῆς
2251 3617 2347 3673 τοῦ
2383 3618 2592 3691 ἀγαθοῦ
2624 3618 2941 3689 Πνεύματος
2982 3619 3375 3692 ἀξιωθήσονται
3403 3614 3713 3687 Μρακλὴοδν

2128 3727 2288 3774 σεως.

2196 3970 2317 4036 tq'.
2365 3965 2776 4038 Ἐπεὶδτοιαύτη
2826 3966 3174 4036 ὡμολόγηται
3197 3965 3230 4035 ἡ
3256 3964 3392 4035 πρὸς
3420 3963 3519 4036 τὴν
3552 3962 3695 4033 ζωὴν

2124 4061 2370 4133 φέρουσα
2402 4060 2561 4131 στενή
2590 4076 2648 4113 τε
2676 4060 2771 4113 καὶ
2795 4058 3149 4129 τεθλιμμένη,
3182 4057 3277 4111 καὶ
3305 4056 3393 4109 διὰ
3420 4055 3575 4109 τοῦτο
3602 4057 3696 4109 καὶ

2122 4155 2339 4224 ὀλίγους
2375 4153 2487 4223 ἔχει
2543 4154 2667 4217 τοὺς
2726 4153 2928 4221 ταύτην
2960 4150 3360 4221 διερχομένους,
3394 4149 3572 4203 πᾶσαν
3604 4146 3694 4200 τοῦ

2125 4243 2366 4316 πονηροῦ
2394 4247 2591 4315 πεῖραν
2640 4243 2730 4297 διὰ
2772 4244 2869 4314 τὴν
2899 4244 2957 4295 ὲν
3004 4242 3276 4312 οὐρανίοις
3299 4241 3691 4310 ἀποκειμένην,

2125 4334 2317 4393 ἐλπίδα
2361 4334 2605 4405 στερρῶς
2648 4332 3043 4402 ὑπομενετέον·
3075 4332 3205 4395 ὅσας
3235 4330 3343 4401 γὰρ
3378 4329 3444 4385 ἂν
3478 4330 3569 4383 καὶ
3596 4329 3695 4380 ύπ-

2126 4428 2446 4498 ενέγκοιμεν
2489 4426 2716 4497 θλίψεις,
2749 4427 2800 4479 τί
2830 4424 3079 4490 ἀντάξιον
3108 4424 3141 4497 ἢ
3169 4424 3305 4495 πρὸς
3352 4424 3449 4495 τὴν
3477 4422 3695 4494 μέλλου-

448 4520 879 4587 comparandum
925 4521 1147 4583 habent,
1200 4530 1293 4575 aut
1325 4538 1451 4577 cum
1496 4522 1684 4581 futura
1726 4525 2018 4593 repromis-

2128 4539 2227 4576 σαν
2262 4518 2678 4591 ὲπαγγελίαν,ἢ
2726 4518 2859 4590 πρὸς
2905 4519 3003 4587 τὴν
3042 4516 3293 4570 ἐντεῦθεν
3343 4515 3698 4584 ὲγγινομένην

447 4608 639 4674 sione;
673 4618 771 4663 aut
802 4626 925 4665 cum
957 4613 1069 4682 jam
1119 4612 1249 4667 hinc
1297 4613 1415 4669 dari
1460 4612 1620 4670 solita
1649 4616 2027 4673 consolatione

447 4700 579 4755 boni
613 4700 886 4771 Spiritus;
918 4711 1015 4758 aut
1042 4719 1167 4758 cum
1210 4704 1541 4762 liberatione
1572 4722 1602 4760 a
1632 4707 1866 4778 caligine
1896 4723 2028 4777 pra-

446 4804 639 4843 varum
686 4790 1146 4859 inclinationum;
1190 4803 1284 4849 aut
1314 4808 1441 4848 eum
1486 4796 1839 4852 multitudine
1871 4797 2029 4853 debi-

448 4888 650 4935 torum.
692 4881 812 4937 Non
844 4883 992 4940 enim
1024 4894 1147 4939 sunt
1177 4885 1299 4955 (ait)
1326 4887 1598 4957 condignae
1629 4890 1900 4959 passiones
1927 4892 2029 4944 Itu—

439 4971 533 5042 jus
567 4975 816 5043 temporis
847 4975 919 5029 ad
946 4975 1187 5045 futuram
1223 4976 1451 5047 gloriam
1479 4994 1597 5048 qua
1628 4978 1948 5033 revelabitur
1973 4983 2028 5035 in

448 5065 595 5118 nobis
624 5067 692 5117 ⁵⁵.
722 5064 919 5122 Omnia
947 5083 1098 5137 ergo.
1138 5077 1193 5124 ut
1240 5069 1449 5125 dictum
1483 5079 1588 5136 est,
1620 5070 1768 5126 ferre
1808 5070 2027 5126 fortiter

448 5155 737 5221 debemus,
768 5168 992 5231 propter
1023 5160 1347 5227 Dominum;
1396 5161 1475 5219 uti
1524 5162 1778 5233 generosi
1824 5162 2028 5219 milites

449 5263 519 5302 ne
546 5248 684 5303 mori
719 5251 943 5319 quidem
981 5268 1080 5322 pro
1107 5263 1298 5310 nostro
1333 5253 1659 5323 imperatore
1687 5254 2024 5311 dubitantes.

449 5340 562 5396 Cur
601 5342 773 5408 enim,
808 5344 1030 5412 quando
1069 5346 1275 5402 mundo
1300 5354 1356 5401 et
1385 5346 1740 5402 saecularibus
1779 5346 2032 5402 attende-

450 5434 647 5490 bamus
679 5435 868 5501 rebus,
900 5438 1180 5493 molestias
1208 5455 1321 5503 eas,
1355 5439 1411 5493 in
1445 5455 1581 5510 quas
1615 5449 1806 5511 postea
1834 5441 2030 5496 incidi-

452 5540 597 5592 mus,
618 5542 728 5582 non
749 5529 1205 5598 experiebamur;
1238 5531 1335 5586 sed
1363 5548 1510 5588 nunc
1538 5548 1664 5588 cum
1692 5532 2028 5589 accessimus

451 5616 520 5677 ad
570 5617 921 5677 serviendum
972 5620 1119 5687 Deo,
1152 5620 1485 5693 multiplices
1530 5624 1652 5682 illas
1698 5622 2029 5682 tentationes

530 5794 573 5827 "
601 5796 765 5853 Hebr.
800 5801 969 5863 xn,8.
1046 5804 1090 5835 ⁵⁵
1122 5804 1279 5859 Rom.
1317 5820 1427 5873 vtn,
1467 5806 1546 5861 l8.

2124 4618 2243 4678 ταῖς
2269 4615 2469 4684 ψυχαῖς
2499 4613 2606 4668 ὑπὸ
2632 4612 2727 4665 τοῦ
2755 4610 2960 4680 ἀγαθοῦ
2988 4609 3305 4678 Πνεύματος
3332 4608 3695 4680 παράκλησιν,

2125 4706 2161 4777 ἢ
2196 4704 2333 4774 πρὸς
2365 4704 2465 4774 τὴν
2520 4702 2901 4773 ἀπολύτρωσιν
2930 4700 3026 4755 τοῦ
3077 4700 3302 4763 σκότους
3346 4699 3459 4754 τῶν
3515 4698 3699 4752 παθῶν

2124 4800 2225 4867 τῆς
2258 4797 2477 4861 κακίας,
2511 4794 2543 4865 ἢ
2572 4795 2711 4865 πρὸς
2761 4795 2821 4847 τὸ
2850 4793 2960 4846 τῶν
2989 4791 3164 4862 χρεῶν
3194 4792 3397 4863 πλῆθος
3429 4790 3537 4845 τῶν
3570 4792 3703 4859 ἠμε-

2123 4889 2298 4959 τέρων
2346 4886 2651 4957 ἁμαρτιῶν,
2699 4885 3039 4954 είσοίσομεν;
3092 4886 3177 4938 Οὐ
3209 4884 3320 4955 γάρ
3357 4884 3516 4949 ἄξια,
3549 4882 3699 4949 φησὶ,

2128 4980 2208 5037 τὰ
2235 4978 2555 5047 παθήματα
2590 4976 2695 5032 τοῦ
2723 4975 2840 5029 νῦν
2865 4974 3073 5044 καιροῦ
3118 4973 3270 5043 πρὸς
3299 4974 3413 5042 τὴν
3435 4973 3702 5042 μέλλου-

2131 5087 2256 5127 σαν
2288 5070 2481 5134 δόξαν
2508 5066 3013 5137 ἀποκαλυφθῆναι
3029 5069 3116 5132 εἰς
3144 5065 3322 5135 ἡμᾶς.
3354 5066 3541 5119 Πάντα
3572 5066 3703 5135 γὰρ,

2133 5163 2209 5226 ὡς
2251 5162 2489 5231 είρηται,
2540 5158 2907 5229 καρτερητέον
2943 5158 3033 5212 διὰ
3076 5158 3167 5211 τὸν
3223 5159 3428 5231 Κύριον
3479 5159 3578 5223 δεῖ,
3614 5156 3705 5213 οἷα

2134 5254 2418 5323 γενναίους
2460 5251 2801 5323 στρατιώτας
2830 5250 2924 5303 τοῦ
2956 5249 3221 5320 βασιλέως
3246 5253 3278 5321 ὴ
3289 5251 3405 5321 μῶν
3429 5252 3707 5320 ὑπεραπο-

2136 5345 2488 5414 θνήσκοντας.
2517 5342 2615 5395 Διά
2640 5342 2693 5394 τί
2721 5341 2850 5411 γὰρ,
2885 5341 2976 5394 ὅτε
2999 5338 3075 5408 τῷ
3100 5339 3293 5410 κόσμῳ
3316 5341 3409 5394 καὶ
3435 5341 3546 5402 τοῖς
3578 5338 3707 5409 βιωο

2132 5440 2305 5500 τικοῖς
2357 5435 2725 5506 προσείχομεν
2778 5433 3126 5503 πράγμασιν,
3176 5432 3237 5485 ού
3304 5432 3565 5502 λυπηροῖς
3593 5449 3708 5485 τοι·

2133 5531 2314 5593 ούτοις
2341 5530 2779 5601 περιεπίπτομεν
2805 5570 2821 5595 ,
2850 5527 2989 5581 ἀλλά
3035 5526 3131 5581 νῦν
3159 5527 3284 5582 ἐπεὶ
3326 5524 3706 5596 προσήλθομεν

2132 5622 2416 5680 δουλεῦσαι
2469 5621 2609 5694 Θεῷ,
2650 5625 2779 5688 τοῦς
2820 5621 3190 5688 πολυτρόπους
3241 5620 3462 5684 τούτους
3511 5635 3709 5691 πειρα-
