4020 6442
313 411 416 479 943
1342 426 1572 486 LIBER
1610 424 1709 487 DE
1751 424 1906 486 LIBI

2010 424 2177 484 ΓΑΤΕ
2215 425 2521 487 MENTIS.
3478 425 3585 494 950

325 536 492 605 σμοὺς
540 531 926 608 ὓπομένομενς
975 540 1137 612 Ὁρᾷς
1192 538 1274 595 δτι
1319 539 1406 594 διά
1440 539 1531 595 τὸν
1578 538 1813 611 Χριστὸν
1847 539 1903 591 ai

2010 538 2278 608 patimur?
2303 539 2458 593 vides
2504 547 2729 608 preptcr
2756 537 3038 594 Christum
3081 535 3181 592 has
3226 536 3283 592 in
3332 550 3433 592 nos
3481 539 3587 592 ini-

326 633 552 703 θλίψεις,
576 632 902 701 φθονοῦντος
937 634 1069 703 ἡμῖν
1099 632 1193 684 τοῦ
1232 631 1608 702 ἀντικειμένου
1664 630 1766 699 τῆς
1796 629 1906 683 τῶν

2010 633 2151 687 mitti
2184 632 2505 687 afﬂictiones
2527 633 2594 687 ab
2617 633 2931 689 adversario
2955 632 3237 687 invidente
3269 631 3426 687 nobis
3463 647 3589 701 spe-

325 724 700 795 ὲλπιζομένων
754 723 1183 785 ἀνταποδόσεως,
1226 720 1497 793 χαύνωσίν
1525 740 1584 774 τε
1616 722 1708 781 καὶ
1734 720 1905 792 ρᾳθυ-

331 817 459 883 μίαν
508 816 759 869 ἐνθέσθαι
814 817 935 877 ταῖς
982 813 1283 884 ἡμετέραις
1330 810 1654 883 βουλομένου
1682 810 1904 881 ψυχαῖς,

335 912 420 962 ἵνα
472 908 549 979 μὴ
603 908 912 978 εὐαρέστως
970 904 1234 977 ζήσαντες
1290 905 1497 960 τούτων
1560 904 1902 975 ἀξιωθῶμεν.

328 1002 503 1053 Πᾶσαι
536 1001 590 1052 αῖ
631 998 754 1052 καθ’
783 999 941 1069 ὴμῶν
998 998 1207 1051 ἐκείνου
1268 996 1506 1069 μηχαναὶ
1559 994 1774 1049 λύονται
1837 994 1904 1065 τῇ

324 1089 419 1142 τοῦ
477 1089 714 1160 Χριστοῦ
772 1089 1091 1159 συμμαχίᾳ·
1150 1088 1242 1142 καὶ
1320 1088 1413 1140 τὸν
1484 1084 1905 1157 ύπερασπιστὴν

325 1181 485 1252 ήμῶν
517 1182 614 1236 καὶ
640 1182 957 1250 ὑπέρμαχον
987 1181 1216 1243 ἐκεῖνον,
1248 1175 1664 1247 ἐνθυμηθῶμεν,
1696 1176 1777 1228 δτι
1810 1173 1905 1227 καὶ

332 1273 493 1335 αὐτὸς
546 1273 638 1324 τὸν
691 1270 864 1325 αἰῶνα
916 1271 1104 1323 τοῦτον
1135 1269 1281 1323 οὕτω
1311 1269 1616 1331 διώδευσεν,
1646 1263 1904 1327 ὀνειδιζό-

330 1381 511 1433 μενος,
546 1363 896 1431 διωκόμενος,
932 1362 1366 1430 ὲμπαιζόμενος,
1399 1360 1551 1423 τέλος
1590 1358 1686 1413 καὶ
1722 1358 1905 1429 ἀτίμῳ

329 1456 541 1526 Θανάτῳ
566 1455 655 1508 διά
684 1453 917 1524 σταυροῦ
947 1452 1337 1523 τελειούμενος.

402 1632 499 1688 1Ζ’.
538 1634 710 1705 Εἴπερ
747 1632 1069 1704 βουλοίμεθα
1130 1633 1308 1704 θλίψιν
1357 1634 1577 1688 ἃπασαν
1630 1632 1725 1688 καὶ
1780 1635 1905 1697 τοὺς

337 1728 674 1796 πειρασμοὺς
716 1727 1007 1795 ὑπομένειν
1043 1726 1256 1797 ῥᾳδίως,
1278 1729 1307 1780 ὁ
1336 1726 1423 1780 διὰ
1473 1727 1707 1798 Χριστὸν
1740 1726 1906 1780 θάνα-

335 1833 425 1879 τος
471 1818 805 1888 ἐπιθυμητὸς
856 1819 987 1886 ἡμῖν
1033 1815 1191 1883 ἔστω,
1226 1818 1319 1870 καὶ
1349 1819 1453 1887 πρὸ
1483 1818 1747 1888 ὀμμάτων
1789 1818 1905 1870 δια-

342 1910 561 1971 παντός.
614 1908 864 1963 Τοιοῦτον
893 1908 1001 1977 γάρ
1031 1910 1160 1978 ἡμῖν
1191 1910 1282 1962 καὶ
1304 1909 1606 1980 ἐπίταγμα,
1626 1909 1718 1962 τὸν
1737 1927 1902 1963 σταυ-

336 2002 425 2071 ρὸν
456 2001 708 2069 αἴροντας
738 2001 887 2069 αύτῷ
919 2000 1232 2054 ἀκολουθεῖν
1253 2018 1267 2030 ⁸
1314 2002 1453 2070 ὅπερ
1500 2002 1668 2067 ἐστὶν,
1714 2002 1905 2071 εὑτρεο

331 2095 453 2157 πεῖς
478 2090 616 2148 εἶναι
660 2094 755 2145 καὶ
789 2093 1036 2161 ἑτοίμους
1066 2094 1202 2163 πρὸς
1238 2093 1301 2146 τὸ
1339 2095 1649 2149 ἀποθανεῖν.
1686 2094 1784 2146 Ἂν
1812 2092 1904 2146 οὖ-

329 2200 407 2235 τω
443 2181 883 2255 δια[τε]θειμένοι
915 2177 1086 2252 ὦμεν,
1117 2186 1319 2249 πᾶσαν,
1355 2184 1429 2247 ὡς
1460 2185 1700 2256 εἴρηται,
1728 2185 1905 2255 θλίψιν

331 2275 507 2343 ἀφανῆ
544 2290 602 2326 τε
624 2275 716 2326 καὶ
739 2275 903 2344 δήλην
926 2275 1067 2328 κατὰ
1094 2277 1228 2329 πολὺ
1255 2276 1316 2330 τὸ
1339 2278 1466 2348 ῥᾷον
1502 2278 1901 2348 ὑπομενοῦμεν.

347 2364 404 2415 ’0
449 2364 556 2434 γὰρ
597 2364 692 2416 καὶ
745 2366 1038 2419 ἀποθανεῖν
1082 2366 1223 2435 ὑπὲρ
1254 2365 1492 2436 Χριστοῦ
1520 2369 1587 2420 δι’
1610 2369 1905 2439 ἐπιθυμίας

333 2455 490 2524 ἔχων,
522 2456 683 2525 σχολῇ
711 2457 761 2524 γ’
792 2458 859 2510 ἂν
891 2456 1025 2524 πρὸς
1054 2457 1122 2511 τὰ
1155 2457 1389 2510 ἐπίπονα
1420 2460 1513 2513 καὶ
1552 2460 1773 2532 λυπηρά
1815 2462 1906 2515 δυ·-

333 2548 610 2616 σχεράναι.
660 2548 814 2618 Παρά
864 2548 1022 2601 τοῦτο
1067 2548 1170 2618 γὰρ
1225 2550 1319 2603 καὶ
1369 2551 1588 2623 βαρείας
1621 2547 1759 2605 εἶναι
1807 2554 1905 2616 τὰς

332 2638 537 2709 θλίψεις
576 2640 879 2711 ἡγούμεθα,
912 2643 1064 2712 παρά
1093 2642 1153 2694 τὸ
1211 2639 1284 2714 μὴ
1340 2642 1432 2696 τὸν
1487 2644 1626 2715 ὑπὲρ
1672 2644 1905 2714 Χριστὸν

333 2730 560 2782 θάνατον
616 2729 954 2800 καταθύμιον
1012 2730 1177 2801 ἔχειν,
1213 2732 1349 2802 μηδὲ
1404 2733 1636 2786 πάντοτε
1682 2732 1905 2803 Χριστῷ

331 2820 428 2889 τὴν
472 2821 713 2875 διάνοιαν
748 2823 1011 2893 ἀναρτᾷν.
1052 2822 1110 2876 '0
1151 2824 1207 2876 δὲ
1262 2824 1469 2876 ἐκεῖνον
1498 2824 1905 2894 κληρονομῆσαι

334 2911 641 2980 ἐπιθυμῶν,
676 2912 768 2966 καὶ
804 2913 873 2966 τά
903 2913 1070 2966 αὑτοῦ
1098 2914 1243 2985 πάθη
1282 2912 1502 2985 ζηλοῦν,
1532 2915 1735 2986 ὁμοίως
1785 2918 1902 2970 ἐπι-

332 3002 594 3070 θυμείτω.
622 3003 783 3057 Ὥστε
826 3004 875 3055 οἱ
923 3004 1013 3057 τὸν
1046 3005 1253 3077 Κύριον
1302 3007 1523 3077 ἀγαπᾷν
1567 3006 1816 3076 λέγοντες
1845 3009 1905 3061 ὲν

330 3093 504 3164 τούτῳ
536 3094 759 3166 φανεροὶ
807 3096 1068 3164 γίνονται,
1103 3098 1162 3152 ἑν
1190 3098 1270 3170 τῷ
1318 3100 1497 3153 πᾶσαν
1543 3098 1720 3169 θλίψιν
1747 3103 1906 3173 ὲπερ-

2009 734 2153 780 ratas
2195 725 2606 790 retributiones,
2639 727 3071 796 languoremque
3105 742 3167 779 ac
3202 725 3468 779 desidiam
3502 723 3587 778 in-

2004 819 2175 891 jicere
2206 818 2494 873 animabus
2534 818 2739 872 nostris
2767 819 3045 881 Studente,
3080 832 3150 872 ne
3183 817 3249 871 ad
3281 817 3376 871 Dei
3415 817 3584 870 bene-

2007 908 2267 980 placitum
2297 908 2406 962 vita
2454 913 2747 971 transacta,
2798 906 3083 976 promissis
3133 905 3373 975 prmmiis
3413 905 3581 959 done-

2007 1016 2151 1055 mur.
2179 999 2379 1055 Omnes
2419 999 2535 1069 ejus
2564 1007 2753 1052 contra
2790 1013 2890 1051 nos
2935 984 3103 1053 irrita!
3148 996 3283 1052 fiunt
3315 998 3584 1051 machina:

2006 1092 2167 1148 nobis
2196 1106 2318 1145 cum
2351 1088 2571 1144 Christo
2596 1088 2981 1158 pugnantibus.
3018 1088 3117 1141 llic
3150 1090 3297 1142 enim
3330 1106 3579 1157 magnus,

2007 1182 2098 1239 hic
2126 1183 2363 1237 invictus
2402 1180 2563 1234 nobis
2592 1186 2868 1248 protector
2897 1188 2953 1232 et
2980 1189 3353 1247 propugnator
3387 1189 3581 1247 praesto

2004 1283 2111 1330 est.
2166 1272 2504 1341 chutemus
2548 1270 2775 1333 animo,
2824 1269 3001 1337 ipsum
3060 1283 3307 1336 quoque,
3363 1271 3580 1336 quandn

2006 1362 2359 1436 pertransivit
2406 1362 2511 1415 hoc
2556 1360 2854 1423 smculum,
2901 1358 3213 1428 epprobriis
3259 1370 3543 1413 oneratum

2008 1455 2406 1524 impugnatum,
2447 1451 2691 1513 irrisum,
2729 1449 2968 1518 denique
3004 1448 3363 1518 ignominiosa
3408 1460 3579 1501 morte

2005 1562 2104 1618 per
2130 1560 2347 1599 crucem
2383 1551 2817 1599 consummatum
2843 1556 2983 1595 esse.

2076 1636 2238 1691 XVll.
2272 1633 2329 1690 Si
2360 1633 2698 1688 voluerimus
2732 1647 2947 1685 omnem
2994 1628 3340 1685 amictionem
3376 1639 3431 1685 et
3466 1640 3584 1685 ten-

2007 1728 2241 1783 tationes
2282 1726 2553 1781 sustinere
2601 1724 2779 1789 facile,
2828 1738 2973 1777 mors
3026 1733 3251 1792 propter
3301 1722 3582 1777 Christum

2007 1828 2226 1889 eptetur
2262 1833 2291 1871 a
2329 1817 2510 1882 nobis,
2536 1824 2591 1869 ct
2620 1815 2666 1869 is
2694 1830 2892 1884 scopus
2917 1816 3027 1867 voti
3062 1814 3234 1868 nostri
3263 1815 3584 1868 obversetur

2006 1919 2272 1982 perpetuo
2302 1908 2504 1963 mentis
2544 1916 2743 1962 nostrae
2773 1906 2964 1961 oculis.
2998 1905 3054 1960 ld
3088 1905 3289 1975 quippe
3320 1914 3402 1958 est
3426 1904 3585 1959 nobis

2006 2009 2361 2069 prmceptum,
2400 2008 2459 2052 ut
2492 1998 2746 2053 tollamus
2774 2013 2991 2052 crucem
3033 2006 3272 2050 nostram
3306 2005 3359 2051 et
3386 2012 3584 2065 sequa-

2007 2106 2131 2143 mur
2165 2089 2375 2159 ipsum;
2422 2089 2568 2157 quod
2615 2088 2906 2159 signiﬁcat,
2942 2098 3158 2158 paratos
3191 2102 3292 2142 nos
3327 2102 3445 2142 esse
3492 2088 3588 2143 de—

2007 2178 2138 2236 bere
2182 2181 2254 2235 ad
2302 2180 2668 2235 moriendum.
2717 2178 2773 2234 Si
2820 2180 2901 2234 sic
2954 2179 3134 2233 affecti
3188 2178 3585 2249 prceparatique

2006 2276 2190 2329 animo
2224 2274 2509 2339 fuerimus,
2545 2289 2783 2338 omnem,
2832 2283 2895 2328 ut
2935 2273 3139 2327 dictum
3184 2281 3288 2338 est,
3341 2273 3588 2328 afﬂictio~

2005 2382 2131 2422 nem
2163 2368 2437 2421 internam
2462 2375 2517 2422 et
2546 2376 2897 2436 apparentem
2944 2364 3207 2419 facilitate
3246 2364 3586 2434 perferemus

2006 2474 2222 2528 magna.
2250 2458 2386 2512 Mori
2413 2458 2558 2511 enim
2590 2458 2778 2527 utique
2808 2470 2908 2525 pro
2937 2455 3154 2510 Christo
3189 2457 3438 2525 cupiens,
3466 2473 3589 2526 quae

2008 2551 2229 2604 tandem
2256 2564 2397 2619 aegre
2426 2547 2572 2602 ferre
2599 2547 2827 2602 adversa
2856 2547 2939 2601 vel
2986 2548 3211 2601 molesta
3252 2547 3487 2616 poterit?
3517 2547 3587 2600 ob

2007 2640 2111 2695 hoc
2148 2640 2324 2710 ipsum
2369 2638 2515 2693 enim
2561 2654 2759 2707 graves
2790 2654 2911 2694 esse
2954 2646 3213 2707 putamus
3243 2637 3585 2699 afilietiones,

2006 2730 2132 2800 quia
2166 2730 2324 2784 nobis
2371 2744 2482 2782 non
2527 2727 2707 2798 placet
2750 2743 2850 2797 pro
2876 2726 3096 2783 Christo
3140 2728 3300 2789 mori,
3332 2742 3434 2781 nec
3464 2740 3589 2795 spes

2006 2838 2069 2876 ac
2120 2822 2360 2875 rationes
2406 2828 2621 2875 nostras
2666 2836 2734 2874 ex
2777 2836 2843 2874 eo
2888 2820 3088 2875 ducere
3137 2835 3452 2889 suspensas.
3482 2818 3588 2885 Qui

2005 2928 2138 2967 vero
2165 2913 2443 2967 Christum
2470 2910 2775 2981 possidere,
2804 2918 2860 2964 et
2886 2919 2994 2965 tam
3025 2909 3263 2979 opimam
3295 2908 3589 2964 hmredita-

2008 3013 2116 3059 tem
2153 3003 2433 3059 desiderat
2463 3017 2712 3066 cernere,
2744 3003 2865 3071 ejus
2893 3016 3113 3071 quoque
3149 3000 3348 3055 imitari
3378 2999 3589 3069 passio-

2005 3110 2105 3150 nes
2163 3094 2417 3150 similiter
2467 3092 2841 3163 concupiscat.
2891 3092 3071 3158 Quare
3131 3092 3226 3161 qui
3278 3106 3337 3145 se
3398 3091 3591 3144 dicunt

331 3183 567 3253 χομένην
602 3184 663 3238 οὐ
699 3186 961 3254 γενναίως
985 3188 1167 3257 μόνον,
1201 3188 1341 3244 ἀλλά
1371 3190 1465 3245 καὶ
1494 3191 1792 3265 προθύμως
1816 3193 1904 3248 διά

2010 3202 2190 3241 amare
2219 3184 2534 3249 Dominum,
2566 3183 2622 3237 in
2652 3198 2719 3239 eo
2756 3182 3234 3246 demonstrabunt,
3271 3197 3338 3236 an
3372 3196 3503 3237 vere
3535 3181 3589 3235 id

331 3272 427 3344 τὴν
448 3274 527 3338 είς
555 3276 717 3330 αὐτὸν
746 3276 931 3348 φέρειν
950 3278 1163 3336 ἐλπίδα.

400 3533 509 3589 IH'.
537 3532 659 3606 Χρὴ
697 3533 961 3608 πρότερον
984 3532 1083 3590 τὸν
1102 3532 1417 3606 τῷιΧριστῷ
1442 3533 1903 3606 προσεληλυθότα,

332 3632 428 3681 καὶ
459 3627 598 3694 πρὸς
651 3627 771 3696 βίαν
826 3628 962 3697 πρὸς
1010 3627 1073 3679 τὺ
1121 3627 1325 3694 ἀγαθὸν
1354 3626 1534 3680 ἕλκειν
1567 3629 1782 3692 ἑαυτὸν,
1808 3630 1908 3682 οὐκ

333 3716 623 3786 ιθελούσης
670 3716 825 3786 ἡμῶν
848 3718 946 3785 τῆς
999 3716 1225 3786 καρδίας
1244 3734 1257 3747 ο
1281 3717 1544 3777 Βιάζεται
1572 3718 1701 3788 γάρ,
1741 3720 1907 3790 φησιν

332 3810 361 3862 ὁ
388 3807 623 3878 ἀψευδὴς
650 3806 875 3876 Κύριος,
927 3808 966 3876 ἡ
994 3808 1285 3871 ,βασιλεία
1314 3809 1435 3862 τῶν
1467 3808 1759 3876 οὐρανῶν,
1806 3810 1905 3862 καὶ

329 3898 584 3965 βιασταὶ
633 3897 1003 3965 ἁρπάζουσιν
1055 3897 1284 3965 αὑτήν·
1320 3900 1683 3967 ἀγωνίζεσθαι
1744 3902 1907 3956 πάλιν

336 3991 498 4047 αὐτὸν
528 3990 791 4043 εἰσελθεῖν
836 3990 925 4044 διὰ
969 3993 1069 4059 τῆς
1103 3991 1297 4061 στενῆς
1326 3990 1521 4061 θύρας.
1553 3993 1673 4062 Χρὴ
1701 3994 1904 4057 τοίνυν,

334 4083 408 4146 ὼς
438 4084 671 4153 εἴρηται,
731 4083 824 4135 καὶ
862 4082 1002 4135 κατά
1036 4083 1097 4135 τὸ
1155 4082 1457 4154 ἀϐούλητον
1514 4086 1740 4147 ἑαυτοὺς
1773 4086 1905 4155 πρὸς

332 4174 431 4244 τὴν
457 4174 659 4244 ἀρετὴν
693 4171 979 4239 συνωθεῖν,
1005 4174 1141 4241 πρὸς
1170 4173 1390 4243 ἀγάπην
1420 4173 1496 4244 μὴ
1530 4174 1748 4244 ἔχοντας
1777 4177 1911 4243 ἀγά-

334 4282 461 4337 πην,
493 4266 628 4335 πρὸς
664 4265 951 4335 πραότητα
992 4264 1198 4335 ταύτης
1229 4266 1390 4330 ὄντας
1434 4268 1493 4319 ὲν
1520 4268 1743 4338 ἀπορίᾳ,
1775 4269 1910 4337 πρὸς

334 4356 397 4408 τὸ
422 4356 710 4426 συμπαθὲς
748 4358 841 4409 καὶ
885 4356 1272 4426 φιλάνθρωπόν
1319 4357 1420 4426 τὴν
1474 4359 1703 4431 καρδίαν
1739 4359 1906 4430 ἐχειν,

335 4447 471 4517 πρὸς
500 4448 560 4499 τδ
612 4446 904 4516 ἀνέχεσθαι
959 4448 1182 4517 ἀτιμίας
1235 4450 1330 4502 καὶ
1378 4450 1761 4519 παροράσεως,
1814 4450 1911 4505 καὶ

2004 3276 2297 3340 aiiirment,
2336 3276 2382 3330 si
2416 3290 2634 3330 omnem
2670 3274 2804 3344 ipsis
2833 3273 3309 3344 supervenientem
3335 3272 3588 3326 afﬂictio-

2002 3383 2129 3423 nem
2181 3383 2291 3422 non
2346 3381 2610 3437 generose
2657 3365 2851 3429 modo,
2902 3365 2998 3420 sed
3046 3364 3284 3419 libenter
3334 3364 3500 3417 etiam
3535 3370 3592 3417 et

2004 3466 2274 3521 amanter,
2307 3456 2380 3510 ob
2412 3472 2566 3525 spem
2600 3454 2656 3509 in
2696 3456 2815 3524 ipso
2847 3455 3102 3523 positam,
3148 3453 3448 3524 p'erferant.

2077 3548 2267 3608 XVIII.
2304 3548 2465 3613 Eum,
2507 3548 2601 3618 qui
2649 3546 2718 3602 ad
2765 3546 3044 3603 Christum
3093 3545 3345 3606 accessit,
3373 3551 3595 3614 oportet

2006 3650 2132 3695 ante
2176 3639 2381 3705 omnia,
2427 3640 2592 3693 etiam
2637 3654 2737 3709 per
2767 3638 2876 3693 vim
2920 3638 2989 3691 ad
3033 3638 3239 3692 bonum
3287 3637 3503 3691 trahere
3533 3652 3594 3691 se

2007 3731 2207 3799 ipsum,
2239 3727 2492 3797 quamvis
2525 3727 2832 3781 reluctante
2864 3734 3058 3781 nostro
3085 3726 3274 3780 corde.
3310 3724 3421 3779 Vim
3452 3728 3592 3779 enim

2006 3822 2210 3892 patitur
2235 3820 2396 3890 215
2424 3820 2521 3889 (ait
2550 3818 2773 3872 mentiri
2805 3819 3026 3873 nescius
3051 3817 3339 3888 Dominus)
3370 3834 3592 3888 regnum

2006 3909 2278 3973 caelorum,
2316 3919 2364 3962 et
2405 3908 2620 3963 violenti
2657 3910 2876 3979 rapiunt
2919 3908 3055 3962 illud
3086 3909 3155 3962 ".
3194 3910 3343 3978 Opus
3373 3923 3593 3977 quoque

2006 4010 2093 4055 est
2119 4000 2373 4055 eumdem
2402 4000 2739 4055 contendere
2774 4001 2977 4055 intrare
3013 4016 3111 4071 per
3145 4008 3430 4070 angustam
3465 4014 3596 4068 por-

2009 4100 2141 4146 tam.
2174 4090 2401 4161 Oportet
2438 4091 2623 4162 igitur,
2656 4100 2717 4145 ut
2749 4091 2957 4145 dictum
2993 4099 3099 4154 est,
3145 4090 3292 4161 ipsos
3323 4090 3406 4144 vel
3451 4089 3593 4143 invi-

2011 4189 2096 4236 tos
2144 4182 2365 4251 adigere
2416 4196 2474 4236 se
2527 4182 2595 4236 ad
2644 4181 2941 4247 virtutem;
2994 4181 3062 4235 ad
3107 4180 3453 4241 charitatem,
3496 4179 3597 4248 qui

2010 4272 2276 4326 charitate
2310 4279 2529 4337 carent;
2578 4273 2644 4327 ad
2691 4272 3194 4336 mansuetudinem,
3225 4270 3320 4341 qui
3354 4271 3455 4323 hac
3504 4270 3589 4322 in-

2010 4364 2235 4435 digent;
2287 4363 2354 4417 ad
2403 4363 2716 4417 habendum
2756 4378 2852 4418 cor
2907 4364 3208 4418 humanum
3252 4372 3309 4417 et
3353 4361 3599 4417 miseriis

2011 4454 2207 4511 alienis
2261 4455 2629 4524 compatiens,
2688 4456 2820 4525 quin
2881 4455 3047 4510 etiam
3106 4455 3174 4509 ad
3242 4454 3592 4508 sustinendas

331 4541 444 4602 τοῖς
472 4538 911 4606 ὲξουθενημένοις
935 4538 1291 4609 ἐγκαρτερεῖν
1312 4555 1324 4568 ·
1350 4540 1504 4593 οὔπω
1519 4541 1722 4612 ταύτην
1745 4544 1906 4612 ἐσχη-

2014 4563 2172 4617 :equo
2219 4547 2403 4600 animo
2444 4548 2767 4617 ignominias
2814 4555 2871 4601 et
2918 4548 3231 4618 despectus,
3265 4558 3321 4602 et
3360 4548 3414 4600 in
3461 4560 3601 4615 pace

346 4632 511 4694 κὸτας
537 4630 637 4701 τὴν
684 4631 800 4694 ἕξιν
829 4625 966 4700 πὼς
996 4630 1179 4701 εὐχὴν,
1210 4634 1375 4702 μήπω
1406 4635 1721 4703 Πνεύματος
1754 4633 1906 4706 εὐχὴι

2016 4638 2325 4693 durandum
2361 4638 2528 4691 etiam
2560 4654 2687 4692 eum
2718 4639 3099 4709 vilipenditur.
3133 4639 3282 4706 Quos
3323 4640 3403 4693 sic
3436 4637 3591 4690 labo-

332 4724 720 4794 κεκτημένονς.
749 4725 843 4775 Ἂν
862 4723 1033 4787 οὕτως
1059 4725 1534 4793 ἀγωνιζομένους-«3
1551 4725 1683 4785 Θεὸς
1704 4726 1808 4798 ἴδῃ,
1825 4728 1906 4779 καί

2016 4734 2162 4787 riose
2207 4740 2485 4787 certantes
2545 4733 2691 4787 Deus
2734 4733 2969 4800 viderit,
3022 4734 3484 4804 subjugantesque
3536 4740 3595 4784 ut

332 4814 643 4882 ἀναγκαίως
668 4813 914 4877 ἑαυτοὺς,
949 4814 1417 4886 ἀντιπραττούσης
1432 4814 1619 4887 ὥσπερ
1647 4819 1806 4887 ἡμῶν
1824 4818 1906 4888 τῆς

2014 4826 2187 4879 multa
2220 4824 2576 4879 rebellantem
2606 4825 2878 4880 inutiliter
2904 4834 3179 4889 naturam,
3206 4836 3259 4878 et
3282 4823 3595 4891 frangentes

333 4906 581 4975 καρδίας,
604 4905 738 4975 πρὸς
764 4904 824 4957 τὸ
844 4905 1045 4974 ἀγαθὸν
1068 4906 1347 4969 ἕλκοντας,
1366 4907 1580 4960 δίδωσιν
1606 4908 1771 4985 εὐχὴν
1788 4909 1919 4981 ἀλη-

334 4996 506 5064 θινὴν,
529 4997 707 5050 δίδωσι
731 4997 1014 5067 σπλάγχνα
1040 4997 1359 5069 οἰκτιρμῶν,
1385 4999 1681 5070 ὑπομονὴν,
1706 5018 1915 5071 μακρο-

334 5082 553 5154 θυμίαν,
612 5088 707 5140 καὶ
766 5087 1103 5153 ἁπαξαπλῶς
1156 5090 1354 5160 πληροῖ
1391 5091 1776 5162 πάντωνημᾶς
1805 5092 1915 5144 τῶν

335 5176 561 5245 καρπῶν
586 5178 679 5231 τοῦ
714 5179 1051 5250 Πνεύματος.
1067 5180 1128 5233 Ei
1158 5180 1214 5234 δέ
1238 5198 1320 5244 τις
1354 5182 1447 5236 καὶ
1464 5182 1572 5235 τῶν
1594 5182 1767 5237 ἄλλων
1787 5185 1917 5254 ἀρε-

337 5265 447 5319 τῶν
483 5267 699 5338 ἐπιδεὴς
728 5268 825 5333 ὣν,
855 5272 991 5338 πρὸς
1022 5272 1123 5341 μὲν
1168 5271 1332 5341 εὐχὴν
1378 5272 1546 5344 μόνην
1571 5277 1619 5326 εί
1646 5275 1796 5345 τύχοι
1819 5276 1913 5330 καὶ

340 5358 731 5428 παραϐιάζοιτο
748 5362 962 5428 ἑαυτὸν,
988 5361 1127 5415 ὥστε
1147 5365 1295 5433 σχεῖν
1314 5362 1477 5433 εὐχῆς
1495 5363 1761 5434 χάρισμα,
1777 5366 1912 5436 πρὸς

336 5448 395 5503 δέ
425 5465 488 5517 γε
533 5450 837 5519 πραότητα,
865 5453 1004 5523 πρὸς
1032 5452 1529 5524 ταπεινοφροσύνην
1554 5471 1612 5506 τε
1654 5458 1748 5508 καὶ
1774 5456 1911 5523 ἀγά-

336 5560 471 5613 πην,
516 5544 610 5597 καὶ
660 5546 770 5598 πᾶν
813 5545 874 5598 τὸ
918 5546 1136 5615 εὐγενὲς
1186 5546 1352 5617 φῦλον
1378 5546 1485 5601 τῶν
1515 5548 1745 5618 ἀρετῶν.
1786 5550 1907 5601 Ἐτι

334 5637 426 5691 καὶ
452 5636 589 5709 πρὸς
623 5637 684 5691 τὸ
711 5636 928 5708 βέϐαιον
952 5634 1093 5696 εἶναι
1122 5640 1221 5714 τὴν
1244 5640 1428 5696 πίστιν
1456 5641 1551 5694 καὶ
1577 5640 1677 5713 τὴν
1708 5641 1904 5696 πεποί-

406 5817 451 5850 “
494 5814 681 5875 Matth.
726 5832 797 5882 XI,
836 5818 916 5873 12.

2016 4917 2419 4971 contumaciam
2465 4917 2649 4971 cordis
2703 4918 2846 4971 trahi
2895 4918 2962 4972 ad
3014 4918 3217 4971 bonum
3267 4916 3591 4979 recusantis,

2011 5020 2108 5061 eos
2142 5006 2243 5060 etsi
2274 5007 2520 5061 nondum
2570 5009 2807 5062 orationi
2841 5007 3220 5072 assueverint;
3253 5016 3310 5061 et
3347 5006 3593 5060 nondum

2011 5096 2271 5166 precandi
2304 5097 2510 5151 donum
2549 5097 2785 5166 Spiritus
2826 5097 3009 5166 adepti
3056 5096 3294 5163 fuerint;
3351 5096 3457 5151 illis
3503 5098 3598 5151 dat

2013 5192 2321 5246 orationem
2344 5207 2552 5255 veram,
2578 5191 2672 5244 dat
2697 5192 2908 5245 viscera
2936 5191 3346 5258 misericordize,
3379 5194 3596 5262 patien-

2010 5282 2165 5346 tiam,
2212 5281 2706 5351 longanimitatem,
2746 5292 2824 5349 et,
2856 5291 2915 5336 ut
2954 5283 3122 5339 semel
3173 5284 3371 5349 dicam,
3424 5285 3597 5352 replet

2018 5385 2119 5423 nos
2144 5370 2402 5425 omnibus
2434 5371 2707 5425 fructibus
2753 5371 3009 5441 Spiritus.
3054 5372 3110 5429 Si
3143 5389 3274 5429 vero
3305 5374 3427 5443 quis
3459 5374 3593 5427 alia-

2018 5478 2138 5514 rum
2172 5462 2394 5530 quidem
2427 5478 2594 5532 egens
2620 5464 2887 5518 virtutum
2934 5465 3039 5532 sit;
3077 5465 3143 5521 ad
3178 5466 3480 5519 orationem
3515 5474 3595 5519 ta-

2015 5567 2140 5605 men
2171 5553 2340 5606 solam
2383 5554 2559 5623 ipsum
2590 5556 2891 5627 contingat,
2912 5556 2966 5609 vi
2994 5558 3160 5611 etiam
3192 5556 3297 5611 sibi
3326 5556 3469 5610 facta
3505 5556 3594 5609 in—

2009 5644 2307 5711 cumbere;
2342 5646 2416 5701 ita
2443 5653 2503 5700 ut
2528 5646 2731 5702 donum
2765 5647 3033 5705 orationis
3055 5647 3278 5719 aliquod
3306 5654 3601 5705 assecutus
