4020 6452
469 388 569 458 951
1704 392 1762 452 S-
1806 392 2128 454 MACARlI
2169 392 2494 454 ASGYPTII
3645 389 3760 453 952

472 506 580 571 sit;
613 503 680 561 ad
728 505 1026 575 parandam
1059 514 1246 561 autem
1288 505 1796 568 mansuetudinem,
1830 506 2056 560 humili-

2182 511 2320 580 lnatv
2373 511 2453 573 είς
2496 509 2590 563 τὸν
2640 507 2899 580 Χριστὸν,
2936 505 3219 578 ὀλιγώρως
3263 504 3377 575 ἔχει
3424 503 3516 557 καὶ
3550 503 3762 573 ἀμερί-

475 605 663 655 tatem.
706 598 1052 663 charitatem,
1100 606 1157 652 et
1196 605 1365 652 totam
1410 597 1678 651 illustrem
1719 597 1864 651 illam
1901 597 2060 652 fami-

2182 618 2342 665 ινως·
2375 601 2454 672 τῷ
2491 602 2720 672 τοιούτῳ
2751 602 2923 655 ἐνίοτε
2975 600 3075 670 μὲν
3123 598 3257 669 εὐχὴ
3289 597 3492 650 δίδοται
3523 596 3763 667 χάριτος

476 686 607 741 liam
630 687 930 753 virtutum;
954 698 1334 758 praetereaque
1363 688 1431 743 ad
1461 687 1671 741 ﬁrmam
1706 689 2058 744 obtinendam

479 780 642 834 ﬁdem
696 780 1066 850 ﬁduciamque
1117 781 1173 836 in
1214 781 1517 846 Christum,
1565 782 1829 836 remissus
1876 783 1946 837 sit
1996 798 2060 837 ac

476 873 790 943 negligens;
839 872 931 928 tali
983 873 1285 942 aliquando
1334 873 1498 927 datur
1527 873 1701 927 oratio
1734 873 1825 928 illa
1874 874 2061 944 gratia:

476 980 545 1018 ex
582 972 736 1034 parte
788 964 845 1018 in
892 963 1093 1033 gaudio
1134 972 1189 1019 et
1227 964 1436 1034 quiete,
1464 965 1618 1034 juxta
1659 965 1807 1019 illius
1845 965 2062 1020 deside-

480 1056 623 1109 rium
651 1072 680 1109 a
704 1056 849 1109 bono
884 1055 1131 1124 Spiritu;
1162 1057 1256 1111 sed
1288 1057 1520 1111 aliorum
1552 1056 1697 1111 idem
1727 1072 1923 1126 expers
1949 1073 2062 1112 ma—

480 1156 575 1202 net
602 1148 848 1202 omnium
878 1148 1187 1215 bonorum;
1219 1164 1285 1203 eo
1309 1150 1456 1218 quod
1498 1150 1566 1203 ad
1614 1164 1807 1204 eorum
1840 1166 2062 1221 quoque

481 1240 899 1309 acquisitionem
946 1242 1057 1294 vim
1112 1241 1217 1295 sibi
1267 1256 1377 1294 non
1431 1240 1648 1306 inferat,
1700 1241 1905 1295 dictum
1955 1252 2058 1307 est,

481 1346 585 1384 nec
610 1346 640 1384 a
668 1330 889 1386 Christo
922 1348 986 1386 ea
1012 1332 1269 1401 postulet.
1303 1332 1529 1401 Oportet
1557 1332 1703 1386 enim
1737 1348 1848 1387 non
1885 1334 2061 1387 solum

482 1422 550 1476 ad
582 1422 842 1492 praedicta
874 1439 1071 1493 urgere
1118 1439 1176 1478 se
1217 1423 1395 1493 ipsum
1425 1425 1590 1478 etiam
1632 1426 1904 1494 invitum;
1935 1438 1992 1483 et
2031 1442 2062 1482 a

481 1514 595 1568 Deo
627 1513 820 1568 eadem
856 1530 923 1569 eo
965 1530 1160 1585 usque,
1192 1516 1372 1585 quoad
1415 1532 1794 1586 assequamur,
1840 1529 2058 1589 petere;

482 1603 578 1657 sed
630 1612 687 1658 et
734 1604 1039 1675 dijudicare
1094 1620 1202 1660 non
1249 1607 1406 1661 utilia
1461 1615 1556 1662 aut
1611 1624 1840 1677 prorsus
1887 1610 2062 1665 otiosa

482 1694 681 1758 verba;
729 1696 983 1751 meditari
1012 1706 1193 1751 autem
1229 1713 1447 1768 semper
1473 1715 1570 1753 ore
1598 1708 1655 1755 et
1683 1703 1849 1755 corde
1879 1702 2062 1757 divina

484 1787 745 1852 oracula;
778 1803 879 1842 nec
911 1802 1079 1857 porro
1120 1788 1306 1853 irasci,
1362 1797 1417 1844 et
1449 1791 1688 1845 clamore
1732 1793 1831 1846 uti.
1882 1791 2074 1853 Omnis,

2165 693 2233 745 ὲκ
2270 693 2473 763 μέρους
2511 695 2568 746 ὲν
2598 694 2909 765 εὐφροσύνῃ
2943 692 3038 745 καὶ
3086 688 3415 752 ἀναπαύσει,
3444 687 3563 741 κατ’
3604 686 3763 739 ἐκεί-

2160 802 2253 838 νου
2306 785 2532 856 ζήτησιν
2569 786 2722 856 παρᾶ
2756 785 2849 838 τοῦ
2885 783 3094 852 ἀγαθοῦ
3145 781 3465 851 [Ινεύματος
3490 796 3504 809 ·
3538 778 3764 847 ἔρημος

2160 878 2217 933 δέ
2247 878 2355 931 τῶν
2387 878 2561 932 ἄλλων
2594 879 2812 931 πάντων
2846 877 3000 947 μένει
3035 873 3241 938 καλῶν,
3272 872 3351 943 τῷ
3384 872 3459 942 μὴ
3487 869 3628 939 πρὸς
3658 870 3763 939 τὴν

2162 969 2390 1022 ἐκείνων
2412 969 2604 1038 κτῆσιν
2626 966 3031 1021 ἀποϐιάσασθαι
3053 964 3267 1029 ἐαυτὸν,
3295 962 3485 1031 ὥσπερ
3511 959 3760 1030 εἴρηται,

2167 1062 2305 1133 μηδὲ
2333 1061 2597 1131 δεηθῆναι
2634 1059 2891 1131 Χριστόν.
2922 1059 3046 1129 Χρὴ
3077 1056 3186 1125 γὰρ
3221 1054 3297 1126 μὴ
3328 1054 3463 1123 πρὸς
3493 1054 3560 1107 τά
3596 1054 3764 1121 εἰρη-

2166 1152 2305 1223 μένα
2341 1151 2501 1221 μόνον
2546 1151 2739 1203 ἑαυτὸν
2778 1149 2873 1202 καὶ
2902 1149 3107 1202 ἄκοντα
3148 1144 3431 1209 συνωθεῖν,
3469 1142 3565 1197 καὶ
3600 1141 3767 1210 παρά

2164 1244 2301 1298 Θεοῦ
2347 1245 2520 1297 αίτεῖν
2565 1244 2660 1297 τοῦ
2702 1243 2910 1309 λαϐεῖν,
2960 1241 3097 1295 ἀλλὰ
3149 1238 3402 1309 καὶπρὸς
3450 1237 3512 1290 τὸ
3558 1237 3631 1290 τὰ
3686 1235 3764 1305 μὴ

2163 1337 2411 1406 χρήσιμα
2425 1335 2533 1388 τῶν
2554 1335 2816 1405 ῥημάτων
2842 1334 2938 1387 καὶ
2966 1332 3103 1395 ὅλως
3133 1329 3301 1401 ἀργὰ,
3339 1328 3475 1399 μηδὲ
3505 1326 3765 1395 γλώττης

2165 1427 2291 1490 ἀξια
2318 1427 2525 1498 κρίνειν
2546 1443 2560 1458 ο
2588 1424 2911 1496 διαμελετᾷν
2940 1422 2996 1476 δέ
3017 1421 3105 1475 ἀεὶ
3127 1422 3221 1473 καὶ
3246 1420 3475 1488 στόματι
3497 1416 3590 1470 καὶ
3620 1431 3764 1485 καρ-

2164 1519 2255 1588 δίᾳ
2278 1518 2347 1571 τὰ
2375 1517 2470 1570 τοῦ
2502 1515 2640 1569 Θεοῦ
2689 1515 2880 1583 λόγιαο
2917 1513 2998 1565 ἔτι
3044 1511 3183 1581 πρὸς
3228 1509 3288 1561 τὸ
3345 1508 3419 1579 μὴ
3450 1505 3761 1575 θυμοῦσθαι

2169 1609 2304 1681 μηδέ
2359 1610 2573 1679 κραυγῇ
2625 1606 2889 1678 χρῆσθαι·
2927 1601 3101 1658 Πᾶσα
3146 1601 3276 1672 γὰρ,
3338 1600 3509 1669 φησὶ,
3546 1598 3760 1665 πικρία

2165 1702 2265 1758 καὶ
2294 1700 2440 1771 ὀργὴ
2479 1702 2578 1755 καὶ
2620 1698 2851 1769 κραυγὴ
2896 1696 3130 1764 ἀρθήτω
3157 1694 3258 1763 ἀφ’
3287 1690 3473 1762 ὑμῶν.
3517 1689 3666 1759 Πρὸς
3699 1688 3761 1742 τὸ

2171 1792 2247 1863 μὴ
2296 1792 2619 1846 καταλαλεῐν
2671 1806 2838 1855 τινος,
2890 1788 2964 1859 μὴ
3006 1786 3237 1856 κρίνειν,
3295 1783 3371 1855 μὴ
3405 1780 3758 1850 φυσιοῦσθαι,

485 1877 645 1943 enim,
700 1878 799 1942 ait,
854 1880 1158 1934 amaritudo
1189 1891 1237 1935 et
1281 1884 1386 1946 ira,
1436 1892 1486 1935 ct
1532 1882 1734 1937 clamor
1780 1883 2002 1939 tollatur
2030 1904 2063 1940 a

2182 1886 2237 1940 ἶν’
2267 1884 2440 1948 οὓτως
2478 1882 2601 1937 ἰδὼν
2628 1885 2656 1936 6
2686 1881 2887 1953 Κύριος
2920 1878 3132 1946 ἐαυτὸν,
3153 1877 3228 1944 ὡς
3256 1878 3489 1947 εἴρηται,
3519 1873 3761 1942 ἄρχοντα

484 1964 625 2017 vobis
667 1966 734 2019 ⁸⁷.
783 1965 1047 2022 Similiter
1082 1971 1220 2024 vitet
1268 1986 1613 2025 murmurare
1656 1972 1724 2027 de
1762 1988 2062 2042 quoquam,

485 2055 622 2109 vitet
645 2055 894 2126 judicare
930 2066 1157 2125 temere,
1188 2061 1326 2115 vitet
1375 2061 1553 2116 inflari
1587 2062 1942 2132 despiciendo
1971 2080 2065 2119 su-

486 2143 657 2213 perbe
700 2145 857 2200 alios.
934 2145 1023 2201 Sic
1066 2149 1211 2201 enim
1256 2165 1314 2203 se
1366 2166 1562 2220 gerens
1589 2161 1978 2221 consequetur,
2006 2164 2067 2209 ut

485 2235 751 2291 Dominus
782 2238 959 2308 ipsum
1001 2241 1105 2295 sibi
1148 2242 1352 2297 acriter
1395 2243 1758 2313 imperantem
1804 2262 2062 2312 cernens,

485 2341 551 2381 ac
580 2328 885 2383 trahentem
909 2346 967 2386 se
996 2332 1063 2386 ad
1092 2333 1295 2387 bonum
1329 2336 1500 2389 multo
1530 2336 1677 2397 nisu,
1712 2338 1874 2408 vique
1904 2338 2064 2391 adhi-

485 2418 621 2485 bita,
663 2421 866 2477 tribuat
911 2424 988 2479 illi
1036 2427 1262 2481 omnino
1292 2428 1522 2498 gratiam
1551 2428 1709 2484 facile
1744 2445 1808 2484 ac
1842 2430 1961 2485 sine
1992 2431 2069 2485 la-

485 2516 621 2573 bore
679 2520 896 2589 agendi,
952 2538 1075 2591 quae
1126 2525 1282 2593 prius
1333 2525 1422 2579 vix
1484 2536 1681 2580 conatu
1738 2527 1959 2598 anhelo,
2006 2542 2070 2581 ac

484 2621 698 2662 summa
738 2613 1113 2677 contentione,
1145 2623 1369 2683 propter
1411 2616 1771 2670 reluctantem
1820 2616 2061 2670 innatam

2173 1979 2268 2033 καὶ
2299 1978 2435 2049 πρὸς
2464 1976 2587 2046 βίαν
2618 1976 2964 2035 συνέλκοντα,
2997 1972 3261 2042 παράσχῃ
3289 1970 3507 2031 πάντως
3529 1966 3594 2019 τὸ
3618 1968 3760 2019 ἀπο-

2174 2069 2296 2139 νητὶ
2339 2068 2434 2121 καὶ
2471 2066 2671 2137 ῥᾳδίως
2702 2067 2876 2119 ποιεῖν
2923 2063 2959 2117 ἃ
2986 2064 3253 2137 πρότερον
3275 2060 3399 2114 ούδέ
3446 2056 3584 2129 μετὰ
3613 2056 3758 2127 βίας.

2173 2160 2263 2214 διὰ
2289 2160 2388 2228 τὴν
2422 2158 2670 2211 σύνοικον
2702 2155 2988 2227 πονηρίαν,
3022 2155 3265 2224 ἐνεργεῖν
3305 2150 3465 2219 ἐνῆν
3497 2147 3594 2201 καὶ
3638 2146 3759 2201 τότε

2173 2249 2383 2318 γίνεται
2417 2245 2566 2318 αὐτῷ
2596 2247 2776 2300 πάντα
2810 2245 2986 2299 ταῦτα
3016 2243 3087 2296 τά
3114 2244 3213 2313 τῆς
3244 2241 3447 2312 ἀρετῆς
3472 2237 3761 2307 ἐπιτηδεύ·

2178 2356 2324 2410 ματα
2379 2338 2568 2408 ῶσπερ
2622 2337 2821 2407 φύσις·
2870 2337 2994 2389 ἐπεὶ
3040 2334 3138 2387 καὶ
3176 2334 3239 2387 τὸ
3280 2333 3465 2385 λοιπὸν
3493 2333 3521 2384 6
3553 2329 3759 2399 Κύριος

2176 2430 2317 2484 κατὰ
2350 2430 2449 2500 τὴν
2482 2429 2819 2497 ἐπαγγελίαν
2850 2427 3021 2481 ἐλθὼν
3048 2427 3142 2481 καὶ
3174 2425 3463 2494 γενόμενος
3494 2424 3550 2476 ἐν
3587 2420 3757 2491 αὐτῷ,

2175 2523 2337 2586 αὐτὸς
2372 2523 2573 2593 ὁμοίως
2622 2524 2678 2574 ἐν
2721 2519 2800 2592 τῷ
2859 2522 3069 2592 Κυρίῳ,
3099 2518 3259 2580 αὐτὸς
3291 2521 3348 2570 ἐν
3379 2517 3569 2585 ἐκείνῳ
3625 2514 3757 2584 μετὰ

2178 2615 2377 2683 πολλῆς
2413 2613 2701 2676 εὐπετείας
2729 2612 2828 2675 τὰς
2859 2613 3080 2675 ἐντολάς
3114 2613 3397 2681 ἐκπληροῖ.

485 2702 919 2771 corruptionem,
954 2714 1167 2774 poterat
1199 2708 1460 2777 exsequi;
1487 2716 1541 2762 et.
1580 2716 1710 2762 tunc
1755 2706 2064 2761 redduntur
2105 2707 2206 2777 ipsi
2244 2714 2440 2760 cuncta
2490 2705 2604 2759 haec
2635 2704 2813 2758 ofﬁcia
2846 2703 3088 2763 virtutis,
3121 2702 3278 2772 quasi
3321 2717 3407 2765 ea,
3473 2714 3596 2769 qua:
3661 2713 3756 2751 na-

486 2795 738 2849 turaliter
814 2805 1093 2865 operatur,
1166 2800 1426 2868 quoniam
1472 2799 1539 2853 de
1586 2807 1786 2853 caatero
1826 2799 2090 2853 Dominus
2115 2838 2129 2861 ,
2165 2799 2318 2869 juxta
2348 2796 2796 2866 promissionem,
2824 2795 3105 2864 ingressus
3127 2794 3183 2847 in
3207 2794 3385 2863 ipsum
3408 2800 3512 2856 est,
3536 2800 3593 2845 et
3615 2790 3669 2844 in
3694 2806 3756 2843 eo

486 2887 713 2954 residet,
753 2889 833 2944 uti
877 2892 1121 2946 vicissim
1157 2902 1213 2948 et
1253 2893 1368 2962 ipse
1414 2893 1468 2946 in
1506 2892 1771 2959 Domino;
1817 2892 1963 2946 unde
2018 2892 2073 2944 in
2115 2892 2233 2959 ipso
2292 2889 2561 2945 Dominus
2604 2887 2798 2941 intime
2868 2886 3145 2952 habitans,
3177 2901 3273 2941 sua
3314 2885 3430 2954 ipse
3470 2884 3611 2939 intra
3637 2898 3752 2939 cum

486 2991 544 3035 et
574 2996 670 3049 per
698 2997 823 3037 eum
856 2984 1113 3039 mandata
1146 2987 1316 3040 multa
1352 2985 1611 3041 facilitate
1646 2986 1855 3053 implet.

558 3070 701 3127 XIX.
739 3072 842 3139 Qui
877 3075 945 3127 ad
976 3076 1285 3131 orationem
1323 3078 1591 3132 duntaxat
1628 3078 1680 3132 vi
1724 3093 1783 3132 se
1827 3078 2075 3132 adhibita

490 3165 659 3235 cogit,
690 3164 768 3220 uti
800 3166 957 3235 prius
992 3169 1256 3237 exposui;
1290 3177 1557 3239 praeterea
1592 3184 1723 3222 vero
1747 3170 1815 3223 ad
1852 3169 2078 3223 humili-

2272 3072 2376 3124 16'.
2429 3072 2485 3124 Ὀ
2516 3071 2595 3133 εἰς
2626 3068 2791 3139 εὐχὴν
2811 3068 3247 3136 ἀποϐιασάμενος
3278 3067 3488 3132 ἑαυτὸν,
3524 3067 3599 3131 ὡς
3625 3069 3651 3121 6
3678 3068 3754 3120 λό’

2186 3182 2281 3231 γος
2315 3163 2529 3231 φθάσας
2569 3162 2831 3232 ἐδήλωσε,
2870 3162 3005 3233 πρὸς
3049 3160 3224 3214 ταῦτα
3256 3160 3312 3213 δὲ
3357 3162 3493 3231 πρὸς
3521 3179 3749 3214 ταπεινο-

494 3267 689 3321 tatem,
716 3257 784 3311 ad
812 3258 1161 3323 charitatem,
1194 3261 1257 3315 ad
1290 3238 1792 3325 mansuetudinem,
1822 3262 2077 3317 aliarum-

2186 3256 2482 3325 φροσύνην,
2535 3256 2669 3325 πρὸς
2727 3254 2973 3327 ἀγάπην,
3028 3255 3165 3325 πρὸς
3209 3254 3493 3325 πραότητα
3542 3255 3750 3307 καὶτὸν

494 3362 604 3415 que
634 3347 1185 3413 virtutumlordinem
1222 3351 1276 3404 in
1308 3365 1368 3406 se
1398 3351 1793 3406 accersendum
1824 3368 1933 3405 non
1967 3352 2095 3405 ela-‘

498 3438 680 3503 borat,
710 3455 813 3494 nec
841 3456 902 3495 se
952 3443 1005 3495 in
1043 3443 1097 3496 id
1126 3443 1387 3497 violentia
1432 3444 1637 3514 adigit;
1668 3446 1735 3499 ad
1770 3445 1917 3499 hunc
1962 3454 2083 3498 tan-

498 3530 786 3585 tummodo
846 3532 1131 3601 profectus
1182 3534 1477 3589 terminum
1527 3544 1707 3605 potest
1749 3536 2082 3605 pertingere,

502 3632 563 3675 ut
608 3622 885 3679 interdum
932 3625 984 3680 ei
1040 3627 1287 3695 poscenti
1337 3627 1522 3682 divina
1567 3628 1741 3697 gratia
1794 3628 2083 3694 adveniat;

500 3712 759 3779 quoniam
792 3728 891 3783 pro
922 3712 1110 3768 innata
1143 3714 1250 3768 sibi
1297 3713 1544 3769 bonitate
1588 3715 1731 3769 Deus
1770 3715 2087 3784 petentibus

500 3812 751 3861 amanter
780 3804 964 3860 innuit
1000 3821 1122 3875 quas
1148 3806 1357 3860 volunt.
1386 3805 1523 3871 Cum
1553 3813 1736 3860 autem
1782 3806 1828 3860 is
1860 3820 1971 3859 non
2002 3821 2087 3860 as-

502 3894 797 3956 suefecerit
817 3895 1084 3964 seipsum,
1121 3911 1225 3955 nec
1252 3913 1352 3952 usu
1383 3898 1572 3955 tritum
1592 3898 1946 3953 exercitando
1966 3913 2089 3954 sese

503 3986 695 4042 fecerit
735 3987 791 4042 in
814 3989 1049 4055 caeteris,
1090 4006 1225 4059 quas
1270 3991 1717 4057 memoravimus,
1761 3991 2085 4057 virtutibus,

503 4087 601 4132 aut
628 4078 837 4134 excidit
862 4080 1036 4148 gratia
1064 4095 1227 4149 quam
1257 4092 1577 4150 acceperat;
1608 4090 1664 4135 et
1689 4081 1867 4136 elatus
1907 4082 1962 4134 in
1993 4096 2088 4134 su-

504 4166 749 4236 perbiam
794 4168 1045 4227 labitur:
1087 4178 1183 4227 aut
1227 4169 1283 4223 in
1323 4171 1438 4233 illo,
1486 4186 1650 4239 quem
1680 4171 1862 4240 attigit
1894 4172 2087 4240 gradu,

504 4274 613 4313 non
635 4260 871 4329 proficit,
902 4276 1005 4314 nec
1022 4260 1242 4315 crescit.
1268 4261 1403 4314 Fere
1425 4262 1570 4314 enim
1604 4261 1764 4317 sedes
1785 4278 1849 4317 ac
1872 4265 2092 4332 requies

502 4364 590 4411 est
622 4356 751 4410 boni
780 4355 1018 4424 Spiritus
1041 4355 1345 4416 humilitas,
1369 4356 1721 4425 charitasque
1744 4372 1808 4412 ac
1838 4373 2092 4413 mansue-

505 4448 661 4513 tudo,
703 4455 760 4502 et
806 4464 929 4517 quas
970 4457 1281 4517 sequuntur
1323 4457 1509 4504 sancta
1552 4448 1757 4504 Christi
1810 4451 2087 4508 mandata.

503 4539 609 4605 Qui
651 4554 783 4609 ergo
827 4540 1067 4593 voluerit
1114 4540 1311 4593 harum
1358 4540 1645 4608 complexu
1702 4555 2085 4609 concursuque

504 4631 715 4701 pariter
737 4630 983 4684 omnium
1016 4647 1114 4699 per
1151 4629 1437 4684 assiduum
1472 4639 1824 4700 augmentum
1861 4633 1929 4686 ad
1964 4648 2087 4701 per—

505 4722 801 4777 fectionem
832 4722 1050 4777 tandem
1080 4723 1414 4793 pertingere,
1453 4722 1691 4792 primum
1725 4725 1949 4793 quidem
1974 4726 2085 4778 vim

458 4813 709 4870 ~inferat
748 4812 874 4878 sibi,
921 4822 984 4868 ut
1022 4814 1229 4867 dictum
1269 4822 1375 4880 est,
1417 4822 1473 4868 et
1514 4816 1914 4870 contumaciter
1944 4816 2089 4869 relu-

505 4913 661 4958 ctans
690 4918 787 4959 cor
830 4919 990 4957 suum
1026 4903 1206 4959 docile
1255 4913 1309 4959 et
1359 4906 1690 4974 morigerum
1737 4906 1848 4959 Deo
1874 4904 2089 4961 efﬁcere

506 4995 671 5064 216
696 4995 936 5050 studeat.
968 4996 1182 5050 Etenim
1219 4996 1312 5065 qui
1356 4997 1437 5050 sic
1477 4997 1581 5051 sibi
1611 4998 1720 5050 vim
1757 4996 1909 5065 prius
1943 4997 2091 5053 intu-

506 5084 753 5147 lerit;et
784 5086 1054 5155 quidquid
1092 5095 1179 5141 est
1222 5086 1277 5139 in
1311 5088 1493 5140 anima
1540 5086 1771 5152 rebelle,
1806 5094 1980 5140 totum
2016 5088 2091 5153 id,

505 5173 659 5227 velut
702 5174 1000 5229 cicuratam
1055 5175 1293 5230 belluam
1317 5217 1331 5238 ,
1364 5175 1579 5243 patiens
1610 5176 1722 5245 jam
1768 5174 2007 5244 imperii,
2040 5185 2097 5230 et

510 5264 775 5319 obediens
806 5266 874 5319 ad
910 5275 1105 5321 nutum
1140 5276 1305 5321 rectae
1340 5266 1558 5332 rationi,
1590 5282 1655 5320 ac
1695 5274 1900 5321 sanctae
1928 5267 2096 5322 disci-

511 5355 696 5425 plinae,
739 5355 1069 5422 reddiderit;
1102 5356 1311 5426 quique
1353 5372 1477 5410 cum
1523 5357 1661 5411 adeo
1701 5357 1813 5426 jam
1853 5357 1993 5412 bene
2036 5373 2096 5413 se

513 5446 750 5500 habente
780 5446 983 5509 anima,
1018 5447 1262 5515 petierit,
1292 5457 1347 5501 et
1378 5449 1546 5502 Deum
1573 5450 1834 5515 oraverit,
1870 5459 1928 5503 ut
1962 5467 2093 5520 pro-

512 5543 733 5590 moveat
762 5536 910 5604 quod
959 5536 1146 5606 cmpit,
1187 5537 1463 5592 obtinebit
1505 5540 1783 5595 cumulate
1825 5551 2092 5610 quantum

516 5625 792 5694 postulat;
840 5624 1238 5713 benignissimo
1282 5626 1514 5682 Domino
1555 5627 1704 5698 large
1748 5628 1824 5684 illi
1868 5645 2095 5689 conces-

595 5805 637 5835 ⁸⁷
666 5806 868 5875 Ephes.
906 5828 976 5877 Iv,
1008 5814 1096 5869 ³51.

2184 3350 2291 3401 τῶν
2321 3348 2496 3402 ἄλλων
2537 3348 2749 3418 ἀρετῶν
2778 3347 3021 3415 ὀρμαθὸν
3060 3346 3133 3417 μὴ
3165 3346 3413 3400 ἐκπονῶν
3439 3347 3622 3399 ἐαυτὸν
3646 3360 3741 3413 μη‹

2184 3439 2239 3492 δὲ
2274 3439 2615 3509 βιαζόμενος,
2652 3440 2877 3508 τοιούτῳ
2914 3439 3114 3507 πέρατι
3154 3439 3436 3508 καταντᾷ·
3465 3437 3619 3488 ἐνίοτε
3639 3435 3734 3502 γὰρ

2186 3530 2335 3597 αὐτῷ
2389 3529 2630 3600 δεομένῳ
2679 3529 2775 3581 καὶ
2827 3528 2945 3581 θεία
2992 3528 3154 3598 χάρις
3185 3526 3469 3595 ἐπιφοιτᾷ’
3497 3524 3613 3576 ἐπεὶ
3649 3522 3736 3574 καὶ

2184 3621 2387 3688 ἀγαθὸς
2424 3620 2500 3673 ῶν
2520 3623 2562 3680 ,ὁ
2604 3620 2733 3683 Θεὸς
2765 3620 2949 3690 ὀρέγει
2978 3622 3101 3681 τοῖς
3141 3618 3356 3672 αἰτοῦσι
3392 3613 3743 3687 φιλανθρωπό-

2186 3726 2343 3783 τερον
2385 3712 2456 3765 τὰ
2498 3713 2798 3782 αἰτήματα.
2831 3712 2922 3782 Μὴ
2968 3709 3255 3772 συνεθίσας
3281 3709 3335 3761 δὲ
3386 3708 3592 3772 ἐαυτὸν,
3628 3702 3750 3774 μηδὲ

2187 3804 2411 3875 ἐντριϐἧ
2458 3804 2553 3858 καὶ
2603 3803 3059 3874 γεγυμνασμένον
3118 3801 3256 3872 πρὸς
3294 3798 3395 3863 τὰς
3449 3798 3662 3869 ἀρετὰς,
3694 3794 3753 3857 ἃς

2188 3896 2423 3966 ἔφημεν,
2474 3897 2851 3964 καταστήσας,
2911 3893 2943 3963 ἢ
2989 3892 3248 3945 ἐκπίπτει
3301 3891 3401 3961 τῆς
3458 3891 3672 3961 χάριτος
3696 3881 3756 3957 ἧς

2190 3987 2374 4049 ἔλαϐε,
2421 3987 2518 4047 καὶ
2545 3986 2999 4056 ὑψηλοφρονήσας
3028 3983 3299 4052 πίπτει,ἢ
3332 3983 3390 4036 ἐν
3424 3982 3562 4052 αὐτῇ
3598 3979 3756 4048 ταύτῃ

2188 4080 2289 4133 οὐκ
2318 4078 2643 4141 ἐπιδίδωσιν,
2675 4078 2797 4130 ούδέ
2840 4076 3015 4141 αὔξει.
3055 4077 3145 4139 Ὣς
3175 4079 3284 4145 γὰρ
3319 4075 3507 4144 φάναι,
3541 4073 3602 4126 τὸ
3636 4087 3758 4125 κατ-

2190 4169 2505 4241 οικητήριόν
2548 4186 2609 4222 τε
2653 4170 2748 4221 καὶ
2794 4168 3102 4230 ἀνάπαυσις
3132 4166 3228 4219 τοῦ
3269 4164 3475 4234 ἀγαθοῦ
3519 4163 3761 4232 Πνεῦμα-

2190 4281 2301 4328 τος,
2326 4266 2359 4333 ἡ
2391 4261 2862 4331 ταπεινοφροσύνη
2892 4261 3062 4323 ἐστὶν,
3097 4261 3129 4330 ὴ
3159 4260 3350 4326 ἀγάπη
3382 4274 3442 4307 τε
3477 4255 3572 4309 καὶ
3601 4252 3762 4323 πραό-

2189 4373 2309 4425 της,
2358 4355 2452 4407 καῖ
2494 4353 2801 4415 ἀκολούθως
2833 4354 2887 4404 al
2939 4353 3094 4419 ἅγιαι
3138 4349 3231 4403 τοῦ
3272 4347 3509 4419 Χριστοῦ
3544 4342 3761 4400 ἐντολαί.

2202 4448 2262 4501 '0
2291 4446 2471 4499 τοίνυν
2502 4444 2831 4515 βουλόμενος
2860 4443 2948 4497 διὰ
2988 4442 3177 4497 πασῶν
3214 4441 3421 4494 τούτων
3468 4441 3547 4501 είς
3608 4436 3766 4504 αὔξη-

2195 4553 2301 4597 σιν,
2336 4536 2431 4593 καὶ
2461 4535 2742 4588 τελείωσιν
2790 4532 3100 4604 προελθεῖν,
3136 4532 3235 4601 τὴν
3282 4532 3383 4601 μὲν
3414 4529 3634 4604 πρώτην
3662 4528 3767 4598 βια-

2193 4625 2370 4688 ζέσθω
2412 4625 2626 4689 ἑαυτὸν,
2677 4624 2867 4694 ῶσπερ
2922 4624 3164 4693 εἴρηται,
3216 4623 3310 4675 καὶ
3368 4620 3766 4691 φιλονεικοῦσαν

2193 4717 2387 4770 ἑαυτοῦ
2412 4718 2515 4787 τὴν
2538 4715 2765 4787 καρδίαν
2797 4716 2892 4769 καὶ⁸
2923 4715 3317 4787 ἀντερίζουσαν
3349 4713 3651 4783 ἐνδοτικὴν,
3684 4709 3766 4763 καὶ

2197 4809 2479 4879 πειθήνιον
2504 4809 2581 4879 τῷ
2614 4808 2734 4879 Θεῷ
2769 4811 2944 4869 ποιεῖν
2980 4807 3346 4872 σπουδαζέτω.
3385 4806 3475 4877 Τῷ
3505 4807 3610 4875 γὰρ
3640 4804 3769 4856 οὕτω

2198 4900 2516 4971 βιασαμένῳ
2563 4899 2852 4972 πρότερον,
2900 4900 2995 4955 καὶ
3033 4900 3094 4951 τὸ
3126 4900 3426 4952 ἀντιτεῖνον
3472 4898 3571 4967 τῆς
3598 4895 3771 4964 duxi};

2197 4986 2320 5044 ὅλον
2353 4992 2519 5043 οἱονεὶ
2541 4990 2827 5061 χειρόηθες
2854 4992 3261 5061 καταστήσαντι
3292 4990 3404 5044 ἔθει
3432 4989 3509 5060 τῷ
3533 4985 3767 5059 χρηστῷ.

2200 5084 2473 5153 κατήκοον
2527 5083 2722 5151 ἐκείνῳ
2750 5084 3125 5153 ποιησαμένῳ,
3157 5083 3250 5137 καὶ
3281 5082 3401 5152 μεθ’
3435 5081 3607 5143 οὕτως
3636 5075 3773 5150 ἐχού-

2201 5195 2301 5247 σης
2333 5177 2514 5248 ψυχῆς
2555 5177 2793 5231 αἰτοῦντι
2834 5178 2930 5231 καὶ
2981 5177 3242 5246 δεομένῳ,
3275 5174 3430 5241 αὔξει
3464 5176 3559 5228 καὶ
3600 5172 3771 5226 θάλλει

2200 5270 2257 5320 ἐν
2315 5268 2464 5338 αὑτῷ
2512 5270 2573 5321 τὺ
2619 5268 2773 5321 δοθὲν
2821 5268 2927 5328 ὑπὸ
2969 5267 3063 5321 τοῦ
3116 5266 3431 5333 Πνεύματος
3478 5268 3575 5335 τῆς
3618 5262 3772 5332 εὐχῆς

2200 5361 2447 5429 χάρισμα
2479 5360 2556 5430 τῷ
2597 5361 2805 5430 μετρίῳ
2836 5359 2929 5412 τοῦ
2975 5360 3323 5430 φρονήματος
3360 5356 3773 5423 ἐπαναπαυόμε-

2197 5468 2315 5504 νον·
2350 5452 2377 5504 ὂ
2400 5453 2537 5522 πρὸς
2569 5454 2633 5521 τῇ
2669 5453 2878 5522 ἀγάπῃ,
2911 5453 3002 5503 καὶ
3040 5454 3106 5521 τῇ
3152 5452 3472 5519 ἀγαπητικῇ
3504 5448 3763 5518 πραότητι

2198 5546 2502 5613 ἐπεζήτησε
2526 5562 2538 5575 °
2577 5546 2669 5599 καὶ
2699 5546 2819 5597 τότε
2853 5545 3135 5614 χαρίζεται
3157 5541 3307 5612 αὐτῷ
3332 5540 3504 5609 ταῦτα
3528 5540 3587 5597 τὸ
3612 5534 3771 5591 Πνεῦ-

2202 5653 2299 5704 μα,
2354 5638 2449 5690 καὶ
2510 5636 2750 5692 διδάσκει
2801 5633 3304 5705 ταπεινοφροσύνην
3350 5649 3411 5689 τε
3459 5630 3638 5701 ἀληθῆ
3690 5622 3773 5679 καὶ
