4020 6430
291 385 394 461 9'53

1329 391 1560 451 LIBER
1600 389 1697 449 DE
1734 388 2160 450 LIBERTATE
2188 386 2492 449 MENTIS.

3446 377 3551 449 954

287 512 510 582 ἀγάπην
542 507 748 579 ἀψευδῆ
778 505 875 560 καὶ
902 504 1208 577 πραότητα,
1236 503 1271 557 ἀ
1298 504 1391 559 καὶ
1423 500 1862 572 προϐιασάμενος

1996 515 2119 563 uro,
2150 508 2211 554 ut
2241 508 2458 553 crescat
2483 506 2540 552 et
2567 495 2763 551 ﬂoreat
2811 494 3089 550 indultum
3132 495 3237 565 ipsi
3278 509 3307 549 a
3342 494 3552 565 Spiritu

286 601 613 671 ἐπεζήτησε.
646 597 833 660 Οὕτως
864 592 957 649 οὖν
986 595 1228 666 αὒξήσας
1251 594 1346 648 καὶ
1392 593 1699 654 τελειωθεὶς
1725 592 1868 645 κατά

288 694 494 763 Κύριον
551 693 651 760 τῆς
715 688 995 759 βασιλείας
1029 686 1179 751 ἄξιος
1223 686 1628 739 ἀποδείκνυται.
1674 683 1731 736 '0
1759 684 1869 753 γὰρ

287 779 542 841 ταπεινὸς
584 778 839 830 οὐδέποτε
873 774 1094 827 πίπτει’
1131 772 1234 824 ποῦ
1258 771 1366 842 γάρ
1414 772 1511 824 καὶ
1558 773 1805 824 πεσεῖται
1845 772 1873 824 ό

290 871 551 925 ὑποκάτω
587 868 803 921 πάντων
829 865 889 918 τό
926 882 990 933 γε
1044 864 1237 916 ἑαυτοῦ
1261 862 1370 927 GN;
1401 862 1540 915 ὥστε
1572 861 1782 931 μεγάλη
1811 878 1873 927 γε

290 959 603 1016 τούναντίον
655 957 864 1027 ὓψωσις
894 956 989 1008 καὶ
1018 953 1256 1023 ἀσφαλὲς
1309 952 1527 1023 ἀξίωμα
1556 954 1592 1024 ή
1619 966 1876 1021 ταπεινο-

293 1054 558 1125 φροσύνη.

1977 589 2245 645 orationis
2267 589 2504 653 donum;
2526 587 2673 657 quod
2708 587 2765 641 in
2798 586 2866 641 de
2891 602 2950 641 se
2975 585 3188 640 modice
3211 587 3556 657 sapientibus

1976 684 2215 737 libenter
2230 690 2287 735 et
2301 692 2690 750 permanenter
2709 680 3027 748 acquiescit.
3048 676 3163 731 Hoc
3179 679 3327 732 enim
3348 678 3555 747 ipsum,

1980 786 2103 825 cum
2131 771 2398 825 charitate
2424 778 2481 823 et
2513 768 2798 822 charitatis
2828 768 2982 837 prole
3014 768 3434 821 mansuetudine
3464 782 3557 822 ex-

1980 862 2237 933 petierat.
2270 862 2339 916 Et
2383 869 2513 914 tunc
2551 859 2888 929 gratiﬁcalur
2933 859 3049 912 haec
3093 837 3171 911 illi
3216 858 3469 926 Spiritus,
3501 865 3559 912 et

1981 954 2142 1007 docet
2184 967 2310 1006 eum
2342 966 2524 1006 veram
2554 950 2943 1013 humilitatem,
2978 949 3413 1017 charitatemque
3444 962 3554 1001 non

1985 1042 2188 1109 ﬁctam,
2220 1059 2358 1113 quas
2382 1044 2472 1098 illa
2502 1042 2606 1096 sibi
2634 1042 2687 1095 vi
2726 1041 2996 1110 peposcit.
3033 1040 3123 1095 Sic
3162 1040 3329 1110 igitur
3356 1038 3425 1094 de
3453 1054 3558 1093 ca:-

294 1156 412 1201 tero
440 1145 731 1217 proﬁciens
751 1149 807 1197 et
838 1140 1114 1209 perfectus
1135 1139 1190 1194 in
1217 1138 1451 1194 Domino
1479 1152 1646 1209 regno
1704 1136 1903 1207 dignus
1940 1134 2270 1190 declaratur.
2297 1135 2530 1189 Humilis
2559 1134 2761 1203 quippe
2780 1148 3063 1201 nunquam
3081 1132 3227 1187 cadit
3245 1149 3259 1194 ;
3277 1148 3388 1200 quo
3409 1131 3556 1185 enim

293 1242 536 1299 caderet,
569 1236 686 1306 qui,
712 1246 977 1304 quantum
1008 1233 1064 1287 in
1096 1233 1215 1302 ipso
1240 1241 1341 1298 est,
1375 1232 1484 1286 imo
1516 1245 1731 1300 semper
1792 1230 1912 1283 loco
1950 1228 2054 1282 sub
2086 1229 2255 1282 rebus
2302 1227 2559 1281 omnibus
2600 1224 2779 1295 jacet?
2856 1238 3027 1294 quare
3073 1239 3269 1294 magna
3308 1223 3556 1291 quadam

295 1330 554 1402 superbia
587 1326 899 1389 humilitas;
942 1339 1137 1394 magna
1166 1333 1356 1379 contra
1386 1322 1670 1378 humilitas
1692 1320 1950 1377 exaltatio
1982 1328 2039 1375 et
2078 1336 2272 1375 secura
2304 1319 2563 1389 dignitas.

354 1427 456 1477 ‘K'.
490 1424 550 1476 Οἱ
579 1420 714 1489 πρὸς
740 1418 998 1487 ἀλήθειαν
1036 1417 1128 1471 τὸν
1159 1417 1291 1470 Θεὸν
1319 1417 1726 1485 ἀγαπήσαντες,
1749 1413 1874 1467 οὔτε

296 1519 384 1571 διὰ
412 1516 508 1586 τὴν
540 1512 816 1585 βασιλείαν
834 1509 983 1579 αὑτῷ
999 1508 1270 1563 δουλεύειν
1298 1509 1676 1580 προείρηνται,
1703 1505 1875 1560 καθά·

299 1626 408 1679 περ
465 1603 734 1675 ἐμπορίας
785 1601 945 1673 χάριν
1002 1601 1096 1654 καὶ
1152 1600 1376 1670 κέρδους
1410 1616 1424 1629 ·
1458 1597 1582 1652 οὔτε
1640 1599 1749 1668 μὴν
1790 1596 1879 1650 διά

300 1700 400 1766 τὴν
440 1692 811 1763 ἀποκειμένην
836 1693 947 1753 τοῖς
980 1688 1324 1760 ἁμαρτωλοῖς
1352 1689 1574 1742 κόλασιν
1597 1703 1610 1717 ⁸
1639 1686 1753 1740 ἀλλ’
1780 1685 1877 1739 ἆτε

302 1790 434 1841 Θεὸν
466 1786 625 1857 μόνον
659 1784 820 1837 αὐτὸν
851 1785 946 1835 καὶ
972 1781 1302 1851 δημιουργὸν
1351 1779 1479 1832 ἴδιον
1504 1778 1873 1849 ἠγαπηκότες,

303 1880 398 1934 καὶ
427 1875 718 1945 ἀκολουθίᾳ
768 1874 974 1939 τάξεως
1011 1871 1346 1941 ἐπιγνόντες,
1386 1870 1467 1923 ὃτι
1495 1869 1743 1940 Δεσπότῃ
1783 1866 1876 1920 καὶ

308 1971 516 2039 Κτίστῃ
545 1965 763 2028 δούλους
790 1964 1105 2035 εὐαρεστεῖν
1132 1962 1480 2033 ὀφειλόμενον
1499 1979 1512 1994 ο
1537 1960 1587 2014 οἳ
1622 1960 1720 2013 καὶ
1747 1958 1878 2012 πολ-

2048 1412 2167 1467 XX.
2203 1413 2306 1479 Qui
2338 1414 2511 1467 Deum
2544 1427 2675 1466 vere
2714 1418 3056 1473 amaverunt,
3093 1424 3270 1479 neque
3305 1408 3375 1462 ob
3404 1424 3559 1477 spem

1979 1502 2130 1572 regni
2178 1503 2465 1572 elegerunt
2508 1502 2558 1556 ei
2599 1502 2806 1556 servire
2836 1520 2849 1555 :
2877 1502 3033 1570 quasi
3084 1507 3437 1563 mercatores,
3476 1499 3561 1553 lu-

1980 1608 2174 1658 crum;
2218 1602 2312 1647 aut
2340 1591 2598 1662 operarii,
2628 1591 2937 1646 mercedem
2968 1600 3279 1659 captantes;
3315 1590 3413 1645 sed
3457 1606 3559 1643 ne-

1981 1697 2089 1751 que
2102 1680 2171 1735 ob
2189 1690 2395 1734 metum
2414 1688 2729 1750 prwparatae
2743 1678 3125 1748 peccatoribus
3142 1693 3344 1747 poenas;
3369 1693 3561 1732 verum

1982 1770 2041 1824 in
2081 1770 2234 1824 illum
2278 1770 2358 1824 uti
2407 1771 2580 1824 Deum
2628 1770 2805 1824 solum
2856 1779 2912 1824 et
2944 1776 3249 1823 creatorem
3278 1768 3562 1838 proprium

1983 1860 2183 1916 aﬁ’ectu
2231 1860 2508 1923 inclinati,
2553 1875 2623 1915 ex
2675 1868 2826 1915 recte
2870 1860 3128 1914 conclusa
3172 1858 3300 1912 inde
3350 1860 3561 1915 ratione

1985 1962 2390 2022 consequenter
2417 1959 2797 2022 agnoscentes,
2822 1965 3038 2019 aequum
3067 1963 3130 2003 ac
3151 1948 3294 2017 iuste
3318 1948 3563 2005 debitum

301 2061 366 2130 λῇ
415 2023 516 2128 τῇ..
544 2055 760 2109 συνέσει
829 2023 968 2126 πρὸς
1017 2053 1085 2108 τά
1132 2023 1559 2125 παραπίπτοντα
1616 2052 1876 2122 χρῶνται.

1995 2058 2126 2109 esse,
2150 2051 2213 2097 ut
2240 2052 2509 2097 creatura:
2537 2041 2833 2105 conditori,
2870 2040 3019 2095 servi
3053 2039 3305 2103 Domino,
3341 2047 3567 2109 propter

304 2150 482 2206 Πολλά
515 2148 624 2217 γὰρ
654 2145 725 2199 τὰ
761 2146 993 2216 ἐμπόδια
1034 2145 1135 2215 τῆς
1179 2145 1317 2216 πρὸς
1347 2144 1482 2197 Θεὸν
1512 2143 1772 2213 τυγχάνει
1797 2142 1884 2195 εὐ-

304 2240 685 2310 αρεστήσεως·
730 2237 853 2289 ἐπεὶ
912 2235 1045 2306 μηδὲ
1098 2234 1261 2289 πενία
1316 2234 1476 2303 μόνον
1536 2234 1631 2286 καὶ
1674 2232 1881 2298 ἀδοξία,

306 2330 442 2382 ἁλλά
467 2330 562 2382 καὶ
595 2329 825 2390 πλοῦτος
870 2327 965 2379 καὶ
993 2325 1127 2395 τιμὴ
1171 2325 1375 2394 ὁμοίως
1405 2326 1705 2395 πειρασμοὶ
1750 2324 1885 2377 καθ-

308 2420 552 2473 ίστανται
580 2421 648 2489 τῇ
671 2418 816 2489 ψυχῇ
842 2433 857 2449 ο
896 2418 954 2470 ἐν
997 2416 1151 2486 μέρει
1179 2414 1235 2468 δέ
1266 2432 1384 2477 πως
1414 2414 1511 2467 καὶ
1535 2416 1569 2485 ἡ
1602 2414 1888 2483 παράκλη-

308 2528 391 2574 σις
416 2510 549 2580 αὑτὴ
579 2512 673 2563 καὶ
767 2508 950 2570 ἄνεσις
981 2507 1166 2576 ἐκείνη
1191 2506 1225 2576 ἡ
1258 2505 1361 2558 ὑπὸ
1394 2505 1497 2574 τῆς
1549 2505 1771 2576 χάριτος
1794 2522 1889 2557 καο

306 2602 734 2671 ταλαμόάνουσα
760 2600 860 2670 τὴν
895 2598 1095 2670 ψυχὴν,
1132 2598 1179 2650 εἰ
1206 2598 1282 2670 μὴ
1337 2595 1596 2666 αἴσθηται
1625 2594 1828 2665 ταύτης
1853 2596 1887 2666 ἡ

310 2693 737 2759 καταξιωθεῖσα,
791 2692 887 2745 καλ⁸
940 2688 1121 2760 πολλῷ
1166 2690 1245 2760 τῷ
1304 2688 1511 2759 μετρίῳ
1553 2688 1647 2740 καὶ
1680 2685 1889 2756 συνετῷ

309 2790 603 2859 χρήσηται,
632 2786 767 2839 πολὺ
793 2786 854 2839 τὸ
884 2782 1105 2836 εὔκολον
1136 2780 1247 2851 ἔχει
1268 2780 1405 2849 πρὸς
1432 2779 1494 2831 τὸ
1521 2780 1887 2849 πειρατήριον

312 2882 449 2950 αὐτῇ
500 2878 700 2946 μᾶλλον
751 2877 847 2930 καὶ⁹
893 2875 1122 2944 κώλυμα
1153 2871 1493 2939 καταστῆναι
1516 2886 1532 2902 ·
1567 2871 1664 2924 διτε
1690 2868 1891 2933 κακίας

312 2971 581 3041 προφάσει
607 2968 770 3038 τῆσδε
808 2967 907 3036 τῆς
946 2965 1165 3037 χάριτος
1189 2962 1443 3016 ὑπολύειν
1494 2962 1632 3033 αὐτῇ
1666 2960 1757 3015 τὸν
1798 2960 1889 3015 τόο

313 3080 427 3129 νον,
458 3059 728 3131 χαύνωσιν
761 3075 819 3111 τε
846 3058 941 3110 καὶ
989 3054 1285 3124 ὀλιγωρίαν
1314 3053 1517 3107 ἐνιέναι
1560 3053 1893 3124 μηχανωμέ-

315 3174 436 3227 νης.
484 3154 575 3208 Διὸ
627 3151 723 3206 καὶ
781 3151 918 3221 αὐτὴ
976 3151 1010 3222 ἡ
1050 3149 1210 3221 χάρις
1240 3147 1506 3211 εὑλαὸοῢς
1545 3147 1717 3200 δεῖται
1752 3146 1891 3216 πρὸς

319 3247 621 3321 μετάληψιν
668 3246 761 3300 καὶ
794 3244 1083 3298 εὐσυνέτου
1122 3241 1334 3313 ψυχῆς·
1356 3240 1497 3293 ὥστε
1544 3240 1639 3293 καὶ⁵
1664 3239 1893 3309 τιμῆσαι

314 3342 541 3411 ταύτην,
572 3338 664 3392 καὶ
685 3336 868 3402 ἀξίους
894 3335 1023 3399 τοὺς
1051 3334 1293 3404 καρποὺς
1341 3332 1735 3397 ἐπιδείξασθαι.
1763 3332 1894 3384 Κιν-

316 3432 525 3487 δυνεύει
568 3431 748 3484 τοίνυν
788 3429 849 3481 οὐ
885 3427 984 3491 τὰς
1013 3425 1221 3495 θλίψεις
1246 3418 1435 3495 μόνον,
1481 3422 1619 3476 ἀλλά
1659 3421 1755 3475 καὶ
1793 3421 1893 3485 τάς

317 3526 534 3587 ἀνέσεις
580 3522 937 3593 πειρατήριον
987 3518 1236 3587 γίνεσθαι
1260 3519 1327 3587 τῇ
1356 3515 1504 3587 ψυχῇ
1536 3531 1549 3545 ·
1584 3514 1676 3567 καὶ
1700 3513 1767 3568 δι’
1790 3517 1897 3584 ἀμ-

322 3615 568 3685 φοτέρων
622 3614 732 3685 γὰρ
765 3614 822 3665 αἱ
857 3612 1023 3682 ψυχαὶ
1056 3610 1132 3677 τῷ
1186 3608 1437 3663 κτίσαντι
1484 3606 1895 3676 δοκιμάζονται,

321 3705 408 3759 ἶνα
433 3705 583 3775 δῆλοι
614 3704 800 3772 σαφῶς
828 3702 1091 3771 γένωνται
1116 3700 1259 3763 τίνες
1287 3701 1337 3753 οί
1364 3700 1441 3770 μὴ
1471 3699 1697 3769 κέρδους
1717 3697 1897 3751 αἰτίαν

323 3797 539 3868 θέμενοι
582 3795 675 3868 τὴ)
714 3795 849 3867 πρὸς
890 3794 1097 3849 ἐκεῖνον
1120 3791 1340 3862 ἀγάπην
1365 3807 1379 3822 ο
1405 3791 1519 3845 ἀλλ’
1541 3790 1703 3844 αὐτὸν
1735 3789 1898 3855 μόνον

322 3892 415 3942 τὸν
460 3888 666 3958 πολλῆς
699 3887 777 3957 τῷ
822 3886 937 3939 ὄντι
982 3886 1078 3940 καὶ
1136 3883 1318 3954 φιλίας
1383 3883 1480 3936 καὶ
1507 3883 1673 3952 τιμῆς
1723 3881 1896 3945 ἀξιον.

325 3982 535 4051 Ὠσπερ
559 3979 617 4033 δέ
652 3979 730 4049 τῷ
762 3978 977 4049 ἀμελεῖ,
1008 3976 1104 4030 καὶ
1143 3976 1273 4046 περὶ
1320 3974 1420 4047 τὴν
1472 3973 1656 4027 πίστιν
1709 3972 1897 4038 ἐνδεεῖ,

325 4078 419 4127 καὶ
455 4074 535 4143 τῷ
583 4072 896 4142 φρονήματι
947 4067 1289 4139 νηπιάζοντι,
1336 4065 1595 4137 ἐμπόδιον
1634 4062 1771 4134 πρὸς
1804 4061 1903 4133 τὴν

325 4166 551 4220 αἰωνίαν
602 4162 747 4233 ζωὴν
790 4160 964 4216 ταῦτα
1016 4160 1257 4228 γίνεταιο
1295 4158 1415 4229 ἦτοι
1455 4157 1523 4210 τὰ
1556 4155 1777 4225 λυπηρὰ
1808 4152 1904 4207 καὶ

324 4259 581 4323 ἐπίπονα,
639 4256 808 4322 νόσοι,
873 4252 1078 4319 πενίαι,
1135 4251 1232 4305 καὶ
1312 4248 1556 4314 ἀδοξίαιο
1620 4247 1902 4310 τάναντία,

325 4350 581 4413 πλοῦτος,
634 4347 782 4413 δόξα,
823 4346 920 4400 καὶ
974 4345 1024 4398 οἱ
1062 4341 1123 4408 ἐξ
1172 4341 1478 4413 ἀνθρώπων
1539 4336 1902 4410 μακαρισμοὶ,

326 4441 464 4510 πρὸς
507 4440 564 4492 δέ
620 4438 716 4493 καὶ
764 4439 792 4491 ὁ
830 4438 888 4490 ἐν
933 4434 1010 4506 τῷ
1041 4435 1235 4503 ἀφανεῖ
1261 4432 1510 4503 πλήττων
1538 4429 1633 4483 τοῦ
1667 4423 1905 4498 πονηροῦ

327 4533 567 4601 πόλεμος
593 4547 608 4562 ο
644 4528 786 4582 οὕτω
818 4528 982 4582 πάλιν
1015 4523 1392 4594 ἀντιστρέφων
1418 4522 1695 4593 εὑρήσεις,
1719 4520 1803 4572 ὃτι
1830 4515 1907 4586 τῷ

327 4621 506 4693 πιστῷ
554 4621 651 4674 καὶ
698 4620 908 4689 συνετῷ
956 4618 1052 4671 καὶ
1101 4615 1337 4684 γενναίῳ
1398 4611 1636 4681 συνεργά
1699 4608 1906 4680 μᾶλλον

1985 2137 2159 2207 ipsam
2194 2138 2313 2207 ejus
2337 2135 2739 2200 excellentiam,
2771 2134 2989 2203 placere
3021 2148 3085 2187 ac
3121 2132 3415 2203 gratiﬁcari
3453 2145 3557 2187 stu-

1986 2229 2185 2296 deant;
2216 2229 2320 2283 hoc
2348 2237 2518 2297 agunt
2548 2234 2604 2281 et
2642 2233 2911 2281 conantur
2936 2224 3151 2278 sincero
3176 2224 3278 2293 pia:
3309 2224 3566 2277 volunta-

1990 2320 2060 2375 tis
2092 2320 2256 2374 nisu:
2290 2319 2379 2373 cui
2418 2327 2475 2372 et
2504 2332 2689 2386 parem
2721 2314 2921 2370 mentis
2963 2313 3325 2367 attentionem
3368 2315 3567 2368 merito

1987 2410 2311 2480 adjungunt.
2346 2407 2561 2462 Etenim
2604 2406 2738 2475 ipsis
2770 2403 2942 2458 multa
2975 2410 3061 2457 est
3103 2401 3413 2455 necessaria
3438 2416 3569 2469 pru-

1989 2503 2195 2569 dentia,
2226 2502 2272 2556 si
2316 2514 2623 2570 praecavere
2662 2498 2852 2561 velint,
2890 2511 2959 2550 ne
2988 2494 3309 2564 quotidiana
3336 2510 3455 2563 qua:
3481 2510 3569 2548 ae-

1990 2608 2202 2672 cidunt,
2250 2604 2641 2676 impedimenta
2684 2602 2817 2670 ipsis
2859 2600 2969 2654 sint
3012 2597 3261 2667 placendi
3308 2599 3419 2651 Deo
3466 2598 3569 2652 ista

1990 2696 2317 2754 intentionis
2360 2697 2634 2766 puritate;
2669 2692 2939 2763 siquidem
2989 2706 3097 2744 nos
3147 2696 3361 2759 egestas
3393 2689 3568 2743 solum

1990 2799 2047 2846 et
2075 2788 2394 2862 ignominia,
2424 2786 2521 2842 sed
2550 2796 2609 2840 et
2637 2800 2771 2863 opes
2800 2792 2857 2839 et
2886 2783 3063 2838 honor
3091 2780 3426 2835 tentationes
3453 2779 3568 2833 ani-

1990 2897 2094 2937 mae
2118 2880 2286 2946 ﬁunt;
2317 2880 2449 2949 quin
2474 2886 2529 2932 et
2554 2893 2623 2932 ex
2649 2886 2821 2944 parte,
2854 2875 2970 2945 ipsa
2994 2872 3315 2933 consolatio,
3343 2872 3457 2939 ipsa
3482 2871 3572 2925 illa

1992 2975 2151 3032 beata
2173 2972 2333 3045 quies
2351 2988 2418 3028 ex
2446 2968 2807 3025 inhabitantis
2830 2968 2975 3022 dono
2995 2966 3183 3037 gratiae
3206 2964 3574 3033 complectens

1992 3066 2381 3133 animam;nisi
2410 3080 2467 3121 se
2495 3064 2587 3120 illa
2608 3070 2822 3118 tantum
2847 3061 2998 3125 boni,
3018 3074 3168 3114 mera
3199 3058 3293 3112 Dei
3327 3057 3572 3111 liberali-

1994 3169 2128 3224 tate,
2146 3159 2300 3213 nullo
2319 3172 2420 3213 suo
2446 3165 2661 3211 nactam
2678 3150 2896 3214 merito,
2914 3149 3108 3203 intime
3127 3148 3348 3210 sentiat,
3367 3155 3422 3200 et
3437 3146 3576 3198 mul-

1996 3260 2105 3306 tam
2128 3250 2353 3319 insuper
2377 3245 2657 3307 adhibeat,
2676 3256 2803 3297 cum
2835 3238 3050 3293 modica
3076 3236 3159 3291 sui
3188 3235 3573 3298 aestimatione,

1918 3360 1962 3420 ο
1996 3337 2567 3409 circumspectionem.
2621 3333 2757 3389 Nam
2801 3330 2919 3385 sine
2969 3327 3086 3391 his,
3136 3326 3413 3381 excellens
3462 3325 3579 3378 haac

1995 3432 2186 3506 gratia,
2212 3430 2370 3485 valde
2410 3441 2647 3499 pronum
2676 3438 2865 3480 secum
2894 3419 3054 3475 aﬁ'ert
3086 3417 3393 3487 periculum
3435 3432 3578 3486 prae—

1994 3523 2163 3581 bendi
2190 3522 2264 3587 ei,
2293 3536 2456 3591 quam
2499 3525 2679 3581 ornat,
2707 3516 2903 3570 animae
2942 3508 3289 3566 occasionem
3317 3508 3580 3562 tentatio—

1995 3616 2105 3679 nis,
2126 3624 2184 3669 et
2203 3609 2499 3684 objiciendi
2524 3604 2796 3678 profecturi
2839 3603 2960 3673 ejus
2983 3599 3354 3655 obstaculum.
3381 3598 3581 3666 Utpote

1998 3706 2320 3762 insidiatore
2350 3701 2494 3756 malo
2533 3699 2802 3757 daemone,
2843 3692 3030 3749 conari
3061 3691 3225 3745 solito
3254 3690 3440 3760 hujus,
3474 3702 3583 3758 qua

1998 3798 2151 3852 videt
2180 3795 2287 3849 frui
2323 3794 2586 3853 animam,
2615 3794 2882 3859 praetextu
2916 3791 2973 3837 et
3017 3779 3215 3835 ﬁducia
3258 3779 3427 3832 nimia
3462 3794 3584 3848 gra-

2001 3888 2111 3951 tiae,
2141 3885 2344 3941 sensim
2377 3882 2625 3936 relaxare
2669 3872 3079 3931 contentionem
3116 3870 3173 3924 in
3204 3868 3465 3923 ulteriora
3501 3868 3584 3921 ni-

2001 3977 2176 4037 tendi,
2211 3976 2643 4044 languoremque
2685 3974 2741 4021 et
2776 3964 3085 4034 neglectum
3123 3961 3370 4031 injicere.
3404 3958 3585 4028 Atque

2002 4067 2140 4121 adeo
2170 4065 2285 4134 ipsa
2312 4060 2509 4132 gratia,
2542 4067 2605 4113 ut
2633 4070 2827 4112 secure
2853 4052 3185 4122 innoxieque
3214 4050 3583 4120 possideatur,

2003 4157 2173 4227 exigit
2206 4160 2261 4210 in
2309 4155 2405 4209 illo
2434 4152 2528 4222 qui
2559 4164 2680 4205 eam
2724 4145 2980 4218 percipit,
3016 4151 3361 4199 reverentem
3395 4156 3589 4210 quam-

2005 4250 2129 4305 dam
2155 4243 2601 4314 trepidationem,
2625 4254 2732 4309 qua
2756 4238 2813 4291 in
2834 4234 3076 4306 vigiliam
3102 4243 3332 4289 acuatur
3350 4233 3590 4287 circum-

2004 4334 2288 4408 spectandi
2317 4348 2381 4388 ac
2417 4328 2744 4400 disponendi
2776 4324 3133 4397 providenter
3164 4326 3391 4384 cuncta;
3436 4328 3497 4372 ut
3529 4334 3586 4374 e.

2006 4430 2211 4486 donum
2238 4434 2451 4479 tantum
2482 4419 2674 4491 quanti
2703 4417 2848 4473 valet
2872 4415 3134 4481 aestimet;
3162 4420 3219 4468 et
3244 4411 3440 4482 dignos
3468 4411 3590 4479 ejus

2006 4518 2219 4573 fructus
2262 4518 2661 4582 repraesentare
2704 4504 2943 4563 studeat.
2967 4504 3161 4575 Igitur,
3190 4515 3301 4555 non
3350 4499 3420 4554 ab
3450 4499 3589 4553 ami-

2009 4610 2288 4669 ctionibus
2316 4607 2516 4669 solum,
2550 4602 2646 4657 sed
2669 4609 2726 4655 et
2746 4616 2777 4654 a
2805 4594 3279 4654 consolationibus
3311 4589 3591 4662 periclita-

329 4677 598 4787 rtpbc.'ti}v
637 4710 733 4764 τοῦ
776 4677 911 4762 Θετιὺ
943 4677 1267 4762 καθίσταται
1294 4677 1604 4773 βασιλείαν-ο
1644 4677 1772 4766 Τοῖς
1798 4700 1892 4770 γὰρ

2013 4716 2103 4761 tur
2129 4702 2310 4757 anima
2346 4695 2569 4754 tentari.
2605 4694 2674 4748 Et
2702 4708 2801 4762 per
2822 4689 3015 4745 ambas
3047 4687 3182 4742 istas
3209 4698 3299 4738 res
3330 4697 3360 4735 a
3394 4677 3593 4735 condi-

329 4807 439 4860 τὸν
491 4804 640 4858 Θεὸν
695 4798 992 4872 ἀγαπῶσι,
1036 4797 1180 4851 κατὰ
1230 4797 1323 4849 τὸν
1372 4794 1512 4847 θεῖον
1567 4790 1907 4855 Ἀπόστολον,

331 4900 529 4954 πάντα
562 4895 851 4966 συνεργεῖ
872 4897 959 4960 εὶς
986 4892 1055 4946 τὸ
1084 4893 1327 4961 ἀγαθόν.
1366 4889 1653 4942 Δείκνυται
1686 4886 1777 4939 οὖν
1825 4887 1913 4940 ἐν-

331 4992 545 5057 τεῦθεν,
584 4991 670 5044 ὅτι
702 4989 771 5043 τά
805 4988 863 5041 ἐν
894 4984 972 5055 τῷ
1024 4984 1217 5053 κόσμῳ
1270 4982 1451 5035 πάντα
1486 4980 1743 5051 ἐμπόδιον
1772 4975 1913 5032 εἶναι

334 5080 665 5151 νομιζόμενα
698 5076 1020 5150 διαρρήξας,
1049 5075 1142 5128 καὶ¹
1168 5074 1420 5141 νικήσας,
1469 5073 1566 5125 καὶ
1615 5070 1860 5141 ὑπερϐάς
1885 5069 1915 5121 ό

335 5172 550 5243 ἀληθῶς
586 5171 834 5241 φιλόθεος
880 5168 975 5223 τοῦ
1025 5166 1170 5220 θείου
1219 5165 1383 5235 μόνου
1440 5164 1758 5234 περιέχεται
1795 5162 1914 5231 φίλ-

336 5281 499 5335 τρου·
549 5264 799 5332 Σχοινία
849 5261 958 5331 γὰρ
1010 5253 1374 5328 ἁμαρτωλῶν
1419 5252 1917 5323 περιεπλάκησάν

337 5374 456 5427 μοι,
483 5359 511 5410 ὁ
541 5357 682 5419 θεῖός
738 5372 870 5425 φησι
933 5353 1247 5424 Προφήτης,
1277 5346 1511 5400 καὶτοῦ
1558 5346 1746 5415 νόμου
1802 5362 1919 5400 σου

337 5453 449 5505 οὐκ
470 5448 870 5516 ἐπελαθόμην.

2014 4809 2134 4852 tore
2156 4793 2351 4847 animae
2388 4787 2723 4860 probantur;
2755 4789 2819 4836 ut
2846 4779 2933 4834 his
2964 4771 3437 4847 explorationibus
3479 4782 3569 4821 ma

2014 4886 2215 4942 nifesto
2244 4857 2501 4952 appareat
2523 4875 2714 4947 quales
2745 4870 2891 4928 sint?
2917 4863 3270 4922 mercenaria:
3300 4875 3370 4914 ne
3393 4857 3596 4913 nundi-

2016 4975 2257 5032 natrices
2285 4968 2589 5029 charitatis,
2616 4970 2857 5034 quaestus
2886 4957 2972 5013 sui
3003 4970 3167 5011 causa
3202 4953 3374 5006 Deum
3409 4964 3598 5003 antan-

2018 5074 2134 5132 tes;
2157 5080 2228 5118 an
2252 5063 2429 5117 solum
2461 5065 2685 5128 propter
2714 5066 2773 5106 se
2807 5050 2988 5119 ipsum
3016 5061 3142 5100 eum
3171 5042 3429 5112 diligant;
3448 5037 3597 5109 quod

2019 5157 2197 5220 illum,
2227 5162 2288 5207 ut
2316 5157 2400 5205 est
2429 5150 2485 5203 in
2508 5160 2607 5200 sua
2630 5150 2828 5197 natura
2850 5137 3093 5208 propria,
3120 5135 3260 5188 citra
3287 5137 3601 5200 respectum

2023 5248 2091 5305 ad
2125 5216 2246 5309 nos,
2280 5239 2430 5297 omni
2472 5236 2698 5307 dignum
2749 5243 2935 5285 amore
2966 5227 3287 5294 honoreque
3327 5222 3487 5277 sciat.
3532 5216 3604 5273 Ut

2028 5347 2212 5394 autem
2243 5324 2564 5402 negligenti,
2595 5321 2868 5377 modicam
2901 5314 3127 5371 habenti
3160 5312 3346 5375 ﬁdem,
3376 5318 3433 5364 et
3470 5322 3606 5377 pue-

2032 5430 2209 5485 riliter
2228 5394 2419 5479 adhuc
2442 5414 2716 5487 sapienti,
2752 5408 3149 5483 impedimento
3195 5405 3311 5459 haec
3362 5407 3492 5455 sunt
3539 5394 3607 5450 ad

337 5488 449 5505 νυν..
470 5488 832 5516 summer...
857 5488 870 5500 .
3565 5488 3574 5498 .

337 5554 597 5601 aeternam
666 5542 835 5595 vitam
869 5556 882 5592 :
918 5537 1177 5593 videlicet
1231 5543 1343 5589 tam
1391 5531 1603 5588 acerbae
1629 5547 1692 5586 ac
1738 5528 2028 5585 laboriosae
2056 5538 2167 5586 res,
2202 5527 2263 5575 ut
2310 5514 2515 5578 morbi,
2566 5508 2833 5581 penuriae.
2889 5499 3238 5601 ἱεηοξηίηἱθες
3263 5506 3484 5601 sua?
3523 5488 3611 5542 ¹¹¹³

338 5638 654 5702 contrariae,
687 5635 917 5698 divitiae,
958 5632 1151 5703 gloria,
1194 5626 1389 5684 laudes
1457 5632 1513 5680 et
1571 5623 1866 5693 applausus
1935 5614 2258 5678 hominum;
2303 5615 2683 5678 praetereaque
2727 5610 2976 5670 puugens
3014 5593 3070 5647 in
3124 5586 3340 5690 occulto
3395 5582 3610 5703 ξεωιιιὲιξ

340 5672 654 5702 υυιιιιαέισῡ,
687 5672 917 5698 υινιιιυυ,
958 5672 1151 5703 δινιιιιθ
1195 5672 1388 5684 ιι-ι-ε-ν-
1461 5672 1513 5680 νν
1572 5672 1793 5693 wrr__——_
1811 5672 1859 5674 νὴ
2246 5672 2255 5678 _
2306 5672 2322 5678 _
2593 5672 2607 5673 γ
3520 5672 3531 5682 I

340 5728 712 5801 impugnatio,
768 5725 849 5780 sic
900 5736 1120 5785 rursus,
1181 5713 1340 5773 aliter
1396 5714 1713 5785 dispositos,
1777 5712 1834 5765 in
1898 5709 2025 5763 loco
2075 5711 2504 5759 memoratorum
2540 5695 2722 5753 modo,
2743 5704 2993 5801 Jponcns,
3052 5679 3299 5801 re‘peries
3343 5693 3356 5729 :
3398 5672 3610 5801 ferini:

1809 5800 1815 5801 ,
2061 5793 2096 5801 -.
2278 5799 2284 5801 _
2491 5784 2544 5801 on
2561 5799 2572 5801 _
2589 5798 2606 5801 Α
2650 5796 2665 5801 -
2681 5797 2698 5801 _
2712 5796 2730 5801 _
2780 5793 2857 5801 -..Α
2895 5787 3012 5801 Alunt.
3058 5785 3084 5801 Α
3163 5778 3396 5801 annannn
3428 5778 3440 5801 I
3484 5775 3550 5801 nn

342 5824 398 5878 iu
422 5769 554 5887 illd;
585 5769 868 5891 prudenti,
900 5822 955 5870 et
981 5769 1242 5886 generose
1272 5807 1399 5865 forti
1428 5769 1674 5865 subsidia
1708 5800 1891 5874 potius
1924 5804 1981 5854 et
2013 5793 2323 5866 adjumenta
2366 5803 2455 5843 res
2491 5784 2610 5839 illas
2642 5779 2861 5837 eanOm
2893 5787 3012 5831 esse
3058 5769 3125 5826 ad
3163 5769 3609 5825 εοηδεουιίοηεη)
