4020 6484
491 427 593 490 955
1726 424 1785 483 S.
1826 422 2146 483 MACAPJI
2190 420 2513 485 lEGYPTll
3671 419 3737 481 9i
3753 418 3790 495 6

482 535 638 606 regni
690 532 789 589 Dei
826 551 839 588 :
891 531 1238 605 Diligentibus
1289 531 1439 587 enim
1482 528 1652 585 Deum
1704 530 1805 599 (ait
1851 530 2073 585 divinus
2104 531 2423 601 Apostolus)
2471 534 2649 587 omnia
2695 526 3049 603 coaperantur
3089 531 3145 584 in
3190 529 3385 584 bonum
3415 525 3483 583 ⁸⁸.
3523 530 3621 590 Ex
3692 530 3791 587 his

482 631 653 699 igitur
704 636 953 696 apparet,
1003 626 1128 697 quis
1174 626 1393 680 demum
1426 622 1498 678 sit
1561 639 1726 677 verus
1804 622 1903 677 Dei
1947 631 2194 689 amator;
2244 623 2291 679 is
2364 626 2525 695 217
2576 625 2872 689 nimirum,
2922 623 3015 694 qui
3064 637 3163 692 per
3211 629 3438 685 cuncta,
3494 638 3635 692 quae
3728 624 3790 679 in

483 724 589 781 hoc
628 729 836 782 mundo
868 737 1134 799 putantur
1176 727 1420 793 obstare,
1455 734 1741 796 perrupta,
1772 725 1938 789 vieta,
1981 723 2211 788 calcata,
2261 733 2476 779 tantum
2522 741 2721 779 versus
2764 724 2935 779 Deum
2972 735 3161 776 amore
3199 718 3476 785 feruntur,
3508 720 3791 776 dicentes

484 835 608 874 cum
650 822 961 890 propheta:
1023 820 1195 876 Funes
1244 828 1573 889 peccatorum
1616 816 1956 885 circ-amplexi
2030 823 2153 868 sunt
2196 832 2298 881 me,
2333 826 2383 870 et
2424 817 2590 889 legem
2619 828 2767 871 tuam
2800 833 2904 870 non
2928 832 3044 869 sum
3078 813 3268 868 oblitus
3298 812 3364 864 ⁵⁸.

554 911 698 966 XXI.
739 913 968 968 Divinus
1011 914 1293 983 apostolus
1337 912 1540 966 Paulus
1592 911 1838 965 exactius
1869 918 1924 964 et
1966 908 2065 962 cla-

2250 910 2382 964 KA'.
2441 911 2500 963 '0
2530 911 2672 974 θεῖος
2700 910 2998 974 ἀπόστολος
3040 909 3252 973 Παῦλος
3280 910 3693 981 ἀκριϐέστερόν
3725 926 3790 962 τε

482 1003 597 1057 rius
622 1004 999 1058 demonstrare
1050 1003 1264 1068 volens,
1298 1002 1434 1072 quid
1473 1017 1603 1056 vere
1649 1002 1721 1056 sit
1749 999 2061 1070 perfectum

2166 1003 2263 1058 καὶ
2299 1003 2736 1073 τηλαυγέστερον
2789 1002 2850 1055 τὸ
2913 1002 3128 1066 ἐντελὲς
3179 1003 3273 1057 τοῦ
3326 1004 3786 1073 Χριστιανισμοῦ

479 1094 894 1149 Christianismi
925 1093 1247 1165 mysterium
1280 1093 1336 1147 in
1370 1108 1701 1163 unaquaque
1734 1094 1918 1147 anima
1943 1107 2064 1148 cre-

2167 1096 2463 1165 μυστήριον
2520 1094 2727 1164 ἑκάστῃ
2781 1091 3109 1163 πιστευούσῃ
3162 1093 3306 1164 ψυχῇ
3356 1092 3661 1163 δεδήλωκε,
3718 1092 3787 1144 δι’

480 1187 669 1251 dente,
700 1186 891 1241 venire
912 1186 1076 1240 talem
1107 1184 1346 1239 animam
1365 1185 1420 1239 in
1438 1187 1605 1255 hujus
1622 1185 2062 1254 experimentum

2164 1188 2445 1259 ἐνεργείας
2486 1185 2637 1250 Θείας
2663 1187 2741 1249 είς
2770 1187 2966 1256 πεῖραν
2998 1185 3131 1238 ἰέναι
3148 1202 3161 1215 ·
3185 1187 3321 1255 ὅπερ
3345 1187 3511 1251 ἐστὶν,
3535 1186 3570 1255 ἡ
3597 1187 3785 1237 ὲπου-

485 1282 668 1341 docet,
698 1295 800 1347 per
838 1279 1082 1335 divinam
1102 1279 1501 1348 operationem.
1536 1279 1671 1345 Qua
1699 1277 1909 1334 scilicet
1927 1290 2064 1347 ope-

2169 1280 2352 1352 ρανίου
2375 1279 2553 1350 φωτὸς
2581 1280 2641 1333 ὲν
2684 1277 3025 1347 ἀποκαλύψει
3060 1278 3154 1331 καὶ
3197 1277 3425 1348 δυνάμει
3454 1276 3550 1329 τοῦ
3593 1276 3786 1329 Πνεῦ-

485 1372 624 1424 ratio
656 1381 741 1426 est
788 1370 1201 1440 supercmlestis
1256 1370 1485 1425 luminis
1536 1371 1594 1425 in
1644 1370 1983 1427 revelatione
2009 1376 2065 1423 et

2169 1388 2339 1443 ματος
2412 1371 2718 1441 ἐλλαμψιςο
2789 1371 2881 1425 ἵνα
2939 1371 3012 1442 μή
3077 1388 3160 1433 τις
3213 1370 3303 1423 τδν
3361 1369 3449 1423 διὰ
3500 1367 3785 1437 γνώσεως

481 1460 684 1515 virtute
738 1460 979 1530 Spiritus
1029 1459 1339 1515 irradiatio.
1375 1462 1455 1516 Ne
1505 1461 1647 1517 forte
1679 1461 1827 1531 quis,
1864 1460 1923 1514 in
1958 1460 2067 1514 hoc

484 1564 702 1615 errans,
745 1558 904 1620 putet
928 1550 1068 1605 nihil
1099 1550 1251 1605 aliud
1290 1566 1414 1607 esse
1444 1551 1904 1606 iliuminationem
1935 1548 2064 1619 Spi-

485 1639 651 1705 ritus,
683 1640 793 1695 nisi
824 1639 1170 1710 cognitiones
1195 1640 1251 1695 vi
1305 1641 1535 1696 humani
1578 1640 1875 1711 productas
1904 1638 2069 1693 intel-

481 1731 695 1796 lectus;
723 1736 782 1784 et
832 1738 1062 1799 propter
1093 1731 1255 1785 istam
1298 1732 1684 1801 ignorantiam,
1716 1739 1772 1785 et
1794 1730 2067 1785 desidiam

480 1820 857 1889 periclitetur,
904 1834 936 1873 a
972 1820 1224 1890 perfecto
1269 1823 1458 1892 gratiae
1493 1822 1752 1877 excidere
1780 1820 2065 1893 mysterio.

483 1909 784 1981 Propterea
810 1910 1124 1980 exemplum
1147 1911 1658 1968 circumambientis
1683 1912 1879 1968 faciem
1902 1912 2068 1967 Hosis

485 2006 726 2077 Spiritus
775 2005 983 2076 gloriae,
1024 2006 1093 2060 ad
1131 2008 1470 2078 cognitionis
1526 2008 2067 2079 repmentationem

486 2097 633 2152 haud
667 2096 836 2152 dubie
882 2097 1222 2152 conformem
1270 2100 1460 2155 refert.
1506 2103 1578 2155 At
1610 2101 1814 2171 igitur:
1846 2100 1998 2166 Quod
2020 2100 2069 2155 si

486 2188 807 2241 ministratio
865 2188 1047 2241 mortis
1101 2187 1290 2244 litteris
1337 2190 1636 2260 deformata
1688 2192 1743 2244 in
1783 2190 2062 2261 lapidibus,

486 2279 662 2350 fuitin
688 2278 884 2351 gloria,
913 2280 990 2333 ita
1018 2288 1075 2333 ut
1100 2298 1207 2335 non
1245 2290 1457 2353 possent
1481 2282 1756 2336 intendere
1775 2282 1878 2351 ﬁlii
1891 2283 2066 2339 Israel

482 2372 543 2425 in
573 2372 759 2442 faciem
797 2372 988 2442 Moysi,
1038 2382 1253 2444 propter
1306 2372 1535 2445 gloriam
1565 2374 1739 2428 pultm
1786 2376 1921 2445 ejus,
1950 2393 2066 2448 quc

485 2471 813 2529 evacuatur;
847 2465 1110 2533 quomodo
1138 2480 1244 2519 non
1279 2467 1448 2536 magis
1484 2467 1810 2521 ministratio
1833 2465 2065 2537 Spiritus

480 2560 585 2612 erit
614 2560 671 2612 in
708 2558 927 2629 gloria?
961 2557 1102 2612 Nam
1142 2560 1187 2612 si
1237 2559 1560 2613 ministratio
1599 2559 1961 2615 damnationis
2006 2562 2065 2615 in

478 2650 655 2721 gloria
679 2660 777 2714 est,
807 2649 973 2704 multo
1001 2650 1171 2720 magis
1196 2650 1434 2704 abundat
1461 2651 1812 2707 ministerium
1838 2653 2065 2723 iustitia

481 2742 539 2795 in
557 2739 753 2811 gloria.
786 2739 926 2796 Nam
955 2757 1049 2795 nec
1073 2740 1429 2812 gloriﬁcatum
1470 2749 1548 2795 est
1598 2743 1738 2813 quod
1789 2742 1985 2797 claruit
2007 2744 2065 2798 in

482 2831 586 2884 hac
617 2840 770 2901 parte
793 2840 1011 2901 propter
1032 2832 1373 2885 excellentem
1401 2831 1649 2901 gloriam.
1681 2830 1742 2886 Si
1768 2833 1907 2887 enim
1927 2833 2066 2904 quod

477 2929 770 2977 evacuatur
814 2938 910 2992 per
946 2921 1171 2993 gloriam
1195 2932 1272 2978 est
1283 2938 1303 2988 ;
1332 2922 1500 2977 multo
1533 2924 1703 2994 magis
1723 2924 1865 2993 quod
1886 2932 2067 2979 manet

480 3014 539 3068 in
569 3013 741 3084 gloria
768 3021 844 3068 est
877 3013 944 3068 ⁸⁸.
978 3014 1128 3079 Quod
1155 3023 1462 3079 evacuatur,
1492 3014 1653 3081 dixit,
1673 3015 1879 3073 idcirco
1915 3015 2063 3086 quod

481 3102 710 3157 mortali
754 3103 977 3173 corpori
1028 3104 1195 3160 Mosis
1245 3104 1752 3176 circumaﬂ‘uigeret
1802 3106 1897 3161 illa
1923 3106 2068 3163 lucis

486 3191 687 3262 gloria.
713 3191 1010 3264 Subiungit
1028 3212 1041 3248 :
1056 3194 1319 3251 Habentes
1344 3197 1509 3266 igitur
1529 3195 1694 3250 talem
1714 3212 1882 3267 spem,
1895 3197 2066 3253 multa

481 3281 682 3351 ﬁducia
726 3284 931 3337 utimur
970 3285 1036 3339 “.
1092 3285 1163 3340 Et
1187 3301 1514 3357 progressus
1546 3288 1793 3357 paulum,
1822 3287 2067 3342 ostendit
2112 3318 2115 3321 λ

483 3376 854 3432 immortalem
899 3378 1052 3433 illam
1098 3378 1336 3450 Spiritus
1378 3381 1434 3436 in
1476 3380 1787 3453 apocalypsi
1811 3382 2063 3452 gloriam,
2095 3382 2113 3414 τ

485 3481 639 3520 nunc
677 3465 734 3524 in
765 3469 1085 3536 immortali,
1109 3470 1204 3540 qui
1235 3471 1371 3526 latet
1395 3471 1575 3538 intus,
1592 3471 1837 3537 homine,
1881 3471 2066 3543 dignis

483 3554 873 3614 immortaliter
906 3569 967 3615 et
1019 3559 1479 3618 inevacuabiliter
1527 3563 1910 3632 resplendere.
1967 3563 2061 3620 Ait

482 3664 615 3720 ergo
638 3666 651 3703 :
678 3649 785 3705 Nos
805 3667 925 3705 vero
947 3666 1125 3705 omnes
1148 3652 1279 3722 (hoc
1305 3661 1410 3718 est,
1437 3667 1537 3722 per
1560 3651 1725 3707 ﬁdem
1756 3652 2059 3724 perfectam

482 3755 551 3796 ex
610 3741 822 3811 Spiritu
865 3742 1061 3814 geniti)
1097 3742 1335 3797 revelata
1389 3744 1523 3814 facie
1562 3742 1794 3813 gloriam
1847 3745 2061 3801 Domini

480 3831 838 3901 speculantes,
888 3833 946 3885 in
989 3834 1230 3887 eamdem
1271 3835 1557 3905 imaginem
1607 3836 2062 3905 transformamur

483 3941 517 3976 a
543 3922 790 3976 claritate
803 3923 860 3977 in
879 3922 1200 3990 claritatem,
1220 3934 1481 3996 tanquam
1501 3943 1535 3979 α
1548 3925 1763 3981 Domini
1784 3927 2056 3998 Spiritu“.

479 4014 734 4069 Revelata
774 4015 928 4083 facie,
961 4017 1159 4070 animae
1192 4017 1438 4084 scilicet;
1469 4027 1527 4076 et
1544 4019 1767 4088 quando
1801 4035 2061 4076 reversus

2164 1464 2454 1535 νοημάτων
2508 1461 2789 1533 φωτισμὸν
2853 1460 2949 1515 τοῦ
3025 1461 3344 1531 Πνεύματος
3401 1461 3562 1529 μόνον
3626 1456 3779 1513 εἶναι

2166 1553 2414 1624 νομίσας,
2443 1552 2763 1625 κινδυνεύσῃ
2790 1552 2856 1606 δι’
2897 1550 3119 1622 ἄγνοιάν
3149 1568 3207 1605 τε
3236 1552 3329 1604 καὶ
3357 1551 3643 1623 ρᾳθυμίαν
3676 1550 3776 1603 τοῦ

2165 1646 2377 1701 τελείου
2407 1647 2508 1716 τῆς
2534 1646 2758 1717 χάριτος
2787 1647 3084 1716 ἀποτυχεῖν
3115 1645 3435 1715 μυστηρίου.
3462 1645 3562 1697 Διά
3602 1643 3777 1697 τοῦτο

2164 1737 2265 1791 καὶ
2288 1738 2349 1791 τὸ
2374 1736 2687 1806 ὑπόδειγμα
2728 1735 2831 1807 τῆς
2857 1735 2935 1806 τῷ
2977 1734 3257 1807 προσώπῳ
3303 1736 3547 1798 Μωσέως
3604 1752 3680 1788 πε
3690 1752 3776 1806 ρι-

2164 1828 2431 1900 κειμένης
2456 1827 2551 1881 τοῦ
2585 1827 2904 1898 Πνεύματος
2936 1827 3096 1898 δόξης
3125 1827 3204 1892 είς
3228 1826 3574 1897 παράστασιν
3608 1827 3765 1895 ὠμοί

2166 1922 2479 1995 λογημένην
2503 1921 2601 1991 τῆς
2621 1918 2878 1989 γνώσεως
2897 1919 3130 1990 ἤνεγκεν
3158 1935 3173 1950 ⁸
3208 1919 3342 1989 φησὶ
3372 1918 3500 1987 γοῦν
3530 1934 3547 1949 ·
3582 1922 3661 1973 Ei
3699 1917 3773 1971 δὲ

2166 2014 2208 2083 ἠ
2252 2012 2527 2067 διακονία
2558 2012 2666 2066 τοῦ
2704 2009 2965 2066 θανάτου
3009 2008 3081 2064 ἐν
3120 2010 3459 2079 γράμμασιν
3505 2010 3768 2063 ἐντετυ-

2168 2104 2414 2176 πωμένη
2463 2104 2534 2157 ἐν
2573 2105 2768 2169 λίθοις
2814 2100 3070 2172 ἐγενήθη
3132 2100 3203 2154 ἐν
3251 2100 3422 2167 δόξῃ,
3474 2098 3641 2154 ὥστε
3676 2098 3767 2169 μὴ

2167 2198 2462 2253 δύνασθαι
2489 2196 2631 2263 τοὺς
2662 2194 2834 2260 υιοὺς
2881 2194 3129 2262 Ἰσραὴλ
3150 2192 3422 2248 ἀτενίσαι
3453 2194 3542 2257 εὶς
3572 2195 3770 2260 πρόσ-

2166 2301 2331 2345 ωπον
2380 2287 2638 2354 Μωσέως
2688 2286 2787 2341 διὰ
2838 2284 2955 2354 τὴν
3002 2283 3193 2348 δόξαν
3255 2283 3361 2339 τοῦ
3425 2283 3767 2352 προσώπου

2166 2381 2353 2436 αὑτοῦ
2382 2381 2497 2448 τὴν
2520 2377 3042 2449 καταρτουμένην’
3071 2376 3244 2441 πόσῳ
3269 2374 3510 2446 μᾶλλον
3548 2376 3587 2444 ἢ
3631 2375 3764 2429 δια-

2166 2473 2342 2527 κονία
2377 2471 2486 2526 τοῦ
2526 2472 2873 2540 Πνεύματος
2905 2469 3079 2523 ἔσται
3127 2467 3199 2522 ἐν
3240 2466 3390 2536 δοξῃ
3417 2468 3437 2521 !
3468 2469 3539 2521 Et
3564 2468 3682 2536 γὰρ
3717 2466 3759 2535 ἠ

2166 2563 2441 2618 διακονία
2469 2561 2582 2630 τῆς
2608 2561 3012 2630 κατακρίσεως
3040 2558 3193 2626 δόξα
3224 2573 3239 2590 ⁶
3274 2556 3483 2623 πολλῷ
3511 2557 3757 2627 μᾶλλον

2166 2656 2561 2725 περισσεύσει
2633 2655 2673 2723 ἠ
2745 2653 3021 2706 διακονία
3069 2650 3183 2721 τῆς
3234 2650 3630 2718 δικαιοσύνης
3685 2650 3757 2704 ἐν

2166 2747 2315 2817 δόξῃ
2342 2764 2356 2780 ο
2398 2746 2496 2801 καὶ
2546 2746 2656 2816 γὰρ
2693 2747 2766 2800 οὐ
2800 2743 3166 2808 δεδόξασται
3207 2743 3275 2803 τὸ
3305 2742 3753 2812 δεδοξασμένον

2165 2840 2237 2894 ἐν
2262 2840 2450 2905 τούτῳ
2466 2838 2630 2909 μέρει
2652 2837 2864 2891 ἕνεκεν
2881 2835 2994 2906 τῆς
3018 2836 3522 2905 ὑπερϐαλλούσης
3539 2834 3746 2900 δόξης.

2166 2936 2237 2989 Et
2272 2933 2384 3001 γὰρ
2453 2934 2521 2986 τὸ
2581 2930 3067 2999 καταργούμενον
3118 2927 3218 2984 διὰ
3279 2926 3489 2994 δόξης,
3541 2924 3745 2994 πολλῷ

2163 3021 2403 3094 μᾶλλον
2420 3022 2488 3077 τὸ
2501 3023 2692 3092 μένον
2711 3022 2783 3076 ἐν
2810 3020 2984 3091 δόξῃ.
3026 3021 3518 3091 Καταργούμενον
3556 3020 3743 3091 εἴρηκε

2166 3117 2256 3170 διὰ
2287 3115 2346 3171 τὸ
2369 3114 2550 3187 θνητῷ
2582 3114 2796 3187 σώματι
2839 3112 3122 3177 Μωῦσέως
3147 3112 3491 3185 περικεῖσθαι
3519 3113 3615 3184 τὴν
3648 3110 3739 3166 τοῦ

2168 3206 2348 3277 φωτὸς
2416 3206 2595 3271 δόξαν.
2659 3204 2889 3274 Ἔπάγει
2921 3220 2938 3238 ’
2994 3206 3283 3275 Ἔχοντες
3349 3200 3461 3259 οὖν
3526 3204 3739 3259 ἐλπίδα

2168 3295 2371 3365 πολλῇ
2422 3296 2727 3367 παρρησίᾳ
2780 3294 3072 3367 χρώμεθα.
3128 3295 3240 3350 Καὶ
3287 3295 3495 3367 προϐὰς
3549 3293 3735 3364 μικρὸν

2169 3387 2339 3454 ἔδειξε
2370 3389 2469 3461 τὴν
2506 3388 2776 3443 ἀθάνατον
2813 3388 3030 3459 ἐκείνην
3054 3387 3148 3441 τοῦ
3179 3386 3495 3457 Πνεύματος
3521 3388 3577 3439 ἐν
3600 3387 3726 3439 ἀπο-

2169 3484 2400 3555 καλύψει
2424 3483 2605 3551 δόξαν,
2627 3482 2724 3536 νῦν
2746 3482 2805 3535 ὲν
2826 3481 2904 3553 τῷ
2931 3481 3184 3553 ἀθανάτῳ
3199 3482 3291 3535 τοῦ
3319 3481 3424 3535 ἔσω
3448 3477 3715 3549 ἀνθρώπου

2162 3581 2276 3641 τοῖς
2304 3576 2476 3645 ἀξίοις
2509 3576 2794 3638 ἀθανάτως
2817 3592 2877 3628 τε
2918 3575 3014 3629 καὶ
3043 3575 3433 3645 ἀκαταργήτως
3461 3570 3717 3639 mapm-

2163 3670 2310 3726 σθαι.
2357 3669 2497 3740 Φησὶ⁵
2538 3669 2705 3737 γοῦν
2745 3666 2945 3736 Ἡμεῖς
2992 3667 3061 3720 δὲ
3096 3667 3342 3732 πάντες,
3373 3664 3511 3719 τοῦτ’
3561 3664 3719 3724 ἐστιν,

2159 3763 2206 3816 oi
2232 3760 2373 3815 κατὰ
2393 3760 2604 3813 τελείαν
2627 3758 2813 3811 πίστιν
2844 3759 2909 3811 ἐκ
2936 3757 3031 3810 τοῦ
3056 3756 3196 3811 Πνεύ
3204 3774 3371 3827 ματος
3397 3753 3726 3824 γενηθέντες,

2158 3849 2706 3919 ἀνακεκαλυμμένῳ
2756 3846 3052 3918 προσώπῳ
3113 3846 3228 3913 τὴν
3276 3845 3466 3907 δόξαν
3519 3843 3728 3911 Κυρίου

2158 3940 2646 4010 ἑνοπτριζόμεθα,
2684 3941 2772 4004 είς
2813 3937 2928 4005 τὴν
2970 3935 3166 4005 αὐτὴν
3204 3937 3413 3990 εἰκόνα
3451 3949 3732 4005 μεταμορ-

2158 4034 2445 4103 φούμενοι
2476 4030 2595 4085 ἀπὸ
2621 4028 2806 4095 δόξας
2837 4030 2926 4094 εἰς
2954 4027 3144 4091 δόξαν
3181 4026 3446 4094 καθάπερ
3473 4027 3589 4081 ἀπὸ
3621 4028 3733 4079 Κυ-

480 4105 610 4178 quis
642 4106 813 4160 fuerit
854 4106 922 4160 ad
951 4107 1270 4172 Dominum,
1301 4111 1525 4165 tolletur
1574 4113 1845 4167 velamen.
1876 4112 2061 4167 Domi-

2160 4126 2288 4193 plov
2322 4124 2681 4192 Πνεύματος.
2718 4119 3288 4187 Ἀνακεκιιλινμμένῳ
3309 4118 3621 4188 προσώπῳ,
3658 4114 3731 4183 τῷ

484 4214 584 4253 nus
631 4206 811 4252 autem
856 4195 1085 4268 Spiritu
1116 4209 1191 4252 est
1212 4200 1277 4254 ".
1308 4199 1593 4255 Manifesta
1618 4203 1788 4270 igitur
1816 4218 1916 4272 per
1942 4205 2059 4260 hinc

483 4296 814 4350 monstravit
878 4294 1128 4349 velamen
1186 4296 1541 4351 tenebrarum
1622 4299 2055 4369 superinjectum

482 4387 653 4460 fuisse
688 4386 910 4452 animus,
936 4386 1081 4455 quod
1115 4386 1185 4441 ab
1215 4387 1423 4445 LAdami
1450 4390 1889 4458 transgressione
1918 4407 2059 4447 eam-

484 4490 617 4544 pnm
653 4476 853 4531 habuit
868 4484 1136 4531 naturam
1167 4476 1468 4531 humanam
1505 4480 1872 4549 pervadendi.
1898 4483 2057 4537 Nunc

482 4574 667 4619 autem
700 4582 801 4635 per
832 4566 1257 4622 illustrationem
1288 4568 1602 4638 Spiritusid
1635 4572 1839 4628 auferri
1862 4589 1894 4629 e
1921 4574 2056 4629 ﬁde-

480 4653 631 4710 libus
652 4664 711 4711 et
734 4670 864 4712 vere
884 4655 1067 4726 dignis
1092 4657 1411 4713 animabus:
1435 4675 1558 4728 qua:
1584 4670 1640 4715 et
1663 4676 1829 4718 causa
1846 4664 2054 4721 Christi

2156 4217 2255 4286 τῆς
2286 4216 2466 4287 ψυχῆς
2490 4215 2685 4286 δηλαδή
2711 4229 2724 4244 ⁸
2762 4214 2855 4266 καὶ
2889 4214 3050 4284 ἡνίκα
3084 4212 3142 4265 δὲ
3171 4213 3474 4284 ἐπιστρέψῃ
3496 4231 3579 4276 τις
3602 4212 3731 4281 πρὸς

2157 4308 2382 4379 Κύριον,
2420 4309 2787 4379 περιαιρεῖται
2818 4306 2880 4359 τὸ
2911 4306 3197 4376 κάλυμμα.
3234 4303 3297 4359 '0
3320 4304 3387 4357 δὲ
3414 4307 3630 4373 Κύριος
3666 4303 3731 4357 τὸ

2157 4399 2401 4470 Πνεῦμά
2422 4400 2569 4455 ἐστι.
2601 4402 2735 4454 Φανε
2746 4399 2852 4470 ρῶς
2879 4395 2973 4452 οὖν
2999 4398 3085 4451 διά
3108 4398 3311 4452 τούτων
3334 4398 3604 4466 ἀπέδειξε,
3638 4396 3734 4453 κά-

2157 4489 2347 4559 λυμμα
2402 4491 2628 4553 σκότους
2671 4487 3061 4557 ὲπιδεδλῆσθαι
3106 4491 3173 4558 τῇ
3225 4490 3396 4559 ψυχῇ,
3449 4490 3582 4563 ὅπερ
3626 4487 3730 4543 ἀπὸ

2157 4581 2256 4650 τῆς
2279 4576 2372 4631 τοῦ
2414 4578 2587 4649 Ἀδὰμ
2614 4579 2978 4647 παραϐάσεως
3008 4578 3191 4648 χώραν
3230 4578 3356 4649 ἔσχε
3383 4579 3463 4644 είς
3500 4579 3598 4650 τὴν
3638 4581 3729 4634 ἀν·

2161 4668 2489 4739 θρωπότητα
2509 4668 2837 4740 παραδῦναι.
2866 4667 3005 4722 Νυνὶ
3034 4668 3091 4720 δὲ
3114 4667 3219 4721 ὑπὸ
3239 4669 3337 4740 τῆς
3359 4669 3453 4722 τοῦ
3485 4669 3623 4723 Πνεύ
3632 4687 3732 4741 μα-

479 4744 752 4801 adventus
781 4746 908 4801 fuit.
941 4746 1077 4800 Nam
1107 4747 1219 4801 Deo
1243 4750 1577 4818 complacuit
1599 4752 1667 4806 ad
1701 4754 1866 4808 talem
1896 4770 2054 4809 men-

2160 4776 2249 4823 τος
2286 4757 2608 4829 ἐλλάμψεως
2651 4758 3055 4828 περιαιρεῖσθαι
3082 4757 3241 4811 τοῦτο
3271 4758 3378 4811 τῶν
3406 4760 3612 4813 πιστῶν
3640 4757 3730 4813 καὶ

479 4850 665 4891 suram
695 4838 1005 4892 sanctitatis
1032 4838 1350 4910 pertingere
1376 4841 1614 4912 σω,ηυί
1638 4857 1770 4899 vere
1794 4844 1848 4899 in
1874 4845 2055 4916 ipsum

2160 4850 2328 4915 ἀξίων
2357 4849 2434 4920 τῷ
2464 4850 2579 4902 ὄντι
2608 4848 2798 4920 ψυχῶν
2822 4864 2839 4880 ο
2872 4848 2939 4901 δι’
2970 4850 3037 4919 ἡν
3071 4849 3252 4903 αἰτίαν
3278 4850 3373 4903 καὶ
3398 4851 3431 4919 ὴ
3460 4850 3671 4915 ἐλευσις
3697 4851 3729 4904 ἰ’

480 4929 736 4984 credunt.

548 5212 717 5269 XXII.
757 5213 854 5279 Ea,
880 5213 949 5269 de
970 5229 1077 5284 qua
1108 5212 1316 5269 dictum
1350 5221 1456 5277 est,
1491 5210 1718 5283 Spiritus
1748 5214 2050 5283 irradiatio,

422 5352 425 5353 ν
478 5319 589 5359 non
620 5304 798 5358 solum
818 5303 1281 5358 intellectualium
1310 5318 1569 5358 sensuum
1591 5304 1857 5359 revelatio
1876 5313 1981 5370 est,
1999 5317 2056 5362 et

479 5394 811 5449 ii'luminatio
841 5395 1068 5462 gratim;
1102 5394 1197 5447 sed
1239 5394 1619 5448 substantialis
1650 5404 1707 5449 et
1745 5397 2059 5453 subsisten-

477 5485 550 5539 tis
565 5483 706 5538 lucis
730 5483 784 5536 in
805 5483 1092 5537 animabus
1112 5482 1357 5536 emissio.
1380 5483 1515 5537 Nam
1535 5484 1666 5537 illud
1694 5501 1707 5537 :
1729 5485 1978 5549 Quidixit
1996 5490 2059 5543 de

478 5574 703 5627 tenebris
733 5570 911 5627 lumen
957 5572 1339 5643 splendescere,
1374 5574 1485 5642 ipse
1531 5573 1710 5627 illuxit
1734 5578 1789 5630 in
1818 5579 2057 5633 cordibus

476 5666 671 5717 nostris
699 5662 769 5717 ad
816 5662 1265 5717 illuminationem
1308 5663 1544 5716 scientia
1586 5664 1850 5722 claritatis
1878 5668 1975 5723 Dei
2000 5672 2056 5724 in

480 5864 568 5921 19.

548 5797 596 5831 ⁸⁸
628 5798 788 5856 Rom.
810 5788 933 5869 vm,
966 5800 1055 5858 ΩΒ.
1132 5801 1177 5833 ⁸³
1213 5798 1354 5857 Psal.
1391 5816 1572 5869 cxvm,
1596 5802 1709 5877 6L.
1772 5807 1815 5839 ‘°
1847 5807 1890 5862 ll
1919 5807 2045 5865 Cor.
2075 5824 2152 5878 ιιι,
2192 5809 2244 5862 7.

2154 4941 2253 4996 τοῦ
2306 4939 2546 5012 Χριστοῦ
2592 4940 2888 5010 γεγένηται
2915 4955 2933 4972 ο
2987 4940 3069 5003 είς
3115 4940 3225 5011 γάρ
3272 4941 3501 4996 τοιαῦτα
3560 4943 3734 5014 μέτρα

2152 5032 2439 5102 ἁγιότητος
2490 5032 2695 5099 φθάσαι
2749 5032 2879 5095 τοὺς
2932 5031 3021 5083 ἐπ’
3068 5031 3330 5103 ἀληθείας
3380 5033 3732 5095 πιστεύοντας

2152 5129 2450 5199 ηὐδόκησεν
2479 5130 2506 5180 ὁ
2526 5126 2677 5189 Θεός.

2230 5217 2359 5272 ΚΒ’.
2388 5218 2450 5271 Ἦ
2488 5217 2730 5287 τοιαύτη,
2769 5233 2921 5287 φησι,
2962 5217 3054 5271 τοῦ
3100 5217 3415 5289 Πνεύματος
3446 5218 3729 5290 ελλαμψις,

2159 5310 2257 5379 οὑχ
2289 5306 2400 5363 οἷον
2427 5309 2714 5379 νοημάτων
2763 5310 2921 5378 μόνον
2956 5309 3298 5381 ἀποκάλυψις
3338 5313 3456 5365 ἐστι
3488 5313 3581 5364 καὶ
3619 5328 3728 5379 φω-

2152 5400 2347 5469 τισμὸς
2397 5400 2641 5469 χάριτος,
2675 5399 2865 5469 ὥσπερ
2908 5401 3147 5470 εἴρηται,
3200 5401 3315 5455 ἀλλ’
3367 5396 3724 5456 ὑποστατικοῦ

2154 5490 2330 5556 φωτὸς
2355 5490 2413 5541 ἐν
2438 5492 2555 5551 ταῖς
2582 5488 2782 5558 ψυχαῖς
2813 5488 3008 5558 βεὸαία
3041 5490 3133 5543 καὶ
3161 5491 3417 5561 διηνεκὴς
3445 5493 3722 5562 ἕλλαμψις.

2151 5580 2225 5634 Τὸ
2263 5579 2372 5650 γάρ
2402 5596 2416 5610 ⁸
2469 5578 2669 5633 Εἰπὼν
2696 5579 2769 5632 ἐκ
2805 5581 3066 5646 σκάτους
3107 5581 3174 5634 τὸ
3208 5582 3335 5650 φῶς
3370 5583 3603 5651 λάμψαι
3632 5624 3646 5646 ,
3694 5579 3723 5633 δ

2151 5670 2428 5740 ἔλαμψεν
2467 5669 2538 5722 ἐν
2571 5667 2834 5737 καρδίαις
2884 5669 3053 5739 ἡμῶν
3096 5672 3245 5740 πρὸς
3282 5674 3589 5742 φωτισμὸν
3618 5671 3724 5738 τῆς

2343 5810 2384 5840 ⁵⁵
2419 5808 2461 5863 ll
2490 5808 2619 5863 Cor.
2654 5824 2707 5873 γ,
2742 5800 2823 5864 i2.
2925 5809 2969 5842 ⁸³
2990 5807 3128 5865 ibid.
3160 5808 3247 5864 ts.
3342 5810 3384 5843 "
3408 5808 3452 5865 ll
3480 5808 3607 5865 Cor.
3640 5822 3717 5873 ιιι,
