  <div class='ocr_page' id='page_1' title='image "/cluster/home/n/w/nwhite01/storage/ocr_20150623/34/coo.31924054869312/490.png"; bbox 0 0 4020 6438; ppageno 0'>
   <div class='ocr_carea' id='block_1_1' title="bbox 309 357 410 419">
    <p class='ocr_par' dir='ltr' id='par_1_1' title="bbox 309 357 410 419">
     <span class='ocr_line' id='line_1_1' title="bbox 309 357 410 419; baseline -0.01 0"><span class='ocrx_word' id='word_1_1' title='bbox 309 357 410 419; x_wconf 77' lang='lat'><strong>957</strong></span> 
     </span>
    </p>
   </div>
   <div class='ocr_carea' id='block_1_2' title="bbox 1332 349 2496 421">
    <p class='ocr_par' dir='ltr' id='par_1_2' title="bbox 1332 349 2496 421">
     <span class='ocr_line' id='line_1_2' title="bbox 1332 349 2496 421; baseline 0.001 -9"><span class='ocrx_word' id='word_1_2' title='bbox 1332 353 1559 413; x_wconf 82' lang='lat' dir='ltr'><strong>LIBER</strong></span> <span class='ocrx_word' id='word_1_3' title='bbox 1600 352 1698 421; x_wconf 88' lang='lat' dir='ltr'>DE</span> <span class='ocrx_word' id='word_1_4' title='bbox 1737 349 2156 410; x_wconf 82' lang='lat' dir='ltr'><strong>LIBERTATE</strong></span> <span class='ocrx_word' id='word_1_5' title='bbox 2195 353 2496 414; x_wconf 85' lang='lat' dir='ltr'><strong>MENTIS.</strong></span> 
     </span>
    </p>
   </div>
   <div class='ocr_carea' id='block_1_3' title="bbox 3466 357 3569 428">
    <p class='ocr_par' dir='ltr' id='par_1_3' title="bbox 3466 357 3569 428">
     <span class='ocr_line' id='line_1_3' title="bbox 3466 357 3569 428; baseline 0.029 -3"><span class='ocrx_word' id='word_1_6' title='bbox 3466 357 3569 428; x_wconf 69' lang='lat'><strong>95,8</strong></span> 
     </span>
    </p>
   </div>
   <div class='ocr_carea' id='block_1_4' title="bbox 306 459 1904 541">
    <p class='ocr_par' dir='ltr' id='par_1_4' title="bbox 306 461 1886 541">
     <span class='ocr_line' id='line_1_4' title="bbox 306 461 1886 541; baseline -0.006 -18"><span class='ocrx_word' id='word_1_7' title='bbox 306 469 583 541; x_wconf 75' lang='grc' dir='ltr'>γνώσεως</span> <span class='ocrx_word' id='word_1_8' title='bbox 625 465 735 532; x_wconf 83' lang='grc' dir='ltr'>τῆς</span> <span class='ocrx_word' id='word_1_9' title='bbox 761 464 946 533; x_wconf 75' lang='grc' dir='ltr'>δόξης</span> <span class='ocrx_word' id='word_1_10' title='bbox 977 462 1084 520; x_wconf 84' lang='grc' dir='ltr'>τοῦ</span> <span class='ocrx_word' id='word_1_11' title='bbox 1117 464 1395 536; x_wconf 79' lang='grc' dir='ltr'>Χριστοῦ.</span> <span class='ocrx_word' id='word_1_12' title='bbox 1438 466 1547 516; x_wconf 83' lang='grc' dir='ltr'><strong>Καὶ</strong></span> <span class='ocrx_word' id='word_1_13' title='bbox 1579 463 1638 515; x_wconf 84' lang='grc' dir='ltr'><strong>τό</strong></span> <span class='ocrx_word' id='word_1_14' title='bbox 1662 481 1676 494; x_wconf 90' lang='grc'><strong>·</strong></span> <span class='ocrx_word' id='word_1_15' title='bbox 1711 461 1886 514; x_wconf 79' lang='grc' dir='ltr'>Φώτι-</span> 
     </span>
    </p>
   </div>
   <div class='ocr_carea' id='block_1_5' title="bbox 1992 459 3563 541">
    <p class='ocr_par' dir='ltr' id='par_1_5' title="bbox 1992 459 3563 528">
     <span class='ocr_line' id='line_1_5' title="bbox 1992 459 3563 528; baseline 0.006 -16"><span class='ocrx_word' id='word_1_16' title='bbox 1992 459 2124 528; x_wconf 72' lang='lat' dir='ltr'><strong>facie</strong></span> <span class='ocrx_word' id='word_1_17' title='bbox 2149 459 2344 515; x_wconf 80' lang='lat' dir='ltr'><strong>Christi</strong></span> <span class='ocrx_word' id='word_1_18' title='bbox 2364 463 2562 519; x_wconf 76' lang='lat' dir='ltr'><strong>Jesu“.</strong></span> <span class='ocrx_word' id='word_1_19' title='bbox 2594 463 2664 520; x_wconf 87' lang='lat' dir='ltr'><strong>Et</strong></span> <span class='ocrx_word' id='word_1_20' title='bbox 2705 465 2878 523; x_wconf 86' lang='lat' dir='ltr'><strong>illud:</strong></span> <span class='ocrx_word' id='word_1_21' title='bbox 2913 467 3170 524; x_wconf 74' lang='lat' dir='ltr'><strong>litamina</strong></span> <span class='ocrx_word' id='word_1_22' title='bbox 3201 466 3380 522; x_wconf 68' lang='lat' dir='ltr'><strong>oculos</strong></span> <span class='ocrx_word' id='word_1_23' title='bbox 3404 480 3563 521; x_wconf 71' lang='lat' dir='ltr'><strong><em>meos;</em></strong></span> 
     </span>
    </p>
   </div>
   <div class='ocr_carea' id='block_1_6' title="bbox 305 553 1882 626">
    <p class='ocr_par' dir='ltr' id='par_1_6' title="bbox 305 553 1882 626">
     <span class='ocr_line' id='line_1_6' title="bbox 305 553 1882 626; baseline -0.006 -11"><span class='ocrx_word' id='word_1_24' title='bbox 305 577 421 616; x_wconf 82' lang='grc' dir='ltr'><strong>σον</strong></span> <span class='ocrx_word' id='word_1_25' title='bbox 467 557 609 622; x_wconf 79' lang='grc' dir='ltr'>τοὺς</span> <span class='ocrx_word' id='word_1_26' title='bbox 653 558 997 626; x_wconf 69' lang='grc' dir='ltr'>ὀφθαλμούς</span> <span class='ocrx_word' id='word_1_27' title='bbox 1025 575 1163 626; x_wconf 86' lang='grc' dir='ltr'>μου,</span> <span class='ocrx_word' id='word_1_28' title='bbox 1207 554 1440 624; x_wconf 79' lang='grc' dir='ltr'>μήποτε</span> <span class='ocrx_word' id='word_1_29' title='bbox 1489 553 1748 610; x_wconf 82' lang='grc' dir='ltr'>ὑπνώσω</span> <span class='ocrx_word' id='word_1_30' title='bbox 1795 555 1882 618; x_wconf 84' lang='grc' dir='ltr'><strong>είς</strong></span> 
     </span>
    </p>
   </div>
   <div class='ocr_carea' id='block_1_7' title="bbox 305 643 1882 717">
    <p class='ocr_par' dir='ltr' id='par_1_7' title="bbox 305 643 1882 717">
     <span class='ocr_line' id='line_1_7' title="bbox 305 643 1882 717; baseline -0.009 -9"><span class='ocrx_word' id='word_1_31' title='bbox 305 653 605 708; x_wconf 76' lang='grc' dir='ltr'><strong>θάνατον’</strong></span> <span class='ocrx_word' id='word_1_32' title='bbox 641 647 918 701; x_wconf 73' lang='grc' dir='ltr'><strong>τουτέστιν</strong></span> <span class='ocrx_word' id='word_1_33' title='bbox 949 664 963 679; x_wconf 89' lang='grc'><strong>·</strong></span> <span class='ocrx_word' id='word_1_34' title='bbox 1014 648 1101 700; x_wconf 77' lang='grc' dir='ltr'>ἵνα</span> <span class='ocrx_word' id='word_1_35' title='bbox 1145 647 1220 717; x_wconf 85' lang='grc' dir='ltr'>μὴ</span> <span class='ocrx_word' id='word_1_36' title='bbox 1265 646 1499 715; x_wconf 77' lang='grc' dir='ltr'>λυομένη</span> <span class='ocrx_word' id='word_1_37' title='bbox 1541 646 1639 713; x_wconf 80' lang='grc' dir='ltr'>τῆς</span> <span class='ocrx_word' id='word_1_38' title='bbox 1681 643 1882 714; x_wconf 82' lang='grc' dir='ltr'>σαρκὸς</span> 
     </span>
    </p>
   </div>
   <div class='ocr_carea' id='block_1_8' title="bbox 309 737 1882 816">
    <p class='ocr_par' dir='ltr' id='par_1_8' title="bbox 309 737 1882 816">
     <span class='ocr_line' id='line_1_8' title="bbox 309 737 1882 816; baseline -0.004 -20"><span class='ocrx_word' id='word_1_39' title='bbox 309 747 343 816; x_wconf 82' lang='grc' dir='ltr'><strong>ἡ</strong></span> <span class='ocrx_word' id='word_1_40' title='bbox 392 743 560 814; x_wconf 73' lang='grc' dir='ltr'>ψυχὴ,</span> <span class='ocrx_word' id='word_1_41' title='bbox 602 742 973 811; x_wconf 85' lang='grc' dir='ltr'>ἀποσκοτῆται</span> <span class='ocrx_word' id='word_1_42' title='bbox 1011 741 1088 812; x_wconf 80' lang='grc' dir='ltr'>τῷ</span> <span class='ocrx_word' id='word_1_43' title='bbox 1129 741 1225 794; x_wconf 82' lang='grc' dir='ltr'>τοῦ</span> <span class='ocrx_word' id='word_1_44' title='bbox 1272 739 1503 794; x_wconf 81' lang='grc' dir='ltr'>θανάτου</span> <span class='ocrx_word' id='word_1_45' title='bbox 1547 738 1647 804; x_wconf 77' lang='grc' dir='ltr'>τῆς</span> <span class='ocrx_word' id='word_1_46' title='bbox 1684 737 1882 798; x_wconf 81' lang='grc' dir='ltr'>κακίας</span> 
     </span>
    </p>
   </div>
   <div class='ocr_carea' id='block_1_9' title="bbox 307 828 1882 906">
    <p class='ocr_par' dir='ltr' id='par_1_9' title="bbox 307 828 1882 906">
     <span class='ocr_line' id='line_1_9' title="bbox 307 828 1882 906; baseline -0.005 -18"><span class='ocrx_word' id='word_1_47' title='bbox 307 836 662 906; x_wconf 78' lang='grc' dir='ltr'><strong>καλύμματι·</strong></span> <span class='ocrx_word' id='word_1_48' title='bbox 707 834 845 904; x_wconf 80' lang='grc' dir='ltr'>πρὸς</span> <span class='ocrx_word' id='word_1_49' title='bbox 889 833 945 886; x_wconf 87' lang='grc' dir='ltr'>δὲ</span> <span class='ocrx_word' id='word_1_50' title='bbox 992 833 1086 886; x_wconf 74' lang='grc' dir='ltr'>καὶ</span> <span class='ocrx_word' id='word_1_51' title='bbox 1127 833 1226 886; x_wconf 88' lang='grc' dir='ltr'>τό·</span> <span class='ocrx_word' id='word_1_52' title='bbox 1283 829 1714 897; x_wconf 63' lang='grc' dir='ltr'>Ἀποκάλυψον</span> <span class='ocrx_word' id='word_1_53' title='bbox 1740 828 1882 892; x_wconf 79' lang='grc' dir='ltr'>τοὺς</span> 
     </span>
    </p>
   </div>
   <div class='ocr_carea' id='block_1_10' title="bbox 309 916 1882 996">
    <p class='ocr_par' dir='ltr' id='par_1_10' title="bbox 309 916 1882 996">
     <span class='ocr_line' id='line_1_10' title="bbox 309 916 1882 996; baseline -0.006 -15"><span class='ocrx_word' id='word_1_54' title='bbox 309 927 653 996; x_wconf 51' lang='grc' dir='ltr'>ὀφθαλμούς</span> <span class='ocrx_word' id='word_1_55' title='bbox 676 943 794 994; x_wconf 80' lang='grc' dir='ltr'><strong>μου</strong></span> <span class='ocrx_word' id='word_1_56' title='bbox 818 924 927 989; x_wconf 73' lang='grc' dir='ltr'>ἔτι,</span> <span class='ocrx_word' id='word_1_57' title='bbox 968 924 1067 978; x_wconf 78' lang='grc' dir='ltr'>καὶ</span> <span class='ocrx_word' id='word_1_58' title='bbox 1100 924 1454 990; x_wconf 80' lang='grc' dir='ltr'><strong>κατανοήσω</strong></span> <span class='ocrx_word' id='word_1_59' title='bbox 1483 925 1556 976; x_wconf 82' lang='grc' dir='ltr'>τὰ</span> <span class='ocrx_word' id='word_1_60' title='bbox 1583 916 1882 990; x_wconf 80' lang='grc' dir='ltr'>θαυμάσια</span> 
     </span>
    </p>
   </div>
   <div class='ocr_carea' id='block_1_11' title="bbox 307 1009 1883 1085">
    <p class='ocr_par' dir='ltr' id='par_1_11' title="bbox 307 1009 1883 1085">
     <span class='ocr_line' id='line_1_11' title="bbox 307 1009 1883 1085; baseline -0.006 -14"><span class='ocrx_word' id='word_1_61' title='bbox 307 1019 374 1071; x_wconf 77' lang='grc' dir='ltr'>ἐκ</span> <span class='ocrx_word' id='word_1_62' title='bbox 403 1018 508 1071; x_wconf 83' lang='grc' dir='ltr'>τοῦ</span> <span class='ocrx_word' id='word_1_63' title='bbox 546 1018 732 1085; x_wconf 79' lang='grc' dir='ltr'>νόμου</span> <span class='ocrx_word' id='word_1_64' title='bbox 775 1030 893 1069; x_wconf 87' lang='grc' dir='ltr'><strong>σου</strong></span> <span class='ocrx_word' id='word_1_65' title='bbox 915 1031 929 1044; x_wconf 90' lang='grc'><strong>·</strong></span> <span class='ocrx_word' id='word_1_66' title='bbox 965 1015 1073 1067; x_wconf 81' lang='grc' dir='ltr'><strong>Καὶ</strong></span> <span class='ocrx_word' id='word_1_67' title='bbox 1104 1014 1165 1068; x_wconf 89' lang='grc' dir='ltr'><strong>τό</strong></span> <span class='ocrx_word' id='word_1_68' title='bbox 1191 1031 1205 1045; x_wconf 82' lang='grc'><strong>·</strong></span> <span class='ocrx_word' id='word_1_69' title='bbox 1260 1013 1729 1079; x_wconf 73' lang='grc' dir='ltr'>Ἐξαπόστειλον</span> <span class='ocrx_word' id='word_1_70' title='bbox 1757 1009 1883 1080; x_wconf 72' lang='grc' dir='ltr'><strong>φῶς</strong></span> 
     </span>
    </p>
   </div>
   <div class='ocr_carea' id='block_1_12' title="bbox 309 1104 1882 1174">
    <p class='ocr_par' dir='ltr' id='par_1_12' title="bbox 309 1104 1882 1174">
     <span class='ocr_line' id='line_1_12' title="bbox 309 1104 1882 1174; baseline -0.006 -11"><span class='ocrx_word' id='word_1_71' title='bbox 309 1127 425 1163; x_wconf 84' lang='grc' dir='ltr'><strong>σου</strong></span> <span class='ocrx_word' id='word_1_72' title='bbox 452 1108 547 1160; x_wconf 79' lang='grc' dir='ltr'>καὶ</span> <span class='ocrx_word' id='word_1_73' title='bbox 576 1106 691 1174; x_wconf 75' lang='grc' dir='ltr'><strong>τὴν</strong></span> <span class='ocrx_word' id='word_1_74' title='bbox 717 1105 1008 1172; x_wconf 76' lang='grc' dir='ltr'><strong>ἀλήθειάν</strong></span> <span class='ocrx_word' id='word_1_75' title='bbox 1035 1121 1151 1160; x_wconf 88' lang='grc' dir='ltr'><strong>σου</strong></span> <span class='ocrx_word' id='word_1_76' title='bbox 1181 1119 1196 1133; x_wconf 83' lang='grc'><strong>⁸</strong></span> <span class='ocrx_word' id='word_1_77' title='bbox 1227 1104 1381 1159; x_wconf 81' lang='grc' dir='ltr'>αὑτά</span> <span class='ocrx_word' id='word_1_78' title='bbox 1407 1121 1483 1174; x_wconf 82' lang='grc' dir='ltr'><strong>με</strong></span> <span class='ocrx_word' id='word_1_79' title='bbox 1509 1104 1882 1171; x_wconf 76' lang='grc' dir='ltr'><strong>ὁδηγήσουσι</strong></span> 
     </span>
    </p>
   </div>
   <div class='ocr_carea' id='block_1_13' title="bbox 307 1195 1883 1268">
    <p class='ocr_par' dir='ltr' id='par_1_13' title="bbox 307 1195 1883 1268">
     <span class='ocr_line' id='line_1_13' title="bbox 307 1195 1883 1268; baseline -0.006 -14"><span class='ocrx_word' id='word_1_80' title='bbox 307 1202 406 1255; x_wconf 79' lang='grc' dir='ltr'><strong>καί</strong></span> <span class='ocrx_word' id='word_1_81' title='bbox 445 1200 703 1264; x_wconf 76' lang='grc' dir='ltr'>ἄξουσιν</span> <span class='ocrx_word' id='word_1_82' title='bbox 734 1201 820 1264; x_wconf 78' lang='grc' dir='ltr'>εὶς</span> <span class='ocrx_word' id='word_1_83' title='bbox 852 1198 990 1266; x_wconf 75' lang='grc' dir='ltr'>ὄρος</span> <span class='ocrx_word' id='word_1_84' title='bbox 1026 1197 1198 1268; x_wconf 75' lang='grc' dir='ltr'>ἅγιόν</span> <span class='ocrx_word' id='word_1_85' title='bbox 1222 1211 1360 1261; x_wconf 85' lang='grc' dir='ltr'>σου,</span> <span class='ocrx_word' id='word_1_86' title='bbox 1392 1195 1493 1249; x_wconf 80' lang='grc' dir='ltr'>καὶ</span> <span class='ocrx_word' id='word_1_87' title='bbox 1527 1197 1613 1259; x_wconf 83' lang='grc' dir='ltr'>εὶς</span> <span class='ocrx_word' id='word_1_88' title='bbox 1637 1195 1709 1246; x_wconf 86' lang='grc' dir='ltr'>τὰ</span> <span class='ocrx_word' id='word_1_89' title='bbox 1739 1208 1883 1258; x_wconf 86' lang='grc' dir='ltr'>σκη-</span> 
     </span>
    </p>
   </div>
   <div class='ocr_carea' id='block_1_14' title="bbox 306 1281 1880 1354">
    <p class='ocr_par' dir='ltr' id='par_1_14' title="bbox 306 1281 1880 1354">
     <span class='ocr_line' id='line_1_14' title="bbox 306 1281 1880 1354; baseline -0.006 -12"><span class='ocrx_word' id='word_1_90' title='bbox 306 1287 545 1353; x_wconf 70' lang='grc' dir='ltr'>νώματὰ</span> <span class='ocrx_word' id='word_1_91' title='bbox 577 1304 694 1340; x_wconf 87' lang='grc' dir='ltr'><strong>σου</strong></span> <span class='ocrx_word' id='word_1_92' title='bbox 725 1303 739 1317; x_wconf 90' lang='grc'><strong>·</strong></span> <span class='ocrx_word' id='word_1_93' title='bbox 786 1283 921 1339; x_wconf 84' lang='grc' dir='ltr'>ἀλλὰ</span> <span class='ocrx_word' id='word_1_94' title='bbox 956 1285 1063 1354; x_wconf 88' lang='grc' dir='ltr'>μὴν</span> <span class='ocrx_word' id='word_1_95' title='bbox 1099 1285 1194 1337; x_wconf 66' lang='grc' dir='ltr'><strong>καὶ⁵</strong></span> <span class='ocrx_word' id='word_1_96' title='bbox 1235 1284 1328 1336; x_wconf 85' lang='grc' dir='ltr'>τό’</span> <span class='ocrx_word' id='word_1_97' title='bbox 1381 1281 1744 1351; x_wconf 82' lang='grc' dir='ltr'>Ἐσημειώθη</span> <span class='ocrx_word' id='word_1_98' title='bbox 1789 1282 1880 1349; x_wconf 71' lang='grc' dir='ltr'><strong>ἐφ’</strong></span> 
     </span>
    </p>
   </div>
   <div class='ocr_carea' id='block_1_15' title="bbox 306 1370 1878 1446">
    <p class='ocr_par' dir='ltr' id='par_1_15' title="bbox 306 1370 1878 1446">
     <span class='ocr_line' id='line_1_15' title="bbox 306 1370 1878 1446; baseline -0.004 -16"><span class='ocrx_word' id='word_1_99' title='bbox 306 1376 464 1446; x_wconf 74' lang='grc' dir='ltr'>ἡμᾶς</span> <span class='ocrx_word' id='word_1_100' title='bbox 498 1376 565 1429; x_wconf 88' lang='grc' dir='ltr'>τὸ</span> <span class='ocrx_word' id='word_1_101' title='bbox 598 1376 724 1444; x_wconf 75' lang='grc' dir='ltr'><strong>φῶς</strong></span> <span class='ocrx_word' id='word_1_102' title='bbox 752 1375 858 1428; x_wconf 87' lang='grc' dir='ltr'>τοῦ</span> <span class='ocrx_word' id='word_1_103' title='bbox 901 1373 1227 1442; x_wconf 78' lang='grc' dir='ltr'><strong>προσώπου</strong></span> <span class='ocrx_word' id='word_1_104' title='bbox 1263 1390 1402 1437; x_wconf 88' lang='grc' dir='ltr'>σου,</span> <span class='ocrx_word' id='word_1_105' title='bbox 1451 1375 1546 1426; x_wconf 80' lang='grc' dir='ltr'>καὶ</span> <span class='ocrx_word' id='word_1_106' title='bbox 1586 1374 1653 1425; x_wconf 69' lang='grc' dir='ltr'>τὰ</span> <span class='ocrx_word' id='word_1_107' title='bbox 1697 1370 1878 1438; x_wconf 78' lang='grc' dir='ltr'>λοιπὰ,</span> 
     </span>
    </p>
   </div>
   <div class='ocr_carea' id='block_1_16' title="bbox 267 1462 1702 1540">
    <p class='ocr_par' dir='ltr' id='par_1_16' title="bbox 267 1462 1702 1540">
     <span class='ocr_line' id='line_1_16' title="bbox 267 1462 1702 1540; baseline -0.006 -16"><span class='ocrx_word' id='word_1_108' title='bbox 267 1469 404 1540; x_wconf 78' lang='grc' dir='ltr'>..τὴν</span> <span class='ocrx_word' id='word_1_109' title='bbox 432 1469 602 1536; x_wconf 79' lang='grc' dir='ltr'>αὐτὴν</span> <span class='ocrx_word' id='word_1_110' title='bbox 635 1466 950 1520; x_wconf 79' lang='grc' dir='ltr'><strong>ἀκολουθίαν</strong></span> <span class='ocrx_word' id='word_1_111' title='bbox 995 1464 1085 1518; x_wconf 83' lang='grc' dir='ltr'>τοῦ</span> <span class='ocrx_word' id='word_1_112' title='bbox 1117 1462 1320 1518; x_wconf 76' lang='grc' dir='ltr'>σκοποῦ</span> <span class='ocrx_word' id='word_1_113' title='bbox 1355 1465 1702 1534; x_wconf 76' lang='grc' dir='ltr'><strong>παρίστησιν.</strong></span> 
     </span>
    </p>
   </div>
   <div class='ocr_carea' id='block_1_17' title="bbox 378 1552 1880 1628">
    <p class='ocr_par' dir='ltr' id='par_1_17' title="bbox 378 1552 1880 1628">
     <span class='ocr_line' id='line_1_17' title="bbox 378 1552 1880 1628; baseline -0.006 -14"><span class='ocrx_word' id='word_1_114' title='bbox 378 1559 504 1616; x_wconf 74' lang='grc' dir='ltr'><strong>ΚΓ.</strong></span> <span class='ocrx_word' id='word_1_115' title='bbox 531 1559 642 1612; x_wconf 75' lang='grc' dir='ltr'><strong>Καὶ</strong></span> <span class='ocrx_word' id='word_1_116' title='bbox 687 1557 765 1628; x_wconf 83' lang='grc' dir='ltr'>τῷ</span> <span class='ocrx_word' id='word_1_117' title='bbox 812 1556 1066 1627; x_wconf 80' lang='grc' dir='ltr'><strong>μακαρίῳ</strong></span> <span class='ocrx_word' id='word_1_118' title='bbox 1089 1556 1146 1608; x_wconf 79' lang='grc' dir='ltr'>δὲ</span> <span class='ocrx_word' id='word_1_119' title='bbox 1173 1554 1369 1627; x_wconf 82' lang='grc' dir='ltr'>Παύλῳ</span> <span class='ocrx_word' id='word_1_120' title='bbox 1394 1555 1528 1626; x_wconf 77' lang='grc' dir='ltr'>φησὶ</span> <span class='ocrx_word' id='word_1_121' title='bbox 1557 1554 1623 1607; x_wconf 86' lang='grc' dir='ltr'>τὸ</span> <span class='ocrx_word' id='word_1_122' title='bbox 1657 1552 1880 1621; x_wconf 75' lang='grc' dir='ltr'><strong>ἐλλάμ-</strong></span> 
     </span>
    </p>
   </div>
   <div class='ocr_carea' id='block_1_18' title="bbox 307 1639 1881 1718">
    <p class='ocr_par' dir='ltr' id='par_1_18' title="bbox 307 1639 1881 1718">
     <span class='ocr_line' id='line_1_18' title="bbox 307 1639 1881 1718; baseline -0.006 -15"><span class='ocrx_word' id='word_1_123' title='bbox 307 1652 438 1717; x_wconf 73' lang='grc' dir='ltr'><strong>ψαν</strong></span> <span class='ocrx_word' id='word_1_124' title='bbox 478 1650 535 1702; x_wconf 78' lang='grc' dir='ltr'>ὲν</span> <span class='ocrx_word' id='word_1_125' title='bbox 573 1651 639 1718; x_wconf 81' lang='grc' dir='ltr'><strong>τῇ</strong></span> <span class='ocrx_word' id='word_1_126' title='bbox 687 1647 791 1716; x_wconf 80' lang='grc' dir='ltr'><strong>ὀδῷ</strong></span> <span class='ocrx_word' id='word_1_127' title='bbox 819 1645 964 1715; x_wconf 77' lang='grc' dir='ltr'>φῶς,</span> <span class='ocrx_word' id='word_1_128' title='bbox 1011 1647 1077 1699; x_wconf 86' lang='grc' dir='ltr'><strong>δι’</strong></span> <span class='ocrx_word' id='word_1_129' title='bbox 1110 1639 1170 1698; x_wconf 78' lang='grc' dir='ltr'><strong>οὗ</strong></span> <span class='ocrx_word' id='word_1_130' title='bbox 1200 1646 1294 1699; x_wconf 70' lang='grc' dir='ltr'>καὶ</span> <span class='ocrx_word' id='word_1_131' title='bbox 1335 1647 1414 1708; x_wconf 90' lang='grc' dir='ltr'><strong>είς</strong></span> <span class='ocrx_word' id='word_1_132' title='bbox 1444 1645 1625 1713; x_wconf 87' lang='grc' dir='ltr'>τρίτον</span> <span class='ocrx_word' id='word_1_133' title='bbox 1654 1643 1881 1713; x_wconf 81' lang='grc' dir='ltr'>οὐρανὸν</span> 
     </span>
    </p>
   </div>
   <div class='ocr_carea' id='block_1_19' title="bbox 308 1736 1877 1810">
    <p class='ocr_par' dir='ltr' id='par_1_19' title="bbox 308 1736 1877 1810">
     <span class='ocr_line' id='line_1_19' title="bbox 308 1736 1877 1810; baseline -0.005 -17"><span class='ocrx_word' id='word_1_134' title='bbox 308 1736 496 1810; x_wconf 76' lang='grc' dir='ltr'>ἦρται,</span> <span class='ocrx_word' id='word_1_135' title='bbox 546 1739 641 1792; x_wconf 74' lang='grc' dir='ltr'>καὶ</span> <span class='ocrx_word' id='word_1_136' title='bbox 672 1739 968 1809; x_wconf 75' lang='grc' dir='ltr'>μυστήριον</span> <span class='ocrx_word' id='word_1_137' title='bbox 1013 1737 1296 1804; x_wconf 76' lang='grc' dir='ltr'>ἀλαλητων</span> <span class='ocrx_word' id='word_1_138' title='bbox 1331 1736 1601 1806; x_wconf 77' lang='grc' dir='ltr'><strong>ἀκουστὴς</strong></span> <span class='ocrx_word' id='word_1_139' title='bbox 1646 1736 1877 1803; x_wconf 87' lang='grc' dir='ltr'>γίνεται,</span> 
     </span>
    </p>
   </div>
   <div class='ocr_carea' id='block_1_20' title="bbox 255 1815 1882 1900">
    <p class='ocr_par' dir='ltr' id='par_1_20' title="bbox 255 1815 1882 1900">
     <span class='ocr_line' id='line_1_20' title="bbox 255 1815 1882 1900; baseline -0.004 -15"><span class='ocrx_word' id='word_1_140' title='bbox 255 1815 261 1818; x_wconf 44' lang='grc'><em>’</em></span> <span class='ocrx_word' id='word_1_141' title='bbox 309 1831 373 1885; x_wconf 84' lang='grc' dir='ltr'>οὐ</span> <span class='ocrx_word' id='word_1_142' title='bbox 413 1828 698 1900; x_wconf 83' lang='grc' dir='ltr'><strong>νοημάτων</strong></span> <span class='ocrx_word' id='word_1_143' title='bbox 732 1844 815 1891; x_wconf 88' lang='grc' dir='ltr'><strong>τις</strong></span> <span class='ocrx_word' id='word_1_144' title='bbox 853 1829 946 1881; x_wconf 76' lang='grc' dir='ltr'>καὶ</span> <span class='ocrx_word' id='word_1_145' title='bbox 994 1826 1245 1896; x_wconf 83' lang='grc' dir='ltr'>γνώσεως</span> <span class='ocrx_word' id='word_1_146' title='bbox 1281 1825 1559 1896; x_wconf 80' lang='grc' dir='ltr'>φωτισμδς</span> <span class='ocrx_word' id='word_1_147' title='bbox 1605 1821 1692 1896; x_wconf 75' lang='grc' dir='ltr'>ἦν,</span> <span class='ocrx_word' id='word_1_148' title='bbox 1746 1824 1882 1879; x_wconf 85' lang='grc' dir='ltr'>ἀλλὰ</span> 
     </span>
    </p>
   </div>
   <div class='ocr_carea' id='block_1_21' title="bbox 310 1916 1884 1991">
    <p class='ocr_par' dir='ltr' id='par_1_21' title="bbox 310 1916 1884 1991">
     <span class='ocr_line' id='line_1_21' title="bbox 310 1916 1884 1991; baseline -0.004 -16"><span class='ocrx_word' id='word_1_149' title='bbox 310 1921 594 1991; x_wconf 84' lang='grc' dir='ltr'>δυνάμεως</span> <span class='ocrx_word' id='word_1_150' title='bbox 618 1919 710 1973; x_wconf 83' lang='grc' dir='ltr'>τοῦ</span> <span class='ocrx_word' id='word_1_151' title='bbox 735 1918 942 1988; x_wconf 72' lang='grc' dir='ltr'>ἀγαθοῦ</span> <span class='ocrx_word' id='word_1_152' title='bbox 985 1919 1304 1990; x_wconf 87' lang='grc' dir='ltr'>Πνεύματος</span> <span class='ocrx_word' id='word_1_153' title='bbox 1343 1918 1468 1974; x_wconf 82' lang='grc' dir='ltr'>καθ’</span> <span class='ocrx_word' id='word_1_154' title='bbox 1499 1917 1794 1972; x_wconf 82' lang='grc' dir='ltr'>ὑπόστασιν</span> <span class='ocrx_word' id='word_1_155' title='bbox 1824 1916 1884 1968; x_wconf 80' lang='grc' dir='ltr'>ὲν</span> 
     </span>
    </p>
   </div>
   <div class='ocr_carea' id='block_1_22' title="bbox 308 2005 1886 2084">
    <p class='ocr_par' dir='ltr' id='par_1_22' title="bbox 308 2005 1886 2084">
     <span class='ocr_line' id='line_1_22' title="bbox 308 2005 1886 2084; baseline -0.004 -18"><span class='ocrx_word' id='word_1_156' title='bbox 308 2015 376 2084; x_wconf 78' lang='grc' dir='ltr'>τῇ</span> <span class='ocrx_word' id='word_1_157' title='bbox 404 2012 548 2082; x_wconf 81' lang='grc' dir='ltr'>ψυχῇ</span> <span class='ocrx_word' id='word_1_158' title='bbox 575 2011 858 2082; x_wconf 75' lang='grc' dir='ltr'>ἑλλαμψις,</span> <span class='ocrx_word' id='word_1_159' title='bbox 887 2005 950 2064; x_wconf 72' lang='grc' dir='ltr'>οὗ</span> <span class='ocrx_word' id='word_1_160' title='bbox 980 2011 1080 2081; x_wconf 86' lang='grc' dir='ltr'><strong>τὴν</strong></span> <span class='ocrx_word' id='word_1_161' title='bbox 1105 2010 1411 2081; x_wconf 77' lang='grc' dir='ltr'>ὑπερϐολὴν</span> <span class='ocrx_word' id='word_1_162' title='bbox 1443 2009 1543 2078; x_wconf 83' lang='grc' dir='ltr'>τῆς</span> <span class='ocrx_word' id='word_1_163' title='bbox 1566 2007 1886 2078; x_wconf 87' lang='grc' dir='ltr'>λαμπρότη-</span> 
     </span>
    </p>
   </div>
   <div class='ocr_carea' id='block_1_23' title="bbox 307 2098 1887 2170">
    <p class='ocr_par' dir='ltr' id='par_1_23' title="bbox 307 2098 1887 2170">
     <span class='ocr_line' id='line_1_23' title="bbox 307 2098 1887 2170; baseline -0.004 -14"><span class='ocrx_word' id='word_1_164' title='bbox 307 2119 400 2164; x_wconf 87' lang='grc' dir='ltr'><strong>τος</strong></span> <span class='ocrx_word' id='word_1_165' title='bbox 431 2101 481 2154; x_wconf 82' lang='lat' dir='ltr'><strong>oi</strong></span> <span class='ocrx_word' id='word_1_166' title='bbox 521 2102 620 2170; x_wconf 82' lang='grc' dir='ltr'>τῆς</span> <span class='ocrx_word' id='word_1_167' title='bbox 649 2099 850 2170; x_wconf 77' lang='grc' dir='ltr'>σαρκὸς</span> <span class='ocrx_word' id='word_1_168' title='bbox 875 2098 1142 2169; x_wconf 78' lang='grc' dir='ltr'>ὀφθαλμοὶ</span> <span class='ocrx_word' id='word_1_169' title='bbox 1174 2099 1250 2169; x_wconf 82' lang='grc' dir='ltr'>μὴ</span> <span class='ocrx_word' id='word_1_170' title='bbox 1285 2098 1654 2166; x_wconf 78' lang='grc' dir='ltr'><strong>διενεγκόντες</strong></span> <span class='ocrx_word' id='word_1_171' title='bbox 1686 2098 1887 2150; x_wconf 83' lang='grc' dir='ltr'>ἀπετυ-</span> 
     </span>
    </p>
   </div>
   <div class='ocr_carea' id='block_1_24' title="bbox 310 2182 1883 2260">
    <p class='ocr_par' dir='ltr' id='par_1_24' title="bbox 310 2182 1883 2260">
     <span class='ocr_line' id='line_1_24' title="bbox 310 2182 1883 2260; baseline -0.001 -18"><span class='ocrx_word' id='word_1_172' title='bbox 310 2189 627 2260; x_wconf 84' lang='grc' dir='ltr'>φλώθησαν,</span> <span class='ocrx_word' id='word_1_173' title='bbox 669 2189 737 2242; x_wconf 88' lang='grc' dir='ltr'><strong>δι’</strong></span> <span class='ocrx_word' id='word_1_174' title='bbox 786 2182 847 2244; x_wconf 76' lang='grc' dir='ltr'><strong>οὗ</strong></span> <span class='ocrx_word' id='word_1_175' title='bbox 880 2190 1034 2242; x_wconf 79' lang='grc' dir='ltr'>πᾶσά</span> <span class='ocrx_word' id='word_1_176' title='bbox 1063 2205 1125 2242; x_wconf 76' lang='grc' dir='ltr'><strong>τε</strong></span> <span class='ocrx_word' id='word_1_177' title='bbox 1167 2188 1371 2257; x_wconf 82' lang='grc' dir='ltr'>γνῶσις</span> <span class='ocrx_word' id='word_1_178' title='bbox 1416 2187 1883 2250; x_wconf 82' lang='grc' dir='ltr'>ἀποκαλύπτεται,</span> 
     </span>
    </p>
   </div>
   <div class='ocr_carea' id='block_1_25' title="bbox 310 2276 1882 2350">
    <p class='ocr_par' dir='ltr' id='par_1_25' title="bbox 310 2276 1882 2350">
     <span class='ocr_line' id='line_1_25' title="bbox 310 2276 1882 2350; baseline -0.003 -16"><span class='ocrx_word' id='word_1_179' title='bbox 310 2283 406 2334; x_wconf 75' lang='grc' dir='ltr'>καὶ</span> <span class='ocrx_word' id='word_1_180' title='bbox 438 2280 572 2349; x_wconf 71' lang='grc' dir='ltr'>πρὺς</span> <span class='ocrx_word' id='word_1_181' title='bbox 601 2278 859 2350; x_wconf 78' lang='grc' dir='ltr'>ἀλήθειαν</span> <span class='ocrx_word' id='word_1_182' title='bbox 889 2278 1022 2342; x_wconf 80' lang='grc' dir='ltr'>Θεὸς</span> <span class='ocrx_word' id='word_1_183' title='bbox 1051 2281 1117 2349; x_wconf 80' lang='grc' dir='ltr'>τῇ</span> <span class='ocrx_word' id='word_1_184' title='bbox 1151 2277 1279 2348; x_wconf 73' lang='grc' dir='ltr'>ἀξία</span> <span class='ocrx_word' id='word_1_185' title='bbox 1303 2277 1396 2332; x_wconf 82' lang='grc' dir='ltr'><strong>καὶ</strong></span> <span class='ocrx_word' id='word_1_186' title='bbox 1422 2277 1720 2349; x_wconf 80' lang='grc' dir='ltr'>φιλουμένῃ</span> <span class='ocrx_word' id='word_1_187' title='bbox 1739 2276 1882 2348; x_wconf 80' lang='grc' dir='ltr'>ψυχῇ</span> 
     </span>
    </p>
   </div>
   <div class='ocr_carea' id='block_1_26' title="bbox 309 2368 658 2442">
    <p class='ocr_par' dir='ltr' id='par_1_26' title="bbox 309 2368 658 2442">
     <span class='ocr_line' id='line_1_26' title="bbox 309 2368 658 2442; baseline -0.003 -18"><span class='ocrx_word' id='word_1_188' title='bbox 309 2368 658 2442; x_wconf 77' lang='grc' dir='ltr'><strong>γνωρίζεται.</strong></span> 
     </span>
    </p>
   </div>
   <div class='ocr_carea' id='block_1_27' title="bbox 382 2457 1886 2532">
    <p class='ocr_par' dir='ltr' id='par_1_27' title="bbox 382 2457 1886 2532">
     <span class='ocr_line' id='line_1_27' title="bbox 382 2457 1886 2532; baseline -0.002 -17"><span class='ocrx_word' id='word_1_189' title='bbox 382 2463 509 2515; x_wconf 70' lang='grc' dir='ltr'><strong>ΚΔθ.</strong></span> <span class='ocrx_word' id='word_1_190' title='bbox 534 2462 690 2514; x_wconf 78' lang='grc' dir='ltr'><strong>Πᾶσα</strong></span> <span class='ocrx_word' id='word_1_191' title='bbox 734 2459 879 2532; x_wconf 82' lang='grc' dir='ltr'>ψυχὴ</span> <span class='ocrx_word' id='word_1_192' title='bbox 909 2459 1000 2514; x_wconf 84' lang='grc' dir='ltr'>διὰ</span> <span class='ocrx_word' id='word_1_193' title='bbox 1040 2458 1277 2528; x_wconf 83' lang='grc' dir='ltr'>σπουδῆς</span> <span class='ocrx_word' id='word_1_194' title='bbox 1311 2459 1407 2515; x_wconf 75' lang='grc' dir='ltr'><strong>καὶ</strong></span> <span class='ocrx_word' id='word_1_195' title='bbox 1442 2457 1682 2522; x_wconf 84' lang='grc' dir='ltr'>πίστεως</span> <span class='ocrx_word' id='word_1_196' title='bbox 1705 2458 1886 2513; x_wconf 70' lang='grc' dir='ltr'>τέλεον</span> 
     </span>
    </p>
   </div>
   <div class='ocr_carea' id='block_1_28' title="bbox 313 2549 1886 2622">
    <p class='ocr_par' dir='ltr' id='par_1_28' title="bbox 313 2549 1886 2622">
     <span class='ocr_line' id='line_1_28' title="bbox 313 2549 1886 2622; baseline 0 -18"><span class='ocrx_word' id='word_1_197' title='bbox 313 2551 638 2606; x_wconf 75' lang='grc' dir='ltr'>ἐνδύσασθαι</span> <span class='ocrx_word' id='word_1_198' title='bbox 677 2553 770 2606; x_wconf 78' lang='grc' dir='ltr'>τὸν</span> <span class='ocrx_word' id='word_1_199' title='bbox 815 2551 1050 2622; x_wconf 82' lang='grc' dir='ltr'>Χριστὸν</span> <span class='ocrx_word' id='word_1_200' title='bbox 1093 2549 1344 2604; x_wconf 69' lang='grc' dir='ltr'>ἐντεῦθεν</span> <span class='ocrx_word' id='word_1_201' title='bbox 1389 2549 1531 2619; x_wconf 84' lang='grc' dir='ltr'>κατᾲ</span> <span class='ocrx_word' id='word_1_202' title='bbox 1553 2550 1781 2622; x_wconf 85' lang='grc' dir='ltr'>δύναμίν</span> <span class='ocrx_word' id='word_1_203' title='bbox 1823 2568 1886 2605; x_wconf 90' lang='grc' dir='ltr'><strong>τε</strong></span> 
     </span>
    </p>
   </div>
   <div class='ocr_carea' id='block_1_29' title="bbox 312 2641 1886 2717">
    <p class='ocr_par' dir='ltr' id='par_1_29' title="bbox 312 2641 1886 2717">
     <span class='ocr_line' id='line_1_29' title="bbox 312 2641 1886 2717; baseline -0.003 -18"><span class='ocrx_word' id='word_1_204' title='bbox 312 2647 408 2699; x_wconf 76' lang='grc' dir='ltr'>καὶ</span> <span class='ocrx_word' id='word_1_205' title='bbox 439 2645 814 2717; x_wconf 72' lang='grc' dir='ltr'>πληροφορίαν</span> <span class='ocrx_word' id='word_1_206' title='bbox 845 2644 1068 2716; x_wconf 84' lang='grc' dir='ltr'>χάριτος</span> <span class='ocrx_word' id='word_1_207' title='bbox 1098 2641 1520 2710; x_wconf 79' lang='grc' dir='ltr'>καταξιωθεῖσα,</span> <span class='ocrx_word' id='word_1_208' title='bbox 1547 2643 1644 2697; x_wconf 76' lang='grc' dir='ltr'>καὶ</span> <span class='ocrx_word' id='word_1_209' title='bbox 1671 2641 1751 2712; x_wconf 83' lang='grc' dir='ltr'>τῷ</span> <span class='ocrx_word' id='word_1_210' title='bbox 1789 2643 1886 2695; x_wconf 77' lang='grc' dir='ltr'><strong>ὲπο</strong></span> 
     </span>
    </p>
   </div>
   <div class='ocr_carea' id='block_1_30' title="bbox 310 2731 1889 2809">
    <p class='ocr_par' dir='ltr' id='par_1_30' title="bbox 310 2731 1889 2809">
     <span class='ocr_line' id='line_1_30' title="bbox 310 2731 1889 2809; baseline -0.003 -17"><span class='ocrx_word' id='word_1_211' title='bbox 310 2738 549 2808; x_wconf 84' lang='grc' dir='ltr'>ουρανίῳ</span> <span class='ocrx_word' id='word_1_212' title='bbox 577 2739 676 2809; x_wconf 83' lang='grc' dir='ltr'>τῆς</span> <span class='ocrx_word' id='word_1_213' title='bbox 707 2737 982 2809; x_wconf 80' lang='grc' dir='ltr'>ἀφθάρτου</span> <span class='ocrx_word' id='word_1_214' title='bbox 1019 2737 1229 2800; x_wconf 75' lang='grc' dir='ltr'>εἰκόνος</span> <span class='ocrx_word' id='word_1_215' title='bbox 1270 2736 1410 2806; x_wconf 73' lang='grc' dir='ltr'>φωτὶ</span> <span class='ocrx_word' id='word_1_216' title='bbox 1463 2733 1744 2798; x_wconf 80' lang='grc' dir='ltr'>ἑνωθεῖσα,</span> <span class='ocrx_word' id='word_1_217' title='bbox 1794 2731 1889 2788; x_wconf 81' lang='grc' dir='ltr'><strong>καὶ</strong></span> 
     </span>
    </p>
   </div>
   <div class='ocr_carea' id='block_1_31' title="bbox 312 2823 1889 2896">
    <p class='ocr_par' dir='ltr' id='par_1_31' title="bbox 312 2823 1889 2896">
     <span class='ocr_line' id='line_1_31' title="bbox 312 2823 1889 2896; baseline -0.001 -19"><span class='ocrx_word' id='word_1_218' title='bbox 312 2826 410 2878; x_wconf 83' lang='grc' dir='ltr'>νῦν</span> <span class='ocrx_word' id='word_1_219' title='bbox 458 2826 559 2896; x_wconf 82' lang='grc' dir='ltr'>μὲν</span> <span class='ocrx_word' id='word_1_220' title='bbox 604 2826 916 2896; x_wconf 86' lang='grc' dir='ltr'>μυστηρίων</span> <span class='ocrx_word' id='word_1_221' title='bbox 955 2826 1218 2896; x_wconf 82' lang='grc' dir='ltr'>οὐρανίων</span> <span class='ocrx_word' id='word_1_222' title='bbox 1263 2824 1463 2894; x_wconf 82' lang='grc' dir='ltr'>γνῶσιν</span> <span class='ocrx_word' id='word_1_223' title='bbox 1499 2826 1556 2876; x_wconf 71' lang='grc' dir='ltr'>ὲν</span> <span class='ocrx_word' id='word_1_224' title='bbox 1594 2823 1889 2877; x_wconf 76' lang='grc' dir='ltr'>ὑποστάσει</span> 
     </span>
    </p>
   </div>
   <div class='ocr_carea' id='block_1_32' title="bbox 318 2916 1890 2990">
    <p class='ocr_par' dir='ltr' id='par_1_32' title="bbox 318 2916 1890 2990">
     <span class='ocr_line' id='line_1_32' title="bbox 318 2916 1890 2990; baseline 0.001 -23"><span class='ocrx_word' id='word_1_225' title='bbox 318 2918 532 2986; x_wconf 82' lang='grc' dir='ltr'>μυεῖται</span> <span class='ocrx_word' id='word_1_226' title='bbox 561 2918 778 2971; x_wconf 77' lang='grc' dir='ltr'>πάντων</span> <span class='ocrx_word' id='word_1_227' title='bbox 807 2931 821 2946; x_wconf 88' lang='grc'><strong>·</strong></span> <span class='ocrx_word' id='word_1_228' title='bbox 855 2919 913 2972; x_wconf 81' lang='grc' dir='ltr'>ἐν</span> <span class='ocrx_word' id='word_1_229' title='bbox 936 2917 992 2970; x_wconf 78' lang='grc' dir='ltr'>δέ</span> <span class='ocrx_word' id='word_1_230' title='bbox 1035 2934 1099 2987; x_wconf 88' lang='grc' dir='ltr'><strong>γε</strong></span> <span class='ocrx_word' id='word_1_231' title='bbox 1123 2921 1188 2990; x_wconf 79' lang='grc' dir='ltr'><strong>τῇ</strong></span> <span class='ocrx_word' id='word_1_232' title='bbox 1243 2917 1456 2989; x_wconf 76' lang='grc' dir='ltr'>μεγάλῃ</span> <span class='ocrx_word' id='word_1_233' title='bbox 1500 2916 1598 2987; x_wconf 81' lang='grc' dir='ltr'>τῆς</span> <span class='ocrx_word' id='word_1_234' title='bbox 1651 2916 1890 2970; x_wconf 80' lang='grc' dir='ltr'>ἀναστά-</span> 
     </span>
    </p>
   </div>
   <div class='ocr_carea' id='block_1_33' title="bbox 318 3004 1888 3080">
    <p class='ocr_par' dir='ltr' id='par_1_33' title="bbox 318 3004 1888 3080">
     <span class='ocr_line' id='line_1_33' title="bbox 318 3004 1888 3080; baseline -0.001 -22"><span class='ocrx_word' id='word_1_235' title='bbox 318 3023 456 3070; x_wconf 89' lang='grc' dir='ltr'>σεως</span> <span class='ocrx_word' id='word_1_236' title='bbox 504 3007 687 3078; x_wconf 74' lang='grc' dir='ltr'>ἡμέρᾳ</span> <span class='ocrx_word' id='word_1_237' title='bbox 719 3014 784 3078; x_wconf 76' lang='grc' dir='ltr'><strong>τῇ</strong></span> <span class='ocrx_word' id='word_1_238' title='bbox 824 3009 962 3080; x_wconf 78' lang='grc' dir='ltr'>αὐτῇ</span> <span class='ocrx_word' id='word_1_239' title='bbox 1009 3007 1319 3080; x_wconf 75' lang='grc' dir='ltr'>ἐπουρανίῳ</span> <span class='ocrx_word' id='word_1_240' title='bbox 1365 3006 1466 3077; x_wconf 82' lang='grc' dir='ltr'><strong>τῆς</strong></span> <span class='ocrx_word' id='word_1_241' title='bbox 1507 3006 1665 3077; x_wconf 79' lang='grc' dir='ltr'>δόξης</span> <span class='ocrx_word' id='word_1_242' title='bbox 1719 3004 1888 3060; x_wconf 80' lang='grc' dir='ltr'>εικόνι</span> 
     </span>
    </p>
   </div>
   <div class='ocr_carea' id='block_1_34' title="bbox 317 3094 1888 3168">
    <p class='ocr_par' dir='ltr' id='par_1_34' title="bbox 317 3094 1888 3168">
     <span class='ocr_line' id='line_1_34' title="bbox 317 3094 1888 3168; baseline 0 -18"><span class='ocrx_word' id='word_1_243' title='bbox 317 3097 490 3150; x_wconf 75' lang='grc' dir='ltr'>καὶτὸ</span> <span class='ocrx_word' id='word_1_244' title='bbox 522 3097 682 3166; x_wconf 83' lang='grc' dir='ltr'>σῶμα</span> <span class='ocrx_word' id='word_1_245' title='bbox 703 3097 904 3168; x_wconf 85' lang='grc' dir='ltr'>ταύτης</span> <span class='ocrx_word' id='word_1_246' title='bbox 933 3098 1269 3165; x_wconf 74' lang='grc' dir='ltr'>ὲνδοξασθὲν,</span> <span class='ocrx_word' id='word_1_247' title='bbox 1301 3098 1395 3152; x_wconf 68' lang='grc' dir='ltr'>καὶ</span> <span class='ocrx_word' id='word_1_248' title='bbox 1419 3097 1524 3151; x_wconf 80' lang='grc' dir='ltr'>ὑπὸ</span> <span class='ocrx_word' id='word_1_249' title='bbox 1553 3094 1888 3166; x_wconf 85' lang='grc' dir='ltr'>Πνεύματος,</span> 
     </span>
    </p>
   </div>
   <div class='ocr_carea' id='block_1_35' title="bbox 319 3186 1891 3258">
    <p class='ocr_par' dir='ltr' id='par_1_35' title="bbox 319 3186 1891 3258">
     <span class='ocr_line' id='line_1_35' title="bbox 319 3186 1891 3258; baseline 0 -19"><span class='ocrx_word' id='word_1_250' title='bbox 319 3186 459 3239; x_wconf 76' lang='grc' dir='ltr'>κατὰ</span> <span class='ocrx_word' id='word_1_251' title='bbox 507 3187 566 3239; x_wconf 85' lang='grc' dir='ltr'>τὸ</span> <span class='ocrx_word' id='word_1_252' title='bbox 615 3188 1003 3258; x_wconf 81' lang='grc' dir='ltr'>γεγραμμένον</span> <span class='ocrx_word' id='word_1_253' title='bbox 1053 3191 1132 3251; x_wconf 85' lang='grc' dir='ltr'><strong>είς</strong></span> <span class='ocrx_word' id='word_1_254' title='bbox 1171 3188 1432 3258; x_wconf 82' lang='grc' dir='ltr'>οὐρανοὺς</span> <span class='ocrx_word' id='word_1_255' title='bbox 1472 3186 1743 3258; x_wconf 81' lang='grc' dir='ltr'>ἀρπαγὲν,</span> <span class='ocrx_word' id='word_1_256' title='bbox 1798 3187 1891 3239; x_wconf 80' lang='grc' dir='ltr'>καὶ</span> 
     </span>
    </p>
   </div>
   <div class='ocr_carea' id='block_1_36' title="bbox 320 3275 1890 3350">
    <p class='ocr_par' dir='ltr' id='par_1_36' title="bbox 320 3275 1890 3350">
     <span class='ocr_line' id='line_1_36' title="bbox 320 3275 1890 3350; baseline -0.001 -20"><span class='ocrx_word' id='word_1_257' title='bbox 320 3278 645 3349; x_wconf 80' lang='grc' dir='ltr'>σύμμορφον</span> <span class='ocrx_word' id='word_1_258' title='bbox 695 3279 948 3346; x_wconf 84' lang='grc' dir='ltr'>γενέσθαι</span> <span class='ocrx_word' id='word_1_259' title='bbox 985 3279 1062 3350; x_wconf 84' lang='grc' dir='ltr'>τῷ</span> <span class='ocrx_word' id='word_1_260' title='bbox 1103 3279 1317 3350; x_wconf 84' lang='grc' dir='ltr'>σώματι</span> <span class='ocrx_word' id='word_1_261' title='bbox 1369 3279 1471 3348; x_wconf 75' lang='grc' dir='ltr'>τῆς</span> <span class='ocrx_word' id='word_1_262' title='bbox 1515 3277 1676 3348; x_wconf 81' lang='grc' dir='ltr'>δόξης</span> <span class='ocrx_word' id='word_1_263' title='bbox 1723 3275 1890 3330; x_wconf 81' lang='grc' dir='ltr'>αὑτοῦ</span> 
     </span>
    </p>
   </div>
   <div class='ocr_carea' id='block_1_37' title="bbox 318 3369 1894 3442">
    <p class='ocr_par' dir='ltr' id='par_1_37' title="bbox 318 3369 1894 3442">
     <span class='ocr_line' id='line_1_37' title="bbox 318 3369 1894 3442; baseline 0.001 -19"><span class='ocrx_word' id='word_1_264' title='bbox 318 3371 654 3437; x_wconf 82' lang='grc' dir='ltr'>καταξιωθὲν</span> <span class='ocrx_word' id='word_1_265' title='bbox 693 3372 788 3424; x_wconf 80' lang='grc' dir='ltr'><strong>καὶ</strong></span> <span class='ocrx_word' id='word_1_266' title='bbox 821 3371 919 3441; x_wconf 79' lang='grc' dir='ltr'>τὴν</span> <span class='ocrx_word' id='word_1_267' title='bbox 953 3371 1233 3442; x_wconf 82' lang='grc' dir='ltr'>βασιλείαν</span> <span class='ocrx_word' id='word_1_268' title='bbox 1278 3371 1494 3425; x_wconf 83' lang='grc' dir='ltr'>αίώνιόν</span> <span class='ocrx_word' id='word_1_269' title='bbox 1527 3387 1590 3424; x_wconf 87' lang='grc' dir='ltr'><strong>τε</strong></span> <span class='ocrx_word' id='word_1_270' title='bbox 1619 3370 1714 3424; x_wconf 81' lang='grc' dir='ltr'><strong>καὶ</strong></span> <span class='ocrx_word' id='word_1_271' title='bbox 1743 3369 1894 3424; x_wconf 79' lang='grc' dir='ltr'>ἀδιά-</span> 
     </span>
    </p>
   </div>
   <div class='ocr_carea' id='block_1_38' title="bbox 314 3461 1433 3535">
    <p class='ocr_par' dir='ltr' id='par_1_38' title="bbox 314 3461 1433 3535">
     <span class='ocr_line' id='line_1_38' title="bbox 314 3461 1433 3535; baseline 0.002 -19"><span class='ocrx_word' id='word_1_272' title='bbox 314 3463 469 3533; x_wconf 83' lang='grc' dir='ltr'>δοχον</span> <span class='ocrx_word' id='word_1_273' title='bbox 488 3462 581 3516; x_wconf 84' lang='grc' dir='ltr'><strong>καί</strong></span> <span class='ocrx_word' id='word_1_274' title='bbox 609 3461 688 3534; x_wconf 80' lang='grc' dir='ltr'>τῷ</span> <span class='ocrx_word' id='word_1_275' title='bbox 719 3463 944 3535; x_wconf 83' lang='grc' dir='ltr'>Χριστῷ</span> <span class='ocrx_word' id='word_1_276' title='bbox 969 3463 1274 3535; x_wconf 86' lang='grc' dir='ltr'>σύγκληρον</span> <span class='ocrx_word' id='word_1_277' title='bbox 1301 3463 1433 3530; x_wconf 74' lang='grc' dir='ltr'>ἔξει.</span> 
     </span>
    </p>
   </div>
   <div class='ocr_carea' id='block_1_39' title="bbox 385 3636 1893 3710">
    <p class='ocr_par' dir='ltr' id='par_1_39' title="bbox 385 3636 1893 3710">
     <span class='ocr_line' id='line_1_39' title="bbox 385 3636 1893 3710; baseline -0.001 -16"><span class='ocrx_word' id='word_1_278' title='bbox 385 3639 518 3695; x_wconf 81' lang='lat' dir='ltr'><strong>KE&#39;.</strong></span> <span class='ocrx_word' id='word_1_279' title='bbox 559 3639 784 3694; x_wconf 87' lang='grc' dir='ltr'>Ὁπόσον</span> <span class='ocrx_word' id='word_1_280' title='bbox 821 3657 904 3703; x_wconf 87' lang='grc' dir='ltr'><strong>τις</strong></span> <span class='ocrx_word' id='word_1_281' title='bbox 946 3638 1050 3710; x_wconf 74' lang='grc' dir='ltr'>ίδία</span> <span class='ocrx_word' id='word_1_282' title='bbox 1081 3639 1282 3710; x_wconf 78' lang='grc' dir='ltr'>σπουδῇ</span> <span class='ocrx_word' id='word_1_283' title='bbox 1307 3639 1402 3692; x_wconf 76' lang='grc' dir='ltr'>καὶ</span> <span class='ocrx_word' id='word_1_284' title='bbox 1430 3639 1609 3692; x_wconf 86' lang='grc' dir='ltr'>πίστει</span> <span class='ocrx_word' id='word_1_285' title='bbox 1641 3636 1893 3708; x_wconf 86' lang='grc' dir='ltr'>Πνεύμα-</span> 
     </span>
    </p>
   </div>
   <div class='ocr_carea' id='block_1_40' title="bbox 318 3727 1894 3799">
    <p class='ocr_par' dir='ltr' id='par_1_40' title="bbox 318 3727 1894 3799">
     <span class='ocr_line' id='line_1_40' title="bbox 318 3727 1894 3799; baseline -0.003 -14"><span class='ocrx_word' id='word_1_286' title='bbox 318 3749 410 3794; x_wconf 89' lang='grc' dir='ltr'><strong>τος</strong></span> <span class='ocrx_word' id='word_1_287' title='bbox 439 3731 597 3798; x_wconf 80' lang='grc' dir='ltr'>ἁγίου</span> <span class='ocrx_word' id='word_1_288' title='bbox 646 3730 804 3799; x_wconf 80' lang='grc' dir='ltr'>δόξης</span> <span class='ocrx_word' id='word_1_289' title='bbox 847 3728 1243 3799; x_wconf 83' lang='grc' dir='ltr'>κεκοινώνηκεν</span> <span class='ocrx_word' id='word_1_290' title='bbox 1289 3727 1566 3798; x_wconf 81' lang='grc' dir='ltr'>οὐρανίου,</span> <span class='ocrx_word' id='word_1_291' title='bbox 1615 3727 1796 3799; x_wconf 70' lang='grc' dir='ltr'>ἔργοις</span> <span class='ocrx_word' id='word_1_292' title='bbox 1833 3745 1894 3780; x_wconf 85' lang='grc' dir='ltr'><strong>τε</strong></span> 
     </span>
    </p>
   </div>
   <div class='ocr_carea' id='block_1_41' title="bbox 321 3814 1896 3887">
    <p class='ocr_par' dir='ltr' id='par_1_41' title="bbox 321 3814 1896 3887">
     <span class='ocr_line' id='line_1_41' title="bbox 321 3814 1896 3887; baseline -0.003 -17"><span class='ocrx_word' id='word_1_293' title='bbox 321 3817 545 3886; x_wconf 79' lang='grc' dir='ltr'>ἀγαθοῖς</span> <span class='ocrx_word' id='word_1_294' title='bbox 595 3817 692 3886; x_wconf 84' lang='grc' dir='ltr'>τὴν</span> <span class='ocrx_word' id='word_1_295' title='bbox 751 3814 927 3887; x_wconf 76' lang='grc' dir='ltr'>ψυχὴν</span> <span class='ocrx_word' id='word_1_296' title='bbox 973 3815 1338 3886; x_wconf 78' lang='grc' dir='ltr'>διεκόσμησε,</span> <span class='ocrx_word' id='word_1_297' title='bbox 1387 3815 1636 3868; x_wconf 84' lang='grc' dir='ltr'>τοσοῦτον</span> <span class='ocrx_word' id='word_1_298' title='bbox 1683 3814 1896 3884; x_wconf 75' lang='grc' dir='ltr'>ἐκείνης</span> 
     </span>
    </p>
   </div>
   <div class='ocr_carea' id='block_1_42' title="bbox 323 3901 1896 3974">
    <p class='ocr_par' dir='ltr' id='par_1_42' title="bbox 323 3901 1896 3974">
     <span class='ocr_line' id='line_1_42' title="bbox 323 3901 1896 3974; baseline 0.001 -19"><span class='ocrx_word' id='word_1_299' title='bbox 323 3905 422 3974; x_wconf 83' lang='grc' dir='ltr'>τῆς</span> <span class='ocrx_word' id='word_1_300' title='bbox 457 3905 667 3974; x_wconf 73' lang='grc' dir='ltr'>ἡμέρας</span> <span class='ocrx_word' id='word_1_301' title='bbox 691 3902 839 3967; x_wconf 80' lang='grc' dir='ltr'>ἄξιον</span> <span class='ocrx_word' id='word_1_302' title='bbox 871 3901 1038 3956; x_wconf 82' lang='grc' dir='ltr'>αὐτοῦ</span> <span class='ocrx_word' id='word_1_303' title='bbox 1073 3905 1360 3972; x_wconf 77' lang='grc' dir='ltr'>γενήσεται</span> <span class='ocrx_word' id='word_1_304' title='bbox 1388 3904 1482 3958; x_wconf 69' lang='grc' dir='ltr'>καὶι</span> <span class='ocrx_word' id='word_1_305' title='bbox 1502 3903 1562 3956; x_wconf 78' lang='grc' dir='ltr'>τὸ</span> <span class='ocrx_word' id='word_1_306' title='bbox 1589 3902 1747 3972; x_wconf 82' lang='grc' dir='ltr'>σῶμα</span> <span class='ocrx_word' id='word_1_307' title='bbox 1772 3920 1896 3956; x_wconf 86' lang='grc' dir='ltr'>συν-</span> 
     </span>
    </p>
   </div>
   <div class='ocr_carea' id='block_1_43' title="bbox 321 3991 1892 4066">
    <p class='ocr_par' dir='ltr' id='par_1_43' title="bbox 321 3991 1892 4066">
     <span class='ocr_line' id='line_1_43' title="bbox 321 3991 1892 4066; baseline -0.001 -18"><span class='ocrx_word' id='word_1_308' title='bbox 321 3994 664 4063; x_wconf 79' lang='grc' dir='ltr'>δοξασθῆναι.</span> <span class='ocrx_word' id='word_1_309' title='bbox 732 3997 797 4047; x_wconf 90' lang='lat'><strong>&quot;0</strong></span> <span class='ocrx_word' id='word_1_310' title='bbox 846 3994 953 4066; x_wconf 85' lang='grc' dir='ltr'>γάρ</span> <span class='ocrx_word' id='word_1_311' title='bbox 997 4010 1081 4057; x_wconf 86' lang='grc' dir='ltr'><strong>τις</strong></span> <span class='ocrx_word' id='word_1_312' title='bbox 1131 3993 1278 4046; x_wconf 78' lang='grc' dir='ltr'>ἔνδον</span> <span class='ocrx_word' id='word_1_313' title='bbox 1322 3991 1732 4064; x_wconf 83' lang='grc' dir='ltr'>ἀπεθησαύρισε</span> <span class='ocrx_word' id='word_1_314' title='bbox 1777 3992 1892 4059; x_wconf 79' lang='grc' dir='ltr'>νῦν,</span> 
     </span>
    </p>
   </div>
   <div class='ocr_carea' id='block_1_44' title="bbox 323 4083 1896 4156">
    <p class='ocr_par' dir='ltr' id='par_1_44' title="bbox 323 4083 1896 4156">
     <span class='ocr_line' id='line_1_44' title="bbox 323 4083 1896 4156; baseline 0.002 -20"><span class='ocrx_word' id='word_1_315' title='bbox 323 4083 480 4136; x_wconf 84' lang='grc' dir='ltr'>τοῦτο</span> <span class='ocrx_word' id='word_1_316' title='bbox 505 4083 748 4155; x_wconf 82' lang='grc' dir='ltr'>πρόεισιν</span> <span class='ocrx_word' id='word_1_317' title='bbox 779 4083 884 4150; x_wconf 77' lang='grc' dir='ltr'><strong>ἔξω</strong></span> <span class='ocrx_word' id='word_1_318' title='bbox 916 4087 1039 4138; x_wconf 82' lang='grc' dir='ltr'>τότε</span> <span class='ocrx_word' id='word_1_319' title='bbox 1061 4102 1074 4117; x_wconf 89' lang='grc'><strong>·</strong></span> <span class='ocrx_word' id='word_1_320' title='bbox 1103 4084 1356 4156; x_wconf 81' lang='grc' dir='ltr'>καθάπερ</span> <span class='ocrx_word' id='word_1_321' title='bbox 1387 4087 1416 4138; x_wconf 87' lang='grc' dir='ltr'>ὁ</span> <span class='ocrx_word' id='word_1_322' title='bbox 1446 4087 1576 4138; x_wconf 76' lang='grc' dir='ltr'>εἵσω</span> <span class='ocrx_word' id='word_1_323' title='bbox 1595 4086 1702 4139; x_wconf 83' lang='grc' dir='ltr'><strong>τῶν</strong></span> <span class='ocrx_word' id='word_1_324' title='bbox 1725 4083 1896 4149; x_wconf 80' lang='grc' dir='ltr'>ξύλων</span> 
     </span>
    </p>
   </div>
   <div class='ocr_carea' id='block_1_45' title="bbox 323 4177 1894 4250">
    <p class='ocr_par' dir='ltr' id='par_1_45' title="bbox 323 4177 1894 4250">
     <span class='ocr_line' id='line_1_45' title="bbox 323 4177 1894 4250; baseline 0.003 -22"><span class='ocrx_word' id='word_1_325' title='bbox 323 4180 380 4229; x_wconf 79' lang='grc' dir='ltr'>ἐν</span> <span class='ocrx_word' id='word_1_326' title='bbox 427 4178 651 4247; x_wconf 77' lang='grc' dir='ltr'>χειμῶνι</span> <span class='ocrx_word' id='word_1_327' title='bbox 706 4178 937 4250; x_wconf 75' lang='grc' dir='ltr'>καρπὸς,</span> <span class='ocrx_word' id='word_1_328' title='bbox 991 4177 1096 4242; x_wconf 74' lang='grc' dir='ltr'><strong>ἔξω</strong></span> <span class='ocrx_word' id='word_1_329' title='bbox 1153 4179 1296 4231; x_wconf 79' lang='grc' dir='ltr'>κατὰ</span> <span class='ocrx_word' id='word_1_330' title='bbox 1349 4178 1443 4232; x_wconf 79' lang='grc' dir='ltr'>τὸν</span> <span class='ocrx_word' id='word_1_331' title='bbox 1493 4177 1653 4250; x_wconf 77' lang='grc' dir='ltr'>ἔαρος</span> <span class='ocrx_word' id='word_1_332' title='bbox 1705 4178 1894 4250; x_wconf 81' lang='grc' dir='ltr'>καιρὸν</span> 
     </span>
    </p>
   </div>
   <div class='ocr_carea' id='block_1_46' title="bbox 319 4268 1894 4342">
    <p class='ocr_par' dir='ltr' id='par_1_46' title="bbox 319 4268 1894 4342">
     <span class='ocr_line' id='line_1_46' title="bbox 319 4268 1894 4342; baseline 0.003 -22"><span class='ocrx_word' id='word_1_333' title='bbox 319 4269 531 4337; x_wconf 85' lang='grc' dir='ltr'>γίνεται</span> <span class='ocrx_word' id='word_1_334' title='bbox 559 4286 572 4301; x_wconf 91' lang='grc'><strong>·</strong></span> <span class='ocrx_word' id='word_1_335' title='bbox 602 4268 791 4339; x_wconf 79' lang='grc' dir='ltr'>ὥσπερ</span> <span class='ocrx_word' id='word_1_336' title='bbox 824 4269 888 4340; x_wconf 83' lang='grc' dir='ltr'>δὴ</span> <span class='ocrx_word' id='word_1_337' title='bbox 915 4268 1008 4323; x_wconf 72' lang='grc' dir='ltr'><strong>καὶ</strong></span> <span class='ocrx_word' id='word_1_338' title='bbox 1035 4270 1300 4340; x_wconf 83' lang='grc' dir='ltr'>πρότερον</span> <span class='ocrx_word' id='word_1_339' title='bbox 1335 4269 1602 4340; x_wconf 74' lang='grc' dir='ltr'>ἐδηλώθη.</span> <span class='ocrx_word' id='word_1_340' title='bbox 1644 4270 1765 4324; x_wconf 85' lang='grc' dir='ltr'><strong>Τῶν</strong></span> <span class='ocrx_word' id='word_1_341' title='bbox 1789 4271 1894 4342; x_wconf 83' lang='grc' dir='ltr'>μὲν</span> 
     </span>
    </p>
   </div>
   <div class='ocr_carea' id='block_1_47' title="bbox 318 4358 1893 4432">
    <p class='ocr_par' dir='ltr' id='par_1_47' title="bbox 318 4358 1893 4432">
     <span class='ocr_line' id='line_1_47' title="bbox 318 4358 1893 4432; baseline 0 -18"><span class='ocrx_word' id='word_1_342' title='bbox 318 4358 412 4414; x_wconf 74' lang='grc' dir='ltr'>οὖν</span> <span class='ocrx_word' id='word_1_343' title='bbox 447 4363 615 4430; x_wconf 86' lang='grc' dir='ltr'>ἁγίων</span> <span class='ocrx_word' id='word_1_344' title='bbox 651 4363 682 4430; x_wconf 84' lang='grc' dir='ltr'>ὴ</span> <span class='ocrx_word' id='word_1_345' title='bbox 717 4362 956 4431; x_wconf 82' lang='grc' dir='ltr'>θεοειδὴς</span> <span class='ocrx_word' id='word_1_346' title='bbox 985 4360 1079 4414; x_wconf 80' lang='grc' dir='ltr'><strong>τοῦ</strong></span> <span class='ocrx_word' id='word_1_347' title='bbox 1109 4361 1426 4432; x_wconf 76' lang='grc' dir='ltr'>Πνεύματος</span> <span class='ocrx_word' id='word_1_348' title='bbox 1470 4362 1636 4417; x_wconf 81' lang='grc' dir='ltr'>εἰκὼν</span> <span class='ocrx_word' id='word_1_349' title='bbox 1666 4363 1774 4416; x_wconf 84' lang='grc' dir='ltr'>ἀπὸ</span> <span class='ocrx_word' id='word_1_350' title='bbox 1797 4360 1893 4415; x_wconf 81' lang='grc' dir='ltr'>τοῦ</span> 
     </span>
    </p>
   </div>
   <div class='ocr_carea' id='block_1_48' title="bbox 1985 555 3565 622">
    <p class='ocr_par' dir='ltr' id='par_1_48' title="bbox 1985 555 3565 622">
     <span class='ocr_line' id='line_1_48' title="bbox 1985 555 3565 622; baseline 0.003 -18"><span class='ocrx_word' id='word_1_351' title='bbox 1985 567 2053 605; x_wconf 80' lang='lat' dir='ltr'><strong><em>ne</em></strong></span> <span class='ocrx_word' id='word_1_352' title='bbox 2074 569 2314 622; x_wconf 78' lang='lat' dir='ltr'><strong><em>unquam</em></strong></span> <span class='ocrx_word' id='word_1_353' title='bbox 2337 555 2663 612; x_wconf 86' lang='lat' dir='ltr'><strong>obdormiam</strong></span> <span class='ocrx_word' id='word_1_354' title='bbox 2698 560 2753 612; x_wconf 86' lang='lat' dir='ltr'><strong>in</strong></span> <span class='ocrx_word' id='word_1_355' title='bbox 2773 567 2942 615; x_wconf 83' lang='lat' dir='ltr'><strong>morte</strong></span> <span class='ocrx_word' id='word_1_356' title='bbox 2962 560 3028 612; x_wconf 85' lang='lat'><strong>&quot;.</strong></span> <span class='ocrx_word' id='word_1_357' title='bbox 3060 558 3176 613; x_wconf 86' lang='lat' dir='ltr'><strong>Hoc</strong></span> <span class='ocrx_word' id='word_1_358' title='bbox 3197 567 3302 622; x_wconf 89' lang='lat' dir='ltr'><strong>est,</strong></span> <span class='ocrx_word' id='word_1_359' title='bbox 3345 572 3416 610; x_wconf 88' lang='lat' dir='ltr'><strong>ne</strong></span> <span class='ocrx_word' id='word_1_360' title='bbox 3439 572 3565 611; x_wconf 90' lang='lat' dir='ltr'><strong>cum</strong></span> 
     </span>
    </p>
   </div>
   <div class='ocr_carea' id='block_1_49' title="bbox 1981 645 3566 716">
    <p class='ocr_par' dir='ltr' id='par_1_49' title="bbox 1981 645 3566 716">
     <span class='ocr_line' id='line_1_49' title="bbox 1981 645 3566 716; baseline 0 -14"><span class='ocrx_word' id='word_1_361' title='bbox 1981 645 2232 702; x_wconf 74' lang='lat' dir='ltr'><strong>solvetur</strong></span> <span class='ocrx_word' id='word_1_362' title='bbox 2261 661 2426 702; x_wconf 88' lang='lat' dir='ltr'><strong>carne</strong></span> <span class='ocrx_word' id='word_1_363' title='bbox 2459 650 2660 716; x_wconf 88' lang='lat' dir='ltr'><strong>anima,</strong></span> <span class='ocrx_word' id='word_1_364' title='bbox 2694 652 3096 710; x_wconf 88' lang='lat' dir='ltr'><strong>obtenebretur</strong></span> <span class='ocrx_word' id='word_1_365' title='bbox 3121 651 3322 706; x_wconf 87' lang='lat' dir='ltr'><strong>mortis</strong></span> <span class='ocrx_word' id='word_1_366' title='bbox 3345 651 3566 704; x_wconf 70' lang='lat' dir='ltr'><strong>malitia-</strong></span> 
     </span>
    </p>
   </div>
   <div class='ocr_carea' id='block_1_50' title="bbox 1981 737 3535 808">
    <p class='ocr_par' dir='ltr' id='par_1_50' title="bbox 1981 737 3535 808">
     <span class='ocr_line' id='line_1_50' title="bbox 1981 737 3535 808; baseline 0.001 -16"><span class='ocrx_word' id='word_1_367' title='bbox 1981 740 2125 792; x_wconf 81' lang='lat' dir='ltr'><strong>velo.</strong></span> <span class='ocrx_word' id='word_1_368' title='bbox 2157 737 2295 793; x_wconf 84' lang='lat' dir='ltr'><strong>Illud</strong></span> <span class='ocrx_word' id='word_1_369' title='bbox 2341 748 2602 808; x_wconf 77' lang='lat' dir='ltr'><strong>praeterea</strong></span> <span class='ocrx_word' id='word_1_370' title='bbox 2629 758 2643 795; x_wconf 89' lang='lat'><strong>:</strong></span> <span class='ocrx_word' id='word_1_371' title='bbox 2674 737 2866 798; x_wconf 79' lang='lat' dir='ltr'><strong><em>Revela</em></strong></span> <span class='ocrx_word' id='word_1_372' title='bbox 2899 744 3076 798; x_wconf 81' lang='lat' dir='ltr'><strong>oculos</strong></span> <span class='ocrx_word' id='word_1_373' title='bbox 3105 759 3268 805; x_wconf 79' lang='lat' dir='ltr'><strong>meos,</strong></span> <span class='ocrx_word' id='word_1_374' title='bbox 3295 751 3345 796; x_wconf 93' lang='lat' dir='ltr'><strong>et</strong></span> <span class='ocrx_word' id='word_1_375' title='bbox 3391 743 3535 794; x_wconf 79' lang='lat' dir='ltr'><strong>censi</strong></span> 
     </span>
    </p>
   </div>
   <div class='ocr_carea' id='block_1_51' title="bbox 1982 829 3560 902">
    <p class='ocr_par' dir='ltr' id='par_1_51' title="bbox 1982 829 3560 902">
     <span class='ocr_line' id='line_1_51' title="bbox 1982 829 3560 902; baseline 0.001 -20"><span class='ocrx_word' id='word_1_376' title='bbox 1982 829 2174 884; x_wconf 81' lang='lat' dir='ltr'><strong>derabo</strong></span> <span class='ocrx_word' id='word_1_377' title='bbox 2229 831 2500 886; x_wconf 76' lang='lat' dir='ltr'><strong>mirabilia</strong></span> <span class='ocrx_word' id='word_1_378' title='bbox 2551 832 2614 884; x_wconf 80' lang='lat' dir='ltr'><strong><em>de</em></strong></span> <span class='ocrx_word' id='word_1_379' title='bbox 2661 832 2769 902; x_wconf 83' lang='lat' dir='ltr'><strong><em>lege</em></strong></span> <span class='ocrx_word' id='word_1_380' title='bbox 2833 842 2923 887; x_wconf 71' lang='lat' dir='ltr'><strong>tua</strong></span> <span class='ocrx_word' id='word_1_381' title='bbox 2975 835 3045 889; x_wconf 81' lang='lat'><strong>“.</strong></span> <span class='ocrx_word' id='word_1_382' title='bbox 3101 833 3243 888; x_wconf 83' lang='lat' dir='ltr'><strong>Illud</strong></span> <span class='ocrx_word' id='word_1_383' title='bbox 3300 848 3560 902; x_wconf 83' lang='lat' dir='ltr'><strong>quoque:</strong></span> 
     </span>
    </p>
   </div>
   <div class='ocr_carea' id='block_1_52' title="bbox 1982 921 3564 995">
    <p class='ocr_par' dir='ltr' id='par_1_52' title="bbox 1982 921 3564 995">
     <span class='ocr_line' id='line_1_52' title="bbox 1982 921 3564 995; baseline -0.001 -20"><span class='ocrx_word' id='word_1_384' title='bbox 1982 921 2181 976; x_wconf 79' lang='lat' dir='ltr'><strong>Emitte</strong></span> <span class='ocrx_word' id='word_1_385' title='bbox 2208 922 2373 976; x_wconf 81' lang='lat' dir='ltr'><strong>lucem</strong></span> <span class='ocrx_word' id='word_1_386' title='bbox 2402 933 2551 977; x_wconf 86' lang='lat' dir='ltr'><strong><em>tuam</em></strong></span> <span class='ocrx_word' id='word_1_387' title='bbox 2574 934 2622 978; x_wconf 85' lang='lat' dir='ltr'><strong>et</strong></span> <span class='ocrx_word' id='word_1_388' title='bbox 2642 925 2915 978; x_wconf 77' lang='lat' dir='ltr'><strong>veritatem</strong></span> <span class='ocrx_word' id='word_1_389' title='bbox 2940 934 3088 978; x_wconf 81' lang='lat' dir='ltr'><strong>tuam</strong></span> <span class='ocrx_word' id='word_1_390' title='bbox 3106 938 3126 980; x_wconf 88' lang='lat'><strong><em>:</em></strong></span> <span class='ocrx_word' id='word_1_391' title='bbox 3147 925 3263 995; x_wconf 78' lang='lat' dir='ltr'><strong>ipsa</strong></span> <span class='ocrx_word' id='word_1_392' title='bbox 3287 942 3367 978; x_wconf 89' lang='lat' dir='ltr'><strong>me</strong></span> <span class='ocrx_word' id='word_1_393' title='bbox 3399 925 3564 976; x_wconf 78' lang='grc' dir='ltr'>ιίριίιι-</span> 
     </span>
    </p>
   </div>
   <div class='ocr_carea' id='block_1_53' title="bbox 1981 1015 3563 1071">
    <p class='ocr_par' dir='ltr' id='par_1_53' title="bbox 1981 1015 3563 1071">
     <span class='ocr_line' id='line_1_53' title="bbox 1981 1015 3563 1071; baseline 0 -6"><span class='ocrx_word' id='word_1_394' title='bbox 1981 1021 2097 1066; x_wconf 83' lang='lat' dir='ltr'><strong>cent</strong></span> <span class='ocrx_word' id='word_1_395' title='bbox 2131 1021 2181 1067; x_wconf 86' lang='lat' dir='ltr'><strong><em>et</em></strong></span> <span class='ocrx_word' id='word_1_396' title='bbox 2213 1015 2476 1068; x_wconf 82' lang='lat' dir='ltr'><strong>adducent</strong></span> <span class='ocrx_word' id='word_1_397' title='bbox 2501 1017 2555 1069; x_wconf 85' lang='lat' dir='ltr'><strong>in</strong></span> <span class='ocrx_word' id='word_1_398' title='bbox 2594 1025 2822 1069; x_wconf 83' lang='lat' dir='ltr'><strong><em>montem</em></strong></span> <span class='ocrx_word' id='word_1_399' title='bbox 2849 1027 3093 1070; x_wconf 73' lang='lat' dir='ltr'><strong>sanctum</strong></span> <span class='ocrx_word' id='word_1_400' title='bbox 3138 1025 3290 1071; x_wconf 82' lang='lat' dir='ltr'><strong><em>tuum</em></strong></span> <span class='ocrx_word' id='word_1_401' title='bbox 3312 1025 3360 1068; x_wconf 88' lang='lat' dir='ltr'><strong><em>et</em></strong></span> <span class='ocrx_word' id='word_1_402' title='bbox 3389 1017 3444 1067; x_wconf 84' lang='lat' dir='ltr'><strong>in</strong></span> <span class='ocrx_word' id='word_1_403' title='bbox 3477 1024 3563 1066; x_wconf 83' lang='lat' dir='ltr'><strong>ta-</strong></span> 
     </span>
    </p>
   </div>
   <div class='ocr_carea' id='block_1_54' title="bbox 1983 1105 3566 1177">
    <p class='ocr_par' dir='ltr' id='par_1_54' title="bbox 1983 1105 3566 1177">
     <span class='ocr_line' id='line_1_54' title="bbox 1983 1105 3566 1177; baseline -0.001 -19"><span class='ocrx_word' id='word_1_404' title='bbox 1983 1105 2271 1160; x_wconf 83' lang='lat' dir='ltr'><strong>bernacula</strong></span> <span class='ocrx_word' id='word_1_405' title='bbox 2303 1117 2394 1160; x_wconf 84' lang='lat' dir='ltr'><strong>tua</strong></span> <span class='ocrx_word' id='word_1_406' title='bbox 2435 1108 2501 1160; x_wconf 79' lang='grc'><strong>⁸⁷.</strong></span> <span class='ocrx_word' id='word_1_407' title='bbox 2550 1107 2656 1162; x_wconf 88' lang='lat' dir='ltr'><strong>Sed</strong></span> <span class='ocrx_word' id='word_1_408' title='bbox 2689 1116 2744 1161; x_wconf 88' lang='lat' dir='ltr'><strong><em>et</em></strong></span> <span class='ocrx_word' id='word_1_409' title='bbox 2787 1107 2920 1161; x_wconf 89' lang='lat' dir='ltr'><strong>illud</strong></span> <span class='ocrx_word' id='word_1_410' title='bbox 2949 1110 3115 1163; x_wconf 87' lang='lat' dir='ltr'><strong>etiam</strong></span> <span class='ocrx_word' id='word_1_411' title='bbox 3138 1127 3150 1162; x_wconf 94' lang='lat'>:</span> <span class='ocrx_word' id='word_1_412' title='bbox 3173 1107 3463 1177; x_wconf 79' lang='lat' dir='ltr'><strong>&#39;Signatum</strong></span> <span class='ocrx_word' id='word_1_413' title='bbox 3494 1115 3566 1158; x_wconf 77' lang='lat' dir='ltr'><strong><em>est</em></strong></span> 
     </span>
    </p>
   </div>
   <div class='ocr_carea' id='block_1_55' title="bbox 1990 1196 3562 1266">
    <p class='ocr_par' dir='ltr' id='par_1_55' title="bbox 1990 1196 3562 1266">
     <span class='ocr_line' id='line_1_55' title="bbox 1990 1196 3562 1266; baseline 0 -17"><span class='ocrx_word' id='word_1_414' title='bbox 1990 1211 2150 1266; x_wconf 72' lang='lat' dir='ltr'><strong>super</strong></span> <span class='ocrx_word' id='word_1_415' title='bbox 2174 1213 2266 1250; x_wconf 76' lang='lat' dir='ltr'><strong>nes</strong></span> <span class='ocrx_word' id='word_1_416' title='bbox 2303 1196 2478 1250; x_wconf 83' lang='lat' dir='ltr'><strong><em>lumen</em></strong></span> <span class='ocrx_word' id='word_1_417' title='bbox 2502 1196 2677 1250; x_wconf 82' lang='lat' dir='ltr'><strong>vultus</strong></span> <span class='ocrx_word' id='word_1_418' title='bbox 2703 1199 2798 1263; x_wconf 76' lang='lat' dir='ltr'><strong>tui,</strong></span> <span class='ocrx_word' id='word_1_419' title='bbox 2829 1197 3048 1251; x_wconf 84' lang='lat' dir='ltr'><strong>Domine</strong></span> <span class='ocrx_word' id='word_1_420' title='bbox 3064 1199 3130 1251; x_wconf 79' lang='grc'><strong>⁸⁸.</strong></span> <span class='ocrx_word' id='word_1_421' title='bbox 3167 1199 3236 1253; x_wconf 90' lang='lat' dir='ltr'><strong>Et</strong></span> <span class='ocrx_word' id='word_1_422' title='bbox 3267 1199 3475 1265; x_wconf 88' lang='lat' dir='ltr'><strong>reliqua</strong></span> <span class='ocrx_word' id='word_1_423' title='bbox 3513 1198 3562 1249; x_wconf 90' lang='lat' dir='ltr'><strong>in</strong></span> 
     </span>
    </p>
   </div>
   <div class='ocr_carea' id='block_1_56' title="bbox 1982 1288 3567 1358">
    <p class='ocr_par' dir='ltr' id='par_1_56' title="bbox 1982 1288 3567 1358">
     <span class='ocr_line' id='line_1_56' title="bbox 1982 1288 3567 1358; baseline -0.001 -19"><span class='ocrx_word' id='word_1_424' title='bbox 1982 1302 2147 1341; x_wconf 88' lang='lat' dir='ltr'><strong>unam</strong></span> <span class='ocrx_word' id='word_1_425' title='bbox 2179 1289 2541 1358; x_wconf 84' lang='lat' dir='ltr'><strong><em>eamdemque</em></strong></span> <span class='ocrx_word' id='word_1_426' title='bbox 2565 1302 2734 1358; x_wconf 88' lang='lat' dir='ltr'><strong>quam</strong></span> <span class='ocrx_word' id='word_1_427' title='bbox 2787 1288 3051 1358; x_wconf 82' lang='lat' dir='ltr'><strong>proposui</strong></span> <span class='ocrx_word' id='word_1_428' title='bbox 3083 1289 3414 1343; x_wconf 79' lang='lat' dir='ltr'><strong>sententiam</strong></span> <span class='ocrx_word' id='word_1_429' title='bbox 3436 1300 3567 1339; x_wconf 89' lang='lat' dir='ltr'><strong>con-</strong></span> 
     </span>
    </p>
   </div>
   <div class='ocr_carea' id='block_1_57' title="bbox 1981 1378 2213 1448">
    <p class='ocr_par' dir='ltr' id='par_1_57' title="bbox 1981 1378 2213 1448">
     <span class='ocr_line' id='line_1_57' title="bbox 1981 1378 2213 1448; baseline 0.013 -16"><span class='ocrx_word' id='word_1_430' title='bbox 1981 1378 2213 1448; x_wconf 79' lang='lat' dir='ltr'><strong>spirant.</strong></span> 
     </span>
    </p>
   </div>
   <div class='ocr_carea' id='block_1_58' title="bbox 2061 1553 3570 1625">
    <p class='ocr_par' dir='ltr' id='par_1_58' title="bbox 2061 1553 3570 1625">
     <span class='ocr_line' id='line_1_58' title="bbox 2061 1553 3570 1625; baseline -0.003 -14"><span class='ocrx_word' id='word_1_431' title='bbox 2061 1555 2227 1624; x_wconf 77' lang='lat'><strong>218</strong></span> <span class='ocrx_word' id='word_1_432' title='bbox 2253 1553 2444 1609; x_wconf 82' lang='lat' dir='ltr'><strong>XXlll.</strong></span> <span class='ocrx_word' id='word_1_433' title='bbox 2503 1554 2599 1609; x_wconf 90' lang='lat' dir='ltr'><strong>llla</strong></span> <span class='ocrx_word' id='word_1_434' title='bbox 2628 1554 2760 1610; x_wconf 84' lang='lat' dir='ltr'><strong><em>item</em></strong></span> <span class='ocrx_word' id='word_1_435' title='bbox 2788 1571 2912 1625; x_wconf 73' lang='lat' dir='ltr'><strong>qua-</strong></span> <span class='ocrx_word' id='word_1_436' title='bbox 2947 1555 3110 1609; x_wconf 82' lang='lat' dir='ltr'><strong>beato</strong></span> <span class='ocrx_word' id='word_1_437' title='bbox 3142 1554 3312 1609; x_wconf 90' lang='lat' dir='ltr'><strong>Paulo</strong></span> <span class='ocrx_word' id='word_1_438' title='bbox 3348 1553 3570 1607; x_wconf 83' lang='lat' dir='ltr'><strong>circum-</strong></span> 
     </span>
    </p>
   </div>
   <div class='ocr_carea' id='block_1_59' title="bbox 1988 1644 3566 1716">
    <p class='ocr_par' dir='ltr' id='par_1_59' title="bbox 1988 1644 3566 1716">
     <span class='ocr_line' id='line_1_59' title="bbox 1988 1644 3566 1716; baseline -0.001 -18"><span class='ocrx_word' id='word_1_439' title='bbox 1988 1644 2194 1715; x_wconf 71' lang='lat' dir='ltr'><strong>fulsisse</strong></span> <span class='ocrx_word' id='word_1_440' title='bbox 2222 1646 2314 1700; x_wconf 74' lang='lat' dir='ltr'><strong>tua:</strong></span> <span class='ocrx_word' id='word_1_441' title='bbox 2334 1647 2378 1678; x_wconf 85' lang='grc'><strong><em>⁶⁹</em></strong></span> <span class='ocrx_word' id='word_1_442' title='bbox 2405 1645 2611 1700; x_wconf 92' lang='lat' dir='ltr'><strong>dicitur</strong></span> <span class='ocrx_word' id='word_1_443' title='bbox 2640 1644 2695 1700; x_wconf 91' lang='lat' dir='ltr'><strong>in</strong></span> <span class='ocrx_word' id='word_1_444' title='bbox 2725 1647 2833 1711; x_wconf 85' lang='lat' dir='ltr'><strong><em>via,</em></strong></span> <span class='ocrx_word' id='word_1_445' title='bbox 2856 1662 2954 1715; x_wconf 91' lang='lat' dir='ltr'><strong>per</strong></span> <span class='ocrx_word' id='word_1_446' title='bbox 2984 1662 3147 1716; x_wconf 90' lang='lat' dir='ltr'><strong>quam</strong></span> <span class='ocrx_word' id='word_1_447' title='bbox 3174 1654 3229 1700; x_wconf 89' lang='lat' dir='ltr'><strong><em>et</em></strong></span> <span class='ocrx_word' id='word_1_448' title='bbox 3254 1645 3310 1699; x_wconf 91' lang='lat' dir='ltr'><strong>in</strong></span> <span class='ocrx_word' id='word_1_449' title='bbox 3345 1645 3566 1699; x_wconf 89' lang='lat' dir='ltr'><strong>tertium</strong></span> 
     </span>
    </p>
   </div>
   <div class='ocr_carea' id='block_1_60' title="bbox 1983 1736 3568 1806">
    <p class='ocr_par' dir='ltr' id='par_1_60' title="bbox 1983 1736 3568 1806">
     <span class='ocr_line' id='line_1_60' title="bbox 1983 1736 3568 1806; baseline -0.001 -16"><span class='ocrx_word' id='word_1_450' title='bbox 1983 1736 2192 1790; x_wconf 76' lang='lat' dir='ltr'><strong>cmlum</strong></span> <span class='ocrx_word' id='word_1_451' title='bbox 2221 1737 2470 1790; x_wconf 83' lang='lat' dir='ltr'><strong>elevatus</strong></span> <span class='ocrx_word' id='word_1_452' title='bbox 2495 1744 2583 1790; x_wconf 90' lang='lat' dir='ltr'><strong>est</strong></span> <span class='ocrx_word' id='word_1_453' title='bbox 2613 1737 2680 1800; x_wconf 78' lang='grc' dir='ltr'><strong>⁷ο,</strong></span> <span class='ocrx_word' id='word_1_454' title='bbox 2710 1743 2767 1790; x_wconf 90' lang='lat' dir='ltr'><strong>et</strong></span> <span class='ocrx_word' id='word_1_455' title='bbox 2787 1737 3176 1806; x_wconf 78' lang='lat' dir='ltr'><strong>mysteriorum</strong></span> <span class='ocrx_word' id='word_1_456' title='bbox 3203 1736 3568 1792; x_wconf 80' lang='lat' dir='ltr'><strong>ineﬂ‘abilium</strong></span> 
     </span>
    </p>
   </div>
   <div class='ocr_carea' id='block_1_61' title="bbox 1984 1826 3572 1891">
    <p class='ocr_par' dir='ltr' id='par_1_61' title="bbox 1984 1826 3572 1891">
     <span class='ocr_line' id='line_1_61' title="bbox 1984 1826 3572 1891; baseline 0.001 -12"><span class='ocrx_word' id='word_1_457' title='bbox 1984 1826 2206 1880; x_wconf 79' lang='lat' dir='ltr'><strong>auditor</strong></span> <span class='ocrx_word' id='word_1_458' title='bbox 2229 1827 2424 1891; x_wconf 83' lang='lat' dir='ltr'><strong>factus,</strong></span> <span class='ocrx_word' id='word_1_459' title='bbox 2455 1843 2566 1882; x_wconf 90' lang='lat' dir='ltr'><strong>non</strong></span> <span class='ocrx_word' id='word_1_460' title='bbox 2619 1827 3077 1883; x_wconf 85' lang='lat' dir='ltr'><strong>intellectualium</strong></span> <span class='ocrx_word' id='word_1_461' title='bbox 3110 1843 3376 1884; x_wconf 84' lang='lat' dir='ltr'><strong>sensuum</strong></span> <span class='ocrx_word' id='word_1_462' title='bbox 3399 1837 3456 1882; x_wconf 90' lang='lat' dir='ltr'><strong><em>et</em></strong></span> <span class='ocrx_word' id='word_1_463' title='bbox 3481 1842 3572 1881; x_wconf 49' lang='lat' dir='ltr'><strong>c0¢</strong></span> 
     </span>
    </p>
   </div>
   <div class='ocr_carea' id='block_1_62' title="bbox 1984 1916 3572 1988">
    <p class='ocr_par' dir='ltr' id='par_1_62' title="bbox 1984 1916 3572 1988">
     <span class='ocr_line' id='line_1_62' title="bbox 1984 1916 3572 1988; baseline 0.002 -19"><span class='ocrx_word' id='word_1_464' title='bbox 1984 1916 2249 1985; x_wconf 87' lang='lat' dir='ltr'><strong>gnitionis</strong></span> <span class='ocrx_word' id='word_1_465' title='bbox 2269 1917 2604 1972; x_wconf 88' lang='lat' dir='ltr'><strong>illuminatio</strong></span> <span class='ocrx_word' id='word_1_466' title='bbox 2619 1928 2768 1985; x_wconf 89' lang='lat' dir='ltr'><strong>erat;</strong></span> <span class='ocrx_word' id='word_1_467' title='bbox 2797 1919 2893 1974; x_wconf 82' lang='lat' dir='ltr'><strong>sed</strong></span> <span class='ocrx_word' id='word_1_468' title='bbox 2918 1919 3140 1974; x_wconf 90' lang='lat' dir='ltr'><strong>virtutis</strong></span> <span class='ocrx_word' id='word_1_469' title='bbox 3163 1919 3297 1973; x_wconf 91' lang='lat' dir='ltr'><strong>boni</strong></span> <span class='ocrx_word' id='word_1_470' title='bbox 3330 1918 3572 1988; x_wconf 81' lang='lat' dir='ltr'><strong>Spiritus</strong></span> 
     </span>
    </p>
   </div>
   <div class='ocr_carea' id='block_1_63' title="bbox 1988 2004 3571 2078">
    <p class='ocr_par' dir='ltr' id='par_1_63' title="bbox 1988 2004 3571 2078">
     <span class='ocr_line' id='line_1_63' title="bbox 1988 2004 3571 2078; baseline 0.003 -18"><span class='ocrx_word' id='word_1_471' title='bbox 1988 2004 2046 2061; x_wconf 88' lang='lat' dir='ltr'><strong>in</strong></span> <span class='ocrx_word' id='word_1_472' title='bbox 2099 2007 2413 2062; x_wconf 82' lang='lat' dir='ltr'><strong>substantia</strong></span> <span class='ocrx_word' id='word_1_473' title='bbox 2468 2008 2524 2061; x_wconf 90' lang='lat' dir='ltr'><strong>in</strong></span> <span class='ocrx_word' id='word_1_474' title='bbox 2593 2009 2776 2062; x_wconf 89' lang='lat' dir='ltr'><strong>anima</strong></span> <span class='ocrx_word' id='word_1_475' title='bbox 2831 2009 2971 2064; x_wconf 79' lang='lat' dir='ltr'><strong>facta</strong></span> <span class='ocrx_word' id='word_1_476' title='bbox 3031 2010 3356 2065; x_wconf 88' lang='lat' dir='ltr'><strong>irradiatio:</strong></span> <span class='ocrx_word' id='word_1_477' title='bbox 3412 2010 3571 2078; x_wconf 81' lang='lat' dir='ltr'><strong>cujus</strong></span> 
     </span>
    </p>
   </div>
   <div class='ocr_carea' id='block_1_64' title="bbox 1981 2096 3568 2166">
    <p class='ocr_par' dir='ltr' id='par_1_64' title="bbox 1981 2096 3568 2166">
     <span class='ocr_line' id='line_1_64' title="bbox 1981 2096 3568 2166; baseline 0.002 -16"><span class='ocrx_word' id='word_1_478' title='bbox 1981 2110 2271 2152; x_wconf 81' lang='lat' dir='ltr'><strong>excessum</strong></span> <span class='ocrx_word' id='word_1_479' title='bbox 2304 2096 2616 2166; x_wconf 86' lang='lat' dir='ltr'><strong>splendoris</strong></span> <span class='ocrx_word' id='word_1_480' title='bbox 2655 2113 2767 2153; x_wconf 91' lang='lat' dir='ltr'><strong>non</strong></span> <span class='ocrx_word' id='word_1_481' title='bbox 2798 2098 3038 2154; x_wconf 85' lang='lat' dir='ltr'><strong>ferentes</strong></span> <span class='ocrx_word' id='word_1_482' title='bbox 3061 2100 3245 2154; x_wconf 87' lang='lat' dir='ltr'><strong>carnis</strong></span> <span class='ocrx_word' id='word_1_483' title='bbox 3272 2099 3436 2164; x_wconf 90' lang='lat' dir='ltr'><strong>oculi,</strong></span> <span class='ocrx_word' id='word_1_484' title='bbox 3469 2115 3568 2154; x_wconf 79' lang='lat' dir='ltr'><strong>ex-</strong></span> 
     </span>
    </p>
   </div>
   <div class='ocr_carea' id='block_1_65' title="bbox 1983 2188 3568 2258">
    <p class='ocr_par' dir='ltr' id='par_1_65' title="bbox 1983 2188 3568 2258">
     <span class='ocr_line' id='line_1_65' title="bbox 1983 2188 3568 2258; baseline 0.001 -14"><span class='ocrx_word' id='word_1_485' title='bbox 1983 2188 2169 2244; x_wconf 68' lang='lat' dir='ltr'><strong>cazcati</strong></span> <span class='ocrx_word' id='word_1_486' title='bbox 2207 2195 2368 2255; x_wconf 90' lang='lat' dir='ltr'><strong>sunt;</strong></span> <span class='ocrx_word' id='word_1_487' title='bbox 2401 2203 2502 2258; x_wconf 91' lang='lat' dir='ltr'><strong>per</strong></span> <span class='ocrx_word' id='word_1_488' title='bbox 2531 2203 2694 2258; x_wconf 90' lang='lat' dir='ltr'><strong>quam</strong></span> <span class='ocrx_word' id='word_1_489' title='bbox 2729 2190 2984 2246; x_wconf 89' lang='lat' dir='ltr'><strong>etomnis</strong></span> <span class='ocrx_word' id='word_1_490' title='bbox 3006 2190 3240 2245; x_wconf 90' lang='lat' dir='ltr'><strong>scientia</strong></span> <span class='ocrx_word' id='word_1_491' title='bbox 3271 2192 3568 2255; x_wconf 88' lang='lat' dir='ltr'><strong>revelatur,</strong></span> 
     </span>
    </p>
   </div>
   <div class='ocr_carea' id='block_1_66' title="bbox 1981 2279 3573 2352">
    <p class='ocr_par' dir='ltr' id='par_1_66' title="bbox 1981 2279 3573 2352">
     <span class='ocr_line' id='line_1_66' title="bbox 1981 2279 3573 2352; baseline 0.002 -18"><span class='ocrx_word' id='word_1_492' title='bbox 1981 2288 2042 2334; x_wconf 88' lang='lat' dir='ltr'><strong>et</strong></span> <span class='ocrx_word' id='word_1_493' title='bbox 2078 2279 2146 2334; x_wconf 82' lang='lat' dir='ltr'><strong>ad</strong></span> <span class='ocrx_word' id='word_1_494' title='bbox 2175 2280 2464 2335; x_wconf 76' lang='lat' dir='ltr'><strong><em>veritatem</em></strong></span> <span class='ocrx_word' id='word_1_495' title='bbox 2488 2281 2636 2334; x_wconf 89' lang='lat' dir='ltr'><strong>Deus</strong></span> <span class='ocrx_word' id='word_1_496' title='bbox 2671 2279 2851 2352; x_wconf 70' lang='lat' dir='ltr'><strong>dignae</strong></span> <span class='ocrx_word' id='word_1_497' title='bbox 2875 2290 2933 2336; x_wconf 91' lang='lat' dir='ltr'><strong>et</strong></span> <span class='ocrx_word' id='word_1_498' title='bbox 2958 2291 3152 2336; x_wconf 66' lang='lat' dir='ltr'><strong>amatae</strong></span> <span class='ocrx_word' id='word_1_499' title='bbox 3181 2282 3382 2336; x_wconf 68' lang='lat' dir='ltr'><strong>anima:</strong></span> <span class='ocrx_word' id='word_1_500' title='bbox 3411 2282 3573 2337; x_wconf 88' lang='lat' dir='ltr'><strong>inno-</strong></span> 
     </span>
    </p>
   </div>
   <div class='ocr_carea' id='block_1_67' title="bbox 1985 2371 2167 2426">
    <p class='ocr_par' dir='ltr' id='par_1_67' title="bbox 1985 2371 2167 2426">
     <span class='ocr_line' id='line_1_67' title="bbox 1985 2371 2167 2426; baseline -0.005 -1"><span class='ocrx_word' id='word_1_501' title='bbox 1985 2371 2167 2426; x_wconf 85' lang='lat' dir='ltr'><strong>tescit.</strong></span> 
     </span>
    </p>
   </div>
   <div class='ocr_carea' id='block_1_68' title="bbox 2054 2459 3568 2532">
    <p class='ocr_par' dir='ltr' id='par_1_68' title="bbox 2054 2459 3568 2532">
     <span class='ocr_line' id='line_1_68' title="bbox 2054 2459 3568 2532; baseline 0.001 -15"><span class='ocrx_word' id='word_1_502' title='bbox 2054 2459 2246 2517; x_wconf 81' lang='lat' dir='ltr'><strong>XXIV.</strong></span> <span class='ocrx_word' id='word_1_503' title='bbox 2285 2459 2479 2516; x_wconf 84' lang='lat' dir='ltr'><strong>Omnis</strong></span> <span class='ocrx_word' id='word_1_504' title='bbox 2504 2461 2709 2527; x_wconf 90' lang='lat' dir='ltr'><strong>anima,</strong></span> <span class='ocrx_word' id='word_1_505' title='bbox 2732 2478 2854 2532; x_wconf 72' lang='lat' dir='ltr'><strong>quae</strong></span> <span class='ocrx_word' id='word_1_506' title='bbox 2877 2478 2981 2532; x_wconf 90' lang='lat' dir='ltr'><strong>per</strong></span> <span class='ocrx_word' id='word_1_507' title='bbox 3023 2463 3271 2519; x_wconf 83' lang='lat' dir='ltr'><strong>studium</strong></span> <span class='ocrx_word' id='word_1_508' title='bbox 3303 2471 3360 2518; x_wconf 91' lang='lat' dir='ltr'><strong>et</strong></span> <span class='ocrx_word' id='word_1_509' title='bbox 3405 2462 3568 2518; x_wconf 84' lang='lat' dir='ltr'><strong>ﬁdem</strong></span> 
     </span>
    </p>
   </div>
   <div class='ocr_carea' id='block_1_69' title="bbox 1984 2550 3569 2625">
    <p class='ocr_par' dir='ltr' id='par_1_69' title="bbox 1984 2550 3569 2625">
     <span class='ocr_line' id='line_1_69' title="bbox 1984 2550 3569 2625; baseline 0.004 -21"><span class='ocrx_word' id='word_1_510' title='bbox 1984 2550 2286 2622; x_wconf 79' lang='lat' dir='ltr'><strong><em>perfectam</em></strong></span> <span class='ocrx_word' id='word_1_511' title='bbox 2343 2550 2400 2604; x_wconf 89' lang='lat' dir='ltr'><strong>in</strong></span> <span class='ocrx_word' id='word_1_512' title='bbox 2440 2550 2646 2606; x_wconf 89' lang='lat' dir='ltr'><strong>virtute</strong></span> <span class='ocrx_word' id='word_1_513' title='bbox 2677 2560 2734 2606; x_wconf 90' lang='lat' dir='ltr'><strong>et</strong></span> <span class='ocrx_word' id='word_1_514' title='bbox 2786 2553 2950 2622; x_wconf 84' lang='lat' dir='ltr'><strong>plena</strong></span> <span class='ocrx_word' id='word_1_515' title='bbox 2995 2554 3328 2609; x_wconf 87' lang='lat' dir='ltr'><strong>certitudine</strong></span> <span class='ocrx_word' id='word_1_516' title='bbox 3355 2557 3569 2625; x_wconf 67' lang='lat' dir='ltr'><strong>gratiae,</strong></span> 
     </span>
    </p>
   </div>
   <div class='ocr_carea' id='block_1_70' title="bbox 1991 2643 3574 2718">
    <p class='ocr_par' dir='ltr' id='par_1_70' title="bbox 1991 2643 3574 2718">
     <span class='ocr_line' id='line_1_70' title="bbox 1991 2643 3574 2718; baseline 0.003 -20"><span class='ocrx_word' id='word_1_517' title='bbox 1991 2643 2157 2714; x_wconf 86' lang='lat' dir='ltr'><strong>digna</strong></span> <span class='ocrx_word' id='word_1_518' title='bbox 2187 2643 2330 2698; x_wconf 78' lang='lat' dir='ltr'><strong>facta</strong></span> <span class='ocrx_word' id='word_1_519' title='bbox 2383 2652 2468 2698; x_wconf 89' lang='lat' dir='ltr'><strong>est</strong></span> <span class='ocrx_word' id='word_1_520' title='bbox 2497 2659 2619 2713; x_wconf 72' lang='lat' dir='ltr'><strong>qua:</strong></span> <span class='ocrx_word' id='word_1_521' title='bbox 2643 2643 2930 2699; x_wconf 79' lang='lat' dir='ltr'><strong>Christum</strong></span> <span class='ocrx_word' id='word_1_522' title='bbox 2987 2643 3246 2703; x_wconf 87' lang='lat' dir='ltr'><strong><em>indueret</em></strong></span> <span class='ocrx_word' id='word_1_523' title='bbox 3269 2649 3384 2718; x_wconf 82' lang='lat' dir='ltr'><strong>jam</strong></span> <span class='ocrx_word' id='word_1_524' title='bbox 3421 2648 3574 2716; x_wconf 91' lang='lat' dir='ltr'><strong>hinc,</strong></span> 
     </span>
    </p>
   </div>
   <div class='ocr_carea' id='block_1_71' title="bbox 1985 2732 3573 2807">
    <p class='ocr_par' dir='ltr' id='par_1_71' title="bbox 1985 2732 3573 2807">
     <span class='ocr_line' id='line_1_71' title="bbox 1985 2732 3573 2807; baseline 0.003 -17"><span class='ocrx_word' id='word_1_525' title='bbox 1985 2741 2045 2790; x_wconf 88' lang='lat' dir='ltr'><strong><em>et</em></strong></span> <span class='ocrx_word' id='word_1_526' title='bbox 2071 2733 2451 2804; x_wconf 75' lang='lat' dir='ltr'><strong>superemlesti</strong></span> <span class='ocrx_word' id='word_1_527' title='bbox 2482 2732 2924 2805; x_wconf 87' lang='lat' dir='ltr'><strong>incorruptibilis</strong></span> <span class='ocrx_word' id='word_1_528' title='bbox 2967 2734 3224 2807; x_wconf 76' lang='lat' dir='ltr'><strong>imaginis</strong></span> <span class='ocrx_word' id='word_1_529' title='bbox 3247 2737 3356 2792; x_wconf 93' lang='lat' dir='ltr'><strong>luci</strong></span> <span class='ocrx_word' id='word_1_530' title='bbox 3382 2739 3573 2795; x_wconf 89' lang='lat' dir='ltr'><strong>unire-</strong></span> 
     </span>
    </p>
   </div>
   <div class='ocr_carea' id='block_1_72' title="bbox 1989 2821 3574 2897">
    <p class='ocr_par' dir='ltr' id='par_1_72' title="bbox 1989 2821 3574 2897">
     <span class='ocr_line' id='line_1_72' title="bbox 1989 2821 3574 2897; baseline 0.004 -23"><span class='ocrx_word' id='word_1_531' title='bbox 1989 2828 2112 2887; x_wconf 87' lang='lat' dir='ltr'><strong>tur;</strong></span> <span class='ocrx_word' id='word_1_532' title='bbox 2146 2835 2211 2876; x_wconf 88' lang='lat' dir='ltr'><strong>ea</strong></span> <span class='ocrx_word' id='word_1_533' title='bbox 2257 2835 2407 2876; x_wconf 89' lang='lat' dir='ltr'><strong>nunc</strong></span> <span class='ocrx_word' id='word_1_534' title='bbox 2432 2821 2656 2891; x_wconf 88' lang='lat' dir='ltr'><strong><em>quidem</em></strong></span> <span class='ocrx_word' id='word_1_535' title='bbox 2693 2824 3009 2894; x_wconf 82' lang='lat' dir='ltr'><strong>cognitione</strong></span> <span class='ocrx_word' id='word_1_536' title='bbox 3033 2825 3342 2880; x_wconf 71' lang='lat' dir='ltr'><strong>cmlestium</strong></span> <span class='ocrx_word' id='word_1_537' title='bbox 3367 2837 3574 2897; x_wconf 86' lang='lat' dir='ltr'><strong>myste-</strong></span> 
     </span>
    </p>
   </div>
   <div class='ocr_carea' id='block_1_73' title="bbox 1989 2907 3572 2982">
    <p class='ocr_par' dir='ltr' id='par_1_73' title="bbox 1989 2907 3572 2982">
     <span class='ocr_line' id='line_1_73' title="bbox 1989 2907 3572 2982; baseline 0.003 -19"><span class='ocrx_word' id='word_1_538' title='bbox 1989 2908 2202 2963; x_wconf 90' lang='lat' dir='ltr'><strong>riorum</strong></span> <span class='ocrx_word' id='word_1_539' title='bbox 2236 2909 2291 2962; x_wconf 91' lang='lat' dir='ltr'><strong>in</strong></span> <span class='ocrx_word' id='word_1_540' title='bbox 2313 2907 2644 2970; x_wconf 88' lang='lat' dir='ltr'><strong>substantia.</strong></span> <span class='ocrx_word' id='word_1_541' title='bbox 2703 2918 2763 2964; x_wconf 90' lang='lat' dir='ltr'><strong>et</strong></span> <span class='ocrx_word' id='word_1_542' title='bbox 2811 2919 2978 2978; x_wconf 90' lang='lat' dir='ltr'><strong>prout</strong></span> <span class='ocrx_word' id='word_1_543' title='bbox 3025 2920 3174 2973; x_wconf 88' lang='lat' dir='ltr'><strong>sunt,</strong></span> <span class='ocrx_word' id='word_1_544' title='bbox 3219 2912 3572 2982; x_wconf 86' lang='lat' dir='ltr'><strong>impertitur;</strong></span> 
     </span>
    </p>
   </div>
   <div class='ocr_carea' id='block_1_74' title="bbox 1992 2998 3574 3069">
    <p class='ocr_par' dir='ltr' id='par_1_74' title="bbox 1992 2998 3574 3069">
     <span class='ocr_line' id='line_1_74' title="bbox 1992 2998 3574 3069; baseline 0.005 -18"><span class='ocrx_word' id='word_1_545' title='bbox 1992 2998 2052 3052; x_wconf 90' lang='lat' dir='ltr'><strong>in</strong></span> <span class='ocrx_word' id='word_1_546' title='bbox 2104 3014 2300 3069; x_wconf 87' lang='lat' dir='ltr'><strong>magna</strong></span> <span class='ocrx_word' id='word_1_547' title='bbox 2338 3013 2471 3054; x_wconf 84' lang='lat' dir='ltr'><strong>vero</strong></span> <span class='ocrx_word' id='word_1_548' title='bbox 2531 3000 2958 3056; x_wconf 86' lang='lat' dir='ltr'><strong>resurrectionis</strong></span> <span class='ocrx_word' id='word_1_549' title='bbox 2991 3000 3103 3066; x_wconf 85' lang='lat' dir='ltr'><strong>die,</strong></span> <span class='ocrx_word' id='word_1_550' title='bbox 3127 3003 3321 3058; x_wconf 89' lang='lat' dir='ltr'><strong>eadem</strong></span> <span class='ocrx_word' id='word_1_551' title='bbox 3353 3004 3443 3058; x_wconf 88' lang='lat' dir='ltr'><strong>illa</strong></span> <span class='ocrx_word' id='word_1_552' title='bbox 3477 3020 3574 3059; x_wconf 82' lang='lat' dir='ltr'><strong>su-</strong></span> 
     </span>
    </p>
   </div>
   <div class='ocr_carea' id='block_1_75' title="bbox 1916 3089 3577 3178">
    <p class='ocr_par' dir='ltr' id='par_1_75' title="bbox 1916 3089 3577 3178">
     <span class='ocr_line' id='line_1_75' title="bbox 1916 3089 3577 3178; baseline 0.003 -34"><span class='ocrx_word' id='word_1_553' title='bbox 1916 3116 1960 3178; x_wconf 73' lang='lat' dir='ltr'><strong>c</strong></span> <span class='ocrx_word' id='word_1_554' title='bbox 1992 3090 2333 3159; x_wconf 72' lang='lat' dir='ltr'><strong>peremlestis</strong></span> <span class='ocrx_word' id='word_1_555' title='bbox 2359 3089 2629 3145; x_wconf 82' lang='lat' dir='ltr'><strong>claritatis</strong></span> <span class='ocrx_word' id='word_1_556' title='bbox 2658 3091 2896 3161; x_wconf 79' lang='lat' dir='ltr'><strong>imagine</strong></span> <span class='ocrx_word' id='word_1_557' title='bbox 2923 3107 3127 3162; x_wconf 89' lang='lat' dir='ltr'><strong>corpus</strong></span> <span class='ocrx_word' id='word_1_558' title='bbox 3151 3108 3372 3162; x_wconf 89' lang='lat' dir='ltr'><strong>quoque</strong></span> <span class='ocrx_word' id='word_1_559' title='bbox 3399 3095 3577 3164; x_wconf 90' lang='lat' dir='ltr'><strong>ipsius</strong></span> 
     </span>
    </p>
   </div>
   <div class='ocr_carea' id='block_1_76' title="bbox 1999 3178 3575 3252">
    <p class='ocr_par' dir='ltr' id='par_1_76' title="bbox 1999 3178 3575 3252">
     <span class='ocr_line' id='line_1_76' title="bbox 1999 3178 3575 3252; baseline 0.004 -19"><span class='ocrx_word' id='word_1_560' title='bbox 1999 3179 2387 3250; x_wconf 83' lang='lat' dir='ltr'><strong>gloriﬁcatum,</strong></span> <span class='ocrx_word' id='word_1_561' title='bbox 2417 3188 2473 3234; x_wconf 91' lang='lat' dir='ltr'><strong>et</strong></span> <span class='ocrx_word' id='word_1_562' title='bbox 2505 3194 2537 3235; x_wconf 88' lang='lat' dir='ltr'><strong>a</strong></span> <span class='ocrx_word' id='word_1_563' title='bbox 2577 3178 2805 3250; x_wconf 87' lang='lat' dir='ltr'><strong>Spiritu,</strong></span> <span class='ocrx_word' id='word_1_564' title='bbox 2842 3181 2983 3237; x_wconf 87' lang='lat' dir='ltr'><strong>sicut</strong></span> <span class='ocrx_word' id='word_1_565' title='bbox 3011 3183 3278 3252; x_wconf 90' lang='lat' dir='ltr'><strong>scriptum</strong></span> <span class='ocrx_word' id='word_1_566' title='bbox 3307 3193 3390 3238; x_wconf 89' lang='lat' dir='ltr'><strong>est</strong></span> <span class='ocrx_word' id='word_1_567' title='bbox 3425 3185 3490 3251; x_wconf 87' lang='lat'><strong>&#39;&quot;,</strong></span> <span class='ocrx_word' id='word_1_568' title='bbox 3517 3186 3575 3239; x_wconf 89' lang='lat' dir='ltr'><strong>in</strong></span> 
     </span>
    </p>
   </div>
   <div class='ocr_carea' id='block_1_77' title="bbox 2001 3273 3576 3345">
    <p class='ocr_par' dir='ltr' id='par_1_77' title="bbox 2001 3273 3576 3345">
     <span class='ocr_line' id='line_1_77' title="bbox 2001 3273 3576 3345; baseline 0.004 -17"><span class='ocrx_word' id='word_1_569' title='bbox 2001 3273 2179 3328; x_wconf 74' lang='lat' dir='ltr'><strong>cat-los</strong></span> <span class='ocrx_word' id='word_1_570' title='bbox 2212 3281 2467 3342; x_wconf 85' lang='lat' dir='ltr'><strong>raptum:</strong></span> <span class='ocrx_word' id='word_1_571' title='bbox 2495 3280 2552 3328; x_wconf 91' lang='lat' dir='ltr'><strong><em>et</em></strong></span> <span class='ocrx_word' id='word_1_572' title='bbox 2605 3281 2756 3328; x_wconf 88' lang='lat' dir='ltr'><strong>tanta</strong></span> <span class='ocrx_word' id='word_1_573' title='bbox 2785 3275 3101 3345; x_wconf 79' lang='lat' dir='ltr'><strong>dignatione</strong></span> <span class='ocrx_word' id='word_1_574' title='bbox 3126 3276 3478 3341; x_wconf 87' lang='lat' dir='ltr'><strong>honoratum,</strong></span> <span class='ocrx_word' id='word_1_575' title='bbox 3514 3287 3576 3333; x_wconf 94' lang='lat' dir='ltr'><strong>ut</strong></span> 
     </span>
    </p>
   </div>
   <div class='ocr_carea' id='block_1_78' title="bbox 2001 3362 3574 3438">
    <p class='ocr_par' dir='ltr' id='par_1_78' title="bbox 2001 3362 3574 3438">
     <span class='ocr_line' id='line_1_78' title="bbox 2001 3362 3574 3438; baseline 0.004 -20"><span class='ocrx_word' id='word_1_576' title='bbox 2001 3362 2380 3433; x_wconf 84' lang='lat' dir='ltr'><strong>conﬁguretur</strong></span> <span class='ocrx_word' id='word_1_577' title='bbox 2401 3363 2621 3434; x_wconf 88' lang='lat' dir='ltr'><strong>corpori</strong></span> <span class='ocrx_word' id='word_1_578' title='bbox 2657 3365 2928 3420; x_wconf 87' lang='lat' dir='ltr'><strong>claritatis</strong></span> <span class='ocrx_word' id='word_1_579' title='bbox 2957 3368 3100 3436; x_wconf 86' lang='lat' dir='ltr'><strong><em>ejus,</em></strong></span> <span class='ocrx_word' id='word_1_580' title='bbox 3133 3384 3361 3438; x_wconf 87' lang='lat' dir='ltr'><strong>regnum</strong></span> <span class='ocrx_word' id='word_1_581' title='bbox 3412 3382 3574 3424; x_wconf 70' lang='lat' dir='ltr'><strong>teter-</strong></span> 
     </span>
    </p>
   </div>
   <div class='ocr_carea' id='block_1_79' title="bbox 1998 3452 3576 3524">
    <p class='ocr_par' dir='ltr' id='par_1_79' title="bbox 1998 3452 3576 3524">
     <span class='ocr_line' id='line_1_79' title="bbox 1998 3452 3576 3524; baseline 0.006 -18"><span class='ocrx_word' id='word_1_582' title='bbox 1998 3468 2131 3506; x_wconf 90' lang='lat' dir='ltr'><strong>num</strong></span> <span class='ocrx_word' id='word_1_583' title='bbox 2161 3452 2545 3508; x_wconf 79' lang='lat' dir='ltr'><strong>vicissitudine</strong></span> <span class='ocrx_word' id='word_1_584' title='bbox 2601 3456 3018 3511; x_wconf 88' lang='lat' dir='ltr'><strong>successionum</strong></span> <span class='ocrx_word' id='word_1_585' title='bbox 3085 3473 3302 3524; x_wconf 88' lang='lat' dir='ltr'><strong>carens,</strong></span> <span class='ocrx_word' id='word_1_586' title='bbox 3353 3458 3576 3515; x_wconf 84' lang='lat' dir='ltr'><strong>Christo</strong></span> 
     </span>
    </p>
   </div>
   <div class='ocr_carea' id='block_1_80' title="bbox 1999 3539 3018 3613">
    <p class='ocr_par' dir='ltr' id='par_1_80' title="bbox 1999 3539 3018 3613">
     <span class='ocr_line' id='line_1_80' title="bbox 1999 3539 3018 3613; baseline 0.004 -18"><span class='ocrx_word' id='word_1_587' title='bbox 1999 3539 2103 3612; x_wconf 89' lang='lat' dir='ltr'><strong>ipsi</strong></span> <span class='ocrx_word' id='word_1_588' title='bbox 2133 3543 2340 3613; x_wconf 85' lang='lat' dir='ltr'><strong>collega</strong></span> <span class='ocrx_word' id='word_1_589' title='bbox 2367 3551 2424 3597; x_wconf 89' lang='lat' dir='ltr'><strong><em>et</em></strong></span> <span class='ocrx_word' id='word_1_590' title='bbox 2444 3557 2672 3598; x_wconf 87' lang='lat' dir='ltr'><strong>consors</strong></span> <span class='ocrx_word' id='word_1_591' title='bbox 2699 3544 2926 3600; x_wconf 83' lang='lat' dir='ltr'><strong>habebit</strong></span> <span class='ocrx_word' id='word_1_592' title='bbox 2952 3547 3018 3599; x_wconf 83' lang='lat'><strong>&quot;.</strong></span> 
     </span>
    </p>
   </div>
   <div class='ocr_carea' id='block_1_81' title="bbox 2074 3631 3574 3705">
    <p class='ocr_par' dir='ltr' id='par_1_81' title="bbox 2074 3631 3574 3705">
     <span class='ocr_line' id='line_1_81' title="bbox 2074 3631 3574 3705; baseline 0.005 -19"><span class='ocrx_word' id='word_1_593' title='bbox 2074 3631 2238 3688; x_wconf 84' lang='lat' dir='ltr'><strong>XXV.</strong></span> <span class='ocrx_word' id='word_1_594' title='bbox 2273 3632 2550 3700; x_wconf 84' lang='lat' dir='ltr'><strong>Quantum</strong></span> <span class='ocrx_word' id='word_1_595' title='bbox 2585 3634 2712 3703; x_wconf 89' lang='lat' dir='ltr'><strong>quis</strong></span> <span class='ocrx_word' id='word_1_596' title='bbox 2775 3637 2998 3705; x_wconf 90' lang='lat' dir='ltr'><strong>proprio</strong></span> <span class='ocrx_word' id='word_1_597' title='bbox 3047 3637 3233 3692; x_wconf 90' lang='lat' dir='ltr'><strong>studio</strong></span> <span class='ocrx_word' id='word_1_598' title='bbox 3280 3646 3336 3692; x_wconf 90' lang='lat' dir='ltr'><strong><em>et</em></strong></span> <span class='ocrx_word' id='word_1_599' title='bbox 3365 3639 3470 3693; x_wconf 83' lang='lat' dir='ltr'><strong>ﬁde</strong></span> <span class='ocrx_word' id='word_1_600' title='bbox 3507 3639 3574 3694; x_wconf 90' lang='lat' dir='ltr'><strong>de</strong></span> 
     </span>
    </p>
   </div>
   <div class='ocr_carea' id='block_1_82' title="bbox 2003 3724 3572 3798">
    <p class='ocr_par' dir='ltr' id='par_1_82' title="bbox 2003 3724 3572 3798">
     <span class='ocr_line' id='line_1_82' title="bbox 2003 3724 3572 3798; baseline 0.001 -18"><span class='ocrx_word' id='word_1_601' title='bbox 2003 3724 2219 3780; x_wconf 66' lang='lat' dir='ltr'><strong>caelesti</strong></span> <span class='ocrx_word' id='word_1_602' title='bbox 2290 3724 2540 3780; x_wconf 86' lang='lat' dir='ltr'><strong>claritate</strong></span> <span class='ocrx_word' id='word_1_603' title='bbox 2601 3725 2842 3795; x_wconf 89' lang='lat' dir='ltr'><strong>Spiritus</strong></span> <span class='ocrx_word' id='word_1_604' title='bbox 2908 3729 3084 3782; x_wconf 88' lang='lat' dir='ltr'><strong>sancti</strong></span> <span class='ocrx_word' id='word_1_605' title='bbox 3140 3730 3572 3798; x_wconf 79' lang='lat' dir='ltr'><strong>participaverit,</strong></span> 
     </span>
    </p>
   </div>
   <div class='ocr_carea' id='block_1_83' title="bbox 1997 3813 3576 3888">
    <p class='ocr_par' dir='ltr' id='par_1_83' title="bbox 1997 3813 3576 3888">
     <span class='ocr_line' id='line_1_83' title="bbox 1997 3813 3576 3888; baseline 0.003 -20"><span class='ocrx_word' id='word_1_606' title='bbox 1997 3813 2347 3884; x_wconf 87' lang='lat' dir='ltr'><strong>animamque</strong></span> <span class='ocrx_word' id='word_1_607' title='bbox 2373 3814 2537 3870; x_wconf 89' lang='lat' dir='ltr'><strong>bonis</strong></span> <span class='ocrx_word' id='word_1_608' title='bbox 2563 3817 2828 3885; x_wconf 90' lang='lat' dir='ltr'><strong>operibus</strong></span> <span class='ocrx_word' id='word_1_609' title='bbox 2849 3818 3159 3881; x_wconf 85' lang='lat' dir='ltr'><strong>ornaverit;</strong></span> <span class='ocrx_word' id='word_1_610' title='bbox 3186 3827 3336 3873; x_wconf 88' lang='lat' dir='ltr'><strong>tanto</strong></span> <span class='ocrx_word' id='word_1_611' title='bbox 3354 3819 3576 3888; x_wconf 87' lang='lat' dir='ltr'><strong>dignius</strong></span> 
     </span>
    </p>
   </div>
   <div class='ocr_carea' id='block_1_84' title="bbox 2002 3905 3572 3980">
    <p class='ocr_par' dir='ltr' id='par_1_84' title="bbox 2002 3905 3572 3980">
     <span class='ocr_line' id='line_1_84' title="bbox 2002 3905 3572 3980; baseline 0.001 -18"><span class='ocrx_word' id='word_1_612' title='bbox 2002 3905 2207 3962; x_wconf 81' lang='lat' dir='ltr'><strong>elliciet</strong></span> <span class='ocrx_word' id='word_1_613' title='bbox 2258 3921 2462 3977; x_wconf 88' lang='lat' dir='ltr'><strong>corpus</strong></span> <span class='ocrx_word' id='word_1_614' title='bbox 2513 3921 2674 3962; x_wconf 88' lang='lat' dir='ltr'><strong>suum</strong></span> <span class='ocrx_word' id='word_1_615' title='bbox 2723 3908 3158 3978; x_wconf 81' lang='lat' dir='ltr'><strong>gloriﬁcatione,</strong></span> <span class='ocrx_word' id='word_1_616' title='bbox 3226 3927 3348 3980; x_wconf 74' lang='lat' dir='ltr'><strong>quae</strong></span> <span class='ocrx_word' id='word_1_617' title='bbox 3388 3911 3464 3964; x_wconf 84' lang='lat' dir='ltr'><strong>illi</strong></span> <span class='ocrx_word' id='word_1_618' title='bbox 3517 3909 3572 3963; x_wconf 90' lang='lat' dir='ltr'><strong>in</strong></span> 
     </span>
    </p>
   </div>
   <div class='ocr_carea' id='block_1_85' title="bbox 2000 3999 3572 4069">
    <p class='ocr_par' dir='ltr' id='par_1_85' title="bbox 2000 3999 3572 4069">
     <span class='ocr_line' id='line_1_85' title="bbox 2000 3999 3572 4069; baseline 0 -14"><span class='ocrx_word' id='word_1_619' title='bbox 2000 3999 2150 4055; x_wconf 88' lang='lat' dir='ltr'><strong>illam</strong></span> <span class='ocrx_word' id='word_1_620' title='bbox 2188 4001 2617 4056; x_wconf 84' lang='lat' dir='ltr'><strong>resurrectionis</strong></span> <span class='ocrx_word' id='word_1_621' title='bbox 2665 4001 2810 4056; x_wconf 91' lang='lat' dir='ltr'><strong>diem</strong></span> <span class='ocrx_word' id='word_1_622' title='bbox 2845 4011 3188 4057; x_wconf 80' lang='lat' dir='ltr'><strong>reservatur.</strong></span> <span class='ocrx_word' id='word_1_623' title='bbox 3229 4003 3385 4069; x_wconf 83' lang='lat' dir='ltr'><strong>Quod</strong></span> <span class='ocrx_word' id='word_1_624' title='bbox 3426 4004 3572 4056; x_wconf 89' lang='lat' dir='ltr'><strong>enim</strong></span> 
     </span>
    </p>
   </div>
   <div class='ocr_carea' id='block_1_86' title="bbox 1997 4092 3574 4165">
    <p class='ocr_par' dir='ltr' id='par_1_86' title="bbox 1997 4092 3574 4165">
     <span class='ocr_line' id='line_1_86' title="bbox 1997 4092 3574 4165; baseline -0.002 -18"><span class='ocrx_word' id='word_1_625' title='bbox 1997 4093 2236 4162; x_wconf 90' lang='lat' dir='ltr'><strong>quisque</strong></span> <span class='ocrx_word' id='word_1_626' title='bbox 2299 4092 2450 4148; x_wconf 89' lang='lat' dir='ltr'><strong>intus</strong></span> <span class='ocrx_word' id='word_1_627' title='bbox 2493 4108 2645 4147; x_wconf 88' lang='lat' dir='ltr'><strong>nunc</strong></span> <span class='ocrx_word' id='word_1_628' title='bbox 2681 4093 2950 4158; x_wconf 85' lang='lat' dir='ltr'><strong>condidit,</strong></span> <span class='ocrx_word' id='word_1_629' title='bbox 2979 4102 3112 4149; x_wconf 86' lang='lat' dir='ltr'><strong>tunc</strong></span> <span class='ocrx_word' id='word_1_630' title='bbox 3153 4096 3396 4165; x_wconf 89' lang='lat' dir='ltr'><strong>prodibit</strong></span> <span class='ocrx_word' id='word_1_631' title='bbox 3423 4104 3574 4149; x_wconf 72' lang='lat' dir='ltr'><strong>exte—</strong></span> 
     </span>
    </p>
   </div>
   <div class='ocr_carea' id='block_1_87' title="bbox 1999 4182 3573 4254">
    <p class='ocr_par' dir='ltr' id='par_1_87' title="bbox 1999 4182 3573 4254">
     <span class='ocr_line' id='line_1_87' title="bbox 1999 4182 3573 4254; baseline 0.002 -18"><span class='ocrx_word' id='word_1_632' title='bbox 1999 4182 2151 4249; x_wconf 89' lang='lat' dir='ltr'><strong>rius;</strong></span> <span class='ocrx_word' id='word_1_633' title='bbox 2177 4184 2638 4252; x_wconf 85' lang='lat' dir='ltr'><strong>quemadmodum</strong></span> <span class='ocrx_word' id='word_1_634' title='bbox 2681 4199 2804 4253; x_wconf 75' lang='lat' dir='ltr'><strong>qua:</strong></span> <span class='ocrx_word' id='word_1_635' title='bbox 2840 4200 2939 4254; x_wconf 87' lang='lat' dir='ltr'><strong>per</strong></span> <span class='ocrx_word' id='word_1_636' title='bbox 2972 4184 3208 4251; x_wconf 84' lang='lat' dir='ltr'><strong>hiemem</strong></span> <span class='ocrx_word' id='word_1_637' title='bbox 3249 4185 3303 4238; x_wconf 89' lang='lat' dir='ltr'><strong>in</strong></span> <span class='ocrx_word' id='word_1_638' title='bbox 3335 4185 3454 4239; x_wconf 89' lang='lat' dir='ltr'><strong>sinu</strong></span> <span class='ocrx_word' id='word_1_639' title='bbox 3483 4203 3573 4239; x_wconf 88' lang='lat' dir='ltr'><strong>ar-</strong></span> 
     </span>
    </p>
   </div>
   <div class='ocr_carea' id='block_1_88' title="bbox 1998 4271 3572 4346">
    <p class='ocr_par' dir='ltr' id='par_1_88' title="bbox 1998 4271 3572 4346">
     <span class='ocr_line' id='line_1_88' title="bbox 1998 4271 3572 4346; baseline 0.001 -19"><span class='ocrx_word' id='word_1_640' title='bbox 1998 4271 2200 4328; x_wconf 90' lang='lat' dir='ltr'><strong>borum</strong></span> <span class='ocrx_word' id='word_1_641' title='bbox 2227 4274 2361 4329; x_wconf 89' lang='lat' dir='ltr'><strong>latet</strong></span> <span class='ocrx_word' id='word_1_642' title='bbox 2404 4277 2489 4331; x_wconf 87' lang='lat' dir='ltr'><strong>vis</strong></span> <span class='ocrx_word' id='word_1_643' title='bbox 2519 4276 2842 4346; x_wconf 87' lang='lat' dir='ltr'><strong>generativa</strong></span> <span class='ocrx_word' id='word_1_644' title='bbox 2881 4275 3182 4339; x_wconf 80' lang='lat' dir='ltr'><strong>fructuum,</strong></span> <span class='ocrx_word' id='word_1_645' title='bbox 3223 4291 3390 4330; x_wconf 75' lang='lat' dir='ltr'><strong>verna</strong></span> <span class='ocrx_word' id='word_1_646' title='bbox 3433 4285 3572 4329; x_wconf 90' lang='lat' dir='ltr'><strong>tem-</strong></span> 
     </span>
    </p>
   </div>
   <div class='ocr_carea' id='block_1_89' title="bbox 1999 4364 3575 4435">
    <p class='ocr_par' dir='ltr' id='par_1_89' title="bbox 1999 4364 3575 4435">
     <span class='ocr_line' id='line_1_89' title="bbox 1999 4364 3575 4435; baseline -0.001 -15"><span class='ocrx_word' id='word_1_647' title='bbox 1999 4365 2153 4435; x_wconf 82' lang='lat' dir='ltr'><strong>perie</strong></span> <span class='ocrx_word' id='word_1_648' title='bbox 2181 4379 2241 4420; x_wconf 82' lang='lat' dir='ltr'><strong>se</strong></span> <span class='ocrx_word' id='word_1_649' title='bbox 2279 4364 2428 4420; x_wconf 81' lang='lat' dir='ltr'><strong>foras</strong></span> <span class='ocrx_word' id='word_1_650' title='bbox 2477 4365 2713 4432; x_wconf 82' lang='lat' dir='ltr'><strong>exserit;</strong></span> <span class='ocrx_word' id='word_1_651' title='bbox 2772 4374 2833 4420; x_wconf 89' lang='lat' dir='ltr'><strong><em>ut</em></strong></span> <span class='ocrx_word' id='word_1_652' title='bbox 2861 4373 2917 4420; x_wconf 87' lang='lat' dir='ltr'><strong>et</strong></span> <span class='ocrx_word' id='word_1_653' title='bbox 2943 4366 3378 4420; x_wconf 85' lang='lat' dir='ltr'><strong>demonstratum</strong></span> <span class='ocrx_word' id='word_1_654' title='bbox 3413 4381 3575 4434; x_wconf 78' lang='lat' dir='ltr'><strong>supe-</strong></span> 
     </span>
    </p>
   </div>
   <div class='ocr_carea' id='block_1_90' title="bbox 320 4451 1904 4528">
    <p class='ocr_par' dir='ltr' id='par_1_90' title="bbox 320 4451 1898 4524">
     <span class='ocr_line' id='line_1_90' title="bbox 320 4451 1898 4524; baseline 0.002 -21"><span class='ocrx_word' id='word_1_655' title='bbox 320 4453 417 4505; x_wconf 78' lang='grc' dir='ltr'>νῦν</span> <span class='ocrx_word' id='word_1_656' title='bbox 446 4453 591 4505; x_wconf 79' lang='grc' dir='ltr'>ἔνδον</span> <span class='ocrx_word' id='word_1_657' title='bbox 625 4451 814 4523; x_wconf 81' lang='grc' dir='ltr'>ὥσπερ</span> <span class='ocrx_word' id='word_1_658' title='bbox 844 4453 1237 4518; x_wconf 78' lang='grc' dir='ltr'>ὲντυπωθεῖσα,</span> <span class='ocrx_word' id='word_1_659' title='bbox 1271 4454 1366 4508; x_wconf 76' lang='grc' dir='ltr'><strong>καὶ</strong></span> <span class='ocrx_word' id='word_1_660' title='bbox 1395 4453 1455 4506; x_wconf 86' lang='grc' dir='ltr'>τὸ</span> <span class='ocrx_word' id='word_1_661' title='bbox 1479 4453 1639 4524; x_wconf 83' lang='grc' dir='ltr'>σῶμα</span> <span class='ocrx_word' id='word_1_662' title='bbox 1669 4454 1898 4517; x_wconf 80' lang='grc' dir='ltr'>θεοειδὲς</span> 
     </span>
    </p>
   </div>
   <div class='ocr_carea' id='block_1_91' title="bbox 1992 4451 3572 4528">
    <p class='ocr_par' dir='ltr' id='par_1_91' title="bbox 2002 4455 3572 4524">
     <span class='ocr_line' id='line_1_91' title="bbox 2002 4455 3572 4524; baseline 0.001 -16"><span class='ocrx_word' id='word_1_663' title='bbox 2002 4455 2120 4510; x_wconf 88' lang='lat' dir='ltr'><strong>rius</strong></span> <span class='ocrx_word' id='word_1_664' title='bbox 2142 4463 2246 4510; x_wconf 89' lang='lat' dir='ltr'><strong>est.</strong></span> <span class='ocrx_word' id='word_1_665' title='bbox 2298 4455 2570 4524; x_wconf 86' lang='lat' dir='ltr'><strong>Impressa</strong></span> <span class='ocrx_word' id='word_1_666' title='bbox 2604 4470 2737 4524; x_wconf 83' lang='lat' dir='ltr'><strong>ergo</strong></span> <span class='ocrx_word' id='word_1_667' title='bbox 2783 4455 3070 4509; x_wconf 85' lang='lat' dir='ltr'><strong>mentibus</strong></span> <span class='ocrx_word' id='word_1_668' title='bbox 3108 4466 3421 4510; x_wconf 82' lang='lat' dir='ltr'><strong>sanctorum</strong></span> <span class='ocrx_word' id='word_1_669' title='bbox 3451 4456 3572 4510; x_wconf 70' lang='lat' dir='ltr'><strong>dci-</strong></span> 
     </span>
    </p>
   </div>
   <div class='ocr_carea' id='block_1_92' title="bbox 321 4541 1897 4612">
    <p class='ocr_par' dir='ltr' id='par_1_92' title="bbox 321 4541 1897 4612">
     <span class='ocr_line' id='line_1_92' title="bbox 321 4541 1897 4612; baseline 0.003 -20"><span class='ocrx_word' id='word_1_670' title='bbox 321 4542 428 4604; x_wconf 78' lang='grc' dir='ltr'><strong>ἒξω</strong></span> <span class='ocrx_word' id='word_1_671' title='bbox 480 4545 574 4594; x_wconf 76' lang='grc' dir='ltr'><strong>καὶ</strong></span> <span class='ocrx_word' id='word_1_672' title='bbox 629 4541 877 4610; x_wconf 71' lang='grc' dir='ltr'>οὐράνιον</span> <span class='ocrx_word' id='word_1_673' title='bbox 917 4543 1327 4611; x_wconf 85' lang='grc' dir='ltr'>ἀπεργάσεται·</span> <span class='ocrx_word' id='word_1_674' title='bbox 1378 4543 1486 4596; x_wconf 83' lang='grc' dir='ltr'><strong>τῶν</strong></span> <span class='ocrx_word' id='word_1_675' title='bbox 1539 4542 1781 4612; x_wconf 78' lang='grc' dir='ltr'>βεϐήλων</span> <span class='ocrx_word' id='word_1_676' title='bbox 1840 4543 1897 4597; x_wconf 84' lang='grc' dir='ltr'>δὲ</span> 
     </span>
    </p>
   </div>
   <div class='ocr_carea' id='block_1_93' title="bbox 321 4630 1898 4701">
    <p class='ocr_par' dir='ltr' id='par_1_93' title="bbox 321 4630 1898 4701">
     <span class='ocr_line' id='line_1_93' title="bbox 321 4630 1898 4701; baseline 0 -17"><span class='ocrx_word' id='word_1_677' title='bbox 321 4632 417 4684; x_wconf 83' lang='grc' dir='ltr'>καὶ</span> <span class='ocrx_word' id='word_1_678' title='bbox 457 4630 796 4700; x_wconf 82' lang='grc' dir='ltr'>ἁμαρτωλῶν</span> <span class='ocrx_word' id='word_1_679' title='bbox 841 4631 902 4683; x_wconf 84' lang='grc' dir='ltr'>τὸ</span> <span class='ocrx_word' id='word_1_680' title='bbox 956 4631 1048 4684; x_wconf 80' lang='grc' dir='ltr'>τοῦ</span> <span class='ocrx_word' id='word_1_681' title='bbox 1106 4631 1372 4701; x_wconf 84' lang='grc' dir='ltr'>κοσμικοῦ</span> <span class='ocrx_word' id='word_1_682' title='bbox 1431 4631 1747 4701; x_wconf 87' lang='grc' dir='ltr'>Πνεύματος</span> <span class='ocrx_word' id='word_1_683' title='bbox 1799 4631 1898 4684; x_wconf 85' lang='grc' dir='ltr'><strong>κά·-</strong></span> 
     </span>
    </p>
   </div>
   <div class='ocr_carea' id='block_1_94' title="bbox 1995 4545 3569 4615">
    <p class='ocr_par' dir='ltr' id='par_1_94' title="bbox 1995 4545 3569 4615">
     <span class='ocr_line' id='line_1_94' title="bbox 1995 4545 3569 4615; baseline 0.002 -15"><span class='ocrx_word' id='word_1_684' title='bbox 1995 4545 2190 4601; x_wconf 82' lang='lat' dir='ltr'><strong>l‘ormis</strong></span> <span class='ocrx_word' id='word_1_685' title='bbox 2241 4546 2419 4615; x_wconf 85' lang='lat' dir='ltr'><strong>imago</strong></span> <span class='ocrx_word' id='word_1_686' title='bbox 2453 4545 2714 4614; x_wconf 90' lang='lat' dir='ltr'><strong>Spiritus,</strong></span> <span class='ocrx_word' id='word_1_687' title='bbox 2745 4561 2867 4615; x_wconf 63' lang='lat' dir='ltr'><strong>quae</strong></span> <span class='ocrx_word' id='word_1_688' title='bbox 2901 4546 2956 4600; x_wconf 92' lang='lat' dir='ltr'><strong>in</strong></span> <span class='ocrx_word' id='word_1_689' title='bbox 2988 4547 3207 4601; x_wconf 88' lang='lat' dir='ltr'><strong>occulto</strong></span> <span class='ocrx_word' id='word_1_690' title='bbox 3243 4562 3391 4601; x_wconf 89' lang='lat' dir='ltr'><strong>nunc</strong></span> <span class='ocrx_word' id='word_1_691' title='bbox 3420 4547 3569 4604; x_wconf 87' lang='lat' dir='ltr'><strong>latet.</strong></span> 
     </span>
    </p>
   </div>
   <div class='ocr_carea' id='block_1_95' title="bbox 1996 4637 3573 4712">
    <p class='ocr_par' dir='ltr' id='par_1_95' title="bbox 1996 4637 3573 4712">
     <span class='ocr_line' id='line_1_95' title="bbox 1996 4637 3573 4712; baseline -0.001 -21"><span class='ocrx_word' id='word_1_692' title='bbox 1996 4651 2471 4712; x_wconf 81' lang='lat' dir='ltr'><strong>corpusquoque</strong></span> <span class='ocrx_word' id='word_1_693' title='bbox 2515 4637 2704 4692; x_wconf 86' lang='lat' dir='ltr'><strong>divina</strong></span> <span class='ocrx_word' id='word_1_694' title='bbox 2765 4638 2949 4707; x_wconf 89' lang='lat' dir='ltr'><strong>specie</strong></span> <span class='ocrx_word' id='word_1_695' title='bbox 3004 4639 3217 4704; x_wconf 88' lang='lat' dir='ltr'><strong>induet,</strong></span> <span class='ocrx_word' id='word_1_696' title='bbox 3265 4648 3322 4692; x_wconf 91' lang='lat' dir='ltr'><strong>et</strong></span> <span class='ocrx_word' id='word_1_697' title='bbox 3351 4641 3573 4693; x_wconf 63' lang='grc' dir='ltr'><strong>(ἷαὲἶινείιξ</strong></span> 
     </span>
    </p>
   </div>
   <div class='ocr_carea' id='block_1_96' title="bbox 321 4721 1904 4796">
    <p class='ocr_par' dir='ltr' id='par_1_96' title="bbox 321 4721 1900 4794">
     <span class='ocr_line' id='line_1_96' title="bbox 321 4721 1900 4794; baseline 0.001 -19"><span class='ocrx_word' id='word_1_698' title='bbox 321 4723 511 4793; x_wconf 81' lang='grc' dir='ltr'>λυμμα</span> <span class='ocrx_word' id='word_1_699' title='bbox 573 4722 866 4793; x_wconf 68' lang='grc' dir='ltr'>περιϐαλὺν</span> <span class='ocrx_word' id='word_1_700' title='bbox 921 4724 1019 4794; x_wconf 76' lang='grc' dir='ltr'>τὴν</span> <span class='ocrx_word' id='word_1_701' title='bbox 1051 4723 1254 4794; x_wconf 72' lang='grc' dir='ltr'>ψυχὴν,</span> <span class='ocrx_word' id='word_1_702' title='bbox 1301 4723 1397 4777; x_wconf 79' lang='grc' dir='ltr'>καὶ</span> <span class='ocrx_word' id='word_1_703' title='bbox 1433 4725 1498 4794; x_wconf 78' lang='grc' dir='ltr'><strong>τῇ</strong></span> <span class='ocrx_word' id='word_1_704' title='bbox 1554 4724 1662 4777; x_wconf 85' lang='grc' dir='ltr'><strong>τῶν</strong></span> <span class='ocrx_word' id='word_1_705' title='bbox 1713 4721 1900 4777; x_wconf 84' lang='grc' dir='ltr'>παθῶν</span> 
     </span>
    </p>
   </div>
   <div class='ocr_carea' id='block_1_97' title="bbox 1992 4721 3570 4796">
    <p class='ocr_par' dir='ltr' id='par_1_97' title="bbox 1995 4723 3570 4796">
     <span class='ocr_line' id='line_1_97' title="bbox 1995 4723 3570 4796; baseline 0.001 -18"><span class='ocrx_word' id='word_1_706' title='bbox 1995 4723 2230 4791; x_wconf 80' lang='lat' dir='ltr'><strong>etlieiet;</strong></span> <span class='ocrx_word' id='word_1_707' title='bbox 2274 4725 2633 4794; x_wconf 79' lang='lat' dir='ltr'><strong>profanorum</strong></span> <span class='ocrx_word' id='word_1_708' title='bbox 2682 4741 2818 4781; x_wconf 89' lang='lat' dir='ltr'><strong>vero</strong></span> <span class='ocrx_word' id='word_1_709' title='bbox 2862 4743 2928 4781; x_wconf 89' lang='lat' dir='ltr'><strong>ac</strong></span> <span class='ocrx_word' id='word_1_710' title='bbox 2981 4730 3365 4790; x_wconf 78' lang='lat' dir='ltr'><strong>scelestarum,</strong></span> <span class='ocrx_word' id='word_1_711' title='bbox 3426 4729 3570 4796; x_wconf 82' lang='lat' dir='ltr'><strong>quod</strong></span> 
     </span>
    </p>
   </div>
   <div class='ocr_carea' id='block_1_98' title="bbox 320 4815 1902 4889">
    <p class='ocr_par' dir='ltr' id='par_1_98' title="bbox 320 4815 1902 4889">
     <span class='ocr_line' id='line_1_98' title="bbox 320 4815 1902 4889; baseline -0.001 -19"><span class='ocrx_word' id='word_1_712' title='bbox 320 4817 588 4889; x_wconf 62' lang='grc' dir='ltr'>εἰδεχθείᾳ</span> <span class='ocrx_word' id='word_1_713' title='bbox 605 4818 907 4883; x_wconf 70' lang='grc' dir='ltr'>σκοτεινὸν,</span> <span class='ocrx_word' id='word_1_714' title='bbox 931 4816 985 4869; x_wconf 85' lang='grc' dir='ltr'>οί</span> <span class='ocrx_word' id='word_1_715' title='bbox 999 4833 1112 4885; x_wconf 88' lang='grc' dir='ltr'>μοι,</span> <span class='ocrx_word' id='word_1_716' title='bbox 1131 4816 1222 4869; x_wconf 83' lang='grc' dir='ltr'>τὸν</span> <span class='ocrx_word' id='word_1_717' title='bbox 1239 4815 1361 4868; x_wconf 81' lang='grc' dir='ltr'>νοῦν</span> <span class='ocrx_word' id='word_1_718' title='bbox 1384 4817 1476 4868; x_wconf 82' lang='grc' dir='ltr'>καὶ</span> <span class='ocrx_word' id='word_1_719' title='bbox 1497 4815 1786 4885; x_wconf 85' lang='grc' dir='ltr'>ἀσχήμονα</span> <span class='ocrx_word' id='word_1_720' title='bbox 1803 4831 1902 4869; x_wconf 77' lang='grc' dir='ltr'>κα·-</span> 
     </span>
    </p>
   </div>
   <div class='ocr_carea' id='block_1_99' title="bbox 322 4903 1901 4974">
    <p class='ocr_par' dir='ltr' id='par_1_99' title="bbox 322 4903 1901 4974">
     <span class='ocr_line' id='line_1_99' title="bbox 322 4903 1901 4974; baseline 0.001 -18"><span class='ocrx_word' id='word_1_721' title='bbox 322 4905 620 4973; x_wconf 74' lang='grc' dir='ltr'>ταστῆσαν,</span> <span class='ocrx_word' id='word_1_722' title='bbox 658 4905 933 4959; x_wconf 79' lang='grc' dir='ltr'>σκοτεινὸν</span> <span class='ocrx_word' id='word_1_723' title='bbox 981 4906 1100 4974; x_wconf 79' lang='grc' dir='ltr'><strong>ἃμα</strong></span> <span class='ocrx_word' id='word_1_724' title='bbox 1142 4906 1236 4958; x_wconf 66' lang='grc' dir='ltr'><strong>καὶ⁷</strong></span> <span class='ocrx_word' id='word_1_725' title='bbox 1262 4903 1324 4957; x_wconf 86' lang='grc' dir='ltr'>τὸ</span> <span class='ocrx_word' id='word_1_726' title='bbox 1355 4903 1534 4973; x_wconf 85' lang='grc' dir='ltr'>σῶμα,</span> <span class='ocrx_word' id='word_1_727' title='bbox 1580 4904 1676 4958; x_wconf 82' lang='grc' dir='ltr'>καὶ</span> <span class='ocrx_word' id='word_1_728' title='bbox 1708 4903 1901 4974; x_wconf 77' lang='grc' dir='ltr'>αἰσχύ-</span> 
     </span>
    </p>
   </div>
   <div class='ocr_carea' id='block_1_100' title="bbox 325 4996 1504 5069">
    <p class='ocr_par' dir='ltr' id='par_1_100' title="bbox 325 4996 1504 5069">
     <span class='ocr_line' id='line_1_100' title="bbox 325 4996 1504 5069; baseline 0.002 -21"><span class='ocrx_word' id='word_1_729' title='bbox 325 5013 421 5067; x_wconf 88' lang='grc' dir='ltr'><strong>νης</strong></span> <span class='ocrx_word' id='word_1_730' title='bbox 450 4997 668 5068; x_wconf 78' lang='grc' dir='ltr'>ἐμπλεω</span> <span class='ocrx_word' id='word_1_731' title='bbox 709 4999 887 5069; x_wconf 83' lang='grc' dir='ltr'>πάσης</span> <span class='ocrx_word' id='word_1_732' title='bbox 919 4997 1116 5062; x_wconf 75' lang='grc' dir='ltr'>ἔξωθεν</span> <span class='ocrx_word' id='word_1_733' title='bbox 1145 4996 1504 5064; x_wconf 77' lang='grc' dir='ltr'>ἁποδείξεται.</span> 
     </span>
    </p>
   </div>
   <div class='ocr_carea' id='block_1_101' title="bbox 399 5257 1900 5334">
    <p class='ocr_par' dir='ltr' id='par_1_101' title="bbox 399 5257 1900 5334">
     <span class='ocr_line' id='line_1_101' title="bbox 399 5257 1900 5334; baseline 0.005 -24"><span class='ocrx_word' id='word_1_734' title='bbox 399 5257 543 5326; x_wconf 73' lang='grc' dir='ltr'>κςν.</span> <span class='ocrx_word' id='word_1_735' title='bbox 576 5260 785 5330; x_wconf 85' lang='grc' dir='ltr'>Ὠσπερ</span> <span class='ocrx_word' id='word_1_736' title='bbox 815 5258 959 5314; x_wconf 83' lang='grc' dir='ltr'>κατὰ</span> <span class='ocrx_word' id='word_1_737' title='bbox 987 5259 1085 5330; x_wconf 77' lang='grc' dir='ltr'>τὴν</span> <span class='ocrx_word' id='word_1_738' title='bbox 1110 5260 1424 5332; x_wconf 80' lang='grc' dir='ltr'>παράὁασιν</span> <span class='ocrx_word' id='word_1_739' title='bbox 1459 5261 1554 5316; x_wconf 76' lang='grc' dir='ltr'><strong>τοῦ</strong></span> <span class='ocrx_word' id='word_1_740' title='bbox 1597 5261 1768 5334; x_wconf 83' lang='grc' dir='ltr'>Ἀδάμ</span> <span class='ocrx_word' id='word_1_741' title='bbox 1800 5262 1900 5318; x_wconf 66' lang='lat'><strong>0&amp;-</strong></span> 
     </span>
    </p>
   </div>
   <div class='ocr_carea' id='block_1_102' title="bbox 325 5349 1896 5423">
    <p class='ocr_par' dir='ltr' id='par_1_102' title="bbox 325 5349 1896 5423">
     <span class='ocr_line' id='line_1_102' title="bbox 325 5349 1896 5423; baseline 0.006 -24"><span class='ocrx_word' id='word_1_742' title='bbox 325 5363 487 5421; x_wconf 75' lang='grc' dir='ltr'>νατον</span> <span class='ocrx_word' id='word_1_743' title='bbox 520 5349 681 5402; x_wconf 86' lang='grc' dir='ltr'>αύτοῦ</span> <span class='ocrx_word' id='word_1_744' title='bbox 708 5351 1238 5423; x_wconf 78' lang='grc' dir='ltr'>καταψηφισαμένης</span> <span class='ocrx_word' id='word_1_745' title='bbox 1265 5351 1366 5421; x_wconf 86' lang='grc' dir='ltr'>τῆς</span> <span class='ocrx_word' id='word_1_746' title='bbox 1398 5351 1493 5406; x_wconf 82' lang='grc' dir='ltr'><strong>τοῦ</strong></span> <span class='ocrx_word' id='word_1_747' title='bbox 1529 5351 1664 5407; x_wconf 76' lang='grc' dir='ltr'>Θεοῦ</span> <span class='ocrx_word' id='word_1_748' title='bbox 1692 5353 1896 5423; x_wconf 83' lang='grc' dir='ltr'>ἀγαθό-</span> 
     </span>
    </p>
   </div>
   <div class='ocr_carea' id='block_1_103' title="bbox 1998 4815 3570 4888">
    <p class='ocr_par' dir='ltr' id='par_1_103' title="bbox 1998 4815 3570 4888">
     <span class='ocr_line' id='line_1_103' title="bbox 1998 4815 3570 4888; baseline 0.001 -19"><span class='ocrx_word' id='word_1_749' title='bbox 1998 4830 2148 4870; x_wconf 89' lang='lat' dir='ltr'><strong>nune</strong></span> <span class='ocrx_word' id='word_1_750' title='bbox 2208 4815 2473 4871; x_wconf 86' lang='lat' dir='ltr'><strong>mundani</strong></span> <span class='ocrx_word' id='word_1_751' title='bbox 2521 4818 2748 4888; x_wconf 90' lang='lat' dir='ltr'><strong>spiritus</strong></span> <span class='ocrx_word' id='word_1_752' title='bbox 2801 4819 3050 4873; x_wconf 87' lang='lat' dir='ltr'><strong>velamen</strong></span> <span class='ocrx_word' id='word_1_753' title='bbox 3103 4818 3570 4881; x_wconf 82' lang='lat' dir='ltr'><strong>circuminvolvit,</strong></span> 
     </span>
    </p>
   </div>
   <div class='ocr_carea' id='block_1_104' title="bbox 2001 4904 3572 4975">
    <p class='ocr_par' dir='ltr' id='par_1_104' title="bbox 2001 4904 3572 4975">
     <span class='ocr_line' id='line_1_104' title="bbox 2001 4904 3572 4975; baseline 0 -15"><span class='ocrx_word' id='word_1_754' title='bbox 2001 4904 2280 4960; x_wconf 79' lang='lat' dir='ltr'><strong>deformes</strong></span> <span class='ocrx_word' id='word_1_755' title='bbox 2315 4906 2664 4975; x_wconf 84' lang='lat' dir='ltr'><strong>stigmatibus</strong></span> <span class='ocrx_word' id='word_1_756' title='bbox 2706 4907 3023 4967; x_wconf 87' lang='lat' dir='ltr'><strong>criminum,</strong></span> <span class='ocrx_word' id='word_1_757' title='bbox 3073 4918 3416 4975; x_wconf 85' lang='lat' dir='ltr'><strong>mentesque,</strong></span> <span class='ocrx_word' id='word_1_758' title='bbox 3465 4907 3572 4960; x_wconf 85' lang='lat' dir='ltr'><strong>heu</strong></span> 
     </span>
    </p>
   </div>
   <div class='ocr_carea' id='block_1_105' title="bbox 2003 4996 3574 5065">
    <p class='ocr_par' dir='ltr' id='par_1_105' title="bbox 2003 4996 3574 5065">
     <span class='ocr_line' id='line_1_105' title="bbox 2003 4996 3574 5065; baseline 0.001 -14"><span class='ocrx_word' id='word_1_759' title='bbox 2003 4997 2124 5051; x_wconf 84' lang='lat' dir='ltr'><strong>me!</strong></span> <span class='ocrx_word' id='word_1_760' title='bbox 2181 4996 2451 5065; x_wconf 86' lang='lat' dir='ltr'><strong>ipsorum,</strong></span> <span class='ocrx_word' id='word_1_761' title='bbox 2481 4997 2803 5053; x_wconf 86' lang='lat' dir='ltr'><strong>tenebrosas</strong></span> <span class='ocrx_word' id='word_1_762' title='bbox 2843 5006 2900 5053; x_wconf 90' lang='lat' dir='ltr'><strong>et</strong></span> <span class='ocrx_word' id='word_1_763' title='bbox 2930 4997 3104 5052; x_wconf 74' lang='lat' dir='ltr'><strong>fmdas</strong></span> <span class='ocrx_word' id='word_1_764' title='bbox 3163 4998 3377 5060; x_wconf 87' lang='lat' dir='ltr'><strong>reddit,</strong></span> <span class='ocrx_word' id='word_1_765' title='bbox 3445 5008 3574 5053; x_wconf 81' lang='lat' dir='ltr'><strong>tune</strong></span> 
     </span>
    </p>
   </div>
   <div class='ocr_carea' id='block_1_106' title="bbox 2001 5087 3572 5160">
    <p class='ocr_par' dir='ltr' id='par_1_106' title="bbox 2001 5087 3572 5160">
     <span class='ocr_line' id='line_1_106' title="bbox 2001 5087 3572 5160; baseline 0.003 -18"><span class='ocrx_word' id='word_1_766' title='bbox 2001 5087 2167 5142; x_wconf 87' lang='lat' dir='ltr'><strong>etiam</strong></span> <span class='ocrx_word' id='word_1_767' title='bbox 2198 5102 2433 5157; x_wconf 88' lang='lat' dir='ltr'><strong>corpora</strong></span> <span class='ocrx_word' id='word_1_768' title='bbox 2462 5089 2767 5150; x_wconf 85' lang='lat' dir='ltr'><strong>maculosa,</strong></span> <span class='ocrx_word' id='word_1_769' title='bbox 2812 5090 2867 5142; x_wconf 89' lang='lat' dir='ltr'><strong>in</strong></span> <span class='ocrx_word' id='word_1_770' title='bbox 2893 5103 3171 5143; x_wconf 87' lang='lat' dir='ltr'><strong>summum</strong></span> <span class='ocrx_word' id='word_1_771' title='bbox 3200 5091 3375 5160; x_wconf 85' lang='lat' dir='ltr'><strong>palam</strong></span> <span class='ocrx_word' id='word_1_772' title='bbox 3407 5091 3572 5146; x_wconf 83' lang='lat' dir='ltr'><strong>dede-</strong></span> 
     </span>
    </p>
   </div>
   <div class='ocr_carea' id='block_1_107' title="bbox 2004 5177 2904 5233">
    <p class='ocr_par' dir='ltr' id='par_1_107' title="bbox 2004 5177 2904 5233">
     <span class='ocr_line' id='line_1_107' title="bbox 2004 5177 2904 5233; baseline 0 -1"><span class='ocrx_word' id='word_1_773' title='bbox 2004 5191 2104 5232; x_wconf 89' lang='lat' dir='ltr'><strong>cus</strong></span> <span class='ocrx_word' id='word_1_774' title='bbox 2135 5177 2384 5232; x_wconf 91' lang='lat' dir='ltr'><strong>omnium</strong></span> <span class='ocrx_word' id='word_1_775' title='bbox 2425 5177 2601 5233; x_wconf 91' lang='lat' dir='ltr'><strong>oculis</strong></span> <span class='ocrx_word' id='word_1_776' title='bbox 2625 5178 2904 5233; x_wconf 87' lang='lat' dir='ltr'><strong>ostendet.</strong></span> 
     </span>
    </p>
   </div>
   <div class='ocr_carea' id='block_1_108' title="bbox 2075 5267 3579 5342">
    <p class='ocr_par' dir='ltr' id='par_1_108' title="bbox 2075 5267 3579 5342">
     <span class='ocr_line' id='line_1_108' title="bbox 2075 5267 3579 5342; baseline 0.003 -20"><span class='ocrx_word' id='word_1_777' title='bbox 2075 5267 2265 5326; x_wconf 79' lang='lat' dir='ltr'><strong>XXVI.</strong></span> <span class='ocrx_word' id='word_1_778' title='bbox 2295 5268 2766 5336; x_wconf 86' lang='lat' dir='ltr'><strong>Quemadmodum</strong></span> <span class='ocrx_word' id='word_1_779' title='bbox 2781 5277 2907 5340; x_wconf 91' lang='lat' dir='ltr'><strong>post</strong></span> <span class='ocrx_word' id='word_1_780' title='bbox 2928 5271 3415 5342; x_wconf 87' lang='lat' dir='ltr'><strong>transgressionem</strong></span> <span class='ocrx_word' id='word_1_781' title='bbox 3433 5272 3579 5327; x_wconf 75' lang='lat' dir='ltr'><strong>Ada-</strong></span> 
     </span>
    </p>
   </div>
   <div class='ocr_carea' id='block_1_109' title="bbox 2004 5360 3576 5433">
    <p class='ocr_par' dir='ltr' id='par_1_109' title="bbox 2004 5360 3576 5433">
     <span class='ocr_line' id='line_1_109' title="bbox 2004 5360 3576 5433; baseline 0.001 -17"><span class='ocrx_word' id='word_1_782' title='bbox 2004 5361 2102 5425; x_wconf 87' lang='lat' dir='ltr'><strong>mi,</strong></span> <span class='ocrx_word' id='word_1_783' title='bbox 2131 5360 2239 5416; x_wconf 85' lang='lat' dir='ltr'><strong>lata</strong></span> <span class='ocrx_word' id='word_1_784' title='bbox 2283 5360 2339 5416; x_wconf 91' lang='lat' dir='ltr'><strong>in</strong></span> <span class='ocrx_word' id='word_1_785' title='bbox 2377 5375 2506 5415; x_wconf 88' lang='lat' dir='ltr'><strong>eum</strong></span> <span class='ocrx_word' id='word_1_786' title='bbox 2536 5361 2808 5416; x_wconf 88' lang='lat' dir='ltr'><strong>sententia</strong></span> <span class='ocrx_word' id='word_1_787' title='bbox 2845 5361 3038 5416; x_wconf 90' lang='lat' dir='ltr'><strong>mortis</strong></span> <span class='ocrx_word' id='word_1_788' title='bbox 3066 5362 3218 5433; x_wconf 89' lang='lat' dir='ltr'><strong>justo</strong></span> <span class='ocrx_word' id='word_1_789' title='bbox 3255 5364 3352 5418; x_wconf 85' lang='lat' dir='ltr'><strong>Dei</strong></span> <span class='ocrx_word' id='word_1_790' title='bbox 3382 5364 3576 5432; x_wconf 83' lang='lat' dir='ltr'><strong>optimi</strong></span> 
     </span>
    </p>
   </div>
   <div class='ocr_carea' id='block_1_110' title="bbox 325 5439 1904 5525">
    <p class='ocr_par' dir='ltr' id='par_1_110' title="bbox 325 5439 1900 5519">
     <span class='ocr_line' id='line_1_110' title="bbox 325 5439 1900 5519; baseline 0.005 -27"><span class='ocrx_word' id='word_1_791' title='bbox 325 5456 512 5509; x_wconf 83' lang='grc' dir='ltr'>τητος,</span> <span class='ocrx_word' id='word_1_792' title='bbox 546 5439 707 5495; x_wconf 73' lang='grc' dir='ltr'>τοῦτο</span> <span class='ocrx_word' id='word_1_793' title='bbox 740 5441 955 5513; x_wconf 85' lang='grc' dir='ltr'>πρῶτον</span> <span class='ocrx_word' id='word_1_794' title='bbox 993 5443 1094 5516; x_wconf 77' lang='grc' dir='ltr'>μὲν</span> <span class='ocrx_word' id='word_1_795' title='bbox 1130 5444 1338 5515; x_wconf 78' lang='grc' dir='ltr'>ὑπέστη</span> <span class='ocrx_word' id='word_1_796' title='bbox 1382 5444 1526 5498; x_wconf 84' lang='grc' dir='ltr'><strong>κατά</strong></span> <span class='ocrx_word' id='word_1_797' title='bbox 1556 5445 1757 5519; x_wconf 78' lang='grc' dir='ltr'>ψυχὴν,</span> <span class='ocrx_word' id='word_1_798' title='bbox 1790 5448 1900 5501; x_wconf 82' lang='grc' dir='ltr'>τῶν</span> 
     </span>
    </p>
   </div>
   <div class='ocr_carea' id='block_1_111' title="bbox 1992 5439 3580 5525">
    <p class='ocr_par' dir='ltr' id='par_1_111' title="bbox 2000 5451 3580 5525">
     <span class='ocr_line' id='line_1_111' title="bbox 2000 5451 3580 5525; baseline 0.003 -19"><span class='ocrx_word' id='word_1_799' title='bbox 2000 5451 2232 5525; x_wconf 84' lang='lat' dir='ltr'><strong>judicio,</strong></span> <span class='ocrx_word' id='word_1_800' title='bbox 2267 5453 2508 5522; x_wconf 89' lang='lat' dir='ltr'><strong>primum</strong></span> <span class='ocrx_word' id='word_1_801' title='bbox 2565 5453 2908 5508; x_wconf 76' lang='lat' dir='ltr'><strong>exsecutioni</strong></span> <span class='ocrx_word' id='word_1_802' title='bbox 2938 5454 3194 5509; x_wconf 85' lang='lat' dir='ltr'><strong>mandata</strong></span> <span class='ocrx_word' id='word_1_803' title='bbox 3241 5463 3327 5510; x_wconf 90' lang='lat' dir='ltr'><strong><em>est</em></strong></span> <span class='ocrx_word' id='word_1_804' title='bbox 3368 5455 3423 5508; x_wconf 83' lang='lat' dir='ltr'><strong>in</strong></span> <span class='ocrx_word' id='word_1_805' title='bbox 3456 5455 3580 5525; x_wconf 86' lang='lat' dir='ltr'><strong>ejus</strong></span> 
     </span>
    </p>
   </div>
   <div class='ocr_carea' id='block_1_112' title="bbox 327 5534 1901 5626">
    <p class='ocr_par' dir='ltr' id='par_1_112' title="bbox 327 5534 1901 5626">
     <span class='ocr_line' id='line_1_112' title="bbox 327 5534 1901 5626; baseline 0.002 -37"><span class='ocrx_word' id='word_1_806' title='bbox 327 5534 529 5602; x_wconf 84' lang='grc' dir='ltr'>νοερῶν</span> <span class='ocrx_word' id='word_1_807' title='bbox 558 5534 729 5606; x_wconf 79' lang='grc' dir='ltr'>αὐτῆς</span> <span class='ocrx_word' id='word_1_808' title='bbox 757 5534 1126 5608; x_wconf 79' lang='grc' dir='ltr'>αίσοητηρίων</span> <span class='ocrx_word' id='word_1_809' title='bbox 1147 5538 1216 5608; x_wconf 76' lang='grc' dir='ltr'><strong>τῇ</strong></span> <span class='ocrx_word' id='word_1_810' title='bbox 1250 5537 1504 5609; x_wconf 79' lang='grc' dir='ltr'>στερήσει</span> <span class='ocrx_word' id='word_1_811' title='bbox 1535 5535 1636 5608; x_wconf 86' lang='grc' dir='ltr'>τῆς</span> <span class='ocrx_word' id='word_1_812' title='bbox 1664 5540 1901 5626; x_wconf 79' lang='grc' dir='ltr'>ἐπουρα-</span> 
     </span>
    </p>
   </div>
   <div class='ocr_carea' id='block_1_113' title="bbox 401 5687 870 5752">
    <p class='ocr_par' dir='ltr' id='par_1_113' title="bbox 401 5687 870 5752">
     <span class='ocr_line' id='line_1_113' title="bbox 401 5687 870 5752; baseline 0.002 -10"><span class='ocrx_word' id='word_1_813' title='bbox 401 5687 446 5718; x_wconf 64' lang='grc'>⁶⁵</span> <span class='ocrx_word' id='word_1_814' title='bbox 468 5688 511 5742; x_wconf 87' lang='lat' dir='ltr'><strong>Il</strong></span> <span class='ocrx_word' id='word_1_815' title='bbox 554 5687 682 5744; x_wconf 86' lang='lat' dir='ltr'><strong>Cor.</strong></span> <span class='ocrx_word' id='word_1_816' title='bbox 712 5706 786 5752; x_wconf 80' lang='lat' dir='ltr'><strong>tv,</strong></span> <span class='ocrx_word' id='word_1_817' title='bbox 818 5690 870 5746; x_wconf 83' lang='lat'><strong>6.</strong></span> 
     </span>
    </p>
   </div>
   <div class='ocr_carea' id='block_1_114' title="bbox 316 5758 1458 5832">
    <p class='ocr_par' dir='ltr' id='par_1_114' title="bbox 316 5758 1458 5832">
     <span class='ocr_line' id='line_1_114' title="bbox 316 5758 1458 5832; baseline 0.004 -20"><span class='ocrx_word' id='word_1_818' title='bbox 316 5760 380 5795; x_wconf 69' lang='grc' dir='ltr'><strong>’τ’</strong></span> <span class='ocrx_word' id='word_1_819' title='bbox 412 5758 455 5814; x_wconf 86' lang='lat' dir='ltr'><strong>ll</strong></span> <span class='ocrx_word' id='word_1_820' title='bbox 487 5759 614 5814; x_wconf 86' lang='lat' dir='ltr'><strong>Cor.</strong></span> <span class='ocrx_word' id='word_1_821' title='bbox 637 5776 733 5827; x_wconf 73' lang='lat' dir='ltr'><strong>xu,</strong></span> <span class='ocrx_word' id='word_1_822' title='bbox 763 5761 817 5818; x_wconf 70' lang='grc'><strong>2.</strong></span> <span class='ocrx_word' id='word_1_823' title='bbox 929 5760 969 5791; x_wconf 76' lang='grc'><strong>⁷⁸</strong></span> <span class='ocrx_word' id='word_1_824' title='bbox 999 5759 1237 5819; x_wconf 82' lang='lat' dir='ltr'><strong>I&#39;l‘hess.</strong></span> <span class='ocrx_word' id='word_1_825' title='bbox 1269 5758 1342 5832; x_wconf 78' lang='lat' dir='ltr'><strong>vi,</strong></span> <span class='ocrx_word' id='word_1_826' title='bbox 1373 5762 1458 5819; x_wconf 78' lang='grc'><strong>16.</strong></span> 
     </span>
    </p>
   </div>
   <div class='ocr_carea' id='block_1_115' title="bbox 982 5691 2581 5767">
    <p class='ocr_par' dir='ltr' id='par_1_115' title="bbox 982 5691 2581 5767">
     <span class='ocr_line' id='line_1_115' title="bbox 982 5691 2581 5767; baseline 0.014 -27"><span class='ocrx_word' id='word_1_827' title='bbox 982 5691 1026 5767; x_wconf 66' lang='grc' dir='ltr'><strong><em>οξ</em></strong></span> <span class='ocrx_word' id='word_1_828' title='bbox 1043 5691 1194 5767; x_wconf 66' lang='lat' dir='ltr'><strong>_l_&gt;_sal.</strong></span> <span class='ocrx_word' id='word_1_829' title='bbox 1218 5707 1327 5759; x_wconf 76' lang='lat' dir='ltr'><strong>xu,</strong></span> <span class='ocrx_word' id='word_1_830' title='bbox 1358 5694 1436 5767; x_wconf 43' lang='lat'><strong>4.</strong></span> <span class='ocrx_word' id='word_1_831' title='bbox 1506 5693 1552 5726; x_wconf 81' lang='grc'><strong>⁸⁸</strong></span> <span class='ocrx_word' id='word_1_832' title='bbox 1577 5693 1952 5767; x_wconf 78' lang='lat' dir='ltr'><strong>_Ps_al.__cxvm,</strong></span> <span class='ocrx_word' id='word_1_833' title='bbox 1981 5697 2068 5752; x_wconf 78' lang='grc'><strong>18.</strong></span> <span class='ocrx_word' id='word_1_834' title='bbox 2155 5700 2198 5733; x_wconf 84' lang='grc'>⁸⁷</span> <span class='ocrx_word' id='word_1_835' title='bbox 2213 5699 2358 5756; x_wconf 78' lang='lat' dir='ltr'><strong>Psal.</strong></span> <span class='ocrx_word' id='word_1_836' title='bbox 2380 5715 2504 5767; x_wconf 58' lang='lat' dir='ltr'><strong>aut,</strong></span> <span class='ocrx_word' id='word_1_837' title='bbox 2527 5700 2581 5754; x_wconf 74' lang='grc' dir='ltr'><strong>5ο</strong></span> 
     </span>
    </p>
   </div>
   <div class='ocr_carea' id='block_1_116' title="bbox 1576 5764 2351 5836">
    <p class='ocr_par' dir='ltr' id='par_1_116' title="bbox 1576 5764 2351 5836">
     <span class='ocr_line' id='line_1_116' title="bbox 1576 5764 2351 5836; baseline 0.008 -18"><span class='ocrx_word' id='word_1_838' title='bbox 1576 5765 1622 5797; x_wconf 82' lang='lat'>&quot;</span> <span class='ocrx_word' id='word_1_839' title='bbox 1644 5764 1880 5836; x_wconf 88' lang='lat' dir='ltr'><strong>Philipp.</strong></span> <span class='ocrx_word' id='word_1_840' title='bbox 1909 5781 1988 5836; x_wconf 85' lang='grc' dir='ltr'>ιιι,</span> <span class='ocrx_word' id='word_1_841' title='bbox 2020 5767 2107 5823; x_wconf 76' lang='lat' dir='ltr'><strong>2i.</strong></span> <span class='ocrx_word' id='word_1_842' title='bbox 2344 5797 2351 5803; x_wconf 89' lang='grc'><strong>-</strong></span> 
     </span>
    </p>
   </div>
   <div class='ocr_carea' id='block_1_117' title="bbox 2004 5543 3578 5618">
    <p class='ocr_par' dir='ltr' id='par_1_117' title="bbox 2004 5543 3578 5618">
     <span class='ocr_line' id='line_1_117' title="bbox 2004 5543 3578 5618; baseline 0.002 -22"><span class='ocrx_word' id='word_1_843' title='bbox 2004 5543 2210 5609; x_wconf 86' lang='lat' dir='ltr'><strong>anima,</strong></span> <span class='ocrx_word' id='word_1_844' title='bbox 2233 5559 2365 5600; x_wconf 85' lang='lat' dir='ltr'><strong>vere</strong></span> <span class='ocrx_word' id='word_1_845' title='bbox 2388 5559 2486 5616; x_wconf 89' lang='lat' dir='ltr'><strong>per</strong></span> <span class='ocrx_word' id='word_1_846' title='bbox 2513 5554 2799 5615; x_wconf 90' lang='lat' dir='ltr'><strong>peccatum</strong></span> <span class='ocrx_word' id='word_1_847' title='bbox 2829 5547 2942 5618; x_wconf 85' lang='lat' dir='ltr'><strong>jam</strong></span> <span class='ocrx_word' id='word_1_848' title='bbox 2977 5554 3092 5600; x_wconf 92' lang='lat' dir='ltr'><strong>tum</strong></span> <span class='ocrx_word' id='word_1_849' title='bbox 3132 5545 3578 5612; x_wconf 80' lang='lat' dir='ltr'><strong>mortua,,intel-</strong></span> 
     </span>
    </p>
   </div>
   <div class='ocr_carea' id='block_1_118' title="bbox 2686 5703 3575 5771">
    <p class='ocr_par' dir='ltr' id='par_1_118' title="bbox 2686 5703 3575 5771">
     <span class='ocr_line' id='line_1_118' title="bbox 2686 5703 3575 5771; baseline 0.004 -13"><span class='ocrx_word' id='word_1_850' title='bbox 2686 5703 2729 5734; x_wconf 74' lang='grc'><strong>⁸⁸</strong></span> <span class='ocrx_word' id='word_1_851' title='bbox 2754 5704 2896 5759; x_wconf 61' lang='grc' dir='ltr'>Ρςιιι.</span> <span class='ocrx_word' id='word_1_852' title='bbox 2929 5723 3002 5771; x_wconf 73' lang='grc' dir='ltr'><strong>ιγ,</strong></span> <span class='ocrx_word' id='word_1_853' title='bbox 3025 5705 3071 5758; x_wconf 76' lang='grc' dir='ltr'><strong>Τ.</strong></span> <span class='ocrx_word' id='word_1_854' title='bbox 3187 5705 3231 5736; x_wconf 75' lang='grc' dir='ltr'><strong>το</strong></span> <span class='ocrx_word' id='word_1_855' title='bbox 3262 5705 3360 5760; x_wconf 71' lang='lat' dir='ltr'><strong>Act</strong></span> <span class='ocrx_word' id='word_1_856' title='bbox 3410 5704 3575 5769; x_wconf 50' lang='lat'><strong>$.35.</strong></span> 
     </span>
    </p>
   </div>
  </div>
