4020 6460
492 375 597 438 959

1739 374 1800 435 S.
1827 372 2145 434 MACABII
2186 375 2507 438 [EGYPTII

3638 382 3767 447 960

496 486 829 542 lectualibus
857 487 978 558 ejus
1005 485 1279 547 sensibus.
1301 502 1400 557 per
1424 484 1789 556 privationem
1825 484 2067 538 caelestis

2195 486 2281 540 too
2346 489 2444 541 καὶ
2510 488 2892 560 πνευματικῆς
2942 487 3300 553 ἀπολαύσεως
3360 490 3770 563 ἀπεσϐηκότων

492 588 551 633 et
588 579 893 650 spiritualis
931 580 1142 650 gratiaa,
1191 580 1498 640 exstinctis,
1528 587 1579 632 et
1624 577 1688 630 ad
1724 586 2065 630 mortuorum

497 669 916 723 similitudinem
972 669 1248 723 redactis:
1283 669 1559 738 posterius
1595 683 1723 719 vero
1755 666 1821 719 ad
1867 679 2069 734 corpus

497 779 717 831 quoque
747 778 895 817 mors
924 765 1197 832 pervenit,
1232 762 1466 831 expletis
1493 760 1759 816 trahendo
1780 758 2069 812 mortalem

495 854 661 905 vitam
685 854 844 907 annis
872 854 1093 924 triginta
1148 869 1315 923 supra
1356 860 1693 921 nongentos;
1720 850 1801 905 sic
1828 858 1884 904 et
1924 863 2073 903 nunc

497 957 595 1009 per
624 958 844 995 erucem
896 953 952 997 et
1003 954 1233 998 mortem
1276 944 1572 996 Salvatoris
1616 942 1857 995 humano
1885 939 2071 1012 generi

499 1033 885 1086 reconciliatus
917 1033 1079 1093 Deus,
1123 1034 1363 1087 restituit
1410 1047 1538 1087 rere
1588 1033 1906 1086 credentem
1951 1032 2073 1085 ani-

498 1137 640 1174 mam
697 1123 877 1176 adhuc
921 1124 1071 1177 carni
1110 1124 1420 1177 devinctam
1466 1124 1520 1177 in
1564 1123 1885 1177 fruitionem
1916 1124 2077 1192 spiri-

503 1213 730 1266 tualium
759 1214 1027 1267 luminum
1064 1225 1119 1268 et
1148 1215 1559 1285 mysteriorum,
1585 1222 1641 1267 et
1677 1214 2076 1269 intellectuales

498 1307 619 1371 ejus
670 1320 866 1359 sensus
909 1305 1094 1359 divina
1162 1307 1284 1359 luce
1332 1306 1523 1375 gratia:
1556 1306 1809 1359 oculatos
1857 1304 2074 1371 reddit;

500 1398 737 1465 denique
792 1396 967 1465 ipsum
1022 1398 1189 1451 etiam
1233 1413 1436 1467 corpus
1472 1398 1767 1451 immortali
1805 1406 1861 1451 et
1894 1398 2079 1452 incor-

501 1486 751 1553 ruptibili
776 1488 1190 1541 circumvestiet
1221 1488 1499 1541 claritate.

571 1574 785 1629 XXVII.
819 1574 921 1641 Qui
951 1592 1008 1629 se
1039 1575 1107 1629 ab
1135 1576 1241 1630 hoc
1264 1576 1469 1629 mundo
1494 1575 1686 1645 procul
1713 1584 1922 1639 tenent,
1956 1590 2081 1629 san-

502 1674 589 1720 cte
638 1676 694 1720 et
755 1682 823 1721 ex
870 1666 1140 1720 virtutum
1194 1666 1535 1736 praescriptis
1563 1665 1856 1732 viventes;
1902 1665 2083 1720 adhuc

505 1765 685 1810 tamen
738 1757 1054 1810 velamento
1088 1756 1571 1826 perturbationum
1604 1755 1905 1810 inumbrati
1933 1772 1947 1821 ;
1992 1754 2081 1809 cui

2170 579 2341 650 αὐτῷ,
2372 582 2468 633 καλ⁸
2500 581 2710 649 νεκρῶν
2740 580 2928 653 ῶσπερ
2964 581 3346 652 γεγενημένων
3371 599 3386 613 °
3433 582 3665 654 ὕστερον
3706 584 3771 637 δὲ

2169 668 2262 720 καὶ
2309 669 2338 721 ό
2374 669 2468 721 τοῦ
2513 669 2766 739 σώματος
2802 668 3031 731 Θάνατος
3074 668 3213 739 μετά
3242 685 3305 736 γε
3331 669 3620 737 τριάκοντα
3658 668 3769 739 ἐτη

2172 760 2305 828 πρὸς
2358 764 2469 824 τοῖς
2532 761 2895 824 ἐννεακοσίὸις
2958 763 3292 829 ἐπεγένετο⁸
3341 759 3482 813 οῦτω
3527 761 3621 813 νῦν
3672 760 3773 815 διὰ

2174 852 2407 920 σταυροῦ
2439 853 2532 905 καὶ
2560 853 2791 906 θανάτου
2831 852 2924 906 τοῦ
2974 854 3224 922 Σωτῆρος
3267 855 3333 922 τῇ
3378 852 3771 924 ἀνθρωπότητι

2174 946 2539 1014 καταλλαγεὶς
2570 948 2598 998 ὁ
2628 946 2781 1008 Θεὸς,
2815 946 3224 1013 ἀποκαθίστησι
3262 944 3360 1015 τὴν
3385 945 3773 998 πιστεύσασαν

2174 1039 2230 1091 ἐν
2281 1036 2509 1108 ἀληθεία
2541 1036 2720 1107 ψυχὴν
2752 1037 2832 1089 ἔτι
2880 1038 2937 1089 ἐν
2984 1038 3149 1107 σαρκὶ
3199 1034 3364 1091 οὖσαν
3400 1039 3477 1100 εἰς
3513 1036 3614 1107 τὴν
3646 1036 3771 1090 τῶν

2174 1129 2442 1199 οὐρανίων
2484 1127 2677 1195 φώτων
2721 1133 2814 1182 καὶ
2846 1115 3164 1200 μυστηρίων
3204 1130 3524 1194 ἀπόλαυσιν,
3555 1129 3660 1182 καὶ
3698 1130 3775 1183 τὰ

2174 1223 2337 1293 νοερὰ
2390 1224 2559 1293 αὐτῆς
2601 1223 2933 1295 αἰσθητήρια
2972 1225 3051 1295 τῷ
3091 1225 3224 1295 θείῳ
3279 1224 3439 1277 πάλιν
3474 1224 3617 1293 φωτὶ
3662 1220 3773 1293 τῆς

2177 1315 2398 1385 χάριτος
2421 1317 2693 1384 ὀμματοῖ·
2732 1316 2959 1387 ὕστερον
3004 1316 3061 1369 δὲ
3093 1315 3190 1369 καὶ
3234 1315 3382 1384 αὐτῷ
3421 1315 3497 1385 τῷ
3540 1313 3774 1385 σώματι

2176 1406 2445 1462 ἀθάνατόν
2480 1424 2536 1459 τε
2558 1409 2653 1460 καὶ
2688 1406 2965 1480 ἄφθαρτον
2993 1406 3278 1477 περισαλεῖ
3299 1405 3476 1470 δόξαν.

2254 1583 2383 1639 ΚΖ’.
2415 1583 2478 1637 Ol
2506 1581 2599 1635 τοῦ
2644 1581 2850 1651 κόσμου
2873 1580 3026 1634 τοῦδε
3079 1580 3294 1651 μακρὰν
3317 1579 3619 1651 γενόμενοι,
3674 1580 3775 1634 καὶ

2184 1672 2399 1740 σεμνῶς
2443 1671 2541 1741 μὲν
2567 1670 2664 1722 καὶ
2694 1668 3002 1738 φιλαρέτως
3051 1668 3458 1737 πολιτευόμενοι
3488 1683 3503 1698 ·
3564 1667 3650 1721 ἐτι
3714 1667 3774 1720 δέ

2183 1758 2503 1829 καλύμματι
2537 1758 2646 1811 τῶν
2672 1759 2861 1811 παθῶν
2894 1757 3264 1827 ύποκείμενοι,
3297 1758 3371 1820 ὡς
3396 1756 3485 1811 διὰ
3527 1757 3631 1825 τῆς
3672 1756 3773 1810 τοῦ

503 1846 764 1910 miseriae,
800 1846 1478 1915 propterinobedientiam
1511 1845 1834 1916 protoplasti
1860 1845 2082 1899 obnoxii

2195 1848 2609 1917 πρωτοπλάστου
2639 1848 2925 1918 παρακοῆς
2962 1846 3135 1916 ἔνοχοι
3160 1846 3507 1916 κατέστημεν
3536 1846 3772 1910 πάντες,

502 1955 697 1994 omnes
744 1953 969 2001 sumus,
1030 1938 1257 2003 carnali,
1300 1938 1543 2006 inquam,
1601 1937 1837 2004 subjecti
1871 1936 2081 2002 sensui,

505 2047 670 2103 quem
694 2030 991 2100 Apostolus
1032 2041 1254 2084 mortem
1296 2030 1494 2085 merito
1548 2029 1881 2098 appellat”;
1915 2029 1971 2082 hi
2013 2028 2087 2083 si-

506 2122 668 2182 miles
714 2129 846 2175 sunt
902 2120 1224 2175 hominibus
1275 2128 1443 2173 noctu
1504 2119 1608 2173 iter
1651 2117 1962 2187 agentibus,
2014 2116 2085 2171 ad

507 2219 685 2272 lucem
718 2228 1016 2281 astrorum,
1061 2232 1184 2286 quae
1225 2227 1353 2271 sunt
1384 2216 1478 2269 Dei
1509 2223 1802 2283 praecepta.
1829 2213 2085 2279 Quandiu

506 2311 654 2362 enim
705 2310 948 2364 nondum
1011 2310 1254 2378 perfecte
1317 2308 1534 2362 liberati
1569 2307 1876 2361 atenebris
1935 2316 2084 2371 sunt,

510 2401 659 2455 clare
681 2401 863 2454 omnia
896 2400 1210 2470 perspicere
1236 2415 1347 2453 non
1375 2408 1623 2466 possunt.
1645 2397 1858 2464 Quibus
1880 2408 1939 2453 et
1960 2414 2090 2453 con-

508 2497 680 2555 venit.
724 2497 913 2551 labore
974 2511 1039 2550 ac
1085 2495 1211 2560 ﬁde,
1264 2496 1455 2549 virtuti
1519 2495 1878 2561 attendendo,
1932 2510 2089 2551 orare

509 2584 791 2640 Christum
827 2587 991 2656 219
1026 2588 1196 2641 solem
1230 2587 1476 2657 iustitiae,
1518 2595 1579 2640 ut
1622 2587 1899 2641 illuminet
1922 2586 2090 2640 corda

512 2676 795 2745 ipsorum,
845 2693 956 2746 quo
1020 2677 1232 2746 possint
1286 2685 1477 2731 exacte
1518 2676 1807 2746 pervidere
1869 2686 2090 2737 cuncta.

512 2778 571 2821 et
623 2768 996 2836 spiritualium
1025 2767 1327 2822 bestiarum
1352 2767 1632 2821 incursum
1666 2767 1719 2820 in
1748 2782 1849 2820 nos
1876 2768 2089 2821 varium

512 2866 681 2926 atque
728 2858 1133 2927 multiplicem;
1168 2866 1225 2911 et
1260 2857 1701 2927 incorruptibilis
1750 2857 1942 2912 mundi
1973 2859 2096 2928 pul-

511 2949 859 3025 chritudines
891 2964 1121 3003 arcanas
1156 2949 1453 3004 iueﬂ‘abilis
1492 2958 1550 3004 et
1598 2950 1819 3005 decoris
1846 2958 1903 3005 et
1932 2951 2095 3005 volu-

514 3040 698 3109 ptatis,
733 3056 843 3109 quo
889 3041 1098 3095 scilicet
1115 3040 1279 3093 modo
1305 3040 1464 3095 valde
1482 3042 1760 3111 provectis
1783 3040 1841 3095 in
1863 3042 2093 3104 virtute,

2182 1941 2243 1992 τδ
2291 1937 2554 2009 σαρκικόν
2598 1954 2743 2007 φημι
2794 1936 3073 2006 φρόνημα,
3126 1936 3156 1988 ὃ
3194 1936 3288 1990 καὶ
3337 1936 3416 2005 τῷ
3457 1937 3777 2008 ’Δποστόλῳ

2185 2031 2440 2096 θάνατος
2477 2029 2693 2091 οἰκείως
2739 2027 2940 2100 ἐκλήθη
2969 2045 2984 2058 ·
3020 2020 3169 2081 οὗτοι
3214 2027 3588 2099 παραπλήσιοί
3634 2030 3776 2082 εἰσιν

2185 2121 2495 2192 ἀνθρώποις
2555 2120 2750 2183 νυκτὸς
2811 2120 2909 2190 μὲν
2973 2119 3311 2189 βαδίζουσιν,
3393 2118 3499 2173 ὑπὸ
3555 2119 3614 2172 δὲ
3664 2120 3777 2173 τῶν

2186 2214 2423 2282 ἄστρων,
2455 2212 2599 2282 ἅπερ
2626 2211 2765 2263 είσὶν
2794 2212 2848 2263 αἱ
2880 2209 2975 2262 τοῦ
3004 2209 3141 2262 Θεοῦ
3167 2210 3397 2275 ἐντολαὶ,
3421 2208 3775 2277 καταυγαζο·

2190 2304 2391 2373 μένοις.
2439 2302 2605 2355 υῦπω
2640 2302 2749 2371 γὰρ
2798 2302 2878 2365 είς
2922 2301 3077 2364 τέλος
3119 2300 3215 2353 τοῦ
3261 2301 3487 2364 σκότους
3534 2301 3757 2355 ἀπαλλα

2188 2397 2351 2464 γείσι,
2383 2394 2568 2458 καλῶς
2599 2395 2818 2449 ἅπαντα
2859 2394 3220 2449 κατοπτεύειν
3266 2394 3449 2457 αὐτοῖς
3488 2392 3772 2448 ἀδύνατον.

2188 2483 2282 2551 Οἷς
2310 2489 2402 2543 καὶ
2435 2488 2713 2558 προσῆκόν
2757 2490 2895 2553 ἐστι,
2941 2488 3090 2559 πόνῳ
3121 2487 3217 2541 καὶ
3256 2486 3435 2539 πίστει
3469 2485 3639 2556 πολλῇ
3674 2485 3774 2555 τῆς

2188 2582 2391 2651 ἀρετῆς
2424 2581 2882 2650 ἐπιμελουμένοις
2931 2579 3192 2649 δεηθῆναι
3223 2577 3456 2649 Χριστὸν
3494 2576 3588 2631 τδν
3620 2576 3772 2647 ἥλιον

2188 2670 2535 2741 δικαιοσύνης
2580 2670 2886 2740 ἐπιλάμψαι
2923 2672 3043 2733 ταῖς
3083 2670 3334 2739 καρδίαις
3378 2668 3578 2734 αὐτῶν,
3632 2668 3771 2723 ὥστε

2193 2761 2495 2832 δυνηθῆναι
2520 2761 2698 2816 πάντα
2727 2762 2865 2831 πρὸς
2893 2761 3179 2833 ἀκρίϐειαν
3204 2762 3426 2826 ἐπιδεῖν,
3453 2761 3554 2832 τὴν
3583 2778 3640 2814 τε
3666 2760 3770 2813 τῶν

2193 2854 2398 2925 νοητῶν
2450 2853 2658 2925 θηρίων
2709 2854 2830 2907 καθ’
2888 2854 3046 2924 ⁴ἡμῶν
3094 2852 3335 2906 ἐπίθεσιν
3367 2854 3623 2921 ποικίλην
3678 2852 3770 2905 καὶ

2193 2947 2544 3019 παντοδαπὴν
2565 2946 2754 3015 οὖσαν,
2779 2947 2873 3000 καὶ
2901 2946 2971 3000 τά
3001 2945 3097 3000 τοῦ
3124 2944 3403 3015 ἀφθάρτου
3444 2944 3647 3013 κόσμου
3675 2944 3769 3014 ἄῤ-

2197 3039 2337 3106 ρητα
2382 3036 2482 3107 τὴν
2533 3035 2679 3106 ὄψιν,
2732 3037 2829 3090 καὶ
2878 3037 2979 3107 τὴν
3022 3036 3214 3105 ἡδονὴν
3266 3035 3553 3105 ἀπόρρητα
3583 3032 3764 3101 κάλλη.

514 3139 573 3184 et
616 3146 849 3199 quorum
900 3130 1161 3185 cordibus
1216 3132 1401 3185 lumen
1474 3131 1849 3187 intellectuale
1906 3134 2089 3187 radios

2197 3130 2255 3183 ὃν
2288 3146 2353 3199 γε
2378 3129 2444 3201 δὴ
2473 3129 2675 3200 τρόπον
2717 3129 2944 3191 καὶτοῖς
2970 3128 3165 3199 ἀκροις
3193 3128 3290 3198 τὴν
3320 3128 3542 3199 ἀρετὴν,
3580 3128 3666 3180 καὶ
3694 3117 3765 3179 ὧν

514 3221 763 3284 immisit,
789 3222 916 3275 talia
970 3222 1152 3275 omnia
1205 3223 1493 3277 manifesta
1545 3232 1599 3276 et
1632 3223 1794 3291 plane
1852 3223 2089 3292 perfecta

2200 3220 2459 3291 ἐνεργοῦν
2485 3221 2543 3273 ἐν
2582 3222 2703 3283 ταῖς
2734 3220 2985 3292 καρδίαις
3007 3220 3191 3291 νοερὸν
3219 3220 3334 3288 φῶς
3361 3218 3619 3290 ἔλαμψεν,
3646 3215 3762 3269 ἐπί-

515 3320 665 3366 sunt.
713 3310 1081 3380 Pertectorum
1121 3311 1268 3365 enim
1314 3320 1411 3376 est,
1441 3320 1501 3364 ut
1543 3311 1736 3365 beatus
1765 3312 1841 3364 ait
1868 3313 2092 3379 Paulus,

514 3401 715 3457 solidus
742 3402 906 3463 cibus,
928 3417 1108 3454 eorum
1130 3416 1332 3471 nempe,
1363 3402 1453 3471 qui
1482 3401 1628 3454 bonis
1650 3401 1908 3454 habitibus
1943 3418 2095 3455 exer-

514 3496 701 3548 citatos
730 3493 921 3546 habent
941 3509 1148 3557 sensus,
1176 3492 1246 3545 ad
1267 3493 1631 3547 discretionem
1659 3491 1780 3545 boni
1797 3501 1845 3544 et
1869 3492 1999 3546 mali
2027 3492 2092 3545 ⁷⁵.

518 3583 627 3639 Sed
661 3593 716 3639 et
740 3583 962 3638 divinus
988 3584 1183 3638 Petrus
1210 3584 1289 3638 ait
1315 3601 1328 3637 :
1352 3583 1418 3638 Et
1441 3600 1529 3638 vos
1550 3584 1797 3638 habentes
1824 3584 2096 3655 propheti-

517 3694 637 3731 cum
666 3692 984 3742 sermonem,
1018 3678 1101 3729 cui
1126 3677 1430 3747 benefacitis
1482 3677 1834 3740 attendentes,
1863 3678 1995 3729 sicut
2018 3675 2099 3729 lu-

518 3782 691 3821 cerna:
735 3766 927 3819 lucenti
953 3766 1009 3819 in
1037 3767 1324 3836 catiginoso
1354 3765 1487 3832 loco,
1527 3766 1688 3819 donec
1718 3766 1824 3818 dies
1845 3765 2098 3819 eluceseat

519 3868 570 3911 et
599 3858 782 3927 lucifer
806 3858 1089 3910 oriaturin
1109 3857 1348 3911 cordibus
1377 3857 1646 3911 vestris".
1673 3856 1880 3926 Vulgus
1911 3865 2097 3910 autem

520 3945 658 3999 nihil
701 3945 861 4014 plane
892 3940 1078 3998 diﬂert
1104 3943 1175 3998 ab
1222 3944 1357 4010 illis,
1404 3944 1499 4014 qui
1537 3959 1635 4013 per
1676 3951 1915 4005 noctem,
1946 3942 2097 3996 omni

520 4047 797 4091 carentem
861 4036 1094 4103 lumine,
1124 4035 1446 4101 ambulant,
1507 4051 1609 4090 nec
1653 4035 1881 4088 minimo
1912 4035 2097 4104 splen-

521 4127 660 4182 dure
708 4127 1008 4192 fruuntur;
1063 4127 1118 4181 id
1160 4128 1307 4197 quod
1334 4135 1422 4183 est
1460 4127 1702 4181 Verbum
1729 4126 1849 4190 Dei,
1891 4126 2100 4182 animas

520 4233 713 4273 eorum
767 4217 1084 4272 illuminare
1116 4217 1343 4283 valens;
1388 4224 1447 4271 ut
1494 4216 1615 4271 fere
1669 4230 1778 4269 non
1804 4214 2101 4270 dissimiles

520 4306 682 4361 caecis
707 4307 840 4362 sint.
872 4306 1197 4376 Huiusmodi
1247 4307 1501 4362 homines
1552 4317 1683 4362 sunt
1721 4307 2101 4362 materialibus

522 4396 788 4468 implicati
831 4397 1002 4463 curis,
1031 4406 1089 4452 et
1115 4396 1462 4451 saecularium
1488 4397 1724 4452 nexibus
1753 4398 2100 4469 negotiorum

2198 3312 2333 3382 δηλα
2364 3311 2539 3366 ταῦτα
2586 3313 2681 3366 καὶ
2725 3312 3011 3381 καταφανῆ
3059 3311 3265 3379 γίνεται
3299 3324 3314 3342 ⁸
3371 3312 3609 3365 Τελείων
3637 3307 3755 3376 γὰρ,

2204 3404 2281 3467 ὡς
2302 3404 2332 3457 ὁ
2371 3404 2641 3473 μακάριός
2676 3420 2810 3473 φησι
2836 3402 3072 3469 Παῦλος,
3103 3402 3143 3470 ἡ
3171 3400 3387 3469 στερεὰ
3415 3398 3610 3469 τροφὴ,
3640 3395 3752 3449 τῶν

2198 3496 2297 3549 διὰ
2326 3494 2442 3562 τὴν
2463 3494 2594 3558 ἕξιν
2620 3493 2693 3547 τὰ
2719 3490 3075 3560 αἰσθητήρια
3106 3487 3593 3560 γεγυμνασμένων
3610 3483 3748 3551 πρὸς

2199 3587 2317 3656 τὴν
2365 3585 2475 3641 τοῦ
2516 3584 2708 3640 καλοῦ
2753 3583 2853 3637 καὶ
2901 3582 3091 3637 κακοῦ
3134 3580 3467 3650 διάκρισινο
3511 3574 3636 3630 ἀλλὰ
3664 3573 3746 3627 καὶ

2199 3684 2228 3735 ὀ
2256 3681 2398 3740 θεῖος
2426 3677 2633 3749 Πέτρος
2658 3677 2823 3748 φησίν
2848 3692 2864 3707 ο
2896 3674 3004 3730 Καὶ
3031 3673 3200 3743 ὑμεῖς
3231 3675 3480 3741 ἔχοντες
3503 3668 3607 3721 τὸν
3630 3678 3762 3732 προ-

2200 3770 2456 3840 φητικὸν
2495 3770 2702 3838 λόγον,
2743 3761 2793 3835 ᾧ
2840 3764 3042 3831 καλῶς
3093 3762 3313 3817 ποιεῖτε
3356 3759 3764 3830 προσέχοντες,

2200 3839 2281 3931 ὧς
2314 3864 2523 3932 λύχνῳ
2553 3862 2830 3931 φαίνοντι
2858 3858 2929 3913 ἐν
2973 3856 3260 3927 αὐχμηρῷ
3307 3857 3487 3918 τόπῳ,
3544 3851 3652 3917 ἕως
3701 3839 3765 3899 οὗ

2200 3956 2392 4026 ἡμέρα
2424 3953 2722 4024 διαυγάσῃ
2748 3952 2845 4006 καὶ
2876 3951 3197 4021 φωσφόρος
3217 3948 3502 4013 ἀνατείλῃ
3541 3944 3609 3998 ἐν
3649 3938 3771 4003 ταῖς

2202 4048 2474 4117 καρδίαις
2522 4044 2711 4116 ὑμῶν.
2758 4045 2823 4098 Οἱ
2860 4042 2917 4098 δὲ
2967 4042 3172 4106 πολλοὶ,
3220 4039 3372 4093 οὐδὲν
3414 4034 3775 4106 διενηνόχασιν

2201 4141 2428 4194 ἐκείνων
2481 4138 2590 4192 τῶν
2629 4139 2687 4191 ἐν
2730 4136 2887 4192 νυκτὶ
2937 4134 3115 4203 φωτὸς
3159 4131 3506 4185 παντάπασιν
3557 4127 3769 4196 ἀπόρων

2202 4230 2668 4303 περιπατούντων,
2694 4229 2789 4283 καὶ
2828 4227 2961 4299 μηδέ
2996 4226 3253 4297 βραχείας
3283 4221 3663 4277 ἀπολαυόντων
3689 4214 3776 4270 αὖ·

2205 4324 2332 4391 γῆς,
2369 4322 2507 4393 ὅπερ
2543 4320 2661 4374 ἐστὶ
2693 4320 2837 4381 θεῖος
2866 4318 3026 4385 λόγος
3068 4317 3188 4378 ταῖς
3220 4314 3418 4384 ψυχαῖς
3464 4308 3646 4364 αὐτῶν
3674 4310 3777 4360 ἐπι-

2207 4416 2452 4485 λάμπειν
2498 4413 2820 4482 δυνάμενος,
2860 4409 2937 4471 ὡς
2979 4405 3166 4478 σχεδὸν
3215 4404 3289 4475 μὴ
3326 4401 3613 4471 ἀνομοίους
3650 4393 3778 4451 εἶναι

521 4485 717 4550 vincti,
751 4495 809 4539 et
861 4501 1043 4554 neque
1086 4486 1274 4540 divino
1309 4486 1505 4540 timore
1548 4485 1771 4543 ﬁrmati.
1798 4500 1899 4539 nec
1930 4488 2089 4541 ullum

2208 4506 2453 4574 τυφλοῖς.
2482 4496 2644 4557 Οὗτοί
2681 4502 2789 4554 είσι
2819 4499 2868 4552 οἱ
2891 4499 3013 4560 ταῖς
3046 4496 3259 4557 ὑλικαῖς
3286 4493 3347 4548 τὸ
3381 4492 3500 4546 ὅλον
3522 4487 3779 4585 περιπλοῗ

523 4587 784 4635 curantes
813 4595 1081 4634 exercere
1118 4579 1499 4634 beneﬁcentia:
1532 4590 1629 4634 aut
1659 4579 1886 4635 virtutis
1916 4582 2104 4652 cujus-

523 4671 649 4723 dam
673 4683 833 4738 opus.
872 4668 1089 4723 Etenim
1148 4676 1419 4739 quotquot
1464 4669 1780 4723 surcularem
1825 4680 2105 4738 utcunque

528 4760 793 4831 degentes
817 4760 1008 4825 vitam,
1035 4770 1238 4823 tamen,
1269 4760 1348 4813 uti
1383 4758 1592 4814 dictum
1639 4767 1746 4814 est.
1776 4774 1807 4812 a
1834 4759 2107 4813 mandatis

526 4854 752 4918 sanctis,
820 4854 1033 4909 veluta
1091 4852 1421 4923 quibusdam
1470 4853 1856 4907 illuminantur
1907 4854 2102 4919 stellis,

523 4948 651 5003 fidei
682 4957 738 5003 et
768 4949 862 5003 Dei
902 4948 1086 5002 timori
1141 4947 1526 5013 attendentes;
1557 4946 1613 5000 hi
1650 4961 1781 5001 sane
1811 4962 1919 5000 non
1942 4963 2104 5017 pror-

522 5054 618 5093 sus
646 5039 1034 5107 eomprehensi
1086 5046 1217 5092 sunt
1257 5036 1520 5103 tenebris,
1570 5036 1714 5090 unde
1739 5045 1796 5091 et
1830 5050 1983 5105 spem
2017 5051 2101 5091 sa-

521 5128 654 5183 lutis
684 5128 889 5183 habere
924 5138 1178 5198 possunt.

594 5333 835 5388 XXVIII.
872 5333 943 5389 Ut
975 5334 1208 5387 multum
1256 5334 1403 5388 inter
1440 5348 1497 5388 se
1550 5331 1871 5388 differentes
1902 5333 2002 5390 via:
2036 5348 2100 5389 ac

522 5427 773 5482 rationes
795 5432 946 5484 sunt,
977 5426 1182 5494 quibus
1208 5425 1277 5478 ab
1308 5425 1631 5479 hominibus
1656 5424 1992 5494 colliguntur
2020 5425 2103 5479 di-

521 5517 706 5580 vitiae;
736 5513 927 5582 utique
967 5528 1092 5567 cum
1119 5514 1211 5567 alii
1241 5529 1308 5567 ex
1347 5513 1728 5568 [unctionibus
1752 5514 2101 5584 publicorum

522 5607 962 5679 magistratuum;
987 5606 1078 5660 alii
1102 5621 1167 5659 ex
1192 5605 1675 5659 mercimoniorum
1705 5604 2101 5675 negotiatione,

594 5777 639 5808 "
664 5776 819 5832 Ilom.
853 5795 951 5844 vn,
972 5779 1064 5834 24.
1140 5780 1186 5817 ⁷³
1207 5779 1371 5835 Ilebr.
1393 5798 1444 5846 ν,
1476 5780 1560 5835 Η.

1659 5780 1703 5814 ⁷⁸
1732 5778 1775 5833 Il
1804 5779 1949 5836 Petr.
1987 5795 2026 5848 ι,
2057 5779 2141 5835 I9.

2207 4600 2329 4660 καῖς
2368 4594 2466 4650 καὶ
2495 4596 2606 4655 τοῖς
2649 4591 2924 4663 βιωτικοῖς
2958 4588 3175 4658 ἅμμασι
3216 4583 3654 4652 καταδεδεμένοι,
3684 4574 3779 4631 καὶ

2209 4691 2345 4760 μήτε
2398 4687 2527 4756 θείῳ
2579 4683 2729 4754 φόϐῳ
2776 4678 3253 4750 διακρατούμενοι,
3308 4676 3446 4746 μήτε
3486 4671 3643 4735 τινὰς
3682 4666 3778 4721 τῶν

2204 4776 2581 4848 ἀγαθοεργῶν
2610 4773 3022 4846 μετερχόμενοι.
3052 4770 3162 4823 Καὶ
3192 4766 3302 4837 γάρ
3338 4766 3452 4818 ὅσοι
3482 4764 3592 4815 τῶν
3616 4762 3782 4831 βιωτι-

2204 4872 2318 4925 κῶν
2345 4869 2576 4939 ἀνδρῶν,
2618 4865 2809 4934 ὥσπερ
2857 4864 3132 4925 λέλεκται,
3180 4859 3285 4912 ὑπὸ
3324 4855 3554 4910 ἐντολῶν
3595 4853 3779 4921 ἀγίων,

2204 4962 2279 5026 ὡς
2303 4960 2408 5014 ὑπὸ
2429 4961 2646 5027 ἄστρων
2668 4955 2829 5010 τινῶν
2864 4952 3270 5022 διαυγάζονται,
3302 4950 3482 5002 πίστει
3508 4946 3603 4999 καὶ
3642 4942 3782 5014 φόόῳ

2208 5053 2286 5123 τῷ
2324 5052 2416 5104 τοῦ
2460 5050 2595 5103 Θεοῦ
2632 5047 2991 5117 προσέχοντες
3020 5059 3036 5077 ο
3066 5038 3213 5098 οῦτοι
3272 5042 3391 5112 οὐχὶ
3436 5037 3692 5100 καθάπαξ
3716 5030 3783 5099 τῷ

2210 5147 2394 5202 σκότει
2442 5141 2945 5214 περιλαμϐάνονται
2970 5154 2987 5172 ο
3028 5138 3162 5209 παρ’
3194 5136 3224 5189 ὃ
3262 5134 3356 5189 καὶ
3391 5131 3583 5186 ἐλπίδα
3626 5142 3784 5193 σωτη-

2206 5239 2327 5308 ρίας
2352 5236 2497 5306 ἐχειν
2529 5234 2807 5289 δύνανται.

2273 5328 2408 5382 ΚΗ’.
2444 5325 2650 5395 Ὠσπερ
2680 5326 2743 5377 ἐκ
2776 5322 3046 5393 διαφόρων
3078 5315 3340 5389 ἀφορμῶν
3368 5331 3428 5368 τε
3471 5311 3566 5366 καὶ
3604 5312 3783 5373 ἐπιτηα

2203 5419 2494 5489 δευμάτων
2519 5418 2548 5470 ὁ
2577 5418 2635 5468 ἐν
2665 5414 2744 5486 τῷ
2774 5414 2966 5483 κόσμῳ
2996 5413 3109 5473 τοῖς
3134 5406 3445 5478 ἀνθρώποις
3474 5402 3781 5489 συλλέγεται

2209 5485 2442 5573 πλοῦτος
2469 5525 2484 5541 ο
2517 5511 2546 5562 ὁ
2576 5508 2679 5580 μὲν
2713 5507 2772 5571 ἐξ
2804 5502 3140 5577 ἀρχοντικῶν
3190 5499 3539 5570 ἀξιωμάτων,
3579 5496 3609 5547 ὁ
3658 5485 3781 5551 δέὲξ

2210 5603 2504 5675 ἐμπορίας,
2534 5604 2563 5654 ὁ
2597 5601 2653 5655 δέ
2683 5603 2749 5654 ὲκ
2793 5594 3118 5668 φιλοπονίας
3140 5592 3339 5664 δήπου,
3372 5590 3463 5643 καὶ
3496 5580 3777 5657 γεωργίαςς
