4020 6430
387 315 486 381 961

1562 314 1657 373 DE
1699 315 2126 382 LlBERTATE
2167 324 2472 387 MENTIS.

3540 322 3645 385 962

382 428 477 480 καὶ
506 422 664 487 ἀλλος
696 422 870 485 ἄλλως
891 438 903 451 ·
939 422 1039 491 τὴν
1071 420 1241 492 αὐτὴν
1271 422 1384 475 οἴου
1410 439 1500 493 μοι
1534 426 1626 477 καὶ
1656 428 1769 487 τοῖς
1797 443 1952 478 πνευ-

2066 430 2158 483 alii
2189 445 2253 484 ex
2296 430 2543 501 diligenti
2575 429 2765 483 labore
2793 438 2847 482 et
2880 429 3211 499 agricultura
3247 444 3359 484 rem
3402 429 3643 491 faciant;

383 519 633 590 ματικοῖς
683 510 824 570 εἶναι
867 515 1132 581 διάταξιν.
1169 516 1230 567 Οἱ
1284 516 1383 584 μὲν
1430 516 1538 587 γὰρ
1572 518 1638 570 ἐκ
1685 518 1957 589 διαφόρων

378 610 757 680 χαρισμάτων,
793 606 869 670 ὡς
895 606 955 658 τὸ
985 604 1079 659 τοῦ
1119 606 1442 658 Ἀποστὸλου
1466 607 1647 676 δηλοῖ*
1682 610 1963 676 Ἔχοντες

378 702 447 755 δὲ
485 701 827 769 χαρίσματα
853 697 1004 751 κατὰ
1032 696 1148 763 τὴν
1183 696 1361 764 χάριν
1395 696 1502 750 τοῦ
1537 698 1685 751 Θεοῦ
1717 698 1833 763 τὴν
1861 699 1961 751 δο-

380 792 593 847 θεῖσαν
618 790 765 859 ἡμῖν
793 789 1066 857 διάφορα.
1100 790 1161 841 Ol
1183 788 1241 841 δὲ
1263 791 1325 841 ὲκ
1347 788 1621 859 διαφόρων
1652 806 1710 842 τε
1740 790 1962 843 δικαιω-

382 881 568 950 μάτων
611 880 704 932 καὶ
734 878 946 947 ἀρετῶν
979 877 1066 929 διὰ
1098 877 1257 947 μόνον
1320 878 1452 930 Θεὸν
1491 878 1818 948 γενομένων,
1869 881 1963 933 τὸν

378 973 701 1042 ἐπουράνιον
750 970 1067 1041 ἀθροίζουσι
1146 969 1407 1023 πλοῦτονο
1472 971 1613 1042 πλὴν
1654 958 1803 1024 ’ἀλλ’
1861 972 1962 1025 οὑκ

376 1064 564 1132 ἀδηλοι
607 1064 702 1115 καὶ
740 1063 791 1115 of
835 1062 927 1114 τὸν
964 1060 1166 1130 χρυσὸν
1195 1061 1579 1131 ἀνορύττοντες
1602 1078 1615 1093 ·
1646 1064 1695 1115 οἱ
1724 1063 1812 1115 διά
1852 1080 1962 1133 μα-

382 1154 688 1223 κροθυμίας
713 1153 807 1206 καὶ⁸
835 1152 1113 1221 ὑπομονῆς
1142 1152 1341 1223 δηλαδὴ
1368 1155 1670 1225 τρέχοντες,
1698 1154 1793 1208 καὶ
1822 1155 1963 1208 κατὰ

383 1243 550 1313 μέρος
582 1241 849 1295 πλουτοῦν
881 1240 1019 1303 τέως
1045 1244 1142 1311 τῆς
1170 1243 1381 1311 ἀγαθῆς
1415 1242 1628 1305 ἐλπίδος
1660 1243 1964 1314 ὑπερηδοὺ.

376 1348 507 1401 σης·
539 1332 640 1385 οὑκ
664 1324 848 1400 ἄδηλοι
876 1330 933 1383 δὲ
965 1331 1060 1383 καὶ
1086 1332 1134 1383 οἱ
1169 1330 1475 1399 καθαπερεὶ
1505 1330 1731 1401 μίσθιοι,
1763 1331 1963 1401 βλάκες

374 1423 529 1486 ὄντες
577 1424 672 1476 καὶ
704 1423 960 1493 νωχελεῖς
982 1439 995 1453 ·
1038 1423 1087 1475 οἱ
1128 1422 1331 1486 εὐθέως
1366 1422 1426 1475 τὸ
1460 1423 1737 1493 ἐμπίπτον
1770 1422 1962 1494 ὥσπερ

373 1512 670 1579 ἐσθίοντες,
722 1516 816 1567 καὶ
861 1514 936 1583 μὴ
996 1513 1114 1583 μεθ’
1160 1513 1442 1584 ὑπομονῆς
1489 1514 1557 1566 τὰ
1592 1515 1734 1583 μετά
1772 1517 1963 1585 χεῖρας

373 1604 647 1667 ἀνύοντες,
686 1605 773 1657 ἀεὶ
802 1605 998 1674 γυμνοί
1045 1622 1104 1657 τε
1151 1606 1247 1658 καὶ
1291 1606 1522 1675 πένητες
1558 1606 1960 1676 περιέρχονται.

372 1694 488 1750 Καὶ
523 1695 634 1765 γὰρ
677 1690 821 1750 οὗτοι
873 1696 1007 1764 πρὸς
1048 1696 1148 1765 μὲν
1188 1696 1248 1749 τὸ
1289 1697 1476 1749 λαὸεἶν
1500 1696 1599 1767 τὴν
1630 1698 1788 1767 χάριν
1820 1697 1962 1749 ἑτοί-

2070 521 2161 574 alii
2194 521 2452 575 aliunde:
2484 535 2671 590 parem
2711 520 2845 573 mihi
2885 529 2938 574 tu
2958 534 3175 589 quoque
3197 529 3328 589 puta
3357 520 3643 575 observari

2069 622 2225 675 posse
2254 606 2309 661 in
2345 608 2511 662 rebus
2541 607 2923 676 spiritualibus
2970 607 3240 660 rationem
3285 615 3341 660 et
3394 607 3639 661 modum.

2066 697 2145 750 Ex
2174 698 2260 752 his
2292 697 2461 767 aliqui
2492 697 2901 766 locupletantur
2928 712 3029 751 usu
3068 696 3444 766 exercitioque
3468 697 3649 751 chari-

2066 798 2300 844 smatum
2358 789 2659 851 variorum,
2709 795 2770 841 ut
2815 786 3087 857 significat
3122 788 3418 856 Apostolus
3463 788 3651 841 verbis

2066 879 2211 932 illis:
2249 878 2511 932 Habentes
2546 878 2857 931 donationes
2888 878 3178 931 secundum
3224 880 3479 948 gratiam,
3530 896 3647 947 quae

2065 968 2195 1021 data
2221 976 2295 1021 est
2346 969 2512 1033 nobis,
2541 968 2837 1039 differentes
2861 968 2927 1022 ".
2966 967 3072 1023 Alii
3109 968 3402 1038 multiplici
3437 970 3649 1024 exorci—

2067 1060 2272 1113 tatione
2291 1060 2675 1129 religiosorum
2701 1061 2838 1114 varii
2860 1061 3082 1129 generis
3102 1074 3353 1129 operum,
3379 1062 3646 1130 praxique

2065 1150 2331 1204 virtutum
2358 1165 2423 1205 ac
2451 1150 2899 1220 frequentatione
2934 1151 3299 1205 laudabilium
3348 1152 3403 1207 in
3426 1153 3646 1208 diversa

2064 1241 2248 1310 specie
2279 1239 2606 1305 ciliciorum,
2659 1241 2757 1295 Dei
2815 1256 2978 1296 causa
3013 1241 3179 1295 unius
3204 1241 3506 1308 obitorum,
3537 1258 3648 1298 cce-

2063 1330 2230 1385 lestes
2260 1331 2468 1401 ingenti
2497 1331 2655 1401 c0pia
2688 1339 2994 1402 congerunt
3029 1346 3180 1401 Opes.
3222 1332 3301 1386 Ne
3342 1332 3379 1386 ii
3422 1332 3647 1402 quidem

2066 1423 2121 1477 in
2155 1422 2259 1478 hac
2286 1431 2441 1493 parte
2494 1438 2605 1477 non
2658 1423 2908 1493 insignes
2936 1431 3083 1487 Sunt,
3122 1424 3216 1493 qui
3261 1439 3457 1478 aurum
3507 1425 3651 1480 info-

2064 1512 2263 1578 diunt;
2294 1513 2714 1583 longanimitate
2755 1513 3013 1567 videlicet
3042 1521 3097 1566 et
3128 1512 3392 1582 patientia
3418 1528 3648 1568 curren-

2064 1615 2147 1657 tes
2180 1601 2235 1656 in
2266 1601 2500 1671 singulis
2528 1602 2669 1656 lucri
2694 1603 2981 1671 particulis
3010 1601 3318 1670 captandis,
3352 1616 3419 1655 ex
3444 1602 3647 1671 quibus

2068 1692 2249 1762 magni
2292 1692 2423 1746 olim
2467 1690 2742 1746 conﬂandi
2794 1692 2999 1746 cumuli
3062 1708 3157 1761 spe
3225 1692 3444 1747 interim
3504 1693 3648 1747 bona

378 1804 495 1854 μως
537 1761 683 1855 ἀγαν
722 1788 818 1840 καὶ
866 1761 1084 1858 θερμῶς
1132 1787 1367 1858 ἔχοντες,
1422 1761 1819 1857 εὑμετὰῦλητοι
1866 1789 1952 1841 καὶ

2065 1761 2330 1855 gaudent.
2379 1784 2566 1853 Neque
2610 1784 2784 1839 latent
2833 1786 3088 1838 nonnulli
3127 1785 3284 1855 quasi
3318 1783 3645 1839 mercenarii

372 1877 494 1947 ἅμα
540 1879 635 1932 τοῦ
677 1879 917 1947 ἅψασθαι
972 1880 1379 1949 κορεννύμενοι,
1435 1879 1690 1949 ἁψίκοροι
1736 1879 1792 1931 δὲ
1830 1896 1960 1949 ναρ-

370 1967 568 2031 κώδεις
613 1972 742 2039 περὶ
772 1970 831 2023 τὸ
869 1973 1052 2023 πονεῖν
1081 1970 1501 2040 γνωριζόμενοι,
1534 1971 1628 2023 καὶ
1665 1965 1731 2041 ἦς
1764 1970 1956 2039 ἔτυχον

367 2057 693 2122 ἀξιωθέντες
744 2062 967 2129 χάριτος
1021 2061 1402 2130 ἀφαιροῦνται.
1453 2062 1727 2131 Ἀείέποτε
1756 2060 1863 2132 γὰρ
1920 2064 1953 2132 ἡ

366 2148 592 2213 νωθεία,
637 2153 733 2203 καὶ
784 2151 1046 2221 ἀμϐλεία,
1101 2153 1195 2205 καὶ
1236 2152 1559 2223 ὴμελημένη
1610 2152 1952 2223 προαίρεσις,

369 2241 701 2309 ἀσύμφωνος
739 2244 797 2295 ὲν
848 2242 1053 2312 χάριτι,
1086 2242 1293 2311 ἔρημος
1327 2244 1383 2297 δὲ
1431 2244 1652 2311 ἀγαθῶν
1684 2244 1955 2314 πράξεων.

381 2330 664 2401 Ἀδόκιμος
715 2332 772 2384 δὲ
820 2334 969 2403 ποιρά
1020 2333 1139 2401 Θεῷ
1174 2334 1267 2387 καὶ
1298 2334 1484 2399 ἄδοξος
1530 2336 1622 2387 καὶ
1657 2336 1750 2387 νῦν
1797 2335 1963 2403 ἔγνω-

370 2439 516 2484 σται,
549 2424 642 2475 καὶ
670 2424 726 2477 ὲν
754 2421 947 2493 ἐκείνῳ
982 2442 1057 2492 τῳ
1091 2427 1244 2477 αίωνι
1272 2424 1653 2496 εὑρεθήσεται.

2066 1875 2262 1929 molles
2291 1873 2456 1927 iidem
2497 1873 2813 1943 ignavique,
2844 1874 2937 1942 qui
2969 1874 3153 1928 statim
3188 1875 3358 1927 veluti
3383 1874 3648 1928 devorant

2067 1963 2441 2034 quodcunque
2500 1961 2708 2016 bonum
2764 1962 2899 2031 ipsis
2946 1964 3000 2017 in
3052 1978 3248 2017 manus
3278 1963 3494 2028 incidit,
3520 1978 3645 2017 cum

2064 2058 2238 2111 multa
2263 2055 2461 2109 exinde
2492 2055 2765 2110 deberent
2807 2056 2861 2110 in
2901 2070 3059 2110 usum
3090 2056 3336 2112 secuturi
3366 2056 3647 2126 temporis,

2062 2148 2251 2201 solerti
2284 2162 2409 2201 cum
2454 2146 2722 2215 patientia
2773 2148 3103 2203 tractatione
3144 2156 3466 2213 maturare;
3523 2148 3651 2201 hinc

2070 2244 2159 2305 sit,
2191 2255 2251 2296 ut
2276 2242 2407 2296 nudi
2443 2257 2661 2311 semper
2690 2253 3025 2313 egentesque
3049 2244 3411 2299 circumeant.
3434 2243 3649 2297 Etenim

2074 2334 2209 2387 tales
2254 2333 2320 2386 ad
2355 2334 2681 2401 capiendam
2721 2334 2943 2402 quidem
2972 2335 3202 2403 gratiam
3263 2337 3437 2403 parati
3468 2345 3523 2385 et
3561 2351 3649 2386 ar-v

2074 2425 2269 2479 denter
2308 2434 2437 2478 sunt
2465 2424 2693 2494 cupidi;
2738 2441 2863 2478 mox
2902 2437 3086 2479 tamen
3142 2425 3300 2480 facile
3330 2425 3648 2495 mutabiles,

368 2526 425 2571 et
450 2533 481 2572 a
502 2520 681 2588 primo
712 2521 896 2575 statim
920 2529 1137 2593 gustatu
1166 2521 1360 2584 saturi,
1392 2520 1743 2591 pigritiaque
1769 2522 2060 2590 comperti,
2097 2536 2160 2574 ac
2208 2521 2347 2590 fuga:
2396 2520 2620 2584 laboris,
2647 2519 2742 2587 qui
2778 2518 3017 2573 debebat
3041 2516 3313 2582 adhiberi,
3343 2517 3651 2571 exercendo

369 2608 517 2675 quod
545 2619 879 2679 acceperunt
912 2612 1082 2673 dono,
1119 2627 1185 2667 eo
1226 2612 1425 2666 merito
1465 2613 1776 2682 privantur,
1805 2612 1985 2667 ablata
2018 2612 2172 2680 ipsis,
2198 2627 2305 2680 qua
2332 2611 2550 2664 fuerant
2578 2610 2745 2673 beati,
2787 2611 2980 2679 gratia.
3022 2608 3313 2678 Nunquam
3356 2608 3506 2661 enim
3539 2620 3650 2659 non

369 2692 643 2765 socordia,
672 2703 984 2766 oscitantia,
1018 2702 1190 2757 hebes
1224 2702 1453 2756 tarditas
1484 2703 1681 2771 supine
1708 2718 1903 2757 secura
1926 2702 2225 2772 propositi;
2252 2702 2485 2756 dissona:
2517 2718 2606 2756 res
2635 2710 2690 2755 et
2714 2701 3153 2756 inconsenlaneae
3184 2700 3373 2770 gratia:
3403 2698 3647 2753 fuerunt.

368 2788 549 2854 Quare
574 2791 670 2859 qui
705 2800 879 2845 scatet
916 2792 1066 2846 hisce
1095 2792 1265 2854 vitiis,
1298 2807 1497 2860 expers
1525 2807 1755 2861 operum
1798 2794 2092 2854 bonorum,
2135 2794 2278 2862 apud
2315 2792 2483 2845 Deum
2528 2794 2797 2861 reprobus
2823 2802 2878 2847 et
2917 2793 3201 2863 inglorius,
3235 2792 3312 2845 uti
3364 2793 3475 2861 jam
3503 2809 3650 2847 nunc

368 2880 706 2949 agnoscitur,
747 2884 827 2935 sic
845 2891 901 2935 et
932 2881 985 2935 in
1013 2884 1198 2936 futuro
1237 2883 1438 2937 saeculo
1491 2884 1817 2952 reperietur.

441 2974 543 3027 ιε’.
601 2976 917 3043 Παραϐάντι
978 2976 1054 3045 τῷ
1111 2978 1386 3049 ἀνθρώπῳ
1438 2980 1537 3049 τὴν
1585 2978 1805 3050 ἐντολὴν
1866 2980 1961 3032 τοῦ

369 3065 531 3128 Θεοῦ,
561 3068 653 3117 καὶ
692 3069 791 3135 τῆς
829 3069 925 3119 τοῦ
957 3070 1287 3138 παραδείσου
1323 3072 1600 3139 διαγωγῆς
1649 3072 1960 3135 ἐκπεσόντι,

367 3155 516 3211 δυοῖν
561 3156 751 3227 ὥσπερ
791 3157 1015 3238 ἁλύσεσι
1062 3159 1303 3215 δεδέσθαι
1352 3163 1825 3233 συνηκολούθησε*
1864 3167 1960 3235 μιᾷ

373 3250 471 3317 μὲν
510 3249 618 3302 τῶν
673 3249 947 3317 βιωτικῶν
997 3254 1364 3322 πραγμάτιον,
1400 3255 1491 3307 καὶ
1519 3256 1809 3327 σαρκικῶν
1832 3257 1957 3326 ἠδο-

2140 2980 2329 3035 ΧΧΙΧ.
2359 2981 2729 3054 Transgresso
2760 2982 2854 3037 Dei
2888 2980 3209 3034 mandatum
3242 2980 3479 3043 homini,
3506 2989 3647 3034 etex

2062 3070 2223 3125 beata
2274 3072 2514 3141 paradisi
2582 3072 2794 3143 dejecto
2857 3070 3115 3134 statione,
3167 3069 3381 3124 duabus
3435 3085 3503 3123 ex
3542 3070 3649 3123 hoc

2059 3164 2293 3235 contigit
2324 3166 2487 3235 quasi
2518 3166 2729 3219 catenis
2766 3164 2946 3235 ligari.
2972 3163 3129 3217 Prior
3160 3170 3264 3225 est,
3317 3177 3425 3231 qua
3459 3161 3651 3217 devin-

2057 3258 2203 3311 citur
2226 3272 2370 3312 nexu
2405 3257 2656 3312 sensibili
2690 3272 2814 3311 cum
2845 3255 3081 3325 negotiis
3107 3254 3489 3318 sazcularibus,
3522 3270 3644 3309 car-

367 3339 496 3406 νῶν,
536 3340 789 3406 πλούτου,
814 3340 995 3411 δόξης,
1024 3343 1225 3410 φιλίας,
1256 3346 1535 3413 γυναικὸς,
1567 3347 1795 3409 τέκνων,
1817 3364 1948 3415 συγ-

2059 3349 2273 3405 nalibus
2320 3350 2721 3419 voluptatibus,
2760 3348 2990 3413 divitiis,
3023 3347 3431 3403 existimatione
3458 3388 3472 3409 ,
3507 3348 3648 3400 ami-

367 3432 605 3498 γενείας,
642 3431 923 3502 πατρίδος,
973 3436 1293 3503 κτημάτων,
1339 3437 1433 3489 καὶ
1477 3438 1665 3501 ἁπλῶς
1730 3439 1950 3493 πάντων

362 3523 471 3574 τῶν
503 3524 867 3592 φαινομένων,
914 3524 1006 3593 ἀφ’
1051 3519 1126 3579 ὦν
1160 3528 1188 3578 ὁ
1215 3528 1310 3580 τοῦ
1354 3529 1488 3582 Θεοῦ
1517 3529 1673 3593 λόγος
1718 3533 1839 3584 κατ’
1871 3534 1949 3584 ol-

364 3614 521 3665 κείαν
558 3616 704 3682 ἡμᾶς
735 3617 1055 3685 προαίρεσιν
1084 3618 1418 3673 ἀπολύεσθαι
1470 3621 1702 3677 κελεύει.
1757 3622 1949 3694 Ἐτέρᾳ

362 3704 421 3756 δὲ
448 3704 656 3774 ἀδήλῳ,
684 3707 778 3757 καὶ
809 3707 917 3776 γὰρ
945 3708 1150 3761 δέδεταί
1172 3727 1277 3763 τινι
1305 3712 1491 3783 δεσμῷ
1522 3714 1725 3767 σκόπου
1750 3715 1782 3785 ἡ
1805 3714 1946 3784 ψυχὴ

364 3796 501 3865 πρὸς
546 3796 655 3848 τῶν
703 3796 800 3867 τῆς
848 3800 1114 3869 πονηρίας
1178 3804 1505 3873 πνευμάτων
1560 3806 1759 3872 αὐτῶν,
1819 3808 1948 3876 παρ’

360 3884 392 3937 ὃ
437 3886 569 3955 μηδὲ
620 3888 842 3941 δυνατὸν
903 3893 1040 3962 αὐτῇ
1093 3893 1223 3964 μήτ’
1264 3896 1547 3966 ἀγαπῆσαι
1598 3898 1752 3959 Θεὸν,
1811 3900 1945 3968 μήτε

363 3979 654 4032 πιστεῦσαι
715 3981 855 4050 μήτε
897 3988 1169 4055 προσευχῇ
1206 3989 1511 4058 χρήσασθαι
1556 3991 1807 4063 καθάπερ
1835 3992 1946 4060 ἔχει

362 4069 685 4140 θελήματος.
748 4072 971 4125 Πάντων
1033 4077 1211 4148 γάρὴ
1264 4080 1576 4150 ἐναντιότης
1620 4082 1676 4134 ἔν
1726 4100 1784 4133 τε
1836 4086 1946 4145 τοῖς

363 4166 615 4229 φανεροῖς
655 4163 712 4215 ἐν
764 4181 822 4216 τε
854 4168 966 4227 τοῖς
1018 4167 1250 4237 ἀδήλοις,
1291 4171 1400 4223 ἀπὸ
1436 4173 1534 4241 τῆς
1584 4173 1947 4244 παραϐάσεως

358 4253 454 4307 τοῦ
529 4258 745 4324 πρώτου
830 4261 1117 4330 ἀνθρώπου
1186 4265 1393 4328 πάντας
1475 4268 1623 4336 ἡμᾶς
1706 4268 1936 4336 μέτεισι.

373 4344 621 4397 Ἐπειδὰν
651 4347 743 4400 οῦν
766 4366 848 4411 τις
885 4351 1125 4421 ὑπήκοον
1149 4352 1241 4416 οὓς
1270 4355 1347 4423 τῷ
1378 4355 1525 4425 λόγῳ
1554 4355 1648 4411 τοῦ
1685 4357 1820 4409 Θεοῦ
1849 4376 1947 4410 πα-

363 4435 717 4505 ρασχόμενος,
751 4439 961 4511 ἀποστῇ
996 4443 1093 4512 μὲν
1126 4444 1232 4497 τῶν
1276 4446 1546 4514 βιωτικῶν
1578 4450 1941 4519 πραγμάτων,

358 4526 689 4593 ἀποτάξεται
719 4531 774 4583 δὲ
802 4533 1003 4597 πάσαις
1042 4539 1159 4599 ταῖς
1198 4542 1493 4606 σαρκικαῖς
1542 4541 1760 4610 ἡδοναῖς
1780 4559 1794 4573 ο
1824 4545 1945 4593 τότε

357 4620 421 4689 δὴ
468 4621 546 4691 τῷ
598 4621 717 4693 Θεῷ
767 4629 1170 4695 προσεδρεύων,
1224 4633 1498 4707 καὶκατὰ
1549 4634 1743 4703 σχολὴν
1796 4635 1945 4706 αὑτῷ

2060 3441 2211 3503 cilia,
2250 3456 2444 3502 uxore.
2505 3441 2717 3504 liberis,
2777 3440 3104 3509 cognatione
3130 3480 3144 3503 ,
3193 3440 3394 3508 patria,
3428 3454 3647 3508 posses-

2055 3534 2328 3594 sionibus.
2359 3542 2413 3590 et
2461 3543 2519 3587 ut
2564 3549 2677 3587 uno
2703 3542 2903 3587 cuncta
2932 3531 3267 3599 complectar
3303 3531 3495 3597 verbo,
3519 3548 3647 3586 cum

2052 3624 2313 3678 omnibus
2360 3639 2482 3693 quae
2537 3622 2700 3691 220
2750 3622 2846 3675 hic
2893 3630 3235 3685 cernuntur;
3267 3620 3528 3689 aquibus
3550 3622 3645 3675 Dei

2053 3735 2236 3774 sermo
2282 3734 2383 3773 nos
2426 3720 2581 3789 juxta
2644 3718 2923 3786 propriam
2975 3715 3375 3785 professionem
3424 3716 3647 3786 ahjungi

2049 3814 2322 3885 praecipit.
2356 3812 2540 3867 Altera
2592 3820 2899 3875 estcatena
2952 3811 3013 3864 in'
3046 3826 3251 3863 arcano
3307 3811 3642 3880 astringcns.

2057 3902 2272 3955 Etenim
2302 3899 2526 3953 vinculo
2556 3899 2795 3969 quodam
2827 3898 3178 3954 tenebrarum
3208 3900 3392 3951 anima
3440 3899 3647 3968 ligatur

2051 3992 2120 4045 ab
2151 3990 2285 4061 ipsis
2308 3989 2598 4060 spiritibus
2626 3988 2921 4057 nequitias;
2954 4003 3064 4057 quo
3105 3986 3163 4040 fit
3185 4029 3199 4050 ,
3244 3997 3302 4041 ut
3333 4003 3439 4040 non
3471 3988 3647 4057 possit

2053 4096 2451 4151 neque’amare
2485 4080 2681 4141 Deum,
2725 4094 2827 4133 nec
2851 4074 3100 4137 credere,
3126 4092 3228 4132 nec
3253 4077 3505 4131 oratione
3540 4080 3642 4139 uti,

2050 4168 2513 4239 quemadmodum
2536 4168 2726 4224 vellet.
2745 4166 2981 4221 Omnino
3005 4165 3151 4219 enim
3178 4166 3315 4232 htec,
3346 4180 3508 4234 quam
3545 4180 3642 4220 οχ-

2048 4258 2315 4328 perimur,
2332 4256 2741 4312 adversantium
2768 4254 3061 4325 oppositio,
3086 4263 3192 4309 tam
3220 4256 3272 4309 in
3294 4256 3470 4323 palam
3486 4268 3623 4323 appa

2048 4351 2320 4417 rentibus,
2339 4367 2504 4420 quam
2534 4350 2587 4404 in
2614 4350 2765 4404 intus
2788 4349 3082 4412 abstrusis,
3111 4364 3174 4401 ex
3205 4347 3641 4417 transgressione

2048 4443 2213 4512 primi
2263 4442 2505 4497 hominis
2541 4442 2595 4495 in
2642 4455 2743 4495 nos
2775 4455 2970 4493 omnes
3006 4439 3247 4492 transiit.
3273 4438 3505 4503 Quando
3538 4438 3643 4507 igi-

2050 4547 2141 4591 tur
2191 4536 2315 4605 quis
2362 4535 2714 4589 obedientem
2767 4548 2957 4587 aurem
3008 4533 3177 4586 verbo
3221 4531 3320 4585 Dei
3367 4531 3639 4601 praebens,

2049 4626 2366 4697 abjunxerit
2413 4624 2637 4693 quidem
2674 4638 2731 4677 se
2781 4638 2810 4676 a
2856 4621 3217 4677 saacularibus
3244 4621 3512 4690 negotiis,
3550 4636 3637 4672 re-

359 4715 773 4784 συγγινόμενος,
824 4717 1054 4789 δύναμιν
1116 4722 1388 4791 λαμϐάνει
1441 4725 1576 4796 πρὸς
1608 4725 1667 4777 τὸ
1720 4726 1943 4795 μαθεῖν’

2059 4719 2397 4773 nuntiaverit
2441 4726 2624 4771 autem
2677 4715 2893 4769 cunctis
2953 4712 3272 4768 carnalibus
3336 4713 3637 4781 voluptati-

355 4806 438 4857 ὅτι
474 4806 781 4876 κέκρυπταί
835 4826 919 4869 τις
964 4813 1021 4862 έν
1074 4813 1287 4875 ἀδύτοις
1343 4816 1568 4886 καρδίας
1601 4817 1734 4886 άλλη
1776 4818 1944 4888 πάλη,

356 4897 454 4948 καὶ
499 4897 657 4961 ἀλλος
699 4899 980 4968 λογισμῶν
1016 4902 1251 4972 πόλεμος
1275 4922 1288 4935 ο
1320 4908 1414 4959 καὶ
1436 4905 1579 4959 οὕτω
1610 4908 1948 4978 παραμένων

356 4988 451 5039 καὶ
480 4987 589 5040 τῶν
621 4988 715 5041 τοῦ
751 4991 991 5059 Χριστοῦ
1043 4993 1298 5063 δεόμενος
1351 4997 1671 5067 οἰκτιρμῶν,
1711 4999 1947 5061 πίστεως

355 5076 506 5145 αὑτῷ
536 5081 737 5150 πολλῆς
778 5082 917 5150 μετά
964 5100 1026 5150 γε
1068 5085 1165 5136 τοῦ
1217 5087 1512 5156 ὑπομένειν
1542 5090 1941 5158 συνεπομένης⁶

355 5168 417 5220 οὑ
454 5170 559 5240 μὴν
590 5172 723 5226 ἀλλὰ
754 5176 847 5227 καὶ
878 5174 977 5243 τῆς
1023 5178 1117 5229 τοῦ
1151 5179 1286 5231 Θεοῦ
1324 5182 1496 5249 ῥοπῆς
1526 5182 1942 5250 συνεφαπτομέ-

355 5278 472 5332 νης,
506 5263 728 5320 δύναται
757 5269 866 5320 τῶν
893 5269 1041 5321 ἔνδον
1088 5271 1468 5342 ἀπαλλαγῆναι
1510 5274 1725 5342 δεσμῶν
1758 5290 1815 5324 τε
1849 5273 1942 5325 καὶ

354 5356 627 5425 φραγμῶν
662 5361 909 5425 ἐκείνων,
967 5363 1063 5415 καὶ
1099 5363 1192 5414 τοῦ
1220 5363 1446 5426 σκότους
1478 5364 1584 5417 τῶν
1607 5364 1937 5434 πνευμάτων

351 5447 451 5515 τῆς
497 5451 784 5520 πονηρίας,
823 5452 966 5525 ἆπερ
1005 5458 1141 5508 εἰσιν
1167 5458 1224 5509 αἱ
1254 5456 1362 5509 τῶν
1396 5458 1795 5528 κεκρυμμένων
1826 5476 1934 5511 πα-

354 5538 464 5592 θῶν
498 5541 811 5611 ἐνέργειαι·
839 5545 1026 5601 τοῦτον
1068 5548 1125 5601 δὲ
1150 5548 1239 5602 τὸν
1273 5550 1510 5620 πόλεμον
1533 5550 1619 5604 διὰ
1653 5552 1750 5622 μὲν
1776 5551 1935 5621 χάρι-

422 5720 467 5750 ⁷⁶
500 5718 660 5773 ert.
689 5735 788 5781 XII,
821 5721 872 5774 6.

673 5813 947 5872 Ριτιιοι..
978 5812 1095 5871 Gn.
1134 5812 1428 5876 XXXIV.

2050 4812 2186 4875 bus;
2225 4820 2357 4864 tunc
2390 4809 2478 4862 ille
2515 4808 2628 4862 Deo
2654 4806 2963 4869 adlnerens,
3001 4814 3056 4859 et
3087 4820 3185 4874 per
3207 4804 3378 4857 otium
3421 4819 3544 4856 cum
3569 4821 3637 4857 eo

2048 4920 2401 4965 conversaris,
2432 4902 2693 4956 virtutem
2729 4900 2931 4967 accipit
2962 4898 3026 4951 ad
3060 4896 3422 4959 discendum,
3466 4897 3636 4951 latere

2049 4999 2102 5053 in
2131 4999 2310 5069 adytis
2335 4997 2518 5052 cordis
2544 4996 2705 5049 aliam
2738 4994 2963 5057 luctam,
2988 5001 3045 5046 et
3066 4991 3216 5044 aliud
3239 4992 3636 5061 cogitationum

2047 5090 2291 5153 bellum;
2323 5098 2380 5143 et
2423 5087 2502 5142 sic
2534 5102 2886 5156 permanens,
2921 5100 2986 5139 ac
3014 5084 3220 5139 Christi
3250 5084 3636 5139 miserationes

2050 5181 2375 5250 implorans,
2403 5178 2509 5232 fide
2538 5178 2717 5246 ipsum
2740 5176 2933 5240 multa,
2966 5185 3255 5245 postquam
3282 5175 3631 5236 sustinuerit,

2048 5279 2337 5343 sequente,
2371 5270 2503 5339 quin
2541 5276 2596 5321 et
2631 5268 2727 5321 Dei
2772 5267 3013 5335 impulsu
3054 5273 3407 5335 cooperante,
3453 5275 3634 5334 potest

2049 5363 2409 5417 interioribus
2452 5358 2673 5413 liberari
2698 5358 2963 5421 vinculis,
2993 5366 3049 5411 et
3084 5358 3322 5411 maceria
3356 5357 3445 5410 illa
3476 5364 3631 5411 tene-

2048 5456 2294 5517 brarum,
2331 5467 2493 5523 quam
2528 5450 2909 5505 obmoliuntur
2948 5447 3050 5518 ipsi
3091 5448 3319 5518 spiritus
3345 5447 3626 5516 nequitia},

2049 5546 2143 5617 qui
2173 5553 2303 5601 sunt
2329 5542 2545 5599 occulte
2577 5541 2965 5597 rebellantium
2996 5541 3051 5594 in
3092 5539 3251 5594 nobis
3282 5538 3628 5608 appetituuni

3194 5811 3268 5870 31
