4020 6446
474 346 578 409 963

1730 356 1789 414 S.
1829 356 2145 416 MACARII
2176 354 2527 415 ZEGYPTII.

3635 356 3747 419 964

473 473 653 517 motus
678 472 735 517 et
759 474 1008 519 conatus.
1046 464 1157 519 Hoc
1191 475 1374 520 autem
1422 468 1649 531 bellum,
1678 484 1776 538 per
1824 471 2034 540 gratian

2158 487 2247 533 τος
2278 469 2516 538 Χριστοῦ
2553 469 2647 521 καὶ
2686 467 2967 537 δυνάμεως
2997 470 3213 524 δυνατοὶ
3248 470 3508 541 γινόμεθα
3534 489 3747 542 καταρ-

467 553 672 607 Christi
704 561 759 606 et
782 553 1066 617 virtutem,
1098 569 1392 622 possumus
1415 555 1686 609 vincendo
1718 556 1893 609 ﬁnire.
1923 555 2053 610 Sine

466 646 581 699 Deo
621 661 755 699 vero
799 646 1115 716 adjuvante,
1147 655 1203 701 et
1245 662 1344 715 per
1374 662 1432 701 se
1480 647 1681 715 ipsum,
1731 646 1971 702 liberare
1994 662 2053 702 se

465 753 822 807 quemquam,
854 739 1035 808 quoad
1067 738 1236 801 lucta,
1272 753 1394 807 quae
1425 739 1528 808 ipsi
1565 748 1651 793 est
1682 730 1807 792 eum
1842 740 2051 807 cogita-

467 828 713 882 tionibus
748 829 1039 898 expeditus
1069 828 1258 894 fuerit,
1295 840 1379 886 est
1409 829 1783 898 impossibile;
1817 846 2052 886 renuere

466 929 646 973 tamen
691 931 748 973 et
772 935 882 973 non
915 921 1308 988 condelectari,
1338 923 1621 991 possibile.

534 1014 704 1068 XXX.
751 1016 807 1069 Si
849 1014 975 1083 quis
1007 1016 1173 1070 rebus
1223 1018 1417 1071 mundi
1466 1017 1634 1087 hujus
1685 1025 1741 1071 et
1769 1017 1938 1072 variis
1973 1027 2051 1072 te—

463 1114 663 1159 neatur
693 1105 967 1169 vinculis,
1014 1106 1269 1176 idemque
1304 1107 1515 1162 feratur
1559 1108 1802 1164 motibus
1838 1111 2050 1180 appeti-

464 1204 620 1250 tuum
670 1196 1148 1261 inordinatorum,
1198 1200 1390 1268 procul
1444 1200 1492 1253 is
1544 1216 1675 1254 sane
1733 1201 1934 1265 aberit,
1988 1210 2049 1255 ut

463 1296 757 1355 cognoscat
804 1287 953 1356 quod
992 1286 1251 1352 diximus,
1287 1303 1407 1343 esse
1442 1289 1738 1358 quamdam
1775 1292 2045 1345 occultam

463 1377 625 1432 aliam
653 1380 878 1441 luctam,
909 1388 966 1433 et
996 1379 1200 1433 bellum
1244 1381 1297 1432 in
1335 1396 1535 1435 arcano
1561 1381 1733 1436 aliud.
1770 1381 1865 1436 Sat
1894 1383 2045 1437 enim

461 1476 517 1523 et
538 1470 755 1523 abunde
789 1470 1174 1539 gratulandum
1197 1469 1388 1535 fuerit,
1417 1470 1461 1524 si
1494 1471 1619 1539 quis
1648 1487 1705 1525 se
1728 1471 2047 1540 abjunxerit

461 1560 529 1614 ab
566 1561 962 1630 apparentibus
1003 1563 1238 1624 cunctis,
1270 1573 1326 1617 et
1352 1564 1601 1617 carnales
1626 1578 1851 1633 prorsus
1884 1561 2047 1615 volu-

460 1661 637 1720 ptates
684 1652 1044 1716 abdicaverit,
1077 1654 1421 1723 Dominoque
1456 1654 1738 1708 adhaerere
1774 1654 2042 1723 cmperit,

459 1760 523 1799 ac
565 1744 870 1814 intelligere
921 1753 1087 1813 queat
1129 1747 1350 1813 penitus
1378 1745 1524 1798 intra
1552 1762 1655 1800 nos
1693 1746 2040 1800 habitantem

2158 562 2295 628 γείν.
2335 560 2514 614 Ἀθεεὶ
2542 559 2599 612 δὲ
2636 560 2731 612 καὶ
2757 560 2821 613 δι’
2856 560 3052 614 ἑαυτοῦ
3086 563 3355 628 ῥύσασθαί
3391 580 3514 615 τινα
3543 565 3745 615 ἑαυτὸν

2160 651 2324 722 μέχρι
2369 650 2465 704 τοῦ
2514 652 2610 703 καὶ
2647 649 2759 703 τῶν
2796 650 2861 702 ὲκ
2910 650 3020 704 τῶν
3067 652 3344 722 λογισμῶν
3397 653 3748 724 ἀπηλλάχθαι

2154 743 2353 812 πάλης,
2396 742 2656 795 ἀδύνατον
2684 758 2697 774 ο
2726 744 2788 796 τὸ
2828 743 2887 796 δὲ
2930 744 3237 815 ἀντιλέγειν
3263 744 3360 800 καὶ
3404 746 3478 817 μὴ
3512 747 3746 816 συνήδε-

2154 833 2297 899 σθαι,
2333 833 2582 886 δυνατόν.

2223 1012 2296 1067 Δ⁹.
2329 1012 2399 1066 Εἴ
2420 1031 2505 1077 τις
2537 1016 2651 1077 τοῖς
2686 1015 2974 1084 πράγμασι
3002 1015 3097 1069 τοῦ
3130 1016 3337 1085 κόσμου
3380 1015 3567 1069 τούτου
3600 1056 3615 1079 ,
3650 1018 3744 1068 καὶ

2150 1109 2265 1170 τοῖς
2296 1107 2565 1170 ποικίλοις
2612 1106 2852 1176 ἔνέχοιτο
2895 1109 3135 1177 δεσμοῖς,
3162 1110 3277 1171 τοῖς
3306 1111 3405 1177 τῆς
3456 1108 3659 1171 κακίας
3685 1126 3743 1161 τε

2152 1201 2520 1269 συναπόιγοιτο
2569 1200 2790 1267 πάθεσι,
2825 1200 3023 1253 πολλοῦ
3076 1218 3141 1269 γε
3187 1202 3279 1255 καὶ
3305 1201 3386 1254 δεῖ
3426 1200 3742 1268 γινώσκειν,

2148 1292 2225 1355 ὡς
2279 1293 2586 1361 φθάσαντες
2620 1292 2853 1362 ἔφημεν,
2886 1288 3025 1345 εἷναί
3056 1311 3178 1346 τινα
3221 1293 3399 1363 πάλην
3431 1293 3600 1363 ἀλλην
3647 1293 3745 1346 καὶ

2152 1385 2387 1456 πόλεμον
2437 1386 2494 1437 ὲν
2545 1384 2623 1455 τῷ
2656 1386 2857 1453 ἀφανεῖ
2888 1386 3095 1455 ἕτερον.
3144 1386 3456 1456 Ἀγαπητδν
3504 1386 3616 1455 γὰρ
3656 1387 3742 1440 ἶνα

2148 1476 2318 1539 λύσας
2348 1493 2432 1538 τις
2465 1476 2657 1528 ἑαυτὸν
2690 1474 2906 1527 πάντων
2943 1476 3285 1545 φαινομένων
3311 1517 3325 1541 ,
3351 1479 3445 1530 καὶ
3466 1477 3573 1529 τῶν
3606 1481 3742 1548 σάρο

2148 1570 2321 1621 κικῶν
2348 1567 2552 1636 ἡδονῶν
2583 1569 2923 1638 ἀποστήσας,
2948 1568 3025 1637 τῷ
3053 1569 3242 1638 Κυρίῳ
3265 1587 3325 1620 τε
3352 1570 3739 1640 προσεδρεύειν

2147 1656 2475 1730 ἀρξάμενος,
2506 1660 2806 1727 ἐπιγνῶναι
2859 1660 3082 1731 δυνηθῇ.
3117 1660 3218 1729 τὴν
3262 1662 3409 1713 ἔνδον
3450 1663 3739 1729 οἰκουροῦ-

2162 1772 2266 1808 σαν
2316 1754 2423 1806 τῶν
2479 1753 2669 1805 παθῶν
2721 1754 2935 1820 πάλην,
2993 1755 3090 1805 καὶ
3147 1754 3236 1805 τὸν
3290 1756 3346 1805 ἐν
3406 1756 3539 1823 ἡμῖν
3603 1772 3737 1825 κρυι

458 1837 937 1907 perturbationum
968 1853 1033 1889 ex
1064 1837 1246 1905 pravis
1285 1835 1576 1891 affectibus
1605 1837 1831 1902 luctam,
1864 1845 1921 1892 et
1951 1852 2036 1890 oc-

2153 1847 2285 1898 πτὺν
2320 1847 2578 1915 πόλεμον.
2623 1846 2687 1898 Εἰ
2720 1845 2827 1913 γὰρ
2866 1845 2963 1913 μὴ,
3000 1845 3074 1907 ὼς
3106 1845 3339 1913 ἔφημεν,
3376 1846 3548 1897 ταῦτα
3581 1845 3738 1916 γένη-

457 1929 667 1986 cultum
713 1930 768 1983 in
820 1930 981 1983 nobis
1010 1930 1234 1983 bellum.
1268 1930 1384 1983 Nisi
1414 1930 1560 1983 enim
1608 1930 1663 1983 in
1698 1945 1848 1995 eum,
1878 1945 2043 1999 quem

456 2024 700 2078 diximus
724 2023 973 2087 modum,
1002 2031 1200 2076 cuncta
1225 2031 1541 2091 comparata
1577 2022 1689 2077 sint
1713 2062 1728 2087 ,
1758 2022 1904 2077 haud
1936 2022 2044 2075 uti-

456 2132 565 2186 que
600 2133 669 2171 ex
715 2116 976 2171 omnibus
1030 2116 1228 2169 animae
1271 2115 1481 2169 viribus
1507 2156 1521 2179 ,
1559 2124 1615 2169 et
1649 2123 1798 2169 totus
1830 2130 1896 2169 ex
1929 2123 2043 2168 toto

455 2209 580 2277 quis
612 2208 892 2263 adhaarere
910 2208 1043 2269 Deo,
1075 2208 1297 2262 sincero
1318 2208 1517 2262 affectu
1540 2207 1821 2261 decernet.
1852 2207 2043 2276 Neque

455 2313 753 2370 cognoscet
778 2315 1009 2355 arcanos
1034 2300 1168 2354 istos
1201 2300 1255 2353 in
1284 2315 1453 2369 prava
1486 2299 1832 2353 tendentium
1868 2314 2038 2367 appe—

455 2394 655 2448 tituum
691 2393 948 2455 insultus,
996 2401 1051 2446 et
1097 2392 1315 2445 vincula
1358 2407 1481 2459 quae
1520 2392 1663 2444 intra
1711 2400 1880 2453 sunt;
1943 2389 2038 2443 sed

454 2485 802 2555 periclitatur
842 2500 910 2538 eo
930 2484 1134 2538 erroris
1178 2483 1389 2548 labore,
1424 2482 1831 2535 utvulueribus
1857 2490 2038 2535 trans-

454 2575 615 2639 ﬁxus,
639 2582 694 2628 et
724 2573 935 2628 morbis
960 2572 1215 2637 allectus,
1246 2588 1386 2641 quos
1416 2572 1561 2625 ultro
1593 2571 1764 2636 fovet,
1796 2570 2039 2640 perfecte

456 2677 635 2722 tamen
676 2675 833 2736 putet
860 2681 917 2721 se
947 2666 1151 2721 valere.
1180 2665 1244 2718 Ei
1270 2671 1458 2718 autem
1510 2664 1606 2732 qui
1636 2662 2036 2731 concupiscens

452 2763 557 2815 tias
594 2769 651 2815 et
676 2760 905 2831 gloriam
920 2757 1340 2826 contempserit,
1368 2757 1606 2826 primum
1632 2755 1857 2824 quidem
1878 2770 2037 2824 posse

452 2853 614 2907 datur
670 2866 734 2905 ea
800 2865 923 2921 qua:
974 2850 1215 2904 diximus
1264 2862 1638 2918 cognoscere;
1668 2845 1871 2899 deinde
1911 2860 2037 2913 prc-

450 2953 574 3000 cato
595 2942 877 2998 Christum
907 2957 1031 2996 cum
1076 2941 1219 3002 ﬁde,
1254 2948 1311 2995 et
1359 2954 1510 2993 arma
1546 2937 1789 3007 Spiritus
1813 2952 1844 2990 e
1878 2937 2035 2991 caelis

2148 1956 2259 2003 ται,
2294 1938 2354 1989 ού
2391 1937 2521 2007 παρ’
2555 1937 2682 2006 ὅλης
2713 1936 2869 2005 ἡμῶν
2903 1938 3000 2005 τῆς
3025 1936 3203 2004 ψυχῆς
3243 1936 3337 1988 καὶ
3370 1935 3488 1997 ὅλος
3519 1935 3581 1999 ἐξ
3614 1936 3733 1990 ὅλου

2146 2046 2229 2092 τις
2279 2029 2669 2100 προσεδρεύειν
2713 2026 2789 2096 τῷ
2830 2026 2947 2097 Θεῷ
3006 2026 3299 2095 στέρξειεν,
3336 2027 3443 2078 οὐδ’
3477 2028 3735 2095 ἐπιγινώ-

2148 2136 2266 2173 σκει
2289 2120 2355 2172 τά
2386 2121 2673 2190 ἀπόρρητα
2703 2120 2875 2173 ταῦτα
2903 2120 3002 2187 τῆς
3035 2119 3235 2180 κακίας
3268 2118 3437 2187 πάθη,
3480 2119 3577 2171 καί⁵
3610 2120 3734 2181 τοὺς

2144 2208 2254 2263 ἔσῶ
2310 2210 2545 2279 δεσμούς
2572 2227 2584 2240 ·
2619 2210 2754 2263 ἁ).λά
2790 2210 3087 2262 κινδυνεύει
3126 2208 3422 2279 τραύματα
3469 2209 3610 2277 ἔχων
3643 2212 3732 2261 καὶ

2143 2301 2329 2371 ἀφανῆ
2379 2300 2524 2369 πάθη
2590 2300 2966 2370 περιθάὶππων,
3024 2299 3290 2364 ὑγιαίνειν
3344 2297 3592 2363 οἴεσθαι,
3642 2301 3729 2352 καὶ

2144 2396 2285 2447 νοεῖν
2313 2408 2325 2419 ·
2377 2394 2455 2462 τῷ
2489 2392 2545 2445 δέ
2580 2408 2642 2460 γε
2693 2392 2993 2463 ἐπιθυμίας
3044 2394 3138 2444 καὶ
3183 2390 3342 2460 δόξης
3398 2392 3725 2462 ὑπεριδόντι,

2142 2486 2357 2555 πρῶτον
2384 2486 2481 2554 μὲν
2513 2486 2810 2552 ἐπιγνῶναι
2838 2485 3011 2538 ταῦτα
3034 2484 3257 2537 δυνατὸν
3282 2485 3511 2552 γίνεται,
3541 2483 3728 2536 ἔπειτα

2138 2575 2194 2628 δὲ
2227 2574 2472 2644 δεηθέντι
2501 2573 2738 2645 Χριστοῦ
2778 2575 2917 2639 μετά
2943 2573 3201 2635 πίστεως,
3234 2574 3327 2626 καὶ
3352 2572 3491 2624 ὅπλα
3513 2571 3726 2624 λάϐοντι

2139 2667 2197 2733 ἐξ
2231 2667 2459 2736 ούρανοῦ
2490 2667 2558 2719 τὰ
2592 2667 2685 2719 τοῦ
2720 2666 3038 2736 Πνεύματος
3060 2708 3073 2728 ,
3106 2666 3196 2717 τὸν
3235 2664 3459 2734 θώρακα
3504 2663 3607 2733 τῆς
3649 2665 3724 2716 διο

2138 2755 2453 2825 καιοσύνης,
2476 2755 2575 2825 τὴν
2608 2755 3044 2826 περικεφαλαίαν
3075 2755 3166 2806 τοῦ
3197 2756 3488 2823 σωτηρίου,
3519 2754 3611 2805 τὸν
3641 2753 3726 2806 θυ-

2146 2848 2268 2918 ρεὸν
2318 2848 2418 2917 τῆς
2468 2848 2727 2908 πίστεως,
2766 2848 2857 2899 καὶ
2910 2846 3008 2917 τὴν
3057 2846 3374 2916 Πνεύματος
3427 2846 3719 2915 μάχαιραν,

2143 2936 2318 2990 ταῦτα
2344 2936 2769 2990 καταπαλαῖσαι.

450 3036 689 3104 adepto,
731 3034 959 3087 loricam
1008 3032 1223 3087 scilicet
1264 3027 1516 3098 iustitia,
1572 3027 1783 3098 galeam
1830 3025 2046 3089 salutis,
2109 3035 2327 3081 scutum
2383 3027 2534 3091 ﬁdei,
2583 3036 2637 3081 et
2686 3026 2928 3097 gladium
2993 3025 3451 3096 Spiritus,facile
3478 3027 3556 3093 lit,
3590 3039 3721 3086 totas

451 3135 573 3189 illas
597 3132 858 3187 adversas
896 3129 1175 3184 debellare
1206 3126 1374 3180 acies.

522 3223 716 3279 XXXI.
741 3220 1181 3277 Innumerabiles
1201 3219 1343 3272 hosti
1368 3214 1560 3271 nostro
1586 3217 1779 3270 insunt
1801 3213 2036 3269 nocendi

2214 3214 2342 3266 AA'.
2385 3212 2593 3283 Μυρίαι
2648 3213 2726 3281 τῷ
2779 3214 3142 3285 ἀντικειμένῳ
3188 3217 3245 3268 αἱ
3299 3217 3538 3286 μηχαναὶ
3594 3217 3716 3271 καθ’

449 3328 621 3380 artes,
654 3316 889 3371 avellere
917 3329 1019 3367 nos
1042 3328 1072 3366 a
1097 3312 1366 3366 charitate
1390 3312 1444 3365 in
1478 3310 1759 3365 Christum
1787 3308 2034 3363 conanti.

449 3418 561 3464 Aut
594 3409 742 3464 enim
789 3407 940 3460 intus
984 3403 1332 3466 aﬂlictiones,
1364 3417 1462 3470 per
1504 3400 1744 3471 Spiritus
1771 3398 2035 3467 nequitiae

448 3504 507 3558 in
530 3503 771 3556 animam
805 3497 1091 3563 immittit;
1124 3506 1218 3550 aut
1251 3494 1618 3565 cogitationes
1650 3493 1939 3547 obscaenas
1979 3501 2036 3545 et

447 3595 719 3653 nefandas
772 3590 1064 3664 producit,
1120 3597 1464 3660 patratorum
1504 3586 1637 3640 olim
1694 3585 2031 3656 ﬂagitiorum

448 3685 771 3743 memoriam
808 3683 1107 3747 refricans;
1146 3680 1425 3735 interdum
1456 3687 1776 3747 etsatagens
1806 3676 2034 3747 injicere

447 3776 695 3841 aedium,
723 3773 1213 3843 suggestionesque
1226 3767 1631 3838 desperationis
1660 3767 2033 3829 inserens,sa-

447 3868 562 3921 lute
589 3879 709 3919 eam
742 3862 910 3932 potiri
942 3876 1053 3914 non
1100 3874 1303 3929 posse;
1341 3858 1416 3911 ita
1458 3857 1683 3927 quidem
1713 3867 1774 3910 ut
1819 3856 2031 3924 Cogita-

447 3958 628 4012 tiones
678 3955 814 4009 istas
845 3968 911 4008 ex
946 3952 1129 4007 anima
1164 3968 1262 4021 per
1304 3967 1363 4005 se
1409 3951 1525 4020 ipsa
1564 3951 1711 4003 ultro
1745 3958 1922 4003 enata:
1951 3949 2031 3999 vi-

447 4050 685 4105 deantur
708 4065 722 4112 ;
752 4060 864 4100 non
882 4053 1065 4099 autem
1102 4044 1171 4097 ab
1199 4044 1379 4097 alieno
1403 4042 1601 4112 spiritu
1636 4040 1873 4111 maligne
1897 4039 2031 4093 sub-

444 4140 748 4201 seminatae,
794 4145 985 4206 utpote
1024 4136 1119 4206 qui
1172 4134 1323 4203 cupit
1362 4135 1552 4188 latere.
1584 4132 1695 4187 Aut
1726 4132 1893 4201 igitur
1915 4131 2032 4184 haec

444 4229 577 4299 agit,
603 4238 699 4282 aut
720 4227 941 4282 labores
961 4239 1264 4294 corporcos
1291 4222 1541 4276 immittit
1573 4238 1588 4287 ;
1623 4230 1717 4274 aut
1744 4220 1912 4274 variis
1938 4236 2031 4274 ex-

445 4320 697 4392 cogitatis
737 4318 917 4374 modis
960 4324 1249 4387 procurat,
1302 4312 1654 4370 contumeliis
1682 4312 1857 4367 bonos
1886 4310 2027 4366 allici

444 4413 515 4467 ab
545 4410 884 4464 hominibus.
918 4409 989 4463 At
1014 4418 1221 4477 quanto
1253 4404 1510 4461 acerbius
1541 4404 1812 4476 malignus
1852 4403 2029 4458 hostis

444 4506 564 4561 hmc
594 4504 650 4557 in
679 4519 783 4558 nos
807 4504 966 4571 ignea
992 4503 1271 4573 jaculatur
1303 4501 1410 4555 tela
1436 4518 1451 4567 ;
1494 4508 1648 4554 tanto
1680 4513 1781 4553 nos
1811 4498 2023 4553 instan—

2142 3307 2321 3379 ἡμῶν.
2357 3307 2455 3377 τῆς
2479 3308 2560 3370 είς
2589 3307 2681 3360 τὸν
2708 3308 2958 3378 Χριστὸν
2986 3309 3207 3378 ἀγάπης
3237 3310 3491 3380 ἀποσπᾷν
3520 3328 3701 3379 πειρωο

2145 3398 2312 3468 μένῳ.
2343 3398 2412 3451 Ἢ
2467 3399 2576 3467 γάρ
2610 3398 2758 3451 ἔνδον
2797 3397 3006 3466 θλίψεις
3061 3399 3147 3451 διὰ
3172 3399 3279 3451 τῶν
3324 3399 3428 3467 τῆς
3461 3398 3697 3468 πονηρίας

2142 3491 2467 3559 πνευμάτων
2514 3495 2577 3561 τῇ
2614 3491 2760 3561 ψυχῇ
2805 3492 3022 3558 ἐπάγει,
3086 3491 3118 3559 ἢ
3160 3492 3452 3561 λογισμοὺς
3482 3488 3690 3559 μιαρούς

2139 3600 2199 3634 τε
2230 3582 2319 3634 καὶ
2350 3582 2646 3651 ἀθεμίτους
2681 3581 2889 3651 ταύτης
2915 3583 3338 3646 κατασκευάζει,
3372 3584 3472 3636 τῶν
3524 3582 3698 3651 προτέ-

2145 3692 2251 3744 ρων
2307 3674 2730 3744 ἁμαρτημάτων
2786 3673 2886 3743 τὴν
2930 3675 3150 3745 μνήμην
3181 3674 3583 3730 ἀνασκαλεύων.
3618 3673 3705 3725 ἅτε

2139 3765 2411 3834 χαύνωσιν
2440 3767 2575 3834 αὐτῇ
2635 3764 2870 3817 ἐνθεῖναι
2924 3765 3269 3835 βουλόμενος,
3305 3768 3398 3818 καὶ
3432 3765 3709 3835 λογισμοὺς

2138 3852 2519 3920 ἀπογνώσεως)
2563 3852 2878 3921 ἐμϐάλλειν,
2930 3855 3011 3907 ὅτι
3037 3855 3095 3907 δὲ
3117 3855 3176 3907 οὐ
3203 3855 3426 3908 δυνατὸν
3449 3857 3584 3926 αὐτῇ
3617 3872 3711 3907 σω-

2137 3945 2334 4015 τηρίας
2362 3948 2545 4013 τυχεῖν
2565 3959 2579 3975 ’
2626 3946 2720 3997 καὶ
2770 3946 2846 4007 ὼς
2878 3949 3004 4008 τοὺς
3035 3946 3325 4015 λογισμοὺς
3355 3949 3575 4011 τούτους
3595 3947 3716 4015 παρ’

2136 4039 2336 4107 ἑαυτῆς
2384 4038 2521 4100 ὅλως
2546 4040 2647 4109 τῆς
2681 4037 2862 4107 ψυχῆς
2893 4039 3194 4109 γεννώσης,
3224 4042 3315 4092 καὶ
3342 4043 3463 4111 οὐχὶ
3486 4044 3718 4112 πνεύμα-

2135 4147 2223 4191 τος
2260 4128 2543 4197 ἀλλοτρίου
2598 4130 2786 4193 κακῶς
2843 4132 3041 4194 αὐτοὺς
3107 4133 3579 4202 ὑποσπείραντος,
3633 4136 3719 4188 καὶ

2139 4220 2462 4290 βουλομένου
2510 4221 2819 4275 λανθάνειν.
2879 4223 2951 4275 Ἢ
3000 4225 3182 4276 τοίνυν
3244 4228 3426 4278 ἐκεῖνα
3476 4231 3637 4293 ποιεῖ,
3685 4227 3718 4296 ἢ

2137 4310 2332 4374 πόνους
2375 4314 2718 4380 σωματικοὺς
2754 4311 2977 4382 ἐπάγει.
3015 4316 3085 4368 Ἢ
3107 4316 3448 4388 ὀνειδισμοὺς
3487 4319 3582 4372 καὶ
3612 4320 3719 4372 θλί-

2133 4401 2255 4470 ψεις
2285 4402 2384 4465 τὰς
2408 4402 2468 4467 ἐξ
2507 4401 2810 4474 ἀνθρώπων
2862 4406 3070 4459 ἐπινοεῖ
3107 4424 3119 4436 ·
3168 4409 3283 4461 ἀλλ’
3324 4411 3446 4462 ὅσον
3473 4412 3501 4463 ὅ
3549 4428 3715 4482 πονη-

2138 4492 2229 4564 ρδς
2258 4492 2323 4545 τὰ
2351 4492 2728 4564 πεπυρωμένα
2764 4495 2950 4563 ξταῢτα
2990 4498 3118 4567 βέλη
3166 4499 3288 4552 καθ’
3314 4502 3469 4571 ἡμῶν
3504 4503 3714 4575 ἀφίησι,

445 4600 557 4655 tius
572 4596 829 4651 convenit
855 4596 970 4663 spei
1003 4609 1297 4664 suspensas
1320 4608 1388 4647 ex
1412 4592 1525 4647 Deo
1551 4591 1724 4659 magis
1744 4591 2030 4660 magisque

2145 4585 2387 4639 τοσοῦτον
2440 4588 2589 4655 ἡμᾶς
2618 4588 2915 4657 ’προσήκει
2974 4566 3076 4659 τῆς
3140 4591 3275 4661 πρὸς
3323 4566 3455 4645 ὤεον
3506 4566 3718 4656 ἐλπίδος

444 4693 648 4747 habere
686 4693 926 4747 rationes
963 4707 977 4754 ;
1014 4699 1169 4743 certo
1234 4688 1425 4757 utique
1468 4699 1782 4756 persuasos,
1842 4683 2027 4737 divina

442 4783 607 4839 nobis
641 4783 771 4837 talia
801 4780 1045 4851 permitti
1078 4780 1360 4832 voluntate
1385 4816 1399 4841 ,
1437 4792 1558 4846 qua:
1587 4789 1757 4829 unum
1778 4773 1829 4827 id
1868 4787 2027 4841 spec-

446 4884 545 4941 tat,
580 4885 642 4930 ut
691 4882 939 4930 amantes
978 4871 1076 4925 Dei
1126 4870 1326 4924 animae
1363 4875 1445 4922 tot
1488 4867 1786 4935 exploratae
1827 4866 2027 4933 proba-

444 4967 716 5033 tionibus,
767 4963 1061 5021 manifcsto
1094 4969 1405 5017 monstrent
1436 4976 1495 5014 se
1532 4974 1661 5014 eum
1702 4961 1757 5011 in
1792 4957 2024 5012 veritate

444 5060 700 5131 diligere.

516 5151 676 5220 22],
729 5148 941 5202 XXX“.
977 5148 1117 5201 Anni
1146 5146 1296 5200 mille
1336 5144 1499 5214 hujus
1534 5141 1657 5207 aevi,
1717 5139 1923 5195 mundo
1949 5139 2026 5192 in-

442 5242 793 5312 corruptibili
821 5250 876 5296 et
900 5240 1195 5295 aeternitati
1220 5237 1550 5307 comparati,
1570 5251 1632 5289 ea
1657 5233 1735 5289 illi
1754 5233 1870 5287 fere
1897 5247 2026 5302 pro-

442 5333 698 5405 portione
748 5329 1106 5398 respondent,
1165 5344 1274 5397 qua
1300 5337 1358 5380 ut
1392 5327 1438 5381 si
1481 5327 1607 5394 quis
1653 5341 1722 5379 ex
1770 5323 2025 5377 universa

442 5434 615 5475 arena
657 5433 830 5473 unum
874 5426 1104 5487 granum
1131 5415 1390 5484 accipiat.
1422 5414 1937 5468 considerationem
1971 5420 2029 5466 et

442 5516 591 5569 hanc
622 5514 850 5568 institue
886 5528 900 5576 ;
952 5524 1279 5565 concessum
1316 5508 1417 5562 tibi
1448 5516 1576 5561 'esse
1619 5520 1937 5575 supremum
1974 5504 2029 5557 in

443 5620 637 5660 omnes
669 5614 844 5659 terras
888 5604 1184 5673 imperium
1226 5616 1349 5655 cum
1380 5601 1537 5669 plena
1565 5612 1621 5654 ct
1667 5614 1859 5653 secura
1904 5613 2033 5667 pos-

446 5696 693 5747 sessione
724 5694 969 5747 omnium
993 5693 1402 5746 thesaurorum.
1430 5689 1720 5743 Faciamus
1764 5696 2031 5758 praeterea

446 5792 603 5835 tuum
633 5783 766 5837 illud
791 5798 1021 5854 regnum
1046 5784 1340 5854 incoapissc
1380 5781 1562 5839 statim
1586 5797 1614 5834 a
1638 5781 1818 5851 primo
1847 5796 2033 5834 rerum

2140 4677 2340 4747 μᾶλλον
2393 4676 2647 4748 ὲξῆφθαι,
2707 4680 2953 4750 ἀκριϐῶς
3004 4681 3234 4748 εἰδότας,
3267 4683 3348 4735 ὅτι
3383 4682 3539 4736 τοῦτο
3568 4685 3718 4755 αὐτῷ

2136 4768 2351 4840 θέλημα
2377 4786 2390 4799 ⁸
2416 4771 2477 4821 τὸ
2531 4769 2631 4833 τὰς
2673 4771 2950 4838 ἐρωτικῶς
3013 4771 3241 4841 ἐχούσας
3264 4772 3428 4826 αὐτοῦ
3460 4776 3541 4836 εἰς
3568 4774 3716 4827 δοκέ-

2137 4882 2259 4934 μιον
2317 4863 2500 4916 δοῦναι
2552 4864 2752 4933 ψυχὰς,
2788 4866 2839 4917 εἰ
2879 4865 2937 4931 ἐξ
2995 4864 3255 4934 ἀληθείας
3307 4866 3467 4920 αὐτὸν
3498 4868 3717 4938 ἠγαπή-

2134 4973 2283 5009 κασι.

2202 5142 2324 5195 AB’.
2362 5140 2524 5193 Χίλια
2560 5139 2655 5205 ἔτη
2712 5137 2807 5191 τοῦ
2839 5139 3032 5202 αἰῶνος
3072 5138 3284 5204 τούτου,
3326 5139 3590 5209 ἀφθάρτῳ
3631 5141 3719 5193 κό-

2132 5252 2253 5304 σμῳ
2285 5235 2378 5285 καὶ
2418 5232 2574 5284 αἰῶνι
2610 5231 3072 5301 παραϐαλλόμενα
3112 5229 3326 5283 τοιοῦτό
3367 5231 3420 5282 τί
3453 5232 3612 5294 εἰσιν,
3644 5232 3717 5293 ὡς

2131 5328 2183 5379 εί
2215 5343 2297 5387 τις
2326 5326 2553 5393 ψάμμον
2595 5322 2724 5391 μίαν
2748 5322 2847 5390 τῆς
2886 5322 3015 5389 ὅλης
3059 5322 3287 5391 ψάμμου
3319 5322 3419 5393 τῆς
3440 5322 3714 5390 θαλάσσης

2132 5416 2307 5471 λάϐοι.
2342 5415 2549 5483 Σκέψαι
2590 5414 2647 5466 δέ
2684 5430 2775 5484 μοι
2815 5416 2909 5466 καὶ¹
2961 5413 3051 5466 τὸν
3088 5414 3289 5484 τρόπον
3323 5415 3541 5467 τοῦτον·
3576 5415 3714 5468 ἔστω

2130 5510 2239 5578 γὰρ
2271 5505 2469 5571 ἐξεῖναί
2518 5522 2599 5557 σοι
2654 5506 2800 5575 μόνῳ
2850 5506 2950 5575 μὲν
2994 5505 3248 5574 γενέσθαι
3298 5506 3507 5575 βασιλεῖ
3534 5508 3715 5576 πάσης

2131 5597 2416 5668 τῆςιγῆςο
2472 5596 2616 5665 μόνῳ
2642 5596 2750 5649 τῶν
2803 5597 3092 5667 θησαυρῶν
3148 5598 3405 5652 ἁπάντων
3453 5599 3714 5652 δεσπόσαι

2132 5691 2230 5760 τῆς
2258 5688 2609 5757 οἰκουμένης.
2664 5687 2861 5757 Θῶμεν
2892 5689 2948 5740 δὲ
2992 5690 3090 5758 τὴν
3141 5691 3316 5761 ἀρχὴν
3348 5691 3447 5759 τῆς
3482 5690 3590 5742 τῶν
3618 5691 3712 5742 ἀν·-

2136 5780 2371 5854 θρώπων
2402 5781 2481 5843 εἰς
2504 5780 2565 5830 τὸ
2606 5774 2747 5832 εἷναι
2785 5782 3147 5851 παραγωγῆς,
3178 5782 3354 5853 ἀρχὴν
3383 5782 3475 5836 καί
3507 5799 3588 5836 σοι
3622 5799 3709 5851 γε·
