4020 6456
325 406 433 470 965

1480 412 1575 469 DE
1609 411 2035 472 LIBERTATE
2074 413 2236 473 MEN
2240 415 2381 474 TIS.

3463 424 3570 487 966

322 512 508 566 νέσθαι
546 513 641 581 τῆς
690 513 1001 585 βασιλείας.-
1031 515 1154 584 ὅρον
1184 514 1243 567 δὲ
1270 515 1471 586 ταύτης
1495 512 1636 571 εἶναι
1665 518 1765 589 τὴν
1787 518 1897 571 τῶν

2014 530 2146 584 )rtu,
2181 536 2246 576 ac
2274 521 2575 577 terminum
2606 524 2725 592 ejus
2747 523 2864 578 fore
2905 531 3432 586 consummationem
3489 533 3575 586 ul-

262 658 269 661 .
326 604 669 674 φαινομένων
719 604 924 657 τούτων
953 605 1048 657 καὶ
1080 605 1173 658 τοῦ
1204 607 1410 675 κόσμου
1446 609 1646 672 παντὸς
1675 610 1903 663 ἀλλοίω-

325 696 409 749 σίν
455 713 515 748 τε
560 696 654 749 καὶ
706 696 1085 765 μεταποίησιν.
1118 696 1184 749 Τί
1230 697 1323 751 οὖν
1352 715 1365 763 ;
1398 699 1663 768 αἱρέσεώς
1695 717 1780 753 σοι
1809 701 1899 754 δο-

324 787 532 855 θείσης,
574 786 819 857 ἥμειψας
863 788 1035 856 αὐτὴν
1077 788 1178 858 τῆς
1229 789 1487 859 ἀληθινῆς
1521 793 1615 845 καὶ
1648 792 1899 862 βεϐαίας,

323 878 418 935 καὶ
450 876 602 928 οὐδὲν
630 876 862 938 οὐδόλως
882 877 1114 946 ἐχούσης
1142 878 1438 948 παροδικδν
1468 881 1564 933 καὶ
1590 882 1853 951 λυόμενον
1876 898 1891 947 ;

323 968 437 1019 Οὐκ
481 965 548 1019 ἂν
577 966 752 1034 ἔγωγε
783 968 971 1037 φαίην,
1004 970 1057 1021 εἴ
1086 986 1168 1021 σοι
1194 969 1254 1021 τὸ
1287 971 1472 1040 κρίνον
1505 969 1639 1041 εἶχε,
1676 973 1772 1025 καὶ
1799 990 1902 1025 κα-

322 1058 430 1119 λῶς
461 1057 730 1109 ἐσκέπτου
762 1059 893 1127 περὶ
920 1058 1027 1111 τῶν
1059 1060 1167 1111 σῶν
1190 1076 1204 1089 ο
1244 1063 1306 1114 Τί
1338 1062 1447 1130 γὰρ
1484 1061 1713 1129 κέρδος,
1746 1065 1900 1132 φησὶ,

323 1148 403 1212 τῷ
430 1147 738 1215 ἀνθρώπῳ,
768 1151 822 1202 εἰ
861 1148 971 1202 τὸν
1006 1151 1241 1217 κόσμον
1286 1148 1434 1203 ὅλον
1462 1150 1785 1218 κερδήσας,
1812 1150 1906 1217 ζη-

316 1241 508 1309 μιωθῇ
546 1241 663 1307 τὴν
700 1241 912 1309 ψυχὴν
943 1242 1155 1304 αὑτοῦ,
1187 1237 1253 1313 ἧς
1287 1243 1394 1294 οὐδ’
1440 1239 1578 1295 εἷναί
1625 1260 1678 1296 τι
1708 1244 1904 1297 ἀντάλ-

319 1335 506 1403 λαγμα
538 1333 973 1403 μεμαθήκαμεν;
1007 1335 1130 1387 ἐπεὶ
1164 1336 1256 1386 καὶ
1304 1336 1504 1397 παντὸς
1548 1334 1644 1387 τοῦ
1695 1335 1903 1406 κόσμου

323 1426 418 1477 καὶ
466 1425 565 1493 τῆς
610 1426 750 1477 κατά
809 1426 1013 1494 κόσμον
1062 1425 1343 1492 βασιλείας
1400 1426 1536 1495 αὐτὴ
1593 1428 1727 1496 μόνη
1781 1426 1903 1480 καθ’

323 1515 525 1584 ἑαυτὴν
563 1518 595 1585 ἡ
640 1515 785 1585 ψυχὴ
833 1518 1135 1587 τιμιωτέρα
1186 1517 1389 1586 πολλῷ,
1426 1520 1585 1589 μήτοι
1632 1536 1696 1587 γε
1731 1520 1765 1590 ἡ
1796 1519 1907 1571 τῶν

322 1606 568 1674 οὐρανῶν
616 1606 891 1675 βασιλείαο
946 1607 1278 1677 τιμιωτέραν
1320 1608 1377 1661 δὲ
1433 1608 1574 1662 κατά
1603 1609 1762 1662 τοῦτο
1806 1609 1907 1681 τὴν

322 1694 501 1764 ψυχὴν
530 1694 691 1760 εἶναι,
724 1698 925 1765 φαμὲν,
958 1697 1078 1749 καθ’
1110 1698 1137 1749 ὃ
1171 1698 1244 1767 μὴ
1298 1700 1388 1750 ἐπ’
1428 1699 1579 1753 οὐδὲν
1627 1701 1756 1755 ἄλλο
1796 1700 1906 1754 τῶν

324 1785 496 1838 ὀντων
549 1787 855 1856 ηὐδόκησεν
903 1790 929 1839 ὁ
980 1789 1111 1851 Θεὸς
1148 1788 1242 1842 τοῦ
1273 1789 1588 1858 Πνεύματος
1624 1792 1723 1859 τῆς
1771 1792 1909 1855 ἰδίας

2008 607 2197 661 timam
2256 608 2463 672 sarculi,
2498 619 2553 663 ct
2606 625 2791 665 rerum
2844 612 3010 668 modo
3063 619 3447 684 apparentiuin
3480 634 3575 674 ex-

2004 706 2306 766 spectatam
2340 700 2636 770 aliquando
2664 705 3048 760 mutationem.
3074 706 3215 773 Quid
3244 710 3415 779 ergo?
3444 726 3576 764 num

2005 784 2265 853 opinione
2294 787 2393 841 tibi
2431 788 2556 843 data
2619 789 2879 860 eligendi,
2907 800 3092 846 utrum
3134 794 3325 849 malles
3361 796 3579 850 existis

2005 876 2226 930 duobus
2253 878 2457 947 regnis,
2491 889 2830 949 praeoptares
2861 881 2965 936 hoc
2991 890 3270 937 terrenum
3307 884 3362 938 in
3385 886 3579 939 mundi

2005 962 2114 1017 ﬁne
2181 966 2531 1034 desiturum,
2583 969 2886 1038 praeferens
2934 971 2988 1025 id
3037 972 3117 1026 illi
3155 973 3366 1028 cmlesti
3398 976 3579 1039 alteri,

2006 1070 2159 1121 vero,
2186 1056 2363 1110 solido
2411 1066 2469 1112 et
2505 1061 2848 1127 permanenti
2880 1062 3091 1131 regno?
3141 1062 3297 1117 Haud
3326 1065 3581 1133 equidem

2007 1146 2356 1213 crediderim,
2387 1148 2434 1203 si
2473 1149 2663 1219 utique
2692 1152 2893 1220 sapias,
2927 1160 2983 1206 et
3014 1169 3172 1222 atquo
3196 1165 3461 1224 rectoque
3488 1155 3579 1224 ju-

2008 1235 2155 1289 dicio
2183 1236 2251 1290 de
2276 1252 2336 1292 re
2365 1246 2460 1293 tua
2482 1247 2633 1294 tanta
2653 1249 2883 1297 statuas.
2903 1240 3042 1307 Quid
3058 1244 3197 1296 enim
3225 1244 3322 1309 (ait
3345 1244 3579 1315 Veritas)

2008 1327 2222 1395 prodest
2268 1331 2491 1395 homini,
2552 1332 2599 1385 si
2662 1336 2917 1388 mundum
2970 1337 3269 1389 universum
3334 1337 3583 1398 lucretur,

2022 1418 2217 1470 anima:
2276 1427 2454 1472 autem
2538 1437 2648 1475 sua:
2694 1422 3065 1477 detrimentum
3112 1427 3352 1493 patiatur
3376 1427 3439 1478 ⁷⁷.
3477 1427 3584 1479 Pro

2010 1521 2119 1575 qua
2154 1507 2293 1561 nihil
2329 1524 2429 1578 par
2462 1510 2516 1564 in
2557 1513 3040 1569 commutationem
3091 1515 3209 1569 dari
3244 1529 3406 1584 posse
3435 1515 3584 1568 didi-

2008 1598 2206 1664 cimus,
2238 1600 2684 1670 quandoquidem
2718 1611 2774 1657 et
2800 1605 3007 1659 mundo
3038 1605 3158 1674 ipso
3191 1614 3327 1671 toto,
3358 1614 3415 1659 et
3444 1621 3585 1674 qua-

2007 1686 2271 1758 licunque
2305 1691 2588 1744 mundano
2614 1708 2805 1762 regno,
2845 1693 2960 1748 sola
2984 1709 3085 1763 per
3117 1710 3176 1749 se
3209 1695 3378 1764 ipsam
3401 1695 3588 1749 anima

2008 1778 2305 1846 pretiosior
2349 1779 2524 1832 multo
2548 1789 2661 1845 est;
2694 1780 2896 1835 nedum
2928 1790 2991 1835 ut
3019 1784 3324 1851 comparari
3370 1798 3495 1837 cum
3519 1783 3587 1838 iis

326 1876 541 1944 φύσεως
585 1877 777 1929 ἕνωσιν
828 1877 1017 1931 θέσθαι
1046 1880 1141 1932 καὶ
1172 1880 1491 1933 κοινωνίαν·
1531 1883 1633 1933 οὐκ
1668 1881 1904 1951 οὐρανῷ,

2014 1872 2185 1939 possit
2234 1871 2498 1925 caelorum
2541 1886 2791 1941 regnum.
2826 1872 2956 1927 Inde
2986 1882 3169 1926 autem
3202 1874 3587 1943 pretiosiorem

322 1964 422 2032 οὐχ
452 1964 607 2035 ἡλίῳ,
642 1966 741 2018 οὐκ
777 1966 1029 2037 ἄστροις,
1065 1969 1126 2021 οὐ
1163 1968 1420 2040 θαλάττῃ,
1450 1970 1511 2023 οὐ
1554 1972 1646 2041 γῇ,
1675 1972 1773 2042 οὐχ
1801 1972 1911 2024 ἐτέ-

324 2072 395 2125 ρᾳ
446 2057 552 2107 τινὶ
585 2056 761 2109 κτίσει
803 2058 911 2111 τῶν
943 2060 1257 2129 ὁρωμένων,
1290 2062 1373 2114 ὅτι
1409 2062 1483 2133 μὴ
1528 2062 1606 2132 τῷ
1640 2063 1913 2134 ἀνθρώπῳ

329 2147 511 2216 μόνῳ’
545 2141 590 2215 ᾧ
639 2150 735 2201 καὶ
780 2149 891 2201 τῶν
951 2151 1265 2220 κτισμάτων
1315 2152 1476 2213 αὐτὸς
1520 2152 1775 2223 ἠγάπησε
1804 2156 1912 2209 τῶν

321 2238 561 2290 οἰκείων.
607 2239 670 2291 Ei.
714 2238 805 2291 οὖν
834 2238 900 2291 τὰ
934 2241 1147 2309 μεγάλα
1168 2243 1327 2295 ταυτὶ
1355 2242 1451 2295 τοῦ
1479 2244 1711 2313 κόσμου,
1742 2245 1911 2298 πλοῦ-

322 2327 414 2378 τόν
463 2344 606 2397 φημι
649 2330 861 2380 τοσόνδε
905 2331 996 2382 καὶ
1041 2330 1319 2399 βασιλείαν
1362 2334 1462 2401 τῆς
1533 2335 1638 2402 γῆς
1692 2335 1910 2404 ἀπάσης

326 2418 415 2485 ὑφ’
447 2420 528 2471 ἐν).
564 2420 711 2488 μόνῳ
741 2422 1022 2491 κειμένην,
1054 2404 1153 2475 οὐκ
1186 2423 1251 2476 ἂν
1281 2424 1459 2494 ὀρθῶς
1500 2425 1786 2494 κρίναντες
1813 2427 1910 2496 τῆς

324 2508 543 2561 αἰωνίου
568 2509 880 2581 ἡλλάξαμεν
913 2512 1210 2581 βασιλείας,
1233 2516 1287 2567 τί
1318 2514 1581 2578 παθόντες
1613 2517 1663 2568 οἱ
1691 2516 1911 2580 πλείους

324 2598 543 2665 φαύλων
588 2601 759 2671 αὐτὴν
796 2604 890 2655 καὶ
915 2603 1024 2656 τῶν
1054 2604 1325 2673 τυχόντων
1352 2605 1622 2675 τιμῶνται
1650 2609 1913 2677 πραγμά-

324 2685 606 2742 τωνοοῖον
659 2692 957 2762 ἐπιθυμίας
1012 2694 1176 2759 τινὸς,
1229 2695 1390 2765 δόξης
1438 2696 1649 2767 ὀλίγης,
1687 2698 1913 2766 κέρδους

326 2780 571 2851 μετρίου,
603 2782 695 2834 καὶ
719 2783 829 2835 τῶν
854 2785 1146 2849 τοιούτων;
1180 2786 1317 2856 ὅπερ
1343 2787 1452 2857 γάρ
1481 2804 1561 2849 τις
1592 2788 1685 2840 τοῦ
1718 2787 1913 2849 αἰῶνος

324 2871 515 2922 τούτου
544 2872 707 2940 φιλεῖ,
741 2874 836 2927 καὶ
928 2875 1162 2940 δέδεται,
1188 2878 1366 2930 ἐκεῖνο
1411 2878 1630 2940 πάντως
1668 2878 1764 2930 καὶ
1813 2880 1912 2945 τῆς

324 2960 432 3012 τῶν
461 2961 711 3032 οὐρανῶν
740 2964 1057 3017 ἀλλάττεται
1093 2966 1369 3034 βασιλείας
1397 2984 1409 2997 ’
1438 2969 1533 3021 καὶ
1567 2969 1625 3020 τὸ
1658 2968 1909 3037 χαλεπώ-

322 3064 507 3113 τατον,
540 3052 621 3103 ὅτι
660 3054 754 3105 καὶ
792 3054 926 3107 Θεὸν
978 3057 1192 3125 ἡγεῖται
1222 3057 1412 3110 τοῦτο·
1456 3058 1640 3121 καθώς
1682 3076 1786 3112 που
1825 3060 1914 3113 λέ-

324 3141 532 3207 λεκται,
568 3144 649 3199 ὅτι
682 3140 729 3214 ᾧ
760 3164 848 3214 τις
884 3146 1152 3216 ἣττηται,
1177 3151 1365 3216 τούτῳ
1402 3152 1500 3203 καὶ
1524 3151 1905 3207 δεδούλωται.

324 3234 446 3305 Χρὴ
483 3236 575 3289 οῦν
626 3237 744 3291 ὅλον
782 3240 888 3311 ὅλῳ
934 3242 1002 3293 δι’
1028 3242 1155 3294 ὅλου
1207 3239 1285 3311 τῷ
1338 3242 1456 3311 Θεῷ
1509 3245 1902 3314 προσδραμεῖν,

324 3327 630 3397 ἀναρτῆσαι
672 3347 732 3381 τε
776 3332 969 3385 ἑαυτὸν
1002 3334 1096 3385 καὶ
1126 3334 1449 3404 σταυρῶσαι
1472 3335 1617 3407 ψυχῇ
1666 3338 1762 3390 κα)⁸
1797 3339 1905 3390 σὼ-

326 3431 460 3484 ματι
493 3417 583 3471 διὰ
628 3422 818 3474 πασῶν
870 3424 1235 3494 πορευόμενον
1289 3424 1398 3479 τῶν
1455 3427 1686 3482 ἐντολῶν
1740 3429 1905 3482 αὐτοῦ

321 3506 432 3559 τῶν
468 3509 656 3576 ἁγίων.

2013 1961 2230 2015 cunctis
2269 1960 2506 2015 dicimus
2550 1962 2815 2027 animam,
2841 1963 2990 2031 quod
3031 1964 3203 2017 solam
3258 1963 3405 2017 illam
3443 1965 3587 2019 inter

2013 2064 2205 2104 omnes
2231 2050 2524 2106 inferiores
2556 2061 2839 2107 creaturas
2869 2051 3085 2122 dignam
3119 2053 3263 2107 Deus
3298 2052 3585 2123 judicavit,

2013 2142 2103 2195 cui
2130 2157 2292 2196 suum
2321 2141 2560 2211 propriae
2590 2150 2800 2196 natura:
2840 2141 3105 2212 Spiritum
3137 2142 3331 2197 intime
3373 2142 3590 2198 unitum

2012 2232 2236 2301 penitus
2262 2233 2478 2289 inderet
2504 2242 2561 2288 et
2593 2234 3069 2299 communicaret;
3101 2234 3250 2303 quod
3284 2247 3395 2289 non
3426 2236 3587 2299 caelo,

2012 2337 2122 2376 non
2154 2323 2277 2387 soli,
2302 2338 2411 2376 non
2438 2324 2622 2389 astris,
2655 2339 2766 2377 non
2790 2323 2949 2386 mari,
2975 2339 3085 2376 non
3112 2332 3271 2377 terrae
3291 2325 3589 2386 concessit;

2016 2427 2131 2466 non
2158 2414 2251 2467 alii
2301 2414 2541 2481 denique
2580 2414 2883 2470 visibilium
2908 2421 3174 2468 creatura:
3222 2413 3319 2467 ulli
3366 2424 3593 2483 praeter-

2013 2518 2180 2572 quam
2215 2503 2310 2555 uni
2356 2503 2567 2557 homini
2596 2521 2610 2570 ;
2637 2518 2803 2573 quem
2833 2503 2954 2558 vice
2980 2504 3228 2561 omnium
3258 2519 3288 2557 a
3317 2518 3375 2558 se
3397 2505 3592 2559 condi-

2015 2602 2197 2648 torum
2254 2593 2311 2645 in
2362 2605 2576 2661 partem
2625 2595 2783 2664 quasi
2829 2595 3111 2664 propriam
3164 2594 3272 2649 sibi
3323 2595 3589 2663 seposuit,

2014 2684 2227 2753 sibique
2252 2684 2539 2753 applicuit,
2571 2700 2638 2739 eo
2683 2692 2995 2740 contentus.
3058 2686 3117 2741 Si
3160 2701 3293 2756 ergo
3334 2686 3452 2740 haec
3470 2702 3593 2756 quae

2014 2775 2239 2829 maximi
2289 2776 2428 2830 ﬁunt
2471 2775 2527 2828 in
2557 2775 2784 2841 mundo,
2826 2775 3052 2838 divitiae,
3104 2776 3248 2841 dico,
3276 2778 3498 2847 amplae,
3536 2788 3593 2834 et

2016 2880 2175 2922 terrae
2227 2867 2397 2921 totius
2443 2865 2734 2935 imperium
2783 2867 2839 2921 in
2887 2868 3200 2922 monarchae
3230 2870 3392 2923 unius
3428 2870 3592 2938 pleno

2012 2958 2243 3012 arbitrio
2274 2957 2514 3027 positum
2565 2956 3012 3026 haudquaquam,
3062 2967 3210 3013 recte
3255 2958 3589 3028 judicantes,

2013 3068 2138 3106 cum
2167 3060 2374 3105 asterno
2418 3055 2881 3104 commutaremus
2914 3065 3114 3119 regno;
3145 3065 3267 3119 quae
3312 3050 3591 3105 dementia

2014 3144 2380 3214 plurimorum
2431 3151 2538 3202 est,
2596 3156 2735 3210 quos
2780 3140 3027 3209 quotidie
3083 3141 3337 3196 videmus
3392 3142 3593 3199 vilibus

2016 3236 2151 3292 illud
2213 3244 2269 3291 et
2337 3232 2652 3295 mediocris,
2710 3232 2876 3286 etiam
2938 3232 3149 3302 vulgari
3206 3231 3588 3301 test-imatione,

2013 3327 2176 3398 pretii
2231 3326 2398 3380 rebus
2443 3324 2794 3395 posthabere,
2824 3334 2976 3395 puta,
3010 3324 3303 3395 cupiditati
3326 3326 3586 3395 cuipiam,

2012 3420 2222 3491 exigua:
2244 3417 2413 3482 laudi,
2431 3418 2590 3473 luero
2620 3432 2731 3472 non
2753 3432 2968 3488 magno,
2990 3428 3045 3473 et
3068 3419 3386 3474 similibus?
3404 3419 3592 3475 Enim-

2013 3528 2144 3568 vero
2176 3510 2321 3580 quod
2341 3509 2465 3579 quis
2487 3511 2543 3564 in
2568 3510 2673 3563 hoc
2698 3509 2903 3563 mundo
2929 3509 3128 3579 diligit,
3162 3512 3365 3579 cuique
3391 3510 3589 3581 deﬁgi-

322 3608 434 3665 tur,
465 3600 518 3653 id
555 3603 803 3666 omnino,
827 3613 1095 3673 quantum
1126 3608 1177 3659 in
1210 3608 1331 3677 ipso
1364 3616 1469 3670 est,
1492 3623 1617 3663 cum
1644 3610 1907 3665 cmlorum

2014 3622 2121 3679 gno
2164 3608 2500 3662 commutat;
2563 3599 2719 3667 quin,
2768 3597 2916 3667 quod
2946 3598 3108 3666 longe
3149 3610 3235 3654 est
3266 3600 3585 3668 eapitalius»

322 3704 379 3749 et
404 3695 457 3748 id
480 3696 652 3749 Deum
681 3713 840 3750 suum
863 3699 1011 3752 facit.
1052 3699 1206 3753 Sicut
1236 3702 1437 3757 alicubi
1472 3703 1740 3773 scriptum
1809 3716 1894 3759 est
1924 3721 1937 3756 :
1982 3703 2022 3756 Α
2090 3714 2192 3768 quo
2220 3696 2335 3764 quis
2358 3695 2524 3746 victus
2545 3699 2642 3754 est,
2674 3692 2719 3743 ei
2745 3690 3157 3759 mancipatur".
3177 3691 3405 3760 Oportet
3424 3692 3591 3762 igitur

324 3793 499 3841 totum
530 3804 593 3842 ex
624 3799 741 3842 toto
769 3791 1046 3845 hominem
1078 3793 1144 3846 ad
1170 3793 1341 3848 Deum
1376 3803 1550 3850 totum
1583 3798 1898 3868 confugere,
1977 3795 2132 3850 illum
2190 3786 2466 3857 amplecti,
2524 3800 2589 3836 ex
2639 3799 2705 3837 eo
2751 3783 3012 3851 pendere,
3093 3783 3196 3852 ipsi
3245 3784 3483 3839 animam
3534 3797 3591 3841 et

322 3895 545 3950 corpus,
582 3883 735 3951 quasi
791 3883 960 3938 clavis
1008 3886 1157 3947 cruci
1202 3886 1495 3957 conﬁgere,
1534 3889 1899 3944 incedentem
1938 3902 2039 3958 per
2065 3881 2250 3937 omnia
2282 3887 2469 3933 sancta
2496 3876 2617 3945 ejus
2641 3874 2917 3928 mandata.

394 3970 517 4025 Al".
554 3966 708 4026 Εἶεν·
737 3974 843 4045 ἀρα
875 3976 929 4029 δέ
967 3994 1048 4029 σοι
1094 3978 1189 4030 καὶ
1210 3978 1417 4033 δίκαιον
1437 3976 1576 4035 εἶναι
1606 3982 1770 4049 δοκεῖ,
1804 3984 1905 4051 τὴν

330 4064 426 4130 μὲν
459 4064 704 4133 φθαρτὴν
736 4066 905 4136 αὐτὴν
959 4068 1136 4133 δόξαν,
1173 4070 1266 4122 καὶ
1295 4071 1394 4139 τὴν
1444 4073 1720 4143 ἐφήμερον
1748 4075 1903 4143 βασι-

325 4154 497 4219 λείαν,
532 4156 624 4209 καὶ
667 4156 805 4210 ἀλλα
836 4158 934 4211 ὃσα
962 4159 1189 4213 τοιαῦτα
1219 4162 1329 4214 τῶν
1354 4163 1679 4234 ἐπικαίρων,
1728 4165 1905 4218 πόνων

325 4243 421 4294 καὶ
459 4243 695 4312 ἱδρώτων
742 4246 974 4313 πολλῶν,
1003 4251 1117 4309 τοῖς
1148 4250 1499 4320 ὀρεγομένοις
1542 4254 1723 4307 αὐτῶν
1754 4272 1907 4327 περι-

326 4334 610 4400 γίνεσθαι·
643 4337 703 4390 τὺ
751 4338 809 4391 δὲ
856 4340 952 4393 σὺν
1000 4340 1221 4412 Χριστῷ
1252 4344 1534 4415 ἀπέραντα
1577 4347 1904 4416 βασιλεύειν,

326 4425 421 4476 καὶ
442 4424 504 4477 τὸ
529 4426 639 4478 τῶν
668 4429 1050 4499 ἀνεκλαλήτων
1084 4432 1309 4485 ἐκείνων
1360 4434 1641 4504 ἐπιτυχεῖν
1662 4434 1907 4503 ἀγαθῶν,

2082 3972 2322 4029 XXXIII.
2350 3972 2473 4025 llaec
2513 3969 2625 4021 sint
2663 3970 2756 4023 ita.
2791 3968 3059 4023 Cmterum
3109 3968 3254 4022 idem
3289 3970 3590 4039 utiqueju-

2011 4076 2156 4121 stum
2210 4063 2534 4121 arbitraris,
2589 4060 3005 4129 corruptibilem
3042 4062 3200 4114 istam
3236 4062 3490 4131 gloriam,
3536 4073 3592 4119 et

2012 4156 2321 4211 desiturum
2372 4167 2624 4223 regnum,
2693 4150 2930 4220 aliaque,
2968 4160 3244 4220 quotquot
3287 4159 3418 4205 sunt
3472 4153 3592 4222 cjus

2011 4245 2230 4317 generis
2285 4244 2619 4298 caducarum
2677 4255 2887 4305 rerum,
2925 4241 3015 4295 illa
3067 4242 3592 4312 concupiscentibus

2009 4335 2329 4405 contingere
2370 4333 2561 4387 multis
2610 4342 2794 4403 empta
2819 4332 3104 4388 laboribus
3145 4341 3202 4389 et
3254 4332 3587 4397 sudoribus;

2009 4444 2301 4497 :equumne
2328 4435 2511 4480 tamen
2542 4439 2759 4491 censes.
2776 4432 3043 4480 aeternum
3069 4426 3410 4481 consortium
3436 4428 3589 4496 regni

323 4514 484 4569 τοῦτο
538 4517 594 4569 δὲ
645 4518 815 4583 οὕτως
865 4522 959 4573 καὶ
998 4523 1181 4594 ῥᾴδιον
1234 4520 1394 4591 εἶναι,
1425 4526 1501 4588 ὡς
1531 4527 1709 4580 πόνων
1751 4528 1907 4592 ἐκτὸς

2014 4518 2240 4583 Christi,
2272 4525 2328 4572 et
2360 4516 2812 4570 inenarrabilium
2856 4517 3073 4572 illorum
3108 4516 3458 4587 adeptionem
3494 4518 3591 4573 ho-

327 4608 424 4660 καὶ
452 4609 717 4679 καμάτων
746 4614 1147 4683 κατορθοῦσθαι
1172 4616 1251 4686 τῷ
1276 4617 1586 4688 βουλομένῳ
1611 4637 1625 4685 ;

399 4869 521 4928 AA'.
549 4874 699 4943 Τίςὴ
733 4875 1016 4944 οἰκονομία
1060 4877 1157 4945 τῆς
1191 4877 1286 4929 τοῦ
1312 4879 1551 4947 Χριστοῦ
1585 4882 1906 4950 παρουσίας,

326 4965 360 5033 ἢ
393 4965 476 5027 τίς
500 4966 660 5035 ἡμῶν
693 4967 910 5035 φύσεως
950 4968 1086 5037 πρὸς
1116 4970 1315 5041 ἑαυτὴν
1347 4972 1608 5035 ἐπάνοδος
1642 4974 1737 5025 καὶ
1770 4974 1910 5026 ἀπο-

327 5058 692 5125 κατάστασις;
738 5059 1012 5112 Ἀπέδωκε
1054 5061 1164 5131 γὰρ
1198 5065 1261 5133 τῇ
1294 5064 1612 5136 ἀνθρωπίνῃ
1663 5065 1824 5134 φύσει
1849 5068 1911 5118 τὸ

326 5146 422 5200 τοῦ
452 5151 881 5219 πρωτοπλάστου
925 5152 1095 5223 Ἀδὰμ
1123 5154 1361 5225 ἀξίωμα,
1397 5156 1536 5226 πρὸς
1568 5158 1744 5210 δὲκαὶ
1774 5158 1909 5228 κλη-

332 5239 587 5307 ρονομίαν
625 5243 774 5315 αὐτῷ
808 5245 1092 5313 οὐρανίαν,
1127 5244 1174 5298 ῶ
1218 5245 1370 5309 θείας
1408 5249 1502 5300 καὶ
1538 5249 1783 5319 μεγάλης
1832 5250 1911 5319 τῷ

327 5331 441 5386 ὃντι
489 5335 708 5405 χάριτος
754 5337 848 5391 τοῦ
902 5339 1108 5406 ἀγαθοῦ
1165 5341 1504 5411 Πνεῦματος,
1561 5343 1905 5415 ἐδωρήσατο·

329 5425 617 5493 ἐξαγαγών
649 5444 710 5480 τε
734 5430 902 5499 αὐτὴν
929 5433 993 5484 ἐκ
1024 5433 1123 5501 τῆς
1155 5432 1404 5502 φυλακῆς
1432 5433 1526 5486 τοῦ
1556 5436 1805 5498 σκότους,
1840 5436 1911 5488 δι’

330 5510 398 5585 ἧς
430 5515 659 5579 ἐλθόντι,
699 5519 791 5572 καὶ
833 5523 889 5573 ἐν
998 5524 1293 5593 κρούσαντι
1322 5524 1547 5578 δυνατὸν
1576 5528 1728 5590 ἐντὸς
1759 5527 1913 5595 γενέ-

336 5606 459 5660 σθαι
487 5608 583 5677 τῆς
617 5608 892 5677 βασιλείας
919 5631 933 5645 ο
961 5615 1210 5680 Αἰτεῖτε,
1254 5616 1395 5694 γάρ-
1418 5633 1573 5687 φησι.
1604 5618 1703 5670 καὶ
1737 5616 1912 5685 δοθή-

408 5789 450 5819 "
480 5788 669 5845 Matth.
720 5807 824 5856 3m,
855 5792 946 5845 26.
1023 5794 1067 5825 7‘
1092 5795 1135 5848 ll
1176 5795 1324 5851 Pctr.
1362 5814 1419 5862 ιι,
1456 5799 1539 5853 19.

2010 4627 2232 4674 norum,
2268 4610 2439 4680 gratis
2468 4608 2728 4677 quiddam
2757 4623 2880 4664 esse
2907 4610 3187 4679 parabile;
3219 4625 3283 4663 ac
3328 4609 3590 4664 facilitate

2012 4719 2247 4766 summa,
2265 4702 2409 4756 citra
2435 4700 2685 4755 laborem
2714 4706 3195 4757 contentionemve
3221 4702 3385 4756 ullam
3415 4700 3590 4755 cuivis

2010 4797 2217 4852 volenti
2244 4795 2503 4850 evenire?

2084 4888 2323 4943 XXXIV.
2356 4886 2512 4954 Quod
2537 4886 2829 4941 consilium
2869 4899 3057 4955 quaeve
3096 4886 3237 4937 ratio
3274 4891 3361 4938 est
3388 4883 3592 4937 adven-

2014 4991 2103 5035 tus
2142 4979 2349 5034 Christi
2386 4996 2397 5029 :
2433 4978 2628 5047 quisve
2680 4986 2891 5030 naturae
2945 4985 3148 5028 nostra:
3194 4974 3259 5027 ad
3319 4989 3379 5027 se
3416 4974 3590 5043 ipsam

2014 5070 2246 5134 reditus,
2284 5078 2340 5123 et
2391 5068 2447 5121 in
2481 5068 2758 5136 integrum
2790 5063 3106 5119 restitutio?
3145 5062 3409 5121 Reddidit
3439 5064 3589 5119 enim

2009 5162 2263 5217 Christus
2289 5161 2545 5213 humana:
2574 5166 2787 5212 naturae
2819 5156 3055 5211 ablatam
3095 5155 3198 5225 ipsi
3229 5157 3385 5227 prius
3412 5155 3592 5225 digni-

2013 5261 2182 5306 tatem
2210 5250 2402 5304 Adami
2433 5248 2755 5318 protoplasti
2779 5268 2794 5314 ;
2828 5258 3208 5317 praetereaque
3225 5246 3453 5301 donavit
3479 5246 3591 5300 ha:-

2012 5342 2304 5398 reditatem
2333 5340 2435 5409 ipsi
2462 5340 2744 5393 cmlestem
2766 5355 2779 5391 :
2799 5353 2978 5392 overc
3006 5337 3248 5392 divinam
3261 5345 3317 5393 et
3338 5351 3590 5406 magnam

2014 5431 2146 5485 boni
2181 5429 2420 5499 Spiritus
2442 5429 2707 5499 gratiam!
2740 5428 2995 5483 Educens
3024 5443 3159 5482 vero
3182 5428 3352 5497 ipsam
3374 5441 3441 5479 ex
3471 5439 3591 5487 car-

2013 5537 2140 5578 cere
2181 5520 2531 5576 tenebrarum
2572 5520 2717 5575 viam
2749 5520 2913 5575 etiam
2941 5520 3068 5574 vita:
3089 5529 3145 5573 et
3172 5521 3395 5589 januam
3433 5530 3590 5571 mon-

2016 5617 2231 5680 stravit,
2264 5630 2361 5684 per
2410 5630 2576 5684 quam
2629 5628 2754 5669 cum
2801 5612 3021 5679 transit,
3062 5620 3117 5668 ct
3146 5610 3214 5666 ad
3246 5624 3411 5681 quam
3463 5622 3588 5664 cum
