4020 6436
477 384 583 447 967

1715 374 1774 435 S.
1799 373 2121 433 MACARII
2164 375 2490 436 IEGYPTII

3642 383 3757 447 968

473 496 676 565 pulsat,
710 500 890 563 potest
921 492 973 545 in
1006 477 1272 546 interiora
1305 488 1456 560 regni
1497 496 1785 558 penetrare
1843 503 1855 537 :
1885 484 2056 538 Petito

2172 502 2333 542 σεται
2362 488 2505 558 ὑμῖν
2524 504 2535 518 ·
2561 491 2826 557 κρούετε,
2843 492 2941 545 καὶ
2970 492 3377 562 ἀνοιγήσεται.
3414 495 3511 549 Διά
3540 496 3761 567 ταύτης

473 588 646 651 enim,
680 587 777 649 ait,
808 594 856 638 et
896 585 1110 638 dabitur
1140 585 1315 646 vobis;
1345 582 1551 652 pulsate
1597 589 1644 633 et
1673 580 1942 648 aperietur
1971 594 2063 629 vo-

475 680 553 734 bis
574 681 642 731 ".
668 678 772 731 Per
806 676 952 729 illam
982 685 1201 745 portam
1230 674 1439 729 nemini
1478 687 1693 736 eorum,
1722 670 1816 739 qui
1843 668 2056 731 volunt,

473 767 814 838 impossibile
834 776 940 832 est,
974 782 1087 821 suae
1112 766 1284 835 ipsius
1314 764 1510 819 anima:
1555 762 1808 816 invenire
1830 760 2061 815 liberta-

474 870 606 923 tem,
637 860 799 930 222
831 875 935 915 nec
966 875 1086 914 eam
1109 856 1501 912 convenientes
1532 855 1635 924 ipsi
1668 854 1917 923 recipere
1965 867 2062 907 co-

475 949 793 1020 gitationes,
819 958 875 1003 et
911 964 1036 1003 cum
1060 947 1343 1003 Christum
1391 960 1578 1000 secum
1615 942 1867 1014 possidet
1904 941 2065 996 habi-

478 1044 708 1101 tantem,
754 1036 1084 1105 locupletem
1132 1050 1275 1098 esse,
1309 1048 1486 1103 eoque
1510 1032 1683 1086 veluti
1712 1044 1914 1101 sponso
1953 1026 2063 1081 frui

477 1143 577 1199 per
597 1128 1160 1183 communicationem
1193 1126 1324 1180 boni
1349 1125 1611 1195 Spiritus.
1638 1122 1775 1177 Vide
1814 1120 2065 1175 ineﬂ‘abi-

427 1273 441 1291 ,
475 1220 585 1275 lem
624 1218 952 1273 eharitatem
989 1215 1208 1270 Domini
1251 1214 1515 1270 adversus
1538 1214 1842 1275 hominem,
1876 1210 1943 1263 ad
1979 1210 2064 1265 sui

478 1311 654 1381 ipsius
679 1310 973 1379 imaginem
998 1308 1309 1363 conditum.

546 1448 591 1480 "
615 1445 807 1501 Matth.
838 1459 934 1509 vn,
976 1443 1030 1499 7.

2160 580 2257 647 τῆς
2292 577 2461 646 θύρας
2493 578 2669 631 οὐδενὶ
2704 580 2814 633 τῶν
2844 582 3183 653 βουλομένων
3236 582 3442 653 ἄπορον
3462 586 3567 657 τὴν
3585 588 3756 641 ἐλευ-

2162 672 2347 742 θερίαν
2376 671 2473 741 τὴν
2503 669 2699 725 ἑαυτοῦ
2745 670 2925 741 ψυχῆς
2972 674 3245 741 ὲφευρεῖν,
3281 673 3495 743 ἐκείνην
3520 690 3581 726 τε
3615 676 3760 739 τοὺς

2163 759 2325 823 ιδὶους
2350 759 2644 813 ἀπολαϐεῖν
2681 758 2995 827 λογισμοὺς,
3037 761 3132 813 καὶ
3184 762 3481 832 πλουτῆσαι
3509 765 3763 834 Χριστὸν

2164 850 2432 916 σύνοικον,
2469 852 2564 905 καὶ
2611 851 2687 914 ὡς
2736 851 2957 922 νυμφίῳ
2984 850 3134 922 αὐτῷ
3163 854 3304 907 κατὰ
3328 854 3427 921 τὴν
3457 855 3760 908 κοινωνίαν

2162 939 2257 993 τοῦ
2315 941 2521 1009 ἀγαθοῦ
2587 941 2903 1012 Πνεύματος
2969 942 3299 1011 χρήσασθαι.
3357 944 3461 997 Ἴδε
3524 943 3761 1013 ἀγάπην

2164 1033 2404 1105 ᾶρῤητον
2440 1035 2711 1086 Δεσπότου
2772 1034 2911 1104 πρὸς
2960 1034 3051 1086 τὸν
3090 1032 3182 1085 ὑπ’
3230 1034 3397 1088 αὐτοῦ
3454 1035 3763 1105 γενόμενον

2163 1126 2305 1178 κατὰ
2328 1126 2425 1196 τὴν
2446 1125 2629 1178 εἰκόνα
2660 1125 2758 1197 τὴν
2788 1124 2981 1179 ἑαυτοῦ
3014 1125 3317 1196 ἄνθρωπον.

476 1634 3737 1665 W

1278 1804 1372 1895 S.
1491 1803 1986 1894 MACARlI

2097 1801 2935 1893 ALEXANDRINI

1782 2010 2041 2057 ABBATIS
2072 2009 2420 2056 NITRIENSIS

1092 2180 1739 2311 REGULA
1820 2181 2027 2305 AD
2143 2180 3007 2311 MONACHOS
3035 2158 3112 2230 (η

537 2558 581 2614 ι.
623 2556 828 2611 Milites
870 2568 1002 2624 ergo
1050 2551 1257 2608 Christi
1307 2553 1389 2607 sic
1437 2552 1620 2607 taliter
1663 2566 1794 2605 suos
1845 2551 2057 2609 debent
2094 2562 2134 2617 Β
2234 2553 2369 2608 VIII.
2410 2552 2529 2607 Non
2596 2554 2770 2607 oderis
2818 2553 3139 2608 laboriosam
3187 2572 3404 2626 cperam
3453 2558 3473 2587 ³
3515 2575 3533 2612 :
3567 2560 3747 2615 otium

468 2662 805 2718 componere
853 2660 1095 2715 gressus,
1138 2644 1462 2699 charitatem
1514 2644 1568 2697 in
1610 2658 1669 2697 se
1718 2642 2060 2712 perfectissi-

467 2754 613 2795 mam
655 2736 1004 2793 continentes
1038 2754 1052 2791 :
1101 2736 1270 2790 Deum
1321 2751 1384 2789 ex
1437 2743 1549 2787 tota
1586 2734 1775 2787 anima
1818 2734 2058 2805 diligere,

466 2844 517 2886 et
561 2847 627 2885 ea:
673 2839 781 2885 toto
824 2830 1002 2893 corde,
1056 2838 1107 2882 et
1148 2843 1211 2881 ea:
1252 2834 1362 2881 tota
1401 2827 1596 2879 uirtute
1634 2844 1733 2880 sua
1772 2828 1811 2879 ¹.

538 2922 605 2976 Il.
647 2922 889 2975 Invicem
950 2920 1097 2974 inter
1147 2933 1205 2973 se
1258 2916 1717 2987 perfectissimam
1785 2926 2062 2974 sectantes

466 3012 863 3076 obedientiam,
916 3010 1155 3080 pacifici,
1219 3009 1402 3071 mites,
1468 3008 1761 3073 moderati,
1810 3025 1921 3063 non
1966 3025 2060 3064 su-

465 3104 650 3175 perbi,
684 3119 794 3158 non
840 3102 1118 3173 injuriosi,
1168 3117 1279 3155 non
1324 3114 1677 3163 susurrones,
1724 3115 1835 3156 non
1868 3101 2062 3156 irriso-

468 3210 588 3258 res,
640 3208 751 3247 non
794 3192 1049 3261 verbosi.
1102 3207 1211 3246 non
1260 3193 1723 3261 praesumptuosi,
1786 3209 1901 3248 non
1953 3194 2063 3249 sibi

468 3285 774 3356 placentes,
818 3282 915 3336 sed
937 3282 1051 3335 Deo
1075 3280 1165 3334 cui
1203 3280 1449 3334 militant
1495 3280 1720 3335 Christo
1749 3298 1762 3335 :
1802 3297 1913 3335 non
1944 3283 2061 3336 bla-

470 3377 778 3448 sphemiam
803 3384 1099 3439 sectantes,
1124 3388 1229 3427 nec
1251 3372 1505 3426 dicentes
1536 3372 1839 3443 quidquam
1867 3382 2063 3443 praeter

469 3468 619 3540 quod
666 3468 873 3522 bonum
925 3474 1010 3522 est
1051 3481 1066 3519 :
1109 3464 1178 3519 ad
1227 3462 1563 3533 obsequium
1611 3480 1721 3517 non
1775 3465 1938 3535 pigri,
1994 3465 2061 3519 ad

469 3558 777 3613 orationem
823 3554 1021 3626 parati,
1058 3554 1112 3608 in
1155 3553 1475 3608 humilitate
1525 3553 1781 3622 perfecti,
1832 3556 1886 3609 in
1928 3555 2063 3609 obe-

470 3648 682 3705 dientia
729 3647 1036 3719 praecincti,
1072 3647 1130 3701 in
1166 3644 1369 3715 vigiliis
1420 3644 1712 3710 instantes,
1749 3644 1803 3700 in
1844 3647 2058 3718 jejunio

471 3742 698 3797 hilares.

541 3834 632 3888 IlI.
682 3833 880 3887 Nullus
947 3845 1006 3885 se
1062 3830 1170 3887 alio
1218 3830 1514 3902 justiorem
1565 3830 1917 3896 arbitretur;
1964 3831 2059 3887 sed

2164 2662 2382 2716 quoque
2437 2660 2504 2699 ne
2556 2653 2800 2699 sectatus
2847 2645 3043 2700 fueris.
3092 2647 3151 2701 In
3193 2648 3397 2718 vigiliis
3435 2650 3745 2715 confectus,

2165 2737 2217 2789 in
2260 2750 2427 2805 opere
2456 2736 2605 2806 justo
2639 2734 2888 2796 affectus,
2920 2737 3213 2791 ambulans
3252 2739 3407 2807 quasi
3441 2739 3747 2796 dormitans

2162 2828 2341 2881 lassus
2360 2825 2425 2879 ad
2459 2836 2692 2881 stratum
2736 2836 2889 2880 tuum
2921 2828 3132 2893 venias,
3161 2837 3218 2883 et
3251 2844 3374 2883 cum
3406 2828 3629 2885 Christo
3656 2850 3743 2886 re-

2162 2920 2450 2990 quiescere
2492 2929 2543 2974 te
2587 2918 2798 2973 credas.

2236 3013 2335 3068 IX.
2377 3012 2725 3081 Cursumque
2766 3011 3085 3065 monasterii
3116 3027 3281 3082 super
3320 3012 3504 3067 omnia
3531 3013 3739 3083 diligas.

2163 3108 2266 3175 Qui
2289 3122 2420 3161 vero
2447 3107 2649 3175 saepius
2678 3122 2838 3161 orare
2866 3106 3127 3171 voluerit,
3153 3107 3472 3161 uberiorem
3505 3108 3739 3162 inveniet

2163 3201 2595 3257 misericordiam
2631 3201 2860 3256 Christi.
3114 3194 3125 3205 ’

2193 3330 2202 3336 ~
2233 3293 2300 3348 X.
2343 3293 2719 3362 Matutinoque
2750 3293 2899 3347 dicto
2931 3293 3004 3348 ita
3040 3293 3460 3348 meditationem
3506 3294 3741 3359 habeant

2163 3384 2363 3439 fratres
2397 3399 2571 3452 usque
2613 3384 2678 3437 ad
2716 3384 2907 3437 horam
2936 3384 3234 3438 secundam
3270 3402 3283 3437 :
3314 3384 3357 3438 si
3396 3394 3563 3439 tamen
3586 3383 3717 3434 tmlla

2164 3492 2328 3531 causa
2367 3474 2662 3535 exstiterit,
2694 3490 2800 3544 qua
2831 3490 3057 3529 necesse
3095 3475 3166 3529 sit
3189 3476 3357 3529 etiam
3388 3473 3712 3545 praetermissa

2162 3567 2524 3623 meditatione
2556 3567 2766 3637 aliquid
2816 3566 2932 3621 fieri
2986 3567 3039 3621 in
3077 3583 3396 3622 commune.

2232 3657 2325 3712 XI.
2369 3658 2501 3713 Post
2528 3658 2722 3712 horam
2753 3672 2891 3713 vero
2934 3659 3232 3714 secundam
3273 3658 3637 3729 unusquisque
3664 3654 3727 3710 ad

2163 3761 2308 3817 opus
2349 3761 2512 3801 suum
2561 3756 2787 3817 paratus
2834 3747 2906 3802 sit
2955 3764 3132 3819 usque
3177 3749 3245 3803 ad
3296 3749 3489 3803 horam
3520 3760 3733 3809 nonam,

2165 3845 2227 3891 ut
2273 3838 2542 3909 quidquid
2584 3838 2893 3909 injunctum
2940 3838 3130 3904 fuerit,
3172 3842 3285 3894 sine
3333 3841 3742 3894 murmuratione

470 3926 857 3995 unusquisque
902 3923 1162 3977 omnibus
1220 3937 1279 3976 se
1328 3922 1650 3978 inferiorem
1699 3932 2055 3979 contemnat:
2087 3919 2129 3977 ϐ
2163 3931 2405 4001 perﬁciat
2436 3931 2478 3995 δ,
2512 3931 2659 3985 sicut
2694 3931 2832 3985 dicit
2878 3940 3104 3988 sanctus
3149 3932 3465 4000 Apostolus.

472 4015 610 4080 Quia
642 4016 733 4085 qui
756 4031 812 4069 se
838 4012 1062 4078 exultat,
1090 4013 1488 4079 humiliabitur;
1513 4022 1560 4067 et
1594 4016 1682 4084 qui
1716 4032 1771 4069 se
1793 4016 2056 4082 humiliat,

447 4106 797 4176 ,exaltabilur
840 4106 880 4158 ’.

536 4199 631 4253 IV.
680 4199 1025 4267 Praeceptum
1080 4198 1317 4251 senioris
1374 4204 1434 4249 ut
1477 4197 1710 4250 salutem
1748 4196 2056 4266 suscipias:

472 4304 581 4343 non
618 4287 1019 4342 murmuranth
1054 4286 1219 4339 ullam
1260 4300 1482 4354 operam
1522 4285 1691 4339 facias
1726 4302 1740 4337 :
1787 4301 1899 4339 non
1948 4303 2062 4341 res—

470 4380 797 4450 ponsionem
836 4388 1030 4433 contra
1080 4385 1418 4447 praeceptum
1464 4392 1719 4446 usurpes.

545 4472 608 4526 V.
648 4472 769 4525 Non
814 4480 865 4524 te
894 4470 1147 4534 extollas,
1183 4476 1279 4522 aut
1304 4468 1628 4538 magniﬁces
1678 4468 1919 4536 aliquam
1954 4468 2061 4521 uti—

472 4565 582 4619 lem
635 4578 859 4633 operam
898 4561 1096 4617 fecisse
1147 4576 1305 4615 :non
1352 4561 1407 4615 in
1459 4560 1799 4630 acquirendo
1851 4560 2057 4630 aliquid

474 4656 614 4711 lucri
654 4655 1026 4725 congaudeas.
1076 4663 1171 4708 aut
1216 4655 1271 4708 in
1316 4653 1518 4708 damno
1572 4654 1939 4707 contristeris.

543 4748 633 4803 Vl.
669 4747 791 4801 Non
838 4757 891 4800 te
947 4745 1290 4799 familiaritas
1340 4746 1448 4799 ulla
1506 4745 1787 4799 smcularis
1839 4744 2057 4809 trahat;

464 4840 570 4895 sed
618 4848 728 4894 tota
780 4838 1073 4893 delectatio
1116 4846 1207 4891 tua
1237 4838 1289 4891 in
1324 4838 1522 4892 cellula
1556 4836 1898 4890 demoretur.
1933 4836 2060 4890 Cel-

469 4934 580 4987 lam
618 4940 680 4986 ut
712 4932 1035 5001 paradisum
1064 4931 1300 4995 habeas;
1344 4932 1544 4984 fratres
1578 4940 1704 4983 tuos
1746 4928 2062 4998 spirituales

465 5033 536 5077 -ιιι
572 5022 1098 5085 aeternosconfidas
1143 5021 1347 5074 habere
1392 5028 1670 5088 parentes.
1904 5018 1907 5021 ⁷

544 5113 654 5169 VH.
700 5114 1060 5182 Priepositum
1088 5111 1409 5165 monasterii
1447 5111 1640 5163 timeas
1662 5119 1720 5164 ut
1751 5110 2058 5173 dominum,

472 5206 668 5275 diligas
702 5213 764 5257 ut
792 5213 1099 5273 parentem.
1139 5202 1408 5255 Similiter
1432 5216 1653 5269 quoque
1678 5216 1869 5253 omnes
1899 5216 2061 5268 opor-

466 5306 552 5350 tet
580 5296 810 5365 diligere
857 5296 1077 5356 fratres,
1125 5309 1251 5347 cum
1284 5293 1488 5361 quibus
1530 5293 1697 5345 etiam
1744 5301 1795 5345 te
1822 5292 2057 5345 conﬁdis

471 5390 663 5445 videre
703 5386 932 5456 gloriam
973 5385 1206 5439 Christi.

555 5527 574 5556 ²
606 5523 775 5577 Marc.
824 5539 921 5587 xu,
974 5521 1065 5576 '50.
1138 5522 1162 5551 '
1205 5520 1341 5573 Luc.
1392 5535 1502 5582 xw,
1564 5520 1647 5572 Η.

548 5658 624 5731 (ι)
658 5663 791 5717 Post
841 5663 987 5716 hanc
1021 5659 1437 5731 inscriptionem
1483 5658 1738 5731 sequitur
1765 5658 1949 5731 altera
1981 5659 2059 5731 in

480 5728 627 5782 edito
678 5732 1053 5791 Ilolsteniano,
1086 5746 1155 5784 ex
1194 5744 1296 5782 ms.
1316 5728 1538 5791 codice,
1588 5738 1648 5781 ut
1689 5728 1928 5793 videtur,
1962 5729 2061 5782 dc-

488 5809 719 5866 sumpta,
766 5817 887 5870 qua:
922 5801 1004 5853 sic
1043 5816 1101 5855 se
1151 5800 1319 5853 habet
1354 5797 1587 5868 :lncipil
1615 5797 1801 5869 regula
1856 5797 1911 5852 S.
1947 5798 2063 5852 Ματ

1726 5521 1745 5551 ³
1790 5521 1960 5574 Eccli.
2015 5539 2085 5576 vn
2130 5563 2145 5590 ,
2194 5523 2279 5578 l6.

2233 4021 2354 4075 XII.
2394 4022 2453 4076 Si
2502 4022 2628 4092 quis
2669 4030 2854 4076 autem
2906 4024 3354 4087 murmuraverit,
3390 4023 3475 4077 vel
3521 4034 3743 4077 conten—

2164 4111 2338 4167 tiosus
2369 4113 2666 4177 exstiterit,
2699 4122 2794 4166 aut
2827 4113 3074 4167 referens
3104 4115 3157 4167 in
3197 4114 3383 4183 aliquo
3416 4113 3742 4168 contrariam

2160 4204 2501 4258 voluntatem
2546 4207 2865 4276 praeceptis;
2902 4206 3064 4276 digne
3100 4218 3390 4274 correptus
3444 4205 3743 4259 secundum

2162 4295 2455 4349 arbitrium
2478 4296 2714 4351 senioris
2737 4298 2819 4351 vel
2847 4297 3068 4350 modum
3095 4297 3288 4365 culpm,
3340 4295 3528 4351 tandiu
3576 4295 3747 4348 obsti-

2162 4398 2309 4452 neat,
2360 4388 2607 4457 quandiu
2647 4389 2728 4444 vel
2771 4390 2945 4459 culpa:
2979 4389 3215 4458 qualitas
3276 4389 3614 4459 poposcerit,
3664 4387 3745 4441 vel

2162 4493 2222 4533 se
2263 4480 2583 4549 paanitendo
2638 4481 3034 4546 humiliaverit,
3095 4482 3180 4536 vel
3228 4481 3750 4546 emendaverit;ita

2164 4582 2225 4626 ut
2262 4580 2553 4642 correptus
2586 4590 2695 4627 non
2742 4574 2946 4629 audeat
2975 4590 3207 4644 usquam
3240 4575 3508 4630 recidere.

2232 4661 2371 4716 XIII.
2414 4663 2470 4717 Si
2495 4663 2620 4731 quis
2650 4663 2842 4723 frater,
2870 4664 2957 4717 vel
2987 4664 3079 4732 qui
3112 4664 3166 4717 in
3210 4662 3455 4717 oratorio
3484 4672 3639 4728 sunt,
3665 4662 3747 4716 vel

2162 4753 2257 4821 qui
2298 4768 2396 4821 per
2427 4754 2654 4807 cellulas
2688 4754 3000 4808 consistunt
3022 4794 3036 4815 ,
3072 4754 3392 4823 quicunque
3421 4755 3539 4824 ejus
3571 4754 3749 4808 errori

2162 4843 2526 4907 consenserit,
2574 4843 2866 4913 culpabilis
2901 4844 3031 4897 erit.

2233 4935 2373 4989 XIV.
2414 4936 2494 4989 Ad
2539 4936 2734 4989 horam
2791 4952 2922 4990 vero
2958 4936 3225 4991 orationis
3267 4937 3396 4990 dato
3440 4926 3598 5003 signo
3646 4952 3750 4990 non

2163 5025 2348 5079 statim
2384 5027 2755 5094 praetermisso
2788 5026 2936 5078 omni
2970 5040 3135 5093 opere
3158 5026 3306 5094 quod
3350 5026 3482 5096 agit,
3527 5037 3752 5095 paratus

2165 5117 2354 5179 fuerit,
2391 5118 2536 5170 foras
2570 5117 2921 5181 excludatur,
2956 5128 3015 5171 ut
3064 5120 3387 5184 erubescat;
3438 5119 3565 5187 quia
3617 5118 3750 5172 nihil

2170 5210 2409 5261 orationi
2440 5213 2873 5277 pralponendum
2900 5220 3005 5263 est.

2235 5297 2350 5352 X'V.
2393 5298 2628 5368 Operam
2675 5301 2787 5353 Deo
2818 5300 3029 5353 dabunt
3054 5300 3251 5368 singuli
3284 5299 3484 5355 fratres
3506 5308 3752 5370 tempore

2171 5405 2280 5459 quo
2324 5390 2500 5443 Missa:
2546 5393 2598 5443 in
2643 5392 2845 5461 vigiliis
2896 5393 3256 5448 observandis
3316 5393 3475 5459 fiunt,
3530 5393 3752 5462 quando

2359 5524 2381 5555 ⁸
2418 5526 2655 5595 Philipp.
2704 5542 2765 5593 lt,
2822 5528 2908 5580 14.

2126 5710 2127 5713 η
2170 5664 2322 5726 carii,
2354 5664 2443 5731 qui
2476 5663 2656 5717 habuit
2685 5665 2781 5717 sub
2831 5665 3164 5719 ordinatione
3188 5684 3289 5719 sua
3331 5667 3559 5735 quinque
3589 5662 3752 5719 millia

2173 5737 2580 5786 monachorum.
