4020 6432
324 481 431 544 969

1490 467 1801 528 REGULA
1835 462 1936 523 AD
1968 458 2413 528 MONACHOS.‘

3483 476 3589 539 970

324 602 518 644 omnes
550 586 926 649 conveniunt,
960 600 1030 638 ne
1075 582 1354 638 deficiant.
1401 582 1729 651 Quicunque
1767 594 1895 649 gra-
1922 578 2285 648 Afratribus,
2348 581 2501 636 velut
2561 582 2747 652 regula
2816 582 3082 638 continet.
3148 583 3251 652 Qui
3302 599 3591 658 susceptus

323 685 486 731 vatur
513 690 731 740 somno,
765 682 924 727 exeat
954 672 1101 727 foras
1140 690 1153 726 :
1188 686 1300 725 non
1328 685 1386 723 se
1415 669 1617 723 fabulis
1649 678 1903 738 occupet,

326 768 421 823 sed
448 768 634 821 statim
664 765 854 819 redeat
882 764 950 819 ad
983 779 1143 833 opus,
1166 779 1276 832 quo
1310 762 1656 817 convenitur.
1688 762 1747 815 In
1777 776 1909 815 con-

326 856 641 924 gregatione
663 862 846 906 autem
875 852 990 921 ipsa
1023 851 1115 905 ubi
1148 852 1366 920 legitur,
1399 865 1560 905 aures
1590 864 1808 919 semper
1838 849 1906 903 ad

329 948 646 1013 Scripturas
689 944 947 1006 habeant,
974 952 1029 997 et
1062 942 1341 996 silentium
1371 942 1687 995 observent.

396 1036 535 1092 XVI.
578 1035 692 1089 Hoc
724 1035 886 1089 etiam
920 1033 1316 1088 attendendum
1350 1033 1475 1095 fuit,
1522 1042 1584 1087 ut
1618 1032 1786 1087 frater
1812 1034 1906 1103 qui

325 1145 425 1198 pro
468 1128 714 1197 qualibet
744 1128 903 1197 culpa
936 1126 1187 1196 arguitur
1216 1126 1301 1180 vel
1327 1127 1664 1196 increpatur,
1694 1128 1908 1196 patien-

326 1219 456 1271 tiam
502 1218 722 1282 habeat,
753 1226 810 1272 et
848 1232 959 1270 non
997 1216 1327 1285 respondeat
1360 1217 1610 1286 arguenti
1658 1232 1749 1281 se,
1808 1216 1906 1270 sed

324 1308 577 1362 humiliet
639 1324 697 1363 se
757 1309 813 1361 in
862 1308 1158 1369 omnibus,
1211 1307 1515 1361 secundum
1569 1318 1904 1377 praeceptum

322 1401 540 1454 Domini
570 1400 807 1454 dicentis
842 1415 855 1451 :
888 1397 1025 1463 Quia
1055 1398 1189 1452 Deus
1215 1400 1499 1453 humilibus
1533 1401 1626 1453 dat
1650 1401 1902 1469 gratiam,

320 1494 557 1559 superbis
583 1500 762 1545 autem
788 1489 981 1544 resistit
1008 1491 1051 1547 ⁵,
1088 1489 1155 1543 Et
1192 1510 1205 1544 :
1238 1489 1338 1555 Qui
1366 1506 1421 1544 se
1456 1489 1722 1556 humiliat,
1751 1491 1906 1544 exal-

322 1585 523 1638 tabitur
564 1584 603 1636 ⁸.

386 1675 549 1730 XVII.
585 1674 686 1740 Qui
708 1689 839 1728 vero
856 1674 1058 1742 saepius
1076 1673 1395 1741 corripitur,
1420 1682 1605 1727 etnon
1634 1687 1693 1726 se
1718 1687 1907 1726 emen-

323 1767 557 1831 daverit,
605 1765 938 1821 novissimus
976 1766 1029 1818 in
1073 1764 1268 1819 ordine
1303 1773 1449 1819 stare
1487 1764 1767 1834 jubeatur.
1798 1762 1905 1827 Qui

323 1859 369 1911 si
408 1873 510 1912 nec
556 1858 637 1911 sic
664 1856 887 1925 quidem
920 1872 977 1910 se
1010 1855 1408 1919 emendaverit,
1461 1864 1759 1909 extraneus
1808 1854 1907 1907 ha-

321 1950 537 2015 beatur,
574 1948 1003 2003 sicutDominus
1041 1948 1179 2002 dixit
1217 1966 1230 2000 :
1264 1946 1344 2002 Sit
1388 1948 1478 2002 tibi
1506 1926 1639 2001 sic‘ut
1671 1947 1903 2000 ethnicus

324 2050 375 2094 et
400 2042 722 2109 lpublicanus
758 2042 776 2073 ⁷
789 2084 801 2095 .

389 2129 579 2186 XVIII.
617 2132 700 2186 Ad
730 2136 985 2188 'mensam
1023 2142 1207 2186 autem
1250 2132 1565 2201 specialiter
1603 2130 1788 2185 nullus
1827 2130 1906 2186 lo-

321 2231 545 2290 quatur,
579 2222 685 2276 nisi
715 2223 809 2291 qui
841 2231 1040 2292 praeest
1063 2222 1150 2276 vel
1186 2222 1283 2290 qui
1315 2223 1689 2291 interrogatus
1719 2221 1904 2276 fuerit.

392 2313 537 2369 XIX.
592 2314 788 2369 Nullus
836 2330 895 2369 se
929 2314 984 2367 in
1036 2329 1135 2367 sua
1186 2315 1385 2382 peritia
1441 2329 1622 2382 neque
1658 2314 1713 2367 in
1772 2328 1907 2369 voce

321 2406 546 2470 exaltet,
577 2405 671 2459 sed
712 2421 812 2475 per
842 2405 1212 2461 humilitatem
1257 2412 1313 2459 et
1346 2404 1719 2459 obedientiam
1753 2404 1908 2459 Izates

327 2506 417 2551 tur
466 2496 520 2549 in
572 2496 825 2551 Domino.

394 2587 513 2642 XX.
556 2587 987 2658 Hospitalitatem
1032 2597 1293 2641 sectantes
1339 2602 1436 2657 per
1460 2587 1646 2641 omnia
1679 2588 1721 2648 ",
1754 2595 1811 2640 et
1838 2601 1908 2641 ne

322 2688 541 2734 avertas
582 2679 826 2743 oculum,
870 2685 969 2732 aut
1020 2677 1237 2731 inanem
1284 2676 1529 2730 dimittas
1566 2690 1905 2745 pauperem;

322 2789 392 2826 ne
434 2772 575 2826 forte
615 2771 881 2826 Dominus
914 2770 971 2823 in
1002 2769 1217 2839 hospite
1260 2779 1356 2823 aut
1391 2769 1448 2822 in
1477 2781 1719 2838 paupere
1752 2766 1819 2821 ad
1857 2774 1909 2820 te

319 2865 524 2924 veniat.
567 2874 623 2918 et
659 2864 841 2918 videat
868 2872 920 2916 te
967 2862 1308 2916 haesitantem
1344 2878 1357 2913 :
1399 2868 1454 2913 et
1494 2858 1903 2923 contemnaris;

321 2955 418 3011 sed
470 2956 729 3009 oninibus
759 2955 993 3009 hilarem
1044 2962 1098 3008 te
1135 2952 1387 3017 ostende,
1426 2960 1484 3006 et
1517 2950 1754 3004 fideliter
1786 2964 1905 3019 age.

391 3045 534 3098 XXI.
572 3045 773 3100 Passus
809 3044 1063 3115 injuriam
1090 3055 1289 3097 taceas.
1317 3041 1575 3112 Injuriam
1598 3039 1777 3093 facere
1797 3055 1907 3093 non

320 3149 503 3197 nosse,
547 3134 743 3188 factam
792 3148 957 3202 posse
990 3133 1244 3186 tolerare.
1280 3131 1399 3185 Non
1432 3141 1485 3184 te
1526 3130 1709 3184 inania
1739 3129 1909 3184 sedu-

320 3234 448 3280 cant
476 3225 726 3289 consilia,
771 3225 865 3278 sed
920 3224 1091 3295 magis
1136 3234 1186 3278 te
1234 3222 1548 3289 specialiter
1592 3222 1646 3275 in
1682 3220 1900 3275 Christo
1928 3247 1969 3304 ο

318 3317 605 3371 conﬁrma.
640 3316 759 3370 Non
791 3316 889 3369 tibi
933 3315 1170 3369 mstimes
1217 3315 1358 3368 ullos
1402 3314 1770 3383 proximiores
1803 3328 1900 3382 pa-

318 3414 528 3466 rentes,
586 3421 749 3473 quam
786 3405 878 3474 qui
916 3413 1097 3458 tecum
1134 3412 1262 3458 sunt
1287 3403 1339 3456 in
1373 3404 1570 3458 cellula
1610 3402 1829 3457 Iratres.

386 3496 553 3550 XXII.
593 3496 648 3550 Si
687 3495 754 3550 ad
800 3495 1110 3551 necessaria
1143 3494 1479 3563 requirenda
1510 3509 1539 3548 e
1564 3494 1903 3548 monasterio

318 3589 435 3642 bini
467 3588 825 3657 egrediantur
856 3588 941 3641 vel
964 3588 1104 3640 terni
1131 3586 1348 3649 fratres,
1376 3586 1513 3639 tales
1543 3584 1676 3638 fiant
1701 3586 1904 3652 quibus

315 3679 585 3743 creditur,
616 3678 729 3746 {qui
763 3678 1018 3731 timorem
1059 3678 1155 3731 Dei
1194 3678 1248 3730 in
1294 3692 1352 3731 se
1387 3677 1592 3730 habere
1622 3677 1899 3741 videntur,

316 3786 427 3824 non
463 3770 555 3838 qui
595 3770 985 3823 verbositatem
1028 3777 1121 3823 aut
1160 3770 1341 3839 gulam
1381 3776 1688 3823 sectantur.
1719 3776 1904 3821 ’ξ’δίσδίι

389 3858 580 3913 XXIII.
622 3859 767 3929 Ergo
796 3859 842 3913 si
878 3859 1003 3928 quis
1041 3859 1109 3913 de
1147 3859 1349 3913 saeculo
1396 3858 1463 3913 ad
1506 3858 1902 3913 monasterium

316 3951 563 4005 converti
593 3951 853 4018 voluerit,
890 3951 1079 4020 regula
1122 3951 1171 4003 ei
1207 3950 1513 4003 introeunti
1558 3950 1792 4019 legatur,
1849 3956 1906 4003 et

318 4058 511 4097 omnes
550 4051 704 4098 actus
732 4041 1051 4098 monasterii
1087 4040 1166 4095 illi
1188 4040 1470 4110 patefiant.
1502 4039 1607 4106 Qui
1636 4040 1681 4097 si
1718 4040 1904 4093 omnia

318 4144 442 4204 apte
487 4135 835 4201 sustinuerit,
881 4134 961 4189 sic
993 4134 1156 4204 digne
1188 4149 1218 4187 a
1257 4132 1527 4187 fratribus
1561 4133 1899 4204 suscipiatur

316 4226 370 4280 in
401 4226 759 4280 monasterio.

386 4317 576 4373 XXIV.
617 4317 752 4371 Nam
778 4317 823 4371 si
851 4317 1092 4387 aliquam
1126 4317 1183 4370 in
1211 4318 1408 4372 cellula
1428 4316 1664 4372 voluerit
1682 4314 1897 4381 inferre

2006 670 2195 737 fuerit,
2227 688 2337 726 non
2370 673 2547 727 solum
2578 673 2646 727 de
2687 673 2997 728 substantia
3030 691 3195 744 quam
3244 677 3452 744 intulit,
3492 682 3591 739 sed

2007 762 2173 816 etiam
2202 779 2303 817 nec
2351 762 2418 817 de
2458 778 2516 817 se
2545 763 2663 832 ipso
2700 763 2768 817 ab
2814 765 2906 818 illa
2935 765 3210 835 judicabit
3252 766 3410 821 hora.
3454 769 3592 824 Nam

2008 855 2052 909 si
2085 855 2291 924 aliquid
2341 855 2496 924 prius
2532 856 2779 925 erogavit
2820 858 3177 926 pauperibus,
3215 868 3309 912 aut
3360 861 3590 915 veniens

2008 947 2064 1001 in
2088 948 2336 1002 eellulam
2360 948 2565 1016 aliquid
2601 948 2789 1000 intulit
2816 948 3100 1013 fratribus,
3135 949 3241 1018 ipsi
3273 958 3453 1006 tamen
3480 968 3589 1006 non

2006 1046 2088 1093 est
2119 1038 2352 1101 licitum,
2393 1048 2455 1092 ut
2490 1039 2696 1108 aliquid
2730 1040 2930 1094 habeat
2960 1040 3015 1093 in
3048 1056 3145 1094 sua
3186 1051 3482 1110 potestate.

2079 1128 2244 1183 XXV.
2286 1129 2353 1182 Et
2386 1130 2430 1182 si
2458 1144 2525 1182 ex
2559 1129 2809 1198 qualibet
2840 1146 3005 1184 causa
3045 1131 3286 1185 scandali
3315 1139 3439 1200 post
3479 1141 3591 1186 tero

2008 1216 2147 1272 tium
2194 1216 2337 1270 diem
2378 1217 2506 1271 inde
2537 1218 2689 1272 exire
2718 1218 2976 1282 voluerit,
3011 1218 3149 1271 nihil
3192 1218 3415 1287 penitus
3441 1221 3589 1273 acci-

2007 1307 2141 1375 piat,
2192 1305 2294 1360 nisi
2336 1306 2390 1359 in
2427 1316 2580 1360 veste
2620 1323 2728 1376 qua
2772 1308 2943 1361 venit.
2972 1308 3127 1373 Quod
3160 1310 3205 1363 si
3247 1324 3377 1363 casu
3412 1320 3590 1364 trans-

2007 1397 2155 1466 ierit,
2200 1398 2385 1453 nullus
2430 1399 2727 1453 hmredium
2761 1402 2836 1468 (Ξ)
2860 1403 2980 1472 ejus
3008 1402 3162 1457 adire
3186 1402 3405 1457 debeat.
3431 1402 3589 1469 Quod

2006 1489 2051 1543 si
2104 1490 2404 1559 impulsare
2447 1492 2522 1561 (5)
2569 1493 2839 1556 voluerit,
2904 1494 3089 1562 regula
3138 1494 3187 1548 ei
3247 1495 3480 1564 legatur,
3533 1505 3591 1548 et

2005 1577 2378 1632 confundatur
2404 1581 2659 1648 turpiter,
2689 1590 2745 1635 et
2776 1582 3024 1636 discedat
3051 1583 3350 1638 confusus:
3377 1584 3506 1653 quia
3532 1591 3591 1637 et

2007 1667 2083 1721 illi
2124 1683 2152 1721 a
2185 1682 2295 1736 quo
2335 1669 2557 1736 repetit,
2610 1669 2791 1725 fuerat
2842 1672 3092 1725 recitata.

2079 1755 2269 1810 XXVI.
2310 1757 2452 1827 Ergo
2495 1773 2565 1811 ex
2610 1759 2857 1828 qualibet
2896 1776 3056 1815 causa
3098 1763 3223 1829 quis
3277 1763 3592 1830 peccaverit

2007 1846 2197 1912 frater,
2228 1849 2296 1901 ab
2328 1850 2579 1903 oratione
2603 1851 2998 1919 suspendatur,
3025 1862 3081 1906 et
3101 1853 3325 1923 jejuniis
3358 1854 3589 1909 distrin-

2008 1948 2189 2008 gatur.
2215 1937 2372 2004 Quod
2406 1941 2449 1993 si
2482 1956 2665 1993 coram
2695 1942 2953 1996 omnibus
2987 1942 3252 1998 fratribus
3282 1953 3593 2013 prostratus

2007 2028 2223 2083 veniam
2264 2030 2652 2097 postulaverit,
2689 2030 3000 2086 dimittatur
3029 2032 3127 2087 illi.

2078 2120 2292 2174 XXVII.
2337 2122 2471 2177 Nam
2501 2123 2545 2177 si
2599 2122 2652 2175 in
2692 2139 2791 2177 sua
2819 2125 3059 2179 voluerit
3096 2141 3453 2195 perseverare
3491 2142 3595 2181 nc-

2006 2211 2181 2280 quitia
2216 2219 2271 2266 et
2305 2213 2584 2282 superbia,
2632 2221 2688 2268 et
2715 2214 2865 2270 dicat
2897 2233 2911 2269 :
2951 2215 3052 2270 Hic
3094 2232 3198 2287 ego
3244 2216 3450 2273 durare
3478 2233 3592 2272 non

2005 2319 2255 2373 possum,
2288 2305 2383 2359 sed
2436 2305 2703 2375 accipiam
2744 2307 2986 2361 casulam
3022 2323 3222 2373 meam,
3252 2317 3309 2364 et
3348 2324 3468 2363 eam
3494 2309 3592 2363 ubi

2006 2394 2244 2449 voluerit
2284 2396 2548 2451 Dominus
2580 2416 2593 2451 :
2633 2398 2887 2467 quisquis
2917 2398 2985 2452 de
3028 2400 3293 2455 fratribus
3322 2416 3448 2455 eum
3481 2401 3592 2455 hoc

2006 2482 2211 2538 dixisse
2243 2485 2398 2553 prius
2430 2486 2691 2547 audierit,
2750 2486 2951 2541 referat
2994 2488 3310 2557 praeposito,
3358 2498 3415 2543 et
3447 2504 3590 2558 pra;-

2006 2574 2220 2643 positus
2273 2574 2479 2629 abbati.
2536 2576 2722 2631 Abbas
2768 2593 2955 2632 coram
3008 2579 3268 2634 omnibus
3320 2578 3589 2636 fratribus

2007 2667 2266 2730 resideat,
2290 2679 2343 2723 et
2368 2684 2493 2722 cum
2516 2670 3001 2742 exhiberijubeat,
3026 2673 3266 2744 etvirgis
3292 2682 3587 2743 purgetur:

2006 2768 2063 2812 et
2103 2759 2281 2813 oratio
2337 2760 2448 2821 fiat,
2478 2772 2533 2815 et
2571 2761 2651 2815 sic
2678 2761 2745 2815 ad
2781 2763 3228 2817 communionem
3268 2765 3587 2835 recipiatur.

2006 2849 2077 2904 Ut
2111 2850 2156 2903 si
2197 2850 2323 2918 quis
2374 2864 2505 2905 sane
2554 2866 2665 2905 non
2710 2852 3038 2914 emendatur
3083 2854 3362 2921 doctrina,
3418 2856 3592 2926 virgis

2006 2950 2295 3011 purgetur.

2080 3034 2316 3089 XXVIII.
2356 3033 2512 3101 Quod
2544 3036 2588 3091 si
2624 3051 2753 3091 casu
2791 3037 2915 3106 quis
2950 3037 3120 3093 frater
3149 3038 3217 3093 de
3253 3039 3590 3094 monasterio
3660 3079 3667 3086 .

2005 3124 2155 3178 exire
2206 3125 2468 3189 voluerit,
2502 3125 2642 3179 nihil
2686 3126 2917 3196 penitus
2956 3127 3215 3197 accipiat,
3260 3128 3367 3183 nisi
3402 3129 3457 3182 in
3492 3145 3591 3184 no-

2007 3216 2278 3271 tatissimo
2325 3216 2401 3287 (4)
2453 3218 2803 3282 vestimento,
2847 3228 2904 3273 et
2948 3228 3102 3274 extra
3143 3221 3589 3277 communionem

2004 3306 2241 3363 inﬁdelis
2279 3309 2545 3365 discedat.
2576 3311 2711 3365 Nam
2748 3311 2922 3379 quieti
2953 3320 3010 3365 et
3062 3312 3276 3382 paciﬁci
3309 3314 3588 3368 excelsum

1936 3411 1955 3429 ι
2000 3399 2271 3469 diripiunt
2312 3418 2541 3472 regnum
2566 3404 2609 3467 ’,
2638 3411 2693 3458 et
2722 3404 2821 3457 ﬁlii
2869 3414 3262 3474 computantur
3294 3406 3585 3468 Altissimi,

1999 3499 2055 3544 et
2096 3492 2364 3560 pretiosas
2396 3494 2819 3563 splendidasque
2851 3495 3123 3565 accipient
3161 3510 3436 3560 coronas;
3488 3496 3587 3550 ﬁlii

2000 3591 2183 3636 autem
2225 3584 2590 3639 tenebrarum
2646 3586 2700 3638 in
2738 3586 3014 3640 exteriora
3070 3586 3233 3640 ibunt
3285 3594 3585 3642 tormenta.

2001 3672 2173 3743 Super
2206 3692 2361 3744 quem
2403 3677 2748 3746 requiescam,
2805 3679 2931 3730 dicit
2978 3678 3255 3741 Dominus,
3298 3679 3401 3731 nisi
3430 3695 3587 3748 super

2002 3765 2275 3829 humilem,
2301 3777 2348 3819 et
2372 3769 2630 3837 quietum,
2652 3778 2700 3822 et
2729 3777 3032 3823 trementem
3056 3786 3319 3823 sermones
3341 3787 3480 3824 meos
3498 3772 3539 3801 ¹⁰
3560 3772 3587 3823 ?

2072 3857 2264 3912 XXIX.
2302 3858 2508 3924 Quarta
2558 3868 2613 3913 et
2660 3870 2811 3915 sexta
2859 3860 2999 3915 feria
3028 3861 3119 3930 qui
3155 3860 3474 3929 infrangunt
3504 3862 3586 3931 je-

1997 3949 2239 4020 junium,
2276 3950 2430 4005 Judze
2457 3952 2799 4005 testimantur
2842 3950 3140 4021 participes
3176 3952 3271 4020 qui
3300 3950 3583 4006 Christum

2004 4041 2256 4096 tradidit.

2073 4133 2242 4187 XXX.
2283 4134 2421 4189 Illud
2472 4135 2639 4189 etiam
2698 4135 3093 4190 attendendum
3145 4136 3270 4200 fuit,
3318 4145 3380 4190 ut
3432 4136 3579 4190 intra

2002 4225 2401 4279 monasterium
2436 4225 2731 4280 artificium
2776 4242 2887 4281 non
2918 4227 3083 4282 faciat
3116 4228 3284 4290 ullus,
3326 4226 3434 4282 nisi
3492 4227 3584 4283 ille

2002 4317 2162 4387 cujus
2192 4316 2327 4371 lides
2360 4318 2589 4385 probata
2640 4316 2829 4382 fuerit,
2865 4318 2956 4388 qui
2984 4318 3051 4372 ad
3083 4318 3373 4372 utilitatem
3402 4327 3459 4373 et
3483 4334 3583 4374 ne-

314 4408 701 4474 substantiam,
750 4408 807 4462 in
856 4424 1047 4465 mensa
1114 4416 1355 4478 ponatur
1402 4423 1588 4463 coram
1637 4408 1897 4463 omnibus
1923 4410 2317 4485 Dcessitatem
2364 4410 2685 4465 monasterii
2729 4411 2894 4465 faciat
2934 4411 3083 4482 quod
3135 4412 3339 4482 poterit
3378 4411 3582 4467 facere.

384 4577 650 4675 :ch.1v,
694 4576 745 4631 6.
824 4580 844 4610 '
879 4579 1073 4635 Matth.
1111 4583 1388 4648 “111,12.
1463 4582 1483 4615 ¹¹
1530 4583 1722 4642 Matth.
1773 4605 1943 4675 xvnl,
1979 4587 2068 4641 I7.
2143 4589 2165 4619 ⁸
2203 4589 2361 4642 Rom.
2401 4605 2471 4642 ιιι
2500 4630 2514 4651 ,
2572 4589 2655 4644 I5.
2732 4590 2753 4621 ‘
2799 4550 2990 4644 hiatth.
3040 4606 3093 4657 v,
3171 4591 3225 4655 4,
3257 4590 3313 4646 9.
3394 4591 3437 4623 "
3473 4590 3579 4645 Isa.

312 4663 419 4714 Lvt,
456 4647 510 4701 2.

314 4900 326 4912 ο
401 4832 477 4957 (Ξ)
526 4831 848 4888 eredium.
874 4831 1021 4914 Idem
1050 4848 1114 4887 ac
1157 4834 1437 4905 prwdium.
1472 4835 1609 4890 Vide
1634 4835 1897 4907 Cangium

314 4917 370 4956 ιιι
471 4902 658 4957 lossar.
696 4921 747 4956 v.
796 4903 1116 4957 Ilwredmm.

314 4902 370 4956 in
414 4902 658 4964 'Glossar,
696 4921 747 4956 v.
796 4903 1116 4957 Ilwredium.

388 4972 466 5040 (3)
500 4973 821 5043 lmpulsare.
855 4973 1126 5043 Excitare.
1164 4972 1321 5041 Apud
1362 4974 1686 5030 Marculfum
1732 4975 1829 5029 lib.
1861 4993 1895 5030 ιι

314 5039 490 5113 qum,
524 5039 612 5107 52',
644 5061 711 5098 ex
740 5044 973 5113 epistola
996 5039 1228 5095 Henrici
1256 5043 1317 5108 V,
1347 5044 1564 5099 abbatis
1597 5046 1899 5101 'Fuldensis

314 5110 382 5163 ad
414 5112 549 5167 alios
577 5110 805 5169 abbates
825 5112 1052 5169 Ordinis
1086 5113 1145 5169 S.
1178 5113 1461 5170 Benedicti
1495 5116 1753 5171 :Abbates
1777 5117 1897 5185 qui-

1998 4838 2124 4891 dam
2142 4838 2340 4891 ordinis
2371 4847 2538 4891 nostri
2572 4854 2779 4892 nos.....
2812 4840 3175 4909 multipliciter
3194 4841 3575 4910 impulsarunt,

2000 4917 2326 4989 quatenus...
2360 4924 2627 4989 assumere
2653 4926 2982 4989 curaremus,
3013 4921 3120 4965 etc.
3159 4910 3281 4964 Vid.
3313 4910 3579 4981 Cangium

2000 4977 2057 5031 in
2094 4977 2330 5033 Glossar.
2378 4995 2429 5031 v.
2485 4977 2802 5045 Impulsam

2080 5048 2154 5116 (4)
2183 5048 2527 5101 Notatissimo
2554 5059 2680 5101 vest.
2712 5048 2847 5103 Vide
2871 5048 3011 5102 infra
3044 5064 3164 5117 quae
3191 5051 3577 5110 adnotavimus

2004 5116 2073 5172 ad
2116 5132 2237 5187 cap.
2286 5119 2373 5181 10,
2412 5118 2614 5188 regulae
2653 5134 2712 5172 III
2763 5119 2986 5173 Patrum
3034 5116 3101 5174 ad
3130 5122 3446 5178 monachos.

394 5446 613 5507 Sancti
642 5448 899 5535 illacurii
927 5449 1473 5535 Apophthegmata
1507 5496 1536 5535 ,_
1580 5472 1821 5514 necnon
1869 5464 2168 5535 excerpta
2198 5457 2427 5535 variae
2470 5464 2685 5535 sancto
2733 5457 3041 5535 Macario,
3083 5474 3423 5517 sermonem
3488 5460 3568 5521 de

313 5526 585 5585 Excessu
626 5526 997 5603 ,Justorum,
1023 5526 1133 5589 etc.
1189 5536 1245 5588 et
1284 5526 1350 5587 ‘E

312 5622 505 5683 supra
545 5602 660 5664 col.
690 5603 972 5681 235—265,
1006 5606 1299 5684 385-392,
1336 5602 1615 5672 406-447.

1400 5529 1610 5614 istolas
1648 5550 1779 5611 qua:
1822 5529 2167 5612 sequuntur
2195 5538 2263 5596 in
2329 5532 2598 5594 editione
2631 5533 3079 5610 Gallandiana,
3105 5536 3243 5614 jam
3286 5535 3570 5598 dedimus
