4020 6440
465 464 565 533 971

1377 423 1519 515 iss.
1558 445 2078 515 MACARIORUM
2118 442 2213 503 ET
2256 400 2717 502 PAPHNUTII.

3635 423 3745 485 972

476 552 3727 618 _______________________________________________

1191 752 1310 864 s.
1384 738 2268 887 SEBAPIONIS,
2346 728 3013 897 MACARII,

985 991 1654 1093 PAPHNUTII
1734 989 1884 1077 ET
1952 975 2544 1075 ALTEBIUS
2614 964 3104 1060 MACABII
3148 945 3228 1015 (ί)

1130 1207 1780 1346 REGULA
1857 1204 2065 1330 AD
2142 1184 3054 1327 MONACHOS.

1094 1608 1319 1667 CAPUT
1352 1606 1395 1661 1.

1110 1702 1390 1773 ΡνωῙαιίο.

557 1796 908 1873 223-243
960 1793 1295 1849 sedentibus
1328 1792 1404 1861 (2)
1438 1788 1679 1844 nobisin
1722 1801 1893 1842 unum
1941 1798 2071 1838 con-

487 1887 611 1944 silio
642 1879 1027 1941 saluberrimo,
1075 1891 1201 1931 cum
1241 1890 1406 1945 prece
1464 1873 1756 1927 Dominum
1806 1876 2058 1923 nostrum

490 1979 826 2047 rogavimus,
847 1979 908 2025 ut
940 1968 1100 2023 nobis
1117 1965 1478 2021 distribueret
1506 1963 1772 2033 Spiritum
1799 1968 2070 2019 sanctum,

493 2068 590 2139 qui
624 2081 727 2120 nos
770 2064 1093 2124 instrueret,
1125 2058 1366 2129 qualiter
1416 2055 1650 2111 fratrum
1694 2052 2074 2108 conversatio-

491 2172 616 2211 nem
640 2155 724 2210 vel
760 2152 1003 2223 regulam
1030 2150 1156 2205 vitae
1185 2147 1442 2203 ordinare
1467 2145 1760 2215 possimus.

1113 2260 1341 2319 CAPUT
1386 2260 1452 2314 II.

740 2359 817 2414 De
840 2360 1013 2431 prima
1037 2355 1413 2431 coniugatione
1427 2353 1827 2431 coenobitarum.

1066 2426 1325 2496 Serapion
1358 2426 1517 2479 dixit.

566 2522 837 2589 Quoniam
872 2518 1232 2574 misericordia
1265 2516 1483 2571 Domini
1520 2514 1679 2587 plena
1713 2521 1788 2567 est
1817 2511 1995 2565 terra‘
2025 2517 2084 2565 et

498 2615 801 2668 multorum
833 2611 908 2680 ('5)
942 2609 1160 2680 agmina
1194 2606 1263 2661 ad
1296 2607 1422 2662 vitae
1441 2605 1716 2675 fastigium
1748 2602 2001 2665 tendunt,
2028 2610 2084 2655 et

501 2706 631 2775 quia
655 2703 827 2759 eremi
850 2702 1081 2756 vastitas
1105 2710 1161 2754 et
1186 2700 1533 2753 diversorum
1560 2703 1937 2749 monstrorum
1966 2700 2082 2746 ter-

502 2805 597 2844 ror
623 2788 944 2859 singillatim
969 2787 1218 2841 habitare
1243 2784 1441 2841 fratres
1469 2799 1580 2837 non
1598 2781 1903 2851 permittit;
1937 2780 2083 2849 opti-

501 2898 654 2938 mum
708 2881 931 2935 videtur
987 2878 1227 2949 Spiritus
1281 2876 1454 2931 sancti
1496 2874 1786 2946 praeceptis
1834 2873 2080 2927 obedire.

506 2974 622 3029 Nec
648 2973 728 3042 (4)
758 2980 948 3027 nostra
983 2971 1205 3039 propria
1234 2968 1403 3023 verba
1440 2976 1670 3037 possunt
1716 2966 1873 3020 ﬁrma
1893 2978 2087 3037 perse-

505 3079 721 3126 verare,
747 3062 855 3117 nisi
889 3061 1119 3114 firmitas
1139 3059 1549 3128 Scripturarum
1598 3072 1628 3110 e
1649 3055 1954 3109 centesimo
1996 3053 2094 3106 tri-

508 3155 715 3209 cesimo
761 3151 1007 3208 secundo
1046 3150 1257 3220 psalmo
1297 3157 1546 3203 nostrum
1593 3145 1845 3201 ordinem
1891 3145 2093 3205 firmet,

510 3261 622 3316 quo
646 3245 824 3300 dicit:
868 3247 1003 3297 Ecce
1040 3259 1203 3312 quam
1253 3242 1447 3294 bonum
1483 3248 1533 3291 et
1575 3256 1738 3309 quam
1772 3237 2093 3307 Jucundum,

513 3338 753 3391 habitare
791 3336 981 3405 fratres
1011 3334 1065 3385 in
1088 3350 1252 3385 unum
1275 3334 1317 3381 ¹.
1345 3332 1414 3384 Et
1456 3329 1655 3383 iterum
1680 3343 1694 3379 :
1723 3326 1827 3393 Qui
1854 3327 2097 3380 habitare

514 3431 643 3500 facit
671 3428 953 3481 unanimes
975 3427 1030 3479 in
1059 3424 1279 3487 domo';
1312 3421 1525 3475 firmam
1545 3423 1657 3492 jam
1686 3434 1836 3474 nunc
1853 3418 2099 3488 regulam

514 3518 738 3589 pietatis
770 3533 868 3588 per
913 3517 1152 3587 Spiritus
1204 3514 1379 3569 sancti
1424 3512 1799 3568 ostensionem
1835 3509 2102 3564 fratribus

518 3610 779 3665 ordinare
796 3650 810 3671 ,
840 3622 1260 3678 prosequamur.

1131 3698 1356 3754 CAPUT
1393 3697 1482 3761 Ill,

696 3795 843 3849 Idem
866 3794 998 3865 ipse,
1028 3792 1105 3846 De
1131 3790 1488 3930 untanimitate
1520 3795 1569 3841 et
1590 3785 1928 3856 jucunditate

1222 3869 1449 3913 ratrum.

1222 3869 1449 3913 'ratrum.

592 3959 861 4013 Volumus
908 3971 1041 4026 ergo
1087 3953 1289 4008 fratres
1330 3951 1621 4007 unanimes
1660 3951 1717 4005 in
1758 3949 1924 4004 domo
1980 3957 2105 3999 cum

519 4049 865 4123 jucunditate
895 4048 1146 4101 habitare
1179 4062 1192 4098 :
1223 4044 1319 4099 sed
1341 4043 1579 4113 qualiter
1621 4039 1958 4096 unanimitas
1993 4036 2111 4106 ipsa

470 4222 473 4225 γ
523 4143 613 4196 vel
637 4140 952 4213 iucunditas
982 4147 1134 4193 recto
1155 4136 1350 4195 ordine
1378 4143 1653 4201 teneatur,
1678 4133 1794 4188 Deo
1817 4131 2110 4202 adiuvante

526 4232 868 4289 mandamus.

1134 4320 1360 4378 CAPUT
1398 4317 1487 4373 Ν.

636 4409 739 4474 Qui
761 4425 949 4480 supra,
976 4408 1054 4462 De
1091 4410 1298 4473 abbate,
1327 4404 1669 4532 ethquomodo
1690 4404 1735 4457 ei
1769 4400 2014 4457 obediant

1190 4497 1380 4532 monac
1415 4496 1454 4532 ι.

1190 4496 1454 4533 monacm.

611 4570 870 4626 Volumus
919 4586 1052 4642 ergo
1102 4586 1275 4626 unum
1319 4584 1558 4640 praeesse
1624 4567 1897 4623 seniorem
1952 4577 2120 4635 super

534 4678 728 4719 omnes
776 4662 997 4725 fratres,
1039 4677 1143 4716 nec
1197 4662 1265 4716 ab
1304 4662 1425 4731 ejus
1465 4660 1702 4715 consilio
1749 4658 1838 4713 vel
1886 4655 2119 4725 imperio

533 4766 865 4819 quemquam
912 4750 1198 4804 sinistrum
1230 4749 1529 4803 declinare.
1572 4748 1666 4803 sed
1702 4747 1847 4803 sicut
1881 4744 2114 4815 imperio

533 4840 751 4895 Domini
791 4856 917 4904 cum
940 4840 1091 4895 omni
1144 4839 1335 4895 laetitia
1384 4839 1654 4904 obedire;
1694 4838 1913 4892 dicente
1971 4838 2116 4905 Apo-

534 4934 679 4987 stolo
705 4932 774 4986 ad
810 4932 1073 4986 Hebraeos
1108 4948 1120 4983 :
1158 4930 1371 4986 Obedite
1410 4930 1706 5000 prwpositis
1744 4930 1950 4992 vestris,
1988 4928 2114 4997 quia

534 5024 635 5092 ipsi
681 5023 905 5095 vigilant
946 5039 1040 5092 pro
1093 5022 1292 5076 vobis“.
1327 5023 1395 5077 Et
1446 5020 1714 5076 Dominus
1753 5019 1892 5073 dixit
1926 5036 1940 5073 :
1980 5016 2117 5071 Nolo

534 5114 882 5182 sacriﬁcium,
935 5115 1025 5169 sed
1065 5114 1469 5169 obedientiam”.
1520 5110 1998 5168 Considerandum
2033 5115 2120 5165 est

610 5249 789 5305 'Psal.
822 5265 985 5314 xxxn,
1025 5251 1076 5304 5.
1150 5252 1170 5280 ²
1210 5249 1351 5302 Psal.
1387 5266 1584 5309 cxxxu,
1618 5249 1667 5301 l.

545 5325 565 5346 "
588 5322 746 5376 Joan.
781 5335 853 5379 Iv,
879 5304 984 5373 '58.,
1045 5320 1066 5349 ³
1095 5319 1113 5372 l
1141 5318 1335 5373 Thess.
1367 5322 1476 5385 ι,7.
1542 5304 1627 5374 ’ll
1648 5321 1793 5375 Tim.
1828 5332 1902 5379 Iv,
1932 5315 1986 5368 2.
2065 5309 2295 5364 “’lCor.
2327 5321 2401 5370 tv,
2424 5304 2514 5357 2t.

539 5406 630 5445 xw
652 5429 667 5449 ,
691 5388 745 5442 8.
825 5389 868 5420 “
898 5390 1059 5443 Rom.
1089 5403 1161 5451 iu,
1196 5387 1285 5441 20.

612 5551 693 5621 (Ι)
728 5546 1043 5621 Holstenius
1066 5543 1522 5621 ad_cal_cem_§od.
1548 5539 1733 5621 Regni.
1756 5554 1831 5621 ex
1854 5532 2123 5621 antiquis-

544 5605 689 5673 sime
716 5618 1014 5688 exemplari
1051 5618 1173 5670 cod.
1200 5616 1324 5688 Vat.
1360 5614 1521 5688 5542.
1562 5605 1771 5677 aliquot
1807 5606 1986 5659 varias
2014 5605 2124 5688 lect

546 5690 725 5743 tiones
764 5679 972 5757 profert
998 5688 1224 5756 hujusce
1244 5681 1456 5753 Regula:
1480 5688 1806 5757 sanctorum,
1825 5686 1942 5757 etc;
1964 5679 2128 5741 prout

548 5746 875 5824 sequuniur.
914 5758 1015 5810 llic
1043 5746 1225 5810 autem
1256 5746 1379 5821 post
1404 5750 1625 5824 nomina
1650 5758 1885 5817 quatuor
1908 5746 2126 5799 Patrum

552 5821 774 5879 additur
799 5828 851 5879 in
876 5827 1105 5879 laudato
1137 5825 1348 5884 codice,
1382 5821 1647 5872 abbatum.

626 5897 699 5961 (2)
727 5895 1049 5949 Sedentibus.
1077 5896 1153 5948 Id.
1187 5893 1308 5945 cod.
1342 5887 1771 5943 residentilms.l:ll
1794 5899 1934 5947 mox,
1964 5892 2015 5933 ut
2037 5898 2128 5934 no-

1749 5249 1769 5279 ³
1798 5245 1942 5301 Psal.
1980 5256 2141 5301 vau.
2175 5240 2228 5292 7.
2304 5236 2325 5266 ⁵
2350 5233 2522 5289 Hebr.
2553 5224 2786 5301 xui,_l5.

2094 1596 2145 1653 A
2172 1605 2394 1662 quoque
2415 1562 2484 1643 ab
2514 1586 2603 1640 his
2634 1582 2729 1653 qui
2752 1596 2812 1635 se
2840 1580 2931 1634 tali
2955 1589 3123 1646 opere
3150 1568 3440 1662 unanimes
3484 1579 3759 1662 esse-eu-

2172 1654 2355 1751 piun-t,
2379 1678 2509 1748 quia
2532 1690 2630 1745 per
2660 1667 3036 1726 obedientiam
3077 1660 3354 1718 Abraham
3373 1654 3583 1726 placuit
3624 1654 3758 1718 Deo,

2173 1744 2225 1826 et
2264 1744 2465 1825 amicus
2491 1767 2588 1821 Dei
2619 1761 2922 1835 appellatus
2963 1764 3037 1811 est
3059 1757 3101 1807 ⁸⁸.
3119 1754 3223 1809 Per
3245 1748 3625 1806 obedientiam
3658 1744 3761 1814 ipsi

2174 1861 2407 1933 apostoli
2457 1863 2785 1944 meruerunt
2821 1860 2989 1906 testes
3032 1845 3267 1901 Domino
3312 1842 3370 1894 in
3418 1837 3682 1893 tribubus
3708 1843 3763 1889 et

2174 1929 2393 2026 populis
2424 1929 2567 2005 esse.
2596 1946 2719 2017 Ipse
2765 1956 2988 2015 quoque
3015 1936 3280 1993 Dominus
3329 1941 3523 1988 noster
3565 1929 3637 1984 de
3667 1943 3762 1982 su-

2177 2046 2366 2117 pernis
2392 2028 2461 2097 ad
2491 2039 2756 2095 inferiora
2783 2030 3128 2090 descendens
3157 2028 3234 2080 ait
3258 2045 3272 2078 :
3302 2024 3420 2079 Non
3445 2022 3566 2076 veni
3592 2020 3763 2089 facere

2178 2112 2503 2193 uoluntatem
2530 2148 2727 2195 meam,
2753 2127 2843 2183 sed
2881 2126 2994 2193 ejus
3019 2122 3111 2191 qui
3155 2134 3237 2173 me
3280 2114 3479 2171 misit".
3512 2112 3615 2171 His
3634 2122 3765 2178 ergo

2179 2229 2346 2285 tantis
2368 2224 2669 2280 virtutibus
2692 2219 2905 2273 ﬁrmata
2945 2208 3261 2268 obedientia
3292 2217 3627 2275 magnopere
3653 2213 3765 2253 ma-

2180 2330 2399 2389 gnoque
2428 2313 2612 2369 studio
2634 2314 2910 2364 teneatur.

2806 2391 3033 2450 CAPUT
3074 2390 3141 2443 V.

2182 2486 2451 2554 Macarius
2480 2494 2651 2548 dixit:
2678 2486 2931 2555 Qualiter
2950 2478 3231 2555 spirituale
3261 2474 3569 2531 exercitium
3599 2470 3663 2526 ab
3688 2470 3764 2525 his

2519 2564 2609 2635 qui
2646 2552 2880 2631 premunt
2904 2552 3155 2606 Patribus
3191 2556 3453 2601 teneatur.

2255 2632 2789 2726 Quoniam'fratrum
2824 2644 3062 2715 insignia
3088 2641 3377 2701 virtutum,
3401 2632 3765 2689 habitationes

2184 2718 2426 2818 quoque,
2447 2742 2535 2798 vel
2556 2734 2870 2795 obedientia
2892 2730 3148 2801 superius
3173 2724 3483 2791 conscripta
3512 2729 3640 2775 sunt
3659 2718 3749 2786 (5),

2188 2810 2336 2892 nunc
2366 2832 2605 2903 qualiter
2640 2822 2925 2897 spirituale
2944 2816 3266 2874 exercitium
3290 2812 3358 2865 ab
3385 2811 3472 2864 his
3488 2810 3584 2879 qui
3614 2822 3747 2877 prae.

2112 2920 2160 2979 B
2190 2934 2319 2982 sunt
2347 2900 2608 2980 Patribus
2663 2923 2952 2977 teneatur,
2986 2911 3099 2964 Deo
3126 2907 3353 2977 juvante
3392 2900 3761 2956 ostendamus.

2194 3014 2445 3075 Debetis,
2478 3010 2572 3079 qui
2610 3006 2865 3080 prazestis
2885 3003 3098 3062 Patres,
3125 2997 3262 3050 tales
3286 3009 3382 3047 vos
3407 2992 3685 3053 exhibere,
3710 2993 3764 3039 ut

2193 3104 2492 3175 Apostolus
2520 3100 2597 3154 ait
2622 3115 2637 3153 :
2670 3097 2853 3151 Estote
2902 3095 3075 3161 forma
3122 3084 3509 3147 credentibus“,
3538 3082 3637 3135 hoc
3666 3085 3758 3139 est,

2198 3169 2262 3255 ut
2293 3214 2389 3268 per
2419 3194 2743 3266 qualitatem
2796 3185 3038 3256 mystica:
3076 3177 3296 3250 pietatis
3341 3184 3399 3229 et
3447 3169 3756 3229 severitatis,

2198 3256 2454 3344 frairum-
2478 3283 2697 3337 animos
2728 3277 2797 3333 ad
2843 3272 3091 3330 cmlestia
3142 3268 3211 3321 de
3255 3264 3495 3320 terrenis
3537 3256 3753 3330 erigatis,

2201 3381 2423 3436 dicente
2477 3370 2742 3444 Apostolo
2783 3385 2796 3419 :
2842 3366 3040 3434 Argue,
3091 3359 3327 3417 obsecra,
3374 3355 3601 3421 increpa,
3649 3360 3749 3443 cum

2201 3433 2347 3526 omni
2394 3433 2652 3537 patientia
2711 3465 2760 3511 et
2803 3433 3049 3509 doctrina
3070 3450 3111 3501 ⁸.
3139 3448 3207 3501 Et
3260 3444 3369 3498 alio
3403 3443 3518 3496 loco
3558 3433 3740 3504 inquit:

2205 3565 2345 3631 Quid
2369 3561 2527 3619 vultis
2552 3559 2575 3612 ?
2596 3560 2651 3611 in
2676 3558 2827 3624 virga
2883 3549 3095 3603 ueniam
3141 3544 3210 3596 ad
3245 3558 3363 3604 vos,
3395 3554 3457 3590 an
3484 3538 3537 3587 in
3576 3531 3744 3602 spiritu

2205 3647 2719 3715 mansuetudinis”?
2752 3636 3170 3699 Decernendum
3199 3642 3283 3687 est
3316 3630 3384 3684 ab
3416 3628 3504 3681 illo
3530 3624 3615 3694 qui
3634 3633 3757 3691 prte-

2205 3760 2313 3816 est,
2339 3745 2573 3817 qualiter
2598 3740 2745 3795 circa
2770 3732 3014 3803 singulos
3038 3728 3234 3783 debeat
3261 3720 3483 3793 pietatis
3532 3717 3761 3772 aﬂectum

2210 3807 2553 3900 monstrare;
2592 3842 2650 3887 et
2686 3826 2925 3898 qualiter
2960 3831 3148 3877 tenere
3189 3814 3387 3870 debeat
3418 3807 3762 3878 disciplinam,
3812 3820 3817 3828 ·

2209 3949 2320 3989 non
2372 3930 2663 3985 immemor
2716 3914 2934 3973 Domini
2986 3903 3361 3966 dicentiszln
3406 3920 3511 3973 qua
3542 3908 3767 3954 mensura
3840 3916 3843 3917 ν

2214 4022 2377 4079 mensi
2406 4016 2632 4089 fueritis,
2667 4008 2974 4065 remetietur
2996 4003 3134 4057 vobis
3156 4002 3224 4054 ἰ.

2835 4095 3058 4152 CAPUT
3088 4093 3176 4148 Vl.

2287 4206 2437 4261 Idem
2460 4203 2590 4271 ipse,
2623 4196 2687 4251 Ut
2716 4196 2768 4248 in
2803 4191 3043 4271 oratione
3075 4182 3365 4271 astantibus
3399 4177 3578 4271 iztllfus
3616 4174 3719 4227 sine

2480 4254 2736 4341 prmcepto
2762 4261 2961 4316 abbatis
2991 4256 3253 4328 psalmum
3273 4254 3531 4321 imponat.

2287 4336 2609 4422 Astantibus
2649 4336 2790 4425 ergo
2830 4350 2896 4405 ad
2943 4347 3251 4401 orationem
3285 4341 3472 4395 nullus
3504 4336 3781 4408 pragsumttt

2217 4459 2337 4515 sine
2382 4455 2658 4524 praecepto
2690 4422 2783 4513 qui
2836 4445 3034 4511 prmest
3080 4433 3293 4496 Patris,
3328 4429 3524 4500 psalmi
3578 4422 3779 4479 laudem

2217 4512 2496 4608 emittere.
2530 4512 2677 4598 O-rdo
2708 4512 2810 4591 iste
2852 4537 3130 4594 teneatur,
3163 4535 3225 4581 ut
3256 4524 3443 4580 nullus
3470 4520 3708 4590 priorem
3736 4512 3782 4564 in

2219 4635 2556 4697 monasterio
2587 4630 2655 4686 ad
2691 4624 2946 4683 standum
2973 4621 3057 4675 vel
3077 4616 3423 4688 psallendum
3442 4611 3640 4665 ordine
3665 4618 3786 4675 prte-

2220 4738 2402 4789 sumat
2434 4720 2767 4797 praecedere,
2810 4714 3030 4769 dicente
3059 4708 3350 4763 Salomone
3385 4721 3398 4756 :
3433 4701 3553 4763 Fili,
3603 4698 3786 4791 primtt‘

2222 4834 2335 4878 tum
2360 4782 2723 4885 concupiscere
2755 4806 2863 4860 noli
2881 4806 2945 4869 η,
2968 4830 3038 4842 -
3062 4813 3228 4869 neque
3254 4792 3553 4849 accubueris
3581 4788 3723 4858 prior
3740 4782 3787 4833 in

2222 4912 2490 4973 convivio;
2516 4878 2580 4961 ne
2602 4903 2674 4975 (6)
2711 4900 2887 4954 veniat
2913 4894 3100 4948 melior
3126 4902 3195 4950 te.
3214 4896 3263 4942 et
3286 4887 3425 4940 dicat
3453 4882 3543 4935 tibi
3569 4897 3582 4931 :
3613 4878 3785 4945 Surge,

2226 5021 2273 5066 et
2305 5007 2664 5078 confusionem
2696 4994 2920 5069 patiaris
2944 4994 2999 5044 in
3030 4990 3112 5042 die
3142 4986 3240 5039 illa
3265 4985 3329 5035 η.
3350 4981 3634 5036 Etiterum
3663 4969 3789 5078 dici-

2226 5115 2318 5157 tur
2339 5060 2511 5151 ὶλόιὶ
2554 5060 2725 5144 altum
2764 5096 2971 5155 sapere,
3002 5077 3090 5132 sed
3121 5075 3326 5129 time“.
3362 5068 3516 5137 Quod
3549 5067 3592 5120 si
3630 5060 3787 5120 tardat

2863 5211 3309 5271 'Matlh.rx.15.
3385 5209 3407 5239 ⁸
3446 5206 3561 5261 Jac.
3611 5196 3787 5271 11,95.

2594 5269 2844 5351 uiridia.
2868 5269 2962 5351 vii,
2984 5286 3038 5338 ‘2.
3119 5285 3162 5314 ”
3182 5279 3352 5336 Eccli.
3378 5294 3472 5337 γη,
3512 5277 3566 5330 4.
3611 5269 3787 5323 "LUC-

2228 5528 2304 5580 bis
2337 5523 2606 5576 tribueret.
2644 5514 2894 5576 Rectius,
2925 5521 2985 5565 ut
3010 5508 3250 5580 videtur.

2305 5574 2833 5657 (ﬁliifuitorumild.
2862 5574 2985 5637 eod.
3017 5578 3170 5657 addit
3209 5574 3501 5657 hominum.

2410 5632 3010 5734 "uEZ'MEiabiéii.
3030 5649 3290 5734 idemque
3316 5649 3479 5711 caput
3504 5632 3787 5692 secundum

2230 5720 2556 5789 cuiu'tertio
2582 5729 2636 5779 in
2673 5740 2843 5779 unum
2875 5720 3176 5789 coujungit.

2302 5781 2721 5869 (siC—(inscripta
2745 5803 2887 5869 sunt.
2923 5781 3016 5846 Μξ.
3049 5781 3361 5855 (Ῐὸηδενὶρεα
3400 5781 3725 5853 placuerunt.

2304 5865 2378 5944 (ὃ)
2403 5872 2496 5925 Nc.
2520 5868 2616 5922 Ms.
2646 5865 2723 5919 Nc
2752 5868 2905 5933 forte.
