  <div class='ocr_page' id='page_1' title='image "/cluster/home/n/w/nwhite01/storage/ocr_20150623/34/coo.31924054869312/498.png"; bbox 0 0 4020 6424; ppageno 0'>
   <div class='ocr_carea' id='block_1_1' title="bbox 358 441 462 507">
    <p class='ocr_par' dir='ltr' id='par_1_1' title="bbox 358 441 462 507">
     <span class='ocr_line' id='line_1_1' title="bbox 358 441 462 507; baseline 0 0"><span class='ocrx_word' id='word_1_1' title='bbox 358 441 462 507; x_wconf 80' lang='lat'><strong>973</strong></span> 
     </span>
    </p>
   </div>
   <div class='ocr_carea' id='block_1_2' title="bbox 359 551 2007 624">
    <p class='ocr_par' dir='ltr' id='par_1_2' title="bbox 359 551 2007 624">
     <span class='ocr_line' id='line_1_2' title="bbox 359 551 2007 624; baseline -0.002 -15"><span class='ocrx_word' id='word_1_2' title='bbox 359 555 408 611; x_wconf 87' lang='lat' dir='ltr'><strong>is</strong></span> <span class='ocrx_word' id='word_1_3' title='bbox 434 552 530 624; x_wconf 88' lang='lat' dir='ltr'><strong>qui</strong></span> <span class='ocrx_word' id='word_1_4' title='bbox 580 557 797 622; x_wconf 66' lang='lat' dir='ltr'><strong>praeest,</strong></span> <span class='ocrx_word' id='word_1_5' title='bbox 854 559 1075 621; x_wconf 93' lang='lat' dir='ltr'><strong>oportet</strong></span> <span class='ocrx_word' id='word_1_6' title='bbox 1108 551 1350 621; x_wconf 90' lang='lat' dir='ltr'><strong>primum</strong></span> <span class='ocrx_word' id='word_1_7' title='bbox 1409 551 1462 605; x_wconf 92' lang='lat' dir='ltr'><strong>in</strong></span> <span class='ocrx_word' id='word_1_8' title='bbox 1504 552 1759 607; x_wconf 92' lang='lat' dir='ltr'><strong>notitiam</strong></span> <span class='ocrx_word' id='word_1_9' title='bbox 1809 551 1927 621; x_wconf 88' lang='lat' dir='ltr'><strong>ejus</strong></span> <span class='ocrx_word' id='word_1_10' title='bbox 1959 555 2007 613; x_wconf 69' lang='grc' dir='ltr'>Α</span> 
     </span>
    </p>
   </div>
   <div class='ocr_carea' id='block_1_3' title="bbox 358 642 1936 715">
    <p class='ocr_par' dir='ltr' id='par_1_3' title="bbox 358 642 1936 715">
     <span class='ocr_line' id='line_1_3' title="bbox 358 642 1936 715; baseline -0.002 -16"><span class='ocrx_word' id='word_1_11' title='bbox 358 645 606 708; x_wconf 75' lang='lat' dir='ltr'><strong>differre,</strong></span> <span class='ocrx_word' id='word_1_12' title='bbox 637 651 694 699; x_wconf 89' lang='lat' dir='ltr'><strong>et</strong></span> <span class='ocrx_word' id='word_1_13' title='bbox 727 642 1031 698; x_wconf 88' lang='lat' dir='ltr'><strong>secundum</strong></span> <span class='ocrx_word' id='word_1_14' title='bbox 1057 643 1178 714; x_wconf 88' lang='lat' dir='ltr'><strong>ejus</strong></span> <span class='ocrx_word' id='word_1_15' title='bbox 1216 642 1509 715; x_wconf 90' lang='lat' dir='ltr'><strong>imperium</strong></span> <span class='ocrx_word' id='word_1_16' title='bbox 1541 643 1768 698; x_wconf 85' lang='lat' dir='ltr'><strong>obedire</strong></span> <span class='ocrx_word' id='word_1_17' title='bbox 1801 657 1936 697; x_wconf 82' lang='lat' dir='ltr'><strong>con-</strong></span> 
     </span>
    </p>
   </div>
   <div class='ocr_carea' id='block_1_4' title="bbox 356 734 754 789">
    <p class='ocr_par' dir='ltr' id='par_1_4' title="bbox 356 734 754 789">
     <span class='ocr_line' id='line_1_4' title="bbox 356 734 754 789; baseline -0.005 0"><span class='ocrx_word' id='word_1_18' title='bbox 356 734 511 789; x_wconf 90' lang='lat' dir='ltr'><strong>venit</strong></span> <span class='ocrx_word' id='word_1_19' title='bbox 533 735 754 789; x_wconf 80' lang='lat' dir='ltr'><strong>fratres.</strong></span> 
     </span>
    </p>
   </div>
   <div class='ocr_carea' id='block_1_5' title="bbox 961 824 1417 922">
    <p class='ocr_par' dir='ltr' id='par_1_5' title="bbox 961 824 1417 922">
     <span class='ocr_line' id='line_1_5' title="bbox 961 824 1417 922; baseline -0.002 -1"><span class='ocrx_word' id='word_1_20' title='bbox 961 865 1188 922; x_wconf 84' lang='lat' dir='ltr'><strong>CAPUT</strong></span> <span class='ocrx_word' id='word_1_21' title='bbox 1228 866 1343 921; x_wconf 87' lang='lat' dir='ltr'><strong>vn.</strong></span> <span class='ocrx_word' id='word_1_22' title='bbox 1416 824 1417 827; x_wconf 4' lang='grc' dir='ltr'><strong><em>Ν</em></strong></span> 
     </span>
    </p>
   </div>
   <div class='ocr_carea' id='block_1_6' title="bbox 430 995 1882 1074">
    <p class='ocr_par' dir='ltr' id='par_1_6' title="bbox 430 995 1882 1074">
     <span class='ocr_line' id='line_1_6' title="bbox 430 995 1882 1074; baseline 0.005 -25"><span class='ocrx_word' id='word_1_23' title='bbox 430 995 578 1049; x_wconf 88' lang='lat' dir='ltr'><strong>Idem</strong></span> <span class='ocrx_word' id='word_1_24' title='bbox 612 997 741 1065; x_wconf 82' lang='lat' dir='ltr'><strong>ipse,</strong></span> <span class='ocrx_word' id='word_1_25' title='bbox 760 995 1033 1062; x_wconf 82' lang='lat' dir='ltr'><strong>Quomodo</strong></span> <span class='ocrx_word' id='word_1_26' title='bbox 1065 1000 1460 1068; x_wconf 66' lang='lat' dir='ltr'><strong>examinentur,</strong></span> <span class='ocrx_word' id='word_1_27' title='bbox 1484 1004 1573 1074; x_wconf 85' lang='lat' dir='ltr'><strong>qui</strong></span> <span class='ocrx_word' id='word_1_28' title='bbox 1607 1019 1670 1057; x_wconf 81' lang='lat' dir='ltr'><strong>ea:</strong></span> <span class='ocrx_word' id='word_1_29' title='bbox 1693 1004 1882 1057; x_wconf 75' lang='lat' dir='ltr'><strong>sazculo</strong></span> 
     </span>
    </p>
   </div>
   <div class='ocr_carea' id='block_1_7' title="bbox 949 1079 1350 1125">
    <p class='ocr_par' dir='ltr' id='par_1_7' title="bbox 949 1079 1350 1125">
     <span class='ocr_line' id='line_1_7' title="bbox 949 1079 1350 1125; baseline 0.01 -4"><span class='ocrx_word' id='word_1_30' title='bbox 949 1079 1350 1125; x_wconf 86' lang='lat' dir='ltr'><strong>convertuntur.</strong></span> 
     </span>
    </p>
   </div>
   <div class='ocr_carea' id='block_1_8' title="bbox 429 1201 1944 1281">
    <p class='ocr_par' dir='ltr' id='par_1_8' title="bbox 429 1201 1944 1281">
     <span class='ocr_line' id='line_1_8' title="bbox 429 1201 1944 1281; baseline 0.009 -26"><span class='ocrx_word' id='word_1_31' title='bbox 429 1201 678 1268; x_wconf 80' lang='lat' dir='ltr'><strong>Qualiter</strong></span> <span class='ocrx_word' id='word_1_32' title='bbox 706 1219 836 1259; x_wconf 80' lang='lat' dir='ltr'><strong>vero</strong></span> <span class='ocrx_word' id='word_1_33' title='bbox 861 1206 1195 1262; x_wconf 85' lang='lat' dir='ltr'><strong>examinatio</strong></span> <span class='ocrx_word' id='word_1_34' title='bbox 1225 1224 1353 1281; x_wconf 81' lang='lat' dir='ltr'><strong>erga</strong></span> <span class='ocrx_word' id='word_1_35' title='bbox 1378 1225 1475 1265; x_wconf 93' lang='lat' dir='ltr'><strong>eos</strong></span> <span class='ocrx_word' id='word_1_36' title='bbox 1511 1212 1603 1279; x_wconf 90' lang='lat' dir='ltr'><strong>qui</strong></span> <span class='ocrx_word' id='word_1_37' title='bbox 1636 1212 1705 1266; x_wconf 87' lang='lat' dir='ltr'><strong>de</strong></span> <span class='ocrx_word' id='word_1_38' title='bbox 1744 1215 1944 1269; x_wconf 84' lang='lat' dir='ltr'><strong>saeculo</strong></span> 
     </span>
    </p>
   </div>
   <div class='ocr_carea' id='block_1_9' title="bbox 358 1299 1940 1366">
    <p class='ocr_par' dir='ltr' id='par_1_9' title="bbox 358 1299 1940 1366">
     <span class='ocr_line' id='line_1_9' title="bbox 358 1299 1940 1366; baseline 0.006 -16"><span class='ocrx_word' id='word_1_39' title='bbox 358 1304 761 1350; x_wconf 90' lang='lat' dir='ltr'><strong>convertuntur</strong></span> <span class='ocrx_word' id='word_1_40' title='bbox 811 1299 988 1353; x_wconf 86' lang='lat' dir='ltr'><strong>teneri</strong></span> <span class='ocrx_word' id='word_1_41' title='bbox 1048 1299 1286 1366; x_wconf 87' lang='lat' dir='ltr'><strong>debeat,</strong></span> <span class='ocrx_word' id='word_1_42' title='bbox 1348 1304 1709 1358; x_wconf 86' lang='lat' dir='ltr'><strong>ostendamus</strong></span> <span class='ocrx_word' id='word_1_43' title='bbox 1759 1306 1940 1360; x_wconf 87' lang='lat' dir='ltr'><strong>vobis.</strong></span> 
     </span>
    </p>
   </div>
   <div class='ocr_carea' id='block_1_10' title="bbox 359 1388 1946 1463">
    <p class='ocr_par' dir='ltr' id='par_1_10' title="bbox 359 1388 1946 1463">
     <span class='ocr_line' id='line_1_10' title="bbox 359 1388 1946 1463; baseline 0.006 -21"><span class='ocrx_word' id='word_1_44' title='bbox 359 1388 722 1458; x_wconf 73' lang='lat' dir='ltr'><strong>Amputandae</strong></span> <span class='ocrx_word' id='word_1_45' title='bbox 766 1399 897 1444; x_wconf 91' lang='lat' dir='ltr'><strong>sunt</strong></span> <span class='ocrx_word' id='word_1_46' title='bbox 939 1392 1119 1459; x_wconf 90' lang='lat' dir='ltr'><strong>primo</strong></span> <span class='ocrx_word' id='word_1_47' title='bbox 1147 1392 1215 1445; x_wconf 93' lang='lat' dir='ltr'><strong>ab</strong></span> <span class='ocrx_word' id='word_1_48' title='bbox 1249 1393 1562 1463; x_wconf 91' lang='lat' dir='ltr'><strong>hujusmodi</strong></span> <span class='ocrx_word' id='word_1_49' title='bbox 1612 1395 1817 1450; x_wconf 78' lang='lat' dir='ltr'><strong>divitiae</strong></span> <span class='ocrx_word' id='word_1_50' title='bbox 1843 1412 1946 1451; x_wconf 70' lang='lat' dir='ltr'><strong>sae-</strong></span> 
     </span>
    </p>
   </div>
   <div class='ocr_carea' id='block_1_11' title="bbox 361 1476 1947 1548">
    <p class='ocr_par' dir='ltr' id='par_1_11' title="bbox 361 1476 1947 1548">
     <span class='ocr_line' id='line_1_11' title="bbox 361 1476 1947 1548; baseline 0.006 -18"><span class='ocrx_word' id='word_1_51' title='bbox 361 1476 493 1530; x_wconf 92' lang='lat' dir='ltr'><strong>culi.</strong></span> <span class='ocrx_word' id='word_1_52' title='bbox 526 1477 663 1531; x_wconf 85' lang='lat' dir='ltr'><strong>Etsi</strong></span> <span class='ocrx_word' id='word_1_53' title='bbox 704 1478 829 1546; x_wconf 86' lang='lat' dir='ltr'><strong>quis</strong></span> <span class='ocrx_word' id='word_1_54' title='bbox 866 1494 1075 1548; x_wconf 87' lang='lat' dir='ltr'><strong>pauper</strong></span> <span class='ocrx_word' id='word_1_55' title='bbox 1098 1482 1346 1534; x_wconf 85' lang='lat' dir='ltr'><strong>converti</strong></span> <span class='ocrx_word' id='word_1_56' title='bbox 1373 1482 1651 1546; x_wconf 89' lang='lat' dir='ltr'><strong>videatur,</strong></span> <span class='ocrx_word' id='word_1_57' title='bbox 1690 1484 1854 1539; x_wconf 91' lang='lat' dir='ltr'><strong>habet</strong></span> <span class='ocrx_word' id='word_1_58' title='bbox 1890 1492 1947 1538; x_wconf 84' lang='lat' dir='ltr'><strong>et</strong></span> 
     </span>
    </p>
   </div>
   <div class='ocr_carea' id='block_1_12' title="bbox 363 1567 1948 1645">
    <p class='ocr_par' dir='ltr' id='par_1_12' title="bbox 363 1567 1948 1645">
     <span class='ocr_line' id='line_1_12' title="bbox 363 1567 1948 1645; baseline 0.008 -24"><span class='ocrx_word' id='word_1_59' title='bbox 363 1567 482 1636; x_wconf 92' lang='lat' dir='ltr'><strong>ipse</strong></span> <span class='ocrx_word' id='word_1_60' title='bbox 508 1568 729 1623; x_wconf 84' lang='lat' dir='ltr'><strong>divitias</strong></span> <span class='ocrx_word' id='word_1_61' title='bbox 768 1586 905 1639; x_wconf 88' lang='lat' dir='ltr'><strong>quas</strong></span> <span class='ocrx_word' id='word_1_62' title='bbox 929 1582 1216 1640; x_wconf 87' lang='lat' dir='ltr'><strong>amputare</strong></span> <span class='ocrx_word' id='word_1_63' title='bbox 1258 1573 1476 1639; x_wconf 90' lang='lat' dir='ltr'><strong>debeat,</strong></span> <span class='ocrx_word' id='word_1_64' title='bbox 1518 1592 1654 1644; x_wconf 89' lang='lat' dir='ltr'><strong>quas</strong></span> <span class='ocrx_word' id='word_1_65' title='bbox 1708 1576 1948 1645; x_wconf 88' lang='lat' dir='ltr'><strong>Spiritus</strong></span> 
     </span>
    </p>
   </div>
   <div class='ocr_carea' id='block_1_13' title="bbox 361 1663 1949 1733">
    <p class='ocr_par' dir='ltr' id='par_1_13' title="bbox 361 1663 1949 1733">
     <span class='ocr_line' id='line_1_13' title="bbox 361 1663 1949 1733; baseline 0.008 -21"><span class='ocrx_word' id='word_1_66' title='bbox 361 1669 584 1715; x_wconf 90' lang='lat' dir='ltr'><strong>sanctus</strong></span> <span class='ocrx_word' id='word_1_67' title='bbox 614 1663 858 1717; x_wconf 87' lang='lat' dir='ltr'><strong>ostendit</strong></span> <span class='ocrx_word' id='word_1_68' title='bbox 883 1678 981 1733; x_wconf 87' lang='lat' dir='ltr'><strong>per</strong></span> <span class='ocrx_word' id='word_1_69' title='bbox 1016 1664 1362 1720; x_wconf 88' lang='lat' dir='ltr'><strong>Salomonem</strong></span> <span class='ocrx_word' id='word_1_70' title='bbox 1394 1667 1624 1723; x_wconf 91' lang='lat' dir='ltr'><strong>dicens:</strong></span> <span class='ocrx_word' id='word_1_71' title='bbox 1665 1668 1786 1723; x_wconf 87' lang='lat' dir='ltr'><strong>Odit</strong></span> <span class='ocrx_word' id='word_1_72' title='bbox 1830 1672 1949 1724; x_wconf 88' lang='lat' dir='ltr'><strong>aui-</strong></span> 
     </span>
    </p>
   </div>
   <div class='ocr_carea' id='block_1_14' title="bbox 362 1756 1943 1823">
    <p class='ocr_par' dir='ltr' id='par_1_14' title="bbox 362 1756 1943 1823">
     <span class='ocr_line' id='line_1_14' title="bbox 362 1756 1943 1823; baseline 0.006 -18"><span class='ocrx_word' id='word_1_73' title='bbox 362 1770 450 1806; x_wconf 88' lang='lat' dir='ltr'><strong>ma</strong></span> <span class='ocrx_word' id='word_1_74' title='bbox 474 1769 588 1807; x_wconf 89' lang='lat' dir='ltr'><strong>mea</strong></span> <span class='ocrx_word' id='word_1_75' title='bbox 622 1770 908 1823; x_wconf 84' lang='lat' dir='ltr'><strong>pauperem</strong></span> <span class='ocrx_word' id='word_1_76' title='bbox 930 1756 1214 1823; x_wconf 87' lang='lat' dir='ltr'><strong>superbum</strong></span> <span class='ocrx_word' id='word_1_77' title='bbox 1233 1764 1283 1809; x_wconf 87' lang='lat' dir='ltr'><strong>et</strong></span> <span class='ocrx_word' id='word_1_78' title='bbox 1304 1758 1516 1811; x_wconf 80' lang='lat' dir='ltr'><strong>divitem</strong></span> <span class='ocrx_word' id='word_1_79' title='bbox 1548 1760 1853 1813; x_wconf 83' lang='lat' dir='ltr'><strong>mendacem</strong></span> <span class='ocrx_word' id='word_1_80' title='bbox 1880 1762 1943 1814; x_wconf 82' lang='grc'>¹⁸.</span> 
     </span>
    </p>
   </div>
   <div class='ocr_carea' id='block_1_15' title="bbox 362 1843 1944 1922">
    <p class='ocr_par' dir='ltr' id='par_1_15' title="bbox 362 1843 1944 1922">
     <span class='ocr_line' id='line_1_15' title="bbox 362 1843 1944 1922; baseline 0.006 -25"><span class='ocrx_word' id='word_1_81' title='bbox 362 1843 431 1897; x_wconf 81' lang='lat' dir='ltr'><strong>Et</strong></span> <span class='ocrx_word' id='word_1_82' title='bbox 476 1844 583 1897; x_wconf 86' lang='lat' dir='ltr'><strong>alio</strong></span> <span class='ocrx_word' id='word_1_83' title='bbox 631 1845 752 1899; x_wconf 88' lang='lat' dir='ltr'><strong>loco</strong></span> <span class='ocrx_word' id='word_1_84' title='bbox 786 1845 966 1899; x_wconf 89' lang='lat' dir='ltr'><strong>dicit:</strong></span> <span class='ocrx_word' id='word_1_85' title='bbox 1004 1845 1151 1900; x_wconf 86' lang='lat' dir='ltr'><strong>Sicut</strong></span> <span class='ocrx_word' id='word_1_86' title='bbox 1191 1847 1530 1903; x_wconf 87' lang='lat' dir='ltr'><strong>vulneratum</strong></span> <span class='ocrx_word' id='word_1_87' title='bbox 1571 1852 1852 1922; x_wconf 84' lang='lat' dir='ltr'><strong>superbum</strong></span> <span class='ocrx_word' id='word_1_88' title='bbox 1880 1852 1944 1906; x_wconf 67' lang='grc' dir='ltr'><strong><em>η.</em></strong></span> 
     </span>
    </p>
   </div>
   <div class='ocr_carea' id='block_1_16' title="bbox 362 1932 1950 2008">
    <p class='ocr_par' dir='ltr' id='par_1_16' title="bbox 362 1932 1950 2008">
     <span class='ocr_line' id='line_1_16' title="bbox 362 1932 1950 2008; baseline 0.008 -24"><span class='ocrx_word' id='word_1_89' title='bbox 362 1932 534 1986; x_wconf 85' lang='lat' dir='ltr'><strong>Debet</strong></span> <span class='ocrx_word' id='word_1_90' title='bbox 568 1948 699 2002; x_wconf 81' lang='lat' dir='ltr'><strong>ergo</strong></span> <span class='ocrx_word' id='word_1_91' title='bbox 733 1934 778 1988; x_wconf 92' lang='lat' dir='ltr'><strong>is</strong></span> <span class='ocrx_word' id='word_1_92' title='bbox 803 1935 897 2003; x_wconf 91' lang='lat' dir='ltr'><strong>qui</strong></span> <span class='ocrx_word' id='word_1_93' title='bbox 925 1943 1121 2003; x_wconf 70' lang='lat' dir='ltr'><strong>praeest</strong></span> <span class='ocrx_word' id='word_1_94' title='bbox 1155 1936 1336 2001; x_wconf 87' lang='lat' dir='ltr'><strong>Pater,</strong></span> <span class='ocrx_word' id='word_1_95' title='bbox 1366 1953 1562 2008; x_wconf 82' lang='lat' dir='ltr'><strong>magno</strong></span> <span class='ocrx_word' id='word_1_96' title='bbox 1585 1940 1769 1994; x_wconf 93' lang='lat' dir='ltr'><strong>studio</strong></span> <span class='ocrx_word' id='word_1_97' title='bbox 1808 1941 1950 1996; x_wconf 89' lang='lat' dir='ltr'><strong>hanc</strong></span> 
     </span>
    </p>
   </div>
   <div class='ocr_carea' id='block_1_17' title="bbox 362 2023 1950 2101">
    <p class='ocr_par' dir='ltr' id='par_1_17' title="bbox 362 2023 1950 2101">
     <span class='ocr_line' id='line_1_17' title="bbox 362 2023 1950 2101; baseline 0.008 -27"><span class='ocrx_word' id='word_1_98' title='bbox 362 2023 601 2090; x_wconf 87' lang='lat' dir='ltr'><strong>regulam</strong></span> <span class='ocrx_word' id='word_1_99' title='bbox 638 2030 868 2089; x_wconf 91' lang='lat' dir='ltr'><strong>tenere;</strong></span> <span class='ocrx_word' id='word_1_100' title='bbox 904 2032 965 2078; x_wconf 93' lang='lat' dir='ltr'><strong>ut</strong></span> <span class='ocrx_word' id='word_1_101' title='bbox 1016 2025 1063 2079; x_wconf 90' lang='lat' dir='ltr'><strong>si</strong></span> <span class='ocrx_word' id='word_1_102' title='bbox 1118 2042 1328 2095; x_wconf 88' lang='lat' dir='ltr'><strong>pauper</strong></span> <span class='ocrx_word' id='word_1_103' title='bbox 1365 2030 1745 2094; x_wconf 85' lang='lat' dir='ltr'><strong>convertitur,</strong></span> <span class='ocrx_word' id='word_1_104' title='bbox 1771 2032 1950 2101; x_wconf 91' lang='lat' dir='ltr'><strong>primo</strong></span> 
     </span>
    </p>
   </div>
   <div class='ocr_carea' id='block_1_18' title="bbox 358 2116 1952 2186">
    <p class='ocr_par' dir='ltr' id='par_1_18' title="bbox 358 2116 1952 2186">
     <span class='ocr_line' id='line_1_18' title="bbox 358 2116 1952 2186; baseline 0.008 -20"><span class='ocrx_word' id='word_1_105' title='bbox 358 2125 598 2183; x_wconf 76' lang='lat' dir='ltr'><strong>exponat</strong></span> <span class='ocrx_word' id='word_1_106' title='bbox 626 2116 897 2169; x_wconf 87' lang='lat' dir='ltr'><strong>sarcinam</strong></span> <span class='ocrx_word' id='word_1_107' title='bbox 931 2118 1205 2186; x_wconf 71' lang='lat' dir='ltr'><strong>superbiae</strong></span> <span class='ocrx_word' id='word_1_108' title='bbox 1229 2136 1242 2171; x_wconf 88' lang='lat'><strong><em>:</em></strong></span> <span class='ocrx_word' id='word_1_109' title='bbox 1268 2128 1324 2173; x_wconf 91' lang='lat' dir='ltr'><strong>et</strong></span> <span class='ocrx_word' id='word_1_110' title='bbox 1349 2120 1429 2174; x_wconf 92' lang='lat' dir='ltr'><strong>sic</strong></span> <span class='ocrx_word' id='word_1_111' title='bbox 1455 2120 1801 2178; x_wconf 80' lang='lat' dir='ltr'><strong>examinatus</strong></span> <span class='ocrx_word' id='word_1_112' title='bbox 1830 2140 1952 2179; x_wconf 88' lang='lat' dir='ltr'><strong>sus-</strong></span> 
     </span>
    </p>
   </div>
   <div class='ocr_carea' id='block_1_19' title="bbox 360 2204 1946 2283">
    <p class='ocr_par' dir='ltr' id='par_1_19' title="bbox 360 2204 1946 2283">
     <span class='ocr_line' id='line_1_19' title="bbox 360 2204 1946 2283; baseline 0.011 -30"><span class='ocrx_word' id='word_1_113' title='bbox 360 2204 618 2272; x_wconf 83' lang='lat' dir='ltr'><strong>cipiatur.</strong></span> <span class='ocrx_word' id='word_1_114' title='bbox 666 2206 841 2259; x_wconf 89' lang='lat' dir='ltr'><strong>Debet</strong></span> <span class='ocrx_word' id='word_1_115' title='bbox 897 2215 1023 2261; x_wconf 86' lang='lat' dir='ltr'><strong>ante</strong></span> <span class='ocrx_word' id='word_1_116' title='bbox 1068 2210 1251 2262; x_wconf 88' lang='lat' dir='ltr'><strong>omnia</strong></span> <span class='ocrx_word' id='word_1_117' title='bbox 1300 2211 1585 2266; x_wconf 89' lang='lat' dir='ltr'><strong>humiliter</strong></span> <span class='ocrx_word' id='word_1_118' title='bbox 1622 2214 1698 2283; x_wconf 91' lang='lat'><strong>(7)</strong></span> <span class='ocrx_word' id='word_1_119' title='bbox 1750 2215 1946 2281; x_wconf 90' lang='lat' dir='ltr'><strong>imbui,</strong></span> 
     </span>
    </p>
   </div>
   <div class='ocr_carea' id='block_1_20' title="bbox 363 2294 1947 2373">
    <p class='ocr_par' dir='ltr' id='par_1_20' title="bbox 363 2294 1947 2373">
     <span class='ocr_line' id='line_1_20' title="bbox 363 2294 1947 2373; baseline 0.011 -28"><span class='ocrx_word' id='word_1_120' title='bbox 363 2304 423 2346; x_wconf 91' lang='lat' dir='ltr'><strong>ut</strong></span> <span class='ocrx_word' id='word_1_121' title='bbox 454 2294 601 2362; x_wconf 87' lang='lat' dir='ltr'><strong>quod</strong></span> <span class='ocrx_word' id='word_1_122' title='bbox 643 2310 901 2364; x_wconf 81' lang='lat' dir='ltr'><strong>magnum</strong></span> <span class='ocrx_word' id='word_1_123' title='bbox 933 2306 987 2350; x_wconf 87' lang='lat' dir='ltr'><strong>et</strong></span> <span class='ocrx_word' id='word_1_124' title='bbox 1020 2298 1130 2351; x_wconf 88' lang='lat' dir='ltr'><strong>Deo</strong></span> <span class='ocrx_word' id='word_1_125' title='bbox 1162 2308 1450 2368; x_wconf 87' lang='lat' dir='ltr'><strong>acceptum</strong></span> <span class='ocrx_word' id='word_1_126' title='bbox 1479 2305 1815 2360; x_wconf 85' lang='lat' dir='ltr'><strong>sacrificium</strong></span> <span class='ocrx_word' id='word_1_127' title='bbox 1843 2318 1947 2373; x_wconf 89' lang='lat' dir='ltr'><strong>est,</strong></span> 
     </span>
    </p>
   </div>
   <div class='ocr_carea' id='block_1_21' title="bbox 362 2384 1946 2465">
    <p class='ocr_par' dir='ltr' id='par_1_21' title="bbox 362 2384 1946 2465">
     <span class='ocr_line' id='line_1_21' title="bbox 362 2384 1946 2465; baseline 0.009 -28"><span class='ocrx_word' id='word_1_128' title='bbox 362 2400 515 2438; x_wconf 89' lang='lat' dir='ltr'><strong>suam</strong></span> <span class='ocrx_word' id='word_1_129' title='bbox 539 2384 877 2439; x_wconf 86' lang='lat' dir='ltr'><strong>voluntatem</strong></span> <span class='ocrx_word' id='word_1_130' title='bbox 904 2402 1012 2439; x_wconf 91' lang='lat' dir='ltr'><strong>non</strong></span> <span class='ocrx_word' id='word_1_131' title='bbox 1051 2387 1216 2443; x_wconf 80' lang='lat' dir='ltr'><strong>faciat</strong></span> <span class='ocrx_word' id='word_1_132' title='bbox 1263 2393 1644 2465; x_wconf 89' lang='lat' dir='ltr'><strong>unusquisque</strong></span> <span class='ocrx_word' id='word_1_133' title='bbox 1675 2404 1946 2465; x_wconf 86' lang='lat' dir='ltr'><strong>vestrum,</strong></span> 
     </span>
    </p>
   </div>
   <div class='ocr_carea' id='block_1_22' title="bbox 365 2474 1947 2551">
    <p class='ocr_par' dir='ltr' id='par_1_22' title="bbox 365 2474 1947 2551">
     <span class='ocr_line' id='line_1_22' title="bbox 365 2474 1947 2551; baseline 0.009 -23"><span class='ocrx_word' id='word_1_134' title='bbox 365 2474 597 2540; x_wconf 81' lang='lat' dir='ltr'><strong>fratres;</strong></span> <span class='ocrx_word' id='word_1_135' title='bbox 633 2476 727 2529; x_wconf 91' lang='lat' dir='ltr'><strong>sed</strong></span> <span class='ocrx_word' id='word_1_136' title='bbox 762 2476 831 2529; x_wconf 91' lang='lat' dir='ltr'><strong>ad</strong></span> <span class='ocrx_word' id='word_1_137' title='bbox 879 2494 1037 2531; x_wconf 90' lang='lat' dir='ltr'><strong>omne</strong></span> <span class='ocrx_word' id='word_1_138' title='bbox 1082 2496 1212 2549; x_wconf 81' lang='lat' dir='ltr'><strong>Opus</strong></span> <span class='ocrx_word' id='word_1_139' title='bbox 1252 2482 1444 2536; x_wconf 87' lang='lat' dir='ltr'><strong>bonum</strong></span> <span class='ocrx_word' id='word_1_140' title='bbox 1490 2488 1672 2551; x_wconf 83' lang='lat' dir='ltr'><strong>parati</strong></span> <span class='ocrx_word' id='word_1_141' title='bbox 1716 2496 1877 2541; x_wconf 82' lang='lat' dir='ltr'><strong>estote</strong></span> <span class='ocrx_word' id='word_1_142' title='bbox 1905 2491 1947 2520; x_wconf 86' lang='grc'><strong>¹⁷</strong></span> 
     </span>
    </p>
   </div>
   <div class='ocr_carea' id='block_1_23' title="bbox 362 2561 1949 2639">
    <p class='ocr_par' dir='ltr' id='par_1_23' title="bbox 362 2561 1949 2639">
     <span class='ocr_line' id='line_1_23' title="bbox 362 2561 1949 2639; baseline 0.01 -25"><span class='ocrx_word' id='word_1_143' title='bbox 362 2561 642 2632; x_wconf 84' lang='lat' dir='ltr'><strong>Quidquid</strong></span> <span class='ocrx_word' id='word_1_144' title='bbox 675 2564 961 2627; x_wconf 87' lang='lat' dir='ltr'><strong>acciderit,</strong></span> <span class='ocrx_word' id='word_1_145' title='bbox 994 2577 1089 2621; x_wconf 90' lang='lat' dir='ltr'><strong>aut</strong></span> <span class='ocrx_word' id='word_1_146' title='bbox 1111 2569 1322 2637; x_wconf 90' lang='lat' dir='ltr'><strong>justum</strong></span> <span class='ocrx_word' id='word_1_147' title='bbox 1353 2571 1487 2639; x_wconf 88' lang='lat' dir='ltr'><strong>quid</strong></span> <span class='ocrx_word' id='word_1_148' title='bbox 1518 2571 1706 2637; x_wconf 90' lang='lat' dir='ltr'><strong>fuerit,</strong></span> <span class='ocrx_word' id='word_1_149' title='bbox 1736 2590 1949 2631; x_wconf 92' lang='lat' dir='ltr'><strong>memo-</strong></span> 
     </span>
    </p>
   </div>
   <div class='ocr_carea' id='block_1_24' title="bbox 364 2656 1947 2733">
    <p class='ocr_par' dir='ltr' id='par_1_24' title="bbox 364 2656 1947 2733">
     <span class='ocr_line' id='line_1_24' title="bbox 364 2656 1947 2733; baseline 0.009 -26"><span class='ocrx_word' id='word_1_150' title='bbox 364 2670 454 2709; x_wconf 90' lang='lat' dir='ltr'><strong>res</strong></span> <span class='ocrx_word' id='word_1_151' title='bbox 496 2670 616 2711; x_wconf 86' lang='lat' dir='ltr'><strong>esse</strong></span> <span class='ocrx_word' id='word_1_152' title='bbox 668 2656 922 2718; x_wconf 88' lang='lat' dir='ltr'><strong>debetis;</strong></span> <span class='ocrx_word' id='word_1_153' title='bbox 955 2657 1019 2711; x_wconf 88' lang='lat' dir='ltr'><strong>In</strong></span> <span class='ocrx_word' id='word_1_154' title='bbox 1068 2660 1409 2715; x_wconf 84' lang='lat' dir='ltr'><strong>tribulatione</strong></span> <span class='ocrx_word' id='word_1_155' title='bbox 1467 2666 1725 2733; x_wconf 80' lang='lat' dir='ltr'><strong>patientes</strong></span> <span class='ocrx_word' id='word_1_156' title='bbox 1766 2665 1853 2732; x_wconf 80' lang='grc'><strong>¹⁸;</strong></span> <span class='ocrx_word' id='word_1_157' title='bbox 1893 2669 1947 2721; x_wconf 92' lang='lat' dir='ltr'><strong>in</strong></span> 
     </span>
    </p>
   </div>
   <div class='ocr_carea' id='block_1_25' title="bbox 363 2747 1949 2814">
    <p class='ocr_par' dir='ltr' id='par_1_25' title="bbox 363 2747 1949 2814">
     <span class='ocr_line' id='line_1_25' title="bbox 363 2747 1949 2814; baseline 0.01 -19"><span class='ocrx_word' id='word_1_158' title='bbox 363 2747 624 2814; x_wconf 84' lang='lat' dir='ltr'><strong>operibus</strong></span> <span class='ocrx_word' id='word_1_159' title='bbox 654 2747 893 2802; x_wconf 88' lang='lat' dir='ltr'><strong>honesti.</strong></span> <span class='ocrx_word' id='word_1_160' title='bbox 927 2749 1101 2803; x_wconf 83' lang='lat' dir='ltr'><strong>Nolite</strong></span> <span class='ocrx_word' id='word_1_161' title='bbox 1133 2768 1221 2804; x_wconf 87' lang='lat' dir='ltr'><strong>vos</strong></span> <span class='ocrx_word' id='word_1_162' title='bbox 1258 2753 1476 2805; x_wconf 86' lang='lat' dir='ltr'><strong>invicem</strong></span> <span class='ocrx_word' id='word_1_163' title='bbox 1514 2755 1583 2806; x_wconf 87' lang='lat' dir='ltr'><strong>ad</strong></span> <span class='ocrx_word' id='word_1_164' title='bbox 1615 2757 1949 2812; x_wconf 82' lang='lat' dir='ltr'><strong>iracundiam</strong></span> 
     </span>
    </p>
   </div>
   <div class='ocr_carea' id='block_1_26' title="bbox 364 2842 1946 2917">
    <p class='ocr_par' dir='ltr' id='par_1_26' title="bbox 364 2842 1946 2917">
     <span class='ocr_line' id='line_1_26' title="bbox 364 2842 1946 2917; baseline 0.007 -26"><span class='ocrx_word' id='word_1_165' title='bbox 364 2856 648 2909; x_wconf 87' lang='lat' dir='ltr'><strong>provocare</strong></span> <span class='ocrx_word' id='word_1_166' title='bbox 690 2842 755 2893; x_wconf 78' lang='grc'><strong>¹⁹.</strong></span> <span class='ocrx_word' id='word_1_167' title='bbox 788 2842 890 2894; x_wconf 86' lang='lat' dir='ltr'><strong>Sed</strong></span> <span class='ocrx_word' id='word_1_168' title='bbox 931 2858 1137 2909; x_wconf 83' lang='lat' dir='ltr'><strong>semper</strong></span> <span class='ocrx_word' id='word_1_169' title='bbox 1168 2844 1305 2896; x_wconf 88' lang='lat' dir='ltr'><strong>bona</strong></span> <span class='ocrx_word' id='word_1_170' title='bbox 1352 2847 1629 2898; x_wconf 81' lang='lat' dir='ltr'><strong>sectamini</strong></span> <span class='ocrx_word' id='word_1_171' title='bbox 1658 2848 1722 2900; x_wconf 85' lang='grc'><strong>²⁰.</strong></span> <span class='ocrx_word' id='word_1_172' title='bbox 1781 2847 1817 2900; x_wconf 92' lang='lat' dir='ltr'><strong>Ii</strong></span> <span class='ocrx_word' id='word_1_173' title='bbox 1853 2850 1946 2917; x_wconf 84' lang='lat' dir='ltr'><strong>qui</strong></span> 
     </span>
    </p>
   </div>
   <div class='ocr_carea' id='block_1_27' title="bbox 366 2929 1947 3000">
    <p class='ocr_par' dir='ltr' id='par_1_27' title="bbox 366 2929 1947 3000">
     <span class='ocr_line' id='line_1_27' title="bbox 366 2929 1947 3000; baseline 0.006 -21"><span class='ocrx_word' id='word_1_174' title='bbox 366 2929 504 2981; x_wconf 89' lang='lat' dir='ltr'><strong>tales</strong></span> <span class='ocrx_word' id='word_1_175' title='bbox 538 2936 691 2992; x_wconf 90' lang='lat' dir='ltr'><strong>sunt,</strong></span> <span class='ocrx_word' id='word_1_176' title='bbox 728 2945 852 2983; x_wconf 91' lang='lat' dir='ltr'><strong>cum</strong></span> <span class='ocrx_word' id='word_1_177' title='bbox 890 2929 957 2983; x_wconf 92' lang='lat' dir='ltr'><strong>de</strong></span> <span class='ocrx_word' id='word_1_178' title='bbox 992 2931 1176 2983; x_wconf 82' lang='lat' dir='ltr'><strong>saeculi</strong></span> <span class='ocrx_word' id='word_1_179' title='bbox 1214 2931 1379 3000; x_wconf 88' lang='lat' dir='ltr'><strong>hujus</strong></span> <span class='ocrx_word' id='word_1_180' title='bbox 1419 2932 1697 2988; x_wconf 80' lang='lat' dir='ltr'><strong>illecebris</strong></span> <span class='ocrx_word' id='word_1_181' title='bbox 1724 2934 1947 2989; x_wconf 90' lang='lat' dir='ltr'><strong>liberari</strong></span> 
     </span>
    </p>
   </div>
   <div class='ocr_carea' id='block_1_28' title="bbox 363 3019 1945 3095">
    <p class='ocr_par' dir='ltr' id='par_1_28' title="bbox 363 3019 1945 3095">
     <span class='ocr_line' id='line_1_28' title="bbox 363 3019 1945 3095; baseline 0.008 -26"><span class='ocrx_word' id='word_1_182' title='bbox 363 3019 661 3081; x_wconf 88' lang='lat' dir='ltr'><strong>voluerint,</strong></span> <span class='ocrx_word' id='word_1_183' title='bbox 693 3021 1087 3089; x_wconf 90' lang='lat' dir='ltr'><strong>appropiantes</strong></span> <span class='ocrx_word' id='word_1_184' title='bbox 1116 3023 1472 3085; x_wconf 87' lang='lat' dir='ltr'><strong>monasterio,</strong></span> <span class='ocrx_word' id='word_1_185' title='bbox 1508 3025 1847 3080; x_wconf 84' lang='lat' dir='ltr'><strong>hebdomada</strong></span> <span class='ocrx_word' id='word_1_186' title='bbox 1871 3027 1945 3095; x_wconf 90' lang='lat'><strong>(8)</strong></span> 
     </span>
    </p>
   </div>
   <div class='ocr_carea' id='block_1_29' title="bbox 366 3110 1949 3181">
    <p class='ocr_par' dir='ltr' id='par_1_29' title="bbox 366 3110 1949 3181">
     <span class='ocr_line' id='line_1_29' title="bbox 366 3110 1949 3181; baseline 0.007 -19"><span class='ocrx_word' id='word_1_187' title='bbox 366 3125 467 3178; x_wconf 92' lang='lat' dir='ltr'><strong>pro</strong></span> <span class='ocrx_word' id='word_1_188' title='bbox 517 3110 732 3165; x_wconf 90' lang='lat' dir='ltr'><strong>foribus</strong></span> <span class='ocrx_word' id='word_1_189' title='bbox 777 3112 998 3181; x_wconf 87' lang='lat' dir='ltr'><strong>jaceant</strong></span> <span class='ocrx_word' id='word_1_190' title='bbox 1029 3130 1043 3165; x_wconf 89' lang='lat'><strong>:</strong></span> <span class='ocrx_word' id='word_1_191' title='bbox 1077 3114 1216 3167; x_wconf 90' lang='lat' dir='ltr'><strong>nulli</strong></span> <span class='ocrx_word' id='word_1_192' title='bbox 1260 3130 1383 3168; x_wconf 91' lang='lat' dir='ltr'><strong>cum</strong></span> <span class='ocrx_word' id='word_1_193' title='bbox 1441 3115 1522 3169; x_wconf 90' lang='lat' dir='ltr'><strong>eis</strong></span> <span class='ocrx_word' id='word_1_194' title='bbox 1564 3118 1634 3170; x_wconf 78' lang='lat' dir='ltr'><strong>Ile</strong></span> <span class='ocrx_word' id='word_1_195' title='bbox 1685 3118 1949 3173; x_wconf 89' lang='lat' dir='ltr'><strong>fratribus</strong></span> 
     </span>
    </p>
   </div>
   <div class='ocr_carea' id='block_1_30' title="bbox 1528 436 2432 501">
    <p class='ocr_par' dir='ltr' id='par_1_30' title="bbox 1528 436 2432 501">
     <span class='ocr_line' id='line_1_30' title="bbox 1528 436 2432 501; baseline -0.004 0"><span class='ocrx_word' id='word_1_196' title='bbox 1528 440 1834 501; x_wconf 83' lang='lat' dir='ltr'><strong>REGULA</strong></span> <span class='ocrx_word' id='word_1_197' title='bbox 1866 440 1968 498; x_wconf 86' lang='lat' dir='ltr'><strong>AD</strong></span> <span class='ocrx_word' id='word_1_198' title='bbox 2006 436 2432 498; x_wconf 84' lang='lat' dir='ltr'><strong>MONACHOS.</strong></span> 
     </span>
    </p>
   </div>
   <div class='ocr_carea' id='block_1_31' title="bbox 3510 431 3615 493">
    <p class='ocr_par' dir='ltr' id='par_1_31' title="bbox 3510 431 3615 493">
     <span class='ocr_line' id='line_1_31' title="bbox 3510 431 3615 493; baseline -0.038 0"><span class='ocrx_word' id='word_1_199' title='bbox 3510 431 3615 493; x_wconf 65' lang='grc'><strong>971</strong></span> 
     </span>
    </p>
   </div>
   <div class='ocr_carea' id='block_1_32' title="bbox 2615 543 3034 601">
    <p class='ocr_par' dir='ltr' id='par_1_32' title="bbox 2615 543 3034 601">
     <span class='ocr_line' id='line_1_32' title="bbox 2615 543 3034 601; baseline -0.012 -1"><span class='ocrx_word' id='word_1_200' title='bbox 2615 544 2841 601; x_wconf 83' lang='lat' dir='ltr'><strong>CAPUT</strong></span> <span class='ocrx_word' id='word_1_201' title='bbox 2898 543 3034 600; x_wconf 80' lang='lat' dir='ltr'><strong>Vlll.</strong></span> 
     </span>
    </p>
   </div>
   <div class='ocr_carea' id='block_1_33' title="bbox 2040 674 3622 756">
    <p class='ocr_par' dir='ltr' id='par_1_33' title="bbox 2040 674 3622 756">
     <span class='ocr_line' id='line_1_33' title="bbox 2040 674 3622 756; baseline -0.011 -15"><span class='ocrx_word' id='word_1_202' title='bbox 2040 687 2313 756; x_wconf 84' lang='lat' dir='ltr'><strong>Idemque,</strong></span> <span class='ocrx_word' id='word_1_203' title='bbox 2370 682 2610 748; x_wconf 82' lang='lat' dir='ltr'><strong>Qualiter</strong></span> <span class='ocrx_word' id='word_1_204' title='bbox 2664 680 2928 751; x_wconf 86' lang='lat' dir='ltr'><strong>peregrini</strong></span> <span class='ocrx_word' id='word_1_205' title='bbox 2975 677 3199 747; x_wconf 82' lang='lat' dir='ltr'><strong>hospites</strong></span> <span class='ocrx_word' id='word_1_206' title='bbox 3238 674 3622 742; x_wconf 83' lang='lat' dir='ltr'><strong>suspiciantur.</strong></span> 
     </span>
    </p>
   </div>
   <div class='ocr_carea' id='block_1_34' title="bbox 2113 786 3621 857">
    <p class='ocr_par' dir='ltr' id='par_1_34' title="bbox 2113 786 3621 857">
     <span class='ocr_line' id='line_1_34' title="bbox 2113 786 3621 857; baseline -0.013 0"><span class='ocrx_word' id='word_1_207' title='bbox 2113 800 2479 857; x_wconf 80' lang='lat' dir='ltr'><strong>Venientibus</strong></span> <span class='ocrx_word' id='word_1_208' title='bbox 2500 798 2583 853; x_wconf 90' lang='lat' dir='ltr'><strong>eis</strong></span> <span class='ocrx_word' id='word_1_209' title='bbox 2616 795 2806 850; x_wconf 91' lang='lat' dir='ltr'><strong>nullus</strong></span> <span class='ocrx_word' id='word_1_210' title='bbox 2834 793 2944 848; x_wconf 92' lang='lat' dir='ltr'><strong>nisi</strong></span> <span class='ocrx_word' id='word_1_211' title='bbox 2994 805 3162 853; x_wconf 90' lang='lat' dir='ltr'><strong>unus,</strong></span> <span class='ocrx_word' id='word_1_212' title='bbox 3198 788 3287 842; x_wconf 91' lang='lat' dir='ltr'><strong>cui</strong></span> <span class='ocrx_word' id='word_1_213' title='bbox 3313 802 3446 841; x_wconf 90' lang='lat' dir='ltr'><strong>cura</strong></span> <span class='ocrx_word' id='word_1_214' title='bbox 3476 786 3621 839; x_wconf 88' lang='lat' dir='ltr'><strong>circa</strong></span> 
     </span>
    </p>
   </div>
   <div class='ocr_carea' id='block_1_35' title="bbox 2044 887 3623 965">
    <p class='ocr_par' dir='ltr' id='par_1_35' title="bbox 2044 887 3623 965">
     <span class='ocr_line' id='line_1_35' title="bbox 2044 887 3623 965; baseline -0.013 -16"><span class='ocrx_word' id='word_1_215' title='bbox 2044 892 2313 965; x_wconf 85' lang='lat' dir='ltr'><strong>hospitale</strong></span> <span class='ocrx_word' id='word_1_216' title='bbox 2386 890 2556 945; x_wconf 87' lang='lat' dir='ltr'><strong>fuerit</strong></span> <span class='ocrx_word' id='word_1_217' title='bbox 2622 887 2869 955; x_wconf 85' lang='lat' dir='ltr'><strong>injuncta</strong></span> <span class='ocrx_word' id='word_1_218' title='bbox 2939 891 3217 943; x_wconf 89' lang='lat' dir='ltr'><strong>occurrat,</strong></span> <span class='ocrx_word' id='word_1_219' title='bbox 3277 887 3333 933; x_wconf 91' lang='lat' dir='ltr'><strong>et</strong></span> <span class='ocrx_word' id='word_1_220' title='bbox 3394 891 3623 944; x_wconf 88' lang='lat' dir='ltr'><strong>respon-</strong></span> 
     </span>
    </p>
   </div>
   <div class='ocr_carea' id='block_1_36' title="bbox 2044 966 3623 1054">
    <p class='ocr_par' dir='ltr' id='par_1_36' title="bbox 2044 966 3623 1054">
     <span class='ocr_line' id='line_1_36' title="bbox 2044 966 3623 1054; baseline -0.015 -13"><span class='ocrx_word' id='word_1_221' title='bbox 2044 1003 2165 1042; x_wconf 88' lang='lat' dir='ltr'><strong>sum</strong></span> <span class='ocrx_word' id='word_1_222' title='bbox 2189 982 2300 1054; x_wconf 91' lang='lat' dir='ltr'><strong>(ll)</strong></span> <span class='ocrx_word' id='word_1_223' title='bbox 2328 983 2421 1037; x_wconf 92' lang='lat' dir='ltr'><strong>det</strong></span> <span class='ocrx_word' id='word_1_224' title='bbox 2450 978 2825 1035; x_wconf 90' lang='lat' dir='ltr'><strong>venientibus.</strong></span> <span class='ocrx_word' id='word_1_225' title='bbox 2858 975 3049 1038; x_wconf 90' lang='lat' dir='ltr'><strong>Orare,</strong></span> <span class='ocrx_word' id='word_1_226' title='bbox 3080 973 3166 1024; x_wconf 89' lang='lat' dir='ltr'><strong>vel</strong></span> <span class='ocrx_word' id='word_1_227' title='bbox 3192 984 3379 1039; x_wconf 92' lang='lat' dir='ltr'><strong>pacem</strong></span> <span class='ocrx_word' id='word_1_228' title='bbox 3422 966 3623 1021; x_wconf 75' lang='lat' dir='ltr'><strong>offerre</strong></span> 
     </span>
    </p>
   </div>
   <div class='ocr_carea' id='block_1_37' title="bbox 2044 1059 3625 1140">
    <p class='ocr_par' dir='ltr' id='par_1_37' title="bbox 2044 1059 3625 1140">
     <span class='ocr_line' id='line_1_37' title="bbox 2044 1059 3625 1140; baseline -0.015 -7"><span class='ocrx_word' id='word_1_229' title='bbox 2044 1094 2156 1133; x_wconf 91' lang='lat' dir='ltr'><strong>non</strong></span> <span class='ocrx_word' id='word_1_230' title='bbox 2188 1078 2351 1131; x_wconf 90' lang='lat' dir='ltr'><strong>liceat</strong></span> <span class='ocrx_word' id='word_1_231' title='bbox 2377 1074 2497 1136; x_wconf 86' lang='lat' dir='ltr'><strong>ulli,</strong></span> <span class='ocrx_word' id='word_1_232' title='bbox 2532 1071 2636 1126; x_wconf 82' lang='lat' dir='ltr'><strong>nisi</strong></span> <span class='ocrx_word' id='word_1_233' title='bbox 2662 1069 2843 1140; x_wconf 92' lang='lat' dir='ltr'><strong>primo</strong></span> <span class='ocrx_word' id='word_1_234' title='bbox 2879 1067 3132 1119; x_wconf 88' lang='lat' dir='ltr'><strong>videatur</strong></span> <span class='ocrx_word' id='word_1_235' title='bbox 3172 1062 3239 1116; x_wconf 92' lang='lat' dir='ltr'><strong>ab</strong></span> <span class='ocrx_word' id='word_1_236' title='bbox 3271 1076 3339 1114; x_wconf 89' lang='lat' dir='ltr'><strong>eo</strong></span> <span class='ocrx_word' id='word_1_237' title='bbox 3364 1059 3457 1128; x_wconf 88' lang='lat' dir='ltr'><strong>qui</strong></span> <span class='ocrx_word' id='word_1_238' title='bbox 3487 1071 3625 1127; x_wconf 71' lang='lat' dir='ltr'><strong>pne-</strong></span> 
     </span>
    </p>
   </div>
   <div class='ocr_carea' id='block_1_38' title="bbox 2044 1158 3626 1231">
    <p class='ocr_par' dir='ltr' id='par_1_38' title="bbox 2044 1158 3626 1231">
     <span class='ocr_line' id='line_1_38' title="bbox 2044 1158 3626 1231; baseline -0.017 -5"><span class='ocrx_word' id='word_1_239' title='bbox 2044 1179 2131 1226; x_wconf 86' lang='lat' dir='ltr'><strong>est</strong></span> <span class='ocrx_word' id='word_1_240' title='bbox 2172 1170 2369 1231; x_wconf 87' lang='lat' dir='ltr'><strong>Patre;</strong></span> <span class='ocrx_word' id='word_1_241' title='bbox 2406 1175 2462 1220; x_wconf 91' lang='lat' dir='ltr'><strong>et</strong></span> <span class='ocrx_word' id='word_1_242' title='bbox 2503 1164 2756 1219; x_wconf 87' lang='lat' dir='ltr'><strong>oratione</strong></span> <span class='ocrx_word' id='word_1_243' title='bbox 2787 1158 2947 1213; x_wconf 89' lang='lat' dir='ltr'><strong>simul</strong></span> <span class='ocrx_word' id='word_1_244' title='bbox 2971 1167 3211 1224; x_wconf 88' lang='lat' dir='ltr'><strong>peracta,</strong></span> <span class='ocrx_word' id='word_1_245' title='bbox 3245 1160 3508 1220; x_wconf 89' lang='lat' dir='ltr'><strong>sequatur</strong></span> <span class='ocrx_word' id='word_1_246' title='bbox 3536 1165 3626 1201; x_wconf 88' lang='lat' dir='ltr'><strong>or-</strong></span> 
     </span>
    </p>
   </div>
   <div class='ocr_carea' id='block_1_39' title="bbox 2046 1239 3625 1328">
    <p class='ocr_par' dir='ltr' id='par_1_39' title="bbox 2046 1239 3625 1328">
     <span class='ocr_line' id='line_1_39' title="bbox 2046 1239 3625 1328; baseline -0.016 -12"><span class='ocrx_word' id='word_1_247' title='bbox 2046 1261 2175 1315; x_wconf 87' lang='lat' dir='ltr'><strong>dine</strong></span> <span class='ocrx_word' id='word_1_248' title='bbox 2202 1273 2302 1313; x_wconf 92' lang='lat' dir='ltr'><strong>suo</strong></span> <span class='ocrx_word' id='word_1_249' title='bbox 2336 1255 2487 1328; x_wconf 88' lang='lat' dir='ltr'><strong>pacis</strong></span> <span class='ocrx_word' id='word_1_250' title='bbox 2517 1253 2757 1307; x_wconf 85' lang='lat' dir='ltr'><strong>olbcium</strong></span> <span class='ocrx_word' id='word_1_251' title='bbox 2795 1251 3050 1304; x_wconf 76' lang='lat' dir='ltr'><strong>reddere.</strong></span> <span class='ocrx_word' id='word_1_252' title='bbox 3094 1248 3207 1301; x_wconf 90' lang='lat' dir='ltr'><strong>Nec</strong></span> <span class='ocrx_word' id='word_1_253' title='bbox 3235 1243 3423 1297; x_wconf 86' lang='lat' dir='ltr'><strong>licebit</strong></span> <span class='ocrx_word' id='word_1_254' title='bbox 3457 1239 3625 1294; x_wconf 88' lang='lat' dir='ltr'><strong>alicui</strong></span> 
     </span>
    </p>
   </div>
   <div class='ocr_carea' id='block_1_40' title="bbox 2045 1331 3623 1414">
    <p class='ocr_par' dir='ltr' id='par_1_40' title="bbox 2045 1331 3623 1414">
     <span class='ocr_line' id='line_1_40' title="bbox 2045 1331 3623 1414; baseline -0.015 -8"><span class='ocrx_word' id='word_1_255' title='bbox 2045 1350 2204 1407; x_wconf 83' lang='lat' dir='ltr'><strong>fratri</strong></span> <span class='ocrx_word' id='word_1_256' title='bbox 2232 1364 2359 1403; x_wconf 87' lang='lat' dir='ltr'><strong>cum</strong></span> <span class='ocrx_word' id='word_1_257' title='bbox 2391 1343 2822 1414; x_wconf 85' lang='lat' dir='ltr'><strong>superveniente</strong></span> <span class='ocrx_word' id='word_1_258' title='bbox 2859 1336 3221 1394; x_wconf 84' lang='lat' dir='ltr'><strong>sermocinari</strong></span> <span class='ocrx_word' id='word_1_259' title='bbox 3249 1352 3262 1399; x_wconf 90' lang='lat'><strong>;</strong></span> <span class='ocrx_word' id='word_1_260' title='bbox 3292 1350 3399 1387; x_wconf 89' lang='lat' dir='ltr'><strong>non</strong></span> <span class='ocrx_word' id='word_1_261' title='bbox 3429 1332 3501 1385; x_wconf 91' lang='lat' dir='ltr'><strong>sit</strong></span> <span class='ocrx_word' id='word_1_262' title='bbox 3527 1331 3623 1383; x_wconf 88' lang='lat' dir='ltr'><strong>ulli</strong></span> 
     </span>
    </p>
   </div>
   <div class='ocr_carea' id='block_1_41' title="bbox 2047 1422 3627 1507">
    <p class='ocr_par' dir='ltr' id='par_1_41' title="bbox 2047 1422 3627 1507">
     <span class='ocr_line' id='line_1_41' title="bbox 2047 1422 3627 1507; baseline -0.015 -9"><span class='ocrx_word' id='word_1_263' title='bbox 2047 1458 2181 1498; x_wconf 90' lang='lat' dir='ltr'><strong>cura</strong></span> <span class='ocrx_word' id='word_1_264' title='bbox 2218 1435 2622 1507; x_wconf 81' lang='lat' dir='ltr'><strong>interrogandi,</strong></span> <span class='ocrx_word' id='word_1_265' title='bbox 2665 1434 2813 1487; x_wconf 88' lang='lat' dir='ltr'><strong>unde</strong></span> <span class='ocrx_word' id='word_1_266' title='bbox 2846 1431 3079 1492; x_wconf 81' lang='lat' dir='ltr'><strong>venerit,</strong></span> <span class='ocrx_word' id='word_1_267' title='bbox 3105 1427 3237 1497; x_wconf 90' lang='lat' dir='ltr'><strong>quid</strong></span> <span class='ocrx_word' id='word_1_268' title='bbox 3266 1424 3504 1487; x_wconf 87' lang='lat' dir='ltr'><strong>venerit,</strong></span> <span class='ocrx_word' id='word_1_269' title='bbox 3538 1422 3627 1475; x_wconf 86' lang='lat' dir='ltr'><strong>vel</strong></span> 
     </span>
    </p>
   </div>
   <div class='ocr_carea' id='block_1_42' title="bbox 2048 1512 3614 1603">
    <p class='ocr_par' dir='ltr' id='par_1_42' title="bbox 2048 1512 3614 1603">
     <span class='ocr_line' id='line_1_42' title="bbox 2048 1512 3614 1603; baseline -0.015 -16"><span class='ocrx_word' id='word_1_270' title='bbox 2048 1532 2271 1603; x_wconf 90' lang='lat' dir='ltr'><strong>quando</strong></span> <span class='ocrx_word' id='word_1_271' title='bbox 2302 1528 2688 1583; x_wconf 89' lang='lat' dir='ltr'><strong>ambulaturus</strong></span> <span class='ocrx_word' id='word_1_272' title='bbox 2720 1526 2812 1587; x_wconf 85' lang='lat' dir='ltr'><strong>sit,</strong></span> <span class='ocrx_word' id='word_1_273' title='bbox 2838 1523 2943 1577; x_wconf 88' lang='lat' dir='ltr'><strong>nisi</strong></span> <span class='ocrx_word' id='word_1_274' title='bbox 2976 1520 3075 1574; x_wconf 86' lang='lat' dir='ltr'><strong>soli</strong></span> <span class='ocrx_word' id='word_1_275' title='bbox 3101 1518 3192 1587; x_wconf 85' lang='lat' dir='ltr'><strong>qui</strong></span> <span class='ocrx_word' id='word_1_276' title='bbox 3224 1524 3422 1586; x_wconf 82' lang='lat' dir='ltr'><strong>praeest</strong></span> <span class='ocrx_word' id='word_1_277' title='bbox 3443 1512 3614 1571; x_wconf 82' lang='lat' dir='ltr'><strong>Patri.</strong></span> 
     </span>
    </p>
   </div>
   <div class='ocr_carea' id='block_1_43' title="bbox 2048 1603 3627 1691">
    <p class='ocr_par' dir='ltr' id='par_1_43' title="bbox 2048 1603 3627 1691">
     <span class='ocr_line' id='line_1_43' title="bbox 2048 1603 3627 1691; baseline -0.016 -13"><span class='ocrx_word' id='word_1_278' title='bbox 2048 1632 2143 1678; x_wconf 91' lang='lat' dir='ltr'><strong>aut</strong></span> <span class='ocrx_word' id='word_1_279' title='bbox 2167 1622 2370 1691; x_wconf 89' lang='lat' dir='ltr'><strong>quibus</strong></span> <span class='ocrx_word' id='word_1_280' title='bbox 2394 1621 2509 1689; x_wconf 87' lang='lat' dir='ltr'><strong>ipse</strong></span> <span class='ocrx_word' id='word_1_281' title='bbox 2538 1615 2787 1688; x_wconf 88' lang='lat' dir='ltr'><strong>jusserit.</strong></span> <span class='ocrx_word' id='word_1_282' title='bbox 2817 1610 3179 1667; x_wconf 83' lang='lat' dir='ltr'><strong>Venientibus</strong></span> <span class='ocrx_word' id='word_1_283' title='bbox 3202 1621 3334 1659; x_wconf 89' lang='lat' dir='ltr'><strong>vero</strong></span> <span class='ocrx_word' id='word_1_284' title='bbox 3359 1603 3627 1658; x_wconf 89' lang='lat' dir='ltr'><strong>fratribus</strong></span> 
     </span>
    </p>
   </div>
   <div class='ocr_carea' id='block_1_44' title="bbox 2049 1692 3626 1769">
    <p class='ocr_par' dir='ltr' id='par_1_44' title="bbox 2049 1692 3626 1769">
     <span class='ocr_line' id='line_1_44' title="bbox 2049 1692 3626 1769; baseline -0.015 -2"><span class='ocrx_word' id='word_1_285' title='bbox 2049 1713 2116 1767; x_wconf 89' lang='lat' dir='ltr'><strong>ad</strong></span> <span class='ocrx_word' id='word_1_286' title='bbox 2148 1713 2338 1765; x_wconf 91' lang='lat' dir='ltr'><strong>horam</strong></span> <span class='ocrx_word' id='word_1_287' title='bbox 2392 1705 2738 1769; x_wconf 86' lang='lat' dir='ltr'><strong>refectionis,</strong></span> <span class='ocrx_word' id='word_1_288' title='bbox 2790 1719 2900 1757; x_wconf 90' lang='lat' dir='ltr'><strong>non</strong></span> <span class='ocrx_word' id='word_1_289' title='bbox 2930 1700 3119 1755; x_wconf 85' lang='lat' dir='ltr'><strong>licebit</strong></span> <span class='ocrx_word' id='word_1_290' title='bbox 3147 1697 3439 1768; x_wconf 80' lang='lat' dir='ltr'><strong>peregrino</strong></span> <span class='ocrx_word' id='word_1_291' title='bbox 3470 1692 3626 1747; x_wconf 88' lang='lat' dir='ltr'><strong>fratri</strong></span> 
     </span>
    </p>
   </div>
   <div class='ocr_carea' id='block_1_45' title="bbox 2049 1786 3628 1857">
    <p class='ocr_par' dir='ltr' id='par_1_45' title="bbox 2049 1786 3628 1857">
     <span class='ocr_line' id='line_1_45' title="bbox 2049 1786 3628 1857; baseline -0.013 0"><span class='ocrx_word' id='word_1_292' title='bbox 2049 1817 2174 1857; x_wconf 92' lang='lat' dir='ltr'><strong>cum</strong></span> <span class='ocrx_word' id='word_1_293' title='bbox 2223 1800 2486 1855; x_wconf 86' lang='lat' dir='ltr'><strong>fratribus</strong></span> <span class='ocrx_word' id='word_1_294' title='bbox 2532 1796 2888 1855; x_wconf 83' lang='lat' dir='ltr'><strong>manducare,</strong></span> <span class='ocrx_word' id='word_1_295' title='bbox 2934 1792 3039 1845; x_wconf 87' lang='lat' dir='ltr'><strong>nisi</strong></span> <span class='ocrx_word' id='word_1_296' title='bbox 3072 1805 3197 1846; x_wconf 91' lang='lat' dir='ltr'><strong>cum</strong></span> <span class='ocrx_word' id='word_1_297' title='bbox 3229 1803 3296 1842; x_wconf 91' lang='lat' dir='ltr'><strong>eo</strong></span> <span class='ocrx_word' id='word_1_298' title='bbox 3342 1786 3436 1857; x_wconf 82' lang='lat' dir='ltr'><strong>qui</strong></span> <span class='ocrx_word' id='word_1_299' title='bbox 3464 1792 3628 1854; x_wconf 75' lang='lat' dir='ltr'><strong>prmst</strong></span> 
     </span>
    </p>
   </div>
   <div class='ocr_carea' id='block_1_46' title="bbox 1983 1873 3628 1960">
    <p class='ocr_par' dir='ltr' id='par_1_46' title="bbox 1983 1873 3628 1960">
     <span class='ocr_line' id='line_1_46' title="bbox 1983 1873 3628 1960; baseline -0.013 -14"><span class='ocrx_word' id='word_1_300' title='bbox 1983 1905 2023 1960; x_wconf 81' lang='grc' dir='ltr'>Β</span> <span class='ocrx_word' id='word_1_301' title='bbox 2054 1892 2237 1954; x_wconf 79' lang='lat' dir='ltr'><strong>l’atre,</strong></span> <span class='ocrx_word' id='word_1_302' title='bbox 2267 1897 2329 1942; x_wconf 89' lang='lat' dir='ltr'><strong>ut</strong></span> <span class='ocrx_word' id='word_1_303' title='bbox 2352 1887 2529 1957; x_wconf 84' lang='lat' dir='ltr'><strong>possit</strong></span> <span class='ocrx_word' id='word_1_304' title='bbox 2558 1884 2839 1939; x_wconf 78' lang='lat' dir='ltr'><strong>aedificari.</strong></span> <span class='ocrx_word' id='word_1_305' title='bbox 2894 1881 3056 1936; x_wconf 87' lang='lat' dir='ltr'><strong>Nullo</strong></span> <span class='ocrx_word' id='word_1_306' title='bbox 3076 1878 3268 1932; x_wconf 90' lang='lat' dir='ltr'><strong>licebit</strong></span> <span class='ocrx_word' id='word_1_307' title='bbox 3300 1891 3421 1930; x_wconf 87' lang='lat' dir='ltr'><strong>cum</strong></span> <span class='ocrx_word' id='word_1_308' title='bbox 3451 1888 3517 1927; x_wconf 89' lang='lat' dir='ltr'><strong>eo</strong></span> <span class='ocrx_word' id='word_1_309' title='bbox 3548 1873 3628 1925; x_wconf 91' lang='lat' dir='ltr'><strong>lo-</strong></span> 
     </span>
    </p>
   </div>
   <div class='ocr_carea' id='block_1_47' title="bbox 2051 1960 3628 2048">
    <p class='ocr_par' dir='ltr' id='par_1_47' title="bbox 2051 1960 3628 2048">
     <span class='ocr_line' id='line_1_47' title="bbox 2051 1960 3628 2048; baseline -0.015 -15"><span class='ocrx_word' id='word_1_310' title='bbox 2051 1978 2177 2048; x_wconf 91' lang='lat' dir='ltr'><strong>qui;</strong></span> <span class='ocrx_word' id='word_1_311' title='bbox 2208 1992 2313 2031; x_wconf 91' lang='lat' dir='ltr'><strong>nec</strong></span> <span class='ocrx_word' id='word_1_312' title='bbox 2341 1974 2573 2043; x_wconf 87' lang='lat' dir='ltr'><strong>alicujus</strong></span> <span class='ocrx_word' id='word_1_313' title='bbox 2598 1970 2708 2039; x_wconf 70' lang='grc'><strong>(12)</strong></span> <span class='ocrx_word' id='word_1_314' title='bbox 2738 1967 2995 2023; x_wconf 90' lang='lat' dir='ltr'><strong>audiatur</strong></span> <span class='ocrx_word' id='word_1_315' title='bbox 3018 1980 3221 2027; x_wconf 87' lang='lat' dir='ltr'><strong>sermo,</strong></span> <span class='ocrx_word' id='word_1_316' title='bbox 3250 1964 3355 2016; x_wconf 90' lang='lat' dir='ltr'><strong>nisi</strong></span> <span class='ocrx_word' id='word_1_317' title='bbox 3384 1960 3628 2048; x_wconf 84' lang='lat' dir='ltr'><strong>divinus.</strong></span> 
     </span>
    </p>
   </div>
   <div class='ocr_carea' id='block_1_48' title="bbox 2050 2046 3627 2134">
    <p class='ocr_par' dir='ltr' id='par_1_48' title="bbox 2050 2046 3627 2134">
     <span class='ocr_line' id='line_1_48' title="bbox 2050 2046 3627 2134; baseline -0.013 -17"><span class='ocrx_word' id='word_1_318' title='bbox 2050 2046 2142 2134; x_wconf 81' lang='lat' dir='ltr'><strong>qui</strong></span> <span class='ocrx_word' id='word_1_319' title='bbox 2168 2079 2233 2117; x_wconf 76' lang='lat' dir='ltr'><strong>ex</strong></span> <span class='ocrx_word' id='word_1_320' title='bbox 2262 2060 2461 2131; x_wconf 84' lang='lat' dir='ltr'><strong>pagina</strong></span> <span class='ocrx_word' id='word_1_321' title='bbox 2490 2058 2828 2127; x_wconf 82' lang='lat' dir='ltr'><strong>proferatur,</strong></span> <span class='ocrx_word' id='word_1_322' title='bbox 2858 2063 2914 2108; x_wconf 89' lang='lat' dir='ltr'><strong>et</strong></span> <span class='ocrx_word' id='word_1_323' title='bbox 2933 2055 3052 2125; x_wconf 88' lang='lat' dir='ltr'><strong>ejus</strong></span> <span class='ocrx_word' id='word_1_324' title='bbox 3078 2053 3174 2121; x_wconf 89' lang='lat' dir='ltr'><strong>qui</strong></span> <span class='ocrx_word' id='word_1_325' title='bbox 3207 2057 3406 2119; x_wconf 70' lang='lat' dir='ltr'><strong>przeest</strong></span> <span class='ocrx_word' id='word_1_326' title='bbox 3427 2046 3627 2134; x_wconf 87' lang='lat' dir='ltr'><strong>Patris,</strong></span> 
     </span>
    </p>
   </div>
   <div class='ocr_carea' id='block_1_49' title="bbox 2050 2133 3632 2220">
    <p class='ocr_par' dir='ltr' id='par_1_49' title="bbox 2050 2133 3632 2220">
     <span class='ocr_line' id='line_1_49' title="bbox 2050 2133 3632 2220; baseline -0.01 -17"><span class='ocrx_word' id='word_1_327' title='bbox 2050 2133 2135 2205; x_wconf 81' lang='lat' dir='ltr'><strong>vel</strong></span> <span class='ocrx_word' id='word_1_328' title='bbox 2172 2149 2375 2220; x_wconf 91' lang='lat' dir='ltr'><strong>quibus</strong></span> <span class='ocrx_word' id='word_1_329' title='bbox 2406 2147 2523 2216; x_wconf 89' lang='lat' dir='ltr'><strong>ipse</strong></span> <span class='ocrx_word' id='word_1_330' title='bbox 2563 2144 2790 2215; x_wconf 89' lang='lat' dir='ltr'><strong>jusserit</strong></span> <span class='ocrx_word' id='word_1_331' title='bbox 2847 2142 3019 2209; x_wconf 87' lang='lat' dir='ltr'><strong>loqui,</strong></span> <span class='ocrx_word' id='word_1_332' title='bbox 3068 2147 3129 2193; x_wconf 89' lang='lat' dir='ltr'><strong>ut</strong></span> <span class='ocrx_word' id='word_1_333' title='bbox 3161 2135 3369 2206; x_wconf 91' lang='lat' dir='ltr'><strong>aliquid</strong></span> <span class='ocrx_word' id='word_1_334' title='bbox 3405 2135 3474 2189; x_wconf 92' lang='lat' dir='ltr'><strong>de</strong></span> <span class='ocrx_word' id='word_1_335' title='bbox 3516 2133 3632 2188; x_wconf 91' lang='lat' dir='ltr'><strong>Deo</strong></span> 
     </span>
    </p>
   </div>
   <div class='ocr_carea' id='block_1_50' title="bbox 2050 2238 2366 2294">
    <p class='ocr_par' dir='ltr' id='par_1_50' title="bbox 2050 2238 2366 2294">
     <span class='ocr_line' id='line_1_50' title="bbox 2050 2238 2366 2294; baseline -0.009 0"><span class='ocrx_word' id='word_1_336' title='bbox 2050 2238 2366 2294; x_wconf 89' lang='lat' dir='ltr'><strong>conveniat.</strong></span> 
     </span>
    </p>
   </div>
   <div class='ocr_carea' id='block_1_51' title="bbox 2551 2339 3104 2417">
    <p class='ocr_par' dir='ltr' id='par_1_51' title="bbox 2551 2339 3104 2417">
     <span class='ocr_line' id='line_1_51' title="bbox 2551 2339 3104 2417; baseline -0.011 -19"><span class='ocrx_word' id='word_1_337' title='bbox 2551 2344 2719 2417; x_wconf 67' lang='lat'><strong>21.4</strong></span> <span class='ocrx_word' id='word_1_338' title='bbox 2747 2342 2972 2399; x_wconf 78' lang='lat' dir='ltr'><strong>CAPUT</strong></span> <span class='ocrx_word' id='word_1_339' title='bbox 3013 2339 3104 2393; x_wconf 78' lang='lat' dir='ltr'><strong>IX.</strong></span> 
     </span>
    </p>
   </div>
   <div class='ocr_carea' id='block_1_52' title="bbox 2334 2455 3377 2527">
    <p class='ocr_par' dir='ltr' id='par_1_52' title="bbox 2334 2455 3377 2527">
     <span class='ocr_line' id='line_1_52' title="bbox 2334 2455 3377 2527; baseline -0.011 -12"><span class='ocrx_word' id='word_1_340' title='bbox 2334 2461 2578 2527; x_wconf 83' lang='lat' dir='ltr'><strong>Qualiter</strong></span> <span class='ocrx_word' id='word_1_341' title='bbox 2596 2460 2930 2527; x_wconf 87' lang='lat' dir='ltr'><strong>jejuniorum</strong></span> <span class='ocrx_word' id='word_1_342' title='bbox 2959 2455 3087 2527; x_wconf 84' lang='lat' dir='ltr'><strong>ordo</strong></span> <span class='ocrx_word' id='word_1_343' title='bbox 3109 2461 3377 2505; x_wconf 85' lang='lat' dir='ltr'><strong>teneatur.</strong></span> 
     </span>
    </p>
   </div>
   <div class='ocr_carea' id='block_1_53' title="bbox 2577 2478 3108 2598">
    <p class='ocr_par' dir='ltr' id='par_1_53' title="bbox 2577 2478 3108 2598">
     <span class='ocr_line' id='line_1_53' title="bbox 2577 2478 3087 2527; baseline -0.014 -15"><span class='ocrx_word' id='word_1_344' title='bbox 2577 2479 2578 2486; x_wconf 48' lang='grc' dir='ltr'><strong>η</strong></span> <span class='ocrx_word' id='word_1_345' title='bbox 2629 2478 2930 2527; x_wconf 77' lang='grc' dir='ltr'><strong>εμιηιοτιιηι</strong></span> <span class='ocrx_word' id='word_1_346' title='bbox 2959 2478 3087 2508; x_wconf 83' lang='lat' dir='ltr'><strong>aruo</strong></span> 
     </span>
     <span class='ocr_line' id='line_1_54' title="bbox 2577 2478 3108 2598; baseline -0.013 -16"><span class='ocrx_word' id='word_1_347' title='bbox 2577 2478 2907 2598; x_wconf 43' lang='lat' dir='ltr'><strong>Paphnutius</strong></span> <span class='ocrx_word' id='word_1_348' title='bbox 2947 2526 3108 2578; x_wconf 71' lang='lat' dir='ltr'><strong>dixit:</strong></span> 
     </span>
    </p>
   </div>
   <div class='ocr_carea' id='block_1_54' title="bbox 2117 2635 3629 2712">
    <p class='ocr_par' dir='ltr' id='par_1_54' title="bbox 2117 2635 3629 2712">
     <span class='ocr_line' id='line_1_55' title="bbox 2117 2635 3629 2712; baseline -0.007 -16"><span class='ocrx_word' id='word_1_349' title='bbox 2117 2643 2310 2712; x_wconf 75' lang='lat' dir='ltr'><strong>Magna</strong></span> <span class='ocrx_word' id='word_1_350' title='bbox 2342 2648 2399 2696; x_wconf 92' lang='lat' dir='ltr'><strong>et</strong></span> <span class='ocrx_word' id='word_1_351' title='bbox 2432 2638 2590 2693; x_wconf 89' lang='lat' dir='ltr'><strong>utilia</strong></span> <span class='ocrx_word' id='word_1_352' title='bbox 2644 2638 2713 2692; x_wconf 89' lang='lat' dir='ltr'><strong>ad</strong></span> <span class='ocrx_word' id='word_1_353' title='bbox 2772 2636 2970 2691; x_wconf 77' lang='lat' dir='ltr'><strong>animae</strong></span> <span class='ocrx_word' id='word_1_354' title='bbox 3012 2637 3241 2690; x_wconf 89' lang='lat' dir='ltr'><strong>salutem</strong></span> <span class='ocrx_word' id='word_1_355' title='bbox 3277 2635 3423 2688; x_wconf 90' lang='lat' dir='ltr'><strong>dicta</strong></span> <span class='ocrx_word' id='word_1_356' title='bbox 3476 2641 3629 2695; x_wconf 85' lang='lat' dir='ltr'><strong>sunt,</strong></span> 
     </span>
    </p>
   </div>
   <div class='ocr_carea' id='block_1_55' title="bbox 2048 2726 3629 2797">
    <p class='ocr_par' dir='ltr' id='par_1_55' title="bbox 2048 2726 3629 2797">
     <span class='ocr_line' id='line_1_56' title="bbox 2048 2726 3629 2797; baseline -0.008 -7"><span class='ocrx_word' id='word_1_357' title='bbox 2048 2736 2249 2791; x_wconf 75' lang='lat' dir='ltr'><strong>fratres</strong></span> <span class='ocrx_word' id='word_1_358' title='bbox 2282 2751 2295 2787; x_wconf 91' lang='lat'>:</span> <span class='ocrx_word' id='word_1_359' title='bbox 2320 2749 2423 2788; x_wconf 91' lang='lat' dir='ltr'><strong>nec</strong></span> <span class='ocrx_word' id='word_1_360' title='bbox 2448 2733 2551 2787; x_wconf 91' lang='lat' dir='ltr'><strong>hoc</strong></span> <span class='ocrx_word' id='word_1_361' title='bbox 2574 2730 2868 2785; x_wconf 88' lang='lat' dir='ltr'><strong>tacendum</strong></span> <span class='ocrx_word' id='word_1_362' title='bbox 2902 2737 3006 2793; x_wconf 89' lang='lat' dir='ltr'><strong>est,</strong></span> <span class='ocrx_word' id='word_1_363' title='bbox 3031 2728 3269 2797; x_wconf 89' lang='lat' dir='ltr'><strong>qualiter</strong></span> <span class='ocrx_word' id='word_1_364' title='bbox 3294 2726 3629 2796; x_wconf 89' lang='lat' dir='ltr'><strong>jejuniorum</strong></span> 
     </span>
    </p>
   </div>
   <div class='ocr_carea' id='block_1_56' title="bbox 2049 2815 3630 2880">
    <p class='ocr_par' dir='ltr' id='par_1_56' title="bbox 2049 2815 3630 2880">
     <span class='ocr_line' id='line_1_57' title="bbox 2049 2815 3630 2880; baseline -0.009 0"><span class='ocrx_word' id='word_1_365' title='bbox 2049 2825 2186 2880; x_wconf 89' lang='lat' dir='ltr'><strong>ordo</strong></span> <span class='ocrx_word' id='word_1_366' title='bbox 2214 2823 2487 2879; x_wconf 88' lang='lat' dir='ltr'><strong>tenendus</strong></span> <span class='ocrx_word' id='word_1_367' title='bbox 2513 2823 2602 2875; x_wconf 88' lang='lat' dir='ltr'><strong>sit.</strong></span> <span class='ocrx_word' id='word_1_368' title='bbox 2632 2821 2743 2875; x_wconf 88' lang='lat' dir='ltr'><strong>Nec</strong></span> <span class='ocrx_word' id='word_1_369' title='bbox 2763 2820 2911 2874; x_wconf 87' lang='lat' dir='ltr'><strong>aliud</strong></span> <span class='ocrx_word' id='word_1_370' title='bbox 2946 2821 3075 2872; x_wconf 90' lang='lat' dir='ltr'><strong>huic</strong></span> <span class='ocrx_word' id='word_1_371' title='bbox 3107 2817 3349 2871; x_wconf 83' lang='lat' dir='ltr'><strong>ﬁrmitati</strong></span> <span class='ocrx_word' id='word_1_372' title='bbox 3385 2815 3630 2870; x_wconf 81' lang='lat' dir='ltr'><strong>testimo-</strong></span> 
     </span>
    </p>
   </div>
   <div class='ocr_carea' id='block_1_57' title="bbox 2052 2908 3626 2979">
    <p class='ocr_par' dir='ltr' id='par_1_57' title="bbox 2052 2908 3626 2979">
     <span class='ocr_line' id='line_1_58' title="bbox 2052 2908 3626 2979; baseline -0.006 -11"><span class='ocrx_word' id='word_1_373' title='bbox 2052 2914 2209 2969; x_wconf 82' lang='lat' dir='ltr'><strong>nium</strong></span> <span class='ocrx_word' id='word_1_374' title='bbox 2239 2913 2537 2979; x_wconf 91' lang='lat' dir='ltr'><strong>convenit,</strong></span> <span class='ocrx_word' id='word_1_375' title='bbox 2569 2911 2872 2966; x_wconf 87' lang='lat' dir='ltr'><strong>dulcissimi</strong></span> <span class='ocrx_word' id='word_1_376' title='bbox 2905 2911 3137 2974; x_wconf 89' lang='lat' dir='ltr'><strong>fratres,</strong></span> <span class='ocrx_word' id='word_1_377' title='bbox 3171 2910 3271 2961; x_wconf 87' lang='lat' dir='ltr'><strong>nisi</strong></span> <span class='ocrx_word' id='word_1_378' title='bbox 3312 2908 3444 2960; x_wconf 84' lang='lat' dir='ltr'><strong>illud</strong></span> <span class='ocrx_word' id='word_1_379' title='bbox 3480 2909 3626 2975; x_wconf 85' lang='lat' dir='ltr'><strong>quod</strong></span> 
     </span>
    </p>
   </div>
   <div class='ocr_carea' id='block_1_58' title="bbox 2051 2999 3628 3059">
    <p class='ocr_par' dir='ltr' id='par_1_58' title="bbox 2051 2999 3628 3059">
     <span class='ocr_line' id='line_1_59' title="bbox 2051 2999 3628 3059; baseline -0.006 0"><span class='ocrx_word' id='word_1_380' title='bbox 2051 3005 2225 3059; x_wconf 85' lang='lat' dir='ltr'><strong>dicit:</strong></span> <span class='ocrx_word' id='word_1_381' title='bbox 2284 3003 2474 3057; x_wconf 89' lang='lat' dir='ltr'><strong>Petrus</strong></span> <span class='ocrx_word' id='word_1_382' title='bbox 2533 3011 2711 3057; x_wconf 87' lang='lat' dir='ltr'><strong>autem</strong></span> <span class='ocrx_word' id='word_1_383' title='bbox 2755 3010 2803 3054; x_wconf 87' lang='lat' dir='ltr'><strong>et</strong></span> <span class='ocrx_word' id='word_1_384' title='bbox 2873 3001 3116 3054; x_wconf 83' lang='lat' dir='ltr'><strong>Joannes</strong></span> <span class='ocrx_word' id='word_1_385' title='bbox 3158 2999 3513 3052; x_wconf 74' lang='lat' dir='ltr'><strong>ascwdebant</strong></span> <span class='ocrx_word' id='word_1_386' title='bbox 3571 3000 3628 3051; x_wconf 89' lang='lat' dir='ltr'><strong>in</strong></span> 
     </span>
    </p>
   </div>
   <div class='ocr_carea' id='block_1_59' title="bbox 2051 3089 3629 3165">
    <p class='ocr_par' dir='ltr' id='par_1_59' title="bbox 2051 3089 3629 3165">
     <span class='ocr_line' id='line_1_60' title="bbox 2051 3089 3629 3165; baseline -0.004 -17"><span class='ocrx_word' id='word_1_387' title='bbox 2051 3095 2307 3165; x_wconf 85' lang='lat' dir='ltr'><strong>templum</strong></span> <span class='ocrx_word' id='word_1_388' title='bbox 2366 3094 2507 3147; x_wconf 88' lang='lat' dir='ltr'><strong>circa</strong></span> <span class='ocrx_word' id='word_1_389' title='bbox 2557 3096 2745 3148; x_wconf 81' lang='lat' dir='ltr'><strong>horam</strong></span> <span class='ocrx_word' id='word_1_390' title='bbox 2798 3094 3055 3147; x_wconf 85' lang='lat' dir='ltr'><strong>orationis</strong></span> <span class='ocrx_word' id='word_1_391' title='bbox 3105 3092 3392 3145; x_wconf 81' lang='lat' dir='ltr'><strong>nonam&quot;.</strong></span> <span class='ocrx_word' id='word_1_392' title='bbox 3454 3089 3629 3143; x_wconf 80' lang='lat' dir='ltr'><strong>Debet</strong></span> 
     </span>
    </p>
   </div>
   <div class='ocr_carea' id='block_1_60' title="bbox 362 3181 3629 3288">
    <p class='ocr_par' dir='ltr' id='par_1_60' title="bbox 362 3181 3629 3288">
     <span class='ocr_line' id='line_1_61' title="bbox 362 3181 3629 3288; baseline -0.002 -46"><span class='ocrx_word' id='word_1_393' title='bbox 362 3201 702 3272; x_wconf 59' lang='lat' dir='ltr'><strong>iungamur,</strong></span> <span class='ocrx_word' id='word_1_394' title='bbox 738 3212 796 3257; x_wconf 72' lang='grc' dir='ltr'>ει</span> <span class='ocrx_word' id='word_1_395' title='bbox 825 3219 1044 3273; x_wconf 64' lang='lat' dir='ltr'><strong>semper</strong></span> <span class='ocrx_word' id='word_1_396' title='bbox 1076 3204 1215 3258; x_wconf 66' lang='lat' dir='ltr'><strong>dum</strong></span> <span class='ocrx_word' id='word_1_397' title='bbox 1254 3214 1309 3260; x_wconf 67' lang='grc' dir='ltr'><strong>ει</strong></span> <span class='ocrx_word' id='word_1_398' title='bbox 1342 3206 1616 3263; x_wconf 62' lang='lat' dir='ltr'><strong>laboriosa</strong></span> <span class='ocrx_word' id='word_1_399' title='bbox 1646 3208 1728 3263; x_wconf 70' lang='lat' dir='ltr'><strong>eis</strong></span> <span class='ocrx_word' id='word_1_400' title='bbox 1752 3226 1949 3280; x_wconf 67' lang='grc' dir='ltr'><strong>ρτυρο,</strong></span> <span class='ocrx_word' id='word_1_401' title='bbox 1976 3231 2017 3288; x_wconf 74' lang='lat' dir='ltr'><strong>C</strong></span> <span class='ocrx_word' id='word_1_402' title='bbox 2049 3203 2180 3257; x_wconf 82' lang='lat' dir='ltr'><strong>ergo</strong></span> <span class='ocrx_word' id='word_1_403' title='bbox 2206 3188 2308 3241; x_wconf 90' lang='lat' dir='ltr'><strong>iste</strong></span> <span class='ocrx_word' id='word_1_404' title='bbox 2345 3187 2483 3242; x_wconf 90' lang='lat' dir='ltr'><strong>ordo</strong></span> <span class='ocrx_word' id='word_1_405' title='bbox 2527 3186 2727 3248; x_wconf 91' lang='lat' dir='ltr'><strong>teneri,</strong></span> <span class='ocrx_word' id='word_1_406' title='bbox 2778 3186 2996 3250; x_wconf 83' lang='lat' dir='ltr'><strong>fratres,</strong></span> <span class='ocrx_word' id='word_1_407' title='bbox 3057 3195 3120 3240; x_wconf 89' lang='lat' dir='ltr'><strong>ut</strong></span> <span class='ocrx_word' id='word_1_408' title='bbox 3177 3187 3329 3239; x_wconf 91' lang='lat' dir='ltr'><strong>nullo</strong></span> <span class='ocrx_word' id='word_1_409' title='bbox 3370 3184 3468 3285; x_wconf 40' lang='lat' dir='ltr'><strong>&#39;die</strong></span> <span class='ocrx_word' id='word_1_410' title='bbox 3522 3181 3629 3235; x_wconf 84' lang='lat' dir='ltr'><strong>nisi</strong></span> 
     </span>
    </p>
   </div>
   <div class='ocr_carea' id='block_1_61' title="bbox 293 3293 1949 3365">
    <p class='ocr_par' dir='ltr' id='par_1_61' title="bbox 293 3293 1949 3365">
     <span class='ocr_line' id='line_1_62' title="bbox 293 3293 1949 3365; baseline 0.007 -21"><span class='ocrx_word' id='word_1_411' title='bbox 293 3325 297 3328; x_wconf 77' lang='lat'><strong>~</strong></span> <span class='ocrx_word' id='word_1_412' title='bbox 366 3302 590 3346; x_wconf 90' lang='lat' dir='ltr'><strong>nantur.</strong></span> <span class='ocrx_word' id='word_1_413' title='bbox 626 3293 680 3348; x_wconf 91' lang='lat' dir='ltr'><strong>Si</strong></span> <span class='ocrx_word' id='word_1_414' title='bbox 714 3309 845 3348; x_wconf 90' lang='lat' dir='ltr'><strong>vero</strong></span> <span class='ocrx_word' id='word_1_415' title='bbox 876 3296 1357 3363; x_wconf 89' lang='lat' dir='ltr'><strong>perseveraverint</strong></span> <span class='ocrx_word' id='word_1_416' title='bbox 1382 3298 1689 3365; x_wconf 87' lang='lat' dir='ltr'><strong>pulsantes,</strong></span> <span class='ocrx_word' id='word_1_417' title='bbox 1733 3301 1814 3355; x_wconf 90' lang='lat' dir='ltr'><strong>eis</strong></span> <span class='ocrx_word' id='word_1_418' title='bbox 1840 3318 1949 3356; x_wconf 84' lang='lat' dir='ltr'><strong>non</strong></span> 
     </span>
    </p>
   </div>
   <div class='ocr_carea' id='block_1_62' title="bbox 365 3383 1947 3461">
    <p class='ocr_par' dir='ltr' id='par_1_62' title="bbox 365 3383 1947 3461">
     <span class='ocr_line' id='line_1_63' title="bbox 365 3383 1947 3461; baseline 0.006 -24"><span class='ocrx_word' id='word_1_419' title='bbox 365 3392 598 3452; x_wconf 79' lang='lat' dir='ltr'><strong>negetur</strong></span> <span class='ocrx_word' id='word_1_420' title='bbox 633 3383 955 3454; x_wconf 81' lang='lat' dir='ltr'><strong>ingressus;</strong></span> <span class='ocrx_word' id='word_1_421' title='bbox 997 3386 1092 3439; x_wconf 90' lang='lat' dir='ltr'><strong>sed</strong></span> <span class='ocrx_word' id='word_1_422' title='bbox 1134 3387 1180 3440; x_wconf 93' lang='lat' dir='ltr'><strong>is</strong></span> <span class='ocrx_word' id='word_1_423' title='bbox 1219 3387 1314 3456; x_wconf 90' lang='lat' dir='ltr'><strong>qui</strong></span> <span class='ocrx_word' id='word_1_424' title='bbox 1350 3396 1549 3456; x_wconf 80' lang='lat' dir='ltr'><strong>praeest</strong></span> <span class='ocrx_word' id='word_1_425' title='bbox 1575 3390 1947 3461; x_wconf 84' lang='lat' dir='ltr'><strong>Paterhujus-</strong></span> 
     </span>
    </p>
   </div>
   <div class='ocr_carea' id='block_1_63' title="bbox 367 3474 1948 3549">
    <p class='ocr_par' dir='ltr' id='par_1_63' title="bbox 367 3474 1948 3549">
     <span class='ocr_line' id='line_1_64' title="bbox 367 3474 1948 3549; baseline 0.008 -23"><span class='ocrx_word' id='word_1_426' title='bbox 367 3474 513 3527; x_wconf 91' lang='lat' dir='ltr'><strong>modi</strong></span> <span class='ocrx_word' id='word_1_427' title='bbox 546 3474 797 3530; x_wconf 90' lang='lat' dir='ltr'><strong>homines</strong></span> <span class='ocrx_word' id='word_1_428' title='bbox 831 3476 1061 3531; x_wconf 89' lang='lat' dir='ltr'><strong>introire</strong></span> <span class='ocrx_word' id='word_1_429' title='bbox 1090 3478 1371 3546; x_wconf 90' lang='lat' dir='ltr'><strong>permittat</strong></span> <span class='ocrx_word' id='word_1_430' title='bbox 1395 3520 1409 3543; x_wconf 87' lang='lat'><strong>,</strong></span> <span class='ocrx_word' id='word_1_431' title='bbox 1438 3489 1495 3534; x_wconf 93' lang='lat' dir='ltr'><strong>et</strong></span> <span class='ocrx_word' id='word_1_432' title='bbox 1518 3483 1757 3549; x_wconf 86' lang='lat' dir='ltr'><strong>qualiter</strong></span> <span class='ocrx_word' id='word_1_433' title='bbox 1783 3486 1948 3539; x_wconf 89' lang='lat' dir='ltr'><strong>vitam</strong></span> 
     </span>
    </p>
   </div>
   <div class='ocr_carea' id='block_1_64' title="bbox 365 3563 1949 3643">
    <p class='ocr_par' dir='ltr' id='par_1_64' title="bbox 365 3563 1949 3643">
     <span class='ocr_line' id='line_1_65' title="bbox 365 3563 1949 3643; baseline 0.008 -25"><span class='ocrx_word' id='word_1_434' title='bbox 365 3563 621 3628; x_wconf 78' lang='lat' dir='ltr'><strong>fratrum,</strong></span> <span class='ocrx_word' id='word_1_435' title='bbox 646 3568 728 3620; x_wconf 87' lang='lat' dir='ltr'><strong>vel</strong></span> <span class='ocrx_word' id='word_1_436' title='bbox 757 3569 1001 3636; x_wconf 83' lang='lat' dir='ltr'><strong>regulam</strong></span> <span class='ocrx_word' id='word_1_437' title='bbox 1034 3577 1218 3623; x_wconf 89' lang='lat' dir='ltr'><strong>tenere</strong></span> <span class='ocrx_word' id='word_1_438' title='bbox 1237 3571 1468 3637; x_wconf 89' lang='lat' dir='ltr'><strong>possint,</strong></span> <span class='ocrx_word' id='word_1_439' title='bbox 1498 3575 1773 3630; x_wconf 88' lang='lat' dir='ltr'><strong>ostendat.</strong></span> <span class='ocrx_word' id='word_1_440' title='bbox 1792 3576 1949 3643; x_wconf 83' lang='lat' dir='ltr'><strong>Quod</strong></span> 
     </span>
    </p>
   </div>
   <div class='ocr_carea' id='block_1_65' title="bbox 367 3657 1949 3725">
    <p class='ocr_par' dir='ltr' id='par_1_65' title="bbox 367 3657 1949 3725">
     <span class='ocr_line' id='line_1_66' title="bbox 367 3657 1949 3725; baseline 0.009 -14"><span class='ocrx_word' id='word_1_441' title='bbox 367 3658 411 3711; x_wconf 91' lang='lat' dir='ltr'><strong>si</strong></span> <span class='ocrx_word' id='word_1_442' title='bbox 446 3657 602 3710; x_wconf 83' lang='lat' dir='ltr'><strong>dives</strong></span> <span class='ocrx_word' id='word_1_443' title='bbox 629 3665 734 3720; x_wconf 86' lang='lat' dir='ltr'><strong>est,</strong></span> <span class='ocrx_word' id='word_1_444' title='bbox 776 3669 832 3712; x_wconf 91' lang='lat' dir='ltr'><strong>et</strong></span> <span class='ocrx_word' id='word_1_445' title='bbox 858 3660 1067 3713; x_wconf 85' lang='lat' dir='ltr'><strong>habens</strong></span> <span class='ocrx_word' id='word_1_446' title='bbox 1094 3662 1297 3716; x_wconf 91' lang='lat' dir='ltr'><strong>multas</strong></span> <span class='ocrx_word' id='word_1_447' title='bbox 1330 3664 1555 3721; x_wconf 86' lang='lat' dir='ltr'><strong>divitias</strong></span> <span class='ocrx_word' id='word_1_448' title='bbox 1588 3669 1640 3719; x_wconf 90' lang='lat' dir='ltr'><strong>in</strong></span> <span class='ocrx_word' id='word_1_449' title='bbox 1665 3670 1867 3723; x_wconf 71' lang='lat' dir='ltr'><strong>saeculo</strong></span> <span class='ocrx_word' id='word_1_450' title='bbox 1894 3682 1949 3725; x_wconf 89' lang='lat' dir='ltr'><strong>et</strong></span> 
     </span>
    </p>
   </div>
   <div class='ocr_carea' id='block_1_66' title="bbox 368 3748 1946 3827">
    <p class='ocr_par' dir='ltr' id='par_1_66' title="bbox 368 3748 1946 3827">
     <span class='ocr_line' id='line_1_67' title="bbox 368 3748 1946 3827; baseline 0.01 -26"><span class='ocrx_word' id='word_1_451' title='bbox 368 3748 617 3801; x_wconf 86' lang='lat' dir='ltr'><strong>converti</strong></span> <span class='ocrx_word' id='word_1_452' title='bbox 648 3749 909 3813; x_wconf 87' lang='lat' dir='ltr'><strong>voluerit,</strong></span> <span class='ocrx_word' id='word_1_453' title='bbox 947 3752 1111 3805; x_wconf 90' lang='lat' dir='ltr'><strong>debet</strong></span> <span class='ocrx_word' id='word_1_454' title='bbox 1140 3754 1320 3822; x_wconf 91' lang='lat' dir='ltr'><strong>primo</strong></span> <span class='ocrx_word' id='word_1_455' title='bbox 1348 3757 1423 3827; x_wconf 77' lang='lat'><strong>(9;</strong></span> <span class='ocrx_word' id='word_1_456' title='bbox 1472 3757 1565 3811; x_wconf 90' lang='lat' dir='ltr'><strong>Dei</strong></span> <span class='ocrx_word' id='word_1_457' title='bbox 1610 3760 1946 3816; x_wconf 88' lang='lat' dir='ltr'><strong>voluntatem</strong></span> 
     </span>
    </p>
   </div>
   <div class='ocr_carea' id='block_1_67' title="bbox 370 3838 1946 3921">
    <p class='ocr_par' dir='ltr' id='par_1_67' title="bbox 370 3838 1946 3921">
     <span class='ocr_line' id='line_1_68' title="bbox 370 3838 1946 3921; baseline 0.011 -32"><span class='ocrx_word' id='word_1_458' title='bbox 370 3838 623 3906; x_wconf 89' lang='lat' dir='ltr'><strong>implere,</strong></span> <span class='ocrx_word' id='word_1_459' title='bbox 653 3848 710 3892; x_wconf 94' lang='lat' dir='ltr'><strong>et</strong></span> <span class='ocrx_word' id='word_1_460' title='bbox 751 3843 1013 3909; x_wconf 88' lang='lat' dir='ltr'><strong>consequi</strong></span> <span class='ocrx_word' id='word_1_461' title='bbox 1058 3854 1392 3913; x_wconf 65' lang='lat' dir='ltr'><strong>praeceptum</strong></span> <span class='ocrx_word' id='word_1_462' title='bbox 1428 3848 1560 3901; x_wconf 90' lang='lat' dir='ltr'><strong>illud</strong></span> <span class='ocrx_word' id='word_1_463' title='bbox 1589 3852 1946 3921; x_wconf 73' lang='lat' dir='ltr'><strong>pnecipuum,</strong></span> 
     </span>
    </p>
   </div>
   <div class='ocr_carea' id='block_1_68' title="bbox 371 3930 1949 3998">
    <p class='ocr_par' dir='ltr' id='par_1_68' title="bbox 371 3930 1949 3998">
     <span class='ocr_line' id='line_1_69' title="bbox 371 3930 1949 3998; baseline 0.01 -16"><span class='ocrx_word' id='word_1_464' title='bbox 371 3930 516 3997; x_wconf 89' lang='lat' dir='ltr'><strong>quod</strong></span> <span class='ocrx_word' id='word_1_465' title='bbox 545 3931 878 3986; x_wconf 88' lang='lat' dir='ltr'><strong>adolescenti</strong></span> <span class='ocrx_word' id='word_1_466' title='bbox 912 3933 1066 3987; x_wconf 89' lang='lat' dir='ltr'><strong>diviti</strong></span> <span class='ocrx_word' id='word_1_467' title='bbox 1100 3935 1305 3990; x_wconf 86' lang='lat' dir='ltr'><strong>dicitur</strong></span> <span class='ocrx_word' id='word_1_468' title='bbox 1335 3954 1347 3988; x_wconf 91' lang='lat'>:</span> <span class='ocrx_word' id='word_1_469' title='bbox 1390 3939 1559 3992; x_wconf 86' lang='lat' dir='ltr'><strong>Vende</strong></span> <span class='ocrx_word' id='word_1_470' title='bbox 1588 3944 1767 3996; x_wconf 87' lang='lat' dir='ltr'><strong>omnia</strong></span> <span class='ocrx_word' id='word_1_471' title='bbox 1814 3944 1949 3998; x_wconf 88' lang='lat' dir='ltr'><strong>bona</strong></span> 
     </span>
    </p>
   </div>
   <div class='ocr_carea' id='block_1_69' title="bbox 370 4024 1951 4098">
    <p class='ocr_par' dir='ltr' id='par_1_69' title="bbox 370 4024 1951 4098">
     <span class='ocr_line' id='line_1_70' title="bbox 370 4024 1951 4098; baseline 0.01 -25"><span class='ocrx_word' id='word_1_472' title='bbox 370 4029 486 4085; x_wconf 86' lang='lat' dir='ltr'><strong>tua,</strong></span> <span class='ocrx_word' id='word_1_473' title='bbox 520 4032 569 4075; x_wconf 85' lang='lat' dir='ltr'><strong>et</strong></span> <span class='ocrx_word' id='word_1_474' title='bbox 612 4024 681 4077; x_wconf 88' lang='lat' dir='ltr'><strong>da</strong></span> <span class='ocrx_word' id='word_1_475' title='bbox 727 4026 1066 4093; x_wconf 84' lang='lat' dir='ltr'><strong>pauperibus,</strong></span> <span class='ocrx_word' id='word_1_476' title='bbox 1097 4037 1146 4081; x_wconf 92' lang='lat' dir='ltr'><strong>et</strong></span> <span class='ocrx_word' id='word_1_477' title='bbox 1192 4029 1320 4083; x_wconf 85' lang='lat' dir='ltr'><strong>tolle</strong></span> <span class='ocrx_word' id='word_1_478' title='bbox 1353 4048 1560 4085; x_wconf 86' lang='lat' dir='ltr'><strong>crucem</strong></span> <span class='ocrx_word' id='word_1_479' title='bbox 1589 4044 1757 4098; x_wconf 86' lang='lat' dir='ltr'><strong>tuam,</strong></span> <span class='ocrx_word' id='word_1_480' title='bbox 1797 4045 1845 4089; x_wconf 90' lang='lat' dir='ltr'><strong>et</strong></span> <span class='ocrx_word' id='word_1_481' title='bbox 1872 4054 1951 4090; x_wconf 85' lang='lat' dir='ltr'><strong>se-</strong></span> 
     </span>
    </p>
   </div>
   <div class='ocr_carea' id='block_1_70' title="bbox 374 4114 1952 4193">
    <p class='ocr_par' dir='ltr' id='par_1_70' title="bbox 374 4114 1952 4193">
     <span class='ocr_line' id='line_1_71' title="bbox 374 4114 1952 4193; baseline 0.011 -30"><span class='ocrx_word' id='word_1_482' title='bbox 374 4128 534 4180; x_wconf 86' lang='lat' dir='ltr'><strong>qttere</strong></span> <span class='ocrx_word' id='word_1_483' title='bbox 564 4130 644 4165; x_wconf 89' lang='lat' dir='ltr'><strong>me</strong></span> <span class='ocrx_word' id='word_1_484' title='bbox 672 4115 741 4167; x_wconf 79' lang='lat'><strong>&quot;.</strong></span> <span class='ocrx_word' id='word_1_485' title='bbox 774 4114 983 4169; x_wconf 88' lang='lat' dir='ltr'><strong>Deinde</strong></span> <span class='ocrx_word' id='word_1_486' title='bbox 1013 4115 1372 4173; x_wconf 85' lang='lat' dir='ltr'><strong>instruendus</strong></span> <span class='ocrx_word' id='word_1_487' title='bbox 1396 4130 1480 4173; x_wconf 86' lang='lat' dir='ltr'><strong>est</strong></span> <span class='ocrx_word' id='word_1_488' title='bbox 1518 4122 1587 4174; x_wconf 91' lang='lat' dir='ltr'><strong>ab</strong></span> <span class='ocrx_word' id='word_1_489' title='bbox 1613 4137 1680 4177; x_wconf 92' lang='lat' dir='ltr'><strong>eo</strong></span> <span class='ocrx_word' id='word_1_490' title='bbox 1704 4124 1797 4191; x_wconf 90' lang='lat' dir='ltr'><strong>qui</strong></span> <span class='ocrx_word' id='word_1_491' title='bbox 1821 4141 1952 4193; x_wconf 73' lang='lat' dir='ltr'><strong>prae-</strong></span> 
     </span>
    </p>
   </div>
   <div class='ocr_carea' id='block_1_71' title="bbox 368 4203 1948 4277">
    <p class='ocr_par' dir='ltr' id='par_1_71' title="bbox 368 4203 1948 4277">
     <span class='ocr_line' id='line_1_72' title="bbox 368 4203 1948 4277; baseline 0.008 -20"><span class='ocrx_word' id='word_1_492' title='bbox 368 4214 452 4257; x_wconf 90' lang='lat' dir='ltr'><strong>est</strong></span> <span class='ocrx_word' id='word_1_493' title='bbox 484 4203 667 4265; x_wconf 85' lang='lat' dir='ltr'><strong>Patre,</strong></span> <span class='ocrx_word' id='word_1_494' title='bbox 698 4215 758 4259; x_wconf 92' lang='lat' dir='ltr'><strong>ut</strong></span> <span class='ocrx_word' id='word_1_495' title='bbox 778 4206 1027 4261; x_wconf 89' lang='lat' dir='ltr'><strong>nihilsibi</strong></span> <span class='ocrx_word' id='word_1_496' title='bbox 1050 4210 1343 4277; x_wconf 91' lang='lat' dir='ltr'><strong>relinquat,</strong></span> <span class='ocrx_word' id='word_1_497' title='bbox 1374 4211 1480 4264; x_wconf 87' lang='lat' dir='ltr'><strong>nisi</strong></span> <span class='ocrx_word' id='word_1_498' title='bbox 1508 4214 1948 4276; x_wconf 84' lang='lat' dir='ltr'><strong>crucenIChristi</strong></span> 
     </span>
    </p>
   </div>
   <div class='ocr_carea' id='block_1_72' title="bbox 372 4301 1952 4365">
    <p class='ocr_par' dir='ltr' id='par_1_72' title="bbox 372 4301 1952 4365">
     <span class='ocr_line' id='line_1_73' title="bbox 372 4301 1952 4365; baseline 0.009 -19"><span class='ocrx_word' id='word_1_499' title='bbox 372 4310 537 4363; x_wconf 90' lang='lat' dir='ltr'><strong>quam</strong></span> <span class='ocrx_word' id='word_1_500' title='bbox 584 4303 773 4360; x_wconf 89' lang='lat' dir='ltr'><strong>tenet,</strong></span> <span class='ocrx_word' id='word_1_501' title='bbox 822 4306 877 4351; x_wconf 90' lang='lat' dir='ltr'><strong>et</strong></span> <span class='ocrx_word' id='word_1_502' title='bbox 918 4308 1183 4365; x_wconf 89' lang='lat' dir='ltr'><strong>sequatur</strong></span> <span class='ocrx_word' id='word_1_503' title='bbox 1231 4301 1543 4355; x_wconf 87' lang='lat' dir='ltr'><strong>Dominum.</strong></span> <span class='ocrx_word' id='word_1_504' title='bbox 1592 4303 1784 4359; x_wconf 87' lang='lat' dir='ltr'><strong>Crucis</strong></span> <span class='ocrx_word' id='word_1_505' title='bbox 1818 4322 1952 4361; x_wconf 92' lang='lat' dir='ltr'><strong>vero</strong></span> 
     </span>
    </p>
   </div>
   <div class='ocr_carea' id='block_1_73' title="bbox 368 4386 1951 4462">
    <p class='ocr_par' dir='ltr' id='par_1_73' title="bbox 368 4386 1951 4462">
     <span class='ocr_line' id='line_1_74' title="bbox 368 4386 1951 4462; baseline 0.008 -22"><span class='ocrx_word' id='word_1_506' title='bbox 368 4386 583 4457; x_wconf 87' lang='lat' dir='ltr'><strong>fastigia</strong></span> <span class='ocrx_word' id='word_1_507' title='bbox 606 4404 729 4457; x_wconf 68' lang='lat' dir='ltr'><strong>quze</strong></span> <span class='ocrx_word' id='word_1_508' title='bbox 760 4389 1001 4444; x_wconf 89' lang='lat' dir='ltr'><strong>tenenda</strong></span> <span class='ocrx_word' id='word_1_509' title='bbox 1036 4404 1205 4456; x_wconf 91' lang='lat' dir='ltr'><strong>sunt;</strong></span> <span class='ocrx_word' id='word_1_510' title='bbox 1241 4394 1420 4462; x_wconf 92' lang='lat' dir='ltr'><strong>primo</strong></span> <span class='ocrx_word' id='word_1_511' title='bbox 1450 4395 1598 4448; x_wconf 93' lang='lat' dir='ltr'><strong>omni</strong></span> <span class='ocrx_word' id='word_1_512' title='bbox 1635 4396 1951 4454; x_wconf 90' lang='lat' dir='ltr'><strong>obedientia</strong></span> 
     </span>
    </p>
   </div>
   <div class='ocr_carea' id='block_1_74' title="bbox 369 4480 1949 4553">
    <p class='ocr_par' dir='ltr' id='par_1_74' title="bbox 369 4480 1949 4553">
     <span class='ocr_line' id='line_1_75' title="bbox 369 4480 1949 4553; baseline 0.009 -23"><span class='ocrx_word' id='word_1_513' title='bbox 369 4492 480 4531; x_wconf 91' lang='lat' dir='ltr'><strong>non</strong></span> <span class='ocrx_word' id='word_1_514' title='bbox 504 4492 659 4532; x_wconf 86' lang='lat' dir='ltr'><strong>suam</strong></span> <span class='ocrx_word' id='word_1_515' title='bbox 689 4480 1029 4535; x_wconf 88' lang='lat' dir='ltr'><strong>voluntatem</strong></span> <span class='ocrx_word' id='word_1_516' title='bbox 1065 4481 1265 4543; x_wconf 90' lang='lat' dir='ltr'><strong>facere,</strong></span> <span class='ocrx_word' id='word_1_517' title='bbox 1295 4484 1391 4537; x_wconf 86' lang='lat' dir='ltr'><strong>sed</strong></span> <span class='ocrx_word' id='word_1_518' title='bbox 1428 4485 1676 4540; x_wconf 89' lang='lat' dir='ltr'><strong>alterius.</strong></span> <span class='ocrx_word' id='word_1_519' title='bbox 1719 4488 1876 4553; x_wconf 87' lang='lat' dir='ltr'><strong>Quod</strong></span> <span class='ocrx_word' id='word_1_520' title='bbox 1904 4491 1949 4544; x_wconf 91' lang='lat' dir='ltr'><strong>si</strong></span> 
     </span>
    </p>
   </div>
   <div class='ocr_carea' id='block_1_75' title="bbox 2006 3268 3629 3339">
    <p class='ocr_par' dir='ltr' id='par_1_75' title="bbox 2006 3268 3629 3339">
     <span class='ocr_line' id='line_1_76' title="bbox 2006 3268 3629 3339; baseline -0.006 -5"><span class='ocrx_word' id='word_1_521' title='bbox 2006 3268 2017 3285; x_wconf 71' lang='grc'><strong><em>³</em></strong></span> <span class='ocrx_word' id='word_1_522' title='bbox 2052 3281 2187 3334; x_wconf 89' lang='lat' dir='ltr'><strong>hora</strong></span> <span class='ocrx_word' id='word_1_523' title='bbox 2212 3296 2355 3335; x_wconf 89' lang='lat' dir='ltr'><strong>nona</strong></span> <span class='ocrx_word' id='word_1_524' title='bbox 2402 3280 2727 3339; x_wconf 81' lang='lat' dir='ltr'><strong>reﬁciantur</strong></span> <span class='ocrx_word' id='word_1_525' title='bbox 2776 3278 3050 3333; x_wconf 88' lang='lat' dir='ltr'><strong>fratrcsin</strong></span> <span class='ocrx_word' id='word_1_526' title='bbox 3082 3274 3442 3336; x_wconf 89' lang='lat' dir='ltr'><strong>monasterio,</strong></span> <span class='ocrx_word' id='word_1_527' title='bbox 3466 3288 3629 3326; x_wconf 73' lang='lat' dir='ltr'><strong>exce-</strong></span> 
     </span>
    </p>
   </div>
   <div class='ocr_carea' id='block_1_76' title="bbox 2050 3369 3623 3440">
    <p class='ocr_par' dir='ltr' id='par_1_76' title="bbox 2050 3369 3623 3440">
     <span class='ocr_line' id='line_1_77' title="bbox 2050 3369 3623 3440; baseline -0.006 -15"><span class='ocrx_word' id='word_1_528' title='bbox 2050 3380 2138 3440; x_wconf 82' lang='lat' dir='ltr'><strong>pta</strong></span> <span class='ocrx_word' id='word_1_529' title='bbox 2178 3371 2464 3425; x_wconf 87' lang='lat' dir='ltr'><strong>Dominica</strong></span> <span class='ocrx_word' id='word_1_530' title='bbox 2505 3371 2596 3424; x_wconf 88' lang='lat' dir='ltr'><strong>die</strong></span> <span class='ocrx_word' id='word_1_531' title='bbox 2642 3380 2698 3424; x_wconf 89' lang='lat' dir='ltr'><strong>et</strong></span> <span class='ocrx_word' id='word_1_532' title='bbox 2732 3370 3194 3440; x_wconf 83' lang='lat' dir='ltr'><strong>Quinquagesima</strong></span> <span class='ocrx_word' id='word_1_533' title='bbox 3250 3369 3623 3421; x_wconf 87' lang='lat' dir='ltr'><strong>Pentecostcs.</strong></span> 
     </span>
    </p>
   </div>
   <div class='ocr_carea' id='block_1_77' title="bbox 2051 3458 3628 3529">
    <p class='ocr_par' dir='ltr' id='par_1_77' title="bbox 2051 3458 3628 3529">
     <span class='ocr_line' id='line_1_78' title="bbox 2051 3458 3628 3529; baseline -0.004 -14"><span class='ocrx_word' id='word_1_534' title='bbox 2051 3462 2146 3516; x_wconf 90' lang='lat' dir='ltr'><strong>Die</strong></span> <span class='ocrx_word' id='word_1_535' title='bbox 2186 3470 2369 3517; x_wconf 87' lang='lat' dir='ltr'><strong>autem</strong></span> <span class='ocrx_word' id='word_1_536' title='bbox 2394 3463 2680 3516; x_wconf 88' lang='lat' dir='ltr'><strong>Dominica</strong></span> <span class='ocrx_word' id='word_1_537' title='bbox 2717 3462 2858 3514; x_wconf 91' lang='lat' dir='ltr'><strong>nihil</strong></span> <span class='ocrx_word' id='word_1_538' title='bbox 2915 3462 3063 3515; x_wconf 89' lang='lat' dir='ltr'><strong>aliud</strong></span> <span class='ocrx_word' id='word_1_539' title='bbox 3121 3468 3303 3529; x_wconf 83' lang='lat' dir='ltr'><strong>agant,</strong></span> <span class='ocrx_word' id='word_1_540' title='bbox 3355 3458 3461 3511; x_wconf 89' lang='lat' dir='ltr'><strong>nisi</strong></span> <span class='ocrx_word' id='word_1_541' title='bbox 3516 3458 3628 3510; x_wconf 90' lang='lat' dir='ltr'><strong>Deo</strong></span> 
     </span>
    </p>
   </div>
   <div class='ocr_carea' id='block_1_78' title="bbox 2050 3548 3627 3621">
    <p class='ocr_par' dir='ltr' id='par_1_78' title="bbox 2050 3548 3627 3621">
     <span class='ocr_line' id='line_1_79' title="bbox 2050 3548 3627 3621; baseline -0.003 -16"><span class='ocrx_word' id='word_1_542' title='bbox 2050 3562 2266 3617; x_wconf 88' lang='lat' dir='ltr'><strong>vacent,</strong></span> <span class='ocrx_word' id='word_1_543' title='bbox 2307 3568 2377 3607; x_wconf 92' lang='lat' dir='ltr'><strong>ne</strong></span> <span class='ocrx_word' id='word_1_544' title='bbox 2410 3568 2512 3621; x_wconf 91' lang='lat' dir='ltr'><strong>pro</strong></span> <span class='ocrx_word' id='word_1_545' title='bbox 2532 3553 2715 3621; x_wconf 85' lang='lat' dir='ltr'><strong>aliqua</strong></span> <span class='ocrx_word' id='word_1_546' title='bbox 2756 3554 3054 3607; x_wconf 86' lang='lat' dir='ltr'><strong>occasione</strong></span> <span class='ocrx_word' id='word_1_547' title='bbox 3091 3569 3148 3605; x_wconf 90' lang='lat' dir='ltr'><strong>se</strong></span> <span class='ocrx_word' id='word_1_548' title='bbox 3181 3548 3627 3605; x_wconf 87' lang='lat' dir='ltr'><strong>velintautalios</strong></span> 
     </span>
    </p>
   </div>
   <div class='ocr_carea' id='block_1_79' title="bbox 2048 3638 3625 3709">
    <p class='ocr_par' dir='ltr' id='par_1_79' title="bbox 2048 3638 3625 3709">
     <span class='ocr_line' id='line_1_80' title="bbox 2048 3638 3625 3709; baseline -0.006 -10"><span class='ocrx_word' id='word_1_549' title='bbox 2048 3659 2343 3699; x_wconf 81' lang='lat' dir='ltr'><strong>excusare.</strong></span> <span class='ocrx_word' id='word_1_550' title='bbox 2394 3643 2602 3697; x_wconf 86' lang='lat' dir='ltr'><strong>Tamen</strong></span> <span class='ocrx_word' id='word_1_551' title='bbox 2659 3652 2939 3697; x_wconf 88' lang='lat' dir='ltr'><strong>contestor</strong></span> <span class='ocrx_word' id='word_1_552' title='bbox 2994 3642 3221 3703; x_wconf 89' lang='lat' dir='ltr'><strong>fratres,</strong></span> <span class='ocrx_word' id='word_1_553' title='bbox 3278 3639 3425 3709; x_wconf 92' lang='lat' dir='ltr'><strong>quod</strong></span> <span class='ocrx_word' id='word_1_554' title='bbox 3476 3638 3625 3691; x_wconf 88' lang='lat' dir='ltr'><strong>nulla</strong></span> 
     </span>
    </p>
   </div>
   <div class='ocr_carea' id='block_1_80' title="bbox 2047 3732 3626 3805">
    <p class='ocr_par' dir='ltr' id='par_1_80' title="bbox 2047 3732 3626 3805">
     <span class='ocr_line' id='line_1_81' title="bbox 2047 3732 3626 3805; baseline -0.005 -16"><span class='ocrx_word' id='word_1_555' title='bbox 2047 3735 2298 3805; x_wconf 89' lang='lat' dir='ltr'><strong>operatio</strong></span> <span class='ocrx_word' id='word_1_556' title='bbox 2327 3734 2382 3788; x_wconf 92' lang='lat' dir='ltr'><strong>in</strong></span> <span class='ocrx_word' id='word_1_557' title='bbox 2412 3734 2502 3789; x_wconf 88' lang='lat' dir='ltr'><strong>die</strong></span> <span class='ocrx_word' id='word_1_558' title='bbox 2544 3734 2637 3788; x_wconf 89' lang='lat' dir='ltr'><strong>illa</strong></span> <span class='ocrx_word' id='word_1_559' title='bbox 2663 3742 2856 3787; x_wconf 84' lang='lat' dir='ltr'><strong>sancta</strong></span> <span class='ocrx_word' id='word_1_560' title='bbox 2890 3734 3284 3799; x_wconf 83' lang='lat' dir='ltr'><strong>comperiatur,</strong></span> <span class='ocrx_word' id='word_1_561' title='bbox 3341 3732 3447 3785; x_wconf 89' lang='lat' dir='ltr'><strong>nisi</strong></span> <span class='ocrx_word' id='word_1_562' title='bbox 3508 3739 3626 3782; x_wconf 85' lang='lat' dir='ltr'><strong>tan-</strong></span> 
     </span>
    </p>
   </div>
   <div class='ocr_carea' id='block_1_81' title="bbox 2053 3820 3627 3895">
    <p class='ocr_par' dir='ltr' id='par_1_81' title="bbox 2053 3820 3627 3895">
     <span class='ocr_line' id='line_1_82' title="bbox 2053 3820 3627 3895; baseline -0.003 -17"><span class='ocrx_word' id='word_1_563' title='bbox 2053 3835 2168 3879; x_wconf 92' lang='lat' dir='ltr'><strong>tum</strong></span> <span class='ocrx_word' id='word_1_564' title='bbox 2200 3824 2419 3895; x_wconf 85' lang='lat' dir='ltr'><strong>hymnis</strong></span> <span class='ocrx_word' id='word_1_565' title='bbox 2466 3832 2523 3876; x_wconf 91' lang='lat' dir='ltr'><strong>et</strong></span> <span class='ocrx_word' id='word_1_566' title='bbox 2554 3823 2801 3891; x_wconf 85' lang='lat' dir='ltr'><strong>psalmis,</strong></span> <span class='ocrx_word' id='word_1_567' title='bbox 2855 3831 2912 3877; x_wconf 90' lang='lat' dir='ltr'><strong>et</strong></span> <span class='ocrx_word' id='word_1_568' title='bbox 2962 3823 3194 3877; x_wconf 87' lang='lat' dir='ltr'><strong>canticis</strong></span> <span class='ocrx_word' id='word_1_569' title='bbox 3244 3820 3627 3890; x_wconf 84' lang='lat' dir='ltr'><strong>spiritualibus</strong></span> 
     </span>
    </p>
   </div>
   <div class='ocr_carea' id='block_1_82' title="bbox 2050 3914 2673 3982">
    <p class='ocr_par' dir='ltr' id='par_1_82' title="bbox 2050 3914 2673 3982">
     <span class='ocr_line' id='line_1_83' title="bbox 2050 3914 2673 3982; baseline -0.01 -11"><span class='ocrx_word' id='word_1_570' title='bbox 2050 3917 2171 3972; x_wconf 89' lang='lat' dir='ltr'><strong>dies</strong></span> <span class='ocrx_word' id='word_1_571' title='bbox 2191 3916 2283 3970; x_wconf 91' lang='lat' dir='ltr'><strong>illa</strong></span> <span class='ocrx_word' id='word_1_572' title='bbox 2316 3914 2673 3982; x_wconf 76' lang='lat' dir='ltr'><strong>transigatur.</strong></span> 
     </span>
    </p>
   </div>
   <div class='ocr_carea' id='block_1_83' title="bbox 2675 4026 3005 4083">
    <p class='ocr_par' dir='ltr' id='par_1_83' title="bbox 2675 4026 3005 4083">
     <span class='ocr_line' id='line_1_84' title="bbox 2675 4026 3005 4083; baseline -0.021 -1"><span class='ocrx_word' id='word_1_573' title='bbox 2675 4026 2901 4083; x_wconf 74' lang='lat' dir='ltr'><strong>CAPUT</strong></span> <span class='ocrx_word' id='word_1_574' title='bbox 2938 4026 3005 4078; x_wconf 77' lang='grc' dir='ltr'><strong>Χ.</strong></span> 
     </span>
    </p>
   </div>
   <div class='ocr_carea' id='block_1_84' title="bbox 2157 4114 3485 4193">
    <p class='ocr_par' dir='ltr' id='par_1_84' title="bbox 2157 4114 3485 4193">
     <span class='ocr_line' id='line_1_85' title="bbox 2157 4114 3485 4193; baseline -0.01 -15"><span class='ocrx_word' id='word_1_575' title='bbox 2157 4124 2303 4177; x_wconf 89' lang='lat' dir='ltr'><strong>Idem</strong></span> <span class='ocrx_word' id='word_1_576' title='bbox 2344 4128 2471 4193; x_wconf 75' lang='lat' dir='ltr'><strong>ipse,</strong></span> <span class='ocrx_word' id='word_1_577' title='bbox 2517 4123 2759 4187; x_wconf 88' lang='lat' dir='ltr'><strong>Qualiter</strong></span> <span class='ocrx_word' id='word_1_578' title='bbox 2798 4120 2992 4188; x_wconf 76' lang='lat' dir='ltr'><strong>fratres</strong></span> <span class='ocrx_word' id='word_1_579' title='bbox 3028 4114 3211 4167; x_wconf 81' lang='lat' dir='ltr'><strong>debent</strong></span> <span class='ocrx_word' id='word_1_580' title='bbox 3251 4114 3485 4183; x_wconf 81' lang='lat' dir='ltr'><strong>operari.</strong></span> 
     </span>
    </p>
   </div>
   <div class='ocr_carea' id='block_1_85' title="bbox 2124 4205 3627 4284">
    <p class='ocr_par' dir='ltr' id='par_1_85' title="bbox 2124 4205 3627 4284">
     <span class='ocr_line' id='line_1_86' title="bbox 2124 4205 3627 4284; baseline -0.004 -19"><span class='ocrx_word' id='word_1_581' title='bbox 2124 4214 2383 4284; x_wconf 86' lang='lat' dir='ltr'><strong>Idemque</strong></span> <span class='ocrx_word' id='word_1_582' title='bbox 2416 4216 2527 4284; x_wconf 83' lang='grc'><strong>(15)</strong></span> <span class='ocrx_word' id='word_1_583' title='bbox 2563 4213 2934 4283; x_wconf 65' lang='lat' dir='ltr'><strong>przecipimus.</strong></span> <span class='ocrx_word' id='word_1_584' title='bbox 2972 4207 3181 4261; x_wconf 80' lang='lat' dir='ltr'><strong>Debent</strong></span> <span class='ocrx_word' id='word_1_585' title='bbox 3238 4224 3371 4284; x_wconf 71' lang='lat' dir='ltr'><strong>ergo</strong></span> <span class='ocrx_word' id='word_1_586' title='bbox 3429 4205 3627 4259; x_wconf 86' lang='lat' dir='ltr'><strong>fratres</strong></span> 
     </span>
    </p>
   </div>
   <div class='ocr_carea' id='block_1_86' title="bbox 2054 4280 3625 4372">
    <p class='ocr_par' dir='ltr' id='par_1_86' title="bbox 2054 4280 3625 4372">
     <span class='ocr_line' id='line_1_87' title="bbox 2054 4280 3625 4372; baseline -0.004 -16"><span class='ocrx_word' id='word_1_587' title='bbox 2054 4304 2220 4357; x_wconf 88' lang='lat' dir='ltr'><strong>istum</strong></span> <span class='ocrx_word' id='word_1_588' title='bbox 2249 4306 2502 4359; x_wconf 90' lang='lat' dir='ltr'><strong>ordinem</strong></span> <span class='ocrx_word' id='word_1_589' title='bbox 2538 4315 2751 4360; x_wconf 88' lang='lat' dir='ltr'><strong>tenere.</strong></span> <span class='ocrx_word' id='word_1_590' title='bbox 2790 4305 2835 4357; x_wconf 87' lang='lat' dir='ltr'><strong>A</strong></span> <span class='ocrx_word' id='word_1_591' title='bbox 2863 4303 3037 4372; x_wconf 88' lang='lat' dir='ltr'><strong>prima</strong></span> <span class='ocrx_word' id='word_1_592' title='bbox 3064 4304 3196 4355; x_wconf 89' lang='lat' dir='ltr'><strong>hora</strong></span> <span class='ocrx_word' id='word_1_593' title='bbox 3232 4280 3406 4367; x_wconf 79' lang='lat' dir='ltr'><strong>usque</strong></span> <span class='ocrx_word' id='word_1_594' title='bbox 3434 4297 3501 4351; x_wconf 89' lang='lat' dir='ltr'><strong>ad</strong></span> <span class='ocrx_word' id='word_1_595' title='bbox 3526 4298 3625 4351; x_wconf 87' lang='lat' dir='ltr'><strong>ho-</strong></span> 
     </span>
    </p>
   </div>
   <div class='ocr_carea' id='block_1_87' title="bbox 2054 4393 3624 4455">
    <p class='ocr_par' dir='ltr' id='par_1_87' title="bbox 2054 4393 3624 4455">
     <span class='ocr_line' id='line_1_88' title="bbox 2054 4393 3624 4455; baseline -0.003 -6"><span class='ocrx_word' id='word_1_596' title='bbox 2054 4412 2174 4449; x_wconf 89' lang='lat' dir='ltr'><strong>ram</strong></span> <span class='ocrx_word' id='word_1_597' title='bbox 2209 4398 2430 4450; x_wconf 89' lang='lat' dir='ltr'><strong>tertiam</strong></span> <span class='ocrx_word' id='word_1_598' title='bbox 2467 4397 2582 4450; x_wconf 91' lang='lat' dir='ltr'><strong>Deo</strong></span> <span class='ocrx_word' id='word_1_599' title='bbox 2599 4402 2799 4449; x_wconf 89' lang='lat' dir='ltr'><strong>vacent</strong></span> <span class='ocrx_word' id='word_1_600' title='bbox 2830 4394 3031 4447; x_wconf 88' lang='lat' dir='ltr'><strong>fratres</strong></span> <span class='ocrx_word' id='word_1_601' title='bbox 3062 4410 3075 4455; x_wconf 87' lang='lat'><strong>;</strong></span> <span class='ocrx_word' id='word_1_602' title='bbox 3113 4409 3142 4446; x_wconf 92' lang='lat' dir='ltr'><strong>a</strong></span> <span class='ocrx_word' id='word_1_603' title='bbox 3174 4393 3336 4446; x_wconf 88' lang='lat' dir='ltr'><strong>tertia</strong></span> <span class='ocrx_word' id='word_1_604' title='bbox 3370 4406 3501 4445; x_wconf 91' lang='lat' dir='ltr'><strong>vero</strong></span> <span class='ocrx_word' id='word_1_605' title='bbox 3529 4407 3624 4445; x_wconf 78' lang='lat' dir='ltr'><strong>us-</strong></span> 
     </span>
    </p>
   </div>
   <div class='ocr_carea' id='block_1_88' title="bbox 2053 4484 3623 4556">
    <p class='ocr_par' dir='ltr' id='par_1_88' title="bbox 2053 4484 3623 4556">
     <span class='ocr_line' id='line_1_89' title="bbox 2053 4484 3623 4556; baseline -0.003 -17"><span class='ocrx_word' id='word_1_606' title='bbox 2053 4502 2161 4556; x_wconf 90' lang='lat' dir='ltr'><strong>que</strong></span> <span class='ocrx_word' id='word_1_607' title='bbox 2183 4488 2249 4540; x_wconf 89' lang='lat' dir='ltr'><strong>ad</strong></span> <span class='ocrx_word' id='word_1_608' title='bbox 2275 4504 2498 4551; x_wconf 90' lang='lat' dir='ltr'><strong>nonam,</strong></span> <span class='ocrx_word' id='word_1_609' title='bbox 2543 4485 2813 4556; x_wconf 89' lang='lat' dir='ltr'><strong>quidquid</strong></span> <span class='ocrx_word' id='word_1_610' title='bbox 2837 4486 3146 4556; x_wconf 88' lang='lat' dir='ltr'><strong>injunctum</strong></span> <span class='ocrx_word' id='word_1_611' title='bbox 3184 4484 3353 4538; x_wconf 90' lang='lat' dir='ltr'><strong>fuerit</strong></span> <span class='ocrx_word' id='word_1_612' title='bbox 3382 4498 3411 4536; x_wconf 81' lang='lat' dir='ltr'><strong>a</strong></span> <span class='ocrx_word' id='word_1_613' title='bbox 3440 4484 3623 4544; x_wconf 87' lang='lat' dir='ltr'><strong>Patre,</strong></span> 
     </span>
    </p>
   </div>
   <div class='ocr_carea' id='block_1_89' title="bbox 369 4567 3626 4649">
    <p class='ocr_par' dir='ltr' id='par_1_89' title="bbox 369 4567 3626 4649">
     <span class='ocr_line' id='line_1_90' title="bbox 369 4567 3626 4649; baseline 0.002 -28"><span class='ocrx_word' id='word_1_614' title='bbox 369 4569 606 4624; x_wconf 88' lang='lat' dir='ltr'><strong>voluerit</strong></span> <span class='ocrx_word' id='word_1_615' title='bbox 650 4572 988 4637; x_wconf 84' lang='lat' dir='ltr'><strong>monasterio</strong></span> <span class='ocrx_word' id='word_1_616' title='bbox 1033 4582 1245 4642; x_wconf 88' lang='lat' dir='ltr'><strong>partem</strong></span> <span class='ocrx_word' id='word_1_617' title='bbox 1292 4576 1562 4639; x_wconf 88' lang='lat' dir='ltr'><strong>conferre,</strong></span> <span class='ocrx_word' id='word_1_618' title='bbox 1596 4579 1812 4632; x_wconf 91' lang='lat' dir='ltr'><strong>noverit</strong></span> <span class='ocrx_word' id='word_1_619' title='bbox 1844 4596 1953 4649; x_wconf 90' lang='lat' dir='ltr'><strong>quo</strong></span> <span class='ocrx_word' id='word_1_620' title='bbox 1986 4567 2029 4623; x_wconf 70' lang='lat' dir='ltr'><strong>D</strong></span> <span class='ocrx_word' id='word_1_621' title='bbox 2056 4579 2175 4633; x_wconf 89' lang='lat' dir='ltr'><strong>sine</strong></span> <span class='ocrx_word' id='word_1_622' title='bbox 2196 4580 2378 4648; x_wconf 91' lang='lat' dir='ltr'><strong>aliqua</strong></span> <span class='ocrx_word' id='word_1_623' title='bbox 2398 4580 2836 4633; x_wconf 90' lang='lat' dir='ltr'><strong>murmuratione</strong></span> <span class='ocrx_word' id='word_1_624' title='bbox 2855 4578 3077 4632; x_wconf 88' lang='lat' dir='ltr'><strong>faciant.</strong></span> <span class='ocrx_word' id='word_1_625' title='bbox 3098 4575 3626 4631; x_wconf 81' lang='lat' dir='ltr'><strong>Meminissedebent</strong></span> 
     </span>
    </p>
   </div>
   <div class='ocr_carea' id='block_1_90' title="bbox 368 4658 1944 4737">
    <p class='ocr_par' dir='ltr' id='par_1_90' title="bbox 368 4658 1944 4737">
     <span class='ocr_line' id='line_1_91' title="bbox 368 4658 1944 4737; baseline 0.008 -24"><span class='ocrx_word' id='word_1_626' title='bbox 368 4658 563 4713; x_wconf 92' lang='lat' dir='ltr'><strong>ordine</strong></span> <span class='ocrx_word' id='word_1_627' title='bbox 596 4659 713 4714; x_wconf 88' lang='lat' dir='ltr'><strong>sive</strong></span> <span class='ocrx_word' id='word_1_628' title='bbox 746 4661 884 4729; x_wconf 87' lang='lat' dir='ltr'><strong>ipse,</strong></span> <span class='ocrx_word' id='word_1_629' title='bbox 913 4663 1028 4717; x_wconf 92' lang='lat' dir='ltr'><strong>sive</strong></span> <span class='ocrx_word' id='word_1_630' title='bbox 1078 4666 1198 4735; x_wconf 90' lang='lat' dir='ltr'><strong>ejus</strong></span> <span class='ocrx_word' id='word_1_631' title='bbox 1238 4666 1446 4719; x_wconf 92' lang='lat' dir='ltr'><strong>oblatio</strong></span> <span class='ocrx_word' id='word_1_632' title='bbox 1489 4669 1843 4737; x_wconf 87' lang='lat' dir='ltr'><strong>suscipiatur.</strong></span> <span class='ocrx_word' id='word_1_633' title='bbox 1876 4672 1944 4725; x_wconf 90' lang='lat' dir='ltr'><strong>Et</strong></span> 
     </span>
    </p>
   </div>
   <div class='ocr_carea' id='block_1_91' title="bbox 369 4751 1949 4819">
    <p class='ocr_par' dir='ltr' id='par_1_91' title="bbox 369 4751 1949 4819">
     <span class='ocr_line' id='line_1_92' title="bbox 369 4751 1949 4819; baseline 0.008 -14"><span class='ocrx_word' id='word_1_634' title='bbox 369 4751 415 4805; x_wconf 86' lang='lat' dir='ltr'><strong>si</strong></span> <span class='ocrx_word' id='word_1_635' title='bbox 463 4753 705 4806; x_wconf 83' lang='lat' dir='ltr'><strong>voluerit</strong></span> <span class='ocrx_word' id='word_1_636' title='bbox 757 4753 825 4808; x_wconf 87' lang='lat' dir='ltr'><strong>de</strong></span> <span class='ocrx_word' id='word_1_637' title='bbox 882 4755 998 4809; x_wconf 92' lang='lat' dir='ltr'><strong>suis</strong></span> <span class='ocrx_word' id='word_1_638' title='bbox 1041 4757 1218 4811; x_wconf 87' lang='lat' dir='ltr'><strong>servis</strong></span> <span class='ocrx_word' id='word_1_639' title='bbox 1274 4774 1457 4812; x_wconf 89' lang='lat' dir='ltr'><strong>secum</strong></span> <span class='ocrx_word' id='word_1_640' title='bbox 1516 4760 1572 4813; x_wconf 90' lang='lat' dir='ltr'><strong>in</strong></span> <span class='ocrx_word' id='word_1_641' title='bbox 1614 4765 1949 4819; x_wconf 89' lang='lat' dir='ltr'><strong>monasterio</strong></span> 
     </span>
    </p>
   </div>
   <div class='ocr_carea' id='block_1_92' title="bbox 370 4843 1948 4917">
    <p class='ocr_par' dir='ltr' id='par_1_92' title="bbox 370 4843 1948 4917">
     <span class='ocr_line' id='line_1_93' title="bbox 370 4843 1948 4917; baseline 0.009 -23"><span class='ocrx_word' id='word_1_642' title='bbox 370 4843 700 4908; x_wconf 90' lang='lat' dir='ltr'><strong>conducere,</strong></span> <span class='ocrx_word' id='word_1_643' title='bbox 738 4847 958 4899; x_wconf 89' lang='lat' dir='ltr'><strong>noverit</strong></span> <span class='ocrx_word' id='word_1_644' title='bbox 982 4847 1093 4916; x_wconf 86' lang='grc'><strong>(10)</strong></span> <span class='ocrx_word' id='word_1_645' title='bbox 1132 4848 1241 4917; x_wconf 91' lang='lat' dir='ltr'><strong>jam</strong></span> <span class='ocrx_word' id='word_1_646' title='bbox 1279 4864 1389 4903; x_wconf 89' lang='lat' dir='ltr'><strong>non</strong></span> <span class='ocrx_word' id='word_1_647' title='bbox 1418 4864 1543 4903; x_wconf 92' lang='lat' dir='ltr'><strong>eum</strong></span> <span class='ocrx_word' id='word_1_648' title='bbox 1582 4867 1799 4906; x_wconf 87' lang='lat' dir='ltr'><strong>servum</strong></span> <span class='ocrx_word' id='word_1_649' title='bbox 1848 4855 1948 4908; x_wconf 87' lang='lat' dir='ltr'><strong>ha-</strong></span> 
     </span>
    </p>
   </div>
   <div class='ocr_carea' id='block_1_93' title="bbox 371 4929 1949 5009">
    <p class='ocr_par' dir='ltr' id='par_1_93' title="bbox 371 4929 1949 5009">
     <span class='ocr_line' id='line_1_94' title="bbox 371 4929 1949 5009; baseline 0.01 -25"><span class='ocrx_word' id='word_1_650' title='bbox 371 4929 522 4997; x_wconf 89' lang='lat' dir='ltr'><strong>bere,</strong></span> <span class='ocrx_word' id='word_1_651' title='bbox 540 4934 635 4988; x_wconf 89' lang='lat' dir='ltr'><strong>sed</strong></span> <span class='ocrx_word' id='word_1_652' title='bbox 665 4935 929 5001; x_wconf 88' lang='lat' dir='ltr'><strong>fratrem;</strong></span> <span class='ocrx_word' id='word_1_653' title='bbox 955 4944 1018 4989; x_wconf 91' lang='lat' dir='ltr'><strong>ut</strong></span> <span class='ocrx_word' id='word_1_654' title='bbox 1045 4938 1101 4990; x_wconf 92' lang='lat' dir='ltr'><strong>in</strong></span> <span class='ocrx_word' id='word_1_655' title='bbox 1123 4939 1382 4993; x_wconf 90' lang='lat' dir='ltr'><strong>omnibus</strong></span> <span class='ocrx_word' id='word_1_656' title='bbox 1407 4941 1682 5009; x_wconf 90' lang='lat' dir='ltr'><strong>perfectus</strong></span> <span class='ocrx_word' id='word_1_657' title='bbox 1705 4943 1949 4999; x_wconf 91' lang='lat' dir='ltr'><strong>invenia-</strong></span> 
     </span>
    </p>
   </div>
   <div class='ocr_carea' id='block_1_94' title="bbox 374 5023 793 5081">
    <p class='ocr_par' dir='ltr' id='par_1_94' title="bbox 374 5023 793 5081">
     <span class='ocr_line' id='line_1_95' title="bbox 374 5023 793 5081; baseline 0.021 -11"><span class='ocrx_word' id='word_1_658' title='bbox 374 5025 463 5072; x_wconf 91' lang='lat' dir='ltr'><strong>tur</strong></span> <span class='ocrx_word' id='word_1_659' title='bbox 488 5023 654 5079; x_wconf 90' lang='lat' dir='ltr'><strong>homo</strong></span> <span class='ocrx_word' id='word_1_660' title='bbox 681 5024 793 5081; x_wconf 89' lang='lat' dir='ltr'><strong>ille.</strong></span> 
     </span>
    </p>
   </div>
   <div class='ocr_carea' id='block_1_95' title="bbox 444 5227 1707 5304">
    <p class='ocr_par' dir='ltr' id='par_1_95' title="bbox 444 5227 1707 5304">
     <span class='ocr_line' id='line_1_96' title="bbox 444 5227 1707 5304; baseline 0.009 -22"><span class='ocrx_word' id='word_1_661' title='bbox 444 5227 485 5259; x_wconf 81' lang='grc'><strong>³⁵</strong></span> <span class='ocrx_word' id='word_1_662' title='bbox 512 5228 876 5304; x_wconf 22' lang='lat' dir='ltr'><strong>Ecclitﬂxxtv,</strong></span> <span class='ocrx_word' id='word_1_663' title='bbox 908 5237 963 5289; x_wconf 70' lang='grc'><strong>4.</strong></span> <span class='ocrx_word' id='word_1_664' title='bbox 1044 5238 1085 5269; x_wconf 85' lang='grc'><strong>¹⁶</strong></span> <span class='ocrx_word' id='word_1_665' title='bbox 1114 5238 1255 5292; x_wconf 89' lang='lat' dir='ltr'><strong>Psal.</strong></span> <span class='ocrx_word' id='word_1_666' title='bbox 1308 5253 1562 5304; x_wconf 72' lang='lat' dir='ltr'><strong>LXXXVIII,</strong></span> <span class='ocrx_word' id='word_1_667' title='bbox 1620 5241 1707 5294; x_wconf 85' lang='grc'><strong>11.</strong></span> 
     </span>
    </p>
   </div>
   <div class='ocr_carea' id='block_1_96' title="bbox 371 5296 1776 5375">
    <p class='ocr_par' dir='ltr' id='par_1_96' title="bbox 371 5296 1776 5375">
     <span class='ocr_line' id='line_1_97' title="bbox 371 5296 1776 5375; baseline 0.011 -26"><span class='ocrx_word' id='word_1_668' title='bbox 371 5296 564 5355; x_wconf 86' lang='lat' dir='ltr'><strong>Thess.</strong></span> <span class='ocrx_word' id='word_1_669' title='bbox 586 5301 750 5367; x_wconf 58' lang='grc' dir='ltr'><strong>ωδ.</strong></span> <span class='ocrx_word' id='word_1_670' title='bbox 829 5296 873 5336; x_wconf 72' lang='grc' dir='ltr'><strong>ίί</strong></span> <span class='ocrx_word' id='word_1_671' title='bbox 906 5306 1073 5361; x_wconf 87' lang='lat' dir='ltr'><strong>Marc.</strong></span> <span class='ocrx_word' id='word_1_672' title='bbox 1122 5324 1177 5372; x_wconf 71' lang='grc' dir='ltr'><strong>χ,</strong></span> <span class='ocrx_word' id='word_1_673' title='bbox 1206 5308 1295 5361; x_wconf 72' lang='lat'><strong>9.1.</strong></span> <span class='ocrx_word' id='word_1_674' title='bbox 1373 5296 1569 5364; x_wconf 62' lang='lat' dir='ltr'><strong>“Aet.</strong></span> <span class='ocrx_word' id='word_1_675' title='bbox 1605 5326 1682 5375; x_wconf 83' lang='grc' dir='ltr'><strong>ιιι,</strong></span> <span class='ocrx_word' id='word_1_676' title='bbox 1722 5313 1776 5366; x_wconf 82' lang='lat' dir='ltr'><strong>l.</strong></span> 
     </span>
    </p>
   </div>
   <div class='ocr_carea' id='block_1_97' title="bbox 442 5495 1942 5573">
    <p class='ocr_par' dir='ltr' id='par_1_97' title="bbox 442 5495 1942 5573">
     <span class='ocr_line' id='line_1_98' title="bbox 442 5495 1942 5573; baseline 0.008 -27"><span class='ocrx_word' id='word_1_677' title='bbox 442 5495 518 5573; x_wconf 83' lang='grc'><strong>(7)</strong></span> <span class='ocrx_word' id='word_1_678' title='bbox 555 5495 857 5573; x_wconf 76' lang='grc' dir='ltr'><strong>ῌαπιὶιὶιεν.</strong></span> <span class='ocrx_word' id='word_1_679' title='bbox 894 5498 991 5573; x_wconf 74' lang='lat' dir='ltr'><strong>Ms.</strong></span> <span class='ocrx_word' id='word_1_680' title='bbox 1032 5498 1365 5573; x_wconf 62' lang='lat' dir='ltr'><strong>Humilitate.</strong></span> <span class='ocrx_word' id='word_1_681' title='bbox 1403 5500 1470 5554; x_wconf 86' lang='lat' dir='ltr'><strong>Et</strong></span> <span class='ocrx_word' id='word_1_682' title='bbox 1496 5502 1659 5570; x_wconf 89' lang='lat' dir='ltr'><strong>paulo</strong></span> <span class='ocrx_word' id='word_1_683' title='bbox 1685 5510 1815 5571; x_wconf 84' lang='lat' dir='ltr'><strong>post</strong></span> <span class='ocrx_word' id='word_1_684' title='bbox 1842 5520 1942 5573; x_wconf 84' lang='lat' dir='ltr'><strong>pa-</strong></span> 
     </span>
    </p>
   </div>
   <div class='ocr_carea' id='block_1_98' title="bbox 372 5568 1383 5635">
    <p class='ocr_par' dir='ltr' id='par_1_98' title="bbox 372 5568 1383 5635">
     <span class='ocr_line' id='line_1_99' title="bbox 372 5568 1383 5635; baseline 0.007 -18"><span class='ocrx_word' id='word_1_685' title='bbox 372 5572 517 5618; x_wconf 85' lang='lat' dir='ltr'><strong>ratus</strong></span> <span class='ocrx_word' id='word_1_686' title='bbox 537 5568 604 5619; x_wconf 84' lang='lat' dir='ltr'><strong>sit</strong></span> <span class='ocrx_word' id='word_1_687' title='bbox 632 5582 729 5633; x_wconf 89' lang='lat' dir='ltr'><strong>pro</strong></span> <span class='ocrx_word' id='word_1_688' title='bbox 763 5569 941 5635; x_wconf 88' lang='lat' dir='ltr'><strong>parati</strong></span> <span class='ocrx_word' id='word_1_689' title='bbox 968 5578 1147 5621; x_wconf 86' lang='lat' dir='ltr'><strong>estote.</strong></span> <span class='ocrx_word' id='word_1_690' title='bbox 1192 5570 1383 5624; x_wconf 83' lang='lat' dir='ltr'><strong>Recte.</strong></span> 
     </span>
    </p>
   </div>
   <div class='ocr_carea' id='block_1_99' title="bbox 443 5635 1499 5701">
    <p class='ocr_par' dir='ltr' id='par_1_99' title="bbox 443 5635 1499 5701">
     <span class='ocr_line' id='line_1_100' title="bbox 443 5635 1499 5701; baseline 0.005 -13"><span class='ocrx_word' id='word_1_691' title='bbox 443 5636 519 5701; x_wconf 86' lang='lat'><strong>(8)</strong></span> <span class='ocrx_word' id='word_1_692' title='bbox 552 5635 915 5690; x_wconf 87' lang='lat' dir='ltr'><strong>Hebdomada.</strong></span> <span class='ocrx_word' id='word_1_693' title='bbox 947 5638 1043 5691; x_wconf 83' lang='lat' dir='ltr'><strong>Ms.</strong></span> <span class='ocrx_word' id='word_1_694' title='bbox 1071 5639 1183 5692; x_wconf 80' lang='lat' dir='ltr'><strong>lteb.</strong></span> <span class='ocrx_word' id='word_1_695' title='bbox 1226 5642 1499 5693; x_wconf 88' lang='lat' dir='ltr'><strong>continua.</strong></span> 
     </span>
    </p>
   </div>
   <div class='ocr_carea' id='block_1_100' title="bbox 373 5705 1945 5828">
    <p class='ocr_par' dir='ltr' id='par_1_100' title="bbox 373 5705 1945 5828">
     <span class='ocr_line' id='line_1_101' title="bbox 373 5705 1945 5828; baseline 0.008 -72"><span class='ocrx_word' id='word_1_696' title='bbox 373 5705 753 5828; x_wconf 41' lang='lat' dir='ltr'><strong>“&quot;(ZLPI-imo.</strong></span> <span class='ocrx_word' id='word_1_697' title='bbox 777 5706 962 5761; x_wconf 87' lang='lat' dir='ltr'><strong>Addit.</strong></span> <span class='ocrx_word' id='word_1_698' title='bbox 993 5722 1095 5763; x_wconf 88' lang='lat' dir='ltr'><strong>ms.</strong></span> <span class='ocrx_word' id='word_1_699' title='bbox 1129 5716 1252 5761; x_wconf 86' lang='lat' dir='ltr'><strong>ante</strong></span> <span class='ocrx_word' id='word_1_700' title='bbox 1281 5711 1482 5765; x_wconf 84' lang='lat' dir='ltr'><strong>omnia.</strong></span> <span class='ocrx_word' id='word_1_701' title='bbox 1505 5711 1585 5767; x_wconf 76' lang='lat' dir='ltr'><strong>Ex</strong></span> <span class='ocrx_word' id='word_1_702' title='bbox 1614 5726 1762 5777; x_wconf 82' lang='lat' dir='ltr'><strong>mox,</strong></span> <span class='ocrx_word' id='word_1_703' title='bbox 1786 5730 1945 5782; x_wconf 81' lang='lat' dir='ltr'><strong>quam</strong></span> 
     </span>
    </p>
   </div>
   <div class='ocr_carea' id='block_1_101' title="bbox 442 5844 1493 5914">
    <p class='ocr_par' dir='ltr' id='par_1_101' title="bbox 442 5844 1493 5914">
     <span class='ocr_line' id='line_1_102' title="bbox 442 5844 1493 5914; baseline 0.008 -17"><span class='ocrx_word' id='word_1_704' title='bbox 442 5845 554 5914; x_wconf 85' lang='lat' dir='ltr'><strong>(l0)</strong></span> <span class='ocrx_word' id='word_1_705' title='bbox 587 5845 821 5900; x_wconf 85' lang='lat' dir='ltr'><strong>Noverit.</strong></span> <span class='ocrx_word' id='word_1_706' title='bbox 847 5844 997 5900; x_wconf 82' lang='lat' dir='ltr'><strong>l‘dem</strong></span> <span class='ocrx_word' id='word_1_707' title='bbox 1030 5847 1154 5902; x_wconf 90' lang='lat' dir='ltr'><strong>cod.</strong></span> <span class='ocrx_word' id='word_1_708' title='bbox 1189 5851 1389 5903; x_wconf 89' lang='lat' dir='ltr'><strong>noverit</strong></span> <span class='ocrx_word' id='word_1_709' title='bbox 1421 5868 1493 5905; x_wconf 90' lang='lat' dir='ltr'><strong>se.</strong></span> 
     </span>
    </p>
   </div>
   <div class='ocr_carea' id='block_1_102' title="bbox 1788 5242 2312 5310">
    <p class='ocr_par' dir='ltr' id='par_1_102' title="bbox 1788 5242 2312 5310">
     <span class='ocr_line' id='line_1_103' title="bbox 1788 5242 2312 5310; baseline -0.002 -13"><span class='ocrx_word' id='word_1_710' title='bbox 1788 5243 1831 5275; x_wconf 85' lang='grc'><strong>¹⁷</strong></span> <span class='ocrx_word' id='word_1_711' title='bbox 1873 5243 1916 5297; x_wconf 90' lang='lat' dir='ltr'><strong>ll</strong></span> <span class='ocrx_word' id='word_1_712' title='bbox 1946 5242 2089 5297; x_wconf 87' lang='lat' dir='ltr'><strong>Tim.</strong></span> <span class='ocrx_word' id='word_1_713' title='bbox 2132 5260 2185 5310; x_wconf 87' lang='grc' dir='ltr'><strong>ιι,</strong></span> <span class='ocrx_word' id='word_1_714' title='bbox 2221 5244 2312 5297; x_wconf 76' lang='lat'><strong>2|.</strong></span> 
     </span>
    </p>
   </div>
   <div class='ocr_carea' id='block_1_103' title="bbox 1852 5314 2338 5383">
    <p class='ocr_par' dir='ltr' id='par_1_103' title="bbox 1852 5314 2338 5383">
     <span class='ocr_line' id='line_1_104' title="bbox 1852 5314 2338 5383; baseline 0 -16"><span class='ocrx_word' id='word_1_715' title='bbox 1852 5314 1898 5345; x_wconf 82' lang='lat'>&quot;</span> <span class='ocrx_word' id='word_1_716' title='bbox 1930 5314 2131 5383; x_wconf 87' lang='lat' dir='ltr'><strong>Philip.</strong></span> <span class='ocrx_word' id='word_1_717' title='bbox 2158 5330 2215 5377; x_wconf 90' lang='lat' dir='ltr'><strong>II,</strong></span> <span class='ocrx_word' id='word_1_718' title='bbox 2250 5314 2338 5367; x_wconf 74' lang='grc' dir='ltr'><strong>Η.</strong></span> 
     </span>
    </p>
   </div>
   <div class='ocr_carea' id='block_1_104' title="bbox 2051 4667 3626 4741">
    <p class='ocr_par' dir='ltr' id='par_1_104' title="bbox 2051 4667 3626 4741">
     <span class='ocr_line' id='line_1_105' title="bbox 2051 4667 3626 4741; baseline -0.003 -18"><span class='ocrx_word' id='word_1_719' title='bbox 2051 4670 2106 4723; x_wconf 90' lang='lat' dir='ltr'><strong>hi</strong></span> <span class='ocrx_word' id='word_1_720' title='bbox 2138 4671 2340 4740; x_wconf 90' lang='lat' dir='ltr'><strong>quibus</strong></span> <span class='ocrx_word' id='word_1_721' title='bbox 2374 4671 2700 4741; x_wconf 81' lang='lat' dir='ltr'><strong>injungitur,</strong></span> <span class='ocrx_word' id='word_1_722' title='bbox 2734 4671 2941 4725; x_wconf 91' lang='lat' dir='ltr'><strong>dictum</strong></span> <span class='ocrx_word' id='word_1_723' title='bbox 2976 4668 3222 4738; x_wconf 87' lang='lat' dir='ltr'><strong>Apostoli</strong></span> <span class='ocrx_word' id='word_1_724' title='bbox 3262 4667 3487 4721; x_wconf 86' lang='lat' dir='ltr'><strong>:Omnia</strong></span> <span class='ocrx_word' id='word_1_725' title='bbox 3508 4682 3626 4735; x_wconf 78' lang='lat' dir='ltr'><strong>qua:</strong></span> 
     </span>
    </p>
   </div>
   <div class='ocr_carea' id='block_1_105' title="bbox 2049 4758 3626 4831">
    <p class='ocr_par' dir='ltr' id='par_1_105' title="bbox 2049 4758 3626 4831">
     <span class='ocr_line' id='line_1_106' title="bbox 2049 4758 3626 4831; baseline -0.004 -15"><span class='ocrx_word' id='word_1_726' title='bbox 2049 4763 2244 4831; x_wconf 80' lang='lat' dir='ltr'><strong>facitis,</strong></span> <span class='ocrx_word' id='word_1_727' title='bbox 2271 4764 2403 4829; x_wconf 32' lang='lat' dir='ltr'><strong>sine,</strong></span> <span class='ocrx_word' id='word_1_728' title='bbox 2422 4766 2840 4816; x_wconf 87' lang='lat' dir='ltr'><strong>murmuratione</strong></span> <span class='ocrx_word' id='word_1_729' title='bbox 2881 4762 3037 4831; x_wconf 78' lang='lat' dir='ltr'><strong>facile</strong></span> <span class='ocrx_word' id='word_1_730' title='bbox 3068 4764 3136 4814; x_wconf 78' lang='grc'><strong>’³.</strong></span> <span class='ocrx_word' id='word_1_731' title='bbox 3169 4761 3386 4814; x_wconf 88' lang='lat' dir='ltr'><strong>Timere</strong></span> <span class='ocrx_word' id='word_1_732' title='bbox 3420 4758 3626 4812; x_wconf 82' lang='lat' dir='ltr'><strong>debent</strong></span> 
     </span>
    </p>
   </div>
   <div class='ocr_carea' id='block_1_106' title="bbox 2047 4851 3623 4913">
    <p class='ocr_par' dir='ltr' id='par_1_106' title="bbox 2047 4851 3623 4913">
     <span class='ocr_line' id='line_1_107' title="bbox 2047 4851 3623 4913; baseline -0.004 -6"><span class='ocrx_word' id='word_1_733' title='bbox 2047 4854 2183 4908; x_wconf 88' lang='lat' dir='ltr'><strong>illud</strong></span> <span class='ocrx_word' id='word_1_734' title='bbox 2210 4854 2415 4908; x_wconf 87' lang='lat' dir='ltr'><strong>dictum</strong></span> <span class='ocrx_word' id='word_1_735' title='bbox 2441 4855 2686 4908; x_wconf 87' lang='lat' dir='ltr'><strong>terribile</strong></span> <span class='ocrx_word' id='word_1_736' title='bbox 2722 4853 2933 4907; x_wconf 84' lang='lat' dir='ltr'><strong>:Nolite</strong></span> <span class='ocrx_word' id='word_1_737' title='bbox 2972 4867 3329 4911; x_wconf 88' lang='lat' dir='ltr'><strong>murmurare,</strong></span> <span class='ocrx_word' id='word_1_738' title='bbox 3353 4851 3485 4902; x_wconf 88' lang='lat' dir='ltr'><strong>sicut</strong></span> <span class='ocrx_word' id='word_1_739' title='bbox 3508 4852 3623 4913; x_wconf 59' lang='lat' dir='ltr'><strong>qui.</strong></span> 
     </span>
    </p>
   </div>
   <div class='ocr_carea' id='block_1_107' title="bbox 2047 4941 3625 5006">
    <p class='ocr_par' dir='ltr' id='par_1_107' title="bbox 2047 4941 3625 5006">
     <span class='ocr_line' id='line_1_108' title="bbox 2047 4941 3625 5006; baseline -0.005 -7"><span class='ocrx_word' id='word_1_740' title='bbox 2047 4948 2171 5000; x_wconf 89' lang='lat' dir='ltr'><strong>dam</strong></span> <span class='ocrx_word' id='word_1_741' title='bbox 2207 4962 2389 4999; x_wconf 89' lang='lat' dir='ltr'><strong>eorum</strong></span> <span class='ocrx_word' id='word_1_742' title='bbox 2454 4954 2940 5006; x_wconf 83' lang='lat' dir='ltr'><strong>murmuraverunt,</strong></span> <span class='ocrx_word' id='word_1_743' title='bbox 2995 4951 3044 4995; x_wconf 89' lang='lat' dir='ltr'><strong>et</strong></span> <span class='ocrx_word' id='word_1_744' title='bbox 3091 4945 3154 4995; x_wconf 85' lang='lat' dir='ltr'><strong>ab</strong></span> <span class='ocrx_word' id='word_1_745' title='bbox 3214 4941 3625 4995; x_wconf 76' lang='lat' dir='ltr'><strong>exterminatore</strong></span> 
     </span>
    </p>
   </div>
   <div class='ocr_carea' id='block_1_108' title="bbox 2046 5035 3624 5108">
    <p class='ocr_par' dir='ltr' id='par_1_108' title="bbox 2046 5035 3624 5108">
     <span class='ocr_line' id='line_1_109' title="bbox 2046 5035 3624 5108; baseline -0.003 -17"><span class='ocrx_word' id='word_1_746' title='bbox 2046 5040 2314 5108; x_wconf 69' lang='lat' dir='ltr'><strong>perierunt</strong></span> <span class='ocrx_word' id='word_1_747' title='bbox 2342 5039 2406 5091; x_wconf 73' lang='lat'><strong>&quot;.</strong></span> <span class='ocrx_word' id='word_1_748' title='bbox 2446 5038 2619 5093; x_wconf 89' lang='lat' dir='ltr'><strong>Debet</strong></span> <span class='ocrx_word' id='word_1_749' title='bbox 2650 5037 2829 5107; x_wconf 41' lang='lat' dir='ltr'><strong>.etiam</strong></span> <span class='ocrx_word' id='word_1_750' title='bbox 2892 5036 2987 5104; x_wconf 92' lang='lat' dir='ltr'><strong>qui</strong></span> <span class='ocrx_word' id='word_1_751' title='bbox 3018 5045 3215 5105; x_wconf 80' lang='lat' dir='ltr'><strong>praeest</strong></span> <span class='ocrx_word' id='word_1_752' title='bbox 3266 5035 3450 5099; x_wconf 89' lang='lat' dir='ltr'><strong>Pater,</strong></span> <span class='ocrx_word' id='word_1_753' title='bbox 3484 5050 3624 5103; x_wconf 90' lang='lat' dir='ltr'><strong>opus</strong></span> 
     </span>
    </p>
   </div>
   <div class='ocr_carea' id='block_1_109' title="bbox 2394 5242 2929 5303">
    <p class='ocr_par' dir='ltr' id='par_1_109' title="bbox 2394 5242 2929 5303">
     <span class='ocr_line' id='line_1_110' title="bbox 2394 5242 2929 5303; baseline -0.006 -7"><span class='ocrx_word' id='word_1_754' title='bbox 2394 5245 2435 5277; x_wconf 78' lang='grc'><strong>⁸⁸</strong></span> <span class='ocrx_word' id='word_1_755' title='bbox 2472 5244 2630 5296; x_wconf 81' lang='lat' dir='ltr'><strong>Rom.</strong></span> <span class='ocrx_word' id='word_1_756' title='bbox 2693 5258 2788 5303; x_wconf 74' lang='grc' dir='ltr'>χιι,</span> <span class='ocrx_word' id='word_1_757' title='bbox 2845 5242 2929 5294; x_wconf 75' lang='grc'><strong>12.</strong></span> 
     </span>
    </p>
   </div>
   <div class='ocr_carea' id='block_1_110' title="bbox 2415 5312 2872 5367">
    <p class='ocr_par' dir='ltr' id='par_1_110' title="bbox 2415 5312 2872 5367">
     <span class='ocr_line' id='line_1_111' title="bbox 2415 5312 2872 5367; baseline -0.011 -1"><span class='ocrx_word' id='word_1_758' title='bbox 2415 5313 2461 5343; x_wconf 65' lang='grc'><strong>’⁵</strong></span> <span class='ocrx_word' id='word_1_759' title='bbox 2494 5312 2662 5366; x_wconf 87' lang='lat' dir='ltr'><strong>lCor.</strong></span> <span class='ocrx_word' id='word_1_760' title='bbox 2704 5329 2754 5367; x_wconf 81' lang='lat' dir='ltr'><strong>x.</strong></span> <span class='ocrx_word' id='word_1_761' title='bbox 2788 5312 2872 5365; x_wconf 87' lang='grc'><strong>10.</strong></span> 
     </span>
    </p>
   </div>
   <div class='ocr_carea' id='block_1_111' title="bbox 3012 5239 3617 5309">
    <p class='ocr_par' dir='ltr' id='par_1_111' title="bbox 3012 5239 3617 5309">
     <span class='ocr_line' id='line_1_112' title="bbox 3012 5239 3617 5309; baseline -0.003 -14"><span class='ocrx_word' id='word_1_762' title='bbox 3012 5241 3053 5271; x_wconf 70' lang='grc'><strong>’⁸³</strong></span> <span class='ocrx_word' id='word_1_763' title='bbox 3086 5242 3366 5309; x_wconf 66' lang='lat' dir='ltr'><strong>Ephesm,</strong></span> <span class='ocrx_word' id='word_1_764' title='bbox 3389 5240 3443 5294; x_wconf 72' lang='grc'><strong>4.</strong></span> <span class='ocrx_word' id='word_1_765' title='bbox 3514 5240 3560 5269; x_wconf 82' lang='grc'><strong>²⁰</strong></span> <span class='ocrx_word' id='word_1_766' title='bbox 3596 5239 3617 5293; x_wconf 82' lang='grc'><strong>1</strong></span> 
     </span>
    </p>
   </div>
   <div class='ocr_carea' id='block_1_112' title="bbox 2117 5500 3619 5572">
    <p class='ocr_par' dir='ltr' id='par_1_112' title="bbox 2117 5500 3619 5572">
     <span class='ocr_line' id='line_1_113' title="bbox 2117 5500 3619 5572; baseline 0 -17"><span class='ocrx_word' id='word_1_767' title='bbox 2117 5504 2227 5571; x_wconf 75' lang='lat' dir='ltr'><strong>(ll)</strong></span> <span class='ocrx_word' id='word_1_768' title='bbox 2268 5503 2338 5557; x_wconf 89' lang='lat' dir='ltr'><strong>Et</strong></span> <span class='ocrx_word' id='word_1_769' title='bbox 2367 5520 2501 5572; x_wconf 83' lang='lat' dir='ltr'><strong>resp.</strong></span> <span class='ocrx_word' id='word_1_770' title='bbox 2544 5502 2641 5556; x_wconf 85' lang='lat' dir='ltr'><strong>Ms.</strong></span> <span class='ocrx_word' id='word_1_771' title='bbox 2676 5511 2731 5555; x_wconf 91' lang='lat' dir='ltr'><strong>ut</strong></span> <span class='ocrx_word' id='word_1_772' title='bbox 2760 5518 2897 5572; x_wconf 74' lang='lat' dir='ltr'><strong>resp.</strong></span> <span class='ocrx_word' id='word_1_773' title='bbox 2936 5500 3057 5554; x_wconf 84' lang='lat' dir='ltr'><strong>Mox</strong></span> <span class='ocrx_word' id='word_1_774' title='bbox 3088 5500 3229 5554; x_wconf 87' lang='lat' dir='ltr'><strong>idem</strong></span> <span class='ocrx_word' id='word_1_775' title='bbox 3258 5515 3358 5553; x_wconf 91' lang='lat' dir='ltr'><strong>ms.</strong></span> <span class='ocrx_word' id='word_1_776' title='bbox 3392 5511 3513 5572; x_wconf 89' lang='lat' dir='ltr'><strong>post</strong></span> <span class='ocrx_word' id='word_1_777' title='bbox 3536 5518 3619 5555; x_wconf 83' lang='lat' dir='ltr'><strong>ve-</strong></span> 
     </span>
    </p>
   </div>
   <div class='ocr_carea' id='block_1_113' title="bbox 2047 5571 3503 5639">
    <p class='ocr_par' dir='ltr' id='par_1_113' title="bbox 2047 5571 3503 5639">
     <span class='ocr_line' id='line_1_114' title="bbox 2047 5571 3503 5639; baseline -0.003 -13"><span class='ocrx_word' id='word_1_778' title='bbox 2047 5574 2306 5626; x_wconf 78' lang='lat' dir='ltr'><strong>nientibus</strong></span> <span class='ocrx_word' id='word_1_779' title='bbox 2337 5571 2511 5634; x_wconf 88' lang='lat' dir='ltr'><strong>addit,</strong></span> <span class='ocrx_word' id='word_1_780' title='bbox 2547 5589 2638 5625; x_wconf 87' lang='lat' dir='ltr'><strong>nec</strong></span> <span class='ocrx_word' id='word_1_781' title='bbox 2653 5574 2761 5639; x_wconf 85' lang='lat' dir='ltr'><strong>ipse</strong></span> <span class='ocrx_word' id='word_1_782' title='bbox 2791 5571 2985 5624; x_wconf 88' lang='lat' dir='ltr'><strong>audeat</strong></span> <span class='ocrx_word' id='word_1_783' title='bbox 3016 5588 3135 5623; x_wconf 87' lang='lat' dir='ltr'><strong>cum</strong></span> <span class='ocrx_word' id='word_1_784' title='bbox 3162 5571 3503 5625; x_wconf 83' lang='lat' dir='ltr'><strong>venientibus.</strong></span> 
     </span>
    </p>
   </div>
   <div class='ocr_carea' id='block_1_114' title="bbox 2120 5640 3614 5712">
    <p class='ocr_par' dir='ltr' id='par_1_114' title="bbox 2120 5640 3614 5712">
     <span class='ocr_line' id='line_1_115' title="bbox 2120 5640 3614 5712; baseline 0 -17"><span class='ocrx_word' id='word_1_785' title='bbox 2120 5644 2231 5711; x_wconf 70' lang='lat'><strong>(1‘2)</strong></span> <span class='ocrx_word' id='word_1_786' title='bbox 2258 5643 2519 5712; x_wconf 80' lang='lat' dir='ltr'><strong>Alicujus.</strong></span> <span class='ocrx_word' id='word_1_787' title='bbox 2542 5642 2726 5700; x_wconf 87' lang='lat' dir='ltr'><strong>Addit.</strong></span> <span class='ocrx_word' id='word_1_788' title='bbox 2748 5657 2853 5697; x_wconf 90' lang='lat' dir='ltr'><strong>ms.</strong></span> <span class='ocrx_word' id='word_1_789' title='bbox 2890 5642 2979 5693; x_wconf 87' lang='lat' dir='ltr'><strong>ibi.</strong></span> <span class='ocrx_word' id='word_1_790' title='bbox 3009 5640 3178 5694; x_wconf 85' lang='lat' dir='ltr'><strong>Paulo</strong></span> <span class='ocrx_word' id='word_1_791' title='bbox 3202 5646 3325 5707; x_wconf 90' lang='lat' dir='ltr'><strong>post</strong></span> <span class='ocrx_word' id='word_1_792' title='bbox 3348 5641 3614 5706; x_wconf 85' lang='lat' dir='ltr'><strong>recitetur,</strong></span> 
     </span>
    </p>
   </div>
   <div class='ocr_carea' id='block_1_115' title="bbox 2045 5714 2517 5781">
    <p class='ocr_par' dir='ltr' id='par_1_115' title="bbox 2045 5714 2517 5781">
     <span class='ocr_line' id='line_1_116' title="bbox 2045 5714 2517 5781; baseline -0.006 -13"><span class='ocrx_word' id='word_1_793' title='bbox 2045 5714 2168 5768; x_wconf 88' lang='lat' dir='ltr'><strong>loco</strong></span> <span class='ocrx_word' id='word_1_794' title='bbox 2194 5714 2517 5781; x_wconf 78' lang='lat' dir='ltr'><strong>proferatur.</strong></span> 
     </span>
    </p>
   </div>
   <div class='ocr_carea' id='block_1_116' title="bbox 2118 5779 2965 5853">
    <p class='ocr_par' dir='ltr' id='par_1_116' title="bbox 2118 5779 2965 5853">
     <span class='ocr_line' id='line_1_117' title="bbox 2118 5779 2965 5853; baseline -0.004 -18"><span class='ocrx_word' id='word_1_795' title='bbox 2118 5779 2228 5849; x_wconf 76' lang='grc'><strong>(151</strong></span> <span class='ocrx_word' id='word_1_796' title='bbox 2264 5779 2533 5853; x_wconf 85' lang='lat' dir='ltr'><strong>Idemque.</strong></span> <span class='ocrx_word' id='word_1_797' title='bbox 2575 5784 2655 5836; x_wconf 81' lang='lat' dir='ltr'><strong>An</strong></span> <span class='ocrx_word' id='word_1_798' title='bbox 2684 5779 2965 5852; x_wconf 86' lang='lat' dir='ltr'><strong>Itemque?</strong></span> 
     </span>
    </p>
   </div>
  </div>
