4020 6428
475 466 579 528 €75

1477 443 2145 523 "ssfMAciuuonuu
2170 461 2265 520 ET
2292 448 2739 523 PAPHNUTII'.

3628 472 3744 536 976

478 576 623 648 quod
672 576 982 631 faciendum
1016 584 1098 631 est
1135 581 1231 629 uni
1276 575 1585 646 iniungere,
1617 584 1677 629 ut
1716 572 1900 628 caeteri
1931 572 2049 642 ejus
2077 575 2125 633 Α
2152 571 2457 625 obtineant.
2489 572 2607 625 Non
2639 573 2830 627 licebit
2856 573 2923 627 de
2954 574 3063 627 alio
3093 583 3446 643 monasterio,
3480 580 3598 635 sine
3633 600 3737 639 vo-

478 677 757 738 praeccpto
774 666 861 721 cui
889 667 1192 738 injunctum
1214 665 1402 730 fuerit,
1432 664 1629 720 fratres
1644 664 1905 720 obediant
1930 665 2049 719 sine

477 760 723 830 querela.

1072 851 1296 907 CAPUT
1338 849 1429 903 XI.

481 944 725 1011 Qualiter
748 946 1031 1011 inﬁrmitas
1072 943 1151 997 vel
1195 944 1514 1011 passibilitas
1562 955 1841 1008 corporum
1875 937 1938 991 ab
1992 952 2050 989 eo

757 1018 846 1085 qui
884 1022 1068 1083 prwest
1099 1013 1259 1066 Patre
1303 1013 1656 1081 cognoscenda
1689 1012 1777 1061 sit.

552 1105 761 1173 Siquis
812 1120 878 1159 ex
927 1103 1191 1156 fratribus
1237 1117 1337 1171 pro
1379 1100 1608 1171 jejunio,
1650 1099 1734 1151 vel
1788 1096 2051 1166 operibus

480 1208 741 1247 manuum
788 1208 1030 1253 suarum,
1067 1208 1188 1261 quae
1240 1191 1532 1260 Apostolus
1572 1188 1831 1257 prmcepit
1893 1186 2048 1251 (14):

481 1280 768 1348 Operantes
791 1280 1031 1332 manibus
1076 1282 1285 1342 nostris,
1316 1295 1379 1331 ne
1408 1293 1557 1347 quem
1596 1285 1825 1330 vestrum
1863 1289 2054 1343 grava-

482 1374 753 1436 remus“;
785 1372 830 1425 si
858 1373 904 1426 is
936 1371 1027 1440 qui
1056 1371 1180 1423 talis
1208 1379 1293 1423 est
1340 1369 1505 1422 fuerit
1532 1367 1848 1421 inﬁrmitate
1874 1363 2054 1417 obses-

482 1480 599 1527 sus,
637 1462 1035 1531 providendum
1077 1470 1161 1514 est
1198 1460 1266 1513 ab
1313 1475 1379 1513 co
1426 1458 1521 1528 qui
1571 1466 1787 1528 praeest,
1817 1455 2054 1525 qualiter

482 1554 597 1623 ipsa
646 1554 934 1607 infirmitas
993 1560 1349 1606 sustentetur.
1396 1550 1551 1615 Quod
1606 1550 1650 1603 si
1694 1547 1943 1602 infirmus
1971 1552 2055 1599 est

480 1645 666 1698 animo
689 1644 798 1711 (I5)
837 1644 1149 1714 hujusmodi
1184 1642 1372 1705 frater,
1406 1648 1623 1709 oportet
1651 1654 1775 1692 eum
1804 1638 2056 1705 frequen-

482 1736 595 1789 tius
627 1736 867 1803 opcrari,
928 1731 1330 1788 considerando
1374 1731 1695 1799 Apostolum
1719 1730 1784 1793 ’°,
1821 1728 2056 1797 qualiter

482 1842 684 1896 corpus
729 1842 888 1882 suum
945 1824 1197 1879 servituti
1246 1823 1467 1892 redigit.
1518 1822 1631 1876 lloe
1654 1830 1837 1875 autem
1865 1821 2057 1876 obser-

2151 665 2361 719 luutate
2384 664 2504 733 ejus
2530 664 2623 731 qui
2646 673 2845 734 praeest
2870 664 3067 729 Patris,
3094 665 3294 722 fratres
3325 670 3570 740 recipere
3592 674 3738 745 (22),

2152 751 2250 806 sed
2274 767 2378 805 nec
2400 751 2588 806 videre
2627 760 2869 821 oportet,
2896 753 3115 809 dicente
3141 757 3404 825 Apostolo
3432 778 3445 812 :
3481 761 3615 825 Quia
3641 768 3740 835 qui

2153 843 2384 911 primam
2423 842 2583 909 ﬁdem
2612 844 2821 897 irritam
2856 844 2975 912 fecit
3000 886 3014 910 ,
3058 856 3133 900 est
3162 848 3365 915 inﬁdeli
3404 852 3629 907 deterior
3665 857 3733 909 ⁸ο.

2152 932 2310 997 Quod
2344 934 2390 987 si
2426 943 2683 1003 precatus
2710 934 2972 1005 fuerit1ab
3000 952 3067 991 eo
3093 939 3187 1007 qui
3222 952 3419 1008 praeest
3447 942 3639 1011 Patre,
3674 956 3739 1001 ut

2155 1026 2209 1079 in
2240 1027 2346 1079 alio
2376 1027 2707 1081 monasterio
2739 1028 3099 1099 ingrediatur,
3129 1035 3545 1090 commendetur
3573 1037 3642 1090 ab
3666 1054 3737 1093 eo

2154 1117 2204 1170 ei
2237 1117 2331 1185 qui
2361 1128 2579 1186 praeest,
2626 1118 2720 1172 ubi
2753 1134 2873 1175 esse
2912 1121 3224 1189 desiderat;
3257 1135 3312 1179 et
3346 1128 3424 1181 sic
3466 1130 3737 1196 suscipia-

2157 1214 2268 1258 tur.
2299 1205 2435 1259 Nam
2470 1206 2589 1261 sine
2620 1208 2905 1264 voluntate
2938 1211 3050 1281 (25)
3087 1215 3181 1282 qui
3214 1230 3447 1284 praeesse
3477 1217 3641 1272 debet
3677 1220 3735 1273 in

2156 1296 2490 1350 monasterio
2524 1297 2724 1361 Patris,
2756 1300 3070 1355 nullatenus
3100 1304 3229 1358 alibi
3279 1306 3575 1375 recipiatur
3618 1309 3735 1362 fra-

2158 1396 2261 1439 ter.
2290 1385 2446 1451 Quod
2477 1388 2520 1441 si
2548 1391 2958 1459 praesumpserit
2984 1394 3109 1445 talia
3140 1392 3339 1459 facere,
3364 1399 3656 1452 noveritse
3682 1399 3735 1453 in

2156 1479 2365 1549 synodo
2398 1481 2805 1550 episcoporum,
2834 1493 2929 1537 aut
2952 1485 3007 1536 in
3034 1493 3308 1537 conventu
3344 1485 3579 1539 fratrum
3614 1503 3739 1541 suo-

2157 1585 2278 1623 rum
2322 1571 2381 1624 in
2420 1571 2757 1627 audientiam
2796 1575 2985 1628 venire
3021 1592 3034 1627 :
3069 1585 3125 1629 et
3166 1582 3301 1629 tunc
3354 1576 3573 1629 recedet
3612 1585 3736 1632 tan-

2157 1676 2322 1730 quam
2353 1662 2541 1731 junior
2577 1678 2732 1728 suus,
2777 1664 2955 1719 donec
2998 1665 3068 1719 ab
3094 1680 3163 1719 eo
3194 1667 3281 1720 cui
3320 1665 3571 1736 injuriam
3605 1667 3737 1723 fecit

2157 1753 2374 1807 veniam
2407 1762 2591 1822 petat;
2627 1763 2689 1807 ut
2718 1771 2828 1809 non
2876 1771 2973 1825 per
3000 1756 3171 1825 ipsius
3203 1757 3399 1811 vitium
3433 1758 3524 1812 alii
3554 1758 3738 1828 despi-

2158 1845 2376 1898 ciantur
2414 1844 2622 1899 Patres.
2654 1846 2749 1901 Ille
2786 1861 2917 1901 vero
2943 1848 3245 1902 monachus
3274 1859 3510 1918 quantos
3538 1849 3741 1905 fratres

482 1918 722 1971 vandum
750 1924 856 1980 est,
897 1924 959 1969 ut
1005 1914 1063 1970 in
1109 1914 1264 1969 nullo
1316 1913 1653 1967 voluntatem
1693 1926 1848 1966 suam
1895 1910 2059 1965 faciat

2466 1898 2505 1899 η
2586 1898 2595 1899 ,
2893 1898 2907 1900 _
2944 1898 3242 1902 _,,--______
3279 1898 3507 1918 γη---
3540 1898 3738 1905 ---ηπ

2165 1934 2217 1988 in
2248 1934 2357 1988 alio
2383 1936 2722 1990 monasterio
2764 1936 3056 2001 invenerit,
3089 1946 3267 1993 tantos
3292 1954 3352 1994 se
3392 1940 3609 1994 noverit
3642 1941 3741 1994 ha-

485 2008 598 2062 ille.

1118 2096 1268 2152 CAP.
1309 2097 1426 2153 XII.

488 2190 737 2254 Qualiter
771 2190 947 2259 ofﬁciis
986 2189 1177 2242 mutuis
1214 2204 1270 2242 se
1308 2189 1503 2258 fratres
1540 2190 1867 2257 prmeniant
1912 2189 2055 2254 (16).

560 2282 614 2335 Si
647 2280 993 2350 congregatio
1020 2280 1191 2333 multa
1218 2289 1322 2343 est,
1341 2279 1505 2333 debet
1535 2280 1581 2333 is
1604 2280 1698 2348 qui
1732 2290 1929 2348 przeest
1957 2282 2056 2336 Pa-

489 2384 591 2438 ter,
630 2372 922 2442 disponere
953 2370 1446 2434 hebdomadarios,
1490 2380 1545 2424 et
1582 2370 1827 2425 ordinem
1858 2371 2019 2425 ofﬁcii
2040 2411 2056 2437 ,

484 2479 593 2533 quo
626 2464 731 2518 sibi
782 2464 1017 2518 invicem
1062 2462 1360 2517 succedant
1394 2462 1461 2515 ad
1495 2463 1921 2517 ministrandum
1954 2481 1967 2517 :
2004 2470 2060 2517 et

484 2557 784 2610 decernere
806 2555 971 2610 debet
998 2555 1087 2609 ille
1116 2555 1249 2623 (l7),
1278 2552 1556 2623 quomodo
1578 2554 1775 2608 debeat
1793 2569 1935 2619 esse,
1963 2554 2058 2624 qui

485 2648 765 2703 cellarium
803 2647 1037 2701 fratrum
1088 2646 1387 2701 contineat.
1439 2646 1609 2701 Debet
1657 2646 1779 2700 talis
1822 2654 2061 2701 tantum-

486 2744 647 2798 modo
682 2742 847 2812 eligi,
883 2741 974 2809 qui
1012 2739 1183 2809 possit
1226 2739 1280 2792 in
1320 2737 1577 2792 omnibus
1607 2738 1743 2807 gula:
1786 2753 1896 2792 suae
1935 2755 2059 2808 sug.

485 2834 825 2906 gestionibus
855 2830 1160 2893 dominari,
1202 2838 1258 2883 et
1302 2829 1617 2900 evangelica
1647 2827 1838 2883 ordine
1877 2829 2061 2883 fratri-

484 2930 590 2981 bus
625 2926 741 2979 suis
774 2923 978 2977 victum
1013 2921 1318 2991 gubernare
1356 2938 1367 2971 :
1400 2919 1494 2988 qui
1524 2919 1712 2972 timeat
1740 2919 1891 2973 Juda:
1930 2936 2061 2974 sen-

486 3015 714 3069 tentiam
740 3054 754 3077 ,
786 3013 879 3081 qui
930 3011 999 3064 ab
1034 3011 1190 3064 initio
1232 3009 1321 3063 fur
1370 3009 1475 3063 fuit
1504 3011 1570 3064 ³⁷.
1619 3009 1851 3065 Studerc
1894 3010 2061 3066 debet

485 3106 581 3173 qui
611 3105 738 3157 huic
764 3103 942 3156 ofﬁcio
960 3102 1273 3170 deputatur,
1305 3109 1363 3153 ut
1388 3100 1575 3154 audiat
1604 3117 1618 3153 :
1653 3100 1787 3164 Quia
1821 3103 1911 3170 qui
1934 3103 2060 3155 bene

487 3194 902 3255 ministraverit,
952 3191 1143 3243 bonum
1190 3190 1419 3259 gradum
1466 3190 1577 3259 (18)
1620 3192 1842 3259 acquirit
1872 3192 1955 3256 ’3;
2006 3200 2060 3246 et

487 3284 682 3339 animae
716 3299 827 3337 sua:
860 3284 1073 3337 lucrum
1122 3280 1269 3334 facit.
1300 3280 1471 3333 Nosse
1501 3279 1704 3334 debent
1741 3280 1907 3333 etiam
1952 3280 2061 3334 fra-

487 3388 624 3439 tres,
657 3376 785 3443 quia
823 3373 1091 3443 quidquid
1142 3374 1198 3426 in
1235 3372 1568 3427 monasterio
1598 3379 1900 3435 tractatur,
1949 3374 2063 3427 sive

489 3466 545 3519 in
568 3464 729 3528 vasis,
762 3464 877 3517 sive
902 3463 957 3516 in
988 3460 1459 3525 ferramentis,ch
1490 3471 1682 3513 cetera
1705 3461 1908 3524 omnia,
1942 3477 2063 3516 esse

490 3555 848 3611 sanctificata.
884 3554 940 3608 Si
971 3554 1095 3623 quis
1125 3554 1191 3608 de
1228 3552 1492 3608 fratribus
1527 3553 1735 3624 aliquid
1782 3554 2062 3623 negligen-

494 3651 578 3694 ter
608 3642 960 3706 tractaverit,
997 3649 1205 3710 partem
1249 3656 1307 3695 sc
1332 3641 1534 3696 habere
1564 3643 1777 3697 noverit
1810 3658 1933 3696 cum
1970 3643 2065 3698 illo

487 3748 636 3800 rege,
669 3732 762 3800 qui
798 3731 853 3784 in
881 3731 1028 3785 vasis
1053 3730 1251 3785 donius
1288 3732 1384 3786 Dei
1419 3731 1772 3787 sanctiﬁcatis
1794 3750 1919 3788 cum
1948 3734 2065 3788 suis

488 3823 713 3879 bibebat
736 3822 1077 3887 concubinis,
1099 3831 1155 3876 et
1170 3823 1383 3891 qualem
1397 3824 1907 3879 meruitvindictam
1929 3825 2062 3895 (l9).

489 3912 864 3969 Custodienda
894 3924 1024 3968 sunt
1042 3912 1142 3967 ista
1163 3921 1452 3981 praecepta,
1480 3921 1535 3967 et
1556 3928 1654 3982 per
1676 3915 1920 3985 singulos
1944 3915 2066 3971 dies

492 4011 549 4063 in
576 4024 739 4061 aures
760 4008 990 4061 fratrum
1021 4007 1298 4061 recitanda
1316 4016 1541 4072 sunt,ut
1560 4024 1671 4064 non
1695 4010 2066 4066 condemnen-

491 4111 581 4155 tur
609 4101 666 4154 in
702 4099 943 4169 peccatis
975 4099 1109 4154 suis.

1111 4189 1263 4244 CAP.
1305 4188 1445 4243 XIII.

493 4283 734 4350 Qualiter
754 4272 893 4337 inter
912 4298 968 4336 se
990 4282 1311 4335 monasteria
1342 4298 1522 4351 pacem
1540 4283 1755 4350 ﬁrmam
1777 4284 2065 4338 obtineant.

864 4371 1015 4427 Alius
1056 4371 1161 4441 (20)
1196 4371 1461 4425 Macarius
1500 4374 1631 4427 dixit
1663 4390 1680 4425 :

561 4460 832 4526 Quoniam
866 4462 1073 4515 veritas
1113 4469 1479 4529 protestatur,
1512 4477 1635 4531 qum
1671 4462 1803 4517 dicit
1832 4483 1845 4518 :
1886 4464 1949 4518 In
1981 4480 2070 4518 ore

2161 2025 2295 2080 bere
2320 2024 2552 2095 priores.
2576 2026 2690 2081 Nec
2721 2027 3115 2081 attendendum
3133 2037 3237 2093 est,
3267 2028 3361 2098 qui
3390 2030 3497 2083 fuit
3540 2040 3735 2096 antea;

2160 2117 2256 2172 sed
2284 2116 2632 2186 probandum
2667 2126 2773 2183 est,
2803 2119 2982 2188 qualis
3003 2134 3123 2174 esse
3153 2121 3405 2189 cmperit.
3440 2120 3740 2191 Susceptus

2160 2206 2322 2278 245
2343 2224 2478 2261 vero
2494 2209 2537 2262 si
2570 2208 2775 2262 habere
2806 2208 3027 2263 videtur
3052 2209 3279 2278 aliquid,
3314 2210 3428 2265 sive
3462 2211 3516 2263 in
3546 2211 3739 2275 rebus,

2159 2300 2275 2355 sive
2302 2300 2359 2354 in
2389 2299 2695 2364 codicibus,
2728 2302 2868 2355 ultra
2895 2302 2946 2355 ei
2990 2302 3269 2371 possidere
3297 2317 3405 2355 non
3435 2301 3640 2365 licebit,
3677 2312 3740 2357 ut

2160 2392 2334 2460 possit
2375 2406 2497 2446 esse
2528 2393 2827 2461 perfectus,
2863 2392 3009 2462 quod
3044 2392 3175 2446 alibi
3202 2408 3310 2446 non
3343 2392 3543 2461 potuit.
3576 2393 3737 2448 Resi-

2161 2482 2423 2537 dentibus
2444 2496 2576 2536 vero
2602 2481 2887 2547 fratribus,
2918 2483 2963 2536 si
2997 2483 3163 2536 fuerit
3184 2483 3367 2552 aliqua
3394 2482 3463 2537 de
3493 2482 3738 2552 Scriptu-

2163 2574 2240 2627 ris
2266 2572 2505 2636 collatio,
2532 2582 2589 2626 et
2618 2572 2786 2628 fuerit
2809 2588 2877 2628 ex
2908 2574 2995 2627 his
3027 2574 3139 2645 (24)
3174 2574 3295 2628 talis
3325 2573 3514 2638 scitus,
3547 2590 3656 2627 non
3682 2575 3735 2629 ei

2162 2665 2351 2719 licebit
2381 2664 2587 2734 aliquid
2625 2665 2835 2727 dicere,
2880 2650 2985 2719 nisi
3024 2675 3361 2736 praeceptum
3400 2666 3453 2720 ei
3495 2666 3661 2720 fuerit
3703 2682 3735 2721 a

2161 2752 2323 2809 Patre
2363 2754 2493 2825 (25).

2784 2846 2935 2900 CAP.
2978 2846 3114 2901 XIV.

2161 2934 2409 3003 Idemque
2447 2950 2464 2988 :
2505 2932 2749 2999 Qualiter
2793 2936 2967 2990 clerici
3007 2938 3229 3006 hospites
3266 2939 3583 3009 suscipiendi
3619 2948 3741 2993 sunt

2739 3029 2794 3081 in
2834 3031 3173 3081 monasterio.

2233 3118 2369 3173 Cum
2421 3117 2569 3171 omni
2620 3120 2927 3173 reverentia
2972 3128 3033 3172 ut
3080 3119 3316 3173 ministri
3360 3120 3585 3173 altaris:
3629 3135 3738 3174 non

2163 3210 2352 3264 licebit
2396 3211 2502 3264 nisi
2552 3211 2684 3276 ipsis
2728 3211 3033 3264 orationem
3062 3212 3375 3280 complere,
3428 3213 3541 3266 sive
3569 3212 3739 3266 ostia-

2164 3302 2310 3365 rius,
2350 3300 2465 3354 sive
2495 3301 2745 3354 minister
2777 3310 2861 3354 est
2905 3301 3096 3369 templi
3144 3302 3262 3355 Dei.
3292 3301 3447 3367 Quod
3478 3304 3521 3357 si
3553 3304 3732 3371 aliquo

2165 3406 2295 3444 casu
2319 3391 2503 3460 lapsus
2538 3402 2640 3457 est,
2675 3399 2731 3444 et
2757 3392 2813 3444 in
2840 3406 2907 3445 eo
2937 3391 3082 3460 quod
3112 3391 3317 3445 dicitur
3348 3394 3592 3461 probatus
3612 3392 3723 3444 cri-

2165 3482 2336 3546 mine,
2364 3497 2484 3535 uon
2528 3482 2691 3536 liccat
2730 3482 2780 3535 ei
2821 3490 2947 3536 ante
2982 3497 3105 3535 eum
3137 3483 3229 3550 qui
3273 3494 3458 3553 pra-est
3483 3483 3718 3545 Patrem,

2164 3572 2248 3624 vel
2287 3570 2592 3636 secundum
2644 3571 2940 3640 complere.
2974 3571 3119 3625 Nulli
3162 3572 3495 3641 permittatur
3527 3570 3726 3625 clerico

2166 3664 2222 3717 in
2261 3662 2595 3716 monasterio
2636 3662 2887 3716 habitare
2910 3702 2923 3722 ,
2954 3663 3060 3716 nisi
3096 3663 3146 3716 ci
3176 3662 3548 3716 tantummodo
3571 3677 3735 3730 quem

2165 3754 2353 3821 lapsus
2388 3753 2597 3821 peccati
2623 3753 2689 3807 ad
2723 3753 3092 3807 humilitatem
3130 3752 3394 3817 deduxit,
3420 3763 3474 3806 et
3500 3761 3583 3806 est
3616 3754 3739 3806 vul-

2165 3850 2430 3907 neralus;
2479 3852 2541 3896 ut
2594 3842 2649 3896 in
2695 3842 3033 3897 monasterio
3086 3842 3418 3896 humilitatis
3471 3842 3741 3896 medicina

2166 3942 2410 3988 sanetur.
2432 3934 2558 3987 Haec
2570 3932 2726 3987 vobis
2759 3931 2992 3987 tenenda
3019 3932 3313 3995 sufﬁciant,
3330 3932 3548 3996 fratres,
3569 3943 3743 3987 custo-

2166 4025 2365 4079 dienda
2388 4025 2737 4087 conveniant,
2769 4032 2824 4077 et
2848 4025 3004 4079 eritis
3030 4024 3538 4093 irreprehensibiles
3564 4025 3617 4077 in
3643 4039 3740 4093 po-

2167 4116 2300 4185 pulo
2334 4115 2451 4170 Dei.

2802 4205 2952 4260 CAP.
2995 4204 3108 4260 XV.

2346 4295 2590 4361 Qualiter
2626 4296 2798 4366 culpa:
2834 4295 3164 4365 singulorum
3203 4297 3566 4351 emendentur.

2238 4388 2352 4444 Nec
2389 4390 2495 4444 hoc
2522 4390 2814 4444 tacendum
2845 4398 2958 4451 est,
3007 4389 3246 4458 qualiter
3276 4391 3451 4460 culpae
3498 4391 3745 4460 singulo-

2172 4496 2294 4534 rum
2323 4482 2687 4536 emendeutur
2723 4500 2735 4534 :
2762 4496 2861 4550 pro
2891 4481 3154 4549 qualitate
3185 4482 3361 4550 culpa:
3391 4484 3498 4535 erit
3521 4498 3742 4537 excom-

490 4554 716 4605 duorum
753 4551 831 4605 vel
864 4552 1024 4605 trium
1051 4553 1255 4604 testium
1280 4553 1436 4607 stabit
1465 4569 1618 4607 omne
1648 4555 1859 4609 verbum
1881 4558 1946 4623 ³⁸,
1978 4558 2059 4611 fir-

2173 4572 2494 4627 munieatio.
2549 4574 2691 4642 Ergo
2737 4573 2841 4627 iste
2898 4571 3036 4625 ordo
3090 4580 3364 4626 teneatur.
3413 4573 3469 4628 Si
3524 4573 3647 4643 quis
3676 4589 3745 4628 ex

492 4644 691 4699 manda
724 4660 854 4715 ergo
879 4656 964 4700 est
993 4646 1182 4715 regula
1218 4646 1471 4714 pietatis;
1505 4663 1608 4703 nec
1641 4649 1750 4719 (2|)
1776 4652 2063 4706 tacendum

490 4748 609 4801 cst,
658 4738 894 4806 qualiter
944 4737 1088 4791 inter
1137 4752 1195 4792 se
1244 4739 1574 4795 monasteria
1616 4756 1806 4810 pacem
1850 4741 2063 4797 firmam

560 4919 640 4972 "l
681 4916 811 4972 Cor.
870 4932 943 4985 Iv,
997 4916 1083 4971 12.

1187 4918 1231 4948 ⁸⁸
1268 4917 1287 4970 l
1328 4917 1455 4972 Cor.
1514 4935 1598 4985 ιχ,
1632 4920 1723 4973 27.

492 4990 534 5019 ³⁸
568 4989 587 5042 1
618 4989 820 5053 Tim.v,
861 4986 948 5040 l2.

563 5147 674 5219 (14)
696 5147 973 5219 Praecepit.
1006 5150 1103 5204 Ms.
1138 5149 1392 5219 Prwcepit
1428 5154 1623 5204 dicens.

565 5217 676 5285 (15)
720 5217 943 5281 Quodsi
965 5220 1209 5286 inﬁrmus
1237 5217 1325 5273 est
1348 5222 1546 5274 animo.
1578 5222 1677 5275 MS.
1716 5220 1867 5286 Quod
1898 5223 1944 5275 si
1971 5222 2067 5290 ﬁr-

496 5305 611 5341 mus
648 5296 723 5338 est
757 5305 995 5356 corpore.

564 5359 675 5422 (16)
716 5357 1072 5411 Prwveniant.
1101 5358 1230 5413 Post
1260 5359 1399 5415 hanc
1431 5377 1622 5416 vocem
1651 5362 1805 5417 addit
1836 5377 1938 5416 ms.
1972 5363 2067 5414 iste

494 5429 620 5480 ordo
653 5437 910 5480 teneatur.

565 5498 674 5566 (l7)
721 5496 787 5549 Et
831 5498 1112 5550 decernere
1142 5498 1288 5552 debet
1326 5500 1435 5553 ille.
1478 5501 1604 5556 Hrec
1632 5502 1832 5557 desunt
1873 5502 1928 5555 in
1961 5516 2062 5555 ms.

494 5566 763 5643 lit-statim
792 5567 936 5643 idem
957 5569 1080 5643 cod.
1110 5569 1281 5643 qualis
1314 5571 1479 5643 habet
1510 5588 1609 5640 pro
1640 5572 1915 5643 quomodo.

565 5637 675 5707 (l8)
713 5636 970 5707 Gradum.
1004 5638 1101 5692 Ms.
1122 5636 1358 5707 gradum
1386 5642 1483 5693 sibi
1510 5636 1625 5698 cca.

566 5706 675 5770 (19)
716 5705 925 5760 Meruit.
964 5708 1063 5762 Ms.
1098 5705 1369 5763 meruerit.

567 5774 676 5831 (20)
717 5773 883 5828 Alius.
916 5777 1013 5830 Ms.
1046 5776 1180 5830 Item
1211 5779 1370 5831 alius.

568 5842 675 5910 (21)
716 5842 838 5896 Nec.
876 5845 972 5900 Ms.
1002 5846 1104 5899 Nec
1136 5848 1226 5901 hoc
1252 5857 1351 5901 tac.

1828 4920 1871 4950 ’⁷
1908 4919 2065 4974 Joan.
2110 4936 2220 4987 xu,
2283 4922 2335 4977 6.

2173 4654 2439 4710 fratribus
2480 4671 2789 4710 sermonem
2819 4656 3057 4710 otiosum
3090 4656 3362 4723 emiserit,
3401 4673 3470 4712 ne
3515 4672 3643 4710 reus
3674 4657 3746 4710 sit

2172 4746 2412 4812 concilii,
2438 4746 2788 4816 praecipimus
2811 4763 2937 4801 eum
2975 4747 3159 4803 triduo
3193 4766 3224 4803 a
3254 4748 3481 4805 fratrum
3513 4764 3746 4818 congre-

2448 4923 2493 4954 "
2533 4924 2574 4977 Ι.
2613 4925 2753 4980 Tim.
2811 4926 3003 4992 111,13.
3114 4930 3156 4961 "
3196 4926 3385 4981 Matth.
3442 4942 3590 4991 xvm,
3657 4925 3743 4981 16-

2241 5157 2352 5228 (22)
2392 5157 2657 5224 Recipere.
2690 5154 2814 5228 Post
2854 5155 3085 5210 verbum
3119 5157 3434 5228 hujusmodi
3462 5156 3614 5211 addit
3638 5171 3743 5228 ms.

2168 5235 2217 5278 et
2249 5226 2351 5280 non
2379 5227 2549 5281 solum
2583 5241 2684 5275 non
2714 5227 2938 5295 recipere
2968 5242 2984 5278 :
3018 5243 3138 5294 quze
3159 5226 3381 5295 quidem
3408 5228 3478 5282 ob
3500 5226 3748 5295 ejusdem

2168 5298 2321 5350 verbi
2349 5295 2747 5379 repetitionem
2792 5297 3022 5349 librario
3060 5298 3399 5360 exciderint,
3436 5307 3497 5350 ut
3528 5312 3594 5349 ex
3618 5310 3751 5350 con-

2170 5368 2542 5505 tci§'%)mi\i;?{
2572 5436 2685 5487 sine
2724 5433 2995 5487 voluntate
3039 5443 3152 5488 cret.
3197 5436 3323 5490 Haec
3362 5446 3418 5491 et
3464 5435 3751 5504 sequentia

2165 5504 2339 5575 usque
2361 5507 2427 5559 ad
2457 5522 2540 5565 ea.
2568 5504 2667 5557 Ille
2688 5521 2809 5556 vero
2842 5508 3147 5564 monachus.
3184 5506 3384 5560 desunt
3422 5507 3475 5560 in
3500 5523 3601 5559 ms.

2241 5577 2351 5657 (2.4)
2381 5578 2463 5629 ita:
2498 5577 2577 5629 his
2602 5575 2641 5645 ].
2668 5575 2833 5628 Deest
2869 5576 3183 5644 pra-positio
3211 5577 3265 5629 in
3308 5591 3411 5630 ms.
3440 5585 3495 5630 et
3523 5576 3749 5645 quidem

2457 5711 2668 5794 Patre],
2690 5713 2785 5765 Ms.
2815 5715 2879 5794 ab
2891 5730 2947 5794 eo
2971 5714 3066 5794 qui
3081 5724 3292 5794 pra-est.
3317 5716 3422 5794 llic
3446 5730 3577 5769 vero
3602 5712 3755 5794 dem-

2169 5786 2249 5839 nit
2276 5785 2466 5840 codex.
2496 5784 2615 5838 Vat.
2650 5798 2830 5852 neque
2868 5784 2969 5838 tria
2996 5784 3187 5841 ultima
3211 5787 3388 5855 capita
3414 5784 3685 5857 agnoscit.
