4020 6424
386 424 490 484 977

384 648 453 689 eo
477 634 762 703 jungatur.
801 630 857 685 Si
890 647 1022 685 vero
1048 632 1249 701 aliquis
1277 633 1659 701 deprehensus
1701 634 1868 689 fuerit
1914 636 1969 688 in

387 725 524 790 risu,
559 725 645 778 vel
709 724 763 776 in
793 721 1119 775 scurrilitate
1148 724 1437 788 sermonis,
1466 724 1610 778 sicut
1633 725 1709 778 ait
1736 726 1972 794 Aposto-

388 817 494 881 lus,
528 832 644 886 qua
670 816 739 869 ad
757 832 867 868 rem
890 831 993 867 non
1021 816 1246 884 pertinet
1268 816 1334 879 ³¹,
1367 815 1628 885 jubemus
1655 814 1970 887 hujusmodi

397 909 631 961 duarum
673 906 1144 961 hebdomadarum
1191 907 1367 975 spatio
1414 908 1470 961 in
1500 908 1721 962 nomine
1755 908 1971 961 Domini

392 1001 540 1052 omni
592 998 806 1068 ﬂagello
868 997 1195 1052 humilitatis
1243 999 1521 1061 coerceri,
1573 998 1789 1053 dicente
1829 1000 1973 1068 Apo-

393 1090 573 1143 stolo:
608 1088 662 1142 Si
706 1091 819 1157 quis
856 1089 1023 1157 frater
1052 1091 1359 1142 nominatur
1396 1091 1717 1155 iracundus,
1748 1101 1839 1146 aut
1878 1109 1971 1145 su-

392 1179 599 1250 perbus.
623 1190 714 1232 aut
737 1179 1043 1243 maledicus,
1070 1183 1205 1234 hunc
1240 1192 1417 1235 notate
1442 1183 1507 1233 ³¹.
1544 1183 1612 1237 Ει
1647 1202 1658 1236 :
1691 1182 1807 1237 Non
1836 1186 1973 1237 odite

391 1281 448 1323 ut
486 1273 753 1324 inimicum
783 1312 797 1336 ,
833 1272 924 1325 sed
961 1273 1208 1343 corripite
1234 1283 1289 1327 ut
1328 1276 1547 1343 fratrem
1580 1275 1643 1328 ³³.
1688 1276 1755 1330 Ει
1784 1277 1837 1330 in
1865 1278 1971 1330 alio

391 1360 512 1414 loco
547 1379 559 1414 :
598 1360 655 1415 Si
698 1364 812 1432 quis
847 1363 1015 1431 frater
1043 1364 1197 1432 fuerit
1231 1376 1523 1434 prceventus
1566 1369 1621 1421 in
1666 1367 1846 1437 aliqua
1878 1369 1971 1421 de-

394 1451 536 1517 licto,
568 1469 656 1506 vos
678 1456 767 1523 qui
793 1453 1062 1523 spiritales
1101 1457 1219 1508 estis
1245 1497 1258 1519 ,
1300 1459 1545 1512 instruite
1571 1460 1871 1529 hujusmodi
1904 1462 1969 1526 ³⁵,

392 1551 449 1595 et
478 1544 737 1612 corripite
763 1545 1022 1612 fratrem;
1050 1546 1122 1599 ita
1150 1556 1211 1600 ut
1234 1562 1331 1615 per
1354 1548 1685 1604 humilitatis
1713 1550 1972 1620 frequen-

398 1632 527 1687 tiam
560 1652 667 1689 non
698 1637 989 1707 reprobus,
1031 1637 1125 1693 sed
1157 1639 1421 1708 probatus
1460 1640 1516 1693 in
1548 1644 1970 1712 congregatione

395 1739 735 1795 perseveret.

532 2078 574 2111 ³¹
598 2078 798 2149 Ephes.
834 2096 887 2147 v,
921 2080 971 2137 4.
1073 2083 1117 2117 ³¹
1153 2082 1171 2137 ι
1210 2082 1337 2139 Cor.
1374 2099 1425 2151 v,
1455 2084 1540 2139 ll.

1561 422 1868 483 REGULA
1906 422 2011 481 AD
2053 420 2479 482 MONACHOS.

384 541 603 613 gatione
633 540 721 594 vel
751 540 1027 609 colloquio
1065 555 1187 596 esse
1220 542 1461 595 alienum
1486 583 1501 606 ,
1542 551 1601 595 ut
1631 544 1817 597 nullus
1843 558 1965 597 cum
1993 543 2047 603 Α

1619 2084 1667 2117 ³³
1702 2084 1750 2141 ιι
1782 2085 1978 2143 Thess.
2007 2102 2086 2153 ιιι,
2128 2086 2217 2143 15.

3547 421 3651 484 978

2698 540 2851 596 CAP.
2891 541 3029 596 XVI.

2241 634 2305 690 Ut
2342 636 2454 687 sine
2495 649 2843 703 personarum
2883 631 3178 702 acceptione
3216 629 3496 703 aequaliter

2719 724 3003 786 iudicetur.

2141 815 2258 871 lloc
2307 825 2434 870 ante
2480 816 2665 870 omnia
2701 815 3052 885 praecipimus
3082 813 3237 867 vobis
3270 812 3364 881 qui
3411 811 3542 865 huic
3572 809 3655 863 of-

2073 909 2196 963 ﬁcio
2222 910 2489 979 prmestis,
2519 918 2580 962 ut
2612 924 2862 977 personze
2886 924 2912 961 a
2940 907 3097 960 vobis
3138 921 3247 958 non
3291 903 3651 973 accipiantur,

2072 1002 2166 1055 sed
2200 1001 2396 1069 aaquali
2434 1001 2634 1054 ail'ectu
2683 1016 2875 1053 omnes
2923 998 3261 1068 diligantur,
3298 1004 3355 1049 et
3389 1010 3487 1065 per
3530 1010 3655 1048 cor-

2074 1093 2379 1162 reptionem
2414 1108 2606 1146 omnes
2641 1101 2950 1145 sanentur:
2986 1091 3113 1159 quia
3156 1089 3443 1159 aequalitas
3478 1086 3657 1155 placet

2069 1182 2212 1251 apud
2235 1183 2425 1241 Deum.
2459 1181 2677 1234 dicente
2708 1182 2984 1250 Propheta
3013 1198 3025 1234 :
3052 1180 3108 1234 Si
3146 1197 3260 1233 vere
3288 1180 3467 1248 utique
3495 1176 3659 1246 246

2059 1273 2330 1343 justitiam
2347 1271 3164 1340 loquimini,justejudicate,ﬁlii
3181 1272 3451 1323 hominum
3466 1269 3527 1321 ³⁸.
3548 1267 3659 1320 Nec

2068 1364 2237 1417 latere
2276 1378 2375 1416 vos
2418 1364 2696 1425 volumus,
2745 1363 2875 1431 quia
2909 1364 3137 1431 quinon
3183 1360 3414 1429 corripit
3462 1374 3655 1412 erran-

2069 1469 2221 1522 tem,
2279 1456 2494 1511 noverit
2548 1473 2605 1509 se
2663 1473 2761 1526 pro
2820 1472 2887 1509 eo
2952 1456 3223 1510 rationem
3284 1454 3653 1509 redditurum.

2068 1550 2257 1603 Estote
2282 1548 2470 1602 tideles
2501 1560 2555 1601 et
2580 1548 2711 1600 boni
2738 1546 2997 1601 doctores
3020 1548 3088 1601 ad
3120 1562 3313 1601 omnes
3346 1564 3358 1599 :
3395 1545 3656 1613 corripite

2070 1640 2347 1709 inquietos
2378 1656 2390 1692 :
2424 1640 2686 1707 suscipite
2728 1637 2977 1692 infirmos
3010 1656 3023 1691 :
3058 1639 3330 1707 patientes
3368 1645 3543 1690 estote
3588 1634 3657 1687 ad

2074 1744 2266 1781 omnes
2305 1746 2316 1779 :
2350 1738 2405 1781 et
2432 1736 2666 1796 quantos
2693 1726 2909 1780 fueritis
2942 1727 3160 1789 lucrati,
3193 1742 3293 1795 pro
3318 1725 3485 1777 tantis
3516 1737 3659 1776 mer-

2076 1818 2265 1871 cedem
2295 1817 2578 1886 accipietis
2602 1857 2616 1882 ,
2650 1816 2707 1869 in
2738 1816 2962 1870 nomine
2988 1816 3169 1871 Patris
3192 1826 3247 1871 et
3276 1814 3400 1869 Filii
3430 1820 3487 1868 et
3532 1811 3657 1882 Spi-

2076 1907 2217 1963 ritus
2247 1909 2442 1963 sancti.

2293 2086 2339 2118 ³⁸
2387 2084 2507 2143 Gal.
2538 2100 2614 2149 vi,
2649 2084 2701 2140 ι.
2778 2084 2821 2116 ³⁵
2860 2083 3062 2139 Psalm.
3100 2099 3239 2149 Lvn,
3275 2083 3335 2137 2.

1223 2455 1631 2537 REGULA
1705 2458 1943 2537 ALIA
2020 2460 2157 2536 AD
2247 2460 2836 2540 MONACHOS.

984 2807 1372 2865 PREFATIO.

459 2902 595 2956 Cum
643 2900 1010 2955 resideremus
1052 2902 1109 2955 in
1157 2919 1327 2956 unum
1374 2903 1428 2956 in
1474 2904 1696 2958 nomine
1754 2906 1969 2962 Domini

389 2994 566 3047 nostri
600 2993 726 3047 Jesu
753 2991 990 3056 Christi,
1022 2995 1325 3047 secundum
1354 2996 1705 3050 traditionem
1745 2999 1967 3054 Patrum

390 3094 703 3139 sanctorum
731 3085 1010 3147 virorum,
1042 3086 1223 3140 visum
1272 3097 1358 3141 est
1409 3087 1570 3142 nobis
1617 3091 1971 3145 conscribere

388 3177 475 3230 vel
505 3177 747 3246 regulam
783 3176 1041 3231 ordinare
1068 3218 1082 3242 ,
1112 3194 1233 3247 qua:
1265 3178 1319 3231 in
1351 3180 1687 3234 monasterio
1719 3191 1973 3237 teneatur

390 3266 455 3319 ad
499 3267 805 3335 profectum
857 3267 1128 3333 fratrum;
1162 3278 1221 3321 ut
1260 3285 1440 3338 neque
1470 3286 1571 3324 nos
1609 3271 1923 3327 laboremus
1950 3312 1967 3337 ,

390 3373 568 3426 neque
615 3367 841 3411 sanctus
891 3360 1218 3427 prmpositus
1257 3360 1350 3429 qui
1402 3362 1738 3417 constitutus
1786 3374 1870 3418 est
1915 3364 1971 3419 in

388 3450 542 3516 loco;
577 3449 981 3503 dubitationem
1024 3448 1263 3518 aliquam
1304 3452 1413 3519 pati
1441 3454 1613 3521 possit
1643 3471 1655 3507 :
1690 3462 1750 3507 ut
1779 3470 1971 3509 omnes

390 3543 689 3604 unanimes,
718 3544 861 3595 sicut
891 3542 1154 3610 scriptum
1180 3551 1284 3607 est,
1313 3551 1360 3595 et
1380 3560 1543 3596 unum
1573 3546 1865 3598 sentientes
1901 3546 1968 3611 ³⁸,

391 3632 625 3684 invicem
654 3632 1018 3701 honorantes,
1046 3648 1109 3686 ea
1145 3649 1267 3701 quae
1292 3643 1493 3705 statuta
1526 3644 1653 3689 sunt
1684 3650 1713 3689 a
1735 3636 1972 3693 Domino

386 3720 502 3789 jugi
532 3721 917 3775 observatione
956 3722 1290 3776 custodiant.

392 3830 543 3885 CAP.
589 3830 705 3885 1.-
727 3831 805 3884 De
828 3835 1179 3910 unanimitate
1207 3836 1501 3910 charitatis,
1533 3846 1581 3891 et
1619 3839 1682 3891 de
1708 3839 1972 3910 diligendo

822 3920 884 3955 ac
910 3902 1314 3972 obtemperando
1351 3908 1546 3962 abbati.

463 3994 603 4048 Ante
626 3995 810 4048 omnia
854 3995 1122 4051 habentes
1166 3997 1528 4064 charitatem,
1582 4001 1970 4065 humilitatem,

394 4088 737 4158 patientiam,
772 4091 1275 4154 mansuetudinem,
1298 4094 1403 4168 'vel
1442 4102 1638 4149 caetera
1665 4111 1787 4165 qua:
1813 4097 1974 4150 docet

393 4190 614 4235 sanctus
640 4181 935 4250 Apostolus
963 4184 1027 4247 ’7;
1084 4183 1159 4237 ita
1204 4195 1265 4238 ut
1298 4201 1462 4239 nemo
1484 4187 1785 4255 quidquam
1810 4204 1972 4242 suum
1998 4154 2042 4215 Ο

392 4272 654 4335 vindicet,
689 4272 805 4333 sed.
828 4274 972 4328 sicut
1006 4275 1272 4344 scriptum
1302 4287 1387 4330 est
1418 4277 1474 4330 in
1502 4279 1732 4333 Actibus
1760 4288 1980 4348 aposto-

392 4363 594 4427 lorum,
629 4364 871 4419 habeant
902 4366 1085 4419 omnia
1139 4368 1457 4423 communia
1489 4369 1555 4422 '3.
1595 4369 1689 4423 llle
1720 4385 1852 4424 vero
1882 4369 1975 4439 qui

392 4455 719 4523 praepositus
743 4463 847 4520 est,
872 4457 966 4510 Dei
986 4457 1256 4527 judicium
1278 4468 1335 4513 et
1360 4461 1764 4514 ordinationem
1792 4476 1978 4515 sacer-

392 4544 537 4599 dotis
564 4544 618 4598 in
643 4546 901 4602 omnibus
928 4548 1141 4614 timere,
1166 4550 1396 4621 diligere
1424 4562 1481 4607 et
1512 4553 1782 4607 obaudire
1816 4553 1979 4607 debet

392 4636 698 4691 secundum
742 4640 1027 4695 veritatem
1063 4660 1075 4694 :
1108 4644 1238 4711 quia
1286 4644 1329 4697 si
1361 4644 1488 4713 quis
1538 4645 1692 4698 illum
1731 4654 1888 4714 putat
1920 4661 1978 4701 sc

388 4745 683 4798 spernere,
720 4730 892 4784 Deum
930 4732 1178 4801 spernit,
1228 4733 1373 4788 sicut
1412 4735 1678 4803 scriptum
1715 4743 1799 4789 est
1834 4754 1846 4788 :
1876 4734 1979 4800 Qui

389 4838 476 4874 vos
502 4822 672 4886 audit,
707 4836 789 4875 me
812 4823 960 4875 audit
991 4840 1009 4876 :
1041 4832 1088 4875 et
1127 4826 1215 4893 qui
1240 4842 1327 4878 vos
1354 4828 1577 4894 spernit,
1607 4842 1689 4879 me
1722 4828 1923 4897 spernit
1957 4844 1975 4881 :

390 4918 437 4961 et
464 4912 553 4981 qui
585 4928 666 4964 me
698 4913 920 4981 spernit,
948 4914 1147 4981 spernit
1174 4930 1292 4965 eum
1317 4915 1405 4983 qui
1431 4931 1512 4967 me
1540 4916 1680 4968 misit
1709 4917 1774 4969 ⁸⁸.
1806 4916 1884 4969 lta
1913 4923 1974 4969 ut

390 5000 509 5053 sine
538 5000 713 5070 ipsius
744 5001 1028 5055 voluntate
1069 5003 1258 5057 nullus
1299 5004 1469 5059 frater
1491 5006 1792 5075 quidquam
1826 5017 1971 5077 agat,

392 5106 572 5159 neque
616 5093 849 5162 accipiat
879 5091 948 5145 ab
978 5092 1162 5160 aliquo
1190 5094 1398 5163 aliquid
1422 5138 1437 5159 ,
1484 5112 1664 5166 neque
1702 5100 1828 5165 det,
1869 5114 1973 5153 nec

394 5192 624 5254 usquam
656 5196 884 5249 prorsus
912 5180 1131 5236 recedat
1160 5182 1278 5237 sine
1309 5185 1498 5239 verbo.

2000 2823 2043 2875 B
2072 2814 2270 2871 Deum.
2299 2814 2360 2869 ιιι
2379 2821 2653 2868 conventu
2676 2813 2920 2867 omnium
2954 2812 3336 2883 uullusjunior
3360 2813 3661 2883 quidquam

2074 2905 2181 2959 nisi
2232 2906 2603 2974 interrogatus
2647 2905 2924 2973 loquatur.
2972 2903 3243 2957 Czetcrum
3294 2904 3338 2959 si
3385 2905 3511 2973 quis
3545 2906 3664 2961 vult

2073 2996 2503 3051 consolationem
2528 2996 2778 3065 accipere
2802 2996 2885 3048 vel
2904 2995 3131 3047 verbum
3147 2994 3359 3059 audire,
3385 3005 3660 3049 secretum

2078 3094 2134 3139 et
2160 3094 2535 3155 opportunum
2571 3094 2785 3154 tempus
2816 3084 3084 3153 requirat.

2072 3198 2221 3252 CAP.
2265 3199 2349 3253 ιιι.
2403 3229 2472 3238 -—
2528 3199 2591 3253 Ut
2644 3199 2941 3251 advenienti
2997 3198 3314 3268 peregrino,
3366 3197 3498 3250 nihil
3540 3197 3657 3266 plus

2129 3270 2366 3323 exhibeat
2402 3271 2538 3339 quis,
2569 3286 2730 3339 quam
2766 3285 3036 3321 occursum
3060 3268 3313 3321 humilem
3340 3277 3385 3319 et
3414 3284 3617 3337 pacem.

2167 3358 2496 3413 Advenienti
2530 3359 2819 3429 peregrino
2864 3359 3000 3411 nihil
3044 3360 3169 3427 plus
3210 3358 3467 3412 exhibeat
3502 3373 3665 3426 quam

2073 3464 2309 3518 pacem:
2352 3450 2625 3519 reliquum
2675 3465 2785 3502 non
2834 3449 2903 3503 sit
2953 3449 3031 3501 illi
3074 3466 3203 3501 cura
3254 3448 3399 3501 unde
3424 3448 3662 3512 venerit,

2074 3556 2177 3611 pro
2204 3556 2314 3610 quo
2346 3543 2560 3595 venerit
2585 3583 2599 3606 ,
2633 3541 2721 3595 vel
2748 3540 2969 3609 quando
3012 3540 3394 3593 ambulaturus
3428 3539 3533 3604 sit,
3565 3555 3668 3593 nec

2074 3650 2135 3690 se
2158 3634 2353 3705 jungat
2383 3634 2450 3686 ad
2483 3632 2695 3686 fabulas
2734 3647 2858 3685 cum
2892 3632 3005 3685 illo.

2074 3746 2227 3803 CAP.
2266 3747 2435 3801 IV.—
2462 3746 2525 3800 Ut
2550 3754 2805 3815 prwsente
2837 3747 3042 3815 seniore
3066 3744 3331 3814 psallendi
3362 3743 3667 3813 loquendive

2520 3832 2623 3867 non
2664 3815 2854 3869 habeat
2894 3814 3223 3883 facultatem.

2152 3908 2288 3961 Illud
2317 3922 2537 3976 quoque
2568 3905 2976 3959 observandum
3018 3915 3102 3959 est
3126 3946 3141 3970 ,
3181 3915 3240 3960 ut
3271 3916 3539 3976 praesente
3582 3921 3670 3960 se-

2077 3997 2237 4052 niore
2269 4012 2633 4066 quocunque,
2675 3997 2761 4049 vel
2808 3997 3151 4065 praecedente
3202 4000 3256 4051 in
3291 3999 3485 4053 ordine
3526 3998 3667 4067 psal-

2077 4089 2247 4152 lendi,
2285 4102 2522 4157 sequens
2550 4102 2657 4140 non
2691 4087 2891 4140 habeat
2935 4086 3251 4140 facultatem
3283 4088 3548 4157 loquendi
3579 4090 3665 4142 vel

2076 4182 2283 4251 aliquid
2316 4179 2707 4250 praesumendi,
2756 4179 2861 4232 nisi
2901 4186 3111 4233 tantum
3153 4180 3199 4232 is
3226 4181 3319 4249 qui
3354 4180 3407 4233 in
3448 4180 3665 4246 ordine,

2076 4281 2139 4343 ult
2181 4272 2392 4326 dictum
2426 4279 2546 4336 est,
2584 4270 2899 4339 praecedere
2945 4271 3185 4325 videtur.
3232 4273 3347 4326 lloc
3388 4288 3562 4342 usque
3599 4272 3666 4325 ad

2077 4364 2248 4419 imum
2279 4373 2405 4418 ante
2433 4362 2619 4417 omnia
2652 4362 2708 4415 in
2732 4363 3003 4427 oratione,
3034 4378 3128 4417 seu
3164 4364 3220 4417 in
3248 4379 3439 4433 opere,
3469 4365 3585 4417 sive
3610 4363 3667 4417 in

2076 4470 2341 4524 responso
2370 4454 2551 4508 dando
2586 4454 2695 4508 erit
2724 4455 3075 4509 servandum.
3109 4454 3165 4508 Si
3201 4472 3337 4510 vero
3362 4456 3667 4525 simplicior

2077 4547 2249 4613 fuerit
2271 4587 2285 4609 ,
2317 4546 2403 4599 vel
2438 4545 2756 4615 impeditior
2804 4562 3095 4610 sermone,
3122 4555 3177 4600 et
3210 4546 3425 4601 dederit
3460 4548 3662 4611 locum,

2075 4639 2151 4693 ita
2198 4638 2425 4692 demum
2476 4651 2716 4707 sequens
2771 4638 3057 4707 loquatur.
3114 4637 3307 4693 Omnia
3368 4649 3552 4691 tamen
3609 4638 3663 4691 in

2074 4730 2334 4783 charitate
2349 4729 2488 4798 ﬁant
2513 4728 2583 4795 ιθ,
2615 4745 2725 4785 non
2757 4745 2854 4799 per
2875 4730 3287 4785 contentionem
3316 4729 3402 4782 vel
3424 4728 3662 4797 aliquam

2074 4822 2580 4891 praesumptionem.

2075 4936 2226 4992 CAP.
2266 4936 2331 4991 ν.
2360 4965 2431 4976 -—-
2460 4936 2535 4989 De
2560 4952 2716 4989 cursu
2758 4936 3014 4989 orationis
3037 4975 3051 4997 ,
3091 4944 3140 4987 et
3194 4934 3335 4995 horis
3370 4932 3626 5002 operandi
3649 4973 3663 4998 ,

2380 5023 2442 5059 ac
2481 5006 2544 5058 de
2572 5007 2895 5058 correctione
2929 5004 3366 5073 delinquentium.

2129 5081 2355 5153 'Cursus
2412 5112 2546 5151 vero
2590 5097 2901 5151 orationum
2951 5096 3037 5150 vel
3087 5097 3465 5165 psalmorum,
3517 5095 3663 5152 sicut

2079 5188 2290 5242 dudum
2324 5196 2587 5241 statutum
2615 5195 2721 5250 est,
2753 5187 2896 5240 ultra
2934 5196 3149 5256 tempus
3187 5187 3332 5241 istud
3363 5188 3665 5242 meditandi

392 5289 550 5374 CAP:
584 5293 649 5346 ιι,
686 5325 755 5333 _
781 5295 845 5350 υτ
872 5313 977 5349 non
1005 5312 1060 5348 δα
1092 5296 1298 5364 fabellis
1325 5300 1473 5351 υαηίδ
1504 5299 1799 5361 destruant,
1833 5311 1882 5353 ει
1916 5309 1971 5354 ηε
2005 5321 2048 5375 D
2077 5279 2453 5349 operandique
2483 5277 2815 5331 servabitur.
2862 5278 2939 5331 lta
2980 5280 3395 5334 meditationem
3425 5279 3666 5333 habeant

532 5365 587 5415 in
618 5374 873 5419 conventu
898 5368 998 5420 nisi
1030 5368 1387 5438 interrogatus
1413 5370 1527 5438 quis
1558 5368 1827 5439 loquatur.

463 5448 833 5509 Observantes
852 5455 1017 5509 etiam
1046 5456 1172 5522 hoc,
1211 5467 1270 5510 ut
1290 5473 1397 5510 non
1423 5474 1481 5512 se
1508 5458 1743 5513 invicem
1773 5460 1974 5515 fabulis

391 5542 548 5597 vanis
577 5543 885 5612 destruant,
914 5548 1010 5602 sed
1046 5549 1425 5618 unusquisque
1447 5566 1587 5619 opus
1607 5566 1769 5605 suum
1803 5553 1973 5607 medi-

393 5641 541 5689 tetur
584 5645 640 5691 ct
694 5638 1010 5705 custodiat,
1058 5649 1115 5694 et
1160 5641 1524 5711 cogitationes
1574 5642 1775 5697 habeat
1826 5644 1970 5713 apud

2078 5371 2301 5433 fratres,
2337 5379 2396 5423 ut
2420 5384 2594 5437 usque
2616 5368 2684 5423 ad
2711 5369 2900 5423 horam
2932 5372 3227 5425 secundam
3260 5374 3478 5442 legant;
3510 5371 3555 5425 si
3584 5380 3666 5423 ta-

2080 5478 2205 5517 men
2245 5463 2396 5516 nulla
2435 5478 2596 5517 causa
2624 5464 2939 5527 exstiterit,
2973 5479 3080 5533 qua
3131 5481 3351 5519 necesse
3393 5466 3466 5519 sit
3495 5464 3661 5517 etiam

2079 5553 2239 5625 247
2263 5554 2631 5624 praetermissa
2657 5554 3015 5609 meditatione
3036 5554 3243 5622 aliquid
3278 5554 3393 5607 ﬁeri
3430 5554 3482 5605 in
3512 5567 3662 5606 com-

2080 5660 2266 5700 mune.
2304 5645 2435 5699 Post
2471 5645 2663 5699 horam
2687 5660 2820 5699 vero
2843 5643 3141 5699 secundam
3178 5646 3559 5711 unusquisque
3593 5640 3659 5695 ad

469 5820 513 5852 ”
542 5821 777 5892 Philipp.
815 5838 872 5887 ιι,
900 5821 953 5875 ‘2.
1033 5824 1078 5855 ³⁷
1120 5824 1332 5881 Coloss.
1387 5842 1466 5894 Ill,
1505 5826 1683 5881 12-”.
1763 5826 1805 5858 ³⁸
1845 5826 1965 5881 Act.

2096 5823 2186 5883 5'3.
2267 5826 2309 5859 ³⁹
2349 5826 2483 5880 Luc.
2529 5842 2593 5891 ιι,
2646 5825 2729 5882 l6.
2809 5823 2853 5856 δ’
2894 5824 2916 5877 ι
2958 5821 3084 5878 Cor.
3138 5837 3226 5877 va
3256 5800 3400 5886 ,ιιι
