4020 6474
396 410 502 473 979

1386 410 1493 470 SS-
1522 407 2042 470 MACARIORUM
2074 410 2171 471 ET
2199 408 2627 472 PAPHNUTII

3554 403 3679 466 980

396 536 537 593 opus
568 534 729 576 suum
775 526 998 591 paratus
1027 520 1138 575 sit:
1166 529 1224 575 et
1251 535 1423 591 usque
1447 522 1517 575 ad
1546 522 1742 576 horam
1777 534 1981 575 nonam
2010 521 2065 583 Α
2090 524 2446 587 necessitate,
2466 522 2562 577 scd
2587 520 2759 590 magis
2778 519 2912 575 vitio
2933 514 3340 588 procedendum
3370 518 3686 586 putaverit,

395 614 665 685 quidquid
696 613 1006 684 injunctum
1032 612 1238 679 fuerit,
1285 615 1398 666 sine
1437 614 1859 666 murmuratione
1901 610 1985 664 vel

395 708 725 761 haesitatione
747 706 789 738 “
820 707 1071 776 perﬁciat
1098 746 1113 770 ,
1142 706 1287 759 sicut
1315 704 1477 758 docet
1502 713 1726 757 sanctus
1750 702 1986 772 Aposto-

395 799 503 853 lus.
541 798 596 853 Si
622 797 747 867 quis
783 806 970 852 autem
1001 796 1449 860 murmurarerit,
1481 795 1567 849 vel
1606 794 1987 848 contentiosus

396 889 693 943 exstiterit.
720 897 815 942 aut
837 902 1122 958 opponens
1151 886 1205 939 in
1227 886 1413 955 aliquo
1436 886 1767 941 contrariam
1793 886 1988 939 volun-

398 987 567 1033 tatem
597 978 903 1048 praeceptis,
933 978 1095 1047 digne
1114 986 1403 1031 correctus
1431 986 1541 1032 tam
1565 977 1661 1031 diu
1686 977 1982 1039 abstineat,

396 1086 564 1141 quam
595 1070 690 1124 diu
717 1072 804 1123 vel
834 1070 1011 1139 culpa:
1038 1069 1275 1137 qualitas
1308 1070 1645 1139 poposcerit,
1674 1069 1758 1122 vel
1786 1084 1845 1123 se
1870 1083 1984 1138 pos-

397 1162 629 1217 nitendo
653 1162 1036 1216 humiliaverit
1056 1170 1223 1231 atque
1253 1161 1657 1218 emendaverit.
1690 1159 1989 1215 Correctus

397 1264 584 1309 autem
616 1270 724 1308 non
756 1253 958 1308 audeat
996 1269 1227 1323 usquam
1273 1253 1555 1308 recedere.
1592 1252 1649 1307 Si
1687 1251 1812 1320 quis
1856 1264 1990 1305 vero

397 1345 466 1399 de
509 1343 803 1409 fratribus,
851 1344 937 1399 vel
980 1344 1075 1415 qui
1121 1345 1177 1398 in
1207 1344 1454 1398 oratorio
1480 1351 1647 1407 sunt,
1678 1342 1763 1396 vel
1805 1341 1900 1411 qui
1933 1340 1992 1394 in

397 1436 551 1490 cellis
581 1434 910 1501 consistunt,
938 1437 1059 1505 ejus
1083 1435 1263 1489 errori
1294 1432 1660 1495 consenserit,
1690 1432 1982 1503 culpabilis

395 1526 526 1587 erit,
552 1535 717 1595 atque
753 1520 1325 1579 exeommuni'catione
1359 1523 1735 1594 dignissimus.

393 1616 545 1672 CAP.
580 1617 664 1671 Vl.
694 1647 765 1657 —
800 1615 877 1669 De
911 1617 989 1669 his
1012 1617 1103 1687 qui
1124 1616 1193 1669 ad
1223 1632 1349 1685 opus
1381 1614 1474 1668 Dei
1498 1614 1650 1667 tarde
1679 1621 1984 1666 occurrunt.

480 1709 561 1763 Ad
613 1709 807 1763 horam
857 1723 991 1764 vero
1038 1706 1305 1761 orationis
1358 1706 1485 1759 dato
1546 1705 1703 1774 signo
1759 1704 1803 1758 si
1860 1704 1986 1773 quis

2090 617 2232 673 sciat
2259 632 2340 684 se,
2367 632 2491 673 cum
2523 614 2901 684 deprehensus
2936 610 3123 675 fuerit,
3154 609 3483 679 culpabilem
3516 609 3686 679 judi-

2090 701 2365 773 canditm,
2410 707 2539 779 quia
2587 722 2687 776 per
2732 720 2889 760 suam
2926 702 3314 777 negligentiam
3365 709 3419 754 et
3448 700 3586 753 alios
3616 699 3688 753 in

2093 802 2291 856 vitium
2316 800 2508 854 mittit.
2561 798 2620 852 ln
2647 797 2850 868 vigiliis
2878 794 3281 851 observandum
3312 802 3417 859 est,
3450 793 3687 861 quando

2095 908 2288 947 omnes
2316 892 2675 953 conveniunt,
2715 889 3036 960 quicunque
3074 897 3332 958 gravatur
3370 902 3586 949 somno,
3617 894 3687 941 et

2094 985 2209 1039 exit
2249 984 2417 1047 foras,
2462 998 2571 1037 non
2604 997 2663 1037 se
2698 982 2901 1037 fabulis
2944 989 3197 1050 occupet,
3245 980 3340 1034 sed
3377 980 3562 1034 statim
3592 995 3687 1033 re-

2085 1075 2215 1130 deat
2272 1075 2341 1129 ad
2385 1090 2525 1144 opus
2570 1073 2640 1128 ad
2691 1073 2837 1143 quod
2878 1072 3226 1127 convenitur.
3276 1071 3335 1126 ln
3380 1087 3691 1141 congrega-

2087 1172 2237 1222 tione
2254 1176 2437 1221 autem
2458 1167 2574 1237 ipsa
2597 1165 2689 1219 ubi
2720 1165 2943 1235 legitur.
2968 1180 3159 1219 aurem
3190 1179 3408 1231 semper
3433 1162 3498 1216 ad
3527 1163 3686 1217 Scri—

2088 1273 2281 1335 pturas
2302 1262 2559 1325 habeant,
2590 1270 2647 1317 et
2671 1260 2953 1315 silentium
2983 1259 3282 1314 observent
3310 1272 3522 1311 omnes.

2090 1372 2242 1429 CAP.
2273 1372 2386 1427 VII.
2419 1402 2491 1411 —
2529 1370 2594 1426 Ut
2624 1370 2789 1438 frater
2838 1370 2927 1438 qui
2967 1383 3063 1437 pro
3115 1366 3345 1438 qualibet
3400 1362 3553 1431 culpa
3586 1378 3689 1412 ar-

2160 1445 2359 1514 guitur,
2386 1437 2702 1511 patientiam
2731 1439 2921 1493 habeat
2947 1455 2965 1503 ,'
2994 1445 3043 1491 et
3072 1444 3129 1491 ut
3164 1437 3232 1489 ad
3264 1451 3500 1488 mensam
3528 1447 3687 1485 nemo

2165 1514 2437 1567 loauatur.

2165 1532 2215 1567 l0
2254 1532 2437 1567 uatur.

2165 1532 2281 1660 ch
2324 1605 2491 1659 etiam
2544 1600 2856 1656 addendum
2918 1597 3059 1661 fuit,
3113 1606 3175 1651 ut
3214 1593 3527 1663 fraterqui
3578 1607 3686 1662 pro

2094 1698 2342 1770 qualibet
2404 1696 2565 1766 culpa
2612 1694 2860 1765 arguitur
2912 1692 2998 1746 vel
3056 1690 3410 1756 increpatur,
3462 1686 3686 1755 patieno

394 1816 505 1855 non
537 1802 722 1855 statim
756 1799 1126 1871 praetermisso
1153 1798 1303 1852 omni
1332 1812 1496 1867 opere
1519 1795 1665 1866 quod
1694 1794 1805 1867 agit
1839 1795 1992 1865 (quia
2030 1834 2068 1888 Β
2100 1792 2231 1845 tiam
2266 1790 2486 1855 habeat,
2519 1797 2578 1842 et
2610 1803 2717 1841 non
2750 1783 3083 1888 respondeat
3112 1780 3368 1851 arguenti
3399 1796 3413 1843 ;
3449 1776 3543 1831 sed
3572 1776 3686 1888 llu-

394 1892 535 1946 nihil
582 1892 819 1947 orationi
877 1889 1308 1961 praeponendum
1358 1888 1465 1958 est)
1516 1899 1739 1958 paratus
1784 1886 1988 1953 fuerit,

396 1983 545 2037 foras
564 1981 890 2037 excludatur
906 1982 1037 2036 conf
1038 1981 1351 2036 undendus.
1370 1980 1605 2049 Operam
1628 1994 1759 2033 vero
1778 1978 1989 2032 dabunt

396 2073 597 2144 singuli
644 2073 864 2139 fratres,
910 2081 971 2125 ut
1017 2080 1263 2142 tempore
1306 2086 1416 2140 quo
1447 2070 1628 2124 missa:
1667 2068 1779 2139 (26)
1814 2068 1989 2131 ﬁunt,

398 2164 516 2220 sive
548 2164 655 2229 die,
691 2165 809 2219 sive
838 2172 1021 2228 nocte,
1056 2163 1277 2232 quando
1306 2161 1520 2216 diutius
1575 2160 1642 2213 ad
1684 2162 1992 2214 orationem

400 2257 657 2311 standum
691 2266 777 2311 est
820 2272 931 2310 non
966 2254 1246 2319 deﬁciant,
1290 2255 1378 2309 vel
1414 2253 1694 2323 superﬂuo
1719 2252 1864 2307 foras
1898 2266 1988 2305 re-

402 2348 637 2413 cedant;
675 2347 803 2417 quia
837 2348 1106 2415 scriptum
1160 2354 1245 2399 cst
1281 2345 1336 2399 in
1387 2344 1680 2414 Evangelia
1716 2361 1728 2396 :
1764 2342 1980 2412 Oportet

400 2445 576 2489 autem
608 2452 812 2504 semper
839 2451 1017 2500 orare,
1045 2442 1095 2488 et
1118 2451 1223 2487 non
1250 2433 1471 2502 deﬁcere
1502 2433 1567 2485 δ’.
1597 2432 1663 2486 Et
1682 2431 1790 2485 alio
1820 2432 1977 2485 loco:

398 2526 518 2582 Non
544 2528 849 2598 impediaris
880 2543 1037 2581 orare
1070 2542 1276 2597 semper
1306 2526 1373 2578 ".
1408 2523 1466 2578 Si
1497 2523 1622 2593 quis
1651 2529 1834 2576 autem
1869 2536 1980 2576 non

2102 1879 2281 1933 miliat
2321 1893 2379 1932 se
2426 1878 2482 1931 in
2522 1876 2780 1933 omnibus
2831 1871 3135 1929 secundum
3184 1876 3519 1937 praeceptum
3576 1865 3690 1918 Do-

2101 1969 2235 2023 mini
2270 1962 2505 2021 dicentis
2556 1983 2571 2019 :
2625 1964 2761 2030 Quia
2797 1963 2931 2016 Deus
2971 1960 3253 2015 humilibus
3294 1961 3386 2011 dat
3428 1956 3687 2025 gratiam,

2098 2058 2334 2128 superbis
2382 2066 2559 2110 autem
2585 2056 2777 2109 resistit
2804 2054 2871 2107 “.
2907 2054 2997 2115 Et,
3038 2050 3140 2117 Qui
3173 2067 3227 2104 se
3258 2046 3501 2103 humilia!
3530 2042 3691 2098 exal-

2099 2151 2301 2205 tabitur
2333 2150 2399 2202 “.
2427 2148 2532 2215 Qui
2561 2162 2694 2202 vero
2725 2147 2925 2216 saepius
2953 2153 3238 2213 correptus
3266 2158 3376 2195 non
3412 2154 3470 2195 se
3492 2152 3691 2192 emen-

2094 2239 2343 2305 daverit,
2375 2238 2712 2291 novissimus
2738 2237 2792 2289 in
2824 2235 3017 2289 ordine
3051 2243 3194 2287 stare
3219 2232 3513 2302 iubeatur;
3542 2226 3694 2281 sicut

2093 2332 2359 2386 Dominus
2402 2330 2586 2383 dixit:
2627 2327 2709 2382 Sit
2749 2328 2839 2381 tibi
2889 2328 3020 2379 sicut
3072 2326 3306 2379 ethnicus
3330 2326 3387 2376 ἐι
3447 2319 3690 2391 publica-

2094 2441 2193 2478 nus
2221 2424 2286 2478 ⁵⁸.
2329 2422 2412 2477 Ad
2442 2436 2686 2476 mensam
2714 2428 2896 2473 autem
2929 2417 3239 2487 specialiter
3274 2414 3459 2469 nullus
3493 2412 3692 2478 loqua-

2092 2523 2203 2582 tur,
2242 2516 2349 2571 nisi
2376 2514 2471 2585 qui
2503 2519 2724 2584 praeest,
2750 2511 2837 2566 vel
2863 2511 2957 2580 qui
2986 2510 3351 2578 interrogatus
3370 2504 3555 2559 fuerit.

466 2681 512 2714 “
553 2680 790 2749 Philipp.
837 2696 896 2745 ιι,
936 2678 1023 2733 14.
1101 2680 1148 2711 ⁸³
1188 2678 1496 2741 Luc.xvm,
1534 2674 1587 2729 l.
1662 2672 1709 2704 ⁸³
1747 2670 1920 2726 Eccli.
1962 2668 2227 2735 “111,22.
2303 2666 2351 2699 “
2389 2667 2411 2724 ι
2446 2667 2595 2723 Petr.
2630 2680 2685 2731 v,
2726 2664 2780 2719 5.
2856 2662 2901 2694 ”
2939 2660 3074 2716 Luc.
3101 2675 3211 2724 xxv,
3246 2657 3334 2712 ll.
3408 2657 3455 2689 ⁸⁸
3490 2655 3689 2712 Matth.

398 2768 550 2814 xvut,
580 2752 672 2805 27.

468 2905 581 2975 (26)
622 2903 818 2959 Μίδεω.
868 2902 1158 2975 Orationes
1196 2909 1259 2975 _et
1308 2898 1553 2975 collecta:
1598 2909 1738 2975 quae.
1784 2894 1840 2947 in
1890 2892 1998 2948 ﬁne

397 2964 600 3030 vei-sus
651 2991 681 3028 a
728 2974 1018 3029 sacerdote
1068 2971 1399 3025 dicebantur
1445 2968 1605 3021 dictae
1666 2964 1880 3026 Missae,
1931 2977 1999 3017 eo

399 3046 546 3114 quod
599 3046 712 3099 Deo
747 3044 926 3096 missa;
969 3038 1454 3114 sint._Aliquando
1512 3034 1859 3114 accipiuntur
1886 3047 1999 3114 pro

402 3102 556 3170 boris
583 3114 863 3169 canonicis
892 3121 949 3166 et
988 3102 1267 3166 cursibus'
1290 3106 1578 3163 nocturnis
1606 3102 1641 3171 ,⁷
1676 3113 1841 3173 prout
1886 3102 1995 3157 hic.

2108 2892 2247 2948 Vide
2266 2890 2589 2945 Menardum
2620 2888 2685 2943 ad
2716 2884 2987 2943 Concord.
3022 2884 3228 2956 regal,
3248 2899 3368 2953 pag.
3401 2884 3523 2950 551,
3559 2883 3688 2956 576,

2108 2964 2235 3023 577,
2271 2962 2364 3028 qui
2397 2961 2531 3013 alias
2548 2957 2955 3013 declarationes
2978 2954 3159 3011 aﬁ‘ert.
3192 2955 3480 3021 Ηοιετεκη
3510 2956 3563 3010 in
3589 2954 3688 3008 In-

2109 3035 2235 3086 dict.
2262 3031 2465 3085 declar.
2504 3046 2557 3084 v.
2594 3030 2794 3083 ΜιδεΑε.

408 3313 3655 3355 MM

1150 3466 1556 3549 REGULA
1630 3457 2022 3546 TERTIA
2099 3461 2234 3536 AD
2295 3457 2885 3538 MONACHOS.

790 3818 1017 3874 CAPUT
1051 3818 1092 3872 l.
1128 3846 1200 3857 ——
1230 3817 1309 3871 De
1338 3818 1622 3872 conversis.

478 3929 611 3990 Cum
632 3931 685 3984 in
714 3930 935 3983 nomine
958 3927 1175 3981 Domini
1202 3942 1311 3981 una
1342 3942 1467 3981 cum
1500 3925 1763 3980 fratribus
1794 3926 1998 3979 nostris

400 4021 1155 4089 convenissemus,imprimis
1167 4020 1372 4091 placuit
1392 4020 1653 4089 utlregula
1674 4028 1728 4073 et
1748 4020 1998 4073 instituta

403 4116 625 4173 Patrum
652 4131 749 4183 per
770 4113 1019 4167 ordinem
1054 4113 1371 4182 legerentur
1398 4129 1412 4165 :
1464 4112 1667 4181 quibus
1696 4112 1852 4165 lectis
1878 4112 1999 4180 pla—

403 4207 539 4269 cuit,
560 4206 605 4261 si
626 4205 693 4259 de
720 4204 921 4260 saeculo
948 4203 1071 4273 quis
1096 4204 1149 4257 in
1171 4202 1508 4259 monasterio
1538 4201 1781 4255 converti
1809 4201 2000 4255 volue-

405 4298 500 4362 rit,
524 4297 711 4367 regula
738 4297 789 4351 ei
840 4296 1142 4350 introeunti
1169 4297 1398 4364 legatur,
1417 4302 1473 4348 et
1499 4309 1691 4347 omnes
1707 4300 1862 4347 actus
1883 4308 2001 4346 mo-

405 4389 631 4451 nasterii
664 4388 739 4441 illi
766 4388 1045 4458 pateﬁant.
1067 4387 1222 4453 Quod
1249 4387 1294 4442 si
1323 4387 1507 4441 omnia
1524 4394 1649 4455 apte
1671 4385 1999 4455 susceperit,

404 4479 487 4533 sic
515 4478 679 4547 digne
704 4495 734 4531 a
762 4479 1025 4543 fratribus
1054 4478 1111 4531 in
1137 4478 1333 4532 cellula
1377 4477 1709 4547 suscipiatur
1744 4492 1756 4527 :
1812 4487 1925 4531 tum
1953 4476 2000 4531 si

405 4570 647 4639 aliquam
686 4571 742 4623 in
772 4571 1023 4625 cellulam
1043 4570 1282 4624 voluerit
1311 4569 1516 4624 inferre
1540 4569 1926 4634 substantiam,
1945 4570 2002 4623 in

409 4676 599 4716 mensa
635 4671 871 4730 ponatur
905 4676 1088 4715 coram
1120 4663 1377 4717 omnibus
1410 4661 1701 4728 fratribus,
1735 4664 1889 4717 velut
1917 4678 2003 4718 re-

414 4756 542 4825 gula
573 4755 841 4809 continet.
878 4753 1034 4820 Quod
1066 4755 1111 4809 si
1142 4765 1432 4826 susceptus
1454 4753 1643 4818 fuerit,
1678 4771 1790 4809 non
1822 4756 2001 4810 solum

408 4847 478 4900 de
530 4846 835 4900 substantia
878 4860 1044 4915 quam
1093 4846 1301 4912 intulit,
1348 4847 1445 4901 sed
1477 4847 1641 4902 etiam
1692 4863 1796 4903 nec
1842 4846 1911 4902 de
1944 4861 2003 4903 se

415 4938 534 5005 ipso
562 4937 631 4992 ab
659 4937 751 4991 illa
772 4936 1044 5008 iudicabit
1077 4937 1233 4992 hora.

438 5028 589 5083 CAP.
622 5029 684 5084 ll.
730 5060 800 5069 —
840 5028 906 5085 Ut
952 5028 1115 5083 abbas
1142 5030 1274 5085 nihil
1300 5032 1396 5084 sibi
1421 5031 1696 5101 proprium
1726 5030 1969 5084 vindicet.

2263 3814 2417 3871 CAP.
2448 3815 2539 3870 ΙΙΙ.
2577 3845 2648 3855 -
2686 3815 2763 3870 De
2810 3816 3128 3871 vestimentis
3159 3816 3550 3869 monachorum.

2174 3929 2513 3983 Vestimenta
2534 3944 2664 3983 vero
2681 3928 2946 3983 fratribus
2962 3930 3271 3983 necessaria
3298 3930 3372 3982 ita
3391 3927 3559 3981 abbas
3575 3940 3688 3978 om-

2106 4022 2275 4075 nibus
2286 4022 2544 4076 ordinare
2560 4021 2745 4086 debet,
2764 4037 2887 4090 qua:
2909 4021 3193 4074 monachis
3208 4020 3467 4081 deceant;
3488 4034 3593 4071 non
3610 4017 3691 4073 di-

2107 4110 2283 4164 versis
2312 4110 2595 4165 coloribus
2614 4111 2802 4175 tincta,
2820 4111 3067 4178 exceptis
3082 4110 3315 4163 cucullis
3335 4125 3456 4178 quae
3473 4122 3693 4177 compa-

2106 4204 2319 4263 rantur,
2352 4203 2397 4256 si
2434 4201 2643 4255 fuerint
2671 4201 2863 4271 nigrm,
2884 4200 2963 4254 uti
2999 4216 3093 4255 eas
3122 4200 3326 4254 debere
3355 4211 3661 4254 censemus.

2145 4316 2298 4371 CAP.
2340 4316 2429 4371 ιν.
2483 4345 2553 4355 -
2598 4314 2663 4369 Ut
2708 4314 2859 4368 nulla
2914 4312 3107 4367 mulier
3166 4314 3236 4368 ad
3292 4313 3667 4367 monasterium

2336 4408 2419 4461 uel
2472 4424 2663 4475 agrum
2729 4409 3107 4460 monachorum
3169 4408 3449 4465 accedat.

2182 4479 2627 4535 Familiaritatem
2671 4478 2984 4541 mulierum,
3030 4489 3137 4532 tam
3185 4487 3506 4547 parentum,
3536 4490 3695 4545 quam

2108 4583 2495 4628 extranearum
2517 4587 2618 4642 pro
2658 4572 3014 4628 custodienda
3049 4572 3180 4638 vita,
3201 4572 3364 4643 248
3391 4573 3475 4626 vel
3508 4587 3699 4626 caven-

2109 4666 2196 4720 dis
2217 4666 2429 4734 laqueis
2453 4664 2681 4725 diaboli.
2707 4664 2777 4717 ab
2793 4664 3051 4717 omnibus
3072 4662 3699 4718 monasteriisvelcultu—

2110 4758 2187 4812 ris
2203 4758 2621 4823 monachorum;
2635 4773 2731 4813 seu
2746 4750 3240 4825 frequentationem
3260 4757 3649 4810 monachorum
3668 4770 3698 4809 a

2110 4848 2461 4903 monasteriis
2479 4847 2806 4917 puellarum,
2825 4847 2969 4901 sicut
2986 4848 3171 4917 regula
3188 4848 3366 4909 docet,
3385 4846 3696 4916 prohibere,

2110 4956 2425 4997 censemus.
2467 4940 2660 5010 Neque
2692 4941 2802 4995 ulla
2851 4941 3050 4994 mulier
3084 4940 3316 4995 interius
3343 4940 3543 4993 atrium
3580 4954 3700 4991 mo-

2112 5033 2341 5088 nasterii
2388 5032 2603 5101 ingredi
2650 5032 2871 5086 audeat.
2905 5031 3062 5097 Quod
3098 5033 3143 5086 si
3185 5047 3309 5087 cum
3352 5029 3580 5085 consilio
3610 5031 3698 5083 vel

484 5120 683 5174 Abbati
744 5137 878 5176 vero
924 5123 1064 5177 nulli
1092 5123 1257 5177 liceat
1294 5122 1399 5177 sibi
1432 5122 1737 5191 quidquam
1778 5122 2003 5192 proprie
2040 5150 2084 5206 ο
2114 5126 2397 5181 voluntate
2439 5125 2656 5181 abbatis
2688 5126 3086 5179 monasterium
3117 5126 3204 5179 vel
3254 5125 3480 5179 cellulas
3508 5140 3699 5178 mona-

409 5211 714 5275 vindicare,
765 5228 890 5267 cum
941 5215 1127 5267 omnia
1169 5214 1283 5268 Deo
1318 5214 1560 5283 propitio
1607 5215 1663 5269 in
1692 5215 1842 5271 illius
1890 5230 2008 5269 ma-

409 5316 576 5357 neant
619 5311 906 5374 potestate.
966 5304 1020 5358 Si
1054 5305 1179 5373 quis
1206 5321 1357 5367 vero,
1390 5305 1539 5374 quod
1587 5305 1642 5360 in
1690 5308 1877 5377 regula
1915 5308 2005 5378 ju-

408 5394 660 5449 nioribus
685 5394 1031 5462 prohibetur,
1061 5396 1165 5449 sibi
1195 5396 1402 5465 aliquid
1428 5413 1496 5451 ex
1538 5398 1886 5453 successione
1911 5415 2005 5468 pa~

413 5492 654 5549 rentum,
682 5499 777 5537 seu
800 5484 1052 5552 quolibet
1081 5485 1283 5539 donato
1303 5486 1541 5542 retinere
1569 5492 1999 5558 praesumpserit,

414 5582 474 5627 et
526 5590 636 5627 non
683 5574 868 5628 omnia
915 5575 970 5628 in
1012 5591 1304 5630 commune
1354 5580 1620 5646 posuerit,
1671 5595 1701 5633 a
1738 5579 2004 5635 fratribus

416 5660 696 5732 arguatur.
746 5667 803 5721 Si
848 5668 905 5722 in
943 5669 1080 5725 vitio
1131 5670 1462 5738 perstiterit,
1509 5672 1564 5726 in
1599 5673 1852 5727 notitiam
1880 5675 2004 5744 epi-

419 5754 568 5821 scopi
603 5755 926 5811 deferatur:
954 5760 1050 5827 qui
1078 5760 1124 5814 si
1168 5760 1237 5813 ab
1284 5760 1547 5831 episcopo
1571 5773 1858 5834 correptus
1899 5780 2002 5820 nec

421 5841 499 5893 sic
525 5846 925 5912 emendaverit,
960 5850 1287 5920 deponatur.

2118 5218 2350 5273 chorum
2378 5217 2625 5289 quaedam
2658 5217 2827 5272 fuerit
2856 5217 3120 5287 ingressa,
3149 5217 3348 5272 merito
3378 5217 3511 5286 ipsis
3531 5215 3701 5269 abbas

2112 5319 2169 5365 et
2198 5324 2402 5365 nomen
2449 5310 2668 5364 abbatis
2692 5317 2945 5377 reponat,
2986 5318 3045 5363 et
3072 5308 3387 5363 inferiorem
3420 5323 3479 5362 se
3520 5305 3702 5359 omni-

2114 5402 2217 5457 bus
2238 5401 2573 5472 presbyteris
2600 5409 2957 5471 recognoscat
2982 5419 2994 5454 :
3022 5401 3148 5469 quia
3187 5400 3309 5454 talis
3336 5409 3525 5454 sancto
3554 5396 3703 5469 gregi

2114 5494 2359 5565 praeponi
2407 5493 2593 5559 debet,
2641 5494 2864 5562 quieos
2910 5491 3291 5546 immaculalos
3338 5490 3450 5544 Deo
3501 5489 3703 5542 offerre
3788 5501 3795 5507 ‘

2114 5594 2410 5657 procuret;
2458 5602 2569 5640 non
2616 5600 2715 5655 per
2745 5584 3022 5654 quaslibet
3050 5582 3447 5636 familiaritates
3482 5578 3703 5634 diabolo

2114 5678 2330 5736 sociare
2349 5678 2593 5734 festinet.

2143 5773 2296 5828 CAP.
2337 5774 2400 5827 V.
2432 5756 2498 5814 ;-
2532 5773 2605 5825 De
2632 5771 2851 5825 lectione
2874 5778 2922 5823 et
2938 5769 3245 5839 operatione
3266 5768 3666 5821 monachorum.

2185 5865 2455 5920 Matutino
2515 5864 2665 5919 dicto
2730 5861 2927 5916 fratres
2985 5859 3209 5915 lectioni
3268 5864 3468 5912 vacent
3524 5872 3700 5924 usque
