4020 6430
340 403 439 465 981

1484 374 1489 377 Α
1528 404 1837 465 REGULA
1900 404 2002 465 AD
2032 403 2462 465 MONACHOS.

3498 395 3608 459 982

341 508 410 562 ad
435 508 627 561 horam
654 506 950 561 secundam
982 524 994 560 :
1028 508 1073 563 si
1103 516 1284 563 tamen
1319 510 1469 563 nulla
1502 525 1665 563 causa
1693 509 1919 565 exstite-
1946 516 1994 572 Α
2018 509 2169 566 CAP.
2206 510 2299 564 XI.
2338 540 2407 549 —
2449 508 2513 564 Ut
2563 507 2724 562 abbas
2762 525 2882 562 cum
2927 508 3183 577 fratribus
3225 506 3428 576 reﬁciat
3475 507 3619 560 omni

341 602 435 666 rit,
469 616 576 669 qua
607 614 831 653 necesse
865 599 936 653 sit
964 600 1128 653 etiam
1161 601 1527 669 prietermissa
1560 601 1795 654 lectione
1826 601 1928 654 ali-

345 694 478 763 quid
504 693 623 747 fieri
649 692 704 746 in
727 706 1040 746 commune.
1078 693 1205 746 Post
1228 694 1417 747 horam
1442 694 1735 747 secundam
1760 708 1930 746 unus-

347 785 581 853 quisque
607 782 676 836 ad
716 797 855 851 opus
892 797 1052 836 suum
1080 793 1301 852 paratus
1341 785 1412 838 sit
1438 800 1612 853 usque
1636 784 1703 837 ad
1733 784 1929 837 horam
2025 797 2159 852 pore
2212 797 2338 836 cum
2374 779 2639 834 fratribus
2684 779 2937 833 reficiant
2987 796 2999 831 :

350 892 596 930 nonam:
632 874 779 943 quod
831 875 1142 946 injunctuin
1214 878 1399 943 fuerit,
1456 876 1583 931 Sine
1624 893 1930 930 murmura-

351 969 492 1020 tione
526 966 773 1035 perficiet
802 967 869 1019 ⁸⁷.

352 1077 503 1130 CAP.
538 1074 623 1129 VI.
646 1105 716 1113 —
738 1074 814 1128 De
842 1075 921 1129 his
945 1075 1036 1145 qui
1060 1074 1130 1127 ad
1161 1090 1288 1144 Opus
1325 1075 1421 1129 Dei
1449 1076 1599 1129 tarde
1629 1088 1933 1133 occurrunt.

421 1170 504 1224 Ad
552 1171 744 1224 horam
794 1186 926 1224 vere
974 1170 1241 1225 orationis
1286 1170 1413 1224 dato
1465 1173 1643 1242 signo,
1688 1173 1783 1243 qui
1828 1190 1938 1228 non

355 1265 537 1317 statim
582 1263 951 1333 praetermisso
1002 1263 1150 1317 omni
1205 1279 1371 1333 opere
1426 1265 1574 1335 quod
1627 1267 1738 1336 agit
1789 1266 1942 1336 (quia

276 1400 279 1403 ,
357 1356 496 1409 nihil
529 1354 766 1409 orationi
797 1340 1227 1425 praeponendum
1259 1358 1363 1423 cst)
1393 1366 1616 1425 paratus
1649 1358 1833 1421 fuerit,
1869 1358 1939 1411 ab

358 1446 557 1499 abbate
584 1447 671 1499 vel
698 1445 990 1515 prmposito
1011 1445 1376 1514 corripiatur:
1410 1454 1468 1501 et
1496 1447 1601 1501 nisi
1630 1456 1940 1517 prostratus

357 1534 573 1588 veniam
606 1534 845 1601 petierit,
882 1534 1414 1587 excommunicetur.

569 1621 722 1677 CAP.
763 1622 875 1676 VII.
912 1652 983 1660 —
1021 1622 1096 1675 De
1120 1622 1330 1676 silentio
1354 1624 1424 1676 ad
1450 1640 1708 1678 mensam.

432 1713 513 1766 Ad
558 1728 801 1767 mensam
854 1720 1037 1767 autem
1087 1715 1400 1783 specialiter
1433 1716 1619 1771 nullus
1661 1716 1939 1786 loquatur,

364 1802 471 1857 nisi
513 1803 606 1872 qui
637 1800 856 1871 praeest,
891 1804 976 1857 vel
1002 1804 1095 1873 qui
1125 1805 1491 1876 interrogatus
1518 1806 1705 1861 fuerit.

394 1912 545 1967 CAP.
587 1913 723 1967 VIII.
762 1942 833 1952 -—
874 1912 939 1985 Ut
995 1914 1065 1967 ad
1120 1916 1415 1969 necessaria
1474 1915 1759 1985 quwrenda
1805 1916 1912 1970 bini

848 1976 930 2037 vel
963 1985 1101 2037 terni
1135 1986 1437 2038 mittantur.

432 2072 513 2126 Ad
538 2074 846 2128 necessaria
873 2073 1167 2143 quaerenda
1198 2074 1251 2127 in
1277 2075 1496 2137 cellula,
1522 2074 1636 2129 bini
1659 2076 1950 2145 egredian-

363 2174 455 2219 tur
499 2165 586 2219 vel
648 2165 791 2219 terni
825 2164 1022 2219 fratres
1059 2183 1072 2218 :
1109 2174 1166 2219 et
1209 2166 1282 2219 ita
1308 2166 1407 2229 illi,
1436 2166 1640 2233 quibus
1681 2167 1946 2233 creditur,

362 2272 473 2309 non
517 2255 613 2324 qui
649 2256 1040 2309 verbositatem
1075 2264 1172 2308 aut
1214 2257 1395 2324 gulam
1425 2265 1730 2312 sectantur.

364 2368 520 2423 CAP.
573 2368 667 2423 IX.
721 2397 792 2407 -—
847 2366 912 2421 Ut
960 2370 1223 2439 nusquam
1278 2369 1390 2422 sine
1428 2377 1690 2439 prtecepto
1728 2371 1951 2425 senioris

974 2438 1335 2507 egrediantur.

436 2547 494 2603 Si
527 2547 652 2617 quis
688 2562 818 2602 vero
844 2556 1000 2603 extra
1039 2548 1436 2603 conscientiam
1465 2548 1683 2604 abbatis
1700 2551 1786 2605 vel
1817 2565 1954 2620 prte-

365 2640 552 2709 positi,
600 2640 1035 2710 qualemcunque
1090 2641 1269 2694 locum
1328 2641 1628 2711 ingressus,
1692 2642 1831 2712 gula:
1868 2643 1954 2697 vel

364 2732 623 2786 ebrietati
670 2747 729 2786 se
767 2732 1090 2795 sociaverit;
1150 2741 1246 2786 aut
1298 2732 1345 2786 si
1392 2733 1448 2785 in
1491 2733 1740 2802 proximo
1777 2742 1958 2788 trans-

366 2825 589 2885 missus,
634 2839 731 2893 pro
771 2840 868 2877 sua
906 2822 1130 2877 levitate
1160 2824 1245 2877 vel
1294 2824 1441 2893 gula,
1474 2840 1586 2877 non
1624 2825 1811 2878 statim
1863 2840 1959 2879 cx-

369 2916 553 2985 pedita
609 2917 937 2970 necessitate
978 2916 1045 2969 ad
1086 2916 1280 2970 cellam
1327 2916 1596 2982 redierit;
1630 2932 1755 2970 cum
1803 2917 1857 2970 in
1903 2917 1958 2971 id

368 3007 588 3061 facinus
616 3007 783 3061 fuerit
815 3008 1085 3070 detectus,
1129 3018 1191 3061 ut
1218 3022 1459 3062 canones
1498 3008 1719 3072 docent,
1746 3017 1841 3062 aut
1870 3009 1961 3062 tri-

372 3100 523 3169 ginta
567 3100 767 3153 diebus
814 3115 845 3153 a
892 3099 1281 3155 communione
1330 3111 1636 3170 separetur,
1668 3110 1762 3155 aut
1787 3101 1958 3172 virgis

373 3206 548 3245 caesus
577 3191 925 3246 emendetur.
1730 3208 1735 3213 '

373 3301 526 3357 CAP.
570 3302 637 3357 Χ.
668 3334 739 3342 -
763 3303 839 3356 De
862 3305 939 3357 his
963 3304 1053 3373 qui
1069 3305 1131 3358 de
1159 3308 1481 3358 monasterio
1508 3307 1653 3358 exire
1678 3305 1957 3360 voluerint.

448 3414 605 3480 Quod
637 3414 684 3469 si
731 3430 859 3469 casu
898 3415 1021 3483 quis
1071 3414 1238 3468 frater
1265 3414 1334 3469 de
1377 3414 1573 3468 cellula
1612 3430 1678 3468 ex
1718 3415 1963 3485 qualibet

379 3506 624 3561 scandali
682 3521 847 3560 causa
892 3506 1043 3559 exire
1088 3506 1344 3568 voluerit,
1403 3505 1541 3559 nihil
1590 3508 1811 3575 penitus
1853 3507 1960 3562 nisi

380 3598 739 3667 nugalissimo
792 3597 902 3664 (‘27)
960 3597 1223 3650 induatur
1275 3598 1644 3663 vestimento,
1703 3606 1760 3652 et
1810 3608 1963 3654 extra

383 3692 829 3744 communionem
862 3688 1100 3744 infidelis
1132 3690 1395 3745 discedat.

457 3840 502 3876 ⁸⁷
528 3844 767 3915 Philipp.
803 3860 861 3910 ιι,
896 3844 984 3898 14.

462 4003 577 4074 (27)
614 4003 997 4074 Nugalissimo.
1022 4003 1081 4057 Id
1104 4011 1209 4063 est,
1245 4003 1394 4073 quod
1430 4002 1602 4057 risum
1640 4012 1858 4058 moveat
1880 4018 1975 4058 oc-

392 4074 765 4137 currentibus,
828 4076 1129 4144 interprete
1179 4074 1404 4141 Cangio,
1455 4076 1549 4143 qui
1598 4074 1747 4127 hunc
1791 4075 1971 4143 ipsum

393 4146 587 4199 recitat
644 4144 697 4197 in
741 4144 977 4199 Glossar.
1014 4161 1067 4198 v.
1099 4145 1517 4214 Nugalissimus.
1565 4145 1771 4199 Eodem
1805 4160 1969 4199 sensu

392 4215 769 4276 accipiendum
793 4217 1179 4270 notatissimum
1208 4217 1595 4282 vestimentum,
1632 4216 1789 4284 cujus
1810 4230 1965 4268 men-

2705 587 2961 649 tempore.

2096 691 2237 745 Illud
2298 705 2517 760 quoque
2558 688 2874 752 statuimus,
2910 698 2972 743 ut
3015 688 3240 743 abbates
3285 686 3433 741 omni
3480 692 3619 741 tem-v

3064 779 3191 848 quia
3236 793 3302 832 eo
3348 786 3615 845 tempore,

2030 890 2143 943 quo
2172 874 2374 926 fratres
2408 880 2503 925 aut
2550 886 2649 940 pro
2676 870 3009 940 negligentia
3043 885 3293 939 arguere,
3321 878 3417 922 aut
3453 868 3619 937 spiri-

2031 966 2164 1019 tuali
2190 964 2393 1019 debent
2420 978 2672 1017 sermone
2697 963 2947 1017 imbuere
2970 1002 2983 1025 ,
3011 963 3218 1030 absque
3249 969 3399 1015 certa
3425 974 3621 1013 neces-

2035 1057 2193 1111 sitate
2228 1070 2286 1108 se
2318 1068 2599 1107 removere
2630 1069 2740 1107 non
2771 1052 2993 1107 debent.

2069 1169 2221 1225 CAP.
2262 1168 2377 1222 XII.
2420 1198 2489 1208 —
2530 1166 2593 1221 Ut
2641 1166 2820 1219 nullus
2865 1167 3149 1219 monachus
3183 1166 3236 1218 in
3278 1164 3593 1230 inﬁrmitate

2254 1240 2450 1307 positus
2476 1246 2755 1306 parentum
2788 1238 2960 1289 studio
2986 1236 3396 1289 commendetur.

2110 1332 2169 1385 Id
2192 1331 2356 1385 etiam
2388 1345 2489 1399 pro
2523 1328 2884 1382 custodienda
2913 1327 3053 1381 fama
3087 1326 3399 1395 specialiter
3431 1323 3626 1379 statui-

2036 1439 2181 1487 mus,
2210 1431 2268 1475 ut
2300 1422 2484 1475 nullus
2511 1420 2813 1474 monachus
2842 1420 2897 1471 in
2935 1419 3255 1473 infirmitate
3292 1416 3506 1487 positus
3534 1429 3627 1468 re-

2036 1516 2166 1570 licto
2195 1513 2529 1568 monasterio
2555 1520 2845 1581 parentum
2878 1526 3103 1563 suorum
3127 1509 3312 1564 studio
3344 1524 3627 1562 commen-

2038 1610 2200 1664 detur
2233 1627 2246 1661 :
2283 1606 2411 1676 quia
2454 1605 2628 1674 magis
2658 1618 2785 1658 eum
2812 1601 3155 1656 saecularium
3190 1600 3628 1669 spectaculorum

2038 1702 2160 1755 visu
2188 1708 2283 1753 aut
2321 1697 2511 1752 auditu
2541 1694 2711 1765 pollui
2745 1708 3054 1757 censemus,
3102 1708 3266 1762 quam
3311 1691 3381 1745 ab
3408 1690 3632 1760 :egritu-

1980 1779 2022 1832 Β
2050 1795 2177 1848 dine
2206 1807 2366 1861 posse
2396 1788 2638 1861 purgari.

2208 1882 2359 1937 CAP.
2400 1881 2539 1935 XIII.
2580 1910 2653 1921 —
2689 1878 2766 1932 De
2788 1880 2866 1932 his
2891 1878 2979 1947 qui
3012 1876 3209 1946 furtum
3241 1876 3461 1946 faciunt.

2123 1976 2180 2031 Si
2203 1976 2328 2045 quis
2352 1989 2483 2028 vero
2503 1971 2807 2026 monachus
2824 1970 3029 2023 furtum
3048 1968 3260 2031 fecerit,
3287 1967 3430 2036 quod
3453 1966 3636 2036 potius

2052 2065 2398 2135 sacrilegium
2428 2063 2533 2117 dici
2560 2069 2761 2131 potest,
2800 2060 2851 2114 id
2886 2060 3203 2115 censuimus
3232 2059 3634 2123 ordinandum;

2052 2166 2114 2211 ut
2145 2157 2333 2226 junior
2356 2154 2525 2224 virgis
2549 2168 2723 2207 etesus
2763 2152 2896 2205 tanti
2929 2151 3179 2206 criminis
3202 2166 3329 2204 reus
3358 2166 3638 2220 nunquam

2050 2247 2291 2301 ofﬁcium
2322 2246 2613 2298 clericatus
2634 2242 2910 2311 excipiat;
2948 2242 2991 2295 si
3030 2257 3164 2295 vero
3188 2241 3296 2311 jam
3328 2242 3561 2295 clericus
3583 2242 3639 2295 in

2051 2337 2105 2391 id
2138 2336 2354 2391 facinus
2379 2336 2545 2390 fuerit
2566 2333 3234 2405 deprehensus,'nominis
3260 2333 3431 2401 ipsius
3464 2333 3642 2403 digni-

2051 2437 2164 2484 tate
2182 2430 2428 2499 privetur
2457 2447 2469 2482 :
2499 2429 2587 2482 cui
2607 2427 2853 2482 sullicere
2878 2434 3057 2496 potest
3088 2442 3187 2495 pro
3217 2436 3372 2479 actus
3394 2426 3477 2479 sui
3508 2426 3644 2479 levi-

2054 2532 2187 2586 tate,
2220 2524 2439 2591 impleta
2471 2522 2808 2592 poenitentia:
2835 2521 3227 2583 satisfactione,
3263 2521 3604 2576 communio.

2053 2615 2205 2671 CAP.
2245 2614 2385 2669 XIV.
2448 2644 2519 2654 —
2581 2614 2645 2668 Ut
2684 2613 2860 2667 nullus
2905 2613 3123 2665 alterius
3172 2615 3482 2666 monasterii
3527 2631 3641 2667 mo-

2243 2687 2468 2739 nachum
2507 2685 2622 2737 sine
2661 2686 2915 2755 permissu
2952 2684 3155 2737 abbatis
3184 2685 3458 2743 suscipiat.

2124 2779 2451 2833 Monachum
2498 2776 2608 2829 nisi
2653 2776 2869 2831 abbatis
2892 2776 2975 2829 sui
3005 2785 3098 2829 aut
3127 2775 3396 2844 permissu
3431 2783 3525 2828 aut
3552 2790 3650 2829 vo-

2054 2870 2267 2923 luntate
2291 2869 2358 2922 ad
2382 2867 2534 2922 aliud
2556 2867 2949 2921 monasterium
2970 2867 3443 2935 connnigrantem,
3463 2864 3650 2919 nullus

2056 2962 2228 3016 abbas
2264 2970 2358 3014 aut
2386 2959 2669 3029 suscipere
2702 2967 2796 3012 aut
2826 2960 3062 3013 retinere
3086 2966 3398 3027 praesumat.
3420 2957 3574 3022 Quod
3603 2958 3649 3012 si

1982 3043 2027 3105 C
2061 3053 2129 3107 ad
2159 3051 2550 3106 districtiorem
2584 3051 2827 3120 regulam
2859 3066 2966 3105 non
2991 3067 3090 3119 pro
3130 3058 3284 3103 actus
3317 3049 3399 3102 sui
3428 3047 3650 3102 levitate

2058 3144 2373 3199 tendentem
2406 3145 2575 3200 abbas
2601 3160 2735 3198 suns
2782 3145 2959 3215 ipsum
3010 3144 3075 3198 ad
3106 3144 3341 3198 alterum
3372 3150 3653 3196 monaste-

2058 3235 2203 3289 rium
2233 3234 2466 3288 transire
2514 3233 2849 3303 permiserit,
2875 3241 2935 3286 ut
2968 3233 3095 3288 inde
3126 3242 3314 3300 postea
3340 3232 3443 3287 sub
3472 3232 3653 3300 aliqua

2059 3327 2347 3384 occasione
2380 3326 2600 3396 aggredi
2622 3335 2936 3396 prazsumat,
2966 3326 3115 3379 nulla
3139 3326 3351 3380 ratione
3376 3323 3652 3394 permitti-

2061 3434 2202 3473 mus.
2221 3418 2362 3473 Sane
2387 3418 2432 3472 si
2461 3416 2586 3485 quis
2613 3428 2739 3486 post
2761 3418 2899 3470 hanc
2922 3417 3396 3486 diligentissimam
3420 3413 3658 3469 sanctio-

2067 3526 2191 3564 nem
2220 3526 2328 3563 non
2356 3510 2651 3563 observare
2676 3526 2797 3578 qum
2832 3519 2955 3561 sunt
2980 3509 3237 3577 superius
3261 3506 3656 3576 comprehensa

2067 3601 2522 3670 praesumpserit,
2573 3615 2725 3653 reum
2772 3617 2831 3654 se
2881 3600 3185 3653 divinitatis
3212 3599 3417 3667 pariter
3462 3604 3518 3650 cl.
3546 3594 3658 3649 fra-

2074 3693 2353 3748 ternitatis
2375 3693 2583 3765 judicio
2616 3692 2862 3747 futurum
2893 3706 3013 3746 esse
3042 3698 3357 3761 cognoscat.

2078 4003 2156 4073 tio
2190 4002 2242 4055 in
2292 4004 2578 4073 superiore
2610 4005 2799 4073 regula
2832 4004 2887 4059 S.
2936 4003 3155 4058 Macarii
3197 4019 3316 4072 cap.
3362 4003 3452 4065 28,
3510 4001 3657 4069 quod

2077 4072 2396 4197 IIollstcnius
2436 4072 2856 4145 interpretatur,
2889 4077 3042 4146 parvi
3084 4076 3334 4127 momenti
3371 4091 3433 4127 ac
3460 4072 3659 4126 nullius

2077 4160 2138 4197 va
2167 4160 2292 4197 oris.

2073 4160 2292 4199 vatorts.
