4020 6484
390 436 498 502 983

1663 435 1972 496 REGULA
2008 388 2527 497 ORIENTALIS.‘

3548 435 3671 501 984

1264 794 1819 908 REGULA
1910 796 2767 909 ORIENTALIS

1059 1043 1162 1102 EX
1232 1044 1550 1105 PATRUM
1626 1046 2131 1106 ORIENTALUM
2206 1045 2544 1107 REGULIS
2617 1046 2991 1108 COLLECTA

1500 1256 1561 1330 Α
1592 1254 1812 1332 VlGI
1834 1254 1999 1330 L10
2068 1257 2549 1337 DIACONO.

456 1615 687 1687 2491.
722 1615 793 1671 Ut
820 1630 997 1685 neque
1021 1614 1270 1670 seniores
1325 1615 1380 1668 in
1421 1615 1673 1685 regendis
1706 1615 1971 1671 fratribus
1997 1619 2047 1676 Α
2075 1615 2273 1671 fratres
2297 1616 2723 1687 intemperantia
2746 1618 2893 1673 illius
2918 1618 3189 1671 laborent.
3227 1616 3354 1671 llaec
3388 1616 3663 1671 observa-

388 1704 625 1761 inaniter
672 1706 940 1773 laborent,
994 1722 1173 1776 neque
1229 1706 1518 1775 disciplina
1578 1707 1859 1777 juniorum
1884 1724 1979 1762 va-

386 1793 555 1857 cillet,
596 1810 717 1863 qua:
745 1793 958 1848 abbatis
987 1794 1414 1848 «conversatione
1443 1794 1679 1849 stabilita
1702 1794 1857 1848 firma
1885 1796 1977 1861 sit,

386 1892 606 1952 oportet
639 1885 893 1939 abbatem
954 1883 1499 1953 irreprehensibilem
1536 1900 1679 1945 esse,
1699 1901 1976 1952 severum,

385 1974 709 2043 patientem,
747 1976 1489 2045 jejunum,pium,hmnilem
1524 1995 1537 2030 ι
1570 1988 1629 2031 ut
1650 1978 1895 2034 doctoris
1922 1992 1977 2034 et

377 2066 565 2134 patris
590 2066 772 2120 locum
807 2066 1052 2136 impleat,
1083 2083 1141 2122 se
1193 2067 1373 2135 ipsum
1430 2066 1663 2122 formam
1715 2069 1970 2138 praebens

388 2155 666 2210 bonorum
693 2172 924 2227 Operum
948 2157 1014 2211 ⁸⁸.
1042 2158 1123 2212 Ad
1150 2160 1306 2228 cujus
1340 2158 1747 2214 ordinationem
1778 2176 1971 2215 omnes

388 2246 591 2300 fratres
620 2245 940 2315 respiciant,
972 2246 1112 2301 nihil
1155 2248 1275 2301 sine
1299 2247 1530 2301 consilio
1553 2257 1610 2302 et
1640 2249 1971 2303 auctoritate

388 2335 563 2405 ipsius
585 2337 867 2393 facientes.
915 2337 1019 2404 Qui
1053 2338 1331 2393 sustinens
1358 2337 1681 2392 monasterii
1726 2339 1972 2394 necessi-

390 2435 552 2491 tates,
581 2427 649 2482 de
696 2429 956 2483 omnibus
977 2445 1099 2499 quae
1154 2430 1210 2483 in
1248 2428 1588 2483 monasterio
1632 2440 1763 2484 sunt
1796 2430 1970 2484 libere

386 2518 690 2589 judicabit;
719 2522 927 2576 nullius
948 2537 1240 2591 personam
1260 2522 1561 2592 accipiens,
1583 2538 1687 2577 nec
1724 2522 1819 2577 ulli
1848 2539 1974 2594 gra-

390 2609 525 2663 tiam
553 2617 855 2677 praastans;
907 2610 1006 2666 sed
1037 2627 1492 2682 unumquemque
1523 2612 1827 2667 secundum
1856 2628 1974 2667 me-

391 2700 496 2753 rita
518 2701 853 2769 quotidianae
882 2703 1324 2757 conversationis
1349 2703 1404 2756 in
1440 2703 1670 2759 veritate
1697 2704 1972 2774 judicans,

391 2791 707 2858 admoneat,
746 2793 1019 2859 hortetur,
1051 2794 1301 2864 castiget,
1336 2794 1667 2848 condemnet
1697 2812 1711 2848 :
1740 2796 1825 2849 vel
1854 2810 1975 2850 sus-

2082 1708 2165 1761 bit
2192 1708 2377 1762 senior
2416 1709 2738 1762 monasterii
2767 1708 2859 1778 qui
2893 1707 3155 1761 fratribus
3177 1707 3501 1775 praepositus
3546 1717 3658 1770 est,

2080 1796 2325 1850 referens
2344 1795 2409 1849 ad
2441 1796 2696 1851 abbatem
2727 1797 2933 1858 omnia;
2972 1795 3056 1849 vel
3083 1794 3355 1864 prmcipue
3404 1794 3497 1849 illa
3532 1811 3663 1864 qua:

2076 1902 2176 1957 per
2199 1902 2257 1941 se
2292 1902 2402 1940 non
2434 1887 2671 1941 valuerit
2700 1886 2995 1957 explicare.

2144 2020 2231 2075 IV.
2247 2020 2698 2076 Commendatum
2717 2021 2937 2091 aliquod
2961 2022 3124 2075 etiam
3144 2038 3173 2076 a
3198 2037 3459 2093 germano
3484 2022 3661 2077 fratre

2076 2114 2261 2167 nullus
2291 2112 2525 2182 accipiat
2552 2131 2564 2165 :
2598 2113 2735 2166 nihil
2766 2114 2820 2167 in
2852 2114 2988 2168 cella
3020 2130 3113 2168 sua
3147 2114 3353 2183 absque
3376 2113 3661 2183 praepositi

2070 2206 2321 2277 jussione
2355 2205 2627 2276 quispiam
2654 2206 2876 2268 habeat,
2908 2221 2977 2260 ne
2998 2220 3160 2275 poma
3201 2204 3423 2275 quidem
3444 2205 3660 2259 vilissi-

2075 2315 2185 2364 ma,
2212 2308 2268 2354 et
2288 2309 2490 2357 caetera
2519 2299 2927 2371 hujuscemodi.

2146 2414 2209 2469 ν.
2247 2412 2550 2484 Operantes
2583 2428 2715 2468 vero
2746 2412 2942 2468 fratres
2978 2412 3113 2465 nihil
3142 2412 3442 2480 loquantur
3480 2426 3661 2465 saecu-

2069 2504 2223 2559 lare:
2260 2506 2355 2560 sed
2387 2514 2483 2560 aut
2529 2505 2869 2559 meditentur
2900 2520 2965 2559 ea
2996 2520 3117 2574 qua:
3155 2512 3345 2557 sancta
3388 2512 3537 2568 sunt,
3562 2512 3661 2557 aut

2069 2603 2219 2650 certe
2254 2596 2517 2650 silebunt.

2142 2707 2231 2761 Vl.
2290 2706 2394 2773 Qui
2450 2715 2635 2762 autem
2691 2706 2973 2775 coquinat,
3008 2715 3302 2776 antequam
3343 2704 3542 2759 fratres
3572 2719 3668 2758 re-

2075 2796 2283 2862 ﬂciant,
2321 2812 2433 2851 non
2454 2796 2698 2867 gustabit
2733 2796 3062 2866 quidquam.

391 2882 591 2952 cipiat,
624 2883 669 2938 si
702 2884 778 2938 ita
811 2885 947 2939 utile
987 2886 1212 2941 videtur
1234 2927 1248 2951 ,
1287 2887 1572 2941 venientes
1598 2887 1665 2941 ad
1700 2898 1978 2942 monaste-
2006 2892 2054 2951 B
2150 2909 2262 2962 γη,
2290 2908 2463 2963 Νεωο
2490 2909 2545 2961 in
2570 2908 2708 2962 cena
2740 2917 2833 2961 aut
2865 2908 2920 2961 in
2946 2908 3110 2962 domo
3145 2923 3242 2961 sua
3270 2907 3472 2962 habeat
3502 2906 3667 2977 quid-

394 2973 571 3038 rium;
609 2975 693 3027 vel
728 2976 931 3045 ejiciat,
968 2977 1013 3031 si
1042 2977 1117 3033 ita
1148 2978 1449 3033 necessitas
1477 2977 1667 3043 fuerit,
1699 2979 1839 3033 male
1870 2980 1973 3034 ha-

392 3064 657 3120 bitantes.

463 3198 530 3252 ll.
565 3198 625 3252 ln
647 3200 985 3255 monasterio
1009 3200 1259 3255 seniores
1297 3201 1410 3255 sint
1445 3201 1577 3267 duo,
1611 3201 1677 3254 ad
1706 3216 1845 3269 quos
1891 3201 1978 3255 vel

394 3298 667 3360 prasente
697 3289 897 3345 abbate
944 3292 1028 3345 vel
1059 3291 1285 3345 absente
1331 3293 1578 3346 omnium
1625 3292 1857 3346 fratrum
1896 3293 1982 3347 di—

395 3381 651 3450 sciplina,
689 3389 745 3434 et
768 3381 950 3437 omnis
981 3397 1114 3435 cura
1146 3384 1467 3437 monasterii
1496 3384 1770 3451 pertineat
1803 3401 1816 3435 :
1848 3384 1984 3438 dan-

396 3482 481 3525 tes
506 3471 609 3526 sibi
634 3471 786 3526 vices
803 3488 901 3540 per
921 3473 1061 3537 dies,
1086 3482 1140 3526 et
1164 3472 1476 3528 dividentes
1511 3473 1656 3529 inter
1680 3490 1737 3528 se
1767 3474 1985 3544 pondus

396 3579 461 3619 ac
489 3564 876 3619 necessitatem
927 3566 1291 3631 monasterii;
1337 3581 1401 3619 ex
1434 3567 1638 3636 quibus
1671 3584 1814 3621 unus
1846 3578 1986 3622 tem-

399 3672 534 3726 pore
569 3672 668 3710 suo
711 3672 955 3725 przesens
1002 3656 1057 3712 in
1090 3657 1428 3712 monasterio
1478 3673 1699 3727 semper
1741 3658 1870 3720 erit,
1916 3657 1985 3712 ad

398 3748 771 3818 praestandum
801 3748 985 3802 abbati
1020 3750 1303 3812 solatium,
1333 3749 1421 3802 vel
1455 3748 1784 3817 obsequium
1818 3747 1987 3802 adve‘

400 3841 685 3895 nientibus
711 3840 1005 3907 fratribus;
1035 3851 1092 3895 et
1111 3841 1181 3895 ad
1212 3840 1629 3910 procedendum
1658 3841 1753 3895 ubi
1790 3832 1987 3896 neces-

401 3933 536 3986 sitas
574 3932 887 3987 communis
919 3933 1201 4003 exegerit,
1246 3941 1413 4001 atque
1466 3933 1809 4003 diligentiam
1840 3935 1989 3988 circa

402 4023 587 4076 omnia
616 4038 739 4091 quae
760 4023 826 4075 ad
851 4022 1232 4091 quotidianam
1272 4024 1580 4077 custodiam
1612 4032 1667 4077 et
1695 4038 1991 4077 conversa-

402 4114 610 4168 tionem
648 4114 968 4169 monasterii
1002 4115 1285 4183 pertinent
1315 4114 1725 4169 adhibendam:
1758 4125 1991 4185 utquze-

2076 3015 2239 3068 quam
2280 3008 2480 3069 praater
2535 3016 2600 3055 ea
2632 3016 2753 3069 quae
2794 3000 2850 3054 in
2886 3000 3163 3055 communi
3195 3002 3513 3055 monasterii
3550 3001 3670 3071 lege

2077 3101 2351 3162 praecepta
2383 3102 2530 3147 sunt.

2152 3204 2285 3259 Vlll.
2310 3204 2560 3275 Cumque
2593 3207 2661 3260 ad
2695 3206 3084 3262 dormiendum
3136 3223 3195 3262 se
3250 3207 3662 3269 collocaverint,

2081 3295 2223 3349 alter
2284 3296 2445 3350 alteri
2494 3313 2604 3350 non
2661 3297 2940 3366 loquatur.
2993 3297 3201 3353 Cellam
3265 3299 3513 3361 alterius,
3559 3299 3661 3352 nisi

2088 3386 2245 3455 prius
2277 3385 2345 3440 ad
2374 3386 2579 3441 ostium
2618 3388 2915 3458 percutiat,
2951 3389 3180 3443 introire
3206 3405 3314 3443 non
3352 3390 3559 3443 audeat.

2158 3519 2250 3574 1X.
2282 3520 2496 3575 Mutare
2544 3520 2615 3577 de
2672 3521 2761 3576 his
2803 3536 2925 3590 quae
2973 3536 3005 3575 a
3056 3524 3352 3591 praeposito
3388 3519 3651 3587 acceperit

2087 3629 2213 3666 cum
2246 3612 2422 3665 altero
2472 3630 2583 3667 non
2626 3612 2876 3667 audebit.
2911 3612 3027 3666 Nec
3072 3611 3309 3681 accipiat
3358 3610 3561 3673 melius,
3603 3618 3661 3659 et

2088 3705 2242 3759 dabit
2271 3706 2552 3766 deterius;
2584 3714 2680 3758 aut
2706 3721 2735 3759 e
2767 3707 3050 3760 contrario
3084 3705 3221 3759 dans
3253 3704 3453 3758 melius
3492 3712 3548 3756 et
3568 3701 3667 3755 de-

2093 3798 2267 3852 terius
2301 3798 2602 3866 accipiens.
2665 3797 2838 3851 Nemo
2878 3797 2947 3852 ab
3001 3798 3176 3852 altero
3228 3795 3463 3865 accipiat
3509 3794 3672 3865 quid-

2096 3887 2265 3957 piam,
2290 3887 2397 3941 nisi
2436 3888 2765 3956 prmpositus
2794 3886 3043 3957 jusserit.

2164 4021 2233 4075 Χ.
2274 4021 2474 4079 Clausa
2502 4023 2639 4077 cella
2682 4023 2872 4077 nullus
2911 4022 3179 4087 dormiat;
3215 4038 3317 4077 nec
3347 4022 3547 4076 habeat
3576 4038 3674 4075 cu-

2096 4112 2345 4167 biculum
2378 4113 2525 4182 quod
2549 4113 2729 4167 claudi
2765 4113 2940 4181 possit
2967 4130 2980 4165 :
3018 4113 3123 4166 nisi
3154 4112 3296 4167 forte
3328 4114 3473 4166 aetati
3504 4112 3677 4165 alicu-

404 4222 625 4275 cunque
656 4206 723 4260 ad
748 4207 1078 4276 obsequium
1102 4222 1371 4276 usumque
1394 4207 1718 4260 monasterii
1742 4207 1993 4261 facienda
2022 4225 2062 4281 ρ
2091 4204 2183 4275 jus
2209 4205 2294 4259 vel
2324 4204 2631 4260 infirmitati
2662 4206 2824 4260 Pater
2848 4205 3168 4259 monasterii
3190 4205 3546 4260 concesserit.

406 4307 558 4362 sunt,
592 4297 711 4352 sine
734 4299 1069 4369 negligentia
1098 4297 1398 4367 etquerela
1422 4297 1645 4352 faciant.
1678 4298 1835 4351 Alius
1867 4313 1992 4351 cum

405 4386 671 4441 fratribus
702 4387 832 4451 erit,
890 4396 1138 4456 tempore
1178 4403 1281 4441 suo
1306 4386 1565 4441 exiturus
1604 4401 1729 4440 cum
1761 4386 1895 4455 ipsis
1926 4387 1994 4441 ad

407 4479 595 4531 omnia
626 4493 794 4546 Opera
816 4486 873 4532 et
900 4492 1119 4532 omnem
1146 4477 1553 4541 necessitatem,
1588 4470 1890 4549 providens
1925 4492 1995 4530 ne

410 4570 544 4638 quid
578 4578 773 4623 contra
817 4570 1171 4639 disciplinam
1221 4568 1448 4623 faciant.
1496 4568 1600 4635 Qui
1636 4569 1996 4623 considerans

411 4674 606 4713 omnes
654 4669 812 4713 actus
887 4659 1254 4728 singulorum,
1302 4659 1348 4713 si
1403 4674 1512 4729 qua
1575 4668 1768 4714 contra
1824 4660 1995 4714 ratio-

414 4765 539 4803 nem
566 4749 711 4803 facta
734 4748 963 4815 viderit,
995 4749 1083 4803 vel
1128 4765 1228 4819 per
1273 4764 1331 4805 se
1368 4749 1648 4816 emendet,
1686 4750 1772 4804 vel
1811 4749 1998 4804 abbati

413 4842 641 4898 indicet.

486 4980 578 5035 Ill.
622 4980 718 5035 llle
742 4997 875 5036 vero
922 4981 1016 5052 qui
1049 4982 1355 5037 secundum
1403 4981 1657 5036 ordinem
1694 4980 2002 5051 disciplina:

415 5072 766 5127 ordinatione
784 5073 1000 5129 abbatis
1020 5090 1089 5128 ex
1113 5075 1345 5130 consilio
1373 5081 1428 5127 et
1446 5075 1732 5127 voluntate
1750 5074 1999 5126 omnium

415 5164 648 5219 fratrum
693 5164 963 5219 fratribus
995 5167 1327 5235 przepositus
1379 5175 1485 5230 est,
1542 5180 1764 5220 omnem
1817 5164 1884 5217 ad
1942 5179 2002 5218 se

418 5270 608 5309 curam
638 5254 706 5309 de
737 5256 1028 5326 disciplina
1068 5256 1303 5312 fratrum
1336 5265 1392 5312 et
1425 5258 1765 5328 diligentiam
1807 5272 2004 5310 mona-

420 5349 574 5403 sterii
602 5349 920 5414 revocabit;
950 5350 1160 5403 habens
1182 5358 1509 5419 potestatem
1535 5349 1735 5403 abbate
1776 5349 2005 5403 absente

422 5439 661 5497 faciendi
695 5443 877 5495 omnia
904 5459 1025 5510 qum
1047 5442 1216 5497 abbas
1240 5457 1486 5512 prmsens
1508 5442 1660 5497 facit.
1696 5442 1791 5495 llle
1819 5448 2002 5495 autem

424 5530 767 5598 patientiam,
812 5532 1314 5598 mansuetudinem,
1341 5532 1732 5597 humilitatem,
1765 5530 2005 5585 charita-

429 5628 557 5685 tem,
590 5623 925 5689 aequitatem,
951 5622 1069 5677 sine
1096 5635 1455 5692 personarum
1477 5622 1796 5691 acceptione
1813 5637 2007 5675 serva-

428 5708 545 5775 bit;
579 5713 654 5767 ita
684 5730 874 5781 agens,
901 5722 961 5768 ut
992 5731 1094 5771 nec
1138 5715 1322 5771 abbati
1366 5715 1586 5770 tazdium
1625 5722 1874 5785 generet,
1906 5728 2009 5768 nec

512 5880 557 5913 “
582 5880 688 5937 Tit.
720 5901 778 5949 ll,
810 5885 861 5937 7.

2162 4339 2254 4394 ΧΙ.
2285 4340 2457 4395 Nemo
2488 4355 2518 4393 a
2560 4350 2708 4394 terra
2738 4339 2917 4395 solvat
2957 4341 3276 4395 funiculum
3326 4340 3532 4410 absque
3562 4340 3680 4409 jus-

2096 4431 2255 4485 sione
2295 4431 2491 4500 patris.
2542 4431 2648 4499 Qui
2684 4433 2740 4486 in
2782 4431 3124 4486 monasterio
3154 4431 3387 4485 fratrum
3414 4429 3681 4484 invenerit

2094 4522 2400 4593 quidpiam,
2427 4525 2756 4593 suspendat,
2791 4533 2852 4579 ut
2884 4524 3039 4579 tollat
3067 4525 3164 4594 qui
3194 4522 3535 4594 cognoverit.

2167 4656 2284 4711 Xll.
2322 4657 2404 4711 Ad
2440 4658 2730 4712 collectam
2780 4666 2838 4712 et
2868 4658 2934 4712 ad
2970 4657 3319 4727 psallendum
3359 4657 3541 4711 nullus
3574 4656 3680 4709 sibi

2096 4748 2446 4803 occasionem
2503 4750 2770 4813 inveniat,
2818 4750 3022 4818 quibus
3053 4764 3111 4803 se
3155 4749 3306 4803 dicat
3357 4756 3681 4817 occupatum

2097 4842 2255 4910 quasi
2302 4842 2386 4895 ire
2432 4857 2543 4895 non
2574 4842 2769 4909 possit.
2810 4841 2879 4894 Et
2920 4840 2968 4895 si
3020 4841 3075 4893 in
3112 4842 3471 4905 monasterio,
3498 4839 3581 4893 vel
3626 4839 3682 4892 in

2099 4949 2250 5003 agro,
2307 4942 2403 4988 aut
2456 4932 2513 4987 in
2565 4933 2789 4998 itinere,
2819 4942 2916 4987 aut
2965 4933 3023 4986 in
3080 4934 3331 5003 quolibet
3376 4932 3681 4986 ministerio

2098 5023 2291 5089 fuerit,
2345 5023 2542 5079 orandi
2598 5032 2655 5077 et
2702 5021 2971 5093 psallendi
3022 5031 3241 5093 tempus
3292 5037 3405 5077 non
3461 5030 3686 5091 praater-

2105 5116 2307 5170 mittat.

2178 5249 2321 5303 Xlll.
2360 5247 2465 5314 Qui
2502 5248 2757 5304 minister
2784 5257 2890 5317 est,
2928 5248 3131 5304 habeat
3167 5248 3413 5304 studium
3442 5265 3511 5305 ne
3557 5248 3688 5318 quid

2109 5341 2298 5412 operis
2323 5350 2514 5411 pereat
2552 5340 2609 5394 in
2633 5342 2991 5396 monasterio.
3026 5342 3085 5395 In
3119 5341 3489 5411 qualicunque
3516 5340 3691 5395 omni-

2112 5450 2185 5488 no
2222 5442 2341 5488 arte
2371 5448 2493 5503 quae
2524 5441 2822 5487 excreetur
2845 5449 2874 5488 a
2910 5433 3195 5499 fratribus,
3219 5433 3264 5487 si
3284 5432 3417 5502 quid
3446 5431 3688 5501 perierit,

2110 5537 2165 5582 ct
2194 5543 2296 5596 per
2344 5526 2734 5597 negligentiam
2773 5526 2943 5583 fuerit
2986 5526 3334 5596 dissipatum,
3380 5525 3692 5594 increpetur

2113 5636 2144 5674 a
2178 5620 2333 5674 Patre
2379 5620 2633 5675 minister
2661 5634 2891 5689 operum
2920 5636 2933 5673 :
2969 5626 3026 5673 et
3064 5620 3179 5689 ipse
3216 5619 3417 5674 iterum
3448 5618 3693 5687 increpet

2118 5713 2309 5781 alium,
2338 5712 2434 5784 qui
2468 5727 2608 5783 opus
2636 5711 2945 5782 perdiderit
2967 5729 2982 5779 ;
3006 5711 3274 5767 duntaxat
3295 5712 3450 5782 juxta
3500 5709 3693 5764 volun-
