4020 6428
317 364 421 428 985

1511 349 1820 411 REGULA
1860 343 2340 408 ORIENTALIS.

3483 345 3590 408 986

319 484 487 531 tatem
517 481 574 527 et
605 465 1012 542 prmscientiam
1036 463 1326 534 principis,
1346 462 1555 532 absque
1584 478 1694 531 quo
1721 461 1907 514 nullus
1934 459 1983 518 Α
2008 473 2162 511 suam
2188 464 2414 526 propter
2434 454 2822 509 verecundiam
2853 470 2866 506 ε
2905 468 2974 508 ne
2997 453 3252 523 respiciat
3286 454 3454 523 dapes
3476 457 3594 510 tau-

320 562 644 634 increpandi
671 560 899 614 fratrem
924 555 1153 611 habebit
1173 563 1526 626 potestatem.

389 699 532 756 XIV.
591 698 649 754 Si
677 698 937 751 inventus
989 693 1161 748 fuerit
1203 708 1350 748 unus
1403 707 1434 746 e
1481 690 1746 746 fratribus
1796 689 1902 744 ali-

321 792 454 863 quid
477 807 575 862 per
605 787 1016 844 contentionem
1041 800 1228 855 agens,
1248 783 1334 837 vel
1358 782 1748 837 contradicens
1781 797 1899 835 ma-

319 885 457 955 joris
487 883 739 952 imperio,
787 878 1164 949 increpabitur
1202 877 1356 947 juxta
1406 888 1726 929 mensuram
1775 887 1905 943 pec-

325 975 434 1028 cati
465 972 572 1027 sui.

395 1109 510 1164 XV.
536 1108 643 1175 Qui
675 1107 963 1173 mentitur,
1002 1113 1096 1159 aut
1122 1103 1249 1158 odio
1313 1116 1650 1172 quemquam
1707 1097 1912 1153 habere

326 1201 496 1262 fuerit
546 1201 947 1271 deprehensus,
990 1205 1086 1250 aut
1115 1195 1463 1257 inobediens,
1496 1202 1590 1248 aut
1624 1193 1749 1263 plus
1785 1191 1912 1260 joco

326 1308 490 1362 quam
514 1292 810 1345 honestum
845 1299 931 1344 est
951 1286 1195 1348 deditus,
1247 1295 1341 1338 aut
1374 1284 1605 1346 otiosus,
1642 1291 1739 1336 aut
1771 1280 1910 1333 dure

325 1383 686 1453 respondens,
738 1367 834 1435 a'ut
882 1379 1091 1433 habens
1136 1376 1592 1431 consuetudinem
1649 1371 1912 1426 fratribus

327 1469 676 1538 detrahendi,
711 1473 796 1526 vel
825 1471 913 1525 his
942 1469 1036 1539 qui
1070 1468 1206 1522 foris
1230 1478 1391 1532 sunt;
1427 1474 1484 1520 et
1509 1464 1736 1518 omnino
1754 1462 1915 1532 quiil-

329 1567 464 1638 quid
489 1575 681 1634 contra
715 1565 960 1634 regulam
987 1561 1402 1628 Scripturarum
1436 1566 1520 1611 cst
1553 1566 1608 1610 et
1635 1561 1913 1608 monaste-

330 1662 402 1715 rii
430 1658 781 1728 disciplinam
801 1697 814 1721 ,
851 1665 908 1710 et
936 1653 1174 1708 audierit
1214 1653 1376 1706 Pater
1403 1646 1746 1712 monasterii,
1785 1645 1914 1698 vin-

332 1753 541 1808 dicabit
560 1753 714 1821 juxta
735 1762 1049 1804 mensuram
1089 1758 1340 1814 opusque
1370 1741 1606 1812 peccati.

401 1883 564 1953 250
599 1880 740 1939 XVI.
781 1878 838 1934 Si
867 1892 1060 1934 omnes
1080 1853 1280 1930 fratres
1294 1873 1537 1929 viderint
1554 1867 1910 1941 praepositum

329 1975 560 2031 nimium
586 1972 973 2044 negligentem,
1007 1976 1104 2022 aut
1128 1967 1267 2021 dure
1294 1966 1667 2034 increpantem
1694 1961 1912 2018 fratres,

331 2076 387 2122 et
419 2079 734 2120 mensuram
768 2060 1084 2116 monasterii
1119 2058 1500 2119 excedentem,
1542 2053 1782 2125 referant
1812 2050 1918 2102 hoc

332 2159 504 2222 Patri,
537 2166 595 2212 et
625 2157 693 2210 ab
730 2169 797 2211 eo
833 2155 1168 2221 increpetur.
1199 2149 1321 2218 Ipse
1365 2158 1550 2201 autem
1589 2143 1919 2216 praepositus

329 2251 471 2304 nihil
499 2249 684 2309 faciat,
710 2246 816 2300 nisi
848 2242 996 2312 quod
1026 2243 1189 2294 Pater
1214 2238 1473 2308 jusserit;
1508 2236 1744 2289 maxime
1774 2235 1831 2287 in
1858 2248 1916 2287 re

331 2356 497 2395 nova.
545 2339 676 2404 Qua:
715 2353 784 2390 ex
813 2348 966 2388 more
1011 2328 1336 2389 descendit,
1384 2326 1627 2382 servabit
1672 2325 1916 2395 regulam

333 2427 683 2487 monasterii.

402 2564 566 2620 XVII.
597 2559 934 2630 Praepositus
953 2572 1087 2612 vero
1106 2570 1216 2609 non
1245 2551 1574 2614 inebrietur,
1609 2564 1712 2603 nec
1735 2547 1924 2603 sedeat

334 2656 392 2712 in
427 2653 821 2710 humilioribus
857 2651 1011 2704 locis.
1045 2649 1121 2704 Ne
1149 2652 1360 2714 rumpat
1388 2641 1608 2695 vincula
1630 2654 1752 2708 quae
1776 2639 1921 2691 [lens

335 2743 388 2796 in
420 2743 560 2796 etelo
601 2739 870 2802 condidit,
919 2747 979 2791 ut
1020 2737 1387 2790 observentur
1427 2731 1481 2782 in
1511 2729 1692 2783 terris.
1727 2727 1804 2780 Ne
1839 2725 1924 2777 Iu-

335 2843 459 2905 geat
506 2834 559 2886 in
603 2832 692 2886 die
746 2831 886 2885 festo
932 2827 1148 2882 Domini
1209 2821 1556 2879 Salvatoris:
1605 2816 1924 2872 dominetur

336 2927 487 2981 carni
527 2941 673 2987 sure,
710 2926 865 2994 juxta
899 2933 1212 2975 mensuram
1248 2923 1586 2971 sanctorum.
1623 2910 1740 2964 Non
1771 2907 1926 2960 inve-

335 3019 524 3070 niatnr
551 3017 604 3069 in
633 3014 866 3069 excelsis
897 3011 1202 3072 cubilibus,
1237 3007 1456 3060 imitans
1492 3016 1702 3056 morem
1743 2997 1922 3068 genti-

336 3110 493 3163 lium.
523 3108 640 3162 Non
665 3107 737 3160 sit
765 3104 1002 3174 duplicis
1029 3103 1176 3156 fidei.
1198 3101 1318 3155 Non
1347 3104 1605 3166 sequatur
1623 3091 1804 3146 cordis
1833 3091 1916 3143 sui

2014 549 2171 604 tioris
2205 563 2449 602 mensae:
2485 562 2586 601 nec
2627 547 2861 616 pulchra
2903 546 3234 600 vestimenta
3273 546 3591 614 desideret;

2011 657 2115 695 nec
2157 655 2216 695 se
2245 639 2489 710 negligat
2515 681 2529 703 ,
2561 637 2656 692 sed
2688 651 2905 706 semper
2940 636 3205 705 dijudicet
3233 637 3596 706 cogitationes

2011 749 2158 788 suas.
2201 732 2320 786 Non
2353 731 2662 786 inebrietur
2685 729 2851 793 vino;
2885 727 2979 782 sed
3009 727 3309 781 humilitati
3347 729 3594 799 junctam

2013 823 2215 876 habeat
2259 821 2572 875 veritatem.
2622 817 2854 884 Quando
2890 817 3121 888 judicat,
3163 827 3429 886 sequatur
3457 835 3597 888 prte-

2011 924 2169 983 cepta
2201 915 2470 984 majorum
2493 921 2550 967 et
2581 914 2752 980 legem
2785 911 2904 975 Dei,
2930 925 3053 980 quae
3077 909 3136 964 in
3159 917 3277 966 toto
3301 910 3436 965 orbe
3461 927 3598 981 pra:-

2011 1007 2190 1062 dicata
2219 1016 2323 1060 est.

2081 1143 2269 1198 XVIII.
2312 1141 2368 1197 Si
2404 1139 2784 1211 deprehensus
2819 1137 2986 1192 fuerit
3026 1136 3227 1207 aliquis
3266 1151 3297 1191 e
3335 1136 3600 1191 fratribus

2010 1236 2250 1291 libenter
2273 1249 2398 1289 eum
2428 1235 2617 1304 pueris
2639 1233 2819 1286 ridere
2839 1240 2897 1286 et
2919 1231 3126 1292 ludere,
3156 1238 3212 1283 et
3236 1229 3440 1283 habere
3464 1229 3602 1282 ami-

2015 1329 2176 1383 citias
2201 1327 2379 1381 aetatis
2405 1325 2656 1387 infirma},
2692 1323 2855 1377 tertio
2881 1331 3319 1386 eommoneatur,
3351 1330 3413 1374 ut
3443 1336 3599 1375 rece-

2017 1418 2110 1472 dat
2136 1417 2203 1471 ab
2231 1431 2423 1470 eorum
2447 1413 2877 1472 necessitudine,
2919 1422 2974 1467 et
3000 1427 3213 1466 memor
3251 1411 3323 1466 sit
3350 1411 3602 1465 honesta-

2015 1509 2088 1565 tis
2109 1551 2124 1574 ,
2150 1517 2207 1562 et
2237 1509 2450 1563 timoris
2478 1506 2574 1560 Dei
2608 1523 2622 1559 :
2655 1506 2701 1559 si
2735 1520 2846 1558 non
2887 1504 3186 1558 cessaverit
3213 1543 3228 1567 ,
3268 1503 3600 1573 corripiatur

2017 1607 2078 1653 ut
2101 1599 2302 1668 dignus
2327 1605 2410 1652 est
2445 1595 2794 1664 correptione
2817 1593 3188 1648 severissima.

2087 1732 2234 1789 XIX.
2275 1732 2379 1798 Qui
2416 1740 2781 1786 contemnunt
2817 1736 3092 1798 praecepta
3121 1727 3392 1798 majorum
3429 1735 3485 1782 et
3516 1743 3601 1782 re-

1943 1823 1983 1877 B
2014 1827 2169 1898 gulas
2195 1823 2511 1879 monasterii
2537 1838 2658 1892 quae
2681 1822 2778 1876 Dei
2810 1830 3084 1890 praecepto
3107 1821 3420 1874 constituta:
3448 1829 3598 1883 sunt,

2011 1928 2068 1974 et
2103 1917 2513 1988 parvipendunt
2573 1914 2856 1968 seniorum
2919 1911 3186 1975 consilia,
3224 1910 3602 1980 corripiantur

2010 2012 2164 2081 juxta
2193 2007 2445 2063 ordinem
2475 2006 2859 2065 constitutum,
2889 2002 3068 2056 donec
3101 2000 3476 2070 corrigantur.

2086 2140 2206 2195 XX.
2248 2140 2483 2209 Majores
2517 2139 2611 2208 qui
2651 2153 2776 2192 cum
2812 2135 3074 2189 fratribus
3102 2133 3402 2188 mittuntur
3435 2129 3603 2189 foras,

1998 2231 2267 2301 .quandiu
2300 2231 2373 2284 ibi
2398 2229 2626 2294 fuerint,
2653 2227 2938 2282 habebunt
2968 2227 3058 2295 jus
3085 2224 3506 2294 praepositorum
3551 2231 3608 2276 ct

2016 2339 2210 2379 eorum
2253 2330 2452 2378 cuncta
2488 2329 2748 2392 regentur
2778 2319 3030 2373 arbitrio.
3077 2316 3368 2370 Docebunt
3409 2315 3608 2367 fratres

2016 2431 2118 2486 per
2158 2415 2490 2469 constitutos
2533 2413 2688 2478 dies;
2737 2419 2793 2465 et
2833 2411 2878 2465 si
2927 2410 3066 2464 forte
3111 2410 3258 2462 inter
3292 2423 3388 2461 eos
3422 2417 3605 2459 ortum

2019 2506 2187 2560 fuerit
2219 2504 2424 2575 aliquid
2456 2503 2782 2564 simultatis,
2826 2502 3054 2556 audient
3084 2501 3186 2569 ipsi
3237 2500 3474 2568 majores
3496 2537 3511 2559 ,
3551 2505 3608 2549 et

2021 2596 2411 2667 dijudicabunt
2436 2609 2678 2653 causam.
2702 2601 2759 2648 et
2779 2593 3005 2661 dignum
3025 2591 3184 2659 culpa
3204 2587 3604 2656 increpabunt;

2021 2696 2084 2742 ut
2108 2687 2175 2742 ad
2217 2686 2512 2756 imperium
2555 2699 2749 2739 eorum
2795 2683 2980 2738 statim
3027 2697 3216 2751 pacem
3249 2680 3414 2749 pleno
3442 2677 3608 2731 corde

2021 2779 2364 2835 eonsocient.

2093 2914 2238 2970 XXI.
2279 2914 2338 2970 Si
2362 2912 2485 2983 quis
2519 2911 2689 2966 frater
2715 2917 2905 2964 contra
2935 2907 3290 2978 praepositum
3315 2919 3474 2958 suum
3507 2902 3609 2956 ha-

2019 3009 2206 3066 buerit
2230 3007 2531 3067 tristitiam,
2555 3012 2650 3058 aut
2680 3003 2797 3073 ipse
2819 3000 3147 3071 praepositus
3170 3005 3362 3052 contra
3386 2995 3610 3048 fratrem

2027 3098 2265 3167 aliquam
2284 3093 2717 3164 querimoniam;
2744 3089 2986 3158 probatae
3009 3087 3210 3140 fratres
3236 3082 3612 3138 conversatio-

335 3201 718 3270 cogitationes,
744 3197 838 3252 sed
873 3198 1046 3266 legem
1077 3194 1193 3248 Dei.
1228 3191 1346 3246 Non
1378 3189 1601 3243 resistat
1629 3183 1918 3240 sublimio-
1949 3157 1995 3217 ο
2027 3157 2194 3242 ιιίέοι
2226 3157 2350 3241 fidei
2378 3201 2475 3241 eos
2503 3184 2696 3238 audire
2729 3157 2954 3242 debent,
2982 3189 3038 3234 et
3061 3177 3446 3250 dijudicabunt
3471 3174 3615 3228 inter

337 3291 492 3345 ribus
523 3288 756 3342 tumenti
795 3287 980 3340 animo
1012 3281 1400 3354 potestatibus.
1434 3279 1512 3332 Ne
1545 3278 1779 3338 fremat,
1817 3286 1920 3326 nec

335 3384 533 3438 hirriat
561 3382 733 3435 iratus
761 3395 926 3449 super
954 3377 1278 3432 humiliores
1303 3391 1317 3426 :
1354 3386 1458 3426 nec
1488 3366 1779 3424 transferat
1814 3373 1922 3418 ter-

334 3475 519 3530 minos
553 3472 774 3543 rcgulte.
824 3472 941 3524 Non
972 3470 1043 3524 sit
1081 3467 1468 3522 fraudulentus
1488 3502 1502 3526 ,
1534 3473 1713 3528 neque
1745 3457 1801 3510 in
1827 3471 1923 3510 co-

335 3565 698 3638 gitationibus
737 3572 920 3617 verset
962 3560 1157 3624 dolos;
1208 3573 1311 3612 nec
1351 3555 1588 3626 negligat
1634 3558 1920 3622 peccatum

337 3659 536 3711 animae
575 3671 722 3718 suae;
754 3669 856 3707 nec
896 3654 1152 3705 vincatur
1182 3649 1362 3704 carnis
1395 3645 1635 3700 luxuria.
1664 3643 1783 3697 Non
1815 3655 1931 3694 am-

339 3748 497 3801 bulet
541 3745 900 3814 negligenter.
937 3741 1058 3795 Non
1104 3741 1362 3809 loquatur
1395 3737 1625 3792 verbum
1666 3734 1929 3788 otiosum.

338 3837 460 3891 Non
487 3845 656 3905 ponat
698 3833 1016 3888 scandalum
1049 3841 1176 3886 ante
1208 3831 1377 3900 pedes
1401 3829 1553 3884 caeci.
1581 3827 1701 3880 Non
1736 3825 1934 3878 doceat

340 3928 680 3981 voluntatem
699 3925 938 3978 animam
969 3939 1147 3977 suam.
1173 3923 1293 3976 Non
1316 3921 1626 3975 resolvatur
1660 3917 1776 3970 risu
1803 3915 1937 3969 stul-

343 4029 524 4074 torum
571 4034 634 4073 ac
673 4019 801 4088 joco
862 4017 981 4071 Non
1020 4016 1271 4084 capiatur
1315 4029 1411 4068 cor
1450 4014 1568 4082 ejus
1603 4011 1671 4066 ab
1710 4011 1794 4064 his
1833 4007 1928 4077 qui

343 4114 529 4181 inepta
563 4111 866 4180 loquuntur
895 4119 952 4163 et
981 4108 1182 4163 dulcia.
1226 4108 1346 4161 Non
1392 4106 1647 4159 vincatur
1681 4100 1931 4155 muneri-

343 4204 448 4258 bus
484 4220 496 4254 :
533 4219 638 4257 non
677 4203 1036 4272 parvulorum
1063 4215 1316 4254 sermone
1344 4198 1601 4252 ducatur.
1642 4194 1761 4248 Non
1800 4191 1932 4244 deli-

342 4298 452 4353 ciat
479 4298 532 4350 in
563 4296 938 4350 tribulatione.
963 4294 1079 4347 Non
1100 4299 1332 4345 mortem
1359 4289 1572 4350 timeat,
1597 4285 1692 4338 sed
1724 4285 1927 4336 Deum:

341 4407 452 4444 non
473 4391 860 4461 praevaricator
885 4388 956 4441 sit
978 4398 1202 4456 propter
1239 4383 1616 4437 imminentem
1653 4378 1930 4430 timorem.

341 4485 462 4540 Non
505 4483 779 4550 relinquat
824 4494 1014 4533 verum
1059 4479 1246 4530 lumen
1296 4481 1522 4544 propter
1564 4468 1812 4522 modicos
1856 4463 1933 4516 ci-

342 4577 466 4630 bos.
499 4574 618 4628 Non
653 4581 812 4625 nutet
844 4587 908 4623 ac
950 4570 1179 4623 ﬂuctuet
1219 4569 1283 4620 in'
1329 4563 1593 4634 operibus
1629 4557 1765 4613 suis.
1811 4555 1931 4608 Non

343 4674 520 4722 mutet
551 4665 905 4725 sententiam,
938 4661 1030 4716 sed
1069 4661 1261 4713 firmus
1283 4658 1354 4712 sit
1379 4654 1652 4722 solidique
1673 4645 1880 4703 decreti
1916 4661 1928 4696 :

339 4761 543 4830 justus,
569 4765 765 4810 cuncta
779 4753 1164 4808 considerans:
1193 4749 1451 4820 judicans
1478 4746 1533 4799 in
1555 4743 1789 4796 veritate
1812 4739 1936 4793 abs-

343 4867 452 4920 que
482 4848 726 4918 appetitu
751 4847 970 4917 glorize;
1006 4843 1330 4897 manifestus
1353 4841 1465 4893 Deo
1497 4846 1551 4892 et
1582 4834 1926 4899 hominibus,

344 4949 402 4995 et
447 4956 476 4993 a
524 4939 716 4993 fraude
769 4936 982 5007 procul.
1034 4934 1146 4988 Nec
1190 4933 1404 5001 ignoret
1457 4925 1932 4982 conversationem

347 5046 596 5092 suorum,
636 5045 738 5084 nec
777 5027 844 5082 ad
891 5042 1082 5081 eorum
1130 5024 1419 5079 scientiam
1463 5034 1641 5075 caecus
1687 5017 1932 5072 exsistat.

347 5119 492 5174 Nulli
522 5129 717 5173 noceat
739 5135 838 5188 per
867 5115 1182 5186 superbiam
1209 5131 1223 5179 ;
1256 5129 1357 5166 nec
1379 5118 1644 5179 sequatur
1673 5107 1937 5174 concupi-

349 5211 586 5267 scentias
612 5213 920 5265 oculorum.
953 5207 1253 5262 Veritatem
1277 5219 1558 5272 nunquam
1595 5208 1888 5270 praetereat
1916 5215 1929 5250 :

348 5304 529 5358 oderit
573 5304 916 5373 injustitiam.
964 5300 1279 5355 Secundum
1313 5311 1603 5366 personam
1651 5307 1933 5361 nunquam

343 5393 556 5466 judicet
581 5408 678 5462 pro
713 5391 1060 5452 muneribus,
1086 5404 1189 5443 nec
1218 5388 1549 5441 condemnet
1586 5384 1820 5438 animam
1854 5383 1938 5436 in-

347 5493 638 5542 nocentem
673 5500 772 5554 per
800 5483 1138 5553 superbiam,
1173 5482 1290 5536 Non
1318 5479 1496 5533 rideat
1527 5479 1670 5531 inter
1693 5490 1894 5545 pueros
1921 5491 1933 5524 :

347 5595 460 5634 non
483 5577 702 5632 deserat
729 5575 1017 5629 veritatem
1053 5576 1248 5628 timore
1281 5579 1590 5641 separatus.
1613 5568 1732 5622 Non
1757 5564 1940 5634 despi-

348 5672 458 5728 ciat
487 5687 583 5725 cos
612 5668 706 5739 qui
737 5667 985 5738 indigent
1017 5664 1419 5721 misericordia.
1450 5662 1582 5715 °Non
1611 5661 1830 5714 deserat
1851 5657 1940 5728 ju-

349 5761 555 5816 stitiam
602 5767 832 5829 propter
877 5757 1298 5821 lassitudinem;
1339 5769 1408 5810 ne
1451 5751 1648 5823 perdat
1696 5749 1936 5805 animam

2025 3294 2143 3333 eos.
2191 3278 2247 3333 Si
2277 3287 2461 3332 tamen
2497 3277 2701 3331 absens
2732 3281 2818 3329 est
2853 3274 3014 3328 Pater
3052 3268 3373 3324 monasterii
3403 3266 3487 3320 vel
3519 3265 3618 3318 ali-

2026 3369 2154 3424 cubi
2182 3368 2485 3438 profectus,
2510 3369 2750 3436 primum
2776 3363 2999 3433 quidem
3024 3358 3426 3430 exspectabunt
3448 3370 3574 3409 eum
3598 3365 3614 3402 :

2030 3461 2113 3516 sin
2148 3471 2334 3514 autem
2369 3460 2582 3514 diutius
2611 3459 2800 3512 vident
2832 3456 2968 3510 foris
2999 3451 3272 3508 demorari
3299 3493 3311 3511 ,
3357 3458 3489 3503 tunc
3521 3463 3620 3501 au-

2030 3554 2182 3611 dient
2212 3554 2356 3607 inter
2390 3550 2746 3620 praepositum
2769 3556 2826 3602 et
2853 3546 3110 3607 fratrem;
3140 3559 3208 3598 ne
3230 3541 3326 3594 diu
3349 3552 3620 3606 suspenso

2025 3645 2235 3731 judicio
2297 3642 2522 3696 tristitia
2589 3641 2763 3710 major
2819 3635 3072 3698 oriatur;
3132 3642 3194 3686 ut
3249 3639 3306 3685 et
3367 3629 3459 3687 ille
3522 3627 3618 3696 qui

2030 3719 2358 3804 praepositus
2387 3739 2492 3795 est,
2523 3739 2580 3784 et
2608 3730 2698 3783 ille
2737 3727 2832 3797 qui
2869 3724 3154 3795 subjectus
3177 3731 3281 3785 est,
3322 3730 3380 3775 et
3412 3721 3490 3774 illi
3521 3719 3619 3788 qui

2032 3825 2286 3884 audiunt,
2319 3824 2478 3892 juxta
2515 3821 2768 3874 timorem
2797 3815 2894 3871 Dei
2940 3821 3138 3869 cuncta
3165 3812 3389 3877 faciant,
3420 3817 3477 3865 et
3505 3823 3618 3863 non

2033 3917 2168 3972 dent
2197 3917 2251 3970 in
2277 3915 2389 3968 ullo
2413 3911 2759 3968 occasionem
2787 3906 3101 3963 discordize.

2104 4031 2273 4086 XXII.
2315 4029 2508 4083 Nullus
2533 4025 2782 4078 mittatur
2805 4022 2953 4076 foras
2980 4019 3048 4074 ad
3078 4014 3300 4086 aliquod
3337 4012 3618 4083 negotium

2033 4111 2212 4181 solusi
2255 4123 2404 4176 Missi
2453 4135 2586 4174 vero
2633 4133 2744 4171 non
2798 4113 3021 4185 singuli,
3063 4111 3159 4166 sed
3196 4107 3313 4163 bini
3351 4107 3438 4159 vel
3481 4103 3624 4160 terni

2035 4214 2322 4274 ambulent
2349 4231 2361 4263 :
2395 4219 2457 4264 ut
2481 4209 2610 4262 dum
2647 4223 2705 4261 se
2736 4207 2973 4259 invicem
3001 4199 3393 4256 custodiuntet
3425 4210 3626 4250 conso-

2040 4308 2248 4363 lantur,
2279 4314 2335 4358 et
2371 4302 2621 4356 seniores
2649 4313 2844 4353 eorum
2875 4296 2943 4349 de
2988 4296 3216 4347 honesta
3250 4305 3448 4345 eorum
3492 4305 3627 4344 con-

2035 4397 2352 4451 versatione
2387 4391 2566 4447 securi
2600 4391 2728 4452 sint,
2765 4396 2819 4442 et
2845 4387 2922 4440 illi
2950 4401 3057 4438 non
3090 4382 3495 4453 periclitentur.
3519 4379 3626 4434 0b-

2041 4494 2332 4540 servantes
2371 4491 2550 4536 tamen
2590 4480 2725 4542 hoc,
2776 4487 2834 4531 ut
2885 4491 2996 4529 non
3049 4489 3106 4527 se
3148 4473 3380 4525 invicem
3428 4469 3629 4523 fabulis

2031 4577 2290 4631 inanibus
2321 4575 2631 4632 destruant,
2681 4583 2862 4637 neque
2894 4565 3242 4636 negligentiae
3282 4564 3414 4617 dent
3446 4563 3627 4616 locum

2031 4665 2219 4718 destru
2233 4663 2462 4726 ctionis;
2490 4661 2585 4715 sed
2615 4660 2993 4728 unusquisque
3024 4657 3079 4710 in
3110 4664 3235 4710 actu
3258 4670 3358 4709 suo
3385 4660 3633 4706 attentus

2032 4755 2138 4817 sit,
2175 4762 2340 4825 prout
2368 4760 2588 4821 tempus
2619 4749 2808 4804 fuerit.

2111 4887 2304 4942 XXIII.
2345 4884 2577 4952 Quando
2619 4890 2804 4937 autem
2841 4879 3051 4935 reversi
3097 4875 3303 4931 fuerint
3346 4874 3400 4927 in
3445 4889 3634 4927 mona-

2042 4980 2296 5040 sterium,
2341 4977 2388 5032 si
2429 4982 2556 5030 ante
2585 4974 2792 5029 ostium
2831 4970 3075 5024 viderint
3118 4967 3358 5036 aliquem
3389 4980 3638 5035 quaren-

2044 5079 2155 5125 tem
2204 5083 2430 5124 suorum
2467 5066 2710 5120 afﬁnium
2737 5105 2752 5126 ,
2809 5063 2876 5116 de
2918 5061 3006 5114 his
3051 5058 3145 5128 qui
3190 5058 3244 5111 in
3300 5057 3637 5110 monasterio

2047 5167 2468 5212 commorantur
2489 5196 2503 5217 ,
2538 5169 2647 5206 non
2689 5150 2959 5204 valebunt
2991 5147 3068 5201 ire
3111 5146 3178 5200 ad
3210 5162 3335 5200 cum
3357 5186 3370 5208 ,
3403 5155 3458 5199 et
3494 5160 3639 5198 nun-

2048 5252 2205 5312 tiare,
2238 5250 2323 5302 vel
2355 5260 2609 5300 evocare.
2648 5245 2712 5297 Et
2735 5242 2961 5296 omnino
2988 5238 3257 5309 quidquid
3290 5237 3426 5291 foris
3457 5250 3640 5306 gesse-

2050 5341 2182 5403 rint,
2216 5340 2268 5393 in
2301 5336 2636 5393 monasterio
2666 5348 2893 5387 narrare
2923 5348 3032 5384 non
3076 5335 3431 5399 prtesumant.

2120 5452 2311 5507 XXIV.
2354 5448 2627 5504 Omnibus
2672 5445 2778 5500 erit
2815 5453 3058 5513 potestas
3094 5439 3313 5511 legendi
3364 5453 3540 5507 usque
3569 5438 3638 5490 ad

2051 5546 2244 5598 horam
2281 5541 2499 5593 tertiam
2549 5555 2562 5590 :
2607 5538 2652 5591 si
2696 5546 2878 5589 tamen
2925 5534 3073 5586 nulla
3125 5545 3288 5593 causa
3330 5527 3637 5589 exstiterit,

2056 5652 2162 5705 qua
2188 5635 2416 5687 necesse
2438 5629 2510 5683 sit
2538 5628 2702 5683 etiam
2732 5624 2939 5694 aliquid
2971 5622 3109 5677 fieri.
3140 5621 3269 5674 Post
3292 5620 3480 5672 horam
3503 5631 3640 5671 vero

2058 5735 2281 5794 tertiam
2325 5731 2370 5785 si
2417 5746 2538 5800 quae
2578 5735 2792 5786 statuta
2835 5732 3006 5786 sunt,
3055 5721 3200 5776 sicut
3241 5718 3504 5788 scriptum
3534 5723 3639 5781 est,
