4020 6426
486 334 590 399 987

1885 341 1989 401 SS.
2042 340 2357 403 PATRUM

3656 365 3759 427 988

486 465 589 519 per
635 450 952 519 superbiam
980 491 995 516 ,
1034 452 1120 507 vel
1168 454 1559 524 negligentiam
1582 497 1596 519 ,
1642 456 1729 510 vel
1781 455 2073 519 desidiam,
2102 456 2154 515 A
2178 456 2260 509 bit
2294 466 2483 512 custos
2522 459 2742 528 januae,
2778 459 3024 515 referens
3072 465 3253 518 omnia
3276 506 3289 528 ,
3326 469 3469 522 sicut
3508 474 3760 541 superius

487 539 928 595 intercedentem
979 557 1089 597 non
1139 545 1489 609 custodierit,
1538 546 1679 601 sciat
1728 560 1787 600 se
1836 561 1961 600 eum
2016 548 2077 601 in

485 627 595 682 hoc
637 644 827 685 errore
864 631 1246 702 deprehensus
1296 636 1504 702 fuerit,
1553 636 1884 705 culpabilem
1925 639 2075 707 judi-

486 717 725 771 eandum
752 736 767 786 ;
801 719 931 789 quia
954 736 1054 791 per
1077 737 1238 777 suum
1271 740 1522 781 errorem
1551 734 1607 780 et
1628 727 1767 780 alios
1791 726 1848 780 in
1880 729 2076 783 vitium

486 806 679 860 mittit.

564 937 731 995 XXV.
782 939 1001 996 Cellarii
1051 960 1181 999 vero
1225 962 1356 1001 cura
1407 952 1518 1015 sit,
1573 961 1634 1007 ut
1686 956 2078 1013 abstinentiam

485 1040 543 1086 et
558 1031 915 1085 sobrietatem
949 1035 1200 1100 studens,
1224 1038 1373 1092 illata
1398 1040 1450 1093 in
1478 1049 1814 1101 monasterio
1840 1048 1905 1102 ad
1927 1065 2078 1103 sum-

485 1130 615 1194 ptus
650 1124 880 1177 fratrum
921 1125 1214 1195 diligenter
1262 1141 1318 1183 et
1372 1132 1609 1189 fideliter
1644 1150 1827 1193 servet
1873 1159 1886 1194 :
1929 1142 2070 1195 nihil

484 1213 816 1280 suscipiens,
842 1228 944 1266 nec
970 1214 1271 1283 quidquam
1316 1222 1537 1277 tradens
1581 1226 1700 1280 sine
1740 1231 2070 1285 auctoritate

482 1303 569 1356 vel
591 1303 870 1356 seniorum
889 1306 1141 1360 consilio.
1165 1308 1266 1372 Qui
1290 1311 1455 1364 etiam
1475 1316 1657 1368 omnia
1676 1320 1927 1373 utensilia
1946 1336 2068 1389 quae

484 1391 541 1445 in
569 1393 902 1446 monasterio
931 1402 1079 1461 sunt,
1123 1397 1175 1449 id
1206 1408 1311 1462 est,
1344 1409 1577 1465 vestem,
1613 1420 1728 1465 vas,
1765 1407 2069 1463 ferramen-

484 1488 621 1548 tum,
662 1493 719 1536 et
755 1484 1026 1553 quidquid
1067 1488 1261 1541 usibus
1312 1492 1648 1557 quotidianis
1692 1500 2068 1554 necessarium

479 1580 603 1634 est,
655 1574 967 1638 custodiat;
1006 1585 1061 1630 et
1098 1594 1543 1651 unamquamque
1596 1601 1710 1640 rem
1756 1590 2066 1659 proferens,

479 1680 604 1718 eum
640 1664 807 1720 fuerit
835 1671 1233 1732 necessarium,
1258 1674 1329 1727 ab
1378 1690 1445 1729 eo
1474 1676 1673 1730 iterum
1703 1680 1767 1733 ad
1792 1698 2065 1750 reponen-

479 1751 610 1806 dum
641 1755 728 1808 cui
776 1759 982 1811 utendo
1028 1761 1438 1831 consignaverit
1473 1779 1821 1837 recepturus.
1864 1772 1946 1825 Ad
1977 1773 2062 1826 vi—
2091 1787 2140 1845 Β

477 1855 629 1902 ctum
648 1866 780 1904 vero
805 1852 1037 1905 fratrum
1068 1856 1394 1923 proferatac
1425 1862 2061 1934 tradatseptimanariis;

478 1940 545 1996 ad
577 1942 918 1998 condiendos
948 1946 1100 2000 cibos
1130 1947 1221 2001 det
1247 1954 1560 2007 necessaria
1590 1957 1891 2011 secundum
1924 1976 2065 2029 quo-

479 2030 702 2086 tidianae
721 2048 973 2101 expensze
998 2040 1475 2106 consuetudinem,
1511 2059 1690 2112 neque
1722 2047 1945 2114 profuse
1970 2066 2067 2104 ne-

476 2137 586 2190 que
609 2138 772 2177 avare
800 2143 813 2189 ;
856 2141 924 2178 ne
948 2126 1081 2181 vitio
1106 2130 1277 2197 ipsius
1295 2132 1380 2185 vel
1406 2137 1721 2189 monasterii
1756 2139 2062 2195 substantia

475 2221 754 2279 gravetur,
775 2214 859 2265 vel
896 2214 1096 2270 fratres
1124 2219 1407 2286 patiantur
1431 2223 1708 2292 iniuriam.
1745 2226 1853 2281 Sed
1881 2239 1936 2283 et
1966 2247 2063 2284 ne-

475 2302 787 2355 cessitatem
822 2305 1165 2360 infirmorum
1191 2307 1422 2364 fratrum
1450 2328 1514 2367 ae
1540 2314 1784 2370 laborem
1813 2321 2066 2375 conside-

472 2407 619 2456 rans,
645 2394 781 2447 nihil
808 2399 1191 2465 aegrotantium
1241 2401 1535 2460 desideriis
1563 2418 1725 2478 neget
1745 2426 1811 2464 ex
1833 2411 1918 2465 his
1942 2429 2065 2481 qua:

475 2483 753 2545 habuerit,
777 2496 1045 2554 quantum
1072 2490 1179 2543 illis
1204 2508 1431 2549 necesse
1471 2497 1656 2551 fuerit.
1704 2484 2063 2558 Advenienti-

472 2573 576 2629 bus
607 2575 840 2632 diversis
883 2578 1149 2635 fratribus
1178 2600 1335 2639 escas
1369 2590 1601 2655 parabit.
1640 2589 1765 2646 Hrec
1787 2594 1894 2647 erit
1923 2610 2062 2649 cura

470 2669 719 2723 custodis
764 2671 993 2734 cellarii,
1046 2689 1339 2732 recurrens
1391 2695 1609 2748 semper
1657 2683 1725 2736 ad
1780 2684 2060 2739 seniorum

468 2759 782 2821 consilium,
814 2769 867 2812 et
904 2763 1195 2829 requirens
1225 2765 1292 2819 de
1337 2770 1624 2836 omnibus,
1667 2774 1752 2826 vel
1783 2776 2060 2845 praecipue

468 2847 539 2899 de
594 2846 681 2899 his
734 2864 858 2916 quae
910 2851 1135 2919 proprio
1173 2868 1272 2909 suo
1324 2856 1607 2914 intellectu
1655 2878 1766 2915 non
1815 2868 2056 2933 potuerit

469 2936 795 3008 adimplere.

536 3093 727 3147 XXVI.
768 3094 992 3149 Ostiarii
1027 3112 1161 3151 cura
1206 3099 1312 3165 sit,
1350 3108 1413 3155 ut
1456 3118 1650 3160 onmes
1693 3106 2051 3165 advenientes
2078 3121 2122 3179 ς,

466 3186 612 3239 intra
633 3187 830 3256 januas
853 3189 1115 3257 recipiat;
1146 3192 1281 3247 dans
1304 3195 1385 3249 eis
1412 3212 1733 3267 responsum
1759 3202 2050 3260 honestum

466 3276 623 3346 251
646 3294 771 3332 cum
801 3279 1114 3336 humilitate
1149 3292 1204 3337 et
1236 3291 1569 3356 reverentia,
1603 3308 1667 3347 ac
1696 3297 1878 3349 statim
1908 3314 2053 3353 nun-

468 3371 609 3425 tians
634 3373 719 3425 vel
747 3372 934 3427 abbati
958 3376 1042 3428 vel
1066 3379 1404 3447 senioribus,
1439 3385 1564 3453 quis
1585 3389 1799 3441 venerit
1833 3398 1889 3444 et
1918 3392 2052 3461 quid

464 3462 710 3531 petierit.
742 3463 855 3517 Nec
886 3464 1031 3519 ullus
1056 3476 1446 3524 extraneorum
1484 3475 1727 3541 patiatur
1751 3476 2047 3547 injuriam:

464 3570 643 3624 neque
674 3556 876 3610 habeat
906 3573 1029 3611 eum
1069 3560 1253 3629 aliquo
1278 3563 1345 3616 de
1373 3563 1636 3620 fratribus
1667 3572 2050 3627 necessitatem

461 3661 526 3700 ac
554 3647 870 3701 facultatem
904 3650 1189 3718 loquendi,
1223 3654 1431 3723 absque
1457 3659 1797 3715 conscientia
1837 3662 2050 3721 abbatis

459 3739 547 3791 vel
579 3739 860 3792 seniorum
896 3742 1209 3807 prmsentia.
1244 3742 1298 3796 Si
1325 3745 1455 3812 quid
1482 3762 1612 3800 vero
1642 3750 1955 3820 cuicunque
1979 3755 2047 3809 de

459 3828 730 3882 fratribus
784 3828 1012 3883 missum
1068 3831 1500 3903 mandatumque
1544 3837 1731 3903 fuerit,
1787 3840 1929 3895 nihil
1977 3843 2044 3896 ad

460 3921 639 3988 ipsum
678 3921 964 3988 perveniat
1003 3923 1322 3993 priusquam
1366 3926 1551 3979 abbati
1600 3929 1685 3981 vel
1733 3932 2045 3988 senioribus

459 4010 760 4065 indicetur.
784 4012 925 4066 Ante
960 4015 1145 4069 omnia
1167 4017 1430 4071 ostiarius
1461 4021 1781 4073 monasterii
1808 4021 1925 4075 haec
1951 4023 2049 4077 ob-

457 4102 731 4164 servabit,
766 4118 835 4157 ne
864 4120 1195 4175 quemquam
1226 4107 1294 4162 de
1336 4108 1603 4163 fratribus
1649 4110 1792 4183 foris.
1822 4113 2044 4183 ianuam

456 4194 606 4248 exire
644 4194 947 4263 permittat.

524 4349 740 4404 XXVII.
772 4350 826 4405 Si
853 4350 978 4419 quis
998 4352 1292 4405 accesserit
1316 4352 1382 4406 ad
1417 4340 1619 4409 ostium
1652 4356 1842 4412 volens
1872 4374 2042 4414 szeeu-

2175 546 2446 615 scriptum
2488 556 2595 615 est,
2621 558 2679 601 et
2703 549 3041 603 annuntians
3075 551 3408 609 senioribus.

2246 682 2485 739 XXVIII.
2522 685 2911 755 Septimanarii
2942 687 3011 741 ad
3043 688 3199 743 cibos
3240 690 3543 759 parandos,
3573 694 3662 748 vel
3690 696 3756 749 ad

2173 775 2465 829 luminaria
2491 777 2895 841 concinnanda,
2920 780 3006 832 vel
3042 779 3107 833 ad
3140 781 3353 835 nitores
3376 782 3680 846 faciendos,
3704 795 3759 839 et

2176 881 2300 934 quae
2342 868 2408 921 ad
2451 868 2784 938 obsequium
2819 886 3064 939 ususque
3104 872 3423 927 monasterii
3458 877 3754 943 pertinent,

2175 971 2395 1026 semper
2421 959 2596 1027 parati
2630 959 2762 1013 sint.
2797 960 2907 1014 Hos
2942 961 3091 1015 nulla
3126 963 3233 1017 alia
3262 966 3563 1019 necessitas
3587 982 3757 1021 occu-

2175 1055 2289 1113 pet,
2333 1048 2431 1100 sed
2472 1048 2526 1100 in
2560 1048 2665 1102 hoc
2705 1049 2948 1103 studium
2978 1052 3319 1121 impendant,
3344 1065 3405 1108 ut
3432 1071 3543 1109 rem
3570 1072 3758 1112 snseri-

2171 1142 2320 1197 ptam
2380 1132 2595 1185 utiliter
2640 1144 2696 1186 et
2750 1134 3042 1204 diligenter
3083 1136 3371 1205 impleant.
3420 1138 3490 1193 Et
3532 1140 3576 1193 si
3624 1141 3756 1208 quid

2166 1220 2308 1274 forte
2341 1223 2596 1277 nesciunt
2616 1224 2683 1278 de
2716 1225 2803 1279 his
2829 1242 2951 1294 qua:
2985 1243 3146 1296 agere
3171 1228 3405 1293 debent,
3440 1230 3559 1284 sine
3594 1231 3757 1286 dissi-

2166 1313 2470 1369 mulatione
2494 1316 2745 1371 seniores
2783 1332 2913 1372 suos
2938 1333 3156 1389 semper
3181 1319 3538 1391 interrogent.

2237 1449 2432 1505 XXIX.
2464 1451 2529 1505 Hi
2567 1451 2753 1521 itaque
2793 1452 2998 1523 quibus
3041 1453 3366 1523 disciplina,
3406 1454 3491 1511 vel
3524 1459 3753 1526 utilitas,

2164 1544 2250 1597 vel
2279 1544 2490 1613 opinio,
2533 1545 2616 1598 vel
2649 1544 2980 1613 obsequium
3019 1549 3345 1604 monasterii
3373 1549 3651 1615 creditur,
3677 1554 3754 1607 of-

2166 1634 2289 1689 ficia
2317 1636 2423 1689 sibi
2471 1636 2720 1705 injuncta
2762 1636 2999 1691 fideliter
3023 1639 3345 1692 custodiant
3376 1651 3433 1694 et
3468 1641 3748 1710 impleant.

2172 1728 2283 1782 Hos
2305 1729 2454 1782 enim
2495 1745 2682 1783 errare
2725 1745 2836 1784 non
2868 1730 3049 1793 dec'et,
3083 1731 3178 1799 qui
3214 1731 3281 1784 ad
3322 1748 3515 1787 omnes
3534 1749 3754 1789 errores

2169 1820 2546 1873 emendandos
2583 1821 2862 1890 prmpositi
2909 1831 3060 1875 sunt.
3104 1822 3207 1888 Qui
3249 1822 3297 1876 si
3334 1824 3418 1876 vel
3470 1825 3746 1893 superbia,

2162 1910 2248 1963 vel
2273 1912 2624 1979 negligentia,
2648 1913 2733 1965 vel
2767 1912 2980 1967 desidia
3012 1913 3193 1981 aliqua
3238 1930 3302 1967 ex
3327 1914 3413 1968 bis
3443 1917 3747 1984 praztermi-

2162 2002 2337 2056 serint
2362 2019 2485 2071 qua:
2508 2004 2562 2057 in
2597 2004 2785 2074 regula
2810 2004 3168 2058 continentur
3191 2046 3204 2068 ,
3236 2021 3336 2074 per
3368 2005 3624 2075 ipsosque
3660 2008 3748 2062 de-

2160 2095 2394 2149 structio
2421 2112 2543 2150 esse
2573 2097 2803 2165 coeperit
2833 2113 2931 2166 per
2966 2112 3105 2166 quos
3130 2097 3296 2151 debet
3318 2098 3604 2152 :edifieatio
3634 2115 3749 2153 cre-

2160 2202 2336 2254 scere,
2362 2189 2619 2242 omnibus
2640 2189 3198 2245 condemnatiobibus
3220 2205 3357 2260 quas
3386 2190 3575 2261 regula
3608 2206 3746 2245 con-

2164 2280 2323 2345 tinet,
2353 2281 2737 2351 subjacebunt.

2232 2416 2400 2471 XXX.
2438 2419 2590 2473 Inter
2626 2435 2819 2474 omnes
2863 2420 3059 2475 fratres
3096 2422 3202 2475 hoc
3241 2422 3648 2489 observabitur,
3684 2436 3744 2478 ut

2160 2507 2485 2561 obedientes
2513 2509 2832 2564 senioribus
2861 2510 3002 2574 suis,
3028 2520 3083 2565 et
3112 2512 3423 2566 deferentes
3461 2513 3564 2567 sibi
3604 2514 3740 2568 invi-

2161 2606 2303 2656 cem,
2327 2593 2567 2647 habeant
2598 2598 2938 2664 patientiam,
2972 2600 3431 2663 moderationem,
3465 2601 3738 2657 humilita-

2162 2692 2292 2742 tem,
2326 2684 2674 2751 charitatem,
2707 2704 2896 2756 pacem
2921 2690 3039 2743 sine
3068 2690 3325 2759 figmento
3346 2701 3401 2745 et
3431 2693 3733 2760 mendacio,

2157 2782 2214 2826 et
2241 2775 2650 2842 maledictione,
2687 2789 2743 2833 et
2776 2780 3134 2845 verbositate,
3175 2792 3230 2835 et
3255 2782 3480 2851 jurandi
3512 2800 3736 2839 consuev

2160 2862 2383 2917 tudine:
2415 2864 2488 2919 ita
2517 2876 2577 2920 ut
2612 2883 2777 2921 nemo
2803 2885 2964 2923 suum
3001 2870 3299 2941 quidquam
3333 2873 3595 2935 vindicet,
3636 2891 3728 2928 ne-

2156 2970 2264 3023 que
2292 2956 2440 3011 ullus
2463 2958 2673 3028 aliquid
2704 2962 3057 3029 peculiariter
3092 2973 3351 3033 usurpet;
3380 2964 3478 3019 sed
3504 2965 3730 3020 habeant

2156 3060 2343 3101 omnia
2369 3063 2707 3106 communia.

2230 3180 2425 3235 XXXI.
2461 3182 2589 3237 Sine
2621 3184 2901 3239 seniorum
2926 3187 3097 3241 verbo
3116 3198 3173 3242 et
3203 3189 3527 3243 auctoritate
3554 3189 3722 3243 nullus

2153 3271 2384 3325 fratrum
2433 3274 2736 3343 quidquam
2780 3284 2904 3346 agat
2940 3293 2954 3329 :
2996 3293 3179 3347 neque
3219 3279 3457 3348 accipiat
3495 3280 3711 3349 aliquid,

2151 3378 2333 3432 neque
2357 3364 2483 3431 det;
2514 3381 2693 3435 neque
2725 3383 2955 3437 usquam
2980 3385 3210 3439 prorsus
3236 3372 3511 3440 procedat.

2228 3495 2446 3551 XXXII.
2487 3498 2625 3553 Cum
2664 3515 2800 3554 vero
2831 3500 3055 3557 inventa
3094 3503 3264 3558 fuerit
3296 3508 3462 3577 culpa,
3499 3506 3578 3560 ille
3612 3506 3696 3574 qui

2158 3589 2449 3657 culpabilis
2464 3591 2766 3658 invenitur,
2786 3595 3119 3664 corripiatur
3135 3597 3203 3650 ab
3220 3598 3418 3653 abbate
3441 3598 3703 3653 secretius.

2155 3676 2312 3743 Quod
2344 3680 2389 3734 si
2416 3697 2525 3734 non
2556 3682 2757 3737 sufficit
2789 3683 2855 3737 ad
2890 3686 3334 3743 emendationem
3361 3732 3375 3756 ,
3406 3692 3714 3762 corripiatur

2155 3784 2184 3821 a
2218 3771 2407 3837 paucis
2445 3774 2781 3829 senioribus.
2818 3775 2975 3841 Quod
3009 3779 3054 3830 si
3085 3795 3186 3834 nec
3216 3781 3295 3835 sic
3332 3783 3716 3845 emendaverit,

2152 3862 2702 3928 exeommunieetur;
2737 3874 2793 3917 et
2818 3881 2929 3919 non
2957 3868 3253 3924 manducet
3284 3873 3599 3942 quidquam.
3626 3874 3718 3928 Cui

2148 3951 2289 4005 sine
2328 3953 2431 4007 hoc
2469 3956 2692 4024 quidem
2734 3958 3040 4027 profuerit,
3069 3963 3121 4016 in
3159 3966 3406 4032 quolibet
3453 3968 3571 4022 loco
3606 3968 3719 4022 fue-

2146 4043 2238 4103 rit,
2270 4057 2582 4112 postremus
2624 4048 2768 4102 inter
2789 4066 2982 4105 omnes
3020 4054 3075 4107 in
3112 4056 3382 4124 psallendi
3412 4060 3603 4114 ordine
3624 4076 3719 4129 po-

2144 4145 2329 4188 natur.
2382 4136 2537 4202 Quod
2592 4139 2636 4192 si
2691 4140 2744 4194 in
2813 4145 3083 4212 pravitate
3152 4158 3511 4215 perseverat,
3562 4154 3721 4207 etiam

2142 4231 2410 4299 psallendi
2449 4234 2501 4287 ei
2541 4233 2774 4290 facultas
2817 4238 3120 4293 auferatur.
3167 4241 3340 4307 Quem
3389 4244 3434 4303 si
3481 4247 3567 4301 vel
3616 4247 3725 4300 han:

2142 4322 2394 4377 confusio
2431 4340 2541 4377 non
2572 4331 2957 4393 commoverit,
3002 4332 3343 4388 abstineatur
3377 4354 3406 4389 a
3451 4349 3722 4392 conventu

455 4437 511 4491 lo
548 4441 866 4495 renuntiare
888 4481 902 4502 ,
931 4450 986 4494 et
1024 4441 1258 4495 fratrum
1304 4446 1585 4514 aggregari
1621 4463 1855 4504 numero
1880 4490 1895 4514 ,
1928 4467 2041 4506 non
2074 4407 2116 4460 Ι)
2146 4412 2373 4466 fratrum
2401 4431 2414 4479 ;
2446 4423 2520 4469 na
2546 4425 2607 4514 ui.
2628 4433 2735 4514 ne?
2758 4436 2960 4475 mensa:
2985 4462 2998 4483 ’
3026 4437 3129 4477 nec
3153 4424 3329 4479 mssa:
3368 4436 3606 4492 "uersu’
3637 4445 3728 4483 ηδ’

456 4531 656 4585 habeat
688 4533 998 4588 libertatem
1021 4536 1268 4589 intrandi
1297 4555 1310 4590 :
1339 4537 1433 4592 sed
1458 4540 1611 4607 prius
1637 4541 1926 4596 nuntietur
1944 4545 2044 4600 Pa-

455 4622 522 4674 tri
560 4625 903 4684 monasterii,
937 4634 991 4678 et
1018 4626 1263 4680 manebit
1288 4630 1479 4696 paucis
1509 4629 1705 4685 diebus
1745 4632 1881 4688 foris
1919 4643 2044 4688 ante

447 4714 671 4783 ianuam
699 4755 713 4777 ,
772 4730 835 4767 ac
882 4716 1174 4771 docebitur
1220 4721 1529 4775 orationem
1582 4723 1945 4788 Dominicam,
1989 4738 2044 4781 et

450 4804 709 4872 psalmos,
738 4816 967 4873 quantos
993 4810 1237 4877 potuerit
1260 4812 1509 4878 discere;
1541 4822 1597 4866 et
1634 4814 1927 4883 diligenter
1952 4811 2039 4871 sui

448 4900 886 4965 experimentum
917 4902 1093 4966 dabit,
1129 4917 1198 4958 ne
1230 4905 1371 4958 forte
1396 4906 1522 4958 mali
1564 4906 1851 4975 quidpiam
1890 4908 2035 4963 fece—

449 4988 555 5051 rit,
588 4998 648 5042 ut
688 4992 942 5047 turbatus
968 4993 1035 5046 ad
1077 4994 1267 5048 horam
1312 4995 1509 5049 timore
1541 4997 1858 5051 discesserit
1884 5039 1898 5061 ,
1941 5007 2036 5053 aut

449 5078 552 5131 sub
588 5080 768 5147 aliqua
793 5092 1060 5149 potestate
1096 5084 1194 5149 sit;
1225 5094 1280 5138 et
1307 5094 1493 5138 utrum
1518 5088 1692 5154 possit
1716 5090 2033 5144 renuntiare

448 5168 771 5233 parentibus
790 5170 926 5236 suis,
946 5181 1003 5226 et
1021 5176 1295 5243 propriam
1319 5184 1673 5229 contemnere
1693 5178 2029 5235 facultatem.

449 5259 501 5309 Si
532 5273 657 5311 eum
687 5260 927 5315 viderint
956 5273 1147 5332 aptum
1190 5264 1256 5317 ad
1302 5266 1522 5330 omnia,
1567 5275 1698 5321 tunc
1740 5268 2032 5326 docebitur

445 5355 501 5400 et
531 5350 770 5418 reliquas
802 5356 1123 5409 monasterii
1168 5356 1491 5426 disciplinas
1519 5376 1533 5424 ;
1572 5375 1694 5428 quae
1721 5360 1898 5417 facere
1929 5364 2029 5418 de-

444 5435 605 5502 beat,
642 5441 953 5512 quibusque
993 5446 1221 5510 servire,
1262 5449 1377 5501 sive
1416 5448 1474 5501 in
1518 5451 1748 5504 collecta
1778 5454 2026 5508 omnium

445 5525 698 5596 fratrum,
727 5533 843 5588 sive
887 5536 941 5589 in
985 5536 1148 5590 domo
1188 5539 1277 5592 cui
1322 5541 1623 5596 tradendus
1664 5553 1775 5607 est,
1820 5546 1937 5600 sive
1969 5548 2025 5601 in

444 5624 699 5676 vescendi
731 5626 923 5681 ordine
963 5645 976 5681 :
1013 5638 1075 5682 ut
1114 5623 1419 5687 instructus
1451 5642 1616 5703 atque
1659 5636 1937 5705 perfectus
1967 5640 2022 5694 in

442 5712 591 5765 omni
623 5730 788 5773 onere
819 5720 967 5777 bono
989 5722 1249 5781 fratribus
1268 5727 1580 5797 copuletur.
1608 5728 1730 5785 Haec
1759 5731 2020 5788 observa-

2142 4521 2249 4572 que
2281 4521 2405 4559 cum
2432 4523 2501 4561 eo
2534 4509 2681 4564 ullus
2712 4510 2883 4565 frater
2912 4514 2979 4567 de
3008 4517 3324 4584 junioribus
3355 4521 3725 4591 colloquatur.

2142 4595 2531 4652 Abstinebitur
2555 4610 2737 4654 autem
2778 4614 2885 4657 tam
2914 4603 3029 4669 diu,
3068 4624 3232 4674 quam
3256 4611 3349 4664 diu
3375 4612 3457 4665 vel
3490 4614 3729 4681 qualitas

2143 4688 2317 4757 eulpae
2360 4692 2707 4759 poposcerit,
2744 4697 3051 4750 secundum
3096 4700 3311 4755 abbatis
3339 4718 3402 4755 ac
3440 4705 3725 4759 seniorum

2143 4779 2469 4847 arbitrium;
2530 4783 2616 4836 vel
2667 4800 2725 4838 se
2768 4802 2835 4839 ex
2884 4789 3050 4843 corde
3084 4790 3201 4859 ‘pro
3253 4794 3414 4863 culpa
3449 4797 3727 4864 paenitens

2140 4869 2515 4926 humiliaverit
2539 4915 2552 4938 ,
2588 4882 2644 4929 et
2670 4877 2885 4931 veniam
2919 4881 3125 4937 erroris
3166 4884 3248 4937 sui
3298 4887 3555 4941 omnibus
3586 4904 3728 4957 pne-

2140 4964 2387 5017 sentibus
2426 4967 2668 5034 petierit.
2726 4971 2881 5035 Quod
2941 4974 2985 5026 si
3040 4973 3095 5027 in
3155 4977 3378 5032 fratrem
3429 4982 3721 5049 peccavit,

2135 5054 2304 5108 etiam
2353 5056 2421 5109 ab
2464 5074 2532 5112 eo
2586 5058 2755 5115 fratre
2813 5064 3030 5117 veniam
3084 5076 3256 5135 petat,
3313 5069 3403 5123 cui
3461 5072 3723 5141 injuriatn

2135 5144 2287 5199 fecit.

2205 5257 2445 5313 XXXIII.
2490 5260 2544 5315 Si
2580 5263 2706 5332 quis
2739 5268 2916 5320 errori
2960 5272 3081 5339 ejus
3119 5276 3463 5327 consenserit
3487 5316 3500 5340 ,
3542 5288 3601 5329 et
3634 5293 3721 5331 se-

2133 5351 2373 5404 cundum
2423 5353 2684 5408 duritiam
2728 5358 2879 5414 illius
2922 5362 3097 5431 magis
3131 5365 3421 5418 consilium
3474 5368 3719 5433 dederit,

2132 5450 2194 5494 ut
2221 5458 2281 5497 se
2315 5446 2527 5500 tardius
2558 5448 2837 5516 liumiliet,
2875 5454 3012 5509 sciat
3041 5471 3099 5509 se
3139 5472 3264 5510 cum
3299 5458 3353 5512 in
3388 5459 3490 5513 hoc
3519 5476 3721 5516 errore

2134 5532 2298 5588 fuerit
2331 5536 2742 5608 deprehensus,
2777 5543 2943 5597 simili
2990 5542 3528 5619 modo‘culpabilem
3564 5553 3721 5621 judi-

2131 5627 2390 5683 candutu.

2211 5737 2450 5796 XXXIV.
2484 5740 2598 5797 [loc
2619 5742 2785 5799 etiam
2813 5746 3125 5805 addendum
3158 5750 3297 5819 fuit;
3332 5764 3391 5810 ut
3425 5754 3600 5813 frater
3620 5758 3720 5828 qui
