4020 6432
315 362 421 425 983

1568 364 1876 425 REGULA
1917 366 2400 426 ORIENTALIS.

3472 372 3576 433 990

313 467 411 522 pro
437 448 682 520 qualibet
703 448 863 517 culpa
890 448 1141 518 arguitur
1166 450 1249 502 vel
1282 449 1598 520 increpatur
1617 493 1631 515 ,
1676 454 1888 521 patien-
1914 456 1963 513 Λ
1990 455 2265 524 Evangelii
2307 464 2661 524 praeceptum,
2687 465 2741 510 ct
2768 456 3095 526 praebebunt
3127 458 3208 512 eis
3231 459 3422 513 omnia
3456 477 3578 529 qua:

312 544 442 597 tiam
479 542 701 604 habeat,
738 548 794 594 et
830 554 941 592 non
982 539 1316 608 respondeat
1356 544 1605 609 arguenti
1646 558 1705 597 se
1743 560 1756 597 :
1793 544 1889 598 sed

310 633 567 690 humiliet
602 647 659 686 se
686 632 742 684 in
773 630 1053 695 omnibus,
1095 640 1152 684 et
1183 630 1461 686 emendet.

377 764 598 821 XXXV.
651 762 705 819 Si
738 779 874 818 vero
910 762 1080 817 fuerit
1105 763 1306 832 aliquis
1330 772 1443 817 tam
1476 762 1652 817 durus
1689 772 1744 817 et
1782 773 1891 818 tam

310 860 528 912 alienus
560 873 591 911 a
622 857 821 909 timore
850 856 1093 915 Domini.
1135 863 1196 908 ut
1226 864 1305 908 tot
1348 855 1808 924 castigationibus
1837 864 1893 909 et

312 957 392 1003 tot
418 946 835 1001 remissionibus
867 961 975 998 non
1004 945 1285 1009 emendet,
1319 945 1646 1015 projiciatur
1674 944 1741 999 de
1777 959 1894 997 mo-

313 1040 595 1102 nasterio,
644 1045 699 1091 et
734 1037 887 1089 velut
940 1046 1239 1091 extraneus
1292 1037 1608 1091 habeatur:
1650 1052 1720 1090 ne
1761 1036 1894 1091 vitio

310 1131 485 1201 ipsius
516 1130 607 1183 alii
641 1129 1052 1198 periclitentur.

378 1264 619 1321 XXXVI.
661 1263 818 1330 Quod
862 1264 909 1318 si
948 1263 1148 1333 aliquis
1187 1264 1404 1319 locutus
1437 1263 1647 1328 fuerit,
1693 1263 1779 1317 vel
1820 1263 1899 1317 ri-

309 1358 445 1412 serit
502 1358 559 1410 in
603 1356 899 1420 vescendo,
952 1356 1301 1421 inerepetnr,
1348 1366 1405 1411 et
1452 1364 1575 1425 agat
1622 1355 1897 1425 poeniten-

309 1448 464 1501 tiam.

379 1583 644 1637 XXXVII.
688 1582 743 1638 Si
765 1582 891 1651 quis
920 1582 989 1636 ad
1022 1581 1469 1636 manducandum
1500 1581 1713 1636 tardius
1735 1594 1898 1636 vene-

312 1675 387 1727 rit
417 1675 621 1743 absque
650 1674 872 1743 majoris
904 1674 1155 1742 imperio,
1191 1674 1445 1727 similiter
1469 1684 1591 1742 agat
1623 1673 1899 1741 paeniten-

316 1766 472 1831 tiam,
512 1776 607 1819 aut
634 1766 699 1820 ad
728 1766 920 1820 cellam
951 1782 1107 1820 suam
1127 1768 1346 1838 jejunus
1385 1774 1715 1820 revertatur.

383 1900 667 1956 XXXVIII.
710 1902 767 1956 Si
797 1900 1004 1971 aliquid
1040 1902 1413 1956 necessarium
1454 1901 1622 1955 fuerit
1655 1899 1710 1953 in
1738 1914 1893 1953 men-

315 2006 401 2055 sa,
435 2008 598 2044 nemo
625 1992 852 2046 audebit
878 1993 1056 2063 loqui,
1089 1992 1185 2047 sed
1209 1992 1656 2046 ministrantibus
1676 1991 1891 2061 signum

317 2082 439 2135 soni
476 2083 647 2137 dabit.
695 2084 929 2138 Ministri
973 2100 1102 2137 vero
1143 2084 1351 2151 absque
1390 2082 1476 2137 his
1514 2098 1635 2151 quae
1664 2081 1719 2135 in
1745 2096 1896 2135 com-

312 2190 476 2227 mine
518 2174 782 2228 fratribus
824 2185 1130 2244 prwparata
1166 2184 1315 2237 sunt,
1350 2175 1486 2227 nihil
1529 2173 1679 2227 aliud
1710 2188 1895 2227 come-

310 2265 464 2329 dant,
489 2282 589 2319 nec
612 2273 853 2318 mutatos
888 2266 1043 2319 cibos
1070 2265 1175 2318 sibi
1210 2265 1450 2318 audeant
1482 2280 1816 2333 praeparare.

383 2398 627 2451 XXXIX.
663 2398 837 2452 Nemo
866 2398 990 2467 plus
1019 2397 1181 2451 alteri
1205 2397 1358 2450 dabit
1380 2412 1545 2467 quam
1571 2397 1709 2451 alter
1738 2412 1896 2451 acce-

313 2489 429 2558 pit:
469 2484 614 2558 quod
639 2488 681 2541 si
723 2488 1044 2542 obtenditur
1075 2488 1385 2551 inﬁrmitas,
1434 2487 1759 2557 praepositus
1796 2486 1897 2540 do-

315 2596 437 2633 mus
462 2591 651 2650 perget
674 2580 739 2633 ad
765 2581 1045 2634 ministros
1073 2579 1481 2649 :cgrotantium,
1503 2579 1647 2633 etab
1672 2579 1755 2633 his
1776 2594 1897 2648 quae

314 2673 624 2727 necessaria
660 2684 786 2727 sunt
818 2674 1071 2742 accipiet.

384 2810 498 2863 XL.
537 2809 768 2875 Quando
801 2809 868 2861 ad
900 2811 1103 2863 ostium
1152 2808 1476 2864 monasterii
1516 2808 1687 2878 aliqui
1729 2820 1899 2861 vene-

316 2902 447 2961 rint,
484 2902 529 2955 si
569 2902 756 2957 clerici
786 2902 991 2955 fuerint
1018 2912 1111 2955 aut
1146 2902 1427 2965 monachi,
1461 2901 1653 2970 majori
1686 2900 1898 2953 honore

317 2993 693 3061 suscipientur
746 3011 758 3046 :
817 2993 1188 3063 lavabuntque
1240 2993 1410 3063 pedes
1463 3006 1696 3055 eorum,
1743 2991 1898 3061 juxta

393 3188 501 3257 (‘28)
534 3187 1055 3243 PsialhoJ’siatnum
1087 3189 1202 3242 sive
1234 3187 1532 3251 Psutm'um,
1600 3193 1684 3240 est
1743 3193 1895 3253 teges

320 3260 436 3329 sive
469 3269 669 3320 storea.
699 3275 763 3313 ex
801 3260 968 3329 junco
998 3260 1112 3313 sive
1137 3274 1342 3329 papyro
1362 3258 1763 3329 confecta,_qua
1801 3270 1897 3319 pro

319 3328 465 3387 lecto
492 3340 547 3387 et
570 3327 812 3401 stragulo
844 3330 1140 3384 utebantur
1166 3327 1441 3384 monachi.
1473 3328 1593 3383 Vid.
1637 3327 1897 3396 Roswcy-

1998 553 2123 615 apta
2168 555 2295 600 sunt
2330 548 2452 600 usui
2484 548 2899 604 monachorum.

2067 680 2205 735 XLI.
2246 681 2303 735 Si
2351 683 2474 751 quis
2506 684 2573 738 ad
2607 688 2811 741 ostium
2851 687 3172 742 monasterii
3214 687 3451 751 venerit,
3500 686 3586 741 di-

1999 788 2131 827 cens
2155 774 2292 827 velle
2320 790 2378 829 se
2402 774 2590 829 videre
2617 776 2837 830 fratrem
2862 794 3022 832 suum
3046 777 3133 831 vel
3182 778 3579 847 propinquum,

1995 864 2201 933 ianitor
2230 864 2510 919 nuntiabit
2548 866 2756 930 abbati,
2779 877 2835 922 et
2857 871 3212 938 permittente
3240 884 3308 923 eo
3347 869 3583 937 accipiet

2001 956 2256 1009 eumitcm
2284 958 2443 1025 cujus
2471 957 2605 1010 fides
2636 959 2863 1026 probata
2893 970 3014 1026 est;
3044 972 3099 1015 ct
3126 962 3207 1015 sic
3231 961 3487 1015 mittetur
3513 960 3579 1013 ad

2002 1042 2227 1096 fratrem
2260 1043 2559 1097 videndum
2586 1044 2671 1097 vel
2698 1046 3029 1113 proximum.

2071 1175 2233 1229 XLII.
2273 1176 2327 1230 Si
2380 1176 2727 1246 propinquus
2777 1178 3011 1247 alicujus
3063 1190 3316 1235 mortuus
3366 1180 3576 1246 fuerit,

2002 1269 2373 1339 prosequendi
2410 1268 2575 1322 funus
2604 1285 2715 1323 non
2753 1270 2979 1323 habebit
3012 1271 3314 1337 licentiam,
3340 1272 3447 1326 nisi
3481 1272 3581 1326 Pa-

2003 1371 2088 1415 ter
2119 1360 2437 1413 monasterii
2470 1361 2813 1430 prmcepcrit.

2074 1491 2258 1547 XLIII.
2300 1494 2493 1549 Nullus
2526 1493 2594 1549 de
2636 1496 2798 1551 horto
2825 1495 2981 1549 tollat
3017 1496 3187 1560 olera,
3226 1496 3329 1549 nisi
3355 1496 3423 1549 ab
3457 1497 3586 1550 hor-

2003 1585 2192 1639 tulano
2219 1586 2517 1655 acceperit.

2073 1720 2257 1774 XLIV.
2298 1720 2470 1774 Nemo
2493 1721 2649 1774 alteri
2682 1721 2939 1790 loquatur
2979 1722 3033 1774 in
3076 1721 3359 1775 tenebris:
3397 1721 3584 1775 nullus

1928 1806 1971 1864 Β
2001 1811 2054 1863 in
2083 1810 2427 1882 psiatho(28)
2459 1826 2582 1865 cum
2605 1812 2779 1865 altero
2806 1812 3042 1865 dormiat
3073 1831 3087 1865 :
3112 1828 3331 1867 manum
3358 1814 3585 1871 alterius

1994 1918 2158 1957 nemo
2187 1913 2407 1957 teneat:
2444 1903 2539 1956 sed
2579 1904 2693 1957 sive
2730 1905 2948 1957 steterit
2972 1946 2986 1967 ,
3033 1904 3149 1958 sive
3190 1904 3574 1969 ambulaverit,

1995 1995 2111 2049 sive
2146 1995 2372 2061 sederit,-
2406 2011 2515 2050 uno
2540 1995 2728 2049 cubito
2758 1994 2924 2049 distet
2962 1996 3031 2048 ab
3063 1996 3258 2048 altero.

2066 2131 2224 2185 XLV.
2266 2130 2321 2185 Si
2349 2133 2473 2201 quis
2498 2131 2685 2185 tulerit
2715 2145 2829 2184 rem
2860 2146 2970 2183 non
2994 2146 3173 2193 suam,
3206 2138 3445 2199 ponetur
3474 2144 3568 2182 su-

1996 2237 2093 2291 per
2126 2222 2386 2277 humeros
2416 2224 2565 2293 ejus;
2598 2233 2655 2277 et
2682 2222 2761 2277 sic
2799 2231 2922 2291 agat
2951 2222 3329 2291 poenitentia")
3358 2220 3580 2289 publice

1996 2312 2055 2365 in
2093 2313 2346 2369 collecta.

2066 2444 2249 2498 XLVI.
2309 2444 2364 2498 Si
2393 2445 2717 2513 prapositus
2746 2444 2948 2515 injuste
2969 2444 3324 2513 iudicaverit,
3360 2446 3577 2515 injusti-

1998 2538 2089 2591 tize
2114 2537 2184 2589 ab
2213 2536 2336 2590 aliis
2363 2537 2845 2590 condemnabitur.

2070 2688 2276 2742 XLVII.
2317 2687 2420 2753 Qui
2446 2688 2722 2742 consentit
2756 2689 3019 2757 peccatis,
3050 2698 3106 2743 et
3141 2689 3388 2743 defendit
3416 2691 3582 2744 alium

1999 2780 2436 2849 delinquentem,
2466 2780 2788 2835 maledictus
2825 2782 2932 2834 erit
2956 2782 3099 2850 apud
3127 2782 3294 2835 Deum
3318 2792 3376 2837 et
3403 2783 3583 2836 homi-

1998 2887 2118 2938 nes,
2150 2878 2207 2926 et
2226 2871 2557 2941 eorripietur
2589 2871 2964 2940 increpatione
3003 2872 3372 2927 severissima.

2009 3180 2139 3234 dum
2179 3178 2234 3231 in
2277 3175 2552 3231 Onomast.
2606 3173 2672 3227 ad
2703 3172 2811 3228 Vit.
2848 3172 2951 3225 PP.
2994 3170 3148 3233 1055,
3180 3182 3239 3225 et
3265 3168 3581 3225 Menardum

2006 3250 2072 3301 ad
2104 3247 2451 3302 Concordiam
2486 3244 2697 3311 Regul.,
2740 3259 2861 3311 pag.
2894 3243 3014 3296 758.
3052 3244 3401 3296 IIOLSTEN.—-
3426 3238 3584 3294 Vide-

2007 3319 2084 3373 sis
2105 3318 2367 3388 Cangium
2403 3318 2459 3370 in
2501 3311 2790 3379 Glossario,
2826 3329 2881 3367 v.
2912 3311 3200 3367 Psiatium.
