4020 6428
488 322 587 390 991
1650 324 1746 385 AD
1780 320 2139 385 PALLADII
2177 322 2613 383 LAUSIACAM
3653 329 3760 390 992

501 540 1115 572 ﬂ

1117 540 3728 577 Μ

1589 757 2637 939 PALLADII

1273 1117 2350 1213 HELENOPOLITANI
2428 1120 2971 1216 EPISCOPI

1046 1420 1047 1423 ᾧ
1108 1429 2027 1592 HISTORIA
2136 1430 3131 1592 LAUSIACA.

1306 1967 1836 2045 PBIEFATIO
1893 1966 2213 2046 GENTI
2232 1968 2401 2046 AN]
2486 1964 2958 2046 HERVETI.

565 2406 660 2466 De
690 2403 1145 2468 monachorum
1169 2407 1320 2479 vita,
1350 2409 1638 2471 moribus
1666 2417 1728 2471 et
1758 2410 2096 2484 institutis,
2122 2427 2265 2472 cum
2303 2411 2487 2473 multi
2515 2410 2712 2473 multa
2735 2411 3005 2490 sparsim
3040 2409 3417 2488 scripserint
3454 2458 3466 2470 .
3496 2410 3750 2471 Lausus

487 2507 877 2583 prmpositus
956 2507 1183 2569 utilem
1247 2508 1641 2571 historiam:
1695 2512 2039 2573 Cassianus
2096 2497 2489 2573 'collationes
2550 2533 2566 2571 :
2629 2512 3032 2590 SOphronius
3110 2510 3748 2591 Hierosolymitanus

486 2618 778 2688 paratum
824 2619 884 2672 et
933 2629 1171 2675 novum
1207 2614 1570 2690 paradisum
1625 2615 1813 2677 titulo
1862 2616 2135 2677 ediderit
2171 2639 2185 2677 :
2224 2618 2662 2697 Hieronymus
2702 2618 3069 2694 aliquorum
3108 2617 3264 2679 vitas
3300 2633 3313 2675 :
3349 2613 3628 2676 Basilius
3685 2612 3747 2671 in

488 2716 765 2775 ascetico
798 2716 1052 2794 regulas
1089 2738 1104 2776 :
1146 2717 1487 2779 Damianus
1513 2726 1573 2779 et
1606 2720 1743 2780 Odo
1788 2738 1888 2780 res
1933 2728 2141 2798 gestas
2177 2744 2191 2781 :
2221 2722 2350 2782 duo
2388 2727 2595 2784 tamen
2642 2720 3045 2782 celeberrimi
3096 2728 3156 2781 et
3201 2721 3407 2797 magni
3460 2715 3746 2779 nominis

485 2823 798 2887 auctores,
836 2818 1157 2879 Palladius
1192 2827 1253 2879 et
1286 2820 1751 2895 Theodoretus,
1787 2841 1855 2884 ea
1894 2824 2247 2885 litterarum
2294 2825 2709 2886 monimentis
2759 2828 3242 2895 mandaverunt,
3282 2840 3425 2903 qum
3467 2823 3645 2900 (cum
3698 2820 3737 2879 ii

485 2920 566 2979 de
602 2917 839 2995 quibus
883 2920 1195 2991 scribunt,
1251 2922 1512 3000 Sytiotaa
1557 2932 1618 2983 et
1660 2925 2061 2985 Tabensiotm
2100 2927 2429 2999 videlicet,
2490 2928 2589 2988 vel
2644 2928 2900 2988 illorum
2943 2926 3368 3005 temporibus,
3408 2923 3504 2986 vel
3550 2924 3745 2999 paulo

485 3024 631 3076 ante
680 3032 902 3077 eorum
953 3026 1236 3094 tempora
1283 3021 1590 3099 vixerint)
1637 3030 1745 3083 aut
1775 3039 1807 3082 a
1844 3023 1996 3083 viris
2049 3024 2170 3084 ﬁde
2204 3026 2418 3104 dignis
2464 3026 2574 3104 qui
2620 3044 2691 3088 ea
2726 3027 3045 3099 viderant,
3090 3043 3426 3104 accepere,
3472 3032 3581 3085 aut
3620 3024 3745 3102 ipsi

487 3117 627 3178 suis
670 3118 878 3177 oculis
917 3127 1263 3192 praesentes
1309 3139 1718 3198 perspexero.
1762 3123 2053 3196 Quorum
2096 3124 2254 3186 alter
2296 3125 2583 3203 quidem,
2629 3142 2859 3204 nempe
2910 3125 3259 3197 Palladius,
3294 3132 3474 3186 antea
3524 3126 3743 3185 Latine

493 3235 740 3291 versus,
800 3220 923 3280 sub
975 3222 1336 3282 Heraclidis
1392 3225 1652 3284 nomine
1701 3224 1766 3285 in
1819 3225 2020 3287 lucem
2052 3227 2233 3297 exiit,
2267 3226 2381 3287 sed
2430 3242 2557 3287 non
2616 3226 2887 3303 integer,
2922 3242 3067 3286 cum
3114 3226 3179 3286 in
3239 3242 3318 3286 eo
3365 3225 3510 3301 plus
3551 3242 3736 3304 quam

489 3318 747 3395 triginta
784 3321 927 3380 vitm
971 3322 1443 3386 desiderentur.
1489 3324 1710 3402 Itaque
1762 3342 1887 3387 non
1932 3327 2085 3387 satis
2130 3327 2323 3388 habui
2374 3326 2436 3386 id
2470 3327 2641 3405 quod
2688 3328 2748 3387 ei
2788 3327 3027 3399 deerat,
3062 3325 3392 3403 supplere,
3420 3324 3543 3385 nisi
3587 3340 3732 3384 eum

487 3424 704 3484 denuo
752 3440 785 3484 a
832 3425 1035 3500 capite
1102 3434 1435 3489 verterem.
1484 3429 1618 3489 Hoc
1672 3438 1883 3490 autem
1933 3448 2076 3492 esse
2120 3448 2283 3509 Opus
2338 3430 2627 3502 Palladii,
2677 3448 2867 3492 nemo
2914 3429 3301 3491 dubitaverit
3356 3430 3460 3507 qui
3507 3426 3719 3501 legerit

487 3532 675 3599 caput
706 3524 813 3597 ἰιῖι,
850 3525 961 3586 lib.
988 3545 1033 3585 ιι
1077 3529 1511 3588 ecclesiastica:
1567 3531 1872 3591 Historiae
1913 3531 2259 3609 Nicephori
2298 3553 2312 3591 :
2345 3531 2694 3605 Palladius,
2747 3531 2985 3610 inquit,
3042 3532 3309 3609 Evagrii
3364 3524 3722 3604 discipulus,

486 3621 649 3682 t'itas
696 3636 1057 3685 sanctorum
1093 3628 1323 3705 optime
1370 3631 1691 3707 exposuit.
1747 3633 1883 3691 Non
1929 3632 2319 3693 dubitaverit
2365 3632 2555 3694 etiam
2604 3633 2715 3712 qui
2765 3632 2994 3710 legerit
3034 3649 3172 3709 cap.
3228 3630 3369 3691 libri
3399 3646 3525 3689 vm.
3558 3627 3727 3688 Hist.

494 3724 681 3803 .Trip.
727 3726 898 3788 Cass.
937 3735 997 3789 et
1040 3730 1119 3789 '23
1191 3730 1468 3791 Socratis
1521 3732 1885 3794 scholastici
1937 3758 1952 3795 :
2002 3735 2114 3813 qui
2176 3736 2449 3815 loquens
2504 3736 2582 3797 de
2632 3737 2868 3798 sanctis
2920 3735 3000 3797 de
3060 3734 3302 3814 quibus
3356 3732 3543 3810 paulo
3590 3740 3733 3792 ante

488 3824 863 3901 scripserat,
894 3827 1025 3888 haec
1054 3829 1209 3890 dicit
1243 3853 1257 3891 :
1293 3832 1364 3892 Si
1392 3832 1532 3909 quis
1574 3844 1780 3893 autem
1832 3834 1984 3915 velit
2022 3836 2183 3896 scire
2217 3856 2287 3895 ea
2324 3855 2458 3916 quae
2494 3838 2622 3916 ipsi
2658 3838 2895 3916 egerint
2951 3845 3007 3897 et
3040 3836 3337 3915 fecerint,
3384 3844 3440 3893 et
3485 3851 3617 3911 qua:
3662 3831 3743 3889 ad

489 3941 706 3983 eorum
759 3928 869 4004 qui
930 3927 1308 4003 audierunt,
1365 3932 1564 3992 locuti
1593 3932 1723 3993 sint
1776 3935 2152 4006 utilitatem,
2216 3944 2275 3995 et
2314 3936 2825 4015 quemadmodum
2889 3937 2976 3999 eis
3032 3933 3352 3997 obedirent
3414 3933 3650 3998 bestia;
3704 3950 3741 3988 α

486 4018 780 4087 Palladio
825 4031 1123 4091 monacho
1174 4033 1455 4109 scriptus
1509 4042 1600 4093 est
1660 4031 1820 4093 liber
1863 4052 2058 4105 unus,
2113 4035 2222 4111 qui
2267 4035 2535 4113 Evagrii
2591 4036 2839 4116 quidem
2893 4045 3028 4096 erat
3076 4033 3433 4112 discipulus
3477 4052 3498 4091 :
3538 4029 3609 4091 de
3657 4030 3741 4091 iis

487 4137 693 4187 autem
720 4131 927 4190 omnia
954 4141 1246 4191 accurate
1270 4135 1693 4211 pertractavit
1724 4155 1743 4193 :
1775 4135 1844 4193 in
1868 4151 1988 4211 quo
2021 4135 2207 4194 etiam
2238 4137 2514 4196 meminit
2537 4135 2870 4199 mulierum
2898 4155 3031 4214 qua:
3061 4153 3183 4214 par
3202 4135 3343 4195 vitae
3380 4135 3741 4194 institutum

489 4246 628 4287 cum
655 4230 814 4289 viris
842 4231 1029 4307 prius
1061 4229 1248 4292 dictis
1280 4240 1709 4309 susceperunt.
1758 4233 1945 4304 Quod
1988 4239 2200 4292 autem
2236 4232 2340 4293 hic
2381 4234 2541 4295 liber
2571 4236 2847 4313 scriptus
2878 4236 2962 4295 sit
2991 4235 3067 4294 ad
3098 4237 3369 4295 Lausum
3391 4281 3405 4306 ,
3442 4232 3740 4310 probatur

488 4331 858 4391 testimonio
888 4334 1155 4393 Joannis
1189 4334 1562 4393 Damasceni
1592 4333 1657 4392 in
1692 4332 1856 4394 libro
1892 4334 2002 4412 qui
2038 4334 2407 4396 inscribitur
2441 4358 2455 4396 :
2487 4338 2577 4395 De
2609 4338 2690 4398 iis
2719 4339 2826 4415 qui
2857 4338 2921 4397 in
2960 4334 3079 4414 ﬁde
3108 4334 3519 4395 dormierunt.
3555 4333 3737 4406 Quod

490 4427 545 4487 si
591 4431 737 4506 quis
770 4432 1042 4506 dixerit,
1097 4434 1161 4493 id
1210 4435 1383 4511 quod
1434 4435 1710 4495 Macario
1748 4434 1826 4495 ab
1875 4452 1951 4495 eo
1998 4435 2361 4510 ascribitur,
2418 4455 2541 4499 non
2596 4438 2878 4499 inveniri
2936 4437 3173 4497 in'hoc
3216 4443 3436 4495 nostro
3477 4434 3682 4509 Opere
3722 4449 3734 4490 :
3808 4441 3814 4445 ’

490 4526 767 4587 duorum
817 4529 1088 4591 alterum
1144 4549 1402 4592 necesse
1445 4543 1573 4604 est,
1606 4531 1700 4593 vel
1743 4532 1806 4592 id
1864 4532 2067 4593 fuisse
2110 4531 2172 4593 in
2225 4534 2345 4596 hoc
2401 4553 2596 4614 opere
2646 4545 2928 4613 tempore
2980 4534 3384 4605 Damasceni,
3433 4541 3493 4594 et
3540 4532 3743 4592 fuisse

491 4639 708 4705 postea
739 4632 817 4693 ab
863 4633 1161 4696 haeretico
1200 4635 1421 4713 aliquo
1464 4636 1779 4697 malitiose
1814 4637 2138 4698 sublatum
2170 4639 2298 4700 :vel
2336 4658 2482 4701 eum
2515 4640 2747 4701 librum
2770 4642 2879 4719 qui
2906 4640 3283 4701 inscribitur
3311 4639 3433 4699 :De
3454 4636 3747 4697 doctrina

487 4728 784 4807 Patrum,
834 4735 1038 4797 fuisse
1080 4736 1271 4797 etiam
1318 4737 1599 4798 Palladio
1645 4739 2076 4813 conscriptum
2124 4762 2137 4799 :
2180 4758 2374 4818 quem
2430 4747 2672 4802 constat
2723 4741 2927 4802 fuisse
2977 4758 3011 4801 e
3058 4742 3277 4802 Graeco
3326 4754 3742 4806 conversum;

489 4849 658 4905 cum,
692 4834 771 4894 de
805 4833 1007 4911 capite
1041 4834 1300 4907 mortui,
1330 4834 1710 4896 miraculum
1745 4838 1919 4914 quod
1957 4839 2232 4899 Macario
2276 4840 2533 4900 ascribit
2566 4840 3021 4911 Damascenus,
3057 4841 3287 4901 iisdem
3318 4839 3531 4900 verbis
3561 4840 3626 4897 in
3663 4852 3744 4895 eo

487 4948 682 5010 opere
728 4932 1058 5005 referatur,
1110 4933 1275 4994 libro
1329 4943 1589 5012 quarto,
1642 4938 1846 5013 capite
1890 4938 1969 4998 de
2014 4939 2327 5015 exemplis
2370 4946 2430 4999 et
2479 4939 2787 5000 doctrinis
2835 4940 2976 5001 vitm
3022 4939 3405 5017 spiritualis.
3465 4942 3599 5000 Non
3645 4946 3743 4997 est

484 5045 696 5096 autem
730 5036 900 5113 quod
947 5053 980 5097 a
1029 5035 1311 5098 Palladio
1358 5048 1578 5097 nostro
1619 5036 2034 5099 Ciceroniana
2084 5047 2487 5118 exspectetur
2533 5041 2928 5118 eloquentia.
2978 5042 3132 5100 Nam
3181 5057 3322 5099 cum
3369 5040 3508 5113 ipse
3561 5038 3743 5098 nullo

484 5136 772 5198 adhibito
815 5138 1124 5198 orationis
1168 5146 1573 5210 ornamento,
1610 5139 1974 5218 humilique
2007 5157 2076 5201 ac
2126 5142 2308 5217 plane
2360 5141 2612 5218 plebeio
2668 5141 2872 5221 stylo;
2924 5142 3101 5201 visus
3146 5152 3287 5202 sum
3332 5140 3489 5200 mihi
3534 5140 3742 5200 ﬁdelis

484 5238 861 5312 interpretis
893 5256 1015 5299 non
1043 5238 1378 5300 iuncturus
1412 5239 1643 5311 ofﬁcio,
1680 5238 1733 5298 si
1767 5239 1953 5300 aliter
1985 5241 2320 5300 vertissem
2356 5256 2543 5318 quam
2575 5241 2963 5318 scripsisset.
2998 5244 3162 5319 Lege
3205 5258 3357 5320 ergo
3396 5259 3519 5301 non
3556 5248 3621 5301 ut
3657 5260 3739 5300 ex

486 5338 629 5416 ejus
689 5341 960 5400 lectione
1011 5342 1100 5400 sis
1133 5339 1560 5419 eloquentior,
1613 5341 1725 5401 sed
1778 5350 1845 5402 ut
1889 5340 2140 5415 melior,
2189 5350 2250 5402 et
2284 5344 2345 5401 in
2401 5342 2479 5401 iis
2523 5360 2666 5420 qum
2711 5346 2787 5404 ad
2842 5344 3138 5421 pietatem
3189 5352 3249 5405 et
3300 5344 3746 5422 pulcherrime

487 5440 778 5500 historiae
831 5439 1267 5515 cognitionem
1334 5441 1689 5515 pertinent,
1754 5438 2108 5512 eruditior,
2166 5440 2453 5500 imitatus
2494 5442 2793 5502 videlicet
2858 5444 3044 5503 vitam
3108 5444 3459 5521 angelicam
3516 5448 3757 5503 eorum

486 5539 797 5611 virorum,
837 5540 946 5615 qui
984 5540 1049 5599 in
1092 5555 1278 5598 carne
1312 5541 1527 5599 minus
1573 5539 1889 5599 carnalem
1938 5539 2153 5613 vitam,
2200 5543 2309 5600 sed
2358 5541 2708 5617 angelicam
2751 5544 3065 5621 degerunt
3100 5565 3114 5602 :
3146 5545 3328 5621 juxta
3374 5544 3739 5620 exemplum

491 5641 664 5718 quod
699 5649 758 5701 et
792 5642 905 5702 tibi
942 5641 1276 5718 prOposuit
1309 5642 1716 5702 Theodosius
1757 5642 2050 5716 princeps
2088 5643 2392 5718 Optimus,
2426 5645 2540 5721 qui
2584 5652 2809 5722 quarto
2848 5646 3139 5722 cujusvis
3174 5646 3593 5705 hebdomadis
3636 5646 3744 5705 die

492 5734 839 5814 iejunab‘at,
874 5738 1149 5815 hymnos
1180 5741 1480 5821 Deo‘cum
1503 5741 1835 5803 sororibus
1853 5742 2119 5803 alternis
2145 5743 2428 5818 canebat,
2459 5753 2519 5806 et
2554 5762 2632 5807 ne
2663 5746 2741 5806 ab
2772 5746 3085 5807 ascelerio
3117 5744 3571 5807 monachorum
3596 5747 3736 5808 aula
