4020 6422
335 354 435 418 993
1367 350 1740 413 GENTIANI
1781 350 2122 414 HERV'ETI
2158 350 2577 413 PPJEFATIO.
3507 370 3611 433 994

324 481 442 529 sua
464 462 781 539 differret,
809 461 1083 541 spiritus
1109 459 1299 523 verba
1320 477 1575 539 semper
1596 461 1663 522 in
1694 476 1803 522 ore
1835 461 2081 537 habuit,
2114 478 2259 523 cum
2286 461 2610 542 episcOpis
2642 467 2702 525 et
2727 461 3165 525 sacerdotibus
3190 479 3605 544 congressus,

326 569 638 632 obscuros
675 568 873 641 locos,
909 574 1101 644 τρίφα,
1135 573 1196 627 et
1223 564 1427 627 nodos
1453 563 1947 642 Scripturarum,
1976 562 2145 624 haud
2177 564 2364 624 aliter
2384 579 2575 642 quam
2601 562 2656 624 si
2683 562 2882 623 sacris
2916 560 3055 639 ipse
3084 562 3377 626 initiatus
3400 572 3606 639 esset,

332 671 675 748 explicuit,
710 676 902 731 noctu
932 668 1113 729 libris
1143 666 1432 747 legendis
1464 673 1769 745 αὐτόματον
1802 665 1919 727 Ιιιρι

2031 682 2130 727 am
2154 666 2563 745 cxc0gitavit,
2594 670 2921 745 ἀοργησίαν,
2954 665 3021 727 id
3059 675 3190 740 est,
3216 666 3610 745 injuriarum

330 772 811 843 remissionem,
846 770 1120 833 invexit.
1151 770 1525 832 Sacerdotes
1552 768 1713 830 adeo
1745 768 1995 843 dilexit,
2028 774 2099 828 ut
2139 767 2429 847 episcopi
2469 766 2942 832 Chebronensis
2981 768 3271 832 defuncti
3312 765 3617 845 sagulum

331 872 460 934 sub
496 872 821 953 imperiali
853 871 1194 952 chlamyde
1232 873 1619 951 gestaverit:
1656 871 1817 933 tanti
1860 870 2011 933 fecit
2053 870 2426 945 monachos,
2472 877 2543 932 ut
2584 888 2618 933 a
2657 873 2940 951 quodam
2984 870 3614 940 excommunicatus,

328 973 441 1035 cui
470 973 807 1052 quidpiam
842 973 1298 1051 denegaverat,
1346 989 1475 1035 non
1525 972 1708 1052 prius
1750 972 1966 1033 cibum
2018 972 2369 1050 sumpserit
2407 989 2598 1052 quam
2647 973 2727 1035 ab
2760 975 2987 1037 eodem
3031 975 3147 1037 diu
3200 971 3614 1049 multumque

335 1074 635 1153 quassito,
666 1072 947 1136 vinculis
979 1072 1236 1135 solutus
1268 1077 1461 1133 esset.
1490 1071 1669 1133 Vixit
1698 1079 1912 1134 autem
1944 1069 2270 1133 Palladius
2300 1071 2658 1151 imperante
2690 1072 3085 1136 Theodosio.
3108 1074 3292 1136 Vale.

406 1174 484 1236 Ut
541 1174 740 1252 probe
794 1188 1048 1247 noscas,
1112 1172 1331 1247 lector,
1372 1173 1670 1251 quisnam
1728 1172 2054 1235 Palladius
2106 1170 2334 1246 fuerit,
2384 1174 2599 1252 accipe
2661 1175 2908 1252 judicia
2974 1177 3228 1237 Patrum
3306 1175 3384 1236 de
3446 1174 3615 1254 ipso.

326 1280 599 1341 Sanctus
636 1276 1111 1352 Hieronymus,
1150 1275 1334 1355 cujus
1367 1275 1432 1335 in
1484 1275 1601 1336 hac
1649 1293 1715 1336 re
1751 1275 2077 1354 judicium
2126 1275 2351 1353 probat
2385 1284 2644 1337 sanctus
2691 1278 2991 1339 Gelasius
3026 1280 3090 1345 Ι,
3138 1276 3513 1355 prmfatione
3546 1278 3619 1342 in

322 1380 494 1442 libro
525 1386 840 1440 adversus
874 1378 1282 1456 Pelagianos,
1323 1378 1411 1439 ait
1449 1400 1462 1438 :
1504 1375 1834 1439 Palladius
1864 1375 2118 1438 servilis
2149 1377 2447 1455 nequitia:
2484 1378 2769 1439 hwresim
2803 1378 3210 1457 Pelagianam
3254 1381 3619 1441 instaurare

322 1489 588 1542 conatus
619 1491 731 1540 est.
765 1482 1033 1541 Sanctus
1066 1479 1469 1558 Epiphanius
1503 1479 1693 1556 epist.
1731 1480 1805 1540 ad
1837 1482 2150 1539 Joannem
2191 1478 2764 1558 Hierosolymitan.
2821 1480 2915 1543 sic
2959 1481 3173 1560 inquit
3204 1504 3217 1543 :
3258 1480 3621 1543 Palladium

324 1598 470 1642 vero
512 1579 824 1652 Galatnm,
855 1580 965 1657 qui
1002 1578 1312 1658 quondam
1340 1578 1522 1640 nobis
1555 1580 1783 1639 charus
1811 1579 1964 1655 fuit,
2001 1588 2060 1639 et
2088 1596 2258 1639 nunc
2288 1579 2731 1640 misericordia
2764 1582 2880 1642 Dei
2926 1580 3204 1659 indiget,
3239 1601 3404 1654 cave,
3459 1585 3609 1661 quia

325 1682 621 1764 Origenis
656 1684 935 1746 hwresim
965 1684 1275 1762 prwdicat
1303 1691 1361 1743 et
1394 1682 1593 1755 docet,
1630 1702 1706 1743 ne
1727 1685 1892 1762 forte
1928 1682 2177 1762 aliquos
2214 1682 2287 1742 de
2313 1681 2554 1761 populo
2589 1684 2711 1745 tibi
2734 1683 2974 1746 credito
3014 1684 3096 1745 ad
3118 1686 3615 1762 perversitatem

323 1790 428 1851 sui
458 1788 718 1850 inducat
757 1788 1017 1848 erroris.
1054 1788 1199 1849 Haec
1236 1794 1495 1848 sanctus
1530 1786 1961 1864 Epiphanius.
1998 1788 2076 1846 At
2109 1802 2210 1847 res
2243 1786 2509 1847 Palladii
2546 1794 2779 1865 gestas,
2809 1786 3130 1850 vafritiem
3173 1798 3237 1851 et
3288 1790 3514 1852 odium
3552 1790 3617 1852 in

328 1901 621 1951 sanctum
660 1889 1129 1967 Hieronymum
1165 1887 1465 1967 pluribus
1514 1896 1850 1967 exponunt
1887 1888 2121 1951 Annal.
2154 1887 2588 1950 Ecclesiastici
2627 1897 2780 1950 tom.
2813 1892 2892 1951 V.
2929 1893 3019 1952 Ex
3045 1891 3286 1970 quibus
3318 1892 3620 1955 omnibus

326 1992 562 2063 disces,
601 2007 745 2068 quae
776 1990 931 2052 ﬁdes
962 1988 1326 2051 adhibenda
1356 1990 1441 2051 sit
1471 1989 1775 2051 hatretico
1809 1990 2057 2052 homini
2083 1988 2471 2068 Origenistaa
2515 1998 2577 2051 et
2620 1990 2992 2071 Pelagiano,
3027 1991 3095 2053 in
3130 1991 3231 2052 his
3267 1993 3623 2071 prmserlim

327 2110 476 2174 qum
506 2093 583 2153 de
616 2091 1009 2170 quibusdam
1043 2090 1146 2152 sui
1175 2089 1507 2152 similibus
1546 2091 1879 2153 monachis
1918 2092 2141 2154 eadem
2179 2088 2459 2169 fuligine
2494 2090 2713 2153 tinctis
2753 2091 2821 2153 in
2866 2090 2985 2154 hoc
3019 2106 3215 2171 Opere
3254 2093 3468 2169 prodit
3504 2116 3519 2154 :
3554 2112 3626 2157 ac

326 2193 605 2255 maxime
639 2191 997 2253 verendum
1030 2207 1109 2252 ne
1142 2190 1396 2269 aliquos
1430 2207 1544 2269 pro
1577 2192 1817 2254 sanctis
1853 2192 2169 2266 venditet,
2202 2191 2318 2269 qui
2352 2190 2621 2253 fuerunt
2652 2192 3043 2271 Origenistm
3068 2240 3083 2268 ,
3114 2191 3216 2255 vel
3268 2192 3623 2272 Pelagiani.

326 2294 546 2372 Sngaci
584 2292 950 2370 conjectura
983 2292 1120 2353 suis
1155 2292 1312 2355 locis
1348 2295 1418 2355 in
1450 2311 1646 2372 opere
1691 2296 2010 2374 quosdam
2043 2295 2237 2357 istius
2276 2294 2554 2358 furfuris
2588 2296 3046 2358 indicabimus.
3076 2297 3151 2357 Ut
3178 2297 3379 2375 magis
3409 2304 3625 2360 autem

328 2394 559 2455 faciem
613 2399 674 2454 et
725 2392 956 2454 intima
1010 2392 1278 2455 Palladii
1324 2395 1785 2474 introspicias,
1835 2396 1997 2458 scito
2049 2396 2267 2474 ipsum
2338 2395 2545 2458 fuisse
2590 2396 2985 2476 discipulum
3041 2397 3297 2475 Evagrii
3349 2398 3623 2462 Pontici.

330 2498 719 2576 Origenistae
761 2499 1042 2562 hmretici
1077 2500 1268 2563 toties
1298 2500 1377 2564 ab
1409 2500 1698 2562 Ecclesia
1727 2501 2043 2576 damnati,
2081 2503 2160 2564 de
2196 2516 2327 2581 quo
2360 2501 2543 2580 plura
2599 2501 3051 2564 annotavimus
3095 2508 3270 2563 tomo
3302 2502 3378 2577 V,
3430 2502 3624 2564 initio

332 2597 479 2660 libri
519 2601 801 2679 Evagrii.
845 2602 979 2663 Hoc
1015 2602 1094 2665 de
1127 2619 1197 2664 se
1235 2608 1506 2665 testatur
1533 2601 1862 2663 Palladius
1917 2602 1981 2664 in
2035 2601 2152 2664 hac
2200 2602 2530 2677 Lausiaca,
2565 2619 2705 2664 cum
2743 2602 2830 2663 ait
2868 2625 2882 2664 :
2917 2600 3253 2679 Respondi
3314 2618 3416 2664 me
3471 2618 3620 2663 esse

332 2703 772 2781 peregrinum,
802 2704 958 2766 etde
978 2704 1244 2767 Galatiae
1273 2706 1563 2784 partibus
1603 2705 1847 2779 venire,
1875 2711 1938 2766 et
1970 2722 2173 2767 unum
2204 2722 2284 2767 ex
2307 2706 2561 2784 Evagrii
2584 2704 2887 2766 fratribus
2920 2719 3062 2765 esse
3094 2700 3429 2764 confessus
3452 2718 3620 2765 sum.

331 2800 509 2861 Idem
543 2800 940 2864 afﬁrmarunt
970 2804 1259 2865 Socrates
1293 2805 1406 2866 lib.
1438 2824 1539 2877 1v,
1571 2820 1709 2882 cap.
1760 2805 1871 2877 18,
1914 2812 1976 2867 et
2012 2804 2415 2883 Nicephorus
2461 2805 2571 2867 lib.
2616 2824 2699 2879 ιι,
2733 2822 2870 2883 cap.
2919 2804 3017 2876 ιιῖι,
3053 2810 3121 2865 ut
3166 2801 3330 2865 nihil
3385 2802 3623 2865 mirum

332 2897 441 2971 sit,
476 2897 530 2957 si
562 2899 791 2960 eodem
827 2898 961 2961 luto
994 2917 1312 2975 errorum,
1349 2917 1480 2980 quo
1512 2903 1839 2982 magister,
1878 2903 2119 2965 tinctus
2166 2902 2489 2977 Palladius
2526 2902 2749 2966 fuerit.
2789 2903 3138 2979 Quorcirca
3180 2910 3251 2965 ut
3301 2902 3420 2965 hoc
3456 2919 3621 2981 Opus

334 2997 597 3059 laudant
633 3000 922 3062 Socrates
954 3009 1016 3062 et
1046 3000 1473 3080 Nicephorus,
1511 3009 1585 3064 ut
1626 3019 1753 3065 non
1804 3003 1976 3065 imus
2020 3002 2269 3068 inﬁcias
2312 3003 2508 3066 multa
2556 3004 2658 3066 illi
2703 3004 2921 3067 inesse
2954 3002 3142 3068 utilia
3173 3009 3236 3068 et
3284 3008 3450 3067 recta
3485 3047 3503 3080 ,
3534 3001 3620 3064 ita

335 3106 581 3164 certum
614 3109 710 3166 est
740 3100 910 3180 illos,
937 3102 1150 3183 qualis
1172 3102 1503 3168 Palladius
1549 3103 1770 3182 fuerit,
1801 3122 1928 3170 non
1966 3105 2229 3185 penitus
2259 3113 2665 3187 perspectum
2705 3105 3030 3171 habuisse.

641 5820 907 5880 Pnaon
946 5818 1057 5877 Gn.
1081 5820 1371 5881 XXXH'.
3263 5819 3341 5902 32
