4020 6460
522 400 624 462 995
1960 407 2109 467 ΡΛΠ

2185 407 2312 467 ιΒΙΙ
3671 410 3772 471 996

509 550 3781 585 MM

924 713 1582 806 ΠΑΛΛΑΔΙΟΥ
1657 713 2337 803 ΕΠΙΣΚΟΠΟΥ
2428 710 3340 800 ΕΛΕΝΟΥΠΟΛΕΩΣ

1065 956 1185 1080 Η
1263 950 1732 1082 ΠΡΟΣ
1810 942 2493 1079 ΛΑΥΣΟΝ
2568 946 3243 1077 ΙΣΤΟΡΙΑ

1489 1203 1928 1261 ΠΕΡΙΕΧΟΥΣᾹ
1969 1200 2173 1257 ΒῙΟΥΣ
2205 1201 2405 1256 ΟΣΙΩΝ
2444 1200 2788 1255 ΠᾹΤΕΡΩΝ.

1681 1541 1954 1597 Genliano
1986 1539 2223 1595 Hcrvcto
2252 1538 2573 1609 interprete.

978 1704 1220 1770 Damus,
1250 1702 1687 1774 Supplemenlum
1717 1701 1971 1756 Biblioth.
1995 1699 2222 1755 Patrum
2250 1698 2342 1753 ed.
2387 1698 2560 1755 Paris.
2603 1696 2764 1763 1624,
2795 1696 2886 1752 l'ol.
2911 1707 2950 1753 ι.
2982 1696 3046 1765 ΙΙ,
3071 1711 3125 1767 p.
3151 1696 3297 1752 895.‘

1800 2021 2465 2110 ΠΡΟΟΙΜΙΟΝ.

578 2205 669 2259 Ἐν
696 2203 868 2278 ταύτῃ
897 2208 963 2278 τῇ
999 2205 1169 2278 βίϐλῳ
1206 2206 1626 2278 ἀναγέγραπται
1671 2206 1928 2278 ἐνάρετος
1956 2208 2224 2278 ἄσκησις,
2258 2205 2353 2260 καὶ
2395 2202 2686 2274 θαυμαστὴ
2726 2202 2843 2273 βίου
2880 2200 3150 2273 διαγωγὴ,
3184 2200 3293 2254 τῶν
3329 2201 3624 2275 μακαρίων
3672 2207 3768 2259 καὶ⁵

495 2294 669 2364 ἁγίων
719 2295 976 2367 Πατέρων
1008 2294 1283 2366 μοναχῶν,
1338 2296 1435 2350 καὶ
1480 2296 1850 2367 ἀναχωρητῶν
1878 2294 1985 2349 τῶν
2018 2295 2077 2347 ἐν
2098 2297 2164 2366 τῇ
2196 2294 2413 2365 ἐρήμῳ,
2450 2291 2588 2361 πρὸς
2635 2290 2795 2358 ζῆλον
2825 2290 2921 2343 καὶ
2953 2289 3188 2359 μίμησιν
3217 2288 3326 2343 τῶν
3354 2290 3456 2360 τὴν
3489 2290 3770 2362 οὐρανίων

496 2384 774 2437 πολιτείαν
801 2383 1095 2438 ἐθελόντων
1134 2384 1456 2455 κατορθοῦν,
1486 2385 1581 2437 καὶ
1607 2383 1705 2456 τὴν
1732 2385 1812 2448 είς
1850 2382 2132 2454 βασιλείαν
2165 2381 2413 2453 οὐρανῶν
2444 2380 2685 2449 ἄγουσαν
2729 2376 3070 2448 βουλομένων
3100 2375 3305 2430 ὁδεύειν
3340 2376 3493 2430 ὁδόν·
3529 2378 3625 2431 καὶ
3670 2397 3769 2447 γυ-

494 2471 699 2527 ναικῶν
743 2470 1123 2543 πρεσϐυτίδων
1152 2473 1248 2525 καὶ
1280 2472 1543 2543 ἀοιδίμων
1589 2472 1965 2526 θεοπνεύστων
2002 2471 2256 2542 μητέρων
2290 2471 2527 2541 μνῆμαι,
2553 2469 2661 2522 τῶν
2687 2467 2920 2538 ἀνδρείῳ
2952 2466 3047 2518 καὶ
3075 2466 3264 2537 τελείῳ
3295 2468 3605 2538 φρονήματι
3631 2470 3769 2533 τοὺς

492 2560 595 2627 τῆς
625 2560 882 2632 ἐναρέτου
923 2560 1211 2631 ἀσκήσεως
1246 2560 1441 2621 ἄθλους
1477 2560 1850 2627 ὲξανυσασῶν,
1891 2560 2029 2631 πρὸς
2062 2560 2431 2631 ὑπογραμμὸν
2462 2559 2558 2611 καὶ
2605 2557 2785 2628 ἔρωτα
2820 2555 2986 2619 θεῖον,
3013 2552 3123 2605 τῶν
3180 2552 3481 2606 ἐθελουσῶν
3525 2555 3617 2607 τὸν
3670 2558 3767 2626 τῆς

494 2647 824 2718 ἐγκρατείας
868 2648 965 2701 καὶ
994 2648 1217 2715 ἁγνείας
1247 2647 1622 2718 ἀναδήσασθαι
1652 2648 1948 2717 στέφανον’
1985 2647 2072 2700 διὰ
2110 2648 2169 2701 τὸ
2199 2648 2304 2701 ὑπὸ
2337 2646 2532 2717 ἀνδρός
2562 2662 2708 2707 τινος
2741 2642 3174 2712 παγκρατίστου,
3206 2642 3298 2694 καὶ
3327 2643 3392 2711 τῇ
3419 2643 3617 2714 γνώμῃ
3664 2662 3764 2696 πο-

492 2734 791 2805 λυμαθοῦς,
817 2735 912 2789 καὶ
941 2734 1020 2806 τῷ
1046 2736 1168 2807 ἤθει
1200 2734 1503 2806 εἰρηνικοῦ,
1535 2735 1630 2789 καὶ
1653 2737 1720 2806 τῇ
1752 2734 1950 2807 καρδίᾳ
1971 2734 2252 2799 εὐσεϐοῦς,
2285 2735 2379 2789 καὶ
2399 2738 2466 2807 τῇ
2493 2733 2705 2805 διανοίᾳ
2732 2730 3032 2799 θεοφιλοῦς,
3065 2729 3160 2783 καὶ
3185 2729 3278 2782 τοῦ
3308 2730 3444 2799 πρὸς
3471 2730 3764 2799 δεομένους

491 2821 603 2874 τῶν
636 2822 836 2892 χρειῶν
868 2822 1211 2888 κοινωνικοῦ,
1245 2822 1342 2877 καὶ
1368 2821 1507 2893 αὐτῇ
1542 2824 1756 2892 κορυφῇ
1786 2821 1896 2874 τῶν
1925 2820 2254 2890 ἀξιωμάτων
2282 2823 2371 2876 διὰ
2400 2821 2749 2893 χρηστότητα
2781 2818 3000 2889 τρόπων
3035 2816 3244 2870 πολλῶν
3276 2817 3518 2884 λογάδων
3549 2818 3761 2889 ἀνδρῶν

496 2926 800 2982 προτετιμη
811 2909 995 2979 μένου,
1038 2910 1215 2965 καὶτὸ
1240 2909 1360 2963 ὅλον
1389 2912 1455 2980 τῇ
1478 2909 1711 2980 δυνάμει
1743 2907 1838 2963 τοῦ
1867 2908 2012 2962 θείου
2052 2908 2192 2963 Πνεύ
2200 2927 2369 2981 ματος
2400 2907 2834 2981 φρουρουμένου,
2872 2904 3228 2969 ἐπιτάξαντος
3257 2905 3413 2974 ἡμῖν,
3451 2904 3655 2974 μᾶλλον
3684 2907 3755 2971 δὲ,

494 3000 545 3053 εί
576 2998 684 3070 χρὴ
718 3000 777 3052 τὸ
810 2999 1010 3069 ἀληθὲς
1038 3002 1233 3066 εἰπεῖν,
1268 3000 1406 3070 πρὸς
1432 3000 1530 3072 τὴν
1556 3004 1653 3071 τῆς
1681 3000 1790 3053 τῶν
1812 2999 2139 3072 κρειττόνων
2156 2997 2388 3068 θεωρίας
2407 2996 2499 3049 τὸν
2519 2993 2727 3064 νωθρὸν
2754 2991 2915 3063 ἡμῶν
2940 2990 3065 3045 νοῦν
3098 2990 3465 3060 διεγείραντος
3493 2992 3632 3061 πρὸς
3666 2993 3756 3063 μί-

499 3101 667 3152 μησιν
698 3086 791 3136 καὶ
813 3084 1045 3153 ἅμιλλαν
1066 3086 1174 3138 τῶν
1205 3086 1416 3155 ἀρετῶν
1445 3086 1545 3156 τῆς
1570 3088 1859 3157 ἀσκήσεως
1893 3085 2002 3139 τῶν
2027 3087 2189 3140 ὁσίων
2222 3085 2317 3138 καὶ
2341 3084 2626 3137 ἀθανάτων
2651 3079 3036 3150 πνευματικῶν
3067 3078 3224 3150 ήμῶν
3254 3080 3539 3150 Πατέρων,
3567 3081 3675 3133 τῶν
3696 3084 3751 3133 ἐν

495 3172 763 3243 ἀρεσκείᾳ
788 3172 945 3239 Θεοῦ,
981 3174 1038 3226 ἐν
1073 3174 1468 3245 σκληραγωγίᾳ
1499 3175 1667 3244 πολλῇ
1700 3174 1794 3227 τοῦ
1821 3174 2073 3245 σώματος
2106 3171 2453 3244 βεϐιωκότων
2477 3188 2491 3202 ο
2524 3170 2600 3232 ὡς
2630 3163 3129 3238 ἀναγραψάμένους
3165 3169 3315 3237 ἡμᾶς
3341 3168 3467 3231 τοὺς
3506 3169 3614 3221 τῶν
3639 3170 3751 3223 ἀνι-

497 3259 680 3328 κήτων
713 3259 962 3330 ἀθλητῶν
989 3259 1139 3329 βίους
1163 3260 1581 3330 διαπέμψασθαι
1609 3261 1807 3333 τούτῳ,
1838 3263 2318 3333 ἀνακηρύττοντας
2348 3259 2466 3321 ἐνὸς
2494 3258 2726 3311 ἑκάστου
2768 3256 2877 3309 τῶν
2915 3256 3171 3324 μεγάλων
3204 3256 3303 3319 τὰς
3347 3258 3588 3327 ἐνεργεῖς
3624 3259 3745 3326 ἀρε-

497 3346 616 3408 τάς.
649 3346 805 3399 Ἔστι
830 3346 884 3399 δὲ
913 3348 941 3400 ὁ
973 3346 1066 3399 τοῦ
1090 3346 1235 3400 θείου
1263 3347 1452 3400 τούτου
1484 3349 1578 3401 καὶ
1612 3347 1986 3419 πνευματικοῦ
2015 3349 2181 3403 πόθου
2215 3346 2451 3418 ἐραστὴς
2482 3348 2511 3399 ό
2548 3345 2773 3417 ἄριστος
2800 3342 2911 3399 τῶν
2946 3344 3155 3416 ἀνδρῶν
3193 3345 3409 3410 Λαῦσος
3436 3347 3464 3399 ό
3492 3349 3622 3416 μετὰ
3647 3346 3739 3414 τὴν

496 3432 593 3487 τοῦ
623 3432 760 3486 Θεοῦ
794 3434 967 3505 ῥοπὴν
995 3434 1170 3503 φύλαξ
1196 3435 1531 3506 τεταγμένος
1555 3436 1654 3507 τῆς
1686 3436 1869 3491 ἐνθέου
1897 3437 1990 3489 καὶ
2017 3434 2279 3497 εὐσεϐοῦς
2312 3431 2611 3502 βασιλείας.

580 3545 722 3613 Ἐγὼ
748 3545 927 3600 τοίνυν
956 3547 984 3599 ὁ
1012 3547 1103 3600 καὶ
1124 3550 1189 3620 τῇ
1215 3547 1428 3619 γλώττῃ
1457 3548 1801 3616 ἀπαίδευτος,
1833 3552 1930 3603 καὶ
1959 3547 2337 3619 πνευματικῆς
2368 3545 2626 3615 γνώσεως
2652 3544 2965 3617 ἀκροθιγῶς
2994 3561 3113 3608 πως
3143 3546 3485 3617 γευσάμενος,
3508 3543 3596 3595 καὶ
3629 3541 3719 3595 τοῦ

498 3633 802 3701 καταλόγου
847 3632 956 3687 τῶν
1004 3633 1177 3702 ἁγίων
1214 3635 1478 3707 Πατέρων
1528 3636 1908 3706 πνευματικοῦ
1950 3637 2068 3707 βίου
2099 3636 2340 3702 ἀνάξιος,
2372 3632 2625 3698 δεδοικὼς
2671 3634 2733 3686 τὸ
2772 3633 2913 3702 ὑπὲρ
2955 3631 3055 3701 ἐμὲ
3085 3631 3330 3704 ἄμετρον
3354 3633 3446 3702 τῆς
3481 3630 3733 3697 ἐπιταγῆς

448 3761 457 3771 .
502 3720 755 3792 μέγεθος,
807 3721 1240 3792 δυσανησχέτουν
1283 3723 1607 3794 ἐγχειρῆσαι
1660 3723 1837 3795 τούτῳ
1881 3724 1959 3795 τῷ
1995 3724 2332 3795 ἐπιτάγματι
2384 3722 2584 3792 πολλῆς
2633 3721 2874 3792 δεομένῳ
2913 3722 3009 3775 καὶ
3051 3721 3244 3789 σοφίας
3272 3724 3371 3792 τῆς
3408 3720 3619 3786 ἔξωθεν,
3649 3721 3743 3772 καί

495 3808 875 3880 πνευματικῆς
915 3808 1207 3872 συνέσεως.
1243 3809 1433 3880 Ὅμως
1464 3810 1845 3874 καταιδεσθεὶς
1887 3810 2105 3882 πρῶτον
2139 3811 2201 3863 τὸ
2231 3811 2517 3863 σπουδαῖον
2543 3810 2642 3879 τῆς
2685 3808 2887 3877 ἀρετῆς
2920 3806 3015 3860 τοῦ
3044 3809 3126 3870 είς
3154 3808 3361 3876 ταύτην
3390 3808 3488 3877 τὴν
3519 3806 3744 3875 σπουδὴν

494 3896 648 3965 ἡμᾶς
675 3894 1067 3966 διεγείραντος,
1101 3895 1568 3965 ἀναλογισάμενος
1598 3896 1655 3949 δὲ
1680 3900 1773 3950 καὶ
1808 3897 1915 3952 τῶν
1947 3897 2385 3967 ἐντυγχανόντων
2410 3894 2509 3966 τὴν
2536 3894 2831 3963 ὠφέλειαν,
2870 3892 3058 3957 δεδιὼς
3096 3893 3153 3945 δὲ
3197 3895 3289 3946 καὶ
3315 3894 3405 3947 τὸν
3442 3895 3535 3947 ἐπὶ
3559 3896 3621 3965 τῇ
3656 3895 3743 3945 εὖ-

494 3984 640 4054 λόγῳ
677 3988 930 4055 παρακοῇ
972 3984 1239 4053 κίνδυνον,
1278 3984 1415 4038 Θεοῦ
1450 3986 1679 4056 προνοίᾳ
1716 3986 1932 4057 πρῶτον
1963 3984 2329 4048 ἀνατεθεικὼς
2361 3983 2422 4037 τὸ
2471 3984 2719 4052 γενναῖον
2768 3980 3086 4051 ἐπίταγμα,
3117 3982 3212 4035 καὶ
3243 3982 3410 4053 πολλῇ
3455 3983 3745 4052 προσεχείξι

495 4071 842 4144 χρησάμενος
870 4075 937 4141 τῇ
968 4071 1077 4125 τῶν
1112 4072 1285 4141 ἁγίων
1319 4072 1581 4141 Πατέρων
1612 4071 1901 4143 πρεσϐείᾳ,
1929 4072 2304 4143 πτερούμενος
2324 4071 2525 4142 ἀνέϐην
2548 4071 2629 4135 είς
2657 4071 2782 4133 τοὺς
2807 4070 3027 4138 ἀγῶνας
3055 4069 3149 4123 τοῦ
3183 4070 3531 4140 σκάμματος,
3558 4072 3652 4124 καὶ
3676 4071 3749 4134 ὡς

495 4162 555 4213 ἐν
589 4161 822 4230 ἐπιτομῇ
850 4159 956 4212 τῶν
984 4158 1249 4227 γενναίων
1275 4158 1527 4229 ἀθλητῶν
1558 4160 1653 4213 καὶ
1682 4160 1935 4229 μεγάλων
1962 4160 2172 4232 ἀνδρῶν
2201 4160 2269 4213 τά
2298 4159 2518 4229 ἐπακρα
2546 4158 2708 4229 μόνον
2734 4158 2830 4211 καὶ
2855 4160 3057 4229 σημεῖα
3087 4159 3568 4229 ἀναγραψάμενος.

569 4266 644 4319 Οὐ
682 4268 843 4337 μόνον
879 4265 1088 4337 ἀνδρῶν
1116 4265 1374 4336 ἀοιδίμων
1406 4265 1832 4336 κατορθωκότων
1855 4265 2129 4319 πολιτείαν
2158 4267 2407 4338 ἀρίστην,
2434 4266 2571 4321 ἀλλὰ
2594 4267 2690 4321 καὶ
2713 4266 2991 4336 γυναικῶν
3027 4267 3316 4339 μακαρίων
3349 4267 3447 4320 καὶ
3473 4268 3750 4339 εὐσχημόο

493 4369 601 4408 νων
630 4354 805 4424 ἄκραν
824 4353 1099 4406 πολιτείαν
1115 4352 1529 4423 ἐξασκησασῶν.
1556 4353 1667 4406 Καὶ
1692 4352 1803 4405 τῶν
1834 4353 1933 4423 μὲν
1955 4353 2022 4405 τὰ
2047 4353 2350 4426 ἱεροπρεπῆ
2379 4354 2648 4425 πρόσωπα
2673 4354 3085 4426 αύτοπροσὼπῳ
3109 4354 3206 4425 θέᾳ
3230 4354 3359 4407 ἰδεῖν
3382 4355 3748 4425 κατηξιώθην·

492 4442 601 4497 τῶν
621 4442 676 4494 δέ
698 4442 797 4513 ἤδη
825 4442 1221 4497 τελειωθέντων
1259 4443 1317 4496 ἐν
1338 4441 1416 4512 τῷ
1442 4443 1729 4512 σκάμματι
1762 4441 1863 4512 τῆς
1890 4442 2173 4505 εὐσεϐείας
2207 4442 2360 4513 παρά
2395 4442 2672 4514 θεοφόρων
2694 4442 2946 4514 ἀθλητῶν
2980 4441 3073 4496 τοῦ
3104 4442 3344 4513 Χριστοῦ
3368 4442 3469 4513 τὴν
3497 4445 3753 4514 οὐράνιον

491 4529 698 4582 τούτων
732 4529 878 4600 ζωὴν
906 4528 1293 4600 ἐκμεμάθηκα.
1325 4529 1531 4589 Πολλὰς
1561 4530 1617 4583 δὲ
1645 4528 1848 4593 πόλεις,
1898 4533 1996 4583 καὶ
2031 4529 2291 4593 πλείστας
2327 4529 2540 4601 κώμας,
2583 4522 2827 4599 σπήλαιά
2851 4547 2912 4583 τε
2942 4529 3060 4600 ἅμα
3084 4531 3180 4583 καὶ
3209 4530 3387 4592 πάσας
3413 4532 3623 4602 σκηνὰς
3656 4534 3753 4604 τῆς

454 4622 457 4625 ’
491 4617 701 4689 ἐρήμου
726 4615 833 4669 τῶν
874 4617 1121 4687 μοναχῶν
1149 4617 1317 4688 πολλῇ
1357 4619 1422 4688 τῇ
1470 4618 1668 4690 πορείᾳ
1710 4619 2110 4689 περινοστήσας
2161 4617 2473 4682 θεοσεϐείας
2524 4618 2752 4689 σκοπῷ,
2790 4619 2931 4689 μετὰ
2978 4618 3161 4691 πάσης
3208 4620 3516 4692 ἀκριϐείας,
3566 4620 3605 4675 ἀ
3654 4622 3756 4692 μὲν

492 4705 655 4768 αὐτὸς
695 4703 988 4774 ἱστορήσας
1024 4704 1443 4775 ἀνεγραψὰμην,
1472 4704 1508 4759 ἀ
1556 4705 1613 4758 δέ
1642 4704 1796 4776 παρά
1826 4705 1936 4758 τῶν
1971 4704 2146 4773 ἁγίων
2176 4705 2437 4776 Πατέρων
2469 4707 2718 4777 ἀκήκοα,
2771 4705 2968 4770 ἄθλους
3006 4708 3259 4776 μεγάλων
3288 4708 3500 4777 ἀνδρῶν
3529 4709 3626 4761 καὶ
3662 4710 3758 4762 ἀν-

491 4791 818 4863 δρειοτέρων
844 4793 943 4862 τῆς
973 4791 1190 4861 φύσεως
1219 4792 1496 4860 γυναικῶν
1526 4793 1615 4846 διὰ
1645 4792 1745 4864 τὴν
1774 4795 1855 4857 είς
1884 4792 2120 4864 Χριστὸν
2148 4793 2362 4857 ἐλπίδα,
2391 4794 2705 4865 ἐνσημήνας
2732 4795 2790 4847 ἐν
2824 4792 2903 4864 τῷ
2933 4794 3125 4865 βιϐλίῳ
3144 4795 3321 4867 τούτῳ
3334 4795 3661 4851 ἀπέσταλκα
3688 4800 3755 4867 τῇ

492 4879 600 4933 τῶν
628 4878 786 4932 θείων
826 4878 1022 4948 λογίων
1064 4879 1193 4951 φίλῃ
1241 4881 1378 4952 ἀκοῇ
1418 4897 1533 4945 σου,
1562 4880 1775 4952 ἀνδρῶν
1809 4880 2048 4952 ἀρίστων
2075 4882 2171 4936 καὶ
2210 4881 2477 4951 θεοφιλῶν
2509 4881 2945 4951 ἐγκαλλώπισμα
2966 4922 2981 4947 ,
3010 4883 3107 4936 καὶ
3148 4884 3248 4952 τῆς
3284 4885 3614 4954 πιστοτάτης
3660 4886 3759 4939 καὶ

494 4965 775 5036 θεοφιλοῦς
808 4966 1085 5035 βασιλείας
1117 4968 1420 5039 ἀγλάϊσμα,
1445 4971 1635 5039 γνήσιε
1670 4969 1766 5021 καὶ
1803 4968 2118 5039 φιλόχριστε
2171 4969 2324 5023 δοῦλε
2355 4968 2493 5023 Θεοῦ
2544 4968 2751 5033 Λαῦσε,
2798 4968 3113 5040 ἐγχαράξας
3143 4970 3286 5023 κατά
3316 4970 3414 5041 τὴν
3442 4972 3760 5039 προσοῦσαν

491 5054 616 5123 ἐμοὶ
653 5054 966 5126 βραχύτητα
1001 5055 1234 5109 ἑκάστου
1262 5056 1369 5109 τῶν
1395 5056 1489 5109 τοῦ
1530 5057 1769 5127 Χριστοῦ
1801 5056 2052 5128 ἀθλητῶν
2082 5056 2329 5128 ἀρρένων
2366 5075 2427 5110 τε
2458 5058 2554 5111 καὶ
2585 5056 2821 5127 θηλειῶν
2850 5058 2911 5109 τὸ
2944 5057 3194 5127 ἀοίδιμον
3229 5057 3402 5127 ὄνομα
3422 5075 3435 5088 ·
3468 5059 3757 5127 ἐξηγησά-

495 5140 654 5210 μενός
685 5158 744 5194 τε
793 5142 902 5195 ἀπὸ
944 5143 1155 5196 πολλῶν
1200 5144 1296 5197 καὶ
1330 5144 1472 5197 πάνυ
1516 5144 1770 5214 μεγάλων
1803 5142 1981 5198 ἄθλων
2012 5144 2247 5198 ἑκάστου
2278 5144 2493 5214 ὀλίγους
2527 5146 2621 5198 καὶ
2656 5144 2863 5218 σφόδρά
2898 5144 3156 5216 βραχείςζ,
3204 5145 3613 5216 προστεθεικὼς
3645 5147 3758 5200 τῶν

495 5229 762 5283 πλείστων
788 5230 882 5284 καὶ
907 5230 969 5284 τὸ
996 5231 1172 5301 γένος,
1202 5233 1295 5286 καὶ
1325 5232 1425 5303 τὴν
1458 5231 1633 5298 πόλιν,
1666 5232 1763 5285 καὶ
1793 5231 1887 5286 τὸν
1917 5232 2119 5303 τρόπον
2146 5232 2247 5303 τῆς
2280 5233 2472 5303 μονῆς.

576 5338 1095 5410 Ἐμνημονεύσαμεν
1117 5342 1173 5395 δέ
1201 5341 1410 5412 ἀνδρῶν
1445 5342 1539 5396 καὶ
1567 5342 1845 5410 γυναικῶν
1880 5339 2327 5411 κατωρθωκότων
2363 5340 2465 5410 μὲν
2498 5341 2579 5404 είς
2608 5339 2777 5412 ἀκρον
2807 5338 2907 5409 τὴν
2948 5339 3173 5410 ἀρετὴν,
3202 5339 3292 5393 διὰ
3320 5340 3377 5394 δὲ
3404 5340 3503 5411 τὴν
3536 5343 3762 5414 μητέρα

490 5430 592 5501 τῆς
621 5428 1020 5499 ὑπερηφανίας,
1053 5427 1151 5500 τὴν
1177 5429 1518 5501 καλουμένην
1548 5429 1878 5498 κενοδοξίαν,
1914 5431 1995 5494 είς
2023 5429 2253 5498 ἔσχατον
2298 5427 2572 5499 βάραθρον
2604 5429 2699 5483 καὶ
2728 5428 2979 5499 πυθμένα
3005 5427 3133 5499 ᾆδου
3160 5428 3618 5499 κατενεχθέντων,
3661 5434 3761 5485 καὶ

492 5518 561 5572 τά
588 5519 652 5570 ἐκ
685 5515 912 5587 μακρῶν
939 5515 1146 5587 χρόνων
1194 5518 1290 5571 καὶ
1336 5517 1548 5571 πολλῶν
1584 5517 1770 5571 κόπων
1799 5516 2076 5588 κτηθέντα
2114 5517 2300 5579 αὐτοῖς
2329 5518 2606 5587 ἐπέραστα
2644 5516 2739 5569 καὶ
2775 5515 3132 5587 περιμάχητα
3161 5517 3260 5586 τῆς
3286 5516 3572 5587 ἀσκήσεως
3610 5535 3755 5571 κατ-

493 5603 809 5673 ορθώματα,
840 5604 898 5655 ἐν
931 5604 1029 5674 μιᾷ
1058 5602 1248 5674 καιροῦ
1283 5605 1423 5676 ῥοπῇ
1458 5604 1567 5657 ὑπὸ
1596 5603 1690 5658 τοῦ
1720 5603 1894 5674 τύφου
1929 5604 2025 5657 καὶ
2054 5603 2149 5673 τῆς
2176 5603 2403 5674 οἰήσεως
2440 5602 2766 5675 διαρῤυέντα
2803 5618 2819 5634 ο
2850 5602 3035 5673 χάριτι
3066 5600 3124 5655 δὲ
3148 5601 3242 5655 τοῦ
3274 5602 3524 5673 Σωτῆρος
3551 5604 3716 5672 ἡμῶν
3740 5645 3757 5671 ,

496 5691 590 5741 καὶ
628 5689 853 5761 προνοίᾳ
888 5689 998 5744 τῶν
1043 5691 1216 5761 ἁγίων
1246 5691 1531 5763 Πατέρων,
1567 5690 1663 5745 καὶ
1696 5691 2014 5763 συμπαθείᾳ
2041 5690 2366 5761 σπλάγχνων
2416 5689 2831 5761 πνευματικῶν,
2861 5687 3312 5757 ἐξαρπασθέντων
3357 5689 3465 5745 τῶν
3504 5688 3598 5744 τοῦ
3630 5690 3759 5744 δια-

496 5773 651 5829 ϐόλου
676 5775 929 5855 δικτύων,
958 5779 1053 5833 καὶ
1079 5780 1200 5844 ταῖς
1229 5779 1416 5851 εὐχαῖς
1441 5778 1550 5835 τῶν
1578 5778 1751 5849 ἁγίων
1777 5778 1886 5835 τῶν
1919 5778 2190 5849 πρότερον
2220 5779 2692 5849 ἀνακτησαμένων
2726 5779 2983 5851 ἐνάρετον
3016 5774 3150 5846 βίον.
