4020 6428
476 391 490 443 ε
510 380 577 437 97
1836 382 2063 440 PROQ}.

2048 383 2285 453 lMlUM.)
3534 393 3635 451 998

422 580 2403 605 W

941 916 1497 1008 PALLADII
1572 913 2115 1010 EPISCOPI
2198 840 3167 1015 HELENOPOLEOS

1245 1234 1945 1354 HISTORIA
2022 1233 2212 1352 AD
2294 1232 2872 1358 LAUSUM

1045 1568 1572 1638 CONTINENS
1639 1572 1912 1635 VITAS
1984 1567 2569 1637 SANCTORUM
2645 1572 3066 1639 PATRUM.

1695 1866 2423 1963 PROCEMIUM.

503 2147 563 2204 In
627 2146 736 2206 hoc
787 2148 926 2206 libro
984 2147 1184 2221 scripta
1234 2156 1336 2214 est,
1353 2162 1457 2218 qua
1478 2148 1532 2203 in
1545 2149 1742 2205 virtute
1756 2147 2061 2214 utebantur,
2076 2138 2389 2204 exercitatio
2408 2149 2802 2205 etadmirabilis
2815 2151 2935 2204 vitae
2955 2148 3172 2220 agendae
3194 2143 3330 2205 ratio
3344 2145 3619 2205 beatorum
3639 2160 3690 2204 et

378 2262 381 2267 -
427 2244 732 2290 sanctorum
785 2237 998 2290 Patrum
1020 2239 1110 2306 qui
1138 2236 1403 2306 degebant
1446 2238 1501 2292 in
1539 2239 1864 2303 solitudine;
1909 2248 1968 2294 ut
1994 2254 2088 2295 eos
2114 2240 2433 2293 aemulentur
2471 2254 2536 2295 ac
2578 2241 2849 2296 imitentur
2873 2240 2962 2309 qui
3005 2240 3279 2295 caelestem
3308 2240 3491 2295 volunt
3530 2241 3689 2295 vitam

428 2335 616 2389 agere,
640 2330 695 2377 et
724 2338 841 2389 qua:
884 2322 951 2376 ad
980 2338 1197 2393 regnum
1228 2323 1483 2379 caelorum
1537 2325 1771 2391 deducit,
1804 2328 1943 2381 viam
1991 2329 2227 2399 ingredi;
2272 2343 2579 2398 annumque
2628 2330 2908 2385 mulierum
2950 2329 3248 2395 memoria,
3276 2336 3331 2384 et
3372 2330 3687 2400 inclytarum

436 2422 665 2466 tnatrum
697 2429 724 2467 a
750 2413 859 2468 Deo
893 2415 1290 2483 inspiralarum,
1308 2429 1426 2483 quae
1445 2431 1635 2487 magno
1656 2425 1710 2471 et
1732 2418 1851 2471 forti
1874 2420 2053 2474 animo
2081 2420 2286 2474 virtutis
2308 2421 2703 2476 exercitationis
2726 2432 2977 2489 peregere
3002 2419 3315 2483 certamina,
3339 2426 3397 2472 ut
3418 2421 3689 2488 exemplar

428 2516 768 2576 proponatur,
786 2517 841 2563 et
867 2523 1017 2563 amor
1036 2508 1296 2563 excitetur
1325 2508 1389 2563 iis
1411 2523 1528 2575 qua:
1547 2511 1886 2565 continentiae
1899 2527 1960 2567 ac
1976 2514 2231 2566 castitatis
2244 2514 2636 2569 voluntcorona
2659 2512 2920 2578 redimiri,
2942 2526 3007 2566 ex
3032 2511 3298 2566 sententia
3326 2517 3383 2565 et
3403 2513 3679 2566 voluntate

426 2599 550 2664 viri,
582 2600 670 2669 qui
698 2611 780 2657 est
802 2602 945 2656 varia
967 2617 1030 2658 ac
1052 2601 1326 2671 multiplici
1354 2602 1594 2658 doctrina
1620 2602 1900 2668 praeditus,
1933 2604 2168 2658 moribus
2190 2604 2461 2673 paciﬁcus,
2493 2614 2548 2659 et
2569 2604 2732 2659 corde
2755 2605 2891 2672 pius,
2922 2609 3205 2670 menteque
3234 2601 3533 2671 religiosus,
3560 2603 3687 2656 etin

427 2686 491 2743 iis
516 2704 635 2759 qua:
672 2700 797 2746 sunt
822 2706 954 2761 opus
978 2692 1253 2761 egentibus
1281 2689 1738 2746 communicandis
1768 2691 2024 2757 liberalis,
2045 2704 2096 2747 et
2130 2703 2347 2762 propter
2387 2709 2593 2749 morum
2623 2694 2911 2749 bonitatem
2937 2694 3118 2748 multis
3138 2693 3265 2747 viris
3284 2692 3495 2748 eximiis
3524 2700 3606 2747 est
3630 2693 3686 2747 itt

426 2780 646 2833 summis
694 2771 982 2844 honoribus
1031 2782 1366 2849 praepositus,
1390 2790 1447 2836 et
1472 2782 1690 2835 omnino
1719 2783 2015 2837 custoditur
2037 2784 2233 2837 virtute
2262 2784 2421 2838 divini
2452 2785 2699 2853 Spiritus.
2722 2787 2822 2851 Qui
2859 2785 3074 2854 quidem
3122 2784 3275 2839 nobis
3298 2784 3478 2852 jussit,
3500 2783 3612 2849 vel,
3637 2786 3679 2837 si

427 2882 610 2923 verum
654 2870 832 2937 potius
858 2868 1035 2924 dicere
1057 2879 1318 2937 oporteat,
1342 2870 1408 2924 ad
1439 2886 1623 2925 eorum
1647 2886 1765 2937 quac
1789 2880 1915 2925 sunt
1938 2872 2156 2926 meliora
2178 2874 2681 2943 contemplationem
2703 2875 2868 2930 hebes
2889 2884 3131 2930 nostrum
3152 2883 3208 2930 et
3237 2875 3486 2930 obtusum
3525 2876 3673 2929 exci-

426 2959 555 3012 tat-it
603 2958 896 3027 ingenium,
925 2966 984 3012 ut
1010 2960 1079 3013 ad
1124 2960 1519 3029 proponendum
1565 2961 1962 3016 adimitandum
1994 2963 2243 3017 virtutum
2282 2965 2683 3019 exercitationis
2724 2965 3140 3020 decertationem
3171 2976 3477 3019 sanctorum
3508 2974 3562 3019 et
3584 2966 3677 3019 int-

434 3049 737 3102 mortalium
756 3058 806 3101 et
833 3047 1147 3116 spiritalium
1176 3058 1384 3118 patrum
1416 3052 1868 3121 nostrorum,qui,
1894 3052 2071 3107 utDeo
2094 3053 2381 3121 placerent,
2406 3055 2456 3108 in
2480 3055 2609 3109 dura
2634 3065 2686 3109 et
2712 3070 2899 3125 aspera
2923 3057 3236 3111 tractatione
3256 3056 3495 3125 corporis
3516 3057 3677 3112 vitam

427 3149 672 3211 egerunt,
706 3140 1079 3208 pratelarorum
1120 3141 1443 3196 athletarum
1490 3144 1649 3197 vitam
1698 3159 1726 3197 a
1782 3146 1933 3199 nobis
1959 3146 2280 3216 descriptam
2311 3148 2377 3202 ad
2420 3164 2540 3205 eum
2568 3150 2921 3217 mitteremus,
2950 3151 3368 3221 uniuscujusque
3388 3166 3454 3206 ex
3480 3152 3685 3221 magnis

427 3241 673 3288 strenuas
704 3230 1039 3300 praedicando
1066 3233 1309 3287 virtutes.
1340 3233 1512 3288 Divini
1559 3246 1737 3290 autem
1768 3235 1924 3306 hujus
1948 3246 2002 3290 et
2024 3237 2277 3305 spiritalis
2306 3237 2554 3297 desiderii
2581 3252 2788 3297 amator
2816 3251 2898 3297 est
2931 3241 3160 3311 Lausus,
3185 3243 3273 3298 cui
3303 3250 3425 3314 post
3453 3244 3683 3302 divinum

425 3325 676 3379 auxilium
703 3323 951 3379 mandata
983 3333 1066 3381 est
1092 3324 1335 3380 custodia
1356 3325 1609 3381 divinitus
1631 3326 1791 3381 afﬂati
1824 3338 1878 3382 et
1908 3329 2146 3401 religiosi
2171 3331 2410 3399 imperii.

500 3416 613 3487 Ego
656 3419 813 3487 igitur
837 3417 924 3487 qui
952 3426 1005 3471 et
1034 3418 1213 3486 lingua
1261 3431 1379 3473 sum
1422 3418 1737 3482 ineruditus,
1761 3429 1816 3473 et
1845 3423 2141 3489 spiritalem
2173 3422 2536 3493 crgnitionem
2562 3425 2789 3479 summis
2818 3425 3219 3493 quodammodo
3249 3426 3411 3481 labris
3433 3428 3600 3497 attigi,
3630 3440 3681 3481 et

424 3508 672 3581 indignus
710 3525 826 3565 sum
856 3508 944 3578 qui
976 3525 1288 3567 recenseam
1312 3510 1609 3579 catalogum
1640 3510 1932 3580 spiritalem
1963 3512 2122 3567 vitam
2148 3514 2417 3583 agentium
2443 3524 2747 3571 sanctorum
2772 3516 3004 3580 Patrum,
3026 3525 3080 3570 et
3103 3517 3149 3571 si
3180 3516 3519 3572 reformidem
3545 3533 3683 3587 pra:-

422 3601 562 3669 cepti
585 3602 1003 3671 magnitudinem
1026 3603 1164 3672 quod
1188 3618 1333 3657 meas
1355 3603 1495 3659 vires
1515 3611 1749 3672 superat,
1776 3614 1823 3657 et
1852 3603 2057 3671 jussum
2087 3619 2229 3675 :rgre
2251 3604 2439 3670 feram,
2462 3605 2603 3673 quod
2629 3614 2682 3660 et
2708 3619 2950 3673 magnam
2969 3614 3244 3660 externam
3267 3605 3608 3674 sapientiam,
3630 3622 3682 3663 et

427 3689 721 3757 spiritalem
762 3690 984 3758 requirit
1034 3692 1474 3762 intelligentiam;
1503 3691 1765 3746 reveritus
1804 3700 1980 3747 tamen
2030 3694 2258 3761 primum
2299 3704 2353 3747 et
2378 3694 2494 3763 ejus
2520 3694 2608 3763 qui
2650 3694 2717 3748 ad
2746 3698 2850 3749 hoc
2874 3694 3273 3763 exsequendum
3304 3709 3403 3750 nos
3425 3698 3680 3752 excitavit

426 3777 694 3844 virtutem,
718 3789 771 3834 et
798 3788 1049 3848 reputans
1090 3794 1275 3835 eorum
1304 3781 1394 3850 qui
1443 3782 1557 3836 haec
1586 3782 1762 3851 legent
1788 3782 2092 3845 utilitatem,
2117 3792 2171 3838 et
2200 3786 2560 3839 extimescens
2590 3784 2883 3854 periculum
2921 3785 3063 3855 quod
3089 3801 3263 3842 essem
3294 3788 3555 3857 aditurus,
3591 3799 3676 3844 et.

423 3864 471 3919 si
494 3867 615 3936 jure
658 3880 848 3936 parere
877 3882 1203 3933 recusarem,
1228 3884 1348 3924 cum
1399 3872 1671 3942 egregium
1712 3872 1939 3942 primum
1972 3873 2179 3943 jussum
2203 3874 2397 3929 divina:
2426 3876 2790 3947 ascripsissem
2819 3877 3199 3945 Providentiae,
3230 3894 3527 3951 magnaque
3548 3897 3673 3937 usus

424 3974 599 4015 essem
631 3959 924 4029 diligentia,
958 3969 1261 4015 sanctorum
1293 3960 1513 4017 Patrum
1565 3963 1947 4019 intercessione
1990 3975 2226 4032 erectus,
2249 3966 2314 4020 ad
2336 3980 2399 4021 ea
2431 3982 2551 4021 sum
2580 3982 2882 4036 aggressus,
2915 3968 3080 4023 veluti
3105 3970 3333 4038 quodam
3360 3973 3679 4042 compendio

424 4052 793 4117 praeclarorum
815 4051 1131 4107 athletarum
1158 4060 1211 4108 et
1236 4066 1549 4123 magnorum
1572 4055 1808 4110 virorum
1829 4070 2035 4111 summa
2063 4058 2233 4112 solum
2261 4059 2557 4113 certamina
2588 4069 2645 4114 et
2675 4060 2825 4129 signa
2852 4060 3184 4116 describens.

510 4134 641 4196 Nec
748 4142 1089 4199 solummodo
1208 4140 1473 4198 clarorum
1494 4143 1752 4209 virorum,
1785 4145 1875 4215 qui
1905 4146 2159 4215 optimam
2203 4161 2266 4201 ae
2294 4148 2784 4215 praestantissimam
2814 4164 2879 4204 ex
2919 4149 3111 4204 virtute
3144 4151 3306 4205 vitam
3343 4167 3500 4220 egere
3521 4194 3536 4219 ,
3574 4156 3670 4208 sed

419 4235 578 4289 etiam
601 4233 875 4288 beatarum
905 4234 1184 4288 mulierum
1216 4250 1335 4304 quae
1363 4233 1416 4289 in
1443 4236 1911 4293 excellentissima:
1938 4239 2061 4294 vitae
2108 4254 2305 4309 genere
2333 4253 2392 4293 se
2425 4238 2645 4294 honeste
2674 4253 2981 4293 exercuere.
3016 4238 3081 4293 Et
3130 4241 3427 4310 aliquorum
3460 4244 3669 4312 quidem

420 4339 485 4377 cx
506 4323 572 4377 iis
600 4335 782 4376 sacros
812 4323 991 4376 vultus
1020 4323 1207 4391 utipse
1228 4338 1414 4378 coram
1436 4326 1671 4382 viderem
1698 4342 1814 4383 sum
1834 4329 2099 4398 dignatus,
2120 4331 2209 4398 qui
2228 4329 2338 4399 jam
2359 4339 2481 4383 ante
2510 4340 2634 4383 sunt
2661 4330 3011 4384 consummati
3042 4330 3093 4386 in
3122 4334 3414 4389 certamine
3433 4336 3669 4404 pietatis;

421 4414 723 4484 aliquorum
755 4422 929 4469 autem
958 4415 1233 4472 cmicstem
1263 4416 1389 4470 vita:
1417 4418 1800 4475 institutionem
1830 4420 1991 4475 didici
2012 4435 2042 4473 a
2074 4422 2265 4475 divinis
2296 4420 2531 4475 athletis.
2571 4420 2759 4475 Multas
2786 4431 2960 4475 autem
2992 4421 3175 4487 urbes,
3200 4432 3257 4477 et
3279 4424 3473 4479 multos
3505 4426 3668 4493 vicos,

417 4520 471 4565 et
497 4510 803 4577 speluncas,
833 4516 887 4563 et
908 4510 1087 4563 omnia
1116 4507 1453 4565 tabernacula
1490 4512 1686 4568 deserti
1741 4514 2125 4568 monachorum
2160 4514 2392 4582 pedestri
2420 4514 2608 4568 itinere
2636 4514 2841 4579 obiens,
2893 4514 3300 4583 diligentissime
3341 4517 3669 4574 consideravi

413 4616 601 4657 eorum
635 4601 885 4670 pietatem
915 4614 979 4655 ac
1004 4600 1340 4671 religionem.
1380 4601 1553 4669 Atque
1582 4616 1703 4657 cum
1734 4618 1851 4673 qua:
1894 4605 2087 4672 partim
2120 4604 2334 4673 quidem
2364 4604 2478 4673 ipse
2525 4602 2635 4657 vidi
2675 4601 3030 4671 scripsissem,
3062 4604 3249 4672 partim
3278 4615 3453 4659 autem
3482 4620 3600 4674 qua:
3641 4622 3667 4659 a

413 4693 614 4750 sanctis
647 4693 890 4748 Patribus
913 4695 1117 4763 audivi,
1148 4710 1461 4765 magnorum
1504 4694 1738 4751 virorum
1784 4697 2100 4765 certamina,
2130 4707 2183 4750 et
2219 4696 2524 4762 mulierum,
2556 4710 2675 4765 qua:
2703 4704 2918 4764 prepter
2956 4709 3107 4764 spem
3138 4694 3191 4749 in
3218 4693 3490 4749 Christum
3518 4706 3666 4750 erant

412 4783 660 4838 fortiores
687 4797 843 4852 quam
868 4798 1050 4838 earum
1076 4785 1282 4840 ferebat
1309 4792 1522 4851 natura,
1549 4785 1707 4852 hujus
1739 4785 1859 4840 libri
1890 4787 2106 4856 scriptis
2133 4788 2495 4851 mandassem,
2540 4785 2659 4840 misi
2686 4786 2754 4840 ad
2804 4795 2923 4840 tuas
2948 4800 3103 4841 aures
3134 4787 3333 4839 amicas
3360 4786 3663 4842 divinorum

410 4876 773 4947 eloquiorum,
799 4877 1127 4946 optimorum
1160 4876 1394 4932 virorum
1425 4885 1481 4932 et
1508 4876 1878 4947 religiosorum
1905 4880 2091 4947 decus,
2122 4880 2528 4950 ﬁdelissimique
2550 4889 2600 4935 et
2626 4878 2858 4946 religiosi
2888 4879 3095 4948 imperii
3117 4878 3391 4947 splendor,
3416 4895 3664 4949 germane

408 4976 464 5023 et
489 4965 687 5021 Christi
717 4968 888 5021 amice
909 4981 1066 5022 serve
1095 4968 1188 5022 Dei
1217 4967 1415 5035 Lause,
1461 4984 1557 5039 pro
1585 4986 1646 5026 ea
1675 4987 1795 5042 quae
1821 4972 1950 5027 mihi
1998 4973 2137 5029 inest
2163 4972 2474 5043 exiguitate,
2518 4971 2938 5040 uniuscujusque
2982 4985 3049 5025 ex
3077 4969 3276 5025 Christi
3318 4970 3532 5027 athletis
3556 4982 3661 5028 tam

409 5058 658 5113 masculis
689 5074 847 5127 quam
876 5057 1088 5113 feminis
1110 5059 1313 5129 insigne
1342 5075 1557 5130 nomen,
1581 5064 1913 5131 exprimens,
1944 5072 1998 5119 et
2017 5080 2082 5119 ex
2109 5064 2292 5118 multis
2319 5074 2374 5118 et
2400 5063 2608 5132 magnis
2649 5059 3064 5128 uniuscujusque
3091 5060 3471 5117 certaminibus
3498 5077 3661 5133 pauca

407 5152 639 5209 breviter
661 5166 959 5224 exponens;
985 5154 1335 5221 plurimorum
1367 5171 1582 5225 quoque
1609 5173 1779 5227 genus
1808 5160 1971 5214 etiam
2002 5162 2280 5230 adjiciens,
2311 5167 2367 5216 et
2386 5161 2594 5224 urbem,
2620 5168 2673 5213 et
2696 5159 2868 5213 locum
2906 5158 3218 5212 mansionis.

475 5241 813 5297 Meminimus
838 5251 1015 5297 autem
1044 5243 1278 5297 virorum
1302 5253 1354 5298 et
1382 5247 1688 5311 mulierum,
1716 5248 1806 5318 qui
1854 5263 1921 5303 ex
1946 5250 2140 5304 virtute
2168 5250 2382 5319 quidem
2411 5248 2574 5303 vitam
2599 5249 2832 5319 perfecte
2865 5248 3237 5315 instituerunt,
3270 5258 3488 5320 propter
3514 5263 3662 5303 arro-

406 5332 602 5401 gantia:
640 5343 817 5387 atttem
849 5342 1072 5387 matrem
1106 5333 1314 5389 inanem
1344 5349 1463 5404 quae
1491 5346 1712 5392 vocatur
1738 5337 1986 5407 gloriam,
2020 5339 2071 5393 iti
2093 5339 2332 5394 intimum
2372 5337 2661 5395 inferorum
2705 5338 3040 5405 barathrum,
3071 5349 3127 5395 et
3165 5338 3383 5394 fundum
3417 5340 3659 5408 praecipi-

405 5424 499 5479 tati
530 5425 761 5488 fuerant,
788 5433 842 5479 et
861 5438 984 5494 qua:
1006 5423 1163 5494 longo
1190 5431 1428 5494 tempore
1449 5436 1504 5482 et
1527 5428 1757 5497 plurimo
1782 5430 1966 5486 labore
1992 5430 2092 5486 sibi
2142 5439 2482 5501 pepererant,
2526 5431 2917 5501 amplectenda,
2942 5442 2995 5489 et
3015 5434 3277 5489 acerrimo
3306 5432 3485 5487 studio
3514 5447 3657 5487 com-

404 5515 641 5586 paranda
667 5514 1070 5571 exercitationis
1110 5516 1406 5586 benefacta,
1438 5534 1545 5575 uno
1576 5524 1829 5591 temporis
1871 5531 2142 5579 momento
2170 5525 2473 5594 arrogantia
2500 5532 2556 5580 et
2596 5540 2734 5580 vana
2765 5524 2836 5580 de
2862 5539 2922 5582 se
2968 5528 3321 5597 persuasione
3347 5526 3653 5582 amiserant.

399 5610 586 5668 Gratia
608 5616 787 5663 autem
814 5609 987 5663 nostri
1030 5608 1349 5678 Servatoris,
1384 5621 1438 5667 et
1481 5622 1789 5669 sanctorum
1842 5615 2059 5671 Patrum
2101 5616 2460 5687 providentia,
2486 5626 2542 5673 et
2568 5617 2830 5673 viscerum
2874 5618 3237 5683 miseratione,
3272 5616 3438 5686 erepti
3468 5626 3592 5670 sunt
3619 5632 3648 5669 a

397 5698 730 5769 spiritalibus
746 5699 941 5756 diaboli
962 5700 1192 5772 laqueis,
1228 5712 1283 5761 et
1307 5715 1612 5763 sanctorum
1637 5707 1882 5774 precibus
1910 5718 2360 5777 recuperaverunt
2378 5710 2610 5779 priorem
2632 5710 2797 5767 vitam
2827 5725 2985 5782 quam
3016 5710 3241 5780 agebant
3267 5724 3333 5766 ex
3364 5719 3575 5766 vtrtute.
3645 5714 3653 5722 ‘
