4020 6428
1876 407 2190 463 ΡᾹΗΑΜΙ
3528 398 3677 455 10(λο

2282 530 2516 538 _-.

2552 529 2659 539 -———-

2156 533 2275 541 -ε

409 530 835 551 Mm

796 599 1240 663 EXEMI’LAR
1288 600 1694 661 EPISTOLJE
1742 600 2089 663 SCRIPTJZ
2139 599 2242 658 AD
2292 596 2607 656 LAUSUM
2653 591 3173 653 Pll.‘EPOSl'l‘U.\l
3210 636 3227 666 ,

1376 742 1451 783 ΑΒ
1494 740 1855 782 ηκιιιιοιιυε
1900 736 2195 781 EPISCOPO
2226 724 2252 753 ⁸
2277 732 2704 777 (ιΑιινΑιιοςιλε.

476 844 657 901 Laudo
681 858 1005 915 magnopere
1037 855 1181 900 tuum
1216 846 1535 901 institutum.
1559 846 1665 901 Par
1688 855 1769 902 est
1789 850 1931 902 enim
1963 854 2021 901 ut
2050 843 2269 910 incipiat
2285 840 2509 909 epistola
2538 854 2566 893 a
2606 838 2909 893 laudatione
2934 854 2945 890 :
2978 835 3118 907 quod
3144 848 3265 889 cum
3292 842 3479 887 omnes
3506 830 3669 884 vanis

409 939 567 991 rebus
596 936 820 999 inhient,
852 946 907 989 et
929 936 1129 1004 lapides
1154 936 1442 1002 aediﬁcent,
1476 952 1539 992 ex
1567 939 1760 1007 quibus
1790 938 1991 992 nullam
2021 934 2551 1005 capientutilitatem,
2583 932 2745 985 libros
2767 928 3021 994 aediﬁces,
3045 936 3103 983 et
3125 926 3260 982 velis
3281 924 3479 980 doceri.
3503 922 3673 977 Solus

402 1032 545 1085 enim
569 1040 652 1085 est
681 1030 1049 1084 universorum
1077 1030 1213 1086 Deus
1236 1031 1324 1099 qui
1353 1031 1534 1100 nequit
1561 1031 1760 1097 doceri,
1789 1028 2217 1100 quandoquidem
2248 1035 2302 1081 et
2332 1027 2446 1093 ipse
2478 1040 2573 1093 per
2608 1040 2667 1079 se
2696 1031 2795 1086 est,
2842 1032 2893 1077 et
2923 1029 3044 1074 ante
3073 1034 3132 1074 se
3154 1034 3258 1073 non
3291 1017 3448 1072 habet
3470 1015 3668 1069 alium.

406 1123 521 1177 Alia
553 1133 731 1178 autem
756 1125 932 1179 omnia
959 1124 1134 1179 doceri
1165 1134 1405 1193 possunt,
1436 1124 1684 1194 quoniam
1714 1109 1837 1177 sunt
1858 1130 1915 1177 et
1943 1123 2079 1176 facta
2109 1132 2161 1175 et
2193 1128 2393 1177 creata.
2430 1119 2602 1187 Atque
2652 1116 2807 1181 primi
2836 1114 3053 1184 quidem
3102 1111 3316 1168 ordines
3347 1108 3671 1177 magistram

405 1212 603 1266 habent
631 1228 888 1269 summam
912 1214 1257 1278 Trinitatem,
1284 1214 1709 1269 secundiautem
1741 1213 1951 1267 discunt
1979 1227 2006 1265 a
2033 1211 2240 1281 primis,
2267 1209 2407 1264 tertii
2440 1216 2614 1261 autem
2634 1222 2663 1261 a
2694 1204 2971 1269 secundis;
2998 1212 3051 1258 et
3079 1204 3156 1257 sic
3183 1201 3460 1268 deinceps,
3484 1206 3538 1251 et
3567 1210 3671 1265 per

406 1302 670 1367 ordinem,
701 1318 868 1371 usque
888 1304 952 1357 ad
976 1312 1265 1358 extremos.
1301 1304 1399 1371 Qui
1422 1307 1566 1358 enim
1590 1312 1713 1357 sunt
1740 1303 2137 1371 przestantiores
2167 1304 2371 1356 honore
2412 1309 2465 1355 et
2491 1300 2702 1364 virtute,
2754 1298 2947 1353 docent
2974 1310 3069 1352 eos
3093 1295 3181 1365 qui
3213 1302 3335 1348 sunt
3381 1290 3675 1347 inferiores

404 1392 725 1462 cognitione.
759 1393 859 1459 Qui
891 1408 1019 1461 ergo
1045 1394 1355 1448 existimant
1382 1408 1441 1449 se
1464 1409 1569 1450 non
1602 1409 1763 1463 egere
1784 1394 2077 1464 magistris,
2105 1401 2197 1448 aut
2222 1407 2326 1447 non
2358 1400 2545 1461 parent
2576 1391 2638 1444 iis
2667 1390 2757 1459 qui
2784 1390 2979 1444 docent
3010 1390 3062 1442 in
3108 1387 3389 1451 ebaritate,
3421 1383 3675 1439 laborant

411 1483 597 1537 morbo
626 1484 993 1551 ignorationis,
1023 1498 1141 1551 qua:
1168 1493 1248 1537 est
1275 1494 1445 1538 mater
1476 1486 1810 1554 arrogantiae.
1833 1484 1977 1540 Inter
2007 1500 2139 1554 quos
2170 1486 2366 1553 primas
2392 1492 2568 1551 partes
2592 1487 2775 1535 tenent
2797 1479 2861 1532 ad
2884 1479 3181 1545 interitum,
3211 1476 3300 1545 qui
3323 1474 3510 1530 eodem
3534 1472 3675 1527 vitio

405 1573 716 1628 exciderunt
747 1590 776 1628 a
811 1575 1018 1629 ccelesti
1045 1574 1370 1631 habitatione
1394 1576 1443 1629 in
1468 1591 1593 1631 aere
1614 1576 1859 1631 volantes
1893 1576 2186 1637 daemones,
2233 1583 2292 1629 ut
2317 1574 2405 1643 qui
2432 1572 2731 1640 aufugerint
2759 1570 2827 1624 ab
2854 1570 2919 1625 iis
2941 1571 3027 1638 qui
3056 1577 3209 1623 erant
3236 1569 3287 1621 in
3324 1566 3461 1621 caelo
3490 1562 3674 1633 magi-

409 1664 556 1718 stris.
588 1664 702 1718 Non
734 1666 876 1719 enim
908 1664 1167 1719 dictiones
1196 1677 1285 1719 aut
1315 1666 1534 1736 syllabae
1561 1675 1685 1721 sunt
1714 1668 1992 1731 doctrinae,
2022 1681 2151 1737 quas
2184 1679 2563 1734 nonnunquam
2590 1664 2787 1719 habent
2813 1665 2970 1718 etiam
3001 1663 3089 1731 qui
3131 1670 3257 1714 sunt
3284 1657 3536 1729 pessimi;
3571 1659 3672 1711 sed

409 1772 586 1811 mores
617 1766 761 1812 recte
792 1757 1092 1826 compositi,
1126 1766 1181 1812 et
1207 1758 1466 1812 molestia:
1496 1766 1549 1812 et
1578 1759 1813 1823 terroris,
1839 1768 2012 1813 metus
2044 1768 2096 1812 et
2126 1760 2216 1812 ira:
2247 1758 2513 1824 Vacuitas,
2538 1766 2592 1811 et
2613 1756 2664 1809 in
2695 1755 2853 1809 rebus
2878 1754 3124 1809 omnibus
3155 1751 3343 1805 ﬁducia
3367 1764 3431 1804 ac
3451 1749 3671 1803 dicendi

408 1847 650 1914 libertas,
682 1856 736 1902 et
760 1863 876 1915 quae
906 1860 1183 1902 sermones
1222 1864 1325 1903 non
1355 1864 1510 1904 secus
1538 1850 1880 1920 gignitquam
1905 1851 2041 1920 ignis
2085 1851 2378 1917 ﬂammam,
2423 1848 2793 1903 mansuetudo.
2841 1846 2972 1901 Nam
2996 1848 3039 1901 si
3082 1846 3157 1900 ita
3190 1859 3294 1899 non
3345 1851 3505 1908 esset,
3558 1858 3673 1896 non

407 1937 611 1993 diceret
642 1952 864 2007 magnus
886 1939 1137 2007 magister
1166 1940 1274 1993 snis
1301 1940 1576 2010 discipulis
1603 1960 1615 1993 :
1652 1942 1846 1996 Dicite
1874 1958 1902 1995 a
1932 1959 2035 2008 me,
2065 1943 2312 2012 quoniam
2345 1943 2486 1996 mitis
2518 1957 2634 1995 sum
2664 1950 2717 1995 et
2748 1941 2961 1996 humilis
2986 1940 3147 1995 corde
3179 1937 3400 2007 (Matth.
3425 1936 3521 1997 xi),
3562 1950 3670 1992 non

408 2028 694 2084 verborum
722 2038 912 2084 ornatu
940 2030 1223 2084 instituens
1248 2038 1302 2084 et
1324 2030 1557 2099 dirigens
1578 2033 1871 2099 apostolos,
1904 2032 1997 2087 sed
2043 2048 2249 2085 morum
2289 2031 2524 2086 bonitate
2550 2030 2817 2085 neminem
2867 2030 3106 2084 molestia
3154 2028 3414 2090 afﬁciens.
3462 2036 3671 2094 praeter

408 2137 504 2178 eos
530 2122 617 2191 qui
642 2122 857 2177 verbum
883 2124 1075 2177 habent
1106 2124 1249 2190 odio,
1282 2133 1340 2181 et
1362 2126 1591 2181 oderunt
1616 2128 1916 2196 magistros.
1947 2128 2169 2196 Oportet
2214 2129 2357 2181 enim
2401 2126 2653 2191 animam,
2683 2139 2801 2193 qum
2827 2122 3048 2177 Christo
3078 2118 3463 2176 convenienter
3508 2133 3675 2173 exer-

418 2218 575 2263 cetur
594 2250 610 2276 ,
674 2212 760 2265 vel
825 2210 1056 2267 ﬁdeliter
1115 2216 1322 2273 discere
1350 2231 1409 2273 ea
1441 2234 1560 2287 quae
1588 2234 1692 2273 non
1724 2222 1888 2286 novit,
1913 2221 1992 2275 vel
2025 2226 2211 2289 aperte
2239 2220 2432 2275 docere
2459 2234 2521 2274 ea
2554 2233 2672 2288 quas
2714 2218 2838 2273 scit.
2878 2216 2932 2272 Si
2962 2216 3105 2271 enim
3132 2214 3445 2269 alterutrum
3474 2212 3670 2265 borum
3700 2253 3707 2258 .

417 2302 569 2367 nolit,
596 2303 801 2358 laborat
828 2304 1054 2359 insania.
1087 2305 1411 2363 Defectionis
1439 2310 1581 2365 enim
1612 2311 1929 2380 principium
1976 2321 2059 2367 est
2086 2310 2341 2365 doctrinae
2368 2309 2608 2372 satietas,
2637 2318 2691 2362 et
2716 2306 2866 2363 verbi
2911 2306 3201 2370 fastidium,
3252 2302 3396 2371 quod
3456 2316 3673 2370 semper

414 2394 579 2449 esurit
600 2396 773 2449 anima
804 2397 919 2464 ejus
941 2399 1027 2467 qui
1058 2399 1225 2454 Deum
1252 2400 1439 2471 diligit.
1467 2403 1593 2460 Vale
1621 2418 1768 2473 ergo,
1799 2413 1854 2459 et
1872 2404 1950 2458 sis
1975 2418 2133 2458 sanus
2160 2410 2215 2458 et
2236 2403 2409 2470 fortis,
2440 2409 2493 2458 ct
2517 2398 2679 2473 (quod
2700 2413 2945 2469 magnum
2974 2393 3078 2465 est)
3103 2394 3201 2450 tibi
3229 2393 3367 2448 Deus
3387 2391 3653 2447 concedat

410 2485 764 2554 cognitionem
792 2486 1011 2541 Christi.

415 2604 3666 2631 Μ

759 2676 1201 2741 EXEMPLAR
1252 2681 1660 2744 EPISTOLE
1706 2683 2059 2746 SCRIPTIE
2106 2684 2212 2744 AD
2258 2685 2575 2747 LAUSUM
2618 2683 3141 2746 PIUEPOSITUM
3173 2726 3192 2758 ,

1449 2799 1487 2842 Δ
1528 2800 1835 2843 ΡΑιιΑυιο
1879 2800 2174 2844 EPISCOPO
2219 2802 2623 2845 CAPPADOCIE

485 2879 616 2935 Cum
658 2879 812 2936 multi
842 2883 1006 2936 multa
1059 2891 1114 2938 et
1142 2885 1284 2938 varia
1317 2883 1549 2939 diversis
1598 2886 1933 2954 temporibus
1976 2885 2172 2956 scripta
2200 2885 2323 2940 huic
2349 2886 2549 2940 sarculo
2585 2884 2921 2954 reliquerint,
2952 2896 3178 2953 quorum
3209 2874 3307 2937 alia
3338 2880 3575 2951 quidem,
3606 2896 3667 2938 ex

416 2969 512 3023 Dei
540 2984 790 3039 superum
815 2970 998 3041 gratia:
1028 2972 1400 3041 inspiratione,
1433 2982 1556 3029 sunt
1576 2975 1641 3029 ad
1672 2975 2079 3031 mdiﬁcationem
2110 2983 2165 3031 et
2193 2975 2534 3031 securitatem
2566 2989 2751 3029 eorum
2784 2974 2876 3043 qui
2905 2973 3046 3027 ﬁdeli
3078 2972 3350 3041 proposito
3373 2980 3666 3041 sequuntur

413 3059 660 3127 dogmata
688 3060 1019 3127 Servatoris;
1048 3063 1153 3116 alia
1179 3072 1378 3130 autem,
1404 3079 1468 3120 ex
1498 3074 1753 3134 corrupto
1774 3075 1827 3121 et
1848 3064 1993 3135 quod
2014 3064 2322 3120 hominibus
2348 3065 2558 3133 placere
2602 3066 2747 3134 cupit
2776 3065 3072 3134 proposito,
3098 3063 3365 3119 luxuriant
3389 3063 3455 3119 ad
3484 3079 3663 3119 eorum

413 3147 833 3203 consolationem
855 3150 943 3218 qui
969 3151 1141 3206 inanis
1162 3152 1344 3222 gloriae
1378 3154 1567 3209 morbo
1596 3154 1872 3220 laborant;
1902 3154 2004 3209 alia
2022 3162 2222 3221 autem,
2251 3170 2317 3210 ex
2347 3156 2646 3225 importuna
2668 3156 2894 3225 quadam
2934 3154 3158 3218 insania,
3196 3163 3251 3211 et
3272 3154 3548 3219 damonis,
3576 3156 3660 3225 qui

419 3256 539 3309 quae
566 3251 688 3296 sunt
717 3240 942 3297 honesta
973 3243 1135 3298 habet
1154 3245 1299 3311 odio,
1326 3245 1664 3315 impulsione,
1689 3246 1753 3302 ad
1779 3247 1971 3301 levium
2000 3247 2272 3302 hominum
2303 3248 2617 3317 perniciem,
2650 3257 2703 3303 et
2732 3249 3062 3303 intemeratas
3090 3245 3373 3301 catholicze
3416 3246 3655 3302 Ecclesia

421 3332 614 3395 labem,
644 3330 720 3385 ira
743 3342 796 3387 et
824 3336 1126 3403 arrogantia
1159 3338 1464 3406 irruperunt
1491 3339 1542 3392 in
1573 3348 1780 3393 mentes
1810 3339 2117 3401 stultorum,
2148 3347 2206 3394 ut
2226 3339 2387 3393 vitam
2415 3340 2691 3395 honestam
2718 3347 2772 3395 et
2796 3354 2983 3410 puram
3005 3339 3384 3404 obscurarent;
3413 3339 3573 3395 visum
3600 3350 3650 3394 et

422 3422 789 3492 mihiquoque
821 3423 1007 3478 humili
1040 3434 1257 3495 propter
1284 3442 1434 3496 spem
1466 3427 1519 3481 in
1549 3428 1843 3497 Christum,
1869 3436 1926 3482 et
1963 3428 2372 3497 magniﬁcentiae
2414 3437 2519 3483 tuae
2562 3429 2770 3499 jussum
2821 3427 3110 3494 reverenti,
3141 3429 3223 3482 vir
3264 3427 3637 3491 studiosissime,

418 3518 648 3590 primum
678 3518 918 3572 omnium
949 3534 1167 3575 narrare
1191 3535 1253 3576 ea
1274 3522 1451 3575 omnia
1483 3536 1600 3591 quae
1630 3522 1695 3577 ad
1724 3538 1810 3579 me
1833 3524 2121 3593 pertinent,
2145 3533 2199 3579 et
2220 3532 2429 3579 :ntatem
2454 3532 2506 3579 et
2534 3524 2731 3579 mentis
2760 3536 2892 3578 mea:
2918 3522 2983 3576 ad
3006 3523 3257 3576 virtutem
3291 3521 3344 3575 in
3368 3520 3512 3575 Deum
3534 3530 3637 3585 pro-

416 3607 632 3675 fectum,
664 3610 965 3678 incipiendo
1002 3626 1031 3665 a
1049 3611 1272 3679 juvenili
1308 3623 1485 3669 :etate.

490 3699 624 3756 Cum
654 3702 983 3772 trigesimum
1014 3705 1227 3773 quidem
1257 3715 1311 3761 et
1342 3708 1555 3763 tertium
1588 3724 1784 3764 annum
1814 3724 2025 3781 agerem
2065 3710 2117 3765 in
2160 3711 2567 3766 conversatione
2595 3725 2716 3766 cum
2745 3708 2997 3764 fratribus
3019 3716 3073 3763 et
3099 3708 3209 3763 vita
3240 3708 3499 3774 solitaria,
3530 3703 3660 3773 vige-

416 3794 614 3848 simum
641 3802 821 3849 autem
849 3796 1209 3864 episcopatus,
1244 3798 1408 3854 totius
1434 3809 1611 3854 autem
1641 3802 1764 3854 vita:
1791 3816 1925 3856 mere
1954 3800 2456 3871 quinquagesimum
2491 3801 2726 3866 tertium,
2773 3798 3132 3855 necessarium
3174 3798 3492 3861 existimavi,
3524 3795 3666 3865 spiri—

416 3885 536 3938 talis
565 3885 810 3940 utilitatis
837 3887 1030 3954 gratia,
1083 3887 1175 3942 tibi
1226 3892 1463 3958 cupienti
1493 3891 1545 3945 in
1590 3893 1805 3960 scriptis
1829 3907 2050 3947 narrare
2077 3907 2194 3961 quae
2222 3907 2251 3946 a
2274 3892 2471 3946 sanctis
2500 3891 2748 3945 Patribus
2776 3900 2922 3945 recte
2948 3897 3003 3944 et
3046 3904 3108 3944 ex
3143 3889 3335 3944 virtute
3360 3899 3505 3959 gesta
3533 3897 3667 3951 sunt,

413 3980 524 4028 tam
555 3976 807 4031 masculis
837 3992 994 4046 quam
1026 3978 1256 4043 feminis,
1283 3995 1414 4050 quos
1438 3990 1491 4036 ct
1518 3982 1630 4050 ipse
1654 3982 1784 4046 vidi,
1813 3992 1867 4037 et
1889 3982 1956 4037 de
1977 3980 2169 4051 quibus
2197 3982 2371 4036 audivi
2397 3983 2463 4035 ab
2489 3982 2682 4037 animis
2713 3980 3053 4047 ﬁdelissimis,
3073 3995 3194 4035 cum
3222 3981 3416 4050 quibus
3435 3990 3673 4034 versatus

415 4083 531 4126 sum
565 4071 617 4123 in
640 4069 855 4140 .IEgypti
885 4071 1192 4141 solitudine,
1217 4082 1270 4125 et
1294 4072 1345 4126 in
1382 4073 1569 4143 Libya,
1608 4084 1659 4129 et
1686 4075 1979 4139 'l‘ln-baide,
2016 4083 2063 4127 et
2097 4074 2273 4141 Syene
2295 4116 2309 4138 ,
2340 4075 2439 4128 sub
2464 4088 2566 4141 qua
2616 4080 2745 4128 sunt
2792 4074 2952 4128 etiam
3000 4073 3090 4142 qui
3130 4072 3377 4127 dicuntur
3405 4071 3675 4127 Tabenne-

415 4162 597 4227 siotte;
626 4164 821 4218 deinde
852 4164 905 4216 in
928 4162 1328 4231 Mesorotamia,
1371 4166 1673 4229 Palaestina,
1704 4173 1757 4219 et
1782 4165 1955 4235 Syria,
1981 4173 2035 4217 et
2080 4164 2133 4217 in
2177 4164 2415 4232 partibus
2443 4163 2767 4230 Occidentis,
2803 4171 2858 4219 et
2888 4162 3099 4224 Roma,
3130 4169 3184 4215 et
3210 4162 3263 4213 in
3292 4160 3599 4228 Campania,
3626 4168 3677 4215 et

430 4254 487 4306 in
517 4253 581 4307 iis
609 4268 727 4322 quae
753 4262 874 4306 sunt
899 4254 1040 4307 circa
1065 4268 1154 4307 eas
1186 4254 1456 4320 partibus;
1485 4264 1541 4307 ut
1570 4254 1661 4307 tibi
1696 4254 1763 4307 ab
1812 4254 1963 4307 initio
2008 4252 2435 4305 accurratissime
2465 4251 2517 4304 in
2552 4252 2652 4307 hoc
2680 4252 2817 4307 libro
2856 4265 3118 4320 exponam
3147 4250 3312 4303 instar
3334 4250 3678 4317 narrationis;

424 4353 482 4396 nt
502 4359 623 4397 cum
655 4345 853 4398 habeas
885 4344 1167 4399 honesturn
1198 4354 1251 4397 et
1274 4345 1462 4397 animae
1485 4345 1614 4398 utile
1636 4354 2062 4407 monumentum,
2088 4352 2397 4413 perpetuum
2424 4353 2478 4397 et
2509 4357 2614 4397 non
2644 4341 3102 4396 intermittendum
3148 4341 3358 4409 pietatis
3396 4348 3449 4395 et
3470 4341 3683 4412 religio-

431 4438 516 4488 nls
542 4435 1011 4503 medicamentum,
1042 4451 1253 4490 onmem
1287 4436 1502 4503 quidem
1541 4435 1823 4490 oblivionis
1867 4436 2324 4500 dormitationem,
2358 4453 2476 4507 qua:
2511 4452 2577 4492 ex
2623 4435 2909 4502 cupiditate
2935 4434 3154 4489 rationis
3184 4442 3401 4504 experte
3428 4436 3481 4489 in
3508 4436 3682 4489 anima

424 4526 788 4593 ingeneratur,
814 4540 1027 4580 onmem
1052 4535 1230 4580 autem
1253 4525 1307 4579 in
1336 4526 1438 4579 ﬁde
1464 4526 1875 4593 dubitationem,
1899 4541 2196 4595 omnesque
2234 4528 2287 4581 in
2316 4542 2494 4582 rerum
2525 4542 2621 4581 usu
2652 4525 2837 4579 sordes
2886 4533 2940 4578 et
2990 4526 3323 4594 parcitatem,
3366 4539 3685 4596 omnemque

431 4617 817 4671 dubitationem
853 4617 1135 4685 pusillique
1156 4625 1209 4670 et
1235 4616 1425 4686 abjecti
1450 4618 1611 4670 animi
1654 4619 1861 4685 vitium,
1892 4629 1946 4672 et
1984 4619 2199 4672 nimiam
2231 4619 2294 4673 ad
2343 4620 2475 4673 iram
2531 4619 2974 4689 propensionem,
3028 4619 3603 4688 perturbationemque,
3633 4626 3687 4673 et

418 4711 795 4780 agritudinem
823 4710 1048 4764 rationis
1071 4719 1367 4773 expertem,
1400 4717 1453 4762 et
1480 4710 1906 4778 intempestivum
1932 4714 2178 4765 timorem
2208 4727 2306 4781 per
2337 4711 2387 4765 id
2418 4712 2689 4780 expelles;
2731 4720 2785 4765 et
2812 4725 2879 4786 ne
2903 4725 2933 4763 a
2960 4714 3195 4781 corrupti
3227 4713 3408 4767 mundi
3435 4728 3566 4766 vana
3592 4726 3687 4780 spe

424 4803 681 4874 pendeas,
718 4802 968 4871 eﬁ‘ugias:
1005 4810 1263 4871 perpetuo
1293 4809 1469 4855 autem
1496 4800 1764 4855 desiderio
1788 4800 1841 4854 in
1881 4816 1976 4870 spe
2002 4800 2068 4855 ad
2099 4801 2262 4855 Deum
2296 4803 2566 4871 proﬁcias,
2597 4811 2654 4855 et
2680 4800 2732 4854 in
2761 4801 3035 4870 preposito
3064 4802 3304 4871 pietatis;
3338 4805 3412 4857 sis
3432 4810 3487 4858 et
3514 4803 3565 4856 in
3603 4801 3688 4858 via

423 4894 533 4948 dux
556 4904 698 4959 tuus,
728 4902 985 4948 eteorum
1016 4893 1103 4962 qui
1127 4901 1299 4947 tecum
1328 4899 1473 4958 sunt,
1505 4900 1560 4947 et
1586 4906 1770 4947 eorum
1803 4892 1893 4960 qui
1920 4891 2015 4945 tibi
2040 4891 2419 4959 subjiciuntur,
2444 4900 2498 4946 et
2518 4893 2747 4946 maxime
2774 4896 2980 4964 piorum
3007 4892 3410 4961 imperatorum.
3445 4895 3546 4949 Per
3566 4909 3687 4963 quae

424 4989 643 5059 quidem
670 4989 804 5043 bene
832 4986 967 5041 facta
999 5001 1183 5041 omnes
1208 4985 1299 5055 qui
1325 4985 1593 5039 Christum
1620 4984 1869 5053 diligunt,
1903 4983 2014 5037 Deo
2038 4982 2179 5037 uniri
2219 4992 2529 5052 properant,
2576 4996 2949 5053 exspectantes
2972 4986 3178 5040 scilicet
3214 4984 3452 5054 quotidie
3482 4987 3689 5039 resolu-

423 5087 629 5139 tionem
657 5083 849 5137 animte
873 5096 900 5135 a
932 5095 1179 5149 corpore,
1206 5090 1365 5149 prout
1384 5080 1640 5148 scriptum
1670 5085 1753 5132 est
1777 5095 1790 5132 :
1820 5076 2097 5142 Coarctor,
2120 5078 2345 5145 cupiens
2366 5077 2585 5133 dissolvi
2613 5087 2665 5133 et
2688 5094 2808 5134 esse
2834 5095 2953 5135 cum
2975 5079 3219 5145 Christo;
3246 5087 3329 5134 est
3350 5082 3488 5133 enim
3520 5081 3687 5134 multo

428 5175 622 5232 melius
654 5173 877 5243 (Philip.
908 5175 962 5240 l).
998 5173 1061 5226 Et
1084 5172 1243 5227 illud:
1276 5172 1408 5227 Para
1436 5173 1488 5226 in
1511 5173 1716 5227 exitum
1738 5185 1903 5239 opera
1931 5181 2042 5234 tua,
2071 5180 2121 5224 et
2152 5186 2388 5239 praepara
2421 5180 2474 5226 te
2496 5172 2548 5224 in
2573 5187 2756 5240 agrum
2782 5172 2962 5241 (Prov.
2998 5172 3165 5241 xxiv).
3192 5172 3289 5237 Qui
3308 5171 3448 5225 enim
3476 5186 3689 5241 semper

427 5268 615 5321 mortis
642 5263 901 5327 meminit,
929 5278 1045 5331 qua:
1076 5266 1382 5317 necessario
1405 5266 1624 5318 omnino
1663 5263 1862 5325 veniet,
1896 5272 1948 5315 et
1977 5276 2079 5314 non
2096 5261 2345 5329 tardabit,
2373 5262 2425 5316 in
2455 5263 2657 5331 magnis
2687 5279 2791 5318 non
2820 5263 3072 5325 oﬁ'endet,
3104 5265 3241 5316 sicut
3288 5262 3542 5330 scriptum
3567 5272 3645 5316 est
3670 5278 3684 5314 :

432 5361 489 5415 In
518 5358 762 5414 omnibus
793 5354 1043 5425 operibus
1070 5355 1177 5409 tuis
1207 5363 1474 5409 memento
1502 5352 1815 5418 novissima,
1846 5351 1977 5406 etin
2004 5359 2261 5406 aeternum
2292 5368 2399 5407 non
2440 5354 2686 5421 peccabis
2712 5353 2937 5421 (Eccles.
2973 5352 3088 5423 vn).
3116 5351 3295 5420 Neque
3335 5367 3463 5405 vero
3493 5362 3688 5421 praeter

432 5452 532 5506 alia
564 5449 740 5507 omnia
773 5448 886 5502 hac
909 5455 963 5501 te
989 5443 1139 5499 fallat
1166 5446 1340 5500 brevis
1360 5445 1656 5499 admonitio
1686 5444 2081 5504 narrationum;
2109 5456 2283 5510 neque
2314 5456 2538 5509 respuas
2614 5441 2809 5498 rudem
2875 5451 2932 5498 et
2994 5441 3298 5497 inornatam
3377 5442 3683 5496 dictionem.

368 5562 401 5584 α’
435 5547 550 5601 Non
577 5553 658 5599 est
679 5541 819 5598 enim
854 5540 1049 5595 divina:
1073 5537 1349 5605 doctrinae,
1376 5548 1562 5593 ornata
1593 5546 1646 5593 et
1672 5537 1738 5592 ad
1760 5537 2147 5592 ostendendam
2177 5537 2493 5606 sapientiam
2523 5538 2818 5607 composita
2849 5536 2923 5590 uti
2956 5536 3228 5600 oratione,
3252 5534 3345 5590 sed
3378 5535 3538 5591 menti
3569 5548 3689 5600 per-

433 5638 662 5692 suadere
692 5650 790 5703 per
817 5634 1221 5702 intelligentiam
1253 5631 1515 5695 veritatis,
1539 5639 1595 5683 ut
1619 5630 1873 5698 scriptum
1904 5640 1985 5682 est
2015 5646 2027 5681 :
2061 5628 2218 5695 Aperi
2250 5642 2309 5682 os
2338 5637 2483 5681 tuum
2509 5627 2676 5681 verbo
2699 5627 2824 5693 Dei,
2858 5634 2913 5680 et
2934 5626 3109 5695 judiea
3141 5628 3315 5679 omnia
3348 5640 3476 5679 sane
3505 5622 3682 5693 (Prov.

439 5728 613 5798 xxxi).
641 5726 701 5780 Et
733 5738 957 5779 rursus:
994 5724 1069 5778 Ne
1100 5722 1338 5777 declines
1365 5737 1393 5775 a
1426 5721 1734 5776 narratione
1754 5734 1938 5775 senum
1964 5736 1977 5784 ;
2006 5718 2104 5789 ipsi
2130 5717 2274 5772 enim
2305 5717 2603 5775 didicerunt
2635 5732 2663 5771 a
2695 5716 2932 5787 patribus
2959 5729 3141 5771 eorum
3173 5710 3391 5784 (Ec-cleo.
3429 5711 3569 5783 vin).

515 5846 536 5873 ο
570 5835 755 5890 Graece
783 5843 884 5899 est,
913 5838 1055 5910 παρὰ
1083 5833 1354 5891 Παλλαδίου
1380 5834 1678 5905 ἔπιὰκόπον,
1708 5848 1735 5889 a
1770 5829 2003 5889 Palladio
2034 5827 2301 5901 episcopo.
