4020 6464
498 421 626 485 1001
1674 436 2039 496 EPISTOLA
2073 437 2172 496 AD
2210 435 2549 496 LAUSUM.
3459 521 3466 530 .
3603 441 3740 509 1002

1865 590 2488 614 ῃηΨκ-σ-*ηαδ
2507 592 2705 608 *λι-σ-
2719 597 3452 616 ’Ἠ

2145 592 2488 610 ι-κσ--υ-ηᾳ-ὸ
2507 592 3559 617 “ﬁn-NW.
3586 599 3732 618 -ω

778 719 1220 774 ΑΝΤΙΓΡΑΦΟΝ
1263 720 1653 774 ΕΠΙΣΤΟΛΗΣ
1694 697 2074 774 ΓΡΛΦΕΙΞΗΣ
2113 723 2344 796 ΛΑΥΣῼ
2383 723 2801 796 ΠΡΑΙΠΟΣΙΤῼ
2837 725 3024 778 ΠΛΡΛ
3063 726 3456 781 ΠΛΛΛΑΔΙΟΥ

1915 842 2336 898 ΕΙΙΙΣΚΟΠΟΥ.

544 971 852 1044 Μακαρίζω
883 989 977 1026 σου
1011 971 1109 1043 τὴν
1139 973 1496 1043 προαίρεσιν·
1535 971 1686 1038 ἄξιος
1714 970 1823 1042 γάρ
1855 969 1965 1023 ἀπὸ
1999 973 2349 1044 μακαρισμοῦ
2381 974 2651 1046 ἄρξασθαι
2680 977 2780 1046 τῆς
2815 977 3106 1048 ἐπιστολῆς
3131 995 3144 1008 ·
3203 979 3283 1032 ὅτι
3319 979 3536 1034 πάντων
3567 981 3646 1046 εἰς
3676 984 3744 1036 τά

482 1062 688 1128 μάταια
715 1059 1050 1131 κεχηνότων,
1079 1060 1138 1124 ἐξ
1167 1053 1242 1114 ὧν
1268 1061 1369 1114 οὐκ
1390 1061 1862 1131 ὠφεληθήσονται,
1895 1059 2059 1122 αὐτὸς
2093 1061 2286 1129 λόγους
2317 1065 2645 1134 οίκοδομεῖς,
2683 1068 2779 1119 καὶ
2803 1066 3151 1121 διδάσκεσθαι
3185 1067 3381 1132 θέλεις.
3435 1069 3744 1135 Ἀδίδακτος

475 1150 585 1218 γάρ
621 1149 783 1217 μόνος
808 1147 957 1201 ἐστὶν
986 1149 1014 1200 ὁ
1041 1147 1154 1200 τῶν
1175 1147 1312 1202 ὅλων
1334 1148 1466 1212 Θεός
1488 1165 1499 1177 ·
1531 1147 1722 1219 ἐπειδὴ
1751 1150 1846 1200 καὶ
1881 1147 2182 1220 αὐτοφυὴς,
2213 1153 2307 1206 καὶ
2341 1155 2448 1227 πρὸ
2470 1155 2634 1209 αὐτοῦ
2655 1155 2812 1212 ἄλλον
2850 1158 2952 1210 οὐκ
2996 1156 3134 1227 έχων
3177 1175 3190 1188 ·
3223 1158 3291 1211 τὰ
3322 1157 3368 1211 δ’
3398 1158 3535 1214 ἄλλα
3563 1159 3742 1215 πάντα

474 1237 623 1289 ἐστιν
657 1235 913 1288 διδακτάο
974 1235 1164 1308 ἐπειδὴ
1217 1236 1418 1306 ποιητά
1462 1236 1556 1289 καὶ¹
1603 1237 1833 1290 κτιστά·
1869 1236 1963 1288 καὶ
2009 1235 2078 1288 τὰ
2121 1239 2220 1304 μὲν
2259 1242 2452 1312 πρῶτα
2503 1242 2765 1313 τάγματα
2809 1244 3132 1298 διδάσκαλον
3169 1243 3285 1314 ἔχει
3333 1243 3432 1316 τὴν
3479 1246 3743 1299 ἀνωτάτω

473 1323 710 1394 Τριάδα’
747 1324 814 1378 τὰ
847 1325 902 1377 δὲ
928 1325 1177 1394 δεύτερα,
1207 1326 1359 1394 παρά
1383 1325 1492 1380 τῶν
1524 1324 1755 1396 πρώτων
1781 1324 2074 1396 μανθάνειο
2104 1326 2174 1380 τά
2200 1327 2256 1380 δὲ
2289 1329 2469 1400 τρίτα,
2497 1331 2650 1398 παρά
2678 1329 2786 1383 τῶν
2810 1330 3078 1401 δευτέρων
3099 1347 3112 1360 ·
3146 1331 3239 1384 καὶ
3275 1328 3418 1383 οὕτω
3450 1331 3576 1384 καθ’
3616 1331 3742 1402 έξῆς

475 1413 617 1465 κατά
657 1411 833 1478 τάξιν,
885 1412 1046 1483 μέχρι
1073 1413 1166 1466 καὶ
1197 1413 1306 1466 τῶν
1330 1413 1594 1484 ἐσχάτων.
1629 1415 1690 1466 Οἱ
1728 1414 1836 1484 γὰρ
1863 1413 2149 1483 κρείττους
2191 1417 2249 1468 ἐν
2282 1416 2478 1489 γνώμῃ
2511 1419 2606 1470 καὶ
2647 1418 2818 1488 ἀρετῇ
2849 1419 2977 1482 τούς
2998 1412 3413 1488 ἠλαττωμένους
3447 1419 3504 1472 ἐν
3539 1418 3741 1487 γνώσει

473 1500 836 1556 διδάσκουσιν.
873 1502 934 1555 Οί
963 1501 1144 1556 τοίνυν
1176 1503 1414 1574 οἰόμενοι
1442 1501 1781 1557 διδασκάλων
1811 1502 1884 1573 μὴ
1917 1501 2142 1572 χρῄζειν
2162 1544 2176 1568 ,
2211 1504 2434 1573 ἄγνοιαν
2475 1506 2745 1567 νοσοῦσιν,
2793 1505 2893 1576 τὴν
2931 1506 3144 1575 μητέρα
3174 1506 3272 1576 τῆς
3309 1505 3737 1576 ὐπερηφανείας,

475 1590 526 1640 οί
562 1589 636 1659 μὴ
668 1589 981 1660 πειθόμενοι
1019 1592 1132 1653 τοῖς
1175 1591 1233 1642 ἐν
1272 1591 1461 1662 ἀγάπῃ
1496 1591 1859 1646 διδάσκουσιν.
1892 1584 1992 1643 Ὧν
2031 1590 2406 1660 πρωτεύουσιν
2432 1593 2512 1656 είς
2543 1591 2843 1659 ἀπώλειαν,
2869 1592 3028 1665 οἱ,τῴ
3067 1591 3215 1663 αὐτῷ
3245 1591 3410 1647 πάθει
3449 1595 3547 1664 τῆς
3575 1595 3742 1665 οὐρα.

477 1679 590 1730 νίου
620 1678 901 1748 διαγωγῆς
933 1679 1283 1742 ἐκπεσόντες,
1315 1681 1364 1733 οἱ
1394 1681 1452 1732 ἐν
1485 1680 1607 1750 ἀέρι
1644 1681 1932 1750 πετόμενοι
1960 1679 2236 1748 δαίμονες,
2278 1679 2389 1732 τῶν
2421 1681 2480 1732 ἐν
2510 1683 2624 1743 τοῖς
2660 1681 2914 1750 οὐρανοῖς
2943 1680 3350 1750 ἀποδράσαντες
3378 1681 3737 1737 διδασκάλων.

476 1768 551 1818 Οὐ
583 1765 690 1835 γάρ
718 1768 774 1818 αἱ
813 1765 990 1833 λέξεις
1017 1766 1051 1836 ἢ
1079 1768 1135 1819 αἱ
1173 1767 1438 1821 συλλαϐαί
1473 1768 1615 1820 είσιν
1647 1766 2022 1831 διδασκαλίαι,
2058 1765 2126 1828 ἀς
2155 1766 2368 1836 ἔχουσιν
2403 1767 2577 1820 ἐνίοτε
2620 1768 2714 1820 καὶ
2739 1770 2785 1820 οί
2813 1769 2905 1820 ἐπὶ
2935 1767 3184 1822 πλεῖστον
3211 1768 3442 1836 φαῦλοι·
3478 1770 3612 1823 ἀλλὰ
3643 1770 3739 1822 τοῦ

386 1905 392 1910 .
476 1855 639 1923 ἤθους
665 1853 732 1906 τα
752 1853 1174 1924 κατορθώματα,
1202 1855 1318 1926 ἦτε
1353 1854 1578 1920 ἀλυπία,
1609 1855 1706 1906 καὶ
1736 1854 2025 1924 ἀπτοησία,
2063 1854 2154 1906 καὶ
2182 1856 2215 1922 ἡ
2253 1852 2482 1920 ἀδειλία,
2515 1854 2607 1906 καὶ
2635 1853 2695 1906 τὸ
2719 1853 3012 1924 ἀόργητον,
3042 1855 3188 1926 καὶὴ
3216 1856 3310 1908 ἐπὶ
3343 1858 3562 1910 πάντων
3595 1861 3738 1928 παρ-

479 1943 664 2012 ρησία,
698 1943 793 1995 καὶ
828 1943 956 2004 τοὺς
989 1942 1181 2009 λόγους
1219 1944 1292 2004 ὡς
1320 1941 1495 2013 πυρὸς
1525 1941 1703 2010 φλόγα
1728 1942 1994 2010 γεννῶσα.
2029 1941 2092 1994 El
2127 1941 2235 2022 γάρ
2285 1941 2361 2010 μὴ
2389 1937 2457 2011 ῆν
2497 1940 2656 1994 τοῦτο
2677 1981 2690 2006 ,
2720 1941 2817 1994 οὐκ
2846 1941 2912 1995 ἂν
2947 1941 3133 2010 ἔλεγεν
3161 1945 3189 1996 ὁ
3212 1943 3391 2013 μέγας
3420 1944 3738 2006 διδάσκαλος

472 2033 584 2093 τοῖς
626 2029 822 2083 ἑαυτοῦ
859 2031 1132 2102 μαθηταῖς
1153 2049 1166 2063 ο
1201 2029 1422 2084 Μάθετε
1458 2030 1552 2085 ἀπ’
1585 2030 1721 2100 ἐμοῦ
1762 2031 1846 2084 ὅτι
1878 2029 2053 2101 πρᾶός
2089 2030 2204 2098 εἰμι
2235 2029 2328 2080 καὶ
2356 2028 2612 2092 ταπεινὸς
2641 2030 2706 2100 τῇ
2744 2027 2976 2100 καρδίᾳ·
3009 2031 3068 2082 οὐ
3097 2031 3162 2101 τῇ
3204 2029 3420 2100 εὐλεξία
3457 2031 3736 2102 ῥυθμίζων

469 2120 596 2181 τοὺς
627 2118 982 2185 ἀποστόλους,
1019 2117 1155 2171 ἀλλὰ
1181 2121 1246 2189 τῇ
1274 2117 1532 2189 εὐσεϐείᾳ
1559 2118 1652 2172 τοῦ
1687 2117 1875 2189 ἤθους,
1924 2116 2129 2188 μηδένα
2160 2115 2348 2168 λυπῶν
2385 2115 2525 2188 πλὴν
2552 2117 2660 2169 τῶν
2693 2116 2999 2187 μισολόγων
3024 2117 3118 2170 καὶ
3138 2117 3475 2172 διδασκάλων
3517 2120 3738 2190 μισούνο

470 2222 600 2259 των.
629 2208 721 2258 Δεῖ
748 2205 927 2260 τοίνυν
953 2207 1054 2278 τὴν
1084 2206 1226 2260 κατὰ
1255 2207 1492 2277 Χριστὸν
1521 2207 1866 2278 ἀσκουμένην
1899 2206 2100 2276 ψυχὴν,
2137 2204 2168 2275 ἢ
2205 2205 2499 2274 μανθάνειν
2534 2203 2744 2268 πιστῶς
2773 2203 2808 2258 ἀ
2845 2206 2948 2259 οὐκ
2975 2202 3148 2272 οἶδεν,
3182 2206 3215 2278 ἢ
3243 2207 3514 2261 διδάσκειν
3552 2200 3737 2277 σαφῶς

467 2292 507 2344 ἃ.
540 2293 775 2359 ἐπέγνω.
828 2293 890 2345 Εἰ
933 2294 1042 2363 γάρ
1073 2294 1332 2364 ὁπότερον
1386 2294 1461 2363 μὴ
1504 2293 1784 2365 βούληται,
1833 2295 2031 2365 μανίαν
2063 2294 2226 2346 νοσεῖ.
2284 2293 2455 2364 Ἀρχὴ
2491 2293 2598 2364 γὰρ
2628 2294 2989 2359 άποστασίας,
3035 2294 3385 2358 διδασκαλίας
3424 2297 3586 2366 κόρος
3636 2298 3728 2348 καὶ

471 2379 728 2448 ἀνορεξία
765 2379 947 2448 λόγου,
996 2380 1056 2432 ὃν
1087 2381 1174 2432 ἀεὶ
1214 2384 1378 2452 πεινᾷ
1413 2383 1446 2450 ή
1468 2381 1615 2452 ψυχὴ
1645 2383 1738 2436 τοῦ
1776 2382 2048 2450 φιλοθέου.
2085 2378 2262 2450 Ἰοχυε
2295 2375 2386 2433 οῦν
2412 2419 2426 2445 ,
2464 2380 2558 2434 καὶ
2591 2379 2797 2448 ὑγίαινε
2819 2419 2835 2446 ,
2868 2381 2960 2434 καὶ
2989 2383 3048 2434 τὸ
3083 2382 3224 2452 μέγα
3257 2382 3553 2455 χαρίσηταί
3586 2400 3666 2437 σοι
3710 2387 3738 2438 ὁ

471 2465 640 2532 Θεὸς,
667 2467 765 2539 τὴν
799 2467 1001 2536 γνῶσιν
1035 2467 1126 2521 τοῦ
1162 2467 1418 2538 Χριστοῦ.

2753 2626 3717 2654 —_—————————————m

1355 2757 1677 2809 ΔΙΠΓΙΙΣΙΣ
1718 2758 1854 2810 ΤΟΥ
1895 2757 2052 2809 ΒΙΟΥ
2088 2755 2225 2810 ΤΩΝ
2258 2756 2464 2809 ΛΓΙΩΝ
2507 2754 2850 2808 ΠΑΤΕΡΩΝ.

542 2886 758 2943 Πολλῶν
789 2885 959 2940 πολλά
1009 2887 1106 2941 καὶ
1154 2886 1374 2940 ποικίλα
1415 2887 1560 2941 κατά
1587 2887 1878 2958 διαφόρους
1922 2889 2147 2959 καιροὺς
2181 2889 2594 2959 συγγράμματα
2617 2887 2694 2958 τῷ
2724 2887 2825 2958 βίῳ
2869 2887 3361 2953 καταλελοιπότων,
3393 2889 3502 2941 τῶν
3545 2891 3641 2960 μὲν
3672 2894 3729 2959 ἐξ

469 2975 714 3036 ἐπινοίας
746 2974 846 3043 τῆς
875 2975 1081 3028 ἄνωθεν
1118 2975 1214 3028 καὶ
1247 2977 1471 3046 χάριτος
1502 2975 1748 3028 θεοδότου
1780 2978 1860 3038 είς
1893 2976 2183 3048 οἰκοδομὴν
2213 2977 2308 3030 καὶ
2343 2977 2643 3045 ἀσφάλειαν
2681 2977 2790 3030 τῶν
2823 2979 2991 3047 πιστῇ
3025 2977 3283 3047 προθέσει
3309 2979 3592 3049 ἑπομένων
3620 2985 3733 3044 τοῖς

468 3069 704 3136 δόγμασι
739 3067 832 3118 τοῦ
872 3067 1122 3135 Σωτῆρος
1143 3081 1156 3096 °
1190 3065 1297 3118 τῶν
1335 3066 1393 3118 δὲ
1419 3065 1478 3131 ἐξ
1521 3064 1994 3135 ἀνθρωπαρέσκου
2029 3065 2125 3118 καὶ
2157 3064 2565 3136 διεφθαρμένης
2595 3064 2911 3135 προθέσεως
2939 3063 3399 3135 ὐλομανησάντων
3437 3067 3517 3130 είς
3555 3084 3733 3138 παρα-

475 3155 672 3225 μυθίαν
710 3155 819 3209 τῶν
843 3154 1150 3218 κενοδοξίαν
1184 3153 1534 3206 κισσώντων·
1575 3151 1780 3224 ἑτέρων
1820 3151 1878 3204 δὲ
1900 3151 1963 3206 ἔκ
2009 3168 2155 3217 τινος
2202 3153 2402 3222 μανίας
2442 3153 2674 3224 ἀκαίρου
2711 3152 2806 3206 καὶ
2847 3153 3129 3221 ἐνεργείας
3154 3153 3246 3205 τοῦ
3283 3155 3579 3216 μισοκάλου
3617 3157 3732 3209 δαίο

471 3260 632 3312 μονος
679 3242 832 3314 τύφῳ
885 3243 980 3295 καὶ
1035 3241 1218 3312 μήνιδι
1253 3242 1346 3294 ἐπὶ
1379 3239 1525 3312 λύμῃ
1560 3240 1668 3294 τῶν
1699 3240 2119 3312 εὐεξαπατήτων
2152 3238 2477 3310 ἀνθρώπων,
2525 3239 2622 3293 καὶ
2658 3238 2830 3310 σπίλῳ
2861 3239 2963 3308 τῆς
2995 3241 3266 3309 ἀχράντου
3298 3241 3391 3293 καὶ
3435 3241 3731 3311 καθολικῆς

481 3331 832 3401 Ἐκκλησίας,
857 3330 1350 3400 ἐπεισφρησάντων
1383 3331 1499 3392 ταῖς
1535 3329 1797 3394 διανοίαις
1831 3329 1940 3383 τῶν
1984 3330 2227 3400 ἀνοήτων
2256 3331 2349 3383 ἐπὶ
2392 3331 2603 3402 ἐγκότῳ
2637 3329 2735 3399 τῆς
2773 3330 2975 3399 σεμνῆς
3012 3330 3106 3383 καὶ
3140 3329 3390 3400 καθαρᾶς
3418 3331 3693 3394 πολιτείας
3715 3349 3726 3361 ⁸

467 3415 615 3482 ἔδοξε
660 3418 830 3486 κάμοὶ
864 3415 942 3485 τῷ
990 3416 1230 3487 ταπεινῷ
1272 3416 1361 3470 διά
1395 3416 1491 3487 τὴν
1526 3418 1605 3480 εἰς
1637 3417 1871 3487 Χριστὸν
1905 3417 2096 3469 ἐλπίδα
2126 3417 2444 3472 αἰδεσθέντα
2484 3435 2551 3488 με
2581 3416 2679 3488 τὴν
2733 3417 3004 3483 ἐπιταγὴν
3051 3417 3152 3486 τῆς
3185 3417 3285 3486 σῆς
3336 3419 3690 3488 μεγαλονοίας
3713 3461 3726 3484 ,

467 3505 903 3576 φιλομαθέστατε
944 3503 1054 3558 τῶν
1085 3504 1322 3575 ἀνδρῶν,
1357 3504 1575 3575 πρῶτον
1610 3506 1787 3559 πάντα
1817 3505 1886 3558 τὰ
1935 3506 2056 3558 κατ’
2087 3506 2323 3576 ἐμαυτὸν
2374 3507 2776 3576 διηγήσασθαι·
2809 3504 2879 3558 τά
2910 3521 2968 3557 τε
3007 3506 3103 3575 τῆς
3135 3505 3381 3575 ἡλικίας,
3415 3507 3510 3560 καὶ
3545 3507 3607 3560 τὰ
3637 3509 3730 3559 ἐπὶ

465 3599 532 3664 τῇ
565 3597 814 3664 προκοπῇ
845 3593 944 3664 τῆς
975 3593 1210 3656 διανοίας
1235 3593 1335 3663 τῆς
1361 3595 1440 3657 είς
1471 3594 1607 3646 Θεὸν
1638 3594 1838 3664 ἀρετῆς
1864 3595 1928 3646 ἐκ
1963 3597 2161 3664 νεαρᾶς
2185 3594 2402 3666 ἡλικίας
2435 3594 2768 3666 ἀρξάμενον.

537 3705 871 3774 Τριακοστὸν
899 3705 993 3758 καὶ
1019 3705 1204 3776 τρίτον
1235 3705 1354 3767 ἔτος
1389 3705 1576 3774 άγοντί
1609 3723 1700 3776 μοι
1732 3707 1791 3758 ἐν
1816 3710 1882 3778 τῇ
1914 3707 2159 3775 ἀδελφῶν
2196 3706 2440 3776 πολιτεία
2462 3705 2621 3775 δῆθεν
2651 3703 2747 3758 καὶ
2775 3704 2854 3774 τῷ
2887 3703 3114 3776 μονήρει
3151 3704 3251 3774 βίῳ
3284 3719 3295 3732 ’
3331 3704 3505 3758 εἴκοσι
3529 3705 3584 3758 δὲ
3629 3707 3727 3776 τῆς

467 3792 792 3861 ἐπισκοπῆς,
824 3794 1168 3862 πεντήκοντα
1192 3793 1247 3844 δέ
1277 3793 1371 3845 καὶ
1401 3793 1526 3862 τρία
1559 3792 1658 3862 τῆς
1691 3793 1872 3864 πάσης
1902 3793 2048 3862 ζωῆς
2082 3813 2207 3865 μου,
2253 3795 2551 3862 ἀναγκαῖον
2579 3793 2878 3863 ἡγησάμην
2911 3791 3168 3844 ποθοῦντί
3201 3809 3283 3844 σοι
3313 3793 3378 3845 τὰ
3411 3795 3518 3847 τῶν
3555 3795 3725 3861 ἁγίων

471 3881 731 3950 Ιῖατέρων
767 3879 1171 3950 κατορθώματα
1199 3880 1467 3949 ὠφελείας
1496 3881 1656 3951 χάριν
1689 3883 2068 3952 πνευματικῆς
2095 3884 2152 3935 ὲν
2177 3885 2363 3952 γραφῇ
2401 3881 2767 3952 διηγήσασθαί
2806 3899 2888 3934 σοι
2923 3881 3171 3952 ἀρρένων
3218 3898 3278 3934 τε
3332 3883 3425 3934 καὶ
3470 3883 3722 3954 θηλειῶν,

467 3962 542 4021 ῶν
567 3985 627 4020 τε
672 3967 834 4032 αὐτὸς
870 3966 1110 4038 ἑώρακα,
1142 3969 1236 4020 καὶ
1268 3969 1395 4038 περὶ
1429 3963 1504 4022 ὧν
1538 3969 1752 4039 ἀκήκοα
1800 3969 1953 4040 παρά
1989 3970 2329 4023 πιστοτάτων
2358 3969 2569 4038 ψυχῶν,
2605 3963 2686 4031 οἷς
2719 3985 2779 4021 τε
2818 3969 3265 4040 συνανεστράφην
3296 3969 3354 4020 ἐν
3380 3973 3446 4040 τῇ
3480 3972 3602 4024 κατ’
3634 3972 3726 4023 Λί-

467 4074 672 4124 γυπτον
710 4058 924 4128 ἐρήμῳ,
960 4057 1055 4109 καὶ
1080 4056 1274 4128 Λιϐύῃ,
1305 4057 1400 4110 καὶ
1428 4056 1674 4126 Θηϐαΐδι,
1712 4055 1806 4110 καὶ
1833 4057 2033 4127 Συήνῃ,
2071 4056 2162 4125 ὐφ’
2196 4057 2264 4126 ἢν
2296 4056 2390 4110 καὶ
2421 4058 2468 4109 οξ
2499 4055 2780 4124 λεγόμενοι
2812 4056 3255 4126 Ταόεννησιῶται
3275 4074 3288 4088 ·
3322 4056 3512 4110 ἔπειτα
3545 4059 3725 4112 Μεσο-

467 4145 734 4215 ποταμίᾳ,
764 4144 1100 4216 Παλαιστίνῃ
1130 4162 1188 4196 τε
1205 4145 1303 4196 καὶ
1318 4143 1512 4215 Συρίᾳ,
1542 4145 1637 4197 καὶ
1657 4147 1770 4206 τοῖς
1801 4144 1993 4212 μέρεσι
2015 4148 2112 4215 τῆς
2126 4143 2364 4208 Δύσεως,
2382 4143 2569 4214 Ῥώμῃ
2601 4160 2660 4196 τε
2679 4145 2774 4196 καὶ
2800 4144 3126 4215 Καμπανίᾳ,
3160 4146 3252 4198 καὶ
3285 4149 3397 4208 τοῖς
3428 4147 3558 4216 περὶ
3589 4148 3723 4200 ταύ-

462 4250 560 4296 τις
595 4233 838 4302 μέρεσιν,
871 4232 1244 4302 ἀκριϐέστατα
1277 4231 1372 4285 ἀπ’
1415 4233 1591 4302 ἀρχῆς
1623 4231 1878 4285 ἐκθέσθαι
1921 4249 2003 4284 σοι
2035 4233 2093 4284 ἐν
2127 4232 2472 4302 διηγήματος
2513 4231 2644 4284 εἴδει
2679 4233 2738 4284 ἐν
2769 4230 2846 4300 τῷ
2877 4229 3069 4301 βιὸλίῳ
3101 4230 3308 4300 τούτῳ·
3347 4234 3491 4296 ὅπως
3525 4237 3722 4304 σεμνὸν

463 4323 555 4375 καὶ
587 4319 906 4390 ψυχωφελές
950 4320 1357 4391 ὐπομνηστικὺν
1399 4319 1539 4390 έχων
1588 4319 1935 4373 ἀδιάλειπτον
1967 4320 2261 4392 φάρμακον
2307 4320 2591 4388 ἀληθείας,
2622 4321 2801 4374 πάντα
2836 4320 2936 4390 μὲν
2966 4321 3274 4390 νυσταγμὸν
3326 4319 3498 4390 λήθης
3530 4324 3622 4376 τὸν
3659 4325 3720 4388 ἐξ

458 4412 660 4480 ἀλόγου
715 4410 1017 4482 ἐπιθυμίας
1060 4410 1416 4480 ἐγγινόμενον
1467 4413 1536 4481 τῇ
1586 4410 1756 4480 ψυχῇ,
1793 4412 1976 4463 πᾶσαν
2024 4409 2083 4462 δὲ
2130 4409 2385 4478 διψυχίαν
2429 4408 2529 4479 τὴν
2559 4410 2617 4461 ἐν
2660 4407 2864 4474 πίστει,
2903 4409 2996 4460 καὶ
3047 4408 3336 4479 κιμὸικίαν
3368 4408 3464 4479 τὴν
3498 4411 3556 4464 ἐν
3596 4415 3717 4476 ταῖς

461 4505 698 4573 γρείαις,
727 4505 907 4558 πάντα
947 4520 1009 4556 τε
1047 4503 1204 4557 ὄκνον
1235 4504 1332 4557 καὶ
1380 4502 1750 4573 μικροψυχίαν
1789 4503 1886 4572 τὴν
1927 4505 1985 4555 ἐν
2011 4500 2090 4572 τῷ
2139 4503 2284 4573 ἤθει,
2321 4501 2621 4572 ὀξυθυμίαν
2661 4520 2720 4555 τε
2771 4500 2866 4555 καὶ
2907 4501 3146 4572 τάραχον
3177 4502 3392 4570 ἄλογον,
3424 4504 3519 4556 καὶ
3550 4504 3714 4573 φόϐον

459 4594 691 4661 ἄκαιρον
722 4594 811 4646 διὰ
836 4593 1026 4646 τούτου
1059 4592 1594 4662 ἀποσκευαζόμενος,
1626 4593 1722 4645 καὶ
1749 4592 1840 4644 τὸν
1873 4592 2102 4660 μάταιον
2136 4589 2517 4660 μετεωρισμὸν
2548 4589 2643 4642 τοῦ
2675 4587 3077 4659 διεφθαρμένου
3110 4588 3316 4658 κόσμου
3363 4591 3712 4660 ἀποφεύγων,

459 4678 792 4749 άδιαλείπτῳ
827 4679 980 4749 πόθῳ
1024 4680 1358 4750 προκόπτοις
1402 4683 1460 4732 ἐν
1493 4683 1560 4750 τῇ
1599 4679 1736 4749 πρὸς
1768 4679 1860 4732 τὸν
1905 4678 2038 4732 Θεὸν
2066 4676 2263 4742 ἐλπίδι,
2306 4679 2372 4748 τῇ
2407 4675 2669 4746 προθέσει
2711 4677 2807 4746 τῆς
2839 4677 3120 4740 εὐσεὸεἵας
3159 4676 3350 4749 όδηγὸς
3384 4680 3477 4732 καὶ
3515 4681 3713 4734 σαυτοῦ

461 4768 555 4821 καὶ
588 4767 698 4820 τῶν
729 4768 865 4838 μετά
895 4765 1010 4835 σοῦ,
1038 4770 1133 4821 καὶ
1159 4765 1270 4820 τῶν
1301 4767 1406 4820 ὐπὸ
1438 4767 1518 4832 σὲ,
1550 4767 1644 4820 καὶ
1677 4765 1785 4820 τῶν
1819 4765 2225 4819 εὐσεϐεστάτων
2257 4764 2542 4834 γινόμενος
2579 4763 2866 4834 βασιλέων.
2891 4767 2971 4818 Δι’
3000 4759 3075 4819 ῶν
3101 4765 3542 4835 κατορθωμάτων
3579 4768 3713 4822 πάνθ

457 4872 550 4919 τες
581 4857 628 4908 οἱ
671 4855 999 4924 φιλόχριστοι
1036 4853 1307 4924 ἐνωθῆναι
1331 4853 1448 4924 Θεῷ
1483 4854 1817 4921 ἐπείγονται,
1848 4852 2294 4923 συνεκδεχόμενοι
2319 4852 2412 4904 καὶ
2437 4851 2533 4920 τὴν
2564 4853 2825 4908 ἀνάλυσιν
2851 4854 2950 4923 τῆς
2971 4853 3147 4924 ψυχῆς
3173 4853 3282 4906 ἀπὸ
3309 4853 3403 4905 τοῦ
3437 4854 3709 4923 σώματος,

457 4942 698 5014 δηλονότι
725 4943 785 4994 τὸ
823 4941 946 4995 καθ’
976 4942 1210 5012 ἡμέραν,
1241 4940 1383 4995 κατά
1414 4941 1476 4993 τὸ
1508 4939 1927 5010 γεγραμμένονο
1967 4939 2266 5008 Συνέχομαι
2298 4937 2508 5009 ἀγαθὴν
2553 4939 2850 5009 ἐπιθυμίαν
2881 4939 3020 5010 ἔχων
3049 4938 3141 4992 τοῦ
3173 4937 3459 5005 ἀναλῦσαι,
3494 4942 3587 4994 καὶ
3617 4945 3712 4996 σὺν

457 5030 679 5100 Χριστῷ
716 5024 889 5083 εἶναι·
929 5029 1108 5099 πολλῷ
1149 5029 1350 5098 μᾶλλον
1392 5031 1665 5099 κρεῖσσον.
1709 5027 1821 5081 Καὶ
1853 5026 1934 5091 τὸ,
1980 5025 2266 5095 Ἑτοίμαζε
2297 5027 2376 5088 είς
2411 5026 2509 5095 τὴν
2556 5026 2732 5092 ἔξοδον
2763 5026 2832 5079 τὰ
2865 5026 3021 5098 ἔργα,
3061 5025 3155 5078 καὶ
3180 5027 3602 5097 παρασκευάζου
3632 5031 3712 5092 είς

457 5117 548 5170 τὸν
573 5119 764 5190 ἀγρόν.
810 5118 867 5170 ’0
898 5116 1006 5186 γὰρ
1038 5115 1394 5187 μνημονεύων
1422 5115 1630 5168 ἀεὶτοῦ
1672 5115 1902 5169 θανάτου
1933 5113 2007 5177 ὡς
2034 5114 2091 5181 ἐξ
2126 5115 2372 5188 ἀνάγκης
2411 5115 2532 5187 ἣξει
2564 5117 2782 5182 πάντως
2808 5159 2821 5184 ,
2857 5118 2953 5190 καὶ
2978 5117 3036 5170 οὐ
3073 5117 3352 5188 μελλήσει,
3396 5120 3456 5172 οὐ
3494 5121 3709 5173 πταίσει

462 5205 710 5273 μεγάλαο
765 5204 908 5258 κατά
943 5204 1004 5257 τὸ
1052 5204 1470 5274 γεγραμμένον·
1523 5203 1611 5255 Ἐν
1639 5203 1774 5256 πᾶσι
1809 5205 1920 5266 τοῖς
1954 5203 2132 5270 λόγοις
2165 5221 2257 5256 σου
2295 5207 2602 5276 μιμνήσκου
2635 5205 2702 5258 τὰ
2747 5189 2977 5276 ἔσχατα,
3028 5206 3123 5258 καὶ
3170 5207 3225 5269 ἐς
3258 5207 3350 5261 τὸν
3394 5207 3563 5262 αἰῶνα
3610 5210 3708 5278 οὐχ

459 5290 816 5362 άμαρτήσεις.
867 5293 978 5346 Καὶ
1034 5291 1172 5362 πρὸς
1219 5293 1334 5354 τοῖς
1374 5290 1556 5354 ἄλλοις
1603 5291 1760 5354 πᾶσι,
1812 5289 1888 5361 μὴ
1935 5290 2434 5359 παραλογιζόμενος
2461 5294 2594 5362 ἡμῖν
2637 5293 2733 5363 τὴν
2777 5293 3037 5363 βραχεῖαν
3064 5292 3271 5364 ταύτην
3305 5293 3561 5347 ὑπόθεσιν
3599 5295 3708 5351 τῶν

457 5377 792 5448 ἐξηγήσεων,
827 5381 962 5452 μήτε
1005 5379 1280 5433 διαπτύων
1315 5379 1414 5449 τὴν
1447 5378 1717 5433 ἱδιωτείαν
1761 5378 1853 5430 καὶ
1884 5377 1942 5430 τὸ
1973 5377 2207 5442 ἀκαλλὲς
2231 5379 2339 5430 τῶν
2385 5379 2601 5445 λέξεων.
2636 5382 2709 5434 Οὐ
2745 5381 2854 5451 γάρ
2886 5380 3029 5434 τοῦτ’
3061 5380 3224 5451 ἔργον
3264 5383 3383 5434 ἐστὶ
3413 5382 3600 5453 θεῖκῆς
3627 5385 3706 5435 δι-

456 5465 754 5529 δασκαλίας
793 5467 854 5520 τὸ
884 5467 1292 5537 σεσοφισμένως
1338 5467 1589 5539 φράζειν,
1638 5467 1774 5520 ἀλλὰ
1810 5466 2016 5518 πείθειν
2060 5467 2159 5536 τὴν
2205 5467 2432 5538 γνώμην
2481 5470 2752 5539 νοήμασιν
2800 5471 3056 5541 ἀληθείας
3100 5471 3239 5524 κατά
3285 5471 3343 5522 τὸ
3375 5473 3701 5542 εἰρημένονε

459 5553 678 5622 ’Λνοιγε
707 5554 796 5609 σὸν
819 5556 993 5628 στόμα
1019 5557 1163 5626 λόγῳ
1192 5555 1347 5620 Θεοῦ,
1384 5555 1477 5607 καὶ
1520 5553 1672 5624 κρίνε
1725 5555 1901 5607 πάντα
1938 5555 2125 5623 ὑγιῶς.
2161 5555 2268 5608 Καὶ
2302 5555 2462 5611 πάλιν
2483 5571 2496 5587 ·
2526 5557 2618 5630 Μὴ
2652 5558 2868 5630 ἀστόχει
2898 5558 3234 5631 διηγήματος
3269 5558 3565 5630 γερόντων.
3599 5561 3702 5614 Καὶ

456 5643 564 5711 γὰρ
587 5641 742 5694 αὐτοὶ
773 5641 974 5714 ἔμαθον
1012 5643 1166 5716 παρά
1195 5644 1303 5699 τῶν
1340 5641 1595 5712 πατέρων
1626 5640 1823 5696 αὐτῶν.

2034 5853 2090 5867 -
2100 5863 2104 5870 λ
