4020 6480
280 438 420 509 1003
1712 448 1867 509 PAL]

1974 449 2069 509 )II
3418 445 3561 510 1004

357 549 501 620 Ἐγὼ
525 552 731 622 τοίνυν,
752 553 1191 628 φιλομαθέστατε
1213 552 1349 607 Θεοῦ
1377 552 1653 623 ἄνθρωπε,
1676 555 1741 608 ἐκ
1770 556 1971 627 μέρους
2000 558 2270 629 ἑπόμενος
2297 555 2468 630 ταύτῃ
2512 560 2579 631 τῇ
2609 558 2767 629 ῥήσει
2803 556 3021 622 πολλοῖς
3043 556 3153 611 τῶν
3170 555 3341 627 ἁγίων
3363 574 3559 611 συντα-
3590 539 3608 605 ἶ

275 645 515 717 τύχηκα,
535 647 597 699 οὐ
624 648 893 720 παρέργῳ
916 649 1268 722 χρησάμενος
1281 646 1550 717 λογισμῷ,
1579 647 1715 701 ἀλλὰ
1741 649 1838 702 ml
1856 650 2156 721 τριάκοντα
2184 651 2410 721 ἡμερῶν
2435 651 2554 705 ὁδὸν
2587 652 2683 705 καὶ
2704 650 2786 713 δὶς
2808 648 3081 705 τοσούτων
3110 649 3229 703 ὁδὸν
3259 647 3555 713 ἐξανύσας,

276 739 353 804 ὡς
387 741 479 794 ἐπὶ
509 740 647 794 Θεοῦ
694 740 833 811 πεζῇ
870 744 936 813 τῇ
978 741 1176 813 πορείᾳ
1201 741 1452 813 πατήσας
1477 741 1659 793 πᾶσαν
1696 740 1798 811 τὴν
1840 743 1944 811 γῆν
1978 742 2293 813 Ῥωμαίων,
2328 742 2602 814 ήσμένισα
2630 741 2731 813 τὴν
2778 742 3081 813 κακουχίαν
3113 741 3215 806 τῆς
3242 739 3559 810 ὁδοιπορίας

278 829 375 880 ἔεπί⁵
409 831 673 903 συντυχίᾳ
699 831 896 903 ἀνδρὸς
927 831 1198 901 φιλοθέου,
1225 831 1315 887 ἵνα
1346 850 1399 885 τι
1424 831 1674 904 κερδήσω
1693 831 1833 902 ὅπερ
1869 832 1975 886 οὐκ
2020 829 2186 904 εἰχον.
2220 835 2283 888 EE
2310 834 2419 907 γάρ
2449 835 2478 886 6
2510 833 2692 906 πολλῷ
2715 835 2986 905 κρείττων
3017 834 3176 904 ἐμοῦ,
3207 833 3348 903 τάχα
3376 833 3433 886 δὲ
3459 831 3561 885 καὶ

280 926 490 992 παντὸς
513 928 755 999 κόσμου,
780 928 807 981 6
839 928 1070 991 πολλοὺς
1118 927 1515 999 ὑπερϐεϐηκώς
1556 927 1831 991 πολιτείας
1858 926 2059 1003 γνώσει
2087 932 2180 983 ml
2214 930 2428 984 συνέσει
2450 933 2807 1001 πνευματικῇ
2838 930 2937 983 ml
2977 930 3263 998 πίστει,τῇ
3300 928 3380 990 εἰς
3415 928 3557 997 Χρι-

289 1018 449 1084 στὸν,
483 1022 512 1073 6
536 1019 806 1091 μακάριος
838 1020 1135 1083 ἀπόστολος
1168 1020 1406 1085 Παῦλος,
1439 1023 1537 1093 τὴν
1568 1022 1674 1076 ἀπὸ
1731 1020 1951 1093 Ταρσοῦ
1980 1022 2060 1086 εἰς
2090 1024 2187 1094 τὴν
2232 1022 2495 1077 Ἰουδαίαν
2524 1023 2805 1077 ἐστείλατο
2829 1022 3144 1093 ἀποδημίαν
3173 1023 3266 1075 ἐπὶ
3294 1021 3561 1092 συντυχίᾳ

281 1114 489 1184 Πέτρου
518 1114 611 1166 ml
646 1112 895 1166 Ἰωάννου
920 1113 1015 1166 ml
1045 1112 1304 1167 Ἰακώϐου
1326 1155 1341 1180 ,
1370 1114 1449 1168 διὸ
1475 1115 1567 1168 ml
1593 1114 1726 1170 είδει
1758 1117 2115 1188 καυχήματος
2139 1115 2269 1169 αὐτὸ
2296 1116 2591 1183 διηγεῖται,
2625 1114 2957 1185 στηλιτεύων
2998 1111 3162 1167 αὐτοῦ
3196 1113 3322 1175 τοὺς
3350 1111 3551 1173 πόνους

278 1209 361 1269 εἰς
400 1203 750 1276 παροξυσμὸν
790 1207 899 1261 τῶν
936 1208 1080 1279 ὄκνῳ
1121 1210 1215 1263 καὶ
1266 1208 1437 1280 ἀργίᾳ
1482 1208 1687 1281 ἀρετῆς
1722 1210 1814 1282 βίᾳ
1846 1210 2155 1277 συζώντων,
2188 1213 2247 1264 ἐν
2284 1209 2362 1281 τῷ
2396 1211 2593 1264 εἰπεῖν’
2642 1210 2870 1280 Ἀνέϐην
2908 1211 2987 1273 εἰς
3029 1208 3378 1279 Ἰεροσόλυμα
3410 1206 3562 1258 ἱστο-

282 1300 451 1370 ρῆσαι
488 1300 713 1371 Πέτρον,
735 1300 836 1354 οὐκ
863 1301 1204 1372 ἀρκούμενος
1234 1305 1300 1373 τῇ
1328 1304 1487 1374 φήμῃ
1522 1302 1683 1372 μόνον
1706 1306 1803 1374 τῆς
1840 1303 2044 1374 ἀρετῆς
2072 1302 2175 1371 τῆς
2210 1301 2445 1368 ἐκείνου,
2487 1301 2601 1354 ἀλλ’
2634 1301 2915 1355 ἐπιποθῶν
2946 1300 3041 1354 καὶ
3064 1300 3235 1369 αὐτὴν
3256 1296 3350 1351 τοῦ
3378 1312 3554 1369 προσ-

278 1393 429 1446 ώπου
478 1393 642 1447 αὐτοῦ
673 1393 771 1465 τὴν
819 1394 1142 1465 συντυχίαν
1195 1395 1347 1465 πόσῳ
1394 1396 1453 1448 δέ
1497 1396 1661 1450 πλέον
1719 1394 1832 1465 ἐγὼ
1871 1398 1901 1449 6
1939 1398 2050 1451 τῶν
2095 1397 2307 1468 μυρίων
2349 1394 2629 1450 ταλάντων
2676 1394 3080 1465 χρεωφειλέτης
3120 1392 3352 1463 ὤφειλον
3379 1392 3568 1450 τοῦτο

282 1488 509 1556 ποιῆσαι
531 1527 546 1553 ,
578 1487 678 1540 οὐκ
709 1486 956 1548 ἐκείνους
994 1488 1124 1551 τούς
1153 1487 1345 1553 ἁγίους
1378 1486 1706 1557 εὐεργετῶν,
1743 1487 1860 1541 ἀλλ’
1893 1488 2133 1559 ἐμαυτὸν
2160 1488 2252 1541 τὸν
2284 1485 2615 1558 ἁμαρτωλὸν
2665 1486 2916 1556 ὠφελῶν.
2950 1485 3062 1540 Kal
3087 1483 3195 1555 γάρ
3229 1483 3324 1536 ml
3358 1483 3405 1536 οί
3434 1480 3567 1544 τοὺς

281 1582 540 1653 Πατέρων
578 1582 1030 1655 ἀναγραψάμενοι
1070 1583 1241 1654 βίους,
1291 1584 1567 1656 Ἀϐραὰμ,
1616 1583 1838 1652 Ἰσαὰκ,
1877 1586 1973 1641 ml
2014 1582 2210 1639 Ἰακὼϐ
2234 1624 2249 1648 ,
2280 1580 2527 1644 Μωσέως
2554 1599 2614 1634 τε
2649 1582 2746 1636 καὶ
2795 1580 3001 1647 Ἠλίου,
3028 1580 3126 1634 καὶ
3165 1579 3270 1632 τῶν
3300 1574 3563 1645 καθεξῆς,

279 1674 381 1747 οὐχ
421 1676 509 1730 ἵνα
536 1675 779 1740 ἐκείνους
803 1674 1101 1740 δοξάζωσιν
1119 1715 1133 1741 ,
1161 1676 1521 1746 ἐξηγήσαντο,
1556 1676 1672 1730 ἀλλ’
1699 1677 1787 1729 ἵνα
1813 1677 1940 1740 τοὺς
1971 1675 2400 1747 ἐντυγχάνοντας
2429 1674 2807 1744 ὼφελήσωσιν.

354 1804 526 1859 Τοῦτο
573 1805 669 1861 οῦν
699 1806 879 1872 εἰδὼς,
920 1808 1213 1861 πιστότατε
1262 1808 1358 1861 ml
1407 1807 1704 1878 σεμνότατε
1736 1805 1891 1860 δοῦλε
1927 1806 2021 1862 τοῦ
2048 1806 2289 1879 Χριστοῦ
2319 1806 2523 1869 Λαῦσε,
2558 1805 2627 1859 τά
2661 1803 2834 1858 πολλὰ
2873 1802 3071 1858 σαυτὸν
3099 1801 3389 1865 νουθετῶν,
3419 1799 3555 1858 ἀνά-

282 1915 415 1969 σχου
469 1900 565 1953 ml
599 1902 699 1970 τῆς
741 1898 1013 1971 φλυαρίας
1058 1898 1336 1970 ἡμετέρας
1365 1899 1462 1953 ἐπὶ
1491 1899 1706 1971 φυλακῇ
1742 1900 1841 1971 τῆς
1885 1898 2145 1963 εὐσεϐοῦς
2176 1916 2269 1953 σου
2306 1898 2556 1969 γνώμης,
2592 1900 2714 1970 ἥτις
2743 1897 3026 1970 διαφόροις
3065 1895 3287 1960 κακίαις
3323 1894 3555 1964 όραταῖς

277 2010 336 2047 τε
364 1992 460 2047 καὶ
505 1993 763 2065 ἀοράτοις
796 1992 1165 2064 κυμαίνεσθαι
1196 1994 1470 2059 πέφυκεν,
1499 1992 1659 2063 ήμῶν
1682 1993 1738 2046 δὲ
1767 1994 1799 2064 ἡ
1832 1993 2065 2065 συνεχὴς
2099 1993 2378 2064 προσευχὴ
2408 1994 2500 2047 ml
2531 1994 3001 2064 ἰδιοπραγμοσύνη
3029 1990 3253 2046 δύναται
3289 1990 3541 2063 ⁴ἰτρεμεῖν.

279 2086 477 2140 Πολλοὶ
514 2086 624 2155 γὰρ
652 2086 760 2140 τῶν
790 2086 1201 2157 εὐλαϐεστέρων
1229 2086 1498 2157 ἀδελφῶν,
1531 2087 1628 2141 καὶ
1659 2086 1844 2151 πόνοις
1881 2089 2173 2160 ἀσκήσεως
2200 2090 2292 2142 ml
2322 2087 2719 2159 ἐλεημοσύναις
2750 2087 3049 2158 κομώντων
3080 2085 3175 2139 ml
3208 2085 3301 2138 ἐπὶ
3332 2083 3549 2153 ἀγαμίᾳ

278 2180 379 2235 καὶ
403 2181 662 2235 παντελεῖ
687 2182 957 2255 παρθενίᾳ
982 2184 1478 2256 μεγαλαυχοῦντες,
1510 2184 1603 2239 ml
1633 2184 1833 2256 μελέτῃ
1862 2185 2024 2239 θείων
2053 2184 2249 2255 λογίων
2273 2185 2504 2250 ἑαυτοὺς
2530 2185 2966 2251 κατατείνοντες,
2997 2185 3095 2240 καὶ
3128 2181 3562 2251 σπουδασμάτων

281 2273 522 2343 μαθήσει
573 2276 930 2349 θαρροῦντες,
982 2279 1296 2350 ἠστόχησαν
1343 2280 1637 2345 ἀπαθείας,
1685 2280 1989 2351 ἀδιακρίτῳ
2022 2280 2221 2352 γνώμῃ
2264 2279 2632 2343 δουλεύοντες,
2689 2278 3046 2348 προσχήματι
3074 2275 3238 2345 δῆθεν
3271 2272 3561 2332 εὐσεϐείας

284 2366 433 2430 τινὸς
463 2366 990 2442 φιλοπραγμοσύνην
1036 2371 1386 2442 νοσήσαντες,
1437 2364 1611 2435 ἐξ’ὧν
1640 2371 1922 2426 τίκτονται
1953 2371 2048 2424 καὶ
2083 2369 2623 2443 φιλοπραγμοσύναι,
2665 2368 2766 2441 τὴν
2815 2369 3033 2442 μητέρα
3065 2368 3164 2438 τῆς
3205 2366 3571 2437 ἰδιοπραγμοο

282 2459 450 2531 σύνης
475 2460 816 2532 ἐκριξοῦσαι.

366 2598 644 2671 Ἀνδρίζου
674 2598 857 2653 τοίνυν
884 2600 943 2653 ἐν
972 2599 1123 2672 πάσῃ
1158 2599 1396 2662 συνέσει,
1427 2599 1752 2673 παρακαλῶ,
1783 2600 1856 2669 μὴ
1879 2599 2111 2653 πιαίνων
2134 2598 2223 2653 τὸν
2252 2598 2504 2653 πλοῦτον·
2536 2598 2565 2653 δ
2590 2598 2655 2669 δὴ
2686 2598 2782 2653 καὶ
2812 2598 3125 2670 πεποίηκας
3149 2597 3444 2671 αὐτάρκως
3470 2598 3575 2653 αὐ-

290 2697 381 2750 τὸν
413 2695 722 2768 σμικρύνας
753 2697 822 2766 τῇ
862 2694 1098 2749 διαδόσει
1128 2696 1239 2751 τῶν
1280 2696 1473 2768 χρείαν
1506 2697 1765 2767 ἐχόντων.
1807 2695 1898 2749 Διὸ
1934 2697 2034 2767 τὴν
2067 2698 2131 2750 ἐκ
2160 2697 2353 2750 τούτου
2396 2696 2707 2768 ὑπηρεσίαν
2737 2698 2818 2760 εἰς
2849 2698 3055 2770 ἀρετῆς
3086 2696 3247 2768 ἔργον
3285 2695 3583 2767 γινομένην

290 2797 430 2867 μήτε
461 2797 607 2866 ὁρμῇ
632 2812 739 2849 τινι
765 2795 860 2848 καὶ
889 2795 1159 2867 προλήψει
1189 2796 1373 2866 ἀλόγῳ
1402 2796 1672 2864 γίνεσθαι,
1696 2793 1731 2863 ἢ
1768 2795 2120 2866 προσχήματι
2147 2796 2675 2867 ἀνθρωπαρεσκείας
2698 2790 2844 2860 τινὸς
2875 2796 3135 2867 κρίσεως,
3162 2795 3310 2866 ὅρκῳ
3328 2792 3584 2864 πεδήσας

297 2890 397 2961 τὴν
427 2891 753 2963 προαίρεσιν
772 2931 787 2957 ,
822 2890 1007 2955 καθὼς
1036 2890 1345 2946 πεπόνθασι
1392 2889 1580 2943 πολλοί
1600 2928 1615 2951 ,
1652 2888 1852 2951 οἵτινες
1892 2888 2187 2960 φιλονείκῳ
2217 2890 2497 2962 κενοδοξία
2525 2890 2588 2945 τὸ
2629 2890 2705 2961 μὴ
2747 2893 2893 2943 πιεῖν
2921 2888 2954 2958 ἢ
2987 2889 3183 2958 φαγεῖν
3210 2886 3587 2949 δουλώσαντες

285 2988 346 3040 τὸ
370 2987 723 3054 αὐτεξούσιον
757 2990 825 3059 τῇ
855 2989 1075 3063 ἀνάγκῃ
1111 2987 1206 3041 τοῦ
1232 2989 1422 3059 ὅρκου,
1446 2987 1542 3040 καὶ
1568 2985 1743 3057 τούτῳ
1770 2985 1934 3040 πάλιν
1959 2985 2329 3052 ὑποπεσόντες
2359 2986 2596 3057 οἰκτρῶς
2622 2986 2656 3057 ἢ
2690 2983 2957 3057 φιλοζωῒᾳ
2987 2986 3081 3039 ml
3106 2984 3327 3056 ἀκηδίᾳ,
3355 2985 3389 3053 ἦ
3422 2983 3588 3037 ἀσθε-

286 3080 408 3152 νείᾳ
438 3080 726 3151 σώματος,
757 3085 851 3139 ml
897 3084 1163 3155 ἐπιθυμίᾳ
1206 3083 1406 3154 ήδονῆς
1449 3099 1597 3146 τινος
1624 3082 1725 3154 τὴν
1753 3082 2043 3152 ἐπιορκίαν
2069 3081 2381 3145 ὠδίναντες.
2416 3082 2576 3153 Λόγῳ
2606 3081 2788 3135 τοίνυν
2836 3080 3275 3152 μεταλαμϐάνων
3310 3080 3406 3133 ml
3438 3079 3586 3148 λόγῳ

289 3179 656 3249 ἀπεχόμενος,
689 3180 789 3250 οὐχ
819 3181 1163 3251 ἀμαρτήσεις
1191 3180 1344 3234 ποτέ.
1370 3178 1503 3242 Θεὸς
1537 3178 1648 3250 γὰρ
1678 3180 1706 3232 6
1733 3177 1891 3247 λόγος
1919 3178 2028 3231 τῶν
2066 3178 2124 3231 ἐν
2152 3179 2286 3248 ἡμῖν
2318 3177 2641 3249 κινημάτων
2688 3175 2954 3247 ἐξορίζων
2986 3175 3057 3229 τὰ
3094 3173 3334 3245 βλαϐερὰ
3359 3214 3373 3238 ,
3416 3190 3586 3245 προσ·

287 3269 707 3342 λαμϐανόμενος
740 3270 797 3324 δέ
825 3271 895 3324 τὰ
935 3270 1217 3341 ὲπωφελῆ.
1250 3270 1457 3339 Δικαίῳ
1491 3268 1599 3341 γάρ
1630 3269 1818 3340 νόμος,
1862 3268 2051 3339 φησὶν,
2084 3268 2145 3321 οὐ
2178 3270 2377 3322 κεῖται.
2416 3269 2678 3339 Ἀμεινον
2709 3266 2820 3337 γὰρ
2846 3268 2880 3338 ἡ
2917 3267 3057 3338 μετά
3104 3266 3268 3334 λόγου
3302 3266 3578 3319 οίνοποσία

290 3368 395 3433 τῆς
429 3362 568 3435 μετὰ
603 3362 778 3431 τύφου
813 3362 1162 3432 ὐδροποσίας.
1200 3364 1312 3418 Kal
1342 3362 1508 3433 βλέπε
1543 3380 1634 3431 μοι
1670 3361 1797 3424 τούς
1839 3360 1983 3429 μετά
2010 3360 2172 3428 λόγου
2209 3359 2521 3425 θεοσεϐείας
2555 3360 2649 3414 τὸν
2695 3354 2841 3415 οἶνον
2874 3361 3100 3423 πιόντας
3143 3359 3349 3429 ἄνδρας
3393 3357 3573 3425 ἁγίους

293 3461 666 3533 ὑπάρχοντας,
699 3462 793 3515 ml
826 3460 953 3524 τοὺς
986 3460 1303 3530 ἀλογίστους
1338 3460 1475 3532 μετά
1504 3459 1766 3521 ἀπονοίας
1803 3458 2280 3529 ύδροποτήσαντας
2319 3457 2667 3530 ἀνθρώπους,
2705 3456 2965 3528 βεϐήλους
2996 3456 3091 3510 καὶ
3123 3454 3562 3525 διεφθαρμένους.

294 3553 514 3622 Μηκέτι
543 3554 715 3628 ψέξῃς
750 3554 783 3626 ἢ
815 3554 1112 3627 ἐπαινέσῃς
1144 3555 1243 3625 τὴν
1278 3553 1414 3623 ὓλην
1452 3553 1562 3607 τῶν
1597 3552 1928 3625 βρωμάτων,
1968 3551 2105 3607 ἀλλὰ
2144 3552 2460 3623 μακαρίσῃς
2492 3552 2525 3623 ἢ
2556 3552 2854 3624 ταλανίσῃς
2881 3550 2981 3619 τήν
3011 3550 3240 3621 γνώμην
3269 3548 3371 3601 τῶν
3392 3543 3562 3606 κακῶς

296 3648 333 3714 ἦ
374 3648 559 3713 καλῶς
588 3649 892 3720 χρωμένων
926 3651 993 3721 τῇ
1030 3649 1154 3723 ὕλῃ.
1183 3649 1381 3703 Ἔπιέν
1411 3666 1543 3702 ποτε
1580 3649 1785 3720 Ἰωσὴφ
1815 3648 1946 3720 παρ’
1979 3646 2298 3717 Αἰγυπτίοις
2327 3641 2491 3711 οἶνον,
2524 3648 2641 3702 ἀλλ’
2675 3648 2778 3702 οὐκ
2804 3646 3008 3719 ἐϐλάϐη
3036 3646 3134 3717 τὴν
3172 3644 3367 3718 φρέναο
3395 3641 3560 3713 ὴσφά-

294 3742 451 3796 λιστο
471 3741 579 3814 γὰρ
604 3742 708 3814 τὴν
731 3740 983 3814 γνώμην.
1025 3742 1411 3814 ’Υδροπότισεν
1438 3741 1496 3796 δὲ
1523 3740 1874 3812 Πυθαγόρας,
1902 3742 1995 3795 ml
2025 3741 2307 3815 Διογένης,
2333 3742 2429 3796 ml
2457 3743 2704 3797 Πλάτων·
2735 3743 2794 3798 ἐν
2824 3735 2904 3806 οἷς
2930 3741 3025 3796 ml
3048 3742 3369 3812 Μανιχαῖοι,
3397 3737 3492 3792 ml
3518 3736 3578 3790 τὸ

295 3836 483 3891 λοιπὸν
523 3836 779 3907 σύστημα
815 3836 927 3890 τῶν
965 3834 1433 3907 ἐθελοφιλοσόφων
1454 3849 1471 3864 ⁶
1506 3834 1600 3888 ml
1640 3834 1735 3888 ἐπὶ
1771 3831 2028 3888 τοσοῦτον
2059 3833 2269 3905 ήλασαν
2313 3834 2668 3903 κουφοδοξίαν
2696 3834 2964 3901 ἀκολασίᾳ
2986 3878 3000 3901 ,
3036 3834 3109 3897 ὡς
3155 3834 3252 3887 ml
3286 3834 3448 3887 αὐτὸν
3486 3831 3578 3886 τὸν

296 3933 431 3986 Θεὸν
458 3932 551 3986 τὸν
580 3932 689 3986 τῶν
720 3931 981 3986 ἁπάντων
1004 3931 1239 4002 ποιητὴν
1268 3930 1557 4002 ἀγνοῆσαι,
1590 3930 1687 3985 καὶ
1727 3931 2107 4002 προσκυνῆσαι
2145 3928 2375 4001 ἀψύχοις
2403 3930 2666 3995 εἰδώλοις.
2699 3930 2947 4001 Ἥψαντο
2983 3930 3040 3983 δὲ
3085 3931 3180 3984 ml
3224 3930 3274 3984 οί
3306 3929 3434 4002 περὶ
3479 3928 3571 3981 τὸν

302 4026 575 4098 μακάριον
608 4024 909 4080 ἀπόστολον
951 4024 1159 4096 Πέτρον
1193 4026 1293 4095 τῆς
1321 4024 1577 4095 χρήσεως
1605 4022 1699 4077 τοῦ
1729 4023 1896 4090 οίνου,
1929 4023 2005 4087 ὡς
2034 4023 2129 4077 ml
2156 4023 2317 4077 αὐτὸν
2346 4021 2708 4087 ὀνειδίζεσθαι
2745 4023 2837 4077 τὸν
2868 4022 3078 4095 Κύριον
3113 4024 3211 4079 ml
3252 4022 3575 4079 διδάσκαλον

298 4120 527 4187 τούτων,
559 4121 790 4192 Σωτῆρα
818 4120 875 4174 δὲ
906 4119 1017 4173 τῶν
1050 4120 1330 4185 ἁπάντων,
1355 4119 1451 4173 ἐπὶ
1484 4119 1788 4191 μεταλήψει
1821 4119 2202 4187 ἐγκαλούντων
2243 4119 2537 4186 Ἰουδαίων,
2572 4120 2671 4175 Διά
2695 4121 2749 4173 τί
2786 4122 2834 4174 οί
2868 4120 3111 4190 μαθηταί
3143 4138 3237 4174 σου
3266 4121 3327 4175 οὐ
3355 4118 3589 4191 νηστεύ-

297 4227 473 4276 wsw,
505 4209 581 4274 ῶς
611 4211 708 4265 καὶ
749 4210 1032 4277 Ἰωάννου;
1064 4210 1160 4265 καὶ
1189 4210 1354 4264 πάλιν
1385 4210 1497 4274 τοῖς
1533 4210 1806 4282 μαθηταῖς
1837 4210 2156 4275 ἐπέϐαινον,
2190 4211 2285 4265 ml
2316 4211 2669 4277 ὀνειδίζοντες
2716 4212 2904 4281 ἔλεγον
2935 4214 2982 4267 οί
3014 4213 3260 4277 ἀπειθεῖς
3297 4230 3308 4242 ·
3349 4214 3408 4267 Ὀ
3436 4214 3582 4268 διδά-

301 4304 504 4368 σκαλος
531 4303 691 4375 ὑμῶν
710 4302 851 4376 μετὰ
874 4303 1140 4358 τελωνῶν
1165 4304 1261 4357 ml
1285 4302 1631 4375 ἁμαρτωλῶν
1662 4303 1834 4357 ἐσθίει
1851 4303 1947 4357 ml
1971 4302 2137 4358 πίνει.
2168 4304 2284 4357 Οὐκ
2312 4303 2379 4358 ἂν
2407 4304 2465 4358 δέ
2488 4304 2579 4358 ἐπὶ
2598 4304 2764 4378 ἄρτου
2794 4308 2883 4360 καὶ
2908 4306 3099 4371 ὓδατος
3121 4304 3593 4375 ἐπελαμϐάνοιτο,

301 4396 352 4447 εἰ
387 4395 463 4466 μὴ
486 4396 580 4450 ἐπὶ
604 4396 736 4467 ὄψου
762 4395 859 4450 ml
894 4396 1040 4449 οίνου
1074 4393 1339 4466 δηλονότι.
1381 4395 1470 4447 Ἐν
1498 4388 1581 4458 οἷς
1604 4396 1717 4457 τοῖς
1748 4397 2101 4449 παντάπασιν
2132 4396 2345 4464 ἀλόγως
2380 4395 2614 4466 ψέγουσι
2654 4397 2755 4466 μὲν
2790 4397 3126 4463 οἰνοποσίαν,
3168 4398 3513 4469 θαυμάζουσι
3538 4399 3597 4452 δὲ

303 4486 655 4559 ὑδροποσίαν,
686 4488 1048 4559 ἀποκρίνεται
1078 4488 1107 4540 6
1132 4487 1348 4558 Σωτήρ,
1372 4482 1578 4541 Ἦλθεν
1599 4490 1626 4543 6
1663 4488 1921 4560 Ἰωάννης
1946 4490 2003 4542 ἐν
2028 4489 2132 4561 ὁδῷ
2163 4489 2537 4561 δικαιοσύνης,
2568 4492 2707 4563 μήτε
2736 4491 2955 4559 ἐσθίων,
2995 4494 3133 4563 μήτε
3161 4493 3357 4547 πίνων·
3379 4494 3584 4565 δηλαδὴ

303 4579 444 4652 κρέα
475 4580 572 4635 καὶ
595 4576 760 4636 οἶνον.
798 4581 962 4635 Ἀνευ
994 4580 1104 4653 γάρ
1130 4579 1238 4634 τῶν
1270 4579 1449 4635 ἄλλων
1473 4579 1571 4652 ζῇν
1596 4579 1700 4634 οὐκ
1727 4579 1985 4650 ὴδύνατω
2013 4581 2110 4635 καὶ
2137 4580 2381 4650 λέγουσι,
2418 4580 2707 4651 Δαιμόνιον
2733 4582 2864 4653 ἔχει.
2903 4577 3109 4637 Ἦλθεν
3149 4585 3177 4637 6
3208 4582 3340 4646 Υἱὸς
3367 4581 3461 4635 τοῦ
3497 4583 3594 4635 ἀν-

306 4678 532 4748 θρώπου
563 4676 761 4730 ἐσθίων
785 4675 882 4729 καὶ
922 4673 1116 4729 πίνων·
1144 4675 1237 4730 καὶ
1262 4674 1505 4743 λέγουσι·
1547 4675 1678 4729 Ἰδοὺ
1701 4674 1992 4745 ἄνθρωπος
2020 4675 2221 4744 φάγος,
2253 4675 2348 4727 ml
2378 4674 2667 4745 οἰνοπότης
2685 4716 2700 4739 ,
2738 4675 2893 4745 φίλος
2916 4674 3167 4728 τελωνῶν
3203 4675 3299 4730 ml
3327 4677 3598 4746 ἀμαρτω-

306 4771 439 4837 λῶν,
467 4771 555 4824 διὰ
589 4771 651 4824 τὸ
681 4769 882 4823 ἐσθίειν
911 4770 1007 4822 ml
1038 4767 1237 4822 πίνειν.
1269 4766 1335 4819 Τί
1363 4762 1456 4821 οῦν
1489 4767 1652 4837 ἡμεῖς
1676 4767 2007 4837 ποιήσομεν;
2032 4765 2186 4836 Μήτε
2218 4767 2331 4826 τοῖς
2359 4764 2611 4833 ψέγουσι,
2647 4765 2784 4835 μιξτε
2808 4782 2920 4829 τοις
2951 4765 3266 4820 ἐπαινοῦσιν
3298 4765 3597 4834 ἀκολουθήο

308 4884 495 4937 σωμεν
515 4881 529 4896 ⁸
562 4864 733 4935 ἀλλ’ἢ
768 4862 907 4934 μετὰ
954 4861 1204 4917 Ἰωάννου
1244 4860 1389 4933 λόγῳ
1418 4858 1831 4931 νηστεύσωμεν,
1864 4857 1968 4913 κᾶν
1997 4858 2225 4913 εἴπωσιν
2257 4859 2410 4928 ἡμῖν,
2441 4856 2730 4928 Δαιμόνιον
2765 4856 2941 4928 ἔχετε·
2974 4858 3006 4929 ἢ
3040 4858 3161 4928 μετ’
3215 4858 3389 4927 Ἰησοῦ
3429 4858 3601 4937 σοφία

308 4932 779 5035 οἰνοποτήσωμεν,
812 4962 859 5014 εἰ
889 4959 1083 5032 χρῄζοι
1115 4959 1175 5012 τὸ
1210 4932 1391 5027 σῶμα,
1426 4955 1530 5010 κᾶν
1576 4955 1807 5009 εἴπωσιν
1838 4956 1993 5025 ἡμῖν,
2044 4952 2176 5007 Ἰδοὺ
2212 4952 2491 5023 ἄνθρωποι
2527 4952 2693 5021 φάγοι
2740 4953 2835 5005 ml
2875 4954 3174 5008 οἰνοπόται.
3222 4951 3358 5007 Οὔτε
3410 4951 3520 5020 γὰρ
3567 4932 3599 5002 ἦ

314 5060 519 5133 βρῶσίς
547 5062 665 5115 ἐστί
694 5077 746 5113 τι
777 5058 921 5113 κατά
950 5057 1234 5128 ἀλήθειαν,
1268 5052 1392 5109 οῦτε
1425 5055 1460 5125 ἡ
1494 5051 1708 5123 ἀποχὴ,
1742 5050 1861 5105 ἀλλ’
1888 5051 1921 5121 ἡ
1953 5048 2138 5112 πίστις
2167 5047 2234 5102 δι’
2268 5048 2491 5117 ἀγάπης
2520 5048 2635 5110 τοῖς
2673 5046 2857 5117 ἔργοις
2893 5049 3389 5119 παρεκτεινομένη.
3424 5047 3593 5133 Ὅταν

446 5123 598 5226 πάσῃ
623 5152 822 5226 πράξει
849 5123 1191 5222 ἀκολου-θήσῃ
1232 5150 1265 5220 ή
1292 5123 1498 5212 πίστις,
1530 5143 1899 5215 ἀκατάκριτός
1935 5145 2083 5196 ἐστιν
2118 5144 2146 5195 6
2185 5140 2381 5193 ἐσθίων
2407 5140 2499 5194 καὶ
2530 5140 2723 5204 πίνων,
2759 5140 2847 5195 διὰ
2874 5141 2973 5211 τὴν
2996 5141 3217 5207 πίστιν.
3254 5141 3367 5194 Πάν
3397 5140 3529 5210 γὰρ,
3572 5123 3601 5177 δ

310 5252 416 5306 οὐκ
457 5252 520 5304 ἐκ
564 5248 823 5312 πίστεως,
861 5246 1107 5319 ἁμαρτία
1153 5244 1323 5299 ἐστίν.
1368 5242 1508 5297 Ἀλλ’
1541 5240 1732 5311 ἐπειδὴ
1763 5240 1871 5304 πᾶς
1900 5255 1984 5303 τις
2015 5237 2123 5290 τῶν
2154 5235 2477 5307 φιληδόνων,
2510 5233 2543 5304 ἢ
2587 5235 2769 5287 ὁτιοῦν
2800 5235 3271 5307 πλημμελούντων
3296 5274 3309 5295 ,
3336 5235 3470 5305 ἐρεῖ,
3520 5233 3603 5285 ὅτι

314 5345 501 5401 Πίστει
534 5341 957 5415 μεταλαμϐάνω,
978 5342 1059 5412 ήό
1086 5340 1274 5411 ἕτερόν
1296 5357 1348 5392 τι
1370 5339 1627 5409 πράττων
1651 5336 1833 5408 ἀλόγῳ
1858 5334 2146 5405 ἐπιθυμία,
2178 5332 2211 5405 ἢ
2238 5330 2620 5402 διεφθαρμένῳ
2644 5330 2724 5402 τῷ
2752 5331 3036 5395 συνειδότι,
3071 5334 3136 5403 τῇ
3163 5330 3342 5383 πίστει
3380 5332 3601 5398 ἐπερει-

315 5439 561 5511 δόμενος,
612 5436 897 5507 ἔσφαλται.
940 5436 999 5489 '0
1031 5435 1138 5507 γὰρ
1176 5433 1367 5507 Σωτὴρ
1406 5433 1739 5489 διεστείλατο
1775 5432 1975 5502 λέγων·
2027 5430 2161 5485 Ἀπὸ
2189 5428 2298 5483 τῶν
2330 5427 2564 5501 καρπῶν
2600 5428 2783 5481 αὐτῶν
2812 5428 3185 5497 ἐπιγνώσεσθε
3219 5425 3437 5489 αὐτούς.
3465 5426 3591 5477 ’Ότι

318 5536 374 5590 δέ
397 5534 425 5586 6
456 5533 665 5604 καρπὸς
688 5531 800 5586 τῶν
828 5529 956 5599 θείῳ
984 5530 1129 5600 λόγῳ
1159 5530 1595 5601 πολιτευομένων
1619 5527 1717 5583 καὶ
1744 5530 2091 5599 πνευματικῇ
2123 5525 2357 5591 συνέσει,
2386 5523 2529 5578 κατά
2555 5523 2647 5577 τὸν
2672 5522 2816 5576 θεῖον
2858 5520 3205 5585 Ἀπόστολον,
3235 5517 3423 5587 ἀγάπη
3449 5516 3594 5580 ἐστὶ,

318 5624 416 5676 καὶ
436 5624 601 5695 χαρὰ,
626 5624 721 5677 καὶ
751 5622 965 5694 εἰρήνη,
989 5622 1084 5675 ml
1107 5621 1483 5693 μακροθυμία,
1508 5620 1838 5692 χρηστότης,
1869 5618 2222 5689 ἀγαθωσύνη,
2250 5617 2457 5683 πίστις,
2494 5614 2768 5685 πραότης,
2796 5613 3116 5684 ἐγκράτεια,
3144 5610 3361 5679 ἁγνεία,
3391 5605 3605 5678 ὡμολό-

321 5732 506 5789 γηται.
527 5716 701 5780 Αὐτὸς
722 5716 832 5787 γὰρ
862 5715 1047 5784 ἔλεγεν
1075 5718 1104 5769 6
1133 5714 1406 5787 μακάριος
1441 5714 1675 5777 Παῦλος
1723 5713 1782 5767 '0
1817 5712 1875 5766 δὲ
1909 5712 2123 5782 καρπὸς
2150 5710 2247 5766 τοῦ
2278 5707 2603 5779 Πνεύματός
2632 5709 2750 5760 ἐστι
2781 5707 2956 5760 ταῦτα
2995 5708 3090 5761 καὶ
3115 5702 3309 5759 ταῦτα.
3341 5697 3543 5789 Ὅτιᾲδὲ
3572 5697 3602 5750 6

328 5809 646 5875 σπουδάζων
673 5808 950 5876 τοιούτους
979 5809 1123 5881 ἔχειν
1153 5810 1421 5882 καρποὺς,
1448 5808 1679 5877 ἀλόγως,
1712 5809 1746 5878 ἢ
1780 5808 2049 5880 ἀκαίρως,
2080 5807 2114 5879 ἢ
2150 5805 2434 5871 ἀσκόπως,
2465 5804 2526 5859 οὐ
2568 5803 2838 5873 βρώσεται
2879 5799 3037 5871 κρέα,
3073 5797 3193 5853 οὐδὲ
3231 5796 3414 5850 πίεται
3439 5787 3607 5863 οἶνον,
