4020 6462
391 441 532 499 1005
788 400 791 403 λ
1622 431 1955 490 EPISTOLA
1998 431 2089 487 ao
2124 431 2431 489 LAUSUM.
3526 435 3662 495 fetui

458 562 573 632 Ego
599 558 804 629 itaque.
834 559 915 615 vir
955 559 1272 631 cognitionis
1297 559 1389 615 Dei
1416 557 1824 626 studiosissime,
1859 559 2039 630 aliqua
2082 573 2147 615 ex
2178 564 2329 628 parte
2365 569 2595 626 sequens
2625 557 2726 610 hoc
2764 555 2984 623 dictum,
3022 558 3217 616 multos
3245 560 3473 618 conveni
3510 575 3635 617 sau-

375 668 515 715 ctos.
536 652 726 723 Neque
755 668 884 709 vero
912 669 974 707 ca
1008 654 1262 723 cogitatio
1290 652 1420 707 mihi
1450 651 1595 707 aliud
1637 652 1815 722 agenti
1842 636 1896 707 in
1944 660 2175 708 mentem
2208 648 2374 714 venit,
2407 648 2499 703 sed
2536 663 2656 704 cum
2690 649 2900 719 triginta
2948 661 3107 721 atque
3133 651 3267 706 adeo
3294 652 3375 708 his
3420 652 3641 709 totidem

376 751 585 804 dierum
616 745 757 800 viam
791 744 1164 811 confecissem,
1194 754 1250 801 et
1275 744 1370 799 Dei
1399 746 1567 814 gratia
1594 746 1823 814 pedestri
1854 745 2068 811 itinere,
2093 756 2304 797 omnem
2332 740 2688 795 Romanorum
2716 742 2983 811 regionem
3012 742 3390 811 pervasissem,
3413 744 3513 798 viae
3530 758 3645 799 tuo-

380 839 590 895 lestiam
633 835 785 890 nihili
810 835 909 892 feci
949 836 996 890 si
1027 835 1315 892 convenire
1342 848 1552 902 possem
1595 834 1766 889 virum
1796 837 1939 903 pium
1966 851 2027 890 ac
2055 835 2148 889 Dei
2181 833 2438 897 amicum,
2475 840 2533 886 ut
2562 832 2928 889 lttcrifacerem
2961 834 3104 903 quod
3138 847 3245 890 non
3276 834 3562 891 habebam.
3584 835 3644 892 Si

377 931 520 986 enim
548 928 639 998 qui
682 943 769 983 me
794 937 877 983 est
921 927 1078 997 longe
1110 928 1469 996 praestantior,
1501 937 1659 999 atque
1688 927 1821 982 adeo
1869 926 2006 981 forte
2033 926 2196 981 etiam
2228 927 2477 981 universo
2521 927 2752 992 mundo,
2805 928 3107 996 multosque
3143 929 3495 996 superavitet
3523 930 3649 984 vitae

377 1022 595 1092 agendae
622 1021 852 1084 ratione,
884 1028 939 1074 et
969 1019 1296 1088 cognitione,
1327 1028 1382 1073 et
1408 1020 1634 1089 spiritali
1667 1019 2043 1088 intelligentia,
2080 1027 2133 1073 et
2167 1018 2271 1074 ﬁde
2316 1022 2370 1076 in
2399 1019 2694 1087 Christum,
2726 1020 2913 1075 beatus
2941 1021 3209 1089 apostolus
3240 1021 3457 1087 Paulus,
3482 1023 3651 1078 Tarso

379 1113 433 1167 in
463 1113 700 1174 ,Ιυϐιειιιιι
732 1111 1000 1182 profectus
1031 1119 1133 1178 est,
1164 1119 1223 1165 ut
1249 1111 1560 1166 conveniret
1592 1111 1809 1167 Petrum
1840 1122 1895 1167 et
1937 1112 2198 1168 Joannem
2233 1122 2289 1168 et
2312 1112 2603 1179 Jacobum;
2646 1123 2702 1170 et
2744 1113 2865 1170 ideo
2892 1114 3055 1169 veluti
3098 1115 3333 1184 glorians
3359 1115 3410 1170 id
3442 1127 3647 1183 narrat,

379 1205 618 1260 referens
647 1218 772 1257 suos
796 1203 1030 1270 labores,
1054 1201 1120 1257 ad
1151 1216 1246 1257 eos
1276 1202 1577 1257 incitandos
1604 1203 1693 1271 qui
1724 1203 1774 1258 in
1822 1204 2069 1258 socordia
2097 1212 2153 1258 et
2179 1204 2290 1259 otio
2321 1204 2482 1258 vitam
2512 1204 2828 1271 transigunt,
2859 1204 3121 1261 dicendo:
3154 1206 3387 1261 Ascendi
3426 1208 3649 1264 Jerusaa

377 1300 483 1354 lem
509 1308 566 1353 ut
594 1297 830 1351 viderem
861 1294 1123 1364 Cepham,
1158 1309 1263 1348 non
1289 1303 1574 1349 contentus
1604 1295 1715 1349 sola
1746 1295 1883 1349 fama
1914 1296 2060 1350 illius
2089 1295 2318 1364 virtutis,
2378 1296 2469 1351 sed
2502 1295 2815 1350 desiderans
2846 1295 2960 1365 ejus
2990 1311 3201 1366 quoque
3236 1280 3430 1354 intueri
3458 1300 3649 1356 faciem

380 1380 527 1446 (Cal.
564 1389 657 1458 n);
691 1396 891 1456 quanto
936 1386 1106 1455 magis
1162 1400 1262 1457 ego
1291 1387 1379 1455 qui
1409 1402 1524 1440 sum
1558 1386 2020 1440 innumerabilium
2059 1387 2377 1441 talentorum
2408 1387 2637 1451 debitor,
2666 1384 2822 1440 debui
2853 1386 2954 1440 hoc
2983 1388 3175 1449 facere,
3228 1404 3332 1443 non
3365 1390 3489 1445 illos
3530 1406 3651 1445 san-

377 1474 494 1536 etes
518 1482 775 1537 beneflcio
806 1480 1065 1545 afficiens,
1094 1479 1189 1534 sed
1234 1479 1363 1533 mihi
1394 1479 1660 1547 peceatori
1693 1479 1973 1533 utilitatem
2004 1479 2253 1534 afl‘erens.
2294 1479 2427 1533 Nam
2456 1480 2487 1532 ii
2524 1494 2735 1548 quoque
2772 1480 2859 1548 qui
2890 1478 3105 1533 Patrum
3135 1479 3281 1535 Vitas
3312 1482 3647 1551 conscripse.

380 1579 525 1635 runt,
555 1571 803 1635 Abrahae,
828 1580 883 1624 et
913 1570 1081 1635 Isaac,
1109 1578 1165 1623 et
1187 1568 1368 1635 Jacob,
1401 1578 1455 1623 et
1480 1568 1696 1639 Moysis,
1728 1578 1781 1623 et
1813 1570 1961 1634 Eliae,
1994 1579 2047 1624 et
2075 1569 2314 1633 Joannis,
2352 1580 2406 1624 et
2437 1585 2623 1624 eorum
2670 1570 2760 1638 qui
2806 1570 3060 1642 deinceps
3080 1582 3497 1643 consequuntur,
3540 1590 3647 1629 non

381 1673 667 1716 narrarunt
693 1671 748 1716 ut
776 1676 963 1717 eorum
994 1660 1356 1715 illustraretur
1386 1660 1576 1731 gloria,
1608 1660 1703 1715 sed
1731 1670 1787 1716 ut
1815 1661 2131 1731 prodessent
2160 1662 2226 1716 iis
2252 1662 2340 1732 qui
2366 1677 2455 1716 eas
2480 1661 2741 1732 legerent.

456 1777 579 1832 llaec
605 1792 734 1846 ergo
756 1794 875 1834 cum
905 1779 1066 1843 scias,
1099 1778 1408 1834 fidelissime
1434 1787 1487 1833 et
1512 1777 1760 1845 inprimis
1789 1778 2089 1834 venerande
2131 1778 2329 1833 Christi
2355 1794 2513 1835 serve
2548 1778 2741 1845 Lause,
2760 1779 2986 1849 teipsum
3008 1795 3152 1851 saepe
3171 1782 3489 1852 admonens,
3506 1786 3648 1840 feras

380 1871 643 1937 patienter
664 1878 876 1923 nostras
906 1870 1157 1938 ineptias,
1194 1877 1251 1923 ut
1279 1869 1419 1938 piam
1450 1878 1593 1922 tuam
1624 1876 1856 1923 mentem
1888 1867 2179 1932 custodias,
2206 1867 2292 1921 cui
2318 1877 2507 1923 natura
2530 1876 2616 1924 est
2639 1868 2858 1923 insitum
2883 1879 2939 1923 ut
2966 1869 3191 1925 diversis
3221 1872 3385 1941 vitiis,
3410 1888 3528 1942 quae
3549 1874 3650 1929 sub

379 1970 655 2027 aSpectum
685 1960 883 2015 cadunt
911 1972 967 2015 et
994 1976 1113 2031 quae
1136 1975 1239 2013 non
1270 1960 1489 2026 cadunt,
1522 1969 1770 2028 tanquam
1801 1959 1955 2013 undis
1988 1961 2239 2029 agitetur,
2274 1969 2449 2029 potest
2489 1970 2667 2015 autem
2699 1961 2874 2015 sedari
2905 1961 3016 2015 sola
3046 1972 3298 2030 perpetua
3323 1966 3563 2020 oratione
3590 1976 3646 2019 et

379 2054 589 2122 propria
619 2054 691 2107 tui
723 2053 887 2123 ipsius
908 2068 1058 2109 cura.
1092 2053 1236 2107 Multi
1264 2054 1406 2108 enim
1437 2056 1595 2109 etiam
1625 2069 1689 2107 ex
1723 2052 1972 2107 fratribus
2018 2054 2171 2121 paulo
2194 2053 2641 2122 religiosioribus,
2668 2054 2756 2121 qui
2784 2062 2840 2109 et
2862 2054 2930 2109 de
2975 2056 3377 2110 exercitationis
3417 2064 3468 2111 et
3504 2057 3650 2112 elec-

377 2156 615 2212 mosynaa
644 2141 919 2197 laboribus
957 2142 1055 2197 sibi
1089 2142 1398 2211 placebant,
1430 2153 1483 2196 et
1506 2142 1575 2197 de
1601 2142 1853 2197 caelibatu
1882 2142 2221 2212 perfectaque
2254 2153 2309 2197 et
2341 2143 2581 2198 absoluta
2614 2144 2917 2213 virginitate
2945 2161 3003 2200 se
3040 2146 3332 2215 jactabant,
3357 2159 3406 2201 et
3444 2149 3494 2201 in
3516 2147 3651 2201 divi-

379 2245 571 2285 norum
600 2233 934 2300 eloquiorum
963 2233 1305 2287 meditatione
1340 2232 1576 2285 animum
1604 2232 1953 2287 vehementer
1985 2232 2334 2287 intendebant
2354 2274 2369 2297 ,
2403 2241 2460 2287 et
2489 2249 2666 2288 rerum
2699 2234 2955 2289 bonarum
3014 2234 3291 2303 disciplina
3317 2236 3436 2290 freti
3474 2246 3648 2301 erant,

380 2325 696 2378 aberrarunt
722 2326 790 2380 ab
820 2325 1211 2393 impatibilitate
1234 2324 1417 2395 (Caute
1448 2326 1597 2396 lege),
1642 2326 1942 2379 temerarize
1974 2340 2084 2379 sua:
2110 2324 2391 2379 sententia:
2419 2326 2748 2385 servientes;
2773 2334 2831 2379 ut
2858 2326 2944 2393 qui
2987 2326 3212 2394 alicujus
3241 2327 3442 2382 scilicet
3483 2327 3653 2395 pieta-

380 2421 445 2471 tis
475 2426 737 2485 prretcxtu
778 2417 972 2485 negotii
995 2416 1212 2483 gerendi
1239 2417 1525 2484 cupiditate
1557 2416 1874 2480 laborarent,
1904 2431 1971 2470 ex
2003 2432 2103 2485 qua
2126 2417 2371 2470 oriuntur
2398 2425 2453 2471 et
2482 2415 2698 2485 gerendi
2726 2416 2923 2482 negotii
2954 2416 3130 2470 nimiae
3154 2418 3558 2481 sollicitudines,
3588 2423 3648 2470 et

380 2507 445 2558 ad
472 2506 609 2559 mala
634 2504 840 2575 negotia
862 2504 1023 2560 animi
1046 2505 1451 2574 applicationes,
1476 2520 1605 2574 quas
1626 2514 2022 2573 consequuntur
2043 2520 2185 2559 cura}
2206 2505 2499 2559 alienorum
2524 2506 2858 2576 negotiorum
2881 2520 3000 2577 qua:
3030 2507 3373 2562 honeStorum
3405 2510 3645 2578 negotio-

379 2612 497 2652 rum
529 2612 709 2650 curam
738 2595 973 2650 evellunt
1010 2595 1283 2662 radicitus,
1313 2609 1429 2663 qua:
1458 2604 1541 2650 est
1575 2604 1746 2650 mater
1776 2595 2003 2664 propria:
2028 2594 2110 2648 sui
2133 2594 2298 2662 ipsius
2328 2609 2491 2649 cur.r.

452 2707 577 2761 Esto
605 2720 750 2776 ergo,
783 2721 909 2775 rogo
937 2715 1009 2773 te,
1035 2705 1185 2759 fortis
1207 2706 1258 2758 in
1289 2704 1432 2758 omni
1455 2704 1820 2772 intelligentia,
1848 2718 1953 2757 non
1985 2701 2203 2771 pingues
2226 2711 2278 2755 et
2303 2703 2494 2757 nitidas
2520 2703 2754 2758 efticiens
2783 2703 2995 2759 divitias
3016 2747 3030 2774 ,
3080 2707 3221 2775 quod
3252 2708 3466 2777 quidem
3493 2716 3645 2762 certe

379 2797 576 2866 fecisti,
610 2815 701 2855 eas
729 2801 858 2855 satis
891 2802 1155 2865 minuens,
1177 2798 1531 2867 impertienda
1559 2799 1622 2852 iis
1651 2799 1742 2866 qui
1775 2796 2018 2868 indigent
2044 2815 2054 2850 :
2084 2812 2265 2867 ezeque
2287 2798 2351 2851 ad
2384 2799 2733 2853 exercendam
2756 2800 3007 2854 virtutem
3040 2801 3131 2855 tibi
3147 2802 3293 2856 fuere
3322 2802 3637 2867 ministerio,

377 2903 499 2945 cum
529 2906 628 2946 nec
659 2893 858 2960 impetu
890 2891 1084 2958 aliquo,
1113 2905 1209 2945 nec
1240 2889 1341 2943 ulla
1374 2904 1494 2958 quae
1523 2888 1729 2943 ratione
1755 2897 1963 2942 careret
1992 2889 2390 2957 anticipatione,
2442 2900 2615 2955 neque
2643 2888 2752 2941 ullo
2780 2897 3040 2957 praetextu
3069 2906 3174 2958 quo
3201 2893 3438 2959 placeres
3464 2891 3639 2944 homi-

379 2983 557 3046 nibus,
581 2982 927 3051 jurejurando
957 2980 1257 3050 obligasses
1286 2988 1426 3034 tuam
1456 2980 1675 3034 liberam
1707 2977 1937 3047 eligendi
1962 2978 2309 3042 voluntatem,
2340 2976 2481 3030 sicut
2510 2976 2689 3029 multis
2717 2976 2892 3031 evenit
2917 2977 3239 3043 hominibus,
3270 2977 3359 3047 qui
3384 2992 3502 3031 cum
3528 2993 3631 3032 non

378 3077 693 3133 comedendi
726 3078 809 3131 vel
838 3076 1052 3131 bibendi
1083 3074 1429 3130 contentiosa:
1461 3087 1609 3127 vanae
1639 3071 1821 3140 gloria:
1848 3069 2052 3124 servire
2081 3069 2330 3124 fecissent
2356 3067 2578 3124 liberum
2604 3068 2902 3135 arbitrium,
2927 3070 3241 3123 necessitate
3263 3068 3633 3138 jurisjurandi,

379 3167 430 3220 ei
462 3181 650 3221 rursus
676 3167 1051 3222 miserabiliter
1079 3166 1492 3229 succubuerunt,
1518 3166 1599 3219 vel
1626 3164 1747 3218 vita:
1776 3178 1959 3217 amore
1988 3171 2042 3217 et
2068 3162 2298 3231 ignavia,
2328 3161 2413 3215 vel
2440 3160 2806 3216 imbecillitate
2837 3162 3094 3226 corporis,
3124 3162 3206 3216 vel
3228 3163 3515 3232 cupiditate
3538 3163 3634 3216 ali-

377 3261 528 3329 cujus
577 3261 864 3328 voluptatis
920 3261 1217 3330 perjurium
1268 3263 1553 3329 patientes.
1601 3258 1656 3312 Si
1710 3272 1836 3326 ergo
1883 3265 1936 3309 et
1962 3254 2170 3310 ratione
2212 3254 2516 3323 participes,
2572 3263 2627 3308 et
2664 3255 2868 3307 ratione
2894 3254 3181 3316 abstineas,
3217 3270 3480 3322 nunquam
3512 3269 3635 3323 pec-

377 3350 543 3404 cabis.
580 3350 765 3404 Divina
799 3359 882 3402 est
926 3350 1068 3403 enim
1118 3350 1171 3401 in
1222 3348 1378 3402 nobis
1441 3346 1597 3409 ratio,
1646 3359 1764 3415 quae
1794 3344 1859 3398 ab
1888 3344 1953 3397 iis
2004 3359 2124 3412 qua:
2173 3344 2379 3397 suntin
2437 3344 2589 3399 nobis
2634 3344 3010 3398 monitionibus
3059 3347 3373 3399 exterminat
3423 3345 3636 3413 quidem

376 3455 435 3494 ea
460 3455 576 3508 quae
604 3449 727 3494 sunt
756 3439 934 3504 noxia,
963 3440 1185 3493 assumit
1209 3448 1387 3491 autem
1414 3451 1474 3490 ea
1526 3450 1642 3504 quae
1669 3444 1790 3489 sunt
1815 3432 1982 3487 utilia.
2010 3432 2163 3487 Justo
2191 3433 2354 3497 enim,
2382 3434 2569 3503 inquit,
2606 3433 2687 3487 lex
2708 3448 2811 3485 non
2829 3440 2911 3487 est
2936 3434 3101 3501 posita
3126 3432 3171 3500 (Ι
3194 3434 3325 3486 Tim.
3344 3434 3402 3502 ι).
3457 3435 3638 3488 Melius

375 3540 457 3585 est
484 3544 609 3600 ergo
638 3532 818 3584 vinum
854 3529 1039 3584 bibere
1069 3543 1188 3582 cum
1240 3526 1449 3580 ratione
1479 3569 1492 3592 ,
1524 3539 1681 3594 quam
1734 3538 1922 3593 aquam
1955 3538 2078 3577 cum
2121 3522 2259 3577 fastu
2288 3530 2341 3576 et
2370 3522 2640 3591 superbia.
2689 3526 2860 3591 Atque
2901 3522 3029 3576 mihi
3059 3523 3270 3591 quidem
3319 3524 3514 3591 aspice,
3544 3540 3639 3579 eos

376 3621 464 3688 qui
497 3636 615 3675 cum
646 3621 854 3673 ratione
888 3618 1098 3686 pietatis
1123 3632 1184 3669 ac
1208 3615 1479 3683 religionis
1510 3615 1687 3666 vinum
1722 3613 1907 3666 bibunt
1935 3626 2054 3666 esse
2080 3611 2223 3664 viros
2250 3619 2496 3672 sanctos;
2564 3607 2679 3668 'cos
2751 3619 2933 3669 autem
3004 3613 3097 3682 qui
3165 3610 3557 3667 inconsiderate
3586 3624 3639 3668 et

379 3710 513 3762 citra
543 3709 802 3763 rationem
834 3722 952 3761 cum
985 3708 1286 3775 arrogantia
1316 3719 1505 3773 aquam
1536 3703 1807 3768 biberunt,
1842 3716 1963 3757 esae
1994 3702 2237 3756 homines
2267 3702 2517 3770 profanos
2542 3709 2596 3755 et
2626 3709 2925 3769 corruptos.
2954 3700 3020 3755 Et
3050 3716 3146 3756 nec
3172 3704 3408 3767 amplius
3438 3715 3641 3774 Vitupe-

377 3807 463 3851 res
490 3806 579 3849 aut
602 3796 783 3850 laudes
814 3794 1088 3849 materiam
1120 3794 1222 3849 cibi
1248 3802 1337 3847 aut
1368 3804 1544 3863 potus,
1588 3792 1683 3847 sed
1732 3793 1940 3848 beatam
1975 3792 2057 3846 vel
2090 3794 2338 3847 miseram
2381 3792 2591 3860 judices
2616 3802 2846 3848 mentem
2872 3806 3053 3847 eorum
3085 3794 3173 3860 qui
3205 3804 3348 3849 reete
3377 3796 3461 3851 vel
3494 3798 3635 3853 male

377 3894 597 3941 utuntur
628 3884 868 3937 materia.
897 3883 1035 3937 Bibit
1062 3883 1345 3951 aliquando
1372 3884 1573 3952 Joseph
1604 3884 1782 3938 vinum
1814 3882 1951 3951 apud
1985 3882 2282 3953 Egyptios,
2320 3882 2412 3937 sed
2442 3897 2547 3936 non
2578 3882 2673 3935 fuit
2701 3891 2877 3938 mente
2918 3883 3107 3950 laesus;
3140 3895 3254 3938 erat
3285 3888 3425 3941 enim
3448 3889 3629 3943 animo

378 3981 633 4035 munitus.
664 3977 868 4047 Aquam
901 3986 1076 4031 autem
1104 3977 1353 4031 biberunt
1376 3977 1706 4048 Pythagoras
1737 3987 1789 4030 et
1819 3976 2084 4045 Diogenes
2116 3984 2167 4029 et
2196 3976 2369 4037 Plato,
2421 3975 2558 4029 inter
2607 3990 2739 4044 quos
2767 3976 2925 4030 etiam
2974 3977 3247 4032 Manichaai
3314 3988 3368 4033 et
3403 3979 3642 4048 reliquus

378 4080 548 4124 matus
578 4050 943 4137 theolo‘gorum
976 4067 1440 4135 philosophorum,
1465 4080 1520 4121 et
1546 4081 1611 4121 eo
1641 4082 1792 4120 vana:
1832 4081 1923 4121 eos
1960 4066 2207 4135 perduxit
2252 4066 2518 4135 opinionis
2566 4066 2993 4134 intemperantia,
3027 4079 3083 4122 ut
3112 4070 3285 4139 ipsum
3326 4072 3487 4126 Deum
3516 4088 3637 4127 unt-

379 4173 649 4212 vrrsorum
680 4156 981 4212 effectorem
1028 4156 1352 4225 ignorarent,
1382 4165 1434 4210 et
1464 4156 1695 4210 inanima
1727 4155 2008 4210 simulacra
2040 4155 2341 4209 adorarent.
2380 4154 2541 4209 Usum
2564 4155 2671 4208 vini
2723 4155 3008 4227 tetigerunt
3054 4158 3089 4211 ii
3121 4175 3351 4228 quoque,
3386 4163 3474 4228 qui
3506 4177 3625 4216 cum

379 4254 532 4308 beato
563 4250 719 4304 Petro
750 4248 992 4319 apostolo
1018 4261 1169 4302 erant
1192 4246 1460 4317 discipuli,
1509 4246 1644 4301 adeo
1672 4255 1731 4301 ut
1777 4246 1874 4315 ipsi
1910 4246 2135 4300 Domino
2162 4255 2213 4300 et
2261 4260 2447 4299 eorum
2479 4246 2747 4314 magistro,
2793 4246 3027 4302 omnium
3060 4258 3235 4303 autem
3266 4250 3538 4306 Servatori
3584 4253 3637 4308 id

382 4343 579 4412 probro
606 4340 823 4395 daretur
852 4336 1063 4407 (Matth.
1096 4338 1195 4401 ιι),
1220 4336 1290 4391 ob
1319 4337 1780 4406 participationem
1810 4338 2206 4406 increpantibus
2246 4336 2465 4403 Judaais,
2494 4347 2544 4391 et
2572 4339 2869 4392 dicentibus
2912 4355 2928 4393 :
2956 4340 3129 4407 Quare
3159 4342 3402 4409 discipuli
3426 4344 3497 4398 tui
3530 4361 3637 4401 non

377 4430 640 4501 jejunant,
670 4429 806 4483 sicut
832 4427 1051 4482 Joannis
1084 4428 1330 4497 discipuli
1359 4427 1549 4497 (Marc.
1578 4427 1676 4497 tt)?
1709 4428 1774 4482 Et
1800 4443 1981 4482 rursus
2008 4429 2337 4483 insultabant
2364 4428 2657 4497 discipulis,
2687 4440 2741 4484 et
2771 4433 3150 4499 exprobrantes
3178 4434 3425 4490 dicebant
3461 4439 3636 4493 incre-

383 4523 494 4577 duli
531 4539 544 4575 :
574 4522 825 4592 Magister
852 4534 1029 4577 vester
1058 4538 1177 4577 cum
1210 4522 1506 4589 publicanis
1535 4530 1589 4577 et
1617 4522 1983 4591 peccatoribus
2013 4521 2248 4577 comedit
2277 4530 2330 4576 et
2356 4522 2487 4577 bibit
2513 4522 2692 4590 (Luca:
2722 4526 2795 4591 v).
2830 4526 2902 4579 De
2934 4541 3068 4595 pane
3092 4537 3267 4582 autem
3297 4541 3347 4584 et
3374 4545 3507 4600 aqua
3536 4547 3641 4589 non

378 4616 882 4682 reprehendissent,
911 4615 1011 4668 nisi
1039 4614 1103 4668 de
1134 4614 1359 4669 obsonio
1389 4623 1442 4667 et
1472 4614 1595 4667 vino
1631 4614 1857 4679 scilicet,
1888 4613 1922 4668 ii
1952 4614 2039 4682 qui
2072 4614 2177 4667 vini
2208 4613 2418 4680 quidem
2451 4616 2715 4681 potionem
2742 4617 3062 4684 vituperant,
3088 4633 3239 4688 aquae.
3271 4637 3396 4675 vero
3428 4624 3641 4678 Iuniani

377 4715 432 4760 ct
458 4705 812 4767 admirantur.
845 4704 1151 4771 Respondet
1182 4714 1356 4756 autem
1392 4703 1646 4757 Servator
1676 4703 1916 4770 pulchre,
1950 4704 2175 4758 dicens:
2208 4702 2362 4758 Venit
2388 4703 2621 4758 Joannes
2646 4704 2697 4757 in
2729 4706 2809 4757 via
2838 4706 3075 4773 justitiae,
3131 4723 3302 4776 neque
3330 4712 3636 4777 comedens,

378 4813 477 4854 nec
506 4796 717 4864 bibens,
762 4812 977 4851 carnem
1005 4797 1212 4851 scilicet
1239 4805 1293 4850 et
1317 4795 1518 4860 vinum,
1552 4812 1672 4849 nam
1708 4797 1908 4865 absque
1936 4797 2055 4851 aliis
2097 4812 2200 4851 non
2232 4797 2485 4863 potuisset
2514 4804 2713 4862 vivere,
2744 4808 2798 4852 et
2827 4800 3005 4854 dicunt
3031 4817 3045 4854 :
3082 4802 3406 4855 Daemortium
3453 4803 3637 4859 habet.

378 4891 533 4945 Venit
566 4891 726 4943 Filius
750 4891 979 4942 hominis
1006 4889 1291 4943 comedens
1320 4897 1373 4941 et
1405 4888 1611 4952 bibens,
1642 4897 1692 4941 et
1722 4888 1901 4941 dicunt
1926 4905 1937 4937 :
1976 4889 2111 4941 Ecce
2141 4889 2301 4943 homo
2330 4905 2493 4944 vorax
2523 4900 2576 4944 et
2600 4892 2705 4944 vini
2759 4903 2909 4959 potor
2938 4934 2953 4955 ,
2985 4893 3186 4945 amicus
3231 4893 3629 4959 publicanorum

381 4995 429 5035 ct
463 4992 796 5049 peccatorum
830 4978 1044 5052 (Matth.
1079 4981 1180 5049 xi),
1218 4987 1501 5048 propterea
1539 4984 1675 5047 quod
1706 4978 1949 5032 comedat
1988 4988 2041 5034 et
2070 4979 2234 5035 bibat.
2266 4981 2398 5048 Quid
2433 4998 2530 5035 nos
2560 4997 2686 5052 ergo
2713 4981 3001 5037 faciemus?
3023 4982 3130 5037 Nec
3177 4998 3269 5036 eos
3313 4985 3400 5054 qui
3432 4988 3638 5056 vitupe-

384 5083 506 5126 rant
537 5087 838 5140 sequamur,
873 5084 971 5125 nec
1000 5086 1092 5124 eos
1123 5072 1213 5140 qui
1246 5072 1478 5127 laudant.
1512 5073 1616 5128 Sed
1650 5074 1732 5128 vel
1763 5088 1882 5127 cum
1912 5074 2117 5130 Joanne
2160 5077 2363 5130 ratione
2389 5075 2718 5145 jejunemus,
2749 5077 2956 5130 etiamsi
3009 5077 3160 5130 nobis
3208 5077 3387 5131 dicant
3414 5079 3585 5136 Juda-i
3625 5112 3639 5147 ε

379 5162 704 5215 Da‘monium
736 5160 974 5227 habetis;
1001 5161 1086 5215 vel
1113 5175 1232 5215 cum
1264 5162 1387 5217 Jesu
1419 5164 1688 5228 sapienter
1713 5152 1894 5217 vinum
1929 5164 2195 5232 bibamus,
2241 5165 2287 5219 si
2318 5179 2511 5232 corpus
2540 5165 2792 5234 indigeat,
2846 5166 3005 5219 etiam
3048 5165 3092 5219 si
3151 5168 3304 5223 nobis
3357 5168 3585 5225 dixerint
3616 5190 3628 5224 :

380 5253 515 5305 Ecce
564 5251 806 5306 homines
853 5266 1074 5305 voraces
1119 5263 1173 5306 et
1202 5252 1306 5306 vini
1340 5262 1574 5322 potores.
1622 5255 1801 5323 Neque
1849 5258 1991 5310 enim
2019 5270 2205 5309 revera
2239 5271 2358 5310 esca
2387 5267 2466 5309 est
2498 5257 2720 5325 aliquid,
2752 5273 2851 5311 nec
2893 5267 3066 5326 potus,
3099 5259 3191 5313 sed
3227 5261 3358 5315 fides
3387 5277 3502 5330 quae
3534 5278 3629 5331 per

377 5346 689 5400 charitatem
718 5344 1022 5399 extenditur
1050 5347 1321 5414 operibus.
1369 5346 1499 5400 Cum
1532 5348 1672 5400 enim
1704 5364 1919 5402 omnem
1948 5349 2210 5403 actionem
2261 5347 2389 5402 ﬁdes
2429 5348 2583 5403 fuerit
2614 5360 2920 5417 consecuta,
2953 5353 3291 5407 condemnari
3327 5369 3427 5409 non
3458 5367 3631 5418 potest

378 5437 467 5505 qui
490 5436 717 5490 comedit
739 5444 793 5489 et
822 5435 974 5502 bibit,
1004 5445 1216 5506 propter
1239 5437 1417 5492 fidem.
1437 5438 1698 5507 Quidquid
1727 5440 1870 5492 enim
1902 5453 2006 5492 non
2038 5445 2122 5493 est
2150 5454 2213 5491 ex
2248 5438 2371 5498 fide.
2397 5449 2667 5505 peccatum
2697 5441 2897 5512 est(fio
2918 5459 2968 5493 it.
3003 5442 3131 5513 χιιι).
3166 5445 3268 5499 Sed
3293 5447 3501 5513 quando
3532 5448 3632 5500 ali-

379 5530 498 5597 quis
526 5543 590 5581 ex
619 5526 990 5594 voluptuariis,
1024 5527 1107 5582 vel
1133 5542 1196 5582 ex
1224 5526 1290 5580 iis
1317 5527 1403 5596 qui
1434 5526 1706 5597 quodlibet
1733 5528 1873 5582 aliud
1900 5538 2139 5596 peccant,
2173 5528 2300 5583 dicit
2329 5545 2342 5582 :
2370 5528 2497 5583 Fide
2529 5530 2805 5599 participo,
2830 5532 2917 5586 vel
2939 5532 3135 5601 aliquid
3165 5535 3306 5587 aliud
3338 5548 3460 5603 ago,
3490 5551 3519 5588 a
3546 5550 3631 5589 ra-

379 5620 529 5676 tione
557 5619 729 5673 aliena
761 5618 1073 5685 cupiditate,
1108 5619 1192 5674 vel
1217 5626 1463 5687 corrupta
1492 5618 1814 5673 conscientia
1844 5618 2076 5673 innitens
2103 5618 2246 5683 fidei,
2280 5618 2494 5673 labitur.
2523 5619 2778 5675 Servator
2807 5620 2947 5676 enim
2993 5622 3252 5690 distinxit,
3299 5624 3482 5678 dicens
3519 5643 3534 5679 :
3583 5625 3629 5681 A

379 5711 638 5767 fructibus
670 5712 906 5779 ipsorum
938 5711 1275 5781 cognoscetis
1300 5726 1394 5766 eos
1448 5709 1665 5781 (Matth.
1700 5711 1819 5780 vn).
1852 5708 2002 5779 Quod
2051 5720 2230 5765 autem
2263 5710 2465 5766 fruetus
2495 5727 2681 5767 eorum
2707 5729 2793 5783 qtu
2843 5713 3019 5767 divina
3055 5713 3258 5768 ratione
3289 5716 3445 5768 vitam
3476 5716 3642 5771 insti-

380 5815 534 5864 tuuut
560 5814 613 5861 et
642 5805 865 5875 spiritali
899 5806 1258 5877 intelligentia,
1307 5805 1398 5873 sit,
1436 5820 1496 5859 ex
1534 5803 1695 5860 divini
1718 5802 1951 5873 Apostoli
1996 5803 2276 5871 sententia,
2305 5803 2555 5871 Charitas,
2588 5813 2638 5859 et
2672 5803 2942 5871 gaudium,
2973 5811 3023 5856 et
3059 5818 3179 5871 pax,
3230 5814 3284 5858 et
3328 5803 3638 5875 longanimi-
