4020 6432
478 416 619 476 10οἻ
1952 417 2037 472 PA

2142 419 2282 473 ADII
3625 435 3757 493 1008

487 529 938 631 tas,benignitas,
959 533 1191 631 bonitas,
1221 537 1374 607 lldes,
1408 542 1783 610 mansuetudo,
1815 546 2163 614 continentia,
2194 548 2410 605 castitas
2435 550 2577 621 (Gal.
2603 552 2683 622 v),
2714 560 2796 607 est
2816 560 2971 607 extra
2999 552 3441 610 controversiam.
3472 553 3592 624 Ipse
3610 555 3755 611 enim

486 618 621 717 dixit
648 618 832 717 beatus
861 621 1059 680 Paulus
1086 643 1099 678 :
1132 626 1358 682 Fructus
1398 641 1574 686 autem
1621 632 1853 701 Spiritus
1883 646 1965 691 est
1996 638 2096 693 hoc
2124 648 2177 696 et
2226 640 2346 696 hoc.
2380 618 2531 710 Quod
2564 618 2740 698 autem
2784 644 2874 713 qui
2915 644 3093 699 studet
3125 646 3257 700 tales
3288 644 3482 700 habere
3496 618 3753 710 Iruetus,

477 714 614 804 citra
643 714 903 768 rationem
931 725 1022 770 aut
1045 716 1462 787 inconsiderate,
1495 724 1997 795 aut‘intempestive
2049 743 2157 784 non
2199 733 2444 787 comedet
2494 747 2706 800 carnes,
2740 749 2838 789 nec
2883 732 3027 788 bibet
3058 734 3261 796 vinum.
3296 750 3470 804 neque
3492 749 3618 789 cum
3650 736 3755 789 ulla

482 802 621 897 mala
645 804 978 862 cohabitabit
996 810 1338 867 conscientia.
1368 812 1572 871 Rursus
1594 816 1728 872 dixit
1751 818 1890 873 idem
1911 819 2097 875 beatus
2123 820 2319 877 Paulus
2341 842 2354 877 :
2374 824 2558 878 Omnis
2572 826 2661 894 qui
2675 827 2922 880 certatab
2938 826 3187 882 omnibus
3204 802 3429 882 abstinet
3443 824 3498 897 (Ι
3511 826 3636 882 Cor.
3655 827 3750 895 Ix).

477 893 611 947 Cum
639 908 767 949 sana
799 898 1013 966 quidem
1054 908 1136 954 est
1164 915 1310 970 caro,
1344 903 1619 961 abstinens
1647 907 1715 963 ab
1744 910 1810 964 iis
1837 926 1955 979 quze
1988 912 2411 979 pinguelaciunt;
2444 893 2657 985 quodsi
2680 916 2751 969 sit
2791 930 2932 985 aegra
2960 918 3043 971 vel
3078 932 3310 971 moerere
3339 893 3607 985 conlecta,
3662 893 3751 971 vel

480 988 662 1079 aliquo
692 1003 819 1044 casu
850 991 1071 1059 amicta,
1105 1003 1231 1048 tunc
1258 1005 1437 1051 utetur
1464 999 1677 1067 quidem
1706 1001 1786 1055 vel
1815 1003 1935 1058 cibo
1964 1004 2047 1058 vel
2078 1005 2292 1072 potione
2321 1015 2571 1076 tanquam
2597 1006 3011 1074 medicamento,
3037 1008 3103 1062 ad
3130 1023 3190 1062 ea
3223 1007 3457 1061 curanda
3486 1023 3612 1079 quae
3640 1022 3755 1063 Ino-

482 1077 691 1132 lestiam
716 1079 963 1135 aII'erunt.
996 1082 1299 1139 Abstinebit
1326 1096 1503 1141 autem
1531 1090 1601 1144 ab
1626 1088 1690 1143 iis
1716 1104 1837 1160 quae
1865 1100 1989 1147 sunt
2017 1092 2209 1150 animae
2248 1098 2428 1162 noxia,
2460 1097 2537 1152 ira
2567 1105 2623 1152 et
2651 1097 2872 1165 invidia,
2901 1112 3040 1154 vana
3083 1099 3274 1170 gloria,
3306 1077 3525 1154 tristitia
3573 1110 3634 1155 et
3661 1102 3754 1156 de-

488 1170 768 1235 tractione,
792 1173 1038 1241 superbia
1070 1184 1127 1228 et
1149 1175 1399 1241 elatione,
1431 1176 1543 1233 Deo
1567 1194 1729 1246 agens
1755 1182 1973 1251 gratias.

545 1259 677 1315 Cum
707 1263 772 1317 de
798 1263 880 1318 his
922 1264 1101 1335 itaque
1128 1267 1261 1321 satis
1292 1268 1660 1337 disseruerim,
1695 1282 1797 1327 tuae
1835 1286 2020 1328 rursus
2069 1272 2327 1332 docilitati
2355 1275 2517 1331 aliam
2565 1277 2730 1333 all‘ero
2759 1277 3209 1333 adhortationem.
3242 1278 3389 1348 Fuge
3418 1293 3513 1348 pro
3542 1277 3749 1333 viribus

478 1366 665 1406 eorum
698 1356 935 1410 virorum
964 1359 1368 1425 congressiones
1398 1361 1490 1429 qui
1534 1362 1739 1417 nullam
1797 1363 1995 1419 habent
2035 1367 2355 1432 utilitatem,
2402 1375 2457 1424 et
2489 1366 2679 1436 pellem
2728 1378 2989 1423 exornant
3034 1370 3192 1423 aliter
3239 1384 3403 1438 quam
3460 1369 3749 1422 conveniat

470 1443 679 1500 etiamsi
728 1447 832 1501 sint
860 1449 1166 1517 orthodoxi,
1196 1468 1300 1507 non
1325 1454 1497 1508 solum
1531 1456 1787 1522 haeretici,
1817 1466 1870 1511 et
1895 1457 2096 1512 laedunt
2120 1458 2412 1528 hypocrisi,
2441 1460 2648 1515 etiamsi
2677 1474 2812 1515 cano
2839 1461 3013 1531 capite
3034 1471 3085 1516 et
3116 1468 3399 1529 corrugata
3429 1458 3608 1515 fronte
3639 1475 3747 1529 pra:

468 1549 528 1589 se
555 1534 729 1591 {erant
758 1539 1142 1608 longitudinem
1175 1545 1454 1614 temporis.
1487 1545 1619 1601 Nam
1650 1558 1707 1601 ut
1735 1558 1952 1618 propter
1980 1564 2159 1605 mores
2184 1564 2474 1619 generosos
2501 1551 2569 1606 ab
2592 1553 2669 1608 eis
2696 1552 2827 1607 nihil
2857 1552 3089 1617 laedaris,
3121 1553 3173 1607 id
3198 1563 3344 1609 certe
3366 1554 3506 1622 quod
3532 1553 3746 1611 videtur

472 1643 595 1683 esse
623 1631 903 1687 minimum
934 1642 984 1688 te
1031 1636 1309 1694 sauciabit.
1344 1638 1586 1695 Insolens
1613 1640 1754 1695 enim
1808 1641 2077 1708 redditus,
2112 1642 2292 1697 animo
2319 1642 2590 1710 eﬂ'ereris,
2624 1659 2717 1699 eos
2744 1643 2996 1701 irridens.
3023 1644 3176 1712 Quod
3217 1644 3431 1713 quidem
3458 1645 3552 1699 tibi
3582 1648 3744 1702 detri-

467 1732 702 1777 mentum
733 1724 942 1792 all‘eret,
979 1737 1035 1781 ut
1060 1728 1151 1796 qui
1183 1728 1236 1782 in
1264 1728 1570 1796 superbiam
1601 1727 1873 1783 incideris.
1952 1727 2037 1799 Su]

2202 1724 2437 1781 lucidam
2509 1738 2691 1787 autem
2756 1730 3044 1789 fenestram
3076 1748 3397 1803 persequere
3421 1744 3479 1791 et
3502 1737 3739 1792 virorum

466 1819 523 1864 et
551 1814 831 1868 mulierum
866 1825 1078 1871 sanctas
1106 1818 1538 1887 congressiones,
1566 1828 1625 1874 ut
1657 1834 1753 1889 per
1778 1834 1962 1876 eorum
2010 1821 2172 1876 veluti
2220 1821 2486 1878 subtiliter
2512 1824 2768 1893 scriptum
2801 1823 2995 1878 librum
3034 1825 3207 1894 possis
3228 1835 3377 1882 tuum
3423 1842 3515 1883 cor
3556 1841 3741 1897 aperte

467 1903 675 1971 videre,
699 1914 755 1961 et
775 1921 870 1975 per
891 1908 1229 1964 collationem
1258 1911 1485 1981 probare
1513 1914 1815 1969 socordiam
1846 1923 1989 1970 tuam
2022 1916 2105 1994 vel
2133 1916 2491 1985 diligentiam.
2524 1914 2681 1970 Multa
2712 1914 2856 1970 enim
2884 1924 3009 1969 sunt
3034 1931 3152 1984 qua:
3179 1916 3425 1986 probitati
3456 1918 3636 1973 ferunt
3657 1928 3737 1973 te-

466 1998 779 2053 stimonium
808 2016 822 2052 :
854 2000 1006 2055 color
1036 2002 1212 2057 vultus
1244 2004 1332 2071 qui
1364 2005 1415 2058 in
1446 2019 1506 2059 ea
1537 2006 1647 2060 vita
1679 2022 1799 2075 quae
1830 2007 2038 2075 degitur
2068 2007 2381 2075 efﬂorescit,
2411 2017 2467 2063 et
2492 2008 2721 2062 vestium
2754 2015 2995 2073 ornatus,
3023 2016 3079 2062 et
3127 2021 3303 2062 mores
3329 2011 3634 2077 compositi,
3685 2021 3735 2066 et

472 2090 736 2146 modestia
767 2093 1044 2160 orationis,
1076 2104 1129 2149 et
1160 2094 1322 2150 verba
1352 2111 1457 2150 non
1487 2097 1755 2166 exquisita
1787 2107 1840 2154 et
1887 2097 2152 2164 atl‘ectata,
2184 2098 2402 2169 elegans
2431 2100 2721 2165 sententia,
2750 2098 2978 2168 cogitata
3006 2112 3269 2167 sensaque
3299 2099 3583 2166 sapientia.
3628 2102 3735 2155 Do-

465 2182 641 2236 minus
671 2191 846 2239 autem
876 2186 1019 2241 vires
1050 2186 1197 2241 dabit
1227 2197 1329 2242 tua:
1382 2189 1803 2255 mansuetudini,
1836 2199 1893 2243 et
1938 2190 2189 2245 omnibus
2234 2192 2321 2260 qui
2351 2201 2645 2260 sequuntur
2672 2205 2889 2260 scopum
2922 2192 3155 2261 pietatis,
3183 2193 3395 2248 etiamsi
3421 2193 3504 2247 vel
3530 2193 3731 2250 desidia

465 2271 549 2325 vel
583 2286 711 2327 casu
740 2274 942 2344 aliquid
972 2276 1251 2333 acciderit.
1281 2279 1523 2335 Amictus
1548 2280 1716 2349 enim,
1753 2290 1807 2337 et
1834 2295 2050 2351 gressus
2074 2282 2246 2350 pedis,
2276 2290 2331 2337 et
2354 2281 2498 2338 risus
2527 2282 2767 2338 dentium
2796 2284 3133 2341 annuntiabit
3154 2284 3222 2341 de
3248 2284 3390 2353 ipso,
3416 2293 3475 2339 ut
3494 2286 3570 2341 ait
3593 2285 3719 2341 Pro-

466 2365 709 2421 verbium
741 2367 966 2439 (Eccles.
998 2369 1079 2441 x).

534 2455 800 2528 Incipiens
832 2459 1011 2531 itaque
1043 2461 1141 2517 tibi
1165 2477 1385 2520 narrare
1407 2465 1571 2521 vitam
1599 2475 1908 2522 sanctorum
1938 2467 2177 2535 Patrum,
2208 2482 2384 2537 neque
2414 2482 2507 2522 eos
2534 2470 2623 2538 qui
2654 2477 2776 2524 sunt
2802 2468 2855 2523 in
2904 2469 3144 2535 urbibus,
3176 2469 3261 2525 vel
3290 2467 3444 2533 vicis,
3482 2466 3573 2522 vel
3604 2480 3727 2535 spe-

459 2545 656 2615 luncis,
688 2550 771 2606 vel
801 2551 1180 2610 solitudinibus
1209 2555 1305 2611 tibi
1329 2555 1518 2628 ignoti,
1551 2559 1956 2627 praetermittam
1981 2560 2260 2624 oratione;
2292 2557 2551 2628 adjiciens
2578 2572 2672 2614 eos
2700 2558 2863 2613 etiam
2884 2560 2973 2629 qui
2994 2566 3120 2614 sunt
3158 2558 3211 2614 in
3235 2556 3515 2614 coenobiis.
3548 2555 3726 2626 Neque

461 2641 606 2696 enim
637 2642 784 2698 locus
813 2646 1073 2715 quaeritur
1103 2646 1159 2703 in
1189 2662 1297 2718 quo
1322 2661 1383 2705 se
1413 2660 1558 2706 recte
1586 2658 1640 2706 et
1663 2665 1729 2710 ex
1754 2652 1953 2709 virtute
1976 2660 2282 2723 gesserunt,
2314 2650 2409 2709 sed
2432 2650 2621 2707 modus
2650 2660 2811 2707 rectm
2839 2664 3028 2707 eorum
3058 2649 3424 2713 institutionis,
3451 2662 3546 2718 per
3574 2659 3725 2715 quam

461 2728 659 2789 Christi
688 2735 886 2793 auxilio
915 2736 1075 2794 vitam
1106 2746 1330 2809 egerunt
1351 2741 1663 2813 angelicam.

978 3366 1203 3424 CAPUT
1233 3366 1521 3423 PRIMUM.

679 3488 796 3555 Vita
826 3498 1015 3556 Isidori
1045 3501 1125 3573 (I)
1148 3500 1426 3573 presbyteri
1449 3509 1497 3556 et
1517 3500 1821 3556 zenodoclti.

528 3617 661 3675 Cum
690 3632 817 3689 ergo
839 3617 1066 3688 primum
1094 3617 1360 3673 venissem
1385 3618 1437 3672 in
1465 3616 1883 3673 Alexandrinam
1910 3617 2040 3673 civi-

460 3718 650 3777 tatem,
675 3711 912 3767 secundo
937 3712 1214 3766 consulatu
1234 3709 1521 3766 Theodosii
1552 3710 1725 3779 magni
1756 3710 2044 3779 imperato-

460 3802 557 3870 ris,
590 3803 678 3873 qui
706 3811 922 3872 propter
950 3814 1098 3856 suam
1132 3810 1329 3857 rectam
1358 3801 1410 3855 in
1426 3800 1699 3855 Christum
1725 3800 1881 3855 [idem
1902 3815 2042 3856 nunc

386 3916 389 3917 '
459 3905 547 3954 est
574 3912 695 3952 cum
725 3894 953 3964 angelis,
1007 3894 1059 3949 in
1092 3894 1204 3963 ipsa
1237 3892 1455 3949 civitate
1486 3892 1644 3948 incidi
1675 3892 1727 3947 in
1758 3892 2040 3963 quemdam

456 3987 634 4043 virum
656 3986 1047 4052 admirandum,
1081 3994 1135 4039 et
1165 3983 1312 4038 omni
1344 3999 1408 4039 ex
1436 3992 1587 4054 parte
1616 3993 1892 4051 ornatum,
1926 3998 2042 4038 ser-

458 4093 643 4145 mone,
674 4078 932 4146 moribus,
966 4084 1019 4131 et
1065 4076 1305 4142 scientia,
1352 4090 1546 4143 nempe
1600 4074 1885 4141 lsidorum,
1946 4075 2039 4143 qui

457 4178 649 4226 eratet
679 4169 955 4239 presbyter
984 4175 1039 4222 et
1084 4167 1431 4223 xenodochus
1461 4165 1832 4221 Alexandrinae
1864 4167 2041 4222 eccle-

456 4260 574 4313 siae.
605 4258 654 4313 Is
681 4258 959 4313 dicebatur
985 4258 1152 4326 prima
1181 4258 1395 4327 quidem
1422 4258 1702 4325 iuventute
1732 4272 1954 4311 versans
1984 4256 2038 4310 in

458 4349 768 4415 solitudine,
802 4350 1074 4419 peregisse
1103 4348 1401 4405 certamina
1428 4347 1844 4403 exercitationis.
1874 4347 2041 4417 Cujus

458 4439 621 4495 etiam
643 4439 834 4494 cellam
864 4438 976 4493 vidi
993 4454 1090 4508 ego
1116 4439 1168 4493 in
1192 4448 1372 4494 monte
1391 4438 1605 4493 Nitriazz
1638 4438 1833 4493 ol'l'endi
1861 4447 2039 4493 autem

455 4546 579 4587 eum
608 4546 788 4586 senem
819 4532 1153 4601 septuaginta
1200 4546 1371 4586 annos
1420 4540 1638 4598 natum;
1688 4531 1779 4602 qui
1809 4547 1929 4586 cum
1962 4532 2040 4586 vi-

457 4624 627 4681 xisset
654 4624 787 4679 alios
816 4623 1116 4693 quindecim
1140 4638 1329 4687 annos,
1360 4625 1410 4677 in
1440 4638 1569 4692 pace
1599 4623 1749 4678 obiit.
1788 4623 1883 4678 llic
1909 4638 2035 4677 san-

2073 3351 2122 3411 Α
2152 3357 2375 3417 matum,
2407 3349 2636 3406 utetiam
2666 3349 2859 3419 in‘ipso
2874 3348 3115 3405 convivio
3139 3350 3271 3405 hora
3299 3349 3454 3408 solita
3478 3350 3690 3407 refectio-

2149 3442 2233 3496 nis
2248 3439 2472 3494 fratrum
2486 3439 2656 3495 sancti
2672 3439 2828 3508 hujus
2847 3439 2998 3495 ﬂeret
3020 3439 3214 3495 mentis
3227 3456 3488 3502 excessus,
3508 3449 3681 3493 mutus-

2147 3546 2252 3602 que
2271 3531 2522 3587 evaderet
2542 3531 2656 3599 ipse
2684 3539 2741 3586 et
2767 3532 3196 3600 obstupesceret;
3223 3542 3276 3587 et
3300 3547 3418 3588 cum
3442 3539 3676 3601 rogaretur

2148 3630 2205 3677 ut
2226 3636 2343 3691 quae
2362 3621 2414 3676 in
2428 3635 2653 3677 excessu
2675 3630 2964 3677 evenerant
2980 3632 3243 3688 narraret,
3259 3624 3495 3679 diceret:
3530 3623 3677 3678 Mente

2147 3729 2264 3784 sum
2312 3715 2684 3785 peregrinatus
2713 3713 2781 3769 ab
2802 3713 2975 3783 aliqua
3019 3723 3199 3783 raptus
3248 3713 3683 3782 contemplatione.

2146 3806 2269 3863 Scio
2292 3821 2391 3877 ego
2420 3822 2541 3861 eum
2571 3821 2713 3876 smpe
2737 3807 2789 3861 in
2819 3821 2999 3862 mensa
3032 3807 3191 3862 luisse
3232 3808 3604 3877 lacrymatnm;
3653 3812 3698 3857 et

2146 3912 2266 3953 cum
2295 3907 2572 3967 rogaretur
2594 3912 2809 3953 causam
2851 3913 2946 3953 cur
2974 3906 3117 3953 esset
3145 3898 3491 3969 lacrymatus,
3546 3893 3700 3952 audivi

2145 4003 2267 4043 eum
2299 3988 2565 4044 dicentem
2601 4007 2612 4041 :
2665 3988 2834 4043 Pudet
2878 4003 2964 4043 me
2989 3986 3134 4043 vesci
3160 3989 3280 4042 cibo
3310 4003 3339 4041 a
3368 3989 3569 4042 ratione
3596 3984 3704 4038 alie-

2146 4096 2236 4149 no,
2267 4096 2386 4136 cum
2419 4081 2517 4135 sim
2550 4081 2758 4135 ratione
2786 4079 3044 4150 prmditus
3069 4123 3081 4145 ,
3133 4090 3186 4134 et
3239 4078 3442 4134 versari
3470 4078 3704 4133 deberem

2145 4176 2198 4227 In
2225 4170 2472 4243 paradiso
2520 4171 2858 4238 deliciarum,
2909 4171 3194 4240 replendus
3225 4170 3507 4223 ambrosia:
3558 4166 3709 4222 nutri-

2145 4274 2346 4329 mento,
2374 4271 2588 4332 propter
2617 4276 2734 4317 eam
2758 4276 2877 4330 quae
2902 4262 3051 4316 nobis
3072 4277 3098 4314 a
3123 4262 3347 4315 Domino
3374 4262 3493 4313 data
3522 4272 3605 4315 est
3630 4272 3712 4327 po-

2147 4364 2413 4410 testatem.
2443 4355 2491 4408 Is
2520 4364 2635 4415 erat
2660 4354 2841 4408 Roma:
2871 4362 3028 4408 notus
3054 4363 3245 4407 cuncto
3266 4350 3487 4406 'senatui
3518 4361 3574 4406 et
3604 4366 3713 4420 pro-

2146 4459 2329 4499 cerum
2364 4444 2639 4509 uxoribus,
2672 4457 2778 4513 quo
2806 4450 3047 4510 tempore
3093 4456 3212 4493 cum
3244 4440 3400 4494 beato
3432 4435 3715 4492 Athanasio

2144 4535 2400 4605 episcopo
2423 4534 2565 4603 prius
2589 4540 2904 4596 recesserat,
2948 4531 3142 4586 deinde
3167 4546 3286 4585 cum
3315 4540 3497 4585 sancto
3527 4530 3716 4585 Deme-

2144 4628 2246 4682 trio
2275 4629 2547 4697 episcopo.
2595 4625 2645 4680 Is
2690 4640 2811 4679 cum
2835 4623 3131 4679 abundaret
3152 4621 3364 4691 opibus,
3409 4629 3465 4676 et
3496 4621 3561 4676 iis
3605 4634 3714 4689 qua!

454 4731 577 4776 ctus
592 4735 757 4791 usque
772 4721 838 4775 ad
869 4721 1051 4774 horam
1067 4720 1245 4775 obitus
1274 4718 1613 4774 nihillineum
1640 4719 1861 4789 gestavit
1886 4725 2037 4773 extra
2068 4722 2113 4783 Β
2141 4728 2267 4775 sunt
2306 4718 2371 4773 ad
2401 4733 2555 4773 usum
2586 4717 2909 4781 necessaria,
2952 4729 3056 4768 non
3083 4715 3298 4781 scripsit
3346 4720 3713 4767 testamentum

457 4811 642 4865 vittam
675 4810 778 4882 (2),
811 4825 917 4865 non
948 4810 1142 4864 balneo
1165 4819 1247 4864 est
1274 4823 1423 4875 usus,
1468 4823 1573 4863 non
1605 4808 1775 4877 tetigit
1825 4821 2036 4873 carnes,

456 4919 726 4973 nunquam
741 4918 769 4956 a
787 4917 969 4958 mensa
988 4902 1211 4957 recessit
1232 4902 1466 4971 repletus
1494 4901 1558 4956 ad
1575 4900 1891 4957 satietatem.
1912 4901 2041 4955 Erat

456 5003 640 5049 autem
674 5008 906 5064 corpore
947 5008 976 5048 a
1016 4995 1109 5049 Dei
1132 4996 1300 5064 gratia
1342 5004 1444 5047 tam
1464 4993 2034 5063 benecontemperato,

456 5096 520 5143 ut
546 5103 731 5142 omnes
762 5090 851 5157 qui
875 5088 1190 5158 ignorabant
1234 5088 1349 5157 ejus
1377 5088 1546 5143 victus
1592 5090 1876 5153 rationem,
1908 5102 2030 5157 per-

456 5192 675 5233 suasum
700 5179 959 5233 haberent
984 5195 1105 5234 eum
1132 5180 1272 5234 laute
1301 5180 1482 5234 vivere
1518 5189 1571 5235 et
1597 5178 1836 5248 cpipare.
1871 5178 2038 5247 Hujus

451 5269 679 5323 virtutes
696 5267 887 5321 animae
912 5267 956 5322 si
985 5270 1141 5324 velim
1170 5269 1436 5338 sigillatim
1461 5283 1702 5333 narrare,
1732 5276 2038 5323 narrantem

453 5374 543 5415 me
575 5370 784 5427 tempus
811 5358 1041 5414 deficiet.
1085 5360 1184 5427 Qui
1218 5371 1332 5415 erat
1370 5362 1504 5415 adeo
1536 5361 1703 5426 mitis,
1752 5361 2036 5431 benignus,

450 5462 509 5507 et
529 5452 805 5521 pacificus,
845 5460 904 5505 ut
937 5452 1095 5505 etiam
1126 5451 1370 5507 inﬁdeles
1411 5452 1527 5521 ejus
1554 5452 1774 5515 inimici,
1820 5462 2037 5521 propter

452 5553 657 5600 rectam
691 5547 742 5599 in
773 5544 1043 5599 Christum
1079 5544 1262 5607 ﬁdem,
1294 5544 1372 5598 vel
1405 5544 1520 5612 ejus
1548 5544 1789 5599 umbram
1821 5559 2034 5599 revere-

456 5645 667 5704 rentur,
716 5636 787 5691 ob
812 5636 1071 5706 insignem
1103 5635 1201 5688 viri
1230 5636 1540 5690 bonitatem.
1598 5634 1819 5688 Tantam
1852 5643 2029 5689 autem

456 5726 644 5787 habuit
664 5729 960 5797 spiritalem
990 5732 1211 5800 gratiam
1248 5739 1303 5784 et
1329 5726 1685 5798 cognitionem
1730 5717 2032 5782 sanctarum

452 5821 868 5907 Scripturarum,
928 5832 978 5877 et
1023 5822 1554 5889 comprehensionem
1587 5821 1884 5878 divinorum
1910 5820 2038 5891 dog-

2146 4811 2440 4875 decedens,
2465 4824 2569 4864 non
2593 4808 2873 4878 pecuniam
2900 4806 3130 4875 reliquit,
3164 4819 3268 4858 non
3298 4820 3407 4858 rem
3427 4803 3585 4857 ullam
3613 4801 3718 4855 suis

2147 4906 2422 4961 sororibus
2452 4918 2571 4973 quae
2592 4910 2746 4957 erant
2772 4900 3003 4970 virgines
3026 4941 3039 4965 ,
3074 4898 3169 4953 sed
3194 4913 3284 4950 eas
3309 4896 3524 4950 Chris:o
3565 4910 3708 4949 eom-

2145 4997 2435 5061 mendavit,
2466 4995 2688 5050 dicens:
2744 4993 2885 5049 Deus
2931 4992 3017 5060 qui
3042 5004 3135 5044 vos
3165 4988 3391 5055 creavit,
3424 4986 3575 5039 vobis
3598 5001 3712 5054 quo-
3758 5052 3762 5059 ν

2147 5104 2250 5157 que
2280 5087 2476 5141 victum
2502 5083 2802 5154 providebit
2829 5083 2965 5135 sicut
2987 5089 3040 5134 et
3062 5080 3215 5133 mihi.
3246 5078 3372 5131 Erat
3400 5084 3578 5130 autem
3604 5090 3715 5129 con.

2148 5184 2337 5231 ventus
2385 5174 2648 5243 virginum
2690 5185 2809 5241 qua:
2836 5178 3135 5224 erantcum
3164 5165 3437 5221 sororibus
3467 5165 3602 5232 ejus,
3636 5176 3716 5215 se-

2146 5265 2437 5336 ptuaginta.
2467 5261 2537 5329 Is,
2597 5278 2717 5316 cum
2746 5261 2809 5314 ad
2840 5275 2959 5315 eum
2989 5259 3254 5313 venissem
3285 5256 3621 5317 adolescens,
3672 5261 3715 5305 et

2144 5370 2388 5425 rogarem
2441 5360 2499 5407 ut
2553 5354 2618 5405 ad
2647 5353 2808 5405 vitam
2857 5357 3139 5417 cooptarer
3192 5345 3561 5410 monasticam,
3607 5356 3715 5395 mea

2140 5448 2315 5501 adhuc
2341 5452 2498 5499 actate
2524 5442 2858 5505 laseiviente,
2890 5448 2946 5494 et
2966 5454 3071 5493 non
3094 5452 3228 5506 opus
3258 5438 3487 5489 habente
3519 5447 3715 5488 sertan

2143 5542 2320 5610 nibus,
2354 5539 2444 5593 sed
2471 5536 2741 5592 laboribus
2759 5535 2848 5604 qui
2878 5547 3092 5587 carnem
3115 5530 3449 5597 subigerent,
3482 5528 3713 5594 duraque

2139 5635 2195 5683 et
2216 5640 2401 5695 aspera
2430 5621 2640 5678 vivendi
2681 5622 2885 5675 ratione
2925 5634 3043 5688 quae
3085 5630 3279 5685 corpus
3322 5617 3720 5682 compesceret;

2142 5721 2219 5783 is,
2286 5718 2499 5787 inquam
2534 5760 2548 5785 ,
2608 5723 2860 5782 tanquam
2913 5712 3083 5766 bonus
3135 5708 3364 5763 domitor
3419 5705 3719 5774 pullorum,

2146 5812 2296 5870 duxit
2342 5824 2429 5866 me
2479 5817 2633 5866 extra
2706 5804 2974 5862 civitatem
3038 5800 3103 5856 ad
3162 5812 3252 5855 eas
3309 5810 3426 5866 qum
3483 5794 3710 5850 dicuntur
