4020 6426
365 372 503 440 1009
1580 384 1945 446 HISTORIA

2052 386 2347 449 \USIACA
2360 432 2374 447 .
3500 382 3630 450 1010

363 487 486 541 οὑδέ
514 488 828 560 συνοικήσει
856 488 961 543 τινὶ
988 490 1209 563 πονηρῷ
1240 492 1520 558 συνειδότι,
1565 495 1730 550 πάλιν
1772 495 1958 565 ἐλεγεν
1992 497 2020 549 6
2051 496 2215 561 αὑτδς
2244 496 2516 567 μακάριος
2546 494 2843 555 ἀπόστολος
2870 493 3101 557 Παῦλος,
3129 494 3210 547 δτι
3239 494 3350 556 Πᾶς
3376 496 3403 548 6
3431 495 3632 562 ἀγωνι-

364 578 594 647 ζόμενος
625 581 805 635 πάντα
834 582 1251 653 ἐγκρατεύεται,
1284 584 1635 654 ὑγιαινούσης
1667 587 1768 657 μὲν
1799 590 1898 658 τῆς
1927 587 2151 659 σαρκὸς,
2184 586 2522 657 ἀπεχόμενος
2555 584 2664 637 τῶν
2702 584 3048 638 πιαινόντων.
3091 584 3510 656 Ἀρῤωστούσης
3540 584 3627 655 δὲ,

361 674 395 745 ἢ
435 673 863 745 ὀδυνωμένης,ῆ
909 676 1006 729 καὶ
1034 676 1255 742 λύπαις,
1287 677 1320 748 ἢ
1352 678 1708 749 περιστάσεσι
1742 679 2133 751 κοινωνούσης,
2168 680 2436 750 χρήσεται
2471 677 2570 749 μὲν
2604 677 2724 730 τότε
2767 676 2800 747 ἢ
2835 676 3136 747 βρώμασιν,
3170 675 3203 747 ἢ
3238 676 3515 747 πόμασιν,
3556 679 3634 739 ὡς

362 766 678 837 φαρμάκοις
709 766 1076 838 ἀλεξιτηρίοις
1108 770 1187 833 εἰς
1242 769 1386 823 ῐασιν
1420 770 1621 834 αὑτῶν,
1650 770 1907 838 ἀφέξεται
1938 772 1998 825 δέ
2039 772 2151 826 τῶν
2190 772 2330 827 κατά
2356 774 2455 842 τὴν
2486 770 2666 841 ψσχὴν
2702 769 3009 840 βλαϐερῶν,
3037 768 3230 839 ὀργῆς,
3266 771 3361 824 καὶ
3391 770 3583 840 φθόνοι.
3612 807 3628 834 ,

365 860 693 929 κενοδοξίας,
728 863 822 916 καὶ
845 864 1099 935 ἀκηδίας,
1125 864 1223 917 καὶ
1255 864 1611 931 καταλαλιάς,
1645 864 1740 918 καὶ
1769 860 2028 924 ὑπονοίας
2060 862 2281 931 ἀλόγου,
2318 862 2665 935 εὐχαριστῶν
2687 861 2766 932 τῷ
2788 859 3001 933 Κυρίῳ.

435 974 735 1045 Αὑτάρκως
768 976 951 1031 τοίνυν
980 976 1119 1049 ὑπὲρ
1151 978 1360 1031 τούτων
1389 975 1660 1032 διαλαϐὼν
1703 975 1865 1029 πάλιν
1918 973 2087 1045 ἀλλην
2133 974 2483 1047 παράκλησιν
2519 976 2784 1047 προσάγω
2820 993 2915 1030 σου
2944 978 3011 1048 τῇ
3044 974 3397 1048 φιλομαθείᾳ.
3423 973 3631 1045 Φεῦγε,

361 1069 458 1139 ὅση
495 1087 577 1123 σοι
606 1070 856 1141 δύναμις,
887 1072 1181 1143 συντυχίας
1216 1072 1425 1143 ἀνδρῶν
1461 1072 1612 1126 οὐδὲν
1644 1070 1836 1141 ὄφελος
1869 1054 2101 1141 ἐχόντων
2123 1110 2137 1135 ,
2160 1071 2256 1123 καὶ
2289 1071 2640 1142 κοσμούντων
2673 1072 2771 1142 μὲν
2801 1072 2861 1124 τὸ
2877 1071 3055 1142 δέρμα
3088 1072 3498 1144 ἀκαταλλήλως,
3526 1069 3631 1126 κᾶν

358 1162 628 1233 ὀρθόδοξοι
660 1161 805 1229 εἷεν,
847 1165 922 1236 μή
957 1183 1011 1217 τι
1044 1182 1107 1233 γε
1143 1165 1206 1235 δή
1247 1164 1551 1236 αἱρετικοὶ,
1590 1163 1920 1234 βλάπτοντες
1947 1165 2013 1234 τῇ
2047 1162 2374 1233 ὑποκρίσει,
2426 1162 2528 1217 κᾶν
2568 1150 2762 1228 δόξωσι
2811 1163 3027 1226 πολιαῖς
3058 1165 3334 1235 κεφαλῆς,
3370 1163 3404 1235 ἢ
3450 1162 3630 1234 ῥυτίσι

358 1254 655 1326 προσώπου
686 1253 1047 1325 ἐπισύρεσθαι
1095 1254 1271 1325 μῆκος
1308 1254 1525 1326 χρόνου.
1581 1254 1701 1309 Κᾶν
1730 1253 1841 1324 γάρ
1887 1252 2054 1323 μηδὲν
2089 1251 2295 1323 βλαϐῇς
2327 1252 2460 1324 παρ’
2505 1252 2685 1307 αὑτῶν
2714 1252 2784 1307 δι’
2809 1253 3089 1322 εὐγένειαν
3119 1254 3356 1325 τρόπων,
3408 1254 3470 1307 τὸ
3499 1254 3633 1323 γοῦν

358 1349 641 1418 ἐλάχιστον
667 1345 976 1419 δοκοῦν[τα]
1012 1345 1212 1417 τρώσει
1243 1364 1322 1402 σε.
1348 1346 1459 1401 Καὶ
1480 1346 1784 1416 χαυνωθεὶς
1814 1342 1935 1397 κατ’
1964 1341 2145 1396 αὑτῶν
2173 1344 2272 1414 τὴν
2292 1343 2530 1397 διάνοιαν
2561 1345 2848 1418 ἐπαρθὴσῃ
2880 1346 3202 1415 καταγελῶν
3230 1346 3459 1411 τούτων,
3492 1350 3629 1423 ὅπερ

358 1441 475 1495 ἐστί
500 1458 581 1493 σοι
608 1441 780 1512 βλάϐη
813 1441 895 1504 είς
918 1438 1302 1510 ὑπερηφανίαν
1328 1436 1741 1508 ἐμπεπτωκότι.
1781 1435 1953 1505 ’Υπὲρ
1981 1434 2038 1487 δὲ
2067 1435 2257 1506 θυρίδα
2282 1434 2549 1506 φωτεινὴν
2579 1435 2882 1505 μεταδίωκε
2909 1436 3120 1508 ἀνδρῶν
3147 1455 3203 1491 τε
3233 1440 3326 1492 καὶ
3354 1440 3631 1507 γυναικῶν

358 1537 510 1599 ὁσίας
536 1535 856 1604 συντυχίας,
899 1533 988 1589 ἵνα
1013 1533 1100 1586 διά
1130 1531 1336 1586 τούτων
1376 1531 1629 1600 καθάπερ
1663 1529 2050 1599 λεπτόγραφον
2096 1526 2303 1599 βιϐλίον
2335 1527 2573 1599 δυνηθῇς
2611 1528 2738 1581 ἰδεῖν
2775 1529 2962 1598 σαφῶς
2992 1528 3087 1582 καὶ
3119 1530 3217 1600 τὴν
3250 1530 3349 1601 σὴν
3381 1533 3628 1604 καρδίαν,

357 1627 445 1681 διὰ
474 1629 573 1699 τῆς
605 1612 1109 1699 ἀντίπαραθέσεως,
1140 1624 1240 1697 τὴν
1282 1625 1576 1697 ρᾳθυμίαν,
1606 1625 1639 1695 ἢ
1676 1623 1977 1693 ἐμμέλειαν
2002 1620 2301 1692 δυνάμενος
2329 1620 2428 1691 τὴν
2458 1622 2558 1689 σὴν
2587 1620 2926 1690 δοκιμάζειν.
2958 1620 3137 1673 Πολλά
3167 1622 3277 1693 γάρ
3318 1624 3433 1676 ἐστι
3458 1624 3525 1676 τά
3564 1626 3629 1694 τῇ

358 1722 689 1796 χρηστότητι
723 1720 1107 1792 μαρτυροῦντα
1136 1736 1150 1749 ·
1177 1720 1212 1790 ἦ
1236 1736 1295 1771 τε
1335 1720 1473 1789 χρόα
1498 1716 1607 1769 τῶν
1637 1714 1946 1787 προσώπων
1970 1716 2003 1785 ὴ
2030 1712 2344 1767 ἐπανθοῦσα
2372 1716 2437 1782 τῇ
2467 1711 2736 1783 πολιτείᾳ,
2762 1712 2854 1765 καὶ
2882 1714 2909 1765 ὁ
2938 1712 3227 1782 στολισμὸς
3255 1715 3353 1783 τῆς
3378 1714 3629 1784 ἐσθῆτος,

360 1817 535 1873 καὶτὸ
570 1816 887 1885 ἀπέρπερον
920 1809 1073 1885 ἦθος,
1107 1813 1202 1866 καὶ⁵
1233 1813 1267 1883 ή
1310 1811 1515 1880 ἀτυφία
1544 1808 1652 1863 τῶν
1688 1808 1887 1877 λόγων,
1920 1807 2014 1860 καὶ
2038 1807 2072 1876 ή
2105 1805 2361 1859 εὐλάϐεια
2393 1804 2501 1859 τῶν
2540 1804 2780 1875 τρόπων,
2815 1804 2911 1859 καὶ
2943 1804 3004 1857 τὸ
3034 1806 3366 1877 ἀπερίεργον
3391 1808 3499 1861 τῶν
3537 1807 3627 1860 λέ-

359 1911 517 1977 ξεων,
546 1912 638 1964 καὶ
665 1910 725 1962 τὸ
760 1909 949 1980 χαρίεν
978 1907 1078 1977 τῆς
1110 1906 1359 1977 γνώμης,
1386 1904 1483 1959 καὶ
1516 1903 1578 1957 τὸ
1609 1900 1831 1957 συνετὸν
1859 1900 1970 1955 τῶν
1995 1899 2307 1971 νοημάτων.
2359 1897 2761 1969 Ἐνδυναμώσει
2802 1899 2900 1952 καὶ
2939 1899 3038 1970 τὴν
3080 1899 3178 1970 σὴν
3226 1901 3564 1972 κοσμιότητα
3604 1904 3633 1955 6

356 2003 581 2075 Κύριος,
619 2004 712 2056 καὶ
740 2002 951 2064 πάντας
976 2002 1107 2063 τοὺς
1139 2000 1441 2070 ἑπομένους
1466 1995 1547 2068 τῷ
1581 1996 1683 2066 τῆς
1711 1993 2031 2056 θεοσεϐείας.
2055 1992 2245 2064 σκοπῷ
2266 2008 2280 2021 ⁸
2310 1991 2415 2045 κᾶν
2444 1994 2504 2045 ἐν
2534 1991 2736 2062 ἀκηδίᾳ
2763 1991 2796 2063 ἢ
2823 1992 2987 2063 ἑτέρᾳ
3012 1993 3119 2046 τινί
3153 1994 3475 2065 περιστάσει
3501 2010 3633 2061 τυγ-

355 2099 593 2170 χάνοιτε.
625 2098 925 2168 Στολισμὸς
957 2097 1091 2167 γάρ,
1125 2096 1316 2167 φησὶν,
1348 2085 1564 2163 ἀνδρὸς,
1597 2092 1693 2147 καὶ
1721 2091 1874 2163 βῆμα
1900 2089 2082 2155 ποδὸς,
2115 2090 2211 2143 καί
2241 2087 2419 2159 γέλως
2448 2088 2676 2143 ὀδόντων
2719 2087 3014 2157 ἀναγγελεῖ
3046 2087 3110 2141 τὰ
3146 2088 3276 2157 περὶ
3302 2087 3491 2156 αὑτοῦ,
3531 2103 3634 2141 κα·-

357 2190 466 2256 θὼς
499 2192 532 2261 ή
566 2189 843 2262 Παροιμία
873 2189 1041 2257 λέγει.

438 2306 773 2378 Ἀρξάμενος
804 2304 987 2357 τοίνυν
1012 2303 1124 2372 ἐγώ
1157 2320 1240 2357 σοι
1263 2304 1374 2356 τῶν
1405 2302 1719 2373 ἐξηγήσεων
1746 2297 1839 2353 τοῦ
1872 2296 1988 2368 βίου
2019 2296 2130 2349 τῶν
2157 2295 2330 2364 ἁγίων
2356 2296 2642 2367 Πατέρων,
2674 2293 2798 2348 οῦτε
2828 2296 2939 2357 τοῖς
2970 2294 3029 2347 ἐν
3064 2295 3186 2357 ταῖς
3208 2293 3427 2347 πόλεσιν
3455 2292 3487 2362 ἢ
3526 2292 3635 2347 κώ-

360 2417 491 2472 μαις
527 2399 559 2470 ἢ
600 2396 888 2467 σπηλαίοις
916 2396 949 2467 ἢ
982 2394 1247 2466 ἐρημίαις
1277 2394 1591 2462 ἀγνώστους
1624 2409 1706 2446 σοι
1739 2388 2056 2458 καταλείψω
2098 2389 2179 2459 τῷ
2201 2389 2378 2459 λόγῳ,
2412 2388 2671 2459 προσθεὶς
2698 2388 2791 2440 καὶ
2830 2386 2959 2449 τοὺς
2985 2387 3042 2439 ἐν
3071 2390 3186 2450 τοῖς
3215 2386 3524 2448 κοινοϐίοις.
3551 2386 3629 2438 Οὑ

356 2495 466 2566 γάρ
496 2495 523 2547 6
553 2493 719 2557 τόπος
755 2492 904 2546 ἐστὶν
939 2491 968 2544 6
998 2490 1333 2562 ζητούμενος
1354 2531 1368 2555 ,
1392 2488 1521 2542 ἔνθα
1545 2485 1929 2548 κατοικοῦντες
1954 2478 2103 2537 οῦτοι
2134 2482 2511 2555 κατώρθωσαν
2532 2483 2630 2553 τὴν
2655 2481 2891 2552 ἀρετὴν,
2920 2480 3035 2535 ἀλλ’
3061 2483 3089 2535 ὀ
3113 2480 3315 2553 τρόπος
3338 2479 3435 2550 τῆς
3462 2478 3633 2550 ὀρθῆς

357 2584 753 2660 προαιρέσεως,
787 2584 855 2641 δι’
884 2578 953 2657 ἦς
975 2583 1076 2655 τὴν
1097 2581 1402 2654 ἀγγελικὴν
1429 2580 1706 2636 πολιτείαν
1727 2581 1793 2652 τῇ
1820 2574 1914 2632 τοῦ
1948 2574 2188 2647 Χριστοῦ
2221 2574 2516 2647 συμμαχία
2536 2566 2867 2640 ἐξήσκησαν.

936 3130 1179 3185 λΛΛΙΟΝ
1236 3128 1535 3183 ΠΡΩΤΟΝ.

714 3222 857 3290 Περί
902 3221 1586 3291 ’1σιδώρου,ξενοδόχου.

430 3312 656 3385 Πρῶτον
696 3313 879 3369 τοίνυν
927 3315 1179 3384 πατήσας
1231 3312 1343 3381 ἐγὼ
1387 3313 1487 3384 τὴν
1549 3310 1947 3383 Ἀλεξανδρέων

1977 3132 2024 3189 Α
2054 3129 2185 3199 παρ’
2213 3128 2355 3184 αὐτὰ
2384 3129 2454 3185 τά
2484 3129 2764 3202 συμπόσια
2795 3131 2895 3201 τῆς
2936 3132 3192 3198 εἰωθυίας
3222 3133 3371 3204 ὥρας
3400 3134 3502 3205 τῆς
3536 3153 3631 3206 με-

2050 3222 2336 3293 ταλήψεως
2364 3223 2473 3278 τῶν
2517 3224 2762 3295 ἀδελφῶν
2794 3225 3109 3291 ἐξίστασθαι
3140 3227 3240 3299 τὴν
3268 3228 3508 3282 διάνοιαν
3542 3228 3634 3283 τοῦ

2052 3320 2208 3388 ἁγίου
2234 3362 2249 3387 ,
2286 3322 2381 3375 καὶ
2413 3321 2656 3387 ἐνεάζειν
2692 3323 2886 3389 αὑτὸν,
2918 3321 3011 3377 καὶ
3041 3323 3360 3394 παρακαλοῦ
3372 3342 3531 3393 μενον
3558 3325 3638 3377 δι-

360 3400 537 3466 πόλιν,
572 3401 630 3453 ἐν
661 3402 728 3471 τῇ
759 3400 991 3471 δευτέρᾳ
1023 3402 1229 3472 ὑπατίᾳ
1261 3401 1543 3454 Θεοδοσίου
1577 3400 1672 3454 τοῦ
1707 3401 1945 3472 μεγάλου

361 3492 649 3562 βασιλέως,
677 3492 734 3556 ὃς
764 3492 859 3546 νῦν
890 3495 947 3545 ἐν
980 3493 1233 3561 ἀγγέλοις
1263 3494 1499 3564 ὑπάρχει
1531 3493 1619 3547 διὰ
1652 3495 1751 3561 τὴν
1782 3492 1947 3563 ὀρθὴν

359 3586 525 3639 αὑτοῦ
556 3586 738 3639 πίστιν
760 3584 857 3656 τὴν
879 3586 959 3648 εἰς
988 3585 1244 3656 Χριστὸν,
1275 3587 1598 3656 περιέτυχον
1626 3587 1683 3638 ἐν
1710 3586 1849 3657 αὐτῇ
1880 3588 1945 3657 τῇ

361 3676 515 3730 πόλει
562 3675 717 3746 ἀνδρὶ⁸
762 3675 1073 3746 θαυμασίῳ,
1117 3676 1207 3729 τὸν
1231 3677 1432 3749 τρόπον
1471 3677 1809 3748 πανταχόθεν
1852 3694 1946 3729 κε-

361 3768 716 3838 κοσμημένῳ,
750 3766 807 3820 ἔν
842 3784 901 3819 τε
932 3767 1097 3838 λόγῳ,
1133 3769 1226 3822 καὶ
1258 3769 1402 3840 ἤθει,
1435 3770 1529 3822 καὶ
1558 3769 1779 3837 γνώσει,
1823 3768 1948 3822 Ἰσι-

360 3860 519 3933 δώρῳ
562 3860 920 3932 πρεσϐυτέρῳ
953 3861 1065 3914 δντι
1106 3862 1369 3933 ξενοδόχῳ
1404 3864 1505 3933 τῆς
1551 3862 1948 3933 Ἀλεξανδρέων

374 3954 721 4025 Ἐκκλησίας.
758 3956 855 4019 Ὃς
882 3954 951 4008 τά
981 3955 1082 4025 μὲν
1105 3956 1298 4027 πρῶτα
1326 3956 1425 4027 τῆς
1456 3956 1706 4028 νεότητος
1731 3956 1951 4025 ἐλέγετο

362 4048 421 4100 ἐν
452 4050 518 4119 τῇ
557 4048 748 4118 ἐρήμῳ
784 4046 1074 4119 διατρίψας
1106 4049 1365 4119 ήνυκέναι
1398 4048 1468 4103 τὰ
1518 4050 1612 4120 τῆς
1662 4050 1949 4116 ἀσκήσεως

363 4134 501 4192 ἆθλα
523 4179 536 4202 ,
572 4135 632 4193 οὑ
661 4139 755 4192 καὶ
780 4140 879 4211 τὴν
920 4140 1117 4212 κέλλην
1152 4140 1466 4212 ἐθεασάμην
1493 4141 1603 4210 ἐγὼ
1631 4142 1689 4192 ἐν
1717 4140 1793 4210 τῷ
1834 4139 1951 4211 δρει

363 4231 461 4299 τῆς
506 4231 755 4302 Νιτρίας.
802 4232 1117 4287 Κατέλαϐον
1161 4232 1220 4285 δὲ
1258 4231 1446 4285 τοῦτον
1476 4230 1588 4300 ἐγὼ
1627 4230 1764 4284 ἐτῶν
1798 4231 1949 4283 ἐϐδο-

366 4327 611 4396 μήκοντα
657 4325 889 4393 γέροντα
913 4368 928 4392 ,
962 4324 1019 4388 ὃς
1067 4324 1334 4391 ἐπιζήσας
1373 4324 1771 4378 πεντεκαίδεκα
1814 4322 1951 4376 ἄλλα

363 4417 458 4488 ἐτη
488 4418 714 4490 τελευτᾷ
744 4420 801 4472 ἐν
835 4418 1051 4491 εἰρήνῃ.
1088 4412 1259 4483 Οὗτος
1300 4421 1328 4472 ό
1360 4418 1513 4484 ἀγιος
1550 4418 1743 4490 μέχρις
1779 4418 1949 4489 αὑτῆς

361 4510 460 4581 τῆς
489 4510 747 4581 τελευτῆς
780 4512 881 4565 οὑκ
919 4511 1111 4581 ὀθόνην
1141 4511 1413 4583 ἐφόρησεν
1444 4511 1599 4575 ἐκτὸς
1631 4512 1943 4581 φακιαλίου,

352 4588 422 4655 ὀύ
449 4600 660 4672 λουτρῷ
695 4603 970 4674 ἐχρήσατο
994 4642 1008 4669 ,
1038 4602 1098 4655 οὑ
1126 4603 1306 4674 κρεῶν
1332 4603 1533 4674 ἥψατο,
1580 4604 1639 4656 οὑ
1670 4602 1951 4675 τραπέζης

363 4698 495 4751 ποτὲ
542 4698 680 4768 πρὸς
731 4698 893 4768 κόρον
931 4697 1273 4769 ἐνεφορήθη’
1324 4697 1382 4761 ὃς
1412 4696 1654 4750 τοιοῦτον
1702 4692 1848 4766 εἶχεν
1890 4696 1951 4749 τδ

364 4789 524 4860 σῶμα
552 4788 658 4842 ὑπὸ
670 4788 782 4859 ’τῆς
810 4789 1032 4859 χάριτος
1058 4786 1154 4842 τοῦ
1185 4787 1322 4842 Θεοῦ
1354 4786 1845 4861 συγκροτούμενον,
1875 4788 1950 4851 ὡς

364 4881 891 4954 πεπληροφορῆσθαι
914 4882 1120 4946 πάντας
1145 4882 1271 4946 τοὺς
1299 4882 1630 4951 ἀγνοοῦντας
1661 4882 1826 4935 αὑτοῦ
1851 4883 1950 4953 τὴν

348 4954 595 5058 ἰδίαιταν,
641 4976 723 5030 ὅτι
777 4976 834 5028 ἐν
884 4973 1097 5044 μεγάλη
1146 4977 1326 5046 τρυφῇ
1362 4974 1561 5043 διάγει.
1607 4974 1811 5028 Τούτου
1849 4974 1951 5037 τὰς

365 5074 567 5141 ἀρετὰς
595 5072 695 5142 τῆς
715 5071 893 5141 ψυχῆς
920 5069 1013 5124 ἐάν
1039 5069 1178 5124 θέλω
1200 5070 1565 5140 διηγήσασθαι
1586 5070 1728 5123 κατά
1760 5070 1949 5142 μέρος,

366 5160 633 5231 ἐπιλείψει
671 5178 738 5233 με
768 5160 1127 5231 διηγούμενον
1158 5162 1185 5214 6
1218 5161 1432 5232 χρόνος.
1469 5163 1566 5225 Ὃς
1600 5161 1853 5215 τοσοῦτον
1884 5157 1951 5232 ἦν

367 5252 562 5321 πρᾶος,
588 5251 682 5306 καὶ
713 5251 1127 5323 φιλάνθρωπος,
1165 5253 1261 5306 καὶ
1297 5253 1592 5324 εἰρηνικὸς,
1627 5254 1702 5318 ώς
1731 5254 1823 5307 καὶ
1852 5254 1948 5307 αὑ-

364 5342 493 5403 τοὺς
513 5342 639 5407 τοὺς
665 5344 927 5407 ἀπίστους
948 5344 1175 5415 ἐχθροὺς
1200 5344 1366 5397 αὑτοῦ
1392 5344 1477 5397 διὰ
1499 5344 1597 5417 τὴν
1620 5347 1697 5409 είς
1718 5346 1952 5417 Χριστὸν

366 5434 532 5505 ὀρθὴν
563 5435 727 5489 αὑτοῦ
761 5437 941 5491 πίστιν
962 5435 1228 5491 αἰδεῖσθαι
1257 5436 1353 5490 καί⁷
1382 5436 1479 5508 τὴν
1508 5438 1668 5491 σκιὰν
1698 5437 1763 5491 δι’
1786 5439 1954 5507 ὑπερ-

367 5526 531 5600 ϐολὴν
571 5528 671 5599 τῆς
718 5528 815 5582 τοῦ
872 5530 1065 5602 ἀνδρὸς
1117 5530 1505 5602 χρηστότητος.
1566 5530 1847 5602 Τοσαύτην
1895 5531 1953 5585 δὲ

367 5616 525 5689 ἔσχεν
573 5619 733 5690 χάριν
786 5620 1196 5690 πνευματικὴν,
1248 5621 1343 5674 καὶ
1390 5619 1593 5690 γνῶσιν
1637 5620 1746 5675 τῶν
1784 5620 1953 5689 ἁγίων

364 5708 620 5782 Γραφῶν,
653 5710 879 5768 καὶτῶν
907 5712 1067 5771 θείων
1092 5713 1382 5787 δογμάτων
1410 5712 1737 5785 κατάληψιν,
1763 5714 1837 5780 ὡς
1863 5714 1955 5769 καὶ

2048 3414 2301 3483 ηγεῖσθαι
2312 3413 2381 3467 τά
2396 3414 2495 3482 τῆς
2510 3414 2841 3478 ἐκστάσεως,
2864 3414 2956 3467 καί
2967 3413 3167 3482 λέγειν,
3183 3415 3264 3467 ὅτι
3281 3415 3477 3484 ’Λπεδή
3488 3433 3561 3484 μη
3570 3433 3637 3468 σα

2048 3503 2115 3571 τῇ
2172 3500 2383 3572 διανοίᾳ
2433 3502 2709 3571 ἀρπαγεὶς
2762 3502 2868 3554 ὑπὸ
2918 3502 3150 3574 θεωρίας
3200 3504 3367 3567 τινός.
3424 3507 3637 3571 Ἕγνων

2051 3592 2208 3661 κάγὼ
2230 3592 2419 3647 τοῦτον
2440 3593 2700 3656 πολλάκις
2724 3592 3075 3663 δακρύσαντα
3095 3594 3186 3646 ἐπὶ
3206 3594 3308 3662 τῆς
3331 3596 3633 3664 τραπέζης·

2051 3685 2142 3736 καὶ
2171 3683 2280 3736 τῶν
2312 3682 2565 3754 δακρύων
2593 3685 2690 3755 τὴν
2719 3684 2897 3737 αἰτίαν
2928 3684 3256 3755 πυθόμενος,
3289 3686 3501 3757 ἥκουσα
3534 3687 3637 3738 αὑι

2050 3776 2145 3830 τοῦ
2196 3777 2486 3846 λέγοντος,
2518 3778 2601 3831 ὅτι
2641 3776 2907 3847 Αἰδοῦμαι
2955 3778 3151 3845 ἀλόγου
3201 3778 3636 3848 μεταλαμϐάνων

2049 3870 2256 3939 τροφῆς
2282 3869 2500 3938 λογικὸς
2535 3869 2817 3940 ὑπάρχων,
2854 3869 2949 3921 καὶ
2981 3870 3208 3939 ὀφείλων
3239 3872 3295 3923 ἐν
3321 3872 3637 3942 παραδείσῳ

2050 3964 2262 4031 τρυφῆς
2295 3962 2565 4033 ὑπάρχειν
2588 4006 2600 4028 ,
2633 3963 2728 4015 καί
2761 3961 3121 4033 ἐμφορεῖσθαι
3160 3962 3471 4032 ἀμϐροσίας
3511 3982 3635 4035 τρο⁴

2052 4054 2181 4123 φῆς,
2213 4054 2302 4108 διὰ
2335 4054 2434 4125 τὴν
2467 4054 2713 4108 δοθεῖσαν
2740 4056 2872 4126 ήμῖν
2906 4055 3056 4127 παρά
3099 4056 3335 4126 Χριστοῦ
3366 4057 3633 4123 ἐξουσίαν.

2053 4136 2222 4207 Οὗτος
2274 4144 2551 4215 γνώριμος
2601 4139 2669 4213 ἦν
2719 4144 2871 4217 πάσῃ
2917 4147 2983 4215 τῇ
3040 4145 3185 4198 κατὰ
3238 4144 3457 4216 Ῥώμην
3509 4164 3637 4216 συγ-

2051 4235 2258 4305 κλήτῳ,
2283 4237 2403 4298 ταῖς
2425 4252 2487 4304 γε
2518 4235 2735 4303 γυναιξί⁵
2752 4235 2860 4289 τῶν
2890 4237 3253 4306 μεγιστάνων,
3279 4239 3517 4306 ὁπηνίκα
3540 4239 3636 4293 σὺν

2051 4328 2130 4397 τῷ
2185 4328 2440 4399 μακαρίῳ
2501 4328 2804 4400 Ἀθανασίῳ
2843 4325 3175 4400 ἀπεληλῶθει
3211 4329 3270 4382 τὸ
3332 4330 3632 4399 πρότερον,

2054 4420 2244 4473 ἔπειτα
2275 4421 2371 4474 σὺν
2414 4420 2491 4490 τῷ
2524 4421 2664 4491 ἁγίῳ
2695 4422 2992 4492 Δημητρίῳ
3023 4421 3101 4491 τῷ
3136 4422 3438 4493 ἐπισκόπῳ.
3471 4416 3639 4484 Οὗτος

2056 4513 2394 4585 περιττεύων
2428 4513 2641 4585 πλούτῳ
2671 4516 2763 4567 καί
2784 4514 3015 4584 ἀφθονίᾳ
3039 4515 3262 4584 χρειῶν,
3288 4514 3348 4566 οὑ
3372 4514 3639 4585 διαθήκην

2053 4604 2263 4676 ἔγραψε
2316 4604 2619 4671 τελευτῶν,
2676 4606 2736 4658 οὑ
2796 4605 3039 4676 νόμισμα
3096 4605 3523 4670 καταλέλοιπεν,
3575 4606 3636 4657 οὺ

2054 4700 2291 4770 πρᾶγμα
2339 4701 2459 4761 ταῖς
2505 4696 2701 4751 ἐαυτοῦ
2757 4698 3014 4766 ἀδελφαῖς
3067 4698 3358 4768 παρθένοις
3410 4695 3634 4751 οὔσαιν

2056 4789 2193 4843 ἀλλά
2225 4788 2498 4860 παρέθετο
2529 4790 2702 4853 αὑτάς
2737 4788 2814 4859 τῷ
2844 4789 3087 4860 Χριστῷ,
3118 4789 3317 4855 λέγων,
3362 4787 3418 4839 '0
3449 4790 3638 4850 κτίσας

2055 4884 2201 4953 ὑμᾶς
2238 4882 2372 4945 Θεὸς
2397 4882 2559 4945 αὑτὸς
2600 4882 2950 4951 οἰκονομήσει
2992 4880 3120 4950 ὑμῖν
3152 4881 3247 4930 καὶ
3276 4879 3345 4930 τά
3376 4879 3510 4949 πρὸς
3540 4880 3639 4946 τὴν

2054 4976 2221 5048 ζωὴν,
2249 4976 2324 5039 ὡς
2361 4976 2457 5029 καὶ
2493 4975 2584 5046 μοί
2610 4975 2709 5047 [Μ.
2743 4974 2859 5047 μέ].
2894 4970 3004 5026 Ἦν
3033 4974 3087 5026 δὲ
3118 4974 3214 5025 σὺν
3238 4974 3359 5035 ταῖς
3384 4972 3640 5041 ἀδελφαῖς

2055 5070 2219 5123 αὑτοῦ
2249 5071 2504 5140 σύστημα
2533 5070 2819 5139 παρθένων
2850 5068 3244 5137 ἐϐδομήκοντα.

2127 5156 2294 5225 Οὗτος
2328 5160 2646 5231 φοιτήσαντί
2699 5177 2791 5230 μοι
2825 5158 2930 5229 νέῳ
2971 5159 3084 5211 ὄντι
3124 5161 3260 5228 πρὸς
3304 5157 3468 5212 αὑτὸν
3492 5199 3506 5222 ,
3544 5160 3639 5211 καὶ

2056 5255 2466 5325 παρακαλοῦντι
2521 5253 2931 5323 στοιχειωθῆναι
2979 5254 3038 5304 ἐν
3096 5252 3175 5322 τῷ
3238 5254 3459 5324 μονήρει
3505 5252 3636 5321 βίῳ,

2058 5347 2378 5417 σφριγώσης
2406 5363 2496 5417 μοι
2521 5346 2601 5399 ἔτι
2632 5346 2732 5416 τῆς
2761 5345 2995 5416 ἡλικίας,
3026 5346 3117 5397 καὶ
3147 5344 3317 5412 λόγων
3351 5345 3425 5415 μὴ
3453 5344 3639 5414 δεομέ-

2056 5459 2173 5511 νης,
2204 5439 2342 5494 ἀλλὰ
2368 5440 2544 5494 πόνων
2565 5439 2674 5492 τῶν
2700 5440 2843 5492 κατά
2870 5439 3068 5509 σάρκα,
3103 5439 3196 5491 καὶ
3223 5437 3640 5507 σκληραγωγίας

2056 5533 2156 5604 τῆς
2186 5532 2328 5586 κατὰ
2356 5531 2533 5602 σῶμα·
2562 5525 2734 5597 οὗτος,
2761 5532 2835 5596 ὡς
2858 5530 3022 5594 καλὸς
3048 5530 3425 5599 πωλοδάμνης,
3456 5529 3639 5595 ἐξάγει

2062 5642 2129 5697 με
2176 5624 2281 5692 ἔξω
2310 5623 2408 5695 τῆς
2454 5623 2664 5689 πόλεως
2707 5625 2787 5690 εἰς
2830 5622 2897 5677 τά
2929 5623 3201 5694 λεγόμενα
3244 5622 3487 5693 ἐρημικά
3531 5620 3642 5678 ἀπὸ

2062 5716 2218 5775 πέντε
2246 5717 2509 5790 σημείων.
2880 5762 2918 5771 Α
