4020 6428
432 371 566 442 1011

1062 492 1289 547 ΚΕΦΑΛ
1303 532 1317 547 .
1352 494 1430 548 B'.

982 629 1123 699 Περὶ
1148 630 1474 700 Δωροθέου.

506 747 618 801 Καὶ
644 744 983 816 παραδίδωσι
1017 762 1085 817 με
1116 745 1381 816 Δωροθέῳ
1412 746 1522 801 τινὶ
1553 747 1770 819 ἀσκητῇ
1802 746 2029 819 Θηϐαίῳ

438 839 732 909 ἑξηκοστὸν
767 838 952 907 ἄγοντι
987 838 1104 902 ἔτος
1142 841 1203 894 ὲν
1239 838 1319 910 τῷ
1351 839 1645 909 σπηλαίῳ,
1677 840 1772 893 καὶ
1817 838 2029 893 κελεύει

442 946 507 999 με
544 927 832 1001 πληρῶσαι
876 928 1007 998 παρ’
1054 927 1221 983 αὑτοῦ
1267 928 1394 1001 τρία
1434 926 1532 1000 ἔτη
1579 928 1716 1000 πρὸς
1745 927 2032 1000 δαμασμδν

435 1019 546 1075 τῶν
573 1019 781 1073 παθῶνν
807 1020 1075 1089 ἠπίστατο
1094 1020 1203 1091 γὰρ
1228 1020 1320 1074 τὸν
1340 1021 1571 1093 γέροντα
1597 1019 1810 1094 μεγάλῃ
1833 1020 2037 1092 σκληρο

438 1113 657 1185 αγωγία
724 1113 995 1179 συζῶντα.
1051 1114 1164 1167 Καὶ
1206 1114 1347 1185 μετὰ
1393 1114 1457 1167 τὸ
1500 1113 1793 1185 πληρῶσαί
1843 1131 1911 1185 με
1942 1114 2034 1168 τὸν

440 1208 675 1279 ἀριθμὸν
699 1207 810 1261 τῶν
834 1208 990 1275 ἐτῶν,
1023 1208 1187 1262 πάλιν
1220 1208 1359 1279 πρὸς
1390 1208 1555 1262 αὑτὸν
1580 1209 2035 1281 ὲπανακάμπτειν

444 1318 511 1371 με
536 1300 940 1371 ἐντειλάμενος,
974 1300 1169 1371 λοιπῆς
1191 1300 1547 1365 διδασκαλίας
1573 1301 1763 1356 ἕνεκεν
1791 1319 2036 1372 πνευμα-
2070 1373 2084 1383 1

440 1392 619 1462 τικῆς.
644 1392 753 1445 Καὶ
787 1392 862 1463 μὴ
894 1392 1145 1462 δυνηθεὶς
1174 1394 1285 1447 τῶν
1310 1393 1481 1465 τριῶν
1515 1393 1655 1448 ὲτῶν
1682 1394 1775 1448 τὸν
1805 1394 2036 1467 ἀριθμὸν

441 1485 575 1554 παρ’
614 1484 764 1555 αὑτῷ
802 1484 1182 1556 ἐκπληρῶσαι,
1232 1484 1321 1539 διά
1358 1485 1419 1538 τὸ
1469 1486 1715 1557 κραταιᾷ
1752 1484 2039 1558 ἀρρωστία

441 1577 764 1647 περιπεσεῖν
796 1593 885 1647 με,
925 1575 1099 1640 οὑτως
1125 1576 1299 1649 ἤρθην
1325 1576 1419 1631 ἀπ’
1452 1578 1618 1631 αὑτοῦ
1650 1577 1757 1648 πρὸ
1784 1577 1882 1631 τοῦ
1911 1577 2039 1648 χρό-

441 1685 535 1724 νου
569 1672 667 1741 τῆς
700 1670 1064 1742 προθεσμίας.
1094 1665 1205 1723 Ἦν
1236 1671 1346 1740 γὰρ
1388 1671 1555 1724 αὑτοῦ
1603 1672 1636 1741 ἡ
1670 1671 1849 1724 δίαιτα
1892 1671 2036 1723 πάνυ

443 1762 811 1834 σκληροτάτη,
846 1760 1145 1833 αὐχμώδης
1174 1762 1319 1827 λίαν,
1349 1764 1444 1816 καὶ
1475 1763 1771 1833 ξηροτάτη.
1802 1762 1901 1815 Διά
1935 1763 2038 1816 πά-

1905 370 2262 443 ΡΑΙᾸΛΒΙῈ

2055 495 2105 553 Α
2132 492 2540 564 ἀπερρόφησεν,
2569 491 2974 564 ὲπισφραγίσας
3014 490 3072 547 τὸ
3118 491 3284 563 ὕδωρ,
3317 490 3507 560 είπὼν,
3559 496 3746 554 Ὅπου

3604 382 3746 451 1012

2136 584 2368 657 σταυρὸς
2393 585 2672 657 ἐπιφοιτᾷ,
2713 585 2814 639 οὑκ
2848 584 3023 655 ἰσχύει
3052 584 3221 639 κακία
3243 584 3336 639 τοῦ
3370 587 3591 643 Σατανᾶ
3612 628 3631 645 .

2744 720 2997 775 ΚΕΦΔΛ.
3054 721 3128 776 1".

2626 834 2771 904 Περὶ
2818 835 3246 905 Ποταμιαίνης.

2227 929 2289 985 .0
2321 929 2595 1000 μακάριος
2638 928 2910 999 Ἰσίδωρος
2941 931 2969 982 ό
3007 928 3281 1002 ξενοδόχος
3319 934 3744 1004 συντετυχηκίυς

2152 1023 2424 1091 Ἀντωνίῳ
2455 1020 2535 1091 τῷ
2563 1021 2705 1093 ἀγίῳ
2735 1021 2830 1074 καὶ
2863 1022 3169 1092 μακαρίῳ“,
3198 1024 3414 1095 γραφῆς
3451 1024 3612 1090 ἀξιον
3661 1027 3760 1107 διοι

2139 1117 2390 1187 ηγήσατο
2423 1115 2659 1185 πρᾶγμα
2690 1113 2944 1184 ἀκηκοὼς
2974 1118 3106 1186 παρ’
3135 1115 3332 1169 αὑτοῦ·

2214 1208 2703 1279 ὌτιΠοταμιαίνα
2760 1224 2845 1271 τις
2877 1208 3191 1278 ὡραιοτάτη
3236 1210 3374 1281 κόρη
3430 1211 3542 1278 (12)
3599 1210 3746 1266 κατά

2141 1302 2233 1357 τὸν
2266 1301 2459 1371 καιρὸν
2489 1300 2800 1371 Μαξιμίνου
2830 1300 2924 1354 τοῦ
2968 1301 3195 1354 διῶκτου
3220 1342 3236 1366 ,
3290 1303 3553 1373 παιδίσκη
3596 1304 3747 1367 τινὸς

2145 1393 2451 1447 ἀκολάστου
2493 1392 2759 1462 ὑπῆρχεν.
2806 1392 2911 1445 Ἦν
2942 1391 3114 1446 πολλά
3140 1392 3498 1464 λιπαρήσαςό
3532 1394 3745 1465 ταύτης

2144 1485 2411 1556 δεσπότης
2439 1485 2769 1555 ὑποσχέσεσι
2821 1485 3125 1557 διαφόροις,
3188 1486 3467 1557 ἀπατῆσαι
3531 1487 3745 1557 ταύτην

2144 1578 2246 1632 οὑκ
2276 1577 2516 1648 ἴσχυσεν.
2563 1580 2653 1632 Ἐν
2678 1575 2759 1643 οἷς
2788 1579 2849 1632 τὸ
2884 1579 3193 1633 τελευταῖον
3241 1580 3449 1651 μανεὶς,
3502 1580 3745 1651 παραδί-

2145 1671 2277 1725 δωσι
2328 1670 2534 1741 ταύτην
2578 1671 2657 1742 τῷ
2689 1671 2811 1726 κατ’
2864 1674 3039 1725 ἐκεῖνο
3100 1672 3294 1744 καιροῦ
3355 1673 3588 1744 ὲπάρχῳ
3645 1673 3745 1741 τῆς

2161 1763 2600 1835 Ἀλεξανδρείας,
2636 1764 2851 1818 ἔκδοτον
2884 1764 3055 1835 αὐτὴν
3088 1764 3336 1829 δεδωκὼς
3368 1766 3444 1829 ῶς
3476 1767 3745 1835 Χριστια-

445 1868 545 1919 σης
587 1852 688 1923 μὲν
728 1852 838 1923 γὰρ
868 1853 967 1922 τῆς
996 1852 1249 1923 ἡμέρας,
1282 1853 1377 1907 καὶ
1416 1854 1475 1906 ὲν
1508 1853 1659 1924 αὑτῷ
1689 1853 1767 1923 τῷ
1798 1852 2041 1923 καύματι
2074 1851 2117 1910 Β
2146 1857 2263 1928 νὴν,
2298 1857 2391 1909 καὶ
2418 1857 2849 1928 βλασφημοῦσαν
2884 1856 2978 1908 καὶ
3023 1856 3151 1920 τοὺς
3202 1857 3430 1927 καιροὺς
3469 1856 3573 1909 καὶ
3616 1858 3744 1919 τοὺς

440 1944 541 2015 τῆς
582 1943 965 2016 μεσημϐρίας,
999 1945 1058 1998 ὲν
1101 1947 1169 2015 τῇ
1213 1946 1408 2017 ἐρήμῳ
1446 1948 1512 2017 τῇ
1569 1945 1713 1999 κατά
1759 1946 2039 1999 θάλασσαν

445 2035 682 2106 συνῆγεν
703 2035 909 2099 λίθους’
935 2037 1032 2089 καὶ
1063 2036 1289 2099 τούτους
1316 2037 1401 2089 ἀεὶ
1432 2036 1752 2107 οἰκοδομῶν,
1787 2038 1881 2090 καὶ
1914 2038 2039 2090 κέλ-ο

444 2129 544 2192 λας
575 2126 767 2193 ποιῶν,
804 2128 1119 2200 παρεχώρει
1155 2131 1267 2192 τοῖς
1298 2129 1371 2199 μὴ
1403 2129 1724 2199 δυναμένοις
1750 2129 2039 2200 οἰκοδομῆ-

445 2239 570 2288 σαι,
602 2223 727 2275 κατ’
756 2221 877 2285 ἔτος
911 2220 1108 2274 κέλλαν
1150 2221 1439 2275 τελίσκων.
1490 2221 1656 2293 Ἐμοῦ
1695 2223 1752 2276 δέ
1788 2239 1920 2276 ποτε
1962 2222 2040 2293 τῷ

442 2313 587 2385 ἁγίῳ
617 2314 795 2385 τούτῳ
842 2313 1167 2385 εἰρηκότος,
1211 2314 1276 2366 Τί
1308 2316 1505 2381 ποιεῖς,
1549 2315 1753 2386 Πάτερ,
1784 2315 1842 2367 ὲν
1876 2316 2040 2385 γήρει

441 2404 670 2478 τοιούτῳ
704 2405 1049 2460 ἀποκτείνων
1076 2422 1169 2458 σου
1200 2405 1263 2459 τὸ
1295 2407 1575 2478 σωμάτιον
1604 2408 1661 2459 ἐν
1691 2406 1767 2477 τῷ
1796 2406 2039 2477 καύματι

442 2501 559 2564 τοῖς
620 2499 913 2570 χαλεποῖς;
973 2499 1314 2570 ἀπεκρίνατό
1381 2517 1515 2569 μοι,
1572 2501 1789 2568 λέγων’
1835 2501 2042 2555 Ἐκεῖνο

444 2591 761 2645 ἀποκτείνει
805 2609 895 2662 με,
940 2591 1229 2645 ἀποκτενῶ
1261 2592 1399 2645 αὑτὸ
1438 2590 1613 2661 κάγώ.
1665 2592 1892 2646 Ἦσθιεν
1940 2593 2042 2663 μὲν

441 2686 553 2757 γάρ
598 2684 829 2754 οὑγκίας
882 2684 942 2749 ἒξ
987 2686 1154 2756 ἄρτου
1189 2684 1313 2738 καθ’
1362 2684 1602 2755 ἑκάστην
1648 2684 1900 2756 ἡμέραν,
1950 2684 2043 2737 καὶ

441 2778 858 2849 λεπτολαχάνων
898 2778 1066 2849 δέμαο
1096 2778 1283 2832 ἔπινεν
1323 2777 1380 2831 δὲ
1413 2778 1606 2841 ὕδατος
1640 2777 1702 2831 τὸ
1727 2779 1871 2833 ὅσον.
1920 2778 2044 2831 Ἐπὶ

442 2868 578 2921 Θεοῦ
610 2869 889 2942 μάρτυρος
908 2909 923 2933 ,
951 2869 1052 2920 οὑκ
1078 2867 1250 2936 ἔγνων
1273 2867 1460 2922 τοῦτον
1486 2867 1823 2921 ἀπλώσαντα
1850 2866 2042 2931 πόδας,

444 2962 506 3014 οὑ
552 2960 974 3029 καθευδήσαντα
1022 2959 1341 3030 ἐξεπίτηδες
1387 2959 1419 3030 ἢ
1470 2960 1565 3012 ἐπὶ
1610 2959 1831 3029 ψιαθίου
1875 2960 1908 3029 ἢ
1951 2960 2045 3013 ἐπὶ

445 3050 636 3119 κλίνης
658 3067 672 3081 '
704 3049 840 3103 ἀλλά
879 3048 968 3102 διὰ
1011 3049 1190 3117 πάσης
1234 3048 1428 3110 νυκτὸς
1462 3041 1783 3119 ’καθήμενος
1814 3046 2045 3101 ἕπλεκεν

448 3143 640 3215 σειρὰν
676 3143 775 3214 τὴν
819 3143 883 3196 ὲκ
925 3141 1136 3195 θαλλῶν
1182 3141 1443 3210 φοινίκων
1482 3142 1564 3204 είς
1613 3141 1771 3208 λόγον
1813 3140 2041 3211 τροφῆς.

2143 1950 2383 2021 βασιλεῖς
2441 1950 2536 2003 ἐπὶ
2609 1952 2721 2013 τοῖς
2789 1950 3053 2018 διωγμοῖς
3085 1988 3101 2015 ,
3167 1948 3540 2019 ὑποσχόμενος
3596 1947 3744 2017 αὑτῷ

2140 2044 2403 2115 χρήματα
2434 2042 2595 2097 ίκανά
2625 2043 2717 2095 ἐπὶ
2767 2045 2834 2115 τῇ
2868 2042 3071 2113 ταύτης
3106 2041 3383 2112 συμφορᾷ,
3434 2040 3564 2093 Ἐάν
3622 2040 3742 2092 πεί,-

2144 2155 2247 2211 σῃς
2314 2138 2540 2207 ταύτην,
2601 2136 2805 2207 φήσας,
2870 2133 3163 2189 συνθέσθαι
3220 2151 3319 2205 μου
3390 2132 3466 2204 τῷ
3528 2132 3737 2202 σκοπῷ,

2143 2228 2382 2300 φύλαξον
2425 2229 2595 2301 αὐτὴν
2626 2228 3006 2299 ἀτιμώρητον.
3053 2225 3179 2278 Ἐὰν
3209 2225 3266 2278 δὲ
3302 2225 3539 2297 ὲμμείνῃ
3570 2228 3641 2296 τῇ
3684 2223 3740 2288 ἐξ

2140 2322 2319 2394 ἀρχῆς
2348 2321 2521 2392 αὑτῆς
2583 2320 2879 2393 αὐστηρία,
2942 2318 3326 2391 παρεκάλεσεν
3384 2318 3738 2390 τιμωρουμέ-

2141 2432 2241 2485 νην
2294 2415 2463 2486 αὑτὴν
2505 2414 2821 2468 ἀποθανεῖν·
2851 2414 2969 2468 Ἵνα
3009 2412 3083 2484 μὴ
3114 2412 3281 2476 ζῶσα,
3319 2412 3531 2479 λέγων,
3571 2429 3735 2466 κατα·

2141 2504 2352 2576 γελάσῃ
2387 2522 2491 2575 μου
2526 2504 2628 2572 τῆς
2657 2502 2921 2566 ἀσωτίας.
2968 2502 3317 2573 Προαχθεῖσα
3366 2501 3423 2555 δὲ
3478 2502 3590 2572 πρὸ
3641 2500 3731 2555 τοῦ

2146 2599 2394 2671 βήματος
2441 2598 2474 2666 ἡ
2519 2596 2764 2667 ἀνδρεία,
2818 2595 3095 2666 διαφόροις
3132 2594 3386 2665 ὀργάνοις
3432 2610 3732 2665 τιμωρητι-

2145 2693 2261 2755 κοῖς
2308 2690 2371 2743 τὸ
2409 2690 2569 2760 σῶμα
2602 2687 2976 2751 ἐϐασανίζετο.
3012 2689 3124 2742 Καὶ
3156 2687 3292 2760 πρὸς
3325 2687 3557 2751 πολλοὺς
3593 2686 3730 2754 λογι-

2146 2785 2318 2856 σμοὺς
2340 2784 2433 2837 καὶ
2464 2782 2753 2853 διαφόρους
2788 2781 3166 2854 ὲπυργομάχει
3192 2783 3257 2852 τῇ
3296 2781 3514 2851 γνώμῃ,
3547 2781 3605 2834 ὲν
3653 2774 3727 2843 οἷς

2144 2878 2401 2950 ὀργάνοις
2427 2876 2538 2929 τῶν
2562 2874 2849 2945 τιμωριῶν
2900 2874 3183 2945 ὠμότερός
3227 2889 3310 2935 τις
3358 2870 3726 2941 κολαστηρίων

2149 2968 2384 3041 βάσανος
2423 2967 2576 3038 παρά
2604 2966 2699 3020 τοῦ
2722 2966 2847 3019 τότε
2866 2966 3181 3031 δικάζοντος
3214 2966 3465 3037 εὓρηται.
3509 2964 3722 3018 Κελεύει

2146 3061 2352 3133 λέϐητα
2383 3062 2560 3132 μέγαν
2592 3061 2761 3132 πίσσῃ
2792 3059 3107 3131 πλησθέντα
3147 3059 3512 3114 ὑποκαίεσθαι
3549 3058 3720 3112 τοῦτον

2150 3154 2525 3225 λαμπροτάτῳ
2564 3153 2722 3224 πυρί.
2759 3152 3078 3225 Βραζούσης
3109 3152 3203 3206 οὑν
3249 3153 3349 3221 τῆς
3389 3152 3604 3222 πίσσης,
3634 3152 3716 3202 καὶ

458 3214 802 3307 Ὑπονοήσας
826 3235 881 3288 δὲ
909 3236 989 3289 ὅτι
1019 3236 1111 3288 ἐπὶ
1142 3233 1277 3304 ἐμοῦ
1316 3235 1481 3303 μόνου
1510 3234 1751 3306 τοσαύτῃ
1777 3235 2041 3305 ἀκρότητι
2071 3214 2117 3273 CI
2152 3214 2359 3317 σφᾈδρα
2383 3214 2774 3316 έκκᾷιομέλθης,
2806 3214 3126 3317 ξιρβέτειίιεν
3191 3246 3220 3297 ὁ
3249 3214 3528 3316 μερος
3545 3214 3711 3312 ξρχων

447 3331 737 3401 ἀσκήσεως
766 3328 1063 3400 κέχρηται,
1104 3327 1549 3399 ὲφιλοπεύστησα
1588 3329 1741 3399 παρά
1780 3327 2043 3383 πλειδνων

449 3421 619 3476 αὑτοῦ
658 3421 921 3493 μαθητῶν
949 3420 1218 3491 ἀκριϐῶς,
1259 3421 1307 3473 εί
1341 3421 1546 3491 ταύτην
1577 3420 1691 3491 ἔχοι
1720 3421 1809 3475 διὰ
1843 3422 2044 3485 παντδς

448 3514 547 3569 τοῦ
590 3515 707 3587 βίου
762 3514 862 3586 τὴν
896 3515 1162 3585 ἄσκησιν·
1211 3515 1410 3577 οἵτινες
1443 3514 1630 3567 λοιπὸν
1664 3515 1881 3585 έμεινον
1919 3515 2043 3569 κατ’

453 3608 614 3673 ἰδίαν,
668 3606 766 3661 καὶ
806 3606 961 3659 αὐτοὶ
1000 3606 1100 3679 τὴν
1130 3606 1331 3677 ἀρετὴν
1374 3607 1561 3660 λοιπὸν
1603 3608 1998 3680 κατορθοῦντες
2022 3623 2038 3639 ·

450 3699 607 3755 αὑτοί
633 3717 722 3771 μοι
753 3698 964 3767 ελεγον,
988 3699 1071 3752 ὅτι
1095 3701 1161 3751 ὲκ
1184 3700 1387 3772 νεαρᾶς
1412 3699 1631 3771 ἡλικίας
1649 3701 1858 3770 ταύτην
1884 3700 2045 3772 ἔσχεν

448 3792 552 3862 τὴν
592 3789 905 3857 πολιτείαν,
945 3791 1084 3862 μηδέ
1114 3808 1244 3844 ποτε
1278 3790 1566 3861 κοιμηθεὶς
1600 3790 1915 3864 ἐξεπίτηδες
1938 3834 1954 3860 ,
1992 3793 2042 3846 εί

456 3886 534 3959 μή
575 3903 629 3939 τι
663 3886 721 3938 ὲν
754 3884 833 3955 τῷ
868 3882 1199 3953 ἐργάζεσθαι
1251 3882 1285 3954 ἢ
1335 3881 1539 3936 ἐσθίειν
1575 3883 1901 3953 ἐκάμμυσέν
1938 3901 2044 3937 που

450 3979 544 4032 τὸν
595 3975 874 4049 ὀφθαλμὸν
918 3975 1266 4047 κατενεχθεὶς
1289 4015 1304 4041 ,
1338 3974 1483 4027 ὥστε
1526 3975 1790 4039 πολλάκις
1823 3976 1918 4029 καὶ
1954 3976 2046 4031 τὸν

450 4068 645 4138 ψωμὸν
690 4067 979 4121 ἐκπίπτειν
1030 4064 1125 4119 τοῦ
1177 4066 1447 4137 στόματος
1495 4066 1703 4133 αὑτοῦ,
1752 4068 1897 4122 κατὰ
1954 4069 2045 4122 τὸν

452 4161 647 4232 καιρὸν
679 4160 775 4213 τοῦ
807 4161 1003 4229 φαγεῖν
1023 4198 1038 4223 ,
1078 4158 1352 4229 ὑπερϐολῇ
1386 4158 1726 4229 νυσταγμοῦ.
1772 4160 2044 4229 Ἀναγκά-

452 4253 636 4316 ζοντος
667 4252 726 4306 δέ
758 4250 859 4321 μού
894 4268 1025 4304 ποτε
1059 4248 1251 4303 τοῦτον
1280 4250 1373 4303 τὸν
1402 4250 1558 4318 ἅγιον
1594 4252 1789 4322 μικρὸν
1820 4254 1911 4306 ἐπὶ
1945 4256 2047 4325 τῆς

449 4345 650 4416 ψιάθου
704 4347 930 4409 πεσεῖν,
964 4343 1415 4415 ὑπολυπούμενος
1465 4335 1622 4407 οὗτος
1670 4344 1857 4413 ἔλεγέν
1916 4363 2042 4417 μοι·

463 4439 593 4492 Ἐὰν
613 4438 811 4509 πείσῃς
835 4436 964 4501 τοὺς
986 4436 1254 4508 ἀγγέλους
1283 4435 1622 4508 κοιμηθῆναι
1650 4454 1804 4506 ποτε,
1829 4437 2046 4504 πείσεις

450 4532 511 4585 ἐν
540 4530 716 4601 τούτῳ
750 4531 845 4582 καὶ
880 4529 973 4582 τὸν
1015 4528 1324 4583 σπουδαῖον.

518 4645 637 4716 Μιᾷ
668 4643 723 4697 δὲ
756 4642 865 4697 τῶν
900 4644 1124 4715 ἡμερῶν
1158 4644 1478 4700 ἀπέστειλέν
1514 4664 1581 4718 με
1622 4648 1680 4702 ἐν
1716 4646 1795 4720 τῷ
1829 4648 2030 4719 φρέατι

451 4736 620 4793 αὑτοῦ
650 4737 779 4809 περὶ
816 4736 966 4808 ὥραν
1015 4737 1243 4809 ὲννάτην
1280 4738 1571 4811 πληρῶσαι
1620 4741 1711 4794 τὸν
1772 4742 1934 4797 κάδον
1962 4744 2043 4807 εἰς

450 4830 612 4899 λόγον
641 4830 739 4900 τῆς
774 4828 1157 4902 μεταλήψεως,
1208 4832 1482 4903 ἐνστάσης
1540 4834 1641 4904 τῆς
1689 4832 1784 4886 τοῦ
1844 4837 2043 4905 φαγεῖν

450 4921 621 4994 ῶρας.
661 4923 893 4994 Ἔτυχεν
922 4922 977 4975 δέ
1014 4940 1082 4995 με
1114 4923 1446 4993 ἀπελθόντα,
1480 4925 1686 4979 ἀσπίδα
1740 4925 2043 4983 θεάσασθαι

451 5016 512 5068 ὲν
542 5015 619 5088 τῷ
650 5015 849 5089 φρέατι
875 5016 1048 5084 κάτω,
1078 5018 1172 5071 καὶ
1201 5017 1403 5089 μηκέτι
1463 5017 1615 5089 φόϐῳ
1666 5018 1929 5090 ἀντλῆσαι
1982 5018 2043 5072 τὸ

453 5108 622 5181 ὕδωρ,
651 5109 788 5163 ἀλλά
837 5109 1145 5163 ἀπελθόντα
1198 5110 1459 5181 δρομαῖον
1495 5109 1830 5180 ἀπαγγεῖλαι
1864 5110 2040 5182 αὑτῷ,

452 5205 536 5259 ὅτι
591 5203 996 5274 Ἀπεθάνομεν,
1044 5202 1211 5258 ἀϐϐἄ.
1268 5204 1499 5257 ’Λσπίδα
1556 5203 1665 5275 γὰρ
1700 5200 1841 5259 εῐδον
1880 5206 1937 5259 ἐν
1966 5204 2044 5278 τῷ

452 5298 651 5367 φρέατι
708 5295 883 5349 κάτω.
957 5294 1385 5364 Ὑπομειδιάσας
1432 5293 1491 5347 δὲ
1550 5295 1759 5359 ἐκεῖνος
1820 5296 2040 5368 σεμνὸν,

454 5390 548 5443 ὲπὶ
572 5386 709 5441 πολύ
742 5404 833 5459 μοι
871 5385 1178 5458 προσέχων,
1218 5386 1312 5439 καὶ
1344 5386 1505 5439 σείων
1554 5386 1800 5460 κεφαλὴν
1830 5386 2037 5457 ἔλεγεν

466 5480 593 5535 Ἐὰν
640 5479 768 5551 δόξῃ
823 5476 901 5549 τῷ
955 5475 1187 5544 διαϐόλῳ
1219 5476 1363 5528 κατὰ
1426 5477 1535 5530 πᾶν
1587 5478 1767 5549 φρέαρ
1809 5479 2045 5543 ἀσπίδας

456 5572 740 5642 ἐμϐαλεῖν,
770 5573 803 5643 ἢ
832 5570 985 5639 ὄφεις
1019 5567 1072 5644 ,ἢ
1113 5568 1280 5638 ἕτερα
1310 5567 1493 5622 ἰοϐόλα
1525 5568 1692 5641 θηρία
1735 5572 1816 5634 είς
1863 5572 2044 5636 πάσας

455 5665 552 5726 τὰς
578 5665 763 5734 πηγὰς
788 5662 897 5717 τῶν
932 5662 1163 5727 ὑδάτων,
1203 5662 1267 5717 σὺ
1310 5661 1498 5733 μένεις
1529 5662 1804 5734 μηδέποτε
1831 5665 2040 5733 πίνων;

458 5754 554 5808 καὶ
577 5753 810 5820 ἐξελθὼν
832 5754 931 5824 τῆς
977 5753 1179 5824 κέλλης
1234 5752 1427 5819 αὑτοῦ,
1474 5755 1569 5807 καὶ
1616 5754 1685 5808 δι’
1726 5757 1923 5810 ἑαυτοῦ
1953 5775 2045 5827 γε-

470 5846 628 5913 μίσας
653 5844 748 5901 τὸν
777 5844 971 5905 κάδον.
1002 5845 1187 5911 νῆστις
1214 5846 1432 5913 πρῶτος
1476 5846 1637 5911 αὐτὸς
1706 5847 1799 5901 τοῦ
1850 5849 2041 5917 ὓδατος

2146 3344 2213 3413 τῇ
2251 3342 2499 3411 μακαρίᾳ
2523 3338 2730 3410 ἐκείνῃ,
2748 3338 2943 3407 λέγων,
2976 3338 3058 3391 ὅτι
3086 3339 3157 3390 Ἢ
3182 3336 3408 3402 ἄπελθε,
3430 3332 3702 3402 ὑποτάγηθι

2146 3436 2260 3497 τοῖς
2287 3432 2558 3502 θελήμασι
2593 3431 2859 3483 δεσπότου
2902 3445 3033 3483 σου·
3074 3429 3131 3500 ἢ,
3184 3430 3274 3483 ῖνα
3314 3428 3503 3483 εἰδέναι
3550 3426 3689 3494 ἔχοις,

2148 3526 2204 3579 ὲν
2241 3524 2319 3594 τῷ
2352 3522 2545 3593 λέϐητι
2583 3539 2643 3575 σε
2688 3522 3126 3594 καταγγισθῆναι
3159 3521 3390 3578 κελεύω.
3429 3521 3483 3574 Ἠ
3516 3519 3565 3571 δὲ
3589 3517 3681 3569 ἀπ-

2148 3616 2405 3687 εκρίνατο
2449 3616 2728 3685 λέγουσα·
2783 3615 2875 3687 Μὴ
2920 3616 3137 3684 γένοιτο
3192 3595 3435 3679 τοιοῦτος
3500 3611 3680 3667 πώποτε

2149 3708 2331 3770 ἄδικος
2350 3707 2633 3780 δικαστὴς,
2662 3708 2691 3761 ό
2724 3707 2971 3762 κελεύων
2993 3707 3392 3763 ὑποτάττεσθαι
3414 3725 3481 3779 με
3501 3702 3691 3772 ἀσωτία.

2156 3798 2495 3869 Ἀπομανεὶς
2524 3794 2618 3852 οὑν
2673 3798 2905 3867 ἐκεῖνος,
2937 3797 3154 3851 κελεύει
3204 3797 3376 3870 αὐτὴν
3418 3794 3705 3850 ἐκδοθεῖσαν

2148 3886 2489 3959 ἐμϐληθῆναι
2544 3886 2623 3958 τῷ
2656 3886 2869 3958 λέϐητι.
2913 3888 2981 3941 'H
3027 3887 3086 3941 δὲ
3138 3888 3337 3960 ἀφίησι
3399 3888 3598 3959 φωνὴν,
3644 3884 3710 3937 εί-

2148 3980 2347 4035 ποῦσα·
2386 3979 2500 4052 Τὴν
2532 3979 2778 4052 κεφαλὴν
2796 3978 2890 4033 τοῦ
2924 3980 3192 4051 βασιλέως
3226 3998 3344 4049 σου,
3380 3981 3441 4036 ὃν
3464 3981 3530 4035 σὺ
3567 3977 3712 4050 φοδῇς

2148 4074 2198 4126 εί
2253 4072 2508 4144 κέκριται
2543 4089 2627 4125 σοι
2665 4071 2726 4125 τὸ
2790 4070 2969 4137 οὑτως
3041 4090 3109 4143 με
3168 4069 3718 4146 τιμωρήσασθαι,“μὴ

2147 4165 2414 4237 κελεύσῃς
2484 4182 2553 4237 με
2627 4164 2946 4235 ὲκδυθῆναι,
3001 4166 3139 4220 ἀλλά
3212 4168 3336 4221 κατ’
3405 4166 3590 4237 όλίγον
3658 4180 3721 4236 με

2148 4259 2456 4329 πρόσταξον
2497 4259 2556 4312 ὲν
2603 4260 2671 4329 τῇ
2733 4258 3010 4331 βραξούσῃ
3067 4260 3238 4335 πίσσῃ
3298 4260 3720 4333 καταχαλᾶσθαι,

2150 4350 2238 4403 ἵνα
2268 4351 2384 4422 ίδῃς
2418 4350 2594 4419 πόσην
2632 4350 2915 4421 ὑπομονήν
2940 4369 3032 4423 μοι
3089 4353 3389 4423 ἐχαρίσατο
3423 4356 3451 4407 ὁ
3498 4351 3724 4426 Χριστὸς

2147 4441 2207 4497 δν
2241 4441 2306 4495 σὺ
2338 4443 2574 4511 ἀγνοεῖς.
2607 4444 2721 4497 Καὶ
2741 4443 3080 4514 χαλασθεῖσα
3105 4445 3249 4499 κατά
3288 4446 3505 4518 μικρὸν,
3536 4447 3611 4510 ὡς
3639 4438 3725 4497 ἐπὶ

2069 4573 2125 4633 D
2151 4534 2463 4607 παρατάσει
2494 4535 2656 4606 ὡρῶν
2696 4535 2888 4607 τριῶν,
2934 4536 3108 4601 οὕτως
3154 4538 3409 4610 ἐξέψυξεν
3450 4538 3727 4609 φθασάσης

2148 4627 2248 4698 τῆς
2278 4625 2480 4696 πίσσης
2512 4626 2643 4697 περὶ
2658 4627 2759 4705 τὸν
2782 4627 3075 4698 τράχηλον.

2662 4714 2681 4738 ⁸
2754 4738 3008 4793 ΚΕΦΑΛ.
3058 4740 3132 4794 Δν.

2714 4830 2855 4900 Περὶ
2876 4830 3158 4899 Διδύμου.

2216 4923 2482 4978 Πλεῖστον
2539 4921 2638 4992 μὲν
2689 4917 2784 4978 οῦν
2842 4922 3099 4993 σύστημα
3130 4923 3294 4994 χοροῦ
3337 4923 3493 4994 ἁγίου
3529 4923 3731 4996 ἀνδρῶν

2144 5034 2205 5070 τε
2237 5015 2638 5087 καὶγυναικῶν
2672 5015 3073 5085 ἐτελειώθησαν
3105 5016 3229 5069 τότε
3278 5016 3335 5070 ἐν
3376 5019 3443 5087 τῇ
3488 5018 3732 5084 Ἀλεξαν-

2143 5108 2318 5180 δρέων
2384 5106 2709 5177 Ἐκκλησία,
2740 5104 2881 5172 ἄξιοι
2928 5107 3247 5177 εὑρεθέντες
3307 5108 3408 5177 τῆς
3453 5109 3557 5180 γῆς
3626 5108 3728 5162 τῶν

2145 5200 2388 5273 πραέων.
2430 5198 2521 5253 Ἐν
2546 5192 2628 5263 οἷς
2657 5197 2960 5253 τελειοῦται
2996 5200 3089 5253 καὶ
3138 5202 3166 5253 ὁ
3204 5201 3477 5272 μακάριος
3500 5202 3726 5273 Δίδυμος

2144 5294 2172 5347 ὁ
2205 5294 2559 5365 συγγραφεὺς
2592 5294 2621 5345 ό
2685 5293 2794 5347 ἀπὸ
2842 5292 3107 5363 ὀμμάτων
3162 5295 3474 5365 γενόμενος,
3527 5290 3588 5351 οὑ
3640 5294 3731 5350 καὶ

2148 5384 2439 5454 συντυχίας
2467 5383 2675 5455 ἔσχηκα
2700 5384 2998 5453 τέσσαρας,
3026 5385 3089 5437 ἐκ
3115 5383 3528 5455 διαλειμμάτων
3559 5389 3729 5457 άπερ·

2144 5476 2377 5549 χόμενος
2424 5475 2563 5547 πρὸς
2630 5475 2792 5528 αὑτὸν
2837 5475 2934 5527 ἐπὶ
2978 5475 3111 5528 δέκα
3160 5474 3278 5546 ἔτη.
3331 5476 3643 5532 Τελειοῦται
3674 5476 3727 5531 δὲ

2150 5562 2326 5632 οὗτος,
2361 5565 2499 5620 ὲτῶν
2534 5565 2869 5637 ὀγδοήκοντα
2902 5564 3093 5620 πέντε.
3122 5557 3293 5630 Οὗτος
3331 5568 3425 5621 ἀπ’
3468 5569 3726 5640 ὀμμάτων

2146 5664 2417 5735 ὑπῆρχεν,
2448 5662 2525 5727 ὡς
2556 5661 2719 5727 αὑτός
2777 5679 2869 5734 μοι
2897 5662 3223 5733 διηγήσατο,
3280 5662 3581 5734 τετραέτης
3632 5662 3728 5725 τὰς

2142 5755 2300 5826 ὄψεις
2348 5752 2662 5820 ἀποϐαλὼν,
2748 5754 2887 5825 μήτε
2941 5753 3291 5825 γραμμάτων
3373 5758 3725 5825 μεμαθηκώς.

2152 5854 2288 5941 μήτε
2322 5848 2471 5922 παρά
2505 5845 2851 5910 διδασκάλοις
2873 5845 3165 5917 φοιτήσας’
3190 5842 3302 5917 εἶχε
3336 5845 3439 5920 γὰρ
3472 5846 3563 5901 τὸν
3593 5844 3726 5901 κατὰ
