4020 6432
265 433 409 489 1015

250 552 417 613 uella:
464 547 792 615 eremiticae,
836 544 1050 601 circiter
1095 540 1281 612 quinto
1334 538 1402 591 ab
1440 535 1573 590 urbe
1628 531 1827 602 lapide.
1856 530 1913 590 Δ

878 679 1104 738 CAPUT
1138 677 1195 734 II.

685 793 969 851 Dorotlteus
1007 790 1083 862 (⁵5)
1116 787 1403 843 Thebanus.

328 912 400 969 Et
424 925 510 968 me
537 908 702 965 tradit
728 905 937 962 cuidam
966 900 1231 957 Dorotlieo
1256 896 1598 954 exercitatori
1622 894 1835 950 Theba-

255 1022 332 1065 no
360 1003 751 1072 sexagesimum
778 1011 978 1053 annum
1004 994 1182 1065 agenti
1212 993 1266 1047 in
1292 992 1571 1061 spelunca,
1611 998 1666 1044 et
1684 988 1834 1057 jubet

257 1111 347 1153 me
375 1095 597 1163 implere
624 1091 763 1161 apud
792 1090 965 1158 ipsum
982 1096 1090 1141 tres
1115 1098 1280 1138 annos
1306 1082 1372 1136 ad
1395 1078 1689 1136 domandas
1722 1078 1837 1131 ani-

256 1189 333 1244 mi
365 1184 788 1256 perturbationes
825 1177 1051 1252 (sciebat
1088 1176 1231 1231 enim
1278 1188 1462 1230 senem
1487 1187 1645 1241 agere
1673 1170 1833 1225 vitam

256 1279 545 1335 admodum
568 1276 756 1331 duram
789 1282 842 1327 et
866 1268 1156 1340 asperam),
1183 1276 1235 1323 et
1267 1275 1541 1337 postquam
1574 1278 1833 1319 annorum

256 1383 540 1425 numerum
556 1366 884 1433 implessem,
912 1375 1095 1416 rursus
1117 1358 1180 1413 ad
1203 1372 1324 1413 eum
1348 1364 1666 1423 reverterer,
1690 1368 1837 1408 man-

256 1460 405 1514 davit
430 1459 499 1513 ob
516 1457 777 1525 reliquam
801 1451 1097 1509 doctrinam
1125 1447 1439 1518 Spiritalem.
1497 1445 1629 1501 Cum
1656 1454 1836 1499 autem

260 1566 368 1606 non
417 1550 709 1618 potuissem
749 1546 889 1616 apud
929 1559 1051 1600 eum
1103 1542 1326 1609 implere
1374 1553 1654 1595 numerum
1680 1538 1837 1592 trium

260 1655 549 1708 annorum,
626 1654 695 1697 eo
753 1638 901 1711 quod
964 1636 1019 1693 in
1091 1634 1342 1690 morbum
1410 1631 1715 1686 incidissem
1746 1644 1839 1684 ve-

264 1731 602 1793 hementem,
652 1728 720 1780 ab
749 1741 814 1781 eo
840 1725 1039 1780 recessi
1071 1734 1193 1778 ante
1232 1731 1440 1791 tempus
1465 1724 1839 1792 praestitutum.

264 1820 395 1874 Erat
421 1820 562 1874 enim
586 1818 699 1885 ejus
723 1816 844 1871 vitae
869 1815 1007 1870 ratio
1032 1814 1186 1884 longe
1231 1815 1547 1883 asperrima,
1600 1812 1839 1881 squalida

1522 410 1839 472 utsronta
1880 394 2243 468 LAUSIACA.‘

3364 398 3503 455 10H

1939 537 1997 582 tu
2058 524 2303 582 manebis
2346 536 2615 591 nunquam
2671 519 2892 575 bibens?
2938 517 3052 588 Ipse
3096 524 3271 573 autem
3315 531 3346 571 e
3375 518 3505 572 cella

1934 632 2203 686 egressus,
2228 630 2351 670 cum
2403 629 2500 684 per
2549 628 2607 667 se
2634 612 2918 675 hausisset,
2953 608 3085 662 bibit
3110 608 3345 677 jejunus,
3383 624 3506 663 cum

1933 710 2081 778 prius
2108 706 2381 777 signaculo
2421 706 2597 759 erucis
2645 702 2941 762 muniisset.
2989 708 3045 753 et
3084 699 3307 753 dixisset
3339 717 3352 753 :
3406 697 3510 754 Ubi

1932 811 2061 853 crux
2080 796 2233 852 adest
2257 795 2364 867 (7),
2397 794 2506 849 illic
2527 792 2726 846 viribus
2742 800 2887 845 caret
2924 789 3120 844 diaboli
3153 789 3483 859 improbitas.

2545 883 2771 940 CAPUT
2800 883 2892 938 III.

2199 980 2328 1034 Acta
2350 986 2397 1032 et
2429 977 2767 1046 temperantia
2799 973 3128 1028 Potamiaena:
3154 971 3232 1043 (3)
3255 1009 3273 1026 .

2007 1072 2203 1127 Beatus
2226 1085 2353 1139 ergo
2384 1069 2618 1123 Isidorus
2645 1065 3011 1129 xenodoclius,
3043 1064 3133 1134 qui
3160 1064 3370 1119 beatum
3403 1064 3513 1119 An-

1940 1164 2141 1217 tonium
2172 1170 2517 1226 convenerat,
2548 1160 2785 1213 narravit
2812 1157 2965 1221 mihi,
2995 1171 3054 1211 se
3084 1157 3152 1212 ab
3179 1170 3244 1212 eo
3273 1156 3514 1210 audivis-

1936 1271 1996 1311 se
2025 1269 2139 1309 rem
2169 1253 2385 1327 dignam
2414 1266 2531 1319 qua:
2556 1249 2838 1305 mandetur
2860 1246 3074 1303 litteris.

2012 1345 2345 1400 Potamimna
2376 1344 2617 1413 quredam
2648 1341 2820 1409 puella
2847 1339 3253 1403 formosissima,
3277 1345 3517 1406 tempore

1937 1435 2207 1491 Maximini
2232 1432 2585 1503 persecutoris
2612 1429 2711 1484 fuit
2732 1429 2920 1483 ancilla
2942 1429 3216 1497 cujusdam
3253 1427 3515 1495 intempe-

1935 1527 2105 1583 rantis
2133 1536 2187 1582 et
2206 1524 2496 1581 libidinosi.
2549 1523 2717 1589 Quam
2744 1536 2865 1575 eum
2896 1520 3120 1575 multum
3152 1528 3413 1588 rogasset,
3462 1529 3517 1573 et

1939 1618 1991 1675 ei
2019 1618 2163 1673 varia
2187 1616 2521 1687 promisisset
2542 1615 2655 1683 ejus
2670 1613 2938 1676 dominus,
2963 1626 3077 1664 eam
3104 1626 3207 1664 non
3235 1610 3402 1677 potuit
3419 1610 3514 1664 de-

1941 1710 2141 1779 cipere.
2168 1707 2284 1772 Quo
2310 1707 2508 1761 factum
2551 1712 2635 1760 est
2661 1712 2719 1759 ut
2744 1704 2787 1759 is
2811 1702 3021 1757 tandem
3054 1702 3229 1756 furore
3260 1701 3514 1771 percitus,

1941 1817 2059 1857 eam
2124 1801 2361 1856 traderet
2434 1798 2685 1868 praefecto
2772 1795 3138 1850 Alexandrino
3219 1795 3347 1864 (fl),
3428 1793 3518 1862 qui

262 1922 318 1967 et
349 1917 501 1980 plane
542 1883 711 1965 arida.
752 1911 888 1965 Toto
919 1909 1058 1965 enim
1110 1883 1218 1976 die,
1269 1917 1427 1978 atque
1473 1909 1607 1963 adeo
1643 1908 1696 1962 in
1723 1909 1839 1978 ipso
1868 1883 1917 1946 Β
1942 1902 2059 1950 erat
2102 1909 2167 1950 θο
2215 1902 2461 1961 templi"?
2493 1928 2509 1953 υ
2557 1901 2803 1959 umquam
2832 1889 3182 1944 (δίιῒίεῑίθηθιυ
3216 1926 3231 1950 ο
3295 1894 3349 1980 (ξι
3379 1900 3519 1980 “qui”

263 2012 397 2056 aestu
426 2002 686 2065 meridiei,
742 2003 794 2056 in
825 2001 1109 2056 solitudine
1145 2016 1266 2071 quae
1294 2008 1375 2056 est
1424 2008 1643 2070 propter
1671 2016 1838 2070 mare,

267 2094 349 2145 col
374 2092 550 2161 igebat
576 2093 797 2161 lapides.
828 2102 882 2146 et
906 2107 971 2147 ex
1000 2092 1082 2148 eis
1111 2107 1323 2162 semper
1338 2093 1628 2158 :edifieans,
1661 2102 1713 2148 et
1735 2093 1842 2148 cel-

264 2186 344 2241 las
384 2187 603 2252 faciens,
657 2200 747 2241 eas
776 2186 1001 2241 cedebat
1048 2187 1114 2240 iis
1152 2187 1238 2256 qui
1271 2200 1375 2241 non
1407 2196 1651 2257 poterant
1674 2188 1845 2243 aedifi-

262 2291 406 2341 care,
431 2275 657 2342 singulis
694 2275 845 2327 annis
871 2275 1059 2327 cellam
1085 2274 1309 2331 faciens.
1357 2276 1491 2330 (‘um
1538 2287 1716 2332 autem
1746 2294 1845 2349 ego

267 2368 552 2437 aliquando
576 2367 699 2420 huic
730 2374 915 2420 sancto
944 2366 1197 2421 dixissem
1232 2386 1245 2420 :
1297 2367 1434 2435 Quid
1476 2368 1612 2438 agis,
1663 2369 1843 2437 Pater,

268 2460 320 2513 in
348 2466 492 2512 tanta
523 2466 801 2512 senectute
830 2456 1206 2525 corpusculum
1248 2466 1395 2511 tuum
1427 2460 1678 2515 occidens
1703 2462 1846 2515 calo-

268 2548 419 2601 ribus
447 2545 906 2601 intolerabilibus?
950 2546 1245 2615 Respondit
1276 2547 1427 2613 mihi,
1453 2549 1635 2603 dicens
1667 2565 1681 2602 :
1713 2549 1847 2605 Illud

273 2653 356 2691 me
384 2637 605 2704 occidit,
636 2652 734 2706 ego
754 2652 963 2707 quoque
988 2639 1157 2707 ipsum
1205 2638 1466 2694 occidam.
1522 2639 1849 2695 Comedebat

268 2738 445 2782 autem
474 2728 693 2795 singulis
715 2728 901 2783 diebus
927 2743 1021 2784 sex
1049 2731 1229 2785 uncias
1244 2732 1415 2800 panis,
1442 2741 1496 2785 et
1523 2732 1845 2785 minutorum

268 2820 472 2873 olerum
516 2817 828 2874 fasciculum
878 2818 991 2890 (4);
1039 2834 1191 2888 aqua:
1217 2830 1393 2875 autem
1434 2820 1645 2875 bibebat
1675 2820 1848 2874 modi-

269 2892 399 2963 εικῆ
420 2908 567 2975 quid.
620 2909 783 2963 Deum
828 2916 1006 2962 autem
1067 2918 1233 2963 testor
1286 2924 1372 2963 me
1412 2924 1682 2978 nunquam
1726 2923 1846 2963 eum

271 2999 585 3065 cognovisse
616 2998 776 3067 pedes
806 2997 1132 3062 extendisse,
1178 3012 1282 3052 non
1328 2998 1503 3053 dedita
1535 3013 1699 3067 Opera
1726 2998 1851 3053 dor-

272 3089 456 3143 miisse
482 3087 535 3142 in
562 3097 699 3153 toro,
731 3095 821 3140 aut
844 3102 1004 3154 super
1030 3088 1258 3155 lectum;
1289 3087 1382 3143 sed
1415 3103 1508 3156 per
1553 3096 1716 3143 totam
1750 3102 1849 3143 no-

272 3187 413 3231 etem
448 3174 644 3231 sedens
674 3176 992 3231 contexebat
1030 3178 1204 3232 funem
1234 3192 1297 3232 ex
1331 3182 1489 3233 ramis
1520 3177 1599 3247 (5)
1642 3179 1842 3247 palma-

1943 1994 2186 2054 tempora
2254 1992 2310 2038 et
2376 1983 2729 2050 imperatores
2797 1980 3150 2034 insectaretur
3221 1976 3519 2030 maledictis

1944 2082 2163 2145 prepter
2229 2072 2654 2142 persecutiones;
2733 2068 3001 2139 pollicitus
3053 2083 3111 2122 se
3159 2067 3207 2121 ei
3270 2082 3511 2135 magnam

1945 2167 2183 2236 pecunia:
2214 2167 2319 2218 vim
2359 2171 2605 2217 daturum
2633 2160 2701 2215 ob
2726 2159 2843 2228 ejus
2867 2159 3243 2220 calamitatem,
3286 2158 3470 2211 dicens
3505 2172 3519 2209 :

1946 2257 2002 2312 Si
2032 2255 2083 2311 ei
2108 2255 2436 2325 persuaseris
2464 2263 2522 2308 ut
2551 2267 2672 2308 meo
2711 2251 2978 2305 desiderio
3017 2249 3359 2315 assentiatur,
3399 2263 3519 2302 eam

1960 2345 2172 2401 custodi
2204 2345 2350 2399 nullo
2378 2343 2620 2398 all‘ectam
2643 2341 2920 2410 supplicio.
2970 2339 3119 2406 Quod
3149 2340 3191 2392 si
3242 2340 3521 2392 mansisset

1946 2438 1999 2491 in
2030 2452 2091 2492 ea
2120 2451 2276 2505 quam
2307 2436 2372 2489 ab
2412 2436 2566 2489 initio
2595 2433 2898 2489 ostenderat
2929 2432 3257 2494 austeritate,
3306 2431 3515 2497 rogavit

1949 2536 2102 2583 utea
2133 2526 2395 2594 supplicio
2436 2525 2621 2579 affecta
2665 2533 2977 2587 moreretur,
3032 2537 3121 2587 ne,
3170 2522 3374 2588 dicens,
3405 2523 3521 2577 viva

1950 2633 2122 2673 meam
2153 2617 2370 2671 irrideat
2398 2613 2878 2683 intemperantiam.
2917 2613 3175 2666 l’roducta
3201 2623 3376 2665 autem
3399 2621 3522 2667 ante

1950 2708 2179 2763 tribunal
2209 2708 2360 2775 virgo
2384 2703 2564 2770 fortis,
2627 2704 2854 2758 diversis
2902 2703 2968 2757 ad
3002 2717 3184 2771 ptenas
3232 2703 3521 2757 sumendas

1950 2796 2272 2866 comparatis
2312 2793 2699 2859 instrumentis,
2742 2808 2965 2862 corpore
2993 2793 3089 2846 fuit
3118 2792 3440 2862 excruciata,
3469 2803 3522 2847 et

1952 2886 2209 2941 adversus
2240 2885 2433 2939 multas
2465 2899 2525 2937 ac
2558 2884 2729 2936 varias
2782 2884 3019 2937 rationes
3063 2891 3241 2936 mente
3270 2890 3519 2950 tanquam

1953 2976 2114 3030 turris
2141 2976 2293 3028 ﬁrma
2325 2988 2388 3028 ac
2413 2972 2618 3028 stabilis
2644 2972 2944 3026 resistebat.
2987 2971 3129 3025 Inter
3174 2971 3523 3026 instrumenta

1953 3077 2129 3121 autem
2161 3065 2562 3134 suppliciorum,
2588 3062 2856 3117 crudelius
2883 3061 3149 3131 quoddam
3173 3062 3380 3116 caeteris
3411 3070 3524 3115 tor-

1956 3169 2194 3213 mentum
2227 3157 2296 3212 ab
2325 3172 2390 3212 eo
2412 3157 2501 3227 qui
2533 3165 2655 3211 tunc
2684 3166 2796 3211 erat
2823 3156 2988 3224 judex
3012 3155 3282 3210 inventum
3306 3164 3407 3210 est.
3432 3155 3525 3209 .Iu-

275 3281 415 3331 rnm,
442 3276 497 3319 ut
518 3280 583 3319 ex
607 3280 674 3321 eo
696 3267 798 3320 sibi
832 3267 1029 3320 victum
1056 3275 1286 3333 pararet.
1310 3266 1443 3320 Cum
1469 3243 1841 3337 autem-suspi-
1867 3243 1912 3305 C
1947 3250 2191 3305 ὺθίθυῖῐη
2216 3264 2463 3319 magnum
2484 3248 2710 3303 lebele‘“
2738 3249 2854 3316 Ρίοθ
2874 3248 3134 3315 repletum
3162 3248 3517 3301 κθιλεῐηὲηιῖε·

274 3372 429 3414 carer
460 3375 603 3425 eum,
654 3373 775 3412 cum
806 3358 1051 3413 adessem
1080 3358 1439 3427 solummodo,
1474 3369 1576 3413 tam
1607 3369 1846 3415 extrema

274 3467 428 3506 usum
459 3465 580 3505 esse
608 3451 1012 3513 exercitatione,
1045 3449 1349 3504 sciscitatus
1371 3466 1486 3505 sum
1515 3459 1574 3505 ut
1595 3452 1786 3506 scirem
1819 3468 1847 3505 a

273 3539 637 3608 compluribus
657 3539 773 3609 ejus
796 3539 1089 3608 discipulis,
1113 3554 1179 3593 an
1211 3549 1464 3609 perpetuo
1485 3551 1721 3596 uteretur
1742 3551 1848 3595 tam

273 3640 520 3684 accurata
543 3638 841 3698 exactaque
869 3630 1254 3685 exercitatione
1306 3651 1319 3687 :
1362 3633 1449 3701 qui
1499 3633 1709 3699 quidem
1740 3648 1848 3687 ina-

276 3720 473 3773 nebant
496 3719 597 3790 ipsi
626 3735 835 3790 quoque
854 3720 1107 3790 deinceps
1134 3734 1399 3787 seorsum,
1456 3735 1514 3776 se
1536 3732 1681 3777 recte
1704 3733 1755 3776 et
1778 3736 1845 3776 ex

277 3812 471 3865 virtute
497 3820 764 3881 gerentes.
798 3796 1013 3867 ﬂim'ibi
1041 3813 1289 3869 dixerunt
1340 3814 1480 3882 quod
1525 3829 1554 3867 a
1580 3813 1851 3881 juvernne

278 3900 439 3955 vitam
461 3916 611 3955 suam
641 3902 715 3957 ita
748 3902 1009 3969 instituit,
1039 3918 1310 3973 nunquam
1342 3904 1517 3958 dedita
1547 3920 1708 3974 opera
1731 3906 1853 3958 dor-

279 3991 447 4047 miens
477 3992 577 4046 nisi
622 3992 759 4062 quod
802 3992 939 4049 inter
978 3995 1303 4062 operandum
1336 3994 1415 4048 vel
1464 3995 1851 4049 comedendum

278 4079 560 4149 aliquando
589 4082 906 4138 convivcbat
952 4082 1121 4137 oculis
1152 4082 1414 4151 deiectis;
1461 4085 1595 4138 adeo
1626 4095 1681 4138 ut
1712 4099 1853 4153 smpe

280 4172 434 4240 panis
461 4188 674 4242 quoque
703 4172 783 4245 (6)
815 4188 879 4228 ex
897 4173 1012 4244 ejus
1041 4188 1138 4229 ore
1167 4175 1435 4229 excideret
1464 4190 1587 4231 esus
1615 4185 1855 4241 tempore

280 4272 497 4330 propter
526 4262 748 4316 nimiam
781 4263 1237 4319 dormitationem.
1270 4265 1403 4319 Cum
1436 4278 1612 4321 autem
1635 4264 1733 4336 ego
1758 4269 1854 4321 ali-

277 4352 488 4420 quando
513 4367 755 4421 cogerem
810 4353 953 4408 hunc
992 4366 1231 4409 sanctum
1260 4357 1725 4426 paululumjacere
1764 4374 1856 4413 su-

281 4456 374 4508 per
402 4450 657 4507 stoream,
689 4456 829 4513 aegre
860 4443 1035 4499 ferens
1052 4444 1176 4497 mihi
1206 4444 1341 4498 dixit
1368 4462 1382 4499 :
1410 4445 1465 4499 Si
1494 4448 1706 4515 quando
1735 4462 1857 4515 per-

280 4530 515 4586 suaseris
544 4532 751 4601 angelis
777 4541 833 4586 ut
861 4532 1128 4589 dormiant
1199 4544 1310 4589 tum
1360 4536 1569 4591 virtutis
1618 4538 1855 4592 studioso

278 4635 490 4691 quoque
517 4623 867 4691 persuaseris.

350 4711 591 4778 Quodam
622 4720 797 4766 autem
827 4712 913 4767 dte
948 4716 1014 4766 ad
1047 4721 1261 4782 puteum
1293 4727 1444 4768 suum
1476 4729 1561 4769 tne
1592 4715 1733 4771 misit
1759 4716 1858 4771 cir-

280 4817 342 4857 ca
366 4803 551 4857 heram
581 4817 794 4869 nonam,
822 4814 879 4857 ut
906 4804 1183 4872 implerem
1209 4805 1423 4874 cadum,
1451 4821 1557 4875 quo
1578 4822 1645 4861 eo
1691 4808 1742 4861 in
1770 4824 1855 4863 re-

281 4891 510 4950 fectinne
566 4903 807 4950 uteretur
879 4909 999 4949 cum
1058 4894 1279 4951 instaret
1331 4897 1459 4951 hora
1494 4898 1596 4952 cibi
1636 4899 1856 4969 capien-

282 4982 358 5038 di.
408 4986 613 5041 Aecidit
660 4995 837 5041 autem
888 4996 943 5039 ut
988 5000 1108 5041 cum
1162 4989 1506 5045 accessissem
1540 5030 1554 5056 ,
1620 4989 1755 5044 infra
1801 4992 1852 5045 in

288 5081 445 5142 puteo
474 5075 710 5131 viderem
758 5076 1019 5145 aspidem,
1079 5086 1133 5131 et
1184 5093 1292 5147 prie
1344 5088 1485 5135 metu
1521 5095 1710 5149 aquam
1756 5080 1858 5135 mi-

283 5164 425 5218 nime
479 5161 772 5227 baurirem,
828 5165 921 5220 sed
964 5166 1229 5221 currendo
1279 5182 1522 5223 reversus
1556 5171 1601 5223 ei
1650 5170 1858 5225 nuntia-

282 5266 420 5321 rem,
446 5253 629 5308 dicens
663 5272 677 5308 :
712 5256 991 5320 Periimus,
1016 5257 1173 5322 abba,
1209 5257 1315 5311 vidi
1345 5259 1486 5312 enim
1516 5258 1753 5327 aspidem
1781 5260 1863 5315 in-

280 5339 447 5395 ferius
469 5342 520 5397 in
551 5354 729 5413 puteo.
776 5346 866 5400 Ille
889 5354 1067 5401 autem
1116 5345 1337 5402 honeste
1374 5349 1676 5414 subridens,
1725 5365 1859 5421 quo-

282 5432 424 5487 niam
450 5436 553 5490 mei
600 5452 842 5506 magnam
875 5438 1102 5493 habebat
1127 5440 1412 5507 rationem,
1459 5450 1514 5496 et
1541 5452 1698 5513 caput
1728 5460 1857 5513 qua-

284 5524 445 5592 tiens,
490 5526 623 5591 dixit
656 5544 668 5581 :
722 5528 778 5583 Si
813 5530 980 5583 visum
1015 5528 1173 5585 fuerit
1200 5529 1410 5586 diabolo
1438 5531 1490 5586 in
1520 5547 1731 5587 omnem
1755 5548 1855 5603 pu-

284 5624 425 5671 tcum
454 5617 673 5684 injicere
701 5630 978 5690 serpentes
1001 5662 1016 5687 ,
1051 5630 1103 5677 et
1125 5622 1360 5690 aspides.
1411 5623 1495 5677 vel
1541 5627 1854 5693 testudines,

279 5716 368 5763 aut
407 5708 511 5765 alia
531 5721 788 5775 venenata
812 5713 1145 5780 animalia,'in
1167 5730 1355 5771 omnes
1378 5715 1552 5772 fontes
1578 5732 1854 5788 aquarum,

1883 4603 1937 4663 D

1950 3342 2087 3396 simo
2109 3343 2230 3410 igne
2252 3341 2493 3396 accendi.
2518 3339 2647 3395 Cum
2667 3339 2886 3393 bulliret
2906 3352 3037 3405 ergo
3062 3337 3148 3406 pix
3171 3346 3225 3389 et
3253 3337 3407 3391 valde
3435 3352 3522 3390 ar-

1950 3433 2121 3497 deret,
2169 3444 2458 3485 conversus
2480 3429 2543 3482 ad
2572 3430 2715 3483 illam
2750 3429 2955 3482 beatam
2987 3441 3160 3481 saevus
3190 3442 3407 3495 praeses,
3440 3427 3522 3480 di-

1951 3525 2029 3578 xit
2057 3541 2068 3575 :
2104 3524 2227 3587 Abi,
2254 3536 2380 3591 pare
2406 3521 2662 3575 voluntati
2695 3518 2893 3572 domini
2938 3518 3045 3581 tui;
3096 3517 3314 3584 alioqui,
3350 3525 3406 3569 tit
3436 3516 3517 3569 in—

1952 3616 2179 3685 telligas,
2195 3615 2355 3687 jpbeo
2378 3623 2427 3666 te
2450 3612 2662 3666 devolvi
2688 3610 2739 3663 in
2766 3608 3015 3662 lebetem.
3040 3606 3131 3660 Illa
3155 3621 3279 3660 vero
3299 3621 3522 3671 rc5pon-

1953 3705 2057 3767 dit,
2078 3705 2262 3758 dicens
2289 3720 2301 3755 :
2334 3701 2487 3757 Absit
2534 3708 2591 3753 ut
2632 3699 2701 3752 sit
2738 3696 2898 3767 judex
2923 3696 3057 3749 adeo
3088 3696 3297 3763 iniquus
3319 3696 3406 3764 qui
3436 3709 3523 3749 me

1950 3798 2135 3869 jubeat
2157 3809 2345 3864 parere
2372 3792 2574 3848 libidini
2591 3800 2644 3846 et
2672 3792 3113 3859 intemperantiae.
3138 3787 3227 3841 Ille
3250 3788 3425 3855 itaque
3448 3786 3526 3838 fu-

1956 3902 2078 3943 rore
2109 3886 2360 3955 percitus,
2413 3883 2565 3953 jubet
2588 3897 2704 3936 cam
2727 3880 2870 3943 exui,
2920 3888 2974 3933 et
3017 3879 3068 3930 in
3100 3877 3325 3931 lebeteni
3358 3875 3524 3943 injici.

1960 3980 2048 4034 Illa
2075 3992 2202 4032 vero
2228 3990 2414 4031 vocem
2442 3974 2655 4037 emittit,
2704 3972 2885 4025 dicens
2918 3988 2931 4023 :
2986 3969 3089 4022 Per
3117 3977 3273 4034 caput
3304 3967 3527 4034 impera-

1958 4072 2088 4125 toris
2125 4068 2237 4139 (IO)
2270 4082 2424 4137 quem
2454 4076 2507 4119 tu
2538 4067 2711 4127 times,
2740 4063 2782 4116 si
2814 4060 3042 4115 statuisti
3064 4060 3140 4113 sic
3159 4072 3243 4111 me
3271 4057 3529 4125 supplicio

1957 4162 2196 4226 allicere,
2222 4174 2287 4212 ne
2319 4156 2544 4226 jusseris
2575 4171 2658 4210 me
2678 4153 2833 4218 exui;
2887 4153 2977 4205 sed
3013 4152 3137 4218 jnbe
3161 4164 3247 4203 me
3279 4151 3527 4213 tau‘atim

1958 4252 2013 4306 in
2046 4252 2214 4319 picem
2244 4248 2538 4301 ferventem
2569 4244 2795 4307 demitti,
2827 4250 2885 4294 ut
2910 4242 3089 4295 videas
3115 4249 3363 4309 quantam
3398 4239 3526 4291 mihi

1964 4343 2189 4412 largitus
2233 4350 2313 4393 est
2342 4338 2651 4409 patientiam
2691 4335 2930 4388 Christus
2974 4347 3130 4401 quem
3191 4338 3243 4383 tu
3297 4330 3526 4397 ignoras.

1958 4434 2085 4502 Qua:
2130 4434 2210 4488 sic
2255 4430 2507 4498 paulatim
2554 4427 2783 4481 demissa
2833 4425 3004 4492 spatio
3055 4424 3212 4475 trium
3253 4420 3527 4484 horarum,

1958 4524 2135 4581 emisit
2184 4522 2431 4591 Spiritum
2461 4534 2577 4573 cum
2607 4518 2690 4585 pix
2719 4515 3049 4585 pervenisset
3071 4513 3135 4565 ad
3164 4511 3281 4582 ejus
3306 4510 3525 4564 collum.

2569 4606 2793 4662 CAPUT
2820 4606 2907 4659 IV.

2409 4702 2522 4757 Vita
2549 4702 2565 4731 ¹
2602 4700 2806 4768 Didymi
2833 4696 2947 4766 (11)
2968 4695 3103 4747 orbi.

2033 4798 2297 4853 Plurimus
2318 4810 2444 4864 ergo
2470 4800 2638 4847 cretus
2659 4799 2963 4843 sanctorum
2989 4787 3223 4840 virorum
3254 4793 3307 4837 et
3338 4783 3529 4837 mulie-

1962 4908 2080 4948 rum
2104 4899 2230 4945 tunc
2257 4888 2354 4943 fuit
2383 4891 2777 4943 consummatus
2812 4880 2865 4933 in
2896 4878 3122 4933 ecclesia
3152 4875 3528 4943 Alexandrina,

1959 4986 2047 5054 qui
2078 4989 2205 5036 sunt
2234 4979 2431 5034 inventi
2454 4975 2598 5046 digni
2631 4983 2770 5028 terra
2802 4971 3027 5024 mitium.
3070 4966 3212 5021 Inter
3239 4981 3370 5034 quos
3399 4980 3521 5018 con

1962 5082 2258 5131 summatur
2342 5075 2509 5130 etiam
2579 5068 2773 5122 beatus
2844 5059 3073 5128 scriptor
3153 5057 3409 5126 Didymus
3438 5072 3529 5124 qni

1961 5172 2061 5226 fuit
2084 5169 2247 5224 orbus
2272 5165 2410 5238 (l2).
2439 5165 2570 5217 Cum
2594 5176 2697 5229 quo
2713 5159 2809 5212 fuit
2834 5156 2962 5210 milii
2991 5163 3175 5225 quater
3196 5154 3525 5222 congressio,

1961 5278 2083 5318 cum
2109 5260 2293 5314 decem
2330 5266 2590 5309 annorum
2636 5247 2917 5317 intcrjeeto
2959 5245 3237 5299 intervallo
3288 5245 3352 5297 ad
3408 5259 3530 5298 eum

1959 5351 2352 5425 proficiscerer.
2409 5345 2458 5399 Is
2508 5350 2682 5397 autem
2743 5347 3141 5395 consummatur
3171 5347 3322 5390 natus
3366 5349 3534 5387 annos

1964 5444 2230 5512 octoginta
2259 5438 2513 5508 quinque.
2546 5434 2667 5489 Fuit
2687 5442 2864 5486 autem
2893 5430 2937 5485 is
2967 5432 3148 5496 orbus,
3206 5441 3261 5481 ut
3291 5428 3378 5495 qui
3413 5443 3529 5478 cum

1964 5542 2110 5590 esset
2132 5538 2361 5600 quatuor
2412 5539 2582 5578 annos
2606 5531 2780 5587 natus,
2822 5520 3004 5574 oculos
3033 5521 3133 5572 ami
3167 5518 3290 5583 erit,
3335 5524 3392 5568 ut
3422 5516 3532 5581 ipse

1969 5625 2098 5680 mihi
2122 5619 2355 5677 narravit
2376 5634 2391 5683 ;
2411 5626 2464 5672 et
2486 5628 2658 5683 neque
2681 5612 2883 5667 litteras
2899 5610 3101 5675 didicit,
3123 5622 3294 5675 neque
3314 5606 3536 5659 ventita-

1966 5719 2040 5773 vit
2064 5716 2130 5771 ad
2160 5720 2533 5784 praeceptores.
2550 5706 2789 5763 Habebat
2813 5703 2953 5761 enim
2976 5699 3266 5758 secundum
3289 5705 3533 5755 naturain

363 5821 376 5851 '
408 5825 503 5884 llic
531 5825 788 5900 Didymus
821 5826 970 5886 initio
999 5800 1279 5888 sanctitate
1310 5842 1360 5891 et
1390 5833 1628 5892 doctrina
1657 5835 1855 5903 clarus,
1897 5834 1961 5893 ad
1985 5842 2308 5901 extremum,
2339 5828 2657 5901 Oiigenista.
