4020 6424
600 394 739 449 1015

2077 395 2394 453 PALLADII

3751 408 3864 466 ifilli

607 530 920 604 magistram
950 530 1154 585 firmam
1190 544 1252 585 ac
1273 529 1524 597 validam,
1585 530 1850 599 propriam
1892 527 2173 582 conscien-
2205 525 2257 584 A
2285 536 2419 576 nens
2450 520 2645 586 linum;
2688 521 2908 590 reliquis
2933 532 3109 577 autem
3142 524 3286 579 horis
3327 535 3513 582 mente
3557 529 3778 586 revolvo
3800 534 3859 586 vi-

609 631 757 683 tiatn.
788 627 953 683 Tanta
978 637 1155 682 autem
1188 626 1443 697 Spiritalis
1472 624 1785 694 cognitionis
1814 625 1911 678 fuit
1946 635 2178 677 exorna-

609 730 694 777 tus
730 722 898 791 gratia
930 762 944 787 ,
995 731 1050 775 ut
1100 736 1279 775 revera
1310 719 1623 787 impleretur
1666 720 1715 771 in
1768 731 1833 772 eo
1860 721 2001 786 quod
2042 719 2178 771 scri-

611 821 757 882 ptum
807 819 891 866 est
943 829 955 865 :
1010 810 1265 895 Dominus
1309 810 1571 863 illuminat
1620 807 1739 877 (15)
1786 823 1961 863 cteros
2006 808 2176 878 (Paul.

609 904 788 977 CXLV).
814 904 979 959 Vetus
1003 905 1144 958 enim
1176 913 1229 957 et
1259 917 1451 957 novum
1483 901 1878 955 Testamentum
1920 901 2181 968 interpre-

609 994 817 1048 tabatur
850 992 915 1048 ad
967 994 1185 1047 verbum
1240 1008 1251 1041 :
1299 991 1543 1061 dogmata
1591 1000 1769 1043 autem
1811 989 2079 1043 subtiliter
2126 998 2181 1044 et

606 1097 712 1140 tant
736 1095 951 1140 strenue
976 1083 1297 1154 exponebat,
1323 1092 1380 1137 ut
1405 1096 1592 1137 omnes
1614 1091 1825 1137 veteres
1846 1080 2064 1137 scientia
2091 1097 2181 1136 su-

606 1177 822 1245 perarit.

673 1267 721 1320 is
758 1281 878 1320 cum
908 1264 1188 1334 aliquando
1220 1278 1304 1317 me
1332 1272 1548 1333 cogeret
1598 1265 1653 1317 in
1683 1263 1817 1318 cella
1849 1263 2023 1318 facere
2052 1275 2177 1319 ora-

603 1360 825 1423 tionem,
857 1373 956 1427 ego
988 1368 1161 1411 autem
1194 1357 1414 1422 nollem,
1450 1356 1579 1410 mihi
1606 1356 1739 1410 dixit
1775 1372 1997 1409 narrans
2032 1375 2044 1409 :
2074 1358 2181 1411 Ter

602 1451 652 1505 in
680 1450 816 1503 banc
844 1448 1034 1501 cellam
1064 1447 1332 1515 ingressus
1366 1456 1446 1501 est
1477 1448 1659 1501 beatus
1689 1446 1972 1512 Antonius,
2007 1456 2060 1500 ut
2092 1462 2177 1501 me

598 1542 819 1603 viseret;
852 1540 938 1605 qui
972 1554 999 1590 a
1036 1552 1120 1591 me
1153 1548 1365 1605 rogatus
1394 1545 1452 1590 ut
1482 1536 1680 1591 faceret
1710 1538 2028 1599 oratio-tem,
2073 1546 2181 1589 sta-

599 1632 689 1683 tim
716 1646 851 1698 genu
877 1629 1024 1682 ﬂexit
1056 1628 1105 1680 in
1132 1628 1227 1681 hac
1256 1627 1411 1691 cella,
1443 1641 1615 1696 neque
1648 1627 1917 1681 connnisit
1957 1635 2010 1679 ut
2040 1626 2179 1694 quod

594 1722 837 1775 dixeram
886 1721 1077 1774 iterum
1127 1729 1447 1786 repeterem,
1501 1733 1561 1771 re
1593 1717 1703 1786 ipsa
1733 1716 1947 1785 quidem
1981 1717 2178 1770 docens

593 1811 646 1865 in
675 1810 997 1864 ubedientia.
1031 1811 1206 1873 Quare
1256 1808 1299 1861 si
1335 1817 1388 1860 tu
1420 1822 1629 1877 quoque
1657 1806 1771 1876 ejus
1804 1808 1926 1860 vita:
1960 1808 2179 1876 vestigia

2286 620 2391 666 tam
2423 620 2727 667 sanctorum
2760 611 2999 677 Patrum,
3040 622 3095 667 et.
3137 616 3592 683 patriarcharum,
3627 627 3683 672 et
3710 632 3859 675 certa-

2286 705 2429 758 mina
2486 703 2762 757 beatorum
2817 702 3213 770 apostolorum,
3262 714 3316 759 et
3358 707 3776 776 prophetarum,
3822 723 3861 766 et

2287 803 2601 863 martyrum.
2630 792 2917 862 P05tquam
2949 802 3125 847 autem
3156 795 3453 850 adventarit
3475 813 3739 867 vespera,
3762 818 3861 856 curn

2287 884 2566 937 Dominum
2610 898 2788 937 meum
2837 885 3226 953 glorificavero,
3270 888 3447 942 cibum
3483 904 3653 958 panis
3700 906 3856 959 capto,

2283 975 2538 1045 plurimas
2582 976 2739 1029 horas
2783 977 2955 1029 noctis
3005 992 3351 1044 perseverans
3395 980 3447 1033 in
3498 983 3775 1050 oratione,
3815 997 3857 1037 et

2285 1074 2443 1126 finem
2490 1082 2827 1141 exspectans,
2879 1072 3092 1139 quando
3146 1075 3267 1127 hinc
3307 1075 3584 1129 dissolvar
3628 1091 3751 1130 cum
3782 1092 3859 1146 spe

2284 1159 2442 1225 bona,
2478 1171 2532 1215 et
2560 1162 2830 1230 apparebo
2853 1172 2977 1215 ante
3001 1161 3189 1217 faciem
3211 1162 3404 1218 Christi
3436 1164 3562 1217 Dei.

2354 1254 2467 1307 Non
2502 1255 2901 1322 praetermittam
2932 1264 3106 1309 autem
3147 1254 3198 1308 in
3248 1257 3564 1312 narratione
3609 1273 3707 1311 eos
3733 1275 3847 1327 quu-

2283 1359 2386 1412 qnc
2415 1345 2499 1411 qui
2535 1345 2604 1397 ita
2640 1345 2909 1409 vixerunt,
2939 1356 2992 1397 ut
3022 1346 3255 1414 speciem
3286 1347 3500 1415 quidem
3535 1363 3653 1416 pne
3680 1366 3739 1404 se
3767 1356 3853 1404 ler-

2286 1443 2407 1487 rent
2438 1435 2647 1502 pietatis
2694 1449 2757 1488 ac
2801 1436 3109 1503 religionis;
3158 1438 3251 1491 sed
3282 1452 3398 1491 eam
3440 1450 3858 1503 contemnerent,

2290 1525 2356 1577 ad
2391 1524 2598 1577 Iaudem
2643 1524 2854 1593 quidem
2886 1540 3069 1579 eorum
3103 1526 3189 1594 qui
3238 1539 3381 1581 reete
3408 1537 3459 1580 et
3490 1542 3565 1582 ex
3598 1529 3789 1584 virtute
3813 1547 3859 1582 se

2288 1626 2501 1684 gerunt,
2524 1624 2578 1670 et
2606 1625 2661 1670 ut
2689 1614 2829 1670 cauti
2860 1615 2966 1669 sint
2992 1626 3045 1668 et
3072 1618 3256 1671 attenti
3289 1616 3379 1686 qui
3410 1618 3629 1685 legunt.

2887 1704 3139 1771 CAPUT,
3165 1707 3247 1761 Vl.

2286 1797 2361 1852 De
2391 1800 2612 1869 quadam
2650 1798 2858 1869 Virgtne
2887 1815 2999 1869 qua:
3047 1799 3309 1854 laborabat
3338 1818 3517 1855 amore
3560 1804 3852 1855 dititt'arum.

592 1901 857 1969 sequeris,
893 1908 949 1952 ut
972 1898 1060 1967 qui
1086 1899 1160 1953 sis
1191 1898 1483 1952 monachus
1508 1909 1561 1954 et
1591 1898 1787 1968 hospes
1806 1901 1875 1955 ob
1906 1901 2172 1967 virtutem,
2212 1895 2252 1952 Β
2357 1892 2484 1946 Erat
2534 1893 2776 1961 quaedam
2823 1892 3160 1947 Alexandria:
3212 1894 3357 1961 virgo
3406 1893 3590 1947 solum
3636 1894 3846 1955 nomine.

594 2005 808 2045 onmem
832 1989 1038 2057 depone
1063 1989 1485 2049 contentionem.

680 2081 775 2134 llic
806 2081 918 2148 ipse
949 2080 1049 2134 hoc
1075 2097 1284 2148 quoque
1312 2082 1440 2135 mihi
1472 2084 1706 2137 narravit
1734 2098 1750 2137 :
1782 2083 1912 2138 Cum
1946 2085 2175 2156 quodam

598 2174 705 2238 die,
731 2174 925 2237 aiebat,
957 2178 1025 2228 de
1050 2179 1156 2227 vita
1185 2175 1361 2228 miseri
1386 2175 1578 2229 Juliani
1606 2177 1961 2245 imperatoris,
1994 2187 2176 2247 utpote

592 2270 974 2332 persecutoris,
1034 2279 1211 2319 essem
1260 2266 1559 2331 sollicitus,
1594 2277 1644 2320 et
1693 2268 1873 2321 animo
1929 2258 2173 2337 angertr,

592 2352 787 2407 accidit
818 2362 875 2406 ut
916 2366 1137 2423 propter
1170 2354 1307 2409 hanc
1356 2356 1767 2415 sollicitudinem
1800 2362 1865 2415 ad
1899 2378 2173 2431 vesperam

594 2458 762 2512 usque
807 2458 983 2499 seram
1018 2446 1147 2499 nihil
1195 2449 1565 2517 comederem;
1599 2461 1651 2506 et
1679 2468 1798 2507 cum
1826 2454 1877 2507 in
1906 2454 2058 2508 sedili
2090 2471 2175 2509 se-

590 2534 795 2600 derem,
829 2551 914 2590 me
943 2550 1160 2591 somnus
1189 2542 1534 2609 opprimeret,
1577 2553 1633 2598 et
1660 2546 1890 2599 viderem
1924 2546 1975 2599 in
2004 2548 2172 2600 extasi

592 2640 757 2694 equos
779 2625 928 2680 albos
978 2642 1099 2680 cum
1145 2631 1498 2688 insessoribus
1548 2648 1942 2702 percurrentes,
1985 2646 2040 2692 et
2076 2652 2175 2692 an-

599 2716 905 2771 nuntiantes
937 2734 950 2768 :
986 2716 1154 2772 Dicite
1185 2718 1426 2790 Didymo,
1453 2721 1608 2778 hodie
1632 2724 1762 2777 hora
1778 2728 2005 2795 septima
2030 2742 2173 2782 mor-

593 2820 717 2862 tuus
768 2820 849 2864 est
894 2811 1175 2879 Julianus;
1222 2829 1382 2884 surge
1410 2830 1539 2886 ergo
1571 2830 1622 2872 et
1652 2820 1871 2875 comede
1904 2838 1917 2875 :
1948 2829 2001 2876 et
2028 2821 2172 2892 quod

592 2908 648 2951 tu
670 2899 797 2963 scis,
844 2901 1056 2955 domum
1090 2904 1241 2960 mitte
1282 2905 1344 2959 ad
1376 2907 1684 2977 episcopum
1712 2912 2084 2979 Athanasium,
2114 2923 2172 2967 ut

590 2988 679 3042 ille
706 3004 915 3059 quoque
942 2992 1043 3046 hoc
1072 2995 1228 3049 sciat.
1274 2994 1458 3051 Notavi
1500 3009 1699 3066 aute'u,
1747 3002 1937 3070 inquit,
1984 3013 2037 3059 et
2068 3005 2169 3059 lto-

591 3089 729 3142 ram,
760 3086 811 3131 et
840 3077 1003 3146 diem,
1053 3088 1107 3135 et
1156 3083 1565 3154 bebdomadem,
1609 3099 1661 3143 et
1702 3105 1964 3155 mensem,
2012 3102 2065 3147 et
2093 3096 2169 3148 sic

591 3178 787 3220 IllVeill.

1188 3241 1413 3298 CAPUT
1479 3246 1541 3301 ν.

1144 3352 1447 3408 Alexandrw
1479 3356 1615 3410 Vita.

658 3432 903 3491 Narravit
932 3445 1108 3494 autem
1140 3442 1269 3495 mihi
1293 3459 1501 3514 quoque
1531 3447 1615 3502 hic
1648 3449 1711 3501 be
1731 3458 1828 3502 .tus
1853 3451 1917 3505 de
1940 3453 2164 3521 quadam

588 3525 803 3591 ancilla,
857 3529 1073 3584 nomine
1113 3535 1436 3601 Alexandra,
1485 3554 1601 3608 quze
1650 3541 1832 3595 relicta
1870 3544 2082 3599 civitate
2115 3548 2165 3599 in

588 3618 918 3674 monimento
963 3634 1021 3676 se
1066 3623 1299 3693 inclusit,
1353 3643 1447 3695 per
1478 3630 1712 3685 foramen
1743 3636 2009 3703 accipiens
2049 3653 2167 3701 quae

589 3718 745 3762 erant
783 3714 1105 3779 necessaria,
1136 3732 1308 3786 neque
1340 3720 1392 3773 in
1421 3721 1651 3778 virorum
1686 3740 1858 3794 neque
1888 3729 1939 3781 in
1974 3730 2163 3784 mulie-

588 3813 703 3852 rum
757 3813 1101 3870 conspectum
1149 3808 1372 3862 veniens
1422 3814 1593 3879 spatio
1646 3814 1830 3868 decem
1880 3832 2162 3873 annorum.

588 3887 805 3945 Decimo
848 3903 1027 3947 autem
1077 3910 1218 3949 anno
1247 3897 1395 3951 aiunt
1424 3901 1653 3968 beatam,
1702 3920 1819 3958 cum
1862 3907 2163 3975 dormisset,

584 3982 812 4049 seipsam
839 3988 1220 4055 composuisse,
1249 3991 1383 4046 adeo
1414 4002 1472 4045 ut
1493 4010 1610 4063 quae
1635 3998 1792 4053 solita
1815 4010 1927 4054 erat
1956 4002 2020 4056 ad
2045 4019 2162 4058 eam

589 4073 792 4138 venire,
827 4089 944 4128 cum
980 4078 1053 4132 illi
1082 4095 1187 4134 non
1222 4083 1609 4152 respondisset,
1638 4090 1791 4144 nobis
1820 4094 2165 4150 renuntiave-

583 4164 671 4217 rit.
729 4166 860 4219 Cutu
920 4185 1017 4223 nos
1068 4187 1197 4243 ergo
1251 4176 1698 4245 accessissemus,
1752 4190 1806 4236 et
1857 4184 2165 4241 monimenti

584 4258 778 4309 ostium
826 4264 1245 4331 atnovissemus,
1298 4267 1520 4337 ingressi
1547 4283 1731 4327 sumus
1774 4283 1827 4327 et
1867 4276 2165 4333 invenimus

584 4359 703 4400 eam
743 4349 1096 4407 obdormisse.

653 4437 727 4491 De
757 4454 819 4491 ea
843 4450 1018 4495 autem
1043 4444 1249 4498 diccbat
1276 4446 1436 4501 ctiam
1467 4449 1771 4507 beatissima
1801 4454 2023 4510 Melania
2055 4458 2165 4511 Ro-

584 4544 760 4595 mana,
808 4532 963 4600 cujus
993 4536 1153 4589 vitam
1200 4540 1426 4595 narrabo
1458 4551 1698 4611 tempore
1736 4555 1792 4601 et
1822 4546 1941 4600 loco
1967 4563 2159 4604 conve-

2198 3258 2244 3320 C
2279 3266 2477 3324 patrem
2505 3256 2776 3311 occidere.

2288 1981 2470 2035 habitu
2501 1984 2715 2051 quidem
2750 1983 2987 2048 humilis,
3017 1983 3175 2037 animi
3196 1994 3371 2037 autem
3405 1983 3659 2038 instituto
3692 2000 3846 2053 parca,

2281 2072 2507 2140 superba
2539 2083 2592 2127 et
2621 2073 2877 2139 insolens,
2910 2084 2963 2128 et
2992 2074 3239 2128 laborans
3264 2075 3504 2140 avaritia,
3544 2078 3664 2129 auri
3694 2076 3844 2143 potius

2282 2180 2438 2233 quam
2487 2165 2682 2220 Christi
2732 2181 2916 2219 amans
2951 2184 2964 2219 :
2996 2182 3057 2220 ex
3108 2167 3266 2221 rebus
3298 2167 3408 2220 suis
3450 2168 3586 2221 nuili
3637 2183 3843 2236 unquam

2279 2254 2557 2321 exhibens,
2585 2270 2689 2308 non
2714 2255 2930 2323 hospiti,
2974 2271 3079 2309 non
3111 2258 3329 2325 pauperi
3371 2266 3463 2311 aut
3491 2257 3722 2321 afflicto,
3753 2272 3838 2311 noti

2280 2346 2583 2411 monacho,
2631 2361 2736 2400 non
2786 2346 3002 2416 virgini,
3053 2363 3157 2400 non
3202 2348 3446 2402 ecclesia:
3502 2350 3594 2402 vel
3651 2349 3840 2403 obolqu

2280 2452 2464 2490 unum.
2499 2437 2569 2491 Ea
2599 2438 2780 2492 multis
2806 2447 3116 2492 sanctorum
3152 2440 3362 2493 l‘atrum
3404 2441 3839 2494 admonitionibus

2280 2526 2516 2593 incitata,
2572 2543 2676 2581 non
2730 2528 3023 2595 repellebat
3067 2543 3227 2597 grave
3272 2530 3481 2598 pondus
3530 2531 3833 2585 divitiarum.

2278 2620 2405 2673 Erat
2432 2628 2606 2673 autem
2638 2620 2685 2674 ei
2716 2634 2926 2688 quoque
2953 2634 3141 2689 genus,
3181 2635 3244 2675 ex
3276 2636 3382 2690 quo
3420 2622 3624 2677 sororis
3650 2637 3753 2676 sua:
3783 2623 3832 2672 ti-

2275 2710 2401 2764 liam
2434 2710 2484 2763 in
2514 2710 2673 2763 filiam
2706 2711 3069 2779 adoptaverat.
3101 2712 3197 2765 Cui
3230 2723 3387 2766 noctu
3417 2721 3471 2765 et
3497 2713 3589 2765 diu
3616 2728 3704 2766 sua
3730 2713 3824 2780 pol-

2276 2800 2556 2865 licebatur,
2600 2814 2719 2855 cum
2762 2801 2874 2869 ipsa
2905 2800 3189 2855 excidisset
3213 2801 3281 2855 ab
3307 2801 3494 2866 opibus
3522 2803 3824 2857 caelestibus.

2275 2890 2408 2944 Nam
2436 2892 2549 2945 hate
2575 2905 2788 2961 quoque
2816 2901 2900 2946 est
2923 2907 3024 2945 una
3053 2894 3261 2959 species
3292 2892 3489 2947 fraudis
3514 2895 3723 2960 diaboli,
3749 2894 3822 2961 qui

2276 2993 2535 3053 praetextu
2586 2984 2787 3038 amoris
2843 2984 2894 3039 in
2950 2995 3226 3054 cognatos,
3283 2987 3447 3039 efficit
3497 2995 3555 3039 ut
3607 2996 3822 3039 nascatur

2272 3076 2510 3130 avaritia.
2563 3075 2693 3129 Nam
2733 3076 2874 3145 quod
2910 3077 2959 3132 ei
2997 3077 3133 3131 uu.‘l.t
3167 3079 3235 3131 sit
3275 3093 3401 3131 cura
3442 3080 3671 3147 generis,
3711 3078 3814 3130 hinc

2276 3176 2437 3231 patet.
2497 3168 2614 3235 Ipse
2658 3169 2799 3220 enim
2843 3168 3021 3221 docuit
3062 3176 3116 3222 et
3152 3168 3390 3231 fratrem,
3422 3178 3475 3222 et
3503 3182 3726 3230 matrem,
3766 3177 3811 3221 et

2857 3258 3021 3328 [dque
3094 3263 3179 3312 est
3248 3271 3315 3313 ex
3381 3259 3654 3328 Scripturis
3680 3271 3804 3312 extra

2272 3347 2715 3399 controversiam.
2767 3346 2870 3401 Sed
2910 3347 3011 3400 etsi
3056 3347 3299 3401 videatur
3348 3349 3599 3402 nonnullis
3643 3360 3797 3399 curam

2276 3450 2621 3507 cognatorum
2649 3439 2889 3493 inserere
2918 3441 2935 3507 (
2959 3437 3105 3493 Deut.
3141 3455 3213 3493 xu
3237 3439 3278 3509 ),
3311 3456 3415 3494 non
3438 3443 3524 3494 hoc
3544 3440 3646 3492 facit
3670 3436 3795 3505 quod

2272 3529 2378 3582 illis
2409 3529 2545 3582 bene
2568 3530 2715 3593 velit,
2761 3530 2856 3583 sed
2888 3539 2945 3582 ut
2972 3545 3157 3583 eorum
3185 3532 3273 3599 qui
3315 3534 3364 3585 ei
3397 3539 3553 3600 pareat
3581 3528 3779 3579 animam

2271 3631 2452 3688 aperte
2476 3631 2723 3675 exerceat
2756 3623 2821 3675 ad
2851 3621 3188 3690 injustitiam,
3220 3637 3348 3677 cum
3391 3625 3495 3691 ipse
3521 3618 3773 3675 sentinam

2272 3712 2592 3765 sententiam
2621 3752 2636 3775 ,
2691 3728 2807 3781 qua:
2867 3713 2999 3766 d‘cit
3029 3727 3042 3763 :
3077 3712 3261 3777 lnjusti
3319 3729 3534 3781 regnum
3576 3711 3652 3763 Dei
3695 3723 3779 3759 neu

2274 3802 2620 3872 possidebunt
2648 3803 2700 3873 (1
2728 3803 2848 3858 Cor.
2882 3804 2979 3873 vt).
3004 3806 3185 3859 [‘0'est
3214 3818 3386 3860 autem
3418 3807 3616 3873 aliquis,
3635 3812 3680 3856 et
3708 3801 3795 3867 Spl-

2271 3897 2412 3952 ritali
2443 3908 2618 3951 motus
2662 3899 3032 3968 intelligentia,
3067 3910 3120 3953 et
3151 3901 3328 3954 divino
3352 3902 3634 3960 desiderio,
3662 3910 3805 3966 neque

2272 4003 2424 4042 suam
2476 3991 2743 4059 negligere
2774 3992 3036 4056 animam,
3079 4004 3129 4046 et
3159 3994 3394 4060 cognatis
3425 4009 3577 4060 opem
3613 3987 3807 4053 ferrc,si

2270 4078 2396 4147 quid
2418 4079 2495 4132 eis
2516 4081 2764 4134 defuerit.
2796 4082 3018 4147 Quando
3045 4092 3219 4136 autem
3250 4086 3368 4152 quis
3398 4084 3466 4135 ita
3500 4094 3655 4136 totam
3681 4093 3808 4135 suam

2269 4169 2493 4222 instituit
2524 4170 2782 4238 animam,
2825 4182 2881 4226 ut
2910 4187 2971 4226 ea
3004 4172 3329 4240 despiciatur
3373 4184 3427 4227 et
3456 4174 3701 4227 obruatur
3725 4184 3815 4239 [πίε

2268 4273 2391 4312 cura
2424 4269 2767 4331 cognatorum
2826 4261 2963 4330 (14),
3016 4263 3060 4316 is
3099 4262 3288 4317 incidit
3334 4264 3384 4317 in
3417 4265 3608 4333 legem,
3653 4272 3706 4315 ut
3743 4260 3816 4328 qui

2270 4363 2419 4401 suam
2450 4366 2547 4417 pro
2575 4364 2711 4403 vano
2740 4352 2971 4404 mstimet
2998 4352 3258 4405 animam.
3302 4354 3453 4405 Canit
3482 4363 3655 4405 autem
3684 4346 3818 4403 David

2267 4455 2477 4511 quoque
2514 4456 2668 4495 sacer
2691 4443 3134 4511 psalmographus
3158 4444 3221 4497 de
3246 4443 3311 4497 iis
3340 4444 3426 4512 qui
3448 4446 3638 4497 anima:
3668 4456 3819 4497 curam

2268 4545 2478 4602 gerunt,
2509 4536 2559 4588 in
2587 4535 2777 4588 timore
2802 4535 2893 4589 Dei
2923 4535 3107 4589 dicens
3136 4554 3148 4589 :
3177 4536 3304 4603 Quis
3332 4537 3581 4589 ascendet
3609 4539 3659 4589 in
3690 4525 3817 4587 inon-

583 4623 748 4678 nienti
779 4624 799 4696 (
826 4628 999 4697 Infra,
1042 4628 1143 4695 hic,
1178 4647 1292 4700 εαρ,
1330 4634 1428 4688 “7
1459 4635 1498 4705 ),
1531 4636 1718 4706 Hujus,
1766 4641 1956 4708 inqui"
1988 4641 2157 4697 beam
2192 4616 2244 4674 D
2274 4635 2378 4676 tem
2406 4626 2648 4679 Domini?
2672 4641 2766 4693 pro
2793 4640 2858 4680 eo
2884 4626 3024 4696 quod
3055 4636 3156 4691 est,
3192 4641 3361 4681 rarus.
3397 4627 3502 4679 Aut
3530 4627 3651 4695 quis
3679 4624 3819 4679 stabit

582 4711 768 4768 faciem
796 4732 899 4772 non
933 4719 1079 4786 potui
1122 4722 1313 4778 intueri
1348 4735 1530 4780 :stans
1569 4738 1744 4783 autem
1771 4746 1869 4801 ego
1901 4735 2043 4788 circa
2074 4734 2158 4790 fo-

580 4820 784 4873 ramen,
816 4825 931 4862 eam
980 4813 1157 4882 rogavi
1202 4824 1259 4868 ut
1305 4818 1432 4871 mihi
1474 4820 1675 4876 diceret
1703 4839 1914 4878 causam
1944 4839 2160 4896 propter

578 4911 735 4962 quant
769 4901 985 4953 secessit
1011 4903 1222 4970 quidem
1253 4920 1282 4958 a
1310 4907 1543 4977 civitate,
1591 4915 1827 4982 seipsam
1857 4927 2032 4972 autem
2068 4920 2153 4973 in-

579 4988 735 5041 clusit
783 4993 1134 5050 monimento.
1178 4996 1269 5050 Illa
1304 5010 1501 5068 autem,
1547 5005 1734 5073 inquit,
1784 5023 1878 5075 per
1918 5009 2153 5067 foramen

578 5093 664 5133 me
711 5089 794 5135 est
845 5085 1091 5152 allocuta,
1144 5089 1370 5143 dicens:
1403 5094 1664 5162 Quidam,
1725 5099 1912 5167 inquit,
1963 5102 2153 5157 insano

578 5172 681 5223 mei
732 5187 913 5228 amore
942 5180 1237 5247 tenebatur,
1291 5193 1343 5234 et
1382 5198 1446 5237 ue
1491 5200 1610 5238 eum
1642 5188 1851 5243 viderer
1906 5192 2153 5247 molestia

576 5262 809 5329 afficere,
840 5266 925 5319 vel
965 5268 1017 5319 in
1049 5269 1297 5324 invidiam
1334 5289 1523 5329 vocare
1546 5316 1560 5337 ,
1592 5278 1752 5331 malui
1784 5295 1869 5333 me
1894 5281 2068 5335 vivam
2104 5286 2153 5337 iu

579 5358 678 5409 hoc
709 5360 1091 5415 monimentum
1141 5363 1361 5428 inferre,
1412 5382 1569 5435 quam
1619 5370 1889 5427 offendere
1921 5375 2154 5427 animam

577 5465 694 5517 qua:
720 5449 854 5504 facta
884 5461 965 5506 est
1004 5454 1069 5505 ad
1114 5454 1203 5508 Dei
1251 5456 1555 5525 imaginem.
1590 5461 1718 5515 Cum
1768 5473 1945 5518 autem
1977 5480 2077 5533 ego
2106 5468 2155 5520 ei

578 5541 833 5595 dixissem
868 5561 879 5594 :
910 5545 1185 5611 Quomodo
1217 5546 1353 5603 ferre
1386 5558 1557 5619 potes,
1611 5567 1759 5607 serva
1802 5554 1998 5610 Christi
2039 5557 2156 5621 Dei,

582 5648 703 5686 eum
747 5637 889 5689 nullo
918 5638 1132 5691 omnino
1158 5639 1409 5709 colloqui,
1458 5642 1553 5696 sed
1599 5644 1713 5697 sola
1754 5659 1988 5715 pugnare
2037 5661 2158 5700 cum

580 5725 783 5781 desidia
836 5736 890 5782 et
930 5730 1371 5798 cogitationibus?
1414 5733 1543 5799 mihi
1584 5735 1876 5802 respondit,
1924 5736 2107 5791 dicens
2143 5756 2155 5791 :

588 5817 818 5871 Amano
862 5833 1028 5887 usque
1073 5822 1139 5875 ad
1187 5823 1368 5878 horam
1415 5838 1607 5880 nonam
1654 5839 1769 5895 oro,
1832 5841 1923 5895 per
1972 5826 2155 5885 horam

2272 4717 2323 4767 in
2376 4716 2493 4769 loco
2524 4724 2707 4771 sancto
2744 4718 2893 4785 ejus?
2940 4718 3199 4772 Innocens
3242 4718 3507 4784 manibus,
3558 4730 3611 4771 et
3652 4715 3824 4771 mundo

2270 4811 2455 4872 corde,
2505 4810 2595 4877 qui
2626 4825 2730 4863 non
2756 4810 2960 4878 accepit
2984 4809 3036 4862 in
3066 4826 3201 4862 vanu
3230 4810 3458 4861 animam
3491 4822 3641 4862 suam
3674 4808 3823 4879 (l’sal.

2269 4902 2447 4970 nua).
2503 4901 2579 4955 Illi
2618 4904 2756 4956 enim
2797 4904 3027 4956 animam
3078 4918 3228 4956 suam
3274 4904 3324 4955 in
3368 4918 3505 4956 vano
3547 4903 3824 4969 aecipiuul.

2269 4993 2359 5061 qui
2388 4993 2695 5047 existimant
2722 5009 2838 5047 eam
2864 4994 3081 5048 dissolvi
3114 5010 3216 5047 una
3245 5009 3361 5048 cum
3407 4994 3505 5048 hac
3532 4992 3823 5054 carchula,

2268 5089 2357 5155 qui
2389 5089 2607 5141 virtutes
2638 5089 2904 5155 Spiritales
2946 5088 3236 5157 negligunt.
3738 5156 3743 5159 Δ

2340 5179 2473 5233 Huic
2493 5178 2681 5247 virgini
2704 5220 2717 5242 ,
2749 5195 2866 5246 qua:
2914 5179 3030 5231 solo
3064 5180 3278 5231 nomine
3307 5177 3406 5230 sibi
3439 5186 3716 5245 paraverat
3750 5188 3827 5234 ap-

2266 5272 2627 5338 pellationem,
2668 5271 2901 5324 moribus
2943 5279 3119 5323 autem
3149 5279 3261 5323 erat
3284 5270 3455 5324 aliena
3489 5272 3553 5321 ab
3581 5267 3825 5323 exercita-

2268 5364 2434 5427 tione,
2465 5379 2585 5417 cum
2613 5379 2823 5429 venam,
2866 5372 2923 5417 ut
2950 5364 3165 5427 dicitur,
3208 5364 3368 5417 vellet
3396 5363 3629 5416 incidere
3659 5360 3720 5415 ad
3752 5359 3819 5411 le-

2275 5456 2501 5508 vandam
2544 5456 2842 5523 avaritiam,
2872 5457 3243 5509 sanctissimus
3271 5455 3526 5507 Macarius
3552 5454 3668 5522 (15)
3699 5463 3827 5521 pres-

2269 5548 2421 5618 byter
2464 5557 2517 5602 ct
2570 5547 2853 5615 praefectus
2916 5548 3309 5618 ptochotmphii
3372 5564 3556 5603 eorum
3597 5548 3687 5616 qui
3723 5550 3827 5597 sunt

2266 5657 2488 5711 corpore
2518 5642 2766 5706 mutilati,
2812 5643 2969 5697 talem
3012 5650 3187 5696 actum
3219 5641 3499 5709 Mrmgitat.
3550 5640 3677 5693 Erat
3704 5647 3826 5691 euut

2267 5736 2310 5788 is
2338 5734 2659 5804 ajuventute
2700 5734 2986 5800 lapidarius
3028 5732 3164 5803 (16).
3194 5733 3272 5786 Ad
3303 5746 3424 5786 eaut
3471 5739 3649 5784 autem
3694 5739 3825 5783 acce-

2268 5828 2436 5891 dens,
2493 5825 2620 5881 dicit
2659 5843 2669 5879 :
2707 5826 2759 5879 In
2811 5841 2894 5880 me
2940 5825 3240 5881 iuri-derant
3295 5824 3530 5893 pulchra:
3581 5830 3822 5895 gemmae.
