4020 6450
260 368 407 438 1017

1498 361 1861 435 HISTORIA
1905 375 2296 438 LAUSIACA.

3309 374 3316 382 ”
3413 379 3550 449 1018
3592 401 3594 403 ·

259 487 431 557 φύσιν
459 484 784 540 διδάσκαλον
828 485 1142 557 ἐρρωμένον
1201 484 1260 537 τὸ
1316 483 1461 539 ἴδιον
1484 486 1725 549 συνειδός
1751 503 1762 515 ·
1790 485 1847 548 ὃς
1875 484 1930 546 Α
1952 486 2078 550 τοὺς
2107 487 2307 549 ἄθλους
2337 485 2442 540 τῶν
2483 487 2777 557 μακαρίων.
2811 487 3147 551 ἀποστόλων,
3197 487 3292 543 καὶ
3327 506 3542 560 προφηο
3599 556 3604 562 ι

255 569 502 640 τοσαύτῃ
532 569 716 639 χάριτι
749 569 1094 636 ἐκεκόσμητο
1129 567 1384 636 γνώσεως
1437 568 1846 638 πνευματικῆς,

255 651 338 716 ὡς
369 651 491 707 καθ’
525 651 768 720 ἱστορίαν
799 650 1141 721 πληροῦσθαι
1196 651 1256 703 τὸ
1287 653 1697 722 γεγραμμένον,
1733 649 1848 703 Κύ-

260 752 382 799 τιος
402 734 826 805 σοφοῖ²τυφλεύς.
857 734 1101 787 Παλαιὰν
1122 734 1219 804 μέν
1240 735 1348 805 γὰρ
1367 737 1461 788 καὶ
1483 735 1687 806 Καινὴν
1710 736 1854 805 Γρα-

256 822 374 889 φὴν
403 820 720 890 ἡρμήνευσε
763 817 904 871 κατὰ
933 815 1076 880 λέξιν
1097 835 1110 849 ·
1142 817 1249 870 τῶν
1278 817 1334 870 δὲ
1365 818 1650 886 δογμάτων
1675 816 1850 882 οὕτως

256 902 604 973 ἐπεμελήθη,
631 901 846 965 λεπτῶς
877 902 970 954 καὶ
999 900 1138 953 πάνυ
1170 900 1402 968 ἰσχυρῶς
1431 900 1724 970 ἐκθέμενος
1760 902 1849 952 τὸν

257 986 397 1054 περὶ
427 985 606 1038 αὑτῶν
633 985 811 1052 λόγον,
866 984 942 1048 ῶς
979 983 1186 1045 πάντας
1235 981 1672 1053 ὑπερϐεϐηκέναι
1720 983 1847 1045 τοὺς

258 1070 524 1143 ἀρχαίους
553 1071 608 1124 ἐν
636 1068 857 1138 γνώσει.

336 1154 542 1206 Τούτου
602 1153 733 1205 ποτέ
807 1151 1211 1222 ἀναγκάζοντός
1264 1167 1332 1221 με
1390 1150 1616 1220 ποιῆσαι
1680 1148 1851 1220 εὑχὴν

260 1241 324 1294 ἐν
359 1237 432 1307 τί,
461 1236 594 1308 αῖκῳ
629 1237 817 1303 αὑτοῦ,
855 1238 949 1289 καὶ
987 1237 1061 1306 μὴ
1112 1235 1439 1305 βουλομένου
1477 1252 1603 1304 μου,
1664 1233 1847 1298 ἔλεγέν

263 1340 360 1393 μοι
388 1320 774 1392 διηγούμενος,
809 1322 891 1374 ὅτι
928 1321 1024 1383 Είς
1059 1319 1156 1390 τὴν
1187 1319 1379 1372 κέλλαν
1407 1318 1614 1388 ταύτην
1663 1317 1848 1389 τρίτον

261 1405 570 1475 εἰσῆλθενό
625 1405 895 1474 μακάριος
954 1402 1236 1465 Ἀντώνιος
1290 1401 1721 1472 ἐπισκεψόμενός
1756 1417 1848 1471 με,

263 1489 365 1542 καὶ
392 1488 770 1560 παρακληθεὶς
823 1488 954 1558 παρ’
1004 1486 1138 1556 ἐμοῦ
1193 1486 1417 1557 ποιῆσαι
1463 1485 1652 1556 εὐχὴν,
1689 1485 1852 1548 εὐθὺς

267 1573 484 1626 ἔκλινεν
515 1575 645 1643 γόνυ
683 1574 741 1626 ἐν
766 1571 940 1642 τούτῳ
967 1569 1044 1641 τῷ
1076 1571 1295 1639 κελλίῳ,
1322 1572 1418 1625 καὶ
1445 1572 1506 1625 οὐ
1537 1571 1851 1644 παρεσκεύ-

269 1656 373 1709 ασέ
430 1673 496 1727 με
529 1657 864 1728 δευτερῶσαι
927 1656 1017 1710 τὸν
1068 1655 1263 1724 λόγον,
1305 1654 1453 1726 ἔργῳ
1509 1673 1576 1726 με
1624 1654 1851 1708 παιδεύ-

270 1758 372 1805 σας
411 1743 468 1795 ἐν
501 1743 566 1812 τῇ
601 1741 837 1812 ὑπακοῇ.
875 1740 1040 1793 Ὥστε
1072 1737 1166 1794 οὖν
1212 1741 1262 1793 εἰ
1293 1741 1414 1794 κατ’
1451 1742 1596 1810 ἴχνος
1645 1740 1852 1811 βαίνεις

1959 569 2088 635 τῶν,
2120 572 2214 624 καὶ
2245 569 2558 642 μαρτύρων.
2596 571 2709 640 Τῆς
2737 571 2794 623 δέ
2824 572 3076 642 ἐσπέρας
3104 572 3544 640 καταλαϐούσης,
3587 583 3597 603 ⁸

1959 651 2364 724 δοξολογήσασά
2428 656 2531 723 μου
2590 654 2682 707 τὸν
2740 656 3048 726 Δεσπότην,
3107 655 3274 709 ἐσθίω
3305 672 3408 725 μου
3455 655 3548 709 τὸν

1959 736 2174 806 ψωμὸν,
2236 737 2335 800 τάς
2370 737 2552 800 πάσας
2609 737 2757 808 ὥρας
2814 738 2914 808 τῆς
2959 738 3155 801 νυκτὸς
3205 756 3548 810 προσκαρτε-

1964 819 2133 890 ροῦσά
2166 837 2266 889 μου
2292 823 2359 892 τῇ
2391 821 2574 891 δεήσει
2608 861 2623 883 ,
2648 823 2745 874 καὶ⁵
2779 821 2842 875 τὸ
2868 821 3022 886 τέλος
3048 822 3380 892 ἐκδεχομένη
3422 839 3546 892 μου,

1961 901 2089 954 πότε
2125 902 2380 956 ἁναλύσω
2427 903 2679 956 ἐντεῦθεν
2715 905 2832 975 μετ’
2885 905 3117 958 ἐλπίδων
3151 905 3427 976 χρηστῶν,
3455 904 3550 958 καὶ

1960 984 2277 1054 ὀφθήσομαι
2319 985 2397 1054 τῷ
2429 987 2710 1059 προσώπῳ
2735 987 2830 1041 τοῦ
2854 987 3116 1058 Χριστοῦ.

2033 1089 2107 1142 Οὑ
2142 1089 2466 1162 παραλείψω
2500 1091 2556 1144 δὲ
2600 1093 2658 1146 ἐν
2697 1092 2774 1164 τῷ
2817 1093 3121 1164 διηγήματι
3174 1093 3270 1146 καὶ
3315 1093 3444 1156 τοὺς
3487 1094 3547 1148 ἐν

1961 1173 2315 1242 προσχήματι
2337 1172 2652 1238 θεοσεϐείας
2676 1177 2734 1228 ἐν
2758 1179 3162 1248 καταφρονήσει
3187 1174 3546 1244 βεϐιωκότας,

1965 1258 2046 1319 εἰς
2077 1255 2300 1309 ἔπαινον
2342 1257 2450 1310 τῶν
2491 1259 2924 1330 κατωρθοκότων
2950 1261 3050 1328 τήν
3093 1257 3317 1329 ἀρετὴν,
3369 1258 3549 1329 ἀσφά-

1960 1339 2113 1392 λειαν
2134 1339 2191 1392 δέ
2223 1341 2318 1393 καὶ
2355 1341 2762 1414 παραφυλακὴν
2786 1343 2896 1397 τῶν
2921 1341 3382 1412 ἐντυγχανόντων.

2551 1494 2802 1550 ΚΕΦΑΛ.
2845 1497 2936 1562 ς’.

2206 1621 2350 1690 Περὶ
2406 1619 2518 1690 τῆς
2546 1624 2919 1693 φιλαργύρου
2974 1623 3299 1692 παρθένου.

2031 1739 2313 1812 Παρθένος
2337 1758 2423 1803 τις
2469 1741 2697 1810 γέγονεν
2745 1743 2803 1795 ἐν
2857 1744 2924 1813 τῇ
2963 1741 3365 1814 Ἀλεξανδρείᾳ,
3427 1741 3548 1796 ὀνό-

266 1828 366 1879 καὶ
399 1826 462 1878 σὺ
490 1825 588 1896 τῆς
620 1825 828 1877 ἐκείνου
859 1823 1159 1890 πολιτείας,
1209 1825 1308 1877 ὅσα
1338 1842 1398 1878 τε
1433 1825 1706 1895 μονάζων,
1757 1827 1851 1879 καὶ
1886 1847 1930 1903 Β
1965 1840 2092 1895 ματι
2136 1824 2317 1894 μόνον,
2354 1824 2432 1894 τῷ
2463 1825 2562 1894 μὲν
2591 1825 2834 1895 σχήματι
2863 1825 3026 1896 δῆθεν
3069 1825 3324 1896 ταπεινὴ,
3373 1828 3440 1896 τῇ
3486 1826 3548 1878 δὲ

267 1907 339 1961 δι’
369 1908 570 1980 ἀρετὴν
611 1907 898 1974 ξενιτεύων
916 1946 931 1972 ,
955 1908 1162 1961 ἀπόθου
1191 1908 1374 1962 πᾶσαν
1397 1909 1755 1976 φιλονεικίαν.
1787 1909 1847 1962 '0

265 1993 433 2055 αὐτὸς
461 1992 760 2064 διηγήσατό
793 2009 885 2063 μοι
937 1993 1034 2046 καίΙ
1070 1990 1262 2060 τοῦτο,
1319 1992 1402 2045 ὅτι
1443 1992 1532 2045 Ἐν
1595 1993 1693 2064 μιᾷ
1743 1993 1853 2048 τῶν

261 2075 493 2146 ἡμερῶν
521 2075 902 2146 φροντίζοντάς
937 2093 1040 2146 μου
1076 2077 1205 2147 περὶ
1236 2077 1337 2146 τῆς
1359 2075 1510 2146 ζωῆς
1557 2076 1850 2130 Ἰουλιανοῦ

259 2161 359 2213 τοῦ
394 2159 581 2214 ἀθλίου
615 2160 904 2230 βασιλέως,
944 2161 1020 2225 ὡς
1069 2160 1302 2215 διώκτου
1326 2205 1344 2228 ,
1383 2163 1480 2214 καὶ
1517 2161 1856 2232 ἀδημονοῦν-

261 2243 356 2306 τός
383 2261 510 2314 μου,
543 2243 702 2313 ἔτυχέ
738 2260 870 2297 ποτε
896 2245 1056 2314 ἄχρις
1085 2245 1332 2315 ἑσπέρας
1365 2244 1588 2314 βαθείας
1621 2246 1854 2316 μηδενὸς

262 2326 569 2394 γεύσασθαί
622 2345 689 2396 με
745 2327 934 2380 ἕνεκεν
981 2327 1186 2397 ταύτης
1232 2329 1333 2398 τῆς
1372 2329 1654 2399 φροντίδος
1686 2370 1700 2394 ,
1759 2331 1856 2383 καὶ

265 2408 637 2478 καθεζομένου
673 2426 774 2480 μου
802 2411 859 2464 ἐν
893 2409 970 2481 τῷ
1002 2409 1178 2480 θρόνῳ
1227 2412 1622 2482 κατενεχθῆναι
1673 2411 1850 2483 ὕπνῳ,

268 2495 363 2546 καὶ
394 2492 523 2544 ἰδεῖν
573 2495 632 2547 ἐν
664 2493 924 2546 ἐκστάσει
956 2493 1160 2558 ἵππους
1200 2494 1431 2558 λευκοὺς
1467 2496 1854 2567 διατρέχοντας

270 2575 411 2644 μετὰ
440 2576 548 2630 τῶν
583 2577 880 2643 ἐπιϐατῶν,
933 2578 1028 2632 καὶ
1058 2579 1454 2650 κηρύττοντας,
1509 2579 1717 2634 Εἴπατε
1766 2580 1856 2632 Δι-

265 2658 442 2730 δύμῳ,
482 2661 722 2733 σήμερον
754 2661 992 2734 ἑϐδόμην
1025 2661 1176 2734 ὥραν
1208 2662 1563 2735 ἐτελεύτησεν
1622 2662 1853 2718 Ἰουλια-

268 2744 378 2808 νός.
419 2745 684 2810 Ἀναστὰς
717 2746 811 2801 οῦν
852 2749 995 2818 φάγε
1033 2750 1121 2813 σὺ,
1163 2750 1260 2803 καὶ
1294 2748 1497 2816 γνῶσιν
1527 2747 1854 2802 ἀπόστειλον

266 2827 346 2898 τῷ
379 2829 673 2902 ἐπισκόπῳ
715 2831 1022 2903 Ἀθανασίῳ
1053 2835 1111 2886 ἐν
1137 2837 1203 2905 τῇ
1242 2833 1413 2904 οἰκία,
1460 2835 1549 2887 ἵνα
1593 2835 1854 2898 κάκεῖνος

267 2911 382 2981 γνῷ
441 2914 570 2983 περὶ
603 2913 816 2970 τούτου.
880 2917 993 2970 Καὶ
1045 2916 1500 2987 ἐσημειωσάμην,
1541 2915 1700 2988 φησὶ,
1757 2914 1855 2969 καὶ

267 3001 366 3070 τὴν
399 2998 550 3069 ὥραν
583 3002 678 3056 καὶ
709 3001 808 3071 τὴν
857 3002 1094 3073 ἡμέραν,
1129 3004 1225 3058 καὶ
1251 3002 1353 3073 τὴν
1413 3001 1710 3074 ἑϐδομάδα,
1758 3001 1854 3057 καὶ

268 3087 360 3144 τὸν
392 3087 538 3157 μῆνα
559 3104 572 3118 ·
608 3089 703 3142 καὶ
733 3086 965 3159 εὓρηται
988 3085 1186 3152 οὕτως.

885 3215 1138 3269 ΚΕΦΑΛ.
1170 3215 1244 3268 E'.

747 3334 892 3404 Περὶ
921 3332 1342 3416 Ἀλεξάνδρας.

338 3445 652 3516 Διηγήσατο
685 3459 778 3514 μοι
815 3443 1050 3516 Δίδυμος
1073 3445 1102 3498 ὁ
1143 3444 1500 3514 συγγραφεὺς
1549 3442 1681 3515 περὶ
1723 3459 1853 3497 παι-

267 3528 458 3600 δίσκης
515 3527 662 3592 τινὸς
703 3525 932 3597 ὀνόματι
990 3524 1376 3598 Ἀλεξάνδρας·
1431 3528 1555 3598 ἥτις
1595 3526 1853 3580 καταλεί-

267 3613 420 3684 ψασα
437 3612 538 3681 τὴν
569 3611 747 3676 πόλιν,
780 3612 837 3664 ἐν
872 3611 1116 3682 μνήματι
1145 3610 1349 3680 ἑαυτὴν
1371 3609 1748 3681 ἐγκαθεῖρξεν,
1779 3609 1852 3663 δι’

271 3697 412 3767 ὀπῆς
473 3695 852 3767 λαμϐάνουσα-
1022 3695 1122 3764 τῆς
1167 3691 1382 3767 χρείας,
1435 3693 1577 3764 μήτε
1623 3693 1853 3767 ἀνδράσι

275 3763 410 3836 μήτε
467 3763 684 3833 γυναιξὶ
734 3764 855 3816 κατ’
906 3763 1029 3834 ὄψιν
1079 3763 1528 3834 συντυγχάνουσα
1574 3763 1854 3817 ποτεῗέπὶ

272 3850 367 3920 ἐτη
397 3849 550 3904 δέκα.
583 3849 674 3920 Τῷ
731 3848 788 3901 δέ
841 3849 1056 3916 δεκάτῳ
1108 3847 1219 3902 ἔτει
1277 3847 1625 3919 κοιμηθεῖσα,
1666 3849 1850 3917 φασὶν,

273 3933 638 4003 ἐσχημάτισεν
675 3932 876 4004 ἑαυτὴν
907 3933 942 4004 ἡ
978 3934 1298 4004 μακαρῖτις’
1353 3931 1429 3996 ὡς
1477 3932 1576 4002 τήν
1622 3933 1681 3986 ἐν
1729 3949 1855 3985 σννρ

273 4016 431 4087 ηθεία
472 4015 838 4082 ἀπελθοῦσαν,
896 4017 994 4070 καὶ
1044 4016 1120 4087 μὴ
1167 4013 1439 4086 τυχοῦσαν
1478 4015 1848 4086 ἀποκρίσεως,

272 4101 590 4170 ἀναγγεῖλαι
621 4103 775 4173 ἡμῖν.
811 4099 1164 4164 Ἀπελθόντες
1178 4102 1360 4155 τοίνυν
1388 4100 1570 4170 ἡμεῖς,
1591 4099 1688 4152 καὶ
1719 4101 1852 4153 ἀπο-

271 4185 600 4256 κρούσαντες
625 4186 726 4256 τὴν
761 4185 932 4256 θύραν
965 4184 1059 4238 τοῦ
1093 4187 1403 4254 μνήματος,
1435 4184 1531 4238 καὶ
1579 4181 1852 4237 εἰσελθόν-

269 4287 379 4334 τες,
411 4270 647 4340 εὕρομεν
678 4270 850 4341 αὑτὴν
882 4268 1266 4340 κοιμηθεῖσαν.

343 4355 571 4424 Ἔλεγεν
599 4355 656 4409 δέ
680 4355 810 4425 περὶ
827 4353 1031 4425 ταύτης
1055 4355 1200 4424 καὶὴ
1218 4352 1596 4424 τρισμακαρία
1626 4351 1849 4423 Μελάνη

268 4442 303 4511 ἡ
357 4439 608 4510 Ῥωμαία
657 4438 810 4510 (περὶ
832 4433 902 4509 ἧς
935 4440 1016 4502 είς
1037 4439 1129 4492 τὸν
1155 4439 1477 4509 καθήκοντα
1516 4438 1711 4508 καιρὸν
1754 4437 1851 4490 καὶ

1957 1908 2281 1980 προαιρέσει
2311 1909 2595 1976 φειδωλὸς,
2653 1908 2886 1980 σοϐαρὴ,
2931 1909 3026 1962 καὶ
3077 1907 3438 1978 φιλόπλουτος
3467 1909 3548 1972 είς

1958 1992 2098 2060 άγαν
2122 1993 2178 2044 ἐν
2203 1992 2484 2062 χρήμασιν
2504 2008 2517 2022 ·
2545 1991 2873 2062 φιλόχρυσος
2903 1991 3101 2062 μᾶλλον
3121 1991 3155 2060 ἢ
3178 1990 3545 2061 φιλόχριστος·

1963 2075 2234 2146 μηδέποτε
2265 2076 2567 2147 προϊεμένη
2599 2076 2707 2129 τῶν
2750 2075 2949 2144 ἐαυτῆς
3002 2092 3077 2142 τι,
3132 2075 3207 2146 μὴ
3256 2074 3414 2145 ξένῳ,
3472 2072 3549 2144 μὴ

1961 2161 2264 2230 πενομένῳ,
2296 2159 2371 2230 μὴ
2406 2159 2720 2230 ἀγχομένη),
2759 2159 2833 2230 μὴ
2864 2159 3108 2230 μοναχῷ,
3144 2159 3219 2229 μὴ
3265 2159 3546 2229 παρθένῳ,

1960 2243 2038 2314 μὴ
2070 2244 2373 2314 Ἐκκλησία
2392 2243 2580 2298 ὀϐολὸν
2625 2245 2744 2298 ἕνα.
2789 2244 2937 2317 Αὕτη
2989 2244 3211 2306 πολλαῖς
3241 2242 3548 2306 νουθεσίαις

1957 2327 2066 2380 τῶν
2097 2328 2268 2396 ἁγίων
2307 2327 2566 2398 Πατέρων
2604 2328 2706 2381 οὑκ
2729 2325 3135 2391 ἀπεσκευάζετο
3166 2327 3264 2396 τὴν
3288 2325 3422 2396 ὓλην
3450 2325 3546 2379 τοῦ

1957 2409 2214 2464 πλούτου.
2267 2409 2517 2480 Ὑπῆρχε
2559 2411 2616 2463 δέ
2657 2410 2830 2481 ταύτῃ
2866 2413 2959 2464 καὶ
2983 2411 3175 2479 γένος,
3230 2411 3289 2462 ἐν
3337 2405 3418 2472 οἷς
3454 2425 3546 2461 τε-

1957 2497 2294 2548 κνοποιεῖται
2327 2493 2608 2564 θυγατέρα
2650 2494 2885 2564 ἀδελφῆς
2929 2495 3066 2556 ἰδίας
3093 2508 3106 2521 ·
3203 2491 3420 2560 νύκτωρ
3450 2492 3546 2545 καὶ

1961 2577 2081 2647 μεθ’
2117 2577 2331 2648 ἡμέραν
2360 2576 2730 2646 ἐπηγγέλλετο
2779 2577 2850 2629 τὰ
2880 2576 3108 2646 ἐαυτῆς,
3146 2574 3241 2628 τοῦ
3287 2574 3546 2646 οὐρανίου

1958 2660 2124 2713 πόθου
2153 2659 2291 2730 αὑτὴ
2346 2658 2680 2712 ἐκπεσοῦσα.
2734 2656 2887 2722 Εἶδος
2927 2660 3037 2731 γάρ
3083 2659 3328 2713 ἐστικαὶ
3389 2657 3547 2711 τοῦτο

1957 2744 2016 2797 ἓν
2072 2744 2173 2814 τῆς
2207 2744 2416 2814 πλάνης
2453 2742 2546 2795 τοῦ
2593 2741 2866 2808 διαϐόλου,
2896 2744 2954 2796 ἐν
2999 2744 3356 2814 προσχήματι
3396 2742 3547 2811 φιλο-

1959 2826 2284 2896 συγγενείας
2307 2826 2407 2897 τὴν
2425 2824 2742 2890 πλεονεξίαν
2761 2825 2975 2881 ὠδίνειν
3002 2824 3543 2898 παρασκευάζοντος.

1958 2909 2084 2964 Ὀτι
2126 2910 2234 2981 γάρ
2277 2910 2428 2981 αὐτῷ
2461 2909 2717 2980 οὑλμέλει
2776 2910 2992 2978 γένους,
3048 2910 3209 2980 δῆλον
3267 2908 3543 2964 ἐντεῦθεν.

1970 2994 2407 3064 Ἀδελφοκτονεῖν
2456 2993 2566 3065 γὰρ
2627 2997 2723 3049 καὶ⁸
2774 2997 3166 3066 μητροκτονεῖν
3205 2994 3300 3048 καὶ
3340 3008 3546 3064 πατρο-

1959 3081 2172 3133 κτονείν
2206 3077 2370 3141 αὐτὸς
2399 3076 2721 3142 ἐξεδίδαξεν.
2742 3079 2852 3131 Καὶ
2869 3077 3026 3132 τοῦτο
3047 3080 3169 3141 ταῖς
3201 3077 3372 3141 θείαις
3403 3078 3549 3148 Γρα-

1885 3191 1930 3252 c
1961 3167 2089 3252 φαῖς
2120 3163 2490 3252 ὡμολόγηται.
2550 3162 2710 3252 Ἀλλά
2742 3163 2847 3252 κᾶν
2897 3163 3024 3252 δόξῃ
3077 3163 3355 3252 συγγενῶν
3381 3163 3548 3252 κηδε-

1965 3249 2155 3320 μονίαν
2208 3247 2479 3302 ἐντιθέναι
2545 3248 2727 3312 τισὶν,
2791 3247 2893 3300 οὑκ
2937 3249 3018 3310 εἰς
3050 3244 3267 3301 εὔνοιαν
3317 3246 3546 3300 ἐκείνων

1957 3333 2120 3387 τοῦτο
2147 3335 2311 3400 ποιεῖ,
2337 3330 2454 3384 ἀλλ’
2487 3331 2626 3403 ὑπὲρ
2653 3329 2748 3385 τοῦ
2773 3331 2872 3402 τὴν
2900 3331 3078 3402 ψυχὴν
3096 3330 3282 3384 ἄδικον
3308 3329 3546 3399 ἐξασκῆ-

1960 3415 2052 3469 σαί
2079 3432 2264 3480 τινων,
2300 3415 2490 3484 σαφῶς
2545 3415 2710 3478 αὑτὸς
2767 3413 2924 3477 εἰδὼς
2976 3414 3075 3484 τὴν
3127 3414 3425 3483 ἀπόφασιν,
3462 3413 3545 3465 ὅτι

1957 3500 2136 3555 ἄδικοι
2161 3498 2443 3571 βασιλείαν
2482 3497 2619 3551 Θεοῦ
2650 3499 2712 3551 οὑ
2749 3499 3277 3570 κληρονομήσουσιν.
3311 3497 3546 3550 Δύναται

1958 3585 2015 3638 δέ
2047 3601 2130 3648 τις
2164 3584 2378 3637 συνέσει
2405 3584 2752 3654 πνευματικῇ
2791 3583 2887 3635 καὶ
2930 3581 3060 3652 θείῳ
3100 3582 3251 3651 πόθῳ
3286 3580 3544 3651 κινούμε-

1958 3685 2068 3734 νος,
2098 3669 2235 3739 μήτε
2269 3670 2368 3737 τῆς
2407 3665 2604 3720 ἑαυτοῦ
2637 3665 2816 3735 ψυχῆς
2858 3663 3102 3734 ἀμελεῖν,
3131 3667 3226 3716 καὶ
3269 3664 3383 3726 τοῖς
3410 3680 3546 3732 συγ-

1957 3752 2172 3821 γενέσιν
2197 3752 2536 3821 ἐπικουρεῖν,
2586 3751 2635 3802 εἰ
2676 3749 2786 3817 ἀρα
2817 3748 3081 3811 λίποιντο,
3113 3749 3208 3802 καὶ
3249 3747 3545 3817 διαφόρους

1955 3838 2220 3906 παρέχειν
2259 3833 2638 3906 παραμυθίας.
2665 3833 2837 3886 Ὅταν
2877 3832 2934 3885 δέ
2964 3848 3049 3896 τις
3082 3831 3211 3902 ὃλην
3237 3831 3337 3901 τὴν
3361 3829 3544 3901 ψυχὴν

1956 3920 2151 3976 ἐαυτοῦ
2184 3919 2545 3990 καταπατήσῃ
2577 3918 2878 3988 κηδεμονίᾳ
2914 3917 3219 3987 συγγενῶν,
3243 3916 3544 3970 ὑποπίπτει

1955 4003 2130 4076 νόμῳ,
2167 4004 2261 4057 ἐπὶ
2321 4003 2540 4073 ματαίῳ
2574 4002 2673 4072 τὴν
2717 4001 2896 4073 ψυχήν
2950 4001 3117 4055 αὑτοῦ
3168 4000 3543 4071 λογιζόμενος.

1960 4089 2110 4160 ’ᾼδει
2155 4087 2213 4141 δὲ
2279 4088 2432 4140 καὶὸ
2485 4086 2810 4158 ίεροψάλτης
2875 4086 3043 4140 Δαϐὶδ
3107 4087 3239 4158 περὶ
3285 4086 3396 4139 τῶν
3443 4089 3544 4156 τῆς

1955 4173 2132 4244 ψυχῆς
2160 4169 2565 4244 φροντιζόντων
2592 4173 2649 4224 ἐν
2681 4171 2832 4241 φόϐῳ
2861 4169 2996 4224 Θεοῦ
3023 4187 3037 4202 ο
3091 4171 3268 4241 λέγων
3287 4214 3302 4238 ,
3339 4172 3422 4225 ὅτι
3445 4172 3542 4236 Τίς

1954 4258 2295 4329 ἀναϐήσεται
2325 4258 2405 4319 είς
2443 4255 2505 4308 τὸ
2533 4254 2659 4326 ὅρος
2689 4255 2785 4308 τοῦ
2821 4255 3028 4326 Κυρίου
3055 4271 3070 4323 ;
3096 4257 3219 4310 ἀντὶ
3243 4256 3363 4322 τοῦ,
3397 4275 3543 4309 σπα-

1954 4342 2103 4404 νίως.
2136 4341 2207 4393 Ἣ
2231 4339 2315 4403 τίς
2347 4340 2604 4409 στήσεται
2632 4339 2689 4390 ἐν
2719 4338 2868 4408 τόπῳ
2917 4340 3059 4410 ἁγίῳ
3097 4339 3300 4407 αὑτοῦ;
3339 4340 3542 4406 Ἀθῶος

1955 4424 2136 4495 χερσὶ,
2165 4423 2260 4477 καὶ
2286 4423 2526 4493 καθαρὸς
2549 4425 2614 4492 τῇ
2639 4422 2856 4492 καρδία,
2882 4423 2941 4486 ὃς
2959 4423 3059 4476 οὑκ
3086 4423 3280 4477 ἐλαϐεν
3315 4419 3409 4478 ἐπὶ
3439 4442 3543 4496 μα-

266 4502 428 4579 τόπον
456 4502 525 4576 τά
547 4502 677 4594 περῖ
704 4502 872 4593 αὑτῆς
897 4502 1392 4594 διηγήσομαι),’ὅτι
1424 4521 1558 4574 Κατ’
1589 4502 1712 4589 ὅζῖιιν
1727 4520 1847 4591 μὲν,
1875 4536 1931 4597 D
1956 4502 2092 4597 ’ξαίιμ
2121 4508 2223 4597 τῂν
2257 4506 2437 4597 ψιέχὴγ
2469 4505 2654 4597 αὒξφύ·
2691 4506 2921 4597 Ἐκεῖνρι
2951 4507 3176 4597 γὰρμὲπὶ
3199 4506 3414 4597 ματᾳιίιρ
3433 4508 3543 4597 ,τῆξ

268 4609 421 4678 φασὶ,
450 4606 546 4678 τὴν
578 4606 855 4677 μακαρίαν
878 4606 1082 4678 ταύτην
1099 4607 1200 4659 οὑκ
1219 4605 1490 4677 ἠδυνήθην
1520 4605 1849 4671 θεάσασθαι,

267 4697 398 4768 περὶ
443 4695 499 4748 δὲ
549 4693 648 4763 τὴν
693 4691 834 4760 ὀπὴν
887 4691 1062 4744 στᾶσα
1123 4689 1236 4760 ἐγὼ
1276 4690 1631 4761 παρεκάλεσα
1677 4689 1852 4760 αὑτήν

266 4782 442 4835 εἰπεῖν
475 4797 567 4852 μοι
602 4778 703 4852 τὴν
739 4777 919 4831 αἰτίαν
940 4776 1008 4830 δι’
1066 4777 1134 4848 ἢν
1186 4776 1538 4847 ἀνεχώρησεν
1606 4775 1706 4846 μὲν
1749 4775 1851 4845 τῆς

268 4866 495 4930 πόλεως,
552 4861 974 4933 ἐγκατέκλεισεν
1013 4861 1058 4915 δ’
1093 4862 1293 4933 ἐαυτὴν
1351 4863 1409 4915 ἐν
1447 4859 1525 4930 τῷ
1580 4859 1847 4931 μνήματι.

277 4949 343 5004 Ἠ
391 4950 450 5002 δέ
479 4949 568 5002 διὰ
627 4947 730 5018 τῆς
781 4945 923 5016 ὀπῆς
980 4963 1071 5017 μοι
1099 4945 1396 5015 ἐφθέγγετο
1444 4944 1700 5011 λέγουσα,
1767 4943 1850 4997 δτι

281 5032 512 5104 Ἐϐλάϐη
540 5050 622 5094 τις
648 5033 741 5086 τὸν
773 5031 898 5085 νοῦν
920 5033 1037 5094 είςέ
1048 5030 1136 5101 μὲ,
1165 5033 1259 5085 καὶ
1290 5030 1379 5084 ἵνα
1407 5029 1484 5100 μὴ
1506 5028 1851 5096 δόξωλλυπεῖν

268 5118 450 5184 αὑτὸν,
482 5117 515 5188 ἢ
554 5117 884 5183 διαϐάλλειν,
915 5118 1214 5187 ᾑρησάμην
1252 5115 1433 5178 ζῶσαν
1489 5115 1732 5186 ἐμαυτὴν
1769 5117 1852 5179 εἰς

267 5203 325 5257 τὸ
368 5203 556 5274 μνῆμα
605 5203 764 5256 τοῦτο
818 5203 1162 5270 είσαγαγεῖν,
1214 5201 1247 5272 ἢ
1283 5200 1637 5255 σκανδαλίσαι
1671 5201 1851 5272 ψυχὴν

269 5290 385 5342 κατ’
416 5289 603 5342 εἰκόνα
626 5288 765 5342 Θεοῦ
827 5288 1170 5359 ποιηθεῖσαν.
1216 5289 1387 5359 Ἐμοῦ
1443 5287 1501 5342 δέ
1562 5289 1852 5363 εἰρηκυίας

267 5373 427 5442 αὐτῇ,
462 5371 587 5435 Πῶς
612 5372 1013 5445 διακαρτερεῖς,
1031 5372 1193 5444 δούλη
1213 5372 1478 5444 Χριστοῦ,
1495 5374 1555 5427 τὸ
1583 5375 1850 5447 παράπαν

273 5455 462 5526 μηδενὶ
489 5457 955 5526 συντυγχάνουσα,
1011 5456 1151 5510 ἀλλά
1203 5457 1342 5528 μόνη
1382 5457 1733 5513 πυκτεύουσα
1781 5463 1848 5532 τῇ

267 5541 464 5613 ἀκηδίᾳ
489 5542 582 5594 καὶ
616 5545 729 5605 τοῖς
780 5543 1094 5615 λογισμοῖς;
1137 5543 1170 5615 ἡ
1216 5543 1273 5598 δέ
1303 5544 1669 5616 ἀπεκρίνατο⁶
1715 5549 1852 5602 Ἀπὸ

267 5626 412 5698 πρωϊ
446 5629 552 5691 ἓως
581 5628 731 5701 ὥρας
762 5630 988 5702 ἐννάτης
1010 5629 1266 5703 εὔχομαι,
1292 5630 1414 5686 καθ’
1436 5632 1587 5703 ὥραν
1614 5634 1851 5706 νήθουσα

268 5711 445 5767 λίνον*
472 5716 572 5778 τὰς
605 5714 648 5766 δ’
687 5714 1013 5780 ὑπολοίπους
1043 5717 1194 5788 ὥρας
1233 5718 1600 5793 περιέρχομαι
1650 5721 1728 5791 τῷ
1775 5723 1852 5794 νῷ

269 5797 364 5868 τήν
389 5799 571 5857 πῖστιν
599 5801 708 5857 τῶν
741 5802 910 5871 ἁγίων
943 5804 1204 5878 Πατέρων
1234 5808 1326 5863 καὶ
1351 5809 1730 5881 πατριαρχῶν,
1755 5811 1850 5866 καὶ

1957 4591 2137 4662 ψυχὴν
2162 4589 2374 4643 ἑαυτῶν
2409 4588 2800 4659 λαμϐάνουσιν,
2833 4589 2881 4641 οἱ
2915 4590 3229 4660 νομίζοντες
3267 4592 3438 4661 αὐτὴν
3463 4591 3543 4659 τῷ

1959 4675 2172 4747 σαρκίῳ
2198 4674 2372 4744 τούτῳ
2427 4675 2864 4743 συνδιαλύεσθαι,
2905 4676 2953 4729 οἱ
3009 4675 3120 4730 τῶν
3151 4676 3542 4748 πνευματικῶν

1955 4759 2169 4830 ἀρετῶν
2192 4759 2543 4830 ἀμελοῦντες.

2028 4863 2246 4934 Ταύτην
2284 4865 2385 4936 τὴν
2416 4865 2687 4938 παρθένον
2741 4865 2838 4939 τὴν
2875 4866 2954 4936 τῷ
2983 4866 3210 4938 ὀνόματι
3251 4865 3398 4937 μόνῳ
3439 4865 3540 4938 τὴν

1954 4953 2277 5025 ἐπωνυμίαν
2333 4953 2702 5026 κεκτημένην,
2737 4958 2849 5020 τοῖς
2876 4955 2933 5008 δὲ
2962 4955 3187 5026 τρόποις
3215 4955 3314 5026 τῆς
3359 4957 3540 5028 ἀσκή-

1955 5055 2094 5102 σεως
2120 5037 2562 5110 ἁπεξενωμένην,
2591 5039 2655 5092 τὸ
2701 5039 2766 5111 δή
2795 5039 3111 5111 λεγόμενον,
3139 5039 3374 5112 θελήσας
3406 5042 3540 5112 φλε-

1955 5123 2258 5194 ϐοτομῆσαι
2287 5125 2369 5187 είς
2402 5123 2708 5193 κουφισμὸν
2741 5123 2843 5193 τῆς
2889 5121 3204 5189 πλεονεξίας
3233 5126 3262 5178 ὁ
3297 5125 3538 5193 ἁγιώτα-

1952 5223 2044 5271 τος
2074 5207 2364 5279 Μακάριος
2396 5210 2425 5260 ὁ
2459 5207 2856 5279 πρεσϐύτερος,
2894 5208 2990 5262 καὶ
3035 5208 3420 5280 ἀφηγούμενος
3443 5211 3536 5264 τοῦ

1953 5293 2223 5364 πτωχείου
2245 5293 2356 5346 τῶν
2375 5291 2796 5363 λελωϐημένων,
2831 5292 3115 5362 σοφίζεται
3144 5293 3331 5365 δρᾶμα
3359 5294 3536 5348 τοιοῦ-

1951 5396 2063 5435 τον.
2089 5376 2199 5432 Ἦν
2230 5377 2340 5450 γὰρ
2372 5379 2432 5431 ἐν
2462 5378 2678 5448 νεότητι
2701 5377 2867 5431 αὑτοῦ
2897 5378 3204 5450 λιθουργὸς,
3224 5380 3282 5434 ὃν
3315 5381 3532 5450 λέγουσι

1954 5466 2292 5537 καϐιδάριον.
2311 5467 2424 5523 Καὶ
2450 5467 2700 5523 ἀπελθὼν
2726 5467 2875 5537 λέγει
2891 5467 3054 5538 αὐτῇ·
3073 5468 3226 5521 Λίθοι
3243 5468 3531 5536 ἀναγκαῖοι

1956 5552 2261 5625 σμάραγδοι
2327 5553 2423 5606 καὶ
2487 5551 2732 5606 ὑάκινθοι
2796 5551 3194 5623 ἐμπεπτώκασί
3250 5568 3371 5623 μοι’
3439 5554 3534 5607 καὶ

1954 5641 2066 5692 εἴτε
2094 5639 2409 5710 κλεψιμαῖοι
2455 5637 2487 5709 ἢ
2531 5639 2826 5711 ἐμπορικοὶ
2861 5641 3036 5695 εἰπεῖν
3071 5639 3172 5693 οὑκ
3201 5639 3329 5709 ἔχω.
3374 5631 3528 5714 ’Τιμῇ

1951 5728 2050 5798 οὑχ
2098 5727 2511 5794 ὑποϐάλλονται,
2567 5729 2710 5801 ὑπὲρ
2740 5727 3056 5800 διατίμησιν
3110 5726 3282 5792 ὄντες.
3318 5728 3535 5795 Πιπρά-

1959 5829 2079 5868 σκει
2132 5813 2190 5867 δέ
2242 5813 2405 5878 αὐτὸς
2466 5813 2838 5870 πεντακοσίων
2895 5811 3245 5886 νομισμάτων
3292 5813 3322 5866 ὁ
3367 5812 3506 5882 ἔχων
