4020 6436
527 338 669 410 1019

2012 348 2369 412 PALLADII

3702 361 3821 427 1020

536 466 664 521 Ἐἀν
690 461 784 520 οῦν
811 464 939 538 δόξῃ
978 482 1061 519 σοι
1086 465 1286 533 αὐτοὺς
1310 465 1521 531 λαϐεῖν,
1551 465 1641 529 δδς
1677 466 1747 520 τὰ
1777 465 2111 520 πεντακόσια
2142 465 2189 524 Α
2216 457 2287 535 Ὦ
2326 464 2444 537 ὄρει
2477 466 2813 538 παράκειται
2845 468 2879 540 ἡ
2917 467 3238 542 πανέρημος
3271 473 3701 545 παρατείνουσα
3728 477 3819 543 ἕως

522 558 877 629 νομίσματα·
933 558 1047 622 τοῖς
1091 558 1149 613 δέ
1181 559 1393 623 λοιποῖς
1443 562 1755 632 χρήσασθαι
1806 563 1889 624 είς
1938 580 2109 617 κατα·
2134 555 2185 590 ³³

525 649 727 722 σκευὴν
755 650 964 720 κόσμου
1001 652 1254 719 ποικίλην
1284 652 1385 718 τῆς
1415 654 1705 723 ἀδελφιδῆς
1726 672 1842 709 σου.
1882 643 2133 728 Ἐκκρε-’

528 742 746 811 μαμένη
792 743 850 797 δέ
897 745 930 814 ἡ
983 743 1254 817 λεγομένη
1314 747 1584 818 παρθένος
1624 749 1777 823 πάσῃ
1830 748 1997 821 ψήφῳ
2047 750 2114 822 τῇ

525 834 686 906 κόρῃ,
720 834 1035 901 δελεάζεται
1064 841 1129 910 τῇ
1181 838 1511 911 φιλοκοσμίᾳ
1538 842 1764 914 ταύτης,
1796 843 1891 895 καὶ
1924 843 2116 899 πίπτει
2158 848 2159 851 ’

524 924 695 979 αὐτοῦ
728 927 812 991 εἰς
840 928 967 991 τοὺς
990 929 1179 993 πόδας,
1212 930 1309 984 καὶ
1342 930 1492 999 λέγει
1524 931 1674 1003 αύτῷ
1698 949 1711 963 ο
1742 932 1947 1003 Δέομαί
1993 952 2112 999 σου.

528 1020 601 1091 μὴ
652 1037 737 1085 τις
794 1021 994 1086 αὐτοὺς
1051 1021 1214 1096 λάϐῃ.
1257 1025 1640 1095 Προτρέπεται
1689 1022 1785 1082 οῦν
1831 1029 2039 1101 ταύτην
2085 1029 2115 1083 6

525 1112 703 1179 ἀγιος,
735 1112 932 1183 λέγων,
964 1116 1046 1169 ὅτι
1069 1118 1392 1187 Παραγενοῦ
1415 1118 1520 1183 ἕως
1537 1120 1637 1189 τῆς
1661 1120 1843 1185 οἰκίας
1870 1140 1995 1190 μου,
2018 1122 2115 1176 καὶ

526 1204 693 1276 βλέπε
728 1206 946 1272 αὐτούς.
994 1207 1060 1262 'll
1087 1209 1143 1263 δέ
1173 1209 1276 1264 οὐκ
1307 1212 1592 1282 ἠνέσχετο,
1620 1212 1757 1267 ἀλλά
1782 1214 2113 1286 προσρίπτει

523 1299 672 1371 αὕτῷ
719 1300 789 1354 τά
827 1302 1161 1357 πεντακόσια
1214 1305 1553 1376 νομίσματα,
1602 1307 1859 1377 λέγουσα,
1909 1309 2115 1378 Δέομαί

524 1411 641 1458 σου,
699 1395 775 1459 ὡς
832 1396 1027 1463 Θέλεις,
1073 1397 1205 1453 λάϐε
1262 1399 1482 1466 αύτούς.
1529 1402 1673 1471 Ἐγὼ
1723 1404 1832 1474 γὰρ
1869 1404 1930 1457 οὐ
1974 1403 2113 1457 θέλω

527 1485 657 1539 ἰδεῖν
687 1486 777 1540 τὸν
803 1488 1092 1559 ἄνθρωπον
1125 1489 1218 1543 τὸν
1250 1491 1635 1562 πιπράσκοντα
1666 1494 1885 1559 αὐτούς.
1916 1495 2112 1550 Λαϐὼν

519 1577 614 1631 οῦν
658 1578 726 1631 τὰ
772 1581 1110 1635 πεντακόσια
1139 1581 1459 1655 νομίσματα
1508 1585 1641 1654 παρ’
1669 1586 1840 1656 αὐτῆς
1895 1588 1923 1640 6
1957 1587 2113 1654 ἅγιος

520 1670 833 1741 Μακάριος,
853 1672 1041 1727 δίδωσι
1068 1674 1239 1729 ταῦτα
1265 1677 1346 1740 εἰς
1375 1676 1476 1738 τάς
1496 1676 1686 1747 χρείας
1701 1676 1795 1732 τοῦ
1816 1679 2107 1748 πτωχείου.

516 1764 727 1836 Χρόνου
760 1764 816 1819 δέ
875 1766 1263 1835 παρελθόντος,
1320 1769 1509 1841 ἐπειδὴ
1545 1769 1787 1841 μεγάλην
1838 1772 2109 1842 ὑπόληψιν

516 1851 662 1927 εἶχεν
692 1858 721 1912 6
755 1856 894 1928 ἀνὴρ
944 1859 1003 1911 ἐν
1056 1858 1455 1931 Ἀλεξανδρείᾳ,
1509 1862 1590 1925 εἰς
1636 1862 1807 1934 ἀκρον
1859 1860 2107 1930 φιλόθεος

516 1949 595 2002 ὢν
624 1947 720 2002 καὶ
752 1948 1003 2019 ἐλεήμων
1034 1948 1351 2018 πρεσϐύτης
1382 1950 1655 2021 (ἤκμασεν
1679 1952 1790 2023 γὰρ
1813 1950 1976 2023 μέχρι
1997 1952 2109 2006 τῶν

517 2040 715 2095 ἐκατδν
746 2040 908 2105 ἐτῶν,
996 2041 1462 2112 συνεχρονίσαμεν
1482 2043 1572 2097 καί
1593 2045 1795 2115 ἡμεῖς),
1817 2043 2109 2115 ηύλαϐεῖτο

517 2134 683 2188 αὐτὸν
736 2134 1072 2205 ὑπομνῆσαι.
1113 2134 1281 2198 Τέλος
1341 2136 1581 2207 εὑροῦσα
1607 2137 1770 2191 αὑτὸν
1806 2139 1865 2193 ἐν
1912 2142 1979 2211 τῇ
2012 2142 2108 2193 ἐκ·

517 2227 738 2299 κλησίᾳ.
771 2226 922 2295 λέγει
952 2226 1125 2297 αὐτῷ,
1156 2226 1361 2297 Δέομαί
1394 2245 1510 2294 σου,
1542 2230 1598 2283 τί
1624 2229 1804 2299 λέγεις
1848 2232 1977 2303 περὶ
2000 2232 2109 2288 τῶν

515 2317 679 2371 λίθων
728 2317 974 2380 ἐκείνων,
1030 2309 1104 2371 ὧν
1153 2315 1473 2387 δεδώκαμεν
1528 2318 1596 2373 τά
1630 2321 1965 2375 πεντακόσια
2020 2340 2109 2376 νο-

518 2407 797 2478 μίσματας
843 2408 903 2459 Ὀ
946 2406 1001 2460 δὲ
1034 2408 1391 2477 ἀπεκρίνατο,
1442 2406 1620 2477 λέγων
1669 2410 1829 2481 αὐτῇ·
1881 2412 2001 2482 Ἀφ’
2039 2408 2110 2486 ἧς

514 2499 733 2570 ἡμέρας
779 2498 1023 2563 δέδωκάς
1077 2516 1166 2569 μοι
1214 2498 1305 2553 τὸν
1334 2500 1556 2569 χρυσὸν,
1604 2501 1908 2557 κατέϐαλον
1940 2505 2106 2558 αὑτὸν

512 2593 594 2654 είς
626 2591 725 2664 τὴν
760 2590 926 2663 τιμὴν
949 2590 1059 2645 τῶν
1086 2591 1271 2645 λίθων.
1296 2591 1405 2646 Καὶ
1440 2594 1488 2645 εἰ
1518 2592 1699 2663 βούλει
1736 2594 1864 2648 ἰδεῖν
1886 2596 2105 2662 αὐτοὺς,

514 2685 637 2739 ἐλθὲ
679 2686 735 2737 ἐν
770 2684 848 2754 τῷ
879 2685 1114 2755 ὀσπιτίῳ
1153 2704 1255 2755 μου
1281 2703 1294 2717 ·
1337 2687 1454 2739 ἐκεῖ
1479 2687 1588 2757 γάρ
1618 2691 1829 2744 κεῖνται
1869 2692 1917 2744 οἱ
1948 2690 2107 2757 λίθοι,

513 2778 611 2833 καλ
644 2777 808 2848 βλέπε
859 2778 954 2832 ἐάν
1002 2794 1086 2831 σοι
1138 2778 1435 2849 ἀρέσωσιν,
1494 2768 1617 2833 ἐπεὶ
1651 2780 1816 2855 αίρῃς
1867 2800 1963 2836 σου
2016 2788 2107 2837 τδν

514 2870 741 2943 χρυσόν.
776 2866 980 2924 Ἶιλθεν
1009 2871 1066 2925 δέ
1117 2872 1303 2941 ἐκείνη
1352 2873 1760 2943 ἀσμενεστάτη.
1808 2870 1915 2929 Ἦν
1944 2875 1999 2929 δέ
2048 2876 2109 2930 τὸ

514 2967 807 3036 πτωχεῖον,
850 2967 933 3031 εἰς
978 2965 1079 3036 μέν
1130 2966 1199 3019 τὰ
1240 2966 1478 3033 ἀνάγαια
1522 2966 1645 3037 ἕχον
1682 2969 1783 3031 τάς
1808 2970 2103 3037 γυναῖκας,

513 3060 596 3121 εἰς
633 3058 691 3112 δέ
724 3058 792 3111 τά
816 3058 1115 3128 κατάγαια,
1142 3059 1269 3122 τοὺς
1296 3060 1515 3129 ἄνδρας.
1560 3061 2025 3130 Παραγενομένης
2050 3060 2109 3113 δέ

2224 557 2523 623 Αἰθιοπίας
2551 558 2648 615 καὶ
2690 561 2801 616 τῶν
2833 562 3102 628 Μαζίκων
3140 564 3238 619 καὶ
3263 566 3369 637 τῆς
3408 568 3817 639 Μαυριτανίας.

2196 588 2323 721 \‘Ev
2362 643 2406 718 ᾧ
2438 650 2557 721 ὄρει
2602 651 2844 707 οἰκοῦσιν
2895 654 3090 721 ἄνδρες
3119 656 3196 721 ὡς
3227 659 3705 721 πεντακισχίλιοι,
3752 662 3817 715 οἰ-

2233 649 2323 703 Ἐν
2362 643 2406 718 ᾧ
2438 650 2557 722 ὄρει
2602 651 2844 707 οἰκοῦσιν
2895 654 3090 728 ἄνδρες
3119 656 3196 721 ὡς
3227 659 3705 731 πεντακισχίλιοι,
3752 662 3818 715 οἰ-

2222 758 2364 806 τινες
2394 742 2685 814 διαφόρους
2726 744 2913 817 έχουσι
2945 748 3242 815 πολιτείας,
3281 748 3523 814 ἕκαστος
3552 751 3639 815 ὡς
3668 751 3817 807 δύνα-

2219 851 2310 888 ται
2341 836 2436 889 καὶ
2462 836 2538 901 ὠς
2565 837 2817 907 βούλεται
2842 856 2856 872 ο
2885 839 2962 905 ὡς
3014 840 3221 907 ἐξεῖναι
3267 841 3364 896 καὶ
3396 844 3575 913 μόνον
3618 844 3814 915 μένειν,

2220 926 2316 981 καὶ
2357 927 2632 1001 δεύτερον,
2696 932 2789 985 καὶ
2842 932 3156 988 πολλοστόν.
3208 933 3299 989 Ἐν
3348 935 3535 1008 τούτῳ
3576 935 3663 1008 τῷ
3712 938 3818 1009 ὄρει

2218 1022 2565 1107 ἀρτοκοπεῖάὶ
2620 1024 2770 1077 ἐστιν
2823 1024 2985 1090 ἐπτά,
3029 1024 3457 1097 ύπηρετούμενα
3510 1029 3815 1095 κάκείνοις,

2218 1116 2316 1169 καὶ
2346 1117 2462 1179 τοῖς
2495 1117 2572 1179 εἰς
2606 1115 2706 1186 τὴν
2746 1117 3068 1189 πανέρημον
3096 1119 3513 1191 ἀναχωρηταῖς,
3556 1122 3816 1193 ἀνδράσιν

2216 1202 2368 1261 οὖσιν
2423 1206 2751 1275 ἑξακοσίοις.
2802 1210 3157 1281 Παροικήσας
3198 1206 3292 1265 οῦν
3326 1212 3437 1280 ἐγὼ
3470 1213 3540 1265 ἐν
3583 1214 3670 1284 τῷ
3711 1214 3814 1286 ὄρει

2215 1300 2391 1371 τούτῳ
2422 1301 2671 1356 ἐνιαυτὸν
2704 1301 2844 1367 ὅλον,
2879 1302 2973 1356 καὶ
3027 1303 3198 1357 πολλὰ
3224 1303 3542 1374 ὠφεληθεὶς
3573 1308 3689 1361 ἀπὸ
3718 1307 3815 1360 τῶν

2217 1392 2512 1463 μακαρίων
2554 1392 2647 1448 καὶ
2672 1392 2837 1448 ὁσίων
2866 1394 3154 1465 Πατέρων,
3203 1396 3479 1465 Ἀρσισίου
3516 1398 3623 1453 τοῦ
3659 1400 3813 1470 μεγά-

2215 1482 2333 1545 λου,
2363 1484 2460 1539 καὶ
2496 1484 2937 1549 Πουτουϐαστοῦ,
2976 1487 3071 1539 καὶ
3107 1485 3387 1555 ’Δγίωνος,
3420 1489 3525 1543 καὶ
3558 1490 3810 1561 Χρονίου,

2215 1577 2313 1629 καὶ
2334 1575 2400 1627 Σε
2411 1576 2706 1646 ραπίωνος,
2728 1576 2821 1631 καί
2843 1576 3061 1641 πολλοῖς
3075 1580 3409 1653 διηγήμασιν
3430 1579 3809 1651 ἀρχαιοτέρων

2215 1672 2607 1743 πνευματικῶν
2628 1672 2775 1727 Πατέ
2782 1691 2894 1744 ρων
2916 1674 3049 1745 παρ’
3065 1674 3247 1729 αὐτῶν
3264 1672 3632 1745 κεντρωθεὶς,
3657 1670 3808 1744 ἦλθον

2216 1764 2298 1828 εἰς
2325 1764 2426 1835 τὴν
2452 1764 2659 1836 ἔρημον
2686 1765 2785 1835 τὴν
2815 1766 3107 1821 ἐνδοτάτω.
3148 1767 3240 1821 Ἐν
3260 1766 3339 1838 τῷ
3363 1766 3481 1839 ὄρει
3514 1766 3700 1835 τούτῳ
3719 1767 3805 1838 τῆς

2211 1857 2444 1929 Νιτρίας
2488 1857 2757 1928 ἐκκλησία
2791 1858 2893 1929 μία
2932 1859 3050 1913 ἐστὶ
3102 1859 3360 1930 μεγίστη.
3415 1861 3511 1914 Ἑν
3538 1861 3715 1933 ταύτῃ
3746 1864 3804 1931 τῇ

2212 1949 2485 2022 ἐκκλησίᾳ
2510 1951 2663 2021 τρεῖς
2701 1949 2945 2020 φοίνικες
2979 1952 3221 2017 ἐστᾶσιν,
3266 1952 3501 2017 ἕκαστος
3534 1954 3681 2025 ἔχων
3714 1954 3803 2024 μά-

2215 2060 2375 2113 στιγα
2401 2043 2488 2113 ἐφ’
2514 2043 2711 2097 ἐαυτοῦ
2761 2045 3146 2116 κρεμαμένην.
3174 2046 3288 2099 Καὶ
3320 2046 3349 2099 ὁ
3383 2046 3486 2113 μέν
3537 2048 3693 2101 ἔστιν
3732 2049 3803 2111 εἷς

2212 2134 2555 2205 ἐπιστροφὴν
2582 2135 2693 2190 τῶν
2733 2135 2988 2207 μοναχῶν
3016 2136 3125 2190 τῶν
3160 2136 3464 2191 πταιόντων
3488 2153 3503 2167 ·
3539 2138 3572 2190 ὁ
3623 2138 3701 2203 δέ,
3732 2138 3801 2201 εἰς

2210 2228 2487 2299 τιμωρίαν
2512 2227 2747 2300 λῃστῶν,
2784 2228 2881 2282 ἐάν
2909 2246 2974 2297 γε
3009 2228 3294 2296 ἐμπέσωσί
3344 2246 3473 2282 ποτε
3499 2245 3517 2260 ο
3566 2230 3597 2283 6
3623 2229 3697 2291 δέ,
3732 2230 3800 2290 είς

2212 2319 2500 2389 διόρθωσιν
2526 2319 2635 2371 τῶν
2681 2320 3194 2389 περιτυγχανόντων
3235 2319 3333 2373 καί
3369 2319 3798 2373 ἐκπεπτωκότων

2211 2412 2557 2482 οίοισδὴποτε
2599 2411 2946 2481 σφάλμασινο
2980 2410 3057 2474 ὡς
3088 2409 3298 2473 πάντας
3329 2410 3457 2473 τοὺς
3487 2411 3792 2473 πταίοντας,

2212 2502 2308 2554 καὶ
2354 2501 2836 2571 διελεγχομένους,
2876 2500 2972 2554 καὶ
3020 2500 3356 2564 ὑπευθύνους
3401 2502 3635 2572 πληγῶν
3675 2500 3792 2556 καθα

2212 2596 2475 2661 εστῶτας,
2516 2594 3059 2666 περιλαμϐάνειντὸν
3078 2595 3319 2665 φοίνικα,
3350 2595 3791 2666 καὶλαμϐάνοντα

2212 2688 2355 2741 κατά
2400 2687 2569 2743 νώτου
2614 2689 2783 2759 ῥητὰς
2822 2688 2997 2752 οὕτως
3049 2688 3412 2742 ἀπολύεσθαι.
3460 2691 3786 2759 Πρόσκειται

2211 2779 2267 2832 δὲ
2292 2783 2356 2851 τῇ
2392 2779 2657 2852 ἐκκλησία
2690 2780 3019 2852 ξενοδοχεῖον
3038 2782 3119 2844 εἰς
3147 2780 3175 2834 6
3209 2780 3299 2833 τὸν
3319 2780 3626 2835 ἀπελθόντα
3653 2781 3783 2845 ξένον

2211 2872 2512 2937 δεξιοῦνται
2563 2874 2742 2928 πάντα
2782 2876 2873 2928 τὸν
2919 2874 3135 2946 χρόνον,
3208 2874 3310 2928 κᾶν
3369 2875 3463 2929 ἐπὶ
3513 2875 3707 2929 διετίαν
3755 2872 3781 2943 ἢ

2212 2967 2456 3037 τριετίαν
2485 2969 2670 3036 μεῖναι
2702 2968 2929 3041 θελήσῃ,
2993 2967 3190 3037 μέχρις
3223 2959 3283 3019 οῦ
3322 2966 3641 3037 αὐθαίρετος
3667 2968 3783 3020 ἀνα-

2213 3058 2462 3127 χωρῆσαι
2487 3058 2711 3133 θελήσῃ,
2738 3059 3199 3129 συγχωρήσαντες
3232 3057 3381 3128 αὐτῷ
3410 3059 3504 3112 ἐπὶ
3536 3057 3776 3128 ἑϐδομάδα

514 3149 711 3218 αὐτῆς,
768 3149 982 3217 εἰσάγει
1034 3150 1207 3218 αύτὴν
1243 3152 1323 3215 εἰς
1376 3150 1469 3204 τὸν
1525 3150 1769 3217 πυλῶνα,
1818 3152 1913 3205 καὶ
1956 3152 2106 3220 λέγει
2138 3170 2183 3231 c
2218 3150 2349 3219 μίαν
2385 3152 2441 3204 ἐν
2470 3151 2643 3223 ἀργίᾳ
2678 3151 2895 3216 διάξαι·
2929 3151 3029 3215 τάς
3061 3149 3257 3215 λοιπάς
3282 3150 3501 3222 ἡμέρας
3527 3148 3775 3221 περισπῶ-

514 3242 653 3314 αύτῇ
685 3245 713 3297 6
740 3243 931 3311 ἅγιοςο
971 3243 1037 3296 Τί
1068 3242 1246 3306 θέλεις
1290 3242 1511 3315 πρῶτον
1548 3243 1712 3311 ίδεῖν;
1754 3244 1882 3307 τοὺς
1921 3245 2112 3298 ὑακίν-

515 3332 665 3398 θους,
693 3334 877 3407 ἧτοῦς
908 3334 1288 3406 σμαράγδους;
1326 3335 1489 3403 Λέγει
1518 3334 1688 3406 αὐτῷ,
1736 3338 1803 3389 Ὃ
1826 3336 1974 3390 δοκεῖ
2003 3355 2105 3397 σοι.

527 3426 617 3490 Ὠς
651 3427 707 3480 δέ
736 3428 927 3495 ἀνάγει
971 3426 1140 3497 αύτὴν
1176 3427 1255 3491 είς
1285 3429 1354 3480 τὰ
1398 3428 1660 3497 ἀνάγαια,
1707 3428 1804 3483 καί
1837 3428 2111 3484 δείκνυσιν

515 3518 653 3590 αὐτῇ
691 3518 1229 3590 ἠκρωτηριασμένας
1252 3516 1943 3589 γυναῖκας,λελωϐημένας
1959 3518 2111 3589 ὄψεις

516 3612 779 3681 ἑχούσας’
834 3612 928 3665 καὶ
966 3612 1116 3681 λέγει
1166 3611 1326 3682 αὐτῇ,
1387 3610 1521 3663 Ἰδοὺ
1560 3611 1610 3663 οἱ
1669 3610 1953 3665 ὑάκινθοι·
1991 3608 2110 3665 εἶτα

518 3703 753 3771 κατάγει
784 3703 956 3775 αὐτὴν
990 3704 1070 3768 εἰς
1098 3705 1168 3757 τά
1206 3703 1509 3769 κατάγαια,
1543 3701 1639 3755 καὶ
1662 3702 1936 3756 δείκνυσιν
1970 3703 2107 3775 αὐτῇ

514 3799 643 3861 τοὺς
668 3798 893 3870 ἄνδρας,
926 3798 1098 3853 είπών
1124 3812 1140 3827 ⁸
1177 3798 1311 3851 Ἰδοὺ
1341 3797 1390 3850 οἰ
1424 3796 1734 3867 σμάραγδοι
1753 3814 1768 3833 ο
1791 3798 1885 3852 καί
1907 3798 2111 3867 νομίζω

516 3889 724 3945 τούτων
776 3889 1143 3961 τιμιωτέρους
1199 3886 1274 3960 μὴ
1334 3887 1652 3958 εὑρεθῆναι.
1708 3889 1837 3944 Ἐἀν
1887 3884 1983 3943 οῦν
2024 3906 2109 3942 σοι

517 3984 857 4056 ἀρέσκωσιν,
883 3982 1010 4036 ἐπεὶ
1037 3982 1170 4035 λάϐε
1197 4000 1290 4036 σου
1310 3981 1403 4036 τδν
1434 3982 1660 4053 χρυσόν.
1687 3982 1909 4036 Τούτων
1930 3982 2111 4036 τοίνυν

514 4073 691 4139 οὕτως
719 4074 1028 4143 γεγονότων
1071 4074 1434 4144 διατραπεῖσα
1473 4075 1506 4145 ἡ
1559 4074 1831 4144 παρθένος
1864 4073 2107 4145 ἐξῆλθεν,

516 4167 611 4221 καὶ
632 4166 951 4220 ἀπελθοῦσα
979 4167 1039 4218 ἐν
1070 4168 1136 4237 τῇ
1159 4165 1307 4237 οἰκίᾳ
1330 4167 1531 4236 ἐαυτῆς
1555 4167 1665 4219 ἀπὸ
1694 4167 1899 4235 πολλῆς
1928 4166 2111 4236 λύπης

517 4257 799 4327 ἐνόσησεν,
862 4257 945 4311 ὅτι
1004 4257 1065 4310 οὐ
1123 4256 1267 4311 κατά
1323 4256 1458 4310 Θεὸν
1518 4255 1680 4309 τοῦτο
1734 4257 1993 4325 ἐποίησεν
2048 4256 2111 4309 τὸ

514 4353 752 4420 πρᾶγμα
774 4392 788 4417 ,
815 4349 929 4403 ἀλλ’
961 4348 1345 4418 ἀναγκαστῶς.
1394 4349 1489 4412 Εἰς
1529 4348 1755 4417 ὕστερον
1786 4348 1845 4403 δέ
1883 4348 2112 4420 ηὐχαρί-

516 4460 716 4513 στησεν
759 4442 839 4513 τῷ
890 4442 1277 4513 πρεσϐυτέρῳ,
1326 4442 1423 4513 τῆς
1467 4444 1639 4513 κόρης
1670 4436 1737 4515 ἦς
1790 4442 2109 4514 ἐφρόντιζεν

2215 3258 2301 3294 σιν
2341 3242 2504 3295 αὑτὸν
2531 3242 2717 3296 λοιπὸν
2746 3245 2805 3297 ἐν
2832 3243 3040 3314 ἔργοις,
3070 3243 3103 3314 ἦ
3136 3244 3192 3295 ἐν
3216 3243 3395 3313 κήπῳ,
3428 3242 3462 3313 ἢ
3488 3244 3543 3295 ἐν
3569 3244 3770 3313 ἀρτοκο-

2213 3334 2376 3405 πείῳ,
2417 3334 2450 3403 ἢ
2488 3336 2545 3389 ἐν
2584 3336 2909 3407 μαγειρείῳ.
2944 3336 3006 3389 Εἰ
3054 3336 3110 3389 δὲ
3145 3335 3427 3403 ἀξιόλογός
3469 3352 3548 3398 τις
3571 3336 3664 3401 εἴη,
3690 3332 3761 3384 δι-

2213 3425 2399 3481 δόασιν
2430 3429 2583 3499 αὐτῷ
2616 3428 2820 3499 βιϐλίον
2840 3428 3262 3498 ἀναγινώσκειν,
3292 3430 3369 3501 μὴ
3411 3426 3752 3496 συγχωρήσαν-

2212 3535 2305 3582 τες
2330 3518 2481 3590 αὐτῷ
2510 3518 2618 3582 ἕως
2659 3518 2829 3590 ἒκτης
2878 3518 3028 3591 ῶρας
3080 3519 3276 3589 μηδενὶ
3351 3516 3609 3585 συντυχεῖν.
3668 3510 3745 3563 Ἐν

2213 3609 2389 3685 τούτῳ
2429 3612 2508 3684 τῷ
2532 3612 2648 3685 ὄρει
2676 3612 2772 3666 καὶ
2804 3611 2982 3683 ίατροί
3019 3611 3289 3681 διάγουσι,
3323 3611 3417 3666 καὶ
3458 3601 3736 3661 πλακουντά-

2218 3720 2344 3775 ριοι.
2373 3702 2693 3773 Κέχρηνται
2722 3702 2779 3755 δέ
2806 3702 2901 3757 καὶ
2930 3703 3080 3772 οίνῳ,
3111 3702 3208 3756 καὶ
3233 3702 3591 3771 πιπράσκεται
3614 3689 3743 3755 οἶνος.

2216 3794 2425 3859 Πάντες
2458 3794 2515 3847 δέ
2544 3788 2692 3849 οὗτοι
2718 3794 2911 3863 ὀθόνην
2945 3793 3271 3864 ἐργάζονται
3301 3795 3419 3854 ταῖς
3450 3790 3622 3862 χερσὶν
3654 3787 3759 3839 ἐαυ-

2213 3887 2347 3955 τῶν,
2378 3887 2455 3951 ὡς
2484 3882 2624 3940 εῖναι
2651 3887 2779 3950 τοὺς
2808 3886 3028 3949 πάντας
3050 3885 3340 3948 ἀνενδεεῖς.
3375 3884 3485 3937 Καὶ
3516 3883 3606 3950 τῆς
3628 3874 3764 3932 ἐσπέ-

2218 3997 2319 4049 ρας
2373 3979 2794 4048 καταλαϐούσης
2832 3978 2983 4031 ἔστιν
3035 3978 3261 4031 ἐστᾶναι
3300 3978 3397 4030 καί⁸
3451 3974 3660 4029 ἀκούειν
3693 3969 3770 4037 ἀφ’

2214 4071 2454 4143 ἑκάστης
2504 4071 2675 4142 μονῆς
2744 4071 2948 4141 ὕμνους
2998 4072 3096 4126 καὶ
3159 4068 3411 4140 ψαλμοὺς
3458 4070 3536 4139 τῷ
3585 4060 3776 4139 Χριστῷ

2214 4162 2533 4234 ᾀδομένους,
2575 4161 2671 4215 καὶ
2698 4160 3012 4233 προσευχὰς
3059 4161 3142 4224 εἰς
3186 4160 3452 4231 οὐρανοὺς
3485 4160 3780 4226 ἀναπεμπο-

2220 4256 2414 4327 μένας,
2445 4255 2521 4320 ὼς
2544 4254 2765 4326 νομίσαι
2786 4255 2910 4308 τινά
2936 4254 3236 4325 μετάρσιον
3269 4255 3329 4307 ἐν
3354 4252 3432 4323 τῷ
3464 4253 3565 4323 τῆς
3594 4247 3783 4322 τρυφῆς

2214 4349 2533 4421 παραδείσῳ
2557 4348 2991 4418 μετοικισθῆναι.
3016 4349 3128 4419 Τὴν
3152 4348 3209 4402 δέ
3227 4347 3527 4419 ἐκκλησίαν
3541 4344 3786 4412 Σαϐϐάτῳ

2224 4444 2322 4498 καὶ
2350 4445 2607 4513 Κυριακῇ
2639 4442 3126 4512 καταλαμϐάνουσι
3174 4440 3354 4513 μόνον.
3400 4439 3578 4494 Ὀκτὼ
3598 4438 3653 4492 δέ
3669 4438 3787 4490 εἰσιν

518 4535 660 4607 μετά
730 4535 910 4605 γάμον
964 4535 1193 4589 ἀτέκνου
1254 4534 1661 4606 τελευτησάσης
1692 4575 1708 4601 ,
1764 4536 1861 4590 καὶ
1923 4534 2111 4590 λοιπὸν
2145 4526 2190 4582 Ῑ)
2220 4533 2587 4607 πρεσϐύτεροι
2614 4532 2992 4604 ἀφηγούμενοι
3019 4530 3226 4602 ταύτης
3253 4531 3353 4600 τῆς
3382 4527 3674 4599 ἐκκλησίας
3696 4540 3710 4554 ·
3740 4525 3789 4575 ὲν

516 4626 723 4699 ταύτης
753 4628 834 4692 είς
865 4626 986 4682 δέον
1024 4627 1527 4701 καταχρησαμένης
1549 4626 1629 4699 τῷ
1670 4627 1793 4700 βίῳ.

1106 4753 1360 4809 ΚΕΦΑΛ.
1419 4754 1495 4807 Z'.

942 4869 1085 4939 Περὶ
1117 4868 1239 4924 τῶν
1270 4868 1341 4924 ἐν
1372 4867 1449 4937 τῇ
1472 4868 1699 4955 Νιζρίει.

590 4999 1017 5073 Συντετυχηκὼς
1059 4998 1153 5054 οῦν
1201 4999 1418 5062 πολλοῖς
1469 4997 1577 5051 τῶν
1609 4996 1784 5065 ἁγίων
1834 4994 1979 5063 ἐγὼ,
2016 4995 2111 5049 καὶ

518 5094 866 5166 ἐνδιατρίψας
909 5095 1025 5158 τοῖς
1072 5093 1203 5165 περὶ
1236 5093 1336 5163 τὴν
1393 5089 1804 5161 Ἀλεξάνδρειαν
1834 5106 2111 5160 μοναστη-

521 5186 659 5261 ρίοις
693 5172 786 5241 ἐπὶ
817 5187 913 5258 έτη
939 5187 1091 5259 τρία,
1121 5187 1218 5241 καὶ
1253 5183 1644 5256 συνδιατρίψας
1670 5182 1980 5246 καλλίστοις
2015 5180 2111 5235 καὶ

522 5280 965 5343 σπουδαιοτάτοις
1021 5278 1285 5349 μεγάλοις
1336 5276 1600 5347 ἀνδράσιν
1670 5274 1747 5339 ὡς
1804 5274 2109 5344 δισχιλίοις,

521 5376 676 5449 πάσῃ
722 5376 894 5445 ἀρετῇ
956 5371 1432 5443 κεκοσμημένοις,
1487 5370 1853 5442 ἀναχωρήσας
1899 5367 2111 5422 ἐκεῖθεν

518 5464 685 5541 ἦλθον
713 5466 808 5520 ἐπὶ
831 5464 895 5519 τδ
921 5463 1047 5537 ὄρος
1077 5464 1178 5533 τῆς
1202 5464 1251 5517 Ν
1258 5462 1455 5535 ιτρίας.
1479 5462 1703 5527 Μεταξὺ
1734 5462 1791 5515 δέ
1822 5462 1915 5515 τοῦ
1949 5460 2111 5533 ὄρους

518 5563 712 5617 τούτου
762 5561 859 5615 καὶ
909 5560 1011 5631 τῆς
1051 5557 1463 5627 ’Δλεξανδρείας
1495 5559 1663 5629 λίμνη
1704 5560 1907 5619 κεῖται.
1939 5559 1972 5626 ἡ
2006 5574 2110 5609 κα-

521 5654 760 5726 λουμένη
786 5653 997 5726 Μαρία.
1023 5652 1261 5725 Κατέχει
1290 5652 1347 5706 δὲ
1387 5650 1531 5722 αὕτη
1566 5652 1663 5705 ἐπὶ
1694 5652 1846 5722 μίλια
1879 5650 2113 5721 ἐϐδομή-

522 5760 709 5803 κοντα.
744 5748 849 5801 Ἦν
873 5746 1231 5811 διαπλεύσας,
1259 5746 1347 5801 διὰ
1381 5746 1518 5818 μιᾶς
1552 5745 1643 5799 καὶ
1669 5744 1930 5816 ἡμισείας
1968 5743 2110 5813 ἡμέ-

522 5846 623 5897 Pl;
650 5830 819 5907 ἦλθον
848 5836 928 5899 εἰς
962 5836 1021 5891 τό
1050 5838 1176 5908 ὄρος
1201 5838 1293 5891 ἐπὶ
1316 5837 1378 5891 τὸ
1412 5837 1577 5908 μέρος
1598 5836 1699 5908 τῆς
1735 5833 2104 5907 μεσημϐρίας.
2162 5840 2165 5853 ³

2215 4622 2275 4702 ᾖ,
2316 4626 2513 4698 μέχρις
2540 4618 2603 4679 οῦ
2629 4627 2696 4697 ζῇ
2726 4627 2754 4679 6
2786 4624 3005 4697 πρῶτος
3030 4622 3427 4695 πρεσϐύτερος,
3455 4620 3575 4674 οὐδὲ
3597 4612 3676 4680 είς
3697 4613 3793 4668 τῶν

2215 4719 2393 4772 ἄλλων
2424 4718 2483 4771 ού
2519 4717 2847 4789 προσφέρει,
2884 4716 2944 4769 ού
2976 4714 3213 4781 δικάζει,
3237 4715 3337 4785 ούχ
3363 4711 3561 4784 ὁμιλεῖ,
3600 4706 3711 4764 ἀλλ’
3744 4707 3793 4757 ἐν

2214 4810 2421 4883 ἡσυχίᾳ
2456 4807 2605 4879 αύτῷ
2636 4807 3070 4877 συγκαθέζονται
3096 4807 3277 4877 μόνον.

2286 4904 2424 4975 Περὶ
2464 4902 2765 4974 Ἀρσισίου,
2820 4897 2992 4964 Οὗτος
3040 4900 3069 4953 6
3125 4900 3305 4970 μέγας
3378 4897 3658 4970 Αρσίσιος,
3711 4889 3796 4948 καὶ

2214 4996 2365 5053 ἄλλοι
2405 4994 2598 5049 πολλοὶ
2624 4994 2884 5067 γέροντες
2915 4993 3027 5047 τῶν
3073 4992 3268 5062 ἁγίων,
3300 4993 3348 5045 οἱ
3380 4992 3477 5045 σὺν
3515 4990 3687 5061 αὐτῷ,
3715 4983 3797 5046 οὓς

2214 5090 2378 5161 ἡμεῖς
2431 5087 2783 5158 ἐωράκαμεν,
2831 5085 3122 5158 σύγχρονοι
3188 5080 3332 5155 ἦσαν
3385 5084 3481 5135 τοῦ
3539 5079 3796 5153 μακαρίον

2228 5179 2547 5235 Ἀντωνίου.
2606 5179 2694 5231 Ἐν
2743 5171 2829 5241 οἷς
2859 5177 3104 5245 διηγεῖτο
3152 5171 3307 5239 οὗτος
3362 5174 3524 5237 αὐτὸς
3575 5176 3605 5226 6
3639 5171 3797 5243 μέγας

2226 5275 2507 5344 Ἀρσίσιος
2529 5273 2625 5327 καὶ
2670 5273 2761 5327 τὸν
2794 5272 2998 5342 Ἀμοῦν
3040 5271 3241 5325 εἰδέναι
3269 5268 3360 5322 τὸν
3389 5268 3717 5338 Νιτριώτην,
3746 5255 3797 5315 οὗ

2212 5369 2311 5441 τὴν
2356 5368 2537 5440 ψυχὴν
2580 5362 2722 5421 εἶδεν
2763 5363 3298 5436 ἀναλαμϐανομένην
3352 5360 3460 5413 ὑπὸ
3501 5356 3797 5429 ἀγγέλωνό

2219 5459 2397 5531 μέγας
2435 5456 2746 5521 Ἀντώνιος,
2772 5457 2870 5511 καὶ
2895 5456 2976 5519 είς
2999 5455 3129 5517 τοὺς
3149 5453 3416 5525 οὐρανοὺς
3438 5450 3794 5521 ἀναγομένην.

2218 5552 2447 5620 Ἔλεγεν
2468 5550 2525 5605 δέ
2549 5568 2706 5614 ουτος
2734 5551 2831 5604 καὶ
2861 5548 3160 5621 Παχώμιον
3186 5547 3387 5601 εἰδέναι
3410 5546 3506 5600 τὸν
3530 5545 3796 5609 Ταϐεννη-

2217 5648 2440 5719 σιώτην,
2475 5647 2646 5721 ἄνδρα
2667 5646 3010 5719 προφητικὸν
3042 5648 3289 5718 χάρισμα
3312 5644 3610 5715 ἐσχηκότα,
3647 5643 3793 5710 ἀρχι-

2218 5740 2518 5813 μανδρίτην
2551 5740 2814 5809 γεγονότα
2843 5738 3056 5811 ἀνδρῶν
3084 5737 3402 5811 τρισχιλίων
3422 5780 3437 5811 ,
3463 5736 3593 5810 περί
3626 5728 3689 5791 οῦ
3722 5730 3792 5794 εἰς

2218 5834 2448 5904 ὕστερον
2484 5832 2580 5897 τὰς
2607 5832 2809 5902 ἀρετὰς
2834 5831 3194 5903 διηγήσομαι.
