4020 6434
348 383 475 441 1021

1600 369 1912 428 HISTORIA
1958 366 2290 423 LAUSIACA
2303 407 2316 421 .

3442 372 3581 428 l022

340 489 601 556 smaragdi
632 496 688 544 et
729 486 1000 556 hyacinth.
1020 526 1033 550 ,
1085 498 1181 540 nec
1209 483 1320 540 scio
1348 497 1416 538 an
1451 482 1560 538 sint
1603 482 1802 547 furtivi,
1837 495 1903 535 an
1933 484 1980 539 Α
2010 478 2149 532 diem
2181 491 2340 531 unum
2368 486 2421 532 et
2450 475 2729 531 dimidium
2758 478 2878 534 veni
2918 478 2973 533 in
3004 488 3239 535 montem
3268 481 3334 537 ad
3372 493 3576 552 partem

337 582 561 651 alicujus
603 579 937 635 mercatoris.
966 578 1081 633 Non
1110 574 1452 631 constituitur
1496 575 1638 628 enim
1670 574 1751 627 eis
1783 587 1904 641 pre-

339 677 491 739 tium,
519 688 639 729 cum
670 670 1076 725 aestimationem
1101 674 1381 737 superent;
1407 666 1494 733 qui
1519 665 1681 720 habet
1706 673 1907 728 autem,

339 764 521 819 vendit
546 777 636 816 eas
674 758 972 829 quingentis
992 756 1197 811 solidis.
1230 756 1285 810 Si
1315 769 1441 823 ergo
1470 754 1563 808 tibi
1596 754 1764 807 visum
1799 753 1909 807 fue-

338 856 409 910 rit
431 869 521 909 eas
541 853 803 919 accipere,
830 850 896 904 da
926 847 1242 917 quingentos
1265 845 1492 911 solidos,
1522 853 1679 914 potes
1708 858 1773 897 ex
1806 856 1909 896 una

337 958 549 1014 gemma
587 941 829 1011 accipere
866 937 1202 1008 quingentos,
1242 935 1460 1004 reliquis
1501 941 1678 988 autem
1730 932 1807 986 uti
1844 930 1911 985 ad

345 1033 650 1088 variandum
694 1030 950 1085 mundum
994 1027 1115 1081 filia:
1154 1035 1257 1080 ture
1286 1027 1508 1080 sororis.
1553 1025 1688 1079 Cum
1736 1030 1914 1077 autem

345 1139 461 1195 quae
499 1122 774 1177 dicebatur
799 1119 949 1187 virgo
973 1125 1079 1172 tota
1112 1116 1368 1185 penderet
1395 1130 1424 1169 a
1457 1115 1661 1184 puella,
1702 1113 1911 1167 inesca-

344 1223 431 1269 tur
456 1214 570 1282 ejus
595 1209 849 1266 ornandae
878 1206 1195 1276 cupiditate;
1234 1215 1288 1261 et
1319 1206 1542 1275 procidit
1572 1206 1638 1258 ad
1667 1204 1784 1273 ejus
1815 1218 1913 1269 pe-

343 1303 460 1370 des,
486 1311 542 1358 et
569 1302 705 1356 dixit
729 1320 743 1356 :
776 1299 924 1367 Rogo
955 1306 1007 1352 te
1030 1311 1096 1352 ne
1120 1297 1237 1365 quis
1256 1297 1390 1351 alius
1404 1312 1496 1351 eas
1516 1296 1759 1364 accipiat.
1786 1294 1914 1348 Eam

344 1406 469 1461 ergo
495 1390 810 1444 adhortatur
839 1397 1080 1452 sanctus,
1110 1386 1298 1442 dicens
1326 1404 1342 1442 :
1378 1386 1507 1441 Veni
1533 1400 1700 1455 usque
1729 1384 1794 1438 ad
1822 1385 1918 1439 do—

344 1498 489 1537 mum
510 1495 704 1545 meam,
737 1490 789 1534 et
811 1492 902 1534 eas
931 1479 1129 1546 aspice.
1169 1478 1260 1532 Illa
1288 1486 1463 1532 autem
1498 1476 1708 1541 noluit;
1746 1476 1839 1528 sed
1868 1475 1915 1527 ei

347 1572 553 1642 praebet
594 1570 914 1640 quingentos
958 1568 1192 1638 solidos,
1238 1569 1465 1623 dicens:
1499 1567 1646 1635 Rogo
1679 1576 1753 1632 te,
1804 1567 1917 1634 ipse

347 1676 440 1718 eas
465 1671 521 1715 ut
543 1662 621 1716 vis
649 1674 817 1729 cape;
862 1659 985 1714 nolo
1010 1659 1153 1713 enim
1194 1657 1379 1713 videre
1408 1657 1679 1710 hominem
1707 1656 1793 1724 qui
1822 1667 1916 1708 eas

348 1753 551 1809 vendit.
582 1753 712 1808 Cum
756 1760 933 1806 autem
977 1752 1292 1819 quingentos
1342 1748 1543 1803 solidos
1573 1748 1639 1802 ab
1674 1762 1735 1801 ea
1766 1760 1919 1800 acve-

351 1847 513 1914 pisset
540 1850 753 1897 sanctus
783 1843 1061 1909 Macarius,
1093 1842 1180 1896 dat
1210 1855 1303 1895 eos
1337 1838 1403 1893 ad
1434 1853 1585 1893 usum
1611 1837 1918 1907 ptochotro-

349 1935 481 2005 phii.
512 1935 643 1989 Cum
670 1942 845 1988 autem
875 1934 1099 1987 multum
1124 1941 1334 2000 tempus
1378 1929 1746 1999 praeteriisset,
1788 1941 1920 1996 quo—

349 2024 492 2077 niam
522 2036 713 2092 magna
762 2030 875 2075 erat
904 2018 1297 2075 existimatione
1344 2018 1480 2088 apud
1530 2015 1922 2072 Alexandrinos

346 2112 427 2166 vir
456 2112 565 2176 ille,
617 2117 802 2178 utpote
823 2123 1029 2163 summe
1056 2109 1176 2177 pius
1205 2123 1269 2163 ac
1299 2107 1602 2162 misericors
1632 2106 1651 2177 (
1675 2106 1805 2159 vixit
1829 2118 1924 2157 au-

346 2210 454 2255 tem
475 2201 541 2254 ad
564 2210 776 2255 centum
800 2213 970 2266 usque
999 2213 1185 2262 annos,
1223 2198 1375 2266 cujus
1403 2207 1643 2265 tempore
1670 2210 1767 2249 nos
1789 2208 1923 2263 quo-

346 2305 450 2358 que
472 2288 712 2357 fuimus),
745 2270 1027 2342 verebatur
1050 2302 1171 2341 eum
1202 2289 1511 2341 admonere.
1538 2286 1775 2340 Tandem
1802 2297 1922 2338 cum

348 2396 468 2433 eum
500 2379 793 2433 invenisset
839 2380 890 2430 in
921 2378 1168 2445 ecclesia,
1201 2376 1329 2431 dicit
1355 2378 1405 2431 ei
1444 2394 1457 2429 :
1491 2377 1639 2444 Rogo
1670 2384 1744 2438 te,
1797 2373 1923 2442 quid

349 2469 501 2539 jubes
520 2468 588 2523 de
614 2468 895 2538 lapidibus,
922 2484 1016 2535 pro
1044 2469 1234 2537 quibus
1257 2466 1503 2521 dedimus
1531 2465 1732 2520 solidos
1766 2464 1923 2533 quin-

349 2559 569 2629 gentos?
595 2559 686 2613 llle
713 2559 762 2613 ei
785 2558 1078 2628 respondit,
1099 2558 1282 2613 dicens
1315 2574 1329 2609 :
1356 2556 1399 2610 A
1428 2569 1534 2625 quo
1563 2555 1650 2609 die
1671 2554 1798 2607 mihi
1827 2554 1925 2607 de-

348 2648 473 2702 disti
503 2663 712 2713 aurum,
761 2663 853 2702 eos
882 2649 1111 2717 impendi
1153 2648 1206 2701 in
1234 2648 1459 2717 pretium
1487 2659 1839 2715 gemmarum,
1870 2651 1927 2698 et

348 2739 392 2792 si
419 2739 551 2793 velis
596 2752 688 2793 eas
734 2740 940 2798 videre.
967 2739 1090 2793 veni
1138 2739 1190 2792 in
1236 2737 1522 2804 hospitium
1565 2750 1761 2789 meum.
1813 2735 1926 2789 lllic

351 2831 490 2884 enim
521 2831 635 2886 sita)
682 2841 805 2885 sunt
829 2844 1074 2903 gemmae,
1124 2838 1174 2885 et
1220 2829 1379 2895 vide;
1411 2827 1550 2898 quod
1598 2827 1644 2882 si
1686 2827 1779 2881 libi
1820 2840 1924 2880 non

350 2923 616 2991 placeant,
650 2923 777 2979 tolle
802 2939 991 2978 aurum
1026 2931 1196 2977 tuum.
1225 2921 1388 2976 Venit
1413 2928 1591 2975 autem
1621 2919 1709 2972 illa
1739 2917 1927 2973 luben-

354 3013 571 3068 tissime.
608 3015 845 3069 llabebat
871 3026 1047 3070 autem
1078 3013 1549 3083 ptochotmphium
1581 3012 1633 3066 in
1661 3011 1923 3081 superiori

352 3106 564 3176 quidem
588 3114 737 3174 parte
757 3106 1029 3171 mulieres,
1051 3105 1103 3159 in
1129 3104 1367 3159 inferiori
1388 3112 1564 3159 autem
1586 3104 1755 3158 viros.
1789 3102 1925 3155 Cum

2012 565 2442 620 meridionalem.
2476 566 2531 621 ln
2556 582 2660 637 quo
2681 578 2860 623 monte
2888 570 2985 623 sita
3009 580 3089 623 est
3114 570 3297 639 ingens
3327 574 3578 645 solitudo,

2010 671 2129 727 qua:
2179 657 2405 725 pertinet
2443 672 2612 726 usque
2654 657 2717 711 ad
2766 657 3114 727 Ethiopiam,
3157 670 3210 714 et
3253 662 3499 730 Mazices,
3530 674 3585 720 et

2012 746 2403 800 Mauritaniam.
2447 747 2501 802 ln
2532 762 2596 802 eo
2622 758 2800 803 autem
2843 750 3081 805 habitant
3116 753 3181 806 ad
3212 755 3443 824 quinque
3469 758 3587 809 mil-

2011 837 2079 891 lia
2126 839 2357 891 virorum
2402 839 2548 908 (l8),
2593 841 2681 908 qui
2733 850 2949 897 utuntur
2996 843 3144 899 vario
3196 845 3317 900 vitae
3366 861 3579 916 genere,

2014 926 2379 997 unusquisque
2414 937 2475 982 ut
2515 939 2686 998 potest
2716 940 2771 985 et
2800 932 2940 997 vult,
2984 932 3118 987 adeo
3148 942 3206 988 ut
3233 935 3386 989 liceat
3415 945 3472 992 et
3497 952 3585 991 sn-

2012 1020 2119 1073 lum
2154 1034 2394 1086 manere,
2442 1029 2495 1074 et
2535 1036 2655 1075 cum
2685 1022 2909 1088 duobus,
2939 1033 2995 1079 et
3026 1024 3215 1093 tribus,
3257 1036 3454 1083 etcum
3483 1044 3587 1096 quo

2013 1107 2141 1161 velit
2171 1121 2413 1162 numero.
2455 1109 2510 1163 ln
2545 1110 2644 1163 hoe
2688 1122 2870 1166 monte
2915 1122 3037 1167 sunt
3072 1123 3276 1183 septem
3326 1118 3586 1186 pistrinze,

2012 1211 2133 1266 quae
2157 1205 2210 1250 et
2235 1197 2336 1253 illis
2356 1199 2614 1263 serviunt,
2647 1212 2701 1255 et
2739 1200 3073 1257 anachoretis
3098 1205 3186 1274 qui
3215 1215 3341 1260 sunt
3361 1207 3413 1261 in
3434 1218 3587 1263 vasta

2015 1288 2323 1354 solitudine,
2354 1290 2482 1344 viris
2529 1290 2798 1358 perfectis,
2845 1307 3068 1349 numero
3111 1298 3397 1351 sexcentis.
3450 1298 3585 1353 Cum

2015 1393 2143 1448 ergo
2181 1387 2294 1434 tuto
2321 1394 2462 1437 anno
2496 1380 2549 1436 in
2577 1393 2758 1437 monte
2790 1383 3112 1440 habitassem
3145 1388 3284 1454 apud
3317 1388 3501 1443 beatos
3537 1399 3591 1444 et

2016 1477 2231 1524 sanctos
2261 1468 2469 1535 Patres,
2533 1478 2793 1536 magnum
2858 1464 3125 1525 Arsisium
3197 1482 3254 1529 et
3323 1478 3592 1548 Putupha-

2019 1567 2181 1621 stum,
2210 1568 2263 1613 et
2293 1558 2576 1628 Hagionem
2600 1558 2738 1631 (19),
2765 1569 2821 1616 et
2839 1562 3115 1631 Cronium,
3139 1576 3193 1620 et
3221 1567 3590 1637 Serapionem,

2020 1658 2074 1704 et
2103 1650 2289 1704 multis
2317 1650 2670 1719 antiquiorum
2712 1651 2930 1707 Patrum
2962 1656 3286 1723 spiritalibus
3330 1660 3595 1713 narratio-

2024 1740 2203 1807 nibus,
2249 1740 2317 1795 ab
2359 1742 2490 1810 ipsis
2527 1757 2700 1797 essem
2731 1744 3054 1811 stimulatus,
3100 1751 3217 1802 veni
3261 1750 3313 1803 in
3354 1749 3594 1804 intimam

1952 1838 1996 1896 Β
2024 1828 2387 1883 solitudinem.
2435 1830 2492 1884 In
2534 1831 2635 1885 hoc
2680 1842 2861 1887 monte
2892 1834 3071 1889 Nitriae
3102 1851 3206 1889 una
3241 1848 3322 1891 est
3362 1840 3595 1893 maxima

2027 1918 2274 1985 ecclesia,
2306 1930 2360 1974 et
2388 1921 2581 1989 inipsa
2604 1922 2829 1977 ecclesia
2860 1934 2984 1977 sunt
3009 1933 3116 1980 tres
3145 1930 3353 1994 palmae,
3381 1944 3442 1983 ex
3482 1932 3599 1999 qui-

2026 2009 2131 2063 bus
2161 2024 2492 2080 unaqnaeque
2528 2011 2687 2066 habet
2714 2013 2978 2081 ﬂagellum
3008 2013 3123 2086 (20)
3154 2031 3491 2084 suspensum.
3538 2020 3600 2073 Et

2024 2107 2108 2155 est
2137 2115 2297 2153 unum
2335 2101 2546 2169 quidem
2589 2103 2652 2156 ad
2690 2104 3027 2172 castigandos
3068 2107 3358 2163 monachos
3387 2110 3475 2176 qui
3505 2110 3601 2165 de-

2026 2188 2304 2258 linquunt;
2355 2191 2583 2246 alterum
2633 2208 2763 2247 vero
2800 2194 2865 2247 ad
2916 2195 3210 2263 puniendos
3254 2197 3509 2264 latrones,
3556 2201 3601 2254 si

2028 2280 2241 2347 quando
2271 2280 2592 2347 inciderint;
2628 2284 2837 2338 tertium
2873 2299 2999 2340 vero
3032 2286 3097 2339 ad
3141 2288 3484 2357 corrigendos
3510 2305 3604 2344 eos

2028 2369 2115 2436 qui
2140 2369 2277 2422 forte
2309 2373 2554 2439 veniunt,
2587 2381 2642 2427 et
2669 2374 2719 2427 in
2749 2374 2922 2442 aliqua
2955 2374 3141 2429 delicta
3175 2377 3435 2443 incidunt;
3470 2381 3604 2434 adeo

2029 2464 2091 2510 ut
2114 2459 3238 2529 quicunquedelinqunnt,etconvincuntur
3267 2469 3522 2522 meruisse
3553 2478 3604 2525 ut

2027 2545 2155 2601 dent
2184 2563 2389 2616 poenas,
2442 2552 2669 2620 palmam
2700 2554 3120 2625 amplectantur,
3140 2565 3201 2611 et
3228 2564 3375 2627 tergo
3420 2560 3598 2630 plagas

2029 2638 2323 2704 praeﬁnitas
2350 2643 2637 2710 accipiant,
2668 2650 2723 2697 et
2745 2643 2823 2697 sic
2845 2643 3202 2700 dimittantur.
3233 2646 3404 2715 Pr0pe
3431 2651 3603 2703 eccle-

2030 2725 2166 2781 siam
2188 2737 2363 2783 autem
2383 2734 2607 2799 positum
2633 2744 2713 2788 est
2736 2734 3147 2802 xenodochium,
3176 2737 3228 2790 in
3255 2752 3360 2806 quo
3386 2739 3602 2794 venien-

2032 2824 2137 2871 tem
2177 2816 2439 2887 hospitem
2474 2830 2583 2876 toto
2612 2832 2851 2893 tempore
2877 2821 3165 2897 accipiunt,
3192 2827 3349 2881 etiam
3381 2829 3426 2883 si
3460 2830 3606 2883 hien-

2032 2909 2177 2963 nium
2206 2921 2296 2964 aut
2327 2912 2875 2969 trienniumvoluerit
2903 2931 3136 2983 manere,
3161 2919 3329 2977 donec
3353 2919 3480 2975 velit
3505 2936 3603 2977 sua

2028 3012 2218 3069 sponte
2240 3004 2508 3069 recedere,
2537 3007 2902 3072 permittentes
2926 3010 2973 3063 ei
3002 3026 3104 3065 una
3135 3011 3462 3071 hebdomada
3489 3033 3601 3072 ma-

2029 3108 2160 3149 nere
2204 3095 2255 3148 in
2286 3095 2417 3149 otio.
2463 3096 2593 3151 Aliis
2621 3106 2798 3152 autem
2826 3099 3014 3155 diebus
3042 3101 3293 3172 deinceps
3339 3120 3603 3177 occupant

352 3209 415 3249 ea
435 3204 609 3249 autem
626 3199 964 3261 accessisset,
984 3196 1397 3250 introduciteam
1428 3196 1479 3250 in
1496 3195 1839 3259 vestibulum,
1873 3203 1928 3249 et
1953 3194 2000 3257 c
2032 3198 2153 3238 eum
2183 3186 2234 3239 in
2257 3186 2527 3255 operibus,
2559 3196 2651 3241 aut
2680 3190 2729 3243 in
2759 3189 2934 3255 horm.
2961 3202 3050 3247 aut
3074 3192 3127 3247 in
3154 3193 3397 3263 pistrino,
3428 3210 3518 3253 aut
3550 3201 3601 3254 in

356 3288 488 3342 dicit
518 3288 566 3341 ei
598 3296 815 3340 sanctus
846 3285 1103 3339 Macarius
1136 3301 1150 3339 :
1182 3284 1317 3351 Quid
1347 3286 1427 3338 vis
1463 3286 1694 3353 primum
1722 3283 1924 3348 videre,

354 3375 696 3444 hyacinthos,
727 3390 794 3427 an
822 3374 1171 3441 smaragdos?
1201 3374 1271 3426 Ea
1301 3388 1429 3427 vero
1471 3373 1547 3427 illi
1582 3371 1709 3427 dicit
1736 3389 1751 3429 :
1776 3372 1927 3440 Quod

355 3466 446 3520 tibi
468 3465 700 3521 videtur.
728 3466 816 3518 llle
838 3479 967 3519 vero
983 3480 1098 3518 eam
1113 3465 1256 3518 ducit
1272 3466 1322 3517 in
1344 3474 1547 3534 partem
1575 3464 1926 3533 superiorem,

356 3564 409 3610 ct
433 3554 663 3609 ostendit
692 3554 739 3609 ei
769 3552 1053 3609 conscissis
1098 3555 1323 3609 feminas
1369 3554 1624 3610 membris
1643 3594 1655 3616 ,
1687 3564 1741 3608 et
1769 3553 1929 3607 vulti-

356 3646 455 3699 bus
500 3648 626 3699 totis
673 3647 815 3699 varia
861 3646 1207 3699 morbositate
1254 3646 1519 3709 laceratis,
1566 3656 1619 3701 et
1666 3646 1792 3699 dicit
1838 3645 1925 3700 ei:

360 3734 500 3788 Ecce
528 3734 818 3805 hyacinthi.
857 3735 1058 3790 Deinde
1087 3736 1301 3790 deducit
1328 3752 1442 3790 eam
1474 3737 1526 3791 in
1554 3748 1758 3807 partem
1791 3736 1929 3790 infe-

358 3825 579 3889 riorem,
608 3836 660 3879 et
693 3826 928 3881 ostendit
951 3827 999 3880 ei
1022 3829 1182 3893 viros,
1214 3826 1435 3881 dicens:
1471 3827 1609 3881 Ecce
1637 3827 1929 3895 smaragdi;

358 3923 414 3969 et
439 3916 683 3970 existimo
729 3932 833 3970 non
887 3917 1112 3971 inveniri
1156 3919 1238 3970 his
1283 3918 1662 3986 pretiosiores;
1709 3919 1850 3988 quod
1882 3919 1930 3973 si

357 4005 454 4059 tibi
484 4020 589 4059 non
616 4006 879 4074 placeant,
929 4007 1111 4075 accipe
1142 4022 1331 4061 aurum
1365 4016 1532 4061 tuum.
1567 4007 1659 4061 His
1688 4022 1816 4076 ergo
1857 4009 1933 4062 sic

358 4094 543 4162 gestis,
590 4094 789 4161 pudore
816 4094 1002 4150 affecta
1027 4096 1177 4165 virgo
1205 4097 1354 4160 exiit,
1394 4104 1450 4151 et
1478 4096 1692 4151 domum
1723 4113 1933 4152 reversa

360 4199 607 4254 magnum
651 4188 853 4253 accepit
883 4187 1156 4254 dolorem,
1201 4188 1343 4257 quod
1388 4188 1527 4242 hanc
1571 4204 1682 4243 rem
1723 4206 1787 4242 cx
1832 4190 1936 4245 Deo

361 4288 467 4328 non
498 4276 728 4341 fecisset,
760 4275 852 4330 sed
884 4276 1111 4331 adducta
1154 4278 1500 4333 necessitate.
1538 4278 1729 4333 Postea
1760 4291 1934 4333 autem

359 4368 558 4435 gratias
586 4369 695 4438 egit
723 4368 1057 4439 presbytero,
1098 4384 1218 4425 cum
1248 4371 1422 4438 puella
1452 4370 1605 4438 cujus
1632 4384 1813 4425 curam
1845 4386 1936 4438 ge-

362 4461 535 4525 rebat,
584 4470 703 4528 post
740 4467 950 4531 nuptias
980 4471 1187 4517 mortua
1217 4470 1361 4517 esset
1388 4462 1504 4517 sine
1544 4462 1745 4527 liberis,
1792 4462 1937 4529 ipsa-

2032 3279 2279 3344 cnquina.
2326 3278 2475 3345 Quod
2519 3283 2560 3333 si
2594 3279 2754 3335 fuerit
2783 3281 3045 3351 quispiam
3075 3284 3224 3353 cujus
3254 3287 3325 3341 sit
3364 3288 3602 3343 habenda

2031 3366 2194 3432 ratio,
2227 3366 2351 3420 dant
2381 3369 2429 3422 ei
2463 3368 2653 3423 librum
2684 3369 2986 3439 legendum,
3020 3388 3125 3428 non
3159 3377 3523 3443 permittemes
3553 3382 3604 3436 ei

2031 3464 2087 3509 ut
2117 3470 2237 3509 cum
2265 3457 2375 3511 ullo
2401 3458 2733 3526 colloquatur
2763 3475 2931 3530 usque
2961 3462 3027 3516 ad
3073 3462 3257 3518 horam
3295 3476 3517 3522 sextam.
3551 3470 3604 3525 In

2032 3547 2135 3602 hoc
2157 3560 2336 3602 monte
2368 3550 2571 3617 degunt
2590 3550 2750 3604 etiam
2782 3552 2974 3606 medici
3000 3561 3053 3607 et
3084 3554 3410 3622 placentarii.
3441 3560 3606 3614 Utun-

2033 3647 2119 3692 tur
2158 3638 2317 3693 e'iam
2346 3640 2491 3707 vino,
2544 3647 2599 3693 et
2644 3642 2820 3693 vinum
2864 3640 2970 3695 illic
3008 3643 3270 3697 venditur.
3322 3646 3381 3699 lli
3431 3658 3605 3704 autem

2035 3742 2223 3781 omnes
2262 3728 2374 3781 suis
2404 3727 2651 3781 manibus
2681 3728 2879 3783 faciunt
2910 3719 3105 3784 vestem
3138 3731 3350 3799 lineam,
3386 3735 3520 3789 adeo
3550 3747 3605 3791 ut

2032 3816 2139 3871 sint
2168 3830 2354 3872 omnes
2384 3817 2602 3872 minime
2642 3826 2877 3885 egentes.
2910 3818 3060 3873 Circa
3091 3819 3275 3875 horam
3304 3832 3479 3877 autem
3512 3818 3605 3878 no-

2035 3922 2157 3960 nam
2187 3907 2312 3961 licet
2336 3916 2512 3969 stare,
2557 3917 2611 3961 et
2641 3909 2823 3973 audire
2852 3908 2905 3964 in
2933 3926 3253 3982 unoquoque
3282 3920 3603 3970 monasterio

2036 4000 2262 4067 hymnos
2299 4004 2353 4051 et
2391 3997 2624 4065 psalmos
2658 3999 2866 4053 Christo
2894 4011 3173 4068 canentes,
3216 4012 3270 4058 et
3317 4008 3604 4072 precestad

2037 4085 2265 4155 hymnos
2305 4087 2632 4152 emittentes,
2664 4088 2798 4144 adeo
2828 4100 2884 4143 ut
2924 4090 3192 4145 existimet
3232 4093 3491 4162 quispiam
3537 4111 3604 4150 se

2035 4176 2269 4232 sublime
2316 4177 2512 4231 elatum
2541 4179 2946 4248 transmigrasse
2975 4181 3026 4233 in
3056 4181 3359 4248 paradisum
3390 4184 3607 4246 delicia-

2036 4282 2186 4331 rum;
2218 4268 2437 4322 veuiunt
2473 4278 2652 4323 autem
2682 4269 2747 4323 ad
2786 4270 3064 4324 ecclesiam
3099 4271 3330 4327 Sabbato
3356 4274 3524 4327 solum
3553 4283 3607 4330 et

2039 4355 2335 4411 Dominico.
2383 4358 2518 4412 Sunt
2546 4368 2721 4413 autem
2763 4370 2883 4413 octo
2915 4361 3212 4430 presbyteri
3250 4364 3335 4431 qui
3370 4377 3605 4432 praesunt

2039 4446 2160 4501 huic
2188 4448 2455 4513 ecclesiae,
2487 4450 2537 4503 in
2566 4464 2668 4519 qua
2690 4451 2919 4520 quandiu
2949 4452 3078 4505 vivit
3104 4454 3302 4522 primus
3332 4460 3607 4529 presbyter

361 4565 469 4619 que
522 4550 778 4622 deinceps
825 4554 1104 4609 {acuumes
1159 4567 1285 4609 suus
1332 4555 1384 4608 ίη
1437 4561 1613 4609 rectos
1660 4566 1786 4606 usus
1838 4567 1934 4607 ex-
1961 4569 2013 4626 D
2043 4537 2198 4608 hujus
2227 4541 2491 4606 ecclesia,
2538 4541 2714 4595 nullus
2754 4544 2892 4597 alius
2922 4543 3098 4607 olfert,
3130 4546 3471 4613 necjudicat,
3504 4564 3603 4604 nec

366 4641 569 4710 pendit.

966 4774 1193 4830 CAPUT
1227 4774 1337 4830 VII.

373 4907 493 4962 Vita
523 4908 718 4962 abbatis
762 4905 944 4961 Ανιίήί
975 4908 1088 4978 (17)
1130 4918 1179 4961 et
1196 4924 1388 4978 ﬁcorum
1432 4908 1515 4978 qui
1555 4924 1671 4962 cum
1699 4924 1757 4963 eo
1793 4919 1934 4963 erant

905 4977 959 5029 in
987 4976 1152 5032 monte
1182 4976 1235 5030 Ν
1238 4979 1387 5031 itriw.

435 5086 567 5142 Cum
597 5103 698 5159 ego
724 5102 847 5142 eum
880 5086 1063 5142 multis
1090 5088 1288 5141 sanctis
1314 5101 1487 5143 essem
1517 5101 1853 5158 congressus,
1880 5097 1937 5145 et

366 5189 609 5232 versatus
636 5188 745 5233 tres
783 5191 951 5233 annos
991 5178 1043 5231 in
1087 5179 1425 5232 monasteriis
1465 5194 1585 5249 quae
1630 5188 1758 5234 sunt
1794 5182 1934 5237 circa

365 5273 763 5338 Alexandriam,
804 5280 858 5327 et
885 5272 1195 5326 mansissem
1220 5287 1337 5327 cum
1370 5274 1575 5343 magnis
1604 5274 1932 5329 studiosissi-

368 5363 574 5433 tuisque
602 5373 655 5417 et
686 5364 900 5432 eptimis
928 5363 1056 5416 viris
1097 5363 1310 5417 circiter
1337 5363 1419 5417 bis
1444 5363 1610 5429 mille,
1656 5365 1799 5418 omni
1827 5363 1935 5418 vir-

370 5463 482 5509 tute
502 5455 743 5519 'ornatis,
774 5454 918 5509 illinc
944 5454 1198 5510 recedens
1225 5456 1345 5509 veni
1378 5455 1428 5508 in
1460 5465 1692 5510 montem
1728 5456 1933 5511 Nitriaz.

369 5543 509 5599 Inter
550 5545 693 5598 hunc
731 5556 964 5601 montem
1002 5555 1179 5602 autem
1223 5556 1277 5601 et
1316 5546 1685 5602 Alexandriam
1734 5549 1935 5617 positus

367 5642 450 5688 est
484 5634 655 5700 lacus,
687 5634 775 5703 qui
821 5634 1012 5690 dicitur
1057 5636 1219 5690 Maria
1252 5636 1338 5695 :is
1370 5645 1546 5692 autem
1586 5637 1827 5691 continet
1867 5637 1934 5692 ad

368 5723 531 5780 millia
579 5723 932 5795 septuaginta.
988 5725 1153 5794 Quem
1196 5742 1315 5787 cum
1364 5728 1793 5793 transmisissem,
1841 5732 1935 5797 per

2045 4632 2207 4686 habet
2264 4647 2583 4701 sermonem,
2628 4634 2722 4689 sed
2782 4636 2944 4690 tacite
3005 4636 3179 4691 solum
3242 4653 3362 4693 cum
3423 4656 3488 4695 eo
3518 4657 3605 4695 se-

2044 4722 2192 4776 dent.

2114 4832 2209 4886 llic
2253 4846 2473 4902 magnus
2499 4832 2765 4901 Arsisius,
2797 4840 2852 4889 et
2878 4834 2966 4889 alii
2998 4836 3146 4889 multi
3174 4850 3291 4890 cum
3326 4851 3391 4891 eo
3418 4852 3596 4903 senes,

2042 4935 2173 4990 quos
2220 4936 2318 4975 nos
2364 4923 2613 4988 vidimus,
2646 4922 2861 4978 fuerunt
2888 4926 3118 4993 aequales
3150 4935 3387 4995 tempore
3416 4943 3606 4997 magno

2041 5012 2291 5066 Antonio.
2341 5014 2513 5082 Atque
2554 5013 2682 5067 mihi
2714 5014 2927 5082 quidem
2974 5017 3206 5070 narravit
3253 5016 3339 5072 hic
3383 5033 3606 5088 magnus

2039 5101 2271 5156 Arsisius
2310 5116 2371 5157 se
2415 5106 2585 5157 Amen
2630 5119 2843 5173 quoque
2882 5104 3082 5160 vidisse
3130 5106 3427 5175 Nitriotem,
3457 5113 3609 5177 cujus

2040 5194 2269 5245 anlmam
2300 5192 2432 5245 vidit
2460 5192 2658 5246 assumi
2689 5193 2949 5247 Antonius
2978 5193 3044 5248 ab
3070 5196 3300 5262 angelis,
3332 5205 3387 5251 et
3409 5197 3459 5251 in
3489 5213 3598 5253 crr—

2039 5280 2147 5335 Ium
2176 5281 2365 5335 deduci
2409 5280 2555 5351 (Vita
2585 5282 2812 5348 Antonii,
2844 5299 2892 5336 c.
2920 5283 3024 5351 52;
3058 5284 3224 5353 Ruﬂ'.,
3254 5286 3291 5339 Ι.
3324 5301 3380 5351 tt,
3408 5303 3456 5342 ε.
3489 5287 3605 5356 50).

2040 5368 2089 5424 ls
2118 5370 2327 5425 dicebat
2355 5385 2413 5425 se
2442 5371 2599 5425 etiam
2646 5371 2985 5427 l’achominm
3014 5376 3209 5430 vidisse
3249 5376 3607 5432 Tabeunesio-

2045 5466 2175 5526 tem,
2206 5460 2377 5515 virum
2409 5461 2710 5530 prephetica
2740 5464 2904 5533 gratia
2933 5465 3156 5533 clarum,
3190 5476 3269 5519 ter
3295 5467 3439 5520 mille
3466 5464 3605 5520 viro-

2045 5564 2161 5603 rum
2191 5550 2688 5621 archimandritam;
2720 5554 2871 5624 cujus
2903 5555 3129 5611 narrabo
3176 5568 3354 5625 p05tea
3384 5556 3607 5613 virtutes

2048 5640 2223 5714 (Infra,
2259 5660 2301 5698 ο.
2331 5643 2442 5715 58).
