4020 6432
529 350 661 409 i025

1095 468 1320 524 CAPUT
1367 467 1492 522 VIII.

763 602 833 655 De
854 612 1025 657 sancto
1049 602 1211 655 Aman
1236 601 1348 673 (Ἡ)
1376 609 1423 655 et
1443 603 1555 672 ejus
1584 602 1815 671 conjuge,

580 734 798 791 Dicebat
816 742 990 791 autem
1014 735 1183 788 Amen
1207 734 1305 787 hoc
1328 733 1484 787 modo
1508 732 1725 786 vixisse.
1751 730 1881 785 Cum
1903 739 2067 793 esset,

508 828 697 896 inquit,
734 828 1039 896 parentibus
1064 827 1280 879 orbatus
1310 825 1621 879 adolescens
1650 826 1862 877 circiter
1886 823 2067 893 viginti

506 916 641 971 duos
686 927 1051 980 annos,natus
1074 956 1090 981 ,
1122 916 1222 969 via
1252 929 1349 968 suo
1383 924 1571 982 patruo
1603 913 1809 967 mulieri
1854 913 2071 982 junctus

504 1015 587 1060 est
609 1005 975 1070 matrimonio;
1003 1014 1054 1059 et
1084 1020 1202 1057 cum
1230 1019 1333 1057 non
1356 1012 1535 1071 posset
1556 1003 1816 1057 resistere
1840 1002 2073 1057 necessi-

506 1096 600 1149 tati
629 1110 785 1165 quam
816 1093 864 1149 ei
895 1093 1149 1147 atl'erebat
1190 1104 1406 1162 patruus
1431 1133 1447 1158 ,
1480 1093 1653 1145 visum
1686 1102 1769 1147 est
1797 1092 1869 1158 ei,
1900 1100 1955 1146 et
1980 1105 2072 1147 co-

505 1200 635 1240 rona
666 1185 903 1240 redimiri
930 1183 1067 1253 (22),
1098 1194 1150 1238 et
1198 1184 1387 1238 sedere
1434 1185 1487 1237 in
1529 1183 1785 1248 thalamo,
1813 1193 1867 1238 et
1894 1183 2070 1237 omnia

504 1278 768 1333 sustinere
796 1292 912 1345 quae
941 1277 1071 1329 ﬁunt
1114 1277 1164 1329 in
1196 1276 1557 1331 matrimonio.
1587 1275 1870 1344 Postquam
1897 1284 2071 1330 autent

503 1382 689 1423 omnes
716 1378 893 1421 essent
920 1367 1140 1434 egressi,
1164 1367 1251 1436 qui
1282 1367 1335 1421 in
1364 1365 1599 1421 thalamo
1624 1374 1679 1420 et
1710 1367 1847 1419 lecto
1872 1365 2072 1419 dormi-

504 1469 649 1513 turos
673 1459 1080 1522 collocaveram,
1112 1458 1278 1526 surgit
1309 1457 1497 1512 beatus
1543 1458 1713 1512 Amon
1734 1498 1749 1522 ,
1784 1467 1840 1512 et
1878 1456 2075 1510 claudit

503 1551 677 1614 fores;
705 1560 757 1604 et
786 1549 979 1603 sedens
1025 1558 1177 1602 vocat
1227 1549 1431 1602 beatam
1478 1559 1529 1603 et
1573 1564 1877 1619 germanam
1922 1563 2071 1602 suam

503 1643 800 1711 coniugem,
817 1651 871 1695 et
890 1644 937 1697 ei
962 1642 1118 1696 dicit:
1140 1642 1427 1707 Adesdum,
1448 1641 1661 1696 domina
1687 1652 1739 1696 et
1762 1640 2069 1711 soror(23),

501 1732 693 1787 deinde
739 1747 851 1786 rem
884 1732 977 1785 tibi
1010 1730 1258 1783 narrabo.
1308 1731 1420 1784 lloe
1446 1746 1552 1800 quo
1581 1731 1849 1800 conjuncti
1886 1746 2072 1786 sumus

1965 338 2287 397 PALLADII

2095 471 2144 525 Α
2176 465 2332 517 tionis
2364 463 2609 518 virtutem
2655 463 2979 518 exercuisset
3003 502 3019 528 ,
3049 463 3100 516 in
3132 464 3235 518 vita
3263 463 3394 519 obiit
3420 465 3737 533 monastica,

3626 343 3759 400 1024

2170 553 2256 607 vel
2284 553 2459 620 potius
2490 552 2779 607 translatus
2804 560 2889 607 est
2928 561 3143 607 sanctus
3170 552 3365 617 Aman,
3397 564 3553 608 natus
3580 569 3742 609 sexa-

2168 641 2314 712 ginta
2359 643 2493 697 duos
2538 656 2726 707 annos,
2756 641 2837 696 bis
2879 640 2934 695 in
2982 656 3123 697 anno
3159 642 3345 698 videns
3381 644 3589 698 beatam
3623 647 3743 701 vita:

2169 746 2281 785 50$
2308 740 2610 785 CODSOI’IOIII
2619 770 2634 785 .

2241 821 2371 873 Cum
2402 822 2446 875 is
2475 836 2602 889 ergo
2630 821 2774 875 solus
2804 830 2947 876 esset
2984 820 3035 875 in
3080 820 3283 885 Nitriis,
3318 820 3489 875 ferunt
3515 821 3587 875 ad
3618 837 3740 876 eum

2172 924 2393 977 puerum
2445 909 2593 963 rabie
2638 908 2959 977 exagitatam
2986 949 3001 974 ,
3031 912 3261 963 vinctum
3308 912 3528 965 catenis.
3574 911 3744 966 Canis

2171 1001 2312 1054 enim
2335 1000 2578 1054 rabiosus
2597 999 2889 1054 mordendo
2911 999 2985 1054 illi
3011 986 3219 1054 rabiem
3236 1000 3474 1055 dederat.
3493 1001 3741 1070 Seipsum

2170 1104 2301 1160 ergo
2350 1098 2519 1145 totum
2568 1090 2821 1157 laniabat,
2852 1098 2911 1143 ut
2950 1090 3037 1159 qui
3084 1090 3466 1146 intolerabilem
3498 1093 3743 1147 morbum

2171 1181 2312 1236 ferre
2340 1196 2444 1236 non
2472 1191 2673 1251 posset.
2701 1183 2986 1252 Postquam
3015 1198 3141 1252 ergo
3163 1183 3296 1237 vidit
3322 1185 3437 1252 ejus
3466 1197 3742 1252 parentes,

2171 1271 2239 1326 ad
2268 1273 2673 1340 supplicandum
2698 1274 3047 1342 procedentes
3075 1291 3088 1327 :
3113 1273 3249 1339 Quid
3281 1274 3432 1340 mihi,
3451 1274 3643 1344 inquit,
3668 1276 3743 1329 la-

2173 1363 2331 1417 bores
2373 1364 2657 1428 exhibetis,
2690 1379 2722 1416 ο
2766 1364 3029 1428 homines,
3058 1379 3120 1418 ea
3172 1372 3411 1433 petentes
3455 1381 3580 1433 quae
3626 1379 3740 1419 mea

2175 1457 2365 1508 merita
2417 1466 2689 1523 superant,
2718 1470 2838 1509 cum
2868 1456 2919 1509 in
2953 1457 3145 1510 vestris
3177 1456 3418 1510 manibus
3452 1468 3650 1524 prmsto
3678 1457 3743 1511 sit

2173 1544 2461 1597 auxilium?
2480 1544 2703 1598 Reddite
2719 1544 2856 1597 enim
2877 1545 3046 1598 vidua:
3068 1546 3253 1600 bovem
3271 1561 3424 1615 quem
3442 1548 3740 1601 clanculum

2176 1632 2530 1700 occidistis,et
2554 1649 2713 1687 sanus
2739 1634 2986 1688 reddetur
3005 1635 3159 1689 vobis
3188 1649 3339 1703 puer.
3367 1636 3443 1689 Illi
3471 1651 3604 1690 vero
3624 1650 3739 1690 cum

2176 1723 2402 1777 convicti
2435 1735 2649 1788 essent,
2683 1724 2787 1778 latti
2817 1725 3056 1780 fecerunt
3099 1742 3215 1795 quas
3239 1727 3387 1795 jussa
3428 1727 3663 1793 fuerant,
3695 1738 3741 1784 et

503 1822 921 1885 matrimonium,
953 1822 1082 1875 nihil
1128 1820 1287 1875 habet
1332 1821 1605 1875 eximium.
1650 1822 1811 1875 Recte
1837 1836 1962 1889 ergo
1993 1816 2071 1874 fa-
2102 1813 2149 1870 B
2176 1828 2240 1867 co
2267 1823 2452 1868 orante
2482 1830 2614 1882 puer
2644 1830 2801 1869 sanus
2830 1817 3019 1870 evasit.

501 1915 725 1975 ciemus,
749 1916 792 1966 si
816 1912 1009 1967 abhinc
1032 1913 1389 1983 unusquisque
1411 1923 1650 1967 nostrum
1673 1927 1913 1967 seorsum
1942 1911 2072 1966 dor-

502 2005 700 2068 mierit,
731 2012 791 2057 ut
816 2004 1030 2057 Christo
1059 2004 1381 2071 placeamus,
1406 2003 1657 2056 intactam
1681 2010 1918 2056 nostram
1947 2002 2069 2056 red-

502 2094 691 2149 dentes
742 2092 1109 2162 virginitatem.
1168 2094 1235 2147 Et
1280 2108 1398 2147 cum
1447 2108 1478 2147 e
1526 2094 1645 2146 sinu
1699 2106 1795 2146 suo
1851 2106 2071 2160 parvum

504 2184 739 2238 libellum
772 2184 1096 2251 protulisset,
1123 2193 1372 2250 tanquam
1404 2197 1468 2237 ex
1497 2196 1725 2250 persona
1754 2182 1994 2249 Apostoli
2020 2191 2073 2236 et

502 2273 818 2335 Servatoris,
850 2272 1057 2342 legebat
1102 2272 1310 2339 puellas,
1342 2288 1461 2342 qua:
1496 2283 1606 2327 erat
1649 2272 1827 2342 ignara
1873 2273 2073 2326 littera-

503 2376 641 2425 rum,
669 2363 947 2431 plurimam
995 2362 1237 2417 lectionis
1290 2373 1516 2430 partem,
1566 2362 1824 2431 adjiciens
1863 2378 1928 2416 ex
1976 2376 2071 2415 sua

501 2453 750 2507 divinitus
781 2454 1032 2521 inspirata
1060 2453 1322 2517 doctrina,
1356 2463 1409 2505 et
1440 2454 1491 2506 in
1521 2455 1648 2518 vita,
1682 2455 1731 2506 itt
1762 2453 2068 2523 virginitate

501 2554 555 2600 et
580 2549 822 2601 castitate
851 2546 1091 2616 degenda
1118 2561 1235 2599 eam
1265 2545 1569 2599 instituens.
1620 2546 1735 2611 Quo
1766 2544 1963 2598 factum
1992 2552 2075 2598 est

503 2644 561 2688 ut
589 2634 672 2689 illa
712 2635 911 2690 Christi
958 2637 1123 2706 gratia
1166 2636 1389 2705 repleta,
1420 2635 1801 2703 diceretzEgo
1840 2650 2069 2704 quoque,

500 2724 715 2780 domine
744 2726 834 2790 mi,
881 2740 1190 2795 persuasum
1239 2726 1410 2780 habeo
1458 2724 1570 2780 fore
1596 2736 1653 2779 ut
1680 2735 1881 2779 castam
1912 2727 2072 2778 vitam

504 2816 733 2871 libenter
756 2831 941 2886 agam;
972 2826 1027 2871 et
1048 2817 1092 2869 si
1117 2816 1240 2884 quid
1258 2817 1433 2885 iubes,
1459 2815 1562 2869 hoc
1588 2816 1839 2883 deinceps
1864 2815 2070 2869 faciam.

501 2909 592 2965 lite
618 2926 771 2980 vero,
806 2912 938 2981 Ego,
967 2910 1156 2981 inquit,
1182 2911 1347 2981 jubco
1376 2921 1430 2965 et
1460 2926 1589 2980 rogo
1631 2918 1688 2964 ut
1716 2910 2075 2979 unusquisque

502 3013 742 3059 nostrum
769 3019 1007 3059 seorsum
1038 3013 1270 3060 maneat.
1306 3006 1380 3059 Ea
1402 3019 1530 3060 vero
1560 3003 1662 3057 hoc
1693 3017 1795 3056 non
1825 3001 1961 3065 tulit,
1992 2999 2074 3053 di-

501 3094 999 3150 eens:|laneamus
1042 3096 1095 3149 in
1144 3095 1331 3149 eadem
1382 3094 1575 3160 domo,
1607 3092 1700 3146 sed
1744 3091 1799 3145 in
1844 3090 2071 3145 diversis

2247 1902 2604 1958 Accesserant
2623 1914 2798 1959 autem
2820 1905 2911 1958 alii
2935 1905 3051 1975 ejus
3079 1906 3280 1961 visendi
3302 1908 3481 1975 gratia.
3510 1908 3594 1962 Ad
3616 1924 3740 1978 quos

2174 1991 2308 2046 dixit
2347 1992 2428 2047 vir
2465 2002 2698 2058 sanctus,
2730 1994 2966 2049 tentandi
3004 2009 3187 2049 eorum
3224 1996 3385 2051 animi
3423 1997 3592 2066 gratia
3617 2015 3631 2052 :
3656 1999 3739 2054 Af-

2176 2079 2312 2135 ferte
2340 2082 2405 2135 ad
2436 2096 2522 2137 me
2565 2082 2764 2137 dolium
2793 2097 2979 2149 unum,
3008 2091 3066 2138 ut
3091 2084 3313 2140 habeam
3341 2087 3467 2140 satis
3494 2101 3649 2155 aqua:
3678 2087 3737 2141 ad

2174 2184 2267 2224 eos
2296 2172 2387 2239 qui
2418 2174 2633 2228 veniunt
2678 2175 3043 2243 excipiendos.
3097 2174 3139 2230 li
3164 2187 3339 2232 autem
3388 2179 3735 2246 promiserunt

2175 2260 2381 2329 seipsos
2409 2264 2683 2319 allaturos.
2730 2265 2863 2319 Cum
2894 2275 3070 2320 autem
3111 2267 3336 2321 alterum
3387 2270 3730 2336 paenituisset,

2174 2357 2262 2410 ubi
2293 2355 2345 2407 in
2372 2354 2546 2409 vicum
2576 2356 2830 2420 venisset,
2859 2356 2987 2411 dicit
3016 2357 3167 2411 alteri
3195 2356 3363 2411 :Nolo
3389 2359 3631 2414 occidere
3652 2375 3733 2413 ca~

2174 2448 2391 2511 melum,
2422 2461 2594 2515 neque
2620 2448 2668 2501 ei
2697 2447 2894 2502 dolium
2924 2448 3217 2517 imponere,
3249 2463 3315 2504 ne
3344 2449 3623 2505 moriatur.
3648 2452 3730 2507 liis

2174 2540 2540 2603 auditis,alius
2566 2541 2679 2594 suis
2705 2540 2902 2607 junctis
2924 2542 3086 2594 asinis
3116 2555 3304 2609 magno
3332 2541 3509 2596 labore
3538 2543 3724 2597 dolium

2172 2644 2381 2682 sursum
2418 2630 2663 2697 portavit.
2710 2629 3047 2685 Prteveniens
3086 2640 3261 2685 autem
3293 2632 3461 2685 Aman
3489 2633 3541 2687 ei
3569 2633 3727 2687 dixit:

2172 2720 2340 2786 Quid?
2372 2719 2513 2789 quod
2562 2719 2691 2775 socii
2737 2721 2811 2774 tui
2850 2721 3083 2776 camelos
3119 2731 3201 2775 est
3240 2731 3478 2776 mortuus
3528 2721 3721 2777 interim

2171 2809 2295 2863 dum
2330 2811 2435 2864 huc
2459 2811 2693 2865 venisti?
2717 2811 2765 2865 ls
2811 2820 2987 2866 autem
3036 2826 3285 2867 reversus
3331 2813 3532 2868 invenit
3559 2828 3670 2868 euut
3696 2830 3721 2867 a

2173 2898 2318 2967 lupis
2340 2898 2675 2955 devoratum.
2708 2900 2867 2955 Multa
2899 2915 3109 2971 quoque
3134 2902 3238 2956 alia
3271 2903 3356 2957 hic
3379 2904 3460 2957 vir
3488 2903 3625 2959 fecit.

2249 2990 2363 3045 Hoc
2390 3001 2568 3045 autem
2599 2992 2914 3046 miraculum
2940 2995 3176 3049 narravit
3202 2993 3387 3049 beatus
3417 2994 3717 3049 Athanasius

2172 3081 2508 3138 Alexandria:
2529 3083 2835 3153 episcopus,
2857 3084 3097 3140 scribens
3119 3086 3171 3140 in
3198 3085 3315 3140 Vita
3336 3086 3571 3155 Antonii,
3594 3086 3712 3156 quod

503 3182 669 3236 lectis.
722 3181 915 3237 Vivens
943 3197 1069 3254 ergo
1098 3197 1220 3237 cum
1265 3197 1329 3237 ea
1353 3183 1538 3237 decem
1573 3191 1627 3235 et
1666 3190 1786 3233 octo
1823 3193 1992 3233 annos
2020 3180 2071 3233 in
2102 3164 2147 3227 C
2179 3187 2300 3228 eum
2353 3173 2638 3241 aliquando
2683 3175 2927 3229 monachi
2970 3176 3039 3230 ad
3083 3176 3255 3243 ipsum
3296 3178 3443 3232 missi
3470 3186 3635 3234 essent
3654 3178 3711 3230 ab

504 3271 691 3325 iisdem
720 3271 946 3339 aedibus,
980 3281 1093 3326 toto
1122 3272 1209 3325 die
1240 3272 1463 3327 vacabat
1492 3271 1647 3325 horto
1674 3280 1728 3325 et
1756 3269 2071 3325 balsameto.

502 3358 833 3427 Operahatur
879 3358 1021 3413 enim
1066 3360 1397 3424 balsamum;
1432 3373 1551 3429 qua:
1595 3358 1859 3412 balsamus
1909 3356 2075 3411 instar

505 3448 626 3502 vitis
652 3448 935 3515 plantatur,
960 3456 1016 3503 ut
1040 3449 1089 3502 in
1120 3464 1221 3517 qua
1248 3448 1470 3503 colenda
1501 3456 1555 3502 et
1588 3447 1814 3515 putanda
1846 3447 2071 3500 multum

506 3538 700 3595 laboris
729 3549 976 3608 ponatur.
1010 3539 1237 3608 Vespere
1272 3553 1401 3609 ergo
1429 3540 1645 3594 domum
1675 3540 1997 3608 ingrediens,
2021 3546 2076 3592 et

506 3630 705 3686 Bioiens
737 3632 1004 3685 orationes
1029 3670 1045 3695 ,
1074 3644 1193 3685 cum
1220 3645 1283 3686 ea
1314 3630 1645 3687 comedebat.
1682 3630 1748 3683 Et
1770 3644 1951 3683 rursus
1980 3644 2078 3684 no-

506 3733 717 3778 cturnas
738 3738 923 3791 preces
950 3722 1195 3787 fundens,
1221 3731 1275 3777 et
1301 3723 1541 3794 synaxim
1570 3735 1849 3790 peragens,
1865 3733 2075 3776 summo

508 3826 663 3867 mone
693 3813 805 3866 ibat
832 3810 885 3865 in
918 3812 1148 3865 hortum.
1173 3811 1303 3865 Cum
1330 3813 1442 3866 haec
1473 3812 1551 3866 sic
1576 3812 1784 3875 tierent,
1808 3819 1861 3864 et
1885 3823 2075 3879 perve-

506 3903 673 3957 nisset
692 3912 910 3970 uterque
940 3902 1003 3954 ad
1034 3901 1476 3970 impatibilitatem
1506 3900 1687 3972 (Caute
1708 3900 1861 3969 lege),
1887 3899 1993 3953 vim
2021 3908 2076 3953 et

503 3992 795 4047 eilicaciam
826 3991 1062 4046 habuere
1092 4006 1279 4061 preces
1309 3992 1549 4046 Amonis.
1585 3991 1863 4046 Postremo
1898 4000 2073 4044 autem

503 4084 555 4138 ei
582 4083 708 4137 dicit
736 4083 823 4137 illa
852 4082 1044 4137 beata:
1074 4083 1170 4137 Est
1193 4082 1389 4151 aliquid
1435 4080 1576 4150 quod
1623 4081 1717 4136 tibi
1758 4080 1955 4144 dicam,
1979 4079 2077 4133 do-

505 4175 650 4231 mine
694 4176 788 4241 mi,
818 4184 877 4228 ut
923 4175 966 4229 si
1015 4188 1100 4230 me
1146 4174 1401 4240 audieris,
1430 4174 1559 4228 mihi
1608 4174 1765 4242 plane
1814 4173 2079 4227 constabit

503 4266 643 4337 quod
685 4280 810 4321 vere
857 4280 923 4319 ex
953 4264 1064 4319 Deo
1093 4279 1180 4319 me
1223 4264 1431 4333 diligas.
1482 4263 1530 4318 ls
1555 4276 1684 4317 vero
1711 4264 1758 4317 ei
1788 4263 1954 4316 dicit:
1984 4263 2078 4317 Dic

505 4357 645 4426 quod
673 4356 823 4412 velis.
856 4356 931 4410 Ea
971 4371 1102 4411 vero
1133 4355 1261 4410 dicit
1306 4354 1379 4408 illi
1405 4370 1420 4407 :
1444 4352 1679 4422 [Equum
1716 4360 1879 4407 estut
1905 4361 1959 4407 tu
1988 4353 2077 4422 qui

508 4463 564 4501 es
592 4447 674 4500 vir
697 4447 817 4515 pius
841 4457 894 4501 et
920 4447 1225 4518 religiosus,
1266 4454 1321 4500 et
1349 4459 1569 4501 exerces
1595 4443 1854 4514 justitiam
1872 4484 1888 4511 ,
1919 4454 1974 4499 et
2000 4444 2077 4498 si-

2177 3265 2410 3321 Antonio
2435 3264 2573 3330 (erat
2597 3265 2737 3321 enim
2762 3268 2814 3321 in
2845 3266 3097 3323 interiore
3121 3268 3405 3323 solitudine
3432 3270 3703 3335 Antonius),

2177 3368 2297 3408 cum
2329 3354 2397 3410 ad
2426 3356 2597 3423 ipsum
2640 3357 2928 3422 venissent,
2956 3359 3187 3412 surrexit
3215 3373 3399 3425 senex,
3429 3368 3485 3416 et
3506 3358 3697 3413 ambula-

2176 3446 2267 3500 bat
2287 3461 2407 3500 cum
2432 3446 2533 3501 eis.
2563 3447 2628 3502 Et
2651 3462 2770 3501 cum
2795 3455 2938 3502 esset
2962 3449 3279 3503 transiturus
3301 3448 3488 3519 Lycum
3508 3448 3685 3502 aurium

2175 3553 2294 3592 cum
2325 3538 2443 3607 ejus
2465 3538 2724 3608 discipulo
2749 3539 3055 3606 Theodoro,
3087 3541 3376 3597 verebatur
3397 3541 3522 3603 exui,
3542 3552 3595 3593 ne
3613 3550 3681 3590 se.

2173 3628 2347 3698 ipsum
2376 3628 2582 3684 videret
2619 3628 2907 3698 aliquando
2937 3630 3135 3685 nudum
3168 3649 3182 3683 :
3209 3642 3262 3686 et
3288 3631 3485 3688 interea
3514 3630 3611 3685 datu
3631 3625 3682 3680 ile

2173 3733 2237 3773 ea
2264 3734 2323 3773 re
2350 3718 2658 3784 dissereret,
2681 3722 2930 3776 inventus
2969 3731 3055 3775 est
3098 3732 3242 3776 trans
3272 3722 3515 3787 ﬂuvium,
3554 3729 3602 3775 ut
3625 3717 3694 3787 qui

2174 3810 2377 3879 absque
2401 3810 2591 3881 cymba
2622 3812 2676 3865 in
2707 3811 2881 3866 extasi
2902 3810 3217 3882 traiecisset,
3252 3815 3531 3868 translatus
3556 3811 3614 3865 ab
3630 3823 3706 3863 an-

2175 3900 2296 3969 gelo
2321 3919 2334 3953 :
2361 3901 2555 3957 lratres
2578 3912 2756 3957 autem
2787 3912 2967 3957 natatu
2998 3903 3422 3957 transmiserunt.
3464 3901 3710 3969 Postquam

2175 4000 2355 4046 autem
2397 3992 2717 4048 accessitad
2749 3993 3035 4048 Antonium
3059 4033 3075 4059 ,
3109 3994 3310 4063 primus
3343 3993 3394 4047 ei
3421 3992 3553 4047 dixit
3577 3990 3714 4045 Anto-

2176 4080 2295 4137 nius
2319 4099 2333 4135 :
2357 4081 2488 4137 Cum
2517 4083 2657 4139 Deus
2677 4083 2806 4137 mihi
2834 4084 2999 4138 multa
3020 4083 3086 4138 de
3114 4091 3168 4139 te
3188 4083 3496 4149 revelasset,
3520 4090 3573 4137 et
3594 4088 3715 4133 tuam

2177 4173 2575 4228 translationem
2624 4173 2753 4228 mihi
2784 4172 3157 4244 signiﬁcasset,
3181 4180 3235 4228 te
3269 4173 3337 4227 ad
3379 4186 3465 4227 me
3492 4168 3721 4226 accersiri

2178 4266 2504 4331 necessario,
2531 4273 2589 4319 ut
2625 4278 2745 4319 cum
2795 4266 2948 4320 nobis
2987 4265 3211 4319 invicem
3242 4263 3342 4319 l'rui
3372 4263 3621 4327 licuisset,
3643 4272 3724 4329 pro

2178 4354 2330 4409 nobis
2358 4353 2585 4409 invicem
2616 4354 3092 4411 intercederemus.
3121 4354 3252 4409 Cum
3274 4362 3451 4408 autem
3482 4365 3603 4408 eum
3628 4348 3727 4403 col-

2182 4445 2411 4501 locasset
2442 4445 2497 4499 in
2523 4445 2752 4513 quodam
2782 4445 2900 4500 loco
2926 4445 3082 4515 longe
3108 4451 3375 4514 separato,
3403 4442 3636 4497 hortatus
3660 4446 3729 4493 est

508 4536 703 4589 utiliter
739 4550 837 4604 ego
868 4536 957 4605 qui
991 4535 1236 4589 eamdem
1267 4534 1410 4587 viam
1452 4532 1676 4588 instituti
1714 4548 1832 4587 sum
1868 4542 2072 4599 secuta,
2103 4524 2155 4583 D
2181 4553 2248 4595 ne
2285 4538 2561 4594 recederet
2607 4547 2731 4593 ante
2771 4538 3192 4593 translationem.
3237 4536 3370 4591 Cum
3418 4544 3593 4590 autem
3632 4530 3734 4601 ipso

480 4638 745 4678 seorsum
776 4639 1104 4687 maneamus,
1123 4631 1177 4678 et
1197 4623 1351 4677 multi
1371 4638 1439 4677 ex
1458 4638 1523 4678 eo
1547 4624 1758 4692 capiant
1774 4623 2074 4678 utilitatem.

510 4718 624 4772 Non
653 4733 748 4786 par
776 4726 857 4772 est
885 4715 1024 4771 enim
1054 4725 1112 4770 ιιι
1134 4725 1349 4785 propter
1375 4730 1461 4771 me
1490 4724 1632 4771 tanta
1667 4724 1721 4771 et
1750 4715 1871 4770 talis
1899 4716 2078 4770 occul-

512 4817 649 4863 tetur
693 4818 777 4861 tua
820 4807 989 4861 virtus
1034 4805 1384 4875 philosophia
1413 4846 1430 4874 ,
1474 4806 1564 4877 qui
1610 4820 1817 4860 mecum
1845 4807 2079 4874 'pr0pter

510 4900 779 4956 Christum
815 4899 1087 4955 cohabitas
1119 4900 1169 4953 in
1197 4900 1462 4954 castitate.
1506 4899 1553 4954 ls
1581 4912 1712 4953 vero
1736 4911 1854 4952 cum
1885 4896 1935 4951 ei
1958 4911 2079 4966 gra-

511 4995 611 5047 tias
636 4993 851 5062 egisset,
885 4998 939 5046 et
963 4991 1184 5059 gloriam
1222 4990 1330 5046 Deo
1361 4989 1613 5054 dedisset,
1640 4990 1687 5044 ei
1719 4987 1884 5043 dicit:
1910 4988 2078 5042 Recte

511 5082 603 5137 tibi
631 5084 800 5136 visum
827 5089 927 5145 est,
956 5080 1168 5135 domina
1197 5089 1250 5135 et
1269 5095 1451 5147 soror;
1484 5080 1601 5135 etsi
1624 5079 1726 5135 hoc
1755 5079 1847 5132 tibi
1879 5079 2073 5147 placet,

511 5183 569 5228 tu
619 5173 811 5226 habeto
859 5171 996 5224 hanc
1041 5170 1289 5236 domum;
1369 5186 1469 5244 ego
1536 5186 1665 5228 vero
1732 5169 1936 5235 abibo,
2025 5176 2079 5222 et

507 5265 664 5317 aliam
713 5261 843 5315 mihi
882 5262 1095 5314 dontum
1147 5261 1355 5315 faciam.
1403 5261 1501 5325 Qui
1546 5275 1668 5313 cum
1711 5259 1776 5312 ab
1821 5273 1885 5313 ea
1937 5267 2081 5313 esset

509 5365 778 5420 egressus,
819 5348 1091 5419 ingressus
1118 5357 1201 5403 est
1237 5350 1287 5403 in
1320 5349 1574 5403 interiora
1622 5347 1818 5402 montis
1862 5347 2076 5415 Nitriae;

510 5441 742 5497 nondum
755 5441 913 5496 'enim
944 5448 1070 5494 tunc
1099 5441 1207 5494 illic
1233 5449 1385 5494 erant
1408 5438 1699 5508 frequentia
1731 5439 2076 5505 monasteria,

510 5542 567 5587 et
592 5532 690 5587 sibi
730 5532 856 5586 fecit
890 5531 1026 5585 duos
1072 5530 1324 5584 cellarum
1360 5530 1556 5584 tholos.
1599 5531 1667 5584 Et
1702 5545 1822 5584 cum
1861 5529 2079 5584 vixisset

513 5625 643 5677 alios
670 5621 855 5691 viginti
882 5622 1014 5676 iluos
1040 5633 1230 5683 annos,
1262 5629 1316 5674 et
1346 5628 1490 5676 recte
1516 5635 1774 5676 summam
1813 5622 2074 5677 exercita-

586 5732 601 5762 ⁸
635 5732 731 5787 llic
757 5736 828 5787 0r
858 5735 955 5789 fuit
982 5734 1298 5803 Origenista.

2181 4643 2423 4684 seorsum
2470 4628 2655 4684 fuisset
2700 4636 3099 4683 consummatus
3127 4667 3144 4695 ,
3184 4626 3313 4681 vidit
3342 4626 3603 4680 Antonius
3630 4621 3734 4689 ejus

2184 4722 2417 4776 animam
2439 4719 2491 4776 in
2519 4720 2714 4775 coelum
2736 4728 3060 4790 assumptam
3085 4720 3152 4774 ab
3172 4718 3390 4788 angelis.
3411 4716 3505 4771 llic
3524 4725 3735 4781 estergo

2181 4813 2376 4879 Amon,
2400 4813 2487 4883 qui
2516 4813 2595 4867 sic
2621 4810 2774 4879 vixit,
2792 4818 2847 4866 et
2867 4811 2943 4866 sic
2966 4810 3116 4865 obiit.
3141 4810 3291 4864 Hunc
3311 4808 3506 4876 Lycum
3531 4803 3732 4859 lluviutn

2183 4917 2282 4972 ego
2303 4918 2423 4958 cum
2453 4912 2597 4957 metu
2627 4912 2858 4970 pontone
2884 4899 3167 4968 aliquando
3187 4892 3482 4962 transmisi;
3504 4904 3588 4952 est
3606 4891 3735 4950 enim

2186 4994 2326 5049 fossa
2348 5002 2403 5050 et
2423 4992 2681 5049 derivatio
2710 4993 2883 5062 magni
2916 4991 3042 5047 Nili.

2787 5126 3013 5183 CAPUT
3052 5126 3141 5180 IX.

2643 5238 2757 5292 Vita
2786 5237 2978 5292 abbatis
3006 5237 3021 5268 ¹
3059 5234 3132 5290 0r
3170 5233 3306 5305 (2)).

2256 5350 2311 5403 ln
2342 5349 2443 5404 hoc
2469 5356 2650 5404 monte
2671 5349 2854 5403 Nitria:
2878 5348 2972 5402 fuit
3001 5348 3083 5402 vir
3110 5342 3440 5399 admirabilis
3468 5341 3652 5405 abbas,
3674 5335 3737 5392 Or

2183 5442 2418 5506 nomine,
2446 5439 2648 5494 habens
2670 5438 2987 5493 monasteria
3012 5436 3153 5490 mille
3174 5434 3415 5501 fratrum,
3448 5432 3623 5486 habitu
3648 5444 3733 5481 an-

2179 5533 2350 5603 gelico
2380 5531 2631 5602 praeditus
2662 5531 2856 5603 (nam,
2892 5532 2929 5585 ι.
2963 5547 3021 5594 ιι,
3050 5546 3097 5583 c.
3126 5529 3216 5597 2);
3249 5536 3306 5582 ut
3333 5528 3422 5593 qui
3460 5540 3577 5581 cum
3607 5528 3740 5579 esset

2181 5623 2471 5693 nonaginta
2500 5636 2672 5679 annos
2703 5630 2894 5690 natus,
2927 5622 3058 5676 nihil
3091 5620 3359 5675 amisisset
3399 5619 3464 5674 de
3502 5626 3737 5686 corpore.
