4020 6440
331 364 474 434 1025

954 479 1204 542 ΚΕΦΑΛ.
1258 490 1339 545 Η’.

328 573 469 638 Βίος
497 566 609 625 τοῦ
637 571 812 640 ἁγίου
852 571 1066 641 Ἀμοῦν
1090 575 1190 629 καί
1222 575 1334 645 τῆς
1363 578 1580 635 τούτου
1620 582 1918 652 συζύγου.

401 652 575 723 Οὗτος
607 658 796 727 ἔλεγεν
826 660 922 713 καὶ
953 660 1047 715 τὸν
1097 662 1299 732 ’Δμοῦν
1345 666 1571 737 τοιούτῳ
1610 669 1798 738 τρόπῳ
1843 670 1925 740 βε-

326 745 586 800 ϐιωκέναι
607 762 621 776 ·
669 748 937 817 Ὀρφανὸς
962 790 977 815 ,
1008 750 1195 820 φησιν,
1240 752 1504 823 ὑπάρχων
1535 756 1816 821 νεανίσκος
1847 756 1924 821 ὡς

325 837 463 891 ἐτῶν
488 837 662 889 εῐκοσι
696 836 823 903 δύο,
882 837 976 907 βίᾳ
1007 840 1159 909 παρὰ
1193 841 1290 894 τοῦ
1338 842 1467 897 ἰδίου
1517 844 1662 897 θείου
1702 846 1923 914 γυναικὶ

327 922 684 993 συνεζεύχθη.
714 924 823 976 Καὶ
847 924 922 994 μὴ
947 923 1197 993 δυνηθεὶς
1224 917 1545 998 ἀντιστῆναι
1574 934 1640 1002 τῇ
1659 932 1754 985 τοῦ
1777 932 1920 985 θείου

328 1010 565 1081 ἀνάγκῃ,
628 1010 807 1073 ἔδοξεν
874 1009 970 1062 καὶ
1019 1012 1442 1080 στεφανοῦσθαι,
1485 1018 1577 1070 καὶ
1630 1020 1689 1069 ἐν
1728 1019 1921 1089 παστῷ

328 1095 689 1160 καθέζεσθαι,
713 1098 807 1149 καὶ
831 1097 1012 1150 πάντα
1044 1101 1418 1169 μεμενηκέναι
1441 1104 1585 1158 κατὰ
1607 1105 1700 1158 τὸν
1720 1108 1917 1176 γάμον.

324 1184 484 1240 Μετὰ
516 1185 574 1237 δὲ
606 1183 666 1237 τὸ
691 1183 930 1250 ἐξελθεῖν
963 1185 1173 1249 πάντας
1222 1192 1590 1261 κοιμήσοντας
1622 1194 1826 1257 αὑτοὺς
1862 1194 1921 1247 ἐν

323 1270 405 1341 τῷ
440 1269 634 1341 παστῷ
658 1272 755 1323 καὶ
774 1274 840 1341 τῇ
877 1270 1059 1341 κλίνῃ,
1085 1273 1325 1339 ἀναστὰς
1350 1278 1379 1329 6
1408 1280 1679 1349 μακάριος
1720 1280 1918 1350 Ἀμοῦν

324 1356 613 1412 ἀποκλείει
635 1357 735 1427 τὴν
771 1356 963 1427 θύραν,
998 1361 1093 1413 καί
1132 1362 1363 1426 καθίσας
1393 1366 1786 1433 προσκαλεῖται
1821 1369 1919 1440 τὴν

329 1444 608 1517 μακαρίαν
658 1445 826 1497 αὑτοῦ
880 1445 974 1498 καὶ
1008 1448 1238 1517 γνησίαν
1296 1451 1569 1521 σύζυγον,
1622 1455 1719 1508 καὶ
1770 1455 1919 1523 λέγει

327 1532 466 1601 αὑτῇ
487 1547 501 1561 ο
529 1531 703 1600 Δεῦρο
730 1531 817 1601 δὴ,
848 1532 1016 1602 κυρία
1055 1536 1150 1588 καί
1180 1537 1408 1608 ἀδελφὴ,
1446 1539 1634 1595 λοιπὸν
1662 1542 1920 1614 διηγήσο-

329 1619 430 1688 μαί
466 1634 550 1671 σοι
576 1616 637 1669 τὸ
658 1618 894 1689 πρᾶγμα
918 1633 931 1649 °
970 1620 999 1671 6
1028 1620 1204 1690 γάμος
1246 1623 1308 1676 ὃν
1348 1625 1715 1697 ὲγαμήσαμεν
1762 1623 1918 1693 οὗτός

331 1707 489 1759 ἐστιν
539 1707 801 1774 περισσὸν
847 1706 989 1777 ἔχων
1019 1709 1196 1762 οὐδέν.
1238 1711 1437 1777 Καλῶς
1480 1712 1575 1768 οὖν
1617 1718 1918 1787 ποιήσομεν

325 1793 514 1862 ἡμεῖς,
568 1792 663 1846 ἐὰν
702 1792 811 1847 ἀπὸ
856 1794 950 1847 τοῦ
999 1796 1095 1849 νῦν
1133 1796 1364 1864 ἕκαστος
1408 1802 1565 1872 ήμῶν
1617 1804 1737 1856 κατ’
1783 1805 1917 1860 ἰδίαν

330 1877 669 1950 καθευδήσῃ,
704 1879 793 1934 ἵνα
832 1882 927 1934 καὶ
968 1882 1046 1953 τῷ
1096 1885 1321 1958 Χριστῷ
1368 1888 1558 1944 λοιπὸν
1602 1892 1915 1964 ἀρέσωμεν,

327 1966 715 2029 ἐκτελέσαντες
766 1967 990 2023 ἄθικτον
1041 1971 1203 2041 ἡμῶν
1261 1976 1363 2045 τήν
1417 1976 1737 2047 παρθενίαν.
1805 1981 1918 2036 Καὶ

325 2051 631 2121 ἐξενεγκὼν
664 2056 730 2107 ἐκ
771 2054 865 2107 τοῦ
906 2056 1112 2110 κόλπου
1155 2058 1360 2125 βιϐλίον
1401 2066 1809 2136 γεγραμμένον,
1842 2068 1918 2132 ώς

326 2140 395 2193 ἐκ
423 2140 720 2211 προσώπου
752 2140 849 2194 τοῦ
866 2144 1168 2197 ἀποστόλου
1199 2152 1293 2200 καὶ
1320 2148 1415 2201 τοῦ
1447 2151 1704 2222 Σωτῆρος
1726 2155 1916 2224 ἀνεγί-

326 2243 534 2282 νωσκεν
558 2230 626 2298 τῇ
662 2229 801 2300 κόρῃ
840 2228 1053 2299 ἀπείρῳ
1081 2230 1216 2303 οὔσῃ
1258 2234 1489 2305 Γραφῶν
1516 2253 1528 2267 ·
1573 2239 1635 2291 τὸ
1664 2240 1917 2295 πλεῖστον

328 2313 495 2384 μέρος
538 2312 641 2381 τῆς
677 2312 1042 2381 ἀναγνώσεως
1099 2320 1418 2386 προστιθεὶς
1465 2322 1574 2376 ἀπὸ
1629 2326 1729 2395 τῆς
1780 2328 1915 2392 ἰδίας

329 2399 691 2452 θεοπνεύστου
715 2400 977 2466 διανοίας,
996 2402 1088 2455 τὸν
1112 2405 1241 2473 περί
1262 2406 1559 2475 παρθενίας
1581 2412 1673 2463 καὶ
1693 2412 1913 2479 ἁγνείας

327 2486 722 2557 εἰσηγούμενος
750 2488 889 2559 αὐτῇ
917 2488 1060 2558 βίον·
1091 2491 1170 2555 ὼς
1208 2496 1276 2563 τῇ
1325 2494 1509 2563 χάριτι
1545 2497 1641 2549 τοῦ
1673 2500 1912 2568 Χριστοῦ

327 2572 841 2643 πληροφορηθεῖσαν
871 2576 1088 2646 ἐκείνην
1122 2580 1294 2631 εἰπεῖν
1322 2594 1335 2609 ⁸
1366 2580 1541 2647 Κάγὼ
1572 2583 1910 2654 πέπεισμαι,

325 2658 486 2731 κύριέ
521 2676 659 2729 μου,
693 2660 786 2714 τὸν
823 2662 986 2730 ἁγνὸν
1020 2665 1137 2731 βίον
1166 2665 1334 2735 ἡδέως
1384 2666 1573 2737 βιοῦσα
1600 2709 1615 2733 ,
1649 2670 1745 2722 καὶ
1773 2672 1827 2724 εἴ
1862 2691 1913 2726 τι

323 2747 591 2814 κελεύεις,
616 2747 773 2801 τοῦτο
791 2753 1007 2820 ποιήσω
1034 2752 1247 2806 λοιπόν.
1287 2753 1345 2806 ’0
1370 2756 1448 2822 δὲ,
1475 2756 1646 2810 Τοῦτο
1678 2759 1908 2828 κελεύω,

320 2838 479 2905 φησὶ,
516 2838 610 2889 καὶ
644 2840 975 2907 παρακαλῶ,
1011 2840 1099 2893 ἵνα
1124 2839 1358 2904 ἕκαστος
1383 2844 1414 2913 ἡ
1424 2844 1541 2913 μῶν
1564 2845 1674 2898 ἀπὸ
1701 2848 1794 2901 τοῦ
1818 2851 1912 2903 νῦν

319 2924 443 2977 κατ’
467 2924 602 2976 ἰδίαν
631 2926 787 2996 μένῃ.
827 2927 893 2979 Ἢ
922 2928 979 2979 δὲ
1003 2929 1104 2980 οὐκ
1132 2929 1392 2999 ὴνέσχετο
1415 2934 1646 2986 εἰποῦσα
1675 2953 1703 3005 ·,
1724 2936 1812 2990 Ἐν
1834 2938 1910 3010 τῷ

316 3009 468 3081 αὑτῷ
496 3012 631 3083 οἴκῳ
651 3012 946 3084 μείνωμεν,
978 3016 1035 3067 ἐν
1065 3014 1345 3086 διαφόροις
1366 3018 1423 3071 δὲ
1455 3020 1688 3085 κλίναις.
1723 3025 1907 3095 Ζήσας

316 3096 413 3153 οὖν
441 3102 557 3170 μετ’
591 3102 763 3171 αὐτῆς
794 3103 852 3155 ἐν
876 3102 953 3174 τῷ
984 3103 1133 3174 αὑτῷ
1157 3104 1293 3175 οἴκῳ
1321 3108 1417 3179 έτη
1453 3108 1586 3162 δέκα
1616 3111 1784 3175 ὀκτὼ,
1815 3114 1904 3169 διά

314 3187 501 3257 πάσης
526 3188 740 3258 ἡμέρας
766 3190 1059 3259 ἐσχόλαζεν
1092 3194 1150 3244 ἐν
1172 3192 1251 3260 τῷ
1278 3194 1441 3264 κήπῳ
1478 3198 1573 3249 καὶ
1595 3198 1672 3267 τῷ
1698 3199 1900 3268 βαλσα-

318 3275 478 3344 μῶνι·
509 3276 925 3347 βαλσαμουργὸς
954 3279 1063 3348 γάρ
1087 3275 1174 3350 ἦν·
1203 3280 1326 3349 ἥτις
1350 3281 1626 3352 βάλσαμος
1656 3290 1903 3357 ἀμπέλου

312 3363 468 3436 δίκην
499 3364 812 3433 φυτεύεται,
835 3370 1222 3439 γεωργουμένη
1260 3372 1354 3423 καὶ
1380 3372 1771 3446 κλαδευομένη,
1803 3395 1905 3431 πο-

312 3451 411 3505 λὺν
437 3452 639 3522 ἔχουσα
660 3454 841 3507 πόνον.
882 3454 1154 3526 Ἑσπέρας
1175 3455 1269 3511 οὖν
1296 3461 1680 3531 εἰσερχόμενος
1712 3467 1793 3529 είς
1814 3468 1906 3523 τὸν

310 3538 483 3609 οἰκον,
512 3546 607 3597 καὶ
632 3547 803 3599 ποιῶν
825 3547 1012 3617 εὐχὰς,
1042 3549 1229 3620 ήσθιεν
1253 3553 1373 3621 μετ’
1403 3555 1597 3623 αὑτῆς,
1628 3557 1723 3609 καὶ
1742 3558 1905 3612 πάλιν

309 3631 633 3701 νυκτερινὰς
669 3633 840 3687 ποιῶν
868 3636 1037 3704 εὑχάς
1082 3638 1177 3690 καὶ
1231 3637 1480 3702 συνάξεις
1513 3679 1527 3705 ,
1580 3641 1686 3694 ὑπὸ
1734 3643 1905 3713 βαθὺν

310 3718 510 3790 ὄρθρον
537 3722 687 3774 ἀπίει
712 3724 790 3785 εἰς
822 3723 913 3778 τὸν
938 3724 1135 3794 κῆπον.
1164 3725 1379 3779 Τούτων
1408 3726 1581 3791 οὕτως
1616 3731 1902 3785 ἐπιτελου-

323 3806 523 3875 μένων,
571 3809 665 3862 καὶ
708 3811 1037 3880 ἀμφοτέρων
1085 3813 1167 3876 εἰς
1207 3814 1483 3868 ἀπάθειαν
1537 3818 1900 3888 ὲληλακότων,

312 3894 623 3965 ἐνήργησαν
675 3898 733 3949 αἰ
783 3899 942 3968 εὐχαὶ
994 3898 1091 3951 τοῦ
1124 3899 1280 3969 ἁγίου
1326 3900 1550 3972 Ἀμοῦν,
1603 3909 1697 3959 καὶ
1753 3906 1904 3976 λέγει

310 3981 461 4052 αὑτῷ
489 3984 557 4035 τὰ
587 3985 874 4039 τελευταῖα
918 3988 950 4057 ἡ
987 3992 1281 4057 μακαρῖτις
1311 3990 1519 4062 ἐκείνη⁶
1552 3993 1702 4064 Ἔχω
1734 3996 1815 4048 σοί
1849 4014 1902 4050 τι

325 4071 519 4137 εἰπεῖν,
557 4072 712 4139 κύριέ
750 4089 853 4141 μου
876 4086 889 4101 ·
944 4073 1052 4139 ἵνα,
1087 4075 1151 4127 άν
1188 4093 1289 4145 μου
1322 4076 1581 4149 ἀκούσῃς,
1627 4084 1902 4152 πληροφο-

310 4156 464 4229 ρηθῶ
493 4159 574 4211 ὅτι
603 4158 773 4223 ὅντως
804 4159 947 4214 κατά
979 4161 1113 4216 Θεὸν
1153 4163 1375 4235 ἀγαπᾷς
1409 4184 1499 4237 με.
1538 4169 1701 4237 Λέγει
1737 4174 1899 4243 αὐτῇ,

306 4244 443 4296 Ειπὲ
492 4246 520 4297 ὃ
570 4246 778 4315 βούλευ
810 4249 958 4319 λέγει
983 4250 1131 4321 αὐτῷ
1166 4268 1177 4283 ·
1226 4253 1447 4307 Δίκαιόν
1494 4257 1611 4309 ἐστι
1668 4264 1900 4328 πρᾶγμα

311 4332 483 4403 ἄνδρα
533 4350 591 4385 σε
621 4335 753 4389 ὄντα
797 4336 1025 4408 θεοσεϐῆ
1069 4339 1162 4392 καὶ
1191 4337 1540 4413 δικαιοσύνην
1593 4346 1893 4414 ἀσκοῦντα,

302 4420 510 4490 ὁμοίως
547 4422 604 4475 δὲ
636 4423 730 4477 καὶ
763 4424 865 4493 ἐμὲ
908 4424 1251 4497 ἐζηλωκυῖαν
1295 4431 1394 4498 τὴν
1440 4432 1613 4502 αὐτήν
1646 4450 1730 4486 σοι
1780 4436 1897 4489 ὁδὸν

303 4509 430 4560 κατ’
463 4509 599 4563 ἰδίαν
631 4512 840 4581 μένειν,
872 4516 967 4568 καὶ
998 4517 1228 4581 πολλοὺς
1269 4517 1623 4587 ὠφελεῖσθαι.
1656 4522 1895 4579 Ἄτοπον
1923 4514 1977 4573 D

301 4597 417 4666 γάρ
443 4598 563 4650 ἐστι
591 4598 658 4651 δι’
696 4600 796 4670 ἐμὲ
837 4602 1181 4673 κρύπτεσθαι
1215 4621 1310 4658 σου
1362 4605 1463 4677 τὴν
1498 4610 1770 4681 τοσαύτην
1802 4615 1895 4667 καὶ

303 4682 566 4755 τοιαύτην
616 4686 821 4759 ἀρετὴν
868 4690 971 4759 τῆς
1005 4692 1345 4760 φιλοσοφίας,
1402 4697 1761 4752 συνοικοῦντά
1804 4718 1895 4770 μοι

220 4846 225 4851 η,
300 4772 392 4826 διά
416 4774 508 4827 τὸν
538 4775 743 4847 Κύριον
770 4780 827 4830 ἐν
854 4779 1068 4851 ἁγνείᾳ.
1112 4781 1171 4835 '0
1202 4782 1260 4835 δὲ
1298 4784 1703 4855 εὐχαριστήσας
1732 4789 1892 4860 αὑτῇ,

302 4867 399 4918 καὶ
430 4865 681 4931 δεδωκὼς
715 4868 873 4932 δόξαν
918 4870 994 4941 τῷ
1026 4870 1168 4939 Θεῷ,
1199 4872 1347 4941 λέγει
1380 4875 1554 4945 αὑτῇ·
1584 4876 1781 4941 Καλῶς
1813 4897 1894 4933 σοι

302 4951 503 5020 ἔδοξεν,
535 4957 702 5027 κυρία
728 4957 822 5012 καὶ
847 4957 1077 5028 ἀδελφή,
1118 4961 1229 5013 Καὶ
1260 4962 1309 5012 εί
1343 4960 1500 5014 τοῦτό
1532 4980 1615 5016 σοι
1645 4965 1890 5036 ἀρέσκει,

305 5037 397 5107 ἔχε
422 5041 484 5092 σὺ
516 5042 708 5096 τοῦτον
740 5045 831 5097 τὸν
857 5041 1026 5111 οἷκον,
1052 5048 1165 5115 ἐγὼ
1193 5046 1249 5098 δέ
1281 5048 1535 5103 ἀπελθὼν
1557 5054 1769 5123 ποιήσω
1802 5074 1893 5125 μοι

304 5125 495 5193 ἕτερον
525 5126 696 5185 οἰκον.
731 5133 842 5185 Καὶ
874 5130 1110 5195 ἐξελθὼν
1141 5136 1238 5187 ἀπ’
1266 5136 1438 5206 αὐτῆς
1462 5138 1715 5209 εἰσῆλθεν
1747 5145 1892 5197 ἐνδό-

302 5229 464 5285 τερον
482 5217 575 5271 τοῦ
606 5221 707 5292 τῆς
739 5222 973 5293 Νιτρίας
996 5222 1177 5291 ὅρους,
1205 5224 1371 5278 Οὔπω
1393 5227 1501 5299 γάρ
1533 5223 1601 5300 ἦν
1623 5233 1739 5285 ἐκεῖ
1767 5235 1890 5287 τότε

304 5307 502 5376 συνεχῆ
566 5311 931 5381 μοναστήρια.
982 5312 1275 5383 Οἰκοδομεῖ
1330 5314 1509 5389 ἐαυτῷ
1543 5318 1639 5371 δύο
1700 5321 1890 5388 θόλους

302 5393 554 5462 κελλίων,
584 5398 680 5451 καὶ
710 5398 911 5469 βιώσας
953 5400 1092 5455 ἄλλα
1136 5404 1307 5456 είκοσι
1356 5409 1451 5459 καὶ
1490 5408 1585 5461 δύο
1606 5410 1698 5483 ἔτη
1729 5416 1788 5467 ἐν
1820 5418 1888 5487 τῇ

1591 376 1953 447 HISTORIA
1992 368 2405 455 LAUSIACA."

3475 400 3613 468 1025
3658 365 3666 379 ’

1956 506 2005 565 Α
2101 522 2283 575 Μόνου
2323 523 2418 578 οῦν
2456 522 2623 578 αὑτοῦ
2670 527 2727 580 ἐν
2775 530 2899 592 ταῖς
2944 529 3200 601 Νιτρίαις
3243 532 3606 606 ὑπάρχοντος,

2026 607 2284 678 φέρουσιν
2307 612 2474 666 παῖδα
2508 610 2795 667 λυσσῶντα
2825 616 2962 685 πρὸς
2994 618 3181 685 αὑτὸν,
3207 619 3434 673 ἁλύσεσι
3460 621 3607 674 δεδεο

2028 695 2191 763 μένον
2211 712 2224 725 ·
2254 696 2464 751 λυσσῶν
2492 700 2600 771 γὰρ
2637 701 2803 771 δήξας
2828 702 2994 769 κύων,
3042 706 3236 777 ἐκείνῳ
3270 710 3369 777 τὴν
3404 708 3607 763 λύσσαν

2030 781 2358 866 μετέδωκεν.
2410 786 2789 857 Ἐσπάρασσεν
2811 786 2905 843 οὖν
2938 791 3131 845 ἑαυτὸν
3154 793 3294 860 ὅλον,
3317 796 3606 866 ἀφορήτικς

2023 863 2162 935 ἔχων
2188 869 2249 920 τὸ
2283 868 2476 934 πάθος.
2519 868 2606 936 Ὧς
2634 873 2765 942 γοῦν
2796 875 2903 928 ίδεν
2923 877 3089 929 αὑτοῦ
3108 880 3234 943 τοὺς
3268 884 3445 949 γονεῖς
3468 883 3608 953 πρὸς

2022 951 2123 1021 τὴν
2178 955 2388 1039 ἱκεσίαν
2434 959 2773 1030 χωροῦντας,
2804 963 2869 1014 Τί
2914 980 3003 1033 μοι
3053 966 3256 1029 κόπους
3310 951 3603 1039 παρέχετε,

2024 1042 2210 1109 φησὶν,
2243 1037 2289 1097 ὦ
2312 1044 2612 1116 ἄνθρωποι,
2642 1048 2709 1100 τὰ
2737 1049 2881 1120 ὑπὲρ
2913 1052 3014 1120 τὴν
3052 1053 3192 1123 ἐμὴν
3224 1054 3381 1119 ἀξίαν
3413 1037 3608 1125 ἐπιζη-

2021 1128 2240 1194 τοῦντες
2261 1172 2275 1197 ,
2307 1131 2524 1201 ἔχοντες
2561 1130 2655 1188 οὖν
2687 1138 2744 1190 ἐν
2772 1139 2929 1208 χερσὶ
2970 1140 3030 1192 τὸ
3066 1139 3351 1212 βοήθημα;
3379 1144 3605 1197 ἀπόδοτε

2022 1214 2130 1285 γὰρ
2155 1218 2219 1286 τῇ
2256 1219 2401 1289 χήρᾳ
2426 1219 2518 1273 τὸν
2547 1220 2677 1291 βοῦν
2698 1222 2759 1275 ὃν
2791 1222 3067 1293 λαθραίως
3094 1227 3484 1293 ἀπεκτείνατε,
3512 1232 3608 1283 καὶ

2023 1301 2184 1373 ὑγιὴς
2212 1304 2340 1373 ὑμῖν
2364 1307 2394 1358 6
2421 1310 2551 1371 παῖς
2577 1309 2993 1381 ἀποδοθήσεται.
3037 1314 3099 1366 Ol
3138 1314 3194 1368 δὲ
3224 1314 3302 1379 ὡς
3340 1316 3608 1389 ἠλέγχθη-

2023 1406 2142 1455 σαν,
2179 1391 2465 1462 χαίροντες
2489 1398 2710 1451 ἐποίουν
2730 1402 2799 1452 τὰ
2826 1400 3265 1473 προσταχθέντα,
3297 1403 3393 1456 τοῦ
3418 1405 3607 1468 παιδὸς

2021 1477 2345 1545 ὑγιάναντος
2373 1482 2676 1553 εὐξαμένου
2707 1487 2894 1542 αὑτοῦ.

2042 1630 2057 1642 υ
2096 1567 2279 1619 ’Ἄλλοι
2312 1569 2368 1621 δὲ
2398 1573 2655 1642 παρῆσαν
2682 1576 2819 1643 πρὸς
2851 1576 3015 1629 αὑτὸν
3036 1578 3383 1647 ἐπισκέψεως
3405 1580 3571 1634 ἕνεκα
3590 1593 3602 1608 ’

2022 1653 2161 1722 πρὸς
2190 1652 2290 1716 οὓς
2317 1654 2631 1727 δοκιμάζων
2658 1659 2758 1731 τὴν
2784 1662 3015 1733 γνώμην
3042 1664 3225 1717 αὑτῶν
3257 1667 3285 1717 6
3318 1666 3457 1735 ἀνὴρ
3488 1666 3606 1718 ἐλε-

2020 1757 2117 1808 γεν
2141 1756 2154 1771 ·
2185 1742 2350 1797 Πίθον
2388 1764 2478 1817 μοι
2505 1748 2600 1801 ἕνα
2627 1751 2916 1818 κομίσατε,
2953 1752 3042 1804 ἵνα
3082 1752 3192 1822 ἔχω
3225 1752 3369 1824 ὑδωρ
3421 1753 3608 1808 ἰκανὸν

1946 1832 1992 1891 Β
2022 1828 2158 1899 πρὸς
2196 1833 2465 1904 ὑποδοχὴν
2497 1834 2607 1887 τῶν
2637 1836 2973 1906 ἐρχομένων.
3011 1840 3073 1890 Οἱ
3102 1839 3161 1892 δὲ
3203 1840 3501 1910 ὑπέσχοντο
3537 1842 3607 1893 δι’

2020 1919 2201 1972 αὑτῶν
2234 1922 2499 1989 ἐνεγκεῖν.
2535 1924 2951 1995 Μεταμεληθεὶς
2984 1926 3040 1977 δὲ
3067 1928 3096 1979 6
3137 1927 3325 1994 ἕτερος
3356 1946 3606 1998 παραγε-

2019 2006 2247 2075 νόμενος
2279 2009 2361 2071 είς
2390 2009 2489 2080 τὴν
2524 2009 2743 2080 κώμην,
2772 2010 2922 2080 λέγει
2976 2012 3053 2082 τῷ
3084 2013 3289 2084 ἐτέρῳο
3320 2017 3436 2067 υὺκ
3465 2016 3603 2067 ἀπο-

2017 2094 2195 2148 κτενῶ
2228 2112 2332 2166 μου
2381 2097 2479 2168 τὴν
2526 2099 2795 2168 κάμηλον,
2845 2100 2966 2152 οὑδέ
3006 2100 3291 2171 ἐπιτίθημι
3322 2101 3413 2154 τὸν
3448 2103 3606 2156 πίθον

2020 2183 2109 2234 ἐπ’
2144 2182 2336 2254 αὑτὴν,
2369 2184 2457 2237 ἵνα
2492 2186 2567 2255 μὴ
2613 2186 2885 2257 ἀποθάνῃ.
2940 2187 3208 2251 ’Λκούσας
3260 2188 3317 2241 δέ
3372 2189 3545 2243 ταῦτα
3576 2194 3605 2244 6

2016 2269 2197 2335 ἀλλος,
2230 2273 2331 2335 τὰς
2369 2274 2580 2336 οἰκείας
2611 2273 2913 2340 ὑποζεύξας
2942 2275 3120 2341 ὅνους,
3149 2276 3333 2346 πολλῷ
3371 2279 3605 2349 καμάτῳ

2014 2355 2106 2409 τὸν
2145 2358 2302 2411 πίθον
2335 2359 2669 2429 ἀπήνεγκεν.
2723 2360 3018 2431 Προλαϐὼν
3061 2363 3119 2416 δὲ
3149 2363 3312 2415 αὑτὸν
3336 2365 3364 2416 6
3403 2364 3604 2433 Ἀμοῦν

2015 2441 2169 2496 εἶπεν
2195 2459 2209 2473 ⁶
2237 2445 2302 2497 Τί
2334 2446 2417 2498 ὅτι
2466 2448 2498 2516 ἡ
2537 2447 2785 2517 κάμηλος
2821 2448 2915 2500 τοῦ
2954 2448 3144 2518 ἐτέρου
3187 2465 3280 2501 σου
3313 2450 3599 2518 τέθνηκεν,

2014 2531 2118 2595 ἕως
2155 2532 2278 2585 ὅτου
2304 2532 2367 2584 σὺ
2404 2533 2639 2588 ἐνταῦθα
2681 2535 3104 2605 παραγέγονας;
3152 2536 3209 2589 '0
3240 2537 3297 2590 δὲ
3332 2539 3600 2609 ὑποστρέ-

2012 2621 2145 2689 ψας,
2178 2616 2336 2691 εῦρεν
2356 2622 2528 2695 αὐτὴν
2551 2624 2659 2678 ἀπὸ
2697 2624 2879 2679 λύκων
2910 2624 3290 2697 βεϐρωμένην.
3335 2627 3514 2683 Πολλά
3537 2646 3598 2681 τε

2013 2708 2113 2763 καὶ⁵
2136 2708 2272 2764 ἄλλα
2298 2711 2326 2761 6
2353 2711 2495 2782 ἀνὴρ
2521 2711 2871 2783 διεπράξατο.

2082 2796 2286 2851 Τούτου
2316 2799 2501 2869 θαῦμα
2529 2801 2832 2871 διηγήσατο
2859 2802 2887 2854 6
2911 2801 3185 2872 μακάριος
3227 2801 3544 2866 ’Δθανάσιος
3571 2806 3601 2857 6

2011 2884 2311 2949 ἐπίσκοπος
2386 2887 2827 2957 Ἀλεξανδρείας,
2910 2888 3130 2959 γράψας
3185 2891 3266 2953 εἰς
3315 2890 3408 2943 τὸν
3468 2892 3597 2962 περὶ

2024 2972 2312 3027 ’Δντωνίου
2348 2972 2486 3043 βίον,
2518 2976 2711 3045 ὄτιπέρ
2739 2992 2871 3028 ποτε
2894 2976 3143 3047 μοναχῶν
3175 2976 3598 3031 ἀποσταλέντων

2011 3062 2163 3132 παρά
2206 3063 2495 3117 Ἀντωνίου
2531 3064 2671 3133 πρὸς
2703 3064 2888 3129 αὑτὸν,
2936 3065 3032 3118 καὶ
3067 3065 3379 3134 φωνοῦντες
3411 3066 3594 3121 αὐτόν.

1930 3169 1972 3228 α
2009 3145 2118 3203 Ἦν
2139 3149 2247 3219 γάρ
2279 3151 2339 3204 ἐν
2364 3153 2430 3222 τῇ
2482 3151 2732 3221 ἐσωτέρα
2768 3152 2964 3223 ἐρήμῳ
2986 3153 3013 3204 6
3056 3152 3363 3218 Ἀντώνιος.
3417 3152 3506 3216 Ὦς
3539 3154 3598 3208 δὲ

2008 3239 2246 3293 ἀπίεσαν
2281 3239 2419 3310 πρὸς
2452 3240 2635 3306 αὑτὸν,
2670 3242 2908 3303 ἀναστάς
2934 3242 2962 3293 6
2990 3241 3170 3312 γέρων
3203 3242 3597 3312 συνεπορεύετο

2008 3330 2193 3391 αὐτοῖς
2222 3343 2236 3357 ο
2289 3330 2372 3381 ὅτι
2403 3327 2781 3399 παρέρχεσθαι
2829 3345 2960 3381 ποτε
3033 3329 3244 3400 μέλλων
3279 3330 3372 3383 τὸν
3418 3331 3597 3383 Λύκον

2009 3417 2255 3484 ποταμὸν
2300 3418 2416 3487 ἄμα
2464 3417 2726 3487 Θεοηίώρῳ
2789 3418 3007 3489 μαθητῇ
3060 3418 3251 3485 αὑτοῦ,
3314 3417 3598 3471 εὐλαϐεῖτο

2008 3503 2403 3569 ἀποδύσασθαι,
2430 3504 2518 3555 ἵνα
2549 3505 2622 3573 μὴ
2647 3504 2854 3573 γυμνὸν
2881 3505 3074 3557 ἐαυτὸν
3110 3505 3195 3576 ἴδῃ
3221 3506 3374 3560 ποτέ.
3406 3508 3514 3559 Καὶ
3537 3508 3595 3558 ἐν

2007 3593 2084 3663 τῷ
2105 3594 2388 3665 διαπορεῖν
2409 3594 2572 3645 αὑτὸν
2594 3594 2673 3657 εἰς
2700 3594 2760 3645 τὸ
2782 3592 2956 3663 πέραν
2981 3593 3181 3664 εὑρέθη
3205 3594 3297 3646 τοῦ
3320 3594 3594 3664 ποταμοῦ,

2008 3684 2081 3743 ὡς
2115 3684 2172 3735 ἐν
2202 3682 2458 3735 ἐκστάσει
2488 3682 2736 3751 περάσας
2773 3683 2896 3753 δίχα
2940 3684 3189 3755 πορθμοῦ
3217 3686 3320 3738 ὑπὸ
3343 3687 3594 3754 ἀγγέλων

2010 3770 2378 3838 μετενεχθείς.
2410 3772 2473 3823 Οἰ
2502 3771 2558 3823 δὲ
2590 3771 2813 3840 ἀδελφοὶ
2842 3772 3102 3843 κολύμϐῳ
3128 3774 3590 3845 διεπόρθμευσαν.

2017 3856 2106 3920 Ὠς
2136 3858 2191 3909 δὲ
2218 3845 2553 3929 παρεγένετο
2576 3859 2712 3929 πρὸς
2753 3860 3058 3923 Ἄντώνιον,
3084 3862 3299 3931 πρῶτος
3325 3862 3353 3913 6
3392 3862 3593 3915 Ἀντώο

2005 3963 2117 4008 νιος
2141 3944 2293 4001 εἶπεν
2325 3948 2461 4018 πρὸς
2501 3948 2686 4002 αὐτόν·
2714 3948 2821 4002 Τοῦ
2848 3948 2983 4001 Θεοῦ
3019 3950 3472 4019 ἀποκαλυψαντός
3500 3969 3591 4021 μοι

2005 4034 2176 4087 πολλὰ
2217 4037 2347 4105 περὶ
2383 4035 2501 4103 σοῦ,
2533 4040 2627 4089 καὶ
2656 4037 2756 4105 τὴν
2809 4038 3101 4105 μετάθεσίν
3126 4054 3218 4090 σου
3248 4039 3591 4109 δηλώσαντος

2008 4140 2122 4193 μοι,
2155 4124 2472 4192 ἀναγκαίως
2514 4142 2575 4178 σε
2610 4126 2750 4195 πρὸς
2781 4126 3023 4195 ἐμαυτὸν
3069 4130 3587 4199 προσεκαλεσάμην,

2006 4212 2095 4264 ἵνα
2121 4212 2369 4281 ἀλλήλων
2397 4213 2829 4279 ἀπολαύσαντες,
2865 4216 3005 4284 ὑπὲρ
3041 4215 3287 4284 ἀλλήλων
3318 4219 3590 4287 πρεσϐεύ-

2006 4315 2211 4367 σωμεν.
2252 4299 2431 4361 Τάξας
2463 4300 2506 4351 δ’
2551 4301 2713 4352 αὑτὸν
2759 4303 2817 4353 ἐν
2858 4302 3009 4372 τόπῳ
3053 4305 3160 4355 τινὶ
3190 4306 3588 4377 κεχωρισμένῳ

2005 4389 2245 4457 μακρὰν,
2292 4390 2368 4458 μὴ
2424 4390 2729 4459 ἀναχωρεῖν
2767 4390 2977 4443 ἐκεῖθεν
3010 4393 3176 4461 μέχρι
3216 4395 3314 4462 τῆς
3350 4394 3585 4464 μεταθὲο

2005 4492 2143 4539 σεως
2169 4476 2568 4547 προετρέψατο.
2595 4479 2991 4543 Τελειωθέντος
3030 4481 3089 4533 δὲ
3117 4482 3283 4535 αὑτοῦ
3315 4485 3456 4537 κατά
3490 4488 3587 4555 μοι·

2001 4582 2117 4631 νας,
2162 4568 2269 4621 ῐδεν
2310 4570 2476 4621 αὑτοῦ
2521 4572 2618 4640 τὴν
2644 4570 2823 4639 ψυχὴν
2862 4569 2891 4620 6
2934 4570 3221 4635 Ἀντώνιος
3261 4572 3585 4643 ἀναλαμϐα-

1999 4657 2232 4727 νομένην
2263 4659 2345 4721 εἰς
2390 4659 2480 4711 τὸν
2510 4659 2738 4729 οὐρανὸν
2768 4660 2873 4712 ὑπο
2912 4661 3182 4730 ἀγγέλων.
3226 4656 3396 4726 Οὗτός
3435 4665 3585 4717 ἐστιν

1998 4750 2026 4798 6
2063 4745 2283 4815 Ἀμοῦν,
2321 4748 2349 4798 6
2398 4744 2573 4808 οὑτως
2611 4746 2834 4819 βιώσας,
2869 4749 2966 4802 καὶ
3010 4748 3185 4812 οὑτως
3226 4750 3581 4821 τελευτήσας,

1997 4836 2074 4899 ὡς
2120 4837 2213 4889 τὸν
2256 4837 2525 4907 μακάριον
2566 4837 2855 4891 Ἀντώνιον
2903 4838 2999 4909 τὴν
3032 4840 3210 4911 ψυχὴν
3245 4842 3411 4895 αὑτοῦ
3454 4843 3584 4896 ἰδεῖν

1997 4927 2102 4980 ὑπὸ
2151 4929 2404 4997 ἀγγέλων
2452 4931 2799 5002 ἀναγομένην
2832 4934 2911 4994 εἰς
2947 4936 3037 4984 τὸν
3087 4932 3339 5002 οὐρανόν.
3380 4934 3584 4987 Τοῦτον

1992 5016 2086 5069 τὸν
2120 5017 2298 5071 Λύκον
2340 5020 2586 5087 ποταμὸν
2619 5020 2759 5088 μετά
2797 5018 3000 5081 δειλίας
3032 5017 3151 5089 ,ἐγὼ
3175 5021 3409 5091 πορθμῷ
3435 5041 3582 5093 παρη

1994 5106 2156 5177 ῇλθόν
2181 5120 2336 5161 ποτε.
2363 5106 2575 5176 Διώρυξ
2604 5106 2711 5177 γάρ
2745 5108 2860 5159 ἐστι
2885 5107 2979 5160 τοῦ
3005 5108 3247 5177 μεγάλου
3290 5110 3497 5169 Νείλου.

2587 5213 2838 5265 ΚΕΦΑΛ.
2898 5213 2973 5266 9’.

2456 5315 2600 5381 Βίος
2637 5316 2744 5369 τοῦ
2782 5315 2934 5372 ἀϐϐᾶ
2968 5319 3093 5386 "Op.

2077 5425 2164 5478 Ἐν
2190 5424 2271 5494 τῷ
2299 5425 2416 5496 ὄρει
2446 5424 2622 5495 τούτῳ
2650 5425 2746 5495 τῆς
2774 5425 3006 5497 Νιτρίας
3035 5427 3262 5496 γέγονεν
3303 5427 3444 5494 ἀνήρ
3487 5436 3579 5488 τις

301 5482 519 5588 ἐρήμιῳ,
544 5487 640 5588 καὶ
669 5490 1023 5588 κατορθώσας
1044 5493 1124 5588 εἰς
1152 5492 1321 5588 ἄκρον
1348 5494 1445 5588 τὴν
1470 5496 1571 5565 τῆς
1598 5482 1890 5572 ἀσκήσεωξ
1994 5482 2506 5583 θαυμάσιοςίάϐϐοἶ
2550 5482 2653 5587 “dp
2687 5482 2860 5586 δνομα
2884 5482 3003 5588 βοΞ
3035 5482 3207 5585 άὺτῷ,
3236 5482 3435 5583 Πατὴῷ
3470 5482 3571 5583 go:

301 5574 531 5679 άρετὴν,
575 5579 634 5679 ἐν
669 5580 746 5679 τις)
780 5583 1005 5679 μονήρει
1041 5583 1155 5679 *βίῳ
1182 5584 1506 5679 ,ἐτελεύτησε
1546 5605 1559 5619 ·
1597 5594 1790 5661 μᾶλλον
1830 5596 1887 5649 δὲ
1993 5574 2253 5679 νάςέχων
2279 5574 2523 5677 ἀδελφῶν
2546 5574 2755 5677 χιίίων,
2783 5574 3228 5678 ’σχῆὶμαιὲχοντας
3259 5574 3571 5673 ἀγγελικὺν,

302 5663 574 5769 ἐκοιμήθη
612 5670 640 5721 6
692 5668 846 5737 ἅγιος
903 5672 1103 5742 Ἀμοῦν
1126 5713 1141 5737 ,
1176 5678 1311 5732 ἐτῶν
1347 5680 1607 5751 ἐξήκοντα
1646 5686 1756 5757 δύο,
1808 5691 1888 5754 δίς
1990 5663 2314 5767 ἐνενήκοντα
2346 5663 2440 5769 ἔτη
2471 5663 2911 5768 ποῦὺπάρχωτν,ι
2932 5698 3029 5749 οὑκ
3058 5694 3363 5749 ἀπεϐάλετο
3387 5696 3449 5748 ἐκ
3479 5686 3574 5747 τοῦ

300 5752 395 5807 οῧτ
426 5754 579 5820 ἔτους
612 5760 754 5830 ὁρῶν
790 5762 889 5833 τὴν
919 5768 1199 5836 μακαρίαν
1226 5772 1455 5841 σύμϐιον
1485 5779 1672 5835 αὑτοῦ.
1992 5752 2233 5857 πλήθους
2277 5787 2370 5839 τοῦ
2417 5752 2690 5858 ύώματος,
2736 5785 2984 5855 λαμπρὸς
3034 5786 3175 5851 ἄγαν
3211 5784 3303 5837 καὶ
3351 5781 3572 5853 φαιδρὺε

623 5858 893 5919 Ριιτηοι..
945 5864 1060 5925 Gn.
1108 5866 1378 5935 XXXIV.

3090 5878 3163 5939 33
