4020 6408
466 338 603 406 1027

1920 336 2274 399 PALLADII

3621 343 3643 406 1
3656 336 3760 408 098

460 454 537 523 τῷ
568 451 869 524 προσώπῳ,
902 454 979 517 ὡς
1005 451 1100 509 καί
1129 452 1408 526 ὁρώμενον
1442 451 1623 523 μόνον.
1651 450 2042 515 δυσωπήσιμον
2071 447 2121 505 Α
2146 448 2330 513 αὑτὸν,
2370 449 2466 503 καὶ
2485 449 2553 504 τά
2581 450 2774 521 ἰμάτια
2800 450 2966 507 αὐτοῦ
2988 452 3469 526 ἀποκρυψάμενον,
3502 456 3740 525 ἐλέγξας

460 540 601 598 εἶναι
625 543 717 596 :6v
758 543 947 613 ἄνδρα.
997 537 1167 607 06:0;
1197 543 1368 596 πολλά
1400 542 1669 614 πρότερον
1694 539 1818 594 καθ’
1853 539 2047 593 ἐαυτὸν

461 632 708 699 ἀσκήσας
732 633 789 684 ἐν
830 634 897 702 τῇ
941 632 1137 703 ἐρήμῳ
1162 634 1229 702 τῇ
1258 630 1607 701 πορῤωτέρᾳ,
1636 627 1866 700 ὕστερον
1896 628 1954 679 ἐν
1983 628 2051 698 τῇ

461 718 691 791 πλησίον
741 719 935 791 ἐρήμῳ
966 718 1037 773 τά
1083 718 1424 789 μοναστήρια
1467 716 1886 787 συνεκρότησεν,
1932 714 2054 777 ἕλος

462 806 737 878 φυτεύσας
779 806 969 877 χερσὶν
1016 805 1279 871 οἰκείαις,
1328 803 1501 869 ξύλων
1531 803 1632 857 οὐκ
1675 804 1847 857 ὄντων
1890 803 1949 855 ἐν
1975 799 2054 871 τῷ

458 897 631 967 τόπῳ,
682 896 758 960 ὡς
799 893 934 962 ὓλην
978 890 1116 951 εἷναί
1164 911 1286 947 τινα
1341 894 1399 947 ἐν
1445 895 1513 964 τῇ
1565 892 1763 963 ἐρήμῳ
1812 890 2049 960 πυκνήν.

464 984 693 1052 Ἔλεγον
735 983 846 1054 γάρ
886 984 1022 1052 ἡμῖν
1059 983 1109 1036 οἰ
1154 980 1283 1051 περὶ
1308 980 1472 1035 αὐτὸν
1520 979 1785 1051 Πατέρες,
1810 979 1893 1033 ὅτι
1928 978 2053 1031 ούδέ

463 1069 696 1139 βλαστὸς
724 1065 793 1141 ἦν
816 1056 918 1123 ὧδέ
944 1085 1097 1135 ποτε,
1124 1068 1215 1121 ὅτε
1248 1069 1379 1137 πρὶν
1404 1068 1433 1120 ό
1462 1068 1602 1137 ἀνὴρ
1625 1068 1691 1121 ἐκ
1719 1067 1820 1138 τῆς
1842 1068 2051 1137 ἐρήμου

460 1161 799 1232 παρεγένετο
826 1176 842 1194 ·
883 1158 1181 1229 ἐφύτευσεν
1207 1158 1265 1211 δὲ
1307 1157 1471 1220 αὐτὸ,
1527 1156 1615 1210 ἵνα
1667 1158 1742 1226 μὴ
1795 1156 1885 1209 διά
1927 1173 2050 1209 τινα

458 1249 652 1319 χρείαν
681 1249 731 1302 οἰ
762 1247 1150 1318 συνερχόμενοι
1178 1246 1316 1315 πρὸς
1345 1244 1511 1298 αὐτὸν
1546 1244 1769 1311 ἀδελφοὶ
1800 1244 2048 1312 ἀναγκα-

461 1336 663 1390 σθῶσιν
727 1338 1051 1407 περιάγειν·
1113 1333 1253 1388 ἀλλά
1307 1333 1491 1387 πᾶσαν
1546 1332 1806 1400 πρόνοιαν
1867 1330 2051 1385 αὐτῶν

458 1424 714 1488 ἐποιεῖτο,
746 1423 1039 1491 εὐχόμενος
1064 1420 1144 1491 τῷ
1186 1419 1328 1491 Θεῷ,
1362 1421 1455 1473 καὶ
1475 1419 1618 1490 ὑπὲρ
1645 1419 1745 1489 τῆς
1775 1418 2051 1490 σωτηρίας

455 1514 636 1569 αὑτων
665 1513 1087 1583 ἀγωνιζόμενος,
1133 1514 1223 1567 ἵνα
1263 1514 1322 1565 ἐν
1367 1513 1559 1584 μηδενὶ
1602 1510 1899 1565 λείπωνται
1940 1510 2050 1563 τῶν

2156 537 2320 591 αὐτὸν
2350 538 2445 591 ἐπὶ
2476 538 2716 604 πάντων,
2748 541 2830 603 εἰς
2867 541 3032 610 μέσον
3063 542 3133 595 τά
3176 543 3293 613 εῖδη
3333 547 3753 615 προσήνεγκεν·

2156 625 2298 681 ὥστε
2328 629 2530 698 μηκέτι
2558 629 2770 701 τολμᾷν
2800 647 2924 685 τινα
2954 632 3048 685 ἐπὶ
3073 633 3240 687 αὐτοῦ
3262 633 3592 704 ψεύδεσθαι,
3627 652 3754 688 τοσ-

2155 714 2329 781 αύτην
2357 715 2521 786 χάριν
2549 717 2750 787 ἀρετῆς
2784 717 3023 788 ἔχοντος,
3062 718 3129 789 ἢν
3156 719 3243 773 διὰ
3272 723 3373 790 τῆς
3420 721 3633 793 πολλῆς
3662 722 3755 776 καὶ

2157 801 2329 871 καλῆς
2364 801 2643 865 πολιτείας
2685 803 2837 874 αὖτῷ
2876 805 3218 872 συνελέξατο.
3258 803 3368 861 Ἦν
3409 808 3469 861 δέ
3506 809 3645 863 ἰδεῖν
3693 809 3752 862 :6

2158 889 2361 958 πλῆθος
2389 888 2499 943 τῶν
2529 891 2627 943 σὺν
2658 890 2807 961 αὐτῷ
2850 893 3103 963 μοναχῶν
3130 894 3203 951 tv?
3227 896 3291 965 τῇ
3321 894 3603 966 ἐκκλησίᾳ
3628 936 3645 961 ,
3678 896 3752 960 ὡς

2155 977 2413 1047 ἀγγέλων
2444 981 2643 1050 χοροὺς
2674 980 2990 1047 ὑμνούντων
3022 982 3114 1033 :6v
3138 981 3291 1035 Θεόν.

2223 1060 2298 1136 Ὦ
2352 1066 2555 1136 πολλὴν
2603 1068 3053 1140 προσεμαρτύρει
3107 1070 3309 1139 ἀρετὴν
3362 1070 3517 1124 πᾶσα
3567 1070 3673 1139 μὲν
3719 1073 3751 1140 ἡ

2155 1154 2476 1227 ἀδελφότης,
2519 1156 2811 1226 ἐξαιρέτως
2842 1157 2900 1210 δὲ
2941 1159 2974 1226 ή
3021 1156 3307 1228 ἄνθρωπος
3334 1156 3429 1211 τοῦ
3455 1156 3605 1211 Θεοῦ
3639 1160 3754 1213 Με-

2154 1243 2313 1314 λάνη,
2347 1244 2455 1314 πρὸ
2501 1244 2637 1314 ἐμοῦ
2667 1242 2989 1297 εἰσελθοῦσα
3027 1245 3107 1306 εἰς
3132 1243 3291 1297 τοῦτο
3317 1244 3379 1297 :6
3410 1244 3564 1316 690;.
3609 1247 3752 1314 Ἐγὼ

2153 1332 2264 1403 γὰρ
2297 1332 2463 1385 αὐτὸν
2490 1332 2552 1385 οὐ
2586 1331 2889 1403 κατείληφα
2920 1332 3119 1397 ζῶντα.
3153 1332 3341 1387 Ταῦτα
3374 1333 3432 1387 δέ
3468 1334 3667 1403 ἔλεγεν
3696 1337 3752 1389 ἐν

2153 1422 2266 1481 τοῖς
2291 1418 2628 1491 διηγήμασιν
2649 1420 2963 1489 ἀνδραγαθή
2973 1436 3120 1487 ματα
3145 1420 3238 1473 τοῦ
3265 1420 3482 1491 ἀνδρὸς.
3508 1422 3599 1475 ὃτι
3630 1422 3749 1475 οὗτε

2153 1507 2422 1575 ἐψεύσατό
2456 1524 2609 1572 ποτε,
2638 1505 2761 1561 οὕτε
2794 1507 3009 1576 ὤμοσεν
3028 1546 3043 1571 ,
3069 1506 3193 1560 οὔτε
3222 1509 3581 1579 κατηράσατό
3609 1528 3748 1578 τινι,

420 1601 791 1677 ξάνάγκαίων,
822 1602 919 1655 καὶ
957 1603 1033 1671 μὴ
1063 1601 1340 1673 πρόφασις
1361 1601 1546 1663 αὐτοῖς
1579 1599 1853 1671 ῥᾳθυμίας
1883 1584 2059 1668 γένη-ἶ
2150 1597 2274 1652 οὔτε
2306 1597 2464 1661 ἐκτὸς
2491 1597 2680 1667 χρείας
2709 1596 2969 1667 ἐλάλησέν
2994 1596 3047 1649 τί
3085 1612 3239 1651 ποτε.

428 1691 543 1744 -ταί
569 1708 676 1754 τις.
724 1685 893 1753 06:0;
928 1692 985 1743 ἐν
1020 1692 1086 1759 τῇ
1130 1691 1326 1761 ἐρήμῳ
1364 1688 1585 1758 πρῶτον
1609 1686 1833 1755 διάγων,
1860 1686 2046 1755 ήσθιεν

417 1830 424 1838 ,
455 1776 555 1848 μὲν
589 1777 818 1848 βοτάνας
847 1778 943 1831 καὶ
969 1775 1126 1848 ῥίζας
1158 1776 1450 1843 γλυκείας,
1485 1774 1667 1827 ἔπινεν
1690 1773 1748 1827 δέ
1772 1776 1865 1827 καὶ
1900 1770 2047 1847 ὕδωρ
2076 1788 2124 1847 Β

452 1864 543 1919 ὅτε
572 1864 867 1935 ηὕρισκεν,
904 1865 962 1917 ἐν
1011 1865 1199 1931 εὐχαῖς
1226 1864 1319 1915 καὶ
1350 1861 1541 1931 ὕμνοις
1572 1860 1835 1914 διατελῶν
1868 1860 2050 1915 πάντα

452 1955 546 2007 τὸν
584 1953 800 2023 χρόνον.
863 1952 951 2015 Ὠς
992 1952 1049 2005 δὲ
1090 1951 1278 2005 λοιπὸν
1330 1952 1429 2022 τὴν
1461 1949 1679 2003 τελείαν
1723 1948 1816 2004 τοῦ
1861 1950 2052 2020 γήρως

456 2041 696 2110 ἔφθασεν
734 2040 975 2110 ήλικίαν,
1026 2040 1257 2109 ἄγγελος
1284 2039 1434 2109 αὐτῷ
1464 2038 1717 2109 φαίνεται
1758 2040 1882 2092 κατ’
1918 2038 2052 2109 όναρ

456 2130 515 2183 ἐν
554 2132 623 2201 τῇ
654 2130 870 2201 ἐρήμῳ,
914 2129 1112 2197 λέγων,
1162 2128 1243 2181 ὅτι
1286 2127 1432 2199 Ἔσῃ
1466 2127 1547 2189 εἰς
1574 2126 1726 2190 ἔθνος
1765 2125 1927 2195 μέγα,
1957 2127 2051 2178 καὶ

455 2218 627 2272 πολὺν
644 2216 775 2271 λαὸν
816 2215 1178 2286 πιστευθήσῃ,
1224 2214 1439 2269 ἔσονται
1464 2214 1520 2267 δὲ
1551 2215 1600 2267 οἰ
1631 2213 1933 2283 σωζόμενοι
1963 2213 2054 2267 διὰ

459 2304 556 2359 σοῦ
600 2304 837 2374 χιλιάδες
871 2303 1037 2356 δέκα·
1081 2302 1291 2373 οὕσπερ
1331 2303 1427 2356 ἐὰν
1482 2302 1715 2356 ἐνταῦθα
1756 2303 2049 2374 κερδήσῃς,

454 2390 730 2445 τοσούτων
760 2389 931 2459 ἄρξῃς
964 2391 1022 2442 ἐν
1049 2388 1127 2457 τῷ
1158 2388 1313 2441 αἰῶνι
1344 2386 1422 2456 τῷ
1446 2386 1711 2457 μέλλοντι.
1742 2386 1855 2441 Καὶ
1880 2387 2050 2457 μηδὲν

2772 1717 3023 1771 ΚΕΦᾹΛ.
3066 1717 3122 1771 I'.

2748 1827 2884 1896 Περὶ
2920 1828 3155 1897 Παμόὠ.

2225 1934 2429 1990 Τούτου
2480 1934 2575 1989 τοῦ
2619 1934 2779 2008 θρους
2812 1938 3029 2006 ἐγένετο
3077 1940 3340 2012 πάροικος
3391 1939 3421 1992 6
3465 1940 3741 2010 μακάριος

2156 2025 2396 2096 Παμϐὼ,
2432 2025 2754 2088 διδάσκαλος
2805 2028 3100 2099 Διοσκόρου
3137 2028 3227 2082 τοῦ
3280 2029 3622 2091 ἐπισκόπου,
3654 2030 3743 2082 καὶ

2169 2114 2507 2185 Ἀμμωνίου,
2556 2114 2653 2168 καὶ
2685 2115 2974 2181 Εύσεόίου,
3007 2117 3101 2170 καί
3142 2117 3417 2188 Εὑθυμίου
3444 2117 3561 2170 τῶν
3594 2118 3744 2172 ἀδελ-

2157 2203 2298 2274 φῶν,
2346 2204 2443 2256 καὶ
2481 2204 2792 2274 Ὦριγένους
2830 2204 2925 2258 τοῦ
2960 2204 3242 2275 ἀδελφιδοῦ
3283 2208 3615 2276 Δρακοντίου
3653 2207 3744 2260 ἀνι

2152 2293 2277 2364 696;
2302 2292 2516 2359 ἐνδόξου
2560 2292 2657 2345 καὶ
2692 2292 3031 2363 θαυμαστοῦ.
3068 2289 3239 2357 06:0;
3269 2296 3296 2347 6
3332 2293 3550 2363 Παμόὼ
3581 2294 3742 2349 πολλὰ

2158 2380 2257 2451 μὲν
2296 2379 2393 2433 καὶ
2442 2378 2655 2450 μεγάλα
2705 2376 2850 2450 εἶχεν
2890 2382 3361 2452 ἀνδραγαθήματα
3399 2381 3495 2434 καὶ
3548 2400 3740 2453 προτε-

454 2478 752 2542 διστάσεις,
774 2478 943 2547 φησὶν
961 2481 989 2531 6
1018 2477 1251 2545 ἄγγελος
1275 2477 1412 2546 πρὸς
1438 2476 1619 2530 αὐτόν.
1640 2476 1909 2529 Οὐδέποτε
1942 2473 2050 2547 γάρ
2139 2470 2381 2540 χρήματα
2402 2466 2631 2520 πλεῖστα
2646 2467 2741 2520 καί
2756 2467 3009 2539 διάφορα·
3034 2470 3091 2521 ἐν
3111 2463 3192 2531 οἷς
3207 2469 3477 2523 καὶτοῦτο
3492 2471 3661 2524 αὐτοῦ
3676 2466 3738 2538 ἦν

458 2583 543 2620 σοι
571 2566 747 2635 λείψει
779 2566 890 2620 τῶν
936 2566 1074 2638 πρὸς
1103 2566 1201 2636 τὴν
1235 2566 1451 2636 χρείαν,
1484 2565 1614 2636 ἄχρι
1653 2566 1752 2634 τῆς
1785 2564 2051 2635 τελευτῆς

458 2671 591 2719 σου,
634 2653 827 2715 ὁσάκις
868 2653 934 2706 ἂν
972 2653 1279 2725 ἐπικαλέσῃ
1322 2652 1416 2705 :6v
1456 2651 1613 2706 Θεόν.
1662 2650 1850 2705 Ταῦτα
1881 2652 2052 2706 ἀκούο

459 2758 592 2806 σας,
640 2742 735 2794 ἐπὶ
767 2742 867 2811 τὴν
900 2739 1127 2811 πλησίον
1156 2739 1367 2810 ἔρημον
1392 2738 1679 2810 ὥρμησεν,
1734 2740 2050 2810 καταμόνας

458 2828 678 2900 πρῶτον
707 2828 910 2896 διάγων
932 2845 945 2858 ·
993 2826 1252 2881 καλύὸιον
1283 2825 1392 2898 γάρ
1425 2826 1623 2897 μικρόν
1658 2844 1712 2880 τι
1739 2825 1918 2898 ἐαυτῷ
1951 2845 2051 2881 κα-

456 2915 807 2978 τασκευάσας
828 2956 842 2978 ,
872 2914 1128 2984 λαχάνοις
1159 2913 1436 2977 συνθέτοις
1476 2915 1637 2984 μόνον
1669 2914 2013 2985 ἀρκούμενος
2032 2954 2047 2979 ,

457 3002 720 3065 πολλάκις
748 3002 806 3055 δέ
833 3002 930 3055 καί¹
958 3002 1026 3055 δι’
1052 3001 1352 3071 ἑϐδομάδος
1389 3001 1558 3072 μόνης
1585 3003 2046 3074 μεταλαμόάνων,

2154 2556 2542 2625 πλεονέκτημα
2575 2556 2632 2607 ἐν
2662 2557 2775 2618 τοῖς
2809 2556 3066 2625 μεγάλοις
3096 2552 3260 2609 αὐτοῦ
3294 2556 3733 2628 κατορθώμασιν·

2153 2642 2412 2697 τοσοῦτον
2462 2640 2531 2715 ἦν
2570 2641 2889 2711 ὑπερόπτης
2922 2643 3149 2713 χρυσίου
3184 2644 3278 2696 καὶ
3304 2644 3593 2715 ἀργυρίου,
3622 2647 3735 2700 ὅσον

2155 2734 2357 2805 ἀπῄτει
2407 2734 2437 2785 6
2483 2730 2813 2795 Δεσποτικδς
2854 2730 3033 2798 λόγος.
3084 2732 3169 2785 Ἐν
3199 2726 3281 2796 οἷς
3312 2732 3554 2802 διηγεῖτό
3578 2752 3663 2805 μοι
3702 2735 3731 2804 ή

2155 2822 2405 2893 μακαρία
2453 2820 2697 2890 Μελάνη,
2731 2819 2813 2873 ὅτι
2852 2819 2943 2874 Ἐν
2973 2820 3169 2890 ἀρχαῖς
3210 2824 3622 2892 παραγινομένη
3661 2824 3734 2886 εἰς

2151 2914 2249 2984 τὴν
2293 2910 2704 2982 Ἀλεξάνδρειαν
2750 2908 2860 2963 ἀπὸ
2900 2909 3001 2980 τῆς
3041 2906 3259 2981 Ῥώμης
3282 2952 3295 2976 ,
3332 2912 3429 2964 καὶ
3460 2912 3728 2968 ἀκούσασα

2154 3000 2285 3070 περὶ
2338 3001 2437 3070 τῆς
2466 2997 2659 3053 τούτου
2701 2998 2937 3069 ἀρετῆς,
2990 2998 3086 3052 τοῦ
3135 3000 3405 3071 μακαρίου
3471 3001 3726 3072 Ἰσιδὼρου

455 3091 842 3184 ἀγράμματος.
864 3089 964 3158 μὲν
1013 3088 1091 3141 ὢν
1127 3088 1208 3184 ’τὸ
1238 3088 1457 3157 πρῶτον
1480 3128 1496 3153 ,
1530 3090 1720 3162 ἐπειδὴ
1760 3091 1816 3145 δέ
1855 3093 1919 3144 ἐκ
1951 3092 2051 3162 τῆς
2080 3132 2120 3184 C
2154 3090 2249 3144 :06
2302 3087 2683 3184 πρεσϐυτέρου
2727 3090 2823 3184 κμὶ
2869 3087 3153 3184 ξενοδόχου
3191 3089 3320 3160 περὶ
3350 3088 3513 3143 αὑτοῦ
3546 3107 3630 3161 μοι
3654 3090 3722 3142 δι-

454 3178 669 3249 ἐρήμου
693 3177 773 3240 εἰς
793 3176 890 3245 τὴν
915 3175 1242 3247 οἰκουμένην
1266 3177 1489 3247 ήρχετο,
1516 3180 1675 3248 χάρις
1697 3179 1845 3251 αὐτῷ
1867 3178 2051 3231 θεόθεν
2083 3174 2120 3184 ’⁸
2153 3178 2528 3249 ηγησαμένου,
2582 3175 2678 3228 καὶ
2720 3174 3089 3245 ὁδηγήσαντος
3116 3176 3254 3246 πρὸς
3312 3176 3474 3232 αὐτὸν
3524 3178 3601 3239 εἰς
3636 3176 3720 3241 τὴν

452 3263 679 3329 δίδοται,
717 3261 928 3325 καὶτὰς
952 3262 991 3314 Γ
998 3262 1177 3332 ραφὰς
1207 3263 1407 3330 ἔξωθεν
1430 3265 1820 3335 ἀπεστήθιζεν.
1842 3264 2052 3318 Ἐπιδο-

454 3350 642 3415 θέντος
675 3349 784 3421 γὰρ
818 3348 969 3419 αὐτῷ
992 3349 1201 3420 βιϐλίου
1237 3352 1387 3421 παρὰ
1417 3352 1527 3405 τῶν
1546 3352 1812 3422 ἀδελφῶν,
1846 3352 1922 3417 ὡς
1950 3352 2053 3423 ἔμυ-

454 3456 645 3510 πειρος
669 3438 781 3492 τῶν
811 3438 1183 3509 γραμμάτων,
1214 3439 1388 3504 οὕτως
1417 3440 1607 3494 λοιπόν
1655 3442 2048 3510 ἀνεγίνωσκεν.

454 3528 682 3598 Εἰλήφει
717 3528 777 3590 δὲ
816 3527 912 3581 καί.
950 3528 1146 3597 ἑτέραν
1189 3528 1383 3598 χάριν,
1430 3528 1530 3599 τὴν
1582 3529 1725 3583 κατά
1780 3530 2053 3600 δαιμόνων

455 3620 681 3673 ἐλασίαν
701 3634 714 3648 ⁸
747 3618 823 3682 ὡς
852 3617 1082 3680 πολλοὺς
1114 3618 1225 3671 τῶν
1259 3618 1584 3689 πασχόντων
1614 3621 1711 3672 καὶ
1742 3618 1818 3691 μὴ
1863 3620 2053 3691 βουλο⁴

457 3706 653 3779 μένους
695 3707 894 3770 αὐτοὺς
939 3708 1220 3777 παριστᾷν
1261 3705 1505 3776 βοῶντας
1545 3707 1713 3760 αὐτοῦ
1766 3709 1866 3780 τὴν
1902 3707 2055 3762 πολι-

451 3794 606 3849 τείαν
649 3813 662 3827 ·
715 3793 890 3857 ἰάσεις
933 3810 995 3846 τε
1024 3795 1122 3857 τὰς
1143 3793 1310 3858 ἄλλας
1337 3793 1606 3848 ἐπιτελῶν
1645 3795 1747 3848 οὐκ
1778 3796 2015 3850 ἐπαύετο
2037 3837 2053 3862 ,

454 3884 530 3948 ὡς
566 3882 902 3953 συναχθῆναι
934 3881 1072 3951 πρὸς
1114 3884 1280 3936 αὑτὸν
1314 3884 1588 3953 μοναχοὺς
1617 3888 1766 3955 τρεῖς
1786 3884 2052 3955 χιλιάδας.

466 3970 614 4026 Ἰδὼν
664 3971 707 4024 δ’
755 3970 908 4041 ἡμᾶς
959 3971 989 4022 6
1032 3970 1173 4040 ἀνὴρ
1202 4010 1216 4033 ,
1261 3971 1357 4023 καὶ
1395 3972 1703 4043 περιχαρής
1738 3973 2053 4044 γενόμενος,

454 4058 745 4129 ἠσπάσατο
784 4056 880 4111 καὶ
915 4056 1344 4127 περιεπτύξατο.
1397 4057 1579 4127 Νίψας
1616 4059 1673 4111 δέ
1704 4062 1832 4123 τοὺς
1884 4062 2055 4126 πόδας

454 4146 614 4216 ἡμῶν
650 4145 840 4216 χερσὶν
894 4145 1149 4207 οἰκείαις,
1182 4144 1322 4213 πρὸς
1366 4145 1724 4198 διδασκαλίαν
1767 4147 2052 4217 ἐτρέπετο.

460 4235 763 4307 Ἔμπειρος
786 4234 896 4305 γὰρ
921 4230 987 4304 ἦν
1007 4233 1129 4287 λίαν
1153 4232 1262 4285 τῶν
1280 4234 1534 4302 Γραφῶν,
1563 4233 1748 4287 θεόθεν
1771 4236 1871 4306 τὴν
1894 4236 2056 4306 χάριν

456 4322 661 4392 ταύτην
702 4321 1020 4392 δεξάμενος.
1075 4320 1256 4373 Πολλά
1309 4321 1368 4374 δὲ
1406 4320 1516 4376 τῶν
1578 4321 1815 4393 Γραφῶν
1885 4324 2057 4388 λύσας

455 4411 590 4480 ἡμῖν
624 4410 920 4477 κεφάλαια,
962 4411 1057 4462 καὶ
1085 4410 1184 4480 τὴν
1217 4408 1500 4481 όρθόδοξον
1530 4409 1716 4464 πίστιν
1750 4400 2049 4483 παραδούς,

455 4499 551 4552 ἐπὶ
574 4498 674 4561 τὰς
697 4498 862 4567 εύχάς
890 4500 1285 4570 προετρέπετο.
1317 4498 1476 4561 Ἐθος
1495 4498 1603 4568 γὰρ
1626 4502 1737 4562 τοῖς
1770 4502 2049 4571 μεγάλοις,

459 4586 535 4656 μὴ
571 4585 857 4655 προΐεσθαι
889 4602 942 4638 τι
974 4585 1074 4656 τῆς
1103 4587 1307 4656 σαρκὸς
1328 4627 1341 4650 ,
1379 4588 1508 4655 πρὶν
1544 4586 1642 4657 τὴν
1669 4593 2052 4663 πνευματικὴν

454 4674 668 4745 τροφὴν
687 4677 753 4745 τῇ
781 4675 928 4747 ψυχῇ
960 4675 1334 4746 παραδοῦναι·
1372 4676 1513 4747 αῦτη
1541 4677 1597 4731 δέ
1622 4681 1771 4733 ἐστιν
1796 4680 1890 4733 τοῦ
1913 4682 2050 4751 Χρι-

458 4763 588 4816 στοῦ
632 4764 911 4817 κοινωνία.
953 4763 1373 4828 Μεταλαϐόντες
1409 4765 1502 4819 οῦν
1522 4767 1728 4837 ταύτης
1767 4769 1861 4823 καὶ
1884 4771 2051 4839 εὐχα-

457 4854 838 4923 ριστήσαντες,
892 4853 983 4905 ἐπὶ
1030 4854 1128 4921 τὴν
1161 4854 1443 4926 τράπεζαν
1484 4857 1861 4927 προετρέπετο
1893 4853 2051 4921 αὖθις

456 4944 625 5013 ἡμᾶς,
663 4944 824 5006 αὐτὸς
854 4945 941 4997 ἀεὶ
963 4945 1072 4997 τῶν
1101 4945 1407 4999 σπουδαίων
1432 4947 1892 5018 ὑπομιμνήσκων,
1918 4950 2051 5002 καθο

454 5034 660 5102 ήμενος
719 5033 816 5086 καὶ
859 5033 1035 5103 λέγων
1074 5035 1209 5105 ἡμῖν
1263 5035 1331 5089 τὰ
1384 5035 1521 5102 πρὸς
1573 5036 1876 5106 σωτηρίαν.
1941 5031 2051 5092 Ἦν

458 5121 590 5190 γοῦν
619 5123 861 5186 τοιοῦτος
896 5126 924 5176 6
949 5125 1089 5193 ἀνὴρ
1123 5124 1368 5189 ἐπίδοξος
1397 5126 1453 5177 ἐν
1480 5124 1697 5189 πολλοῖς
1728 5126 2010 5197 Πατράσιν
2030 5145 2047 5161 ·

453 5210 529 5276 ῶς
569 5209 784 5263 πολλῶν
834 5211 1090 5281 μοναχῶν
1132 5213 1269 5282 πρὸς
1291 5212 1454 5265 αὐτὸν
1480 5212 1814 5283 ἐρχομένων,
1840 5214 2049 5278 πάντας

456 5300 586 5361 τοὺς
663 5298 943 5369 παρόντας
1002 5299 1270 5368 ἀδελφοὺς
1316 5300 1785 5371 συγκαλούμενον,
1829 5302 1889 5355 ἐιν
1948 5305 2051 5376 μιᾷ

452 5387 639 5459 ἡμέρα
667 5386 738 5439 τὰ
773 5387 961 5439 κελλία
996 5388 1181 5451 αὐτοῖς
1211 5391 1411 5452 ποιεῖν,
1447 5389 1541 5441 τοῦ
1575 5389 1675 5459 μὲν
1718 5391 1892 5460 πηλὸν
1922 5394 2045 5445 ἐπιο

452 5473 719 5541 διδόντος,
750 5474 845 5527 τοῦ
874 5474 930 5526 δὲ
960 5475 1200 5537 πλίνθον,
1245 5475 1407 5529 ἄλλου
1443 5476 1498 5529 δέ
1528 5476 1672 5549 ὕδωρ
1702 5479 2043 5545 ἀντλοῦντος,

452 5561 615 5615 ἄλλου
658 5564 715 5616 δὲ
761 5562 895 5629 ξύλα
948 5564 1264 5627 κόπτοντος.
1300 5565 1412 5618 Καὶ
1448 5566 1923 5622 ἀποτελεσθέντων
1948 5569 2047 5622 αύ-

451 5651 565 5712 τοῖς
608 5651 718 5703 τῶν
765 5650 1009 5718 κελλίων,
1052 5653 1215 5716 αὐτὸς
1261 5655 1362 5717 τὰς
1413 5655 1603 5725 χρείας
1644 5657 1879 5726 ἐπήρκει
1930 5661 2044 5720 τοῖς

453 5738 793 5805 ἐρχομένοις.
842 5733 1011 5804 Οὗτος
1056 5740 1420 5811 ψευδάδελφόν
1473 5761 1604 5797 ποτε
1637 5744 1862 5798 ἐλθόντα
1907 5748 2044 5815 πρὸς

2154 3266 2382 3336 ἔρημον,
2429 3265 2514 3318 ὅτι
2543 3263 2902 3336 προσήνεγκα
2932 3262 3082 3334 αύτῷ
3114 3263 3483 3335 ἀργενταρίαν
3523 3280 3715 3336 τριακοο

2120 3358 2123 3365 ’
2156 3358 2289 3409 σίων
2330 3352 2532 3423 λιτρῶν
2562 3351 2832 3424 ἀργύρου,
2865 3352 3303 3423 παρακαλέσασα
3339 3350 3500 3406 αὐτὸν
3532 3354 3586 3404 ἐκ
3612 3352 3707 3403 τῶν

2156 3441 2501 3513 πραγμάτων
2543 3457 2646 3510 μου
2692 3442 3007 3509 μετασχεῖν.
3059 3439 3117 3493 '0
3147 3440 3228 3507 δὲ,
3262 3442 3417 3512 φησί,
3442 3438 3695 3503 καθεζόμε-

2156 3548 2267 3596 νος,
2305 3531 2397 3583 καὶ
2431 3527 2648 3581 πλέκων
2682 3527 2914 3590 θαλλοὺς
2935 3568 2951 3592 ,
2980 3527 3289 3598 ηὐλόγησέν
3330 3546 3397 3600 με
3418 3527 3545 3596 φωνῇ
3569 3525 3684 3594 μόνῃ

2156 3618 2359 3674 εἰπών·
2412 3618 2472 3672 Ὃ
2504 3619 2638 3682 Θεὸς
2665 3618 2826 3671 δώσει
2855 3635 2937 3671 σοι
2966 3617 3060 3672 τὸν
3091 3618 3303 3688 μισθόν.
3348 3620 3452 3673 Καὶ
3477 3611 3684 3684 λέγειτῷ

2157 3709 2429 3780 οἰκονόμῳ
2484 3707 2652 3762 αὑτοῦ
2714 3707 2981 3779 Ὠριγένει
3007 3724 3026 3743 ·
3055 3708 3216 3775 Δέξαι
3271 3710 3366 3763 καὶ
3390 3708 3696 3778 οἰκονόμησον

2158 3800 2299 3852 αὐτὰ
2328 3798 2465 3851 πᾶσι
2491 3798 2605 3860 τοῖς
2636 3797 2781 3851 κατὰ
2812 3796 3041 3865 Λιϐύην,
3073 3798 3304 3861 καὶτοῖς
3326 3801 3384 3852 ἐν
3414 3800 3529 3861 ταῖς
3556 3796 3711 3865 νήσοις

2158 3885 2405 3954 ἀδελφοῖς
2426 3901 2442 3916 ·
2490 3882 2665 3936 ταῦτα
2700 3882 2811 3954 γὰρ
2844 3883 2913 3938 τά
2964 3887 3302 3957 μοναστήρια
3332 3886 3548 3941 πένεται
3578 3883 3717 3937 πλέον

2159 3973 2312 4045 παρά
2359 3973 2427 4026 τά
2466 3972 2641 4026 ἄλλα·
2693 3974 3078 4044 παραγγείλας
3128 3975 3276 4045 αὐτῷ
3313 3976 3501 4047 μηδενὶ
3540 3975 3638 4027 τῶν
3673 3973 3721 4024 ὲν

2156 4063 2421 4133 Αἰγύπτῳ
2444 4061 2628 4115 δοῦναι
2648 4061 2743 4115 ἀπ’
2766 4063 2978 4115 ἐκείνου
2998 4062 3093 4116 τοῦ
3125 4064 3230 4135 χρή
3241 4081 3425 4134 ματος,
3453 4065 3540 4117 διά
3570 4064 3626 4115 :6
3644 4060 3725 4113 εύ-

2161 4151 2489 4222 πορωτέραν
2516 4147 2655 4203 εἶναι
2682 4149 2781 4219 τὴν
2806 4151 3014 4220 χώραν.
3051 4150 3195 4218 Ἐγὼ
3214 4151 3292 4217 δὲ,
3318 4152 3503 4220 φησὶν,
3533 4149 3728 4204 ἑστῶσα

2157 4239 2484 4309 ἐξεδεχόμην
2529 4239 2660 4307 παρ’
2690 4236 2858 4291 αὑτοῦ
2892 4238 3168 4307 εὐλογίαις
3208 4239 3604 4310 τιμηθῆναι,ῆ
3640 4236 3732 4291 κᾶν

2158 4327 2305 4397 λόγῳ
2336 4324 2668 4395 δοξασθῆναι
2699 4325 2793 4379 ἐπὶ
2835 4328 2903 4397 τῇ
2938 4326 3171 4399 τοσαύτῃ
3222 4326 3386 4380 δόσει.
3421 4327 3530 4379 Καὶ
3579 4327 3732 4396 μηδὲν

2157 4417 2294 4478 ὅλως
2326 4416 2458 4485 παρ’
2489 4412 2658 4467 αὐτοῦ
2680 4413 2964 4468 ἀκούσασα
2982 4455 2999 4480 ,
3025 4410 3178 4469 εἷπον
3207 4415 3356 4485 αύτῷ
3377 4456 3393 4481 ,
3424 4416 3508 4469 ὅτι
3545 4416 3734 4484 Κύριε,

2160 4505 2246 4557 ἵνα
2266 4503 2383 4573 ῐδῃς
2406 4500 2572 4553 πόσον
2594 4502 2762 4563 ἐστὶν,
2790 4500 3101 4569 τριακόσιαι
3120 4500 3300 4569 λίτραι
3320 4497 3563 4571 ἀργύρου
3586 4500 3733 4553 εἰσίν.

2167 4595 2230 4648 '0
2254 4594 2311 4646 δὲ
2335 4592 2500 4646 πάλιν
2521 4592 2615 4645 καί
2644 4591 2735 4643 ἐπί
2751 4590 2926 4660 τούτῳ
2952 4591 3076 4661 μηδ’
3097 4590 3234 4652 ὅλως
3250 4591 3569 4654 ἀνανεύσας,
3591 4592 3623 4661 ἢ
3643 4591 3738 4643 κᾶν

2155 4681 2443 4752 προσεχὼν
2463 4680 2541 4749 τῷ
2573 4678 2756 4733 σκεύει
2795 4679 2894 4748 τῆς
2931 4680 3128 4751 θήκης,
3170 4678 3503 4750 ἀπεκρίνατό
3539 4697 3651 4748 μοι,
3676 4671 3740 4747 ᾯ

2154 4771 2413 4839 ἐνήνοχας
2438 4769 2590 4833 αὐτὸ,
2608 4767 2819 4833 τέκνον,
2839 4767 2991 4839 παρὰ
3021 4767 3116 4819 σοῦ
3144 4767 3333 4837 μαθεῖν
3358 4768 3456 4837 τὴν
3474 4768 3739 4835 ποσότητα

2152 4859 2248 4912 τοῦ
2278 4857 2520 4929 σταθμοῦ
2553 4858 2745 4929 χρείαν
2776 4858 2879 4910 ούκ
2913 4857 3051 4927 ἔχει.
3085 4857 3144 4912 '0
3165 4859 3273 4927 γάρ
3300 4858 3367 4910 τὰ
3401 4858 3502 4929 ὄρη
3522 4857 3741 4927 σταθμί-

2156 4966 2275 5014 σας,
2300 4948 2393 5000 καὶ
2418 4947 2519 5009 τὰς
2544 4947 2723 5008 νάπας
2756 4948 2959 5017 στήσας
2985 4944 3159 5016 ζυγῷ,
3198 4944 3382 5015 πολλῷ
3426 4945 3590 4999 πλέον
3630 4946 3742 4998 ἐπί-

2154 5054 2346 5090 σταται
2378 5036 2478 5106 τὴν
2502 5033 2780 5106 ποσότητα
2812 5035 2908 5087 τοῦ
2952 5036 3219 5106 ἀργύρου.
3266 5034 3330 5087 Εἰ
3358 5034 3456 5103 μὲν
3486 5033 3595 5104 γὰρ
3623 5033 3740 5102 ἐμοὶ

2151 5126 2315 5180 αὑτὸν
2338 5124 2544 5191 ὲδίδως,
2579 5124 2766 5188 καλῶς
2794 5125 2861 5179 ἄν
2893 5142 2985 5195 μοι
3011 5126 3106 5179 καί
3133 5125 3223 5178 τὸν
3256 5124 3499 5195 σταθμὸν
3525 5123 3737 5191 έλεγες·

2152 5216 2271 5269 εἰδὲ
2292 5213 2370 5285 τῷ
2392 5213 2513 5283 Θεῷ
2537 5215 2675 5267 αύτά
2704 5215 3109 5286 προσήνεγκας,
3133 5213 3211 5285 τῷ
3233 5214 3329 5266 καὶ
3358 5214 3483 5277 τοὺς
3507 5212 3601 5266 δύο
3632 5212 3741 5264 660-

2152 5305 2277 5368 λοὺς
2316 5304 2390 5375 μὴ
2413 5302 2721 5371 παριδόντι,
2747 5303 2883 5356 ἀλλὰ
2905 5302 3068 5357 πλέον
3096 5301 3315 5355 πάντων
3340 5301 3562 5364 τούτους
3584 5302 3741 5370 τιμή-

2152 5409 2328 5455 σαντι,
2348 5392 2551 5457 σιώπα,
2567 5388 3027 5461 ήσύχαζε.0’ύτως
3050 5384 3143 5444 οὖν
3161 5389 3534 5461 ᾠκονόμησεν,
3554 5392 3740 5458 φησὶν,

2156 5484 2188 5550 ή
2216 5482 2378 5551 χάρις
2411 5480 2504 5532 τοῦ
2536 5479 2744 5550 Κυρίου
2772 5481 2829 5531 ἐν
2864 5478 2943 5548 τῷ
2977 5478 3241 5531 εἰσελθεῖν
3282 5494 3350 5546 με
3398 5478 3477 5539 εἰς
3507 5468 3738 5545 τὸὅρος.

2151 5568 2285 5623 Μετ’
2315 5567 2493 5636 ὀλίγον
2533 5567 2726 5638 χρόνον
2754 5566 3083 5637 κεκοίμηται
3122 5566 3151 5618 6
3176 5565 3467 5636 ἄνθρωπος
3494 5564 3630 5617 Θεοῦ
3665 5566 3736 5633 μή

2151 5658 2406 5728 νοσήσας,
2451 5657 2527 5727 μὴ
2581 5655 2829 5726 ἀλγήσας
2878 5672 2930 5708 τι
2974 5654 3082 5710 τῶν
3114 5656 3209 5708 :06
3254 5656 3505 5727 σώματος
3541 5652 3736 5724 μελῶν,

2149 5745 2286 5799 ἀλλά
2324 5745 2424 5817 τήν
2449 5743 2686 5815 σπυρίδα
2717 5743 3087 5814 καταράπτων
3117 5742 3503 5813 μετεστείλατό
3531 5759 3621 5812 με,
3648 5743 3737 5796 καὶ
