4020 6438
468 332 490 385 l
502 326 605 383 029

1744 339 2060 397 HISTORIA
2102 342 2452 401 LAUSIACA.

3570 364 3710 425 103)

462 456 577 501 erat
606 443 747 500 enim
778 442 923 501 vultu
947 446 1114 503 nitido
1133 456 1193 501 et
1220 448 1411 513 alacri,
1439 447 1572 505 adeo
1597 456 1655 504 ut
1683 466 1804 505 cum
1837 455 1922 509 vel
1953 470 2035 507 so.
2063 461 2111 515 Λ
2140 468 2261 509 eum
2293 456 2580 527 aliquando
2611 472 2858 527 venerat,
2891 477 2945 521 et
2978 478 3151 526 vestes
3182 487 3307 530 suas
3333 480 3715 551 occultaverat,

464 538 572 591 tuin
620 535 912 601 videretur,
946 538 1029 591 vir
1074 547 1216 592 esset
1261 539 1603 593 reverendus.
1647 540 1696 595 ls
1725 556 1846 598 cum
1884 545 2039 614 longe

462 635 588 682 ante
614 640 674 681 se
699 625 752 681 in
784 626 1038 683 ulteriore
1068 630 1396 684 exercuisset
1423 630 1729 697 solitudine,
1764 643 1951 703 postea
1984 638 2036 690 in

463 716 697 782 prepiori
747 714 1035 771 solitudine
1076 720 1421 787 congregavit
1466 723 1821 787 monasteria,
1848 724 2038 790 palude

461 809 689 877 propriis
718 810 951 877 plantata
998 811 1262 875 manibus,
1294 827 1416 867 cum
1449 814 1589 883 ligna
1634 830 1738 870 non
1772 828 1953 871 essent
1984 819 2036 871 in

458 914 525 952 eo
549 900 686 966 loco,
710 899 846 954 adeo
867 909 923 953 ut
947 910 1088 955 esset
1114 901 1279 955 densa
1302 904 1433 957 silva
1458 904 1510 957 in
1535 904 1841 961 solitudine.
1878 907 2038 961 Dixe-

459 999 580 1041 runt
609 988 753 1042 enim
782 990 936 1044 nobis
966 991 1054 1058 qui
1087 1006 1207 1044 cum
1239 1007 1304 1046 eo
1351 1002 1505 1048 erant
1545 993 1749 1059 Patres,
1777 996 1918 1062 quod
1968 1013 2036 1052 ne

455 1093 675 1147 germen
724 1080 943 1148 quidem
994 1082 1101 1136 illic
1147 1092 1283 1148 erat,
1308 1085 1519 1149 quando
1564 1086 1647 1139 vir
1688 1087 1773 1140 ille
1805 1088 1947 1141 venit
1970 1102 2033 1143 ex

455 1172 760 1227 solitudine.
796 1171 965 1241 Ipsam
992 1182 1166 1227 autem
1191 1175 1468 1243 plantavit,
1494 1191 1562 1230 ne
1588 1186 1805 1246 promer
1833 1193 1919 1233 res
1940 1193 2034 1233 uc-

453 1262 735 1328 cessarias,
764 1264 853 1332 qui
888 1264 953 1316 ad
997 1265 1167 1331 ipsum
1209 1266 1601 1321 conveniebant
1633 1267 1843 1333 fratres,
1877 1284 2035 1337 coge-

452 1364 636 1409 rentur
660 1355 915 1419 circuire;
947 1355 1042 1410 sed
1083 1372 1268 1412 eorum
1308 1372 1523 1412 omnem
1571 1359 1791 1427 gerebat
1824 1374 2031 1424 curam,

454 1445 621 1501 Deum
651 1460 832 1508 orans,
861 1455 916 1499 et
936 1460 1031 1514 pro
1061 1461 1244 1501 eorum
1271 1449 1444 1503 salute
1488 1450 1791 1515 decertans,
1818 1460 1873 1503 ut
1899 1451 2031 1504 nihil

455 1536 534 1590 eis
564 1536 774 1591 deesset
800 1537 1181 1602 necessarium,
1214 1553 1312 1593 nec
1340 1540 1483 1593 esset
1506 1541 1586 1593 eis
1610 1540 1749 1594 ullus
1769 1540 2032 1595 socordia:

454 1633 765 1695 prtetextus.
807 1625 855 1679 Is
892 1628 1124 1695 primum
1166 1629 1379 1696 quidem
1410 1630 1609 1700 degens
1638 1630 1691 1683 in
1720 1629 2028 1696 solitudine,

456 1716 777 1769 vescebatur
806 1715 983 1769 herbis
1008 1726 1061 1770 et
1085 1718 1331 1774 dulcibus
1356 1718 1619 1773 radicibus
1643 1735 1656 1771 :
1680 1734 1870 1789 aquam
1898 1736 2029 1789 quo-

451 1821 554 1875 que
574 1806 785 1861 bibebat
805 1807 1020 1875 quando
1043 1808 1368 1875 inveniebat,
1387 1808 1441 1863 in
1465 1812 1711 1878 precibus
1735 1820 1791 1865 et
1816 1811 2026 1880 hymnis
2059 1834 2104 1893 Β

452 1903 563 1949 ιοῑο
586 1906 823 1963 tempore
854 1912 1225 1965 perseverans.
1259 1898 1546 1969 Postquam
1578 1909 1754 1955 autem
1782 1900 2028 1969 pervenit

447 1984 513 2037 ad
544 1988 825 2054 perfectam
856 1997 1067 2042 aetatem
1113 1990 1426 2051 senectutis,
1462 1991 1681 2055 angelus
1707 1993 1755 2045 el
1785 1992 2027 2060 apparuit

446 2076 498 2127 in
531 2076 751 2141 somnis,
785 2077 967 2131 dicens
994 2078 1044 2131 in
1085 2080 1412 2133 solitudine:
1441 2078 1559 2132 Eris
1590 2081 1641 2133 iu
1670 2087 1883 2149 gentem
1917 2095 2028 2134 ma-

443 2177 624 2233 gnam,
654 2174 708 2220 et
733 2181 955 2235 magnus
984 2178 1085 2222 tua
1110 2169 1231 2224 ﬁdei
1252 2170 1503 2224 credetur
1525 2173 1769 2239 populus.
1803 2173 1903 2240 Qui
1934 2189 2025 2241 per

446 2265 496 2309 te
526 2266 703 2309 autem
731 2257 864 2311 salvi
911 2258 1059 2327 ﬂent,
1084 2272 1242 2315 erunt
1270 2262 1449 2317 decies
1496 2265 1642 2317 mille
1668 2283 1679 2317 :
1705 2280 1838 2335 quos
1864 2265 1911 2319 si
1944 2268 2027 2319 hic

445 2348 774 2403 lucrii'cceris
796 2392 809 2415 ,
836 2350 1053 2406 totidem
1100 2351 1195 2407 tibi
1226 2354 1488 2421 parebunt
1514 2355 1569 2409 in
1602 2356 1777 2411 futuro
1804 2360 2023 2416 saeculo.

445 2437 625 2510 Neque
670 2441 956 2511 quidquam
1002 2443 1347 2507 dubitaveris,
1372 2446 1451 2499 ait
1494 2446 1543 2499 ei
1594 2447 2026 2517 Angelusmihil

444 2532 586 2587 enim
617 2533 713 2588 tibi
740 2534 954 2591 deficiet
981 2551 1164 2590 eorum
1195 2552 1314 2606 quia:
1345 2546 1472 2591 sunt
1498 2536 1564 2591 ad
1595 2551 1746 2593 nsum
1776 2554 2026 2595 necessa-

444 2624 543 2687 ria,
579 2642 744 2695 usque
764 2628 829 2682 ad
854 2639 1079 2684 mortem
1112 2640 1274 2697 tuam,
1306 2631 1515 2699 quoties
1541 2631 1708 2686 Deutn
1742 2634 2024 2690 invocave-

443 2716 539 2771 ris.
566 2719 687 2774 llaac
713 2734 832 2774 cum
863 2723 1121 2787 audisset,
1149 2723 1291 2777 venit
1312 2723 1377 2776 ad
1404 2724 1756 2792 propinquam
1778 2726 2023 2779 solitudi-

445 2819 590 2872 nem,
620 2823 859 2864 seorsum
905 2811 1132 2878 primum
1180 2813 1378 2881 degens
1400 2853 1416 2881 ,
1450 2814 1549 2868 sibi
1580 2815 1810 2882 quodam
1859 2831 2022 2883 parvo

438 2907 750 2954 constructo
797 2902 1105 2970 tuguriolo,
1151 2904 1322 2955 solum
1384 2903 1692 2972 compositis
1739 2915 2020 2961 contentus

408 3006 411 3007 '
440 2988 705 3052 oleribus;
733 3001 875 3057 sazpe
901 2990 1059 3043 etiam
1091 2990 1257 3045 semel
1286 2991 1459 3045 solum
1483 3005 1709 3047 vescens
1731 2994 1783 3047 in
1812 2995 2018 3049 hebdo-

442 3078 619 3132 tnoda.
652 3078 825 3147 Atque
850 3086 967 3133 erat
993 3078 1205 3145 quidem
1252 3081 1479 3148 primum
1512 3079 1845 3149 illitteratus;
1872 3093 2017 3150 post-

2146 560 2267 599 cum
2292 562 2470 602 coram
2501 552 2745 607 omnibus
2788 558 3073 626 arguisset,
3104 563 3154 615 in
3182 567 3413 622 medium
3442 574 3714 638 produxit.

2143 635 2260 701 Quo
2293 635 2487 691 factum
2520 650 2601 694 est
2629 652 2686 695 ut
2710 659 2866 697 nemo
2896 649 3115 704 auderet
3144 652 3395 725 deinceps
3424 635 3562 727 apud
3593 678 3715 718 eum

2146 728 2380 796 mentiri,
2412 744 2531 783 cum
2559 742 2754 787 tantam
2782 736 3006 793 haberet
3036 744 3281 811 gratiam,
3314 762 3471 817 quam
3504 767 3596 820 per
3624 756 3719 809 hoo

2145 829 2346 871 nestam
2398 837 2547 875 suam
2600 826 2761 879 vitam
2807 829 2907 881 sibi
2949 834 3257 903 collegerat.
3293 840 3507 896 Licehat
3536 854 3714 900 autem

2143 907 2323 962 videre
2361 913 2749 969 multitudinem
2782 930 2969 972 eorum
2998 923 3086 991 qui
3119 940 3239 979 cum
3271 928 3384 997 ipso
3412 944 3564 987 erant
3596 951 3714 989 mo-

2142 999 2432 1055 nachorum
2482 1004 2533 1058 in
2582 1007 2840 1076 ecclesia,
2874 1021 3121 1081 tanquam
3167 1020 3475 1087 angelorum
3519 1023 3714 1081 choros

2144 1088 2309 1143 Deum
2335 1092 2684 1150 laudantium.

2213 1184 2451 1255 Magnam
2485 1188 2606 1244 huic
2635 1202 2842 1259 sancto,
2871 1210 2969 1249 suo
2990 1200 3297 1255 testimonio
3328 1204 3507 1258 tribuit
3547 1206 3706 1261 virtu-

2142 1283 2246 1327 tem
2305 1277 2553 1333 univcrsa
2598 1279 2903 1338 fraternitas
2935 1302 2949 1338 :
2978 1288 3247 1356 praecipue
3293 1300 3470 1347 autem
3520 1296 3710 1350 ancilla

2142 1364 2234 1418 Dei
2286 1366 2533 1434 Melania,
2584 1385 2701 1438 quae
2735 1372 2876 1427 hunc
2925 1385 3160 1431 montem
3190 1390 3317 1435 ante
3362 1397 3448 1437 me
3495 1393 3578 1439 est
3629 1387 3710 1439 in-

2139 1471 2343 1525 gressa.
2378 1459 2487 1529 Ego
2515 1462 2658 1515 enim
2692 1478 2811 1517 eum
2853 1482 2956 1519 non
2987 1466 3183 1523 offendi
3214 1471 3415 1526 vivum.
3459 1476 3583 1529 llaec
3620 1491 3715 1529 au-

2139 1562 2244 1607 tem
2284 1556 2540 1623 praeclara
2590 1558 2658 1612 de
2700 1558 2801 1615 hoc
2837 1563 2951 1614 viro
2982 1564 3255 1630 narrabat,
3288 1567 3428 1633 quod
3476 1584 3575 1624 nec
3616 1585 3712 1623 un»

2138 1662 2295 1714 quam
2329 1647 2395 1701 sit
2420 1651 2693 1716 mentitus,
2735 1666 2907 1719 neque
2928 1653 3209 1721 juraverit,
3243 1670 3415 1726 neque
3451 1660 3542 1713 ulli
3571 1661 3710 1715 male

2136 1738 2205 1791 sit
2238 1750 2503 1805 precatus,
2547 1755 2717 1809 neque
2756 1739 2964 1795 locutus
2989 1744 3059 1797 sit
3080 1745 3184 1799 nisi
3212 1762 3346 1815 opus
3371 1760 3535 1803 esset.

2758 1847 2980 1905 CAPUT
3024 1850 3089 1905 Χ,

2522 1960 2561 2013 Il
2566 1962 2638 2013 ita
2664 1962 2860 2017 abbatis
2886 1962 3085 2019 Pambo
3113 1964 3253 2036 (25).

2205 2071 2371 2142 llujus
2408 2074 2608 2129 montis
2637 2075 2815 2131 accola
2842 2076 2941 2131 fuit
2975 2078 3136 2132 etiam
3169 2080 3332 2135 abbas
3362 2082 3583 2148 Pambo,
3611 2089 3701 2154 qui

2133 2163 2230 2217 fuit
2261 2167 2511 2233 magister
2551 2167 2791 2223 Dioscuri
2825 2169 3063 2240 episcopi
3094 2174 3361 2227 Ainmonii
3405 2184 3459 2227 et
3486 2175 3698 2231 Eusebii

2131 2266 2183 2309 et
2227 2257 2498 2327 Euthymii
2546 2256 2795 2326 fratrum,
2845 2267 2901 2313 et
2936 2260 3183 2331 Origenis
3230 2263 3325 2318 ﬁlii
3359 2264 3472 2334 (26)
3528 2268 3704 2323 fratris

2132 2348 2402 2403 Dracontii
2449 2350 2549 2404 viri
2599 2351 2819 2407 illustris
2867 2362 2920 2406 et
2959 2354 3305 2409 admirabilis.
3353 2357 3446 2413 llic
3496 2359 3697 2415 Pambo

2131 2438 2293 2492 multa
2329 2441 2541 2508 quidem
2574 2441 2803 2497 habebat
2828 2452 2883 2498 et
2913 2444 3055 2497 varia
3080 2446 3356 2516 privilegia
3384 2464 3397 2500 :
3425 2450 3562 2505 inter
3581 2468 3697 2507 cae-

2131 2538 2242 2583 tera
2285 2538 2464 2583 autem
2506 2546 2624 2598 qua:
2653 2542 2797 2587 recte
2827 2543 2881 2588 et
2906 2547 2972 2588 ex
3012 2534 3207 2588 virtute
3234 2535 3302 2590 ab
3340 2552 3406 2591 eo
3436 2541 3699 2607 gereban-

2129 2626 2234 2682 tur,
2279 2618 2381 2672 hoc
2420 2619 2649 2673 habebat
2702 2635 2806 2689 quo
2836 2633 2952 2676 erat
2998 2622 3215 2690 reliquis
3260 2628 3526 2693 superior,
3554 2624 3697 2700 quod

2126 2710 2330 2764 scilicet
2382 2724 2571 2764 aurum
2629 2721 2684 2765 et
2725 2720 2999 2778 argentum
3049 2712 3397 2784 despiciebat,
3438 2731 3693 2789 quantum

2126 2802 2361 2868 postulat
2406 2805 2542 2857 ratio
2591 2803 2878 2858 dominica.
2914 2803 3066 2858 Unde
3097 2806 3225 2858 mihi
3270 2810 3503 2864 narravit
3540 2812 3691 2868 beata

2126 2894 2345 2947 Melania
2371 2895 2513 2962 quod
2552 2910 2671 2948 cum
2718 2896 2787 2949 ab
2817 2896 2966 2951 initio
2994 2896 3161 2950 Roma
3196 2899 3432 2954 venisset
3465 2903 3693 2959 Alexan.

2125 2988 2315 3052 driam,
2364 2996 2418 3041 et
2464 2986 2531 3042 de
2559 2987 2676 3057 ejus
2704 2988 2900 3042 virtute
2945 2988 3203 3041 audiisset
3233 3004 3263 3043 a
3295 2990 3449 3046 beato
3486 2993 3689 3052 lsidoro

2123 3079 2437 3150 presbytero
2465 3090 2519 3135 et
2547 3081 2877 3145 xenodocbo,
2911 3081 3001 3149 qui
3023 3081 3088 3135 de
3112 3095 3177 3134 eo
3204 3082 3331 3135 mihi
3356 3086 3611 3152 narravit,
3636 3098 3691 3143 et

440 3181 599 3237 quam
629 3176 808 3223 autem
829 3167 974 3223 venit
1000 3184 1065 3223 ex
1093 3169 1378 3226 solitudine
1401 3172 1451 3224 in
1475 3180 1673 3226 terram
1703 3171 2012 3239 habitatam,
2046 3192 2095 3257 ρ
2124 3170 2189 3225 ad
2221 3171 2391 3238 ipsum
2429 3171 2648 3226 deduxit
2685 3174 2737 3227 in
2782 3172 3143 3228 solitudinem.
3192 3175 3271 3229 Ad
3320 3190 3460 3240 eum,
3488 3178 3685 3242 aiebat,

440 3257 493 3312 ei
514 3258 684 3327 gratia
724 3258 819 3312 fuit
862 3258 983 3313 data
1014 3259 1290 3323 divinitus,
1323 3269 1377 3314 et
1403 3259 1706 3329 Scripturas
1732 3277 2014 3332 exprome-

440 3348 530 3405 hat
568 3350 897 3404 memoriter.
940 3348 1003 3403 Ei
1033 3352 1174 3408 enim
1226 3351 1360 3405 libro
1407 3354 1532 3405 dato
1571 3367 1599 3404 a
1639 3353 1912 3420 fratribus,
1944 3354 2015 3408 ita

438 3440 694 3511 deinceps
720 3441 927 3512 legebat
968 3451 1216 3513 tanquam
1248 3443 1451 3512 peritus
1484 3443 1799 3499 litterarum.
1844 3446 2014 3499 Aliam

437 3548 650 3603 quoque
732 3543 1021 3606 acceperat
1093 3535 1324 3607 gratiam
1358 3576 1373 3601 ,
1475 3550 1669 3604 nempe
1708 3536 2014 3593 dmmonum

433 3623 871 3692 espellendorum
897 3664 912 3689 ,
945 3624 1078 3678 adeo
1107 3634 1165 3678 ut
1192 3625 1339 3677 multi
1368 3639 1431 3679 ex
1464 3625 1527 3678 iis
1557 3626 1646 3694 qui
1678 3626 2012 3693 laborabant,

436 3717 599 3771 etiam
630 3729 694 3769 eo
715 3716 948 3781 nolente,
979 3716 1272 3771 clamantes
1309 3719 1425 3785 ejus
1454 3716 1615 3770 vitam
1645 3720 2012 3774 ostenderent.

438 3804 587 3858 Alias
611 3818 822 3873 quoque
847 3806 1150 3860 curationes
1198 3820 1301 3859 non
1329 3806 1573 3860 cessabat
1595 3821 1869 3875 peragere.
1898 3808 2014 3874 Quo

436 3896 633 3948 factum
662 3903 745 3951 est
771 3904 829 3949 ut
855 3894 920 3949 ad
957 3911 1076 3950 eum
1107 3897 1453 3950 convenirent
1483 3897 1585 3949 tria
1616 3896 1778 3951 millia
1826 3913 2014 3952 mona-

434 3986 678 4041 chorum.
710 3985 842 4040 Cum
869 4000 965 4041 eos
988 3994 1168 4041 autem
1190 3987 1272 4040 vir
1302 3987 1389 4042 ille
1409 3986 1650 4051 vidisset,
1678 3988 1859 4041 laetitia
1891 3988 2013 4043 aﬂ'e-

432 4086 550 4131 ctus
580 4092 673 4132 eos
702 4078 973 4143 salutavit,
995 4078 1377 4147 etcomplexus
1417 4086 1518 4133 est.
1550 4076 1684 4136 Cum
1727 4078 1892 4146 pedes
1918 4094 2013 4133 eo-

432 4183 550 4222 rum
607 4169 837 4237 propriis
881 4168 1112 4224 lavasset
1158 4169 1440 4233 manibus,
1486 4186 1778 4225 conversus
1817 4180 1896 4225 est
1943 4172 2009 4225 ad

429 4260 764 4325 doctrinam;
807 4270 922 4313 erat
967 4261 1109 4315 enim
1162 4261 1317 4315 valde
1362 4263 1564 4330 peritus
1612 4263 1928 4325 litterarum,
1955 4272 2012 4316 ut

429 4352 518 4418 qui
566 4352 701 4404 hanc
742 4351 963 4420 gratiam
1010 4351 1303 4418 accepisset
1331 4351 1605 4406 divinitus.
1654 4352 1784 4406 Cum
1829 4364 2007 4407 autem

428 4441 822 4507 Scripturarum
856 4442 1015 4494 multa
1050 4441 1297 4495 solvisset
1335 4442 1539 4508 capita,
1571 4452 1623 4496 et
1652 4442 1810 4497 ﬁdem
1843 4443 2009 4497 tradi-

2121 3260 2274 3313 attuli
2307 3275 2429 3314 vasa
2466 3272 2716 3333 argentea
2756 3271 3115 3321 trecentarum
3160 3268 3412 3324 librarum
3459 3272 3688 3339 argenti,

2121 3368 2312 3423 rogans
2342 3369 2464 3407 eum
2504 3363 2562 3408 ut
2591 3369 2767 3408 rerum
2815 3370 3052 3412 mearum
3089 3372 3232 3415 esset
3280 3361 3563 3429 particeps.
3597 3360 3689 3416 Ille

2119 3452 2318 3510 autem,
2350 3442 2540 3512 inquit,
2578 3458 2830 3513 opcrans,
2851 3454 2905 3499 et
2944 3461 3121 3502 ramos
3166 3457 3350 3502 texens
3394 3449 3699 3505 mihihene-

2121 3534 2275 3594 dixit.
2306 3546 2436 3588 voce
2479 3549 2670 3603 magna
2699 3534 2883 3589 dicens
2909 3553 2920 3586 :
2949 3536 3087 3591 Deus
3114 3538 3204 3591 det
3231 3538 3322 3592 tibi
3363 3538 3683 3594 mercedem.

2122 3624 2189 3678 Et
2216 3624 2349 3677 dixit
2377 3639 2475 3677 suo
2500 3638 2783 3679 (nconomo
2808 3625 3019 3693 Origeni
3044 3626 3173 3697 [Αι.,
3206 3626 3510 3700 Theodoro]
3541 3646 3553 3681 :
3584 3632 3685 3683 Ae.

2118 3714 2259 3783 cipe,
2288 3722 2344 3768 et
2373 3728 2433 3767 ea
2465 3715 2706 3783 dispensi
2740 3716 3001 3771 universa:
3030 3716 3343 3770 fraternitati
3375 3732 3494 3785 qua:
3520 3729 3603 3774 est
3632 3720 3683 3772 in

2120 3804 2283 3873 Libya
2325 3813 2379 3859 et
2407 3803 2460 3858 in
2493 3804 2699 3857 insulis.
2735 3804 2859 3859 llaec
2886 3806 3026 3859 enim
3055 3806 3370 3860 monasteria
3402 3807 3569 3875 magis
3599 3807 3685 3861 in-

2117 3895 2415 3965 digent:ei
2446 3893 2757 3963 przecipiens
2814 3905 2870 3949 ut
2915 3906 2978 3949 ex
3035 3910 3101 3950 eo
3148 3895 3278 3949 nihil
3308 3897 3457 3951 daret
3503 3898 3569 3951 iis
3595 3897 3683 3965 qui

2117 3990 2271 4038 erant.
2299 3983 2353 4037 in
2398 3983 2652 4054 Egypto,
2686 3994 2964 4053 propterea
2995 3986 3135 4054 quod
3166 3988 3234 4040 sit
3269 3988 3414 4055 regio
3443 3987 3601 4040 ditior
3629 3996 3686 4040 et

2117 4073 2491 4127 abundantior.
2528 4074 2636 4142 Ego
2679 4083 2879 4139 autem,
2914 4074 3103 4143 inquit,
3136 4085 3283 4129 stans
3308 4077 3680 4145 exspectabam

2116 4172 2175 4215 ut
2202 4164 2284 4217 vel
2333 4164 2793 4218 benedictionibus
2842 4164 2908 4218 ab
2951 4180 3015 4219 eo
3056 4166 3371 4231 honorarer,
3405 4166 3488 4221 vel
3520 4168 3683 4221 verbo

2113 4255 2302 4308 saltem
2343 4254 2587 4307 laudarer
2616 4255 2685 4308 ob
2715 4263 2917 4307 tantum
2962 4255 3180 4309 donum.
3213 4253 3345 4309 Cum
3379 4270 3504 4311 vero
3550 4257 3683 4311 nihil

2114 4345 2330 4397 omnino
2360 4346 2427 4397 ab
2456 4361 2520 4398 eo
2568 4346 2875 4407 audiissem,
2908 4348 2956 4399 ei
2995 4344 3102 4399 dixi
3128 4364 3138 4397 :
3168 4346 3409 4409 Domine,
3440 4356 3495 4400 ut
3540 4348 3682 4401 scias

2114 4444 2367 4502 quantum
2399 4438 2487 4498 sit,
2530 4446 2655 4488 sunt
2684 4446 2935 4489 trecentce
2982 4436 3130 4491 libra:
3160 4439 3384 4505 argenti.
3412 4439 3459 4493 ls
3502 4448 3679 4492 autem

425 4529 595 4587 disset
629 4530 977 4584 orthodoxam
1008 4573 1021 4595 ,
1067 4532 1380 4587 adhortatus
1408 4543 1487 4588 est
1516 4534 1579 4585 ad
1613 4550 1815 4602 preces.
1865 4535 2000 4588 Viris
2031 4559 2079 4617 Β
2113 4542 2300 4580 rursus
2331 4541 2448 4580 cum
2483 4527 2548 4580 ad
2582 4528 2681 4579 hoc
2713 4543 2777 4581 ne
2808 4528 3025 4581 omnino
3056 4528 3268 4595 quidem
3300 4528 3597 4593 annuisset,
3628 4538 3682 4581 et

427 4620 568 4673 enim
598 4622 804 4689 magnis
843 4635 957 4674 mos
988 4632 1090 4687 est,
1120 4623 1248 4676 nihil
1286 4624 1465 4677 carnis
1494 4623 1796 4688 admittere,
1830 4625 2000 4689 prius-

425 4728 583 4783 quam
632 4712 875 4781 spiritale
921 4715 1228 4769 alimentum
1260 4717 1450 4769 animae
1498 4717 1814 4771 trad'derint
1844 4735 1857 4780 ;
1890 4719 2003 4771 hzcc

423 4815 601 4859 autem
629 4815 711 4859 est
734 4804 932 4859 Christi
964 4808 1295 4861 communio.
1325 4807 1456 4861 Cum
1482 4806 1596 4875 ejus
1625 4823 1753 4877 ergo
1776 4808 2002 4861 fuissent

424 4898 730 4968 participes,
770 4908 828 4953 et
858 4900 1095 4968 egissent
1133 4900 1350 4969 gratias,
1383 4901 1624 4955 hortatus
1650 4912 1731 4955 est
1756 4903 1821 4955 ad
1854 4918 2000 4956 men-

423 5000 559 5053 sam,
588 4987 703 5058 ipse
730 5003 945 5057 semper
972 4989 1109 5043 inter
1133 4990 1426 5044 sedendum
1455 5005 1550 5045 eos
1578 4993 1874 5047 admonens
1902 5010 2000 5047 eo-

423 5090 537 5131 rum
568 5094 686 5148 quaz
715 5088 841 5134 sunt
871 5080 1008 5134 bona
1037 5089 1091 5134 et
1123 5080 1368 5143 honesta,
1400 5090 1453 5136 et
1482 5081 1663 5137 dicens
1684 5084 1759 5136 eis
1790 5099 1850 5138 ea
1881 5100 1999 5152 quae

420 5168 688 5235 pertinent
713 5172 778 5225 ad
810 5170 1058 5225 salutem.
1113 5170 1236 5225 Fuit
1260 5188 1386 5243 ergo
1418 5173 1502 5227 hic
1533 5175 1612 5227 vir
1640 5176 1814 5230 clarus
1862 5176 2000 5231 inter

421 5262 617 5316 multos
642 5263 851 5330 Patres,
877 5264 1010 5317 adeo
1040 5272 1097 5317 ut
1140 5278 1261 5317 cum
1294 5265 1441 5318 multi
1484 5264 1549 5317 ad
1586 5281 1706 5319 eum
1753 5267 1998 5321 venirent

421 5354 688 5418 monachi,
706 5370 892 5409 omnes
919 5363 1207 5423 praesentes
1234 5355 1423 5410 fratres
1451 5372 1771 5423 convocans,
1804 5360 1855 5413 in
1889 5374 1995 5414 uno

416 5438 507 5495 die
544 5442 623 5497 eis
661 5446 825 5500 cellas
865 5446 1064 5499 faceret
1095 5464 1106 5498 :
1134 5461 1241 5500 uno
1291 5446 1502 5515 quidem
1553 5448 1996 5503 subministrante

420 5529 609 5605 lutum,
657 5536 827 5590 altero
865 5553 993 5591 vero
1044 5536 1302 5604 laterem,
1335 5538 1441 5592 alio
1486 5548 1661 5593 autem
1717 5541 1998 5594 hauriente

416 5636 628 5689 squam.
660 5624 915 5681 Perfertis
944 5640 1121 5683 autem
1147 5628 1317 5694 cellis,
1346 5630 1459 5696 ipse
1486 5631 1759 5698 praebebat.
1784 5632 1998 5686 venien-

418 5716 560 5773 tibus
583 5733 700 5774 ouze
725 5729 874 5772 erant
903 5721 1223 5776 necessaria.
1256 5722 1302 5776 ls
1330 5721 1515 5779 falsum
1548 5722 1787 5791 fratrem,
1817 5726 1901 5793 qui
1930 5726 1996 5779 ad

2112 4632 2209 4670 nec
2247 4618 2311 4668 ad
2345 4616 2484 4670 vasis
2514 4616 2727 4685 quidem
2761 4618 2969 4671 thecam
3001 4618 3335 4682 attendisset,
3366 4618 3637 4686 respondit
3667 4637 3678 4670 :

2108 4707 2157 4762 ls
2188 4710 2270 4762 cui
2304 4706 2417 4761 haec
2458 4708 2705 4772 attulisti,
2750 4722 2782 4763 ο
2814 4708 2939 4775 ﬁlia,
2987 4723 3093 4762 non
3123 4724 3255 4776 opus
3300 4708 3459 4762 habet
3487 4718 3599 4762 uta
3633 4723 3681 4763 ie

2108 4800 2279 4854 discat
2330 4800 2679 4869 quantitatem
2730 4798 3000 4868 ponderis.
3030 4800 3129 4866 Qui
3174 4801 3314 4853 enim
3346 4807 3553 4853 montes
3584 4815 3679 4867 ap-

2110 4891 2291 4959 pendit
2318 4899 2373 4946 et
2410 4891 2574 4946 saltus
2619 4899 2815 4945 statera
2846 4889 2981 4959 (lsa.
3015 4903 3102 4952 λι,
3134 4888 3243 4957 12),
3296 4888 3463 4943 multo
3510 4894 3675 4959 magis

2106 4988 2209 5040 scit
2240 4988 2591 5054 quantitatem
2624 4986 2697 5039 tui
2726 4986 2952 5054 argenti.
2994 4985 3046 5039 Si
3091 4986 3233 5039 enim
3268 4985 3381 5038 haec
3422 4987 3552 5040 mihi
3582 4987 3676 5040 da-

2107 5093 2213 5141 res,
2247 5087 2392 5133 recte
2423 5076 2549 5130 mihi
2580 5077 2786 5145 pondus
2813 5076 3071 5142 dixisses;
3104 5076 3196 5129 sed
3223 5076 3269 5129 si
3295 5076 3401 5131 Deo
3430 5092 3489 5130 ea
3520 5077 3676 5131 οδω.

2107 5170 2233 5235 listi,
2283 5168 2373 5238 qui
2404 5183 2471 5222 ne
2498 5168 2635 5221 duos
2663 5169 2877 5237 quidem
2920 5169 3109 5222 obolos
3142 5167 3258 5240 (27)
3284 5170 3547 5239 despexit,
3580 5170 3676 5223 sed

2105 5276 2197 5313 cos
2248 5261 2365 5329 plus
2419 5274 2577 5327 quam
2626 5258 2801 5313 omnia
2851 5259 3135 5314 aestimavit
3179 5259 3373 5330 (Marci
3420 5265 3512 5326 in,
3561 5260 3673 5335 42),

2105 5365 2240 5407 tace.
2280 5353 2370 5408 Sic
2414 5369 2562 5423 ergo,
2615 5354 2807 5423 inquit,
2861 5352 3190 5422 dispensavit
3232 5354 3401 5423 gratia
3443 5352 3674 5419 Domini,

2103 5447 2226 5498 dum
2277 5446 2512 5514 ingressa
2563 5461 2678 5499 sum
2712 5446 2763 5499 in
2813 5444 2953 5498 hunc
3005 5456 3259 5499 montem.
3309 5445 3459 5497 Brevi
3496 5453 3673 5497 autem

2100 5546 2221 5604 post
2250 5545 2489 5607 tempore
2530 5538 2747 5592 dormiit
2778 5538 2938 5592 homo
2967 5536 3083 5601 Dei,
3114 5551 3212 5590 nec
3257 5549 3540 5606 scgrousns,
3578 5549 3675 5588 nec

2100 5627 2151 5679 in
2184 5627 2290 5680 ulla
2323 5638 2471 5697 parte
2490 5628 2729 5696 corporis
2756 5626 2994 5681 dolorem
3023 5624 3279 5683 sentiens.
3313 5620 3407 5676 sed
3433 5633 3669 5690 Spurium

2100 5735 2389 5780 contexens
2422 5739 2507 5781 me
2537 5722 2803 5787 accersiit,
2855 5729 2908 5776 et
2944 5733 3063 5775 cum
3110 5717 3320 5772 adesset
3344 5714 3455 5783 jam
3497 5726 3672 5771 extre»
