  <div class='ocr_page' id='page_1' title='image "/cluster/home/n/w/nwhite01/storage/ocr_20150623/34/coo.31924054869312/527.png"; bbox 0 0 4020 6432; ppageno 0'>
   <div class='ocr_carea' id='block_1_1' title="bbox 379 346 508 401">
    <p class='ocr_par' dir='ltr' id='par_1_1' title="bbox 379 346 508 401">
     <span class='ocr_line' id='line_1_1' title="bbox 379 346 508 401; baseline -0.008 -1"><span class='ocrx_word' id='word_1_1' title='bbox 379 346 508 401; x_wconf 75' lang='grc'><strong>1031</strong></span> 
     </span>
    </p>
   </div>
   <div class='ocr_carea' id='block_1_2' title="bbox 1844 324 2155 381">
    <p class='ocr_par' dir='ltr' id='par_1_2' title="bbox 1844 324 2155 381">
     <span class='ocr_line' id='line_1_2' title="bbox 1844 324 2155 381; baseline -0.006 0"><span class='ocrx_word' id='word_1_2' title='bbox 1844 324 2155 381; x_wconf 71' lang='lat' dir='ltr'><strong>PALLADII</strong></span> 
     </span>
    </p>
   </div>
   <div class='ocr_carea' id='block_1_3' title="bbox 3485 324 3638 384">
    <p class='ocr_par' dir='ltr' id='par_1_3' title="bbox 3485 324 3638 384">
     <span class='ocr_line' id='line_1_3' title="bbox 3485 324 3638 384; baseline 0.013 -2"><span class='ocrx_word' id='word_1_3' title='bbox 3485 324 3638 384; x_wconf 66' lang='lat' dir='ltr'><strong>I033</strong></span> 
     </span>
    </p>
   </div>
   <div class='ocr_carea' id='block_1_4' title="bbox 378 441 3635 523">
    <p class='ocr_par' dir='ltr' id='par_1_4' title="bbox 378 441 3635 523">
     <span class='ocr_line' id='line_1_4' title="bbox 378 441 3635 523; baseline -0.006 -8"><span class='ocrx_word' id='word_1_4' title='bbox 378 476 498 515; x_wconf 90' lang='lat' dir='ltr'><strong>mus</strong></span> <span class='ocrx_word' id='word_1_5' title='bbox 529 460 803 523; x_wconf 75' lang='lat' dir='ltr'><strong>stimulus,</strong></span> <span class='ocrx_word' id='word_1_6' title='bbox 848 456 977 510; x_wconf 87' lang='lat' dir='ltr'><strong>dicit</strong></span> <span class='ocrx_word' id='word_1_7' title='bbox 1023 456 1156 509; x_wconf 81' lang='lat' dir='ltr'><strong>mihi</strong></span> <span class='ocrx_word' id='word_1_8' title='bbox 1187 475 1197 509; x_wconf 94' lang='lat'><strong>:</strong></span> <span class='ocrx_word' id='word_1_9' title='bbox 1241 454 1386 523; x_wconf 82' lang='lat' dir='ltr'><strong>Cape</strong></span> <span class='ocrx_word' id='word_1_10' title='bbox 1444 451 1582 503; x_wconf 82' lang='lat' dir='ltr'><strong>hanc</strong></span> <span class='ocrx_word' id='word_1_11' title='bbox 1634 454 1873 517; x_wconf 87' lang='lat' dir='ltr'><strong>sportam</strong></span> <span class='ocrx_word' id='word_1_12' title='bbox 1913 455 1941 494; x_wconf 86' lang='lat' dir='ltr'><strong>a</strong></span> <span class='ocrx_word' id='word_1_13' title='bbox 1974 446 2020 508; x_wconf 82' lang='grc' dir='ltr'>Α</span> <span class='ocrx_word' id='word_1_14' title='bbox 2049 457 2208 511; x_wconf 85' lang='lat' dir='ltr'><strong>posse</strong></span> <span class='ocrx_word' id='word_1_15' title='bbox 2242 446 2426 516; x_wconf 82' lang='lat' dir='ltr'><strong>egredi</strong></span> <span class='ocrx_word' id='word_1_16' title='bbox 2459 462 2488 502; x_wconf 91' lang='lat' dir='ltr'><strong>c</strong></span> <span class='ocrx_word' id='word_1_17' title='bbox 2514 446 2827 503; x_wconf 90' lang='lat' dir='ltr'><strong>solitudine.</strong></span> <span class='ocrx_word' id='word_1_18' title='bbox 2858 444 2959 502; x_wconf 87' lang='lat' dir='ltr'><strong>Ubi</strong></span> <span class='ocrx_word' id='word_1_19' title='bbox 2981 454 3162 501; x_wconf 90' lang='lat' dir='ltr'><strong>autem</strong></span> <span class='ocrx_word' id='word_1_20' title='bbox 3194 457 3304 499; x_wconf 93' lang='lat' dir='ltr'><strong>non</strong></span> <span class='ocrx_word' id='word_1_21' title='bbox 3333 441 3635 506; x_wconf 81' lang='lat' dir='ltr'><strong>cedebant,</strong></span> 
     </span>
    </p>
   </div>
   <div class='ocr_carea' id='block_1_5' title="bbox 376 531 1945 605">
    <p class='ocr_par' dir='ltr' id='par_1_5' title="bbox 376 531 1945 605">
     <span class='ocr_line' id='line_1_5' title="bbox 376 531 1945 605; baseline -0.011 -6"><span class='ocrx_word' id='word_1_22' title='bbox 376 545 515 599; x_wconf 83' lang='lat' dir='ltr'><strong>meis</strong></span> <span class='ocrx_word' id='word_1_23' title='bbox 549 543 820 605; x_wconf 89' lang='lat' dir='ltr'><strong>manibus,</strong></span> <span class='ocrx_word' id='word_1_24' title='bbox 852 551 912 596; x_wconf 84' lang='lat' dir='ltr'><strong>ut</strong></span> <span class='ocrx_word' id='word_1_25' title='bbox 935 542 1035 594; x_wconf 81' lang='lat' dir='ltr'><strong>mei</strong></span> <span class='ocrx_word' id='word_1_26' title='bbox 1068 538 1403 593; x_wconf 90' lang='lat' dir='ltr'><strong>memineris.</strong></span> <span class='ocrx_word' id='word_1_27' title='bbox 1439 533 1743 587; x_wconf 87' lang='lat' dir='ltr'><strong>Nihilenim</strong></span> <span class='ocrx_word' id='word_1_28' title='bbox 1772 531 1945 583; x_wconf 84' lang='lat' dir='ltr'><strong>habeo</strong></span> 
     </span>
    </p>
   </div>
   <div class='ocr_carea' id='block_1_6' title="bbox 377 617 1947 695">
    <p class='ocr_par' dir='ltr' id='par_1_6' title="bbox 377 617 1947 695">
     <span class='ocr_line' id='line_1_6' title="bbox 377 617 1947 695; baseline -0.009 -14"><span class='ocrx_word' id='word_1_29' title='bbox 377 627 523 681; x_wconf 84' lang='lat' dir='ltr'><strong>aliud</strong></span> <span class='ocrx_word' id='word_1_30' title='bbox 551 626 694 695; x_wconf 88' lang='lat' dir='ltr'><strong>quod</strong></span> <span class='ocrx_word' id='word_1_31' title='bbox 726 625 823 679; x_wconf 82' lang='lat' dir='ltr'><strong>tibi</strong></span> <span class='ocrx_word' id='word_1_32' title='bbox 853 624 1174 691; x_wconf 79' lang='lat' dir='ltr'><strong>relinquam.</strong></span> <span class='ocrx_word' id='word_1_33' title='bbox 1210 621 1274 674; x_wconf 86' lang='lat' dir='ltr'><strong>Et</strong></span> <span class='ocrx_word' id='word_1_34' title='bbox 1305 634 1427 673; x_wconf 85' lang='lat' dir='ltr'><strong>cum</strong></span> <span class='ocrx_word' id='word_1_35' title='bbox 1460 618 1561 671; x_wconf 91' lang='lat' dir='ltr'><strong>hoc</strong></span> <span class='ocrx_word' id='word_1_36' title='bbox 1590 617 1834 675; x_wconf 65' lang='lat' dir='ltr'><strong>dixisset,</strong></span> <span class='ocrx_word' id='word_1_37' title='bbox 1862 630 1947 669; x_wconf 81' lang='lat' dir='ltr'><strong>ex-</strong></span> 
     </span>
    </p>
   </div>
   <div class='ocr_carea' id='block_1_7' title="bbox 378 702 1944 772">
    <p class='ocr_par' dir='ltr' id='par_1_7' title="bbox 378 702 1944 772">
     <span class='ocr_line' id='line_1_7' title="bbox 378 702 1944 772; baseline -0.006 -9"><span class='ocrx_word' id='word_1_38' title='bbox 378 711 523 763; x_wconf 80' lang='lat' dir='ltr'><strong>cedit</strong></span> <span class='ocrx_word' id='word_1_39' title='bbox 561 710 679 763; x_wconf 84' lang='lat' dir='ltr'><strong>sine</strong></span> <span class='ocrx_word' id='word_1_40' title='bbox 714 708 884 772; x_wconf 83' lang='lat' dir='ltr'><strong>febre,</strong></span> <span class='ocrx_word' id='word_1_41' title='bbox 917 724 1039 761; x_wconf 91' lang='lat' dir='ltr'><strong>cum</strong></span> <span class='ocrx_word' id='word_1_42' title='bbox 1083 714 1228 761; x_wconf 88' lang='lat' dir='ltr'><strong>esset</strong></span> <span class='ocrx_word' id='word_1_43' title='bbox 1266 720 1535 758; x_wconf 90' lang='lat' dir='ltr'><strong>annorum</strong></span> <span class='ocrx_word' id='word_1_44' title='bbox 1583 702 1944 770; x_wconf 79' lang='lat' dir='ltr'><strong>septuaginta,</strong></span> 
     </span>
    </p>
   </div>
   <div class='ocr_carea' id='block_1_8' title="bbox 380 790 1948 859">
    <p class='ocr_par' dir='ltr' id='par_1_8' title="bbox 380 790 1948 859">
     <span class='ocr_line' id='line_1_8' title="bbox 380 790 1948 859; baseline -0.006 -11"><span class='ocrx_word' id='word_1_45' title='bbox 380 795 611 849; x_wconf 90' lang='lat' dir='ltr'><strong>Domino</strong></span> <span class='ocrx_word' id='word_1_46' title='bbox 634 793 1024 848; x_wconf 82' lang='lat' dir='ltr'><strong>commendans</strong></span> <span class='ocrx_word' id='word_1_47' title='bbox 1053 790 1323 859; x_wconf 83' lang='lat' dir='ltr'><strong>Spiritum.</strong></span> <span class='ocrx_word' id='word_1_48' title='bbox 1358 791 1527 853; x_wconf 86' lang='lat' dir='ltr'><strong>Quem</strong></span> <span class='ocrx_word' id='word_1_49' title='bbox 1562 802 1684 839; x_wconf 90' lang='lat' dir='ltr'><strong>cum</strong></span> <span class='ocrx_word' id='word_1_50' title='bbox 1721 801 1821 855; x_wconf 90' lang='lat' dir='ltr'><strong>ego</strong></span> <span class='ocrx_word' id='word_1_51' title='bbox 1853 802 1948 840; x_wconf 91' lang='lat' dir='ltr'><strong>cu-</strong></span> 
     </span>
    </p>
   </div>
   <div class='ocr_carea' id='block_1_9' title="bbox 380 874 1950 950">
    <p class='ocr_par' dir='ltr' id='par_1_9' title="bbox 380 874 1950 950">
     <span class='ocr_line' id='line_1_9' title="bbox 380 874 1950 950; baseline -0.005 -15"><span class='ocrx_word' id='word_1_52' title='bbox 380 898 584 937; x_wconf 90' lang='lat' dir='ltr'><strong>rassem</strong></span> <span class='ocrx_word' id='word_1_53' title='bbox 617 882 751 950; x_wconf 76' lang='lat'><strong>(28),</strong></span> <span class='ocrx_word' id='word_1_54' title='bbox 786 889 841 935; x_wconf 90' lang='lat' dir='ltr'><strong>et</strong></span> <span class='ocrx_word' id='word_1_55' title='bbox 874 880 1055 933; x_wconf 90' lang='lat' dir='ltr'><strong>linteis</strong></span> <span class='ocrx_word' id='word_1_56' title='bbox 1088 877 1261 932; x_wconf 87' lang='lat' dir='ltr'><strong>sancti</strong></span> <span class='ocrx_word' id='word_1_57' title='bbox 1291 892 1488 945; x_wconf 89' lang='lat' dir='ltr'><strong>corpus</strong></span> <span class='ocrx_word' id='word_1_58' title='bbox 1523 874 1869 928; x_wconf 86' lang='lat' dir='ltr'><strong>involvissem</strong></span> <span class='ocrx_word' id='word_1_59' title='bbox 1896 880 1950 927; x_wconf 89' lang='lat' dir='ltr'><strong>et</strong></span> 
     </span>
    </p>
   </div>
   <div class='ocr_carea' id='block_1_10' title="bbox 380 956 1948 1035">
    <p class='ocr_par' dir='ltr' id='par_1_10' title="bbox 380 956 1948 1035">
     <span class='ocr_line' id='line_1_10' title="bbox 380 956 1948 1035; baseline -0.008 -15"><span class='ocrx_word' id='word_1_60' title='bbox 380 966 780 1035; x_wconf 89' lang='lat' dir='ltr'><strong>deposuissem,</strong></span> <span class='ocrx_word' id='word_1_61' title='bbox 826 963 1027 1017; x_wconf 86' lang='lat' dir='ltr'><strong>recessi</strong></span> <span class='ocrx_word' id='word_1_62' title='bbox 1070 977 1099 1015; x_wconf 93' lang='lat' dir='ltr'><strong>a</strong></span> <span class='ocrx_word' id='word_1_63' title='bbox 1139 961 1451 1024; x_wconf 87' lang='lat' dir='ltr'><strong>solitudine,</strong></span> <span class='ocrx_word' id='word_1_64' title='bbox 1494 973 1662 1026; x_wconf 89' lang='lat' dir='ltr'><strong>usque</strong></span> <span class='ocrx_word' id='word_1_65' title='bbox 1702 957 1768 1010; x_wconf 90' lang='lat' dir='ltr'><strong>ad</strong></span> <span class='ocrx_word' id='word_1_66' title='bbox 1806 956 1948 1009; x_wconf 90' lang='lat' dir='ltr'><strong>diem</strong></span> 
     </span>
    </p>
   </div>
   <div class='ocr_carea' id='block_1_11' title="bbox 381 1044 1949 1114">
    <p class='ocr_par' dir='ltr' id='par_1_11' title="bbox 381 1044 1949 1114">
     <span class='ocr_line' id='line_1_11' title="bbox 381 1044 1949 1114; baseline -0.006 -9"><span class='ocrx_word' id='word_1_67' title='bbox 381 1052 571 1105; x_wconf 88' lang='lat' dir='ltr'><strong>mortis</strong></span> <span class='ocrx_word' id='word_1_68' title='bbox 603 1066 815 1105; x_wconf 90' lang='lat' dir='ltr'><strong>mecum</strong></span> <span class='ocrx_word' id='word_1_69' title='bbox 859 1050 1065 1104; x_wconf 90' lang='lat' dir='ltr'><strong>habens</strong></span> <span class='ocrx_word' id='word_1_70' title='bbox 1105 1047 1249 1100; x_wconf 88' lang='lat' dir='ltr'><strong>illam</strong></span> <span class='ocrx_word' id='word_1_71' title='bbox 1284 1053 1543 1114; x_wconf 86' lang='lat' dir='ltr'><strong>sportam.</strong></span> <span class='ocrx_word' id='word_1_72' title='bbox 1580 1044 1678 1098; x_wconf 83' lang='lat' dir='ltr'><strong>Hic</strong></span> <span class='ocrx_word' id='word_1_73' title='bbox 1710 1044 1949 1098; x_wconf 87' lang='lat' dir='ltr'><strong>Pambon</strong></span> 
     </span>
    </p>
   </div>
   <div class='ocr_carea' id='block_1_12' title="bbox 380 1130 1947 1199">
    <p class='ocr_par' dir='ltr' id='par_1_12' title="bbox 380 1130 1947 1199">
     <span class='ocr_line' id='line_1_12' title="bbox 380 1130 1947 1199; baseline -0.006 -12"><span class='ocrx_word' id='word_1_74' title='bbox 380 1151 504 1188; x_wconf 84' lang='lat' dir='ltr'><strong>eum</strong></span> <span class='ocrx_word' id='word_1_75' title='bbox 530 1144 673 1188; x_wconf 90' lang='lat' dir='ltr'><strong>esset</strong></span> <span class='ocrx_word' id='word_1_76' title='bbox 705 1135 1023 1195; x_wconf 91' lang='lat' dir='ltr'><strong>moriturus,</strong></span> <span class='ocrx_word' id='word_1_77' title='bbox 1053 1131 1107 1184; x_wconf 93' lang='lat' dir='ltr'><strong>in</strong></span> <span class='ocrx_word' id='word_1_78' title='bbox 1160 1130 1276 1199; x_wconf 91' lang='lat' dir='ltr'><strong>ipsa</strong></span> <span class='ocrx_word' id='word_1_79' title='bbox 1328 1130 1459 1183; x_wconf 90' lang='lat' dir='ltr'><strong>hora</strong></span> <span class='ocrx_word' id='word_1_80' title='bbox 1504 1143 1782 1193; x_wconf 77' lang='lat' dir='ltr'><strong>excessus,</strong></span> <span class='ocrx_word' id='word_1_81' title='bbox 1823 1142 1947 1182; x_wconf 88' lang='lat' dir='ltr'><strong>eum</strong></span> 
     </span>
    </p>
   </div>
   <div class='ocr_carea' id='block_1_13' title="bbox 379 1211 1951 1285">
    <p class='ocr_par' dir='ltr' id='par_1_13' title="bbox 379 1211 1951 1285">
     <span class='ocr_line' id='line_1_13' title="bbox 379 1211 1951 1285; baseline -0.006 -13"><span class='ocrx_word' id='word_1_82' title='bbox 379 1218 857 1272; x_wconf 88' lang='lat' dir='ltr'><strong>circumstantibus</strong></span> <span class='ocrx_word' id='word_1_83' title='bbox 873 1214 1101 1285; x_wconf 81' lang='lat' dir='ltr'><strong>Origene</strong></span> <span class='ocrx_word' id='word_1_84' title='bbox 1114 1214 1428 1283; x_wconf 83' lang='lat' dir='ltr'><strong>presbytero</strong></span> <span class='ocrx_word' id='word_1_85' title='bbox 1444 1228 1507 1267; x_wconf 86' lang='lat' dir='ltr'><strong>ac</strong></span> <span class='ocrx_word' id='word_1_86' title='bbox 1520 1226 1803 1266; x_wconf 88' lang='lat' dir='ltr'><strong>oeconomo</strong></span> <span class='ocrx_word' id='word_1_87' title='bbox 1816 1211 1951 1276; x_wconf 65' lang='lat'><strong>(99),</strong></span> 
     </span>
    </p>
   </div>
   <div class='ocr_carea' id='block_1_14' title="bbox 379 1295 1952 1368">
    <p class='ocr_par' dir='ltr' id='par_1_14' title="bbox 379 1295 1952 1368">
     <span class='ocr_line' id='line_1_14' title="bbox 379 1295 1952 1368; baseline -0.003 -15"><span class='ocrx_word' id='word_1_88' title='bbox 379 1311 437 1353; x_wconf 91' lang='lat' dir='ltr'><strong>et</strong></span> <span class='ocrx_word' id='word_1_89' title='bbox 466 1301 754 1355; x_wconf 90' lang='lat' dir='ltr'><strong>Ammonio</strong></span> <span class='ocrx_word' id='word_1_90' title='bbox 780 1300 913 1355; x_wconf 90' lang='lat' dir='ltr'><strong>viris</strong></span> <span class='ocrx_word' id='word_1_91' title='bbox 936 1300 1168 1368; x_wconf 76' lang='lat' dir='ltr'><strong>inclytis,</strong></span> <span class='ocrx_word' id='word_1_92' title='bbox 1198 1310 1251 1353; x_wconf 90' lang='lat' dir='ltr'><strong>et</strong></span> <span class='ocrx_word' id='word_1_93' title='bbox 1276 1298 1499 1367; x_wconf 88' lang='lat' dir='ltr'><strong>reliquis</strong></span> <span class='ocrx_word' id='word_1_94' title='bbox 1523 1296 1798 1361; x_wconf 84' lang='lat' dir='ltr'><strong>fratribus,</strong></span> <span class='ocrx_word' id='word_1_95' title='bbox 1818 1295 1952 1348; x_wconf 88' lang='lat' dir='ltr'><strong>dici-</strong></span> 
     </span>
    </p>
   </div>
   <div class='ocr_carea' id='block_1_15' title="bbox 379 1378 1956 1451">
    <p class='ocr_par' dir='ltr' id='par_1_15' title="bbox 379 1378 1956 1451">
     <span class='ocr_line' id='line_1_15' title="bbox 379 1378 1956 1451; baseline -0.004 -14"><span class='ocrx_word' id='word_1_96' title='bbox 379 1394 471 1437; x_wconf 90' lang='lat' dir='ltr'><strong>tur</strong></span> <span class='ocrx_word' id='word_1_97' title='bbox 497 1384 602 1439; x_wconf 88' lang='lat' dir='ltr'><strong>hoc</strong></span> <span class='ocrx_word' id='word_1_98' title='bbox 631 1383 869 1438; x_wconf 75' lang='lat' dir='ltr'><strong>dixisse:</strong></span> <span class='ocrx_word' id='word_1_99' title='bbox 907 1384 986 1437; x_wconf 81' lang='lat' dir='ltr'><strong>Ex</strong></span> <span class='ocrx_word' id='word_1_100' title='bbox 1018 1398 1126 1451; x_wconf 91' lang='lat' dir='ltr'><strong>quo</strong></span> <span class='ocrx_word' id='word_1_101' title='bbox 1146 1382 1268 1435; x_wconf 87' lang='lat' dir='ltr'><strong>veni</strong></span> <span class='ocrx_word' id='word_1_102' title='bbox 1299 1381 1353 1433; x_wconf 91' lang='lat' dir='ltr'><strong>in</strong></span> <span class='ocrx_word' id='word_1_103' title='bbox 1382 1381 1527 1433; x_wconf 88' lang='lat' dir='ltr'><strong>hunc</strong></span> <span class='ocrx_word' id='word_1_104' title='bbox 1562 1379 1738 1433; x_wconf 88' lang='lat' dir='ltr'><strong>locmn</strong></span> <span class='ocrx_word' id='word_1_105' title='bbox 1769 1378 1956 1431; x_wconf 89' lang='lat' dir='ltr'><strong>solitu-</strong></span> 
     </span>
    </p>
   </div>
   <div class='ocr_carea' id='block_1_16' title="bbox 318 1462 1951 1539">
    <p class='ocr_par' dir='ltr' id='par_1_16' title="bbox 318 1462 1951 1539">
     <span class='ocr_line' id='line_1_16' title="bbox 318 1462 1951 1539; baseline -0.004 -18"><span class='ocrx_word' id='word_1_106' title='bbox 318 1530 327 1539; x_wconf 18' lang='grc' dir='ltr'><strong>,η</strong></span> <span class='ocrx_word' id='word_1_107' title='bbox 380 1468 544 1533; x_wconf 92' lang='lat' dir='ltr'><strong>dinis,</strong></span> <span class='ocrx_word' id='word_1_108' title='bbox 589 1477 643 1522; x_wconf 92' lang='lat' dir='ltr'><strong>et</strong></span> <span class='ocrx_word' id='word_1_109' title='bbox 691 1483 866 1521; x_wconf 87' lang='lat' dir='ltr'><strong>meam</strong></span> <span class='ocrx_word' id='word_1_110' title='bbox 903 1467 1163 1521; x_wconf 75' lang='lat' dir='ltr'><strong>aedificavi</strong></span> <span class='ocrx_word' id='word_1_111' title='bbox 1200 1468 1413 1526; x_wconf 83' lang='lat' dir='ltr'><strong>cellam,</strong></span> <span class='ocrx_word' id='word_1_112' title='bbox 1456 1473 1509 1517; x_wconf 91' lang='lat' dir='ltr'><strong>et</strong></span> <span class='ocrx_word' id='word_1_113' title='bbox 1557 1463 1646 1517; x_wconf 93' lang='lat' dir='ltr'><strong>hic</strong></span> <span class='ocrx_word' id='word_1_114' title='bbox 1690 1462 1951 1530; x_wconf 89' lang='lat' dir='ltr'><strong>habitavi,</strong></span> 
     </span>
    </p>
   </div>
   <div class='ocr_carea' id='block_1_17' title="bbox 320 1548 1954 1620">
    <p class='ocr_par' dir='ltr' id='par_1_17' title="bbox 320 1548 1954 1620">
     <span class='ocr_line' id='line_1_17' title="bbox 320 1548 1954 1620; baseline -0.003 -15"><span class='ocrx_word' id='word_1_115' title='bbox 320 1552 325 1571; x_wconf 79' lang='grc'><strong><em>⁷</em></strong></span> <span class='ocrx_word' id='word_1_116' title='bbox 378 1552 561 1606; x_wconf 90' lang='lat' dir='ltr'><strong>nullus</strong></span> <span class='ocrx_word' id='word_1_117' title='bbox 591 1551 694 1605; x_wconf 92' lang='lat' dir='ltr'><strong>fuit</strong></span> <span class='ocrx_word' id='word_1_118' title='bbox 716 1552 832 1604; x_wconf 92' lang='lat' dir='ltr'><strong>dies</strong></span> <span class='ocrx_word' id='word_1_119' title='bbox 853 1566 961 1620; x_wconf 91' lang='lat' dir='ltr'><strong>quo</strong></span> <span class='ocrx_word' id='word_1_120' title='bbox 997 1566 1106 1604; x_wconf 91' lang='lat' dir='ltr'><strong>non</strong></span> <span class='ocrx_word' id='word_1_121' title='bbox 1140 1550 1338 1619; x_wconf 89' lang='lat' dir='ltr'><strong>aliquid</strong></span> <span class='ocrx_word' id='word_1_122' title='bbox 1366 1550 1547 1617; x_wconf 91' lang='lat' dir='ltr'><strong>operis</strong></span> <span class='ocrx_word' id='word_1_123' title='bbox 1574 1550 1791 1604; x_wconf 82' lang='lat' dir='ltr'><strong>fecerim</strong></span> <span class='ocrx_word' id='word_1_124' title='bbox 1817 1548 1954 1602; x_wconf 86' lang='lat' dir='ltr'><strong>meis</strong></span> 
     </span>
    </p>
   </div>
   <div class='ocr_carea' id='block_1_18' title="bbox 308 1623 1954 1701">
    <p class='ocr_par' dir='ltr' id='par_1_18' title="bbox 308 1623 1954 1701">
     <span class='ocr_line' id='line_1_18' title="bbox 308 1623 1954 1701; baseline 0 -18"><span class='ocrx_word' id='word_1_125' title='bbox 308 1623 336 1683; x_wconf 67' lang='grc'><strong>,⁷</strong></span> <span class='ocrx_word' id='word_1_126' title='bbox 378 1634 671 1688; x_wconf 87' lang='lat' dir='ltr'><strong>manibus:</strong></span> <span class='ocrx_word' id='word_1_127' title='bbox 725 1649 826 1687; x_wconf 92' lang='lat' dir='ltr'><strong>nec</strong></span> <span class='ocrx_word' id='word_1_128' title='bbox 854 1634 1076 1688; x_wconf 90' lang='lat' dir='ltr'><strong>memini</strong></span> <span class='ocrx_word' id='word_1_129' title='bbox 1102 1648 1188 1686; x_wconf 91' lang='lat' dir='ltr'><strong>me</strong></span> <span class='ocrx_word' id='word_1_130' title='bbox 1237 1633 1304 1686; x_wconf 91' lang='lat' dir='ltr'><strong>ab</strong></span> <span class='ocrx_word' id='word_1_131' title='bbox 1334 1633 1515 1700; x_wconf 91' lang='lat' dir='ltr'><strong>aliquo</strong></span> <span class='ocrx_word' id='word_1_132' title='bbox 1553 1647 1749 1701; x_wconf 89' lang='lat' dir='ltr'><strong>panem</strong></span> <span class='ocrx_word' id='word_1_133' title='bbox 1789 1631 1954 1701; x_wconf 80' lang='lat' dir='ltr'><strong>gratis</strong></span> 
     </span>
    </p>
   </div>
   <div class='ocr_carea' id='block_1_19' title="bbox 379 1715 1955 1783">
    <p class='ocr_par' dir='ltr' id='par_1_19' title="bbox 379 1715 1955 1783">
     <span class='ocr_line' id='line_1_19' title="bbox 379 1715 1955 1783; baseline -0.002 -13"><span class='ocrx_word' id='word_1_134' title='bbox 379 1718 567 1770; x_wconf 88' lang='lat' dir='ltr'><strong>datum</strong></span> <span class='ocrx_word' id='word_1_135' title='bbox 598 1719 944 1782; x_wconf 88' lang='lat' dir='ltr'><strong>comedisse;</strong></span> <span class='ocrx_word' id='word_1_136' title='bbox 976 1732 1077 1771; x_wconf 89' lang='lat' dir='ltr'><strong>nec</strong></span> <span class='ocrx_word' id='word_1_137' title='bbox 1105 1732 1192 1770; x_wconf 91' lang='lat' dir='ltr'><strong>me</strong></span> <span class='ocrx_word' id='word_1_138' title='bbox 1226 1717 1279 1769; x_wconf 93' lang='lat' dir='ltr'><strong>in</strong></span> <span class='ocrx_word' id='word_1_139' title='bbox 1313 1718 1454 1770; x_wconf 90' lang='lat' dir='ltr'><strong>hanc</strong></span> <span class='ocrx_word' id='word_1_140' title='bbox 1492 1718 1681 1770; x_wconf 90' lang='lat' dir='ltr'><strong>horam</strong></span> <span class='ocrx_word' id='word_1_141' title='bbox 1725 1715 1955 1783; x_wconf 86' lang='lat' dir='ltr'><strong>poenitet</strong></span> 
     </span>
    </p>
   </div>
   <div class='ocr_carea' id='block_1_20' title="bbox 2048 528 3635 602">
    <p class='ocr_par' dir='ltr' id='par_1_20' title="bbox 2048 528 3635 602">
     <span class='ocr_line' id='line_1_20' title="bbox 2048 528 3635 602; baseline -0.001 -18"><span class='ocrx_word' id='word_1_142' title='bbox 2048 532 2179 599; x_wconf 87' lang='lat' dir='ltr'><strong>ipsis</strong></span> <span class='ocrx_word' id='word_1_143' title='bbox 2203 532 2535 596; x_wconf 79' lang='lat' dir='ltr'><strong>videntibus,</strong></span> <span class='ocrx_word' id='word_1_144' title='bbox 2557 543 2773 602; x_wconf 89' lang='lat' dir='ltr'><strong>arrepto</strong></span> <span class='ocrx_word' id='word_1_145' title='bbox 2801 532 2986 587; x_wconf 82' lang='lat' dir='ltr'><strong>forﬁce</strong></span> <span class='ocrx_word' id='word_1_146' title='bbox 3006 532 3284 586; x_wconf 88' lang='lat' dir='ltr'><strong>sinistram</strong></span> <span class='ocrx_word' id='word_1_147' title='bbox 3312 542 3498 581; x_wconf 91' lang='lat' dir='ltr'><strong>aurem</strong></span> <span class='ocrx_word' id='word_1_148' title='bbox 3518 528 3635 582; x_wconf 87' lang='lat' dir='ltr'><strong>sibi</strong></span> 
     </span>
    </p>
   </div>
   <div class='ocr_carea' id='block_1_21' title="bbox 2047 609 3643 685">
    <p class='ocr_par' dir='ltr' id='par_1_21' title="bbox 2047 609 3643 685">
     <span class='ocr_line' id='line_1_21' title="bbox 2047 609 3643 685; baseline -0.003 -18"><span class='ocrx_word' id='word_1_149' title='bbox 2047 614 2282 668; x_wconf 89' lang='lat' dir='ltr'><strong>abscidit</strong></span> <span class='ocrx_word' id='word_1_150' title='bbox 2302 615 2552 669; x_wconf 89' lang='lat' dir='ltr'><strong>adimum</strong></span> <span class='ocrx_word' id='word_1_151' title='bbox 2578 631 2771 685; x_wconf 88' lang='lat' dir='ltr'><strong>usque,</strong></span> <span class='ocrx_word' id='word_1_152' title='bbox 2790 616 2870 670; x_wconf 92' lang='lat' dir='ltr'><strong>eis</strong></span> <span class='ocrx_word' id='word_1_153' title='bbox 2897 616 3085 669; x_wconf 89' lang='lat' dir='ltr'><strong>dicens</strong></span> <span class='ocrx_word' id='word_1_154' title='bbox 3110 634 3124 669; x_wconf 92' lang='lat'><strong>:</strong></span> <span class='ocrx_word' id='word_1_155' title='bbox 3155 613 3312 667; x_wconf 88' lang='lat' dir='ltr'><strong>Nunc</strong></span> <span class='ocrx_word' id='word_1_156' title='bbox 3337 609 3643 680; x_wconf 79' lang='lat' dir='ltr'><strong>intelligito</strong></span> 
     </span>
    </p>
   </div>
   <div class='ocr_carea' id='block_1_22' title="bbox 2050 692 3643 771">
    <p class='ocr_par' dir='ltr' id='par_1_22' title="bbox 2050 692 3643 771">
     <span class='ocr_line' id='line_1_22' title="bbox 2050 692 3643 771; baseline -0.004 -21"><span class='ocrx_word' id='word_1_157' title='bbox 2050 697 2165 751; x_wconf 86' lang='lat' dir='ltr'><strong>lieri</strong></span> <span class='ocrx_word' id='word_1_158' title='bbox 2198 714 2307 751; x_wconf 92' lang='lat' dir='ltr'><strong>non</strong></span> <span class='ocrx_word' id='word_1_159' title='bbox 2332 714 2491 768; x_wconf 89' lang='lat' dir='ltr'><strong>posse</strong></span> <span class='ocrx_word' id='word_1_160' title='bbox 2513 708 2571 753; x_wconf 92' lang='lat' dir='ltr'><strong>ut</strong></span> <span class='ocrx_word' id='word_1_161' title='bbox 2593 716 2692 771; x_wconf 86' lang='lat' dir='ltr'><strong>ego</strong></span> <span class='ocrx_word' id='word_1_162' title='bbox 2715 700 2837 753; x_wconf 87' lang='lat' dir='ltr'><strong>ﬁam</strong></span> <span class='ocrx_word' id='word_1_163' title='bbox 2868 700 3013 768; x_wconf 90' lang='lat' dir='ltr'><strong>quod</strong></span> <span class='ocrx_word' id='word_1_164' title='bbox 3044 714 3129 752; x_wconf 90' lang='lat' dir='ltr'><strong>me</strong></span> <span class='ocrx_word' id='word_1_165' title='bbox 3149 696 3361 766; x_wconf 87' lang='lat' dir='ltr'><strong>cogitis,</strong></span> <span class='ocrx_word' id='word_1_166' title='bbox 3389 708 3514 748; x_wconf 89' lang='lat' dir='ltr'><strong>cum</strong></span> <span class='ocrx_word' id='word_1_167' title='bbox 3542 692 3643 745; x_wconf 77' lang='lat' dir='ltr'><strong>lex</strong></span> 
     </span>
    </p>
   </div>
   <div class='ocr_carea' id='block_1_23' title="bbox 2048 777 3643 852">
    <p class='ocr_par' dir='ltr' id='par_1_23' title="bbox 2048 777 3643 852">
     <span class='ocr_line' id='line_1_23' title="bbox 2048 777 3643 852; baseline -0.004 -18"><span class='ocrx_word' id='word_1_168' title='bbox 2048 782 2339 849; x_wconf 87' lang='lat' dir='ltr'><strong>prohibeat</strong></span> <span class='ocrx_word' id='word_1_169' title='bbox 2364 799 2434 836; x_wconf 87' lang='lat' dir='ltr'><strong>ne</strong></span> <span class='ocrx_word' id='word_1_170' title='bbox 2459 784 2527 838; x_wconf 90' lang='lat' dir='ltr'><strong>ad</strong></span> <span class='ocrx_word' id='word_1_171' title='bbox 2552 784 2918 838; x_wconf 89' lang='lat' dir='ltr'><strong>sacerdotium</strong></span> <span class='ocrx_word' id='word_1_172' title='bbox 2948 782 3283 852; x_wconf 79' lang='lat' dir='ltr'><strong>provehatur</strong></span> <span class='ocrx_word' id='word_1_173' title='bbox 3311 779 3358 834; x_wconf 90' lang='lat' dir='ltr'><strong>is</strong></span> <span class='ocrx_word' id='word_1_174' title='bbox 3380 777 3470 833; x_wconf 91' lang='lat' dir='ltr'><strong>cui</strong></span> <span class='ocrx_word' id='word_1_175' title='bbox 3497 783 3643 830; x_wconf 86' lang='lat' dir='ltr'><strong>sunt</strong></span> 
     </span>
    </p>
   </div>
   <div class='ocr_carea' id='block_1_24' title="bbox 2049 862 3642 935">
    <p class='ocr_par' dir='ltr' id='par_1_24' title="bbox 2049 862 3642 935">
     <span class='ocr_line' id='line_1_24' title="bbox 2049 862 3642 935; baseline -0.002 -21"><span class='ocrx_word' id='word_1_176' title='bbox 2049 877 2209 917; x_wconf 89' lang='lat' dir='ltr'><strong>aures</strong></span> <span class='ocrx_word' id='word_1_177' title='bbox 2238 874 2551 935; x_wconf 64' lang='lat' dir='ltr'><strong>amputataa.</strong></span> <span class='ocrx_word' id='word_1_178' title='bbox 2577 866 2713 921; x_wconf 88' lang='lat' dir='ltr'><strong>Cum</strong></span> <span class='ocrx_word' id='word_1_179' title='bbox 2738 866 2816 921; x_wconf 93' lang='lat' dir='ltr'><strong>sic</strong></span> <span class='ocrx_word' id='word_1_180' title='bbox 2839 881 2969 935; x_wconf 89' lang='lat' dir='ltr'><strong>ergo</strong></span> <span class='ocrx_word' id='word_1_181' title='bbox 2998 881 3122 919; x_wconf 90' lang='lat' dir='ltr'><strong>eum</strong></span> <span class='ocrx_word' id='word_1_182' title='bbox 3152 862 3508 924; x_wconf 84' lang='lat' dir='ltr'><strong>dimisissent,</strong></span> <span class='ocrx_word' id='word_1_183' title='bbox 3544 872 3642 912; x_wconf 83' lang='lat' dir='ltr'><strong>re-</strong></span> 
     </span>
    </p>
   </div>
   <div class='ocr_carea' id='block_1_25' title="bbox 2050 946 3641 1021">
    <p class='ocr_par' dir='ltr' id='par_1_25' title="bbox 2050 946 3641 1021">
     <span class='ocr_line' id='line_1_25' title="bbox 2050 946 3641 1021; baseline -0.003 -20"><span class='ocrx_word' id='word_1_184' title='bbox 2050 960 2357 1016; x_wconf 89' lang='lat' dir='ltr'><strong>cesserunt,</strong></span> <span class='ocrx_word' id='word_1_185' title='bbox 2384 962 2440 1006; x_wconf 92' lang='lat' dir='ltr'><strong>et</strong></span> <span class='ocrx_word' id='word_1_186' title='bbox 2458 953 2523 1007; x_wconf 93' lang='lat' dir='ltr'><strong>ad</strong></span> <span class='ocrx_word' id='word_1_187' title='bbox 2553 953 2873 1021; x_wconf 88' lang='lat' dir='ltr'><strong>episcopum</strong></span> <span class='ocrx_word' id='word_1_188' title='bbox 2897 951 3180 1005; x_wconf 83' lang='lat' dir='ltr'><strong>venientes</strong></span> <span class='ocrx_word' id='word_1_189' title='bbox 3202 948 3317 1003; x_wconf 56' lang='lat' dir='ltr'><strong>haec</strong></span> <span class='ocrx_word' id='word_1_190' title='bbox 3341 946 3390 1001; x_wconf 88' lang='lat' dir='ltr'><strong>ei</strong></span> <span class='ocrx_word' id='word_1_191' title='bbox 3419 959 3641 999; x_wconf 86' lang='lat' dir='ltr'><strong>renun-</strong></span> 
     </span>
    </p>
   </div>
   <div class='ocr_carea' id='block_1_26' title="bbox 2051 1026 3639 1096">
    <p class='ocr_par' dir='ltr' id='par_1_26' title="bbox 2051 1026 3639 1096">
     <span class='ocr_line' id='line_1_26' title="bbox 2051 1026 3639 1096; baseline -0.002 -13"><span class='ocrx_word' id='word_1_192' title='bbox 2051 1032 2274 1088; x_wconf 90' lang='lat' dir='ltr'><strong>tiarunt.</strong></span> <span class='ocrx_word' id='word_1_193' title='bbox 2310 1035 2361 1089; x_wconf 89' lang='lat' dir='ltr'><strong>Is</strong></span> <span class='ocrx_word' id='word_1_194' title='bbox 2383 1045 2564 1090; x_wconf 90' lang='lat' dir='ltr'><strong>autem</strong></span> <span class='ocrx_word' id='word_1_195' title='bbox 2593 1037 2674 1091; x_wconf 90' lang='lat' dir='ltr'><strong>eis</strong></span> <span class='ocrx_word' id='word_1_196' title='bbox 2703 1036 2865 1090; x_wconf 87' lang='lat' dir='ltr'><strong>dicit:</strong></span> <span class='ocrx_word' id='word_1_197' title='bbox 2899 1034 3022 1088; x_wconf 70' lang='lat' dir='ltr'><strong>Ilaec</strong></span> <span class='ocrx_word' id='word_1_198' title='bbox 3056 1035 3141 1087; x_wconf 83' lang='lat' dir='ltr'><strong>lex</strong></span> <span class='ocrx_word' id='word_1_199' title='bbox 3173 1033 3225 1085; x_wconf 92' lang='lat' dir='ltr'><strong>in</strong></span> <span class='ocrx_word' id='word_1_200' title='bbox 3257 1046 3358 1085; x_wconf 92' lang='lat' dir='ltr'><strong>usu</strong></span> <span class='ocrx_word' id='word_1_201' title='bbox 3380 1030 3449 1083; x_wconf 88' lang='lat' dir='ltr'><strong>sit</strong></span> <span class='ocrx_word' id='word_1_202' title='bbox 3479 1026 3639 1096; x_wconf 88' lang='lat' dir='ltr'><strong>apud</strong></span> 
     </span>
    </p>
   </div>
   <div class='ocr_carea' id='block_1_27' title="bbox 2050 1108 3640 1170">
    <p class='ocr_par' dir='ltr' id='par_1_27' title="bbox 2050 1108 3640 1170">
     <span class='ocr_line' id='line_1_27' title="bbox 2050 1108 3640 1170; baseline -0.005 -2"><span class='ocrx_word' id='word_1_203' title='bbox 2050 1113 2287 1168; x_wconf 75' lang='lat' dir='ltr'><strong>Judzeos.</strong></span> <span class='ocrx_word' id='word_1_204' title='bbox 2322 1115 2452 1169; x_wconf 84' lang='lat' dir='ltr'><strong>Mihi</strong></span> <span class='ocrx_word' id='word_1_205' title='bbox 2474 1125 2653 1169; x_wconf 90' lang='lat' dir='ltr'><strong>autem</strong></span> <span class='ocrx_word' id='word_1_206' title='bbox 2686 1116 2729 1170; x_wconf 89' lang='lat' dir='ltr'><strong>si</strong></span> <span class='ocrx_word' id='word_1_207' title='bbox 2756 1116 2839 1169; x_wconf 86' lang='lat' dir='ltr'><strong>vel</strong></span> <span class='ocrx_word' id='word_1_208' title='bbox 2872 1125 3178 1168; x_wconf 90' lang='lat' dir='ltr'><strong>truncatum</strong></span> <span class='ocrx_word' id='word_1_209' title='bbox 3211 1111 3433 1164; x_wconf 87' lang='lat' dir='ltr'><strong>naribus</strong></span> <span class='ocrx_word' id='word_1_210' title='bbox 3453 1108 3640 1160; x_wconf 88' lang='lat' dir='ltr'><strong>addu-</strong></span> 
     </span>
    </p>
   </div>
   <div class='ocr_carea' id='block_1_28' title="bbox 2052 1191 3636 1267">
    <p class='ocr_par' dir='ltr' id='par_1_28' title="bbox 2052 1191 3636 1267">
     <span class='ocr_line' id='line_1_28' title="bbox 2052 1191 3636 1267; baseline -0.006 -16"><span class='ocrx_word' id='word_1_211' title='bbox 2052 1198 2245 1251; x_wconf 79' lang='lat' dir='ltr'><strong>xeritis</strong></span> <span class='ocrx_word' id='word_1_212' title='bbox 2273 1198 2365 1267; x_wconf 90' lang='lat' dir='ltr'><strong>qui</strong></span> <span class='ocrx_word' id='word_1_213' title='bbox 2401 1198 2471 1252; x_wconf 89' lang='lat' dir='ltr'><strong>sit</strong></span> <span class='ocrx_word' id='word_1_214' title='bbox 2511 1198 2672 1253; x_wconf 88' lang='lat' dir='ltr'><strong>bonis</strong></span> <span class='ocrx_word' id='word_1_215' title='bbox 2710 1198 2972 1258; x_wconf 85' lang='lat' dir='ltr'><strong>moribus,</strong></span> <span class='ocrx_word' id='word_1_216' title='bbox 3026 1212 3125 1266; x_wconf 87' lang='lat' dir='ltr'><strong>ego</strong></span> <span class='ocrx_word' id='word_1_217' title='bbox 3169 1210 3293 1248; x_wconf 92' lang='lat' dir='ltr'><strong>eum</strong></span> <span class='ocrx_word' id='word_1_218' title='bbox 3338 1191 3636 1245; x_wconf 90' lang='lat' dir='ltr'><strong>ordinabo.</strong></span> 
     </span>
    </p>
   </div>
   <div class='ocr_carea' id='block_1_29' title="bbox 2052 1278 3639 1351">
    <p class='ocr_par' dir='ltr' id='par_1_29' title="bbox 2052 1278 3639 1351">
     <span class='ocr_line' id='line_1_29' title="bbox 2052 1278 3639 1351; baseline -0.004 -19"><span class='ocrx_word' id='word_1_219' title='bbox 2052 1278 2258 1334; x_wconf 86' lang='lat' dir='ltr'><strong>Euutes</strong></span> <span class='ocrx_word' id='word_1_220' title='bbox 2289 1296 2416 1351; x_wconf 83' lang='lat' dir='ltr'><strong>ergo</strong></span> <span class='ocrx_word' id='word_1_221' title='bbox 2451 1296 2576 1335; x_wconf 91' lang='lat' dir='ltr'><strong>eum</strong></span> <span class='ocrx_word' id='word_1_222' title='bbox 2596 1296 2783 1334; x_wconf 91' lang='lat' dir='ltr'><strong>rursus</strong></span> <span class='ocrx_word' id='word_1_223' title='bbox 2816 1280 3095 1350; x_wconf 82' lang='lat' dir='ltr'><strong>rogabant.</strong></span> <span class='ocrx_word' id='word_1_224' title='bbox 3135 1278 3270 1333; x_wconf 88' lang='lat' dir='ltr'><strong>Cum</strong></span> <span class='ocrx_word' id='word_1_225' title='bbox 3298 1279 3413 1345; x_wconf 90' lang='lat' dir='ltr'><strong>ipse</strong></span> <span class='ocrx_word' id='word_1_226' title='bbox 3443 1284 3639 1327; x_wconf 87' lang='lat' dir='ltr'><strong>autem</strong></span> 
     </span>
    </p>
   </div>
   <div class='ocr_carea' id='block_1_30' title="bbox 2052 1355 3641 1435">
    <p class='ocr_par' dir='ltr' id='par_1_30' title="bbox 2052 1355 3641 1435">
     <span class='ocr_line' id='line_1_30' title="bbox 2052 1355 3641 1435; baseline -0.004 -18"><span class='ocrx_word' id='word_1_227' title='bbox 2052 1379 2161 1417; x_wconf 90' lang='lat' dir='ltr'><strong>non</strong></span> <span class='ocrx_word' id='word_1_228' title='bbox 2196 1373 2429 1434; x_wconf 87' lang='lat' dir='ltr'><strong>pareret,</strong></span> <span class='ocrx_word' id='word_1_229' title='bbox 2465 1365 2702 1435; x_wconf 86' lang='lat' dir='ltr'><strong>aggressi</strong></span> <span class='ocrx_word' id='word_1_230' title='bbox 2732 1374 2859 1419; x_wconf 91' lang='lat' dir='ltr'><strong>sunt</strong></span> <span class='ocrx_word' id='word_1_231' title='bbox 2886 1380 3009 1417; x_wconf 92' lang='lat' dir='ltr'><strong>eum</strong></span> <span class='ocrx_word' id='word_1_232' title='bbox 3038 1364 3122 1417; x_wconf 86' lang='lat' dir='ltr'><strong>vel</strong></span> <span class='ocrx_word' id='word_1_233' title='bbox 3165 1362 3215 1417; x_wconf 90' lang='lat' dir='ltr'><strong>vi</strong></span> <span class='ocrx_word' id='word_1_234' title='bbox 3259 1360 3551 1415; x_wconf 87' lang='lat' dir='ltr'><strong>adducere.</strong></span> <span class='ocrx_word' id='word_1_235' title='bbox 3584 1355 3641 1410; x_wconf 92' lang='lat' dir='ltr'><strong>Is</strong></span> 
     </span>
    </p>
   </div>
   <div class='ocr_carea' id='block_1_31' title="bbox 2054 1441 3639 1518">
    <p class='ocr_par' dir='ltr' id='par_1_31' title="bbox 2054 1441 3639 1518">
     <span class='ocr_line' id='line_1_31' title="bbox 2054 1441 3639 1518; baseline -0.006 -17"><span class='ocrx_word' id='word_1_236' title='bbox 2054 1458 2235 1503; x_wconf 89' lang='lat' dir='ltr'><strong>autem</strong></span> <span class='ocrx_word' id='word_1_237' title='bbox 2265 1450 2343 1504; x_wconf 91' lang='lat' dir='ltr'><strong>eis</strong></span> <span class='ocrx_word' id='word_1_238' title='bbox 2373 1450 2593 1518; x_wconf 85' lang='lat' dir='ltr'><strong>juravit,</strong></span> <span class='ocrx_word' id='word_1_239' title='bbox 2625 1449 2851 1504; x_wconf 84' lang='lat' dir='ltr'><strong>dicens:</strong></span> <span class='ocrx_word' id='word_1_240' title='bbox 2901 1448 2955 1502; x_wconf 91' lang='lat' dir='ltr'><strong>Si</strong></span> <span class='ocrx_word' id='word_1_241' title='bbox 2989 1464 3075 1501; x_wconf 93' lang='lat' dir='ltr'><strong>me</strong></span> <span class='ocrx_word' id='word_1_242' title='bbox 3114 1444 3429 1516; x_wconf 87' lang='lat' dir='ltr'><strong>cocgeritis,</strong></span> <span class='ocrx_word' id='word_1_243' title='bbox 3461 1441 3639 1495; x_wconf 88' lang='lat' dir='ltr'><strong>etiam</strong></span> 
     </span>
    </p>
   </div>
   <div class='ocr_carea' id='block_1_32' title="bbox 2055 1526 3641 1601">
    <p class='ocr_par' dir='ltr' id='par_1_32' title="bbox 2055 1526 3641 1601">
     <span class='ocr_line' id='line_1_32' title="bbox 2055 1526 3641 1601; baseline -0.004 -17"><span class='ocrx_word' id='word_1_244' title='bbox 2055 1532 2293 1601; x_wconf 86' lang='lat' dir='ltr'><strong>linguam</strong></span> <span class='ocrx_word' id='word_1_245' title='bbox 2330 1547 2502 1585; x_wconf 90' lang='lat' dir='ltr'><strong>meam</strong></span> <span class='ocrx_word' id='word_1_246' title='bbox 2537 1532 2870 1587; x_wconf 84' lang='lat' dir='ltr'><strong>exscindam.</strong></span> <span class='ocrx_word' id='word_1_247' title='bbox 2911 1532 2986 1583; x_wconf 89' lang='lat' dir='ltr'><strong>Eo</strong></span> <span class='ocrx_word' id='word_1_248' title='bbox 3014 1531 3196 1598; x_wconf 89' lang='lat' dir='ltr'><strong>itaque</strong></span> <span class='ocrx_word' id='word_1_249' title='bbox 3227 1537 3352 1597; x_wconf 89' lang='lat' dir='ltr'><strong>post</strong></span> <span class='ocrx_word' id='word_1_250' title='bbox 3394 1527 3512 1580; x_wconf 76' lang='lat' dir='ltr'><strong>Ilth</strong></span> <span class='ocrx_word' id='word_1_251' title='bbox 3549 1526 3641 1581; x_wconf 88' lang='lat' dir='ltr'><strong>di-</strong></span> 
     </span>
    </p>
   </div>
   <div class='ocr_carea' id='block_1_33' title="bbox 2056 1612 3645 1683">
    <p class='ocr_par' dir='ltr' id='par_1_33' title="bbox 2056 1612 3645 1683">
     <span class='ocr_line' id='line_1_33' title="bbox 2056 1612 3645 1683; baseline -0.001 -14"><span class='ocrx_word' id='word_1_252' title='bbox 2056 1616 2243 1677; x_wconf 88' lang='lat' dir='ltr'><strong>misso,</strong></span> <span class='ocrx_word' id='word_1_253' title='bbox 2279 1626 2647 1673; x_wconf 90' lang='lat' dir='ltr'><strong>recesserunt.</strong></span> <span class='ocrx_word' id='word_1_254' title='bbox 2692 1614 2864 1683; x_wconf 90' lang='lat' dir='ltr'><strong>llujus</strong></span> <span class='ocrx_word' id='word_1_255' title='bbox 2892 1614 3160 1668; x_wconf 83' lang='lat' dir='ltr'><strong>Ammonii</strong></span> <span class='ocrx_word' id='word_1_256' title='bbox 3193 1613 3367 1665; x_wconf 85' lang='lat' dir='ltr'><strong>fertur</strong></span> <span class='ocrx_word' id='word_1_257' title='bbox 3392 1612 3498 1667; x_wconf 91' lang='lat' dir='ltr'><strong>hoc</strong></span> <span class='ocrx_word' id='word_1_258' title='bbox 3534 1613 3645 1667; x_wconf 82' lang='lat' dir='ltr'><strong>mi-</strong></span> 
     </span>
    </p>
   </div>
   <div class='ocr_carea' id='block_1_34' title="bbox 2058 1697 3644 1770">
    <p class='ocr_par' dir='ltr' id='par_1_34' title="bbox 2058 1697 3644 1770">
     <span class='ocr_line' id='line_1_34' title="bbox 2058 1697 3644 1770; baseline -0.003 -17"><span class='ocrx_word' id='word_1_259' title='bbox 2058 1702 2321 1757; x_wconf 85' lang='lat' dir='ltr'><strong>raculum.</strong></span> <span class='ocrx_word' id='word_1_260' title='bbox 2349 1702 2657 1770; x_wconf 84' lang='lat' dir='ltr'><strong>Nunquam,</strong></span> <span class='ocrx_word' id='word_1_261' title='bbox 2678 1699 2949 1768; x_wconf 90' lang='lat' dir='ltr'><strong>inquiunt,</strong></span> <span class='ocrx_word' id='word_1_262' title='bbox 2972 1698 3015 1751; x_wconf 93' lang='lat' dir='ltr'><strong>si</strong></span> <span class='ocrx_word' id='word_1_263' title='bbox 3033 1698 3249 1765; x_wconf 87' lang='lat' dir='ltr'><strong>quando</strong></span> <span class='ocrx_word' id='word_1_264' title='bbox 3272 1698 3447 1765; x_wconf 89' lang='lat' dir='ltr'><strong>turpis</strong></span> <span class='ocrx_word' id='word_1_265' title='bbox 3474 1697 3644 1749; x_wconf 89' lang='lat' dir='ltr'><strong>volu-</strong></span> 
     </span>
    </p>
   </div>
   <div class='ocr_carea' id='block_1_35' title="bbox 379 1781 3644 1871">
    <p class='ocr_par' dir='ltr' id='par_1_35' title="bbox 379 1781 3644 1871">
     <span class='ocr_line' id='line_1_35' title="bbox 379 1781 3644 1871; baseline -0.002 -16"><span class='ocrx_word' id='word_1_266' title='bbox 379 1801 545 1871; x_wconf 79' lang='lat'><strong>716</strong></span> <span class='ocrx_word' id='word_1_267' title='bbox 584 1802 811 1870; x_wconf 87' lang='lat' dir='ltr'><strong>alicujus</strong></span> <span class='ocrx_word' id='word_1_268' title='bbox 850 1781 1138 1866; x_wconf 84' lang='lat' dir='ltr'><strong>sermonis,</strong></span> <span class='ocrx_word' id='word_1_269' title='bbox 1174 1816 1332 1869; x_wconf 89' lang='lat' dir='ltr'><strong>quem</strong></span> <span class='ocrx_word' id='word_1_270' title='bbox 1376 1801 1603 1853; x_wconf 80' lang='lat' dir='ltr'><strong>dixerim</strong></span> <span class='ocrx_word' id='word_1_271' title='bbox 1638 1781 1740 1864; x_wconf 41' lang='lat' dir='ltr'><strong>;et_</strong></span> <span class='ocrx_word' id='word_1_272' title='bbox 1763 1800 1840 1852; x_wconf 90' lang='lat' dir='ltr'><strong>sic</strong></span> <span class='ocrx_word' id='word_1_273' title='bbox 1888 1798 1952 1851; x_wconf 93' lang='lat' dir='ltr'><strong>ad</strong></span> <span class='ocrx_word' id='word_1_274' title='bbox 1981 1798 2029 1858; x_wconf 91' lang='lat' dir='ltr'><strong>B</strong></span> <span class='ocrx_word' id='word_1_275' title='bbox 2059 1786 2222 1871; x_wconf 50' lang='lat' dir='ltr'><strong>Dialis</strong></span> <span class='ocrx_word' id='word_1_276' title='bbox 2242 1787 2545 1871; x_wconf 55' lang='grc' dir='ltr'><strong>οθτυηθυὶφ</strong></span> <span class='ocrx_word' id='word_1_277' title='bbox 2567 1783 2892 1871; x_wconf 37' lang='grc' dir='ltr'><strong>ίηειιΓ-Γξέεῑίο</strong></span> <span class='ocrx_word' id='word_1_278' title='bbox 2909 1783 3028 1849; x_wconf 71' lang='lat' dir='ltr'><strong>eius</strong></span> <span class='ocrx_word' id='word_1_279' title='bbox 3051 1781 3644 1871; x_wconf 60' lang='lat' dir='ltr'><strong>C9TP“5“]V35“.(_30|_&quot;</strong></span> 
     </span>
    </p>
   </div>
   <div class='ocr_carea' id='block_1_36' title="bbox 381 1882 1955 1953">
    <p class='ocr_par' dir='ltr' id='par_1_36' title="bbox 381 1882 1955 1953">
     <span class='ocr_line' id='line_1_36' title="bbox 381 1882 1955 1953; baseline -0.001 -16"><span class='ocrx_word' id='word_1_280' title='bbox 381 1886 551 1938; x_wconf 90' lang='lat' dir='ltr'><strong>Deum</strong></span> <span class='ocrx_word' id='word_1_281' title='bbox 580 1886 798 1949; x_wconf 89' lang='lat' dir='ltr'><strong>recedo,</strong></span> <span class='ocrx_word' id='word_1_282' title='bbox 829 1893 889 1937; x_wconf 91' lang='lat' dir='ltr'><strong>ut</strong></span> <span class='ocrx_word' id='word_1_283' title='bbox 915 1886 1006 1953; x_wconf 90' lang='lat' dir='ltr'><strong>qui</strong></span> <span class='ocrx_word' id='word_1_284' title='bbox 1038 1899 1139 1937; x_wconf 91' lang='lat' dir='ltr'><strong>nec</strong></span> <span class='ocrx_word' id='word_1_285' title='bbox 1170 1885 1287 1953; x_wconf 86' lang='lat' dir='ltr'><strong>plus</strong></span> <span class='ocrx_word' id='word_1_286' title='bbox 1322 1884 1540 1951; x_wconf 87' lang='lat' dir='ltr'><strong>quidem</strong></span> <span class='ocrx_word' id='word_1_287' title='bbox 1576 1898 1639 1937; x_wconf 90' lang='lat' dir='ltr'><strong>ac</strong></span> <span class='ocrx_word' id='word_1_288' title='bbox 1673 1882 1955 1952; x_wconf 87' lang='lat' dir='ltr'><strong>religiosus</strong></span> 
     </span>
    </p>
   </div>
   <div class='ocr_carea' id='block_1_37' title="bbox 380 1965 1957 2036">
    <p class='ocr_par' dir='ltr' id='par_1_37' title="bbox 380 1965 1957 2036">
     <span class='ocr_line' id='line_1_37' title="bbox 380 1965 1957 2036; baseline -0.003 -15"><span class='ocrx_word' id='word_1_289' title='bbox 380 1984 500 2022; x_wconf 87' lang='lat' dir='ltr'><strong>esse</strong></span> <span class='ocrx_word' id='word_1_290' title='bbox 530 1969 813 2036; x_wconf 70' lang='lat' dir='ltr'><strong>cmperim.</strong></span> <span class='ocrx_word' id='word_1_291' title='bbox 848 1966 961 2021; x_wconf 90' lang='lat' dir='ltr'><strong>Hoc</strong></span> <span class='ocrx_word' id='word_1_292' title='bbox 994 1982 1211 2035; x_wconf 90' lang='lat' dir='ltr'><strong>quoque</strong></span> <span class='ocrx_word' id='word_1_293' title='bbox 1249 1967 1315 2020; x_wconf 90' lang='lat' dir='ltr'><strong>de</strong></span> <span class='ocrx_word' id='word_1_294' title='bbox 1346 1982 1412 2019; x_wconf 90' lang='lat' dir='ltr'><strong>eo</strong></span> <span class='ocrx_word' id='word_1_295' title='bbox 1445 1966 1691 2020; x_wconf 90' lang='lat' dir='ltr'><strong>ferebant</strong></span> <span class='ocrx_word' id='word_1_296' title='bbox 1720 1965 1957 2019; x_wconf 90' lang='lat' dir='ltr'><strong>testimo-</strong></span> 
     </span>
    </p>
   </div>
   <div class='ocr_carea' id='block_1_38' title="bbox 381 2047 1959 2121">
    <p class='ocr_par' dir='ltr' id='par_1_38' title="bbox 381 2047 1959 2121">
     <span class='ocr_line' id='line_1_38' title="bbox 381 2047 1959 2121; baseline -0.004 -17"><span class='ocrx_word' id='word_1_297' title='bbox 381 2050 534 2104; x_wconf 90' lang='lat' dir='ltr'><strong>nium</strong></span> <span class='ocrx_word' id='word_1_298' title='bbox 555 2050 756 2105; x_wconf 84' lang='lat' dir='ltr'><strong>Christi</strong></span> <span class='ocrx_word' id='word_1_299' title='bbox 773 2050 916 2104; x_wconf 88' lang='lat' dir='ltr'><strong>servi</strong></span> <span class='ocrx_word' id='word_1_300' title='bbox 940 2048 1202 2121; x_wconf 87' lang='lat' dir='ltr'><strong>Origenes</strong></span> <span class='ocrx_word' id='word_1_301' title='bbox 1222 2057 1277 2103; x_wconf 91' lang='lat' dir='ltr'><strong>ct</strong></span> <span class='ocrx_word' id='word_1_302' title='bbox 1295 2048 1636 2110; x_wconf 81' lang='lat' dir='ltr'><strong>Ammonius,</strong></span> <span class='ocrx_word' id='word_1_303' title='bbox 1657 2047 1801 2116; x_wconf 92' lang='lat' dir='ltr'><strong>quod</strong></span> <span class='ocrx_word' id='word_1_304' title='bbox 1825 2062 1959 2098; x_wconf 89' lang='lat' dir='ltr'><strong>nun-</strong></span> 
     </span>
    </p>
   </div>
   <div class='ocr_carea' id='block_1_39' title="bbox 379 2129 1957 2204">
    <p class='ocr_par' dir='ltr' id='par_1_39' title="bbox 379 2129 1957 2204">
     <span class='ocr_line' id='line_1_39' title="bbox 379 2129 1957 2204; baseline -0.005 -16"><span class='ocrx_word' id='word_1_305' title='bbox 379 2150 541 2204; x_wconf 90' lang='lat' dir='ltr'><strong>quam</strong></span> <span class='ocrx_word' id='word_1_306' title='bbox 573 2134 642 2188; x_wconf 91' lang='lat' dir='ltr'><strong>de</strong></span> <span class='ocrx_word' id='word_1_307' title='bbox 672 2149 731 2188; x_wconf 91' lang='lat' dir='ltr'><strong>re</strong></span> <span class='ocrx_word' id='word_1_308' title='bbox 767 2134 946 2202; x_wconf 89' lang='lat' dir='ltr'><strong>aliqua</strong></span> <span class='ocrx_word' id='word_1_309' title='bbox 994 2133 1381 2203; x_wconf 86' lang='lat' dir='ltr'><strong>interrogatus,</strong></span> <span class='ocrx_word' id='word_1_310' title='bbox 1433 2148 1554 2200; x_wconf 68' lang='lat' dir='ltr'><strong>qua:</strong></span> <span class='ocrx_word' id='word_1_311' title='bbox 1589 2132 1671 2185; x_wconf 87' lang='lat' dir='ltr'><strong>vel</strong></span> <span class='ocrx_word' id='word_1_312' title='bbox 1715 2132 1780 2184; x_wconf 90' lang='lat' dir='ltr'><strong>ad</strong></span> <span class='ocrx_word' id='word_1_313' title='bbox 1808 2129 1957 2182; x_wconf 77' lang='lat' dir='ltr'><strong>Scri~</strong></span> 
     </span>
    </p>
   </div>
   <div class='ocr_carea' id='block_1_40' title="bbox 380 2212 1957 2287">
    <p class='ocr_par' dir='ltr' id='par_1_40' title="bbox 380 2212 1957 2287">
     <span class='ocr_line' id='line_1_40' title="bbox 380 2212 1957 2287; baseline -0.004 -17"><span class='ocrx_word' id='word_1_314' title='bbox 380 2226 622 2287; x_wconf 88' lang='lat' dir='ltr'><strong>pturam,</strong></span> <span class='ocrx_word' id='word_1_315' title='bbox 656 2216 741 2270; x_wconf 85' lang='lat' dir='ltr'><strong>vel</strong></span> <span class='ocrx_word' id='word_1_316' title='bbox 773 2217 840 2270; x_wconf 86' lang='lat' dir='ltr'><strong>ad</strong></span> <span class='ocrx_word' id='word_1_317' title='bbox 861 2216 1131 2270; x_wconf 89' lang='lat' dir='ltr'><strong>actionem</strong></span> <span class='ocrx_word' id='word_1_318' title='bbox 1158 2216 1504 2285; x_wconf 82' lang='lat' dir='ltr'><strong>negotiumve</strong></span> <span class='ocrx_word' id='word_1_319' title='bbox 1536 2214 1754 2283; x_wconf 90' lang='lat' dir='ltr'><strong>aliquod</strong></span> <span class='ocrx_word' id='word_1_320' title='bbox 1788 2212 1957 2280; x_wconf 86' lang='lat' dir='ltr'><strong>perti-</strong></span> 
     </span>
    </p>
   </div>
   <div class='ocr_carea' id='block_1_41' title="bbox 381 2296 1958 2369">
    <p class='ocr_par' dir='ltr' id='par_1_41' title="bbox 381 2296 1958 2369">
     <span class='ocr_line' id='line_1_41' title="bbox 381 2296 1958 2369; baseline -0.004 -15"><span class='ocrx_word' id='word_1_321' title='bbox 381 2309 559 2366; x_wconf 89' lang='lat' dir='ltr'><strong>neret,</strong></span> <span class='ocrx_word' id='word_1_322' title='bbox 586 2300 768 2354; x_wconf 89' lang='lat' dir='ltr'><strong>statim</strong></span> <span class='ocrx_word' id='word_1_323' title='bbox 801 2299 1163 2369; x_wconf 89' lang='lat' dir='ltr'><strong>responderit,</strong></span> <span class='ocrx_word' id='word_1_324' title='bbox 1195 2300 1289 2353; x_wconf 90' lang='lat' dir='ltr'><strong>sed</strong></span> <span class='ocrx_word' id='word_1_325' title='bbox 1316 2299 1552 2353; x_wconf 80' lang='lat' dir='ltr'><strong>dixerit:</strong></span> <span class='ocrx_word' id='word_1_326' title='bbox 1586 2297 1835 2351; x_wconf 86' lang='lat' dir='ltr'><strong>Nondum</strong></span> <span class='ocrx_word' id='word_1_327' title='bbox 1877 2296 1958 2369; x_wconf 86' lang='lat' dir='ltr'><strong>in_-</strong></span> 
     </span>
    </p>
   </div>
   <div class='ocr_carea' id='block_1_42' title="bbox 381 2365 1958 2453">
    <p class='ocr_par' dir='ltr' id='par_1_42' title="bbox 381 2365 1958 2453">
     <span class='ocr_line' id='line_1_42' title="bbox 381 2365 1958 2453; baseline -0.003 -15"><span class='ocrx_word' id='word_1_328' title='bbox 381 2365 661 2453; x_wconf 87' lang='lat' dir='ltr'><strong>veniquod</strong></span> <span class='ocrx_word' id='word_1_329' title='bbox 678 2365 1030 2451; x_wconf 85' lang='lat' dir='ltr'><strong>respondeam</strong></span> <span class='ocrx_word' id='word_1_330' title='bbox 1057 2398 1233 2451; x_wconf 75' lang='lat' dir='ltr'><strong>;s:epc</strong></span> <span class='ocrx_word' id='word_1_331' title='bbox 1252 2392 1430 2436; x_wconf 88' lang='lat' dir='ltr'><strong>autem</strong></span> <span class='ocrx_word' id='word_1_332' title='bbox 1456 2380 1831 2450; x_wconf 60' lang='lat' dir='ltr'><strong>praeterieram</strong></span> <span class='ocrx_word' id='word_1_333' title='bbox 1851 2365 1958 2433; x_wconf 58' lang='lat' dir='ltr'><strong>trc&#39;s</strong></span> 
     </span>
    </p>
   </div>
   <div class='ocr_carea' id='block_1_43' title="bbox 382 2461 1957 2533">
    <p class='ocr_par' dir='ltr' id='par_1_43' title="bbox 382 2461 1957 2533">
     <span class='ocr_line' id='line_1_43' title="bbox 382 2461 1957 2533; baseline -0.004 -13"><span class='ocrx_word' id='word_1_334' title='bbox 382 2482 621 2529; x_wconf 87' lang='lat' dir='ltr'><strong>menses,</strong></span> <span class='ocrx_word' id='word_1_335' title='bbox 646 2474 833 2520; x_wconf 90' lang='lat' dir='ltr'><strong>etnon</strong></span> <span class='ocrx_word' id='word_1_336' title='bbox 859 2466 1019 2519; x_wconf 88' lang='lat' dir='ltr'><strong>dabat</strong></span> <span class='ocrx_word' id='word_1_337' title='bbox 1048 2480 1395 2533; x_wconf 82' lang='lat' dir='ltr'><strong>responsum,</strong></span> <span class='ocrx_word' id='word_1_338' title='bbox 1438 2464 1665 2517; x_wconf 90' lang='lat' dir='ltr'><strong>dicens:</strong></span> <span class='ocrx_word' id='word_1_339' title='bbox 1706 2461 1957 2514; x_wconf 79' lang='lat' dir='ltr'><strong>Nondum</strong></span> 
     </span>
    </p>
   </div>
   <div class='ocr_carea' id='block_1_44' title="bbox 380 2547 1960 2617">
    <p class='ocr_par' dir='ltr' id='par_1_44' title="bbox 380 2547 1960 2617">
     <span class='ocr_line' id='line_1_44' title="bbox 380 2547 1960 2617; baseline -0.004 -14"><span class='ocrx_word' id='word_1_340' title='bbox 380 2548 794 2617; x_wconf 89' lang='lat' dir='ltr'><strong>comprehendi.</strong></span> <span class='ocrx_word' id='word_1_341' title='bbox 839 2548 971 2601; x_wconf 89' lang='lat' dir='ltr'><strong>Tam</strong></span> <span class='ocrx_word' id='word_1_342' title='bbox 1003 2548 1344 2601; x_wconf 85' lang='lat' dir='ltr'><strong>considerate</strong></span> <span class='ocrx_word' id='word_1_343' title='bbox 1377 2548 1594 2616; x_wconf 87' lang='lat' dir='ltr'><strong>quidem</strong></span> <span class='ocrx_word' id='word_1_344' title='bbox 1626 2563 1687 2600; x_wconf 74' lang='lat' dir='ltr'><strong>ex</strong></span> <span class='ocrx_word' id='word_1_345' title='bbox 1723 2548 1832 2599; x_wconf 90' lang='lat' dir='ltr'><strong>Deo</strong></span> <span class='ocrx_word' id='word_1_346' title='bbox 1869 2547 1960 2597; x_wconf 91' lang='lat' dir='ltr'><strong>da-</strong></span> 
     </span>
    </p>
   </div>
   <div class='ocr_carea' id='block_1_45' title="bbox 381 2630 1959 2700">
    <p class='ocr_par' dir='ltr' id='par_1_45' title="bbox 381 2630 1959 2700">
     <span class='ocr_line' id='line_1_45' title="bbox 381 2630 1959 2700; baseline -0.003 -15"><span class='ocrx_word' id='word_1_347' title='bbox 381 2632 471 2685; x_wconf 86' lang='lat' dir='ltr'><strong>bat</strong></span> <span class='ocrx_word' id='word_1_348' title='bbox 495 2647 779 2700; x_wconf 88' lang='lat' dir='ltr'><strong>responsa,</strong></span> <span class='ocrx_word' id='word_1_349' title='bbox 800 2642 905 2685; x_wconf 87' lang='lat' dir='ltr'><strong>uta</strong></span> <span class='ocrx_word' id='word_1_350' title='bbox 930 2633 1039 2685; x_wconf 89' lang='lat' dir='ltr'><strong>Deo</strong></span> <span class='ocrx_word' id='word_1_351' title='bbox 1062 2646 1183 2686; x_wconf 91' lang='lat' dir='ltr'><strong>cum</strong></span> <span class='ocrx_word' id='word_1_352' title='bbox 1206 2632 1352 2685; x_wconf 90' lang='lat' dir='ltr'><strong>omni</strong></span> <span class='ocrx_word' id='word_1_353' title='bbox 1376 2642 1522 2684; x_wconf 89' lang='lat' dir='ltr'><strong>metu</strong></span> <span class='ocrx_word' id='word_1_354' title='bbox 1542 2645 1731 2684; x_wconf 87' lang='lat' dir='ltr'><strong>omnes</strong></span> <span class='ocrx_word' id='word_1_355' title='bbox 1747 2630 1959 2697; x_wconf 75' lang='lat' dir='ltr'><strong>accipe-</strong></span> 
     </span>
    </p>
   </div>
   <div class='ocr_carea' id='block_1_46' title="bbox 382 2712 1959 2780">
    <p class='ocr_par' dir='ltr' id='par_1_46' title="bbox 382 2712 1959 2780">
     <span class='ocr_line' id='line_1_46' title="bbox 382 2712 1959 2780; baseline -0.002 -14"><span class='ocrx_word' id='word_1_356' title='bbox 382 2723 525 2768; x_wconf 86' lang='lat' dir='ltr'><strong>rent.</strong></span> <span class='ocrx_word' id='word_1_357' title='bbox 553 2715 845 2768; x_wconf 82' lang='lat' dir='ltr'><strong>Dicebatur</strong></span> <span class='ocrx_word' id='word_1_358' title='bbox 866 2712 1012 2767; x_wconf 91' lang='lat' dir='ltr'><strong>enim</strong></span> <span class='ocrx_word' id='word_1_359' title='bbox 1033 2714 1174 2766; x_wconf 87' lang='lat' dir='ltr'><strong>hanc</strong></span> <span class='ocrx_word' id='word_1_360' title='bbox 1200 2714 1457 2767; x_wconf 82' lang='lat' dir='ltr'><strong>virtutem</strong></span> <span class='ocrx_word' id='word_1_361' title='bbox 1478 2713 1642 2765; x_wconf 89' lang='lat' dir='ltr'><strong>etiam</strong></span> <span class='ocrx_word' id='word_1_362' title='bbox 1662 2728 1824 2780; x_wconf 86' lang='lat' dir='ltr'><strong>supra</strong></span> <span class='ocrx_word' id='word_1_363' title='bbox 1842 2726 1959 2763; x_wconf 92' lang='lat' dir='ltr'><strong>ma-</strong></span> 
     </span>
    </p>
   </div>
   <div class='ocr_carea' id='block_1_47' title="bbox 380 2795 1958 2867">
    <p class='ocr_par' dir='ltr' id='par_1_47' title="bbox 380 2795 1958 2867">
     <span class='ocr_line' id='line_1_47' title="bbox 380 2795 1958 2867; baseline -0.002 -17"><span class='ocrx_word' id='word_1_364' title='bbox 380 2813 547 2867; x_wconf 88' lang='lat' dir='ltr'><strong>gnum</strong></span> <span class='ocrx_word' id='word_1_365' title='bbox 568 2802 885 2859; x_wconf 80' lang='lat' dir='ltr'><strong>Antonium,</strong></span> <span class='ocrx_word' id='word_1_366' title='bbox 910 2806 964 2851; x_wconf 91' lang='lat' dir='ltr'><strong>et</strong></span> <span class='ocrx_word' id='word_1_367' title='bbox 982 2812 1147 2865; x_wconf 82' lang='lat' dir='ltr'><strong>super</strong></span> <span class='ocrx_word' id='word_1_368' title='bbox 1173 2812 1363 2849; x_wconf 92' lang='lat' dir='ltr'><strong>omnes</strong></span> <span class='ocrx_word' id='word_1_369' title='bbox 1390 2806 1610 2851; x_wconf 88' lang='lat' dir='ltr'><strong>sanctos</strong></span> <span class='ocrx_word' id='word_1_370' title='bbox 1631 2795 1958 2858; x_wconf 83' lang='lat' dir='ltr'><strong>exercuisse,</strong></span> 
     </span>
    </p>
   </div>
   <div class='ocr_carea' id='block_1_48' title="bbox 382 2877 1955 2951">
    <p class='ocr_par' dir='ltr' id='par_1_48' title="bbox 382 2877 1955 2951">
     <span class='ocr_line' id='line_1_48' title="bbox 382 2877 1955 2951; baseline -0.002 -18"><span class='ocrx_word' id='word_1_371' title='bbox 382 2896 581 2951; x_wconf 83' lang='lat' dir='ltr'><strong>nempe</strong></span> <span class='ocrx_word' id='word_1_372' title='bbox 602 2890 660 2935; x_wconf 91' lang='lat' dir='ltr'><strong>ut</strong></span> <span class='ocrx_word' id='word_1_373' title='bbox 683 2890 829 2937; x_wconf 86' lang='lat' dir='ltr'><strong>esset</strong></span> <span class='ocrx_word' id='word_1_374' title='bbox 857 2881 909 2933; x_wconf 91' lang='lat' dir='ltr'><strong>in</strong></span> <span class='ocrx_word' id='word_1_375' title='bbox 940 2880 1212 2947; x_wconf 88' lang='lat' dir='ltr'><strong>loquendo</strong></span> <span class='ocrx_word' id='word_1_376' title='bbox 1244 2888 1533 2934; x_wconf 88' lang='lat' dir='ltr'><strong>accuratus</strong></span> <span class='ocrx_word' id='word_1_377' title='bbox 1572 2887 1627 2933; x_wconf 89' lang='lat' dir='ltr'><strong>et</strong></span> <span class='ocrx_word' id='word_1_378' title='bbox 1656 2877 1955 2947; x_wconf 88' lang='lat' dir='ltr'><strong>perfectus.</strong></span> 
     </span>
    </p>
   </div>
   <div class='ocr_carea' id='block_1_49' title="bbox 993 3000 1349 3057">
    <p class='ocr_par' dir='ltr' id='par_1_49' title="bbox 993 3000 1349 3057">
     <span class='ocr_line' id='line_1_49' title="bbox 993 3000 1349 3057; baseline -0.014 0"><span class='ocrx_word' id='word_1_379' title='bbox 993 3000 1226 3057; x_wconf 75' lang='lat' dir='ltr'><strong>CAPUT</strong></span> <span class='ocrx_word' id='word_1_380' title='bbox 1254 3000 1349 3054; x_wconf 80' lang='lat' dir='ltr'><strong>XI.</strong></span> 
     </span>
    </p>
   </div>
   <div class='ocr_carea' id='block_1_50' title="bbox 844 3092 1515 3163">
    <p class='ocr_par' dir='ltr' id='par_1_50' title="bbox 844 3092 1515 3163">
     <span class='ocr_line' id='line_1_50' title="bbox 844 3092 1515 3163; baseline -0.003 -18"><span class='ocrx_word' id='word_1_381' title='bbox 844 3092 963 3147; x_wconf 83' lang='lat' dir='ltr'><strong>Vita</strong></span> <span class='ocrx_word' id='word_1_382' title='bbox 987 3093 1195 3146; x_wconf 78' lang='lat' dir='ltr'><strong>abbatis</strong></span> <span class='ocrx_word' id='word_1_383' title='bbox 1230 3094 1353 3146; x_wconf 83' lang='lat' dir='ltr'><strong>Pior</strong></span> <span class='ocrx_word' id='word_1_384' title='bbox 1382 3093 1515 3163; x_wconf 76' lang='lat'><strong>(30).</strong></span> 
     </span>
    </p>
   </div>
   <div class='ocr_carea' id='block_1_51' title="bbox 452 3204 1962 3275">
    <p class='ocr_par' dir='ltr' id='par_1_51' title="bbox 452 3204 1962 3275">
     <span class='ocr_line' id='line_1_51' title="bbox 452 3204 1962 3275; baseline 0.003 -17"><span class='ocrx_word' id='word_1_385' title='bbox 452 3204 649 3259; x_wconf 84' lang='lat' dir='ltr'><strong>Fertur</strong></span> <span class='ocrx_word' id='word_1_386' title='bbox 687 3215 869 3260; x_wconf 88' lang='lat' dir='ltr'><strong>autem</strong></span> <span class='ocrx_word' id='word_1_387' title='bbox 903 3215 1101 3274; x_wconf 68' lang='lat' dir='ltr'><strong>prteter</strong></span> <span class='ocrx_word' id='word_1_388' title='bbox 1117 3207 1221 3260; x_wconf 91' lang='lat' dir='ltr'><strong>alia</strong></span> <span class='ocrx_word' id='word_1_389' title='bbox 1246 3207 1360 3259; x_wconf 74' lang='lat' dir='ltr'><strong>haec</strong></span> <span class='ocrx_word' id='word_1_390' title='bbox 1388 3219 1603 3275; x_wconf 91' lang='lat' dir='ltr'><strong>quoque</strong></span> <span class='ocrx_word' id='word_1_391' title='bbox 1626 3204 1766 3259; x_wconf 89' lang='lat' dir='ltr'><strong>actio</strong></span> <span class='ocrx_word' id='word_1_392' title='bbox 1789 3207 1962 3263; x_wconf 88' lang='lat' dir='ltr'><strong>sancti</strong></span> 
     </span>
    </p>
   </div>
   <div class='ocr_carea' id='block_1_52' title="bbox 383 3288 1962 3359">
    <p class='ocr_par' dir='ltr' id='par_1_52' title="bbox 383 3288 1962 3359">
     <span class='ocr_line' id='line_1_52' title="bbox 383 3288 1962 3359; baseline 0.003 -19"><span class='ocrx_word' id='word_1_393' title='bbox 383 3288 649 3355; x_wconf 83' lang='lat' dir='ltr'><strong>Pambon,</strong></span> <span class='ocrx_word' id='word_1_394' title='bbox 686 3290 829 3357; x_wconf 89' lang='lat' dir='ltr'><strong>quod</strong></span> <span class='ocrx_word' id='word_1_395' title='bbox 860 3288 1003 3353; x_wconf 88' lang='lat' dir='ltr'><strong>Pior,</strong></span> <span class='ocrx_word' id='word_1_396' title='bbox 1035 3290 1124 3359; x_wconf 92' lang='lat' dir='ltr'><strong>qui</strong></span> <span class='ocrx_word' id='word_1_397' title='bbox 1156 3306 1212 3344; x_wconf 90' lang='lat' dir='ltr'><strong>se</strong></span> <span class='ocrx_word' id='word_1_398' title='bbox 1242 3290 1295 3342; x_wconf 95' lang='lat' dir='ltr'><strong>in</strong></span> <span class='ocrx_word' id='word_1_399' title='bbox 1330 3290 1435 3342; x_wconf 83' lang='lat' dir='ltr'><strong>vita</strong></span> <span class='ocrx_word' id='word_1_400' title='bbox 1462 3290 1748 3342; x_wconf 84' lang='lat' dir='ltr'><strong>exercebat</strong></span> <span class='ocrx_word' id='word_1_401' title='bbox 1770 3304 1962 3344; x_wconf 90' lang='lat' dir='ltr'><strong>mona-</strong></span> 
     </span>
    </p>
   </div>
   <div class='ocr_carea' id='block_1_53' title="bbox 382 3372 1960 3443">
    <p class='ocr_par' dir='ltr' id='par_1_53' title="bbox 382 3372 1960 3443">
     <span class='ocr_line' id='line_1_53' title="bbox 382 3372 1960 3443; baseline 0.002 -18"><span class='ocrx_word' id='word_1_402' title='bbox 382 3372 538 3436; x_wconf 88' lang='lat' dir='ltr'><strong>stica,</strong></span> <span class='ocrx_word' id='word_1_403' title='bbox 571 3373 636 3427; x_wconf 90' lang='lat' dir='ltr'><strong>ad</strong></span> <span class='ocrx_word' id='word_1_404' title='bbox 664 3373 783 3440; x_wconf 86' lang='lat' dir='ltr'><strong>ejus</strong></span> <span class='ocrx_word' id='word_1_405' title='bbox 811 3374 999 3427; x_wconf 89' lang='lat' dir='ltr'><strong>cellam</strong></span> <span class='ocrx_word' id='word_1_406' title='bbox 1033 3373 1329 3443; x_wconf 89' lang='lat' dir='ltr'><strong>aliquando</strong></span> <span class='ocrx_word' id='word_1_407' title='bbox 1359 3373 1643 3431; x_wconf 86' lang='lat' dir='ltr'><strong>accedens.</strong></span> <span class='ocrx_word' id='word_1_408' title='bbox 1681 3373 1960 3442; x_wconf 91' lang='lat' dir='ltr'><strong>proprium</strong></span> 
     </span>
    </p>
   </div>
   <div class='ocr_carea' id='block_1_54' title="bbox 383 3456 1962 3526">
    <p class='ocr_par' dir='ltr' id='par_1_54' title="bbox 383 3456 1962 3526">
     <span class='ocr_line' id='line_1_54' title="bbox 383 3456 1962 3526; baseline 0.003 -19"><span class='ocrx_word' id='word_1_409' title='bbox 383 3470 580 3524; x_wconf 83' lang='lat' dir='ltr'><strong>panem</strong></span> <span class='ocrx_word' id='word_1_410' title='bbox 612 3456 825 3510; x_wconf 87' lang='lat' dir='ltr'><strong>detulit.</strong></span> <span class='ocrx_word' id='word_1_411' title='bbox 858 3457 995 3510; x_wconf 81' lang='lat' dir='ltr'><strong>Cum</strong></span> <span class='ocrx_word' id='word_1_412' title='bbox 1022 3473 1147 3510; x_wconf 91' lang='lat' dir='ltr'><strong>cum</strong></span> <span class='ocrx_word' id='word_1_413' title='bbox 1178 3467 1359 3510; x_wconf 90' lang='lat' dir='ltr'><strong>autem</strong></span> <span class='ocrx_word' id='word_1_414' title='bbox 1396 3456 1639 3509; x_wconf 87' lang='lat' dir='ltr'><strong>Pambon</strong></span> <span class='ocrx_word' id='word_1_415' title='bbox 1660 3457 1962 3526; x_wconf 76' lang='lat' dir='ltr'><strong>reprehen-</strong></span> 
     </span>
    </p>
   </div>
   <div class='ocr_carea' id='block_1_55' title="bbox 383 3540 1963 3612">
    <p class='ocr_par' dir='ltr' id='par_1_55' title="bbox 383 3540 1963 3612">
     <span class='ocr_line' id='line_1_55' title="bbox 383 3540 1963 3612; baseline 0.002 -17"><span class='ocrx_word' id='word_1_416' title='bbox 383 3541 574 3606; x_wconf 88' lang='lat' dir='ltr'><strong>disset,</strong></span> <span class='ocrx_word' id='word_1_417' title='bbox 594 3541 815 3595; x_wconf 91' lang='lat' dir='ltr'><strong>dicens:</strong></span> <span class='ocrx_word' id='word_1_418' title='bbox 849 3542 958 3595; x_wconf 89' lang='lat' dir='ltr'><strong>Cur</strong></span> <span class='ocrx_word' id='word_1_419' title='bbox 990 3543 1093 3597; x_wconf 90' lang='lat' dir='ltr'><strong>hoc</strong></span> <span class='ocrx_word' id='word_1_420' title='bbox 1118 3542 1295 3597; x_wconf 89' lang='lat' dir='ltr'><strong>fecisti</strong></span> <span class='ocrx_word' id='word_1_421' title='bbox 1329 3542 1351 3594; x_wconf 89' lang='lat'><strong>?</strong></span> <span class='ocrx_word' id='word_1_422' title='bbox 1382 3543 1665 3612; x_wconf 90' lang='lat' dir='ltr'><strong>respondit</strong></span> <span class='ocrx_word' id='word_1_423' title='bbox 1690 3542 1852 3596; x_wconf 89' lang='lat' dir='ltr'><strong>Pior:</strong></span> <span class='ocrx_word' id='word_1_424' title='bbox 1885 3540 1963 3598; x_wconf 87' lang='lat' dir='ltr'><strong>Ne</strong></span> 
     </span>
    </p>
   </div>
   <div class='ocr_carea' id='block_1_56' title="bbox 384 3624 1962 3696">
    <p class='ocr_par' dir='ltr' id='par_1_56' title="bbox 384 3624 1962 3696">
     <span class='ocr_line' id='line_1_56' title="bbox 384 3624 1962 3696; baseline 0.003 -19"><span class='ocrx_word' id='word_1_425' title='bbox 384 3633 439 3679; x_wconf 90' lang='lat' dir='ltr'><strong>te</strong></span> <span class='ocrx_word' id='word_1_426' title='bbox 472 3639 772 3696; x_wconf 89' lang='lat' dir='ltr'><strong>gravarem.</strong></span> <span class='ocrx_word' id='word_1_427' title='bbox 807 3624 989 3694; x_wconf 88' lang='lat' dir='ltr'><strong>Itaque</strong></span> <span class='ocrx_word' id='word_1_428' title='bbox 1039 3626 1239 3680; x_wconf 90' lang='lat' dir='ltr'><strong>tacitus</strong></span> <span class='ocrx_word' id='word_1_429' title='bbox 1268 3641 1393 3680; x_wconf 92' lang='lat' dir='ltr'><strong>eum</strong></span> <span class='ocrx_word' id='word_1_430' title='bbox 1434 3626 1658 3680; x_wconf 85' lang='lat' dir='ltr'><strong>dimisit.</strong></span> <span class='ocrx_word' id='word_1_431' title='bbox 1690 3626 1819 3681; x_wconf 85' lang='lat' dir='ltr'><strong>Post</strong></span> <span class='ocrx_word' id='word_1_432' title='bbox 1857 3627 1962 3681; x_wconf 91' lang='lat' dir='ltr'><strong>ali-</strong></span> 
     </span>
    </p>
   </div>
   <div class='ocr_carea' id='block_1_57' title="bbox 384 3710 1960 3781">
    <p class='ocr_par' dir='ltr' id='par_1_57' title="bbox 384 3710 1960 3781">
     <span class='ocr_line' id='line_1_57' title="bbox 384 3710 1960 3781; baseline 0.003 -19"><span class='ocrx_word' id='word_1_433' title='bbox 384 3718 649 3778; x_wconf 90' lang='lat' dir='ltr'><strong>quantum</strong></span> <span class='ocrx_word' id='word_1_434' title='bbox 665 3719 844 3763; x_wconf 90' lang='lat' dir='ltr'><strong>autem</strong></span> <span class='ocrx_word' id='word_1_435' title='bbox 872 3712 1134 3779; x_wconf 89' lang='lat' dir='ltr'><strong>temporis</strong></span> <span class='ocrx_word' id='word_1_436' title='bbox 1166 3711 1432 3764; x_wconf 87' lang='lat' dir='ltr'><strong>accedens</strong></span> <span class='ocrx_word' id='word_1_437' title='bbox 1463 3726 1691 3781; x_wconf 90' lang='lat' dir='ltr'><strong>magnus</strong></span> <span class='ocrx_word' id='word_1_438' title='bbox 1720 3710 1960 3766; x_wconf 90' lang='lat' dir='ltr'><strong>Pambon</strong></span> 
     </span>
    </p>
   </div>
   <div class='ocr_carea' id='block_1_58' title="bbox 385 3794 1961 3864">
    <p class='ocr_par' dir='ltr' id='par_1_58' title="bbox 385 3794 1961 3864">
     <span class='ocr_line' id='line_1_58' title="bbox 385 3794 1961 3864; baseline 0.001 -17"><span class='ocrx_word' id='word_1_439' title='bbox 385 3794 451 3848; x_wconf 89' lang='lat' dir='ltr'><strong>ad</strong></span> <span class='ocrx_word' id='word_1_440' title='bbox 495 3795 687 3849; x_wconf 87' lang='lat' dir='ltr'><strong>cellam</strong></span> <span class='ocrx_word' id='word_1_441' title='bbox 737 3794 882 3856; x_wconf 83' lang='lat' dir='ltr'><strong>Pior,</strong></span> <span class='ocrx_word' id='word_1_442' title='bbox 915 3810 1113 3864; x_wconf 91' lang='lat' dir='ltr'><strong>panem</strong></span> <span class='ocrx_word' id='word_1_443' title='bbox 1153 3810 1313 3848; x_wconf 90' lang='lat' dir='ltr'><strong>suum</strong></span> <span class='ocrx_word' id='word_1_444' title='bbox 1360 3810 1543 3849; x_wconf 92' lang='lat' dir='ltr'><strong>secum</strong></span> <span class='ocrx_word' id='word_1_445' title='bbox 1599 3794 1961 3850; x_wconf 91' lang='lat' dir='ltr'><strong>madefactum</strong></span> 
     </span>
    </p>
   </div>
   <div class='ocr_carea' id='block_1_59' title="bbox 386 3879 1966 3950">
    <p class='ocr_par' dir='ltr' id='par_1_59' title="bbox 386 3879 1966 3950">
     <span class='ocr_line' id='line_1_59' title="bbox 386 3879 1966 3950; baseline 0.001 -18"><span class='ocrx_word' id='word_1_446' title='bbox 386 3880 587 3933; x_wconf 87' lang='lat' dir='ltr'><strong>attulit.</strong></span> <span class='ocrx_word' id='word_1_447' title='bbox 615 3879 697 3933; x_wconf 85' lang='lat' dir='ltr'><strong>Ab</strong></span> <span class='ocrx_word' id='word_1_448' title='bbox 727 3895 791 3933; x_wconf 84' lang='lat' dir='ltr'><strong>eo</strong></span> <span class='ocrx_word' id='word_1_449' title='bbox 822 3890 1005 3934; x_wconf 91' lang='lat' dir='ltr'><strong>autem</strong></span> <span class='ocrx_word' id='word_1_450' title='bbox 1037 3890 1277 3950; x_wconf 86' lang='lat' dir='ltr'><strong>rogatus,</strong></span> <span class='ocrx_word' id='word_1_451' title='bbox 1312 3895 1546 3949; x_wconf 87' lang='lat' dir='ltr'><strong>quanam</strong></span> <span class='ocrx_word' id='word_1_452' title='bbox 1584 3880 1652 3934; x_wconf 91' lang='lat' dir='ltr'><strong>de</strong></span> <span class='ocrx_word' id='word_1_453' title='bbox 1680 3895 1838 3935; x_wconf 89' lang='lat' dir='ltr'><strong>causa</strong></span> <span class='ocrx_word' id='word_1_454' title='bbox 1868 3895 1966 3948; x_wconf 91' lang='lat' dir='ltr'><strong>pa-</strong></span> 
     </span>
    </p>
   </div>
   <div class='ocr_carea' id='block_1_60' title="bbox 384 3963 1965 4034">
    <p class='ocr_par' dir='ltr' id='par_1_60' title="bbox 384 3963 1965 4034">
     <span class='ocr_line' id='line_1_60' title="bbox 384 3963 1965 4034; baseline 0.002 -17"><span class='ocrx_word' id='word_1_455' title='bbox 384 3978 508 4018; x_wconf 90' lang='lat' dir='ltr'><strong>nem</strong></span> <span class='ocrx_word' id='word_1_456' title='bbox 528 3965 799 4019; x_wconf 90' lang='lat' dir='ltr'><strong>attulisset</strong></span> <span class='ocrx_word' id='word_1_457' title='bbox 817 3963 1203 4029; x_wconf 89' lang='lat' dir='ltr'><strong>madefactum,</strong></span> <span class='ocrx_word' id='word_1_458' title='bbox 1236 3966 1520 4034; x_wconf 88' lang='lat' dir='ltr'><strong>respondit</strong></span> <span class='ocrx_word' id='word_1_459' title='bbox 1540 3966 1779 4021; x_wconf 87' lang='lat' dir='ltr'><strong>Pambon</strong></span> <span class='ocrx_word' id='word_1_460' title='bbox 1802 3983 1813 4018; x_wconf 90' lang='lat'><strong>:</strong></span> <span class='ocrx_word' id='word_1_461' title='bbox 1841 3965 1965 4020; x_wconf 90' lang='lat' dir='ltr'><strong>Ideo</strong></span> 
     </span>
    </p>
   </div>
   <div class='ocr_carea' id='block_1_61' title="bbox 386 4048 1586 4119">
    <p class='ocr_par' dir='ltr' id='par_1_61' title="bbox 386 4048 1586 4119">
     <span class='ocr_line' id='line_1_61' title="bbox 386 4048 1586 4119; baseline 0 -17"><span class='ocrx_word' id='word_1_462' title='bbox 386 4048 673 4116; x_wconf 86' lang='lat' dir='ltr'><strong>madefeci,</strong></span> <span class='ocrx_word' id='word_1_463' title='bbox 706 4063 775 4103; x_wconf 89' lang='lat' dir='ltr'><strong>ne</strong></span> <span class='ocrx_word' id='word_1_464' title='bbox 802 4064 900 4119; x_wconf 86' lang='lat' dir='ltr'><strong>ego</strong></span> <span class='ocrx_word' id='word_1_465' title='bbox 929 4064 1145 4119; x_wconf 88' lang='lat' dir='ltr'><strong>quoque</strong></span> <span class='ocrx_word' id='word_1_466' title='bbox 1178 4058 1231 4104; x_wconf 88' lang='lat' dir='ltr'><strong>te</strong></span> <span class='ocrx_word' id='word_1_467' title='bbox 1259 4059 1586 4119; x_wconf 59' lang='lat' dir='ltr'><strong>gravarem.‘</strong></span> 
     </span>
    </p>
   </div>
   <div class='ocr_carea' id='block_1_62' title="bbox 979 4189 1373 4247">
    <p class='ocr_par' dir='ltr' id='par_1_62' title="bbox 979 4189 1373 4247">
     <span class='ocr_line' id='line_1_62' title="bbox 979 4189 1373 4247; baseline -0.005 -2"><span class='ocrx_word' id='word_1_468' title='bbox 979 4189 1210 4247; x_wconf 79' lang='lat' dir='ltr'><strong>CAPUT</strong></span> <span class='ocrx_word' id='word_1_469' title='bbox 1255 4190 1373 4244; x_wconf 82' lang='lat' dir='ltr'><strong>XII.</strong></span> 
     </span>
    </p>
   </div>
   <div class='ocr_carea' id='block_1_63' title="bbox 390 4280 1963 4407">
    <p class='ocr_par' dir='ltr' id='par_1_63' title="bbox 390 4280 1963 4407">
     <span class='ocr_line' id='line_1_63' title="bbox 390 4280 1963 4407; baseline -0.004 -68"><span class='ocrx_word' id='word_1_470' title='bbox 390 4284 507 4339; x_wconf 84' lang='lat' dir='ltr'><strong>Vita</strong></span> <span class='ocrx_word' id='word_1_471' title='bbox 550 4286 755 4340; x_wconf 80' lang='lat' dir='ltr'><strong>abbatis</strong></span> <span class='ocrx_word' id='word_1_472' title='bbox 799 4286 1069 4339; x_wconf 83' lang='lat' dir='ltr'><strong>Ammonii</strong></span> <span class='ocrx_word' id='word_1_473' title='bbox 1118 4284 1231 4407; x_wconf 41' lang='lat'><strong>(31.;</strong></span> <span class='ocrx_word' id='word_1_474' title='bbox 1272 4291 1320 4335; x_wconf 80' lang='lat' dir='ltr'><strong>et</strong></span> <span class='ocrx_word' id='word_1_475' title='bbox 1372 4283 1601 4352; x_wconf 77' lang='lat' dir='ltr'><strong>fratrum</strong></span> <span class='ocrx_word' id='word_1_476' title='bbox 1645 4280 1806 4334; x_wconf 79' lang='lat' dir='ltr'><strong>simul</strong></span> <span class='ocrx_word' id='word_1_477' title='bbox 1846 4296 1963 4334; x_wconf 86' lang='lat' dir='ltr'><strong>cum</strong></span> 
     </span>
     <span class='ocr_line' id='line_1_64' title="bbox 1029 4370 1319 4407; baseline 0 0"><span class='ocrx_word' id='word_1_478' title='bbox 1029 4370 1198 4407; x_wconf 69' lang='lat' dir='ltr'><strong>soror:</strong></span> <span class='ocrx_word' id='word_1_479' title='bbox 1239 4370 1319 4407; x_wconf 84' lang='lat' dir='ltr'><strong>us.</strong></span> 
     </span>
    </p>
   </div>
   <div class='ocr_carea' id='block_1_64' title="bbox 1029 4370 1319 4407">
    <p class='ocr_par' dir='ltr' id='par_1_64' title="bbox 1029 4370 1319 4407">
     <span class='ocr_line' id='line_1_65' title="bbox 1029 4370 1319 4407; baseline 0 0"><span class='ocrx_word' id='word_1_480' title='bbox 1029 4370 1319 4407; x_wconf 74' lang='grc' dir='ltr'><strong>εονονιοιιδ.</strong></span> 
     </span>
    </p>
   </div>
   <div class='ocr_carea' id='block_1_65' title="bbox 2058 1863 3646 1937">
    <p class='ocr_par' dir='ltr' id='par_1_65' title="bbox 2058 1863 3646 1937">
     <span class='ocr_line' id='line_1_66' title="bbox 2058 1863 3646 1937; baseline -0.002 -17"><span class='ocrx_word' id='word_1_481' title='bbox 2058 1868 2176 1936; x_wconf 90' lang='lat' dir='ltr'><strong>pori</strong></span> <span class='ocrx_word' id='word_1_482' title='bbox 2199 1882 2299 1922; x_wconf 91' lang='lat' dir='ltr'><strong>suo</strong></span> <span class='ocrx_word' id='word_1_483' title='bbox 2315 1869 2558 1937; x_wconf 86' lang='lat' dir='ltr'><strong>pepercit</strong></span> <span class='ocrx_word' id='word_1_484' title='bbox 2586 1885 2599 1932; x_wconf 93' lang='lat'><strong>;</strong></span> <span class='ocrx_word' id='word_1_485' title='bbox 2636 1867 2729 1921; x_wconf 88' lang='lat' dir='ltr'><strong>sed</strong></span> <span class='ocrx_word' id='word_1_486' title='bbox 2748 1866 2952 1921; x_wconf 89' lang='lat' dir='ltr'><strong>ferrum</strong></span> <span class='ocrx_word' id='word_1_487' title='bbox 2976 1864 3212 1918; x_wconf 90' lang='lat' dir='ltr'><strong>candens</strong></span> <span class='ocrx_word' id='word_1_488' title='bbox 3241 1863 3355 1917; x_wconf 92' lang='lat' dir='ltr'><strong>suis</strong></span> <span class='ocrx_word' id='word_1_489' title='bbox 3373 1863 3646 1917; x_wconf 87' lang='lat' dir='ltr'><strong>membris</strong></span> 
     </span>
    </p>
   </div>
   <div class='ocr_carea' id='block_1_66' title="bbox 2057 1945 3642 2017">
    <p class='ocr_par' dir='ltr' id='par_1_66' title="bbox 2057 1945 3642 2017">
     <span class='ocr_line' id='line_1_67' title="bbox 2057 1945 3642 2017; baseline -0.003 -14"><span class='ocrx_word' id='word_1_490' title='bbox 2057 1949 2396 2015; x_wconf 88' lang='lat' dir='ltr'><strong>admovebat,</strong></span> <span class='ocrx_word' id='word_1_491' title='bbox 2417 1951 2553 2005; x_wconf 90' lang='lat' dir='ltr'><strong>adeo</strong></span> <span class='ocrx_word' id='word_1_492' title='bbox 2575 1958 2633 2003; x_wconf 94' lang='lat' dir='ltr'><strong>ut</strong></span> <span class='ocrx_word' id='word_1_493' title='bbox 2662 1958 2807 2003; x_wconf 86' lang='lat' dir='ltr'><strong>esset</strong></span> <span class='ocrx_word' id='word_1_494' title='bbox 2832 1956 2976 2003; x_wconf 86' lang='lat' dir='ltr'><strong>totus</strong></span> <span class='ocrx_word' id='word_1_495' title='bbox 2998 1949 3288 2003; x_wconf 90' lang='lat' dir='ltr'><strong>ulceratus.</strong></span> <span class='ocrx_word' id='word_1_496' title='bbox 3306 1945 3436 2017; x_wconf 81' lang='lat' dir='ltr'><strong>Ejus</strong></span> <span class='ocrx_word' id='word_1_497' title='bbox 3451 1955 3642 1999; x_wconf 90' lang='lat' dir='ltr'><strong>autem</strong></span> 
     </span>
    </p>
   </div>
   <div class='ocr_carea' id='block_1_67' title="bbox 2059 2031 3645 2103">
    <p class='ocr_par' dir='ltr' id='par_1_67' title="bbox 2059 2031 3645 2103">
     <span class='ocr_line' id='line_1_68' title="bbox 2059 2031 3645 2103; baseline -0.001 -18"><span class='ocrx_word' id='word_1_498' title='bbox 2059 2048 2244 2086; x_wconf 89' lang='lat' dir='ltr'><strong>mensa</strong></span> <span class='ocrx_word' id='word_1_499' title='bbox 2273 2034 2400 2087; x_wconf 91' lang='lat' dir='ltr'><strong>talis</strong></span> <span class='ocrx_word' id='word_1_500' title='bbox 2419 2033 2568 2088; x_wconf 87' lang='lat' dir='ltr'><strong>fulta</strong></span> <span class='ocrx_word' id='word_1_501' title='bbox 2593 2034 2883 2103; x_wconf 89' lang='lat' dir='ltr'><strong>juventute</strong></span> <span class='ocrx_word' id='word_1_502' title='bbox 2914 2047 3085 2100; x_wconf 90' lang='lat' dir='ltr'><strong>usque</strong></span> <span class='ocrx_word' id='word_1_503' title='bbox 3101 2032 3167 2085; x_wconf 88' lang='lat' dir='ltr'><strong>ad</strong></span> <span class='ocrx_word' id='word_1_504' title='bbox 3203 2039 3456 2092; x_wconf 90' lang='lat' dir='ltr'><strong>mortem,</strong></span> <span class='ocrx_word' id='word_1_505' title='bbox 3488 2031 3645 2099; x_wconf 87' lang='lat' dir='ltr'><strong>quod</strong></span> 
     </span>
    </p>
   </div>
   <div class='ocr_carea' id='block_1_68' title="bbox 2059 2115 3645 2185">
    <p class='ocr_par' dir='ltr' id='par_1_68' title="bbox 2059 2115 3645 2185">
     <span class='ocr_line' id='line_1_69' title="bbox 2059 2115 3645 2185; baseline 0.001 -17"><span class='ocrx_word' id='word_1_506' title='bbox 2059 2116 2243 2170; x_wconf 90' lang='lat' dir='ltr'><strong>crudis</strong></span> <span class='ocrx_word' id='word_1_507' title='bbox 2273 2116 2482 2171; x_wconf 90' lang='lat' dir='ltr'><strong>scilicet</strong></span> <span class='ocrx_word' id='word_1_508' title='bbox 2503 2126 2860 2181; x_wconf 82' lang='lat' dir='ltr'><strong>vesceretur;</strong></span> <span class='ocrx_word' id='word_1_509' title='bbox 2891 2115 3029 2169; x_wconf 88' lang='lat' dir='ltr'><strong>nihil</strong></span> <span class='ocrx_word' id='word_1_510' title='bbox 3064 2116 3213 2170; x_wconf 90' lang='lat' dir='ltr'><strong>enim</strong></span> <span class='ocrx_word' id='word_1_511' title='bbox 3258 2129 3500 2185; x_wconf 89' lang='lat' dir='ltr'><strong>unquam</strong></span> <span class='ocrx_word' id='word_1_512' title='bbox 3541 2129 3645 2169; x_wconf 82' lang='lat' dir='ltr'><strong>co-</strong></span> 
     </span>
    </p>
   </div>
   <div class='ocr_carea' id='block_1_69' title="bbox 2058 2200 3643 2270">
    <p class='ocr_par' dir='ltr' id='par_1_69' title="bbox 2058 2200 3643 2270">
     <span class='ocr_line' id='line_1_70' title="bbox 2058 2200 3643 2270; baseline 0.001 -18"><span class='ocrx_word' id='word_1_513' title='bbox 2058 2200 2309 2253; x_wconf 90' lang='lat' dir='ltr'><strong>medebat</strong></span> <span class='ocrx_word' id='word_1_514' title='bbox 2341 2200 2485 2269; x_wconf 93' lang='lat' dir='ltr'><strong>quod</strong></span> <span class='ocrx_word' id='word_1_515' title='bbox 2520 2200 2627 2270; x_wconf 88' lang='lat' dir='ltr'><strong>igni</strong></span> <span class='ocrx_word' id='word_1_516' title='bbox 2659 2200 2852 2255; x_wconf 86' lang='lat' dir='ltr'><strong>fuisset</strong></span> <span class='ocrx_word' id='word_1_517' title='bbox 2881 2200 3177 2262; x_wconf 89' lang='lat' dir='ltr'><strong>admotum,</strong></span> <span class='ocrx_word' id='word_1_518' title='bbox 3204 2210 3401 2268; x_wconf 63' lang='lat' dir='ltr'><strong>praatcr</strong></span> <span class='ocrx_word' id='word_1_519' title='bbox 3416 2213 3643 2268; x_wconf 87' lang='lat' dir='ltr'><strong>panem.</strong></span> 
     </span>
    </p>
   </div>
   <div class='ocr_carea' id='block_1_70' title="bbox 2061 2280 3645 2336">
    <p class='ocr_par' dir='ltr' id='par_1_70' title="bbox 2061 2280 3645 2336">
     <span class='ocr_line' id='line_1_71' title="bbox 2061 2280 3645 2336; baseline 0.001 -2"><span class='ocrx_word' id='word_1_520' title='bbox 2061 2280 2228 2335; x_wconf 76' lang='lat' dir='ltr'><strong>Vetus</strong></span> <span class='ocrx_word' id='word_1_521' title='bbox 2251 2291 2433 2335; x_wconf 90' lang='lat' dir='ltr'><strong>autem</strong></span> <span class='ocrx_word' id='word_1_522' title='bbox 2466 2290 2521 2336; x_wconf 92' lang='lat' dir='ltr'><strong>et</strong></span> <span class='ocrx_word' id='word_1_523' title='bbox 2566 2283 2776 2336; x_wconf 86' lang='lat' dir='ltr'><strong>Novum</strong></span> <span class='ocrx_word' id='word_1_524' title='bbox 2811 2281 3225 2336; x_wconf 89' lang='lat' dir='ltr'><strong>Testamentum</strong></span> <span class='ocrx_word' id='word_1_525' title='bbox 3271 2282 3489 2336; x_wconf 87' lang='lat' dir='ltr'><strong>dicebat</strong></span> <span class='ocrx_word' id='word_1_526' title='bbox 3520 2297 3645 2335; x_wconf 83' lang='lat' dir='ltr'><strong>me-</strong></span> 
     </span>
    </p>
   </div>
   <div class='ocr_carea' id='block_1_71' title="bbox 2059 2363 3643 2435">
    <p class='ocr_par' dir='ltr' id='par_1_71' title="bbox 2059 2363 3643 2435">
     <span class='ocr_line' id='line_1_72' title="bbox 2059 2363 3643 2435; baseline 0 -16"><span class='ocrx_word' id='word_1_527' title='bbox 2059 2366 2284 2420; x_wconf 90' lang='lat' dir='ltr'><strong>moriter</strong></span> <span class='ocrx_word' id='word_1_528' title='bbox 2312 2366 2423 2433; x_wconf 71' lang='lat'><strong>(32)</strong></span> <span class='ocrx_word' id='word_1_529' title='bbox 2452 2383 2466 2426; x_wconf 86' lang='lat'><strong>:</strong></span> <span class='ocrx_word' id='word_1_530' title='bbox 2496 2374 2549 2420; x_wconf 90' lang='lat' dir='ltr'><strong>et</strong></span> <span class='ocrx_word' id='word_1_531' title='bbox 2582 2366 2635 2419; x_wconf 90' lang='lat' dir='ltr'><strong>in</strong></span> <span class='ocrx_word' id='word_1_532' title='bbox 2670 2367 2955 2419; x_wconf 90' lang='lat' dir='ltr'><strong>doctorum</strong></span> <span class='ocrx_word' id='word_1_533' title='bbox 2996 2366 3239 2420; x_wconf 90' lang='lat' dir='ltr'><strong>virorum</strong></span> <span class='ocrx_word' id='word_1_534' title='bbox 3293 2363 3550 2435; x_wconf 86' lang='lat' dir='ltr'><strong>Origenis</strong></span> <span class='ocrx_word' id='word_1_535' title='bbox 3586 2376 3643 2419; x_wconf 91' lang='lat' dir='ltr'><strong>et</strong></span> 
     </span>
    </p>
   </div>
   <div class='ocr_carea' id='block_1_72' title="bbox 2061 2447 3641 2519">
    <p class='ocr_par' dir='ltr' id='par_1_72' title="bbox 2061 2447 3641 2519">
     <span class='ocr_line' id='line_1_73' title="bbox 2061 2447 3641 2519; baseline 0.001 -17"><span class='ocrx_word' id='word_1_536' title='bbox 2061 2448 2293 2519; x_wconf 87' lang='lat' dir='ltr'><strong>Didymi,</strong></span> <span class='ocrx_word' id='word_1_537' title='bbox 2318 2459 2372 2503; x_wconf 90' lang='lat' dir='ltr'><strong>et</strong></span> <span class='ocrx_word' id='word_1_538' title='bbox 2402 2447 2566 2503; x_wconf 89' lang='lat' dir='ltr'><strong>Pierii</strong></span> <span class='ocrx_word' id='word_1_539' title='bbox 2590 2456 2644 2503; x_wconf 92' lang='lat' dir='ltr'><strong>et</strong></span> <span class='ocrx_word' id='word_1_540' title='bbox 2674 2450 2938 2519; x_wconf 83' lang='lat' dir='ltr'><strong>Stephani</strong></span> <span class='ocrx_word' id='word_1_541' title='bbox 2970 2449 3191 2519; x_wconf 88' lang='lat' dir='ltr'><strong>scriptis</strong></span> <span class='ocrx_word' id='word_1_542' title='bbox 3238 2450 3311 2503; x_wconf 89' lang='lat' dir='ltr'><strong>ita</strong></span> <span class='ocrx_word' id='word_1_543' title='bbox 3355 2459 3471 2504; x_wconf 87' lang='lat' dir='ltr'><strong>erat</strong></span> <span class='ocrx_word' id='word_1_544' title='bbox 3507 2467 3641 2505; x_wconf 87' lang='lat' dir='ltr'><strong>ver-</strong></span> 
     </span>
    </p>
   </div>
   <div class='ocr_carea' id='block_1_73' title="bbox 2061 2532 3641 2602">
    <p class='ocr_par' dir='ltr' id='par_1_73' title="bbox 2061 2532 3641 2602">
     <span class='ocr_line' id='line_1_74' title="bbox 2061 2532 3641 2602; baseline -0.001 -16"><span class='ocrx_word' id='word_1_545' title='bbox 2061 2541 2227 2595; x_wconf 89' lang='lat' dir='ltr'><strong>satus,</strong></span> <span class='ocrx_word' id='word_1_546' title='bbox 2262 2540 2321 2585; x_wconf 90' lang='lat' dir='ltr'><strong>ut</strong></span> <span class='ocrx_word' id='word_1_547' title='bbox 2354 2532 2602 2602; x_wconf 81' lang='lat' dir='ltr'><strong>sexagies</strong></span> <span class='ocrx_word' id='word_1_548' title='bbox 2626 2542 2859 2587; x_wconf 90' lang='lat' dir='ltr'><strong>centena</strong></span> <span class='ocrx_word' id='word_1_549' title='bbox 2897 2532 3063 2585; x_wconf 90' lang='lat' dir='ltr'><strong>millia</strong></span> <span class='ocrx_word' id='word_1_550' title='bbox 3119 2548 3377 2586; x_wconf 88' lang='lat' dir='ltr'><strong>versuum</strong></span> <span class='ocrx_word' id='word_1_551' title='bbox 3408 2548 3641 2601; x_wconf 89' lang='lat' dir='ltr'><strong>percur-</strong></span> 
     </span>
    </p>
   </div>
   <div class='ocr_carea' id='block_1_74' title="bbox 2061 2613 3640 2691">
    <p class='ocr_par' dir='ltr' id='par_1_74' title="bbox 2061 2613 3640 2691">
     <span class='ocr_line' id='line_1_75' title="bbox 2061 2613 3640 2691; baseline 0.002 -24"><span class='ocrx_word' id='word_1_552' title='bbox 2061 2613 2212 2677; x_wconf 90' lang='lat' dir='ltr'><strong>rerit,</strong></span> <span class='ocrx_word' id='word_1_553' title='bbox 2248 2622 2306 2667; x_wconf 91' lang='lat' dir='ltr'><strong>ut</strong></span> <span class='ocrx_word' id='word_1_554' title='bbox 2334 2614 2402 2668; x_wconf 91' lang='lat' dir='ltr'><strong>de</strong></span> <span class='ocrx_word' id='word_1_555' title='bbox 2433 2630 2498 2668; x_wconf 85' lang='lat' dir='ltr'><strong>eo</strong></span> <span class='ocrx_word' id='word_1_556' title='bbox 2532 2614 2718 2669; x_wconf 87' lang='lat' dir='ltr'><strong>ferunt</strong></span> <span class='ocrx_word' id='word_1_557' title='bbox 2768 2615 3137 2691; x_wconf 81' lang='lat' dir='ltr'><strong>testimonium</strong></span> <span class='ocrx_word' id='word_1_558' title='bbox 3192 2616 3372 2685; x_wconf 86' lang='lat' dir='ltr'><strong>magni</strong></span> <span class='ocrx_word' id='word_1_559' title='bbox 3418 2632 3640 2685; x_wconf 88' lang='lat' dir='ltr'><strong>quoque</strong></span> 
     </span>
    </p>
   </div>
   <div class='ocr_carea' id='block_1_75' title="bbox 2061 2696 3638 2767">
    <p class='ocr_par' dir='ltr' id='par_1_75' title="bbox 2061 2696 3638 2767">
     <span class='ocr_line' id='line_1_76' title="bbox 2061 2696 3638 2767; baseline 0.003 -18"><span class='ocrx_word' id='word_1_560' title='bbox 2061 2696 2249 2749; x_wconf 87' lang='lat' dir='ltr'><strong>Patres</strong></span> <span class='ocrx_word' id='word_1_561' title='bbox 2286 2697 2339 2749; x_wconf 92' lang='lat' dir='ltr'><strong>in</strong></span> <span class='ocrx_word' id='word_1_562' title='bbox 2377 2697 2691 2753; x_wconf 88' lang='lat' dir='ltr'><strong>solitudine.</strong></span> <span class='ocrx_word' id='word_1_563' title='bbox 2733 2697 2904 2767; x_wconf 89' lang='lat' dir='ltr'><strong>Ilujus</strong></span> <span class='ocrx_word' id='word_1_564' title='bbox 2941 2706 3119 2752; x_wconf 91' lang='lat' dir='ltr'><strong>autem</strong></span> <span class='ocrx_word' id='word_1_565' title='bbox 3174 2697 3425 2753; x_wconf 88' lang='lat' dir='ltr'><strong>feruntur</strong></span> <span class='ocrx_word' id='word_1_566' title='bbox 3471 2701 3638 2754; x_wconf 85' lang='lat' dir='ltr'><strong>etiam</strong></span> 
     </span>
    </p>
   </div>
   <div class='ocr_carea' id='block_1_76' title="bbox 2062 2780 3638 2849">
    <p class='ocr_par' dir='ltr' id='par_1_76' title="bbox 2062 2780 3638 2849">
     <span class='ocr_line' id='line_1_77' title="bbox 2062 2780 3638 2849; baseline 0.005 -18"><span class='ocrx_word' id='word_1_567' title='bbox 2062 2781 2381 2849; x_wconf 76' lang='lat' dir='ltr'><strong>prophetiae.</strong></span> <span class='ocrx_word' id='word_1_568' title='bbox 2418 2780 2652 2834; x_wconf 89' lang='lat' dir='ltr'><strong>Tantum</strong></span> <span class='ocrx_word' id='word_1_569' title='bbox 2685 2791 2867 2837; x_wconf 89' lang='lat' dir='ltr'><strong>autem</strong></span> <span class='ocrx_word' id='word_1_570' title='bbox 2928 2782 3141 2837; x_wconf 86' lang='lat' dir='ltr'><strong>valebat</strong></span> <span class='ocrx_word' id='word_1_571' title='bbox 3186 2783 3238 2837; x_wconf 95' lang='lat' dir='ltr'><strong>in</strong></span> <span class='ocrx_word' id='word_1_572' title='bbox 3291 2785 3638 2839; x_wconf 85' lang='lat' dir='ltr'><strong>consolandis</strong></span> 
     </span>
    </p>
   </div>
   <div class='ocr_carea' id='block_1_77' title="bbox 2063 2862 3640 2936">
    <p class='ocr_par' dir='ltr' id='par_1_77' title="bbox 2063 2862 3640 2936">
     <span class='ocr_line' id='line_1_78' title="bbox 2063 2862 3640 2936; baseline 0.004 -21"><span class='ocrx_word' id='word_1_573' title='bbox 2063 2862 2320 2918; x_wconf 89' lang='lat' dir='ltr'><strong>fratribus</strong></span> <span class='ocrx_word' id='word_1_574' title='bbox 2365 2863 2456 2933; x_wconf 91' lang='lat' dir='ltr'><strong>qui</strong></span> <span class='ocrx_word' id='word_1_575' title='bbox 2490 2874 2646 2919; x_wconf 90' lang='lat' dir='ltr'><strong>erant</strong></span> <span class='ocrx_word' id='word_1_576' title='bbox 2693 2865 2747 2919; x_wconf 90' lang='lat' dir='ltr'><strong>in</strong></span> <span class='ocrx_word' id='word_1_577' title='bbox 2799 2866 3119 2930; x_wconf 83' lang='lat' dir='ltr'><strong>solitudine,</strong></span> <span class='ocrx_word' id='word_1_578' title='bbox 3153 2876 3418 2936; x_wconf 86' lang='lat' dir='ltr'><strong>quantum</strong></span> <span class='ocrx_word' id='word_1_579' title='bbox 3456 2869 3640 2922; x_wconf 86' lang='lat' dir='ltr'><strong>nullus</strong></span> 
     </span>
    </p>
   </div>
   <div class='ocr_carea' id='block_1_78' title="bbox 2063 2946 2219 3001">
    <p class='ocr_par' dir='ltr' id='par_1_78' title="bbox 2063 2946 2219 3001">
     <span class='ocr_line' id='line_1_79' title="bbox 2063 2946 2219 3001; baseline 0 -2"><span class='ocrx_word' id='word_1_580' title='bbox 2063 2946 2219 3001; x_wconf 87' lang='lat' dir='ltr'><strong>alius.</strong></span> 
     </span>
    </p>
   </div>
   <div class='ocr_carea' id='block_1_79' title="bbox 2134 3038 3635 3111">
    <p class='ocr_par' dir='ltr' id='par_1_79' title="bbox 2134 3038 3635 3111">
     <span class='ocr_line' id='line_1_80' title="bbox 2134 3038 3635 3111; baseline 0.002 -19"><span class='ocrx_word' id='word_1_581' title='bbox 2134 3038 2250 3094; x_wconf 87' lang='lat' dir='ltr'><strong>Iloc</strong></span> <span class='ocrx_word' id='word_1_582' title='bbox 2276 3039 2326 3094; x_wconf 88' lang='lat' dir='ltr'><strong>ei</strong></span> <span class='ocrx_word' id='word_1_583' title='bbox 2360 3055 2460 3095; x_wconf 90' lang='lat' dir='ltr'><strong>suo</strong></span> <span class='ocrx_word' id='word_1_584' title='bbox 2491 3039 2746 3109; x_wconf 75' lang='lat' dir='ltr'><strong>suffragio</strong></span> <span class='ocrx_word' id='word_1_585' title='bbox 2771 3040 3049 3095; x_wconf 88' lang='lat' dir='ltr'><strong>tribuebat</strong></span> <span class='ocrx_word' id='word_1_586' title='bbox 3071 3041 3354 3110; x_wconf 85' lang='lat' dir='ltr'><strong>Evagrius,</strong></span> <span class='ocrx_word' id='word_1_587' title='bbox 3390 3043 3482 3111; x_wconf 88' lang='lat' dir='ltr'><strong>qui</strong></span> <span class='ocrx_word' id='word_1_588' title='bbox 3519 3051 3635 3098; x_wconf 89' lang='lat' dir='ltr'><strong>erat</strong></span> 
     </span>
    </p>
   </div>
   <div class='ocr_carea' id='block_1_80' title="bbox 1982 3124 3633 3202">
    <p class='ocr_par' dir='ltr' id='par_1_80' title="bbox 1982 3124 3633 3202">
     <span class='ocr_line' id='line_1_81' title="bbox 1982 3124 3633 3202; baseline 0 -21"><span class='ocrx_word' id='word_1_589' title='bbox 1982 3140 2027 3202; x_wconf 69' lang='grc' dir='ltr'><strong>ρ</strong></span> <span class='ocrx_word' id='word_1_590' title='bbox 2062 3126 2147 3181; x_wconf 90' lang='lat' dir='ltr'><strong>vir</strong></span> <span class='ocrx_word' id='word_1_591' title='bbox 2174 3126 2517 3181; x_wconf 91' lang='lat' dir='ltr'><strong>discernendi</strong></span> <span class='ocrx_word' id='word_1_592' title='bbox 2541 3125 2589 3179; x_wconf 89' lang='lat' dir='ltr'><strong>vi</strong></span> <span class='ocrx_word' id='word_1_593' title='bbox 2625 3125 2907 3194; x_wconf 59' lang='lat' dir='ltr'><strong>praeditus,</strong></span> <span class='ocrx_word' id='word_1_594' title='bbox 2938 3140 2994 3178; x_wconf 90' lang='lat' dir='ltr'><strong>se</strong></span> <span class='ocrx_word' id='word_1_595' title='bbox 3027 3124 3230 3178; x_wconf 88' lang='lat' dir='ltr'><strong>nullum</strong></span> <span class='ocrx_word' id='word_1_596' title='bbox 3252 3124 3527 3180; x_wconf 87' lang='lat' dir='ltr'><strong>hominem</strong></span> <span class='ocrx_word' id='word_1_597' title='bbox 3558 3128 3633 3180; x_wconf 83' lang='lat' dir='ltr'><strong>vi-</strong></span> 
     </span>
    </p>
   </div>
   <div class='ocr_carea' id='block_1_81' title="bbox 2063 3209 3628 3280">
    <p class='ocr_par' dir='ltr' id='par_1_81' title="bbox 2063 3209 3628 3280">
     <span class='ocr_line' id='line_1_82' title="bbox 2063 3209 3628 3280; baseline 0.001 -15"><span class='ocrx_word' id='word_1_598' title='bbox 2063 3210 2210 3265; x_wconf 91' lang='lat' dir='ltr'><strong>disse</strong></span> <span class='ocrx_word' id='word_1_599' title='bbox 2238 3210 2328 3280; x_wconf 91' lang='lat' dir='ltr'><strong>qui</strong></span> <span class='ocrx_word' id='word_1_600' title='bbox 2361 3220 2504 3265; x_wconf 85' lang='lat' dir='ltr'><strong>esset</strong></span> <span class='ocrx_word' id='word_1_601' title='bbox 2526 3210 2697 3280; x_wconf 90' lang='lat' dir='ltr'><strong>magis</strong></span> <span class='ocrx_word' id='word_1_602' title='bbox 2728 3209 3047 3278; x_wconf 82' lang='lat' dir='ltr'><strong>impatihilis</strong></span> <span class='ocrx_word' id='word_1_603' title='bbox 3071 3210 3205 3278; x_wconf 77' lang='lat'><strong>(55),</strong></span> <span class='ocrx_word' id='word_1_604' title='bbox 3243 3219 3298 3265; x_wconf 88' lang='lat' dir='ltr'><strong>et</strong></span> <span class='ocrx_word' id='word_1_605' title='bbox 3327 3212 3537 3266; x_wconf 88' lang='lat' dir='ltr'><strong>alienus</strong></span> <span class='ocrx_word' id='word_1_606' title='bbox 3568 3214 3628 3267; x_wconf 87' lang='lat' dir='ltr'><strong>ab</strong></span> 
     </span>
    </p>
   </div>
   <div class='ocr_carea' id='block_1_82' title="bbox 2063 3292 3469 3364">
    <p class='ocr_par' dir='ltr' id='par_1_82' title="bbox 2063 3292 3469 3364">
     <span class='ocr_line' id='line_1_83' title="bbox 2063 3292 3469 3364; baseline 0 -16"><span class='ocrx_word' id='word_1_607' title='bbox 2063 3293 2318 3348; x_wconf 91' lang='lat' dir='ltr'><strong>omnibus</strong></span> <span class='ocrx_word' id='word_1_608' title='bbox 2351 3293 2517 3347; x_wconf 87' lang='lat' dir='ltr'><strong>animi</strong></span> <span class='ocrx_word' id='word_1_609' title='bbox 2546 3293 3054 3362; x_wconf 89' lang='lat' dir='ltr'><strong>perturbationibus</strong></span> <span class='ocrx_word' id='word_1_610' title='bbox 3098 3292 3287 3364; x_wconf 86' lang='lat' dir='ltr'><strong>(Caute</strong></span> <span class='ocrx_word' id='word_1_611' title='bbox 3320 3294 3469 3364; x_wconf 87' lang='lat' dir='ltr'><strong>lege).</strong></span> 
     </span>
    </p>
   </div>
   <div class='ocr_carea' id='block_1_83' title="bbox 2135 3387 3614 3459">
    <p class='ocr_par' dir='ltr' id='par_1_83' title="bbox 2135 3387 3614 3459">
     <span class='ocr_line' id='line_1_84' title="bbox 2135 3387 3614 3459; baseline 0.001 -19"><span class='ocrx_word' id='word_1_612' title='bbox 2135 3387 2257 3459; x_wconf 88' lang='lat' dir='ltr'><strong>[llic</strong></span> <span class='ocrx_word' id='word_1_613' title='bbox 2290 3388 2429 3442; x_wconf 86' lang='lat' dir='ltr'><strong>idem</strong></span> <span class='ocrx_word' id='word_1_614' title='bbox 2466 3389 2845 3443; x_wconf 86' lang='lat' dir='ltr'><strong>sanctissimus</strong></span> <span class='ocrx_word' id='word_1_615' title='bbox 2885 3404 3008 3443; x_wconf 91' lang='lat' dir='ltr'><strong>cum</strong></span> <span class='ocrx_word' id='word_1_616' title='bbox 3053 3403 3085 3443; x_wconf 90' lang='lat' dir='ltr'><strong>a</strong></span> <span class='ocrx_word' id='word_1_617' title='bbox 3133 3388 3343 3443; x_wconf 66' lang='grc' dir='ltr'>Κυίῐὶηο</span> <span class='ocrx_word' id='word_1_618' title='bbox 3382 3390 3614 3459; x_wconf 85' lang='lat' dir='ltr'><strong>temporis</strong></span> 
     </span>
    </p>
   </div>
   <div class='ocr_carea' id='block_1_84' title="bbox 2066 3472 3603 3543">
    <p class='ocr_par' dir='ltr' id='par_1_84' title="bbox 2066 3472 3603 3543">
     <span class='ocr_line' id='line_1_85' title="bbox 2066 3472 3603 3543; baseline -0.002 -18"><span class='ocrx_word' id='word_1_619' title='bbox 2066 3472 2212 3526; x_wconf 90' lang='lat' dir='ltr'><strong>illius</strong></span> <span class='ocrx_word' id='word_1_620' title='bbox 2245 3472 2503 3541; x_wconf 72' lang='lat' dir='ltr'><strong>prtefecto</strong></span> <span class='ocrx_word' id='word_1_621' title='bbox 2522 3473 2758 3541; x_wconf 71' lang='lat' dir='ltr'><strong>pnetorii</strong></span> <span class='ocrx_word' id='word_1_622' title='bbox 2800 3472 3091 3541; x_wconf 87' lang='lat' dir='ltr'><strong>multiplici</strong></span> <span class='ocrx_word' id='word_1_623' title='bbox 3127 3473 3509 3543; x_wconf 85' lang='lat' dir='ltr'><strong>supplicatione</strong></span> <span class='ocrx_word' id='word_1_624' title='bbox 3531 3488 3603 3523; x_wconf 83' lang='lat' dir='ltr'><strong>ro-</strong></span> 
     </span>
    </p>
   </div>
   <div class='ocr_carea' id='block_1_85' title="bbox 2064 3554 3601 3626">
    <p class='ocr_par' dir='ltr' id='par_1_85' title="bbox 2064 3554 3601 3626">
     <span class='ocr_line' id='line_1_86' title="bbox 2064 3554 3601 3626; baseline -0.001 -18"><span class='ocrx_word' id='word_1_625' title='bbox 2064 3563 2218 3626; x_wconf 87' lang='lat' dir='ltr'><strong>gatus</strong></span> <span class='ocrx_word' id='word_1_626' title='bbox 2250 3554 2462 3621; x_wconf 89' lang='lat' dir='ltr'><strong>fuisset,</strong></span> <span class='ocrx_word' id='word_1_627' title='bbox 2501 3563 2560 3608; x_wconf 91' lang='lat' dir='ltr'><strong>ut</strong></span> <span class='ocrx_word' id='word_1_628' title='bbox 2599 3572 2795 3625; x_wconf 87' lang='lat' dir='ltr'><strong>magno</strong></span> <span class='ocrx_word' id='word_1_629' title='bbox 2844 3556 2936 3610; x_wconf 92' lang='lat' dir='ltr'><strong>illo</strong></span> <span class='ocrx_word' id='word_1_630' title='bbox 2997 3561 3286 3613; x_wconf 86' lang='lat' dir='ltr'><strong>Ammonio</strong></span> <span class='ocrx_word' id='word_1_631' title='bbox 3326 3555 3601 3615; x_wconf 85' lang='lat' dir='ltr'><strong>Constanti-</strong></span> 
     </span>
    </p>
   </div>
   <div class='ocr_carea' id='block_1_86' title="bbox 2063 3638 3610 3707">
    <p class='ocr_par' dir='ltr' id='par_1_86' title="bbox 2063 3638 3610 3707">
     <span class='ocr_line' id='line_1_87' title="bbox 2063 3638 3610 3707; baseline 0.001 -16"><span class='ocrx_word' id='word_1_632' title='bbox 2063 3638 2301 3707; x_wconf 89' lang='lat' dir='ltr'><strong>nopolim</strong></span> <span class='ocrx_word' id='word_1_633' title='bbox 2337 3639 2406 3693; x_wconf 92' lang='lat' dir='ltr'><strong>ob</strong></span> <span class='ocrx_word' id='word_1_634' title='bbox 2436 3641 2774 3693; x_wconf 82' lang='lat' dir='ltr'><strong>necessarias</strong></span> <span class='ocrx_word' id='word_1_635' title='bbox 2803 3641 2971 3694; x_wconf 90' lang='lat' dir='ltr'><strong>eremi</strong></span> <span class='ocrx_word' id='word_1_636' title='bbox 3002 3641 3244 3696; x_wconf 88' lang='lat' dir='ltr'><strong>actiones</strong></span> <span class='ocrx_word' id='word_1_637' title='bbox 3296 3643 3610 3702; x_wconf 79' lang='lat' dir='ltr'><strong>adveniente,</strong></span> 
     </span>
    </p>
   </div>
   <div class='ocr_carea' id='block_1_87' title="bbox 2065 3722 3626 3795">
    <p class='ocr_par' dir='ltr' id='par_1_87' title="bbox 2065 3722 3626 3795">
     <span class='ocr_line' id='line_1_88' title="bbox 2065 3722 3626 3795; baseline 0.001 -19"><span class='ocrx_word' id='word_1_638' title='bbox 2065 3722 2180 3793; x_wconf 87' lang='lat' dir='ltr'><strong>ipse</strong></span> <span class='ocrx_word' id='word_1_639' title='bbox 2209 3738 2424 3792; x_wconf 91' lang='lat' dir='ltr'><strong>quoque</strong></span> <span class='ocrx_word' id='word_1_640' title='bbox 2460 3725 2778 3793; x_wconf 89' lang='lat' dir='ltr'><strong>dignaretur</strong></span> <span class='ocrx_word' id='word_1_641' title='bbox 2815 3725 3025 3788; x_wconf 90' lang='lat' dir='ltr'><strong>venire,</strong></span> <span class='ocrx_word' id='word_1_642' title='bbox 3068 3726 3425 3781; x_wconf 89' lang='lat' dir='ltr'><strong>vehementer</strong></span> <span class='ocrx_word' id='word_1_643' title='bbox 3448 3726 3503 3781; x_wconf 92' lang='lat' dir='ltr'><strong>id</strong></span> <span class='ocrx_word' id='word_1_644' title='bbox 3524 3740 3626 3795; x_wconf 87' lang='lat' dir='ltr'><strong>pre-</strong></span> 
     </span>
    </p>
   </div>
   <div class='ocr_carea' id='block_1_88' title="bbox 2063 3808 3632 3879">
    <p class='ocr_par' dir='ltr' id='par_1_88' title="bbox 2063 3808 3632 3879">
     <span class='ocr_line' id='line_1_89' title="bbox 2063 3808 3632 3879; baseline 0 -19"><span class='ocrx_word' id='word_1_645' title='bbox 2063 3808 2311 3861; x_wconf 88' lang='lat' dir='ltr'><strong>cantibus</strong></span> <span class='ocrx_word' id='word_1_646' title='bbox 2337 3809 2540 3862; x_wconf 89' lang='lat' dir='ltr'><strong>sanctis</strong></span> <span class='ocrx_word' id='word_1_647' title='bbox 2567 3808 2903 3860; x_wconf 88' lang='lat' dir='ltr'><strong>diversarum</strong></span> <span class='ocrx_word' id='word_1_648' title='bbox 2922 3808 3324 3876; x_wconf 90' lang='lat' dir='ltr'><strong>provinciarum</strong></span> <span class='ocrx_word' id='word_1_649' title='bbox 3352 3808 3632 3879; x_wconf 80' lang='lat' dir='ltr'><strong>episcopis,</strong></span> 
     </span>
    </p>
   </div>
   <div class='ocr_carea' id='block_1_89' title="bbox 2065 3890 3634 3961">
    <p class='ocr_par' dir='ltr' id='par_1_89' title="bbox 2065 3890 3634 3961">
     <span class='ocr_line' id='line_1_90' title="bbox 2065 3890 3634 3961; baseline 0 -18"><span class='ocrx_word' id='word_1_650' title='bbox 2065 3890 2294 3959; x_wconf 86' lang='lat' dir='ltr'><strong>aliisque</strong></span> <span class='ocrx_word' id='word_1_651' title='bbox 2325 3892 2738 3960; x_wconf 89' lang='lat' dir='ltr'><strong>quampluribus</strong></span> <span class='ocrx_word' id='word_1_652' title='bbox 2752 3892 3000 3946; x_wconf 88' lang='lat' dir='ltr'><strong>eremitis</strong></span> <span class='ocrx_word' id='word_1_653' title='bbox 3023 3892 3136 3961; x_wconf 89' lang='lat' dir='ltr'><strong>(qui</strong></span> <span class='ocrx_word' id='word_1_654' title='bbox 3160 3892 3227 3947; x_wconf 89' lang='lat' dir='ltr'><strong>ad</strong></span> <span class='ocrx_word' id='word_1_655' title='bbox 3244 3892 3634 3947; x_wconf 86' lang='lat' dir='ltr'><strong>dedicationem</strong></span> 
     </span>
    </p>
   </div>
   <div class='ocr_carea' id='block_1_90' title="bbox 2065 3973 3638 4045">
    <p class='ocr_par' dir='ltr' id='par_1_90' title="bbox 2065 3973 3638 4045">
     <span class='ocr_line' id='line_1_91' title="bbox 2065 3973 3638 4045; baseline 0.001 -18"><span class='ocrx_word' id='word_1_656' title='bbox 2065 3973 2321 4039; x_wconf 76' lang='lat' dir='ltr'><strong>basilicae,</strong></span> <span class='ocrx_word' id='word_1_657' title='bbox 2351 3990 2513 4044; x_wconf 91' lang='lat' dir='ltr'><strong>quam</strong></span> <span class='ocrx_word' id='word_1_658' title='bbox 2548 3975 2665 4044; x_wconf 91' lang='lat' dir='ltr'><strong>ipse</strong></span> <span class='ocrx_word' id='word_1_659' title='bbox 2701 3975 3044 4039; x_wconf 90' lang='lat' dir='ltr'><strong>condiderat,</strong></span> <span class='ocrx_word' id='word_1_660' title='bbox 3078 3976 3493 4045; x_wconf 88' lang='lat' dir='ltr'><strong>convenerant),</strong></span> <span class='ocrx_word' id='word_1_661' title='bbox 3531 3991 3638 4029; x_wconf 79' lang='lat' dir='ltr'><strong>me-</strong></span> 
     </span>
    </p>
   </div>
   <div class='ocr_carea' id='block_1_91' title="bbox 2064 4058 3640 4130">
    <p class='ocr_par' dir='ltr' id='par_1_91' title="bbox 2064 4058 3640 4130">
     <span class='ocr_line' id='line_1_92' title="bbox 2064 4058 3640 4130; baseline 0.001 -19"><span class='ocrx_word' id='word_1_662' title='bbox 2064 4067 2339 4112; x_wconf 90' lang='lat' dir='ltr'><strong>moratum</strong></span> <span class='ocrx_word' id='word_1_663' title='bbox 2377 4058 2651 4113; x_wconf 77' lang='lat' dir='ltr'><strong>Bullinum</strong></span> <span class='ocrx_word' id='word_1_664' title='bbox 2692 4060 2930 4128; x_wconf 91' lang='lat' dir='ltr'><strong>propriis</strong></span> <span class='ocrx_word' id='word_1_665' title='bbox 2950 4060 3203 4113; x_wconf 88' lang='lat' dir='ltr'><strong>manibus</strong></span> <span class='ocrx_word' id='word_1_666' title='bbox 3232 4061 3640 4130; x_wconf 85' lang='lat' dir='ltr'><strong>suscepitsacro</strong></span> 
     </span>
    </p>
   </div>
   <div class='ocr_carea' id='block_1_92' title="bbox 2066 4141 3644 4208">
    <p class='ocr_par' dir='ltr' id='par_1_92' title="bbox 2066 4141 3644 4208">
     <span class='ocr_line' id='line_1_93' title="bbox 2066 4141 3644 4208; baseline 0.001 -13"><span class='ocrx_word' id='word_1_667' title='bbox 2066 4141 2217 4196; x_wconf 88' lang='lat' dir='ltr'><strong>fonte</strong></span> <span class='ocrx_word' id='word_1_668' title='bbox 2247 4143 2592 4197; x_wconf 90' lang='lat' dir='ltr'><strong>mundatum.</strong></span> <span class='ocrx_word' id='word_1_669' title='bbox 2629 4143 2804 4208; x_wconf 86' lang='lat' dir='ltr'><strong>Quem</strong></span> <span class='ocrx_word' id='word_1_670' title='bbox 2834 4158 2947 4197; x_wconf 65' lang='lat' dir='ltr'><strong>suae</strong></span> <span class='ocrx_word' id='word_1_671' title='bbox 2989 4144 3426 4198; x_wconf 90' lang='lat' dir='ltr'><strong>conversationis</strong></span> <span class='ocrx_word' id='word_1_672' title='bbox 3449 4145 3644 4199; x_wconf 88' lang='lat' dir='ltr'><strong>merito</strong></span> 
     </span>
    </p>
   </div>
   <div class='ocr_carea' id='block_1_93' title="bbox 2065 4226 3645 4299">
    <p class='ocr_par' dir='ltr' id='par_1_93' title="bbox 2065 4226 3645 4299">
     <span class='ocr_line' id='line_1_94' title="bbox 2065 4226 3645 4299; baseline 0.004 -21"><span class='ocrx_word' id='word_1_673' title='bbox 2065 4226 2359 4296; x_wconf 87' lang='lat' dir='ltr'><strong>plurimum</strong></span> <span class='ocrx_word' id='word_1_674' title='bbox 2391 4237 2683 4282; x_wconf 87' lang='lat' dir='ltr'><strong>veneratus</strong></span> <span class='ocrx_word' id='word_1_675' title='bbox 2716 4238 2820 4291; x_wconf 90' lang='lat' dir='ltr'><strong>est,</strong></span> <span class='ocrx_word' id='word_1_676' title='bbox 2857 4235 3046 4281; x_wconf 89' lang='lat' dir='ltr'><strong>sancto</strong></span> <span class='ocrx_word' id='word_1_677' title='bbox 3082 4228 3369 4283; x_wconf 89' lang='lat' dir='ltr'><strong>Ammonio</strong></span> <span class='ocrx_word' id='word_1_678' title='bbox 3418 4230 3645 4299; x_wconf 89' lang='lat' dir='ltr'><strong>cupiens</strong></span> 
     </span>
    </p>
   </div>
   <div class='ocr_carea' id='block_1_94' title="bbox 2069 4308 3646 4381">
    <p class='ocr_par' dir='ltr' id='par_1_94' title="bbox 2069 4308 3646 4381">
     <span class='ocr_line' id='line_1_95' title="bbox 2069 4308 3646 4381; baseline 0.005 -20"><span class='ocrx_word' id='word_1_679' title='bbox 2069 4308 2122 4362; x_wconf 84' lang='lat' dir='ltr'><strong>in</strong></span> <span class='ocrx_word' id='word_1_680' title='bbox 2151 4311 2407 4365; x_wconf 91' lang='lat' dir='ltr'><strong>omnibus</strong></span> <span class='ocrx_word' id='word_1_681' title='bbox 2454 4310 2681 4365; x_wconf 57' lang='lat' dir='ltr'><strong>obedire</strong></span> <span class='ocrx_word' id='word_1_682' title='bbox 2718 4325 2731 4361; x_wconf 87' lang='lat'><strong>:</strong></span> <span class='ocrx_word' id='word_1_683' title='bbox 2766 4311 2859 4379; x_wconf 88' lang='lat' dir='ltr'><strong>qui</strong></span> <span class='ocrx_word' id='word_1_684' title='bbox 2916 4310 3076 4379; x_wconf 90' lang='lat' dir='ltr'><strong>paulo</strong></span> <span class='ocrx_word' id='word_1_685' title='bbox 3107 4318 3230 4381; x_wconf 89' lang='lat' dir='ltr'><strong>post</strong></span> <span class='ocrx_word' id='word_1_686' title='bbox 3278 4312 3535 4369; x_wconf 87' lang='lat' dir='ltr'><strong>dormivit</strong></span> <span class='ocrx_word' id='word_1_687' title='bbox 3591 4316 3646 4369; x_wconf 90' lang='lat' dir='ltr'><strong>in</strong></span> 
     </span>
    </p>
   </div>
   <div class='ocr_carea' id='block_1_95' title="bbox 2068 4390 3648 4465">
    <p class='ocr_par' dir='ltr' id='par_1_95' title="bbox 2068 4390 3648 4465">
     <span class='ocr_line' id='line_1_96' title="bbox 2068 4390 3648 4465; baseline 0.004 -21"><span class='ocrx_word' id='word_1_688' title='bbox 2068 4390 2318 4457; x_wconf 85' lang='lat' dir='ltr'><strong>Domino,</strong></span> <span class='ocrx_word' id='word_1_689' title='bbox 2350 4393 2704 4462; x_wconf 91' lang='lat' dir='ltr'><strong>sepultusque</strong></span> <span class='ocrx_word' id='word_1_690' title='bbox 2736 4402 2819 4447; x_wconf 92' lang='lat' dir='ltr'><strong>est</strong></span> <span class='ocrx_word' id='word_1_691' title='bbox 2853 4392 2905 4445; x_wconf 90' lang='lat' dir='ltr'><strong>in</strong></span> <span class='ocrx_word' id='word_1_692' title='bbox 2931 4392 3150 4447; x_wconf 88' lang='lat' dir='ltr'><strong>basilica</strong></span> <span class='ocrx_word' id='word_1_693' title='bbox 3185 4410 3304 4464; x_wconf 75' lang='lat' dir='ltr'><strong>qua:</strong></span> <span class='ocrx_word' id='word_1_694' title='bbox 3345 4396 3648 4465; x_wconf 85' lang='lat' dir='ltr'><strong>appellatur</strong></span> 
     </span>
    </p>
   </div>
   <div class='ocr_carea' id='block_1_96' title="bbox 454 4462 3648 4546">
    <p class='ocr_par' dir='ltr' id='par_1_96' title="bbox 454 4462 3648 4546">
     <span class='ocr_line' id='line_1_97' title="bbox 454 4462 3648 4546; baseline 0 -11"><span class='ocrx_word' id='word_1_695' title='bbox 454 4466 799 4532; x_wconf 62' lang='lat' dir='ltr'><strong>Ammonius»</strong></span> <span class='ocrx_word' id='word_1_696' title='bbox 838 4466 927 4537; x_wconf 78' lang='grc' dir='ltr'>(ιιιῑ</span> <span class='ocrx_word' id='word_1_697' title='bbox 962 4465 1067 4520; x_wconf 61' lang='lat' dir='ltr'><strong>fu“</strong></span> <span class='ocrx_word' id='word_1_698' title='bbox 1089 4465 1271 4537; x_wconf 66' lang='lat' dir='ltr'><strong>magni</strong></span> <span class='ocrx_word' id='word_1_699' title='bbox 1306 4463 1512 4517; x_wconf 68' lang='lat' dir='ltr'><strong>Pambo</strong></span> <span class='ocrx_word' id='word_1_700' title='bbox 1547 4462 1867 4533; x_wconf 68' lang='grc' dir='ltr'><strong>ἀίεοῖρυιυεν</strong></span> <span class='ocrx_word' id='word_1_701' title='bbox 1894 4464 1964 4520; x_wconf 74' lang='lat' dir='ltr'><strong>Si-</strong></span> <span class='ocrx_word' id='word_1_702' title='bbox 1985 4470 2041 4529; x_wconf 84' lang='lat' dir='ltr'><strong>D</strong></span> <span class='ocrx_word' id='word_1_703' title='bbox 2067 4474 2407 4541; x_wconf 80' lang='lat' dir='ltr'><strong>Ruﬂiniana;</strong></span> <span class='ocrx_word' id='word_1_704' title='bbox 2444 4477 2497 4530; x_wconf 92' lang='lat' dir='ltr'><strong>in</strong></span> <span class='ocrx_word' id='word_1_705' title='bbox 2516 4478 2672 4542; x_wconf 89' lang='lat' dir='ltr'><strong>cujus</strong></span> <span class='ocrx_word' id='word_1_706' title='bbox 2700 4476 2951 4546; x_wconf 90' lang='lat' dir='ltr'><strong>sepulcro</strong></span> <span class='ocrx_word' id='word_1_707' title='bbox 2987 4477 3163 4531; x_wconf 90' lang='lat' dir='ltr'><strong>curari</strong></span> <span class='ocrx_word' id='word_1_708' title='bbox 3196 4462 3447 4533; x_wconf 75' lang='lat' dir='ltr'><strong>feruntur</strong></span> <span class='ocrx_word' id='word_1_709' title='bbox 3467 4480 3648 4535; x_wconf 92' lang='lat' dir='ltr'><strong>cuncti</strong></span> 
     </span>
    </p>
   </div>
   <div class='ocr_carea' id='block_1_97' title="bbox 386 4547 1965 4613">
    <p class='ocr_par' dir='ltr' id='par_1_97' title="bbox 386 4547 1965 4613">
     <span class='ocr_line' id='line_1_98' title="bbox 386 4547 1965 4613; baseline -0.003 -7"><span class='ocrx_word' id='word_1_710' title='bbox 386 4552 497 4606; x_wconf 90' lang='lat' dir='ltr'><strong>mul</strong></span> <span class='ocrx_word' id='word_1_711' title='bbox 528 4566 651 4605; x_wconf 91' lang='lat' dir='ltr'><strong>cum</strong></span> <span class='ocrx_word' id='word_1_712' title='bbox 678 4551 853 4605; x_wconf 89' lang='lat' dir='ltr'><strong>tribus</strong></span> <span class='ocrx_word' id='word_1_713' title='bbox 878 4549 1137 4604; x_wconf 87' lang='lat' dir='ltr'><strong>fratribus</strong></span> <span class='ocrx_word' id='word_1_714' title='bbox 1170 4560 1223 4603; x_wconf 91' lang='lat' dir='ltr'><strong>et</strong></span> <span class='ocrx_word' id='word_1_715' title='bbox 1260 4547 1472 4602; x_wconf 88' lang='lat' dir='ltr'><strong>duabus</strong></span> <span class='ocrx_word' id='word_1_716' title='bbox 1500 4548 1801 4613; x_wconf 88' lang='lat' dir='ltr'><strong>sororibus,</strong></span> <span class='ocrx_word' id='word_1_717' title='bbox 1840 4564 1965 4603; x_wconf 90' lang='lat' dir='ltr'><strong>cum</strong></span> 
     </span>
    </p>
   </div>
   <div class='ocr_carea' id='block_1_98' title="bbox 385 4633 1965 4707">
    <p class='ocr_par' dir='ltr' id='par_1_98' title="bbox 385 4633 1965 4707">
     <span class='ocr_line' id='line_1_99' title="bbox 385 4633 1965 4707; baseline -0.002 -15"><span class='ocrx_word' id='word_1_718' title='bbox 385 4636 765 4707; x_wconf 88' lang='lat' dir='ltr'><strong>pervenissent</strong></span> <span class='ocrx_word' id='word_1_719' title='bbox 786 4636 854 4689; x_wconf 93' lang='lat' dir='ltr'><strong>ad</strong></span> <span class='ocrx_word' id='word_1_720' title='bbox 879 4650 1154 4688; x_wconf 89' lang='lat' dir='ltr'><strong>summum</strong></span> <span class='ocrx_word' id='word_1_721' title='bbox 1191 4634 1407 4703; x_wconf 88' lang='lat' dir='ltr'><strong>pietatis</strong></span> <span class='ocrx_word' id='word_1_722' title='bbox 1442 4649 1505 4687; x_wconf 88' lang='lat' dir='ltr'><strong>ac</strong></span> <span class='ocrx_word' id='word_1_723' title='bbox 1536 4633 1836 4703; x_wconf 85' lang='lat' dir='ltr'><strong>religionis,</strong></span> <span class='ocrx_word' id='word_1_724' title='bbox 1870 4650 1965 4689; x_wconf 89' lang='lat' dir='ltr'><strong>ve—</strong></span> 
     </span>
    </p>
   </div>
   <div class='ocr_carea' id='block_1_99' title="bbox 384 4717 1966 4781">
    <p class='ocr_par' dir='ltr' id='par_1_99' title="bbox 384 4717 1966 4781">
     <span class='ocr_line' id='line_1_100' title="bbox 384 4717 1966 4781; baseline -0.002 -7"><span class='ocrx_word' id='word_1_725' title='bbox 384 4728 587 4775; x_wconf 87' lang='lat' dir='ltr'><strong>nerunt</strong></span> <span class='ocrx_word' id='word_1_726' title='bbox 616 4718 672 4771; x_wconf 90' lang='lat' dir='ltr'><strong>in</strong></span> <span class='ocrx_word' id='word_1_727' title='bbox 696 4718 1068 4781; x_wconf 88' lang='lat' dir='ltr'><strong>solitudinem,</strong></span> <span class='ocrx_word' id='word_1_728' title='bbox 1100 4724 1155 4771; x_wconf 92' lang='lat' dir='ltr'><strong>et</strong></span> <span class='ocrx_word' id='word_1_729' title='bbox 1183 4733 1431 4772; x_wconf 92' lang='lat' dir='ltr'><strong>seorsum</strong></span> <span class='ocrx_word' id='word_1_730' title='bbox 1468 4717 1717 4771; x_wconf 87' lang='lat' dir='ltr'><strong>fecerunt</strong></span> <span class='ocrx_word' id='word_1_731' title='bbox 1751 4726 1966 4771; x_wconf 88' lang='lat' dir='ltr'><strong>utrum-</strong></span> 
     </span>
    </p>
   </div>
   <div class='ocr_carea' id='block_1_100' title="bbox 384 4802 1968 4877">
    <p class='ocr_par' dir='ltr' id='par_1_100' title="bbox 384 4802 1968 4877">
     <span class='ocr_line' id='line_1_101' title="bbox 384 4802 1968 4877; baseline -0.002 -19"><span class='ocrx_word' id='word_1_732' title='bbox 384 4822 493 4877; x_wconf 90' lang='lat' dir='ltr'><strong>que</strong></span> <span class='ocrx_word' id='word_1_733' title='bbox 521 4805 935 4868; x_wconf 88' lang='lat' dir='ltr'><strong>monasterium,</strong></span> <span class='ocrx_word' id='word_1_734' title='bbox 954 4802 1195 4857; x_wconf 90' lang='lat' dir='ltr'><strong>virorum</strong></span> <span class='ocrx_word' id='word_1_735' title='bbox 1224 4802 1437 4857; x_wconf 86' lang='lat' dir='ltr'><strong>scilicet</strong></span> <span class='ocrx_word' id='word_1_736' title='bbox 1465 4810 1519 4855; x_wconf 90' lang='lat' dir='ltr'><strong>et</strong></span> <span class='ocrx_word' id='word_1_737' title='bbox 1546 4802 1859 4866; x_wconf 92' lang='lat' dir='ltr'><strong>mulierum,</strong></span> <span class='ocrx_word' id='word_1_738' title='bbox 1894 4802 1968 4855; x_wconf 89' lang='lat' dir='ltr'><strong>ita</strong></span> 
     </span>
    </p>
   </div>
   <div class='ocr_carea' id='block_1_101' title="bbox 386 4887 1969 4961">
    <p class='ocr_par' dir='ltr' id='par_1_101' title="bbox 386 4887 1969 4961">
     <span class='ocr_line' id='line_1_102' title="bbox 386 4887 1969 4961; baseline -0.004 -16"><span class='ocrx_word' id='word_1_739' title='bbox 386 4900 446 4945; x_wconf 88' lang='lat' dir='ltr'><strong>ut</strong></span> <span class='ocrx_word' id='word_1_740' title='bbox 481 4892 613 4946; x_wconf 90' lang='lat' dir='ltr'><strong>satis</strong></span> <span class='ocrx_word' id='word_1_741' title='bbox 637 4905 892 4961; x_wconf 88' lang='lat' dir='ltr'><strong>magnum</strong></span> <span class='ocrx_word' id='word_1_742' title='bbox 920 4888 1283 4943; x_wconf 89' lang='lat' dir='ltr'><strong>intercederet</strong></span> <span class='ocrx_word' id='word_1_743' title='bbox 1307 4887 1562 4955; x_wconf 85' lang='lat' dir='ltr'><strong>spatium.</strong></span> <span class='ocrx_word' id='word_1_744' title='bbox 1583 4888 1849 4951; x_wconf 81' lang='lat' dir='ltr'><strong>Quoniam</strong></span> <span class='ocrx_word' id='word_1_745' title='bbox 1868 4901 1969 4939; x_wconf 90' lang='lat' dir='ltr'><strong>au-</strong></span> 
     </span>
    </p>
   </div>
   <div class='ocr_carea' id='block_1_102' title="bbox 385 4972 1968 5044">
    <p class='ocr_par' dir='ltr' id='par_1_102' title="bbox 385 4972 1968 5044">
     <span class='ocr_line' id='line_1_103' title="bbox 385 4972 1968 5044; baseline -0.002 -15"><span class='ocrx_word' id='word_1_746' title='bbox 385 4985 493 5029; x_wconf 90' lang='lat' dir='ltr'><strong>tem</strong></span> <span class='ocrx_word' id='word_1_747' title='bbox 530 4974 818 5044; x_wconf 87' lang='lat' dir='ltr'><strong>insigniter</strong></span> <span class='ocrx_word' id='word_1_748' title='bbox 852 4975 1045 5028; x_wconf 89' lang='lat' dir='ltr'><strong>doctus</strong></span> <span class='ocrx_word' id='word_1_749' title='bbox 1077 4983 1194 5027; x_wconf 86' lang='lat' dir='ltr'><strong>erat</strong></span> <span class='ocrx_word' id='word_1_750' title='bbox 1226 4975 1465 5027; x_wconf 90' lang='lat' dir='ltr'><strong>virorum</strong></span> <span class='ocrx_word' id='word_1_751' title='bbox 1485 4973 1726 5041; x_wconf 91' lang='lat' dir='ltr'><strong>optimus</strong></span> <span class='ocrx_word' id='word_1_752' title='bbox 1748 4972 1968 5026; x_wconf 87' lang='lat' dir='ltr'><strong>Ammo-</strong></span> 
     </span>
    </p>
   </div>
   <div class='ocr_carea' id='block_1_103' title="bbox 383 5052 1970 5127">
    <p class='ocr_par' dir='ltr' id='par_1_103' title="bbox 383 5052 1970 5127">
     <span class='ocr_line' id='line_1_104' title="bbox 383 5052 1970 5127; baseline -0.001 -16"><span class='ocrx_word' id='word_1_753' title='bbox 383 5059 530 5120; x_wconf 88' lang='lat' dir='ltr'><strong>nius,</strong></span> <span class='ocrx_word' id='word_1_754' title='bbox 552 5058 801 5127; x_wconf 71' lang='lat' dir='ltr'><strong>quaadam</strong></span> <span class='ocrx_word' id='word_1_755' title='bbox 818 5058 1015 5113; x_wconf 90' lang='lat' dir='ltr'><strong>civitas</strong></span> <span class='ocrx_word' id='word_1_756' title='bbox 1038 5057 1374 5112; x_wconf 86' lang='lat' dir='ltr'><strong>desideravit</strong></span> <span class='ocrx_word' id='word_1_757' title='bbox 1392 5071 1517 5110; x_wconf 91' lang='lat' dir='ltr'><strong>eum</strong></span> <span class='ocrx_word' id='word_1_758' title='bbox 1543 5056 1745 5110; x_wconf 88' lang='lat' dir='ltr'><strong>habere</strong></span> <span class='ocrx_word' id='word_1_759' title='bbox 1766 5052 1970 5125; x_wconf 60' lang='lat' dir='ltr'><strong>e&#39;piscoo</strong></span> 
     </span>
    </p>
   </div>
   <div class='ocr_carea' id='block_1_104' title="bbox 384 5140 1966 5210">
    <p class='ocr_par' dir='ltr' id='par_1_104' title="bbox 384 5140 1966 5210">
     <span class='ocr_line' id='line_1_105' title="bbox 384 5140 1966 5210; baseline -0.002 -14"><span class='ocrx_word' id='word_1_760' title='bbox 384 5157 537 5210; x_wconf 83' lang='lat' dir='ltr'><strong>pum.</strong></span> <span class='ocrx_word' id='word_1_761' title='bbox 572 5141 674 5207; x_wconf 85' lang='lat' dir='ltr'><strong>Qui</strong></span> <span class='ocrx_word' id='word_1_762' title='bbox 711 5157 834 5195; x_wconf 89' lang='lat' dir='ltr'><strong>cum</strong></span> <span class='ocrx_word' id='word_1_763' title='bbox 861 5143 1229 5197; x_wconf 89' lang='lat' dir='ltr'><strong>accessissent</strong></span> <span class='ocrx_word' id='word_1_764' title='bbox 1262 5140 1327 5194; x_wconf 90' lang='lat' dir='ltr'><strong>ad</strong></span> <span class='ocrx_word' id='word_1_765' title='bbox 1368 5140 1588 5193; x_wconf 80' lang='lat' dir='ltr'><strong>beatum</strong></span> <span class='ocrx_word' id='word_1_766' title='bbox 1618 5140 1966 5193; x_wconf 89' lang='lat' dir='ltr'><strong>Timotheum</strong></span> 
     </span>
    </p>
   </div>
   <div class='ocr_carea' id='block_1_105' title="bbox 384 5224 1970 5297">
    <p class='ocr_par' dir='ltr' id='par_1_105' title="bbox 384 5224 1970 5297">
     <span class='ocr_line' id='line_1_106' title="bbox 384 5224 1970 5297; baseline -0.003 -16"><span class='ocrx_word' id='word_1_767' title='bbox 384 5228 722 5297; x_wconf 87' lang='lat' dir='ltr'><strong>episcopum,</strong></span> <span class='ocrx_word' id='word_1_768' title='bbox 744 5237 1005 5294; x_wconf 86' lang='lat' dir='ltr'><strong>rogarunt</strong></span> <span class='ocrx_word' id='word_1_769' title='bbox 1026 5241 1149 5279; x_wconf 91' lang='lat' dir='ltr'><strong>eum</strong></span> <span class='ocrx_word' id='word_1_770' title='bbox 1179 5226 1332 5279; x_wconf 87' lang='lat' dir='ltr'><strong>uteis</strong></span> <span class='ocrx_word' id='word_1_771' title='bbox 1350 5226 1665 5294; x_wconf 90' lang='lat' dir='ltr'><strong>episcopum</strong></span> <span class='ocrx_word' id='word_1_772' title='bbox 1692 5224 1970 5279; x_wconf 87' lang='lat' dir='ltr'><strong>ordinaret</strong></span> 
     </span>
    </p>
   </div>
   <div class='ocr_carea' id='block_1_106' title="bbox 383 5308 1965 5373">
    <p class='ocr_par' dir='ltr' id='par_1_106' title="bbox 383 5308 1965 5373">
     <span class='ocr_line' id='line_1_107' title="bbox 383 5308 1965 5373; baseline 0 -10"><span class='ocrx_word' id='word_1_773' title='bbox 383 5311 756 5365; x_wconf 87' lang='lat' dir='ltr'><strong>Ammonium.</strong></span> <span class='ocrx_word' id='word_1_774' title='bbox 788 5310 882 5363; x_wconf 90' lang='lat' dir='ltr'><strong>Ille</strong></span> <span class='ocrx_word' id='word_1_775' title='bbox 907 5320 1089 5363; x_wconf 87' lang='lat' dir='ltr'><strong>autem</strong></span> <span class='ocrx_word' id='word_1_776' title='bbox 1118 5308 1281 5363; x_wconf 89' lang='lat' dir='ltr'><strong>dicit:</strong></span> <span class='ocrx_word' id='word_1_777' title='bbox 1316 5308 1580 5362; x_wconf 85' lang='lat' dir='ltr'><strong>Addueite</strong></span> <span class='ocrx_word' id='word_1_778' title='bbox 1612 5324 1737 5363; x_wconf 88' lang='lat' dir='ltr'><strong>eum</strong></span> <span class='ocrx_word' id='word_1_779' title='bbox 1760 5309 1825 5363; x_wconf 89' lang='lat' dir='ltr'><strong>ad</strong></span> <span class='ocrx_word' id='word_1_780' title='bbox 1860 5324 1965 5373; x_wconf 90' lang='lat' dir='ltr'><strong>me,</strong></span> 
     </span>
    </p>
   </div>
   <div class='ocr_carea' id='block_1_107' title="bbox 383 5392 1969 5465">
    <p class='ocr_par' dir='ltr' id='par_1_107' title="bbox 383 5392 1969 5465">
     <span class='ocr_line' id='line_1_108' title="bbox 383 5392 1969 5465; baseline 0 -20"><span class='ocrx_word' id='word_1_781' title='bbox 383 5403 435 5446; x_wconf 85' lang='lat' dir='ltr'><strong>et</strong></span> <span class='ocrx_word' id='word_1_782' title='bbox 456 5410 551 5465; x_wconf 86' lang='lat' dir='ltr'><strong>ego</strong></span> <span class='ocrx_word' id='word_1_783' title='bbox 573 5411 696 5448; x_wconf 92' lang='lat' dir='ltr'><strong>eum</strong></span> <span class='ocrx_word' id='word_1_784' title='bbox 718 5394 871 5449; x_wconf 90' lang='lat' dir='ltr'><strong>vobis</strong></span> <span class='ocrx_word' id='word_1_785' title='bbox 896 5393 1179 5447; x_wconf 76' lang='lat' dir='ltr'><strong>ordinabo.</strong></span> <span class='ocrx_word' id='word_1_786' title='bbox 1202 5392 1338 5445; x_wconf 84' lang='lat' dir='ltr'><strong>Cum</strong></span> <span class='ocrx_word' id='word_1_787' title='bbox 1364 5406 1492 5459; x_wconf 80' lang='lat' dir='ltr'><strong>ergo</strong></span> <span class='ocrx_word' id='word_1_788' title='bbox 1506 5407 1627 5443; x_wconf 85' lang='lat' dir='ltr'><strong>eum</strong></span> <span class='ocrx_word' id='word_1_789' title='bbox 1656 5407 1853 5461; x_wconf 87' lang='lat' dir='ltr'><strong>magno</strong></span> <span class='ocrx_word' id='word_1_790' title='bbox 1872 5409 1969 5446; x_wconf 88' lang='lat' dir='ltr'><strong>au—</strong></span> 
     </span>
    </p>
   </div>
   <div class='ocr_carea' id='block_1_108' title="bbox 383 5476 1971 5543">
    <p class='ocr_par' dir='ltr' id='par_1_108' title="bbox 383 5476 1971 5543">
     <span class='ocr_line' id='line_1_109' title="bbox 383 5476 1971 5543; baseline 0.001 -13"><span class='ocrx_word' id='word_1_791' title='bbox 383 5480 515 5533; x_wconf 80' lang='lat' dir='ltr'><strong>xilio</strong></span> <span class='ocrx_word' id='word_1_792' title='bbox 532 5479 834 5534; x_wconf 86' lang='lat' dir='ltr'><strong>ivissentad</strong></span> <span class='ocrx_word' id='word_1_793' title='bbox 851 5494 973 5532; x_wconf 92' lang='lat' dir='ltr'><strong>eum</strong></span> <span class='ocrx_word' id='word_1_794' title='bbox 990 5476 1587 5543; x_wconf 83' lang='lat' dir='ltr'><strong>comprehendchum,</strong></span> <span class='ocrx_word' id='word_1_795' title='bbox 1610 5476 1654 5529; x_wconf 91' lang='lat' dir='ltr'><strong>is</strong></span> <span class='ocrx_word' id='word_1_796' title='bbox 1672 5492 1971 5531; x_wconf 67' lang='lat' dir='ltr'><strong>conversus</strong></span> 
     </span>
    </p>
   </div>
   <div class='ocr_carea' id='block_1_109' title="bbox 385 5560 1971 5635">
    <p class='ocr_par' dir='ltr' id='par_1_109' title="bbox 385 5560 1971 5635">
     <span class='ocr_line' id='line_1_110' title="bbox 385 5560 1971 5635; baseline 0 -21"><span class='ocrx_word' id='word_1_797' title='bbox 385 5573 465 5615; x_wconf 89' lang='lat' dir='ltr'><strong>est</strong></span> <span class='ocrx_word' id='word_1_798' title='bbox 488 5563 540 5615; x_wconf 92' lang='lat' dir='ltr'><strong>in</strong></span> <span class='ocrx_word' id='word_1_799' title='bbox 566 5565 766 5635; x_wconf 85' lang='lat' dir='ltr'><strong>fugam.</strong></span> <span class='ocrx_word' id='word_1_800' title='bbox 801 5564 937 5616; x_wconf 89' lang='lat' dir='ltr'><strong>Cum</strong></span> <span class='ocrx_word' id='word_1_801' title='bbox 984 5560 1411 5615; x_wconf 81' lang='lat' dir='ltr'><strong>vidissctautcm</strong></span> <span class='ocrx_word' id='word_1_802' title='bbox 1453 5574 1510 5611; x_wconf 90' lang='lat' dir='ltr'><strong>se</strong></span> <span class='ocrx_word' id='word_1_803' title='bbox 1534 5560 1644 5628; x_wconf 89' lang='lat' dir='ltr'><strong>jam</strong></span> <span class='ocrx_word' id='word_1_804' title='bbox 1666 5576 1785 5615; x_wconf 84' lang='lat' dir='ltr'><strong>esse</strong></span> <span class='ocrx_word' id='word_1_805' title='bbox 1818 5577 1971 5615; x_wconf 90' lang='lat' dir='ltr'><strong>com-</strong></span> 
     </span>
    </p>
   </div>
   <div class='ocr_carea' id='block_1_110' title="bbox 386 5643 1973 5714">
    <p class='ocr_par' dir='ltr' id='par_1_110' title="bbox 386 5643 1973 5714">
     <span class='ocr_line' id='line_1_111' title="bbox 386 5643 1973 5714; baseline 0.001 -17"><span class='ocrx_word' id='word_1_806' title='bbox 386 5647 738 5711; x_wconf 85' lang='lat' dir='ltr'><strong>prehensum,</strong></span> <span class='ocrx_word' id='word_1_807' title='bbox 755 5656 907 5701; x_wconf 87' lang='lat' dir='ltr'><strong>stans</strong></span> <span class='ocrx_word' id='word_1_808' title='bbox 925 5660 1019 5698; x_wconf 88' lang='lat' dir='ltr'><strong>eos</strong></span> <span class='ocrx_word' id='word_1_809' title='bbox 1050 5644 1293 5713; x_wconf 79' lang='lat' dir='ltr'><strong>rogabat.</strong></span> <span class='ocrx_word' id='word_1_810' title='bbox 1316 5643 1450 5695; x_wconf 88' lang='lat' dir='ltr'><strong>Cum</strong></span> <span class='ocrx_word' id='word_1_811' title='bbox 1473 5643 1504 5695; x_wconf 89' lang='lat' dir='ltr'><strong>ii</strong></span> <span class='ocrx_word' id='word_1_812' title='bbox 1537 5653 1719 5698; x_wconf 85' lang='lat' dir='ltr'><strong>autem</strong></span> <span class='ocrx_word' id='word_1_813' title='bbox 1744 5660 1852 5698; x_wconf 91' lang='lat' dir='ltr'><strong>non</strong></span> <span class='ocrx_word' id='word_1_814' title='bbox 1878 5662 1973 5714; x_wconf 76' lang='lat' dir='ltr'><strong>pa~</strong></span> 
     </span>
    </p>
   </div>
   <div class='ocr_carea' id='block_1_111' title="bbox 387 5726 1971 5798">
    <p class='ocr_par' dir='ltr' id='par_1_111' title="bbox 387 5726 1971 5798">
     <span class='ocr_line' id='line_1_112' title="bbox 387 5726 1971 5798; baseline 0.003 -19"><span class='ocrx_word' id='word_1_815' title='bbox 387 5728 593 5791; x_wconf 88' lang='lat' dir='ltr'><strong>rercnt,</strong></span> <span class='ocrx_word' id='word_1_816' title='bbox 618 5729 819 5798; x_wconf 82' lang='lat' dir='ltr'><strong>juravit</strong></span> <span class='ocrx_word' id='word_1_817' title='bbox 849 5744 1012 5783; x_wconf 78' lang='lat' dir='ltr'><strong>senex</strong></span> <span class='ocrx_word' id='word_1_818' title='bbox 1055 5742 1112 5781; x_wconf 87' lang='lat' dir='ltr'><strong>se</strong></span> <span class='ocrx_word' id='word_1_819' title='bbox 1162 5743 1274 5782; x_wconf 85' lang='lat' dir='ltr'><strong>rem</strong></span> <span class='ocrx_word' id='word_1_820' title='bbox 1312 5741 1420 5783; x_wconf 91' lang='lat' dir='ltr'><strong>non</strong></span> <span class='ocrx_word' id='word_1_821' title='bbox 1466 5726 1762 5795; x_wconf 86' lang='lat' dir='ltr'><strong>suscipere,</strong></span> <span class='ocrx_word' id='word_1_822' title='bbox 1796 5745 1971 5798; x_wconf 81' lang='lat' dir='ltr'><strong>neque</strong></span> 
     </span>
    </p>
   </div>
   <div class='ocr_carea' id='block_1_112' title="bbox 2068 4560 3649 4637">
    <p class='ocr_par' dir='ltr' id='par_1_112' title="bbox 2068 4560 3649 4637">
     <span class='ocr_line' id='line_1_113' title="bbox 2068 4560 3649 4637; baseline 0.001 -20"><span class='ocrx_word' id='word_1_823' title='bbox 2068 4561 2298 4617; x_wconf 85' lang='lat' dir='ltr'><strong>diversis</strong></span> <span class='ocrx_word' id='word_1_824' title='bbox 2333 4560 2578 4615; x_wconf 88' lang='lat' dir='ltr'><strong>febribus</strong></span> <span class='ocrx_word' id='word_1_825' title='bbox 2600 4560 2931 4615; x_wconf 89' lang='lat' dir='ltr'><strong>laborantes.</strong></span> <span class='ocrx_word' id='word_1_826' title='bbox 2974 4560 3055 4614; x_wconf 72' lang='lat' dir='ltr'><strong>Ex</strong></span> <span class='ocrx_word' id='word_1_827' title='bbox 3087 4562 3384 4629; x_wconf 80' lang='lat' dir='ltr'><strong>Heraclide,</strong></span> <span class='ocrx_word' id='word_1_828' title='bbox 3417 4581 3535 4635; x_wconf 85' lang='lat' dir='ltr'><strong>cap.</strong></span> <span class='ocrx_word' id='word_1_829' title='bbox 3562 4563 3649 4637; x_wconf 76' lang='lat'><strong>2.]</strong></span> 
     </span>
    </p>
   </div>
   <div class='ocr_carea' id='block_1_113' title="bbox 2655 4672 3061 4729">
    <p class='ocr_par' dir='ltr' id='par_1_113' title="bbox 2655 4672 3061 4729">
     <span class='ocr_line' id='line_1_114' title="bbox 2655 4672 3061 4729; baseline 0 -2"><span class='ocrx_word' id='word_1_830' title='bbox 2655 4672 2887 4729; x_wconf 86' lang='lat' dir='ltr'><strong>CAPUT</strong></span> <span class='ocrx_word' id='word_1_831' title='bbox 2918 4673 3061 4727; x_wconf 73' lang='lat' dir='ltr'><strong>XIII.</strong></span> 
     </span>
    </p>
   </div>
   <div class='ocr_carea' id='block_1_114' title="bbox 2446 4776 3290 4847">
    <p class='ocr_par' dir='ltr' id='par_1_114' title="bbox 2446 4776 3290 4847">
     <span class='ocr_line' id='line_1_115' title="bbox 2446 4776 3290 4847; baseline 0.002 -18"><span class='ocrx_word' id='word_1_832' title='bbox 2446 4776 2567 4832; x_wconf 84' lang='lat' dir='ltr'><strong>Vita</strong></span> <span class='ocrx_word' id='word_1_833' title='bbox 2597 4778 2803 4832; x_wconf 85' lang='lat' dir='ltr'><strong>abbatis</strong></span> <span class='ocrx_word' id='word_1_834' title='bbox 2838 4776 3120 4845; x_wconf 84' lang='lat' dir='ltr'><strong>Benjamin</strong></span> <span class='ocrx_word' id='word_1_835' title='bbox 3154 4778 3290 4847; x_wconf 77' lang='lat' dir='ltr'><strong>(3i).</strong></span> 
     </span>
    </p>
   </div>
   <div class='ocr_carea' id='block_1_115' title="bbox 2142 4890 3651 4960">
    <p class='ocr_par' dir='ltr' id='par_1_115' title="bbox 2142 4890 3651 4960">
     <span class='ocr_line' id='line_1_116' title="bbox 2142 4890 3651 4960; baseline 0.002 -17"><span class='ocrx_word' id='word_1_836' title='bbox 2142 4891 2200 4945; x_wconf 95' lang='lat' dir='ltr'><strong>In</strong></span> <span class='ocrx_word' id='word_1_837' title='bbox 2230 4892 2332 4946; x_wconf 91' lang='lat' dir='ltr'><strong>hoc</strong></span> <span class='ocrx_word' id='word_1_838' title='bbox 2360 4899 2547 4946; x_wconf 91' lang='lat' dir='ltr'><strong>monte</strong></span> <span class='ocrx_word' id='word_1_839' title='bbox 2576 4890 2765 4945; x_wconf 63' lang='lat' dir='ltr'><strong>Nitriae</strong></span> <span class='ocrx_word' id='word_1_840' title='bbox 2795 4891 2897 4945; x_wconf 85' lang='lat' dir='ltr'><strong>fuit</strong></span> <span class='ocrx_word' id='word_1_841' title='bbox 2923 4891 3004 4943; x_wconf 90' lang='lat' dir='ltr'><strong>vir</strong></span> <span class='ocrx_word' id='word_1_842' title='bbox 3035 4890 3393 4955; x_wconf 89' lang='lat' dir='ltr'><strong>admirabilis,</strong></span> <span class='ocrx_word' id='word_1_843' title='bbox 3427 4891 3523 4960; x_wconf 90' lang='lat' dir='ltr'><strong>qui</strong></span> <span class='ocrx_word' id='word_1_844' title='bbox 3550 4906 3651 4946; x_wconf 90' lang='lat' dir='ltr'><strong>vo-</strong></span> 
     </span>
    </p>
   </div>
   <div class='ocr_carea' id='block_1_116' title="bbox 2070 4975 3655 5044">
    <p class='ocr_par' dir='ltr' id='par_1_116' title="bbox 2070 4975 3655 5044">
     <span class='ocr_line' id='line_1_117' title="bbox 2070 4975 3655 5044; baseline -0.001 -14"><span class='ocrx_word' id='word_1_845' title='bbox 2070 4978 2297 5031; x_wconf 88' lang='lat' dir='ltr'><strong>cabatur</strong></span> <span class='ocrx_word' id='word_1_846' title='bbox 2327 4976 2630 5043; x_wconf 86' lang='lat' dir='ltr'><strong>Benjamin,</strong></span> <span class='ocrx_word' id='word_1_847' title='bbox 2667 4975 2759 5043; x_wconf 92' lang='lat' dir='ltr'><strong>qui</strong></span> <span class='ocrx_word' id='word_1_848' title='bbox 2781 4984 2928 5028; x_wconf 91' lang='lat' dir='ltr'><strong>recte</strong></span> <span class='ocrx_word' id='word_1_849' title='bbox 2951 4982 3004 5027; x_wconf 91' lang='lat' dir='ltr'><strong>et</strong></span> <span class='ocrx_word' id='word_1_850' title='bbox 3024 4990 3092 5028; x_wconf 87' lang='lat' dir='ltr'><strong>ex</strong></span> <span class='ocrx_word' id='word_1_851' title='bbox 3125 4976 3325 5028; x_wconf 89' lang='lat' dir='ltr'><strong>virtute</strong></span> <span class='ocrx_word' id='word_1_852' title='bbox 3355 4975 3523 5028; x_wconf 90' lang='lat' dir='ltr'><strong>vitam</strong></span> <span class='ocrx_word' id='word_1_853' title='bbox 3544 4976 3655 5044; x_wconf 88' lang='lat' dir='ltr'><strong>egit</strong></span> 
     </span>
    </p>
   </div>
   <div class='ocr_carea' id='block_1_117' title="bbox 2070 5059 3655 5129">
    <p class='ocr_par' dir='ltr' id='par_1_117' title="bbox 2070 5059 3655 5129">
     <span class='ocr_line' id='line_1_118' title="bbox 2070 5059 3655 5129; baseline -0.001 -14"><span class='ocrx_word' id='word_1_854' title='bbox 2070 5062 2231 5115; x_wconf 85' lang='lat' dir='ltr'><strong>annis</strong></span> <span class='ocrx_word' id='word_1_855' title='bbox 2261 5059 2556 5129; x_wconf 89' lang='lat' dir='ltr'><strong>octoginta.</strong></span> <span class='ocrx_word' id='word_1_856' title='bbox 2591 5059 2829 5124; x_wconf 92' lang='lat' dir='ltr'><strong>Quicum</strong></span> <span class='ocrx_word' id='word_1_857' title='bbox 2860 5074 3071 5111; x_wconf 90' lang='lat' dir='ltr'><strong>summe</strong></span> <span class='ocrx_word' id='word_1_858' title='bbox 3092 5060 3349 5114; x_wconf 89' lang='lat' dir='ltr'><strong>virtutem</strong></span> <span class='ocrx_word' id='word_1_859' title='bbox 3367 5062 3655 5114; x_wconf 82' lang='lat' dir='ltr'><strong>exercuis-</strong></span> 
     </span>
    </p>
   </div>
   <div class='ocr_carea' id='block_1_118' title="bbox 2072 5143 3654 5214">
    <p class='ocr_par' dir='ltr' id='par_1_118' title="bbox 2072 5143 3654 5214">
     <span class='ocr_line' id='line_1_119' title="bbox 2072 5143 3654 5214; baseline -0.001 -16"><span class='ocrx_word' id='word_1_860' title='bbox 2072 5154 2171 5207; x_wconf 85' lang='lat' dir='ltr'><strong>set,</strong></span> <span class='ocrx_word' id='word_1_861' title='bbox 2192 5145 2443 5214; x_wconf 88' lang='lat' dir='ltr'><strong>dignatus</strong></span> <span class='ocrx_word' id='word_1_862' title='bbox 2466 5144 2566 5197; x_wconf 89' lang='lat' dir='ltr'><strong>fuit</strong></span> <span class='ocrx_word' id='word_1_863' title='bbox 2595 5144 2764 5212; x_wconf 88' lang='lat' dir='ltr'><strong>gratia</strong></span> <span class='ocrx_word' id='word_1_864' title='bbox 2796 5143 3161 5208; x_wconf 88' lang='lat' dir='ltr'><strong>curationum,</strong></span> <span class='ocrx_word' id='word_1_865' title='bbox 3186 5144 3320 5197; x_wconf 88' lang='lat' dir='ltr'><strong>adeo</strong></span> <span class='ocrx_word' id='word_1_866' title='bbox 3340 5156 3399 5196; x_wconf 89' lang='lat' dir='ltr'><strong>ut</strong></span> <span class='ocrx_word' id='word_1_867' title='bbox 3421 5145 3654 5197; x_wconf 91' lang='lat' dir='ltr'><strong>cuicun-</strong></span> 
     </span>
    </p>
   </div>
   <div class='ocr_carea' id='block_1_119' title="bbox 2071 5227 3654 5300">
    <p class='ocr_par' dir='ltr' id='par_1_119' title="bbox 2071 5227 3654 5300">
     <span class='ocr_line' id='line_1_120' title="bbox 2071 5227 3654 5300; baseline -0.001 -18"><span class='ocrx_word' id='word_1_868' title='bbox 2071 5245 2176 5300; x_wconf 90' lang='lat' dir='ltr'><strong>que</strong></span> <span class='ocrx_word' id='word_1_869' title='bbox 2206 5244 2401 5283; x_wconf 81' lang='lat' dir='ltr'><strong>manus</strong></span> <span class='ocrx_word' id='word_1_870' title='bbox 2419 5227 2791 5295; x_wconf 80' lang='lat' dir='ltr'><strong>imposuisset,</strong></span> <span class='ocrx_word' id='word_1_871' title='bbox 2810 5238 2902 5281; x_wconf 91' lang='lat' dir='ltr'><strong>aut</strong></span> <span class='ocrx_word' id='word_1_872' title='bbox 2930 5228 3075 5297; x_wconf 92' lang='lat' dir='ltr'><strong>quod</strong></span> <span class='ocrx_word' id='word_1_873' title='bbox 3094 5228 3450 5282; x_wconf 80' lang='lat' dir='ltr'><strong>benedixerat</strong></span> <span class='ocrx_word' id='word_1_874' title='bbox 3474 5229 3654 5282; x_wconf 89' lang='lat' dir='ltr'><strong>oleum</strong></span> 
     </span>
    </p>
   </div>
   <div class='ocr_carea' id='block_1_120' title="bbox 2072 5310 3655 5381">
    <p class='ocr_par' dir='ltr' id='par_1_120' title="bbox 2072 5310 3655 5381">
     <span class='ocr_line' id='line_1_121' title="bbox 2072 5310 3655 5381; baseline -0.002 -14"><span class='ocrx_word' id='word_1_875' title='bbox 2072 5313 2330 5371; x_wconf 82' lang='lat' dir='ltr'><strong>dedisset.</strong></span> <span class='ocrx_word' id='word_1_876' title='bbox 2367 5311 2455 5380; x_wconf 92' lang='lat' dir='ltr'><strong>qui</strong></span> <span class='ocrx_word' id='word_1_877' title='bbox 2489 5310 2769 5365; x_wconf 86' lang='lat' dir='ltr'><strong>laborabat</strong></span> <span class='ocrx_word' id='word_1_878' title='bbox 2796 5312 3120 5365; x_wconf 88' lang='lat' dir='ltr'><strong>liberaretur</strong></span> <span class='ocrx_word' id='word_1_879' title='bbox 3154 5312 3220 5365; x_wconf 87' lang='lat' dir='ltr'><strong>ab</strong></span> <span class='ocrx_word' id='word_1_880' title='bbox 3259 5312 3405 5365; x_wconf 91' lang='lat' dir='ltr'><strong>omni</strong></span> <span class='ocrx_word' id='word_1_881' title='bbox 3434 5312 3655 5381; x_wconf 67' lang='lat' dir='ltr'><strong>aegritu-</strong></span> 
     </span>
    </p>
   </div>
   <div class='ocr_carea' id='block_1_121' title="bbox 2072 5392 3653 5465">
    <p class='ocr_par' dir='ltr' id='par_1_121' title="bbox 2072 5392 3653 5465">
     <span class='ocr_line' id='line_1_122' title="bbox 2072 5392 3653 5465; baseline -0.001 -17"><span class='ocrx_word' id='word_1_882' title='bbox 2072 5396 2220 5449; x_wconf 87' lang='lat' dir='ltr'><strong>dine.</strong></span> <span class='ocrx_word' id='word_1_883' title='bbox 2243 5392 2448 5462; x_wconf 88' lang='lat' dir='ltr'><strong>IIicqui</strong></span> <span class='ocrx_word' id='word_1_884' title='bbox 2481 5402 2626 5446; x_wconf 86' lang='lat' dir='ltr'><strong>tanta</strong></span> <span class='ocrx_word' id='word_1_885' title='bbox 2648 5394 2815 5461; x_wconf 83' lang='lat' dir='ltr'><strong>gratia</strong></span> <span class='ocrx_word' id='word_1_886' title='bbox 2845 5394 3041 5465; x_wconf 88' lang='lat' dir='ltr'><strong>dignus</strong></span> <span class='ocrx_word' id='word_1_887' title='bbox 3065 5393 3241 5447; x_wconf 83' lang='lat' dir='ltr'><strong>fuerat</strong></span> <span class='ocrx_word' id='word_1_888' title='bbox 3261 5394 3500 5458; x_wconf 85' lang='lat' dir='ltr'><strong>habitus,</strong></span> <span class='ocrx_word' id='word_1_889' title='bbox 3527 5402 3653 5447; x_wconf 80' lang='lat' dir='ltr'><strong>octo</strong></span> 
     </span>
    </p>
   </div>
   <div class='ocr_carea' id='block_1_122' title="bbox 2074 5477 3653 5549">
    <p class='ocr_par' dir='ltr' id='par_1_122' title="bbox 2074 5477 3653 5549">
     <span class='ocr_line' id='line_1_123' title="bbox 2074 5477 3653 5549; baseline -0.003 -14"><span class='ocrx_word' id='word_1_890' title='bbox 2074 5479 2357 5535; x_wconf 86' lang='lat' dir='ltr'><strong>mensibus</strong></span> <span class='ocrx_word' id='word_1_891' title='bbox 2394 5485 2522 5531; x_wconf 85' lang='lat' dir='ltr'><strong>ante</strong></span> <span class='ocrx_word' id='word_1_892' title='bbox 2545 5477 2751 5531; x_wconf 90' lang='lat' dir='ltr'><strong>obitum</strong></span> <span class='ocrx_word' id='word_1_893' title='bbox 2787 5478 2889 5531; x_wconf 90' lang='lat' dir='ltr'><strong>fuit</strong></span> <span class='ocrx_word' id='word_1_894' title='bbox 2915 5478 3268 5549; x_wconf 85' lang='lat' dir='ltr'><strong>hydropicus,</strong></span> <span class='ocrx_word' id='word_1_895' title='bbox 3299 5488 3355 5533; x_wconf 85' lang='lat' dir='ltr'><strong>et</strong></span> <span class='ocrx_word' id='word_1_896' title='bbox 3385 5480 3504 5549; x_wconf 89' lang='lat' dir='ltr'><strong>ejus</strong></span> <span class='ocrx_word' id='word_1_897' title='bbox 3531 5494 3653 5533; x_wconf 87' lang='lat' dir='ltr'><strong>eor-</strong></span> 
     </span>
    </p>
   </div>
   <div class='ocr_carea' id='block_1_123' title="bbox 2076 5561 3653 5635">
    <p class='ocr_par' dir='ltr' id='par_1_123' title="bbox 2076 5561 3653 5635">
     <span class='ocr_line' id='line_1_124' title="bbox 2076 5561 3653 5635; baseline -0.001 -18"><span class='ocrx_word' id='word_1_898' title='bbox 2076 5580 2177 5635; x_wconf 87' lang='lat' dir='ltr'><strong>pus</strong></span> <span class='ocrx_word' id='word_1_899' title='bbox 2202 5578 2374 5629; x_wconf 87' lang='lat' dir='ltr'><strong>usque</strong></span> <span class='ocrx_word' id='word_1_900' title='bbox 2392 5562 2526 5615; x_wconf 91' lang='lat' dir='ltr'><strong>adeo</strong></span> <span class='ocrx_word' id='word_1_901' title='bbox 2550 5563 2828 5627; x_wconf 90' lang='lat' dir='ltr'><strong>intumuit,</strong></span> <span class='ocrx_word' id='word_1_902' title='bbox 2852 5572 2915 5616; x_wconf 91' lang='lat' dir='ltr'><strong>ut</strong></span> <span class='ocrx_word' id='word_1_903' title='bbox 2946 5572 3169 5632; x_wconf 88' lang='lat' dir='ltr'><strong>preptcr</strong></span> <span class='ocrx_word' id='word_1_904' title='bbox 3198 5561 3415 5617; x_wconf 88' lang='lat' dir='ltr'><strong>dolores</strong></span> <span class='ocrx_word' id='word_1_905' title='bbox 3433 5563 3653 5616; x_wconf 81' lang='lat' dir='ltr'><strong>inveni-</strong></span> 
     </span>
    </p>
   </div>
   <div class='ocr_carea' id='block_1_124' title="bbox 2080 5645 3657 5716">
    <p class='ocr_par' dir='ltr' id='par_1_124' title="bbox 2080 5645 3657 5716">
     <span class='ocr_line' id='line_1_125' title="bbox 2080 5645 3657 5716; baseline -0.003 -13"><span class='ocrx_word' id='word_1_906' title='bbox 2080 5659 2228 5703; x_wconf 79' lang='lat' dir='ltr'><strong>retur</strong></span> <span class='ocrx_word' id='word_1_907' title='bbox 2258 5648 2397 5701; x_wconf 86' lang='lat' dir='ltr'><strong>alius</strong></span> <span class='ocrx_word' id='word_1_908' title='bbox 2421 5646 2523 5702; x_wconf 88' lang='lat' dir='ltr'><strong>Job</strong></span> <span class='ocrx_word' id='word_1_909' title='bbox 2550 5648 2720 5699; x_wconf 91' lang='lat' dir='ltr'><strong>nostri</strong></span> <span class='ocrx_word' id='word_1_910' title='bbox 2760 5647 3039 5716; x_wconf 86' lang='lat' dir='ltr'><strong>temporis.</strong></span> <span class='ocrx_word' id='word_1_911' title='bbox 3070 5645 3204 5700; x_wconf 88' lang='lat' dir='ltr'><strong>Cum</strong></span> <span class='ocrx_word' id='word_1_912' title='bbox 3230 5661 3328 5700; x_wconf 91' lang='lat' dir='ltr'><strong>nos</strong></span> <span class='ocrx_word' id='word_1_913' title='bbox 3346 5655 3532 5700; x_wconf 88' lang='lat' dir='ltr'><strong>autem</strong></span> <span class='ocrx_word' id='word_1_914' title='bbox 3569 5662 3657 5701; x_wconf 84' lang='lat' dir='ltr'><strong>as-</strong></span> 
     </span>
    </p>
   </div>
   <div class='ocr_carea' id='block_1_125' title="bbox 2082 5731 3656 5802">
    <p class='ocr_par' dir='ltr' id='par_1_125' title="bbox 2082 5731 3656 5802">
     <span class='ocr_line' id='line_1_126' title="bbox 2082 5731 3656 5802; baseline -0.001 -16"><span class='ocrx_word' id='word_1_915' title='bbox 2082 5734 2405 5802; x_wconf 71' lang='lat' dir='ltr'><strong>sumpSisset</strong></span> <span class='ocrx_word' id='word_1_916' title='bbox 2440 5732 2732 5787; x_wconf 83' lang='lat' dir='ltr'><strong>Dioscorus</strong></span> <span class='ocrx_word' id='word_1_917' title='bbox 2756 5731 3066 5802; x_wconf 81' lang='lat' dir='ltr'><strong>episcopus,</strong></span> <span class='ocrx_word' id='word_1_918' title='bbox 3087 5731 3176 5800; x_wconf 91' lang='lat' dir='ltr'><strong>qui</strong></span> <span class='ocrx_word' id='word_1_919' title='bbox 3201 5738 3328 5784; x_wconf 89' lang='lat' dir='ltr'><strong>tunc</strong></span> <span class='ocrx_word' id='word_1_920' title='bbox 3353 5739 3473 5785; x_wconf 89' lang='lat' dir='ltr'><strong>erat</strong></span> <span class='ocrx_word' id='word_1_921' title='bbox 3502 5745 3656 5801; x_wconf 87' lang='lat' dir='ltr'><strong>pres-</strong></span> 
     </span>
    </p>
   </div>
  </div>
