4020 6426
348 477 492 544 1033

1590 472 1957 534 HISTORIA
1997 474 2390 535 LAUSIACA.

3506 476 3647 542 1034

341 584 436 639 τοῦ
468 583 779 639 τελευταίου
818 583 1159 654 κεντήματος
1191 581 1326 653 πρὸς
1355 582 1704 651 ἀπαρτισμὸν
1752 581 1938 647 ὄντος,
1969 586 2014 641 Α
2047 583 2171 634 σθαι
2204 583 2264 635 τὸ
2287 583 2545 652 πρᾶγμα,
2578 581 2710 651 μηδέ
2730 581 2992 635 δύνασθαι
3015 581 3247 645 ἐξελθεῖν
3271 585 3366 653 τῆς
3398 585 3631 653 ἐρήμου.

344 669 492 737 λέγει
536 686 648 739 μοι,
681 668 841 731 Δέξαι
871 669 1074 736 ταύτην
1125 665 1224 738 τὴν
1257 665 1495 734 σπυρίδα
1534 666 1599 717 ἐκ
1647 665 1756 717 τῶν
1789 664 1939 733 ἐμῶν

345 754 570 826 χειρῶν,
604 754 691 807 ἵνα
720 752 1000 821 μέμνησαί
1032 768 1156 820 μου.
1187 750 1350 802 Ἀλλο
1378 752 1486 821 γάρ
1511 768 1591 803 σοι
1623 750 1723 802 οὐκ
1756 750 1864 820 ἔχω
1886 749 1940 802 τί

346 838 683 907 καταλείψω.
704 834 1062 904 Ἐκλιμπάνει
1074 832 1183 886 ἀπύ
1193 851 1376 903 ρεττος
1391 833 1527 886 ἐτῶν
1543 833 1940 904 ἐϐδομήκοντα,

350 923 736 993 παραθέμενος
760 920 838 988 τῷ
867 919 1058 989 Κυρίῳ
1086 917 1147 970 τὸ
1186 917 1403 987 πνεῦμα
1424 932 1438 947 ’
1473 917 1532 969 ὃν
1562 918 1943 986 ἐνταφιάσασα

349 1006 481 1072 ἐγὼ.
507 1006 602 1059 καὶ
623 1004 839 1066 ὀθόναις
858 1002 918 1054 τὸ
938 1000 1099 1069 σῶμα
1119 999 1219 1053 τοῦ.
1238 1000 1394 1068 ἁγίου
1420 999 1664 1065 ἐλίξασα,
1695 1002 1788 1054 καὶ
1814 1002 1943 1055 ἀπο-

350 1090 553 1160 θεμένη
574 1130 588 1153 ,
622 1089 797 1151 οὕτως
835 1086 1165 1157 ἀνεχώρησα
1206 1086 1305 1156 τῆς
1335 1088 1566 1156 ἐρήμου,
1595 1086 1701 1149 ἓως
1732 1086 1945 1157 ἡμέρας

351 1175 583 1231 Θανάτου
627 1177 727 1244 τὴν
771 1172 1009 1244 σπυρίδα
1046 1174 1265 1243 ἐκείνην
1320 1170 1439 1241 μεθ’
1482 1170 1683 1241 ἑαυτῆς
1724 1170 1943 1240 ἔχουσα.

352 1253 523 1322 Οὗτος
557 1261 585 1312 6
638 1257 853 1327 Παμὸὼ
901 1256 1162 1326 τελευτᾷν
1194 1255 1426 1325 μέλλων,
1473 1254 1597 1307 κατ’
1636 1254 1810 1323 αὐτὴν
1846 1254 1945 1320 τήν

351 1343 506 1413 ὤραν
542 1342 635 1396 τοῦ
668 1340 1026 1413 ἐκλιμπάνειν
1057 1339 1238 1403 αὑτὸν,
1282 1339 1632 1409 παρεστῶσιν
1680 1337 1945 1408 Ὠριγένει

350 1426 433 1497 τῷ
465 1424 826 1496 πρεσϐυτέρῳ
868 1425 963 1477 καὶ
1006 1423 1297 1493 οἰκονόμῳ,
1344 1424 1440 1476 καί
1502 1422 1822 1492 Ἀμμωνίῳ,
1853 1421 1948 1473 ἀν-

352 1512 513 1581 δράσι
563 1511 944 1580 περιόοήτοις,
1001 1508 1160 1561 τοῦτο
1219 1508 1438 1575 λέγεται
1488 1508 1803 1577 εἰρηκέναι,
1866 1507 1948 1559 ὅτι

368 1595 489 1663 Ἀφ’
519 1588 581 1647 οὓ
607 1590 770 1663 ἦλθον
800 1594 880 1656 είς
926 1592 1016 1644 τὸν
1046 1594 1214 1645 τόπον
1235 1589 1427 1643 τοῦτον
1462 1590 1562 1659 τῆς
1595 1591 1825 1660 ἐρήμου,
1853 1592 1949 1641 καὶ

355 1678 682 1749 ᾠκοδόμησά
711 1694 813 1746 μου
854 1678 953 1745 τήν
987 1676 1209 1740 κέλλαν,
1239 1674 1334 1727 καὶ
1358 1672 1552 1745 ᾤκησα
1587 1674 1776 1727 ἐνθάδε
1798 1714 1811 1738 ,
1848 1674 1949 1726 οὐκ

358 1762 517 1823 ἐκτὸς
538 1762 701 1831 ἔργου
725 1759 833 1812 τῶν
854 1759 1005 1829 ἐμῶν
1027 1760 1227 1829 χειρῶν
1247 1758 1526 1828 πεποίηκα
1546 1758 1762 1830 ἡμέραν
1783 1758 1912 1826 μίαν
1933 1772 1945 1786 ·

357 1845 479 1897 οὐδὲ
507 1848 794 1915 μέμνημαι
840 1842 1050 1913 δωρεὰν
1087 1842 1254 1912 ἄρτον
1300 1841 1492 1910 φαγὼν
1542 1842 1647 1894 ἀπό
1681 1857 1855 1903 τινος·
1887 1840 1947 1893 οὐ

2068 665 2154 727 Ὠς
2204 666 2261 717 δέ
2309 666 2372 718 οὐ
2426 665 2770 735 συνεχώρουν
2824 663 3006 734 αύτῷ,
3053 664 3360 733 βλεπόντων
3418 669 3639 725 πάντων

2046 761 2386 828 ἀφαρπάσας
2431 760 2651 829 ψαλίδα,
2700 761 2763 812 τὸ
2815 760 3106 830 ἀριστερόν
3158 757 3249 823 οῦς
3300 762 3491 814 ἑαυτοῦ
3532 762 3638 827 ἕως

2044 842 2137 893 τοῦ
2170 843 2444 912 πυθμένος
2468 843 2744 913 ἐῲάλισεν,
2784 843 2958 911 λέγων
2995 844 3201 907 αὐτοῖς,
3240 845 3357 897 Κᾶν
3393 846 3517 897 ἀπὸ.
3539 845 3640 897 τοῦ

2046 924 2141 977 νῦν
2174 926 2694 996 πεπληροφόρησθε,
2744 927 2826 978 ὅτι
2858 926 3117 978 ἀδύνατόν
3150 943 3217 996 με
3245 927 3499 994 γενέσθαι
3528 926 3641 980 λοι-

2048 1007 2148 1060 πδν
2176 1009 2313 1079 ὅπερ
2342 1012 2499 1061 αύτοί
2531 1008 2893 1077 ἀναγκάζετε,
2932 1008 3026 1060 τοῦ
3060 1008 3225 1076 νόμου
3268 1010 3641 1080 ἀπαγορεύονο

2047 1106 2156 1155 τος,
2190 1090 2503 1162 ῶτότμητον
2530 1095 2609 1154 εἰς
2641 1091 2942 1162 ἱερωσύνην
2962 1093 3037 1162 μὴ
3064 1092 3425 1161 προάγεσθαι.
3449 1090 3639 1155 Οῦτως

2047 1170 2141 1227 οὖν
2204 1176 2436 1242 ἀφέντες
2496 1175 2660 1229 αὐτὸν
2720 1175 3103 1245 ἀνεχώρησαν,
3164 1177 3255 1228 καὶ
3311 1176 3642 1239 ἀπελθόντες

2048 1258 2396 1327 ἀπήγγειλαν
2428 1258 2602 1311 ταῦτα
2624 1258 2699 1328 τῷ
2734 1260 3039 1329 ἐπισκόπῳ.
3082 1259 3141 1311 Ὀ
3170 1259 3226 1312 δὲ
3252 1260 3403 1327 λέγει
3436 1261 3640 1325 αὐτοῖς,

2050 1333 2219 1402 Οὗτος
2266 1344 2293 1393 6
2327 1342 2489 1411 νόμος
2548 1342 2700 1412 παρά
2741 1341 3013 1404 Ἰουδαίοις
3066 1342 3467 1395 πολιτευέσθω·
3520 1344 3644 1413 ἐμοὶ

2049 1423 2105 1476 δὲ
2154 1426 2248 1477 καὶ
2282 1426 2629 1493 ρινότμητον,
2688 1426 2783 1477 ἐὰν
2835 1425 3098 1495 ἐνέγκητε
3138 1426 3297 1495 μόνον
3350 1426 3501 1493 ἀξιον
3531 1431 3645 1491 τοῖς

2050 1506 2274 1576 τρόποις
2327 1506 2479 1568 ὄντα,
2526 1506 2843 1578 χειροτονῶ.
2920 1509 3274 1572 Ἀπελθόντες
3326 1505 3421 1562 οὖν
3481 1510 3646 1564 πάλιν

2052 1591 2399 1662 παρεκάλουν
2430 1593 2613 1645 αὐτόν.
2649 1593 2742 1662 Μὴ
2778 1592 3099 1663 πειθομένου
3138 1598 3193 1648 δὲ
3232 1596 3324 1648 τοῦ
3366 1595 3511 1649 ὁσίου
3546 1598 3644 1650 ἀν·

2049 1672 2195 1744 δρὸς,
2241 1674 2565 1743 ἐπεχείρουν
2610 1677 2705 1729 καὶ⁹
2759 1675 2877 1745 βίαν
2922 1680 3222 1746 προσάγειν
3272 1680 3443 1747 αὐτῷ.
3498 1681 3558 1732 'O
3586 1679 3646 1733 δὲ

2051 1757 2356 1826 διωμόσατο
2394 1759 2577 1820 αὐτοῖς
2624 1759 2827 1823 εἰπὼν,
2864 1758 2944 1812 ὃτι
3003 1760 3129 1813 Ἐὰν
3164 1762 3516 1831 ἀναγκάσητέ
3553 1780 3645 1832 με,

2055 1842 2149 1895 καὶ
2182 1841 2278 1911 τὴν
2315 1842 2567 1910 γλῶσσάν
2604 1859 2706 1912 μου
2735 1843 3048 1913 ἀποτέμνω.
3096 1844 3220 1897 'Enl
3242 1845 3452 1908 τούτοις
3481 1846 3648 1914 ἀφέν-

360 1931 740 2001 μεταμέλομαι
765 1929 868 1991 ἕως
891 1926 991 1994 τῆς
1018 1928 1145 1997 ἄρτι
1172 1926 1322 1998 ὧρας
1352 1928 1444 1980 ἐπὶ
1473 1927 1549 1997 τῷ
1576 1926 1723 1997 λόγῳ
1749 1920 1792 1993 ᾧ
1826 1924 1950 1977 ἐλά·
1982 1926 2025 1980 Β
2053 1943 2144 1989 τες
2178 1927 2343 1980 αὑτὸν
2393 1926 2775 1997 ἀνεχώρησαν.
2830 1927 3034 1981 Τούτου
3085 1927 3178 1980 τοῦ
3216 1930 3373 1997 ἁγίου
3417 1930 3645 1999 Ἀμμω-

355 2014 516 2083 λὴσα.
547 2015 654 2067 Καὶ
683 2010 855 2075 οὕτως
882 2011 1195 2082 ἀπέρχομαι
1225 2011 1361 2081 πρὸς
1393 2010 1485 2063 τὸν
1515 2011 1669 2071 Θεὸν,
1707 2010 1781 2073 ὡς
1812 2009 1945 2079 μηδέ

354 2097 664 2169 ἀρξάμενος
706 2098 801 2151 τοῦ
843 2098 1137 2152 θεοσεϐεῖν.
1166 2096 1667 2168 Προσεμαρτύρουν
1702 2096 1757 2148 δὲ
1799 2095 1946 2165 αύτῴ

355 2184 452 2238 καί
481 2186 528 2237 οί
559 2184 737 2238 δοῦλοι
776 2184 870 2236 τοῦ
901 2183 1142 2252 Χριστοῦ
1181 2183 1468 2253 Ὤριγένης
1501 2183 1598 2235 καὶ
1638 2182 1947 2252 Ἀμμώνιος

356 2267 734 2336 ἀφηγούμενοι
793 2267 949 2333 ήμῖν,
1005 2267 1086 2318 ὅτι
1141 2266 1399 2317 οὐδέποτε
1448 2264 1745 2335 ἐρωτηθεὶς
1790 2263 1949 2331 λόγον

357 2351 514 2419 παρά
548 2367 691 2412 τινος
738 2350 772 2418 ἢ
808 2350 1084 2421 Γραφικὸν
1112 2352 1145 2421 ἢ
1178 2350 1335 2404 ἄλλον
1374 2350 1496 2402 τινὰ
1538 2349 1948 2419 πραγματικὸν,

359 2433 523 2497 εὐθὺς
565 2435 598 2504 ἦ
648 2435 905 2505 παραυτά
958 2435 1320 2505 ἁπεκρίνατο,
1354 2434 1468 2487 ἀλλ’
1505 2434 1691 2503 ἔλεγεν
1725 2434 1950 2504 μηδέπω

360 2518 459 2586 τὴν
494 2516 788 2587 ἀπόκρισιν
828 2519 1144 2589 εὑρηκέναι.
1184 2518 1454 2580 Πολλάκις
1482 2518 1538 2569 δέ
1584 2517 1833 2586 παρῆλθε
1856 2515 1951 2569 καὶ

360 2600 649 2671 τρίμηνον,
700 2600 796 2653 καὶ
832 2601 934 2653 οὐκ
981 2601 1151 2654 ἐδίδου
1205 2601 1520 2671 ἀπόκρισιν,
1574 2600 1749 2663 λέγων
1784 2600 1952 2669 μήπω

361 2687 770 2756 κατειληφέναι.
816 2689 974 2743 Οῦτω
1014 2689 1201 2758 μέντοι
1265 2688 1363 2751 τὰς
1428 2690 1735 2757 ἀποφάσεις
1779 2686 1951 2739 ἐδίδου

362 2774 854 2845 περιεσκεμμένως
883 2776 1025 2829 κατά
1053 2775 1209 2838 Θεὸν,
1237 2774 1313 2837 ώς
1357 2774 1453 2827 ἀπ’
1482 2770 1648 2825 αὑτοῦ
1680 2770 1775 2823 τοῦ
1815 2770 1953 2823 Θεοῦ

366 2860 506 2925 μετά
553 2860 757 2921 παντὸς
795 2860 961 2927 φόϐου
996 2861 1123 2921 τοὺς
1169 2860 1378 2921 πάντας
1426 2856 1677 2927 δέχεσθαι
1727 2855 1949 2919 ταύτας.

363 2940 586 3012 Ταύτην
615 2942 726 3013 γάρ
755 2943 854 3011 τήν
877 2944 1083 3012 ’ἀρετὴν
1118 2944 1336 3011 ἐλέγετο
1362 2941 1457 2995 καί⁹
1489 2940 1629 3011 ὑπὲρ
1660 2940 1750 2994 τὸν
1780 2939 1955 3010 μέγαν

376 3022 684 3089 Ἀντώνιον,
726 3026 821 3078 καὶ
856 3026 995 3095 ὑπὲρ
1038 3028 1244 3088 πάντας
1285 3026 1411 3088 τοὺς
1444 3023 1631 3091 ἁγίους
1662 3024 1953 3093 ἐσχηκέναι

362 3107 464 3178 τὴν
493 3108 575 3167 εἰς
599 3108 725 3171 τοὺς
752 3109 943 3174 λόγους
968 3109 1276 3178 ἀκρίϐειαν.

945 3229 1196 3283 ΚΕΦᾹΛ.
1267 3230 1369 3281 IA'.

978 3337 1119 3405 Περί
1160 3338 1335 3404 Πίωρ,

432 3458 664 3527 Φέρεται
692 3456 749 3510 δὲ
772 3458 907 3527 πρὸς
937 3460 1051 3522 τοῖς
1075 3460 1256 3523 ἄλλοις
1282 3460 1375 3513 καὶ
1402 3460 1541 3531 αὕτη
1567 3460 1600 3530 ή
1627 3457 1828 3530 πρᾶξις
1858 3456 1953 3511 τοῦ

363 3541 521 3609 ἁγίου
546 3541 758 3612 Παμϐώ
778 3557 793 3572 ο
824 3544 907 3596 ὅτι
934 3544 961 3594 6
989 3546 1261 3617 μακάριος
1286 3547 1437 3616 Πίωρ
1455 3548 1482 3598 ό
1511 3543 1756 3615 ἀσκητὴς
1777 3554 1957 3611 παρα-

363 3624 544 3679 ϐαλὼν
570 3626 736 3678 αὐτοῦ
780 3630 847 3698 τῇ
894 3628 1062 3702 κέλλῃ
1093 3633 1242 3696 ποτὲ,
1276 3631 1406 3683 ίδιον
1437 3629 1714 3700 βαστάσας
1749 3628 1955 3697 ἀπήνε-

361 3722 497 3773 γκεν
524 3708 708 3777 ἄρτον.
750 3710 1071 3781 Ἐγκληθεὶς
1103 3713 1159 3765 δὲ
1191 3712 1319 3783 παρ’
1348 3711 1537 3773 αὑτοῦ,
1576 3710 1734 3773 Τίνος
1770 3710 1956 3762 ἐνεκεν

362 3791 524 3845 τοῦτο
574 3794 913 3864 πεποίηκας;
962 3798 1301 3868 ἀπεκρίνατο
1339 3800 1366 3849 ὁ
1417 3798 1588 3865 Πίωρ,
1622 3796 1740 3847 Ἵνα
1783 3796 1856 3864 μή
1897 3810 1956 3846 σε

367 3877 615 3952 βαρήσω,
670 3878 729 3931 ὃν
761 3883 1046 3952 σιωπήσας
1080 3880 1253 3945 οὕτως
1300 3882 1595 3935 ἀπέλυσεν.
1634 3881 1791 3935 Μετά
1837 3898 1956 3952 τινα

364 3948 556 4017 χρόνον
593 3948 937 4020 παραϐάλλεί
972 3954 999 4004 6
1052 3952 1226 4021 μέγας
1286 3952 1498 4022 Παμϐὼ
1538 3954 1603 4023 τῇ
1658 3952 1820 4022 κέλλῃ
1860 3950 1954 4003 τοῦ

366 4031 545 4101 Πίωρ·
575 4032 668 4086 καὶ
698 4032 896 4103 βρέξας
915 4034 1008 4087 τὸν
1030 4036 1195 4105 ἄρτον
1211 4036 1403 4101 αὐτοῦ,
1426 4034 1598 4099 οὕτως
1621 4036 1953 4105 ἀπήνεγκεν,

378 4114 706 4185 Ἐρωτηθεὶς
731 4117 789 4171 δὲ
816 4120 946 4189 παρ’
976 4121 1141 4173 αὑτοῦ
1186 4121 1252 4174 δι’
1282 4120 1348 4191 ἢν
1376 4122 1555 4175 αἰτίαν
1586 4120 1958 4190 βεϐρεγμένον

365 4198 701 4268 ἀπήνεγκεν,
738 4201 1068 4274 ἀπεκρίνετο
1102 4206 1127 4258 6
1158 4203 1390 4275 Παμὸώ·
1418 4205 1537 4259 Ἵνα
1587 4206 1664 4275 μὴ
1708 4203 1862 4271 κάγώ
1900 4221 1957 4256 σε

367 4282 615 4354 βαρήσω,
651 4284 872 4355 ἔϐρεξα.

954 4396 1205 4449 ΚΕΦΑΛ.
1242 4396 1343 4450 IB'.

784 4575 789 4582 _
893 4500 1033 4569 Περί
1074 4502 1432 4571 Ἀμμωνίου.

2052 2010 2166 2063 νίου
2195 2010 2421 2080 φέρεται
2448 2010 2607 2061 τοῦτο
2634 2009 2695 2061 τὸ
2718 2009 2919 2079 θαῦμα.
2946 2011 3237 2073 Οὐδέποτε,
3258 2013 3413 2081 φησι,
3440 2012 3516 2079 τῷ
3547 2028 3651 2064 σω-

2057 2094 2239 2163 ματίῳ
2271 2093 2437 2147 αὑτοῦ
2465 2092 2656 2162 ἡδονῆς
2688 2094 3074 2162 ἐπαναστάσης
3098 2095 3301 2146 ἀτόπου
3340 2097 3647 2162 γεγονυίας,

2052 2177 2145 2231 τοῦ
2184 2176 2413 2247 σαρκίου
2464 2176 2630 2228 αὑτοῦ
2667 2176 2944 2245 ἐφείσατο,
2987 2177 3124 2230 ἁλλά
3158 2178 3375 2249 σίδηρον
3406 2180 3653 2249 ὲκπυραο

2055 2259 2275 2322 κτώσας
2305 2260 2618 2328 προσετίθει
2652 2261 2764 2323 τοῖς
2800 2260 3017 2330 μέλεσιν
3053 2262 3272 2325 ἐαυτοῦ,
3304 2263 3380 2325 ώς
3417 2266 3652 2316 πάντοτε

2054 2344 2217 2398 αὑτὸν
2282 2343 2600 2413 ἡλκωμένον
2650 2339 2811 2397 εἶναι.
2858 2344 2922 2396 Ἡ
2960 2345 3143 2412 μέντοι
3179 2347 3427 2415 τράπεζα
3482 2348 3652 2400 αὑτοῦ

2053 2429 2278 2497 τοιαύτη
2300 2429 2525 2496 γέγονεν
2556 2431 2618 2480 ἐκ
2643 2430 2898 2497 νεότητος
2927 2428 3032 2489 ἕως
3068 2428 3299 2482 θανάτου
3331 2430 3648 2500 ώμοφαγία.

2055 2509 2223 2563 Οὐδὲν
2267 2513 2376 2580 γαρ
2411 2511 2440 2562 ὃ
2483 2511 2570 2563 διὰ
2604 2512 2777 2580 πυρὸς
2795 2512 2917 2563 διίει
2952 2511 3163 2579 ἕφαγέν
3196 2528 3327 2565 ποτε
3360 2513 3517 2576 ἐκτὸς
3551 2514 3653 2584 ἀρ-

2054 2609 2169 2647 του.
2226 2593 2465 2645 Παλαιὰν
2508 2593 2565 2644 δὲ
2615 2593 2711 2646 καὶ
2754 2592 2962 2662 Καινὴν
2994 2594 3217 2665 Γραφὴν
3247 2595 3651 2665 ἀπεστήθισεν·

2057 2684 2151 2735 καὶ
2176 2683 2233 2733 ἐν
2258 2681 2691 2751 συγγράμμασιν
2718 2682 2927 2752 ἀνδρῶν
2961 2682 3203 2750 λογάδων
3241 2683 3549 2754 Ὠριγένους
3592 2701 3654 2736 τε

2057 2766 2153 2818 καὶ
2184 2764 2441 2834 Διδύμου,
2478 2766 2572 2817 καὶ
2604 2766 2848 2835 Πιερίου,
2876 2768 2969 2818 καὶ
2998 2768 3272 2836 Στεφάνου
3303 2768 3518 2838 διῆλθεν
3548 2786 3655 2838 μυ·-

2060 2849 2249 2919 ριάδας
2286 2850 2596 2914 ἑξακοσίας.
2633 2849 2818 2902 Ταῦτα
2846 2850 2904 2903 δὲ
2945 2852 3318 2922 μαρτυροῦσιν
3362 2852 3513 2923 αὐτῷ
3557 2856 3653 2907 καὶ

2056 2933 2106 2984 οί
2151 2932 2378 2999 μεγάλοι
2424 2933 2523 3002 τῆς
2566 2933 2774 3003 ἐρήμου
2823 2934 3085 3003 Πατέρες.
3140 2934 3343 2987 Τούτου
3393 2938 3488 2988 καὶ
3518 2953 3654 3006 προ-

2058 3018 2279 3087 φητεῐαι
2336 3016 2619 3087 φέρονται.
2682 3018 3101 3088 Παρακλητικὸς
3154 3019 3213 3071 δέ
3271 3014 3340 3089 ἦν
3399 3020 3656 3076 τοσοῦτον

2059 3104 2169 3163 τοῖς
2201 3103 2257 3154 ἐν
2288 3104 2353 3173 τῇ
2382 3105 2576 3174 ἐρήμῳ
2602 3103 2873 3173 ἀδελφοῖς,
2901 3106 2949 3157 εἰ
2981 3104 3074 3157 καί
3105 3120 3187 3167 τις
3221 3105 3404 3169 ἄλλος.

2138 3208 2333 3279 Τούτῳ
2363 3210 2581 3279 ψήφους
2630 3210 2799 3263 ἐδίδου
2828 3213 2857 3263 ὁ
2897 3212 3171 3282 μακάριος
3204 3212 3476 3284 Εὑάγριος
3516 3213 3658 3285 ἀνὴρ

2067 3296 2516 3365 πνευματοφόρος
2572 3296 2666 3349 καὶ
2734 3297 3094 3368 διακριτικὸς,
3131 3299 3329 3366 λέγων,
3380 3299 3462 3351 ὅτι
3521 3300 3660 3352 Οὐδέ

2072 3396 2203 3431 ποτε
2231 3379 2398 3431 αὑτοῦ
2437 3381 2816 3450 ἀπαθέστερον
2866 3382 3087 3451 ἑώρακα
3144 3381 3455 3451 ἄνθρωπον.
3490 3379 3661 3448 Οὗτος

2064 3465 2092 3515 6
2117 3466 2388 3532 μακάριος
2418 3464 2641 3525 πολλαῖς
2698 3466 2934 3528 ἱκεσίαις
2988 3467 3474 3535 καταδυσωπηθείς
3507 3471 3659 3539 παρὰ

2078 3546 2360 3617 Ῥουφίνου
2417 3550 2511 3603 τοῦ
2563 3552 2686 3603 κατ’
2740 3552 2916 3603 ἐκεῖνο
2977 3552 3172 3621 καιροῦ
3244 3554 3489 3624 ἐπάρχου
3542 3555 3653 3607 τῶν

2066 3634 2441 3703 πραιτωρίων,
2479 3635 2557 3694 είς
2589 3634 2717 3696 τοὺς
2761 3636 2988 3704 καιροὺς
3013 3637 3257 3699 ἐκείνους
3290 3638 3539 3701 ἐλθόντος
3562 3642 3659 3695 τοῦ

2069 3716 2308 3787 μεγάλου
2389 3718 2704 3788 Ἀμμωνίου
2752 3723 2808 3772 ἐν
2880 3721 3299 3775 Κωνσταντίνου
3357 3724 3513 3776 πόλει
3570 3726 3659 3780 διὰ

2066 3801 2258 3870 χρείας
2288 3802 2397 3853 τῶν
2424 3803 2526 3871 τῆς
2570 3806 2778 3873 ἐρήμου
2807 3804 3064 3868 πολιτῶν,
3125 3805 3326 3868 ἱκανῶς
3371 3808 3661 3879 παρακλη-

2076 3884 2210 3948 θεὶς,
2252 3890 2348 3937 καὶ
2389 3886 2542 3958 παρὰ
2572 3886 2681 3939 τῶν
2722 3888 2890 3955 ἀγίων
2922 3889 3259 3954 ἐπισκόπων,
3297 3892 3404 3943 τῶν
3440 3896 3504 3945 ἐκ
3538 3894 3659 3945 δια-

2068 3968 2250 4038 φόρων
2269 3969 2569 4039 ἐπαρχιῶν,
2592 3972 2687 4023 καὶ
2704 3972 2797 4023 ἀπ’
2813 3972 2982 4039 αὐτῆς
3007 3972 3105 4041 τῆς
3136 3974 3346 4043 ἐρήμου
3370 3976 3663 4046 συνεληλυ-

2069 4051 2263 4115 θότων,
2316 4054 2394 4113 εἰς
2434 4054 2501 4107 τὰ
2548 4056 2851 4107 καταθέσια
2900 4056 3009 4108 τῶν
3061 4058 3231 4126 ἁγίων
3265 4052 3436 4128 οὗπερ
3496 4062 3662 4125 αὐτὸς

2067 4132 2281 4187 ἔκτισεν
2310 4137 2614 4207 μαρτυρίου
2657 4138 2770 4208 (45)
2794 4180 2807 4203 ,
2840 4141 2898 4191 ἐν
2928 4142 3112 4205 αὐτοῖς
3140 4145 3255 4204 τοῖς
3309 4142 3660 4207 καταθεσίοις

2067 4220 2390 4289 ἀποδέχεται
2420 4222 2509 4275 τὸν
2556 4222 2835 4292 Ῥουφῖνον
2865 4226 2893 4276 ό
2924 4224 3077 4293 ἀγιος
3112 4227 3219 4279 ἀπὸ
3250 4226 3343 4279 τοῦ
3384 4229 3658 4297 ἀχράντου

2072 4304 2451 4372 βαπτίσματος
2511 4309 2665 4376 παρά
2720 4309 2827 4359 τῶν
2874 4310 3211 4373 ἐπισκόπων,
3264 4311 3323 4362 ὃν
3386 4311 3658 4384 ἐσεϐάσθη

2018 4402 2025 4409 ·
2068 4386 2235 4449 ἀξίως
2258 4386 2357 4455 τῆς
2411 4388 2573 4440 αὐτοῦ
2628 4390 2947 4455 πολιτείας,
3007 4394 3086 4456 εἰς
3123 4394 3300 4446 πάντα
3343 4395 3661 4459 ὑπακούσας

2068 4469 2147 4537 τῷ
2208 4470 2340 4539 ὁσίῳ
2381 4471 2538 4544 ἀνδρί¹
2588 4474 2904 4545 Ἀμμωνίῳ.
2964 4477 3060 4538 Ὃς
3095 4479 3211 4547 μετ’
3260 4476 3441 4545 ὀλίγον
3468 4480 3662 4548 χρόνον

2070 4556 2362 4625 κοιμᾶται,
2420 4557 2516 4609 καὶ
2566 4557 2835 4611 θάπτεται
2866 4562 2924 4611 ἐν
2951 4559 3030 4630 τῷ
3072 4562 3360 4633 μαρτυρίῳ
3395 4563 3473 4632 τῷ
3502 4563 3657 4629 λεγο-

453 4618 867 4714 ὉῼῙΑμμὼνιος
887 4616 1046 4714 ρῦτ-οξ
1067 4624 1697 4714 μαθητὴς-γεγονὼετρῦ
1724 4627 1959 4714 μεγάλου
1994 4617 2038 4671 ῐ)
2075 4616 2221 4707 μένῳ
2260 4616 2664 4707 Ῥοὐφινιαναῖς
2701 4643 2836 4712 (44).
2884 4636 2959 4695 Οὖ
2990 4616 3052 4695 τὸ
3072 4616 3287 4714 ’μίξιμά
3318 4616 3534 4712 λέγεται
3567 4616 3659 4700 θε-

368 4702 582 4773 ῐΙαμδὼ
616 4706 735 4775 ἅμα
761 4706 941 4777 τρισὶν
972 4706 1220 4777 ἀδελφοῖς
1244 4709 1475 4779 ἑτέροις,
1505 4711 1598 4765 καὶ
1624 4712 1777 4764 δυσὶν
1808 4713 1963 4766 ἁδελ-

368 4792 529 4857 φαῖς,
576 4791 656 4853 εἰς
686 4790 855 4861 ἀκρον
905 4792 1181 4861 φιλοθεῖας
1229 4794 1551 4861 ἐλάσαντες,
1598 4796 1963 4865 κατειλήφασι

364 4873 467 4945 τὴν
506 4875 732 4946 ἔρημον,
776 4876 872 4930 καλ⁸
920 4878 1239 4948 ἀμφοτέρας
1285 4880 1383 4941 τὰς
1438 4882 1608 4948 μονὰς
1661 4882 1781 4934 κατ’
1828 4883 1963 4936 ἰδίαν

368 4960 701 5030 ποιήσαντες
746 4959 857 5013 τῶν
910 4978 970 5013 τε
1010 4962 1222 5032 ἀνδρῶν
1261 4966 1355 5018 καὶ
1404 4966 1511 5017 τῶν
1552 4968 1851 5033 γυναικῶν,
1887 4968 1964 5031 ώς

372 5042 557 5098 ἰκανὸν
599 5044 828 5115 ἀπέχειν
876 5045 971 5097 ἀπ’
1020 5046 1264 5117 ἀλλήλων
1320 5050 1618 5122 διάστημα.
1702 5055 1853 5106 Ἐπεὶ
1906 5054 1963 5108 δὲ

371 5125 494 5179 καθ’
538 5129 849 5202 ὑπερϐολὴν
888 5131 1171 5199 φιλόλογος
1201 5128 1267 5202 ἦν
1303 5135 1331 5185 ὁ
1364 5136 1583 5204 ἀριστος
1615 5136 1724 5190 τῶν
1754 5139 1964 5211 ἀνδρῶν

382 5210 715 5281 Ἀμμώνιος,
753 5217 909 5279 πόλις
948 5234 1031 5279 τις
1060 5218 1251 5269 τούτου
1282 5218 1498 5290 ἠράσθη
1549 5223 1628 5284 είς
1660 5222 1815 5291 λόγον
1846 5226 1965 5278 ἐπι⁹

373 5295 604 5365 σκοπῆς.
661 5298 771 5352 Καὶ
830 5300 1225 5371 προσελθόντες
1273 5303 1525 5374 Τιμοθέῳ
1569 5305 1646 5375 τῷ
1706 5308 1966 5379 μακαρίῳ

371 5380 680 5449 ἐπισκόπῳ,
734 5385 1082 5455 παρεκάλουν
1136 5385 1300 5438 αὑτὸν
1348 5392 1729 5457 χειροτονῆσαι
1779 5394 1966 5457 αὐτοῖς

371 5462 670 5517 ἐπίσκοπον
713 5467 804 5520 τὸν
844 5470 1173 5540 ’Λμμώνιον.
1237 5474 1290 5525 Ὀ
1317 5473 1372 5525 δέ
1414 5474 1565 5543 λέγει
1606 5479 1821 5541 αύτοῖς·
1864 5480 1963 5533 Φέ-

374 5548 496 5617 ρετέ
524 5566 613 5618 μοι
660 5551 823 5604 αὐτὸν
860 5556 955 5606 καὶ
998 5558 1291 5627 χειροτονῶ
1331 5559 1457 5629 ὑμῖν
1497 5563 1706 5616 τοῦτον.
1772 5564 1964 5616 ’Λπελο

374 5629 579 5684 θόντων
611 5630 706 5686 οὖν
737 5636 915 5689 αὐτῶν
950 5640 1087 5706 μετά
1122 5640 1375 5711 βοηθείας
1407 5645 1610 5715 πολλῆς
1646 5650 1723 5709 εἰς
1751 5647 1809 5698 τὸ
1837 5648 1964 5699 συλ-

372 5718 634 5772 λαῦέσθαι
687 5721 873 5785 αὐτὸν,
907 5726 986 5785 εἰς
1025 5730 1203 5798 φυγὴν
1244 5724 1399 5794 οὗτος
1442 5733 1678 5804 ἐτράπη.
1739 5734 1883 5787 Ἰδὼν
1912 5736 1968 5787 δὲ

377 5803 684 5889 ὄτιᾉλοιπὸν
718 5806 1070 5889 κατελήφθη,
1105 5814 1237 5878 στὰς
1279 5803 1581 5886 παρεκάλει
1625 5803 1841 5881 αύτούς.
1876 5821 1967 5889 Μὴ

377 5887 717 5957 πειθομένων
760 5888 815 5942 δὲ
862 5891 1062 5957 αὐτῶν,
1114 5898 1207 5948 καὶ
1240 5898 1511 5971 διώμνυτο
1539 5903 1612 5973 μὴ
1673 5887 1967 5972 καταδέχεέ

2075 4722 2335 4792 ραπεύειν
2370 4725 2578 4789 πάντας
2604 4731 2728 4789 τοὺς
2761 4727 3201 4799 ριγιαζομένους.

2650 4836 2899 4889 ΚΕΦΑΛ.
2945 4836 3041 4889 II".

2606 4941 2747 5008 Περί
2788 4942 3131 5010 Βενιαμείν.

2157 5045 2246 5098 Ἐν
2273 5046 2446 5116 τούτῳ
2472 5047 2548 5118 τῷ
2572 5046 2688 5118 ὃρει
2728 5049 2827 5117 τῆς
2861 5048 3092 5119 Νιτρίας
3136 5050 3359 5117 γέγονεν
3404 5053 3545 5126 ἀνήρ
3573 5072 3660 5118 τις

2074 5130 2409 5198 θαυμαστὸς,
2464 5129 2690 5199 ὀνόματι
2749 5129 3041 5201 Βενιαμεὶν
3089 5132 3448 5205 καλούμενος,
3514 5138 3659 5209 ζωὴν

2075 5213 2281 5283 βιώσας
2320 5217 2575 5286 ἐνάρετον
2603 5216 2802 5281 ἐτεσιν,
2829 5216 3184 5287 ὀγδοήκοντα.
3220 5221 3332 5274 Καὶ
3356 5223 3437 5285 εἰς
3490 5224 3660 5296 ἄκρον

2074 5301 2320 5371 ἀσκήσας
2350 5300 2449 5369 τὴν
2504 5301 2705 5370 ἀρετὴν
2738 5299 3053 5371 κατηξιώθη
3108 5305 3448 5375 χαρίσματος
3488 5308 3660 5376 ἰαμά-

2073 5401 2202 5447 των,
2240 5385 2312 5446 ὼς
2342 5384 2503 5437 παντὶ
2529 5378 2573 5451 ᾧ
2613 5384 2679 5437 ἂν
2712 5388 2899 5455 χεῖρας
2927 5385 3191 5449 ἐπετίθει,
3220 5388 3254 5456 ἢ
3292 5386 3469 5441 ἔλαιον
3506 5392 3661 5446 εὐλο-

2075 5468 2252 5537 γήσας
2287 5468 2481 5533 ἐδίδου,
2544 5469 2723 5539 πάσης
2791 5468 3169 5539 ἀπηλλάττετο
3254 5472 3567 5543 ἀρρωστίας
3633 5479 3661 5530 6

2076 5555 2479 5626 ὲνοχλούμενος.
2518 5550 2685 5618 Οὗτος
2743 5557 2771 5608 ὁ
2814 5558 2907 5609 τοῦ
2955 5556 3280 5624 τηλικούτου
3317 5560 3659 5631 χαρίσματος

2078 5642 2437 5709 καταξιωθεὶς
2475 5641 2579 5712 πρὸ
2609 5641 2753 5693 ὀκτὼ
2786 5641 2973 5712 μηνῶν
3005 5642 3102 5710 τῆς
3135 5641 3449 5712 κοιμήσεως
3482 5645 3652 5716 ὑδρω-

2077 5731 2292 5783 πίασεν.
2324 5730 2436 5783 Καὶ
2470 5730 2562 5781 ἐπὶ
2590 5728 2841 5782 τοσοῦτον
2872 5727 3136 5792 ώγκωσεν
3163 5727 3222 5779 τὸ
3266 5728 3437 5802 ,σῶμα
3490 5731 3658 5785 αὑτοῦ

2077 5820 2141 5887 τῇ
2178 5817 2402 5885 οῐδήσει,
2440 5815 2513 5878 ώς
2545 5815 2703 5868 ἄλλον
2744 5811 2865 5864 ’1ὼὸ
2898 5813 3018 5873 ταῖς
3042 5810 3333 5879 ἀλγηδόσιν
3368 5814 3657 5881 εὑρεθῆναι

2082 5905 2137 5955 ἐν
2172 5904 2279 5963 τοῖς
2342 5900 2630 5970 ἡμετέρας
2691 5899 2924 5967 καιροῖς.
2975 5893 3318 5963 Παραλαϐὼν
3371 5895 3463 5947 οῦν
3515 5898 3657 5965 ἡμᾶς
