4020 6476
481 485 623 554 1035

1876 519 1893 537 .
1937 486 2282 547 PALLADII

3620 489 3758 564 1036

476 597 772 665 Διόσκορος
801 596 829 647 0
860 594 1181 659 ἐπίσκοπος,
1215 596 1337 648 τότε
1376 596 1433 648 δὲ
1470 597 1841 665 πρεσϐύτερος
1871 595 1946 647 ὢν
1973 596 2065 647 τοῦ
2096 596 2201 665 Λῆ
2245 597 2557 667 λῃστρικοῖς
2622 598 2654 665 ἢ
2721 595 3051 659 θαλαττίοις.
3125 596 3295 665 Δεῦρο
3348 593 3463 662 οὖν,
3520 599 3748 671 ἀδελφὴ

472 681 634 750 ὅρους
658 678 758 745 τῆς
790 678 1041 749 Νιτρίας,
1074 678 1174 748 ἐμέ
1229 695 1288 731 τε
1346 681 1440 733 καὶ
1501 681 1592 733 τὸν
1632 680 1903 750 μακάριον
1928 677 2059 730 Εὐά-

476 780 651 831 γριον,
708 761 859 829 λέγει
906 762 1288 833 ἡμῖνοΔεῦτε,
1348 764 1575 833 βλέπετε
1622 764 1743 816 νέον
1801 762 1941 827 Ἰὼϐ,
2001 763 2059 815 ἐν

474 846 702 915 τοιούτῳ
761 845 910 914 δγκῳ
975 843 1251 916 σώματος,
1325 846 1491 898 πάθει
1536 847 1761 916 ἀνιάτῳ,
1820 846 2059 915 ἄμετρον

478 929 818 999 κεκτημένον
860 929 1233 999 εὐχαριστίαν.
1279 930 1629 993 ’Δπελθόντες
1681 931 1775 985 οῦν
1830 929 2059 983 ἐθεασά-

483 1013 627 1081 μεθα
660 1011 918 1065 τοσοῦτον
958 1012 1124 1081 ὄγκον
1176 1012 1268 1065 τοῦ
1328 1012 1580 1084 σώματος
1626 1012 1814 1078 αὑτοῦ,
1858 1013 1933 1074 ὡς
1982 1010 2056 1080 μὴ

471 1094 737 1149 δύνασθαι
797 1096 887 1148 τὸν
952 1093 1153 1165 μικρὸν
1206 1094 1467 1149 δάκτυλον
1500 1100 1600 1167 τῆς
1652 1096 1833 1166 χειρὸς
1891 1092 2055 1147 αὑτοῦ

470 1177 905 1249 περιλαμϐάνειν
931 1182 1054 1241 ταῖς
1101 1176 1195 1231 δύο
1251 1182 1411 1249 χερσὶ
1469 1180 1578 1232 τῶν
1621 1178 1924 1233 δακτύλων.
1962 1176 2055 1247 Μὴ

469 1263 758 1333 δυνάμενοι
789 1263 847 1316 δὲ
874 1266 1036 1334 ἡμεῖς
1069 1265 1401 1329 ἐνατενίζειν
1434 1267 1501 1333 τῇ
1532 1264 1627 1317 τοῦ
1658 1262 1865 1325 πάθους
1889 1260 2059 1314 δεινό-

468 1365 614 1416 τητι,
642 1349 771 1410 τοὺς
798 1347 1114 1417 ὀφθαλμοὺς
1137 1348 1296 1418 ἡμῶν
1330 1350 1425 1402 ἀπ’
1485 1349 1666 1401 αὐτῶν
1712 1348 2055 1417 ἀπεστρέφο-

473 1448 593 1499 μεν.
635 1431 766 1483 Τότε
793 1430 941 1497 λέγει
970 1432 1101 1501 ἡμῖν
1131 1434 1158 1485 ὁ
1191 1433 1466 1501 μακάριος
1504 1434 1711 1495 ἐκεῖνος
1744 1430 2053 1499 Βενιαμείν·

474 1512 739 1577 ίὲῦξασθε,
756 1514 945 1576 τέκνα,
969 1515 1058 1566 ἵνα
1083 1515 1157 1584 μὴ
1184 1532 1285 1584 μου
1312 1517 1339 1567 ό
1361 1515 1564 1567 ἔσωθεν
1580 1516 1677 1567 ἄνθ
1689 1532 1867 1585 ρωπος
1886 1514 2056 1583 ὑδρω-

470 1596 663 1668 πιάσῃ.
710 1597 884 1649 Τοῦτο
926 1598 1037 1668 γάρ
1086 1597 1148 1649 τὸ
1188 1598 1349 1669 σῶμα
1397 1597 1522 1651 οὔτε
1581 1616 1649 1669 με
1713 1597 2057 1651 εὐπαθοῦντα

467 1680 700 1750 ὤνησεν,
737 1679 860 1732 οῦτε
892 1680 1278 1735 δυσπαθοῦντα
1310 1682 1681 1750 παρέόλαψεν.
1732 1683 1871 1744 Τοὺς
1910 1679 2056 1735 ὀκτὼ

466 1764 558 1816 οὖν
588 1764 764 1833 μῆνας
795 1766 1040 1827 ἐκείνους
1075 1766 1267 1835 δίφρος
1323 1766 1473 1835 αὑτῷ
1520 1768 1859 1829 πλατύτατος
1894 1766 2054 1834 γέγοο

467 1863 577 1913 νεν,
608 1848 667 1901 ἐν
698 1839 743 1914 ᾧ
769 1847 1132 1911 ἀδιαλείπτως
1188 1848 1503 1912 ἐκαθέζετο,
1535 1850 1733 1919 μηκέτι
1787 1852 1848 1903 ἐν
1901 1850 2055 1921 κλίνῃ

2160 680 2255 732 ἐπὶ
2300 680 2392 733 τὸν
2421 684 2631 751 μονήρη
2662 680 2775 751 βίον
2829 680 3096 750 ιλθωμεν,
3135 682 3222 735 ῖνα
3248 683 3340 735 καὶ
3394 683 3463 737 τὰ
3510 684 3610 738 τοῦ
3641 704 3752 740 πα..

2162 763 2291 831 τρδς
2345 766 2506 833 ἡμῶν
2538 764 2919 835 κερδήσωμεν,
2976 765 3073 816 καὶ
3125 763 3222 826 τὰς
3258 764 3436 833 ψυχὰς
3476 766 3639 835 ἡμῶν
3676 770 3753 841 μὴ

2159 844 2535 919 ἀπολέσωμεν.
2589 849 2825 920 Ἥρεσεν
2861 843 2955 901 οὖν
2986 848 3318 918 ἀμφοτέροις
3344 849 3372 900 ὸ
3407 850 3614 912 σκοπὸς
3657 852 3751 906 τοῦ

2171 932 2306 999 μονὴ
2318 948 2440 999 ρους
2480 932 2618 1001 βίου.
2647 930 2970 1000 Εὑρέθησαν
3007 926 3099 983 οῦν
3127 930 3286 993 ἄλλος
3315 931 3435 984 κατ’
3466 932 3599 986 ἄλλο
3628 934 3751 987 δια-

2161 1012 2489 1079 φωνοῦντες.
2544 1014 2920 1084 Μερισάμενοι
2963 1014 3021 1066 δὲ
3068 1015 3137 1067 τά
3197 1017 3477 1085 χρήματα,
3530 1017 3631 1068 καὶ
3682 1019 3753 1071 τὰ

2158 1093 2322 1149 λοιπά
2356 1098 2558 1163 πάντα,
2590 1096 2686 1150 τοῦ
2735 1097 2834 1166 μὲν
2867 1098 3073 1150 σκοποῦ
3109 1100 3319 1166 εἴχοντο
3364 1098 3598 1161 ἕκαστος
3654 1101 3749 1154 τοῦ

2158 1178 2359 1249 ἀρέσαι
2390 1180 2531 1251 Θεῷ,
2569 1179 2954 1252 ἐνηλλαγμένῃ
2996 1180 3053 1233 δὲ
3097 1183 3164 1250 τῇ
3216 1180 3487 1250 πολιτείᾳ.
3554 1182 3617 1235 Ὀ
3652 1184 3752 1252 μὲν

2160 1264 2268 1332 γάρ
2309 1264 2491 1317 πάντα
2531 1263 2934 1334 διασκορπίσας
2980 1263 3181 1316 ἔδωκεν
3223 1264 3606 1334 ἀσκητηρίοις,
3659 1268 3751 1318 καὶ

2159 1346 2498 1416 ἐκκλησίαις,
2530 1348 2627 1399 καὶ
2674 1347 2987 1413 φυλακαῖς·
3039 1346 3134 1399 καὶ
3181 1347 3484 1416 τεχνίὸριον
3542 1347 3750 1416 ἔμαθεν

2158 1429 2279 1482 ὅθεν
2308 1430 2399 1483 τὸν
2422 1431 2587 1501 ἄρτον
2613 1431 2933 1501 πορίσηται,
2950 1430 3045 1483 καὶ
3060 1432 3127 1499 τῇ
3149 1429 3384 1499 ἀσκήσει
3414 1431 3746 1501 προσέσχεν,

2160 1513 2253 1565 καὶ
2296 1516 2362 1583 τῇ
2410 1515 2709 1583 προσευχῇ.
2754 1513 2813 1566 Ὀ
2860 1513 2916 1566 δὲ
2959 1514 3143 1581 ἕτερος
3185 1511 3377 1565 τούτου
3415 1512 3587 1583 μηδὲν
3630 1514 3746 1566 δια-

2162 1597 2486 1666 σκορπίσας,
2529 1596 2667 1649 ἀλλά
2723 1597 2959 1666 ποιήσας
2992 1595 3170 1663 ἐαυτῷ
3218 1596 3606 1665 μοναστὴριον,
3657 1597 3746 1650 καὶ

2160 1680 2607 1752 προσλαϐόμενος
2639 1679 2902 1747 ἀδελφοὺς
2926 1679 3139 1746 ὀλίγους
3162 1718 3178 1743 ,
3224 1678 3403 1733 πάντα
3457 1679 3614 1744 ξένον
3637 1681 3747 1732 ἐδε-

2160 1763 2359 1828 ξιοῦτο,
2387 1767 2566 1818 πάντα
2594 1765 2875 1837 ἄρρωστον
2908 1762 3266 1833 ἐθεράπευεν,
3309 1764 3488 1817 πάντα
3518 1764 3746 1831 γέροντα

2161 1848 2533 1917 περιεκράτει,
2574 1847 2739 1899 παντὶ
2767 1846 2960 1917 πένητι
2992 1848 3257 1915 παρεῖχεν
3289 1846 3428 1898 κατά
3467 1844 3745 1898 Σάϐϐατόν

466 1932 761 1983 ἀναπεσεῖν
809 1930 1142 1999 δυνάμενος,
1200 1930 1289 1984 διά
1327 1932 1427 1995 τάς
1471 1933 1666 1995 λοιπάς
1723 1934 1913 2003 χρείας
1960 1934 2054 1986 τοῦ
2088 1944 2130 1998 Β
2158 1930 2250 1982 καὶ
2284 1930 2569 2000 Ιίυριακὴν
2621 1932 2770 2000 τρεῖς
2828 1930 2861 2001 ἡ
2932 1929 3204 1998 τέσσαρας
3250 1928 3531 1999 τραπέζας
3564 1928 3741 1981 ἱστῶν*

467 2012 741 2082 σώματος.
780 2011 891 2063 Καὶ
930 2014 989 2063 ἐν
1013 2012 1189 2084 τούτῳ
1219 2012 1294 2065 ὢν
1326 2014 1402 2085 τῷ
1427 2015 1632 2086 ἀνιάτῳ
1664 2015 1829 2070 πάθει
1860 2015 2055 2079 ἄλλους

471 2098 589 2148 ίᾶτο
604 2096 729 2155 τοὺς
764 2096 823 2145 ἐν
846 2095 1187 2167 οίοισδὴποτε
1212 2093 1305 2151 οῦν
1330 2100 1455 2167 νοσὴ
1468 2116 1601 2166 μασι
1625 2101 2052 2170 κατεχομένους.

480 2179 807 2245 Ἀναγκαῖον
846 2178 1035 2233 τοίνυν
1090 2180 1389 2251 ἡγησάμην
1427 2182 1806 2252 ἐξηγήσασθαι
1860 2184 2052 2237 τούτου

465 2260 559 2313 τοῦ
620 2260 779 2327 ἁγίου
808 2260 869 2313 τὸ
926 2260 1118 2326 πάθος,
1155 2262 1241 2317 ἴνα
1297 2263 1372 2333 μὴ
1435 2264 1778 2331 ξενιζὼμεθα
1820 2266 1949 2319 ὅταν
2000 2284 2052 2320 τι

468 2344 855 2410 περιστατικδν
889 2342 1121 2408 δικαίοις
1161 2346 1388 2416 ἀνδράσι
1444 2349 1737 2421 συμϐαίνῃ.
1787 2350 2055 2421 Τελευτή·

469 2446 661 2490 σαντος
698 2428 754 2480 δὲ
779 2428 874 2481 τοῦ
897 2430 1149 2496 γενναίου
1185 2431 1417 2494 ἐκείνου,
1469 2433 1538 2485 τά
1577 2432 1705 2501 φλία
1751 2434 1849 2504 τῆς
1882 2434 2053 2506 θύρας

467 2510 683 2581 ἐπήρθη
709 2512 802 2564 καί
848 2513 905 2564 αἱ
964 2513 1333 2583 παραστάδες,
1396 2515 1483 2568 ἵνα
1526 2514 1727 2586 δυνηθῇ
1788 2518 1849 2569 τὸ
1893 2517 2054 2587 σῶμα

465 2593 813 2664 ἐξενεχθῆναι
843 2596 943 2664 τῆς
984 2596 1202 2665 κέλλης.
1240 2597 1509 2661 Τοσοῦτος
1566 2594 1635 2668 ἦν
1680 2603 1708 2653 ό
1745 2601 1908 2669 ὄγκος
1957 2601 2054 2655 τοῦ

468 2680 716 2746 σώματος
765 2678 858 2731 τοῦ
908 2680 1181 2749 μακαρίου
1229 2680 1322 2733 καὶ
1373 2682 1620 2752 ἀοιδίμου
1664 2686 1906 2756 Πατέρος
1955 2686 2054 2739 Βε-

464 2762 705 2829 νιαμείν.

1059 2852 1316 2909 ΚΕΦΑΛ.
1352 2851 1443 2905 1Δ’.

951 2957 1085 3023 Περὶ
1133 2956 1572 3013 Ἀπολλωνίου.

551 3061 906 3125 Ἀπολλώνιός
934 3079 1016 3123 τις
1039 3060 1267 3128 όνόματι
1291 3062 1401 3113 ἀπὸ
1434 3062 1891 3129 πραγματευτῶν,
1915 3063 2054 3116 ἀπο-

466 3159 768 3229 ταξάμενος
798 3159 890 3210 καὶ
922 3157 1153 3225 οίκὴσας
1186 3156 1250 3208 τὸ
1291 3156 1415 3225 δρος
1466 3158 1562 3226 τῆς
1612 3157 1863 3225 Νιτρίας,
1916 3162 2052 3230 μήτε

465 3244 662 3311 τέχνην
695 3241 755 3293 τὸ
788 3240 975 3295 λοιπδη
1010 3240 1201 3308 μαθεῖν
1223 3240 1545 3307 δυνάμενος,
1585 3242 1720 3308 μήτε
1754 3242 1823 3293 ἐπ

467 3345 551 3385 σιν
629 3325 933 3395 γραφικὴν,
999 3322 1076 3391 τῷ
1138 3323 1589 3393 παραϐεὸηκέναι
1657 3327 1755 3395 τὴν
1814 3326 2050 3395 ἡλικίαν,

465 3409 637 3477 ζήσας
688 3408 747 3461 ἐν
803 3406 882 3476 τῷ
928 3405 1044 3476 ὄρει
1098 3404 1270 3458 εἴκοσι
1298 3406 1414 3475 ἐτη,
1473 3407 1678 3476 ταύτην
1742 3409 1900 3479 ἔσχεν
1955 3409 2055 3480 τὴν

463 3494 721 3562 άσκησιν.
768 3492 862 3544 Ἐκ
895 3491 1005 3544 τῶν
1052 3490 1200 3544 ἰδίων
1232 3494 1533 3562 χρημάτων
1566 3495 1660 3547 καὶ
1689 3493 1799 3545 τῶν
1835 3495 2053 3548 οἰκείων

464 3578 641 3629 πόνων
676 3577 904 3629 παντοῖα
934 3575 1155 3643 ἰατρικά
1190 3576 1284 3628 καὶ
1324 3575 1625 3648 κελλαρικά
1675 3578 1963 3648 ἀγοράζων
1996 3581 2053 3631 ἐν

462 3662 528 3730 τῇ
570 3657 969 3730 Ἀλεξανδρείᾳ,
1003 3660 1152 3731 πάσῃ
1182 3662 1247 3730 τῇ
1278 3660 1597 3731 ἀδελφότητι
1626 3664 1706 3725 εἰς
1742 3666 1841 3726 τὰς
1864 3663 2053 3728 νόσους

464 3744 717 3812 ἐπήρκει.
782 3743 893 3796 Καὶ
949 3738 1018 3813 ἦν
1054 3743 1182 3796 ἰδεῖν
1232 3744 1395 3797 αὑτὸν
1443 3745 1662 3815 ὄρθριον
1718 3748 1883 3817 μέχρι
1953 3749 2051 3816 τῆς

463 3826 693 3897 ἐννάτης
765 3825 913 3898 ὧρας
988 3827 1322 3880 κυκλεύοντα
1398 3830 1467 3882 τά
1551 3832 1887 3901 ἀσκητὴρια,
1958 3836 2055 3887 καὶ

466 3912 830 3979 μοναστὴρια,
860 3912 954 3963 καὶ
983 3912 1164 3975 πάσας
1201 3912 1407 3982 σκηνάς
1456 3913 1555 3975 τὰς
1605 3916 1743 3979 ἐκεῖ,
1777 3916 1921 3969 κατά
1962 3916 2056 3968 θύ-

466 4008 561 4064 ραν
590 3993 974 4063 εἰσερχόμενον
1003 3995 1097 4048 καὶ
1147 3996 1575 4063 ἐπισκοποῦντα,
1611 4000 1685 4068 μή
1721 4016 1806 4062 τις
1831 4002 2055 4053 ἀνάκει-

462 4093 572 4129 ται.
632 4076 964 4140 Ἐΰάσταζεν
1017 4079 1072 4130 δὲ
1122 4080 1404 4147 σταφίδας,
1450 4082 1600 4150 ῥοὰς,
1632 4082 1737 4143 ὠά,
1795 4083 2050 4149 σιλίγνια,

463 4154 538 4212 ὢν
608 4160 914 4215 ἐπιδέονται
976 4163 1025 4214 οἱ
1079 4165 1543 4233 ἀρρωστοῦντες,
1609 4166 1815 4236 ταύτην
1874 4167 2054 4236 ἐαυτῷ

462 4243 846 4299 λυσιτελοῦσαν
870 4245 1046 4317 εὑρὼν
1094 4248 1373 4301 πολιτείαν
1395 4251 1472 4310 εἰς
1493 4251 1553 4301 τὸ
1584 4251 1765 4320 γῆρας
1796 4250 1889 4303 τοῦ
1918 4254 2053 4322 Χρι-

464 4331 591 4380 στοῦ
624 4329 807 4392 δοῦλος
830 4348 842 4361 ·
884 4333 1031 4395 ὅστις
1060 4334 1320 4403 τελευτᾷν
1371 4334 1599 4401 μέλλων,
1650 4336 1823 4406 ὁμοίῳ
1853 4337 2050 4390 ἐαυτοῦ

462 4411 870 4482 καταλιμπάνει
926 4416 994 4468 τά
1058 4418 1352 4487 γρυτάρια,
1424 4420 1812 4487 παρακαλέσας
1887 4422 2051 4475 αὑτὸν

462 4497 668 4566 ταύτην
692 4499 933 4550 ἐκτελεῖν
953 4501 1052 4570 τὴν
1084 4500 1381 4555 διακονίαν.
1417 4504 1886 4574 Πεντακισχιλίων
1942 4510 2050 4579 γάρ

461 4580 755 4633 οἰκούντων
836 4584 1178 4652 μοναζόντων
1245 4586 1306 4637 τὸ
1366 4586 1507 4655 ’ὅρος
1587 4588 1802 4651 ἐκεῖνο,
1890 4591 2050 4659 χρεία

462 4663 558 4719 κιὶ
587 4664 685 4733 τῆς
716 4666 976 4737 τοιαύτης
1007 4668 1376 4737 ἐπισκέψεως,
1440 4669 1527 4722 διά
1568 4670 1630 4723 τὸ
1656 4670 1863 4747 ἔρημον
1908 4670 2046 4727 εἶναι

462 4765 487 4800 τ
502 4747 554 4803 ὃν
582 4749 769 4805 τόπον.

962 4837 1213 4891 ΚΕΦΑΛ.
1262 4839 1362 4903 ιε’,
1417 4838 1532 4906 1-5,".

807 4934 945 5002 Περὶ
977 4937 1251 5002 Παησιόυ
1300 4937 1396 4990 καί
1449 4936 1709 4991 Ἡσαΐου.

532 5035 759 5107 Ἔτερός
794 5055 877 5101 τις
916 5041 1156 5110 Παήσιος
1188 5041 1280 5095 καὶ
1318 5042 1549 5103 Ἡσαΐας
1601 5040 1743 5094 οὕτω
1774 5040 2043 5111 καλούμε-

458 5136 541 5173 ναι
560 5118 781 5190 ἀδελφοὶ
811 5122 1056 5195 ὑπῆρχον
1112 5124 1314 5195 πατρὸς
1360 5126 1605 5193 ἐμπόρου
1636 5125 2042 5195 Σπανοδρόμου.

460 5202 671 5279 υἵτινες
699 5204 793 5256 τοῦ
836 5206 1043 5273 πατρὸς
1064 5206 1245 5259 αὐτῶν
1272 5208 1700 5279 τελευτήσαντος
1719 5209 2045 5277 ἐμερίσαντο

457 5288 527 5338 τά
556 5286 873 5356 ὑπάρχοντα
900 5290 956 5339 ἐν
993 5293 1252 5358 κινητοῖς,
1284 5290 1320 5352 ἀ
1352 5291 1507 5361 ἔσχον
1539 5294 1595 5344 ὲν
1623 5293 1721 5360 μέν
1746 5293 2046 5360 νομίσμασι

458 5372 946 5441 πεντακισχιλίοις,
988 5374 1046 5426 ἐν
1077 5376 1313 5443 ἱματίοις
1360 5377 1416 5428 δέ
1451 5376 1548 5428 καὶ
1590 5379 1829 5440 οἰκέταις
1870 5377 1937 5430 τά
1960 5378 2047 5429 εύ-

460 5456 706 5528 ρεθέντα.
727 5451 886 5510 Οὗτοι
921 5457 1037 5527 μετ’
1063 5458 1308 5528 ἀλλήλων
1340 5460 1666 5527 ἐσκέψαντο,
1690 5464 1785 5513 καὶ
1816 5460 2047 5531 συμϐου-

457 5539 708 5603 λεύοντες
746 5541 959 5602 ἐαυτοίς
996 5542 1184 5608 ἔλεγον
1216 5542 1353 5613 πρὸς
1384 5543 1669 5612 ἀλλήλους’
1714 5545 1837 5597 Ἐπὶ
1884 5544 2045 5598 ποίαν

462 5623 687 5689 μέθοδον
716 5624 963 5696 ἔλθωμεν
1016 5625 1155 5695 βίου,
1219 5628 1449 5696 ἀδελφέ;
1503 5628 1597 5681 ἐὰν
1654 5628 1898 5699 ἔλθωμεν
1950 5630 2045 5681 ἐπὶ

455 5708 555 5771 τὴν
612 5707 904 5777 ἐμπορίαν,
964 5711 1032 5781 ἦν
1083 5712 1347 5781 μετῆλθεν
1402 5714 1429 5765 ό
1480 5712 1662 5781 πατὴρ
1720 5713 1895 5781 ἡμῶν,
1952 5715 2045 5766 καί

461 5790 624 5852 ἡμεῖς
710 5791 917 5858 ἐτέροις
978 5794 1174 5862 ἔχομεν
1243 5796 1569 5863 καταλεῖψαι
1650 5798 1774 5859 τοὺς
1848 5798 2043 5861 πόνους

458 5867 635 5941 ἡμῶν.
676 5870 831 5933 Ἴσως
859 5874 911 5925 δέ
937 5877 1031 5927 καὶ
1057 5878 1321 5940 κινδύνοις
1355 5878 1801 5949 περιπεσούμεοα
1824 5882 2042 5944 πάντως

2158 2016 2280 2078 τοῦς
2311 2015 2665 2083 λειπομένους
2711 2012 3002 2079 ἐδεξιοῦτο.
3063 2011 3253 2083 Τούτῳ
3303 2011 3381 2081 τῷ
3426 2014 3617 2083 τρόπῳ
3656 2012 3741 2065 τὸν

2159 2098 2353 2150 ἐαυτοῦ
2401 2098 2515 2167 βίον
2567 2097 2977 2167 κατηνάλωσεν.
3021 2094 3242 2149 Τούτων
3275 2091 3368 2149 οὖν
3418 2096 3740 2165 ἀμφοτέρων

2157 2182 2599 2253 τελευτησάντων
2621 2221 2636 2246 ,
2671 2181 2921 2250 διάφοροι
2954 2179 3301 2251 μακαρισμοὶ
3325 2179 3607 2247 ἑκατέρων
3635 2179 3741 2245 575'-

2158 2282 2311 2319 νοντο
2342 2264 2492 2335 παρὰ
2524 2264 2633 2316 τῶν
2686 2261 2955 2331 άδελφῶν,
3017 2262 3092 2321 ὡς
3149 2262 3476 2331 ἀμφοτέρων
3522 2261 3738 2317 τελείων

2158 2351 2217 2401 ἐν
2248 2350 2416 2420 ἀρετῇ
2464 2346 2818 2419 εὑρεθέντων.
2874 2345 2985 2398 Καὶ
3029 2347 3139 2408 τοῖς
3177 2344 3277 2413 μὲν
3321 2346 3559 2413 ἤρεσκεν
3596 2346 3625 2397 ό
3652 2344 3734 2397 τοῦ

2157 2432 2305 2500 ἅπαξ
2339 2432 2756 2501 ἀποταξαμένου
2796 2431 2931 2500 βίος,
2968 2432 3081 2491 τοῖς
3118 2429 3174 2481 δὲ
3204 2430 3233 2480 ό
3268 2432 3589 2493 κοινωνικὸς
3609 2429 3733 2501 πρὸς

2159 2517 2368 2579 πάντας
2396 2520 2524 2579 τοὺς
2552 2517 2862 2585 δεομένους.
2890 2513 3228 2575 Φιλσνεικίας
3270 2508 3363 2566 οῦν
3393 2514 3731 2583 ἐμπεσούσης

2158 2602 2252 2653 ἐπὶ
2273 2604 2339 2671 τῇ
2363 2600 2608 2670 διαφόρῳ
2648 2599 2897 2668 πολιτείᾳ
2930 2596 3137 2649 τούτων
3180 2596 3291 2648 τῶν
3341 2596 3633 2667 μακαρίων
3669 2598 3727 2669 τῇ

2160 2684 2505 2754 ἀδελφότητι,
2575 2683 2813 2751 μάλιστα
2849 2681 2947 2733 ἐπὶ
3000 2684 3114 2743 τοῖς
3152 2679 3433 2750 διαφόροις
3481 2679 3724 2744 ἐπαίνοις,

2160 2768 2496 2839 ἀπέρχονται
2527 2766 2667 2839 πρὸς
2710 2764 2803 2817 τὸν
2841 2762 3115 2835 μακάριον
3162 2763 3256 2816 καὶ
3309 2763 3465 2830 ἀγιον
3509 2758 3720 2831 Παμὸὼ,

2161 2851 2256 2904 καὶ
2308 2850 2655 2905 ἀνατίθενται
2699 2849 2851 2919 αὑτῴ
2890 2850 2989 2918 τὴν
3034 2850 3162 2919 περὶ
3210 2848 3414 2902 τούτων
3440 2848 3718 2918 ἐπίκρισιν,

2161 2934 2440 3002 ἀξιοῦντες
2480 2934 2672 3004 μαθεῖν
2708 2934 2833 3003 παρ’
2864 2932 3032 2987 αὑτοῦ
3072 2934 3170 3004 τὴν
3209 2936 3419 3003 ἀμείνω
3441 2934 3713 2986 πολιτείαν.

2173 3022 2231 3075 '0
2263 3022 2317 3073 δέ
2346 3021 2496 3087 λέγει
2518 3020 2724 3082 αὐτοῖς·
2767 3020 3090 3090 Ἀμφότεροι
3122 3017 3318 3072 τέλειοί
3356 3021 3465 3071 είσι
3489 3021 3616 3089 πρὸς
3641 3015 3714 3069 τὸν

2161 3107 2385 3175 Κύριον.
2448 3107 2504 3158 '0
2550 3106 2647 3175 μὲν
2678 3106 2787 3176 γάρ
2839 3106 3194 3179 Ἀῦρὰμιαῖον
3248 3104 3555 3168 ἐξετέλεσεν
3579 3103 3713 3171 ἔργον

2159 3190 2497 3257 δεξιούμενος
2523 3190 2752 3250 πάντας
2797 3192 2824 3242 ὁ
2860 3189 2914 3243 δὲ
2943 3188 3037 3241 τοῦ
3077 3190 3359 3259 προφήτου
3406 3184 3707 3240 Ἦλίουτὺάε

1825 3241 2051 3345 iacit“-
2085 3280 2127 3337 C
2162 3241 2381 3342 xa'png;
2410 3241 2505 3326 τοῦ
2529 3274 2694 3345 ζήλου
2712 3241 2809 3341 τῆς
2830 3272 2965 3341 πρὸς
2978 3241 3535 3344 Θεὸνεύάρεστήσεως
3559 3266 3701 3321 ἐνεδέ-

2161 3357 2309 3421 ξατο.
2337 3357 2445 3410 Καὶ
2468 3357 2576 3410 τῶν
2620 3357 2717 3425 μὲν
2752 3354 3041 3422 λεγόντων,
3075 3354 3196 3405 Τῶν
3226 3354 3402 3405 ποδῶν
3442 3370 3531 3405 σου
3563 3349 3695 3404 ἁπτότ

2162 3439 2334 3510 μεθα,
2353 3439 2471 3502 πῶς
2496 3439 2724 3492 δυνατὸν
2752 3433 2892 3490 εἶναι
2914 3436 3139 3499 τούτους
3161 3438 3331 3499 ἴσους,
3352 3434 3689 3505 προτιμώντων

2156 3524 2320 3577 τινῶν
2350 3525 2441 3577 τὸν
2470 3523 2736 3594 ἀσκητὴν,
2760 3523 2853 3576 καὶ
2874 3522 3163 3590 λεγόντων,
3191 3522 3269 3574 ὅτι
3300 3515 3459 3582 Οὗτος
3476 3514 3676 3579 905661-

2156 3609 2374 3675 γελικὸν
2408 3608 2774 3677 πεπλήρωκεν
2808 3607 3161 3674 πρόσταγμα,
3198 3606 3265 3658 τὰ
3316 3607 3474 3659 πάντα
3523 3595 3668 3688 ταολὴ-

2159 3707 2279 3757 σας,
2311 3693 2403 3743 καὶ
2447 3688 2787 3752 διαδεδωκὼς
2841 3690 3099 3757 πτωχοῖς,
3163 3690 3259 3741 καὶ
3320 3694 3666 3757 προσκαρτερων

2157 3780 2277 3840 ταῖς
2305 3779 2515 3849 εὐχαῖς,
2544 3776 2689 3830 κατά
2716 3778 2894 3828 πᾶσαν
2920 3774 3133 3843 ἡμέραν
3162 3774 3255 3825 καὶ
3280 3771 3430 3841 ῶραν
3457 3770 3539 3823 καὶ
3556 3768 3678 3820 νύκτα

2156 3865 2247 3912 τον
2288 3861 2520 3931 σταυρὸν
2548 3860 2855 3930 βαστάζων,
2890 3859 2985 3910 καὶ
3018 3855 3330 3912 ἀκολουθῶν
3380 3854 3455 3923 τῷ
3501 3849 3688 3917 Σωτῆρι,

2156 3944 2265 3999 τῶν
2303 3943 2357 3996 δὲ
2392 3945 2519 4012 περὶ
2551 3942 2645 3996 τοῦ
2669 3945 2857 4013 ἐτέρου
2898 3938 3497 4009 ὰντιφιλονεικούντων,
3521 3934 3695 3991 eum

2155 4022 2330 4089 οὗτος,
2364 4026 2603 4097 δεόμεθά
2633 4044 2751 4091 σου,
2775 4024 3017 4078 τοσαῦτα
3049 4024 3141 4077 καὶ
3175 4022 3399 4085 τοιαῦτα
3459 4020 3698 4086 σπλάγχνα

2157 4110 2476 4175 ἐπεδείξατο
2512 4112 2594 4175 είς
2622 4112 2836 4172 πάντας
2880 4110 3009 4171 τοὺς
3053 4107 3361 4177 δεομένους,
3412 4105 3487 4169 ὡς
3519 4104 3599 4157 καὶ
3638 4100 3701 4159 εἰς

2156 4196 2327 4261 αὑτάς
2386 4197 2487 4258 τὰς
2522 4196 2833 4265 λεωφόρους
2880 4192 3237 4263 ἐξερχόμενον
3294 4189 3583 4259 καθῆσθαι,
3631 4183 3705 4236 καὶ

2162 4280 2291 4343 τοὺς
2327 4279 2681 4349 θλιϐομένους
2736 4278 2992 4345 συνάγειν
3040 4276 3135 4329 καὶ
3184 4275 3479 4343 ἐπαρκεῖν·
3541 4270 3621 4324 καὶ
3659 4265 3707 4318 οὑ

2161 4368 2323 4434 μόνον
2364 4367 2463 4434 τὴν
2507 4366 2642 4418 ἰδίαν
2674 4364 2854 4435 ψυχὴν
2888 4364 3183 4423 ἀνέπαυεν,
3236 4360 3371 4412 ἀλλά
3431 4358 3529 4412 καὶ
3564 4353 3709 4409 ἄλλων

2162 4451 2393 4512 πολλῶν.
2426 4452 2761 4519 νοσοκομῶν,
2793 4449 2888 4501 καὶ
2917 4445 3227 4511 ἐπικουρῶν
3257 4460 3268 4473 ·
3304 4444 3450 4511 λέγει
3496 4442 3658 4500 αὐτοῖς
3689 4436 3711 4498 ὁ

2164 4537 2437 4605 μακάριος
2479 4534 2711 4605 Παμΰώ·
2742 4532 2911 4585 Πάλιν
2948 4532 3076 4600 ὑμῖν
3107 4528 3247 4599 ἐρῶ·
3280 4525 3575 4597 ἀμφότεροί
3600 4524 3711 4575 εἰσιν

2083 4634 2126 4691 ι)
2160 4621 2262 4673 ίσοι
2317 4619 2451 4689 πρὸς
2500 4618 2593 4672 τὸν
2624 4618 2851 4688 Κύριον
2899 4616 3131 4668 ἕκαστον
3174 4612 3232 4664 δὲ
3273 4611 3426 4681 ὑμῶν
3472 4611 3712 4691 πληροφ-

2160 4705 2309 4774 ρήσω
2340 4704 2468 4773 περὶ
2494 4703 2696 4757 αὐτῶν.
2731 4697 2896 4763 Οὗτος
2931 4702 2979 4752 εί
3019 4699 3094 4768 μὴ
3124 4699 3282 4769 ἡσκει
3310 4696 3545 4766 τοσαύτῃ
3567 4690 3711 4761 ἀκρό·

2155 4806 2299 4859 τητι,
2334 4789 2436 4843 οὐκ
2504 4787 2570 4841 ἂν
2602 4787 2821 4854 ἐγένετο
2872 4785 3021 4849 ἄξιος
3053 4786 3117 4853 τῇ
3151 4780 3245 4834 τοῦ
3276 4780 3531 4850 Σωτῆρος
3576 4774 3711 4859 ἡμῶν

2154 4858 2451 4943 ἀγαθότητι
2510 4871 2891 4940 συγκριθῆναι.
2941 4868 3179 4928 Ἐκεῖνος
3233 4864 3393 4918 πάλιν
3444 4858 3711 4916 ἀναπαύων

2154 4957 2279 5018 τοὺς
2316 4956 2523 5020 ξένους,
2560 4955 2651 5006 καὶ
2684 4956 2795 5013 τοῖς
2823 4951 3098 5021 δεομένοις
3116 4947 3405 5011 διακονῶν,
3431 4947 3710 5017 ἰσόρροπος.

2156 5035 2298 5088 κατά
2331 5034 2584 5102 δύναμιν,
2634 5034 2727 5085 τοῦ
2761 5020 2967 5103 Κυρίου
3001 5029 3399 5084 ἀναδέδεικται.
3432 5027 3596 5086 Αὐτὸς
3622 5020 3710 5089 γὰρ

2155 5118 2327 5188 λέγει·
2380 5118 2522 5186 Ἐγὼ
2555 5118 2654 5169 οὐκ
2680 5112 2841 5187 ἦλθον
2872 5114 3281 5184 διακονηθῆναι,
3310 5111 3449 5166 ἀλλά
3490 5105 3707 5193 διακονῇ

2158 5218 2268 5254 σαι.
2304 5202 2562 5263 Διάκονος
2587 5201 2661 5253 ὢν
2696 5201 2792 5253 καὶ
2821 5194 2995 5260 οὗτος,
3022 5200 3070 5250 εἰ
3111 5198 3205 5249 καὶ⁵
3242 5197 3391 5249 δοκεῖ
3436 5196 3497 5247 τὸ
3536 5196 3596 5246 ἐκ
3637 5204 3709 5238 του

2160 5288 2327 5340 κόπου
2350 5286 2494 5356 ἔχειν
2523 5286 2766 5355 φορτίον,
2819 5283 2954 5336 ἀλλά
2987 5283 3077 5335 καὶ
3128 5282 3228 5349 τὴν
3262 5278 3553 5351 παράύτά
3588 5268 3708 5361 εἶχεν

2158 5372 2487 5425 ἀνάπαυσιν.
2534 5368 2856 5437 Ἐκδέξασθε
2885 5368 2938 5420 δὲ
2969 5366 3187 5439 μικρὸν,
3228 5365 3318 5417 ἵνα
3342 5364 3435 5417 καὶ
3458 5362 3599 5433 παρὰ
3632 5372 3707 5439 τον

2154 5457 2291 5517 Θεοῦ
2348 5455 2594 5526 δέξωμαι
2637 5454 2735 5525 τὴν
2787 5454 2915 5524 περὶ
2974 5452 3154 5506 αὐτῶν
3221 5450 3588 5519 ἀποκάλυψιν·
3631 5438 3707 5539 ac?"

2159 5541 2296 5610 μετά
2328 5541 2504 5593 ταῦτα
2554 5539 2798 5599 ἐλθόντες
2860 5533 3196 5605 μαθήσεσθε.
3250 5533 3587 5593 Διαλιπόντες
3632 5533 3706 5576 οὑν

2156 5623 2344 5693 ὀλίγας
2374 5624 2611 5695 ἡμέρας,
2643 5618 2805 5691 ἦλθον
2834 5620 2997 5674 πάλιν
3024 5619 3156 5689 περὶ
3201 5617 3408 5671 τούτων
3445 5616 3534 5670 τὸν
3559 5611 3703 5683 μέγαν

2157 5707 2629 5780 παρακαλοῦντες.
2670 5704 2732 5757 Ὀ
2759 5705 2814 5756 δὲ
2844 5705 3115 5775 μακάριος
3158 5703 3492 5774 ἀπεκρίνατο
3516 5739 3530 5761 ,
3559 5695 3703 5785 λέγων

2156 5796 2358 5860 αὐτοῖς,
2393 5793 2469 5856 ὼς
2515 5792 2639 5844 Ἐπὶ
2679 5791 2813 5843 Θεοῦ
2849 5790 3192 5860 ἀμφοτέρους
3238 5784 3378 5843 εἶδον
3417 5787 3533 5858 ἃμα
3568 5783 3701 5841 ἔστω

2156 5896 2253 5942 τας
2287 5880 2343 5932 ἐν
2372 5876 2448 5946 τῷ
2492 5875 2822 5949 παραδείσιεκ,
2992 5898 2995 5901 <
