4020 6436
341 425 476 481 i037

1597 423 1915 482 HISTORIA
1953 423 2303 482 LAUSIACA.

3430 446 3569 505 1038

328 538 483 608 byter
526 538 723 593 montis
766 538 962 606 Nitrize,
1006 556 1090 595 me
1145 542 1357 609 lnquam
1398 551 1455 597 et
1504 541 1715 598 beatum
1759 544 1890 598 Eva-
1924 540 2149 615 Aergo,
2173 546 2357 614 frater,
2386 548 2548 602 vitam
2579 550 2953 618 aggrediamur
2995 556 3373 619 monasticam,
3413 565 3470 610 ut
3517 564 3578 611 et

328 631 546 701 grium,
617 630 754 686 dicit
825 630 986 686 nobis
1044 646 1059 684 :
1113 633 1327 697 Adeste,
1366 634 1541 689 videte
1584 650 1775 691 novum
1797 635 1897 693 Job

329 719 418 786 qui
446 721 500 773 in
532 726 679 772 tanto
702 720 942 788 corporis
969 721 1155 777 morbo
1181 731 1235 775 et
1263 732 1409 777 tanto
1439 733 1644 779 tumore
1673 726 1899 779 immen-

329 823 444 863 sam
476 810 636 865 habet
662 811 968 877 patientiam
997 826 1114 866 eum
1146 814 1432 882 gratiarum
1462 815 1690 870 actione.
1731 816 1899 870 Acce-

329 899 518 953 dentes
546 913 675 967 ergo
702 899 927 952 vidimus
957 908 1156 955 tantam
1186 904 1379 957 molem
1405 903 1521 973 ejus
1549 904 1808 971 corporis,
1840 912 1900 959 ut

332 1005 551 1058 parvum
581 988 697 1059 ejus
725 990 944 1059 digitum
981 1007 1087 1046 non
1115 1007 1388 1060 possemus
1414 995 1695 1063 complecti
1722 996 1899 1065 digitis

329 1080 550 1133 duarum
576 1094 849 1133 manuum.
885 1080 1016 1134 Cum
1046 1091 1223 1135 autem
1256 1084 1424 1138 morbi
1452 1087 1766 1153 gravitatem
1792 1100 1901 1140 non

329 1184 609 1237 possemus
635 1169 755 1224 flxis
797 1170 967 1225 oculis
997 1172 1206 1235 intueri,
1242 1184 1452 1229 nostros
1480 1178 1660 1231 oculos
1689 1186 1899 1232 averte-

329 1260 536 1315 bamus.
594 1260 745 1317 Tunc
774 1262 902 1316 dicit
988 1265 1143 1320 nobis
1209 1266 1398 1323 beatus
1444 1268 1532 1323 ille
1580 1270 1896 1339 Benjamin:

326 1350 506 1416 Orate,
541 1350 654 1418 filii,
690 1366 756 1405 ne
804 1368 954 1407 meus
999 1353 1238 1410 internus
1270 1358 1428 1411 homo
1457 1358 1526 1413 sit
1554 1357 1897 1431 hydropicus.

326 1439 438 1493 Hoc
464 1439 605 1494 enim
657 1454 850 1507 corpus
877 1458 1050 1511 neque
1072 1461 1191 1499 cum
1234 1446 1369 1502 bene
1414 1462 1473 1503 se
1502 1449 1741 1513 haberet,
1772 1449 1899 1503 mihi

327 1528 616 1597 quidquam
651 1531 866 1599 profuit,
900 1548 1072 1601 neque
1116 1549 1235 1589 cum
1294 1538 1447 1603 male,
1495 1553 1580 1593 me
1606 1539 1760 1594 laesit.
1796 1540 1901 1594 Illis

326 1633 456 1687 ergo
487 1628 609 1674 octo
637 1621 907 1676 mensibus
942 1624 1078 1678 facta
1102 1636 1186 1681 est
1215 1627 1286 1680 illi
1313 1629 1441 1683 sella
1473 1629 1728 1685 latissima
1763 1630 1898 1701 (55),

330 1707 382 1761 in
415 1723 518 1775 qua
564 1710 783 1765 sedebat
811 1713 1044 1781 assidue,
1090 1724 1147 1769 ut
1187 1718 1276 1785 qui
1322 1733 1426 1771 non
1460 1730 1635 1784 posset
1680 1721 1733 1775 in
1761 1722 1900 1777 lecto

326 1798 666 1863 accumbere,
710 1812 927 1870 propter
950 1819 1010 1857 ea
1043 1820 1164 1873 qua:
1191 1817 1313 1861 sunt
1334 1810 1542 1877 corpori
1572 1813 1894 1866 necessaria.

2001 636 2169 703 patris
2196 637 2362 690 nostri
2393 637 2658 691 lucremur
2685 639 2986 706 facultates,
3029 653 3083 696 et
3112 652 3321 698 nostras
3365 644 3578 701 animas

2001 739 2106 780 non
2140 726 2444 793 perdamus.
2476 727 2681 783 Placuit
2714 742 2842 798 ergo
2865 732 3101 801 utrisque
3122 748 3316 802 scopus
3346 733 3467 789 vita:
3485 749 3573 789 so-

2002 815 2212 880 litariaa,
2245 816 2338 871 sed
2370 818 2573 872 inventi
2600 826 2723 873 sunt
2765 819 2901 874 alius
2933 821 2984 874 in
3038 821 3142 875 alio
3187 822 3577 892 discrepantes.

1999 904 2132 960 Cum
2168 905 2345 975 itaque
2384 910 2641 978 pecunias
2670 909 2995 977 divisissent,
3046 919 3103 965 et
3142 912 3344 980 reliqua
3374 915 3574 979 omnia,

2002 993 2145 1047 bunc
2174 995 2387 1063 quidem
2410 996 2509 1050 sibi
2548 1011 2768 1065 scopum
2797 1011 3212 1067 proposuerunt,
3234 1008 3293 1055 ut
3323 1001 3433 1055 Deo
3462 1002 3577 1069 pla-

2002 1094 2206 1147 cerent,
2248 1084 2341 1137 sed
2372 1085 2585 1139 diverso
2614 1086 2736 1141 vitte
2758 1087 3021 1143 instituto.
3053 1088 3203 1144 Unus
3225 1089 3366 1143 enim
3396 1090 3575 1145 omnia

2002 1170 2337 1241 dispergens,
2381 1174 2527 1229 dedit
2550 1178 2908 1246 monasteriis,
2928 1187 2981 1232 et
3028 1179 3295 1244 ccclesiis,
3321 1188 3376 1235 et
3398 1193 3576 1235 custo-

2002 1262 2125 1328 diis,
2157 1272 2211 1318 et
2236 1277 2356 1317 cum
2387 1274 2555 1319 artem
2596 1265 2887 1331 didicisset,
2915 1284 2981 1324 ex
3007 1285 3105 1336 qua
3131 1270 3231 1325 sibi
3261 1285 3451 1337 panem
3482 1285 3576 1339 pa-

2004 1361 2167 1417 raret,
2208 1354 2827 1424 exercitationi'operam
2867 1358 3031 1411 dabat
3054 1369 3107 1412 et
3137 1358 3390 1414 orationi.
3428 1361 3577 1414 Alter

2002 1450 2177 1495 autem
2206 1442 2321 1510 ejus
2340 1444 2472 1497 nihil
2495 1445 2765 1514 dispersit,
2796 1448 2887 1501 sed
2919 1447 3062 1502 facto
3090 1449 3190 1503 sibi
3228 1450 3575 1513 monasterio,

2001 1540 2057 1583 et
2098 1529 2279 1596 paucis
2305 1534 2591 1599 assumptis
2641 1533 2909 1601 fratribus,
2938 1539 3230 1606 quemlibet
3280 1540 3577 1610 excipiebat

2004 1620 2287 1690 hospitem,
2318 1624 2608 1693 quemlibet
2654 1627 2876 1681 curabat
2904 1640 3181 1697 aegrotum,
3223 1632 3466 1701 quemvis
3490 1647 3577 1687 se-

2003 1725 2125 1766 nem
2178 1714 2470 1777 retinebat,
2504 1716 2673 1770 cuivis
2716 1718 2935 1785 pauperi
2977 1718 3179 1785 dabat;
3238 1721 3474 1776 Sabhato
3518 1730 3577 1777 et

2003 1802 2297 1865 Dominica,
2324 1810 2434 1858 tres
2472 1813 2563 1858 aut
2591 1815 2818 1873 quatuor
2841 1823 3054 1863 mensas
3075 1819 3335 1878 statuens,
3362 1827 3458 1868 eos
3480 1814 3576 1882 qui

326 1886 460 1941 Cum
488 1898 667 1943 autem
698 1890 966 1947 laboraret
1012 1895 1111 1950 hoc
1153 1897 1343 1951 morbo
1374 1899 1767 1967 immedicaliili,
1798 1918 1897 1958 me«

2004 1900 2159 1945 erant
2202 1894 2358 1962 egeni
2389 1894 2707 1962 excipiebat.
2742 1896 2854 1951 Hoc
2882 1900 3041 1954 modo
3068 1902 3228 1955 vitam
3267 1917 3418 1957 suam
3447 1917 3576 1958 con-

330 1979 556 2035 debatur
582 1982 699 2037 aliis
729 1985 815 2052 qui
841 1986 1157 2044 tenebantur
1182 1990 1455 2059 quibusvis
1477 1993 1896 2064 a‘gritudinibus;

326 2070 693 2129 Necessarium
720 2077 899 2147 itaque
915 2078 1063 2148 duxi,
1089 2082 1331 2137 morbum
1353 2083 1508 2153 hujus
1536 2088 1703 2140 sancti
1736 2102 1901 2156 expo-

327 2177 476 2228 nere,
506 2180 575 2220 ne
614 2166 766 2220 nobis
796 2168 1030 2222 alienum
1058 2170 1318 2238 videatur,
1367 2174 1412 2229 si
1447 2175 1575 2229 viris
1599 2175 1756 2245 justis
1795 2176 1899 2231 ali-

326 2255 445 2321 quis
479 2269 635 2310 easus
679 2257 908 2310 accidat.
957 2258 1184 2329 Egregio
1230 2276 1356 2329 ergo
1386 2263 1477 2316 illo
1505 2263 1619 2319 viro
1665 2273 1894 2331 mortuo,

326 2344 595 2398 sublatum
623 2355 704 2399 est
744 2346 903 2401 limen
947 2348 1068 2402 ostii
1102 2358 1156 2403 et
1186 2361 1387 2418 postes,
1419 2361 1476 2406 ut
1499 2363 1679 2421 posset
1707 2370 1898 2422 corpus

330 2432 511 2488 efferri
540 2450 603 2489 ex
635 2436 791 2491 cella.
824 2436 993 2491 Tanta
1043 2448 1160 2495 erat
1185 2440 1354 2497 moles
1390 2444 1631 2512 corporis
1676 2445 1814 2499 beati
1848 2456 1900 2499 et

329 2522 512 2594 inclyti
543 2525 707 2593 patris
741 2525 1038 2595 Benjamin.

913 2660 1139 2718 CAPUT
1171 2662 1311 2717 XIV.

334 2766 450 2821 Vita
477 2768 738 2840 Apollonii
760 2772 873 2837 (56)
905 2776 993 2850 qui
1035 2776 1489 2850 cognominabatur
1516 2778 1619 2833 ἀπὸ
1652 2796 1898 2850 πραγμα-

666 2852 873 2899 τιντῶν.
898 2846 950 2896 id
980 2854 1059 2898 est
1085 2863 1116 2899 a
1158 2847 1575 2917 negotiatoribus.

394 2977 620 3045 Quidam
676 2981 988 3049 Apollonius
1031 2985 1247 3040 nomine
1304 2988 1404 3041 ἀπὸ
1469 2996 1898 3062 πραγματευτῶν,

328 3068 381 3122 id
418 3079 520 3134 est,
569 3085 596 3122 a
629 3074 1065 3141 negotiatoribus,
1110 3092 1232 3132 cum
1273 3080 1472 3136 mundo
1522 3082 1898 3147 renuntiasset,

327 3169 382 3219 et
412 3170 644 3215 montem
690 3162 873 3223 Nitriae
914 3166 1238 3233 habitasset,
1270 3179 1322 3223 et
1368 3187 1465 3225 nec
1495 3184 1662 3227 artem
1691 3173 1901 3229 discere

2001 1984 2250 2051 sumpsit.
2294 1985 2568 2041 Ambobus
2604 1996 2779 2042 autem
2810 1993 3055 2056 mortuis,
3088 1993 3314 2048 diversa:
3344 1995 3577 2050 beatitu-

2000 2075 2154 2129 dines
2183 2077 2422 2143 utrisque
2449 2079 2715 2134 dabantur
2742 2096 2772 2135 a
2800 2081 3051 2139 fratribus
3069 2126 3083 2149 ,
3109 2094 3292 2154 utpote
3318 2087 3458 2156 quod
3485 2101 3575 2142 es-

2000 2172 2120 2218 sent
2161 2166 2359 2219 inventi
2391 2169 2546 2220 ambo
2590 2170 2785 2225 virtute
2838 2173 3055 2240 perfecti
3096 2183 3194 2229 :et
3221 2175 3339 2229 aliis
3360 2176 3572 2245 quidem

2001 2255 2247 2323 placebat
2275 2257 2383 2311 vita
2409 2260 2544 2327 ejus,
2577 2260 2666 2327 qui
2706 2263 3138 2328 renuntiaverat;
3184 2265 3303 2319 aliis
3343 2282 3468 2320 vero
3511 2282 3575 2318 ea

2001 2359 2119 2412 quae
2161 2348 2588 2400 communicabat
2634 2350 2881 2405 omnibus
2930 2353 3228 2419 egentibus.
3280 2353 3412 2407 Cum
3445 2369 3574 2423 ergo

2001 2433 2141 2487 inter
2200 2432 2391 2488 fratres
2457 2436 2730 2491 incidisset
2778 2441 3072 2505 contentio,
3120 2449 3345 2509 propter
3386 2441 3573 2495 horum

2000 2523 2276 2577 beatorum
2319 2524 2588 2580 diversum
2654 2526 2777 2581 vim
2844 2529 3142 2585 institutum
3173 2572 3187 2594 ,
3239 2541 3290 2584 et
3342 2532 3575 2586 maxime

2002 2626 2221 2685 promer
2243 2616 2432 2673 laudes
2472 2618 2733 2685 diversas,
2767 2621 2970 2677 vadunt
3002 2622 3067 2677 ad
3104 2623 3317 2678 beatum
3350 2620 3573 2688 Pambo,

2001 2716 2056 2761 et
2106 2707 2171 2759 ad
2220 2722 2340 2760 eum
2384 2708 2655 2772 referunt,
2724 2719 2780 2763 ut
2830 2709 2897 2764 de
2939 2710 3037 2765 hac
3092 2726 3151 2765 re
3214 2712 3573 2780 respondeat,

2002 2798 2239 2853 volentes
2270 2798 2407 2853 scire
2437 2808 2676 2853 utranam
2718 2802 2787 2855 sit
2832 2800 3023 2857 melior
3062 2802 3183 2856 vitae
3215 2804 3369 2856 ratio.
3402 2802 3449 2856 is
3479 2817 3576 2855 au-

2004 2898 2110 2943 tem
2145 2887 2222 2943 eis
2247 2888 2377 2943 dicit
2402 2906 2414 2941 :
2451 2888 2673 2957 Utrique
2697 2901 2824 2945 sunt
2851 2891 3069 2959 perfecti
3099 2892 3236 2958 apud
3275 2892 3461 2945 Deum.
3487 2890 3576 2945 Al~

2003 2987 2085 3035 ter
2106 2980 2319 3050 quidem
2367 2980 2579 3036 functus
2610 2990 2693 3037 est
2717 2998 2935 3038 munere
2982 2984 3230 3048 Abrahae,
3276 2985 3363 3053 qui
3391 2997 3583 3037 omnes

2003 3070 2341 3139 excipiebat;
2368 3071 2504 3126 alter
2544 3087 2670 3126 vero
2700 3075 2937 3142 suscepit
2981 3072 3341 3128 firmissimum
3372 3082 3427 3129 et
3453 3087 3579 3130 com

2004 3159 2393 3215 stantissimum
2419 3162 2589 3215 zelum
2623 3162 2751 3216 Elite
2782 3166 3075 3231 prophetae,
3104 3171 3162 3217 ut
3194 3164 3302 3218 Deo
3324 3165 3578 3233 placeret.

328 3261 528 3317 posset,
561 3268 659 3307 nec
681 3253 904 3322 litteras,
937 3258 1075 3325 quod
1106 3268 1260 3314 aetate
1289 3271 1432 3317 esset
1474 3274 1776 3332 provectus,
1825 3268 1901 3322 vi-
1928 3257 1976 3321 C
2010 3251 2072 3306 Ει
2098 3265 2216 3305 cum
2248 3251 2337 3306 alii
2369 3252 2582 3320 quidem
2613 3255 2661 3308 θί
2692 3254 2934 3309 dicerem
2965 3272 2976 3305 ε
3010 3255 3286 3321 Ουοῐηοάο
3318 3254 3432 3310 “Eli
3482 3271 3575 3322 βο·

324 3342 454 3409 ginti
484 3340 636 3395 annis
667 3342 857 3411 quibus
888 3344 1018 3399 vixit
1057 3346 1108 3403 in
1140 3357 1340 3415 monte,
1374 3351 1510 3406 hanc
1538 3352 1721 3407 habuit
1743 3370 1900 3410 exer—

326 3431 654 3486 citationem.
685 3433 807 3487 Suis
858 3438 1098 3504 pecuniis
1136 3451 1190 3493 et
1236 3442 1347 3497 suis
1391 3442 1662 3499 laboribus
1714 3462 1900 3503 emens

328 3522 660 3576 Alexandria:
692 3538 814 3577 vasa
847 3525 1048 3579 medica
1079 3542 1237 3583 omne
1261 3545 1429 3597 genus
1473 3533 1610 3602 (57),
1636 3536 1901 3590 universae

326 3610 644 3666 fraternitati
698 3628 761 3667 ea
814 3614 1185 3682 suppeditabat
1234 3619 1298 3671 ad
1330 3621 1546 3675 morbos
1576 3637 1591 3675 :
1623 3632 1676 3677 et
1708 3623 1901 3678 licebat

326 3712 447 3755 eum
476 3700 657 3756 videre
679 3716 707 3753 a
741 3703 909 3767 prima
938 3704 1055 3758 luce
1085 3719 1249 3774 usque
1274 3708 1339 3760 ad
1372 3707 1556 3763 horam
1589 3727 1781 3766 nonam
1812 3714 1900 3768 di-

327 3798 656 3843 scurrentem
695 3792 940 3847 obeundo
990 3799 1331 3864 monasteria,
1379 3811 1434 3854 et
1481 3803 1675 3857 ostium
1723 3805 1901 3875 ingre-

326 3876 581 3947 dientem,
613 3889 667 3935 et
691 3882 952 3938 visentem
970 3901 1095 3939 num
1122 3889 1238 3956 quis
1259 3888 1623 3947 decumberet.
1650 3894 1902 3951 Portabat

324 3974 503 4021 autem
534 3984 687 4023 uvam
721 3987 953 4041 passam,
988 3975 1126 4029 mala
1152 3977 1357 4045 punica,
1390 3994 1511 4045 ova,
1563 3996 1752 4049 panem
1790 3985 1901 4038 sili-

324 4057 561 4125 glueum,
595 4068 648 4115 et
676 4076 739 4117 ea
766 4063 957 4131 quibus
989 4078 1123 4132 opus
1146 4066 1345 4121 habent
1378 4073 1585 4138 mgroti.
1617 4072 1760 4127 lianc
1797 4074 1899 4129 sibi

324 4150 689 4207 conferentem
724 4155 926 4209 invenit
952 4156 1076 4211 vitat
1105 4162 1366 4215 rationem
1400 4179 1567 4232 usque
1593 4166 1656 4218 ad
1693 4167 1898 4221 senium

322 4238 518 4296 Christi
567 4257 774 4299 servus.
806 4247 903 4310 Qui
933 4264 1052 4302 cum
1084 4259 1227 4304 esset
1278 4254 1584 4320 moriturus,
1621 4256 1771 4310 alteri
1799 4258 1899 4313 sibi

321 4328 482 4384 simili
508 4344 601 4385 sua
622 4333 841 4403 reliquit
870 4335 1076 4404 frivola,
1104 4354 1298 4403 rogans
1326 4356 1445 4395 eum
1472 4353 1526 4397 ut
1554 4344 1696 4399 idem
1728 4346 1902 4400 obiret

324 4420 696 4477 ministerium.
732 4425 860 4478 Nam
887 4442 1005 4481 cum
1033 4430 1271 4498 quinque
1317 4433 1484 4487 millia
1513 4437 1895 4489 monachorum

322 4510 471 4565 illum
528 4528 763 4570 montem
806 4519 1067 4586 habitent,
1114 4524 1204 4578 tali
1234 4541 1445 4597 quoque
1474 4542 1608 4598 opus
1632 4538 1714 4584 est
1743 4545 1897 4586 cura-

323 4602 490 4671 tione,
511 4606 653 4675 quod
681 4608 753 4663 sit
779 4608 928 4664 locus
957 4610 1222 4669 desertus.

789 4721 1033 4779 CAPITA
1066 4726 1155 4779 XV
1190 4728 1275 4781 ET
1302 4727 1440 4782 XVI.

738 4832 856 4889 Vita
880 4835 1063 4890 Pteesii
1093 4848 1138 4891 et
1178 4836 1337 4893 Isaia:
1367 4839 1505 4907 (58).

392 4965 493 5019 Alii
516 4963 754 5022 Paesius
784 4978 837 5023 et
868 4967 1033 5024 Isaias
1064 4971 1280 5026 nomine
1310 4971 1523 5027 fuerunt
1557 4974 1773 5041 fratres,
1808 4992 1903 5045 pa-

321 5060 401 5109 tre
425 5064 722 5112 mercatore
754 5057 1036 5128 ilispanico
1063 5060 1208 5129 (39),
1238 5062 1325 5127 qui
1354 5062 1564 5131 quidem
1606 5079 1725 5118 cum
1749 5074 1901 5134 pater

319 5158 505 5197 eorum
534 5157 674 5201 esset
699 5156 961 5213 mortuus,
1009 5149 1305 5204 diviserunt
1332 5150 1612 5207 facultates
1642 5170 1773 5223 quas
1803 5155 1900 5210 ha-

322 5232 519 5287 bebant
576 5237 627 5290 in
677 5240 997 5294 mobilibus:
1032 5241 1085 5294 in
1132 5243 1367 5298 nummis
1406 5245 1621 5313 quidem
1663 5247 1895 5315 quinque

319 5325 511 5391 millia,
543 5326 592 5380 in
618 5331 849 5384 vestibus
876 5341 1052 5385 autem
1082 5339 1137 5385 et
1165 5335 1332 5387 servis
1361 5350 1478 5402 qua:
1526 5334 1737 5389 iuventa
1783 5337 1899 5392 fuc-

320 5426 458 5473 rzint.
510 5416 546 5471 li
581 5419 720 5473 inter
761 5436 820 5476 se
859 5421 1251 5489 deliberarunt,
1285 5435 1338 5478 et
1373 5425 1472 5478 sibi
1525 5428 1888 5491 consulentes,

314 5506 562 5561 dicebant
592 5527 604 5561 :
630 5510 903 5575 Quodnam
937 5515 1057 5568 vitze
1088 5514 1188 5569 iter
1216 5515 1595 5586 ingrediemur,
1625 5535 1657 5571 ο
1687 5518 1892 5573 frater?

313 5599 367 5653 Si
406 5615 753 5657 exerceamus
778 5616 1133 5661 mercaturam
1162 5624 1318 5675 quam
1350 5616 1501 5677 pater
1526 5620 1707 5663 noster
1729 5625 1885 5664 exer-

314 5693 442 5757 tuit,
478 5708 579 5748 nos
603 5694 963 5765 relinquemus
991 5698 1113 5752 aliis
1152 5708 1364 5753 nostros
1396 5698 1625 5766 labores,
1656 5710 1708 5756 et
1753 5700 1892 5755 forte

314 5784 610 5845 incidemus
655 5785 707 5842 in
748 5786 984 5857 pericula
1029 5790 1113 5846 vel
1147 5791 1411 5849 latronum
1444 5792 1526 5849 vel
1568 5792 1748 5849 maris.
1780 5795 1890 5862 Age

2008 3354 2141 3407 test,
2173 3345 2281 3409 die,
2314 3359 2642 3412 quaesumus,
2675 3345 2829 3400 nobis
2861 3346 3021 3413 pedes
3055 3355 3172 3399 tuos
3198 3346 3581 3414 attingentibus

2006 3432 2143 3503 (40),
2177 3444 2233 3487 ut
2264 3433 2317 3486 hi
2348 3434 2455 3487 sint
2480 3436 2732 3503 mquales.
2770 3433 3006 3504 Cumque
3040 3436 3128 3488 alii
3171 3437 3579 3492 exercitatoretn

2006 3525 2319 3591 praeferrent
2342 3534 2397 3579 et
2420 3524 2659 3579 dicerent
2684 3543 2695 3577 :
2724 3525 3053 3591 Prteceptum
3084 3528 3317 3593 implevit
3347 3543 3580 3599 evange-

2008 3611 2192 3675 licum,
2212 3613 2373 3681 utqui
2397 3614 2573 3668 omnia
2604 3614 2897 3667 \endiderit
2929 3625 2980 3668 et
3002 3615 3209 3672 dederit
3239 3618 3577 3685 pauperibus,

2008 3714 2167 3756 noctu
2205 3711 2260 3758 et
2289 3704 2378 3757 diu
2411 3719 2757 3771 perseverans
2786 3704 2838 3758 in
2876 3706 3225 3770 orationibus,
3269 3721 3479 3761 crucem
3505 3708 3581 3761 fe-

2005 3808 2145 3857 rens,
2183 3803 2238 3846 et
2262 3808 2488 3861 sequens
2519 3794 2887 3860 Servatorem;
2920 3806 3107 3849 contra
3147 3805 3321 3849 autem
3373 3796 3461 3851 alii
3509 3797 3578 3851 de

2002 3885 2170 3937 altero
2197 3886 2600 3949 contenderent,
2643 3885 2881 3939 dicentes
2913 3901 2929 3940 :
2959 3886 3071 3950 llic,
3104 3886 3448 3940 obsecramus
3498 3896 3572 3951 te,

2006 3980 2083 4025 tot
2112 3980 2166 4025 et
2195 3973 2317 4026 talia
2363 3974 2568 4027 viscera
2600 3973 2837 4027 ostendit
2889 3973 2942 4027 in
2993 3990 3179 4028 omnes
3228 3986 3467 4045 egentes,
3526 3985 3579 4028 ut

2003 4060 2176 4115 exiret
2219 4072 2272 4116 et
2313 4062 2524 4117 sederet
2556 4064 2605 4116 in
2654 4066 2751 4117 viis
2780 4064 2958 4132 regiis.
3014 4072 3067 4118 et
3099 4066 3187 4135 qui
3220 4075 3371 4118 erant
3398 4064 3580 4119 Μηίοιί

2003 4154 2308 4222 colligeret,
2366 4142 2436 4206 et
2508 4169 2668 4224 opem
2740 4152 2949 4221 ferret;
3024 4171 3197 4225 neque
3227 4158 3395 4209 solum
3424 4171 3572 4209 suam

2003 4242 2268 4297 recreavit
2300 4242 2553 4306 animam,
2585 4242 2677 4295 sed
2710 4243 2868 4296 etiam
2915 4243 3164 4312 aliorum,
3211 4256 3436 4314 :rgrntos
3488 4261 3581 4299 cu-

2005 4347 2150 4395 rans,
2179 4340 2229 4383 et
2254 4330 2332 4384 eis
2377 4331 2511 4382 dans
2540 4329 2817 4385 auxilium.
2853 4332 2914 4385 Et
2957 4332 3085 4385 dicit
3116 4334 3301 4386 beatus
3342 4334 3578 4389 Pambo:

2006 4421 2211 4476 Rursus
2242 4422 2392 4475 vobis
2432 4421 2601 4474 dicam
2630 4439 2642 4473 :
2675 4421 2835 4475 ambo
2874 4432 2997 4476 sunt
3046 4438 3200 4490 pares
3230 4424 3366 4492 apud
3402 4425 3581 4481 Domi-

2005 4528 2155 4577 num,
2210 4512 2492 4581 unicuique
2524 4522 2702 4567 autem
2747 4522 2980 4565 vestrum
3027 4514 3095 4568 de
3136 4513 3197 4568 iis
3234 4513 3577 4571 satisfaciam.
3651 4498 3658 4510 ‘

1926 4620 1980 4680 Β
2010 4603 2103 4656 llic
2131 4600 2175 4657 si
2225 4617 2328 4657 non
2361 4617 2531 4671 usque
2566 4603 2699 4655 adeo
2729 4617 2788 4656 se
2836 4604 3199 4670 exercuisset,
3254 4621 3357 4661 non
3397 4604 3583 4661 fuisset

2007 4694 2197 4762 dignus
2224 4702 2280 4747 ut
2302 4694 2446 4747 illum
2480 4694 2699 4747 bonitati
2731 4694 2873 4748 illius
2915 4709 3303 4764 compararem.
3337 4697 3580 4751 Ille-rur-

2005 4798 2096 4839 sus
2121 4784 2208 4853 qui
2236 4783 2515 4839 recreabat
2562 4798 2623 4837 ac
2678 4784 2949 4838 reficiebat
3005 4783 3265 4853 lmSpitcs,
3304 4794 3358 4839 et
3401 4786 3585 4853 egenis

2008 4874 2366 4940 ministrabat,
2395 4884 2644 4929 ostensus
2674 4883 2757 4928 est
2800 4875 3023 4929 Domino
3051 4891 3146 4942 pro
3176 4877 3380 4931 viribhs
3400 4893 3579 4949 aequa-

2008 4966 2094 5019 lis.
2121 4965 2235 5035 ipse
2273 4967 2411 5020 enim
2442 4966 2574 5019 dixit
2608 4984 2619 5018 :
2657 4966 2767 5033 Ego
2816 4982 2923 5018 non
2973 4968 3091 5020 veni
3143 4969 3457 5036 ministrari,
3487 4974 3583 5026 sed

2007 5060 2314 5115 ministrare
2339 5057 2557 5126 (Matth.
2592 5059 2710 5127 xx).
2746 5058 2840 5111 llic
2866 5073 2993 5128 ergo
3030 5060 3271 5116 minister
3307 5063 3408 5117 etsi
3438 5064 3585 5119 vide-

2004 5150 2160 5204 batur
2191 5150 2388 5203 hahere
2431 5163 2565 5201 onus
2611 5164 2674 5202 ex
2708 5150 2905 5212 labore,
2937 5159 3170 5203 attamen
3195 5165 3263 5205 ex
3300 5151 3419 5220 ipso
3448 5169 3581 5222 quo-

2001 5256 2109 5309 que
2142 5241 2330 5294 habuit
2381 5239 2789 5293 recreationcm.
2816 5238 3130 5305 Exspectate
3180 5251 3355 5297 autem
3399 5245 3584 5311 paulu.

2006 5333 2137 5396 lum,
2168 5342 2276 5387 uta
2308 5332 2416 5386 Deo
2443 5346 2653 5400 qucque
2686 5332 2752 5385 de
2799 5331 2878 5385 his
2907 5332 3128 5386 habeam
3176 5336 3581 5403 revelationem,

2004 5434 2054 5476 et
2088 5431 2267 5490 postea
2299 5420 2479 5475 scietis
2505 5435 2625 5474 cum
2656 5420 2930 5474 veneritis.
2968 5421 3287 5477 lntermissis
3319 5438 3445 5493 ergo
3474 5424 3580 5477 ali-

2003 5524 2133 5582 quot
2155 5496 2254 5568 die'.
2280 5528 2341 5567 us
2362 5512 2659 5574 redierunt,
2683 5513 2748 5566 de
2772 5514 2852 5566 his
2875 5513 3116 5582 Magnum
3137 5514 3283 5568 illum
3308 5524 3579 5583 rogantes.

2002 5606 2179 5660 Senex
2211 5615 2386 5659 autem
2415 5604 2691 5672 respondit
2717 5604 2844 5667 illis,
2869 5604 3053 5659 dicens
3078 5622 3090 5657 :
3117 5609 3253 5660 Ante
3274 5606 3436 5661 Deum
3465 5606 3591 5678 (41),

2002 5699 2151 5753 vobis
2194 5698 2409 5769 loquor;
2461 5697 2565 5752 vidi
2626 5706 2879 5766 utrosque
2932 5697 3090 5753 simul
3141 5706 3345 5757 stantes
3388 5701 3440 5755 iu
3490 5719 3581 5771 pa-

2004 5790 2201 5847 radiso.
