4020 6414
540 402 674 465 1059

1115 530 1339 586 CAPUT
1392 531 1549 585 XVII.

950 641 1066 695 Vita
1096 641 1315 696 Macarii
1333 644 1558 714 junioris
1590 640 1725 714 (42).

623 755 844 821 Quidam
869 764 1024 810 atate
1068 755 1267 826 junior,
1294 756 1505 810 nomine
1528 755 1817 819 Macarius,
1848 752 2033 809 decem
2059 764 2115 810 et

552 857 674 901 octo
698 862 866 901 annos
887 858 1060 911 natus,
1088 863 1210 902 cum
1236 846 1439 901 luderet
1461 862 1579 901 cum
1604 849 1713 900 suis
1734 847 2020 916 aequalibus
2048 847 2115 900 ad

554 940 725 994 lacum
755 941 844 1007 qui
875 939 1069 993 dicitur
1096 939 1278 1001 Maria,
1307 953 1527 1006 pascens
1549 938 1963 1006 pecoracacdem
1992 939 2116 992 fecit

554 1030 981 1083 involuntariam.
1010 1029 1057 1081 Is
1085 1042 1203 1081 cum
1236 1028 1433 1081 nemini
1468 1028 1573 1081 hoc
1594 1027 1835 1093 dixisset,
1886 1028 2033 1081 venit
2061 1027 2111 1082 in

553 1118 912 1181 solitudinem,
938 1125 992 1173 et
1020 1132 1084 1172 eo
1108 1117 1366 1185 processit
1386 1126 1525 1171 metu
1555 1126 1609 1171 et
1632 1117 1723 1170 Dei
1743 1125 1795 1169 et
1817 1116 2112 1182 hominum,

553 1216 610 1263 ut
641 1222 744 1261 non
773 1206 1001 1262 senserit
1027 1221 1086 1261 se
1118 1207 1284 1260 tribus
1334 1207 1488 1261 annis
1516 1206 1774 1260 mansisse
1810 1206 1924 1259 sine
1973 1215 2114 1260 tecto

551 1299 601 1349 iu
654 1298 955 1352 solitudine.
1015 1298 1110 1352 Est
1156 1306 1333 1353 autem
1382 1297 1469 1351 illa
1519 1306 1661 1353 terra
1713 1297 1897 1363 arida,
1950 1297 2110 1366 idque

550 1386 725 1441 sciunt
749 1401 957 1453 omnes,
988 1395 1095 1441 tam
1138 1388 1226 1456 qui
1254 1387 1526 1442 auditione
1574 1396 1912 1454 acceperunt,
1954 1401 2109 1455 quant

546 1476 637 1543 qui
656 1490 719 1529 ex
750 1478 861 1544 ipsa
890 1486 1086 1529 norunt
1108 1474 1455 1539 experientia.
1482 1474 1579 1528 Hic
1597 1475 1709 1543 ipse
1731 1475 1987 1529 Macarius
2011 1474 2113 1528 sibi

547 1574 728 1633 postea
758 1567 1040 1620 aedificavit
1062 1566 1339 1628 cellulam;
1368 1573 1557 1619 etcum
1579 1564 1632 1618 in
1655 1580 1716 1619 ea
1745 1565 1965 1620 vixisset
1979 1564 2113 1619 alios

479 1684 491 1699 θ
545 1656 727 1723 viginti
759 1662 814 1709 et
838 1656 1067 1724 quinque
1094 1669 1282 1719 annos,
1320 1662 1460 1708 tanta
1488 1654 1654 1723 gratia
1686 1654 1875 1722 dignus
1911 1664 1993 1708 est
2013 1655 2109 1708 ba-

544 1745 712 1808 bitus,
755 1754 812 1797 ut
856 1745 1142 1798 solitudine
1172 1742 1287 1814 (45)
1320 1742 1614 1799 delecratus
1660 1744 1955 1813 despiceret
1996 1745 2110 1800 da-

545 1849 746 1889 tnones.
779 1834 891 1903 Ego
917 1850 1035 1889 cum
1064 1850 1129 1889 eo
1161 1843 1400 1888 versatus
1448 1834 1605 1901 lungo
1634 1843 1895 1903 tempore,
1937 1835 2005 1889 ab
2042 1850 2109 1891 eo

544 1928 702 1983 didici
730 1929 999 1995 quomodo
1039 1928 1226 1982 affecta
1254 1937 1396 1982 esset
1424 1929 1540 1995 ejus
1564 1929 1699 1982 ratio
1724 1929 1792 1983 ob
1834 1936 2107 1996 peccatum

540 2019 723 2072 catdis.
755 2017 1187 2081 Dicebttautem,
1224 2028 1427 2071 tantum
1473 2019 1659 2073 abesse
1707 2026 1764 2071 ut
1794 2018 2025 2082 doleret,
2055 2029 2112 2072 ut

538 2107 697 2161 etiam
737 2107 934 2175 gratias
987 2113 1167 2173 ageret
1214 2104 1279 2156 de
1310 2103 1532 2158 crimine
1562 2103 1746 2157 caedis.
1798 2103 1917 2156 Fuit
1962 2102 2106 2156 enim

539 2198 713 2249 caedes
744 2192 1094 2249 involuntaria
1119 2192 1249 2245 mihi
1270 2206 1425 2245 causa
1440 2192 1643 2245 salutis.
1665 2191 1880 2245 Dicebat
1901 2202 2104 2257 autem,

538 2300 602 2339 ex
648 2286 934 2353 Scripturis
984 2284 1211 2338 efferens
1259 2282 1619 2337 testimonium
1660 2283 1852 2347 caedis,
1902 2299 2021 2353 quze
2076 2299 2106 2336 a

537 2392 729 2447 magno
752 2376 844 2430 Dei
876 2390 1034 2428 servo
1064 2374 1243 2441 Moyse
1287 2372 1420 2426 facta
1451 2373 1548 2426 fuit
1590 2373 1640 2426 in
1683 2372 1930 2443 Egypto,
1965 2374 2105 2440 quod

539 2467 637 2519 nisi
665 2473 882 2535 propter
905 2464 1123 2529 caedem,
1159 2478 1208 2518 et
1236 2473 1432 2517 metum
1449 2463 1758 2529 Pharaonis,
1787 2479 1892 2519 non
1914 2464 2106 2533 dignus

540 2556 751 2611 habitus
782 2556 969 2611 fuisset
1000 2556 1208 2623 Moyses
1249 2555 1453 2609 visione
1486 2554 1713 2617 Domini,
1754 2565 1809 2609 et
1838 2564 1980 2609 tanto
2008 2556 2105 2609 do-

535 2663 623 2711 no,
658 2658 712 2703 et
738 2650 1132 2714 conscriptione
1160 2657 1464 2703 sanctorum
1496 2649 1829 2717 eloquiorttm
1851 2648 2100 2717 Spiritus.

531 2738 664 2793 Nam
694 2754 814 2792 cum
844 2738 1115 2809 effugisset
1134 2754 1198 2793 ex
1226 2738 1478 2808 lEgypto,
1512 2740 1754 2807 pervenit
1783 2740 1833 2793 in
1866 2751 2100 2796 montem

530 2831 676 2887 Sina.
713 2831 836 2885 llaec
857 2839 1032 2885 autem
1064 2831 1182 2885 dico
1227 2844 1332 2884 non
1362 2831 1602 2886 muniens
1633 2832 1772 2885 viam
1798 2831 1862 2886 ad
1889 2832 2092 2885 caedem

528 2919 792 2988 aliquam;
841 2920 935 2973 sed
967 2920 1145 2987 potius
1183 2920 1469 2973 ostendens
1517 2935 1639 2975 esse
1675 2922 1834 2975 etiam
1880 2923 2101 2976 virtutes

527 3025 646 3078 qua;
692 3009 935 3064 oriuntur
984 3024 1053 3065 ex
1086 3025 1237 3076 casu,
1281 3011 1493 3078 quando
1542 3026 1647 3064 non
1696 3012 1806 3064 vult
1856 3014 1974 3080 quis
2003 3026 2097 3065 sua

526 3107 716 3167 sponte
742 3099 807 3152 ad
840 3100 1034 3154 bonum
1067 3100 1339 3155 accedere.
1385 3101 1465 3155 Ex
1496 3101 1779 3155 virtutibus
1807 3102 1949 3155 enim
1980 3103 2099 3155 alia:

527 3194 738 3261 quidem
799 3189 921 3247 sunt
965 3207 1086 3261 qua:
1133 3207 1201 3247 ex
1245 3194 1518 3247 voluntate
1571 3202 1626 3247 et
1669 3208 1733 3248 ex
1775 3205 1955 3249 nostro
1984 3194 2098 3247 ani-
2126 3227 2169 3288 ρ

522 3284 595 3337 mi
640 3283 879 3336 instituto
927 3282 1363 3352 proficiscuntur;
1413 3283 1533 3339 alia:
1550 3298 1679 3339 vero
1714 3298 1834 3353 qua:
1862 3300 1926 3340 ex
1969 3298 2095 3340 casu

526 3382 835 3435 nascuntur.

1094 3487 1319 3543 CAPUT
1342 3486 1526 3544 XVIII.

970 3598 1086 3653 Vita
1117 3600 1309 3653 abbatis
1338 3599 1649 3657 Nathanaef.

594 3708 671 3764 Ex
729 3708 998 3764 veteribus
1037 3711 1235 3765 sanctis
1263 3708 1359 3763 fuit
1399 3710 1611 3779 quidam
1652 3712 1806 3776 alius,
1864 3712 2095 3781 optimm

520 3799 716 3856 Christi
742 3800 964 3865 athleta,
998 3801 1213 3855 nomine
1243 3800 1559 3856 Nathanael.
1594 3802 1726 3856 Eum
1755 3818 1854 3873 ego
1885 3820 1989 3858 non
2016 3805 2096 3857 of-

518 3893 660 3948 fendi
690 3892 744 3945 in
765 3907 954 3957 carne;
981 3893 1270 3948 dormierat
1296 3894 1436 3947 enim
1461 3893 1762 3957 quindecim
1789 3894 1944 3948 annis
1973 3903 2093 3949 ante

517 3998 693 4037 meum
724 3983 1009 4039 adventum
1042 3985 1092 4037 in
1123 3993 1382 4040 montem.
1430 3984 1560 4039 Cum
1594 3996 1768 4040 autem
1803 3985 1853 4038 in
1884 4000 1981 4040 eos
2010 3985 2090 4038 in-

516 4073 763 4128 cidissem
795 4075 882 4140 qui
915 4090 1035 4128 cum
1069 4074 1168 4128 hoc
1197 4085 1384 4128 sancto
1414 4090 1473 4129 se
1501 4083 1870 4141 exercuerant,
1904 4084 1957 4130 et
1990 4075 2095 4132 fue-

516 4172 636 4221 rant
660 4167 707 4221 ei
731 4173 970 4234 tempore
996 4165 1245 4234 mquales,
1277 4166 1343 4219 de
1364 4164 1459 4219 viri
1492 4166 1685 4221 virtute
1716 4166 1956 4221 lubenter
1975 4181 2091 4222 sum

514 4269 609 4309 eos
636 4257 961 4310 sciscitatus.
980 4256 1107 4310 Mihi
1137 4265 1309 4309 autent
1325 4256 1439 4323 ejus
1462 4271 1672 4324 quoque
1700 4256 1887 4310 cellam
1913 4266 2093 4311 osten-

514 4350 741 4413 derunt,
773 4350 823 4401 in
870 4364 968 4418 qua
1001 4350 1175 4402 nullus
1211 4346 1384 4401 adhuc
1414 4347 1638 4411 habitat,
1670 4347 1808 4416 quod
1838 4349 1906 4403 sit
1933 4356 2092 4403 terra:

517 4440 767 4492 habitans
790 4440 1158 4508 propinquior.
1190 4439 1282 4492 Ille
1307 4440 1449 4493 enim
1479 4437 1663 4492 beatus
1688 4448 1809 4492 tunc
1830 4453 1948 4493 eam
1974 4453 2093 4493 con-

514 4533 666 4591 didit.
694 4532 906 4598 quando
931 4532 1034 4585 l‘nl‘I
1070 4531 1281 4584 fuerant
1324 4529 1679 4585 anachoretaz.
1712 4529 1954 4584 Narravit
1994 4546 2087 4584 au-

515 4632 619 4675 tem
646 4621 771 4674 mibi
799 4619 1064 4689 egregiam
1089 4619 1201 4686 cjus
1224 4620 1689 4684 exercitationem;
1736 4634 1927 4687 nempe
1949 4621 2086 4689 quod
2121 4587 2170 4646 Β

521 4719 723 4766 tantam
766 4710 1013 4764 habuerit
1062 4708 1114 4762 in
1169 4709 1298 4762 cella
1340 4709 1706 4773 tolerantiam,
1735 4717 1792 4763 ut
1821 4724 2090 4778 nunquam

514 4809 751 4862 dimotus
779 4806 848 4860 sit
876 4820 905 4860 a
934 4805 1223 4875 proposito.
1250 4806 1383 4859 Cum
1415 4806 1479 4858 ab
1507 4804 1657 4858 initio
1688 4802 1874 4861 fuisset
1904 4807 2092 4860 illusus

517 4914 544 4949 a
579 4898 845 4964 daamone,
870 4896 959 4966 qui
979 4910 1164 4950 omnes
1197 4895 1389 4961 illudit,
1418 4895 1507 4962 qui
1532 4910 1651 4949 eum
1676 4896 1779 4950 labi
1814 4896 2010 4951 fecerat
2038 4896 2089 4950 in

516 4989 821 5044 socordiam
852 4996 906 5041 et
931 4988 1093 5040 animi
1125 5001 1433 5048 maerorem.
1459 4995 1511 5041 et
1534 5002 1655 5041 eum
1678 5002 1708 5043 e
1736 4988 1869 5042 cella
1896 5003 2090 5055 exege-

512 5088 596 5135 rat
622 5077 793 5147 (visus
821 5087 900 5130 e51
930 5078 1070 5132 enim
1100 5091 1217 5129 esse
1248 5076 1414 5131 tristis
1447 5088 1499 5131 et
1533 5077 1713 5130 animo
1740 5078 1859 5146 angi
1892 5078 1944 5131 in
1975 5078 2088 5146 pri-

515 5186 600 5228 ma
615 5168 796 5239 cella),
818 5168 961 5225 illinc
981 5169 1159 5238 itaque
1182 5170 1460 5235 recedens,
1487 5170 1768 5224 aedificavit
1792 5170 1949 5223 aliam
1970 5186 2092 5236 pro-

515 5262 845 5329 pinquiorem
879 5274 1034 5329 pago.
1086 5260 1366 5329 Postquam
1397 5276 1524 5330 ergo
1553 5261 1774 5329 perfecit
1804 5260 2013 5326 cellam,
2038 5270 2092 5313 et

515 5355 567 5406 in
594 5367 656 5405 ea
683 5351 940 5405 habitavit
960 5361 1066 5404 tres
1094 5350 1175 5403 vel
1198 5363 1424 5419 quatuor
1447 5366 1679 5414 menses,
1698 5351 1899 5405 accedi|
1930 5360 2091 5405 noctu

513 5445 724 5498 dremon
757 5452 996 5499 lauream
1031 5452 1216 5496 tenens
1258 5442 1394 5495 sicut
1425 5444 1658 5501 lictores,
1694 5458 1801 5511 pra!
1827 5458 1884 5496 se
1915 5444 2091 5499 ferens

512 5535 744 5599 speciem
792 5535 977 5589 militis
1024 5536 1213 5603 pannis
1244 5533 1433 5597 induti,
1466 5542 1520 5586 et
1548 5542 1729 5587 taurea
1778 5533 1889 5603 (4-4)
1922 5533 2093 5589 edens

514 5627 791 5693 Strepitus.
835 5627 932 5681 Cui
975 5641 1305 5691 succensus,
1349 5625 1481 5682 dixit
1531 5625 1716 5683 beatus
1746 5625 2039 5680 Nathanael
2077 5644 2090 5680 :

514 5715 645 5779 Quis
676 5724 728 5767 tu
774 5731 833 5770 es
879 5717 965 5784 qui
998 5716 1113 5770 haec
1160 5713 1287 5769 facis
1319 5715 1373 5769 in
1408 5730 1528 5770 meo
1576 5715 1843 5783 ItOSpitiu?
1876 5718 2089 5771 Dtl'lflOD

519 5810 697 5861 attetu
722 5803 994 5872 respondit
1023 5821 1034 5856 :
1063 5806 1170 5874 Ego
1192 5818 1308 5858 sum
1337 5802 1427 5873 qui
1469 5814 1520 5859 te
1545 5818 1608 5858 cx
1644 5811 1730 5858 tua
1760 5803 1928 5879 prima
1960 5806 2092 5861 cella

1996 396 2317 453 PALLADII

3665 409 3789 469 ιοιο

2144 535 2194 593 Α
2221 554 2395 623 exegi,
2423 562 2477 607 et
2504 568 2644 608 nunc
2672 554 2793 608 veni
2821 563 2876 607 ut
2905 562 2956 608 te
2985 568 3051 609 ex
3072 554 3171 608 hac
3193 568 3402 623 quoque
3432 553 3629 623 fugem.
3656 553 3779 611 Cum

2217 656 2347 711 ergo
2376 644 2714 712 cognovisset
2733 643 2918 697 beatus
2944 642 3233 697 Nathanael
3262 657 3321 697 se
3349 642 3512 697 fuisse
3543 642 3777 710 illusum,

2218 748 2463 791 reversus
2503 744 2585 789 est
2615 736 2679 788 ad
2706 737 2929 803 primam
2979 735 3204 799 cellam;
3254 744 3305 786 et
3353 732 3522 801 spatio
3574 734 3778 803 triginta

2215 836 2419 899 scptem
2464 840 2723 879 annorum
2763 842 2866 879 non
2893 834 2973 880 est
3002 841 3251 895 egressus
3276 836 3424 881 extra
3458 827 3625 892 fores,
3654 842 3777 883 con-

2219 914 2439 969 tendens
2467 930 2585 969 cum
2616 916 2879 981 daemone,
2910 917 3000 985 qui
3028 926 3103 969 tot
3139 924 3194 971 et
3242 926 3383 971 tanta
3406 917 3455 971 ei
3499 916 3701 971 fecerat
3727 927 3779 973 ut

2217 1021 2341 1061 eum
2369 1016 2659 1074 cogeretex
2685 1005 2818 1059 cella
2848 1006 3048 1074 egredi,
3076 1015 3211 1059 utne
3233 1021 3295 1061 ea
3328 1020 3542 1060 narrare
3570 1006 3777 1075 quidem

2215 1094 2391 1150 liceat.
2420 1096 2590 1161 Atque
2619 1094 2758 1148 inter
2784 1102 2976 1149 cattera
2998 1095 3207 1163 quidem
3234 1093 3333 1149 hoc
3348 1093 3680 1148 machinatus
3706 1104 3779 1147 est

2214 1185 2475 1239 honorum
2524 1184 2791 1247 inimicus,
2831 1200 3023 1252 nempe
3068 1194 3125 1238 ut
3151 1200 3271 1238 eum
3315 1184 3510 1254 probro
3531 1199 3597 1238 ac
3626 1184 3780 1240 dede-

2214 1288 2338 1328 core
2355 1274 2617 1339 alliceret,
2643 1273 2708 1327 ad
2736 1273 2850 1343 ejus
2875 1274 3288 1343 abrumpendum
3321 1276 3639 1331 institutum.

2283 1364 2415 1420 Cum
2443 1373 2646 1433 septem
2698 1366 2866 1419 sancti
2896 1365 3129 1433 episcopi
3159 1376 3399 1420 sanctum
3431 1367 3766 1431 invisissent,

2214 1464 2387 1509 autex
2416 1456 2504 1511 Dei
2542 1456 2894 1524 provrdentia,
2926 1466 3015 1509 aut
3041 1473 3103 1511 ex
3137 1458 3468 1525 suggestione
3499 1457 3643 1512 illius
3674 1466 3777 1513 ten—

2206 1545 2452 1610 tationis,
2485 1562 2606 1600 eum
2652 1546 3036 1614 propemodum
3082 1548 3385 1603 deturbavit
3412 1563 3439 1601 a
3486 1552 3774 1619 proposito.

2213 1637 2344 1691 Cum
2372 1639 2515 1692 enim
2545 1638 2776 1707 episcOpi
2820 1648 3096 1707 postquam
3126 1653 3246 1695 eum
3278 1639 3605 1707 invisissent,
3636 1655 3774 1694 oras-

2214 1738 2357 1793 sent,
2387 1737 2442 1782 et
2462 1736 2588 1794 post
2632 1726 2925 1780 orationem
2954 1727 3182 1791 exirent,
3216 1743 3281 1782 ne
3302 1742 3539 1797 gressum
3572 1728 3772 1795 quidem

2215 1836 2378 1873 unum
2411 1818 2558 1885 pedis
2587 1832 2681 1872 eos
2729 1819 3011 1872 comitatus
3040 1828 3119 1872 est
3150 1816 3227 1871 vir
3248 1820 3508 1885 egregius,
3539 1834 3609 1874 ne
3637 1818 3773 1874 daret

2143 1878 2184 1935 Β
2216 1910 2385 1960 locum
2429 1907 2645 1962 inimico
2681 1907 2963 1962 bonorum.
2996 1906 3054 1961 Ei
3079 1923 3205 1977 ergo
3234 1908 3415 1961 dicunt
3437 1908 3647 1965 diaconi
3672 1910 3772 1976 epi-

2212 2010 2494 2066 scoporum
2526 2013 2541 2050 :
2571 1996 2807 2066 Superbe
2838 2007 2885 2051 te
2909 1996 3069 2065 geris,
3097 2012 3128 2049 o
3156 1996 3339 2061 abbas,
3364 1997 3449 2065 qui
3477 2012 3585 2051 non
3615 1997 3768 2051 dedu-

2212 2090 2289 2143 cis
2340 2090 2639 2157 episcopos.
2682 2089 2728 2142 Is
2780 2104 2907 2142 vero
2942 2088 3071 2142 dicit
3116 2088 3194 2141 eis
3226 2106 3237 2139 :
3274 2087 3382 2156 Ego
3422 2096 3475 2141 et
3538 2086 3769 2141 dominos

2213 2197 2361 2235 meus
2382 2183 2665 2251 episc0pos
2687 2182 2826 2246 colo,
2845 2191 2896 2234 et
2924 2195 3135 2235 omnem
3155 2179 3353 2234 clerum
3371 2180 3608 2245 honoro;
3639 2194 3767 2232 sum-

2209 2288 2312 2343 que
2340 2287 2438 2342 ego
2474 2285 2720 2341 peccator
2746 2273 2980 2325 omnium
3026 2270 3298 2325 hominum
3330 2271 3664 2338 peripsema:
3696 2270 3765 2324 his

2208 2376 2385 2419 autem
2420 2365 2668 2417 omnibus
2697 2372 2754 2417 et
2784 2365 2877 2417 toti
2908 2362 3061 2429 vitae,
3089 2363 3231 2433 quod
3262 2363 3315 2417 in
3348 2378 3430 2417 me
3452 2373 3559 2430 est,
3588 2378 3763 2432 propo-

2206 2453 2312 2507 sito
2370 2466 2492 2507 sum
2564 2457 2838 2507 mortuus.
2902 2451 3019 2521 Ego
3079 2452 3219 2507 enim
3246 2451 3414 2504 habeo
3440 2466 3658 2521 scopum
3678 2466 3759 2506 occ

2206 2541 2430 2605 cultum,
2458 2556 2613 2611 quem
2636 2542 2737 2595 scit
2759 2541 3015 2595 Dominus
3031 2541 3117 2608 qui
3142 2542 3287 2596 novit
3314 2542 3521 2595 occulta
3545 2542 3645 2596 mei
3665 2557 3756 2598 cor-

2209 2634 2313 2699 dis,
2343 2649 2438 2688 cur
2467 2650 2562 2689 eos
2591 2649 2696 2688 non
2724 2649 2841 2689 sum
2866 2636 3170 2691 comitatus.

2273 2724 2405 2779 Cum
2436 2740 2563 2794 ergo
2590 2725 2676 2779 hic
2701 2741 2911 2795 quoque
2940 2737 3089 2781 actus
3126 2741 3230 2780 non
3270 2727 3615 2782 successisset
3654 2727 3753 2781 da:-

2202 2816 2373 2879 moni,
2395 2830 2580 2870 rursus
2600 2816 2759 2871 talem
2781 2816 3002 2885 suscipit
3029 2816 3265 2885 figuram.
3285 2816 3482 2871 Novem
3508 2817 3751 2873 mensibus

2202 2916 2326 2969 ante
2352 2909 2727 2965 dormitionem
2759 2910 2971 2966 athletae
2998 2909 3399 2962 transformatus
3429 2919 3508 2963 est
3546 2910 3595 2963 in
3635 2921 3749 2976 pue-

2203 3012 2319 3050 rum
2363 2998 2644 3053 duodecim
2676 3014 2844 3053 annos
2874 3009 3082 3063 uatum,
3119 3006 3364 3067 tanquam
3392 3009 3628 3069 agentem
3655 2999 3747 3053 asi-

2202 3102 2326 3140 num
2364 3104 2551 3155 panem
2582 3089 2635 3142 in
2661 3099 2841 3159 Sparta
2874 3088 3149 3142 ferentem.
3183 3088 3283 3153 Qui
3330 3103 3460 3157 puer
3487 3104 3600 3144 cum
3640 3102 3742 3143 sero

2200 3191 2422 3244 vespere
2451 3185 2592 3230 esset
2622 3192 2785 3246 pmpe
2813 3177 3030 3243 cellam,
3064 3177 3342 3231 simulabat
3369 3178 3615 3233 cecidisse
3651 3178 3738 3231 asia

2201 3283 2348 3332 num,
2380 3276 2435 3321 et
2462 3282 2517 3322 se
2541 3268 2773 3320 clamare
2801 3283 2815 3320 :
2842 3267 2989 3321 Abba
3021 3266 3334 3332 Nathauael,
3365 3268 3604 3323 miserere
3626 3266 3729 3331 mei,

2202 3363 2255 3408 et
2282 3357 2491 3425 porrige
2518 3356 2646 3410 mihi
2672 3370 2909 3410 manum.
2942 3356 3036 3411 Ille
3052 3365 3224 3410 autem
3250 3358 3451 3411 audivit
3476 3358 3629 3427 utique
3651 3369 3725 3407 ro-

2200 3459 2316 3498 cem
2342 3446 2525 3512 pueri;
2558 3455 2609 3500 et
2635 3456 2822 3515 aperto
2843 3446 2980 3500 ostio
3008 3446 3181 3511 cella),
3213 3457 3360 3503 stans
3388 3448 3510 3501 intus
3530 3448 3573 3498 ei
3594 3444 3714 3495 dice-

2200 3539 2290 3592 bat
2323 3557 2334 3591 :
2372 3538 2500 3605 Quis
2530 3553 2587 3593 es
2612 3581 2627 3603 ,
2658 3550 2711 3593 et
2756 3539 2881 3607 quid
2930 3540 3009 3593 vis
3056 3540 3149 3594 tibi
3196 3539 3420 3594 faciam?
3457 3534 3705 3605 Respondet

2198 3626 2407 3680 daemon
2440 3643 2454 3681 :
2492 3628 2600 3697 Ego
2629 3644 2747 3681 sum
2794 3628 2948 3698 hujus
2996 3630 3241 3684 monachi
3274 3630 3522 3696 minister,
3544 3638 3587 3681 et
3619 3625 3705 3680 tero

2202 3732 2394 3785 panes,
2428 3720 2677 3784 quoniam
2705 3727 2789 3773 est
2815 3735 2980 3789 agape
3009 3722 3079 3774 tui
3112 3723 3218 3777 noti
3250 3723 3454 3787 fratris;
3485 3732 3534 3781 et
3553 3734 3648 3775 cras
3664 3718 3715 3770 i\~

2199 3808 2499 3863 lucescente
2530 3808 2763 3862 Sabhato
2795 3825 2927 3877 opus
2956 3819 3037 3865 est
3061 3812 3437 3866 oblationibus.
3471 3812 3604 3881 Rogo
3628 3822 3728 3877 ergo

2197 3907 2249 3952 te
2274 3913 2339 3952 ne
2364 3913 2447 3952 me
2471 3897 2754 3964 despicias,
2789 3914 2855 3953 ne
2882 3900 3105 3955 devorer
3134 3903 3201 3955 ab
3224 3903 3443 3975 hyrenis.
3474 3904 3597 3958 Sunt
3615 3902 3732 3954 enim

2196 3986 2399 4057 hyaenae
2428 3988 2480 4041 in
2512 3989 2593 4042 his
2622 3990 2775 4044 locis.
2808 3990 2965 4046 Stans
2992 4006 3121 4062 ergo
3151 4003 3323 4047 mutus
3355 3995 3534 4050 beatus
3563 3992 3736 4048 Natha-

2196 4079 2337 4142 uael,
2368 4094 2476 4145 pra:
2508 4079 2707 4147 ingenti
2736 4078 2851 4149 ejus
2878 4082 3237 4138 misericordia
3267 4084 3527 4155 caligabat
3554 4092 3743 4139 contur-

2195 4171 2348 4224 batus
2376 4169 2686 4236 visceribus,
2734 4181 2786 4225 et
2818 4174 3097 4239 reputabat
3125 4174 3262 4240 apud
3304 4189 3361 4229 se
3390 4174 3515 4242 quid
3546 4172 3744 4238 faceret,

2195 4259 2377 4316 dicens
2409 4278 2422 4313 :
2457 4262 2561 4317 Aut
2594 4261 2822 4316 futurum
2853 4275 2932 4317 est
2962 4275 3015 4317 ut
3046 4267 3403 4334 transgrediar
3430 4268 3747 4324 mandatum,

2193 4358 2283 4403 aut
2311 4366 2337 4401 a
2369 4350 2640 4418 proposito
2662 4352 2923 4405 excidam.
2954 4352 3139 4407 Postea
3168 4356 3248 4420 pia
3272 4355 3405 4420 apud
3435 4369 3492 4407 se
3515 4365 3750 4420 reputans

2191 4444 2515 4511 cognitione,
2544 4443 2676 4497 dixit
2707 4461 2721 4498 :
2750 4444 2933 4499 Melius
2962 4454 3042 4499 est
3073 4463 3137 4499 ne
3165 4447 3472 4501 labefactent
3503 4455 3580 4499 tot
3603 4460 3753 4499 anuo-

2194 4549 2309 4587 rum
2342 4536 2668 4601 pr0pnsitum
2700 4536 2763 4588 ad
2788 4535 3073 4605 ignominia
3105 4538 3440 4591 afficiendum
3465 4547 3517 4591 et
3549 4541 3753 4591 vincen-

2196 4626 2320 4679 dum
2350 4627 2634 4680 diabolum.
2664 4626 2797 4681 Cum
2838 4629 3015 4696 itaque
3044 4628 3320 4682 Dominum
3354 4638 3612 4695 rogasset,
3642 4626 3756 4681 dicit

2197 4728 2362 4783 puero
2390 4717 2477 4785 qui
2508 4731 2627 4770 cum
2669 4732 2736 4770 eo
2767 4718 3082 4785 loquebatur
3109 4735 3123 4771 :
3154 4720 3309 4781 Audi,
3347 4735 3495 4787 puer,
3527 4730 3618 4775 aut
3647 4721 3755 4788 quir

2195 4820 2404 4873 cunque
2424 4806 2516 4859 sis.
2541 4805 2716 4860 Credo
2736 4796 2789 4861 in
2817 4808 2980 4861 Deum
3011 4825 3164 4873 quem
3189 4812 3327 4877 colo,
3355 4811 3442 4879 qui
3467 4812 3760 4865 dominatur

2194 4896 2363 4948 cuivis
2392 4896 2617 4964 spiritui,
2651 4898 2791 4965 quod
2837 4899 2883 4951 si
2928 4900 3126 4953 auxilio
3170 4916 3358 4955 revera
3406 4917 3583 4971 egeas,
3634 4903 3761 4955 Deus

2197 4986 2292 5040 tibi
2322 4987 2491 5040 mittet
2522 4988 2809 5052 auxilium;
2836 4997 2889 5041 et
2919 5003 3088 5057 neque
3116 4990 3339 5060 hyrcnae,
3374 5008 3541 5060 neque
3572 4991 3759 5060 aliquid

2197 5074 2336 5127 aliud
2365 5074 2457 5128 tibi
2483 5076 2622 5128 male
2648 5076 2832 5143 faciet;
2864 5078 2944 5131 sin
2968 5087 3142 5132 autem
3171 5094 3227 5132 es
3250 5081 3486 5143 tentatio,
3518 5081 3619 5135 hoc
3641 5096 3761 5148 quo-

2195 5179 2300 5232 que
2333 5164 2471 5219 Deus
2503 5166 2631 5219 mihi
2658 5167 2851 5220 exhinc
2872 5168 2981 5233 jam
3015 5168 3297 5233 revelabit,
3326 5178 3378 5223 et
3406 5170 3588 5224 clauso
3615 5170 3758 5225 cellae

2196 5256 2332 5308 ostio
2366 5264 2446 5309 est
2474 5256 2762 5323 ingressus.
2816 5256 3026 5313 Pudore
3072 5269 3245 5313 autem
3296 5260 3514 5314 affectus
3556 5262 3757 5316 daemon

2194 5348 2333 5415 quod
2365 5348 2443 5400 sic
2472 5364 2680 5417 quoque
2719 5360 2859 5404 esset
2877 5352 3069 5413 victus.
3100 5353 3360 5405 resolutus
3390 5363 3469 5407 est
3512 5354 3562 5407 in
3594 5353 3759 5407 turbi-

2197 5451 2339 5501 nem,
2368 5437 2685 5508 onagrisque
2708 5440 3094 5494 exsultantibus
3124 5455 3184 5493 ac
3214 5441 3529 5511 fugientibus
3551 5452 3603 5497 et
3628 5453 3760 5496 stre-

2195 5528 2362 5596 pitum
2387 5528 2667 5584 edentibus
2694 5530 3045 5599 assimilatus,
3078 5534 3152 5586 sic
3177 5537 3410 5589 evanuit.

2269 5618 2378 5677 Ilnc
2407 5619 2501 5672 fuit
2526 5630 2795 5675 certamen
2825 5622 2963 5677 beati
2993 5623 3304 5687 Nathanael,
3330 5636 3382 5680 et
3409 5624 3489 5679 ha:
3513 5635 3637 5679 sunt
3664 5625 3762 5677 vir-

2196 5720 2337 5767 tutes
2367 5714 2480 5780 t-jus
2521 5713 2947 5779 exercitationis,
2998 5724 3052 5769 et
3091 5731 3262 5785 pugna
3298 5717 3484 5772 invicta
3515 5719 3761 5775 adversus

2197 5805 2589 5871 adversarium;
2621 5814 2674 5860 et
2704 5804 2791 5861 hic
2822 5806 2937 5875 ejus
2964 5806 3189 5863 celebris
3213 5811 3336 5864 vitae
3368 5809 3507 5865 linis.
