4020 6456
276 450 426 519 1041

900 557 1153 613 ΚΕΦΛΛ.
1196 556 1294 610 ΙΖ’.

268 639 427 715 ῘῘερί
466 644 773 712 Μακαρίου
798 642 906 695 τοῦ
939 640 1232 694 ἀιιόὐσιον
1258 640 1454 706 φόνον
1478 637 1876 706 ποιήσαντος,

360 729 646 799 Νεώτερός
690 744 776 790 τις
813 728 879 794 τῇ
912 724 1101 794 ἡλικίᾳ.
1158 724 1383 791 ὀνόματι
1448 724 1757 794 Μακάριος,
1805 726 1881 788 ὡς

276 812 430 866 ἐτῶν
453 808 756 875 δεκαοκτὼ,
794 810 853 861 ἐν
877 808 954 878 τῷ
982 806 1199 871 παίζειν
1228 805 1391 859 αὐτὸν
1421 805 1559 875 μετά
1582 807 1690 858 τῶν
1720 824 1882 877 συνη-

274 896 459 951 λίκων
515 894 668 964 παρά
716 896 816 964 τὴν
867 891 1066 961 λίμνην
1116 891 1217 961 τὴν
1269 891 1574 961 λεγομένην
1636 891 1878 962 Μαρίαν,

275 978 599 1050 τετράποδα
622 977 825 1047 νέμων,
866 975 1123 1029 ἀκούσιον
1153 974 1451 1045 εἰργάσατο
1478 975 1660 1042 φόνον.
1712 968 1883 1038 Οὗτος

285 1062 488 1134 μηδενὶ
539 1060 708 1132 μηδὲν
756 1057 997 1129 εἰρηκὼς
1044 1056 1456 1125 καταλαμϐάνει
1509 1056 1607 1127 τήν
1650 1056 1879 1127 ἔρημον,

280 1147 388 1201 καὶ
417 1147 496 1210 είς
526 1144 784 1197 τοσοῦτον
815 1142 1017 1213 ἤλασεν
1048 1140 1216 1209 φόϐον
1246 1140 1389 1193 θεῖόν
1422 1157 1482 1193 τε
1534 1142 1629 1194 καὶ
1666 1141 1879 1211 ἀνθρώ-

282 1247 469 1292 πινον,
495 1229 570 1290 ὡς
594 1225 994 1296 ἀναισθητῆσαι
1027 1224 1191 1276 αὑτὸν
1213 1224 1456 1293 τριετίαν
1497 1224 1729 1291 ἄστεγον
1760 1223 1880 1293 μεί-

280 1330 460 1367 ναντα
484 1315 543 1365 ἐν
567 1312 634 1381 τῇ
660 1311 874 1380 ἐρήμῳ.
905 1307 1175 1377 Ἀϐροχος
1202 1307 1309 1376 δέή
1350 1310 1421 1377 γῆ
1468 1307 1653 1377 ἐκείνη
1703 1307 1882 1377 ὑπάρ-

281 1416 377 1469 χει
405 1416 418 1429 ·
450 1394 730 1451 καὶτοῦτο
761 1395 911 1447 ἴσασι
942 1396 1165 1455 πάντες,
1194 1393 1291 1446 καὶ
1320 1395 1366 1447 οἱ
1388 1393 1477 1446 διὰ
1518 1394 1692 1462 λόγων
1724 1394 1881 1461 γενό-
1902 1439 1914 1451 ,

287 1497 470 1553 μενοι,
507 1479 604 1532 καὶ
630 1479 680 1530 οί
710 1478 797 1529 διά
828 1476 930 1545 τῆς
959 1475 1157 1546 πείρας
1182 1476 1373 1545 αὐτῆς.
1421 1476 1479 1528 '0
1515 1477 1679 1539 αὐτὸς
1725 1470 1881 1539 οὗτος

283 1564 582 1635 Μακάριος
612 1560 842 1629 ὕστερον
878 1557 1233 1628 ᾠκοδόμησεν
1274 1559 1452 1629 ἐαυτῴ
1498 1558 1738 1612 κελλίον·
1786 1560 1883 1611 καὶ

291 1648 472 1719 ζήσας
503 1649 562 1699 ἐν
587 1644 736 1714 αύτῷ
755 1643 892 1697 ἄλλα
929 1642 1273 1695 εἰκοσιπέντε
1320 1644 1439 1714 ἐτη,
1478 1644 1725 1697 τοιούτου
1781 1660 1881 1714 χα-

299 1732 569 1801 ρίσματος
600 1725 830 1798 ἠξιώθη,
864 1724 942 1789 ὡς
969 1725 1308 1779 καταπτύειν
1336 1727 1634 1797 δαιμόνων,
1681 1727 1882 1794 ἐντρυ-

294 1811 415 1883 φῶν
460 1814 526 1882 τῇ
575 1810 849 1881 μονότητι.
892 1809 1084 1879 Τούτῳ
1139 1809 1313 1862 πολλά
1366 1810 1728 1880 συγχρονίσας
1772 1808 1883 1876 ἐγὼ

1614 441 1982 505 HISTORIA
2018 424 2409 505 LAUSIACA.

3442 446 3585 515 10-42

1926 559 1972 615 Α
2012 553 2329 624 ἐνεπαίχθη,
2359 552 2687 622 ὑποστρέφει
2717 547 2871 616 αὖθις
2920 554 3000 616 είς
3037 552 3138 623 τὴν
3180 554 3406 625 πρώτην
3450 557 3576 611 σκέ-

1990 656 2116 709 πην.
2160 642 2271 694 Καὶ
2315 639 2609 711 πληρώσας
2647 640 2943 710 τριάκοντα
3005 640 3101 691 καὶ
3144 640 3282 693 ἐπτά
3325 640 3442 710 ἐτη,
3479 642 3578 711 οὑχ

1991 723 2234 795 ὑπερέϐη
2283 724 2375 776 τὸν
2419 723 2603 787 οὐδὸν,
2660 723 3047 791 φιλονεικήσας
3096 723 3176 791 τῷ
3226 724 3472 793 δαίμονι·
3519 724 3580 789 ὃς

1994 806 2232 858 τοσαῦτα
2262 806 2412 875 αύτῷ
2448 804 2773 871 ἐνεδείξατο,
2816 805 2902 857 ἵνα
2925 805 3089 858 αὑτὸν
3121 806 3407 878 ἀναγκάσῃ
3435 806 3581 872 ἐξελ-

1991 888 2107 941 θεῖν
2134 892 2196 942 ἐκ
2225 892 2324 959 τῆς
2351 890 2571 959 κέλλης,
2604 890 2706 942 ὅσα
2740 888 2864 942 οὕτε
2897 890 3014 943 ἔστι
3056 890 3440 962 διηγήσασθαι.
3487 894 3581 947 Ἐν

1990 966 2072 1033 οἷς
2098 972 2402 1025 καὶτοῦτο·
2448 974 2823 1042 Ἐπιτηρήσας
2862 975 2889 1026 6
2938 973 3229 1042 μισόκαλος
3272 976 3578 1045 ἐπηρεάσαι

1988 1057 2178 1110 τοῦτον
2233 1057 2565 1109 ἐσπούδασεν
2623 1059 2703 1119 είς
2763 1057 3009 1127 ἐγκοπὴν
3074 1058 3174 1128 τῆς
3243 1060 3576 1130 προθέσεως.

2002 1140 2176 1193 Ἐπτά
2204 1142 2519 1193 ἐπισκόπων
2555 1141 2726 1209 ἁγίων
2757 1139 3223 1209 ἐπισκεψαμένων
3262 1142 3352 1196 τὸν
3402 1144 3577 1211 ἅγιον,

1989 1224 2023 1294 ἦ
2060 1225 2123 1276 ἐκ
2155 1224 2291 1277 Θεοῦ
2316 1224 2597 1294 προνοίας,
2630 1225 2662 1295 ἢ
2688 1225 2747 1289 ἐξ
2767 1225 3079 1289 ὑποθέσεως
3102 1224 3196 1277 τοῦ
3243 1224 3578 1295 πειρασμοῦ,

1990 1308 2050 1372 ἐξ
2071 1308 2283 1360 ἐκείνου
2317 1308 2446 1377 παρ’
2484 1308 2667 1376 ὀλίγον
2702 1309 2865 1363 αὑτὸν
2911 1308 3200 1373 ἐξώκειλεν
3225 1310 3327 1379 τῆς
3382 1311 3582 1378 προθέ-

1994 1408 2154 1452 σεως.
2187 1390 2310 1442 Τών
2331 1391 2441 1462 γὰρ
2481 1392 2799 1445 ἐπισκόπων
2833 1393 2971 1463 μετά
3004 1394 3106 1463 τὴν
3156 1393 3447 1463 ἐπίσκεψιν
3484 1394 3578 1445 εὑ-

1993 1472 2264 1542 ξαμένων,
2289 1473 2387 1526 καὶ
2414 1474 2553 1544 μετὰ
2586 1474 2684 1545 τήν
2704 1474 2870 1544 εὐχὴν
2906 1474 3181 1539 ἐξιόντων,
3208 1476 3268 1529 οὑ
3300 1477 3580 1547 προέπεμ-

1989 1555 2091 1625 ψεν
2118 1556 2317 1619 αὐτοὺς
2350 1558 2377 1609 6
2430 1559 2681 1626 γενναῖος
2712 1558 2832 1610 οὑδέ
2871 1557 3022 1627 βῆμα
3069 1558 3247 1621 ποδὸς,
3283 1559 3370 1611 ῖνα
3400 1559 3475 1630 μὴ
3504 1559 3581 1629 δῷ

1991 1640 2173 1710 χώραν
2199 1639 2277 1709 τῷ
2315 1640 2615 1711 μισοκόιλῳ.
2650 1641 2919 1709 Λέγουσιν
2947 1640 3096 1710 αὑτῷ
3126 1642 3175 1693 οί
3213 1641 3451 1695 διάκονοι
3471 1643 3582 1695 τῶν

1991 1724 2331 1789 ἐπισκόπων,
2379 1723 2761 1803 ’Ϊξπερήφανον
2793 1726 3025 1794 πρᾶγμα
3048 1725 3280 1796 ἐργάζῃ,
3306 1725 3471 1787 ἀϐϐἄ.
3505 1725 3582 1796 μὴ

1993 1806 2342 1875 προπέμπων
2375 1807 2502 1871 τοὺς
2554 1806 2910 1870 ἐπισκόπους.
2968 1807 3026 1858 'O
3078 1807 3135 1859 δέ
3175 1808 3326 1876 λέγει
3375 1808 3579 1869 αὐτοῖς’

290 1896 601 1967 ἐμάνθανον
656 1895 785 1964 παρ’
836 1892 1002 1947 αὑτοῦ
1055 1893 1173 1957 πῶς
1231 1893 1400 1947 αὑτοῦ
1451 1896 1479 1946 6
1532 1893 1883 1962 διαλογισμὸς
1923 1926 1966 1983 Β
1993 1890 2135 1957 Ἐγὼ
2166 1891 2260 1944 καὶ
2303 1892 2430 1953 τοὺς
2464 1890 2686 1961 κυρίους
2734 1908 2836 1960 μου
2881 1891 3009 1951 τοὺς
3052 1892 3388 1953 ἐπισκόπους
3414 1890 3579 1954 σέϐω,

290 1980 565 2035 διάκειται
596 1979 689 2032 ἐπὶ
721 1981 788 2049 τῇ
820 1978 915 2031 τοῦ
948 1978 1111 2047 φόνου
1163 1978 1433 2050 ἁμαρτίᾳ.
1485 1979 1582 2040 Ὃς
1636 1976 1888 2030 τοσοῦτον

290 2065 484 2133 ἔλεγεν
512 2062 741 2134 ἀπέχειν
797 2061 999 2131 λύπης,
1035 2061 1111 2124 ὡς
1156 2061 1251 2114 καὶ
1288 2063 1778 2131 προσευχαριστεῖν
1819 2063 1887 2131 τῇ

284 2145 389 2200 τοῦ
421 2147 583 2216 φόνου
613 2145 787 2216 αίτίᾳ.
842 2145 1143 2214 Γεγένηται
1184 2145 1294 2214 γάρ
1360 2150 1472 2213 μοι,
1528 2145 1715 2213 φησίν,
1757 2144 1889 2195 ὑπό-

291 2229 449 2291 θεσις
490 2227 770 2296 σωτηρίας
818 2228 847 2278 6
880 2226 1137 2285 ἀκούσιος
1172 2227 1355 2293 φόνος.
1410 2227 1640 2293 Ἔλεγεν
1668 2227 1723 2279 δὲ
1782 2228 1892 2279 ἀπὸ

288 2311 527 2382 Γραφῶν
561 2311 742 2380 φέρων
774 2309 876 2378 τὴν
911 2309 1222 2378 μαρτυρίαν
1254 2310 1350 2361 τοῦ
1396 2311 1538 2363 κατά
1567 2311 1659 2362 τὸν
1713 2310 1886 2380 μέγαν

292 2397 606 2465 θεράποντα
633 2392 728 2445 τοῦ
759 2391 897 2444 θεοῦ
933 2392 1217 2457 Μωὺσέως
1270 2393 1365 2445 τοῦ
1397 2394 1538 2446 κατά
1571 2395 1680 2465 τὴν
1721 2395 1890 2461 Αἴγυ-

291 2495 430 2530 πτον
452 2478 636 2546 φόνου,
667 2477 749 2529 ὅτι
776 2476 838 2529 El
867 2476 943 2545 μὴ
963 2475 1049 2528 διὰ
1065 2475 1155 2527 τὸν
1183 2474 1348 2543 φόϐον
1364 2476 1460 2528 τοῦ
1485 2478 1668 2545 φόνου,
1700 2478 1799 2530 οὑκ
1824 2477 1891 2530 ἂν

292 2561 537 2628 Μωῡσῆς
583 2558 790 2629 ἠξιώθη
824 2558 925 2628 τῆς
962 2560 1300 2628 Δεσποτικῆς
1339 2558 1616 2623 θεοπτίας,
1657 2562 1752 2613 καὶ
1792 2561 1892 2629 τῆς

291 2643 565 2712 τοσαύτης
607 2644 837 2713 δωρεᾶς,
893 2643 989 2696 καὶ
1045 2643 1147 2713 τῆς
1196 2644 1524 2713 συγγραφῆς
1560 2644 1671 2696 τῶν
1719 2644 1892 2711 ἁγίων

291 2726 468 2793 λόγων
495 2725 589 2779 τοῦ
615 2726 956 2795 Πνεύματος,
991 2727 1040 2777 εί
1080 2725 1158 2796 μὴ
1185 2725 1261 2795 τῷ
1294 2724 1404 2778 δέει
1434 2724 1528 2778 τοῦ
1546 2725 1749 2793 Φαραώ
1772 2742 1787 2757 ο
1819 2727 1889 2779 δι’

292 2808 323 2862 ὃ
345 2808 569 2879 ἔδρασεν
595 2809 654 2876 ἐξ
684 2808 983 2877 Αἰγύπτου,
1012 2809 1107 2861 καὶ
1130 2806 1462 2877 κατείληφεν
1481 2808 1543 2860 16
1564 2808 1691 2878 ὅρος
1736 2810 1888 2863 Σινά.

292 2891 482 2946 Ταῦτα
532 2891 590 2943 δέ
620 2891 768 2959 λέγω
830 2890 943 2958 ἐγὼ
984 2890 1082 2961 οὑχ
1117 2890 1381 2943 ὁδοποιῶν
1413 2893 1494 2953 είς
1529 2890 1689 2959 φόνον
1744 2891 1887 2958 τινὰ,

293 2973 431 3027 ἀλλά
457 2973 658 3042 μᾶλλον
681 2973 1075 3038 ὑποδεικνύων,
1126 2974 1210 3027 ὅτι
1240 2973 1351 3026 είσὶ
1380 2974 1478 3027 καὶ
1504 2976 1893 3042 περιστατικαὶ

294 3056 513 3125 ἀρεταὶ,
548 3056 679 3110 ὅταν
737 3057 813 3126 μὴ
870 3057 1100 3128 ἑκουσίᾳ
1148 3057 1346 3129 γνώμῃ
1421 3057 1501 3128 τῷ
1568 3057 1758 3127 ἀγαθῷ
1808 3074 1894 3120 τις

297 3139 621 3209 προσελθεῖν
673 3138 927 3210 βουληθῇ,
967 3139 1089 3192 Τῶν
1135 3138 1245 3209 γὰρ
1294 3140 1508 3214 ἀρετῶν
1558 3141 1755 3212 αίμέν
1786 3142 1893 3194 εἱσι

304 3223 716 3297 προαιρετικαὶ,
750 3223 806 3277 αί
832 3223 888 3277 δὲ
918 3223 1329 3294 περιστατικαί.

896 3348 1149 3437 ΚΕοΑΛ.
1190 3385 1299 3438 111'.

830 3492 971 3561 Περὶ
1000 3492 1355 3561 Ναθαναήλ.

368 3635 595 3705 ’Ἐτερός
641 3651 727 3697 τις
760 3634 866 3687 τῶν
904 3635 1076 3702 ἁγίων
1100 3636 1324 3703 γέγονεν
1353 3635 1460 3688 τῶν
1505 3634 1755 3689 παλαιῶν
1780 3634 1893 3703 ἄρι-

302 3736 427 3781 στος
453 3718 692 3789 ἀθλητὴς
718 3717 812 3770 τοῦ
844 3718 1106 3787 Χριστοῦ,
1141 3720 1366 3788 ὀνόματι
1397 3718 1714 3787 Ναθαναήλ.
1746 3718 1883 3770 Τοῦ-

299 3819 392 3856 τον
445 3800 556 3870 ἐγὼ
606 3803 664 3852 ἐν
710 3801 872 3871 σαρκὶ
921 3802 981 3853 οὑ
1029 3802 1374 3871 κατείληφα*
1430 3801 1733 3871 κεκοίμητο
1776 3801 1889 3871 γὰρ

302 3885 410 3956 πρὸ
435 3885 533 3955 τῆς
563 3886 703 3953 ἐμῆς
756 3884 963 3936 είσόδου
1007 3886 1064 3936 ἐν
1110 3885 1188 3954 τῷ
1229 3884 1348 3949 ὄρει
1403 3884 1512 3955 πρὸ
1549 3884 1685 3936 ἐτῶν
1738 3884 1892 3936 δεκα-

299 3968 481 4022 πέντε.
546 3969 672 4029 Τοῖς
726 3966 783 4019 δέ
824 3968 1203 4037 συνασκήσασι
1245 3967 1323 4036 τῷ
1380 3968 1522 4038 ἁγίῳ
1562 3967 1737 4037 τούτῳ
1798 3968 1893 4019 καὶ

302 4049 688 4122 συγχρονίσασι
716 4048 1048 4120 περιτυχὼν,
1095 4050 1441 4119 φιλοφρόνως
1483 4050 1716 4120 ἠρώτων
1761 4051 1891 4120 περὶ

298 4134 398 4204 τῆς
420 4132 514 4185 τοῦ
548 4133 739 4202 ἀνδρὸς
773 4135 942 4203 ἀρετῆ
957 4152 997 4192 ς.
1032 4131 1282 4196 Ἔδειξαν
1300 4133 1355 4185 δέ
1376 4150 1467 4201 μοι
1489 4132 1646 4187 αὐτοὶ
1669 4135 1763 4185 καὶ
1786 4134 1887 4200 τὴν

302 4216 521 4282 κέλλαν,
554 4218 633 4279 είς
661 4218 727 4288 ἢν
752 4217 887 4287 ᾤκει
921 4234 1019 4288 μεν
1040 4218 1224 4270 οὐκέτι
1271 4218 1448 4279 οὐδεὶς
1498 4216 1589 4269 διὰ
1618 4218 1680 4269 16
1721 4218 1890 4283 ἐγγυ-

299 4301 444 4371 τέρω
470 4296 611 4353 εἶναι
642 4304 741 4371 τῆς
765 4302 1114 4371 οἰκουμένης.
1155 4302 1394 4363 Ἐκεῖνος
1417 4301 1527 4371 γὰρ
1559 4302 1587 4353 6
1618 4300 1891 4369 μακάριος

296 4384 421 4435 τότε
444 4383 614 4453 αὑτὴν
631 4383 847 4437 ἔκτισεν
881 4385 972 4438 ὅτε
999 4387 1219 4439 σπάνιοι
1247 4382 1390 4456 ἦσαν
1424 4386 1476 4435 οί
1511 4386 1884 4455 ἀναχωρηταί.

301 4467 600 4536 Διηγοῦντο
633 4468 691 4519 δέ
738 4485 829 4538 μοι
875 4468 1034 4522 τοῦτο
1077 4470 1207 4542 περὶ
1247 4466 1414 4523 αὑτοῦ
1470 4468 1749 4538 ἐξαίρετον
1792 4470 1893 4537 τῆς

301 4551 611 4620 ἀσκήσεωςο
634 4552 997 4623 ὅτιτοσαύτην
1016 4554 1173 4623 ἔσχεν
1192 4553 1471 4622 ὑπομονὴν
1494 4557 1550 4605 ἐν
1572 4554 1650 4619 τῷ
1669 4551 1886 4621 κελλίῳ,

302 4634 377 4697 ὼς
411 4633 488 4703 μὴ
525 4633 857 4701 σαλευθῆναί
894 4652 1023 4688 ποτε
1051 4638 1244 4691 τοῦτον
1267 4638 1376 4693 ἀπὸ
1408 4637 1510 4706 τῆς
1545 4637 1888 4706 προθέσεως’

299 4719 359 4770 ἐν
390 4711 471 4779 οἷς
493 4717 818 4788 ἐμπαιχθεὶς
840 4721 963 4771 κατ’
990 4720 1164 4791 ἀρχάς
1186 4722 1338 4790 παρά
1360 4718 1457 4773 τοῦ
1486 4721 1657 4773 πᾶσιν
1687 4718 1892 4789 ἐμπαί-

300 4800 484 4864 ζοντος
498 4800 594 4853 1:0:1
611 4802 931 4863 ἀπατῶντος
955 4802 1230 4872 δαίμονος,
1244 4802 1340 4856 τοῦ
1356 4804 1450 4856 καὶ
1463 4802 1650 4856 τοῦτον
1670 4805 1737 4873 τῇ
1756 4803 1893 4871 ἀκη-

299 4884 387 4957 δίᾳ
412 4885 823 4956 περιϐαλόντος,
853 4888 945 4939 καὶ
964 4888 1062 4960 τῆς
1094 4888 1291 4959 κέλλης
1326 4889 1488 4942 αὑτὸν
1515 4887 1892 4952 ἐξελάσαντος.

310 4968 530 5032 Ἔδοξεν
564 4970 673 5040 γὰρ
697 4970 933 5041 ἀκηδιᾷν
956 4973 1035 5034 είς
1086 4973 1184 5043 τὴν
1224 4970 1450 5042 πρώτην
1477 4971 1695 5023 κέλλαν.
1740 4972 1895 5023 Ἀνα-

308 5053 556 5120 χωρήσας
588 5053 804 5124 ἐκείνης
841 5054 1094 5108 ἀπελθὼν
1145 5056 1313 5125 ἄλλην
1339 5058 1555 5109 ἔκτισεν
1588 5052 1896 5123 πλησιώτε-

310 5149 396 5203 ρον
431 5135 645 5207 κώμης.
673 5139 829 5192 Μετά
857 5134 950 5192 οὖν
977 5140 1041 5192 16
1071 5141 1289 5193 τελέσαι
1324 5141 1425 5211 τὴν
1447 5139 1665 5203 κέλλαν,
1702 5140 1799 5191 καὶ
1836 5138 1896 5189 ἐν

307 5218 441 5287 αὐτῇ
476 5219 718 5289 οἰκῆσαι,
752 5223 892 5292 μετά
914 5226 1066 5294 τρεῖς
1093 5224 1267 5295 μῆνας
1301 5224 1335 5291 ἢ
1384 5224 1680 5293 τέσσαρας,
1716 5237 1897 5292 παρα⁴⁹

305 5302 511 5369 γίνεται
538 5306 566 5357 6
586 5306 798 5377 δαίμων
829 5310 887 5360 ἐν
944 5310 1123 5376 νυκτὶ,
1164 5309 1403 5378 ταυρέαν
1428 5309 1671 5377 κατέχων
1708 5307 1896 5377 ῶσπερ

304 5388 352 5439 οί
391 5388 597 5458 δήμιοι,
645 5393 829 5462 σχῆμα
868 5393 1008 5463 έχων
1048 5393 1381 5465 στρατιώτου
1432 5394 1892 5462 ρακοδυτοῦντος,

304 5469 509 5540 ψόφους
536 5476 904 5546 ἐργαζόμενος
934 5480 1001 5548 τῆ
1034 5480 1265 5550 ταυρέᾳ.
1302 5478 1441 5548 Πρὸς
1484 5477 1543 5530 ὃν
1596 5477 1897 5548 ἀχθόμενος

306 5555 489 5623 ἔλεγεν
519 5560 547 5609 ό
574 5561 845 5628 μακάριος
884 5562 1201 5633 Ναθαναὴλ,
1250 5562 1427 5629 λέγων
1478 5562 1627 5632 αὑτῷ
1656 5577 1670 5592 ·
1699 5563 1796 5627 Τίς
1847 5559 1898 5615 εί

308 5641 393 5704 σὺ,
421 5641 503 5693 ὅτι
539 5642 713 5695 ταῦτα
747 5643 880 5715 δρᾷς
910 5647 970 5699 ἐν
1001 5649 1065 5718 τῇ
1097 5649 1223 5718 ἐμῇ⁴
1247 5646 1431 5717 ξενίᾳ;
1488 5647 1545 5699 '0
1595 5646 1653 5699 δέ
1690 5647 1899 5717 δαίμων

309 5726 640 5795 ἀπεκρίνετο
660 5742 676 5757 ο
720 5727 863 5794 Ἐγώ
892 5746 987 5798 εμι
1020 5732 1048 5783 6
1082 5732 1177 5783 καί
1222 5731 1286 5782 ἐκ
1316 5730 1416 5797 τῆς
1445 5728 1669 5799 πρώτης
1697 5728 1899 5800 κέλλης

307 5809 504 5872 ἐλάσας
535 5825 627 5874 σε,
661 5811 757 5864 καὶ
798 5810 895 5865 νῦν
922 5810 1087 5884 ἦλθον
1119 5814 1216 5866 καὶ
1269 5815 1334 5867 ἐκ
1384 5813 1591 5884 ταύτης
1632 5814 1901 5882 φυγαδεῦ-

312 5893 397 5952 σαί
422 5910 501 5952 σε.
560 5894 853 5964 Ἐγνωκὼς
891 5896 985 5952 οὑν
1029 5900 1057 5952 6
1114 5898 1386 5971 μακάριος
1438 5898 1758 5969 Ναθαναὴλ,
1816 5899 1897 5953 ὅτι

1994 1975 2088 2027 καὶ
2123 1975 2300 2028 πάντα
2320 1974 2409 2026 τὸν
2442 1974 2645 2044 κλῆρον
2673 1972 2841 2043 τιμῶ,
2882 1973 2979 2025 καὶ
3019 1975 3238 2027 πάντων
3280 1973 3583 2045 ἀνθρώπων

1992 2056 2104 2126 ἐγὼ
2142 2060 2168 2110 6
2211 2057 2536 2127 ἁμαρτωλὸς
2578 2056 2891 2125 περίψημα.
2956 2057 3096 2109 Πᾶσι
3133 2057 3190 2108 δὲ
3237 2056 3450 2119 τούτοις
3488 2059 3583 2112 καὶ

1993 2141 2099 2211 ὅλῳ
2127 2141 2204 2211 τῷ
2249 2140 2347 2211 βίῳ
2378 2141 2501 2193 ὅσον
2530 2139 2592 2192 16
2627 2139 2715 2191 ἐπ’
2748 2140 2872 2209 ἐμοὶ
2892 2142 2959 2209 τῇ
3001 2139 3259 2209 προθέσει
3288 2141 3581 2194 ἀπέθανον.

1997 2227 2147 2296 Ἔχω
2180 2226 2287 2293 γὰρ
2322 2223 2707 2295 κεκρυμμένον
2751 2223 2974 2286 σκοπὸν,
3011 2224 3070 2276 ὃν
3107 2220 3249 2277 οἶδεν
3296 2227 3324 2276 6
3360 2226 3583 2298 Κύριος,

1993 2312 2021 2363 6
2050 2311 2144 2361 καὶ
2168 2311 2233 2359 τὰ
2266 2311 2487 2379 κρυπτά
2520 2310 2616 2379 τῆς
2640 2306 2783 2378 ἐμῆς
2809 2309 3040 2377 καρδίας
3082 2310 3261 2375 εἰδὼς,
3298 2310 3385 2363 διὰ
3426 2312 3479 2363 τί
3522 2311 3584 2364 οὐ

1994 2393 2203 2463 προέπε
2215 2393 2351 2461 μψα.

2079 2504 2414 2572 Ἀστοχήσας
2440 2504 2496 2556 δέ
2523 2504 2550 2555 6
2573 2504 2785 2573 δαίμων
2813 2505 2907 2557 καὶ
2936 2505 2996 2558 ἐν
3024 2506 3200 2575 τούτῳ
3223 2505 3300 2575 τῷ
3324 2505 3584 2577 δράματι,

1997 2590 2184 2657 σχῆμα
2226 2586 2390 2639 πάλιν
2419 2586 2660 2641 τοιοῦτον
2694 2588 3015 2659 ὑπέρχεται·
3055 2589 3168 2658 Πρὸ
3200 2591 3355 2645 ἐννέα
3394 2592 3584 2660 μηνῶν

1994 2671 2096 2738 τῆς
2128 2670 2438 2740 κοιμήσεως
2462 2671 2556 2723 τοῦ
2591 2671 2828 2741 ἀθλητοῦ
2858 2671 3307 2742 μεταμορφοῦται
3342 2674 3419 2735 είς
3455 2691 3586 2726 παι-

1995 2753 2179 2823 δάριον
2207 2755 2481 2819 δεκαετές,
2510 2755 2586 2818 ὡς
2610 2752 2835 2809 έλαῦνον
2865 2756 2984 2810 ὖνον
3016 2758 3212 2825 ἄρτους
3242 2759 3301 2810 ἐν
3337 2760 3586 2828 σαργάνῃ

1997 2836 2357 2906 βαστάζοντα.
2382 2838 2490 2891 Καὶ
2516 2840 2806 2909 γενόμενος
2842 2839 3085 2909 ἑσπέρας
3113 2829 3587 2917 βαθείαςιπλησίον

1994 2920 2096 2989 τῆς
2146 2920 2338 2974 τούτου
2390 2921 2621 2991 κέλλης,
2676 2924 3084 2992 ἐσχηματίσατο
3114 2923 3191 2986 ώς
3238 2928 3587 2979 πεπτωκέναι

1994 3004 2083 3057 τὸν
2118 3003 2256 3069 ὄνον,
2294 3006 2389 3058 καὶ
2415 3006 2619 3075 κράζον
2662 3007 2722 3059 τὸ
2760 3006 3001 3071 παιδίον,
3049 3007 3220 3060 ’Λϐϐἄ
3254 3008 3587 3080 Ναθαναὴλ,

1995 3087 2217 3157 ἐλέησόν
2264 3105 2351 3158 με,
2385 3091 2480 3141 καὶ
2519 3089 2607 3151 δός
2642 3106 2732 3159 μοι
2763 3093 2941 3162 χεῖρα.
2981 3092 3253 3144 Ἤκουσεν
3294 3092 3350 3145 δέ
3380 3094 3587 3156 ἐκεῖνος

1995 3170 2093 3239 τῆς
2126 3171 2314 3241 φωνῆς
2343 3173 2437 3225 τοῦ
2465 3173 2679 3226 παιδίου
2706 3174 2890 3243 δῆθεν,
2917 3175 3011 3228 καὶ
3042 3175 3259 3239 ἀνοίξας
3288 3176 3390 3245 τὴν
3415 3175 3589 3245 θύραν

1921 3265 1965 3323 c
1998 3259 2096 3326 τῆς
2128 3257 2347 3326 κέλλης,
2395 3256 2503 3327 ἔσω
2542 3258 2715 3322 ἐστὼς
2745 3258 2925 3313 ἐλάλει
2964 3259 3146 3327 αὐτῷ·
3176 3259 3273 3322 Τίς
3304 3256 3375 3323 εί,
3410 3261 3505 3314 καὶ
3536 3261 3589 3315 τί

1999 3338 2173 3404 θέλεις
2208 3343 2416 3411 ποιήσω
2446 3358 2565 3407 σοι;
2604 3342 2989 3412 ’Λποκρίνεται
3021 3346 3049 3397 6
3078 3342 3314 3413 6a:'p.wv‘.
3357 3342 3497 3411 Ἐγὼ
3530 3342 3590 3398 δέ

1997 3425 2111 3494 είμι
2146 3426 2301 3479 τοῦδε
2335 3425 2430 3479 τοῦ
2474 3426 2710 3496 μοναχοῦ
2763 3428 2827 3480 τὸ
2879 3427 3201 3497 μελλάκιον,
3250 3428 3344 3480 καὶ
3388 3428 3590 3498 ἄρτους

1996 3510 2277 3579 ἀποφέρω.
2347 3511 2565 3580 Ἐπειδὴ
2617 3512 2807 3579 ἀγάπη
2851 3512 2999 3563 ἐστὶν
3027 3511 3123 3563 τοῦ
3168 3512 3263 3563 σοῦ
3308 3512 3587 3582 γνωρίμου

1995 3594 2151 3647 τοῦδε
2178 3594 2272 3647 τοῦ
2302 3594 2558 3662 ἀδελφοῦ,
2588 3594 2684 3647 καὶ
2710 3592 2897 3664 αὑριον
2919 3593 3201 3648 Σαϐϐάτου
3231 3594 3588 3663 διαφαύοντος

1996 3679 2155 3748 χρεία
2179 3678 2288 3730 τῶν
2317 3678 2662 3748 προσφορῶν.
2700 3678 2903 3745 Δέομαι
2929 3678 3024 3730 οὖν
3076 3695 3169 3730 σου
3209 3679 3282 3748 μή
3328 3695 3398 3747 με
3440 3697 3585 3749 παρ-

1999 3763 2135 3834 ίδης,
2176 3764 2250 3833 μή
2292 3779 2418 3814 ποτε
2468 3763 2561 3814 καὶ
2593 3761 2698 3815 ὑπὸ
2743 3762 2944 3815 ὑαινῶν
2980 3761 3194 3832 βρωθιῖλ
3236 3761 3443 3817 Πολλαὶέ
3478 3765 3589 3833 γὰρ

1997 3843 2179 3899 ὓαιναί
2218 3846 2357 3897 εἰσιν
2400 3847 2455 3897 ἐν
2490 3848 2603 3907 τοῖς
2650 3844 2858 3908 τόποις.
2924 3844 3102 3908 Ἐνεὸς
3141 3844 3237 3898 οῦν
3284 3845 3530 3915 έστηκὼς
3559 3847 3588 3898 6

1999 3930 2267 3999 μακάριος
2298 3927 2625 3997 Ναθαναὴλ,
2680 3928 2784 3980 ὑπὸ
2818 3928 3021 3999 πολλῆς
3074 3927 3420 3997 συμπαθείας
3456 3929 3587 3997 σφό-

1994 4014 2096 4083 δρα
2159 4010 2396 4079 ίλιγγία,
2449 4010 2853 4081 ταραττόμενος
2902 4013 3016 4073 τοῖς
3074 4011 3436 4081 σπλάγχνοις,
3494 4012 3590 4063 καὶ

1995 4079 2273 4160 ἐλογίζετο
2318 4093 2371 4145 τί
2407 4079 2656 4163 ποιήσει,
2697 4079 2903 4160 λέγων,
2950 4094 3019 4145 ’Ἡ
3063 4093 3166 4163 τῆς
3211 4079 3433 4162 ἐντολῆς
3481 4094 3589 4163 ἔχω

1996 4180 2271 4241 ἐκπεσεῖν,
2309 4176 2341 4247 ἢ
2381 4177 2481 4246 τῆς
2534 4175 2847 4247 προθέσεως
2893 4176 3263 4245 ἐξολισθήσαι.
3318 4177 3587 4245 ’Ὕστερον

1996 4260 2452 4330 ἐπιλογισάμενος
2478 4259 2554 4329 τῷ
2577 4255 2793 4311 εὐσεϐεῖ
2815 4258 3088 4330 λογισμῷ,
3117 4256 3271 4312 εἶπεν
3302 4260 3360 4313 ἐν
3384 4260 3584 4327 ἐαυτῷο

1999 4345 2256 4415 Ἂμεινόν
2291 4346 2407 4397 ἐστι
2462 4345 2522 4396 τὸ
2558 4344 2634 4413 μὴ
2672 4342 2935 4397 σαλεῦσαι
2970 4344 3239 4396 τοσούτων
3271 4343 3408 4396 ἐτῶν
3446 4344 3585 4414 πρό-

1997 4429 2165 4492 θεσιν,
2196 4430 2275 4491 είς
2322 4425 2585 4497 αἰσχύνην
2622 4427 2717 4478 καὶ
2749 4421 2919 4498 ἧτταν
2966 4425 3060 4479 τοῦ
3101 4426 3368 4479 διαϐόλου.
3412 4428 3589 4497 Προσ-

1998 4514 2295 4583 ευξάμενος
2318 4512 2499 4564 τοίνυν
2523 4510 2600 4581 τῷ
2630 4511 2843 4581 Κυρίῳ,
2866 4511 3015 4578 λέγει
3067 4511 3202 4581 πρὸς
3230 4511 3304 4581 τῷ
3330 4511 3583 4565 λαλοῦντι

1920 4611 1973 4669 D
1999 4598 2160 4667 δῆθεν
2196 4596 2414 4665 παιδίῳ·
2454 4597 2742 4659 Ἄκουσον,
2774 4595 3058 4665 παιδίον,ἢ
3088 4596 3235 4657 ὅστις
3258 4595 3320 4665 δή
3353 4611 3482 4649 ποτε
3514 4591 3587 4661 εί,

2000 4680 2245 4735 πιστεύω
2278 4680 2357 4741 είς
2387 4680 2477 4731 τὸν
2515 4679 2572 4731 ἐν
2595 4671 2640 4746 ᾧ
2674 4678 2921 4748 λατρεύω
2950 4678 3029 4749 τῷ
3062 4679 3378 4742 δεσπόζοντι
3407 4679 3589 4748 πάσης

1997 4765 2197 4833 πνοῆς’
2239 4763 2321 4815 ὅτι
2346 4762 2395 4813 εί
2427 4760 2648 4832 χρῄζεις
2678 4762 2850 4825 ὅντως
2891 4762 3165 4832 βοηθείας,
3208 4762 3414 4830 πέμπει
3447 4778 3528 4813 σοι
3561 4764 3591 4815 ὁ

1996 4847 2129 4909 Θεός
2165 4863 2265 4916 μου
2312 4844 2587 4914 βοήθειαν,
2618 4845 2711 4898 καὶ
2738 4843 2863 4898 οὗτε
2895 4862 2953 4897 σε
2994 4844 3197 4910 ὕαιναι,
3230 4844 3353 4897 οὑτε
3380 4862 3433 4897 τι
3460 4845 3590 4900 ἄλλο

1996 4930 2268 4998 ἀδικήσει.
2316 4930 2380 4981 Εἰ
2420 4930 2477 4980 δὲ
2514 4928 2823 4998 πειρασμός
2854 4945 2938 4990 τις
2970 4923 3039 4992 εἷ,
3082 4926 3363 4981 καὶτοῦτο
3389 4929 3417 4980 ὁ
3456 4928 3590 4995 Θεὸς

2000 5032 2102 5084 μου
2157 5011 2407 5065 ἐντεῦθεν
2456 5011 2556 5081 ἤδη
2590 5011 2651 5063 16
2696 5010 2883 5080 δρᾶμα
2932 5011 3275 5079 ἀποκαλύψει
3329 5028 3456 5080 μοι’
3496 5012 3590 5064 καὶ

1997 5100 2221 5158 κλείσας
2271 5096 2370 5166 τὴν
2422 5094 2591 5164 θύραν
2640 5096 2736 5162 τῆς
2773 5095 2969 5163 κέλλης
3006 5095 3274 5166 ἐνδοτέρω
3320 5096 3587 5165 ἀπῆλθεν.

1998 5181 2315 5252 Αἰσχυνθελης
2367 5179 2423 5230 δέ
2458 5180 2485 5229 ὁ
2519 5177 2733 5246 δαίμων
2772 5177 2867 5231 καὶ
2900 5179 2994 5231 ἐπὶ
3022 5180 3198 5252 ταύτῃ
3223 5182 3290 5251 τῇ
3320 5180 3460 5251 ἧττᾳ
3492 5181 3590 5232 αὑ-

1998 5268 2118 5332 τοῦ,
2169 5268 2249 5329 είς
2289 5264 2529 5316 λαίλαπα
2573 5262 2809 5332 ἀνελύθη
2834 5304 2848 5329 ,
2883 5266 2977 5318 καὶ
3005 5267 3084 5328 είς
3129 5266 3395 5337 ὀνάγρους
3430 5283 3588 5336 σκιρ-

1912 5381 1918 5387 ·
1998 5354 2209 5413 τῶντας
2275 5348 2369 5402 καὶ
2424 5346 2747 5414 φεύγοντας,
2806 5350 2901 5401 καὶ
2960 5348 3166 5419 ψόφους
3223 5352 3316 5417 ἀφ’
3381 5348 3590 5402 ἑαυτῶν

1999 5432 2337 5493 ἀπολύοντας
2418 5428 2807 5500 ἐξομοιωθεὶς,

2000 5539 2141 5574 νετο.

2894 5430 3068 5497 οὕτως
3154 5434 3392 5503 ἄφαντος
3463 5433 3590 5502 ἐγέ-

2072 5642 2246 5696 Τοῦτο
2269 5642 2330 5696 16
2356 5638 2519 5696 ἆθλον
2536 5639 2628 5715 τοῦ
2660 5639 2938 5711 μακαρίου
2963 5638 3283 5710 Ναθαναὴλ,
3313 5638 3406 5693 καὶ
3430 5632 3590 5694 αὗται

2002 5727 2168 5781 αὑτοῦ
2224 5726 2281 5777 αἱ
2338 5724 2533 5796 ἀρεταὶ
2570 5725 2667 5794 τῆς
2713 5723 3042 5795 ἀσκήσεως,
3093 5723 3188 5775 καὶ
3242 5723 3275 5792 ὴ
3324 5722 3591 5792 ἀήττητος

2008 5814 2155 5883 μάχη
2214 5809 2352 5881 πρὸς
2389 5810 2481 5862 τὸν
2519 5798 2849 5873 ἀντίπαλον,
2900 5806 2995 5859 καὶ
3046 5803 3188 5875 αὓτη
3228 5805 3394 5858 αὑτοῦ
3434 5807 3467 5875 ή
3508 5806 3589 5857 δι-

2006 5894 2218 5967 αγωγὴ,
2253 5893 2345 5950 καὶ
2373 5892 2433 5946 τὸ
2461 5910 2525 5945 πε
2538 5892 2591 5964 ρὶ
2624 5891 2787 5944 αὑτὸν
2813 5888 2905 5942 τοῦ
2931 5887 3177 5959 ἀοιδίμου
3215 5888 3332 5959 βίου
3365 5885 3534 5953 τέλος.
