4020 6458
470 418 612 482 1043

1006 528 1258 584 ΚΕΦΑΛ.
1304 526 1409 593 ΙΘ¹,
1439 529 1525 581 Κ’.

760 611 901 683 Περι
932 613 1242 681 Μακαρίου
1274 610 1379 665 τοῦ
1414 610 1764 679 Αἰγυπτίου.

535 696 619 751 Ta
650 695 791 751 κατά
823 697 951 759 τοὺς
974 696 1169 763 ἁγίους
1195 696 1291 748 καὶ
1324 693 1628 757 ἀθανάτους
1656 690 1910 762 Πατέρας
1935 690 2062 746 Ma-

467 781 657 853 κάριον
698 781 789 834 τὸν
819 780 1145 849 Αίγύπτιον,
1192 780 1288 832 καὶ
1328 779 1617 849 Μακάρων
1658 775 1749 829 τὸν
1807 775 2063 842 Ἀλεξαν-

466 867 633 937 δρέα,
672 865 802 929 τοὺς
850 864 1139 932 γενναίους
1187 863 1390 935 ἄνδρας
1433 861 1532 915 καὶ
1583 859 2064 927 ἀκαταγωνίστους

468 948 743 1019 ἀθλητὰς,
803 947 900 1001 τοῦ
930 947 1189 1018 ἐναρέτου
1232 947 1350 1016 βίου
1407 942 1545 1000 ἆθλα
1580 943 1753 998 πολλά
1791 943 1921 997 ὄντα
1968 945 2065 999 καὶ

472 1032 721 1103 μεγάλα,
776 1030 876 1083 καὶ
927 1028 1127 1101 μικροῦ
1172 1029 1281 1083 δεῖν
1308 1028 1582 1083 δύσπιστα
1618 1029 1734 1090 τοῖς
1778 1026 2062 1094 ἀπίστοις,

468 1115 612 1168 όκνῶ
636 1114 1031 1185 διηγήσασθαι,
1063 1113 1159 1165 καὶ
1188 1116 1371 1182 γραφῇ
1410 1108 1769 1182 παραδοῦναι,
1818 1111 1892 1180 μή
1932 1126 2063 1163 ποτε

470 1200 566 1251 καὶ
596 1196 831 1266 ψεύστου
862 1196 1020 1262 δόξαν
1068 1195 1490 1266 ἀπενέγκωμαι.
1544 1194 1670 1247 Ὀτι
1703 1192 1761 1247 δὲ
1806 1193 2065 1247 ἀπολλύει

471 1280 677 1351 Κύριος
726 1283 937 1343 πάντας
984 1280 1113 1343 τοὺς
1157 1279 1457 1342 λαλοῦντας
1503 1278 1567 1333 τὸ
1606 1277 1841 1347 ψεῦδος,
1875 1276 2064 1346 σαφῶς

473 1365 619 1420 εστιν
646 1364 771 1417 ἰδεῖν
801 1362 1229 1433 ἀποφηνάμενον
1261 1362 1322 1415 τὸ
1348 1360 1575 1430 Πνεῦμα
1601 1360 1663 1413 τὸ
1691 1358 1869 1428 ἅγιον.

556 1447 723 1518 Ἐμοῦ
769 1448 949 1501 τοίνυν
998 1447 1073 1518 μὴ
1121 1445 1457 1517 ψευδομένου
1502 1444 1591 1501 διὰ
1638 1445 1739 1516 τὴν
1772 1445 1935 1516 χάριν
1967 1441 2064 1497 τοῦ

472 1532 704 1603 Κυρίου,
750 1530 1043 1583 πιστότατε
1097 1530 1210 1581 τῶν
1248 1528 1461 1599 ἀνδρῶν
1511 1528 1718 1589 Λαῦσε,
1770 1530 1865 1580 καὶ
1903 1525 2067 1588 αὐτὸς

478 1616 553 1687 μὴ
594 1614 813 1668 ἀπίστει
860 1616 971 1676 τοῖς
1004 1612 1113 1666 τῶν
1155 1613 1328 1681 ἁγίων
1376 1612 1635 1682 Πατέρων
1673 1611 1880 1677 ἄθλοις,
1930 1610 2067 1663 ἀλλά

476 1696 679 1768 μᾶλλον
728 1695 1143 1765 ἐγκαλλωπίζου
1194 1694 1402 1748 τούτων
1454 1694 1562 1747 τῶν
1621 1693 1920 1763 ἀοιδίμων,
1971 1693 2066 1745 καὶ

473 1781 643 1843 ὅντως
675 1778 997 1849 μακαρίων,
1039 1778 1149 1832 τῶν
1190 1776 1311 1833 κατ’
1348 1776 1511 1843 ἀξίαν
1540 1776 1647 1829 τῶν
1680 1776 1844 1830 ὁσίων
1888 1774 2066 1835 ἄθλων

473 1864 653 1918 αὐτῶν
680 1864 779 1933 τῆς
802 1862 1092 1931 ἀσκήσεως
1122 1862 1219 1918 καὶ
1242 1860 1310 1916 τά
1338 1861 1581 1931 ὀνόματα
1610 1861 1993 1930 κεκτημένων.

559 1948 618 2000 '0
661 1950 760 2017 μὲν
789 1945 1007 2016 πρῶτος
1046 1943 1288 2015 ἀθλητὴς
1318 1942 1415 1997 τοῦ
1458 1943 1696 2013 Χριστοῦ
1719 1983 1734 2007 ,
1775 1944 2065 2015 Μακάριος

474 2030 723 2099 ὀνόματι,
747 2027 1046 2096 Αἰγύπτιος
1081 2027 1159 2098 τῷ
1188 2028 1337 2095 γένει
1361 2026 1608 2098 ὑπῆρχεν
1630 2042 1641 2055 ·
1675 2029 1702 2079 6
1729 2026 1787 2079 δέ
1813 2024 2065 2096 δεύτερος

473 2116 543 2181 τῇ
569 2111 791 2182 ήλικίᾳ,
823 2109 1039 2179 πρῶτος
1068 2109 1125 2162 δὲ
1174 2110 1286 2172 τοῖς
1323 2109 1705 2181 προτερήμασι
1750 2107 1859 2162 τῶν
1901 2125 2065 2179 μοναο

475 2192 612 2265 χῶν,
660 2194 757 2247 καί⁸
789 2192 953 2255 αὐτὸς
997 2192 1289 2263 Μακάριος
1328 2182 1667 2261 καλούμενος
1698 2190 1774 2261 τῷ
1814 2190 2062 2259 ὀνόματι,

490 2276 891 2347 Ἀλεξανδρέων
921 2274 1146 2345 πολίτης
1186 2274 1444 2345 γέγονεν,
1486 2276 1821 2347 τραγήματα
1858 2275 2069 2346 πιπράο

480 2374 647 2413 σκων.

550 2442 663 2496 Καὶ
711 2440 781 2495 τά
833 2441 938 2511 μὲν
988 2440 1182 2511 πρῶτα
1233 2440 1571 2512 διηγήσομαι
1617 2438 1713 2503 τοῦ
1768 2440 2069 2509 Αἰγυπτίου

477 2524 769 2597 Μακαρίου
798 2525 895 2587 τὰς
939 2524 1169 2595 ἀρετὰς,
1206 2523 1264 2587 δς
1294 2524 1494 2587 ἔζησεν
1522 2524 1591 2577 τά
1636 2522 1930 2595 σύμπαντα
1972 2524 2067 2596 ἐτη

479 2608 825 2679 ἐνενήκοντα.
891 2608 1026 2660 Ἀπὸ
1062 2607 1274 2661 τούτων
1324 2608 1385 2661 ἐν
1418 2610 1484 2677 τῇ
1544 2607 1733 2677 ἐρήμῳ
1767 2607 2071 2677 πεποίηκεν

479 2692 743 2763 ἑξήκοντα
791 2691 907 2762 ἐτη.
940 2691 1384 2762 Τριακονταετὴς
1428 2688 1668 2744 ἀνελθὼν
1706 2691 1972 2761 νεώτερος
2002 2693 2071 2762 τῇ

479 2775 668 2846 ἡλικίᾳ
709 2775 979 2847 σφριγῶν,
1022 2774 1264 2847 τοσαύτη
1307 2766 1461 2838 οὗτος
1492 2775 1765 2844 ἐχρήσατο
1802 2774 2073 2845 καρτερίᾳ

479 2860 660 2913 πόνων
702 2858 1022 2929 άσκητικῶν
1055 2859 1111 2911 ἐν
1143 2858 1284 2921 ὅλοις
1323 2857 1455 2911 δέκα
1493 2856 1699 2923 ἐτεσιν,
1747 2856 1826 2920 ὡς
1870 2856 2072 2925 πολλῆς

482 2943 574 2996 καὶ
626 2941 871 3011 μεγάλης
920 2939 1111 2994 τοῦτον
1155 2940 1456 3011 ἀξιωθῆναι
1502 2940 1870 3010 διακρίσεως
1929 2940 2072 2991 ὥστε

482 3026 767 3083 καλεῖσθαι
831 3024 993 3078 αὐτὸν
1049 3023 1540 3096 παιδαριογέροντα
1564 3063 1579 3086 ,
1634 3023 1819 3095 ἐπειδὴ
1879 3024 2073 3079 θᾶττον

481 3110 581 3178 τῆς
626 3108 847 3175 ἡλικίας
887 3107 1193 3177 προέκοψεν
1236 3108 1355 3169 ταῖς
1385 3108 1629 3178 ἀρεταῖς.
1686 3107 2071 3176 Τεσσαρακοντ

1959 414 2316 475 PALLADII

2092 529 2140 587 Α
2167 528 2279 589 τοῖς
2313 525 2710 598 ῥᾳθυμοτέρως
2764 523 2876 579 τῶν
2915 524 3021 589 ἔξω
3055 523 3309 595 μοναχῶν
3352 523 3505 578 ἐστιν
3540 525 3771 597 εὑρεθῆ-

3634 408 3771 475 1044

2163 626 2254 662 ναι
2299 608 2650 679 ἀδηφαγίαν,
2698 608 2733 679 ἦ
2777 607 2934 679 παρά
2979 610 3094 670 τοῖς
3141 603 3293 662 οὖσιν
3324 608 3384 662 ἐν
3423 610 3548 671 τοῖς
3580 608 3770 673 τόποις

2166 692 2420 756 ἐκείνοις,
2451 692 2545 745 καὶ
2569 692 2658 746 διὰ
2681 692 2780 762 τὴν
2811 694 3010 746 σπάνιν
3038 692 3148 745 τῶν
3173 690 3395 763 χρειῶν,
3432 692 3535 745 καὶ
3563 691 3661 745 διά
3684 693 3771 747 τὸν

2163 775 2305 829 κατά
2349 775 2483 829 Θεὸν
2528 775 2690 845 ζῆλον
2724 774 2836 829 τῶν
2858 773 3266 829 κατοικούντων
3293 775 3452 837 ἐκεῖ,
3497 775 3598 828 ἀεὶ
3639 775 3772 846 πρὸς

2163 860 2432 932 ἀλλήλους
2471 862 2718 916 ἑκάστων
2764 858 3218 929 φιλονεικούντων
3267 858 3638 930 ὑπερϐαίνειν
3684 860 3769 913 τὸν

2164 946 2399 1015 πλησίον
2431 948 2553 1009 ταῖς
2586 944 2870 1014 διαφόροις
2900 944 3222 1006 πολιτείαις.

2237 1031 2375 1100 Περὶ
2407 1029 2465 1083 δὲ
2505 1030 2604 1099 τῆς
2634 1028 2807 1099 ἄλλης
2833 1030 3123 1098 ἀσκήσεως
3147 1026 3339 1079 τούτου
3367 1024 3464 1078 τοῦ
3506 1025 3769 1097 οὐρανίου

2165 1114 2381 1185 ἀνδρὸς,
2410 1114 2704 1184 Μακαρίου
2730 1113 2898 1182 λέγω,
2932 1110 3151 1180 ἐλέγετο
3178 1103 3337 1174 οὗτος
3362 1111 3390 1162 6
3420 1108 3593 1178 ἀγιος
3618 1111 3770 1164 ἀδια·

2165 1197 2404 1262 λείπτως
2452 1197 2796 1262 ἐξίστασθαι,
2848 1196 2945 1249 καὶ
2991 1194 3194 1265 μᾶλλον
3222 1192 3302 1263 τῷ
3342 1192 3562 1246 πλείονι
3595 1194 3769 1263 χρόνῳ

2167 1281 2613 1352 προσδιατρίὸειν
2641 1281 2782 1351 Θεῷ,
2811 1280 2847 1352 ἢ
2877 1282 2992 1343 τοῖς
3032 1278 3125 1332 ὑπ’
3153 1278 3383 1348 οὐρανὸν
3411 1278 3767 1348 πράγμασιν.

2167 1362 2243 1429 Οὐ
2272 1366 2368 1418 καὶ
2387 1365 2622 1436 διάφορα
2653 1367 2912 1435 φέρονται
2944 1361 3225 1433 θαύματα.

2251 1449 2416 1519 ’Δνήρ
2466 1465 2552 1513 τις
2611 1446 2912 1516 Αἰγύπτιος
2954 1446 3169 1509 ἄσωτος
3204 1442 3459 1515 ἐρασθεὶς
3505 1442 3769 1511 γυναικὸς

2168 1532 2460 1602 ἐλευθέρας
2490 1531 2792 1602 ὑπάνδρου,
2821 1530 2917 1585 καί
2951 1530 3028 1600 μὴ
3053 1528 3354 1597 δυνάμενος
3382 1526 3565 1597 αὐτὴν
3589 1526 3768 1579 δελεά-

2170 1632 2297 1677 σαι,
2347 1613 2436 1668 διὰ
2465 1612 2565 1684 τὴν
2602 1611 2963 1684 σωφροσύνην
3004 1609 3212 1678 ταύτης
3247 1609 3384 1680 πρὸς
3428 1608 3530 1661 τὸν
3563 1610 3768 1679 παρθε-

2167 1697 2317 1751 νικὸν
2340 1696 2511 1766 αὐτῆς
2535 1695 2726 1765 ἄνδρα,
2758 1693 3183 1764 προσωμίλησεν
3210 1693 3365 1762 γόητι
3410 1693 3439 1743 ό
3495 1692 3766 1761 κακόσχοο

2168 1781 2281 1843 λος,
2316 1780 2497 1847 λέγων
2537 1778 2707 1848 αὐτῷ,
2752 1779 2822 1832 Ἦ
2870 1778 2990 1832 ἕλον
3032 1778 3240 1845 ταύτην
3265 1777 3347 1839 εἰς
3388 1774 3449 1828 τὸ
3477 1774 3762 1844 ἀγαπῆσαί

2096 1869 2138 1923 Β
2171 1882 2260 1935 με,
2302 1863 2335 1935 ἢ
2384 1863 2619 1933 ἐργασαί
2661 1879 2711 1914 τι
2756 1863 2821 1929 τῇ
2870 1863 3038 1931 τέχνῃ
3085 1876 3205 1923 σου,
3241 1859 3328 1912 ῖνα
3357 1858 3494 1929 ῥίψῃ
3534 1858 3765 1927 αὐτὴνό

2170 1950 2309 2019 ἀνὴρ
2342 1947 2533 2016 αὐτῆς.
2564 1944 2760 2000 Λαϐὼν
2786 1940 2878 1998 οὖν
2900 1945 2928 1998 6
2950 1944 3083 2014 γόης
3101 1944 3163 1996 τὸ
3191 1943 3373 1995 ἱκανὸν
3405 1942 3543 2011 παρ’
3571 1939 3756 2009 αὐτοῦ,

2170 2033 2446 2102 ἐχρήσατο
2491 2032 2613 2093 ταῖς
2658 2028 2858 2082 ἐαυτοῦ
2906 2027 3189 2095 γοητείαις
3236 2025 3333 2079 καὶ
3378 2023 3759 2094 μαγγανείαις.

2171 2116 2285 2170 Καὶ
2342 2114 2418 2186 μὴ
2454 2114 2707 2185 δυνηθεὶς
2767 2112 2939 2182 αὐτῆς
2976 2111 3242 2179 ἐκστῆσαι
3275 2108 3368 2169 τὸν
3416 2107 3547 2161 νοῦν
3602 2109 3682 2171 είς
3708 2106 3761 2159 τὸ

2169 2199 2347 2269 τούτῳ
2395 2196 2724 2261 συνθέσθαι,
2759 2193 3178 2267 παρασκευάζει
3207 2192 3379 2263 αὐτὴν
3426 2191 3506 2255 ὡς
3562 2189 3759 2262 φοράδα

2171 2283 2409 2352 φανῆναι
2436 2284 2551 2346 τοῖς
2578 2280 2753 2352 αὐτὴν
2779 2277 3100 2349 θεωμένοις.
3126 2276 3366 2341 Ἐξωθεν
3387 2277 3574 2330 τοίνυν
3599 2274 3759 2328 ἐλθὼν

2170 2368 2199 2421 6
2247 2366 2389 2437 ἀνὴρ
2432 2365 2625 2436 αὐτῆς,
2658 2366 2717 2417 ἐν
2766 2363 3009 2433 σχήματι
3050 2360 3281 2432 φοράδος
3316 2360 3417 2429 τὴν
3446 2357 3756 2427 ἐαυτοίλγυ-

2170 2453 2337 2504 ναῖκα
2376 2448 2606 2502 ἔϐλεπεν
2628 2465 2641 2479 ·
2671 2448 2768 2501 καὶ
2801 2446 2896 2499 ἐπὶ
2922 2446 3021 2514 τῆς
3056 2443 3252 2498 ἑαυτοῦ
3282 2444 3471 2512 κοίτης
3507 2443 3754 2497 κατακλι-

2178 2531 2317 2597 θεὶς,
2371 2532 2647 2598 ἐξενίζετο
2696 2531 2779 2584 ὅτι
2818 2532 2900 2593 εἰς
2946 2532 3041 2581 τὸν
3066 2527 3342 2598 κράδατον
3375 2527 3547 2580 αὑτοῦ
3595 2525 3752 2596 φοράς

2175 2614 2441 2669 ἀνέκειτο.
2495 2612 2690 2673 Κλαίει
2746 2609 2839 2667 οὖν
2878 2614 2907 2666 6
2940 2612 3080 2682 ἀνὴρ
3110 2610 3311 2680 αὐτῆς,
3353 2609 3450 2663 καὶ
3476 2607 3746 2679 ὀδύρεται,

2179 2699 2256 2770 μὴ
2278 2699 2550 2770 εὑρίσκων
2569 2696 2630 2751 τὸ
2655 2698 2926 2768 πρᾶγμαν
2957 2697 3052 2751 καὶ
3079 2696 3153 2759 ὼς
3181 2693 3417 2765 νομίζων
3446 2693 3575 2763 ζώῳ
3596 2709 3748 2763 προσ-

2172 2783 2382 2853 ομιλεῖν
2407 2823 2422 2847 ,
2463 2782 2812 2855 ἀποκρίσεως
2861 2780 2965 2833 οὐκ
3026 2778 3320 2855 ἐτύγχανεν
3348 2818 3363 2838 ,
3405 2777 3747 2848 ὀργιζομένης

2176 2867 2279 2935 τῆς
2324 2864 2606 2934 γυναικός.
2652 2864 2778 2918 Ἐπὶ
2801 2863 3012 2927 τούτοις
3051 2860 3443 2932 παρακαλέσας
3472 2862 3599 2924 τοὺς
3626 2877 3744 2930 πρε-

2181 2949 2479 3019 σϐυτέρους
2522 2948 2621 3017 τῆς
2655 2946 2888 3017 κώμης,
2934 2947 3015 3009 εἰς
3059 2945 3151 2998 τὸν
3197 2939 3347 2997 οἷκον
3388 2945 3629 3012 εἰσάγει,
3661 2941 3742 2996 καὶ

2176 3032 2419 3087 δείκνυσι
2442 3030 2649 3102 ταύτην
2676 3031 2883 3094 αὐτοῖς.
2908 3030 2974 3083 Οἰ
3001 3028 3057 3081 δὲ
3081 3028 3191 3081 οὐδ’
3218 3026 3371 3081 αὐτοὶ
3398 3030 3633 3097 συνῆκαν
3654 3025 3739 3093 τὴν

2178 3116 2466 3185 συμφοράν
2517 3114 2618 3185 τὴν
2667 3110 3086 3167 καταλαδοῦσαν
3145 3108 3363 3173 αὐτούς.
3436 3110 3559 3162 Ἐπὶ
3610 3110 3735 3179 τρεῖς

481 3191 683 3263 ταετὴς
714 3192 825 3262 γάρ
857 3191 1151 3259 γενόμενος
1180 3189 1324 3243 κατὰ
1356 3190 1685 3260 πνευμάτων
1704 3189 1897 3244 ἐλαϐεν
1921 3190 2073 3255 ὲξου-
2101 3196 2148 3261 c
2175 3198 2357 3251 τοίνυν
2393 3198 2609 3267 ἡμέρας
2634 3194 2761 3249 οὐτε
2790 3196 2983 3266 χόρτου
3024 3193 3437 3264 μετελάμδανεν
3466 3192 3539 3255 ὡς
3567 3192 3729 3261 φορὰς,

484 3275 774 3345 σιαστικὴν
839 3274 1103 3344 δύναμιν,
1172 3273 1271 3327 καὶ
1319 3274 1569 3345 χάρισμα
1625 3275 1909 3343 ἰαμάτων,
1977 3275 2072 3329 καὶ

486 3359 706 3429 πνεῦμα
740 3358 1126 3429 προρρήσεων.
1162 3356 1496 3427 Κατηξιὼθη
1520 3357 1576 3410 δέ
1604 3358 1698 3409 καὶ
1721 3356 1821 3426 τῆς
1851 3356 2072 3428 ἐντίμου

486 3442 810 3515 ἱερωσύνης.
840 3442 1029 3512 Τούτῳ
1060 3445 1298 3513 συνῆσαν
1323 3440 1417 3495 δύο
1441 3441 1679 3512 μαθηταὶ
1709 3442 1789 3504 εἰς
1819 3439 1916 3511 τὴν
1947 3440 2076 3512 ἔρη-

490 3544 592 3596 μον
623 3527 724 3596 τὴν
771 3524 1075 3589 ἐνδοτάτω,
1128 3526 1229 3593 τὴν
1263 3523 1608 3594 καλουμένην
1652 3524 1853 3594 Σκῆτιν
1874 3539 1886 3553 ·
1939 3518 2014 3578 ὧν
2047 3524 2076 3577 6

490 3610 592 3680 μὲν
621 3602 700 3671 εἷς
729 3607 911 3661 αὐτῶν
934 3603 1002 3678 ἦν
1024 3607 1175 3678 αὑτῷ
1197 3608 1501 3678 ὑπηρέτης,
1532 3606 1762 3680 πλησίον
1792 3606 1958 3665 αὑτοῦ
1988 3606 2078 3661 διά

488 3693 694 3755 παντὸς
751 3692 1144 3763 εὑρισκόμενος
1195 3691 1283 3745 διὰ
1334 3692 1396 3744 τὸ
1457 3691 1588 3754 τοὺς
1659 3693 2077 3764 εἰσερχομένους

489 3774 927 3850 θεραπεύεσθαι·
986 3778 1016 3829 6
1067 3776 1125 3830 δὲ
1178 3770 1260 3839 εἷς
1312 3774 1582 3847 ἀνεχώρει
1642 3775 1767 3829 κατ’
1820 3777 1957 3831 ἰδίαν
1995 3778 2078 3841 εἰς

488 3864 702 3923 κέλλαν.

560 3949 770 4020 Χρόνου
815 3947 875 4000 δὲ
904 3944 1314 4016 προκόψαντος,
1346 3942 1644 4015 διορατικῷ
1684 3943 1892 4015 ὄμματι
1940 3960 2080 4015 προ·

492 4031 697 4100 δλέψας
726 4032 755 4084 ὁ
786 4032 940 4099 ἀγιος
968 4028 1123 4097 λέγει
1160 4027 1241 4098 τῷ
1276 4026 1642 4099 ὑπηρετοῦντι
1672 4028 1823 4099 αὐτῷ
1855 4028 2079 4098 ὀνόματι

502 4116 749 4188 Ἰωάννη,
793 4116 875 4178 εἰς
907 4112 1137 4183 ὕστερον
1180 4113 1237 4166 δέ
1282 4113 1563 4184 γενομένῳ
1598 4112 1956 4185 πρεσϐυτέρῳ
1999 4113 2082 4175 εἰς

488 4200 584 4253 τὸν
630 4200 796 4253 τόπον
835 4197 932 4251 τοῦ
967 4197 1122 4266 ἁγίου
1154 4197 1447 4267 Μακαρίου
1495 4196 1933 4267 (πρεσϐυτερίου
1971 4194 2083 4266 γὰρ

489 4282 699 4353 ἠξιώθη
756 4283 786 4335 ό
838 4281 1014 4353 μέγας
1063 4279 1435 4352 Μακάριος),
1492 4281 1575 4335 ὅτι
1627 4279 1897 4333 Ἀκουσόν
1942 4296 2081 4350 μου,

494 4366 695 4435 ἀδελφέ
736 4366 984 4432 Ἰωάννη,
1010 4364 1107 4418 καὶ
1129 4364 1368 4432 ἀνάσχου
1400 4379 1502 4433 μου
1524 4363 1625 4432 τῆς
1649 4362 1954 4426 νουθεσίας,
1988 4362 2084 4417 καὶ

498 4447 820 4515 συνενέγκαί
846 4464 928 4499 σοι
952 4444 1087 4516 ἔχει.
1112 4446 1360 4518 Πειράζῃ
1379 4446 1509 4516 γάρ,
1534 4446 1690 4516 φησί..
1719 4444 1810 4498 καὶ
1833 4446 2083 4516 πειράζει

2177 3280 2301 3334 οὐτε
2356 3279 2523 3346 ἀρτου
2566 3279 2643 3342 ὡς
2685 3277 3010 3348 ἄνθρωπος,
3061 3276 3387 3347 ἀμφοτέρων
3426 3274 3723 3345 ἐστερημένη

2175 3368 2287 3417 τῶν
2329 3363 2571 3433 τροφῶν.
2606 3362 2775 3424 Τέλος
2799 3404 2814 3426 ,
2848 3363 2936 3415 ἵνα
2966 3360 3197 3431 δοξασθῃ
3230 3361 3258 3412 6
3288 3359 3419 3421 Θεὸς
3439 3400 3453 3424 ,
3496 3361 3576 3413 καὶ
3599 3357 3715 3424 φανῇ

2178 3452 2212 3521 ἡ
2237 3448 2407 3520 ἀρετὴ
2431 3447 2524 3501 τοῦ
2553 3446 2710 3515 ἁγίου
2747 3446 3063 3517 Μακαρίου,
3093 3444 3262 3515 ἀνέὸη
3292 3445 3385 3499 ἐπὶ
3405 3444 3496 3513 τὴν
3519 3438 3708 3521 καρδίαν

2178 3518 2493 3600 τοῦάνδρὸς
2521 3531 2693 3599 αὐτῆς
2723 3530 2954 3598 ἀγαγεῖν
2977 3527 3144 3599 αὐτὴν
3169 3530 3250 3591 είς
3271 3530 3372 3599 τὴν
3392 3528 3563 3597 ἔρημον
3586 3518 3699 3588 πρὸς

2179 3614 2272 3668 τὸν
2325 3615 2474 3667 ὅσιον
2509 3613 2712 3684 ἀνδρα·
2769 3612 2867 3665 καὶ
2914 3613 3214 3683 φορτιάσας
3249 3611 3418 3680 αὐτὴν
3444 3608 3506 3669 ὼς
3536 3607 3692 3684 tam»):

2180 3697 2354 3760 οὑτως
2381 3696 2549 3768 αὐτὴν
2580 3681 2790 3768 ἢγαγεν
2815 3698 2895 3759 είς
2924 3681 3027 3766 τὴν
3059 3694 3267 3766 ἔρημον
3301 3694 3431 3748 ἔνθα
3460 3691 3574 3763 ᾣκει
3593 3681 3711 3740 ὸτοῦ

2179 3781 2317 3836 Θεοῦ
2368 3781 2679 3852 ἄνθρωπος.
2733 3781 2822 3834 Ἐν
2854 3780 2912 3833 δὲ
2948 3778 3028 3850 τῷ
3076 3778 3296 3848 ἐγγίσαι
3324 3778 3516 3840 αὐτοὺς
3538 3814 3551 3837 ,
3578 3771 3723 3839 amr

2182 3882 2372 3918 κεισαν
2395 3867 2445 3917 οί
2472 3865 2697 3933 ἀδελφοὶ
2725 3863 2954 3934 πλησίον
2977 3862 3079 3931 τῆς
3109 3861 3305 3930 κέλλης
3328 3860 3420 3912 τοῦ
3451 3858 3598 3926 ἁγίου
3624 3853 3722 3909 Μα-

2181 3948 2401 4020 καρίου,
2431 3948 2848 4019 ἀπομαχόμενοι
2876 3946 2955 4018 τῷ
2982 3945 3139 4018 ἀνδρὶ
3161 3945 3354 4013 αὐτῆς,
3379 3946 3472 3997 καὶ
3492 3942 3725 4010 λέγοντες,

2184 4034 2253 4087 Τί
2294 4036 2504 4103 ἤγαγες
2560 4025 2663 4086 ὧδε
2712 4031 2811 4104 τὴν
2851 4031 3061 4101 φοράδα
3102 4030 3343 4100 ταύτην;
3387 4025 3730 4097 ’Δποκρίνεται

2182 4118 2357 4188 λέγων
2392 4118 2575 4181 αὐτοῖς
2610 4119 2839 4184 ἐκεῖνος,
2876 4116 2995 4170 Ἲνα
3025 4115 3218 4185 ὲλεηθῇ
3250 4116 3316 4185 τῇ
3358 4112 3623 4184 προσευχῇ
3655 4105 3732 4161 τοῦ

2184 4203 2419 4257 δικαίου.
2445 4204 2508 4255 Ol
2542 4202 2600 4255 δὲ
2625 4201 2763 4270 πρὸς
2789 4197 2973 4255 αὐτόν’
3004 4199 3068 4252 Τί
3097 4199 3205 4268 γάρ
3229 4199 3343 4267 ἔχει
3375 4198 3577 4263 κακόν;
3599 4191 3738 4259 Λέγει

2184 4286 2367 4348 αὐτοῖς
2402 4287 2629 4348 ἐκεῖνος,
2673 4286 2775 4337 Ἢν
2803 4285 2969 4354 δρᾶτε
3002 4282 3213 4353 φοράδα
3234 4281 3461 4351 ταύτην,
3493 4279 3626 4348 γυνή
3651 4290 3741 4346 μου.

2181 4365 2252 4439 ἦν
2284 4368 2476 4432 ἀθλία,
2510 4370 2602 4422 καὶ
2643 4368 2744 4421 οὐκ
2777 4362 2895 4420 οῖδα
2944 4365 3061 4429 πῶς
3104 4363 3410 4437 μετεϐλήθη
3442 4364 3522 4425 εἰς
3558 4362 3737 4414 ἵππον·

2184 4452 2282 4507 καὶ
2315 4452 2551 4522 σήμερον
2586 4452 2699 4521 ἔχει
2729 4455 2878 4522 τρεῖς
2908 4450 3119 4521 ἡμέρας
3160 4447 3389 4519 μηδενὸς
3424 4442 3739 4514 γευσαμένη.

500 4548 560 4584 σε
615 4530 678 4583 τδ
737 4529 958 4599 πνεῦμα
1012 4530 1112 4600 τῆς
1169 4529 1560 4599 φιλαργυρίας.
1615 4529 1774 4584 Οὕτω
1821 4530 1930 4601 γὰρ
1971 4531 2082 4599 ἐγὼ
2116 4535 2158 4589 D
2188 4538 2251 4589 Οἱ
2291 4535 2349 4588 δὲ
2393 4535 2729 4597 ἀκούσαντες
2760 4534 2935 4596 ταῦτα
2974 4534 3310 4602 ἀναφέρουσι
3354 4530 3431 4599 τῷ
3476 4530 3746 4598 θεράποντι

499 4616 744 4685 ἑώρακα.
789 4614 900 4667 Καὶ
927 4608 1063 4677 οἶδα,
1119 4616 1201 4668 ὅτι
1229 4614 1325 4668 ἐάν
1363 4633 1463 4687 μου
1495 4614 1739 4687 ἀνάσχῃς
1775 4616 1877 4687 τῆς
1905 4634 2084 4688 παραο

499 4702 779 4772 κλήσεως,
821 4698 1158 4769 τελειωθήσῃ
1210 4700 1269 4752 ἐν
1306 4697 1382 4769 τῷ
1416 4700 1563 4771 ἔργῳ
1600 4701 1694 4754 τοῦ
1731 4701 1865 4755 Θεοῦ
1902 4703 1959 4755 ἐν
2008 4701 2087 4771 τῷ

499 4785 650 4855 τόπῳ
679 4782 875 4852 τούτῳ,
916 4782 1010 4835 καὶ
1038 4780 1368 4852 δοξασθήσῃ,
1406 4786 1501 4835 καὶ
1543 4783 1741 4854 μάστιξ
1773 4776 1873 4838 οὐκ
1912 4785 2089 4853 ἐγγιεῖ

500 4867 578 4941 τῷ
608 4863 928 4936 σκηνώματί
981 4880 1097 4916 σου.
1144 4864 1270 4917 Ἐὰν
1309 4864 1367 4918 δέ
1417 4882 1517 4936 μου
1559 4866 1954 4940 παρακούσῃς,
1989 4866 2085 4921 τοῦ

502 4950 666 5021 ιἰεζῆ
694 4950 815 5021 ἥξει
844 4950 937 5003 ἐπὶ
965 4949 1025 5002 σὲ
1060 4950 1130 5002 τά
1166 4949 1319 5021 τέλη,
1352 4943 1412 5001 οῦ
1442 4950 1536 5003 καὶ
1567 4953 1667 5021 τὴν
1700 4951 1855 5004 νόσον
1885 4954 2083 5015 νοσεῖς.

500 5034 706 5112 Συνέϐη
737 5037 797 5089 δὲ
844 5036 1007 5089 αὐτὸν
1048 5034 1144 5089 τοῦ
1192 5036 1289 5105 μὲν
1321 5034 1475 5103 ἁγίου
1503 5035 1697 5088 τούτου
1739 5036 2087 5105 παρακοῦσαι

503 5119 645 5190 μετά
699 5120 801 5190 τὴν
845 5120 1106 5191 κοίμησιν
1150 5118 1245 5172 τοῦ
1290 5117 1562 5173 ἀθανάτου
1597 5119 1928 5189 Μακαρίου,
1980 5120 2088 5174 ὑπ-

500 5202 732 5256 ακοῦσαι
782 5203 840 5256 δὲ
869 5203 1033 5255 αὐτὸν
1059 5206 1136 5272 τῷ
1165 5202 1256 5256 τὸν
1302 5201 1505 5255 Ἰούδαν
1528 5204 1593 5272 τῇ
1632 5202 1972 5274 φιλαργυρίᾳ
2016 5206 2083 5275 τῇ

503 5286 711 5357 ἀγχόνῃ
739 5285 1083 5357 προσάψαντι
1108 5300 1123 5315 ⁸
1157 5286 1252 5337 καὶ
1304 5283 1444 5355 μετά
1468 5284 1605 5339 ἄλλα
1642 5285 1940 5339 δεκαπέντε
1964 5286 2087 5357 ἐτη,

501 5372 673 5441 ἤγουν
702 5368 897 5433 εἴκοσι,
935 5367 1107 5430 οὑτως
1138 5367 1299 5419 αὑτὸν
1331 5367 1718 5436 ἐλεφαντιάσαι
1750 5371 2087 5440 νοσφισάμε·

504 5472 596 5507 νον
630 5453 701 5506 τά
728 5452 838 5506 τῶν
862 5450 1120 5520 πτωχῶν,
1149 5449 1224 5513 ὡς
1260 5449 1337 5520 μὴ
1364 5452 1654 5521 εὑρεθῆναι
1681 5456 1739 5507 ἐν
1761 5452 1838 5524 τῷ
1874 5454 2087 5523 σώματι

503 5540 764 5610 ἀκέραιον
794 5535 957 5589 τόπον
992 5537 1047 5587 ἐν
1089 5527 1133 5602 ᾧ
1161 5551 1245 5597 τις
1281 5533 1543 5588 δάκτυλον
1576 5537 1762 5607 πήξοι.
1804 5537 1917 5592 Καὶ
1946 5538 2086 5609 αῦτη

503 5624 683 5693 τοίνυν
712 5623 860 5695 ἐστὶν
889 5624 924 5693 ἡ
955 5617 1262 5691 προφητεία
1288 5617 1381 5673 τοῦ
1416 5619 1571 5687 ἀγίου
1602 5622 1909 5695 Μακαρίου.

577 5707 716 5776 Περὶ
765 5709 863 5779 μὲν
889 5706 982 5779 οῦν
1016 5703 1275 5775 βρώσεως
1306 5700 1402 5754 καὶ
1427 5702 1640 5767 πόσεως
1680 5705 1935 5777 περιττόν
1968 5706 2085 5761 ἐστι

507 5788 603 5845 καὶ
638 5788 698 5841 τὸ
728 5787 1092 5865 διηγήσασθαι
1126 5784 1256 5863 περὶ
1301 5784 1527 5852 τούτων,
1564 5788 1726 5842 ὁπότε
1771 5790 1891 5845 οὐδὲ
1928 5791 2081 5863 παρὰ

2187 4618 2282 4673 τοῦ
2315 4619 2555 4689 Χριστοῦ
2590 4619 2882 4690 Μακαρίῳ,
2916 4617 3048 4688 περὶ
3075 4616 3247 4686 αὐτῆς
3282 4615 3433 4669 ἔνδον
3462 4624 3743 4690 προσευχοο

2192 4703 2338 4773 μένῳ
2360 4720 2372 4731 ·
2406 4700 2771 4771 ἀπεκαλύφθη
2810 4701 2920 4773 γὰρ
2950 4700 3100 4772 αὐτῷ
3133 4700 3242 4754 ἀπὸ
3271 4698 3430 4760 Θεοῦ,
3461 4689 3749 4766 ἀπερχομέ-

2187 4804 2291 4840 νων
2337 4785 2517 4841 αὐτῶν
2550 4786 2687 4856 πρὸς
2717 4785 2900 4839 αὐτόν.
2940 4783 3053 4839 Καὶ
3099 4784 3189 4838 διά
3228 4783 3387 4837 τοῦτο
3430 4778 3751 4851 προσηύχετο

2190 4870 2577 4941 φανερωθῆναι
2608 4868 2756 4939 αὐτῷ
2786 4870 2887 4938 τὴν
2919 4868 3100 4929 αἰτίαν
3134 4869 3202 4922 δι’
3240 4870 3306 4941 ἢν
3344 4866 3498 4920 τοῦτο
3528 4862 3753 4941 ἐγένετο,

2190 4940 2341 5024 ἅπερ
2385 4953 2482 5008 καὶ
2526 4953 2761 5024 ἧκουσεν
2812 4954 2868 5005 ἐν
2919 4955 2986 5023 τῇ
3029 4954 3309 5024 προσευχῇ
3343 4951 3519 5005 πάντα
3556 4946 3630 5009 ὡς
3667 4940 3748 4996 καὶ

2189 5038 2429 5105 ἐγένετο.
2501 5036 2863 5107 ’Λπεκρίνατο
2909 5037 2967 5090 δὲ
3015 5039 3044 5091 6
3103 5037 3259 5105 ἀγιος
3317 5033 3603 5104 Μακάριος
3650 5026 3747 5085 τοκ

2190 5121 2589 5188 ἀπαγγείλασιν
2631 5119 2779 5190 αὐτῷ
2823 5120 3110 5189 ἀδελφοῖς,
3141 5120 3225 5173 ὅτι
3254 5118 3465 5188 φοράδα
3499 5116 3584 5180 τίς
3633 5124 3749 5166 ποτε

2191 5205 2426 5258 ἐνταῦθα
2460 5206 2699 5275 ἢγαγεν,
2733 5205 2909 5273 λέγων
2943 5205 3163 5267 αὐτοῖς’
3206 5203 3395 5273 Ὑμεῖς
3441 5202 3599 5255 ἵπποι
3641 5191 3748 5250 ἐστὶ

2190 5290 2240 5341 οἱ
2270 5288 2378 5341 τῶν
2430 5286 2613 5341 ἵππων
2660 5289 2873 5359 ἔχοντες
2912 5286 3040 5351 τοὺς
3086 5286 3436 5357 ὀφθαλμούς·
3486 5284 3664 5351 ἐκείνη
3701 5276 3750 5329 δδ

2190 5375 2327 5443 γυνή
2371 5374 2551 5439 ἐστιν,
2606 5375 2683 5437 ὡς
2749 5375 2843 5428 καὶ
2908 5373 3171 5442 ἐκτίσθη,
3230 5373 3310 5442 μὴ
3360 5378 3752 5440 μετασχηματι-

2195 5460 2406 5526 σθεῖσα,
2432 5459 2571 5514 ἀλλά
2613 5462 2771 5530 μόνον
2806 5459 2966 5512 τοῦτο
3004 5459 3304 5528 φαινομένη
3334 5460 3449 5520 τοῖς
3473 5449 3750 5524 ὀφθαλμοῖς

2191 5541 2300 5593 τῶν
2331 5542 2719 5613 ἠπατημένων.
2770 5543 2878 5597 Καὶ
2903 5540 3309 5613 προσαχθείσης
3346 5537 3493 5609 αὑτῷ
3540 5535 3749 5613 ταύτης)

2191 5624 2496 5696 εὐλογήσας
2555 5625 2727 5696 ὕδωρ,
2785 5626 2880 5679 καὶ
2931 5626 3040 5678 ἀπὸ
3094 5624 3339 5695 κορυφῆς
3392 5621 3588 5691 ἐκχέας
3628 5612 3747 5681 αὐτῇ

2190 5710 2393 5778 γυμνῇ,
2414 5707 2693 5777 ἐπηύξατο
2719 5710 2785 5778 τῇ
2813 5707 3018 5778 ταύτης
3039 5707 3271 5777 κεφαλῇ.
3301 5704 3414 5760 Καὶ
3431 5700 3751 5776 παραχρῆμι

2192 5790 2447 5869 ἐποίησεν
2489 5791 2661 5862 αὐτὴν
2704 5792 2835 5850 πᾶσι
2878 5793 2993 5854 τοῖς
3034 5789 3202 5865 ὁρῶσι
3232 5790 3468 5863 γυναῖκα
3512 5788 3744 5863 φανῆναι-
