4020 6436
229 457 369 541 tota

664 567 916 627 CAPITA
956 561 1078 618 XIX
1118 557 1205 612 ΕΤ
1245 552 1357 607 XX.

229 722 356 777 Vita
412 708 607 765 abbatis
658 692 1178 778 Mararii_@ggp£i\i,
1215 698 1262 743 et
1309 682 1529 739 Macarii
1580 680 1805 734 Alexan-

878 763 1012 821 drini
1038 763 1170 833 μδ).

304 915 624 970 Sanctorum
654 914 707 961 et
737 898 1113 958 immortalium
1142 892 1379 954 Patrum,
1407 882 1623 940 Macarii
1646 878 1813 948 Egy-

233 968 333 1073 ptii
363 1011 421 1059 et
468 998 677 1055 Macarii
710 987 1060 1048 Alexandrini
1096 981 1288 1053 (nam,
1317 978 1355 1031 ι.
1388 992 1456 1041 ιι,
1488 991 1537 1027 c.
1570 972 1661 1036 es,
1698 968 1795 1037 29)

236 1091 570 1163 egregiorum
599 1095 655 1141 et
694 1083 1012 1138 invictorum
1042 1075 1359 1129 athletarum
1378 1108 1392 1133 ,
1430 1067 1668 1120 honestae
1696 1061 1819 1115 vitae

236 1182 553 1245 certamina,
600 1191 721 1246 qua:
749 1181 873 1228 sunt
900 1169 1067 1225 multa
1092 1175 1147 1220 et
1191 1174 1404 1229 magna,
1435 1168 1485 1211 et
1533 1151 1820 1210 incredulis

240 1288 409 1345 prope
433 1264 782 1328 incredibilia,
812 1271 868 1317 et
895 1270 1115 1314 narrare
1145 1266 1331 1307 vereor
1352 1259 1406 1305 et
1426 1245 1638 1313 scriptis
1669 1255 1823 1296 man-

244 1330 407 1427 dare,
452 1376 520 1414 ne
552 1358 688 1412 forte
717 1353 821 1409 mei
852 1359 1102 1416 tanquam
1146 1340 1420 1397 mendacis
1467 1336 1561 1390 fiat
1599 1330 1822 1387 mentio.

246 1453 400 1522 Quod
430 1460 603 1505 autem
635 1447 773 1500 Deus
802 1441 988 1511 perdat
1026 1451 1214 1493 omnes
1244 1433 1331 1501 qui
1360 1433 1647 1499 loquuntur
1676 1438 1826 1477 men-

250 1512 459 1602 dacium
493 1538 664 1612 (Paul.
703 1536 792 1604 v),
825 1534 946 1588 licet
986 1537 1169 1597 aperte
1195 1524 1377 1579 videre
1400 1527 1584 1575 sancto
1627 1512 1829 1584 Spiritu

253 1635 649 1709 pronuntiante.

324 1750 457 1805 Cum
485 1760 584 1816 ego
609 1755 737 1811 ergo
766 1752 860 1809 per
888 1734 977 1792 Dei
999 1729 1218 1801 gratiam
1248 1743 1353 1781 non
1378 1722 1626 1783 mentiar,
1658 1714 1833 1773 homi-

258 1856 384 1897 num
411 1807 714 1892 ﬁdelissime
740 1807 931 1892 Lause,
961 1838 1029 1878 ne
1048 1821 1124 1877 sis
1150 1832 1358 1888 quoque
1386 1816 1498 1883 ipse
1526 1807 1832 1865 incredulus

258 1932 327 1987 de
348 1930 563 1984 Patrum
583 1916 995 1979 certaminibus;
1018 1911 1110 1966 sed
1132 1906 1360 1980 gloriare
1384 1902 1562 1972 potius
1588 1899 1641 1952 in
1670 1910 1834 1950 aemu-

261 2021 460 2076 latione
496 2010 893 2071 exercitationis
918 2018 1104 2059 eorum
1132 1999 1223 2069 qui
1267 2010 1394 2051 vere
1430 1999 1557 2047 sunt
1601 1984 1836 2054 Macarii,

263 2113 365 2167 hoc
388 2116 471 2165 est
497 2104 658 2161 beati.

335 2225 506 2289 Atque
534 2214 735 2285 primus
761 2207 971 2279 quidem
997 2201 1193 2259 Christi
1222 2197 1452 2262 athleta,
1492 2192 1707 2247 nomine
1737 2189 1846 2244 Ma-

266 2312 467 2374 carius,
498 2316 614 2361 erat
639 2314 834 2372 genere
865 2297 1181 2367 Egyptius;
1209 2291 1475 2347 secundus
1501 2297 1681 2343 autem
1711 2296 1844 2340 mta-

268 2410 343 2462 te,
366 2397 458 2451 sed
486 2397 541 2448 in
564 2392 628 2446 iis
649 2403 767 2459 quae
787 2397 908 2441 sunt
934 2381 1314 2439 monachorum
1340 2378 1623 2447 praecipua,
1647 2374 1848 2442 primas

272 2496 447 2558 partes
476 2482 743 2543 obtinens,
773 2476 861 2547 qui
887 2477 1002 2544 ipse
1020 2484 1230 2541 quoque
1255 2467 1544 2522 vocabatur
1563 2463 1845 2530 Macarius,

270 2556 385 2634 erat
411 2570 817 2634 Alexandrinus,
849 2565 939 2636 qui
967 2562 1227 2619 vendebat
1252 2556 1493 2614 bellaria.

345 2706 411 2760 Et
439 2705 664 2774 primum
690 2700 905 2771 quidem
939 2696 1166 2752 narrabo
1194 2694 1419 2749 virtutes
1442 2686 1658 2743 Macarii
1689 2684 1856 2754 IEgy-

276 2800 396 2875 ptii,
422 2797 513 2867 qui
540 2796 673 2850 vixit
714 2792 999 2862 nonaginta
1029 2799 1200 2841 annos
1237 2785 1495 2850 integros.
1547 2778 1627 2832 Ex
1672 2775 1756 2830 his
1805 2777 1857 2829 in

275 2873 565 2945 Solitudine
586 2900 753 2939 annos
780 2881 1079 2948 sexaginta.
1107 2876 1240 2931 Cum
1263 2873 1477 2943 triginta
1503 2884 1674 2924 annos
1700 2878 1859 2922 natus

278 2978 631 3038 ascendisset,
662 2982 908 3039 essetque
955 2977 1111 3023 aetate
1151 2965 1364 3035 junior,
1415 2972 1522 3015 tam
1572 2959 1861 3014 toleranter

281 3070 402 3123 tulit
430 3066 643 3121 labores
670 3057 1072 3117 exercitationis
1096 3064 1261 3109 totum
1289 3051 1631 3115 decennium,
1664 3057 1720 3102 ut
1748 3064 1861 3102 ma-

281 3173 383 3228 gna
414 3157 640 3227 quadam
670 3162 724 3209 et
750 3150 941 3221 insigni
971 3149 1163 3217 dignus
1193 3146 1480 3200 haberetur
1506 3143 1859 3209 discretione,

1984 719 2061 771 Ac
2083 714 2150 768 de
2175 710 2298 767 cibo
2335 704 2548 776 quidem
2579 706 2635 751 et
2659 691 2894 776 potione
2911 681 3365 776 supervacaneum
3400 670 3483 776 es:

1984 749 2061 771 ην
2083 749 2150 768 υν
2175 749 2297 767 νιυν
2376 749 2547 759 ..ι-ν---
2588 749 2602 751 _
2620 749 2630 751 ,
2661 749 2676 764 ι
2988 749 2995 750 7

1914 807 2116 867 dicere,
2146 815 2264 853 cum
2303 749 2401 850 nde
2428 789 2565 855 apud
2596 799 2688 839 eos
2712 775 3047 834 socordiores
3080 759 3367 819 monachos
3393 749 3485 819 qui

2805 864 2817 867 ’
2933 862 2944 867 ·
3025 858 3037 867 ⁸
3119 855 3128 864 ³
3248 856 3329 867 ι--ι
3380 841 3485 867 --ῙΙΑ

1917 841 2116 867 νιν-ην,
2147 841 2264 853 ......
2304 841 2400 850 ..η

1917 901 2044 949 sunt
2146 892 2301 942 extra
2372 870 2605 933 inveniri
2672 864 2847 939 possit
2932 855 3218 929 ingluvies,
3246 856 3337 901 aut
3380 841 3489 939 ulla

1920 929 2044 949 ι-ιιι..
2146 929 2301 942 ω.---
2676 929 2693 939 _

1920 987 1966 1040 ci
1998 1000 2052 1037 ra
2082 982 2344 1037 delectum
2375 982 2429 1026 et
2457 966 2739 1024 discrimen
2771 952 2984 1012 vivendi
3013 945 3148 1003 ratio
3184 940 3283 994 alia
3331 929 3491 988 abiis

1921 1074 2011 1141 qui
2041 1080 2164 1125 sunt
2190 1068 2242 1121 in
2276 1065 2381 1118 illis
2426 1058 2578 1120 locis,
2606 1067 2726 1107 cum
2770 1053 2987 1117 propter
3035 1036 3267 1101 inopiam
3313 1033 3493 1078 rerum

3028 1127 3039 1141 '
3116 1139 3128 1141 κ
3188 1118 3269 1141 λ·ηὲ
3312 1120 3387 1141 ιιι-ι
3439 1108 3492 1141 in

1926 1108 2011 1141 ιμ..
2041 1108 2164 1125 συ...
2277 1108 2381 1118 .,.--
2771 1108 2789 1117 _
2875 1108 2886 1111 _

1926 1161 2372 1222 necessariarum,
2405 1162 2516 1205 tum
2538 1145 2698 1200 etiam
2724 1143 2937 1207 propter
2964 1127 3135 1185 zelum
3184 1118 3271 1189 qui
3312 1120 3393 1167 est
3439 1108 3494 1162 itt

1929 1261 2125 1317 Deum,
2176 1258 2494 1317 unoquoque
2538 1232 2893 1294 contendente
2938 1224 3155 1279 vincere
3199 1210 3497 1283 proximum

1925 1345 2152 1401 diversis
2180 1341 2302 1395 vitae
2331 1331 2604 1390 institutis.

2002 1436 2075 1489 De
2103 1431 2208 1487 alia
2244 1439 2421 1483 autem
2464 1416 2841 1478 exercitatione
2882 1400 3115 1466 caelestis
3162 1394 3324 1465 hujus
3364 1384 3502 1448 viri,

1932 1525 2145 1584 Macarii
2192 1524 2428 1591 inquam,
2461 1512 2733 1570 dicebatur
2763 1507 2849 1559 hic
2875 1506 3094 1556 sanctus
3134 1503 3254 1545 esse
3296 1478 3507 1537 assidue

1936 1620 1984 1674 in
2014 1614 2236 1680 exstasi,
2260 1621 2316 1666 et
2345 1607 2534 1675 majori
2562 1612 2800 1667 tempore
2830 1608 2951 1648 cum
2981 1589 3089 1641 Deo
3114 1576 3507 1680 versari'quatn

1936 1661 2092 1776 hujus
2115 1661 2483 1758 meridie—chus
2510 1661 2757 1759 occupari
2789 1683 2938 1757 (i6);
2958 1677 3109 1747 cujus
3136 1671 3297 1727 etiam
3323 1661 3509 1718 ferun-

1938 1809 2023 1851 tur
2050 1797 2259 1850 diversa
2288 1787 2562 1845 miracula.

1865 1860 1911 1918 Β
1940 1839 2548 1955 W-Eugv‘ptit—tsmquidam
2587 1868 2902 1927 libidinosus
2931 1855 3098 1929 (Ruﬁ.
3146 1852 3183 1907 ι,
3226 1864 3283 1914 ιι,
3315 1861 3364 1899 c.
3392 1839 3509 1944 εξ),

2013 1934 2137 1955 "'"DJ
2155 1934 2179 1953 l'
2194 1934 2223 1937 "
2237 1934 2286 1936 "‘
2350 1934 2366 1949 ι

1941 1990 2127 2050 Captus
2153 1987 2337 2029 amore
2365 1968 2641 2037 cujusdam
2683 1957 2922 2015 mulieris
2948 1954 3214 2021 ingenuae,
3241 1953 3360 2009 quae
3402 1934 3517 1986 viro

1942 2077 2215 2140 nupserat,
2246 2079 2366 2119 cum
2398 2076 2502 2114 non
2540 2063 2721 2126 posset
2750 2064 2869 2105 eam
2900 2046 3142 2100 inescare
3174 2039 3391 2104 propter
3421 2039 3519 2093 pu-

2850 2136 2861 2140 ‘
3080 2130 3093 2140 ⁸
3162 2127 3173 2137 ⁸
3219 2120 3356 2140 ελ-ιε-
3383 2113 3496 2140 ιιηκ

1944 2113 2177 2217 diditiant
2200 2168 2252 2211 et
2276 2154 2576 2210 castitatem
2597 2158 2721 2213 erga
2745 2136 3026 2207 conjugem
3048 2120 3359 2196 virginitatis
3382 2113 3522 2186 (i7),

1946 2249 2198 2308 convenit
2230 2242 2500 2313 improbus
2524 2211 2983 2306 prmsiiglatorem,
3009 2221 3192 2276 dicens
3220 2230 3234 2265 :
3268 2211 3375 2265 Aut
3401 2219 3520 2306 eam

1950 2341 2109 2398 incita
2143 2347 2198 2390 ut
2228 2294 2504 2396 merantet,
2532 2334 2625 2380 aut
2652 2330 2765 2376 arte
2787 2329 2873 2374 tua
2904 2313 3060 2370 effice
3084 2317 3138 2363 ut
3161 2305 3275 2373 ejus
3306 2294 3528 2351 maritus

1951 2448 2071 2491 eam
2093 2430 2346 2485 dimittat.
2373 2394 2505 2478 Cum
2525 2434 2653 2489 ergo
2679 2410 3030 2485 praestigiator
3051 2400 3181 2455 satis
3206 2394 3272 2448 ab
3296 2405 3359 2444 eo
3386 2397 3531 2439 acce-

1956 2525 2141 2595 pisset,
2173 2534 2299 2574 usus
2328 2525 2409 2595 est
2431 2513 2544 2567 suis
2567 2482 2850 2579 praestigiis
2874 2511 2929 2556 et
2973 2482 3450 2579 incantationibus;
3480 2482 3533 2529 et

1957 2567 2141 2595 I’"“"1
2177 2567 2296 2574 —-—~
2335 2567 2405 2571 νη
2571 2567 2585 2579 .
2753 2567 2780 2573 _.

1955 2629 2075 2669 cum
2108 2625 2213 2664 non
2244 2590 2420 2676 posset
2447 2601 2563 2672 ejus
2592 2597 2825 2651 animum
2853 2599 3072 2644 movere
3094 2588 3152 2635 ut
3177 2577 3227 2632 ei
3252 2567 3536 2626 assentire-

1959 2712 2065 2767 tur,
2097 2661 2261 2752 cilicii
2284 2703 2342 2749 ut
2369 2661 2641 2746 videretur
2668 2698 2803 2753 equa
2830 2680 2897 2735 iis
2923 2676 3010 2744 qui
3036 2686 3152 2727 eam
3176 2661 3536 2721 intuebantur.

1960 2791 2091 2848 Cum
2118 2803 2247 2858 ergo
2273 2785 2401 2841 foris
2425 2782 2660 2836 venisset
2681 2777 2797 2844 ejus
2823 2767 3064 2828 maritus,
3091 2755 3294 2827 aspexit
3317 2759 3538 2805 uxorem

1961 2898 2113 2940 suam
2142 2884 2192 2935 in
2221 2880 2388 2933 forma
2418 2887 2600 2942 equae;
2632 2878 2861 2934 cumque
2886 2862 2938 2914 itt
2961 2870 3057 2912 suo
3086 2853 3225 2907 lecto
3253 2841 3539 2900 cubuisset,

1962 2975 2193 3029 alienum
2225 2970 2272 3025 ei
2303 2965 2581 3021 videbatur
2610 2957 2749 3029 quod
2774 2960 2826 3008 in
2855 2964 2953 3006 suo
2978 2944 3138 3001 cubili
3161 2955 3294 3010 equa
3315 2936 3540 3003 jaceret.

1967 3066 2085 3119 Flet
2114 3076 2241 3132 ergo
2270 3058 2389 3126 ejus
2419 3055 2656 3114 maritus,
2689 3058 2744 3102 et
2772 3046 3093 3099 lamentatur
3121 3029 3260 3102 quod
3291 3038 3406 3080 rem
3438 3032 3544 3073 non

1970 3152 2246 3215 inveniat;
2278 3157 2332 3203 et
2355 3144 2494 3216 quod
2536 3140 2848 3196 existimans
2876 3145 2935 3187 se
2962 3123 3154 3193 alloqui
3187 3117 3429 3175 bestiam,
3457 3122 3547 3163 re-

284 3203 383 3228 υ··-
417 3203 640 3227 -ι------
676 3203 722 3209 vv
751 3203 822 3206 -νη
853 3203 882 3221 υ
1029 3203 1056 3217 υ

284 3248 419 3304 adeo
469 3255 525 3302 ut
573 3254 851 3300 vocaretur
906 3238 1329 3314 παιδαριογέρων,
1363 3235 1412 3288 id
1443 3243 1546 3300 est,
1580 3235 1633 3287 in
1675 3203 1864 3301 puerili

1970 3260 2223 3318 sponsum
2270 3256 2374 3295 non
2407 3243 2741 3303 assequatur,
2786 3231 3139 3297 praeterquam
3170 3208 3310 3282 quod
3346 3203 3551 3259 solum-

2837 3315 2876 3318 __
2937 3313 2950 3318 _
3157 3306 3169 3317 ,
3259 3293 3551 3318 “mh.”

286 3349 442 3395 aetate
471 3351 633 3392 senex
653 3376 668 3400 ,
697 3332 946 3403 quoniam
975 3330 1132 3385 citius
1160 3343 1319 3397 quam
1351 3341 1446 3395 pro
1485 3332 1640 3379 (etate
1696 3322 1872 3391 profeo

286 3434 439 3482 cerat
463 3425 762 3480 virtutibus.
805 3423 934 3475 Cum
981 3421 1124 3473 enim
1152 3426 1297 3473 esset
1324 3415 1671 3487 quadraginta
1701 3427 1872 3469 annos

290 3529 463 3583 nctus,
492 3527 546 3572 et
575 3524 889 3585 potestatem
919 3509 1125 3578 accepit
1169 3518 1353 3566 cuntra
1384 3508 1601 3576 Spiritus
1622 3547 1639 3570 ,
1674 3515 1726 3561 et
1752 3521 1875 3575 gra-

292 3612 419 3664 tiam
442 3609 797 3672 curationum,
821 3612 875 3658 et
896 3603 1139 3670 spiritum
1157 3601 1451 3654 futurorum
1476 3596 1872 3667 praedictionis:

294 3702 484 3770 dignus
533 3711 745 3767 quoque
796 3704 879 3748 est
928 3693 1141 3747 habitus
1192 3690 1506 3745 honorando
1551 3686 1873 3743 sacerdotio.

295 3790 427 3843 Cum
458 3803 523 3841 eo
551 3786 854 3840 habitarunt
879 3783 984 3838 duo
1010 3780 1253 3849 discipuli
1284 3782 1335 3834 in
1361 3780 1542 3833 intima
1567 3778 1876 3841 solitudine,

299 3896 415 3949 qua:
446 3888 663 3931 vocatur
688 3877 844 3932 Scete
876 3890 889 3927 :
921 3889 989 3928 ex
1031 3873 1221 3943 quibus
1250 3888 1383 3924 unus
1414 3870 1627 3937 quidem
1676 3877 1791 3922 erat
1829 3869 1877 3923 ei

304 3971 564 4035 minister,
590 3969 675 4037 qui
706 3980 917 4031 semper
946 3979 1111 4034 prope
1141 3964 1312 4031 ipsum
1338 3961 1723 4021 inveniebatur,
1757 3975 1879 4025 pro-

306 4072 423 4129 pter
462 4077 555 4116 eos
597 4061 689 4129 qui
732 4059 1012 4113 veniebant
1042 4065 1100 4109 ut
1136 4063 1481 4117 curarentur;
1523 4052 1656 4106 alter
1704 4063 1881 4107 autem

305 4170 543 4211 seorsum
573 4152 791 4209 sedebat
822 4151 873 4206 in
904 4151 1063 4206 cella.

381 4267 707 4323 Procedente
727 4273 904 4318 autem
929 4271 1190 4330 tempore,
1213 4274 1334 4315 cum
1357 4266 1573 4313 sanctus
1594 4252 1887 4322 perSpicaci

308 4360 463 4411 oculo
488 4356 839 4427 praevidisset,
870 4353 997 4407 dicit
1017 4366 1113 4406 suo
1138 4350 1400 4410 ministro,
1432 4345 1621 4401 Joanni
1646 4343 1888 4407 nomine,

310 4449 398 4517 qui
431 4455 616 4516 postea
649 4444 816 4498 factus
845 4452 928 4496 est
955 4442 1232 4508 presbyter
1257 4438 1309 4491 in
1341 4438 1457 4489 loco
1482 4436 1651 4489 sancti
1674 4430 1892 4487 Macarii

316 4538 705 4607 (presbyteratu
734 4535 873 4588 enim
895 4531 1086 4599 dignus
1108 4529 1277 4583 fuerat
1301 4528 1510 4580 habitus
1537 4538 1759 4593 magnus
1784 4524 1892 4576 Ma-

311 4628 510 4696 carius)
535 4642 550 4682 :
579 4626 712 4680 Audi
743 4639 849 4688 me,
880 4622 1041 4675 frater
1061 4618 1315 4684 Joannes,
1349 4626 1401 4671 et
1433 4617 1510 4670 fer
1533 4629 1684 4684 aequo
1710 4612 1891 4666 animo

317 4732 489 4773 meam
517 4715 957 4777 admonitionem,
1003 4724 1172 4779 eaque
1215 4708 1308 4761 tibi
1350 4705 1606 4775 proderit.
1648 4700 1896 4756 Tentaris

315 4811 482 4877 enim,
512 4807 712 4876 inquit,
743 4815 796 4860 et
827 4814 877 4858 te
909 4812 1076 4857 tentat
1104 4800 1318 4868 spiritus
1347 4796 1603 4851 avaritiae.
1636 4794 1725 4848 Sic
1751 4792 1895 4847 enim

319 4902 425 4956 vidi
451 4919 464 4955 :
490 4912 543 4957 et
568 4898 682 4952 scio
704 4895 842 4962 quod
868 4894 912 4947 si
936 4908 1107 4947 meam
1130 4904 1281 4953 aequo
1302 4890 1478 4941 animo
1499 4885 1683 4940 tuleris
1703 4885 1900 4939 adhor-

325 4991 574 5049 tationem
598 5026 614 5053 ,
645 4987 696 5040 in
729 4984 819 5039 Dei
854 4984 1044 5038 timore
1087 4977 1548 5035 consummaberis
1587 4986 1638 5028 et
1686 4975 1737 5027 in
1784 4973 1903 5043 ejus

325 5096 506 5150 opere,
537 5090 593 5134 et
619 5077 671 5131 itt
699 5081 801 5131 isto
833 5075 969 5137 loco,
998 5080 1052 5127 et
1078 5068 1397 5132 laudaberis,
1429 5077 1483 5122 et
1523 5065 1589 5119 ad
1623 5072 1769 5117 tuum
1815 5073 1894 5115 ta-

328 5170 670 5229 bernaculum
716 5185 820 5222 non
867 5160 1311 5234 apprOpinquabit
1351 5157 1638 5226 flagellum.
1675 5153 1822 5220 Quod
1854 5151 1901 5205 si

328 5279 435 5322 non
476 5260 739 5326 audieris,
776 5262 825 5314 in
871 5269 923 5312 te
953 5257 1129 5310 veniet
1173 5251 1289 5305 finis
1341 5248 1487 5303 Giezi
1531 5245 1634 5316 (IV
1668 5243 1797 5313 lteg.
1826 5239 1899 5309 v),

325 5356 478 5424 cujus
505 5354 634 5408 vitio
664 5354 893 5407 laboras.
926 5349 1159 5417 Contigit
1187 5355 1362 5399 autem
1392 5353 1444 5396 ut
1481 5347 1668 5394 sancto
1690 5335 1904 5407 quidem

330 5461 435 5499 non
464 5443 723 5527 obedierit
748 5452 866 5510 post
892 5442 1008 5510 ejus
1035 5445 1261 5492 mortem
1279 5474 1295 5501 ,
1325 5431 1419 5487 sed
1445 5427 1706 5484 obedierit
1736 5426 1785 5479 ei
1815 5423 1905 5491 qui

330 5524 745 5602 .lndaialligavit
792 5533 1040 5599 laqueum
1072 5536 1289 5598 propter
1331 5521 1626 5576 avaritiam.
1676 5519 1741 5571 Et
1787 5523 1910 5583 post

330 5628 461 5681 alios
488 5625 788 5695 quindecim
831 5631 922 5675 aut
950 5622 1131 5690 viginti
1158 5630 1344 5680 annos,
1376 5627 1497 5667 cum
1530 5614 1665 5665 bona
1714 5619 1913 5677 paupe-

333 5733 451 5773 rum
480 5717 582 5772 sibi
610 5723 939 5781 usurpasset,
969 5714 1041 5767 ita
1070 5710 1327 5767 laboravit
1350 5703 1689 5773 elcphantia,
1721 5708 1778 5753 ut
1804 5711 1908 5751 non

334 5808 664 5875 inveniretur
693 5805 899 5882 integer
919 5801 1068 5858 locus
1096 5801 1147 5856 in
1172 5798 1286 5869 t-jus
1313 5808 1559 5867 corpore,
1588 5792 1642 5846 in
1665 5804 1769 5867 quo
1793 5786 1912 5857 quis

1972 3293 2133 3393 υἷοάο
2349 3293 2567 3383 videbat
2610 3293 2802 3378 irasci:
2836 3313 2987 3371 Unde
3034 3306 3201 3373 magis
3254 3293 3551 3369 augebatur

1971 3430 2173 3491 animo,
2202 3438 2321 3480 cum
2353 3417 2671 3487 intelligeret
2696 3424 2814 3466 eam
2845 3419 2964 3461 esse
2993 3414 3143 3457 suam
3172 3406 3423 3453 uxorem,
3456 3400 3553 3440 cu-

1972 3518 2133 3573 rinsis
2185 3525 2362 3569 autem
2410 3510 2687 3564 hominum
2743 3499 2948 3554 artibus
2998 3506 3120 3548 esse
3182 3494 3438 3541 mutatam
3500 3475 3555 3531 in

1975 3622 2189 3676 equam.
2222 3603 2317 3658 His
2355 3600 2422 3655 de
2452 3595 2629 3651 causis
2675 3588 2902 3646 accersit
2944 3582 3050 3637 vici
3091 3577 3458 3649 presbyteros,
3503 3576 3559 3622 et

1978 3701 2195 3752 domum
2223 3692 2458 3754 adducit,
2492 3695 2546 3742 et
2572 3684 2652 3740 eis
2673 3695 2792 3737 eam
2822 3674 3095 3736 ostendit;
3128 3668 3222 3724 sed
3252 3680 3353 3720 nec
3382 3664 3418 3716 ii
3468 3675 3561 3716 co-

1979 3797 2278 3863 gnoverunt
2298 3784 2652 3841 calamitatem
2680 3789 2800 3846 quae
2826 3773 2876 3829 ei
2902 3770 3185 3826 acciderat.
3214 3762 3405 3817 Tribus
3432 3772 3562 3824 ergo

1982 3862 2174 3939 diebus
2220 3892 2391 3947 neque
2421 3874 2598 3928 fenum
2625 3866 2858 3924 comedit
2886 3872 2940 3916 ut
2980 3874 3138 3928 equa,
3173 3868 3342 3921 neque
3372 3862 3561 3921 panem

1987 3983 2044 4028 ut
2068 3972 2250 4033 homo,
2278 3938 2502 4033 utroque
2532 3960 2787 4013 alimento
2817 3953 3043 4023 privata.
3070 3944 3306 4001 Tandem
3337 3947 3396 3995 ut
3424 3938 3565 3992 Deus

1984 4060 2418 4130 glorificaretur,
2469 4062 2523 4108 et
2576 4047 2848 4103 videretur
2888 4044 3054 4095 virtus
3097 4035 3262 4090 sancti
3310 4027 3567 4091 Macarii,

1988 4150 2229 4205 ascendit
2257 4148 2307 4200 in
2336 4160 2430 4199 cor
2459 4140 2629 4196 mariti
2651 4138 2767 4205 ejus
2788 4135 2981 4188 ducere
3002 4143 3118 4183 eam
3147 4127 3198 4179 in
3222 4120 3564 4177 solitudinem

1991 4241 2057 4295 ad
2091 4247 2333 4294 sanctum
2362 4234 2532 4289 virum
2558 4246 2574 4295 ;
2605 4238 2801 4295 etcum
2833 4237 2949 4277 eam
2978 4220 3209 4286 capistro
3252 4213 3468 4281 ligasset
3514 4216 3571 4262 ut

1992 4346 2205 4403 equam,
2250 4328 2401 4383 duxit
2430 4325 2483 4379 in
2513 4320 2873 4377 solitudinem.
2906 4314 3047 4368 Dum
3080 4317 3254 4363 autem
3283 4302 3571 4373 appropin-

1995 4394 2267 4495 quassent,
2296 4423 2556 4472 steterunt
2582 4412 2771 4466 fratres
2802 4420 2966 4477 prope
2987 4401 3176 4457 cellam
3204 4396 3375 4454 sancti
3399 4394 3573 4448 Maca-

1999 4516 2065 4570 rii
2105 4527 2225 4568 cum
2256 4508 2372 4579 ejus
2401 4508 2592 4561 marito
2618 4498 3021 4560 contendentes,
3052 4500 3103 4546 et
3152 4489 3391 4543 dicentes
3424 4503 3435 4537 :
3466 4484 3575 4538 Cur

1925 4589 1973 4648 ι)
2000 4606 2104 4659 huc
2126 4575 2393 4657 adduxisti
2422 4597 2560 4651 hanc
2588 4589 2814 4663 equam?
2842 4586 2891 4641 Is
2917 4592 3093 4639 autem
3124 4579 3252 4634 dicit
3284 4595 3297 4631 :
3325 4575 3393 4632 Ut
3416 4575 3576 4628 mise-

2001 4691 2283 4750 ricordiam
2312 4694 2667 4756 consequatur
2695 4680 2864 4734 sancti
2907 4675 3168 4733 oratione.
3202 4669 3277 4726 illi
3326 4682 3453 4721 vero
3495 4664 3575 4717 di-

2001 4793 2129 4843 cunt
2152 4783 2216 4839 ad
2246 4796 2369 4837 eum
2403 4796 2417 4833 :
2448 4777 2582 4845 Quid
2607 4776 2729 4829 mali
2764 4770 2963 4827 habet?
2993 4770 3085 4825 Ille
3109 4767 3185 4823 eis
3211 4762 3375 4820 dicit:
3404 4756 3575 4823 Quam

2004 4874 2198 4930 videtis
2226 4886 2438 4942 equam,
2468 4884 2529 4924 ea
2560 4866 2751 4922 misera
2786 4872 2900 4918 erat
2931 4875 3063 4913 uxor
3093 4871 3242 4918 mea;
3273 4863 3443 4920 neque
3468 4845 3579 4901 scio

2007 4961 2449 5034 quemadmodum
2481 4965 2678 5012 mutata
2709 4955 2780 5008 sit
2811 4953 2861 5006 in
2884 4961 3098 5016 equam,
3130 4951 3305 5010 etlam
3329 4945 3450 4990 sunt
3471 4943 3581 4987 tres

2008 5056 2124 5110 dies
2146 5068 2212 5107 ex
2235 5065 2342 5120 quo
2373 5048 2499 5102 nihil
2532 5044 2784 5100 comedit.
2820 5041 2856 5094 lt
2887 5046 3061 5092 autem
3094 5045 3215 5085 cum
3249 5029 3361 5079 lucc
3389 5024 3577 5078 audiis—

2008 5154 2147 5210 sent,
2180 5145 2417 5197 referunt
2438 5140 2503 5192 ad
2529 5149 2740 5191 servum
2774 5130 2867 5185 Dei
2898 5125 3181 5183 Macariunt
3211 5136 3279 5177 eo
3303 5119 3411 5189 jatn
3442 5116 3585 5174 intus

2010 5251 2107 5307 pro
2134 5236 2222 5290 illa
2266 5240 2490 5294 orante;
2525 5228 2574 5281 ei
2604 5225 2744 5279 enim
2778 5222 2916 5276 Deus
2949 5214 3302 5273 revelaverat,
3344 5207 3474 5276 ipsis
3516 5206 3583 5257 ad

2012 5340 2134 5380 eum
2161 5319 2529 5380 venientibus;
2561 5325 2614 5369 et
2644 5313 2762 5367 ideo
2788 5309 2972 5365 orabat
3000 5314 3057 5359 ut
3083 5304 3182 5359 sibi
3223 5301 3587 5357 declararetur

2013 5430 2174 5471 eausa
2216 5420 2433 5481 promer
2462 5421 2620 5476 quam
2648 5403 2750 5457 hoc
2776 5407 3045 5456 evenerat.
3082 5387 3373 5461 Respondit
3409 5394 3584 5442 autem

2012 5514 2226 5560 sanctus
2274 5499 2534 5555 Macarius
2583 5492 2831 5548 fratribus
2892 5488 2980 5558 qui
3035 5486 3083 5540 ei
3144 5476 3588 5537 renuntiaverunt

2014 5594 2298 5668 quemdam
2347 5590 2470 5645 illuc
2498 5602 2692 5657 equum
2723 5583 3027 5645 adduxisse,
3056 5577 3240 5631 dicens
3269 5587 3285 5624 :
3319 5568 3449 5639 Equi
3492 5578 3588 5627 vos

2015 5659 2167 5751 estis,
2195 5684 2282 5756 qui
2313 5681 2519 5737 habetis
2561 5691 2816 5748 equorum
2843 5671 3058 5734 oculos;
3087 5666 3175 5722 illa
3205 5663 3345 5718 enim
3390 5667 3473 5714 est
3511 5659 3591 5710 fe-

2017 5782 2159 5849 mina
2188 5752 2257 5845 ita
2290 5786 2345 5841 ut
2372 5783 2452 5840 est
2478 5781 2679 5844 creata,
2714 5762 2816 5823 nun
2846 5762 3237 5824 transformata,
3272 5753 3366 5814 sed
3395 5752 3471 5805 sic
3500 5761 3592 5808 βυτ
