4020 6452
568 411 707 466 1047

2021 412 2347 472 PALLADll

3712 433 3826 491 i0i8

576 540 686 592 lum
726 552 986 606 apparens
1029 539 1196 593 oculis
1227 554 1411 594 eorum
1450 540 1536 607 qui
1578 547 1703 592 sunt
1748 538 1976 607 decepti.
2024 539 2154 605 Quae
2181 538 2231 597 Α
2328 538 2457 592 Dico
2478 548 2651 592 autem
2681 549 2920 594 sanctum
2952 542 3236 597 Macarium
3258 524 3716 615 Alexandrinum,
3743 551 3816 619 qui

574 645 695 686 cum
717 640 858 684 esset
882 632 1129 698 adducta,
1150 646 1446 700 aquamque
1466 633 1847 696 benedixisset,
1878 642 1931 686 et
1953 633 2003 685 in
2028 632 2144 699 ejus

573 719 730 773 nudas
756 729 912 788 caput
938 721 1233 786 infudisset,
1261 736 1420 788 super
1439 722 1552 789 ejus
1577 731 1731 787 caput
1754 731 1835 777 est
1867 732 2137 789 precatus;

573 813 859 880 statimque
909 811 1083 866 eli'eeit
1130 822 1185 865 ut
1235 814 1479 867 omnibus
1524 814 1824 866 videntibus
1872 814 2141 867 videretur

570 899 787 954 femina.
831 900 963 956 Cum
1002 911 1176 955 autem
1203 902 1446 971 jussisset
1475 905 1520 956 ei
1553 904 1726 956 cibum
1772 903 1969 967 aﬂ'erri,
2016 903 2141 958 fecit

570 998 630 1045 ut
656 991 982 1056 comederet,
1018 1000 1073 1046 et
1096 1006 1211 1045 eam
1258 994 1333 1046 sic
1361 1003 1595 1046 curatam
1638 993 1841 1047 dimisit
1878 1008 1999 1047 cum
2042 1007 2139 1047 suo

567 1086 780 1149 marito,
822 1082 929 1137 Deo
955 1091 1170 1152 agentes
1198 1085 1415 1152 gratias.
1460 1083 1588 1137 Eam
1639 1091 1813 1137 autem
1861 1084 2137 1137 admonuit

567 1174 648 1228 vir
694 1174 809 1240 Dei,
858 1174 935 1228 sic
982 1174 1163 1229 dicens
1195 1191 1208 1227 :
1237 1174 1510 1243 Nunquam
1559 1174 1839 1228 ecclesiam
1888 1175 2133 1239 deseras,

565 1277 831 1330 nunquam
859 1263 1131 1318 abstineas
1158 1280 1186 1317 a
1213 1266 1586 1318 communione
1612 1264 1808 1319 Christi
1830 1280 2135 1321 sacramen-

565 1361 758 1407 torum.
788 1353 911 1409 Haic
938 1355 1079 1408 enim
1112 1356 1204 1408 tibi
1233 1356 1568 1420 acciderunt,
1601 1357 1737 1424 quod
1762 1355 1872 1424 jam
1903 1356 2134 1427 quinque

565 1443 911 1498 hebdomadis
936 1459 1040 1498 non
1065 1446 1336 1499 accessisti
1364 1445 1430 1499 ad
1456 1445 1768 1501 intemerata
1798 1447 1965 1502 nostri
2006 1447 2133 1503 Ser-

563 1538 762 1589 vatoris
784 1546 1139 1591 sacramenta.

628 1628 744 1681 Alia
774 1635 854 1682 est
890 1629 1029 1681 aetio
1074 1642 1278 1695 magna:
1322 1628 1440 1697 ejus
1489 1628 1905 1684 exercitationis.
1938 1629 2130 1702 Magno

558 1717 679 1771 vita:
708 1732 816 1771 sine
845 1730 1081 1787 tempore
1110 1732 1140 1771 a
1165 1718 1297 1772 cella
1327 1732 1419 1771 sua
1449 1716 1503 1772 in
1532 1717 1806 1773 dimidium
1830 1736 1995 1790 usque
2022 1731 2129 1775 sta-

556 1805 701 1859 dium
734 1808 935 1861 fodiens
958 1807 1279 1871 cuniculum,
1304 1820 1564 1860 summam
1588 1808 1759 1862 eli'ecit
1781 1811 2083 1876 speluncam
2109 1830 2122 1877 ;

2249 634 2365 678 erat
2388 627 2664 697 presbyter
2684 643 2865 683 earum
2893 645 3010 699 qute
3041 632 3287 685 dicuntur
3311 632 3615 689 Cellarum.
3642 636 3698 689 In
3721 641 3818 707 qui-

2248 719 2347 769 bus
2373 714 2535 770 Cellis
2562 734 2662 786 ego
2688 734 2878 773 novem
2906 735 3074 774 annos
3104 722 3365 789 habitans,
3397 740 3469 778 ex
3506 724 3702 793 quibus
3726 737 3817 784 tres

2248 818 2417 859 annos
2444 822 2649 860 mecum
2680 810 2809 862 vixit
2846 810 2934 863 ille
2962 809 3255 876 Macarius,
3287 813 3337 866 in
3368 815 3561 882 quiete
3592 816 3809 883 sedens,

2242 896 2356 962 ejus
2395 896 2607 965 quidem
2657 900 2871 967 optimae
2919 900 3128 953 vivendi
3177 904 3398 955 rationis
3442 903 3559 956 alia
3606 906 3805 972 quidem

2238 987 2344 1040 vidi
2374 1002 2531 1055 Opera
2561 999 2615 1043 et
2653 992 2800 1058 signa
2821 1031 2837 1056 ,
2868 992 2969 1046 alia
3001 1009 3128 1048 vero
3154 992 3315 1049 didici
3365 995 3433 1048 ab
3466 995 3540 1049 iis
3569 998 3662 1067 qui
3703 1011 3807 1052 enm

2237 1088 2303 1128 εο
2331 1088 2601 1131 Vixerunt.

2308 1163 2356 1218 ls
2386 1182 2505 1219 cum
2536 1169 2672 1235 apud
2705 1183 2951 1237 magnum
2996 1173 3165 1227 virum
3195 1182 3249 1228 et
3276 1174 3492 1230 Patrem
3526 1176 3804 1232 Antonium

2233 1254 2435 1311 electos
2467 1258 2655 1325 palmae
2677 1275 2853 1315 ramos
2882 1261 3121 1330 vidisset,
3152 1279 3285 1333 quos
3311 1266 3423 1334 ipse
3453 1267 3805 1331 laboraverat,

2234 1348 2383 1414 petiit
2408 1350 2475 1403 ab
2502 1363 2568 1404 eo
2596 1366 2758 1405 unum
2788 1354 3113 1422 manipulum
3135 1369 3404 1410 ramorum
3429 1356 3657 1425 palmae.
3683 1359 3803 1413 Dixit

2230 1446 2405 1491 autem
2430 1441 2477 1493 ei
2509 1441 2807 1496 Antonius:
2838 1444 3102 1511 Scriptum
3149 1453 3232 1499 est
3253 1461 3267 1497 :
3291 1446 3404 1498 Non
3460 1447 3802 1513 concupisces

2230 1544 2317 1584 res
2348 1531 2568 1598 proximi
2604 1535 2675 1587 tui
2708 1534 2883 1605 (Deut.
2915 1536 3030 1605 vti).
3068 1536 3133 1589 Et
3174 1551 3294 1590 cum
3324 1537 3375 1590 id
3404 1539 3593 1592 solum
3643 1538 3795 1591 (rixis-

2227 1631 2308 1674 set
2331 1666 2347 1687 ,
2395 1625 2527 1678 rami
2557 1640 2742 1679 omnes
2770 1631 2949 1681 statim
2979 1638 3223 1696 tanquam
3260 1629 3326 1682 ab
3365 1629 3494 1699 igne
3544 1631 3793 1685 torrefactl

2226 1722 2369 1765 sunt.
2397 1714 2548 1780 Quod
2570 1716 2783 1782 quidem
2816 1732 2935 1771 cum
2966 1719 3183 1773 vidisset
3210 1720 3507 1785 Antonius,
3533 1721 3667 1774 dixit
3692 1721 3789 1774 Ma-

2224 1806 2367 1858 cario
2414 1821 2429 1860 :
2478 1806 2615 1860 Ecce
2676 1809 2908 1874 Spiritus
2956 1820 3170 1865 sanctus
3214 1812 3475 1879 requievit
3524 1828 3688 1881 super
3710 1823 3786 1879 te,

554 1904 607 1949 et
633 1897 675 1949 si
725 1897 935 1963 quando
966 1898 1266 1965 complures
1295 1897 1343 1951 ei
1385 1907 1562 1951 essent
1595 1898 1830 1961 molesti,
1863 1902 2065 1953 occulte
2094 1917 2109 1955 ε

2229 1895 2437 1961 erisque
2489 1897 2618 1950 mihi
2650 1898 2899 1966 deinceps
2930 1902 3099 1955 haeres
3132 1913 3368 1955 mearum
3404 1903 3689 1956 virtutum.

554 2002 649 2041 sua
677 1988 806 2041 cella
841 1987 1120 2056 egrediens
1141 2030 1155 2052 ,
1188 1988 1298 2041 ibat
1342 1988 1395 2040 in
1426 1988 1755 2055 speluncam,
1788 2004 1959 2057 neque
1985 1991 2130 2056 quis-

552 2093 711 2146 quam
744 2093 863 2131 eum
894 2078 1218 2132 inveniebat.
1250 2078 1496 2132 Narravit
1524 2088 1699 2133 autem
1730 2079 1884 2133 nobis
1914 2080 2124 2148 quidam

552 2181 615 2222 ex
648 2168 898 2221 studiosis
928 2168 1042 2236 ejus
1074 2167 1365 2233 discipulis,
1410 2168 1549 2237 quod
1581 2170 1834 2223 recedens
1864 2185 2029 2238 nsque
2058 2172 2123 2225 ad

552 2256 858 2325 speluncam
910 2272 1004 2326 per
1044 2256 1367 2322 cuniculum,
1413 2257 1629 2311 dicebat
1673 2259 1851 2328 viginti
1901 2271 2126 2328 quatuor

550 2350 857 2414 orationes;
887 2359 940 2403 et
971 2350 1202 2417 rediens,
1238 2348 1478 2403 totidem.

621 2440 697 2495 De
723 2456 787 2496 eo
812 2442 937 2496 exiit
976 2442 1135 2506 fama,
1164 2443 1304 2511 quod
1333 2452 1596 2497 mortuum
1624 2445 1897 2500 suscitavit
1923 2446 2118 2515 (Ra/7.,

547 2528 584 2583 Ι.
621 2545 677 2597 Il,
704 2547 749 2585 c.
779 2529 905 2598 28);
939 2540 995 2585 ιιι
1035 2533 1379 2600 persuaderet
1408 2533 1658 2588 h:eretico
1688 2536 1776 2603 qui
1807 2552 1912 2589 non
1952 2540 2120 2592 conﬂ—

547 2621 751 2674 tehatur
780 2637 897 2676 esse
926 2624 1367 2677 resurrectionem
1399 2638 1704 2693 corporum.
1758 2626 1822 2680 Et
1850 2624 1949 2681 fuit
1989 2644 2119 2683 con-

545 2723 694 2767 atans
723 2711 837 2767 haec
867 2713 1001 2767 fama
1033 2716 1083 2767 iu
1106 2715 1411 2769 solitudine.

615 2822 694 2875 Ad
731 2822 873 2877 hunc
898 2835 1136 2878 sanctum
1165 2824 1425 2879 adductus
1471 2837 1549 2880 est
1579 2827 1858 2895 aliquando
1886 2844 1914 2883 a
1945 2838 2113 2887 matre

542 2916 753 2983 propria
788 2917 1108 2971 lamentaute
1136 2920 1448 2973 adolescens
1484 2921 1571 2987 qui
1597 2920 1885 2975 vexabatur
1929 2937 1956 2974 a
2005 2924 2114 2977 das-

543 3020 723 3070 ntone,
772 3022 800 3061 a
845 3007 1049 3061 duobus
1098 3009 1527 3064 adolescentibus
1576 3028 1642 3065 cx
1694 3024 1915 3081 utraque
1963 3022 2113 3083 parte

541 3099 881 3152 constrictus.
916 3098 1066 3153 Hunc
1104 3110 1277 3154 autem
1308 3102 1378 3154 ita
1410 3100 1635 3155 vexabat
1663 3102 1895 3157 daemon.
1928 3104 2108 3159 Trium

540 3188 839 3244 modiorum
867 3202 1027 3257 panes
1060 3202 1336 3258 postquam
1367 3191 1719 3257 comedisset,
1750 3200 1806 3247 et
1835 3193 2105 3261 amphora:

2303 1983 2437 2037 llinc
2466 2000 2647 2040 rursus
2677 2002 2798 2041 eum
2849 1990 3051 2043 invenit
3094 1990 3337 2044 diabolus
3380 1992 3429 2044 in
3462 1993 3779 2059 solitudine,

2230 2087 2451 2139 corpore
2481 2076 2632 2130 valde
2662 2078 2969 2148 defatigato,
2999 2088 3052 2134 et
3079 2081 3207 2134 dicit
3250 2081 3316 2134 ad
3345 2097 3468 2136 eum
3500 2100 3519 2138 :
3545 2083 3682 2137 Ecce
3704 2096 3779 2137 ao-

2228 2164 2407 2231 cepisti
2437 2168 2657 2235 gratiam
2701 2169 2945 2231 Antonii;
2975 2185 3070 2224 cur
3114 2186 3217 2224 non
3250 2171 3410 2225 uteris
3434 2173 3771 2236 auctoritate,

2224 2261 2277 2306 et
2304 2270 2330 2305 ει
2363 2255 2469 2309 Deo
2497 2259 2632 2325 petis
2654 2258 2826 2311 cibum
2858 2267 2915 2312 et
2941 2262 3080 2314 vires
3107 2261 3171 2313 ad
3203 2262 3307 2315 iter
3337 2260 3772 2330 ingrediendum?

2224 2341 2275 2397 ls
2304 2356 2480 2399 autem
2513 2349 2640 2401 dicit
2666 2351 2730 2403 ad
2764 2366 2886 2405 cum
2910 2371 2922 2405 :
2956 2354 3132 2407 Virtus
3160 2368 3277 2408 mea
3306 2364 3361 2408 et
3384 2354 3506 2409 laus
3535 2371 3649 2410 mea
3679 2356 3767 2408 Do-

2222 2434 2417 2501 minus,
2452 2447 2506 2490 tu
2552 2448 2729 2494 autem
2776 2456 2843 2496 ne
2879 2446 3169 2499 tentaveris
3215 2459 3426 2499 servum
3480 2446 3595 2500 Dei.
3641 2445 3767 2499 Facit

2220 2535 2349 2589 ergo
2398 2523 2637 2581 diabolus
2683 2538 2737 2581 ut
2786 2532 2833 2584 ei
2866 2533 3174 2600 phantasma
3202 2543 3502 2601 appareat,
3551 2536 3759 2589 camelos

2219 2625 2379 2665 onera
2422 2615 2663 2681 bajulans
2710 2628 2763 2673 et
2804 2635 2989 2674 errans
3034 2636 3128 2691 per
3169 2624 3535 2690 solitudinem,
3588 2624 3760 2676 habens

2218 2704 2395 2756 omnia
2425 2704 2490 2757 ad
2522 2722 2672 2760 usum
2700 2711 3022 2766 necessaria.
3056 2711 3155 2778 Qui
3198 2726 3318 2768 cum
3360 2713 3581 2768 vidisset
3608 2714 3754 2766 Maca—

2217 2791 2374 2857 rium,
2410 2809 2572 2862 prope
2601 2812 2723 2851 eum
2754 2800 2971 2854 assedit.
3007 2802 3053 2855 ls
3099 2814 3272 2856 autem
3320 2803 3616 2872 suspicatus
3656 2815 3754 2856 esse

2216 2882 2548 2949 phantasma,
2581 2889 2717 2941 sicut
2754 2900 2890 2956 erat,
2912 2893 3146 2946 constitit
3170 2892 3238 2947 ad
3262 2894 3558 2960 orandum;
3586 2894 3626 2948 is
3648 2906 3750 2947 vero

2214 2976 2455 3042 protinus
2480 2991 2509 3031 a
2542 2988 2681 3033 terra
2724 2979 2821 3034 fuit
2845 2981 3144 3050 absorptus.

2280 3086 2579 3157 Aliquando
2608 3106 2790 3147 rursus
2820 3095 2961 3147 venit
2999 3095 3084 3149 hic
3106 3097 3361 3153 Macarius
3391 3098 3743 3153 Alexandrinus

2212 3176 2278 3230 ad
2304 3192 2550 3247 magnum
2576 3181 2861 3238 Macarium
2884 3185 3110 3254 quierat
3132 3189 3182 3242 in
3205 3188 3377 3244 Scete.
3402 3188 3467 3244 Et
3486 3204 3596 3244 cum
3611 3187 3737 3241 ambo

539 3281 698 3334 unius
727 3278 1003 3334 οειίοθηείε
1051 3279 1168 3349 με)
1196 3296 1383 3349 aquam
1430 3281 1646 3337 bibisse,
1667 3324 1682 3346 ,
1726 3286 2111 3350 umque/em-
2136 3267 2181 3328 C
2214 3278 2395 3322 essent
2424 3269 2597 3324 Nilum
2630 3274 3031 3339 transmissuri,
3066 3276 3260 3331 accidit
3284 3286 3341 3330 ut
3367 3278 3464 3346 ipsi
3493 3278 3728 3332 maximum

537 3376 709 3434 etans,
740 3370 890 3426 cibos
920 3370 1217 3425 resolvebat
1243 3371 1295 3426 in
1320 3386 1588 3440 vaporem.
1615 3374 1694 3427 Ab
1721 3389 1785 3428 eo
1806 3375 1971 3441 enim,
1999 3391 2105 3431 non

535 3472 689 3513 secus
715 3474 779 3513 ac
807 3460 928 3529 igne
956 3462 1405 3516 consumebantur
1432 3478 1551 3530 quae
1588 3465 1893 3519 comederat
1918 3473 1972 3520 et
2021 3468 2104 3521 bi-

536 3550 705 3604 berat.
751 3550 845 3606 Est
876 3551 1016 3606 enim
1048 3551 1179 3605 ordo
1207 3568 1414 3622 quoque
1442 3552 1739 3609 daemonum
1778 3557 1866 3625 qui
1915 3558 2107 3613 dicitur

534 3641 736 3708 igneus.
768 3640 903 3695 Sunt
929 3641 1069 3695 enim
1099 3642 1399 3697 dunouum
1431 3659 1640 3714 quoque
1665 3645 1801 3700 sient
1831 3646 2104 3703 hominum

533 3730 882 3797 differentias,
914 3748 1017 3786 non
1062 3743 1257 3787 mutata
1303 3737 1554 3804 essentia,
1608 3752 1790 3791 verum
1833 3739 2105 3795 voluntate

532 3823 802 3877 distincta.
837 3825 929 3878 llic
950 3840 1077 3893 ergo
1100 3826 1411 3882 adolescens
1431 3843 1549 3883 cum
1579 3829 1627 3883 ei
1659 3838 1829 3885 mater
1851 3846 1955 3885 non
1979 3847 2106 3900 sup-

532 3915 811 3980 peditaret,
841 3928 982 3983 saepe
1004 3929 1097 3969 sua
1122 3917 1427 3972 comedebat
1453 3933 1812 3990 excrementa,
1840 3933 1894 3977 et
1917 3923 2101 3977 lotium

528 4002 757 4059 bibebat.
795 4003 981 4059 Flente
1010 4021 1138 4075 ergo
1184 4007 1301 4075 ejus
1331 4017 1517 4074 matre,
1549 4018 1603 4065 et
1629 4010 1854 4066 alienam
1895 4016 1976 4068 sui
2008 4014 2101 4069 filii

529 4104 791 4149 intercute
834 4096 1210 4161 calamitatem,
1241 4107 1293 4151 et
1321 4109 1561 4154 sanctum
1606 4102 1759 4157 valde
1804 4104 2101 4162 obtestante

523 4195 579 4239 et
606 4197 844 4255 rogante,
876 4188 1027 4243 illum
1073 4190 1337 4258 accipiens
1384 4192 1615 4246 invictus
1659 4193 1856 4250 Christi
1902 4198 2097 4253 athleta

526 4274 802 4341 Macarius,
831 4278 1053 4345 supplex
1093 4293 1187 4347 pro
1217 4293 1283 4332 eo
1329 4278 1495 4333 Deum
1526 4284 1711 4337 oravit.
1760 4286 1886 4341 Post
1934 4305 2097 4342 unum

524 4378 703 4422 autem
734 4378 825 4429 aut
845 4369 1070 4424 alterum
1093 4372 1255 4437 diem,
1276 4372 1482 4428 remisit
1503 4374 1710 4430 daemon
1737 4379 2094 4437 vexationem.

523 4454 671 4511 Tunc
696 4471 825 4525 ergo
857 4457 1155 4514 dicitmatri
1187 4460 1540 4517 adolescentis
1621 4474 1845 4523 sanctus
1914 4468 2091 4527 Maca-

523 4547 678 4603 rius:
707 4544 974 4613 Quantum
998 4549 1075 4602 vis
1098 4560 1154 4603 ut
1182 4550 1320 4607 filius
1351 4560 1469 4607 tuus
1495 4555 1774 4608 comedat?
1805 4556 1894 4610 llla
1916 4565 2094 4612 autem

2216 3366 2509 3424 pontonem
2545 3361 2979 3430 ingrederentur;
3012 3365 3062 3419 in
3089 3381 3244 3435 quem
3278 3368 3494 3436 ingressi
3520 3374 3619 3421 sunt
3640 3363 3725 3417 duo

2213 3449 2408 3504 tribuni
2458 3465 2580 3506 cum
2624 3469 2814 3522 magno
2859 3455 2996 3510 fastu
3026 3466 3081 3512 et
3106 3468 3362 3527 apparatu
3385 3500 3400 3523 ,
3431 3457 3577 3525 utqui
3599 3455 3714 3506 intus

2211 3539 2471 3596 haberent
2496 3543 2717 3598 rhedam
2762 3556 2927 3600 totam
2959 3562 3187 3618 teneam,
3216 3560 3269 3603 et
3299 3564 3446 3619 equos
3478 3546 3609 3599 frenis
3628 3556 3703 3594 au-

2208 3630 2333 3692 reis,
2365 3640 2421 3686 et
2448 3634 2706 3702 quosdam
2734 3651 2826 3691 eos
2855 3639 3115 3707 stipantes
3147 3641 3374 3705 milites,
3405 3638 3633 3697 satellites,
3654 3640 3697 3687 et

2210 3734 2403 3783 pueros
2435 3724 2711 3792 torquibus
2740 3734 2794 3781 et
2824 3729 3001 3782 aureis
3044 3732 3190 3784 zonis
3221 3740 3453 3785 ornatos.
3484 3730 3712 3795 Postquam

2206 3824 2334 3880 ergo
2356 3812 2550 3867 tribuni
2581 3817 2825 3871 viderunt
2851 3820 2995 3888 ipsos
3019 3822 3287 3876 veteribus
3314 3823 3499 3892 pannis
3531 3821 3724 3880 indutos.

2205 3912 2259 3955 et
2290 3904 2535 3959 sedentes
2565 3905 2616 3960 in
2646 3911 2839 3977 angulo
2867 3954 2881 3977 ,
2915 3913 3165 3967 humilem
3196 3914 3335 3969 illam
3365 3924 3419 3970 et
3448 3924 3637 3969 tenuem
3662 3910 3726 3962 vi-

2213 3993 2369 4047 vendi
2399 3997 2658 4052 rationem
2699 3999 2904 4055 beatam
2946 4002 3284 4072 judicabant;
3316 4020 3453 4060 unus
3494 4013 3649 4059 autem
3679 4014 3731 4054 ex

2204 4081 2336 4147 ipsis
2367 4085 2593 4140 tribunis
2616 4088 2747 4143 dixit
2773 4091 2837 4144 ad
2870 4093 3011 4159 ipsos
3039 4110 3053 4144 :
3081 4094 3226 4149 Beati
3249 4095 3375 4150 estis
3397 4112 3490 4151 vos
3508 4097 3591 4165 qui
3612 4105 3733 4146 mun-

2208 4171 2334 4225 dum
2368 4174 2611 4230 illuditis.
2644 4179 2991 4249 Respondens
3018 4196 3191 4240 autem
3223 4187 3500 4257 Macarius,
3533 4187 3615 4257 qui
3641 4190 3735 4238 erat

2202 4262 2456 4330 urbanus,
2485 4266 2621 4322 dixit
2663 4270 2742 4324 eis
2767 4289 2778 4322 :
2807 4272 2912 4327 Nos
2940 4274 3152 4341 quidem
3184 4277 3435 4330 mundum
3464 4277 3735 4336 illusimus,

2200 4371 2297 4412 vos
2324 4369 2502 4414 autem
2550 4362 2714 4417 illusit
2757 4367 3004 4422 mundus.
3037 4368 3184 4424 Scias
3227 4380 3402 4424 autem
3453 4379 3503 4424 te
3542 4384 3640 4425 non
3666 4377 3739 4419 tua

2199 4459 2389 4515 sponte
2416 4451 2518 4507 hoc
2541 4454 2760 4522 dixisse,
2784 4459 2877 4513 sed
2908 4459 3214 4527 prophetice
3235 4477 3250 4517 :
3274 4462 3431 4517 ambo
3450 4462 3589 4516 enim
3609 4471 3741 4513 voca-

2200 4554 2319 4593 mur
2352 4543 2591 4612 Macarii,
2626 4546 2726 4603 hoc
2753 4561 2854 4617 est,
2889 4552 3049 4606 beati.
3082 4554 3128 4607 Is
3167 4563 3341 4610 autem
3373 4553 3488 4623 ejus
3512 4562 3742 4609 ser-mone

520 4636 818 4702 respondit,
848 4638 1032 4693 dicens
1065 4656 1079 4693 :
1113 4639 1262 4709 Rogo
1294 4651 1373 4710 te,
1401 4642 1530 4710 jube
1558 4658 1678 4698 eum
1705 4645 1878 4700 solum
1917 4661 2096 4702 come-

2214 4643 2573 4704 :ompunctus,
2606 4652 2728 4693 cum
2756 4642 2972 4697 domum
3000 4645 3266 4713 venisset,
3299 4655 3478 4700 vestes
3521 4655 3741 4702 exuens,

519 4724 644 4781 dere
672 4725 856 4781 decem
888 4726 1051 4783 libras
1080 4732 1250 4799 panis.
1285 4733 1414 4797 Eam
1462 4744 1637 4789 autem
1683 4734 1991 4805 increpans,
2037 4746 2097 4792 ut

518 4832 633 4885 quae
672 4818 891 4873 nimium
922 4820 1153 4886 dixerat,
1200 4822 1333 4877 dixit
1365 4840 1378 4876 :
1412 4824 1456 4878 Ο
1485 4825 1702 4890 mulier,
1734 4841 1830 4880 cur
1862 4827 1963 4882 hoc
2008 4827 2093 4881 di-

516 4910 677 4964 xisti?
703 4908 942 4983 Cumque
969 4924 1171 4983 septem
1200 4915 1316 4970 dies
1346 4925 1555 4971 orasset
1582 4932 1703 4971 cum
1723 4916 1952 4986 jejunio,
1994 4933 2093 4973 ex-

516 4999 669 5067 pulso
711 5002 779 5056 ab
805 5018 871 5059 eo
912 5004 1214 5072 pernicioso
1243 5006 1487 5060 daemone
1514 5006 1788 5074 ingluviei,
1820 5008 2093 5063 constituit

514 5092 561 5146 ei
597 5094 848 5148 vescendi
879 5096 1136 5151 rationem
1159 5096 1225 5149 ad
1251 5106 1360 5151 tres
1383 5112 1549 5165 usque
1575 5098 1734 5151 libras
1762 5100 1931 5166 panis,
1956 5114 2087 5169 quas

512 5184 733 5238 deberet
756 5186 867 5253 ipse
896 5187 1178 5242 comedere
1207 5188 1250 5241 si
1277 5199 1607 5256 operaretur.
1635 5190 1766 5244 Cum
1798 5191 1899 5247 hoc
1929 5194 2088 5250 modo

513 5272 604 5327 Dei
635 5275 802 5342 gratia
835 5290 1054 5342 puerum
1087 5277 1445 5345 emundasset,
1478 5294 1601 5333 eum
1648 5282 1803 5335 matri
1832 5282 2082 5339 reddidit.

579 5361 684 5415 llas
734 5377 820 5418 res
868 5363 1205 5419 admirabiles
1251 5376 1304 5421 et
1350 5379 1543 5435 praeter
1587 5371 1893 5437 opinionem
1950 5374 2083 5429 fecit

509 5451 650 5508 Deus
681 5470 776 5524 per
796 5464 1038 5511 sanctum
1069 5456 1377 5523 Macarium,
1399 5461 1548 5528 cujus
1570 5462 1886 5519 immortalis
1908 5466 2083 5523 anima

506 5550 646 5598 nunc
673 5552 755 5599 est
782 5560 903 5599 cum
934 5548 1155 5617 angelis.
1182 5547 1313 5602 Eum
1338 5564 1437 5619 ego
1466 5567 1568 5606 non
1591 5555 1844 5621 conveni,
1878 5556 2083 5612 obierat

506 5635 644 5687 enim
676 5650 815 5689 anno
843 5649 1123 5707 antequam
1154 5654 1253 5709 ego
1284 5641 1594 5710 ingrederer
1625 5645 1676 5699 in
1708 5649 2078 5705 solitudinem.

506 5722 744 5778 Conveni
770 5738 943 5781 autem
974 5745 1095 5783 eum
1124 5731 1213 5799 qui
1244 5741 1357 5787 erat
1384 5735 1497 5801 ejus
1518 5736 1692 5791 socius
1715 5738 1769 5791 in
1802 5739 1923 5793 iidei
1955 5755 2083 5808 ope-

509 5811 672 5875 ribus.
704 5822 759 5868 et
787 5814 928 5872 idem
959 5821 1258 5875 venerabile
1288 5837 1478 5879 nomen
1512 5826 1651 5890 quod
1686 5829 1797 5892 ipse
1828 5828 2075 5885 habebat.

2199 4721 2395 4792 delegit
2422 4726 2581 4781 vitam
2630 4743 2787 4799 agere
2813 4732 3106 4788 solitariam
3128 4775 3143 4803 ,
3172 4734 3363 4790 multas
3395 4735 3591 4789 faciens
3616 4731 3738 4788 eice

2199 4830 2471 4887 mosynas.

2271 4908 2475 4964 Rursus
2511 4924 2629 4965 cum
2658 4914 2944 4983 aliquando
2970 4920 3223 4988 cupiisset
3249 4920 3392 4975 vesci
3418 4920 3534 4976 uvis
3566 4932 3741 4976 recen-

2196 4994 2336 5052 tibus
2366 5000 2718 5073 perbellisque
2747 5005 2811 5059 ad
2848 5022 2906 5061 se
2935 5010 3136 5075 missis,
3169 5012 3454 5066 ostendens
3481 5012 3739 5067 continen-

2197 5085 2344 5153 tiam,
2387 5105 2478 5144 eas
2523 5093 2667 5148 misit
2710 5096 2775 5150 ad
2826 5098 2984 5152 alium
3029 5099 3243 5155 fratrem
3274 5101 3635 5165 laborantem,
3662 5094 3737 5166 qui

2196 5177 2311 5247 ipse
2339 5196 2547 5253 quoque
2573 5201 2701 5240 uvas
2732 5187 3087 5245 desiderabat.
3120 5191 3217 5257 Qui
3248 5206 3366 5247 cum
3396 5204 3492 5246 eas
3519 5188 3737 5255 accepis-

2192 5278 2294 5335 set,
2324 5282 2376 5326 et
2403 5289 2590 5343 magna
2621 5277 2842 5331 affectus
2872 5289 3010 5334 esset
3039 5281 3242 5345 iretitia,
3272 5296 3421 5336 suam
3462 5282 3635 5335 celare
3660 5290 3735 5330 vo-

2192 5359 2306 5416 lens
2337 5364 2732 5432 eontinentiam,
2766 5379 2856 5422 eas
2895 5369 3040 5425 misit
3067 5372 3132 5425 ad
3176 5372 3336 5425 alium
3368 5372 3581 5426 fratrem
3611 5367 3737 5422 laba.

2191 5461 2420 5516 rantem,
2451 5453 2541 5523 qui
2572 5457 2684 5522 ipse
2711 5473 2920 5529 quoque
2942 5476 3062 5516 eum
3087 5461 3262 5516 cibum
3292 5468 3593 5530 appeteret.
3615 5459 3733 5513 Cum

2191 5542 2282 5597 ille
2306 5558 2519 5614 quoque
2562 5551 2851 5617 accepisset
2878 5593 2893 5617 ,
2927 5566 3113 5607 rursus
3142 5552 3244 5607 hoc
3272 5553 3443 5620 ipsum
3474 5551 3623 5613 fecit,
3650 5542 3737 5600 etsi

2188 5636 2303 5702 ipse
2333 5640 2483 5693 valde
2508 5643 2653 5724 vesci
2683 5652 2920 5710 cuperet.
2950 5644 3236 5714 Postquam
3267 5654 3441 5698 autem
3465 5643 3528 5696 ad
3561 5639 3737 5694 multos

2188 5728 2379 5787 fratres
2408 5733 2599 5788 deinde
2627 5744 2886 5789 venerunt
2926 5751 3045 5790 uvas
3070 5777 3084 5802 ,
3116 5751 3234 5791 eum
3281 5735 3457 5790 nullus
3487 5734 3565 5789 eis
3608 5725 3735 5785 vesci

2189 5822 2467 5891 voluisset,
2501 5836 2801 5894 postremus
2830 5829 2917 5897 qui
2951 5842 3038 5883 eas
3091 5837 3409 5897 acceperat,
3436 5840 3525 5882 eas
3568 5830 3732 5881 rursus
